4102 6550
1608 408 2025 472 ςίΕσυιυΜ
2075 408 2146 483 ν,
2184 405 2460 470 ANNUS
2498 404 2789 469 458-500.

1795 677 2619 807 ELENCHUS

696 998 1199 1064 AUG'I'ORUM
1234 997 1354 1058 ET
1395 994 1784 1057 OPEBUM
1817 993 1975 1071 QUI
2019 992 2121 1054 IN
2159 992 2344 1055 HOC
2378 990 2636 1054 ’1⁸0Μο
2668 989 2987 1053 LXXXV
3026 989 3701 1052 CONTINBNTUB.

1968 1259 2179 1283 —-—.

2184 1257 2457 1284 ο...-

665 1500 952 1558 BASILIUS
988 1496 1431 1555 SELEUCIENSIS
1465 1504 1900 1550 EPISCOPUS.-—
1922 1485 2247 1548 Orationes
2279 1486 2403 1557 XL,
2438 1501 2516 1547 ex
2546 1484 2822 1550 editione
2851 1486 3091 1549 Cla-udii
3128 1485 3478 1566 Dausqueii,
3509 1485 3625 1547 col.
3655 1485 3847 1546 27.—

579 1600 871 1679 Ejusdem
910 1597 1109 1659 oratio
1140 1597 1205 1657 in
1244 1594 1493 1656 laudem
1520 1594 1581 1653 S.
1612 1589 1915 1671 Stephani
1944 1588 2424 1669 protomartyris
2457 1605 2535 1651 ex
2563 1589 2841 1651 editione
2868 1589 3176 1651 Francisci
3213 1590 3586 1659 Combeﬁsii,
3620 1588 3847 1649 462.—

580 1703 665 1763 De
697 1700 815 1761 vita
846 1705 906 1759 et
940 1694 1261 1759 miraculis
1290 1694 1490 1756 beatae
1518 1689 1769 1753 Theclae
1806 1687 2063 1768 virginis
2094 1687 2235 1751 libri
2268 1687 2420 1763 duo,
2452 1686 2590 1750 474.
2624 1682 2690 1733 ὲ-
2713 1685 2961 1751 Schotia
2988 1687 3054 1749 in
3083 1689 3144 1749 S.
3178 1689 3547 1768 Gregorium
3578 1690 3847 1751 Nazian-

581 1818 807 1863 zenum
846 1799 1040 1881 (edita
1069 1799 1235 1859 inter
1275 1814 1464 1875 opera
1500 1795 1569 1857 S.
1607 1791 1951 1872 Gregorii.)

660 1902 1023 1963 EUTIIALIUS
1055 1914 1390 1959 nuconus.
1426 1932 1500 1940 —-
1530 1893 1848 1957 Elenchus
1888 1897 2154 1956 Actuum
2185 1888 2641 1971 apostolorum,
2672 1886 2819 1955 .627.
2854 1924 2926 1932 —
2962 1888 3279 1952 Elenchus
3312 1895 3553 1971 septem
3593 1892 3847 1971 Episto-

582 2002 784 2067 larum
817 2000 1293 2067 catholicarum.
1326 1996 1463 2058 666.
1497 2033 1571 2041 —
1600 1994 1917 2057 Elenchus
1943 1991 2369 2073 Epistolarum
2397 1992 2459 2052 S.
2493 1990 2692 2062 Pauli,
2725 1989 2862 2051 694.

664 2106 950 2167 JOANNES
989 2102 1407 2162 CARPATHIUS.
1444 2135 1517 2143 ——
1551 2096 1831 2177 Capitula
1860 2093 2283 2158 adhortatoria
2315 2094 2395 2155 ad
2424 2092 2773 2156 monachos
2800 2093 2867 2154 in
2900 2094 3075 2157 India
3103 2097 3494 2172 constitutos,
3527 2098 3659 2159 791.

662 2210 947 2269 Eunocu
979 2221 1367 2266 IMPERATRIX
1401 2209 1720 2263 Aunus“.
1754 2233 1829 2242 —
1859 2200 2120 2259 Carmen
2153 2194 2230 2259 de
2261 2196 2322 2256 S.
2365 2195 2701 2274 Cypriano,
2744 2192 2880 2255 831.

666 2314 893 2374 IENEAs
929 2313 1229 2383 Gazaaus,
1271 2304 1695 2387 phllUSOphUS
1724 2301 2130 2364 Christianus.
2170 2338 2242 2348 —
2270 2298 2771 2380 TheOphrastus,
2831 2299 2961 2361 sive
3017 2299 3309 2379 Dialogus
3370 2302 3446 2364 de
3503 2305 3851 2370 animarum

585 2416 1051 2481 immortalitate
1087 2422 1147 2477 et
1181 2428 1522 2492 corporum
1553 2407 2035 2480 resurrectione,
2074 2406 2210 2470 872.
3614 2478 3619 2483 _

666 2526 1018 2584 Zaannms
1073 2522 1439 2580 MITYLENES
1486 2531 1944 2577 EPISCOPUS.—
1980 2512 2329 2593 Disputatio
2378 2511 2456 2575 de
2502 2509 2719 2573 mundi
2752 2510 3031 2591 opiﬁcio,
3078 2510 3247 2574 1011.
3295 2549 3367 2558 -
3397 2517 3619 2578 Contra
3649 2520 3852 2579 Mani-

586 2626 818 2689 chaeos.
866 2622 1039 2684 1143.
1074 2656 1146 2665 —
1181 2622 1550 2696 Fragmenta
1586 2615 1906 2689 historica,
1951 2612 2100 2675 1146

663 2727 971 2787 GELASIUS
1001 2723 1373 2782 CYZICENUS.
1409 2753 1482 2762 ——
1509 2716 1783 2779 Historia
1814 2715 2068 2778 concilii
2097 2715 2355 2785 Nicaani,
2392 2714 2559 2777 1186.

663 2829 1034 2887 Tnaormus
1064 2840 1295 2883 JUNIOR
1321 2824 1693 2882 Tomrmus
1724 2837 2083 2881 Episcopus.
2120 2853 2193 2862 —
2221 2818 2499 2898 Epistola
2527 2819 2605 2881 ad
2642 2822 2918 2882 Leonem
2948 2822 3124 2903 imp.,
3164 2824 3329 2886 1359.

669 2931 1000 2987 Ammomcs
1038 2940 1404 2985 PRESBYTER
1441 2926 1961 2983 ALEXANDRINUS.
1994 2955 2069 2964 ——
2100 2919 2703 2981 Commentariorum
2745 2919 2811 2981 in
2855 2921 3046 2985 Vetus
3093 2930 3154 2986 et
3204 2926 3443 2986 Novum
3486 2927 3839 2987 Testamen-

588 3036 719 3091 tum
759 3027 1133 3105 fragmenta,
1173 3023 1322 3086 1362
1363 3031 1424 3086 et
1460 3022 1635 3087 1814.
3648 3024 3651 3027 '

671 3136 969 3191 Asnaus
999 3130 1492 3189 Sanosnmsrs.
1526 3161 1601 3170 —
1632 3125 1926 3206 Epistolae
1953 3124 2031 3187 ad
2060 3125 2376 3205 synodum
2406 3126 2789 3208 Ephesinam
2820 3134 3192 3207 spectantes,
3231 3128 3399 3190 1611.

668 3234 1039 3292 GENNADIUS
1066 3246 1455 3289 PATRIARCHA
1495 3228 1608 3289 CP.
1641 3263 1714 3272 ——
1746 3228 2024 3309 Epistola
2076 3228 2403 3308 encyclica
2448 3230 2524 3291 ad
2565 3230 2925 3309 pontiﬁcem
2978 3233 3329 3292 Romanum
3371 3238 3431 3293 et
3466 3249 3684 3293 omnes
3714 3251 3848 3293 me-

589 3330 1035 3415 trOpolitanos,
1072 3328 1246 3390 1614.
1282 3364 1355 3373 —
1383 3330 1753 3409 Fragmenta
1794 3330 2171 3409 dogmatica,
2212 3328 2384 3393 1622.
2419 3365 2483 3376 —-
2538 3333 2907 3411 Fragmenta
2945 3334 3539 3397 commentariorum
3570 3336 3632 3396 in
3664 3337 3859 3397 Vetus

592 3443 656 3498 et
689 3437 930 3497 Novum
963 3435 1464 3507 Testamentum,
1500 3451 1577 3496 ex
1606 3434 1874 3508 Catenis,
1912 3432 2083 3497 1731.

674 3545 733 3603 S.
775 3543 1167 3614 QUIN'erus
1214 3558 1547 3603 arxscorus
1598 3543 1991 3603 ASCULANUS.
2022 3575 2094 3585 —
2125 3540 2405 3621 Epistola
2444 3541 2522 3605 ad
2568 3542 2819 3605 Petrum
2860 3541 3186 3605 Fullonem
3226 3542 3569 3604 Antiochiae
3602 3542 3854 3622 episco-

593 3663 768 3723 pum,
805 3643 979 3706 1734.
1017 3679 1092 3690 —
1119 3644 1636 3707 Anathematismi
1678 3644 2040 3721 duodecim,
2086 3646 2259 3709 1738.

670 3751 994 3810 CANDIDUS
1024 3749 1320 3820 Iswnus,
1354 3746 1903 3827 historiographus
1930 3746 2337 3810 Christianus.
2368 3786 2443 3793 —
2476 3752 2841 3825 Fragmenta
2871 3746 3191 3815 historica,
3228 3744 3397 3805 1742.

674 3857 1031 3910 ANTIPATER
1057 3848 1444 3909 BOSTRENSIS
1485 3865 1843 3910 EPISCOPUS.
1875 3885 1949 3893 -—
1980 3848 2292 3920 Homiliaa,
2328 3848 2503 3910 1763.
2537 3884 2610 3893 —-
2645 3851 3033 3927 Fragmenta,
3066 3847 3236 3910 1791.

672 3953 1032 4013 DALMATIUS
1060 3968 1421 4013 monacnus.
1453 3987 1527 3996 —
1557 3953 1876 4033 Epistolae,
1916 3953 2086 4016 1799.
2119 3990 2194 3999 —
2226 3953 2553 4034 Apologia,
2592 3952 2761 4017 1801.

671 4054 1038 4113 Tmomnus
1079 4053 1465 4115 BERYTENSIS
1494 4072 1844 4119 EPISCOPUS.
1876 4094 1950 4101 ——
1982 4061 2370 4137 Fragmenta,
2411 4056 2582 4118 1803.

671 4154 1066 4214 Ensm'rmus
1108 4154 1501 4217 BERYTENSIS
1542 4174 1893 4221 EPISCOPUS.
1924 4194 1999 4204 -α
2028 4160 2321 4222 Defensio
2374 4158 2656 4239 epistolae
2700 4157 2926 4220 Leonis
2966 4176 3146 4240 papa:
3199 4166 3415 4223 contra
3455 4161 3848 4223 Timotheum

592 4253 894 4329 Murum,
931 4252 1103 4318 1803.

672 4358 999 4422 APPENDIX
1026 4374 1108 4422 an
1138 4374 1435 4423 saacuwm
1464 4360 1939 4441 V.—Anonymi
1965 4360 2312 4438 fragmenta
2344 4353 2659 4436 historica,
2691 4376 2768 4423 ex
2791 4360 3065 4424 editione
3095 4360 3264 4425 card.
3296 4365 3452 4441 Aug.
3484 4364 3644 4435 Maii,
3679 4362 3849 4428 1807.

2579 5857 2822 5915 Parisiis.
2856 5888 2923 5899 -—-
2955 5858 3032 5913 Ει
3070 5856 3209 5927 typis
3242 5854 3304 5910 L.
3336 5852 3570 5910 MIGNE.
