4102 6594
261 369 344 435 13
850 422 857 427 .
1744 379 2071 442 NOTITIA.
3467 403 3529 469 14

322 478 428 633 :53.
464 475 531 634 tiu
572 477 847 548 quinquies
888 478 1031 534 mille
1060 480 1294 534 homines
1340 483 1565 553 quinque
1594 486 1816 553 panibus
1854 498 2056 553 pastos.
2096 489 2325 559 (Matth.
2363 508 2472 549 xw.
2502 495 2519 564 )
2547 497 2743 568 Incipit
2778 518 2789 553 :
2840 502 3079 557 Ἐπαινῶ
3110 506 3207 575 μὲν
3250 508 3403 579 ὑμῶν
3432 513 3529 582 τῆς

360 599 469 634 meo
496 599 578 634 ας.
2846 598 2849 603 ’

244 598 578 652 quaquam;

327 710 433 766 34.
458 710 517 766 In
544 711 668 766 illud
699 710 889 767 Matth.
924 730 1000 779 xl,
1022 715 1058 769 3
1087 732 1100 768 :
1136 714 1209 769 Tu
1234 732 1310 778 es.
1345 718 1435 788 qui
1460 726 1703 774 venturus
1729 737 1800 785 es,
1828 738 1895 773 an

1951 722 2116 777 alium
2171 732 2567 793 exspectamus?
2598 732 2789 805 Incipit
2818 754 2829 788 :
2868 736 3035 791 Ὅταν
3058 741 3138 803 et;
3160 740 3251 796 τὸν
3275 743 3372 813 τῆς
3406 746 3527 798 Ἐκ-

243 813 505 886 κλησίας
531 814 815 885 ἀποϐλέψω
843 815 1109 888 λειμῶνα.
1144 817 1297 890 Legit
1325 818 1573 877 Plnotius.

334 942 428 997 35.
473 940 530 994 In
562 941 898 1008 publicanum
943 950 993 995 et
1041 940 1389 999 Plzarisa’um;
1425 947 1598 1017 (Luc.
1632 952 1830 1017 xvm.)
1867 949 1954 1005 Inc

1901 952 2059 1021 mcipit
2101 972 2112 1007 :
2161 954 2364 1027 Ἰατρὸς
2413 959 2856 1031 ἁφαρμάκευτος.
2890 967 3046 1040 Legit
3077 970 3320 1028 Pltotius.
3356 975 3521 1031 Falsa.

238 1044 445 1101 Paris.
474 1046 531 1102 in
562 1046 703 1103 Bibl.
730 1047 882 1118 publ.
914 1048 1039 1104 cod.
1072 1064 1231 1104 που
1263 1050 1361 1115 bis,
1389 1066 1445 1104 n.
1476 1051 1548 1107 28
1575 1062 1630 1107 et
1662 1053 1752 1108 52.
1787 1082 1855 1093 —
1888 1055 2197 1125 Mediolani,
2230 1061 2285 1115 in
2317 1061 2453 1117 Bibl.
2490 1064 2741 1126 Ambros.
2776 1068 2941 1124 ΒΑΜ..

328 1173 427 1228 36.
470 1173 533 1228 In
561 1176 691 1229 duos
721 1174 991 1246 Evangelii
1014 1192 1196 1232 arcos.
1225 1178 1444 1248 (Matth.
1478 1194 1571 1243 xx,
1604 1179 1717 1245 30.)
1743 1180 1940 1252 Incipit

1225 1178 1444 1248 (Matth.
1478 1194 1571 1243 xx,
1604 1179 1717 1245 30.)
1743 1180 1940 1252 Incipit
1968 1202 1981 1238 :
2006 1185 2071 1239 οι
2100 1186 2235 1257 πρὸς
2267 1188 2509 1261 λειμῶνα
2542 1193 2834 1267 Μλυανθῆ.

323 1279 424 1333 37.
478 1279 556 1334 De
603 1281 888 1351 infantibus
930 1281 999 1334 ab
1062 1281 1270 1337 Herode
1317 1285 1519 1339 occisis.
1552 1285 1748 1356 Incipit
1786 1305 1800 1341 :
1837 1286 1943 1341 Παλ

1895 1286 2005 1341 ίλιν
2043 1291 2073 1342 ὸ
2106 1292 2286 1363 γέρων
2327 1295 2439 1363 ἐγὼ
2483 1297 2620 1368 πρὸς
2660 1299 2724 1352 τὸ
2768 1299 2878 1353 τῶν
2921 1302 3096 1372 λόγων
3143 1304 3350 1378 ἄγομαι
3385 1310 3515 1366 στά-

242 1382 393 1439 διον.
428 1382 629 1438 Prodiit
657 1386 944 1454 separatim
973 1400 1081 1440 una
1107 1401 1229 1441 cum
1263 1387 1433 1459 altera
1461 1389 1703 1458 ejusdem
1729 1393 2052 1462 argumenti,
2084 1404 2306 1452 auctore
2330 1414 2622 1471 anonymo,
2649 1417 2774 1459 cum
2810 1406 3062 1463 versione
3094 1408 3307 1483 Georgii
3337 1412 3515 1481 Bemi,

244 1496 310 1541 et
339 1486 590 1558 eiusdem
614 1498 775 1559 atque
804 1490 931 1544 Dav.
964 1490 1270 1546 Hoeschclii
1297 1492 1460 1547 notis.
1488 1492 1815 1565 Heidelberg,
1846 1492 2003 1559 l598.
2029 1501 2082 1557 4.
2118 1499 2354 1557 Ι·Ἀιιιι.--
2368 1502 2558 1559 Latine
2581 1507 2722 1575 apud
2758 1507 2979 1564 Surium
2999 1510 3208 1568 28Dee.
3226 1513 3519 1585 Lipoman-

245 1607 418 1653 num.
450 1600 586 1648 tom.
620 1591 685 1645 ν.
734 1623 803 1633 —-
834 1593 981 1649 Inter
1011 1594 1170 1649 codd.
1197 1594 1337 1651 Bibl.
1370 1596 1627 1669 Augustae
1649 1596 1864 1653 Vindel.
1906 1599 1971 1656 V.
2004 1601 2213 1659 Beiser.
2244 1615 2348 1661 cat.
2375 1621 2496 1678 pag.
2527 1606 2618 1663 28.
2670 1638 2739 1651 --
2768 1609 2857 1666 Bis
2886 1612 2939 1666 in
2967 1612 3103 1671 Bibl.
3131 1617 3379 1673 Ambros.
3411 1620 3519 1675 lle-

244 1694 463 1749 diolan.
496 1726 569 1736 —
616 1694 797 1751 Oxon.
827 1696 883 1751 in
917 1696 1038 1751 cod.
1074 1697 1288 1753 Bodlei.
1325 1698 1388 1754 V.
1424 1700 1540 1756 sive
1568 1701 1622 1757 in
1652 1711 1760 1757 cat.
1784 1702 1943 1759 codd.
1975 1706 2181 1778 Anglia:
2208 1706 2262 1773 l,
2303 1724 2426 1780 pag.
2461 1710 2583 1778 129,
2625 1727 2682 1765 n.
2712 1712 2854 1769 2500
2874 1755 2889 1779 ,
2916 1715 2987 1768 22
3019 1733 3033 1769 :
3066 1715 3250 1772 Sermo
3279 1720 3335 1773 in
3358 1721 3516 1777 inno-

244 1809 450 1855 centes.
486 1830 555 1842 --
587 1800 764 1856 Paris.
794 1802 848 1857 in
879 1802 1015 1859 Bibl.
1047 1804 1195 1875 pubi.
1224 1806 1381 1861 codd.
1413 1821 1667 1861 cxxxxvn
1703 1817 1758 1863 et
1786 1822 2041 1865 ICLXXIII.
2075 1836 2142 1850 --
2175 1782 2409 1875 Taurini,
2437 1812 2490 1865 in
2536 1813 2660 1867 cod.
2692 1813 2823 1869 olim
2864 1816 3032 1887 Regio
3073 1826 3266 1887 csxxv,
3297 1820 3396 1881 fol.
3421 1822 3515 1887 71.

247 1902 322 1960 ν.
360 1905 438 1960 id.
474 1906 631 1961 catal.
668 1907 828 1961 codd.
856 1907 953 1962 Gr.
981 1907 1145 1965 Taur.
1176 1925 1298 1981 pag.
1324 1911 1452 1974 252,
1489 1911 1660 1966 litus.

332 2031 428 2085 ‘58.
468 2028 655 2085 Contra
680 2030 915 2097 Judazos,
964 2033 1026 2088 de
1070 2035 1296 2089 adventu
1323 2034 1618 2091 Saluatoris
1652 2038 2025 2091 demonstratio
2050 2052 2115 2092 ex
2147 2036 2382 2094 Danielis
2425 2039 2875 2097 hebdomadibus.
2908 2042 3100 2116 Incipit
3131 2064 3143 2101 :
3184 2048 3514 2121 Ἐπειδήπιρ

250 2138 467 2207 πολλῆς
501 2137 807 2210 μαρτυρίας
845 2139 1033 2210 οὔσης.
1064 2140 1289 2196 Erudita
1321 2150 1380 2198 et
1422 2144 1633 2216 egregia
1663 2142 1870 2197 diatrib:

1893 2190 1895 2196 .
1929 2151 2092 2212 atque
2120 2157 2183 2197 ea
2214 2142 2351 2212 ipsa,
2383 2145 2749 2213 quam,.velut
2795 2157 2953 2204 antea
3004 2150 3292 2218 ineditam,
3322 2152 3513 2210 Latine

241 2258 314 2297 ex
348 2242 542 2299 Franc.
575 2243 833 2299 Turriani
858 2244 1108 2300 versione
1144 2245 1383 2317 vulgavit
1408 2245 1604 2305 Petrus
1633 2244 1937 2302 Stevartius
1963 2245 2019 2299 in
2045 2251 2193 2300 tomo
2220 2245 2478 2318 singulari
2510 2246 2801 2321 insignium
2834 2260 3115 2309 auctorum
3135 2294 3152 2319 ,
3190 2255 3508 2328 Ingolstad..

244 2346 411 2412 1616,
440 2348 495 2415 4,
528 2364 651 2419 pag.
682 2347 806 2414 405,
838 2363 1086 2405 recusam
1114 2349 1242 2405 inde
1275 2350 1331 2405 in
1361 2350 1500 2406 Bibl.
1534 2350 1753 2407 Patrum
1779 2391 1795 2415 ,
1828 2359 1963 2405 tom.
1995 2346 2041 2401 ν
2071 2348 2204 2404 edit.
2232 2348 2426 2404 Colon.
2462 2358 2517 2405 et
2545 2360 2679 2407 tom.
2720 2351 2832 2410 VIII
2864 2355 2998 2412 edit.
3031 2356 3228 2429 Lugd.,
3260 2376 3381 2434 pag.
3407 2362 3513 2421 495

240 2451 407 2522 (cum
433 2452 547 2523 jam
576 2452 769 2509 luisset
796 2468 861 2509 ex
895 2453 1185 2525 Dausqueii
1219 2454 1476 2511 versione
1506 2455 1563 2509 in
1591 2454 1787 2513 eodem
1824 2464 2004 2519 torno,
2044 2468 2167 2525 pag.
2200 2454 2364 2523 478).
2401 2453 2643 2526 Bigotio,
2675 2456 2890 2526 Allisio,
2920 2459 2973 2517 ι.
3006 2461 3290 2532 Garnerio,
3325 2466 3510 2525 Caveo

238 2571 355 2611 non
390 2557 603 2612 videtur
631 2571 753 2612 esse
783 2555 969 2614 Basilii
1010 2556 1376 2614 Seleuciensis
1398 2599 1414 2624 ,
1463 2558 1611 2629 quod
1640 2566 1698 2614 et
1736 2557 1909 2629 stylus
1934 2565 2227 2627 repugnet,
2255 2570 2361 2611 nec
2392 2566 2637 2613 veterum
2671 2558 2867 2617 habeat
2900 2563 3294 2634 testimonium,
3328 2584 3510 2641 neque

241 2662 395 2716 inter
418 2677 552 2717 mss.
568 2661 709 2718 inter
736 2671 932 2719 caetera
945 2662 1333 2735 Basiliiscripta
1359 2663 1679 2735 reperiatur.
1708 2660 1818 2717 Nec
1832 2670 2013 2718 tamen
2036 2661 2105 2716 de
2134 2669 2357 2744 auctore
2375 2661 2480 2717 alio
2499 2672 2729 2730 constat,
2747 2679 2911 2736 quem
2941 2666 3329 2728 Theodoritum
3366 2688 3508 2743 esse,

237 2767 437 2822 nescio
457 2783 569 2838 quo
592 2777 930 2839 argumento,
966 2767 1233 2823 aliirmare
1262 2767 1480 2838 quidam
1533 2768 1650 2824 ausi
1682 2776 1828 2823 sunt.
1855 2763 2014 2828 FABB.
2054 2796 2123 2808 --
2154 2764 2345 2821 Latine
2373 2764 2427 2819 in
2454 2764 2655 2821 Canisii
2684 2767 2834 2824 Lect.
2884 2770 3142 2842 antiquis,
3176 2772 3242 2829 ν.
3280 2790 3335 2845 p.
3382 2777 3507 2833 405.

236 2898 312 2917 .-
346 2868 487 2924 Bec.
518 2886 586 2924 ex
610 2867 672 2923 P.
699 2869 933 2925 Stevart.
963 2869 1161 2927 additis
1186 2869 1389 2925 Graecis
1433 2887 1497 2926 ex
1532 2871 1620 2927 ed.
1648 2871 1838 2927 Claud.
1871 2869 2160 2944 Dausqueii
2210 2873 2266 2929 in
2312 2873 2571 2947 Basnage,
2602 2874 2885 2932 Thesauro
2931 2880 3255 2936 moniment.
3291 2882 3504 2938 Eccles.

245 2977 477 3032 Amtel.
529 2974 687 3039 1725,
720 2974 811 3031 fol.
843 2983 972 3031 tom.
1010 2975 1051 3040 l,
1080 2990 1199 3045 pag.
1228 2975 1334 3031 240
1365 2985 1421 3030 et
1452 2992 1574 3046 pag.
1610 2976 1715 3031 258
1744 2992 1857 3045 seq.
1890 2976 2131 3046 Basnage
2161 2977 2217 3031 in
2247 2976 2425 3035 Basilii
2454 2976 2563 3032 Sel.
2602 2977 3121 3037 demonstrationem
3144 2982 3267 3038 adv.
3291 2982 3507 3040 Ιατιιιιος

245 3082 672 3138 animadversio.
701 3080 863 3135 HARL.

1421 3164 1437 3199 κ

310 3215 409 3270 39.
449 3214 544 3277 Et;
568 3211 661 3266 τὸν
692 3211 1111 3283 εὐαγγελισμόν,
1146 3212 1213 3267 In
1234 3212 1691 3267 annuntiationent
1729 3213 1930 3267 sanctis

1889 3213 2074 3269 issima:
2100 3213 2364 3283 Deiparaz.
2398 3213 2592 3283 Incipit
2624 3232 2637 3268 ;
2669 3213 2928 3283 Μεγάλας
2953 3213 3063 3270 τῶν
3091 3214 3384 3286 ἐγκωμίων
3415 3214 3509 3270 εὐ-

249 3321 409 3392 ρήσει
438 3318 538 3383 τὰς
568 3316 843 3387 ἀφορμάς.
886 3314 1074 3371 Exstat
1108 3316 1303 3373 Latine
1349 3331 1417 3372 ex
1463 3316 1733 3373 Theodori
1781 3316 1988 3375 Peltani
2018 3319 2272 3377 versione
2321 3318 2376 3393 in
2424 3318 2559 3375 Bibl.
2597 3319 2819 3375 Patrum
2870 3318 3075 3383 Paris.,
3109 3320 3267 3387 l589,
3303 3328 3436 3377 tom.
3462 3320 3509 3378 I.

253 3423 604 3481 Emendatior
630 3432 815 3478 autem
843 3432 901 3479 et
922 3421 1185 3493 suppletis
1208 3437 1242 3478 e
1266 3421 1631 3479 Mazariniano
1656 3422 1841 3480 codice
1866 3425 2077 3481 lacunis
2104 3424 2366 3497 integrior
2397 3432 2573 3480 exstat
2595 3439 2718 3480 cum
2747 3438 2888 3479 nova
2912 3424 3165 3480 versione
3192 3424 3509 3483 Combelisii

254 3534 311 3586 in
341 3531 459 3601 eius
488 3530 747 3586 Auctario
779 3544 927 3584 novo
954 3526 1092 3584 Bibl.
1127 3526 1372 3593 Patrum,
1409 3536 1541 3596 tom.
1573 3527 1628 3594 l,
1655 3544 1778 3601 pag.
1809 3530 1874 3585 56

1891 3530 1951 3603 ᾧ,
1994 3530 2097 3585 sub
2144 3529 2300 3585 titulo
2332 3548 2346 3586 ;
2379 3527 2476 3592 Εἰς
2506 3527 2606 3598 τὴν
2634 3527 2940 3600 ὐπεραγίαν
2982 3527 3245 3584 Θεοτόκον
3290 3528 3511 3599 Μαρίαν

267 3638 363 3691 m‘t
387 3637 504 3707 περὶ
526 3636 630 3706 τῆς
661 3633 1129 3705 ἑνανθρωπήσεως
1172 3632 1270 3688 τοῦ
1331 3633 1537 3705 Κυρίου
1587 3634 1747 3704 ἡμῶν
1793 3633 1887 3701 ’1ης

1888 3632 1968 3686 τοῦ
2019 3630 2274 3702 Χριστοῦ.
2333 3628 2533 3696 Paris.,
2576 3631 2735 3696 1648,
2775 3631 2865 3686 fol.
2906 3620 3164 3688 Fiam—
3191 3631 3415 3688 Taurini
3451 3635 3508 3689 in

271 3739 385 3793 cod.
405 3754 562 3793 um.
584 3738 649 3793 V.
691 3735 812 3794 Cat.
844 3736 1005 3793 codd.
1034 3735 1152 3803 Gr.,
1184 3751 1308 3808 pag.
1339 3735 1465 3791 252.
1498 3733 1664 3791 ﬂant.

325 3843 381 3896 In
409 3842 646 3898 editione
677 3840 865 3896 Graeca
890 3839 1340 3903 Commeliniaua,
1376 3846 1433 3893 et
1470 3818 1525 3892 in
1553 3836 1745 3892 Latina
1776 3837 2027 3892 versione
2056 3835 2343 3906 Dausqueii
2374 3846 2680 3913 sequuntur
2707 3845 2940 3907 quatuor
2970 3810 3206 3892 bomiliae
3248 3814 3506 3908 tanquam

256 3946 456 4011 Basilii,
491 3960 629 4017 quas
658 3959 781 4002 esse
805 3941 979 4001 sancti
1007 3940 1380 4014 (ηπ-γεοειοωί
1409 3952 1749 4011 compertum
1779 3940 1913 4004 fuit;
1941 3954 2112 4011 quare
2140 3939 2244 3995 illze
2269 3938 2323 3993 in
2356 3939 2595 3995 editione
2626 3939 3033 3996 Graeco-Latina
3062 3937 3235 3995 Paris.
3264 3950 3396 3996 sunt
3423 3941 3511 4015 in-

254 4051 543 4116 tenuisses,
570 4049 696 4104 licet
723 4056 940 4105 exstent
984 4047 1088 4104 sub
1137 4045 1321 4104 Basilii
1352 4045 1569 4102 Selene.
1615 4044 1834 4101 nomine
1859 4044 2023 4100 etiam
2060 4044 2114 4099 in
2176 4043 2315 4101 Bibl.
2344 4043 2587 4113 Patrum,
2619 4044 2688 4099 A.
2717 4044 2873 4110 1589,
2905 4053 3038 4100 tom.
3068 4044 3107 4108 Ι,
3139 4060 3205 4100 ex
3236 4043 3509 4101 Theodori

254 4154 465 4209 Peltani
498 4152 743 4208 versione
768 4169 782 4205 :

329 4296 385 4334 a.
426 4276 488 4331 In
517 4275 646 4331 illud
671 4275 822 4330 Joan.
858 4232 933 4340 in,
970 4278 997 4332 1
1037 4291 1054 4332 :
1085 4276 1220 4331 Erat
1253 4278 1472 4347 quidam
1501 4287 1764 4347 aegrotans
1791 4272 1949 4328 Laza1

1885 4289 2050 4329 tarus.
2081 4272 2273 4346 Incipit
2300 4293 2312 4330 :
2349 4274 2542 4329 Πολλοὶ
2568 4274 2676 4330 τῶν
2704 4273 3006 4347 ἀνθρώπων
3037 4274 3167 4330 ὅταν
3201 4274 3373 4332 ἴδωσι.
3408 4273 3505 4332 Est

256 4380 480 4438 homilia
512 4394 596 4434 ιιι
630 4378 994 4451 Chrysostomi
1019 4380 1074 4436 in
1101 4381 1449 4453 Evangelium
1474 4379 1718 4436 Joannis.

326 4486 375 4542 ὑ.
414 4483 475 4539 In
508 4483 640 4540 illud
665 4482 820 4540 Joan.
858 4500 933 4552 st,
963 4486 1031 4541 30
1059 4503 1074 4539 :
1103 4485 1351 4540 Nondum
1382 4494 1595 4539 venerat
1631 4484 1782 4539 Iesus
1813 4484 1866 4539 in
1900 4500 1946 4540 et

1900 4486 2195 4542 castellum.
2251 4486 2443 4559 Incipit
2467 4506 2478 4542 :
2502 4487 2661 4556 Μέγα
2693 4486 2896 4557 ἀγαθὸν
2924 4485 3231 4557 φιλοσοφία.
3263 4485 3502 4543 Homilia

259 4596 373 4653 haec
398 4595 453 4652 in
482 4594 668 4651 Graeca
700 4594 938 4650 editione
975 4594 1029 4649 in
1072 4594 1208 4650 duas
1233 4593 1404 4649 divisa
1428 4632 1443 4656 ,
1473 4607 1700 4663 quarum
1775 4592 1879 4648 alte

1879 4607 1942 4651 ra
1998 4592 2186 4663 incipit
2221 4611 2234 4645 :
2265 4593 2426 4662 Μέγα
2483 4593 2593 4665 γὰρ
2618 4592 2801 4657 πίστις
2828 4591 3052 4660 ἀγαθόν.
3103 4591 3197 4647 Est
3222 4607 3354 4648 vero
3380 4607 3499 4649 1.th

259 4700 621 4776 Cbrysostosni
655 4700 711 4755 in
743 4697 1032 4755 Joannem.

327 4849 371 4887 c.
412 4832 471 4886 In
515 4829 645 4885 illud
682 4828 841 4886 Joan.
867 4843 942 4896 st,
966 4826 1029 4883 ﬂ
1062 4843 1076 4881 :
1107 4825 1279 4888 Iesus,
1308 4825 1520 4880 elevatis
1563 4784 1771 4878 sursum
1818 4822 1981 4877 oculis
2028 4821 2138 4902 suis
2158 4858 2174 4885 ,
2202 4821 2334 4875 dixit
2365 4837 2384 4873 :
2415 4818 2600 4887 Pater,
2642 4821 2845 4891 gratias
2894 4836 2993 4892 ago
3023 4819 3133 4874 tibi.
3166 4817 3358 4891 Incipit
3387 4835 3403 4874 :
3435 4821 3503 4874 ὐ

264 4935 517 4998 πολλάκις
558 4930 734 4999 εἷπον,
774 4931 938 4987 τοῦτο
980 4932 1077 4985 καὶ
1121 4928 1217 4983 νῦν
1260 4928 1389 5003 ἐρῶ.
1430 4927 1603 4983 Etiam
1652 4928 1794 4983 hanc
1837 4927 1884 4982 iu

1877 4944 1892 4981 ι
1938 4927 2074 4983 duas
2115 4926 2285 4983 editio
2335 4925 2520 4982 Graeca
2561 4926 2776 4983 dividit.
2816 4927 3055 4983 Alterius
3105 4927 3318 4982 initium
3364 4934 3449 4983 est
3484 4946 3497 4982 :

278 5041 404 5093 Ἀλλ’
436 5041 574 5111 ὅπερ
603 5039 762 5109 ἔφην,
785 5036 959 5092 δεινὸν
986 5036 1021 5107 ἡ
1050 5033 1341 5107 βασκανία.
1374 5031 1743 5105 Chrysostomi
1773 5045 1894 5086 vat

746 5078 762 5104 ,
785 5036 959 5092 δεινὸν
986 5036 1021 5107 ἡ
1050 5033 1341 5107 βασκανία.
1374 5031 1743 5105 Chrysostomi
1773 5045 1958 5097 vatu,
1993 5031 2048 5086 in
2078 5030 2366 5087 Joannem.

334 5162 424 5221 40.
461 5164 552 5227 Εἰς
576 5163 673 5236 τὴν
705 5162 1145 5235 μεταμόρφωσιν,
1182 5161 1247 5216 In
1278 5159 1795 5230 transﬁgurationem
1846 5157 1954 5213 Dom

1876 5158 2062 5213 lomini
2091 5168 2138 5213 et
2177 5156 2276 5213 Dei
2305 5169 2353 5213 et
2382 5155 2674 5213 Saluatoris
2700 5158 2861 5212 nostri
2883 5156 3006 5212 Jesu
3026 5156 3235 5213 Christi.
3267 5157 3458 5228 Incipit
3484 5176 3496 5211 :

269 5267 455 5332 Ἥλιος
477 5265 604 5339 ἄρτι
631 5266 769 5321 κατὰ
804 5266 908 5337 γῆς
943 5265 1217 5333 ιπαφιείς.
1253 5264 1311 5319 In
1334 5264 1521 5319 Graeca
1552 5262 1792 5318 editione
1818 5261 1889 5317 Cc

1876 5263 2250 5318 smmeliniana
2281 5263 2397 5318 haec
2435 5261 2658 5318 bomilia
2689 5261 3048 5325 desideratur,
3075 5262 3219 5318 edita
3258 5261 3496 5335 primum

263 5372 442 5430 Graece
465 5381 522 5428 et
548 5370 736 5426 Latine
765 5384 795 5424 a
821 5369 1127 5440 Dausqueio
1153 5368 1219 5424 ad
1247 5368 1447 5425 calcem
1478 5366 1732 5423 editionis
1772 5366 1980 5421 Latina:
1998 5405 2014 5428 .
2049 5364 2207 5433 1604,
2242 5364 2297 5420 8.
2333 5363 2521 5421 Latine
2546 5364 2688 5435 apud
2718 5362 2969 5430 Surium,
2994 5366 3300 5437 "August.
3334 5366 3494 5423 FABI.

264 5475 397 5530 --ln
423 5482 665 5545 quatuor
688 5470 848 5527 codd.
865 5472 1039 5528 Paris.
1072 5471 1291 5526 Bibl.—-
1316 5470 1661 5525 Vindobonnw
1681 5469 1735 5524 in
1762 5467 2100 5547 cod.Csesar.
2125 5483 2237 5535 xiv,
2260 5483 2317 5523 n.
2338 5468 2423 5533 15,
2444 5468 2501 5524 in
2531 5484 2728 5541 magno
2757 5468 3076 5541 Menologio,
3105 5470 3159 5524 d.
3188 5487 3240 5525 v1
3266 5472 3493 5543 August.

270 5583 373 5637 I’id.
404 5581 661 5638 Lambec.
686 5588 743 5635 et
764 5578 969 5635 Kollar.
999 5578 1211 5633 Comm.
1238 5576 1371 5641 VIII,
1401 5592 1523 5648 pag.
1544 5576 1670 5632 249.
1699 5575 1867 5630 ΗΑιιι..

330 5685 650 5741 Prodici-unt
672 5685 953 5740 orationes
974 5681 1150 5738 Basilii
1171 5681 1410 5745 Seleuc.,
1434 5680 1662 5751 primum
1690 5678 1876 5734 Grece
1905 5692 1970 5733 ex
1991 5675 2311 5733 Commelini
2343 5675 2581 5740 oliicina,
2604 5674 2775 5749 Lugd.
2798 5674 2947 5743 Bat.,
2972 5677 3127 5741 1596,
3155 5676 3208 5742 8,
3244 5675 3289 5729 ll
3313 5673 3420 5734 vol.

331 5787 529 5844 Deinde
563 5797 702 5843 orat.
734 5804 857 5844 suv
891 5786 1100 5849 Latine,
1146 5783 1369 5841 Claudio
1406 5781 1729 5853 Dausqueio,
1773 5780 2120 5847 Audomario,
2166 5776 2479 5847 es-Jesuita,
2514 5781 2829 5854 interprete,
2860 5795 2982 5837 cum
3028 5777 3331 5849 subiunctis
3376 5776 3492 5845 eius
