4102 6576
255 405 319 466 I'.’
1738 403 1875 461 NO'I

2016 406 2064 462 λ·
3281 459 3285 464 .
3445 412 3511 475 18
3611 405 3636 422 ’

247 528 433 575 cruce,
471 512 771 576 Zachariaa,
799 510 1040 581 episcopi
1064 509 1332 564 Hierosol.
1366 511 1431 565 ad
1477 525 1588 564 suae
1634 509 1808 577 plebis
1842 509 2097 578 reliquias
2140 526 2170 564 e
2213 513 2455 579 Perside,
2483 523 2540 570 et
2570 515 2762 571 incerti
2792 518 2858 571 de
2887 518 3078 573 eadem
3113 519 3423 588 captivitate
3457 531 3514 575 et

245 618 400 672 urbis
430 618 664 678 excidio,
697 617 898 681 Paria,
941 615 1099 680 1656,
1131 615 1182 667 8.
1209 614 1371 670 Ρηιι.
1411 646 1480 654 ——
1515 613 1702 668 Exstat
1727 614 1893 679 Paris,
1924 615 1976 667 in
2012 614 2150 669 Bibl.
2187 617 2336 684 pubi.
2375 621 2531 674 codd.
2562 637 2773 686 ucuxn,
2813 638 2869 675 n.
2904 622 2988 678 18.
3025 622 3194 693 ῌΑιιι..

313 722 369 774 2.
415 721 658 790 Epistola
686 724 758 774 ad
783 722 1027 785 Leonem,
1046 722 1195 790 imp.,
1219 735 1319 790 pro
1346 717 1580 775 concilio
1594 717 2026 774 Chalcedonensi
2065 719 2328 774 adversus
2351 721 2622 778 Timothei
2657 723 2834 778 IEluri
2857 725 3217 780 intrusionem
3247 727 3301 780 in
3328 729 3511 782 sedem

243 827 696 890 Alexandrinam,
723 826 924 896 scripta
944 827 1008 879 Α.
1027 825 1090 879 C.
1110 825 1237 888 457,
1263 823 1489 878 nomine
1503 823 1887 894 episcoporum
1914 819 2152 888 Isauriae,
2171 832 2228 877 et
2248 823 2439 878 Latine
2463 825 2680 895 vulgata
2707 826 2762 880 in
2794 827 3163 883 Conciliorum
3187 830 3348 884 tomis
3374 831 3515 885 inter

247 929 505 998 epistolas
543 929 820 996 subjectas
865 928 1017 983 Actis
1059 928 1252 999 synodi
1297 927 1784 996 Chalcedonensis,
1814 935 1949 990 tom,
1981 927 2026 981 ll
2057 927 2186 986 edit.
2218 927 2477 996 Binianaa,
2508 945 2629 1001 pag.
2657 930 2781 986 585.
2814 932 3046 1003 Incipit:
3080 932 3243 998 Quem
3286 935 3514 988 alterum

250 1036 460 1086 decebat
503 1034 903 1099 imperatorem.

319 1139 370 1191 5.
415 1137 656 1190 Humilia
687 1138 741 1190 in
773 1138 983 1190 beatum
1006 1136 1194 1191 Jobum
1220 1136 1401 1193 adhuc
1445 1135 1671 1200 inedita,
1704 1136 2091 1205 quamhabuit
2117 1135 2366 1202 Allatius,
2401 1144 2522 1208 pag.
2549 1137 2672 1201 ΗΒ,
2698 1137 2767 1192 de
2806 1137 3124 1194 Simeonum
3156 1141 3390 1210 scriptis.
3425 1141 3518 1196 ln-

248 1242 381 1309 cipit
407 1260 418 1294 :
454 1244 667 1312 Ὥσπερ
692 1243 742 1295 οἱ
774 1241 919 1295 κατὰ
948 1241 1053 1310 γῆν
1081 1227 1459 1311 summm;
1489 1239 1617 1302 τοὺς
1643 1239 1784 1310 ὑπὲρ
1814 1239 1992 1292 αὐτῶν
2023 1241 2080 1292 ὲν
2104 1240 2475 1310 παρατάξεσιν
2503 1241 2952 1311 ἀριστεύσαντας.

321 1350 374 1398 τι.
419 1347 651 1401 Ilomilia
682 1349 736 1400 in
764 1364 972 1400 sacram
999 1347 1355 1412 Pentecosten,
1394 1345 1579 1400 itidem
1611 1345 1834 1410 inedita,
1863 1359 2026 1413 quam
2055 1360 2162 1398 una
2188 1360 2312 1398 cum
2342 1344 2430 1398 illa
2451 1343 2508 1398 in
2529 1345 2725 1400 Jobum
2755 1347 2917 1401 edere
2937 1346 3108 1401 voluit
3129 1348 3356 1404 Allatius
3381 1349 3520 1403 libro

251 1451 592 1521 Συμμίκτων
622 1461 791 1505 sexto.
826 1451 1020 1520 Incipit
1053 1469 1066 1503 :
1101 1428 1312 1520 Ὦστέερ
1343 1448 1560 1502 οἱκατὰ
1585 1449 1690 1518 γῆν
1707 1448 1871 1518 βασιλι

1896 1448 2098 1512 ύοντες.
2129 1448 2215 1520 [In
2241 1448 2362 1503 cod.
2392 1448 2635 1512 Barocc.,
2662 1465 2719 1502 n.
2749 1466 2958 1504 eLxxiv.
2989 1450 3154 1505 FABR.
3188 1482 3259 1491 —
3283 1451 3341 1505 In
3390 1453 3513 1510 cod.

254 1555 434 1611 Paris.
468 1571 632 1619 nunc,
667 1556 802 1620 n.1,
841 1554 980 1609 Bibl.
1000 1555 1152 1625 publ.
1179 1554 1362 1609 Basilii
1398 1553 1612 1609 Selene.
1645 1552 1889 1614 Ilomilia
1917 1553 1973 1606 in
2007 1551 2364 1623 Penteqosten
2396 1559 2452 1606 et
2476 1551 2530 1604 in
2556 1529 2772 1606 Johum.
2802 1555 3000 1608 Acced.
3036 1554 3197 1610 varia:
3224 1554 3509 1611 lectiones.

254 1663 474 1715 Citatur
503 1672 560 1716 et
599 1662 778 1716 Basilii
812 1662 1026 1717 Seleuc.
1090 1670 1228 1716 orat.
1295 1661 1352 1715 in
1424 1659 1874 1723 Pentecostesle

1899 1667 2020 1715 tum
2071 1657 2237 1723 diem,
2296 1671 2441 1726 quae.
2466 1655 2716 1726 incipit:
2775 1658 2963 1710 Πυκνὰ
3027 1657 3127 1728 μὲν
3192 1661 3346 1729 ἡμῖν,
3405 1657 3519 1712 ἀλλ’

257 1768 540 1840 ἑπωφελῆ.
578 1769 745 1823 IIABL.

335 1873 388 1926 5.
433 1871 632 1926 Basilio
667 1870 1004 1927 Seleuciensi
1037 1870 1204 1926 etiam
1246 1871 1504 1926 tribuitur
1556 1871 1610 1924 in
1659 1868 1982 1938 quibusdam
2011 1866 2292 1922 codicibus
2327 1879 2462 1920 mss.
2495 1863 2718 1920 homilia
2756 1864 3036 1920 Athanasii
3063 1865 3117 1919 in
3144 1865 3204 1920 S.
3230 1864 3438 1922 Pascha
3471 1878 3526 1922 et

266 1975 324 2027 in
351 1991 540 2029 recens
562 1976 884 2044 baptizatos,
919 1991 1039 2045 qua:
1068 1974 1296 2044 incipit:
1329 1972 1563 2044 Χριστὸς
1588 1971 1833 2042 ἐγερθεὶς
1865 1972 1886 2023 ὲ

1902 1988 1929 2023 κ
1958 1969 2185 2040 νεκρῶν.
2218 1969 2475 2039 Idemque
2506 1968 2748 2039 ejusdem
2780 1969 3065 2023 Athanasii
3102 1969 3250 2025 edita
3281 1969 3522 2036 nomine,

272 2081 446 2134 altera
477 2080 536 2134 In
560 2078 752 2135 Christi
778 2079 1210 2147 assumptionem,
1238 2093 1360 2147 quae
1398 2079 1417 2146 (
1445 2077 1580 2147 ston
1609 2076 1902 2139 ﬂoridiore,
1924 2089 2088 2144 quam
2113 2090 2221 2143 quo
2247 2074 2418 2130 utitur
2447 2074 2777 2132 Athanasius
2795 2114 2810 2141 ,
2851 2074 3151 2146 concepta)
3185 2075 3377 2146 incipit
3407 2094 3422 2131 :
3461 2075 3526 2129 Ἦ

269 2185 375 2253 μὲν
402 2185 497 2253 τῆς
528 2184 882 2245 ἀναστάσεως
916 2183 1128 2253 μνήμη.
1157 2181 1414 2236 Testatur
1444 2180 1631 2250 id,qui
1665 2189 1889 2253 utramqi

1902 2199 1950 2237 Ie
1981 2185 2167 2240 Grzece
2193 2194 2250 2239 et
2277 2185 2466 2240 Latine
2495 2195 2753 2255 tanquam
2787 2185 3070 2240 Athanasii
3089 2185 3260 2240 edidit
3284 2183 3522 2240 Combe-

268 2290 444 2350 tisius,
482 2298 612 2345 tom.
655 2286 700 2340 II
738 2287 976 2342 Auctarii
1006 2301 1160 2352 nov.,
1191 2302 1315 2359 pag.
1365 2285 1617 2354 539.55I,
1656 2285 1860 2351 Paris.,
1901 2285 2057 2351 1648,
2113 2286 2208 2342 fol.
2264 2287 2426 2348 EABR.
2465 2286 2680 2350 (litatur,
2735 2298 2792 2350 et
2840 2288 3084 2353 homilia.
3135 2303 3258 2356 quae
3291 2287 3525 2357 incipit:

265 2394 505 2465 Χριστὸς
530 2392 779 2463 ἐγερθεὶς
805 2394 868 2445 ὲκ
900 2392 1127 2464 νεκρῶν.
1159 2392 1292 2452 Item
1328 2391 1518 2456 Basilii,
1539 2392 1648 2446 Sel.
1677 2400 1814 2447 orat.
1839 2391 1885 2446 11

1933 2389 2181 2444 Thomam
2207 2389 2524 2458 apostolum,
2554 2397 2611 2444 et
2639 2389 2743 2444 alia
2787 2389 2841 2444 in
2887 2391 3140 2446 eumdem
3196 2389 3527 2460 apostolum,

267 2500 428 2569 cuius
468 2505 554 2551 est
591 2496 803 2549 initium
833 2515 848 2551 ;
890 2496 948 2548 '0
981 2496 1079 2567 μὲν
1114 2494 1341 2557 παλαιὸς
1367 2494 1672 2565 ἀνθρώπων
1701 2495 1833 2566 βίος.
1875 2518 1887 2547 λ

1910 2503 2062 2564 .tquc.
2089 2494 2143 2548 in
2174 2493 2296 2548 cod.
2330 2508 2506 2558 cxcnx,
2535 2502 2618 2548 est
2658 2509 2713 2548 n.
2745 2494 2802 2559 2,
2831 2493 3015 2548 Basilii
3067 2494 3178 2549 Sel.
3208 2493 3427 2548 homilia
3475 2493 3530 2546 in

271 2604 486 2656 laudem
515 2598 576 2654 S.
613 2599 817 2653 Thom
855 2599 1100 2667 apostoli,
1122 2605 1180 2652 et
1207 2614 1262 2653 η.
1300 2599 1336 2653 5
1360 2598 1605 2669 ejusdem
1637 2599 1785 2654 hom.
1819 2599 1883 2653 In
1915 2599 2126 2655 laudem
2159 2598 2216 2654 S.
2248 2597 2469 2654 Andreae
2492 2597 2737 2666 apostoli.
2793 2628 2864 2640 --
2889 2597 2950 2654 In
2995 2599 3115 2655 cod.
3146 2613 3371 2664 lcnux,
3393 2613 3450 2652 η.
3473 2597 3532 2663 8,

268 2707 520 2776 ejusdem
553 2705 705 2759 hom.
746 2703 809 2758 In
841 2703 1322 2774 quadraaesimam.
1353 2701 1524 2771 Hm.
