4102 6624
446 459 517 527 2;
1482 441 1792 522 manu
1831 426 2066 525 DAUSQ

2094 426 2246 514 usti
2283 447 2699 514 PBEFATIO.
3641 439 3714 504 at

449 579 645 644 evecti,
681 578 864 635 aut‘in
885 578 1069 637 medio
1093 587 1370 643 curarum,
1409 569 1864 646 negotiorumque
1903 579 2038 627 testu
2066 567 2277 642 agentis
2313 567 2489 623 virtus
2533 566 2801 629 evanuit,
2829 573 2891 619 ut
2913 555 3172 635 'stirpium
3201 560 3559 634 quarumdam
3606 559 3711 625 vis,

449 687 572 741 qua:
611 673 667 726 in
715 673 955 728 alienum
980 672 1262 728 translatte
1288 669 1466 725 solum
1503 666 1859 738 degenerant.
1897 663 2201 734 Episcopus
2231 667 2370 724 erat,
2399 658 2775 741 gravissimam
2805 671 3093 741 personam
3141 656 3447 712 sustinebat
3477 671 3491 709 :
3521 668 3714 709 verum

451 739 776 817 industriam
805 762 970 819 latius
1008 762 1174 818 etiam
1199 757 1510 830 explicavit.
1538 756 1793 813 [heretici
1823 751 2124 813 Ecclesium
2164 751 2278 807 Det
2303 739 2724 816 succutieliam‘tl;
2760 755 2830 803 n‘e
2877 739 3267 830 labefacerent,
3313 748 3527 804 obviam
3576 746 3715 800 itum

451 863 556 920 est,
588 864 642 909 et
673 829 1394 923 Cbateedonemcong'ressi-
1415 853 1546 906 sunt
1577 859 1801 906 centum
1833 846 2235 919 quinquaginta
2261 841 2508 914 episcopi
2529 843 2624 912 (ti).
2661 829 3027 912 Cum-primis
3060 841 3310 921 eruite}
3329 840 3458 911 ipse-
3483 836 3717 894 Basilius

401 956 407 961 '
452 947 721 1002 Seleucia
741 944 1297 1016 Isauria'episcopus;
1326 933 1774 1016 synodi‘Nicaena:
1798 935 2492 996 actasententiaa'dictione
2510 932 2908 998 corroboravit;
2943 932 3261 988 Dioscorum
3293 933 3416 988 fidei
3447 933 3716 988 vomicam

453 1036 612 1102 dolls,
652 1033 932 1107 impietate
957 1045 1015 1093 et
1048 1037 1277 1091 minata:
1303 1039 1472 1091 manu
1501 1035 1828 1105 in‘optimos
1863 1045 2111 1104 quosque
2140 1033 2482 1101 grassantem
2514 1026 2712 1102 collato
2737 1041 2767 1078 a
2797 1039 2857 1079 se
2912 1019 3155 1081 subsidio
3192 1023 3480 1094 confregit.
3528 1021 3714 1077 Revo-

459 1129 619 1186 cubat
655 1146 713 1186 se
741 1131 807 1185 ad
841 1131 1166 1203 pro‘pria,-et
1190 1138 1409 1205 gregem
1448 1131 1618 1187 verbo
1645 1117 1990 1186 recurabat'!‘
2007 1127 2060 1183 id
2091 1126 2303 1198 agebat,
2336 1125 2405 1180 ad
2427 1121 2573 1194 quod
2609 1129 2804 1176 natus.
2843 1117 3060 1175 Testes
3079 1125 3210 1175 sunt
3237 1117 3721 1191 pu-lcberrima‘illa

458 1229 623 1292 atque
662 1239 827 1280 aurea
855 1226 1231 1298 scripta,.quae
1255 1227 1467 1283 diutule
1496 1213 1884 1281 ab'bominum
1902 1221 2082 1279 oculis
2113 1218 2375 1292 seposita,
2415 1224 2474 1273 et
2502 1215 2876 1287 semisepultm
2891 1214 3036 1271 male
3059 1214 3384 1284 iacuerunt;
3413 1211 3634 1282 quibus,
3661 1209 3722 1264 ni

459 1311 637 1379 fallor,
651 1355 656 1360 .

670 1429 955 1501 Hujus-'06"
974 1431 1456 1502 en'eq'uiis'nomeu
1485 1431 1540 1484 ili
1571 1432 1672 1484 erit
1695 1429 1855 1484 venit:

462 1540 635 1610 Quem
663 1545 812 1600 en‘lm
843 1543 1056 1612 florem;
1088 1553 1186 1600 aut
1212 1544 1358 1614 quod
1386 1544 1593 1599 lumen-
1620 1543 1962 1613 eloquentiar-
1985 1541 2332 1597 n'on'liabent
2347 1540 2528 1606 iQuis
2565 1539 2734 1599 dicat;
2782 1537 2984 1608 quibus
3017 1535 3291 1594 coloribus
3316 1533 3508 1589 Noemi
3539 1548 3724 1590 arcam

466 1636 878 1708 expingatg-aut
905 1637 1146 1692 hiemem
1174 1635 1344 1702 illam,
1372 1638 1514 1706 quae:
1533 1635 1789 1690 letalibus
1827 1634 2004 1689 undis-
2023 1633 2214 1689 orbem
2256 1633 2574 1688 universum
2605 1624 2840 1688 obruit?”
2859 1621 3156 1684 Abmbami
3181 1621 3620 1699 prudentiamne,
3653 1643 3725 1682 an

468 1721 916 1784 incitatissimum
942 1725 1586 1798 obsequelamWiheius'
1621 1725 1878 1790 d'elin'eet,
1917 1723 2252 1795 in'ambiguo
2287 1730 2390 1777 est.
2430 1721 2792 1777 Pertinacem'
2816 1711 2949 1775 Elim
2987 1716 3558 1787 zelum,.et'ardorem
3611 1734 3724 1774 non

467 1817 668 1885 refert;
689 1820 919 1890 ipsemet
947 1821 1105 1891 geirit,
1124 1812 1357 1890 ipsemet
1379 1819 1700 1890 prepheta'm
1714 1817 2194 1873 adb‘uman’itatem
2213 1823 2511 1886 retorquet.
2527 1813 2664 1868 Tam
2682 1814 2738 1868 in
2759 1811 3056 1885 quamlibet
3077 1809 3622 1882 partemcommodus
3638 1809 3726 1864 in-

468 1911 710 1968 cumbit!
735 1897 889 1968 Jonas
915 1915 1076 1968 casus
1093 1913 1290 1978 varios,
1311 1909 1684 1967 innocentium
1719 1899 2026 1982 puellorum
2049 1909 2416 1966 miserabilem
2450 1907 2724 1978 simulque
2746 1906 3023 1963 letabilem
3042 1913 3244 1960 sortem
3255 1919 3365 1958 non
3385 1902 3593 1968 scribit,
3612 1919 3726 1959 non

471 2003 763 2067 denarrat;
792 2010 1026 2074 spectat,
1063 2012 1120 2058 et
1147 2018 1249 2058 nos
1276 2011 1524 2073 spectare
1562 1989 1710 2056 facit.
1745 1998 2007 2056 Doctrina
2029 1999 2150 2070 ejus
2173 1999 2242 2054 de
2282 1997 2536 2052 abstruso
2576 1997 2774 2067 aliquo
2791 1995 3066 2058 veritatis,
3087 2008 3156 2049 ac
3178 1991 3514 2064 theognosiaa
3538 2008 3727 2063 prom-

473 2095 694 2165 ptuario
730 2095 926 2150 hausta
953 2104 1058 2159 est,
1091 2103 1218 2150 tota‘
1240 2095 1474 2160 sincera,
1506 2102 1564 2148 et
1587 2091 1815 2162 liquida,
1849 2100 1961 2148 tota
2003 2101 2176 2148 recta.
2199 2089 2376 2154 Unde;
2408 2098 2466 2144 et
2500 2104 2606 2144 cur
2628 2087 3013 2152 Deus-,-mundi
3042 2086 3210 2142 totius
3231 2099 3355 2142 cum
3389 2084 3468 2139 sit
3492 2085 3731 2140 aedifica-

473 2197 582 2254 tor,
605 2187 796 2241 mundi
820 2196 877 2242 et
905 2179 1768 2243 immundi'animalisdiscrimen
1796 2179 2107 2248 invexerit;
2146 2197 2246 2237 cur
2275 2181 2508 2236 Cainum
2537 2179 2654 2235 tolli
2683 2179 2940 2244 noluerit,
2975 2179 3165 2234 dextre
3198 2176 3393 2246 aperit;
3433 2175 3504 2233 Ut
3530 2177 3709 2249 angeli

474 2279 597 2334 sine
628 2291 858 2347 corpore
884 2279 1014 2345 sint,
1049 2279 1217 2348 atque
1233 2276 1480 2334 molliori
1511 2266 2042 2346 sexulinequiverint
2066 2272 2295 2339 adulari,
2317 2276 2453 2327 sane
2479 2271 2688 2328 docet:
2714 2271 2817 2327 etsi
2843 2271 3087 2343 plerique
3108 2280 3356 2328 veterum
3379 2268 3731 2326 dissentiant.

475 2367 604 2434 Quo
635 2351 1598 2438 consilio'Phiiistinorum'prmputia
1629 2353 2049 2420 Davidem'Saul
2083 2362 2418 2434 poposcerit,
2448 2377 2562 2418 non
2597 2361 2799 2432 capita,
2821 2367 2949 2417 ‘non
2977 2360 3108 2432 quid
3155 2361 3321 2426 aliud,
3362 2359 3530 2431 digito
3574 2375 3732 2416 mon-

477 2471 632 2518 strat.
663 2449 842 2518 Mater
866 2462 1098 2518 ﬁliorum
1118 2458 1372 2519 Zebedazi
1405 2463 1472 2518 de
1501 2477 1698 2525 cruce,
1729 2461 1798 2516 de
1827 2467 2026 2525 morte,
2057 2458 2126 2514 de
2153 2457 2595 2528 exquisitissimis
2635 2456 2952 2528 ignominiis
2980 2456 3280 2512 subeundis
3307 2454 3584 2511 Christum
3621 2455 3736 2510 dis-

480 2563 756 2611 serentem
781 2557 1275 2628 audit,et~magnas
1301 2558 1376 2612 de
1394 2571 1564 2627 regno
1601 2570 1728 2625 spes
1761 2553 2020 2624 concipit.
2057 2553 2210 2608 Unde
2243 2552 2347 2608 illa:
2373 2553 2536 2622 spes?
2571 2551 2805 2608 Basilius
2849 2551 3263 2608 fundamentum
3292 2550 3530 2622 subiicit.
3564 2549 3737 2606 Filius

478 2660 591 2701 non
628 2645 811 2701 minus
836 2647 1190 2715 quam-Pater
1217 2656 1304 2701 est
1327 2644 1915 2715 omnipotentissimus,
1952 2652 2009 2698 et
2035 2641 2137 2698 sibi
2177 2649 2503 2713 potestatem
2531 2641 2717 2697 adimit
2749 2655 3035 2714 germanos
3064 2642 3186 2698 illos
3211 2641 3280 2698 ad
3323 2640 3509 2696 Patris
3537 2641 3734 2696 dexte-

477 2751 594 2790 ram
623 2743 681 2790 et
707 2733 988 2790 sinistram
1026 2735 1346 2791 collocandi
1373 2753 1388 2790 :
1423 2734 1809 2805 perplexabilis
1849 2733 2044 2794 oratio.
2084 2733 2190 2788 nisi
2219 2732 2453 2788 Basilius
2490 2733 2625 2788 scite
2653 2733 2945 2789 admodum
2973 2734 3254 2790 enodaret.
3280 2734 3499 2789 Daemon
3529 2732 3733 2805 excipit

479 2835 670 2894 vocem
695 2833 820 2882 cum
850 2828 1079 2883 ost'e‘ntis
1105 2829 1245 2883 cmlo
1271 2827 1493 2881 missam
1522 2845 1536 2880 :
1562 2827 1665 2880 Hic
1693 2836 1770 2881 est
1807 2825 1982 2879 Filius
2012 2833 2156 2880 meus
2188 2826 2254 2898 (’)
2274 2869 2290 2892 ,
2322 2827 2917 2899 et'ignorat'Christum
2945 2844 3066 2884 esse
3092 2829 3298 2884 Deum:
3328 2837 3593 2894 acute,ut
3624 2830 3755 2882 cae-4

445 2917 448 2926 ’
482 2928 620 2983 tera,
659 2922 763 2977 hoc
801 2922 1154 2993 ille‘expedit.
1186 2922 1406 2978 Petrum
1429 2937 1614 2976 amore
1642 2922 1856 2976 ebrium
1887 2921 2058 2992 gradu
2087 2921 2411 2978 titubantem
2431 2933 2624 2978 onerat
2650 2923 2868 2980 Satanae
2895 2923 3244 2988 maledictio;
3278 2921 3730 2984 Judamosorem,

482 3022 540 3066 et
571 3013 939 3083 conspiratum
961 3015 1420 3085 o‘onjuratumque-
1442 3015 1656 3069 hostem
1679 3013 1876 3070 blande
1917 3015 2491 3084 «amice-compellat
2517 3035 2531 3070 :
2565 3016 2640 3071 ita
2659 3025 3002 3088 praeceptore
3037 3016 3364 3086 Basilio-par!
3379 3015 3726 3070 luit-utrum-

483 3118 590 3172 que
620 3104 914 3160 nominari.
953 3105 1200 3175 Denique
1228 3106 1510 3196 uberrima
1537 3114 1645 3173 est,
1671 3123 1734 3162 ac
1763 3107 2232 3164 latissimavaria
2273 3110 2599 3166 eruditionis
2625 3110 2822 3166 messis
2855 3110 2910 3164 in
2939 3110 3025 3165 his
3063 3109 3243 3165 Basilii
3269 3108 3504 3179 scriptis,
3531 3123 3637 3178 qua
3665 3107 3737 3163 ad

485 3198 710 3264 veteris,
741 3200 942 3268 qua'ad
969 3215 1124 3254 novae
1155 3200 1488 3272 legis-capita
1518 3201 1842 3272 exponenda-
1868 3203 2110 3258 animum
2141 3205 2389 3275 appellit.
2422 3204 2916 3264 Verumenimvero
2947 3208 3186 3279 linguam
3217 3209 3337 3279 ejus
3364 3203 3741 3282 ignorantibus

486 3293 731 3360 peropus
747 3287 1200 3346 estiet‘commodo
1219 3292 1404 3363 aliquo
1429 3293 1860 3366 interprete,.qui
1893 3296 2101 3364 vinum,
2137 3298 2228 3368 qui
2257 3307 2446 3352 nectar
2465 3299 2814 3370 propinaret;
2844 3315 2916 3356 ne
2941 3299 2984 3355 si
3012 3301 3135 3371 quis
3159 3301 3299 3357 alius
3317 3301 3620 3367 accederet,
3646 3300 3742 3354 τὸν

486 3383 654 3439 οἰνέα
684 3385 812 3454 ποιῇ
854 3382 1061 3452 Πηλέα.
1090 3389 1163 3439 ne
1186 3385 1510 3441 suavissima
1549 3395 1656 3442 tam
1683 3404 1820 3444 rara:
1845 3380 2170 3470 eloquentia:
2203 3391 2405 3447 fluenta
2435 3407 2597 3448 cinno
2618 3393 2884 3448 turbaret.
2902 3395 3017 3466 Ego
3037 3411 3167 3451 vero
3195 3395 3290 3465 qui
3319 3410 3417 3466 per
3448 3395 3737 3449 infantiam

490 3473 743 3556 videbam
776 3470 1384 3532 necessario'nonnulla
1415 3478 1483 3532 de
1506 3478 1704 3536 Basilio
1735 3480 1992 3538 dictionis
2019 3484 2714 3551 ornamenta'detmhenda',
2748 3495 2805 3541 et
2833 3488 3062 3558 sparsim
3087 3488 3301 3544 laudem
3330 3488 3451 3558 ejus
3480 3489 3741 3558 aliquam,

489 3573 552 3622 ut
578 3565 659 3631 lit,
681 3566 1091 3637 interpretando
1122 3567 1474 3625 deterendam
1508 3589 1524 3625 :
1555 3573 1794 3641 primum
1835 3573 2196 3646 circumspexi
2226 3587 2333 3647 qua
2359 3575 2670 3633 Latinitatis
2693 3580 2936 3649 pomeria
2974 3579 3438 3644 dill'undcrentur,
3483 3589 3540 3635 et
3572 3581 3743 3650 majo-

488 3670 605 3710 rem
628 3657 891 3712 ambitum
929 3658 1193 3728 comperi,
1223 3670 1388 3728 quam
1416 3661 1664 3732 p1erique
1688 3664 2240 3736 circumscripserint,
2272 3682 2375 3723 nec
2402 3667 2529 3723 inde
2557 3668 2808 3723 versioni'
2825 3669 3138 3738 adjumenta
3163 3672 3488 3739 conquirere
3517 3680 3746 3726 cuncta-

490 3761 581 3806 tus
613 3757 767 3816 sum;
796 3750 972 3806 velut
999 3750 1308 3808 Crtecarura
1337 3767 1533 3812 vocum
1580 3759 1805 3828 pundus'
1824 3772 2123 3830 aequatam,
2167 3761 2251 3815 vel
2283 3767 2355 3815 ut
2374 3760 2553 3815 Latini
2584 3763 2684 3816 soli
2712 3761 2931 3817 divitias
2959 3764 3250 3833 aperirem.
3281 3764 3454 3830 Quam
3483 3766 3746 3824 insistens

488 3843 636 3900 viam
665 3844 789 3900 dedi
823 3846 1069 3916 operarii,
1106 3856 1167 3901 ut
1192 3839 1522 3904 sententiam
1566 3852 1948 3921 aequilibritate
1978 3854 2342 3908 examinatam
2388 3855 2767 3925 rependerem.
2802 3855 3078 3925 Siquidem
3110 3873 3198 3912 res
3231 3859 3370 3922 alite,
3419 3866 3584 3928 atque
3624 3859 3745 3915 alia:

488 3937 592 3993 sub
628 3938 747 3993 aliis
773 3948 936 4010 atque
969 3938 1088 3993 aliis
1127 3941 1407 3996 vocabulis
1434 3941 1796 4007 delitescunt;
1827 3959 1932 3998 nec
1959 3943 2236 4000 immerito
2265 3945 2397 4001 illud
2419 3962 2450 4001 a
2478 3945 2894 4017 suaviloquente'
2920 3946 3145 4004 Platone
3176 3949 3455 4006 decretum
3487 3959 3572 4005 est
3602 3969 3616 4005 :
3645 3952 3745 4014 ’ος

489 4032 560 4085 ἂν
584 4033 701 4102 εἰδῇ
729 4034 797 4087 τὰ
816 4033 1082 4103 ὀνόματα,
1109 4032 1318 4086 eiectat
1340 4049 1458 4097 πως
1486 4032 1674 4088 καὶτὰ
1705 4033 2027 4104 πράγματα.
2052 4034 2109 4089 Νι

2122 4024 2246 4104 κιυό
2275 4035 2423 4090 vocis
2446 4036 2699 4106 alicujus,
2725 4038 2822 4092 sed
2851 4037 3146 4094 dimidiatae
3169 4038 3433 4095 duntaxat
3461 4041 3609 4097 vocis
3641 4043 3742 4097 im-

489 4127 813 4191 mutatiOne,
843 4137 936 4184 aut
974 4127 1192 4198 syllaba:
1224 4129 1585 4184 maximorum
1617 4143 1958 4199 quorumque
1989 4131 2301 4203 dogm‘atum
2333 4142 2612 4188 momenta
2642 4140 2951 4188 vertuntur.
2990 4133 3239 4189 llmretici
3266 4134 3512 4189 nonnulli
3538 4134 3597 4189 Β.
3629 4133 3742 4190 Ma-

490 4222 625 4277 riam
647 4221 1012 4290 Χριστοτόκον
1030 4221 1454 4290 appellitabant;
1499 4217 1764 4276 Catholici
1787 4220 2075 4284 Θεοτόκον,
2097 4225 2110 4273 t

2121 4220 2526 4294 Ξεογεννὴτορα,
2557 4234 2613 4280 et
2636 4225 2940 4281 consultius
2970 4225 3294 4300 Θεομήτορα
3321 4244 3336 4281 :
3365 4219 3564 4282 Filium
3595 4227 3741 4282 Patri

491 4313 898 4370 contendebant
924 4313 1210 4385 ὀμοούσιον
1249 4313 1582 4378 orthodoxi;
1627 4313 1934 4384 ὁμοιούσιον
1971 4317 2110 4386 parti

2119 4317 2232 4372 arii.
2271 4311 2611 4373 Salvatorem
2650 4327 2901 4373 nostrum
2932 4319 3300 4376 non-defuere
3323 4323 3416 4391 qui
3445 4319 3739 4387 Claranum,

492 4421 602 4462 non
625 4406 915 4471 Christum,
948 4405 1323 4460 nominarent.
1359 4405 1514 4472 Quod
1544 4405 1587 4460 si
1623 4405 1760 4461 Novi
1798 4406 2132 4465 Testamenti
2171 4409 2462 4481 interpres,
2500 4410 2644 4480 quod
2675 4418 2790 4464 erat
2822 4410 2879 4466 in
2911 4411 3121 4475 Graeco,
3175 4412 3513 4483 καλούμενον
3536 4414 3744 4488 Πέτρον

489 4499 767 4565 vertisset,
797 4497 902 4564 Qui
931 4499 1219 4553 vocabatur
1251 4498 1461 4561 Petrus,
1496 4497 1720 4554 abiisset
1742 4515 1772 4554 a
1805 4516 1980 4555 vero:
2019 4501 2150 4556 dum
2182 4504 2366 4570 vertit,
2394 4503 2498 4568 Qui
2529 4513 2770 4567 vocatur,
2797 4519 3013 4574 aquom
3045 4505 3204 4571 fecit;
3228 4521 3393 4560 causa
3421 4506 3610 4576 liquet.
3632 4507 3746 4562 Nec

492 4591 790 4660 quidquam
822 4590 1037 4646 facilius
1073 4590 1217 4645 iactu
1246 4599 1331 4644 est
1359 4606 1390 4645 e
1415 4589 1604 4646 Graeco
1648 4589 1837 4647 Latine
1879 4594 2140 4658 vertenti,
2172 4610 2333 4664 quam
2363 4596 2675 4666 longissime
2705 4610 2736 4648 a
2771 4595 3019 4658 veritate,
3067 4603 3230 4666 atque
3262 4597 3333 4651 ab
3379 4595 3618 4652 auctoris
3666 4596 3746 4650 ire

493 4685 790 4750 sententia,
824 4685 870 4740 si
920 4699 1109 4740 vocem
1161 4683 1394 4754 aliquam
1434 4684 1651 4754 reponit
1691 4685 1951 4756 iniquius.
1975 4686 2132 4756 Quod
2175 4704 2286 4742 non
2319 4704 2387 4744 eo
2415 4697 2618 4754 statuo,
2655 4688 2801 4758 quod
2836 4687 3138 4742 orationem
3171 4688 3416 4744 Graecam
3447 4688 3502 4742 in
3537 4687 3744 4743 Italiam

494 4791 593 4846 per
627 4777 959 4839 maeandros,
994 4787 1052 4832 et
1077 4777 1332 4848 ambages
1358 4777 1520 4832 vclim
1567 4780 1867 4845 transvelii,
1907 4796 1971 4835 ac
2008 4779 2290 4852 multiplici
2334 4782 2624 4837 verborum
2655 4780 3032 4852 aggregatione
3060 4779 3308 4836 Graecum
3339 4797 3509 4836 unum
3535 4778 3694 4835 obrui
3727 4798 3742 4834 :

494 4868 592 4923 sed
627 4869 830 4925 abditae
850 4869 1152 4924 dictionum
1181 4870 1328 4926 vires
1353 4869 1658 4925 scrutandae
1680 4881 1828 4934 sunt,
1843 4882 1900 4926 et
1929 4872 2213 4943 apropriis
2241 4887 2429 4927 earum
2453 4871 2756 4928 visceribus
2789 4870 3054 4925 versionis
3080 4871 3418 4941 aequabilitas
3436 4869 3744 4924 statuenda.

493 4961 684 5031 Neque
733 4977 868 5017 vero
906 4960 1236 5032 defugienda
1260 4964 1496 5028 novitas,
1527 4964 1619 5019 ubi
1653 4966 1829 5036 prisca
1865 4965 2158 5032 defuerint,
2207 4966 2276 5022 de
2310 4975 2555 5020 veterum
2603 4963 2918 5018 Latinorum
2959 4963 3227 5033 exemplo,
3263 4971 3318 5018 et
3357 4961 3744 5033 praeceptione.

494 5052 702 5110 Omnes
729 5057 883 5112 enim
907 5058 1156 5115 scientia:
1178 5075 1288 5115 non
1320 5059 1495 5115 solum
1525 5073 1557 5113 e
1577 5059 1850 5115 communi
1883 5076 2008 5127 usu,
2039 5075 2104 5115 ac
2129 5059 2475 5131 possessione
2500 5059 2793 5114 verborum
2819 5058 2989 5114 multa
3013 5057 3427 5113 retraxeruntin
3447 5056 3748 5113 domestica

501 5150 814 5212 commoda.
843 5166 966 5222 quae
998 5151 1052 5206 in
1081 5153 1295 5224 peculio
1324 5162 1639 5221 numerant,
1664 5152 1760 5208 sed
1799 5161 2065 5224 praeterea
2094 5153 2264 5208 multa
2293 5153 2362 5208 de
2398 5167 2542 5208 novo
2583 5151 2958 5222 procuderunt
2999 5147 3309 5205 necessitati
3340 5159 3745 5205 succurrentes.

498 5241 613 5300 Nec
641 5245 697 5300 id
729 5245 804 5298 ita
835 5243 1076 5314 disputo,
1121 5244 1266 5314 quod
1299 5239 1548 5300 Bomani'
1579 5244 1850 5299 sermonis
1893 5243 2148 5299 incudem
2191 5257 2380 5314 parem
2431 5242 2663 5298 tundere
2699 5259 2714 5297 :
2756 5257 2944 5296 verum
2973 5241 3119 5312 quod
3151 5240 3448 5296 necessitas
3489 5243 3748 5298 nonnuiia

497 5335 786 5398 extundat,
824 5335 1024 5406 quibus
1053 5336 1144 5406 qui
1176 5336 1424 5390 modeste
1455 5336 1646 5400 utitur,
1673 5335 1763 5404 qui
1797 5333 2166 5389 Christianum
2189 5343 2248 5390 et
2275 5333 2614 5389 Catholicam
2643 5331 2709 5388 iis
2743 5349 2803 5388 se
2830 5331 3136 5404 profitetur,
3169 5331 3327 5402 culpa
3362 5341 3532 5390 caret.
3569 5331 3750 5399 Quare

494 5435 765 5500 perpetuo
792 5442 895 5482 usu
923 5427 1342 5491 lncarnationis,
1369 5424 1683 5493 Saluatoris,
1714 5427 1927 5497 aliaque
1969 5426 2197 5496 paucula
2233 5424 2496 5481 vocabula
2522 5423 2759 5495 vulgavi,
2791 5438 3020 5479 securus
3049 5422 3375 5479 insanientis
3403 5423 3633 5478 aliorum
3663 5439 3749 5478 sa-

499 5520 740 5591 pientis,
772 5520 868 5591 qui
901 5533 1061 5576 secus
1087 5517 1358 5575 fecerunt.
1412 5516 1625 5574 Pridem
1656 5518 1807 5574 enim
1851 5517 2041 5575 imbibi
2085 5517 2317 5590 primam
2346 5515 2654 5587 interpreti,
2696 5528 2760 5569 ac
2784 5529 2954 5584 prope
2993 5509 3226 5570 unicam'
3257 5513 3382 5570 fidei
3412 5528 3599 5592 curam
3626 5527 3750 5569 esse

568 5696 587 5728 ¹
617 5693 808 5750 Matth.
844 5709 930 5760 ιιι,
968 5695 1055 5750 Π.

569 5833 642 5904 (b)
677 5832 810 5890 Vide
841 5833 1006 5889 (ἔνης.
1037 5811 1476 5899 Clmlredoaertse,
1507 5837 1614 5886 act.
1647 5833 1731 5886 16.
