4102 6582
343 427 409 491 29
1782 426 2065 485 ORATIO
2105 427 2132 484 Ι
2506 404 2513 415 ’
3526 435 3595 497 3o

339 539 435 606 τὴν
460 534 732 590 δ.άθεσιν.
760 534 872 588 Καὶ
888 533 957 588 τά
975 532 1076 604 τῆς
1097 532 1298 604 σαρκὸς
1326 532 1647 603 κοιμίζουσα
1681 532 1922 604 κύματα,

2037 532 2193 585 tradit
2227 532 2472 601 corporis
2521 533 2928 617 gubernacula,
2966 548 3175 592 necnon
3226 524 3405 595 accisa
3449 544 3596 597 sedi-

338 628 405 695 τῇ
433 626 587 695 ψυχῇ
620 624 861 694 γαλήνην
913 623 1305 695 μνηστεύεται·
1344 622 1641 693 ἐγχειρίζει
1686 623 1742 675 δὲ
1789 624 1927 694 αὐτῇ

2037 624 2173 677 Lionc
2213 622 2264 675 in
2291 625 2574 691 passiones
2596 623 2687 679 dat
2721 634 3073 695 potestatem,
3118 638 3282 697 atque
3324 630 3411 684 ubi
3454 634 3593 686 ami-

340 718 466 777 τοὺς
501 715 647 767 κατὰ
681 714 776 767 τοῦ
810 713 1059 784 σώματος
1084 713 1308 776 οἴακας·
1345 713 1440 765 καὶ
1477 713 1798 783 περικόπτει
1828 712 1926 783 τὴν

2037 728 2156 768 cum
2220 715 2433 783 corpori
2488 715 2739 770 ardorem
2790 716 3160 784 exstinxerit,
3202 718 3372 773 facem
3430 721 3598 776 divini

345 808 557 871 στάσιν,
603 808 701 878 τὴν
735 804 877 861 κατὰ
930 805 1041 859 τῶν
1092 803 1281 859 παθῶν
1336 804 1583 871 ἐξουσίαν
1636 804 1921 873 ὀρέγουσα,

2037 806 2238 859 amoris
2291 805 2599 859 reluminat.
2636 807 2748 876 Age
2794 808 2958 878 igitur
2983 847 2998 871 ,
3032 820 3087 863 et
3131 824 3230 863 nos
3260 811 3466 865 caelesti
3502 815 3599 867 ob-

349 901 437 954 καὶ
481 899 584 970 τὴν
638 898 1016 969 φιλοσώματον
1062 896 1338 967 πυρκαϊὰν
1391 894 1770 956 άποσὸέσασα,
1824 894 1924 964 τὴν

2037 892 2194 952 ιεευιί
2231 896 2372 950 tuba:
2397 894 2577 948 divina
2611 897 2957 961 meditemur,
2981 911 3044 951 ac
3072 912 3166 966 per
3193 909 3501 954 creaturam
3530 902 3598 954 ad

349 991 591 1061 φιλόθεον
621 992 850 1046 ἀνάπτει
881 989 1160 1062 λαμπάδα.
1207 987 1379 1059 Δεῦρο
1408 987 1474 1059 δὴ
1504 981 1599 1040 οὖν
1639 988 1733 1040 καὶ
1762 988 1924 1057 ἡμεῖς

2037 995 2290 1041 creatura:
2319 985 2608 1039 Dominum
2639 985 3018 1041 ascendamus.
3049 988 3190 1043 Deus
3222 1003 3453 1058 namque
3476 1005 3598 1045 cum

347 1083 577 1155 ούρανίῳ
606 1083 919 1154 πειθόμενοι
960 1079 1244 1150 σάλπιγγι,
1277 1077 1656 1148 φιλοσοφῶμεν
1683 1076 1751 1131 τά
1783 1076 1921 1149 θεῖα,

344 1174 434 1227 καὶ
466 1175 609 1247 πρὸς
638 1175 732 1229 τὸν
759 1175 858 1247 τῆς
887 1174 1117 1237 κτίσεως
1149 1172 1427 1242 Δεσπότην
1453 1169 1542 1225 διὰ
1567 1170 1667 1241 τῆς
1695 1170 1925 1232 κτίσεως

2036 1091 2127 1132 res
2159 1086 2379 1133 creatas
2413 1076 2465 1130 in
2502 1090 2712 1130 morem
2757 1075 2915 1132 scalae
2963 1080 3323 1149 adaptaverit,
3369 1096 3467 1151 per
3507 1098 3602 1138 eas

2029 1169 2109 1224 sui
2137 1169 2446 1224 amantibus
2474 1181 2759 1223 ascensum
2797 1169 2865 1221 ad
2896 1182 2954 1222 se
2998 1171 3291 1226 exstruxit.

343 1270 749 1341 ἁναϐαίνωμεν.
804 1269 1087 1340 Κλίμακος
1134 1268 1243 1338 γὰρ
1291 1266 1450 1337 δίκην
1494 1265 1627 1330 Θεὸς
1670 1264 1921 1337 ἁρμόσας
1985 1265 2085 1335 τὴν
2135 1262 2331 1330 κτίσιν,
2382 1265 2449 1318 δι’
2520 1263 2696 1335 αὐτῆς
2749 1264 2887 1334 πρὸς
2940 1265 3132 1321 ἐαυτὸν
3178 1270 3294 1332 τοῖς
3336 1268 3600 1338 φιλοθέοις

344 1360 611 1414 ἀνάϐασιν
640 1359 983 1431 ἐτεχνήσατο.

413 1453 479 1523 β’.
520 1451 871 1523 Χειραγωγεί
920 1449 979 1504 δὲ
1019 1449 1165 1521 ἡμᾶς
1212 1447 1349 1520 πρὸς
1388 1445 1486 1520 τὴν
1534 1446 1720 1503 ἄνοδον
1758 1447 1918 1519 χάρις

343 1543 649 1613 Μωσαῖκῆς
684 1540 931 1611 γλώττης
963 1539 1317 1595 ἐπιϐαίνουσα
1359 1538 1674 1610 προφητική
1695 1552 1711 1568 ·
1749 1538 1803 1591 τί
1832 1538 1921 1591 λέ-

2098 1447 2155 1501 2.
2184 1446 2321 1502 Ecce
2344 1461 2443 1503 nos
2476 1448 2542 1503 ad
2566 1461 2852 1504 ascensum
2881 1465 3038 1505 manu
3064 1450 3213 1506 ducit
3246 1450 3447 1523 Moysis
3471 1469 3613 1524 pro-,

2031 1538 2208 1609 pheta:
2232 1537 2423 1609 linguae
2443 1538 2618 1594 infusa
2642 1540 2837 1609 gratia.
2866 1540 3068 1612 Ecquid
3104 1542 3384 1613 loquitur?
3406 1546 3601 1615 ecquid

345 1652 552 1705 γουσας
584 1633 639 1687 τί
675 1632 888 1705 βοῶσας
936 1630 1041 1685 Ἐν
1065 1628 1240 1725 ἀρχῇΔ
1257 1629 1549 1695 ἐποίησεν
1584 1630 1619 1683 ὁ
1644 1628 1783 1694 Θεὸς
1818 1628 1926 1725 τὸς

2037 1626 2312 1682 clamitat?
2362 1627 2430 1682 In
2462 1628 2727 1699 principio
2764 1632 2960 1685 creavit
3008 1631 3147 1686 Deus
3186 1633 3369 1686 calum
3399 1644 3449 1688 et
3493 1644 3603 1689 τεν-η

344 1726 611 1796 οὐρανὸν
664 1725 762 1779 καί
813 1722 930 1791 τὴν
982 1720 1120 1792 γῆν.
1185 1714 1373 1791 Ὁρᾷς,
1428 1719 1625 1790 φησὶν,
1692 1716 1922 1789 ούρανοῦ

347 1819 548 1888 πλάτη,
580 1817 677 1869 καὶ
726 1814 953 1887 μεγέθη,
990 1812 1084 1867 καὶ
1134 1810 1330 1881 κάλλη,
1383 1809 1452 1863 τά
1501 1808 1612 1861 τῶν
1658 1807 1924 1878 ὀμμάτων

349 1908 747 1979 ύπερόαίνοντα
777 1905 952 1976 μέτρα
982 1900 1061 1974 τῷ
1088 1900 1356 1972 θαύματις
1384 1891 1587 1951 Τοῦτον
1613 1896 1644 1950 ό
1670 1895 1802 1959 Θεὸς
1832 1892 1925 1948 καὶ

354 2003 640 2072 παρήγαγε
690 1997 943 2068 νεύματι,
989 1994 1085 2049 καὶ
1129 1991 1343 2063 συνέχει
1391 1989 1803 2061 προστάγματι·
1860 1986 1923 2039 ού

357 2093 592 2149 κάτωθεν
626 2089 1048 2162 ύπερεισμάτων
1076 2082 1618 2157 προσαναὼινόντων
1645 2082 1759 2143 τοῖς
1804 2077 1927 2149 ύψε·

355 2203 456 2250 σιν,
488 2183 614 2237 οὔτε
646 2181 759 2254 μὴν
800 2179 1010 2236 ἄνωθέν
1037 2194 1121 2243 τις
1146 2174 1342 2247 δεσμὸς
1378 2175 1480 2246 τῆς
1511 2171 1741 2245 ούρανοῦ
1766 2188 1927 2243 κορυ-

352 2279 454 2347 φῆς
484 2273 907 2346 ύπρκείμενος,
942 2271 1054 2325 άνω
1093 2268 1275 2340 μένειν
1306 2265 1587 2339 βιάζεται·
1619 2262 1682 2317 τὸ
1724 2261 1782 2316 δέ
1827 2262 1928 2333 τῆς

348 2370 451 2440 γῆς
477 2368 645 2438 ἄχθος
673 2365 1005 2436 ἀπεράντοις
1020 2361 1156 2435 ζτοῐς
1193 2360 1549 2431 διαστήμασι,
1591 2356 1696 2412 ποῦ
1727 2354 1929 2427 κρέμα-

348 2478 470 2526 ται;
512 2458 678 2513 Ἀλλὰ
712 2458 818 2512 κᾶν
866 2454 1032 2527 εὕρῃς
1063 2452 1312 2526 θεμέλιον
1347 2449 1728 2521 ὑποκείμενον,
1765 2448 1928 2501 πάλιν

348 2553 563 2606 ἐκείνου
616 2547 715 2618 τὴν
769 2544 928 2617 ῥίζαν
957 2544 1167 2614 ζητεῖς,
1211 2540 1308 2596 καὶ
1355 2540 1473 2612 μετ’
1521 2538 1699 2592 ἐκεῖνο
1732 2534 1794 2590 τὸ
1836 2534 1927 2589 ὑπ’

351 2645 548 2706 ἐκεῖνο,
586 2640 689 2703 ἕως
737 2637 816 2707 τῷ
856 2634 1014 2706 βάθει
1041 2633 1140 2704 τῆς
1168 2631 1395 2705 ἐρεύνης
1438 2631 1468 2683 ό
1505 2626 1765 2698 λογισμὸς
1814 2643 1933 2680 παι·

350 2731 559 2794 δευθεὶς
586 2727 876 2799 ἀνακράζῃ
894 2740 911 2756 ·
936 2723 1241 2788 Δάκτυλος
1269 2720 1418 2774 Θεοῦ
1439 2717 1617 2773 τοῦτό
1640 2718 1794 2771 ἐστι.
1819 2716 1931 2771 Καὶ

354 2824 412 2877 τὸ
439 2823 506 2895 δη
532 2820 629 2874 τοῦ
655 2818 933 2890 θαύματος
961 2814 1149 2886 θαῦμα
1174 2813 1435 2884 διάδοχον.
1473 2809 1712 2882 Οὐρανὸς
1739 2809 1832 2862 καὶ
1858 2808 1930 2878 γῆ

355 2911 740 2983 παρηγάγοντο
788 2904 1182 2976 κυοφοροῦντες
1232 2904 1332 2973 τὴν
1392 2901 1628 2957 άσυσσον
1652 2937 1669 2965 ,
1722 2898 1819 2952 καὶ
1863 2897 1933 2951 τὰ

2030 1718 2206 1773 ram‘.
2243 1718 2450 1786 Vides,
2509 1719 2686 1791 inquit
2747 1721 3002 1793 Moyses,
3057 1723 3179 1778 caeli
3230 1724 3601 1791 latitudinem.

2031 1807 2485 1878 magnitudinem,
2520 1812 3011 1882 pulchritudinem,
3036 1828 3158 1883 qua:
3177 1814 3458 1869 oculorum
3489 1817 3598 1870 vim

2029 1898 2457 1956 admirabilitate
2508 1917 2607 1956 sua
2662 1905 2964 1973 superant?
3007 1905 3113 1961 hoc
3160 1905 3245 1961 vel
3284 1915 3414 1961 nutu
3456 1907 3599 1963 Deus

2028 1990 2283 2059 produxit
2304 1991 2647 2065 imperioque
2678 2007 2964 2064 continet;
2997 2013 3101 2054 non
3139 2000 3473 2059 fulcimentis
3515 2006 3599 2059 in-

2030 2077 2182 2137 fernc
2213 2083 2658 2153 pervenientibus
2688 2087 2756 2143 ad
2785 2102 3029 2146 summas
3063 2101 3269 2162 partes,
3298 2110 3476 2165 neque
3507 2113 3600 2152 su-

2029 2184 2195 2240 perne
2230 2173 2503 2228 vinculum
2552 2174 2718 2231 ullum
2767 2178 2889 2233 cteli
2931 2182 3121 2236 vertici
3167 2185 3594 2255 superiujectum

2028 2276 2246 2316 sursum
2275 2272 2423 2320 stare
2470 2266 2616 2335 c0git
2647 2287 2661 2323 :
2715 2278 2873 2323 terrae
2905 2284 3037 2327 vero
3067 2275 3297 2343 pondus,
3337 2291 3461 2330 cum
3509 2278 3597 2331 in-

2030 2350 2321 2406 terminata
2357 2353 2469 2408 sint
2504 2355 2624 2426 ejus
2643 2359 2843 2427 spatia,
2884 2361 2972 2416 ubi
3006 2377 3304 2435 appensum
3339 2368 3465 2423 est?
3494 2367 3599 2422 Ve-

2030 2458 2147 2499 rum
2202 2444 2304 2501 etsi
2350 2446 2655 2519 subjectum
2707 2450 3114 2510 fundamentum
3146 2457 3444 2528 inveneris,
3482 2463 3598 2517 ori-

2029 2534 2209 2604 ginem
2256 2536 2375 2607 ejus
2423 2540 2616 2594 iterum
2667 2543 2888 2610 quaeris,
2925 2553 2979 2599 et
3011 2556 3196 2615 postea
3231 2548 3399 2617 aliud,
3433 2561 3599 2623 atque

2030 2625 2178 2682 aliud
2225 2626 2567 2698 subjectius;
2621 2631 2794 2687 donec
2822 2636 3080 2690 scrutinii
3127 2639 3395 2707 profundo
3447 2658 3602 2700 meus

2030 2718 2223 2773 edocta
2252 2720 2521 2777 exclamet
2552 2738 2568 2776 :
2605 2720 2817 2795 Digilus
2846 2725 2946 2780 Dei
2972 2737 3049 2782 est
3072 2729 3155 2783 hic
3177 2731 3221 2786 ⁸.
3251 2730 3318 2786 Ει
3356 2732 3603 2803 profecto

2033 2809 2353 2866 miraculum
2421 2813 2683 2870 miraculo
2747 2818 3019 2886 excipitur
3074 2820 3316 2889 Caelum,
3361 2833 3417 2879 et
3460 2834 3605 2881 terra

2031 2903 2474 2973 producebantur
2520 2905 2775 2978 abyssum
2830 2919 2984 2966 utero
3026 2914 3294 2981 gestautia
3322 2958 3337 2983 ,
3372 2930 3605 2987 cumque

356 3005 569 3075 πελάγη
609 3000 968 3073 βαστάζοντες
1015 2999 1254 3062 ἵσταντο,
1287 2993 1422 3066 μηδὲ
1467 2991 1547 3063 τῷ
1580 2992 1736 3063 βάρει
1795 2990 1931 3062 πρὸς

2039 2995 2208 3049 maria
2243 2994 2568 3066 bajularent,
2601 2999 2841 3065 stabant,
2877 3016 2977 3056 nec
3007 3004 3075 3057 ad
3120 3019 3303 3059 casum
3334 3008 3617 3074 gravitate

356 3096 562 3153 πτῶσιν
589 3092 1055 3154 διολισθαίνοντες.
1086 3088 1196 3142 Καὶ
1249 3085 1501 3156 καθάπερ
1547 3100 1629 3146 τις
1674 3080 1932 3152 ἐγκύμων

355 3190 589 3262 γαστὴρ,
620 3190 739 3251 ταῖς
765 3184 874 3239 τῶν
909 3182 1092 3255 μηνῶν
1120 3179 1389 3251 περιόδοις
1417 3175 1807 3247 ἐξογκουμένη,
1834 3174 1932 3237 τὰς

355 3285 550 3346 ὠδῖνας
598 3280 924 3353 γειτνιώσας
971 3276 1262 3350 κηρύττει·
1295 3274 1387 3328 τὸν
1431 3272 1593 3328 αὑτὸν
1631 3270 1697 3343 δὴ
1733 3269 1933 3343 τρόπον

358 3372 705 3446 κρεμάμενος
733 3367 960 3440 οὐρανὸς
982 3367 1082 3436 τὴν
1106 3362 1377 3435 τοσαύτην
1402 3361 1510 3415 τῶν
1538 3361 1746 3415 ὑδάτων
1771 3358 1933 3429 φύσιν

356 3462 774 3536 ἁπεριτρέπτως
810 3458 1136 3513 ἐϐάστασεν·
1185 3456 1377 3529 ἔμενεν
1418 3453 1525 3525 γὰρ
1557 3452 1808 3514 άσειστος
1837 3453 1935 3522 Aq-

362 3554 623 3629 μιουργοῦ
670 3554 1039 3626 σφιγγόμενος
1083 3548 1331 3620 νεύματι.
1377 3546 1537 3599 Ἀλλὰ
1586 3544 1697 3613 γάρ
1743 3542 1935 3612 ὥσπερ

361 3646 508 3705 οἷκον
532 3649 664 3712 τέως
697 3647 1032 3718 ἀκόσμητον,
1072 3638 1410 3714 παραγαγὼν
1455 3638 1484 3691 ό
1510 3634 1645 3698 Θεὸς
1675 3634 1737 3687 τὸ
1776 3633 1937 3703 σῶμα

357 3744 459 3815 τῆς
491 3741 737 3806 κτίσεως,
773 3738 914 3809 μετὰ
944 3734 1100 3789 τοῦτο
1130 3732 1394 3804 προσάγει
1419 3729 1519 3800 τὴν
1550 3725 1933 3796 διακόσμησιν,

352 3837 432 3907 τῷ
462 3834 555 3888 τοῦ
590 3831 852 3904 μεγέθους
882 3828 1121 3898 θαύματι
1169 3823 1364 3886 κάλλος
1393 3820 1656 3889 ἀνάλογον
1690 3816 1938 3907 μηχανῴρ

356 3904 541 4001 μενος.
558 3925 770 3995 Ὠσπερ
784 3921 893 3991 γάρ
909 3921 957 3973 οἱ
967 3918 1074 3972 τῶν
1089 3914 1395 3986 ζωγράφων
1411 3910 1599 3973 παῖδες
1615 3904 1937 4001 προλευκαίο

352 3999 537 4079 νοντες
570 4018 694 4078 τοὺς
722 4013 955 4083 τοίχους,
979 4009 1049 4063 τὰ
1069 4008 1177 4062 τῶν
1208 4003 1515 4077 χρωμάτων
1542 4002 1679 4073 ἄνθη
1709 3999 1797 4055 διὰ
1836 4000 1937 4069 τῆς

352 4108 555 4177 τέχνης
590 4101 938 4173 φυτεύουσιν·
990 4097 1162 4161 οὕτως
1207 4098 1237 4149 ό
1278 4092 1624 4166 Δημιουργδς
1671 4091 1808 4161 πρὸς
1836 4091 1937 4161 τὴν

352 4200 449 4256 τοῦ
481 4198 692 4269 κόσμου
734 4192 1094 4269 διακόσμησιν
1123 4187 1500 4258 ἐπειγόμενος,
1532 4183 1674 4254 φωτὶ
1721 4182 1937 4252 πρῶτον

2036 3085 2151 3155 ipsa
2186 3086 2645 3158 devolvebantur;
2676 3098 2845 3159 utque
2877 3102 3071 3149 venter
3097 3097 3282 3165 gravis
3334 3100 3604 3155 mensium

2035 3178 2377 3236 revolutione
2435 3191 2817 3241 extumescens
2892 3189 3196 3254 partionem
3256 3200 3603 3260 appetentem

2035 3270 2334 3341 proclamat
2362 3290 2376 3328 :
2409 3274 2600 3329 eodem
2632 3290 2859 3344 prorsus
2883 3278 3039 3333 modo
3068 3294 3366 3351 appensum
3400 3284 3603 3339 caelum

2034 3372 2241 3419 tantam
2280 3379 2546 3436 aquarum
2579 3369 2688 3425 vim
2717 3371 2837 3427 sine
2875 3373 3233 3429 conversione
3260 3377 3606 3445 sustinebat;

2036 3456 2289 3511 manebat
2324 3458 2469 3513 enim
2519 3460 2942 3527 inconcussum,
2975 3467 3100 3519 dum
3157 3465 3435 3523 Creatoris
3477 3480 3610 3526 nutu

2036 3550 2393 3605 constrictum
2447 3553 2755 3609 tenebatur.
2818 3555 3034 3613 Etenim
3099 3559 3367 3629 producto
3418 3564 3610 3619 mundi

2036 3655 2266 3710 corpore
2295 3642 2443 3696 velut
2489 3643 2764 3700 domicilio
2811 3647 3076 3704 hactenus
3114 3650 3384 3718 inornato,
3422 3663 3611 3723 postea

2038 3732 2245 3787 inducit
2275 3743 2598 3789 ornamenta
2643 3750 2830 3805 parem
2862 3753 2984 3793 cum
3010 3741 3403 3810 magnitudinis
3441 3745 3614 3798 mira-

2038 3824 2158 3880 culo
2202 3824 2664 3894 pulchritudinem
2711 3827 3075 3885 machinatus.
3140 3829 3274 3884 Nam
3319 3833 3395 3885 uti
3437 3833 3488 3903 3
3534 3835 3616 3902 pi-

2037 3925 2216 3970 ctores
2263 3916 2573 3971 dealbatum
2618 3929 2746 3974 ante
2786 3921 3049 3987 parietem
3099 3921 3341 3977 colorum
3378 3904 3616 3979 tioribus

2038 4017 2158 4063 arte
2189 4018 2528 4063 conserunt:
2578 4008 2652 4064 ita
2708 4010 2938 4066 Creator
2996 4013 3064 4067 ad
3111 4024 3367 4069 ornatum
3420 4017 3610 4072 mundi

2038 4114 2335 4170 properans
2394 4099 2510 4156 luce
2556 4101 2790 4170 primum
2843 4104 3026 4159 mundi
3087 4106 3328 4176 parietes
3363 4107 3600 4163 dealbat.

2038 4192 2315 4262 Siquidem
2372 4192 2506 4247 dixit
2552 4193 2725 4261 Deus,
2761 4195 2936 4265 inquit
2975 4195 3188 4269 Moyses
3216 4197 3238 4229 ³
3274 4213 3289 4250 :
3330 4197 3457 4254 Fiat
3495 4199 3614 4259 lus.

352 4293 636 4351 λευκαίνει
661 4289 786 4353 τοὺς
815 4287 1026 4356 τοίχους
1056 4282 1153 4354 τῆς
1189 4279 1439 4342 κτίσεως.
1472 4272 1621 4330 Ehe
1652 4274 1784 4344 γὰρ,
1828 4290 1932 4344 φη-

2042 4283 2219 4339 Prima
2242 4283 2353 4352 jam
2373 4299 2473 4338 vox
2502 4300 2531 4338 a
2556 4284 2661 4341 Deo
2684 4287 3019 4353 mittebatur,
3047 4297 3103 4343 et
3132 4288 3221 4344 lux
3248 4290 3611 4346 nascebatur:

356 4349 487 4453 σιν,
526 4389 561 4440 ό
607 4349 782 4449 Θεός·
831 4349 1154 4447 Γέᾶ-ηθήτὲυ
1201 4371 1347 4443 φῶς.
1391 4368 1588 4441 Πρώτη
1633 4366 1785 4438 φωνὴ
1841 4365 1932 4420 νῦν

2046 4349 2367 4431 audiebatur
2421 4391 2547 4443 vox,
2595 4386 2651 4432 et
2703 4386 2896 4432 natura
2946 4349 3397 4448 producebatur:
3455 4383 3619 4439 simul

355 4481 547 4536 θεόθεν
588 4478 884 4548 ἐπέμπετο,
936 4468 1119 4526 καὶτὸ
1147 4465 1264 4538 φῶς
1311 4462 1657 4518 άπετίκτετο·
1706 4458 1937 4524 ἠκούετο

355 4600 537 4673 φωνὴ,
568 4598 663 4651 καὶ
712 4594 988 4665 παρήγετο
1039 4591 1227 4659 φύσις·
1276 4584 1466 4655 κλῆσις
1511 4580 1749 4650 ἐγένετο,
1780 4577 1875 4673 καέ
1903 4577 1938 4648 ἡ

353 4670 542 4758 κτίσις
573 4690 882 4744 ἐπλάττετο.
911 4681 1062 4756 *Αρα
1088 4683 1196 4753 γάρ
1224 4679 1327 4733 ούκ
1353 4677 1506 4748 ἴσχυε
1542 4676 1722 4746 σιωπῇ
1765 4670 1939 4743 πράτ-

349 4804 472 4842 τειν
502 4786 647 4855 άπερ
676 4780 960 4845 ἐϐούλετος
990 4777 1091 4829 ούκ
1117 4771 1401 4843 ἠκολούθει
1428 4769 1490 4823 τὸ
1514 4769 1673 4840 ἔργον
1702 4765 1779 4834 τῷ
1816 4763 1939 4819 νεύ-

354 4897 531 4952 ματι;
578 4876 714 4931 Ἀλλ’
747 4872 975 4946 οὐρανὸς
1008 4868 1107 4941 μὲν
1140 4863 1420 4938 παρήχθη,
1450 4862 1545 4916 καὶ
1693 4860 1791 4913 σὺν
1829 4858 1941 4953 τοῖς

353 4951 542 5037 ὕδασι,
593 4969 668 5039 μὴ
705 4961 1084 5038 προλαὸούσης
1123 4958 1327 5029 φωνῆς.
1361 4953 1541 5017 Φωτὸς
1586 4951 1644 5005 δὲ
1690 4951 1939 5020 παραγο-

431 5108 453 5139 ⁶
482 5107 622 5161 Gen.
660 5119 701 5167 ι,
740 5103 789 5156 l.
868 5103 890 5133 ’
921 5098 1091 5154 Exod.
1117 5111 1235 5159 νηί,
1273 5093 1359 5148 l9.
1432 5091 1452 5122 ³
1480 5090 1617 5146 Gcn.
1651 5106 1691 5155 ι,
1725 5087 1780 5142 3.

2053 4478 2303 4525 creatura
2338 4468 2670 4536 vocabatur,
2721 4471 2880 4527 simul
2914 4471 3272 4527 formabatur.
3320 4472 3437 4528 Non
3488 4489 3619 4545 ergo

2049 4565 2246 4634 potuit,
2272 4564 2632 4634 quodcunque
2652 4563 2962 4627 collubitum
2986 4574 3127 4631 erat,
3149 4564 3366 4620 silentio
3398 4564 3618 4630 facere;

2052 4671 2164 4712 non
2197 4670 2284 4712 res
2311 4666 2499 4709 nutum
2529 4664 2715 4710 secuta
2741 4654 2977 4710 fuisset?
2999 4653 3207 4709 Ctelum
3237 4652 3483 4723 profecto
3504 4668 3619 4722 pro-

2050 4756 2270 4809 ductum
2304 4755 2412 4813 est,
2439 4755 2494 4802 et
2520 4756 2662 4801 terra
2693 4762 2815 4802 cum
2856 4747 3035 4816 aquis,
3068 4760 3192 4800 cum
3222 4759 3329 4799 vox
3366 4753 3620 4799 antever-

2054 4852 2193 4903 teret
2221 4845 2384 4901 nulla.
2424 4841 2542 4898 Lux
2577 4854 2709 4894 vero
2747 4853 2869 4893 cum
2905 4836 3327 4907 producebatur,
3356 4833 3499 4888 Deus
3530 4848 3621 4887 vo-

2075 4955 2138 4995 ce
2168 4938 2404 5009 praeivit.
2433 4935 2564 5003 Qua:
2590 4929 2805 4987 tandem
2833 4942 2961 4995 vox,
2991 4934 3047 4985 ct
3087 4941 3206 4997 qua:
3240 4940 3400 4981 causa
3433 4923 3621 4980 vocis?

1559 5223 1669 5280 CL.
1709 5217 2082 5286 DAUSQUEII
2112 5212 2347 5273 ΝΟΤᾹΞ.

432 5396 513 5465 (ὃ)
566 5394 828 5459 Ἀκτῖνας
855 5389 1265 5465 φανερωτέρας
1280 5377 1836 5465 Δδείιιν-υονιηιίιξρξὶοε

358 5450 641 5522 ίαέιιίὲοηε
672 5466 716 5519 si
752 5450 916 5526 verii.
968 5450 1127 5516 neruo
1150 5450 1253 5512 'me
1276 5455 1397 5510 falsi
1439 5459 1650 5524 arguat.
1697 5450 1791 5526 Sic
1826 5462 1935 5503 non

360 5541 487 5594 sine
518 5521 994 5594 veritateCicero,
1030 5532 1105 5602 Ι.ι
1137 5528 1215 5602 De
1237 5536 1432 5580 natura
1465 5521 1938 5602 déommllocutus

360 5592 446 5662 est
465 5624 478 5658 :
500 5607 644 5660 Nam
673 5606 799 5659 solis
828 5592 992 5656 ardor
1017 5598 1284 5653 illustrior
1302 5605 1401 5659 est,
1428 5610 1586 5663 quam
1617 5592 1755 5646 ullus
1777 5592 1938 5663 ignis:

358 5658 554 5748 quippe
581 5677 674 5746 qui
719 5677 981 5748 immenso
1026 5669 1366 5748 mandantem
1396 5658 1545 5748 longe
1591 5658 1915 5748 lateque—col

358 5733 559 5801 luceat.
593 5733 674 5799 Ἐι
719 5745 944 5799 Plautus
989 5740 1128 5795 wdes
1167 5738 1312 5810 alibi,
1338 5733 1552 5790 vocavit
1597 5733 1939 5810 illustriores,

361 5819 564 5884 quibus
617 5831 770 5870 nova:
821 5810 1245 5884 erantuiujccta:
1293 5808 1565 5884 fenestrae.
1614 5802 1765 5884 Tunc
1795 5802 1940 5884 enim

363 5872 630 5943 illustrior
678 5886 761 5941 sol
809 5884 919 5955 (cui
967 5872 1173 5935 illustre
1202 5885 1357 5947 caput
1391 5874 1811 5942 Met-.uncrpliosi
1855 5872 1944 5924 tri-

2041 5373 2247 5443 buitur)
2291 5386 2421 5443 cum
2462 5366 2828 5443 spectabilior,
2876 5379 3000 5421 cum
3055 5362 3211 5419 nobis
3252 5357 3621 5432 splendentior

2042 5453 2197 5516 paret
2228 5438 2243 5498 Ξ
2274 5441 2357 5516 vel
2381 5438 2507 5516 sine
2529 5438 3075 5516 sgui_lumiuis.aucl_tt.
3141 5503 3166 5516 _
3268 5500 3280 5512 .
3477 5496 3525 5516 μ’

2117 5497 2192 5584 (ι)
2236 5510 2489 5584 ripaue
2511 5504 2927 5584 ceteranam-gi.
2975 5503 3169 5572 ’Δκονᾷ
3193 5500 3314 5584 quis
3339 5514 3445 5584 non
3476 5497 3622 5584 videt

2045 5571 2135 5640 ad‘
2171 5571 2763 5652 animii'intelligentim
2820 5571 3043 5631 acumen
3091 5571 3363 5652 pertinere
3380 5571 3411 5652 ἵ.
3450 5581 3622 5652 (piare

2046 5636 2400 5725 praecesserit
2429 5636 2763 5725 οεογκῗωσία,
2804 5662 2910 5725 non
2946 5636 3130 5714 putavi
3184 5641 3313 5725 milii
3362 5636 3622 5725 τὸρθείον

2047 5710 2142 5794 per
2174 5740 2254 5778 res
2294 5710 2545 5783 divinas;
2572 5722 2665 5775 scd
2700 5710 2795 5789 per
2841 5710 3050 5771 Numen
3095 5728 3187 5770 scu
3227 5710 3396 5765 Deum
3440 5710 3621 5777 ipsum

2043 5796 2356 5851 vertendum
2391 5808 2531 5847 csse.
