  <div class='ocr_page' id='page_1' title='image "/cluster/home/n/w/nwhite01/storage/ocr_20150623/85/hvd.32044011888864/023.png"; bbox 0 0 4102 6596; ppageno 0'>
   <div class='ocr_carea' id='block_1_1' title="bbox 469 363 3729 470">
    <p class='ocr_par' dir='ltr' id='par_1_1' title="bbox 469 363 3729 470">
     <span class='ocr_line' id='line_1_1' title="bbox 469 363 3729 470; baseline 0.008 -26"><span class='ocrx_word' id='word_1_1' title='bbox 469 388 537 456; x_wconf 69' lang='lat'><strong>31</strong></span> <span class='ocrx_word' id='word_1_2' title='bbox 1670 395 1952 454; x_wconf 77' lang='lat' dir='ltr'><strong>BASILII</strong></span> <span class='ocrx_word' id='word_1_3' title='bbox 1992 396 2533 460; x_wconf 80' lang='lat' dir='ltr'><strong>SELEUCIENSIS</strong></span> <span class='ocrx_word' id='word_1_4' title='bbox 2625 363 2629 367; x_wconf 64' lang='grc'><strong>’</strong></span> <span class='ocrx_word' id='word_1_5' title='bbox 3655 407 3729 470; x_wconf 83' lang='lat'><strong>32</strong></span> 
     </span>
    </p>
   </div>
   <div class='ocr_carea' id='block_1_2' title="bbox 474 500 2052 582">
    <p class='ocr_par' dir='ltr' id='par_1_2' title="bbox 474 500 2033 572">
     <span class='ocr_line' id='line_1_2' title="bbox 474 500 2033 572; baseline 0.002 -18"><span class='ocrx_word' id='word_1_6' title='bbox 474 503 755 556; x_wconf 69' lang='lat' dir='ltr'><strong>ltiscamus</strong></span> <span class='ocrx_word' id='word_1_7' title='bbox 779 510 835 556; x_wconf 90' lang='lat' dir='ltr'><strong>et</strong></span> <span class='ocrx_word' id='word_1_8' title='bbox 859 501 1220 572; x_wconf 86' lang='lat' dir='ltr'><strong>Scripturatn,</strong></span> <span class='ocrx_word' id='word_1_9' title='bbox 1252 500 1378 556; x_wconf 88' lang='lat' dir='ltr'><strong>dum</strong></span> <span class='ocrx_word' id='word_1_10' title='bbox 1408 511 1568 564; x_wconf 86' lang='lat' dir='ltr'><strong>tacet,</strong></span> <span class='ocrx_word' id='word_1_11' title='bbox 1602 502 1885 568; x_wconf 89' lang='lat' dir='ltr'><strong>audire,et</strong></span> <span class='ocrx_word' id='word_1_12' title='bbox 1909 505 2033 558; x_wconf 92' lang='lat' dir='ltr'><strong>dum</strong></span> 
     </span>
    </p>
   </div>
   <div class='ocr_carea' id='block_1_3' title="bbox 2156 500 3727 582">
    <p class='ocr_par' dir='ltr' id='par_1_3' title="bbox 2156 507 3727 582">
     <span class='ocr_line' id='line_1_3' title="bbox 2156 507 3727 582; baseline 0.004 -21"><span class='ocrx_word' id='word_1_13' title='bbox 2156 509 2331 574; x_wconf 63' lang='grc' dir='ltr'>ιένου,</span> <span class='ocrx_word' id='word_1_14' title='bbox 2360 510 2514 581; x_wconf 81' lang='grc' dir='ltr'>φωνὴ</span> <span class='ocrx_word' id='word_1_15' title='bbox 2554 509 3026 582; x_wconf 83' lang='grc' dir='ltr'>προμαρτύρεται.</span> <span class='ocrx_word' id='word_1_16' title='bbox 3082 510 3178 576; x_wconf 78' lang='grc' dir='ltr'><strong>Τίς</strong></span> <span class='ocrx_word' id='word_1_17' title='bbox 3226 507 3319 566; x_wconf 83' lang='grc' dir='ltr'><strong>οὖν</strong></span> <span class='ocrx_word' id='word_1_18' title='bbox 3362 513 3392 564; x_wconf 78' lang='grc' dir='ltr'><strong>ὁ</strong></span> <span class='ocrx_word' id='word_1_19' title='bbox 3425 512 3600 582; x_wconf 77' lang='grc' dir='ltr'>λόγος,</span> <span class='ocrx_word' id='word_1_20' title='bbox 3633 517 3727 568; x_wconf 79' lang='grc' dir='ltr'><strong>καὶ</strong></span> 
     </span>
    </p>
   </div>
   <div class='ocr_carea' id='block_1_4' title="bbox 473 587 2038 662">
    <p class='ocr_par' dir='ltr' id='par_1_4' title="bbox 473 587 2038 662">
     <span class='ocr_line' id='line_1_4' title="bbox 473 587 2038 662; baseline 0.003 -18"><span class='ocrx_word' id='word_1_21' title='bbox 473 592 732 662; x_wconf 86' lang='lat' dir='ltr'><strong>loquitur,</strong></span> <span class='ocrx_word' id='word_1_22' title='bbox 765 593 990 647; x_wconf 87' lang='lat' dir='ltr'><strong>erudiri.</strong></span> <span class='ocrx_word' id='word_1_23' title='bbox 1020 587 1464 662; x_wconf 74' lang='lat' dir='ltr'><strong>Quandoquidem</strong></span> <span class='ocrx_word' id='word_1_24' title='bbox 1502 607 1692 647; x_wconf 87' lang='lat' dir='ltr'><strong>recens</strong></span> <span class='ocrx_word' id='word_1_25' title='bbox 1716 605 1912 649; x_wconf 78' lang='lat' dir='ltr'><strong>creata:</strong></span> <span class='ocrx_word' id='word_1_26' title='bbox 1938 611 2038 648; x_wconf 88' lang='lat' dir='ltr'><strong>an-</strong></span> 
     </span>
    </p>
   </div>
   <div class='ocr_carea' id='block_1_5' title="bbox 471 683 2038 754">
    <p class='ocr_par' dir='ltr' id='par_1_5' title="bbox 471 683 2038 754">
     <span class='ocr_line' id='line_1_5' title="bbox 471 683 2038 754; baseline 0.002 -20"><span class='ocrx_word' id='word_1_27' title='bbox 471 684 712 752; x_wconf 88' lang='lat' dir='ltr'><strong>gelorum</strong></span> <span class='ocrx_word' id='word_1_28' title='bbox 773 683 1044 754; x_wconf 81' lang='lat' dir='ltr'><strong>myriades</strong></span> <span class='ocrx_word' id='word_1_29' title='bbox 1077 698 1245 752; x_wconf 57' lang='lat' dir='ltr'><strong>&quot;qua:</strong></span> <span class='ocrx_word' id='word_1_30' title='bbox 1298 683 1535 746; x_wconf 82' lang='lat' dir='ltr'><strong>fierent,</strong></span> <span class='ocrx_word' id='word_1_31' title='bbox 1589 683 1882 750; x_wconf 91' lang='lat' dir='ltr'><strong>videbant;</strong></span> <span class='ocrx_word' id='word_1_32' title='bbox 1916 701 2038 739; x_wconf 90' lang='lat' dir='ltr'><strong>eum</strong></span> 
     </span>
    </p>
   </div>
   <div class='ocr_carea' id='block_1_6' title="bbox 474 773 2039 844">
    <p class='ocr_par' dir='ltr' id='par_1_6' title="bbox 474 773 2039 844">
     <span class='ocr_line' id='line_1_6' title="bbox 474 773 2039 844; baseline 0.004 -20"><span class='ocrx_word' id='word_1_33' title='bbox 474 789 600 827; x_wconf 83' lang='lat' dir='ltr'><strong>vero</strong></span> <span class='ocrx_word' id='word_1_34' title='bbox 623 775 712 841; x_wconf 87' lang='lat' dir='ltr'><strong>qui</strong></span> <span class='ocrx_word' id='word_1_35' title='bbox 739 773 964 839; x_wconf 88' lang='lat' dir='ltr'><strong>faceret,</strong></span> <span class='ocrx_word' id='word_1_36' title='bbox 994 775 1175 829; x_wconf 88' lang='lat' dir='ltr'><strong>videre</strong></span> <span class='ocrx_word' id='word_1_37' title='bbox 1207 787 1312 825; x_wconf 89' lang='lat' dir='ltr'><strong>non</strong></span> <span class='ocrx_word' id='word_1_38' title='bbox 1343 773 1628 842; x_wconf 81' lang='lat' dir='ltr'><strong>valebant;</strong></span> <span class='ocrx_word' id='word_1_39' title='bbox 1663 792 1785 830; x_wconf 86' lang='lat' dir='ltr'><strong>nam</strong></span> <span class='ocrx_word' id='word_1_40' title='bbox 1818 777 1960 844; x_wconf 88' lang='lat' dir='ltr'><strong>quod</strong></span> <span class='ocrx_word' id='word_1_41' title='bbox 1985 778 2039 830; x_wconf 90' lang='lat' dir='ltr'><strong>in</strong></span> 
     </span>
    </p>
   </div>
   <div class='ocr_carea' id='block_1_7' title="bbox 467 868 2041 938">
    <p class='ocr_par' dir='ltr' id='par_1_7' title="bbox 467 868 2041 938">
     <span class='ocr_line' id='line_1_7' title="bbox 467 868 2041 938; baseline 0.001 -17"><span class='ocrx_word' id='word_1_42' title='bbox 467 869 706 921; x_wconf 75' lang='lat' dir='ltr'><strong>essentia</strong></span> <span class='ocrx_word' id='word_1_43' title='bbox 735 868 916 921; x_wconf 93' lang='lat' dir='ltr'><strong>divina</strong></span> <span class='ocrx_word' id='word_1_44' title='bbox 950 880 1112 934; x_wconf 87' lang='lat' dir='ltr'><strong>supra</strong></span> <span class='ocrx_word' id='word_1_45' title='bbox 1139 868 1655 937; x_wconf 68' lang='lat' dir='ltr'><strong>contemplationem</strong></span> <span class='ocrx_word' id='word_1_46' title='bbox 1682 878 1785 934; x_wconf 89' lang='lat' dir='ltr'><strong>est,</strong></span> <span class='ocrx_word' id='word_1_47' title='bbox 1820 870 2041 938; x_wconf 82' lang='lat' dir='ltr'><strong>angelo-</strong></span> 
     </span>
    </p>
   </div>
   <div class='ocr_carea' id='block_1_8' title="bbox 471 956 2042 1029">
    <p class='ocr_par' dir='ltr' id='par_1_8' title="bbox 471 956 2042 1029">
     <span class='ocr_line' id='line_1_8' title="bbox 471 956 2042 1029; baseline 0.003 -19"><span class='ocrx_word' id='word_1_48' title='bbox 471 971 590 1010; x_wconf 92' lang='lat' dir='ltr'><strong>rum</strong></span> <span class='ocrx_word' id='word_1_49' title='bbox 629 971 845 1025; x_wconf 88' lang='lat' dir='ltr'><strong>quoque</strong></span> <span class='ocrx_word' id='word_1_50' title='bbox 876 956 1065 1011; x_wconf 91' lang='lat' dir='ltr'><strong>oculos</strong></span> <span class='ocrx_word' id='word_1_51' title='bbox 1087 959 1405 1026; x_wconf 83' lang='lat' dir='ltr'><strong>supervadit</strong></span> <span class='ocrx_word' id='word_1_52' title='bbox 1434 977 1448 1013; x_wconf 91' lang='lat'>:</span> <span class='ocrx_word' id='word_1_53' title='bbox 1493 961 1690 1014; x_wconf 89' lang='lat' dir='ltr'><strong>merito</strong></span> <span class='ocrx_word' id='word_1_54' title='bbox 1717 975 1858 1014; x_wconf 91' lang='lat' dir='ltr'><strong>nunc</strong></span> <span class='ocrx_word' id='word_1_55' title='bbox 1893 960 2042 1029; x_wconf 86' lang='lat' dir='ltr'><strong>loqui</strong></span> 
     </span>
    </p>
   </div>
   <div class='ocr_carea' id='block_1_9' title="bbox 467 1048 2040 1118">
    <p class='ocr_par' dir='ltr' id='par_1_9' title="bbox 467 1048 2040 1118">
     <span class='ocr_line' id='line_1_9' title="bbox 467 1048 2040 1118; baseline 0.005 -23"><span class='ocrx_word' id='word_1_56' title='bbox 467 1055 716 1117; x_wconf 82' lang='lat' dir='ltr'><strong>occupat,</strong></span> <span class='ocrx_word' id='word_1_57' title='bbox 749 1058 808 1101; x_wconf 91' lang='lat' dir='ltr'><strong>ut</strong></span> <span class='ocrx_word' id='word_1_58' title='bbox 839 1048 957 1117; x_wconf 77' lang='lat' dir='ltr'><strong>ejus</strong></span> <span class='ocrx_word' id='word_1_59' title='bbox 992 1050 1136 1118; x_wconf 89' lang='lat' dir='ltr'><strong>quod</strong></span> <span class='ocrx_word' id='word_1_60' title='bbox 1167 1050 1248 1117; x_wconf 84' lang='lat' dir='ltr'><strong>fit,</strong></span> <span class='ocrx_word' id='word_1_61' title='bbox 1275 1066 1436 1106; x_wconf 84' lang='lat' dir='ltr'><strong>sensu</strong></span> <span class='ocrx_word' id='word_1_62' title='bbox 1458 1060 1513 1106; x_wconf 88' lang='lat' dir='ltr'><strong>et</strong></span> <span class='ocrx_word' id='word_1_63' title='bbox 1545 1051 1912 1106; x_wconf 83' lang='lat' dir='ltr'><strong>admiratione</strong></span> <span class='ocrx_word' id='word_1_64' title='bbox 1943 1068 2040 1106; x_wconf 47' lang='lat' dir='ltr'><strong>an,</strong></span> 
     </span>
    </p>
   </div>
   <div class='ocr_carea' id='block_1_10' title="bbox 470 1139 2044 1213">
    <p class='ocr_par' dir='ltr' id='par_1_10' title="bbox 470 1139 2044 1213">
     <span class='ocr_line' id='line_1_10' title="bbox 470 1139 2044 1213; baseline 0.004 -22"><span class='ocrx_word' id='word_1_65' title='bbox 470 1139 710 1207; x_wconf 89' lang='lat' dir='ltr'><strong>gelorum</strong></span> <span class='ocrx_word' id='word_1_66' title='bbox 755 1140 942 1194; x_wconf 85' lang='lat' dir='ltr'><strong>turbas</strong></span> <span class='ocrx_word' id='word_1_67' title='bbox 988 1151 1222 1206; x_wconf 81' lang='lat' dir='ltr'><strong>moveat,</strong></span> <span class='ocrx_word' id='word_1_68' title='bbox 1265 1158 1374 1211; x_wconf 88' lang='lat' dir='ltr'><strong>quo</strong></span> <span class='ocrx_word' id='word_1_69' title='bbox 1417 1143 1707 1213; x_wconf 90' lang='lat' dir='ltr'><strong>imperium</strong></span> <span class='ocrx_word' id='word_1_70' title='bbox 1760 1143 2044 1199; x_wconf 70' lang='lat' dir='ltr'><strong>effectione</strong></span> 
     </span>
    </p>
   </div>
   <div class='ocr_carea' id='block_1_11' title="bbox 473 1231 2042 1305">
    <p class='ocr_par' dir='ltr' id='par_1_11' title="bbox 473 1231 2042 1305">
     <span class='ocr_line' id='line_1_11' title="bbox 473 1231 2042 1305; baseline 0.006 -23"><span class='ocrx_word' id='word_1_71' title='bbox 473 1231 550 1284; x_wconf 88' lang='lat' dir='ltr'><strong>rei</strong></span> <span class='ocrx_word' id='word_1_72' title='bbox 590 1231 905 1285; x_wconf 90' lang='lat' dir='ltr'><strong>comitatum</strong></span> <span class='ocrx_word' id='word_1_73' title='bbox 942 1234 1270 1301; x_wconf 87' lang='lat' dir='ltr'><strong>conspicati,</strong></span> <span class='ocrx_word' id='word_1_74' title='bbox 1330 1249 1503 1303; x_wconf 87' lang='lat' dir='ltr'><strong>eoque</strong></span> <span class='ocrx_word' id='word_1_75' title='bbox 1550 1236 1782 1304; x_wconf 87' lang='lat' dir='ltr'><strong>perculsi</strong></span> <span class='ocrx_word' id='word_1_76' title='bbox 1829 1245 2042 1305; x_wconf 87' lang='lat' dir='ltr'><strong>specta-</strong></span> 
     </span>
    </p>
   </div>
   <div class='ocr_carea' id='block_1_12' title="bbox 471 1323 2041 1395">
    <p class='ocr_par' dir='ltr' id='par_1_12' title="bbox 471 1323 2041 1395">
     <span class='ocr_line' id='line_1_12' title="bbox 471 1323 2041 1395; baseline 0.004 -20"><span class='ocrx_word' id='word_1_77' title='bbox 471 1323 597 1377; x_wconf 78' lang='lat' dir='ltr'><strong>culo</strong></span> <span class='ocrx_word' id='word_1_78' title='bbox 637 1323 702 1377; x_wconf 92' lang='lat' dir='ltr'><strong>ad</strong></span> <span class='ocrx_word' id='word_1_79' title='bbox 755 1323 1116 1392; x_wconf 83' lang='lat' dir='ltr'><strong>cognitionem</strong></span> <span class='ocrx_word' id='word_1_80' title='bbox 1145 1365 1161 1389; x_wconf 95' lang='lat'><strong>,</strong></span> <span class='ocrx_word' id='word_1_81' title='bbox 1195 1334 1249 1378; x_wconf 87' lang='lat' dir='ltr'><strong>et</strong></span> <span class='ocrx_word' id='word_1_82' title='bbox 1289 1326 1547 1395; x_wconf 85' lang='lat' dir='ltr'><strong>hymnum</strong></span> <span class='ocrx_word' id='word_1_83' title='bbox 1591 1327 1869 1381; x_wconf 84' lang='lat' dir='ltr'><strong>Creatoris</strong></span> <span class='ocrx_word' id='word_1_84' title='bbox 1909 1344 2041 1383; x_wconf 85' lang='lat' dir='ltr'><strong>con-</strong></span> 
     </span>
    </p>
   </div>
   <div class='ocr_carea' id='block_1_13' title="bbox 472 1417 2042 1489">
    <p class='ocr_par' dir='ltr' id='par_1_13' title="bbox 472 1417 2042 1489">
     <span class='ocr_line' id='line_1_13' title="bbox 472 1417 2042 1489; baseline 0.004 -22"><span class='ocrx_word' id='word_1_85' title='bbox 472 1427 775 1471; x_wconf 78' lang='lat' dir='ltr'><strong>vertantur.</strong></span> <span class='ocrx_word' id='word_1_86' title='bbox 807 1418 1003 1487; x_wconf 81' lang='lat' dir='ltr'><strong>Ecquis</strong></span> <span class='ocrx_word' id='word_1_87' title='bbox 1035 1417 1160 1473; x_wconf 72' lang='lat' dir='ltr'><strong>hic?</strong></span> <span class='ocrx_word' id='word_1_88' title='bbox 1193 1419 1332 1473; x_wconf 88' lang='lat' dir='ltr'><strong>Dicit</strong></span> <span class='ocrx_word' id='word_1_89' title='bbox 1379 1421 1493 1489; x_wconf 90' lang='lat' dir='ltr'><strong>ipse</strong></span> <span class='ocrx_word' id='word_1_90' title='bbox 1548 1420 1690 1475; x_wconf 88' lang='lat' dir='ltr'><strong>Deus</strong></span> <span class='ocrx_word' id='word_1_91' title='bbox 1725 1437 1847 1474; x_wconf 82' lang='lat' dir='ltr'><strong>cum</strong></span> <span class='ocrx_word' id='word_1_92' title='bbox 1881 1420 2042 1474; x_wconf 83' lang='lat' dir='ltr'><strong>fami-</strong></span> 
     </span>
    </p>
   </div>
   <div class='ocr_carea' id='block_1_14' title="bbox 474 1509 2046 1581">
    <p class='ocr_par' dir='ltr' id='par_1_14' title="bbox 474 1509 2046 1581">
     <span class='ocr_line' id='line_1_14' title="bbox 474 1509 2046 1581; baseline 0.001 -19"><span class='ocrx_word' id='word_1_93' title='bbox 474 1509 593 1562; x_wconf 91' lang='lat' dir='ltr'><strong>liari</strong></span> <span class='ocrx_word' id='word_1_94' title='bbox 627 1525 726 1563; x_wconf 88' lang='lat' dir='ltr'><strong>suo</strong></span> <span class='ocrx_word' id='word_1_95' title='bbox 760 1510 962 1564; x_wconf 83' lang='lat' dir='ltr'><strong>athleta</strong></span> <span class='ocrx_word' id='word_1_96' title='bbox 987 1509 1123 1565; x_wconf 75' lang='lat' dir='ltr'><strong>Joho</strong></span> <span class='ocrx_word' id='word_1_97' title='bbox 1157 1512 1432 1565; x_wconf 87' lang='lat' dir='ltr'><strong>disserens</strong></span> <span class='ocrx_word' id='word_1_98' title='bbox 1461 1528 1476 1565; x_wconf 88' lang='lat'>:</span> <span class='ocrx_word' id='word_1_99' title='bbox 1515 1511 1648 1565; x_wconf 87' lang='lat' dir='ltr'><strong>Cum</strong></span> <span class='ocrx_word' id='word_1_100' title='bbox 1690 1520 1837 1565; x_wconf 79' lang='lat' dir='ltr'><strong>astra</strong></span> <span class='ocrx_word' id='word_1_101' title='bbox 1882 1512 2046 1581; x_wconf 79' lang='lat' dir='ltr'><strong>facie-</strong></span> 
     </span>
    </p>
   </div>
   <div class='ocr_carea' id='block_1_15' title="bbox 475 1599 2040 1673">
    <p class='ocr_par' dir='ltr' id='par_1_15' title="bbox 475 1599 2040 1673">
     <span class='ocr_line' id='line_1_15' title="bbox 475 1599 2040 1673; baseline 0.004 -21"><span class='ocrx_word' id='word_1_102' title='bbox 475 1602 616 1665; x_wconf 85' lang='lat' dir='ltr'><strong>bam,</strong></span> <span class='ocrx_word' id='word_1_103' title='bbox 643 1599 940 1654; x_wconf 83' lang='lat' dir='ltr'><strong>laudabant</strong></span> <span class='ocrx_word' id='word_1_104' title='bbox 979 1618 1058 1656; x_wconf 83' lang='lat' dir='ltr'><strong>me</strong></span> <span class='ocrx_word' id='word_1_105' title='bbox 1094 1618 1420 1672; x_wconf 80' lang='lat' dir='ltr'><strong>vocemagna</strong></span> <span class='ocrx_word' id='word_1_106' title='bbox 1448 1619 1623 1658; x_wconf 76' lang='lat' dir='ltr'><strong>omnes</strong></span> <span class='ocrx_word' id='word_1_107' title='bbox 1655 1604 1829 1673; x_wconf 83' lang='lat' dir='ltr'><strong>angeli</strong></span> <span class='ocrx_word' id='word_1_108' title='bbox 1867 1604 1970 1657; x_wconf 86' lang='lat' dir='ltr'><strong>mei</strong></span> <span class='ocrx_word' id='word_1_109' title='bbox 1999 1603 2040 1659; x_wconf 77' lang='grc'><strong>⁸.</strong></span> 
     </span>
    </p>
   </div>
   <div class='ocr_carea' id='block_1_16' title="bbox 475 1690 2045 1770">
    <p class='ocr_par' dir='ltr' id='par_1_16' title="bbox 475 1690 2045 1770">
     <span class='ocr_line' id='line_1_16' title="bbox 475 1690 2045 1770; baseline 0.003 -27"><span class='ocrx_word' id='word_1_110' title='bbox 475 1690 718 1770; x_wconf 53' lang='lat' dir='ltr'><strong>Eamque</strong></span> <span class='ocrx_word' id='word_1_111' title='bbox 771 1693 1064 1760; x_wconf 87' lang='lat' dir='ltr'><strong>spectaculi</strong></span> <span class='ocrx_word' id='word_1_112' title='bbox 1111 1703 1335 1762; x_wconf 86' lang='lat' dir='ltr'><strong>stupore</strong></span> <span class='ocrx_word' id='word_1_113' title='bbox 1387 1696 1622 1766; x_wconf 86' lang='lat' dir='ltr'><strong>correpti</strong></span> <span class='ocrx_word' id='word_1_114' title='bbox 1654 1734 1670 1756; x_wconf 92' lang='lat'><strong>,</strong></span> <span class='ocrx_word' id='word_1_115' title='bbox 1717 1696 1785 1751; x_wconf 89' lang='lat' dir='ltr'><strong>ad</strong></span> <span class='ocrx_word' id='word_1_116' title='bbox 1837 1694 2045 1765; x_wconf 86' lang='lat' dir='ltr'><strong>singula</strong></span> 
     </span>
    </p>
   </div>
   <div class='ocr_carea' id='block_1_17' title="bbox 475 1784 2078 1850">
    <p class='ocr_par' dir='ltr' id='par_1_17' title="bbox 475 1784 2078 1850">
     <span class='ocr_line' id='line_1_17' title="bbox 475 1784 2078 1850; baseline 0.002 -16"><span class='ocrx_word' id='word_1_117' title='bbox 475 1799 595 1850; x_wconf 83' lang='lat' dir='ltr'><strong>qua:</strong></span> <span class='ocrx_word' id='word_1_118' title='bbox 630 1784 828 1838; x_wconf 86' lang='lat' dir='ltr'><strong>fiebant</strong></span> <span class='ocrx_word' id='word_1_119' title='bbox 885 1785 1096 1839; x_wconf 90' lang='lat' dir='ltr'><strong>iteratis</strong></span> <span class='ocrx_word' id='word_1_120' title='bbox 1142 1784 1337 1842; x_wconf 82' lang='lat' dir='ltr'><strong>faustis</strong></span> <span class='ocrx_word' id='word_1_121' title='bbox 1383 1785 1868 1841; x_wconf 83' lang='lat' dir='ltr'><strong>acclamationibus</strong></span> <span class='ocrx_word' id='word_1_122' title='bbox 1899 1784 2039 1839; x_wconf 77' lang='lat' dir='ltr'><strong>Con-</strong></span> <span class='ocrx_word' id='word_1_123' title='bbox 2075 1791 2078 1795; x_wconf 80' lang='lat'><strong><em>&#39;</em></strong></span> 
     </span>
    </p>
   </div>
   <div class='ocr_carea' id='block_1_18' title="bbox 475 1876 2048 1946">
    <p class='ocr_par' dir='ltr' id='par_1_18' title="bbox 475 1876 2048 1946">
     <span class='ocr_line' id='line_1_18' title="bbox 475 1876 2048 1946; baseline 0 -18"><span class='ocrx_word' id='word_1_124' title='bbox 475 1877 706 1930; x_wconf 89' lang='lat' dir='ltr'><strong>ditorem</strong></span> <span class='ocrx_word' id='word_1_125' title='bbox 739 1876 1229 1944; x_wconf 85' lang='lat' dir='ltr'><strong>prosequebantur.</strong></span> <span class='ocrx_word' id='word_1_126' title='bbox 1259 1876 1462 1932; x_wconf 88' lang='lat' dir='ltr'><strong>Deinde</strong></span> <span class='ocrx_word' id='word_1_127' title='bbox 1487 1877 1628 1932; x_wconf 89' lang='lat' dir='ltr'><strong>intra</strong></span> <span class='ocrx_word' id='word_1_128' title='bbox 1660 1891 1829 1946; x_wconf 84' lang='lat' dir='ltr'><strong>aquas</strong></span> <span class='ocrx_word' id='word_1_129' title='bbox 1872 1878 2048 1930; x_wconf 84' lang='lat' dir='ltr'><strong>firma-</strong></span> 
     </span>
    </p>
   </div>
   <div class='ocr_carea' id='block_1_19' title="bbox 482 1966 2044 2036">
    <p class='ocr_par' dir='ltr' id='par_1_19' title="bbox 482 1966 2044 2036">
     <span class='ocr_line' id='line_1_19' title="bbox 482 1966 2044 2036; baseline 0 -16"><span class='ocrx_word' id='word_1_130' title='bbox 482 1975 721 2020; x_wconf 90' lang='lat' dir='ltr'><strong>mentum</strong></span> <span class='ocrx_word' id='word_1_131' title='bbox 761 1966 1025 2020; x_wconf 83' lang='lat' dir='ltr'><strong>distendit</strong></span> <span class='ocrx_word' id='word_1_132' title='bbox 1075 1967 1128 2020; x_wconf 92' lang='lat' dir='ltr'><strong>in</strong></span> <span class='ocrx_word' id='word_1_133' title='bbox 1179 1981 1395 2036; x_wconf 79' lang='lat' dir='ltr'><strong>gyrum,</strong></span> <span class='ocrx_word' id='word_1_134' title='bbox 1428 1967 1578 2022; x_wconf 89' lang='lat' dir='ltr'><strong>velut</strong></span> <span class='ocrx_word' id='word_1_135' title='bbox 1619 1967 1920 2022; x_wconf 87' lang='lat' dir='ltr'><strong>tabulatum</strong></span> <span class='ocrx_word' id='word_1_136' title='bbox 1958 1966 2044 2036; x_wconf 93' lang='lat' dir='ltr'><strong>pi-</strong></span> 
     </span>
    </p>
   </div>
   <div class='ocr_carea' id='block_1_20' title="bbox 372 2058 2046 2129">
    <p class='ocr_par' dir='ltr' id='par_1_20' title="bbox 372 2058 2046 2129">
     <span class='ocr_line' id='line_1_20' title="bbox 372 2058 2046 2129; baseline 0.001 -17"><span class='ocrx_word' id='word_1_137' title='bbox 372 2109 384 2120; x_wconf 81' lang='lat'><strong>,</strong></span> <span class='ocrx_word' id='word_1_138' title='bbox 480 2071 648 2115; x_wconf 73' lang='lat' dir='ltr'><strong>rtura:</strong></span> <span class='ocrx_word' id='word_1_139' title='bbox 687 2060 1057 2128; x_wconf 88' lang='lat' dir='ltr'><strong>peridoneum.</strong></span> <span class='ocrx_word' id='word_1_140' title='bbox 1109 2058 1237 2113; x_wconf 84' lang='lat' dir='ltr'><strong>Post</strong></span> <span class='ocrx_word' id='word_1_141' title='bbox 1277 2060 1440 2114; x_wconf 90' lang='lat' dir='ltr'><strong>etiam</strong></span> <span class='ocrx_word' id='word_1_142' title='bbox 1483 2060 1842 2129; x_wconf 85' lang='lat' dir='ltr'><strong>nudataquis</strong></span> <span class='ocrx_word' id='word_1_143' title='bbox 1888 2070 2046 2114; x_wconf 67' lang='lat' dir='ltr'><strong>terra</strong></span> 
     </span>
    </p>
   </div>
   <div class='ocr_carea' id='block_1_21' title="bbox 477 2149 2045 2219">
    <p class='ocr_par' dir='ltr' id='par_1_21' title="bbox 477 2149 2045 2219">
     <span class='ocr_line' id='line_1_21' title="bbox 477 2149 2045 2219; baseline 0.001 -17"><span class='ocrx_word' id='word_1_144' title='bbox 477 2151 660 2215; x_wconf 89' lang='lat' dir='ltr'><strong>dorsa,</strong></span> <span class='ocrx_word' id='word_1_145' title='bbox 689 2150 1013 2219; x_wconf 88' lang='lat' dir='ltr'><strong>quihusdam</strong></span> <span class='ocrx_word' id='word_1_146' title='bbox 1041 2149 1189 2204; x_wconf 89' lang='lat' dir='ltr'><strong>velut</strong></span> <span class='ocrx_word' id='word_1_147' title='bbox 1218 2150 1271 2204; x_wconf 85' lang='lat' dir='ltr'><strong>in</strong></span> <span class='ocrx_word' id='word_1_148' title='bbox 1305 2150 1461 2206; x_wconf 83' lang='lat' dir='ltr'><strong>cellis</strong></span> <span class='ocrx_word' id='word_1_149' title='bbox 1486 2151 1669 2206; x_wconf 74' lang='lat' dir='ltr'><strong>maria:</strong></span> <span class='ocrx_word' id='word_1_150' title='bbox 1693 2149 2045 2218; x_wconf 83' lang='lat' dir='ltr'><strong>concludens,</strong></span> 
     </span>
    </p>
   </div>
   <div class='ocr_carea' id='block_1_22' title="bbox 479 2239 2049 2309">
    <p class='ocr_par' dir='ltr' id='par_1_22' title="bbox 479 2239 2049 2309">
     <span class='ocr_line' id='line_1_22' title="bbox 479 2239 2049 2309; baseline 0.003 -18"><span class='ocrx_word' id='word_1_151' title='bbox 479 2241 606 2292; x_wconf 90' lang='lat' dir='ltr'><strong>dum</strong></span> <span class='ocrx_word' id='word_1_152' title='bbox 661 2239 887 2308; x_wconf 91' lang='lat' dir='ltr'><strong>imperio</strong></span> <span class='ocrx_word' id='word_1_153' title='bbox 929 2239 980 2293; x_wconf 95' lang='lat' dir='ltr'><strong>in</strong></span> <span class='ocrx_word' id='word_1_154' title='bbox 1025 2239 1283 2307; x_wconf 82' lang='lat' dir='ltr'><strong>abyssum</strong></span> <span class='ocrx_word' id='word_1_155' title='bbox 1327 2241 1498 2295; x_wconf 90' lang='lat' dir='ltr'><strong>utitur</strong></span> <span class='ocrx_word' id='word_1_156' title='bbox 1541 2255 1658 2309; x_wconf 41' lang='lat' dir='ltr'><strong>pro,</strong></span> <span class='ocrx_word' id='word_1_157' title='bbox 1686 2241 1947 2306; x_wconf 88' lang='lat' dir='ltr'><strong>claustro,</strong></span> <span class='ocrx_word' id='word_1_158' title='bbox 1992 2249 2049 2295; x_wconf 88' lang='lat' dir='ltr'><strong>et</strong></span> 
     </span>
    </p>
   </div>
   <div class='ocr_carea' id='block_1_23' title="bbox 485 2328 2044 2396">
    <p class='ocr_par' dir='ltr' id='par_1_23' title="bbox 485 2328 2044 2396">
     <span class='ocr_line' id='line_1_23' title="bbox 485 2328 2044 2396; baseline 0.003 -16"><span class='ocrx_word' id='word_1_159' title='bbox 485 2343 650 2381; x_wconf 81' lang='lat' dir='ltr'><strong>arena</strong></span> <span class='ocrx_word' id='word_1_160' title='bbox 675 2331 831 2396; x_wconf 84' lang='lat' dir='ltr'><strong>quasi</strong></span> <span class='ocrx_word' id='word_1_161' title='bbox 863 2328 1072 2384; x_wconf 87' lang='lat' dir='ltr'><strong>habena</strong></span> <span class='ocrx_word' id='word_1_162' title='bbox 1101 2328 1425 2385; x_wconf 82' lang='lat' dir='ltr'><strong>formidabili</strong></span> <span class='ocrx_word' id='word_1_163' title='bbox 1462 2345 1614 2384; x_wconf 16' lang='lat' dir='ltr'><strong>mare,</strong></span> <span class='ocrx_word' id='word_1_164' title='bbox 1638 2330 1903 2392; x_wconf 89' lang='lat' dir='ltr'><strong>continet,</strong></span> <span class='ocrx_word' id='word_1_165' title='bbox 1935 2339 2044 2386; x_wconf 81' lang='lat' dir='ltr'><strong>ter-</strong></span> 
     </span>
    </p>
   </div>
   <div class='ocr_carea' id='block_1_24' title="bbox 486 2419 2050 2490">
    <p class='ocr_par' dir='ltr' id='par_1_24' title="bbox 486 2419 2050 2490">
     <span class='ocr_line' id='line_1_24' title="bbox 486 2419 2050 2490; baseline 0.003 -19"><span class='ocrx_word' id='word_1_166' title='bbox 486 2434 600 2472; x_wconf 89' lang='lat' dir='ltr'><strong>ram</strong></span> <span class='ocrx_word' id='word_1_167' title='bbox 635 2419 859 2474; x_wconf 91' lang='lat' dir='ltr'><strong>liberam</strong></span> <span class='ocrx_word' id='word_1_168' title='bbox 887 2434 1115 2478; x_wconf 84' lang='lat' dir='ltr'><strong>servans</strong></span> <span class='ocrx_word' id='word_1_169' title='bbox 1146 2435 1176 2474; x_wconf 91' lang='lat' dir='ltr'><strong>a</strong></span> <span class='ocrx_word' id='word_1_170' title='bbox 1212 2420 1387 2490; x_wconf 81' lang='lat' dir='ltr'><strong>pelagi</strong></span> <span class='ocrx_word' id='word_1_171' title='bbox 1421 2420 1711 2476; x_wconf 82' lang='lat' dir='ltr'><strong>elttvione;</strong></span> <span class='ocrx_word' id='word_1_172' title='bbox 1749 2431 1892 2486; x_wconf 84' lang='lat' dir='ltr'><strong>esto,</strong></span> <span class='ocrx_word' id='word_1_173' title='bbox 1920 2437 2050 2476; x_wconf 83' lang='lat' dir='ltr'><strong>ven-</strong></span> 
     </span>
    </p>
   </div>
   <div class='ocr_carea' id='block_1_25' title="bbox 483 2511 2051 2582">
    <p class='ocr_par' dir='ltr' id='par_1_25' title="bbox 483 2511 2051 2582">
     <span class='ocr_line' id='line_1_25' title="bbox 483 2511 2051 2582; baseline 0.004 -21"><span class='ocrx_word' id='word_1_174' title='bbox 483 2523 657 2564; x_wconf 83' lang='lat' dir='ltr'><strong>torum</strong></span> <span class='ocrx_word' id='word_1_175' title='bbox 704 2511 1002 2580; x_wconf 87' lang='lat' dir='ltr'><strong>impetu&#39;ad</strong></span> <span class='ocrx_word' id='word_1_176' title='bbox 1053 2523 1252 2567; x_wconf 90' lang='lat' dir='ltr'><strong>terram</strong></span> <span class='ocrx_word' id='word_1_177' title='bbox 1295 2528 1441 2567; x_wconf 90' lang='lat' dir='ltr'><strong>mare</strong></span> <span class='ocrx_word' id='word_1_178' title='bbox 1474 2513 1823 2582; x_wconf 86' lang='lat' dir='ltr'><strong>propellatur.</strong></span> <span class='ocrx_word' id='word_1_179' title='bbox 1859 2513 2051 2568; x_wconf 78' lang='lat' dir='ltr'><strong>Fertur</strong></span> 
     </span>
    </p>
   </div>
   <div class='ocr_carea' id='block_1_26' title="bbox 484 2602 2051 2672">
    <p class='ocr_par' dir='ltr' id='par_1_26' title="bbox 484 2602 2051 2672">
     <span class='ocr_line' id='line_1_26' title="bbox 484 2602 2051 2672; baseline 0.004 -19"><span class='ocrx_word' id='word_1_180' title='bbox 484 2602 612 2656; x_wconf 89' lang='lat' dir='ltr'><strong>illud</strong></span> <span class='ocrx_word' id='word_1_181' title='bbox 633 2604 850 2672; x_wconf 87' lang='lat' dir='ltr'><strong>quidem</strong></span> <span class='ocrx_word' id='word_1_182' title='bbox 896 2602 1147 2658; x_wconf 87' lang='lat' dir='ltr'><strong>fluctibus</strong></span> <span class='ocrx_word' id='word_1_183' title='bbox 1175 2603 1284 2658; x_wconf 88' lang='lat' dir='ltr'><strong>alte</strong></span> <span class='ocrx_word' id='word_1_184' title='bbox 1311 2605 1510 2657; x_wconf 89' lang='lat' dir='ltr'><strong>elatum</strong></span> <span class='ocrx_word' id='word_1_185' title='bbox 1537 2622 1551 2658; x_wconf 88' lang='lat'><strong>:</strong></span> <span class='ocrx_word' id='word_1_186' title='bbox 1583 2605 1670 2658; x_wconf 93' lang='lat' dir='ltr'><strong>ubi</strong></span> <span class='ocrx_word' id='word_1_187' title='bbox 1707 2620 1837 2659; x_wconf 84' lang='lat' dir='ltr'><strong>vero</strong></span> <span class='ocrx_word' id='word_1_188' title='bbox 1867 2605 2051 2660; x_wconf 90' lang='lat' dir='ltr'><strong>termi-</strong></span> 
     </span>
    </p>
   </div>
   <div class='ocr_carea' id='block_1_27' title="bbox 482 2693 2048 2764">
    <p class='ocr_par' dir='ltr' id='par_1_27' title="bbox 482 2693 2048 2764">
     <span class='ocr_line' id='line_1_27' title="bbox 482 2693 2048 2764; baseline 0.003 -18"><span class='ocrx_word' id='word_1_189' title='bbox 482 2708 581 2747; x_wconf 90' lang='lat' dir='ltr'><strong>nos</strong></span> <span class='ocrx_word' id='word_1_190' title='bbox 607 2695 1137 2762; x_wconf 84' lang='lat' dir='ltr'><strong>attigerit,.revertit,</strong></span> <span class='ocrx_word' id='word_1_191' title='bbox 1165 2693 1511 2764; x_wconf 70' lang='lat' dir='ltr'><strong>refugitque,</strong></span> <span class='ocrx_word' id='word_1_192' title='bbox 1528 2704 1584 2750; x_wconf 91' lang='lat' dir='ltr'><strong>et</strong></span> <span class='ocrx_word' id='word_1_193' title='bbox 1621 2695 1829 2751; x_wconf 91' lang='lat' dir='ltr'><strong>Domini</strong></span> <span class='ocrx_word' id='word_1_194' title='bbox 1863 2711 2048 2751; x_wconf 89' lang='lat' dir='ltr'><strong>vocem</strong></span> 
     </span>
    </p>
   </div>
   <div class='ocr_carea' id='block_1_28' title="bbox 484 2786 2052 2855">
    <p class='ocr_par' dir='ltr' id='par_1_28' title="bbox 484 2786 2052 2855">
     <span class='ocr_line' id='line_1_28' title="bbox 484 2786 2052 2855; baseline 0.003 -18"><span class='ocrx_word' id='word_1_195' title='bbox 484 2786 760 2839; x_wconf 88' lang='lat' dir='ltr'><strong>littoribus</strong></span> <span class='ocrx_word' id='word_1_196' title='bbox 817 2786 1141 2855; x_wconf 86' lang='lat' dir='ltr'><strong>inscriptam</strong></span> <span class='ocrx_word' id='word_1_197' title='bbox 1169 2801 1293 2840; x_wconf 91' lang='lat' dir='ltr'><strong>cum</strong></span> <span class='ocrx_word' id='word_1_198' title='bbox 1326 2787 1578 2841; x_wconf 90' lang='lat' dir='ltr'><strong>intuitum</strong></span> <span class='ocrx_word' id='word_1_199' title='bbox 1626 2787 1811 2851; x_wconf 86' lang='lat' dir='ltr'><strong>fuerit,</strong></span> <span class='ocrx_word' id='word_1_200' title='bbox 1857 2803 2052 2842; x_wconf 90' lang='lat' dir='ltr'><strong>curva-</strong></span> 
     </span>
    </p>
   </div>
   <div class='ocr_carea' id='block_1_29' title="bbox 485 2878 2050 2950">
    <p class='ocr_par' dir='ltr' id='par_1_29' title="bbox 485 2878 2050 2950">
     <span class='ocr_line' id='line_1_29' title="bbox 485 2878 2050 2950; baseline 0.003 -19"><span class='ocrx_word' id='word_1_201' title='bbox 485 2881 557 2933; x_wconf 86' lang='lat' dir='ltr'><strong>tis</strong></span> <span class='ocrx_word' id='word_1_202' title='bbox 589 2878 841 2933; x_wconf 87' lang='lat' dir='ltr'><strong>lluctibus</strong></span> <span class='ocrx_word' id='word_1_203' title='bbox 864 2878 1080 2932; x_wconf 88' lang='lat' dir='ltr'><strong>termini</strong></span> <span class='ocrx_word' id='word_1_204' title='bbox 1113 2878 1408 2947; x_wconf 88' lang='lat' dir='ltr'><strong>positorem</strong></span> <span class='ocrx_word' id='word_1_205' title='bbox 1441 2878 1660 2942; x_wconf 87' lang='lat' dir='ltr'><strong>adorat;</strong></span> <span class='ocrx_word' id='word_1_206' title='bbox 1683 2894 1918 2950; x_wconf 90' lang='lat' dir='ltr'><strong>cmuque</strong></span> <span class='ocrx_word' id='word_1_207' title='bbox 1946 2890 2050 2935; x_wconf 92' lang='lat' dir='ltr'><strong>ter-</strong></span> 
     </span>
    </p>
   </div>
   <div class='ocr_carea' id='block_1_30' title="bbox 485 2968 2049 3042">
    <p class='ocr_par' dir='ltr' id='par_1_30' title="bbox 485 2968 2049 3042">
     <span class='ocr_line' id='line_1_30' title="bbox 485 2968 2049 3042; baseline 0.003 -18"><span class='ocrx_word' id='word_1_208' title='bbox 485 2984 603 3024; x_wconf 90' lang='lat' dir='ltr'><strong>ram</strong></span> <span class='ocrx_word' id='word_1_209' title='bbox 655 2969 887 3022; x_wconf 83' lang='lat' dir='ltr'><strong>violente</strong></span> <span class='ocrx_word' id='word_1_210' title='bbox 941 2968 1147 3034; x_wconf 80' lang='lat' dir='ltr'><strong>feriat,</strong></span> <span class='ocrx_word' id='word_1_211' title='bbox 1202 2969 1476 3034; x_wconf 88' lang='lat' dir='ltr'><strong>referitur,</strong></span> <span class='ocrx_word' id='word_1_212' title='bbox 1516 2985 1579 3024; x_wconf 91' lang='lat' dir='ltr'><strong>ac</strong></span> <span class='ocrx_word' id='word_1_213' title='bbox 1622 2971 1793 3026; x_wconf 79' lang='lat' dir='ltr'><strong>divini</strong></span> <span class='ocrx_word' id='word_1_214' title='bbox 1839 2973 2049 3042; x_wconf 88' lang='lat' dir='ltr'><strong>imperii</strong></span> 
     </span>
    </p>
   </div>
   <div class='ocr_carea' id='block_1_31' title="bbox 487 3060 2053 3134">
    <p class='ocr_par' dir='ltr' id='par_1_31' title="bbox 487 3060 2053 3134">
     <span class='ocr_line' id='line_1_31' title="bbox 487 3060 2053 3134; baseline 0.003 -20"><span class='ocrx_word' id='word_1_215' title='bbox 487 3076 694 3114; x_wconf 92' lang='lat' dir='ltr'><strong>memor</strong></span> <span class='ocrx_word' id='word_1_216' title='bbox 731 3060 967 3114; x_wconf 84' lang='lat' dir='ltr'><strong>refertur</strong></span> <span class='ocrx_word' id='word_1_217' title='bbox 1001 3060 1054 3114; x_wconf 88' lang='lat' dir='ltr'><strong>in</strong></span> <span class='ocrx_word' id='word_1_218' title='bbox 1085 3061 1286 3131; x_wconf 86' lang='lat' dir='ltr'><strong>fugam.</strong></span> <span class='ocrx_word' id='word_1_219' title='bbox 1319 3061 1499 3128; x_wconf 85' lang='lat' dir='ltr'><strong>Quare</strong></span> <span class='ocrx_word' id='word_1_220' title='bbox 1532 3063 1741 3131; x_wconf 85' lang='lat' dir='ltr'><strong>placide</strong></span> <span class='ocrx_word' id='word_1_221' title='bbox 1790 3081 2053 3134; x_wconf 87' lang='lat' dir='ltr'><strong>purpura-</strong></span> 
     </span>
    </p>
   </div>
   <div class='ocr_carea' id='block_1_32' title="bbox 2142 600 3725 673">
    <p class='ocr_par' dir='ltr' id='par_1_32' title="bbox 2142 600 3725 673">
     <span class='ocr_line' id='line_1_32' title="bbox 2142 600 3725 673; baseline 0.005 -22"><span class='ocrx_word' id='word_1_222' title='bbox 2142 601 2285 671; x_wconf 80' lang='grc' dir='ltr'>τίςὴ</span> <span class='ocrx_word' id='word_1_223' title='bbox 2319 601 2466 654; x_wconf 73' lang='grc' dir='ltr'>αἰτία</span> <span class='ocrx_word' id='word_1_224' title='bbox 2493 601 2587 654; x_wconf 82' lang='grc' dir='ltr'>τοῦ</span> <span class='ocrx_word' id='word_1_225' title='bbox 2619 600 2962 670; x_wconf 86' lang='grc' dir='ltr'>φθέγματος;</span> <span class='ocrx_word' id='word_1_226' title='bbox 3025 604 3304 673; x_wconf 76' lang='grc' dir='ltr'>Μάθωμεν</span> <span class='ocrx_word' id='word_1_227' title='bbox 3349 605 3443 658; x_wconf 79' lang='grc' dir='ltr'>καὶ</span> <span class='ocrx_word' id='word_1_228' title='bbox 3487 622 3725 658; x_wconf 86' lang='grc' dir='ltr'>σιωπου-</span> 
     </span>
    </p>
   </div>
   <div class='ocr_carea' id='block_1_33' title="bbox 2141 689 3722 763">
    <p class='ocr_par' dir='ltr' id='par_1_33' title="bbox 2141 689 3722 763">
     <span class='ocr_line' id='line_1_33' title="bbox 2141 689 3722 763; baseline 0.002 -20"><span class='ocrx_word' id='word_1_229' title='bbox 2141 707 2242 760; x_wconf 87' lang='grc' dir='ltr'><strong>σης</strong></span> <span class='ocrx_word' id='word_1_230' title='bbox 2293 689 2512 744; x_wconf 75' lang='grc' dir='ltr'><strong>ἀκούειν</strong></span> <span class='ocrx_word' id='word_1_231' title='bbox 2570 690 2669 760; x_wconf 82' lang='grc' dir='ltr'>τῆς</span> <span class='ocrx_word' id='word_1_232' title='bbox 2720 691 2967 760; x_wconf 75' lang='grc' dir='ltr'>Γραφῆς,</span> <span class='ocrx_word' id='word_1_233' title='bbox 3030 692 3124 744; x_wconf 75' lang='grc' dir='ltr'><strong>καὶ</strong></span> <span class='ocrx_word' id='word_1_234' title='bbox 3175 692 3555 763; x_wconf 77' lang='grc' dir='ltr'><strong>φθεγγομένης</strong></span> <span class='ocrx_word' id='word_1_235' title='bbox 3594 711 3722 746; x_wconf 79' lang='grc' dir='ltr'>παι-</span> 
     </span>
    </p>
   </div>
   <div class='ocr_carea' id='block_1_34' title="bbox 2141 780 3704 854">
    <p class='ocr_par' dir='ltr' id='par_1_34' title="bbox 2141 780 3704 854">
     <span class='ocr_line' id='line_1_34' title="bbox 2141 780 3704 854; baseline 0.004 -22"><span class='ocrx_word' id='word_1_236' title='bbox 2141 780 2411 836; x_wconf 85' lang='grc' dir='ltr'>δεύεσθαι.</span> <span class='ocrx_word' id='word_1_237' title='bbox 2477 781 2698 853; x_wconf 82' lang='grc' dir='ltr'><strong>Ἐπειδὴ</strong></span> <span class='ocrx_word' id='word_1_238' title='bbox 2749 782 2858 854; x_wconf 77' lang='grc' dir='ltr'>γὰρ</span> <span class='ocrx_word' id='word_1_239' title='bbox 2912 784 3038 854; x_wconf 83' lang='grc' dir='ltr'><strong>ἄρτι</strong></span> <span class='ocrx_word' id='word_1_240' title='bbox 3090 783 3412 838; x_wconf 84' lang='grc' dir='ltr'>πλασθεῖσαι</span> <span class='ocrx_word' id='word_1_241' title='bbox 3465 784 3572 844; x_wconf 84' lang='grc' dir='ltr'><strong>τῶν</strong></span> <span class='ocrx_word' id='word_1_242' title='bbox 3633 786 3704 852; x_wconf 86' lang='grc' dir='ltr'><strong>ἀγ</strong></span> 
     </span>
    </p>
   </div>
   <div class='ocr_carea' id='block_1_35' title="bbox 2143 873 3722 946">
    <p class='ocr_par' dir='ltr' id='par_1_35' title="bbox 2143 873 3722 946">
     <span class='ocr_line' id='line_1_35' title="bbox 2143 873 3722 946; baseline 0.003 -20"><span class='ocrx_word' id='word_1_243' title='bbox 2143 874 2316 942; x_wconf 88' lang='grc' dir='ltr'>γέλων</span> <span class='ocrx_word' id='word_1_244' title='bbox 2353 874 2410 926; x_wconf 76' lang='grc' dir='ltr'>αἱ</span> <span class='ocrx_word' id='word_1_245' title='bbox 2442 874 2700 944; x_wconf 78' lang='grc' dir='ltr'><strong>μυριάδες</strong></span> <span class='ocrx_word' id='word_1_246' title='bbox 2729 873 2916 945; x_wconf 80' lang='grc' dir='ltr'>ἑώρων</span> <span class='ocrx_word' id='word_1_247' title='bbox 2966 875 3063 944; x_wconf 85' lang='grc' dir='ltr'><strong>μὲν</strong></span> <span class='ocrx_word' id='word_1_248' title='bbox 3111 875 3182 928; x_wconf 90' lang='grc' dir='ltr'><strong>τά</strong></span> <span class='ocrx_word' id='word_1_249' title='bbox 3219 875 3504 946; x_wconf 85' lang='grc' dir='ltr'>γενόμενα,</span> <span class='ocrx_word' id='word_1_250' title='bbox 3549 876 3638 928; x_wconf 84' lang='grc' dir='ltr'>τὸν</span> <span class='ocrx_word' id='word_1_251' title='bbox 3666 877 3722 930; x_wconf 81' lang='grc' dir='ltr'>δὲ</span> 
     </span>
    </p>
   </div>
   <div class='ocr_carea' id='block_1_36' title="bbox 2143 962 3725 1038">
    <p class='ocr_par' dir='ltr' id='par_1_36' title="bbox 2143 962 3725 1038">
     <span class='ocr_line' id='line_1_36' title="bbox 2143 962 3725 1038; baseline 0.001 -21"><span class='ocrx_word' id='word_1_252' title='bbox 2143 962 2398 1018; x_wconf 81' lang='grc' dir='ltr'>ποιοῦντα</span> <span class='ocrx_word' id='word_1_253' title='bbox 2429 964 2644 1034; x_wconf 80' lang='grc' dir='ltr'><strong>βλέπειν</strong></span> <span class='ocrx_word' id='word_1_254' title='bbox 2668 966 2767 1019; x_wconf 89' lang='grc' dir='ltr'><strong>οὑκ</strong></span> <span class='ocrx_word' id='word_1_255' title='bbox 2788 966 2971 1035; x_wconf 75' lang='grc' dir='ltr'>ἴσχυον</span> <span class='ocrx_word' id='word_1_256' title='bbox 3003 966 3344 1038; x_wconf 78' lang='grc' dir='ltr'>(ὑπερὸαίνει</span> <span class='ocrx_word' id='word_1_257' title='bbox 3373 966 3482 1035; x_wconf 76' lang='grc' dir='ltr'>γὰρ</span> <span class='ocrx_word' id='word_1_258' title='bbox 3505 967 3596 1020; x_wconf 75' lang='grc' dir='ltr'>καὶ</span> <span class='ocrx_word' id='word_1_259' title='bbox 3633 970 3725 1035; x_wconf 77' lang='grc' dir='ltr'>ἀγ-</span> 
     </span>
    </p>
   </div>
   <div class='ocr_carea' id='block_1_37' title="bbox 2142 1055 3716 1128">
    <p class='ocr_par' dir='ltr' id='par_1_37' title="bbox 2142 1055 3716 1128">
     <span class='ocr_line' id='line_1_37' title="bbox 2142 1055 3716 1128; baseline 0.003 -21"><span class='ocrx_word' id='word_1_260' title='bbox 2142 1055 2316 1124; x_wconf 89' lang='grc' dir='ltr'>γέλων</span> <span class='ocrx_word' id='word_1_261' title='bbox 2369 1055 2678 1126; x_wconf 78' lang='grc' dir='ltr'>ὀφθαλμοὺς</span> <span class='ocrx_word' id='word_1_262' title='bbox 2727 1057 2914 1127; x_wconf 77' lang='grc' dir='ltr'>τὸτῆς</span> <span class='ocrx_word' id='word_1_263' title='bbox 2972 1057 3120 1122; x_wconf 80' lang='grc' dir='ltr'><strong>θείας</strong></span> <span class='ocrx_word' id='word_1_264' title='bbox 3171 1058 3360 1121; x_wconf 77' lang='grc' dir='ltr'>οὐσίας</span> <span class='ocrx_word' id='word_1_265' title='bbox 3422 1057 3675 1128; x_wconf 79' lang='grc' dir='ltr'><strong>ἀθέατον)</strong></span> <span class='ocrx_word' id='word_1_266' title='bbox 3705 1073 3716 1086; x_wconf 87' lang='lat'><strong>&#39;</strong></span> 
     </span>
    </p>
   </div>
   <div class='ocr_carea' id='block_1_38' title="bbox 2143 1146 3723 1220">
    <p class='ocr_par' dir='ltr' id='par_1_38' title="bbox 2143 1146 3723 1220">
     <span class='ocr_line' id='line_1_38' title="bbox 2143 1146 3723 1220; baseline 0.001 -22"><span class='ocrx_word' id='word_1_267' title='bbox 2143 1147 2370 1210; x_wconf 84' lang='grc' dir='ltr'><strong>εἰκότως</strong></span> <span class='ocrx_word' id='word_1_268' title='bbox 2398 1146 2492 1199; x_wconf 83' lang='grc' dir='ltr'>νῦν</span> <span class='ocrx_word' id='word_1_269' title='bbox 2524 1148 2897 1218; x_wconf 82' lang='grc' dir='ltr'>προλαμϐάνει</span> <span class='ocrx_word' id='word_1_270' title='bbox 2942 1149 3126 1220; x_wconf 82' lang='grc' dir='ltr'>φωνὴν</span> <span class='ocrx_word' id='word_1_271' title='bbox 3154 1148 3290 1219; x_wconf 83' lang='grc' dir='ltr'>πρὸς</span> <span class='ocrx_word' id='word_1_272' title='bbox 3321 1147 3594 1218; x_wconf 83' lang='grc' dir='ltr'>αἴσθησιν,</span> <span class='ocrx_word' id='word_1_273' title='bbox 3627 1149 3723 1202; x_wconf 76' lang='grc' dir='ltr'>καὶ</span> 
     </span>
    </p>
   </div>
   <div class='ocr_carea' id='block_1_39' title="bbox 2146 1237 3724 1309">
    <p class='ocr_par' dir='ltr' id='par_1_39' title="bbox 2146 1237 3724 1309">
     <span class='ocr_line' id='line_1_39' title="bbox 2146 1237 3724 1309; baseline -0.001 -17"><span class='ocrx_word' id='word_1_274' title='bbox 2146 1240 2329 1308; x_wconf 80' lang='grc' dir='ltr'>θαῦμα</span> <span class='ocrx_word' id='word_1_275' title='bbox 2373 1237 2466 1291; x_wconf 79' lang='grc' dir='ltr'>τοῦ</span> <span class='ocrx_word' id='word_1_276' title='bbox 2518 1239 2810 1309; x_wconf 81' lang='grc' dir='ltr'>γενομένου</span> <span class='ocrx_word' id='word_1_277' title='bbox 2858 1237 3114 1292; x_wconf 78' lang='grc' dir='ltr'>κινοῦσαν</span> <span class='ocrx_word' id='word_1_278' title='bbox 3161 1239 3270 1292; x_wconf 82' lang='grc' dir='ltr'><strong>τῶν</strong></span> <span class='ocrx_word' id='word_1_279' title='bbox 3322 1240 3569 1307; x_wconf 84' lang='grc' dir='ltr'>ἀγγέλων</span> <span class='ocrx_word' id='word_1_280' title='bbox 3599 1239 3724 1302; x_wconf 81' lang='grc' dir='ltr'>τοὺς</span> 
     </span>
    </p>
   </div>
   <div class='ocr_carea' id='block_1_40' title="bbox 2144 1325 3723 1398">
    <p class='ocr_par' dir='ltr' id='par_1_40' title="bbox 2144 1325 3723 1398">
     <span class='ocr_line' id='line_1_40' title="bbox 2144 1325 3723 1398; baseline 0.001 -20"><span class='ocrx_word' id='word_1_281' title='bbox 2144 1327 2371 1395; x_wconf 85' lang='grc' dir='ltr'><strong>δήμους,</strong></span> <span class='ocrx_word' id='word_1_282' title='bbox 2410 1325 2499 1379; x_wconf 81' lang='grc' dir='ltr'><strong>ἴνα</strong></span> <span class='ocrx_word' id='word_1_283' title='bbox 2539 1325 2618 1395; x_wconf 85' lang='grc' dir='ltr'><strong>τῷ</strong></span> <span class='ocrx_word' id='word_1_284' title='bbox 2646 1327 3030 1396; x_wconf 77' lang='grc' dir='ltr'><strong>προστάγματι</strong></span> <span class='ocrx_word' id='word_1_285' title='bbox 3072 1327 3352 1381; x_wconf 69' lang='grc' dir='ltr'>συνοδεῦω</span> <span class='ocrx_word' id='word_1_286' title='bbox 3375 1328 3435 1380; x_wconf 84' lang='grc' dir='ltr'><strong>τὸ</strong></span> <span class='ocrx_word' id='word_1_287' title='bbox 3463 1329 3723 1398; x_wconf 88' lang='grc' dir='ltr'>δημιουρ-</span> 
     </span>
    </p>
   </div>
   <div class='ocr_carea' id='block_1_41' title="bbox 2145 1415 3720 1488">
    <p class='ocr_par' dir='ltr' id='par_1_41' title="bbox 2145 1415 3720 1488">
     <span class='ocr_line' id='line_1_41' title="bbox 2145 1415 3720 1488; baseline 0.001 -20"><span class='ocrx_word' id='word_1_288' title='bbox 2145 1415 2410 1486; x_wconf 87' lang='grc' dir='ltr'>γούμενον</span> <span class='ocrx_word' id='word_1_289' title='bbox 2441 1415 2752 1486; x_wconf 83' lang='grc' dir='ltr'>βλέποντες,</span> <span class='ocrx_word' id='word_1_290' title='bbox 2783 1416 2877 1470; x_wconf 82' lang='grc' dir='ltr'>καὶ</span> <span class='ocrx_word' id='word_1_291' title='bbox 2903 1416 3003 1486; x_wconf 81' lang='grc' dir='ltr'>τὴν</span> <span class='ocrx_word' id='word_1_292' title='bbox 3033 1415 3162 1471; x_wconf 90' lang='grc' dir='ltr'>θέαν</span> <span class='ocrx_word' id='word_1_293' title='bbox 3191 1417 3720 1488; x_wconf 86' lang='grc' dir='ltr'>καταπληττόμενοι,</span> 
     </span>
    </p>
   </div>
   <div class='ocr_carea' id='block_1_42' title="bbox 2144 1503 3726 1577">
    <p class='ocr_par' dir='ltr' id='par_1_42' title="bbox 2144 1503 3726 1577">
     <span class='ocr_line' id='line_1_42' title="bbox 2144 1503 3726 1577; baseline 0.003 -21"><span class='ocrx_word' id='word_1_294' title='bbox 2144 1505 2283 1575; x_wconf 79' lang='grc' dir='ltr'>πρὸς</span> <span class='ocrx_word' id='word_1_295' title='bbox 2315 1503 2514 1574; x_wconf 82' lang='grc' dir='ltr'>γνῶσιν</span> <span class='ocrx_word' id='word_1_296' title='bbox 2549 1504 2643 1558; x_wconf 76' lang='grc' dir='ltr'>καὶ</span> <span class='ocrx_word' id='word_1_297' title='bbox 2677 1504 2845 1576; x_wconf 78' lang='grc' dir='ltr'>ὕμνον</span> <span class='ocrx_word' id='word_1_298' title='bbox 2875 1505 3126 1577; x_wconf 84' lang='grc' dir='ltr'>τραπῶσι</span> <span class='ocrx_word' id='word_1_299' title='bbox 3154 1506 3247 1559; x_wconf 77' lang='grc' dir='ltr'>τοῦ</span> <span class='ocrx_word' id='word_1_300' title='bbox 3293 1507 3600 1571; x_wconf 78' lang='grc' dir='ltr'>κτίσαντος.</span> <span class='ocrx_word' id='word_1_301' title='bbox 3631 1509 3726 1570; x_wconf 79' lang='grc' dir='ltr'>Τίς</span> 
     </span>
    </p>
   </div>
   <div class='ocr_carea' id='block_1_43' title="bbox 2145 1589 3728 1666">
    <p class='ocr_par' dir='ltr' id='par_1_43' title="bbox 2145 1589 3728 1666">
     <span class='ocr_line' id='line_1_43' title="bbox 2145 1589 3728 1666; baseline -0.001 -16"><span class='ocrx_word' id='word_1_302' title='bbox 2145 1589 2331 1659; x_wconf 76' lang='grc' dir='ltr'>οὑτος;</span> <span class='ocrx_word' id='word_1_303' title='bbox 2353 1596 2522 1665; x_wconf 79' lang='grc' dir='ltr'>Φησὶν</span> <span class='ocrx_word' id='word_1_304' title='bbox 2542 1595 2698 1659; x_wconf 79' lang='grc' dir='ltr'>αὑτὸς</span> <span class='ocrx_word' id='word_1_305' title='bbox 2725 1597 2752 1648; x_wconf 86' lang='grc' dir='ltr'>ὁ</span> <span class='ocrx_word' id='word_1_306' title='bbox 2775 1596 2908 1658; x_wconf 80' lang='grc' dir='ltr'>Θεὸς</span> <span class='ocrx_word' id='word_1_307' title='bbox 2930 1595 3064 1666; x_wconf 79' lang='grc' dir='ltr'>πρὸς</span> <span class='ocrx_word' id='word_1_308' title='bbox 3082 1599 3174 1648; x_wconf 78' lang='grc' dir='ltr'><strong>τὸν</strong></span> <span class='ocrx_word' id='word_1_309' title='bbox 3200 1597 3397 1650; x_wconf 74' lang='grc' dir='ltr'>οἰκεῖον</span> <span class='ocrx_word' id='word_1_310' title='bbox 3420 1596 3728 1665; x_wconf 78' lang='grc' dir='ltr'>ἀγωνιστὴν</span> 
     </span>
    </p>
   </div>
   <div class='ocr_carea' id='block_1_44' title="bbox 2146 1686 3728 1756">
    <p class='ocr_par' dir='ltr' id='par_1_44' title="bbox 2146 1686 3728 1756">
     <span class='ocr_line' id='line_1_44' title="bbox 2146 1686 3728 1756; baseline 0 -16"><span class='ocrx_word' id='word_1_311' title='bbox 2146 1688 2239 1740; x_wconf 77' lang='grc' dir='ltr'>τὸν</span> <span class='ocrx_word' id='word_1_312' title='bbox 2291 1686 2411 1740; x_wconf 80' lang='grc' dir='ltr'><strong>Ἰὼὸ</strong></span> <span class='ocrx_word' id='word_1_313' title='bbox 2437 1686 2848 1756; x_wconf 83' lang='grc' dir='ltr'>διαλεγόμενος·</span> <span class='ocrx_word' id='word_1_314' title='bbox 2886 1688 3026 1739; x_wconf 84' lang='grc' dir='ltr'><strong>Ὅτε</strong></span> <span class='ocrx_word' id='word_1_315' title='bbox 3060 1687 3311 1741; x_wconf 80' lang='grc' dir='ltr'><strong>ἐποίουν</strong></span> <span class='ocrx_word' id='word_1_316' title='bbox 3338 1686 3552 1754; x_wconf 78' lang='grc' dir='ltr'>ἄστρα,</span> <span class='ocrx_word' id='word_1_317' title='bbox 3592 1688 3728 1756; x_wconf 74' lang='grc' dir='ltr'><strong>ᾔνε-</strong></span> 
     </span>
    </p>
   </div>
   <div class='ocr_carea' id='block_1_45' title="bbox 2153 1777 3725 1850">
    <p class='ocr_par' dir='ltr' id='par_1_45' title="bbox 2153 1777 3725 1850">
     <span class='ocr_line' id='line_1_45' title="bbox 2153 1777 3725 1850; baseline 0.001 -19"><span class='ocrx_word' id='word_1_318' title='bbox 2153 1777 2275 1831; x_wconf 81' lang='grc' dir='ltr'><strong>σιὶν</strong></span> <span class='ocrx_word' id='word_1_319' title='bbox 2320 1795 2398 1847; x_wconf 83' lang='grc' dir='ltr'>με</span> <span class='ocrx_word' id='word_1_320' title='bbox 2447 1777 2618 1847; x_wconf 76' lang='grc' dir='ltr'>φωνῇ</span> <span class='ocrx_word' id='word_1_321' title='bbox 2653 1777 2889 1850; x_wconf 78' lang='grc' dir='ltr'><strong>μεγάλῃ</strong></span> <span class='ocrx_word' id='word_1_322' title='bbox 2935 1777 3156 1842; x_wconf 80' lang='grc' dir='ltr'>πάντες</span> <span class='ocrx_word' id='word_1_323' title='bbox 3202 1780 3257 1832; x_wconf 76' lang='grc' dir='ltr'><strong>οι</strong></span> <span class='ocrx_word' id='word_1_324' title='bbox 3295 1777 3540 1849; x_wconf 75' lang='grc' dir='ltr'>ἄγγελοί</span> <span class='ocrx_word' id='word_1_325' title='bbox 3584 1795 3725 1847; x_wconf 83' lang='grc' dir='ltr'>μου.</span> 
     </span>
    </p>
   </div>
   <div class='ocr_carea' id='block_1_46' title="bbox 2153 1868 3726 1942">
    <p class='ocr_par' dir='ltr' id='par_1_46' title="bbox 2153 1868 3726 1942">
     <span class='ocr_line' id='line_1_46' title="bbox 2153 1868 3726 1942; baseline 0 -20"><span class='ocrx_word' id='word_1_326' title='bbox 2153 1871 2234 1940; x_wconf 79' lang='grc' dir='ltr'><strong>Τῇ</strong></span> <span class='ocrx_word' id='word_1_327' title='bbox 2269 1870 2378 1940; x_wconf 85' lang='grc' dir='ltr'>γὰρ</span> <span class='ocrx_word' id='word_1_328' title='bbox 2406 1869 2742 1939; x_wconf 80' lang='grc' dir='ltr'><strong>καταπλήξει</strong></span> <span class='ocrx_word' id='word_1_329' title='bbox 2771 1869 2869 1940; x_wconf 86' lang='grc' dir='ltr'>τῆς</span> <span class='ocrx_word' id='word_1_330' title='bbox 2901 1868 3027 1932; x_wconf 88' lang='grc' dir='ltr'>θέας</span> <span class='ocrx_word' id='word_1_331' title='bbox 3052 1869 3409 1941; x_wconf 85' lang='grc' dir='ltr'>κρατούμενοι</span> <span class='ocrx_word' id='word_1_332' title='bbox 3437 1870 3574 1942; x_wconf 86' lang='grc' dir='ltr'>πρὸς</span> <span class='ocrx_word' id='word_1_333' title='bbox 3595 1869 3726 1923; x_wconf 75' lang='grc' dir='ltr'>ἕκα-</span> 
     </span>
    </p>
   </div>
   <div class='ocr_carea' id='block_1_47' title="bbox 2157 1956 3724 2032">
    <p class='ocr_par' dir='ltr' id='par_1_47' title="bbox 2157 1956 3724 2032">
     <span class='ocr_line' id='line_1_47' title="bbox 2157 1956 3724 2032; baseline -0.001 -18"><span class='ocrx_word' id='word_1_334' title='bbox 2157 1977 2278 2014; x_wconf 89' lang='grc' dir='ltr'>στον</span> <span class='ocrx_word' id='word_1_335' title='bbox 2310 1960 2419 2014; x_wconf 84' lang='grc' dir='ltr'>τῶν</span> <span class='ocrx_word' id='word_1_336' title='bbox 2472 1956 2870 2031; x_wconf 70' lang='grc' dir='ltr'>παράγομένων</span> <span class='ocrx_word' id='word_1_337' title='bbox 2918 1959 3010 2013; x_wconf 81' lang='grc' dir='ltr'><strong>τὸν</strong></span> <span class='ocrx_word' id='word_1_338' title='bbox 3069 1959 3308 2031; x_wconf 79' lang='grc' dir='ltr'>Ποιητὴν</span> <span class='ocrx_word' id='word_1_339' title='bbox 3358 1962 3724 2032; x_wconf 82' lang='grc' dir='ltr'>ἀνευφήμουν.</span> 
     </span>
    </p>
   </div>
   <div class='ocr_carea' id='block_1_48' title="bbox 2167 2050 3730 2124">
    <p class='ocr_par' dir='ltr' id='par_1_48' title="bbox 2167 2050 3730 2124">
     <span class='ocr_line' id='line_1_48' title="bbox 2167 2050 3730 2124; baseline -0.001 -19"><span class='ocrx_word' id='word_1_340' title='bbox 2167 2051 2290 2105; x_wconf 75' lang='grc' dir='ltr'><strong>Ἐπὶ</strong></span> <span class='ocrx_word' id='word_1_341' title='bbox 2312 2050 2521 2112; x_wconf 85' lang='grc' dir='ltr'>τούτοις</span> <span class='ocrx_word' id='word_1_342' title='bbox 2553 2050 2753 2120; x_wconf 81' lang='grc' dir='ltr'>μεταξὺ</span> <span class='ocrx_word' id='word_1_343' title='bbox 2777 2050 2885 2104; x_wconf 83' lang='grc' dir='ltr'>τῶν</span> <span class='ocrx_word' id='word_1_344' title='bbox 2917 2051 3125 2104; x_wconf 81' lang='grc' dir='ltr'>ὑδάτων</span> <span class='ocrx_word' id='word_1_345' title='bbox 3148 2053 3176 2104; x_wconf 90' lang='grc' dir='ltr'>ὁ</span> <span class='ocrx_word' id='word_1_346' title='bbox 3206 2052 3544 2124; x_wconf 81' lang='grc' dir='ltr'>Δημιουργὸς</span> <span class='ocrx_word' id='word_1_347' title='bbox 3575 2069 3730 2123; x_wconf 80' lang='grc' dir='ltr'>περι·</span> 
     </span>
    </p>
   </div>
   <div class='ocr_carea' id='block_1_49' title="bbox 2153 2140 3730 2212">
    <p class='ocr_par' dir='ltr' id='par_1_49' title="bbox 2153 2140 3730 2212">
     <span class='ocr_line' id='line_1_49' title="bbox 2153 2140 3730 2212; baseline 0.002 -19"><span class='ocrx_word' id='word_1_348' title='bbox 2153 2141 2317 2193; x_wconf 72' lang='grc' dir='ltr'>τείνει</span> <span class='ocrx_word' id='word_1_349' title='bbox 2355 2141 2660 2211; x_wconf 85' lang='grc' dir='ltr'>στερέωμα,</span> <span class='ocrx_word' id='word_1_350' title='bbox 2699 2140 2950 2211; x_wconf 86' lang='grc' dir='ltr'>καθάπερ</span> <span class='ocrx_word' id='word_1_351' title='bbox 2985 2140 3188 2212; x_wconf 82' lang='grc' dir='ltr'>ὀροφὴν</span> <span class='ocrx_word' id='word_1_352' title='bbox 3223 2141 3370 2211; x_wconf 58' lang='grc' dir='ltr'>πρὸς,</span> <span class='ocrx_word' id='word_1_353' title='bbox 3410 2142 3730 2211; x_wconf 79' lang='grc' dir='ltr'>ζωγραφίαν</span> 
     </span>
    </p>
   </div>
   <div class='ocr_carea' id='block_1_50' title="bbox 2155 2232 3730 2305">
    <p class='ocr_par' dir='ltr' id='par_1_50' title="bbox 2155 2232 3730 2305">
     <span class='ocr_line' id='line_1_50' title="bbox 2155 2232 3730 2305; baseline 0.001 -19"><span class='ocrx_word' id='word_1_354' title='bbox 2155 2233 2445 2305; x_wconf 87' lang='grc' dir='ltr'>ἁρμόδιον·</span> <span class='ocrx_word' id='word_1_355' title='bbox 2494 2235 2693 2304; x_wconf 85' lang='grc' dir='ltr'>γυμνοῖ</span> <span class='ocrx_word' id='word_1_356' title='bbox 2739 2233 2797 2286; x_wconf 84' lang='grc' dir='ltr'>δὲ</span> <span class='ocrx_word' id='word_1_357' title='bbox 2851 2232 2991 2304; x_wconf 86' lang='grc' dir='ltr'><strong>μετά</strong></span> <span class='ocrx_word' id='word_1_358' title='bbox 3037 2233 3195 2287; x_wconf 80' lang='grc' dir='ltr'>τοῦτο</span> <span class='ocrx_word' id='word_1_359' title='bbox 3228 2233 3338 2286; x_wconf 86' lang='grc' dir='ltr'>τῶν</span> <span class='ocrx_word' id='word_1_360' title='bbox 3375 2233 3581 2292; x_wconf 77' lang='grc' dir='ltr'>ὑδάτων</span> <span class='ocrx_word' id='word_1_361' title='bbox 3627 2233 3730 2302; x_wconf 76' lang='grc' dir='ltr'>τῆς</span> 
     </span>
    </p>
   </div>
   <div class='ocr_carea' id='block_1_51' title="bbox 2153 2326 3730 2399">
    <p class='ocr_par' dir='ltr' id='par_1_51' title="bbox 2153 2326 3730 2399">
     <span class='ocr_line' id='line_1_51' title="bbox 2153 2326 3730 2399; baseline 0.003 -20"><span class='ocrx_word' id='word_1_362' title='bbox 2153 2327 2385 2399; x_wconf 70' lang='grc' dir='ltr'>ἠπείρου</span> <span class='ocrx_word' id='word_1_363' title='bbox 2414 2326 2484 2381; x_wconf 87' lang='grc' dir='ltr'><strong>τά</strong></span> <span class='ocrx_word' id='word_1_364' title='bbox 2516 2327 2682 2393; x_wconf 84' lang='grc' dir='ltr'>νῶτα,</span> <span class='ocrx_word' id='word_1_365' title='bbox 2706 2326 2895 2398; x_wconf 82' lang='grc' dir='ltr'>ὥσπερ</span> <span class='ocrx_word' id='word_1_366' title='bbox 2915 2326 3112 2382; x_wconf 76' lang='grc' dir='ltr'>ἕντισι</span> <span class='ocrx_word' id='word_1_367' title='bbox 3140 2328 3387 2398; x_wconf 81' lang='grc' dir='ltr'>ταμείοις</span> <span class='ocrx_word' id='word_1_368' title='bbox 3419 2326 3487 2380; x_wconf 79' lang='grc' dir='ltr'><strong>τά</strong></span> <span class='ocrx_word' id='word_1_369' title='bbox 3515 2327 3730 2397; x_wconf 80' lang='grc' dir='ltr'>πελάγη</span> 
     </span>
    </p>
   </div>
   <div class='ocr_carea' id='block_1_52' title="bbox 2158 2419 3730 2491">
    <p class='ocr_par' dir='ltr' id='par_1_52' title="bbox 2158 2419 3730 2491">
     <span class='ocr_line' id='line_1_52' title="bbox 2158 2419 3730 2491; baseline 0 -18"><span class='ocrx_word' id='word_1_370' title='bbox 2158 2420 2478 2488; x_wconf 83' lang='grc' dir='ltr'>συγκλείων,</span> <span class='ocrx_word' id='word_1_371' title='bbox 2525 2419 2771 2491; x_wconf 81' lang='grc' dir='ltr'><strong>κλεῖθρον</strong></span> <span class='ocrx_word' id='word_1_372' title='bbox 2802 2419 3010 2483; x_wconf 77' lang='grc' dir='ltr'>ἐπιθεὶς</span> <span class='ocrx_word' id='word_1_373' title='bbox 3047 2421 3114 2490; x_wconf 80' lang='grc' dir='ltr'>τῇ</span> <span class='ocrx_word' id='word_1_374' title='bbox 3147 2419 3369 2491; x_wconf 57' lang='lat' dir='ltr'><strong>esum,»</strong></span> <span class='ocrx_word' id='word_1_375' title='bbox 3401 2419 3462 2472; x_wconf 83' lang='grc' dir='ltr'>τὸ</span> <span class='ocrx_word' id='word_1_376' title='bbox 3493 2421 3730 2490; x_wconf 84' lang='grc' dir='ltr'>πρόστα-</span> 
     </span>
    </p>
   </div>
   <div class='ocr_carea' id='block_1_53' title="bbox 2155 2508 3730 2581">
    <p class='ocr_par' dir='ltr' id='par_1_53' title="bbox 2155 2508 3730 2581">
     <span class='ocr_line' id='line_1_53' title="bbox 2155 2508 3730 2581; baseline 0.001 -19"><span class='ocrx_word' id='word_1_377' title='bbox 2155 2525 2293 2578; x_wconf 89' lang='grc' dir='ltr'>γμα,</span> <span class='ocrx_word' id='word_1_378' title='bbox 2329 2510 2423 2563; x_wconf 79' lang='grc' dir='ltr'>καὶ</span> <span class='ocrx_word' id='word_1_379' title='bbox 2457 2508 2670 2580; x_wconf 80' lang='grc' dir='ltr'>ψάμμῳ</span> <span class='ocrx_word' id='word_1_380' title='bbox 2717 2508 3041 2580; x_wconf 82' lang='grc' dir='ltr'>χαλινώσας,</span> <span class='ocrx_word' id='word_1_381' title='bbox 3073 2510 3148 2573; x_wconf 86' lang='grc' dir='ltr'><strong>ὼς</strong></span> <span class='ocrx_word' id='word_1_382' title='bbox 3185 2509 3354 2581; x_wconf 80' lang='grc' dir='ltr'>φόϐῳ,</span> <span class='ocrx_word' id='word_1_383' title='bbox 3401 2511 3499 2577; x_wconf 73' lang='grc' dir='ltr'><strong>τὴν</strong></span> <span class='ocrx_word' id='word_1_384' title='bbox 3533 2509 3730 2566; x_wconf 84' lang='grc' dir='ltr'>θάλατ-</span> 
     </span>
    </p>
   </div>
   <div class='ocr_carea' id='block_1_54' title="bbox 2155 2602 3731 2674">
    <p class='ocr_par' dir='ltr' id='par_1_54' title="bbox 2155 2602 3731 2674">
     <span class='ocr_line' id='line_1_54' title="bbox 2155 2602 3731 2674; baseline 0.001 -20"><span class='ocrx_word' id='word_1_385' title='bbox 2155 2619 2254 2656; x_wconf 90' lang='grc' dir='ltr'><strong>ταν</strong></span> <span class='ocrx_word' id='word_1_386' title='bbox 2280 2618 2294 2631; x_wconf 85' lang='grc'><strong>·</strong></span> <span class='ocrx_word' id='word_1_387' title='bbox 2327 2603 2670 2672; x_wconf 87' lang='grc' dir='ltr'>άναυάγητον</span> <span class='ocrx_word' id='word_1_388' title='bbox 2707 2603 2818 2666; x_wconf 86' lang='grc' dir='ltr'>τοῖς</span> <span class='ocrx_word' id='word_1_389' title='bbox 2845 2602 3104 2670; x_wconf 73' lang='grc' dir='ltr'><strong>πελάγεσι</strong></span> <span class='ocrx_word' id='word_1_390' title='bbox 3133 2603 3418 2673; x_wconf 82' lang='grc' dir='ltr'>φυλάττων</span> <span class='ocrx_word' id='word_1_391' title='bbox 3453 2605 3552 2674; x_wconf 82' lang='grc' dir='ltr'>τὴν</span> <span class='ocrx_word' id='word_1_392' title='bbox 3573 2604 3731 2674; x_wconf 70' lang='grc' dir='ltr'><strong>ἠπει-</strong></span> 
     </span>
    </p>
   </div>
   <div class='ocr_carea' id='block_1_55' title="bbox 2162 2692 3730 2765">
    <p class='ocr_par' dir='ltr' id='par_1_55' title="bbox 2162 2692 3730 2765">
     <span class='ocr_line' id='line_1_55' title="bbox 2162 2692 3730 2765; baseline 0 -20"><span class='ocrx_word' id='word_1_393' title='bbox 2162 2709 2271 2764; x_wconf 85' lang='grc' dir='ltr'>ρον,</span> <span class='ocrx_word' id='word_1_394' title='bbox 2309 2695 2414 2747; x_wconf 77' lang='grc' dir='ltr'><strong>κᾶν</strong></span> <span class='ocrx_word' id='word_1_395' title='bbox 2452 2693 2670 2764; x_wconf 88' lang='grc' dir='ltr'>ἀνέμων</span> <span class='ocrx_word' id='word_1_396' title='bbox 2699 2692 2953 2764; x_wconf 75' lang='grc' dir='ltr'>ἐμϐολαῖς</span> <span class='ocrx_word' id='word_1_397' title='bbox 2981 2692 3190 2764; x_wconf 81' lang='grc' dir='ltr'>ὡθῆται</span> <span class='ocrx_word' id='word_1_398' title='bbox 3232 2693 3368 2765; x_wconf 79' lang='grc' dir='ltr'>πρὸς</span> <span class='ocrx_word' id='word_1_399' title='bbox 3403 2693 3503 2763; x_wconf 83' lang='grc' dir='ltr'>τὴν</span> <span class='ocrx_word' id='word_1_400' title='bbox 3534 2694 3730 2765; x_wconf 83' lang='grc' dir='ltr'>χέρσον</span> 
     </span>
    </p>
   </div>
   <div class='ocr_carea' id='block_1_56' title="bbox 2154 2785 3728 2858">
    <p class='ocr_par' dir='ltr' id='par_1_56' title="bbox 2154 2785 3728 2858">
     <span class='ocr_line' id='line_1_56' title="bbox 2154 2785 3728 2858; baseline 0.001 -20"><span class='ocrx_word' id='word_1_401' title='bbox 2154 2789 2188 2855; x_wconf 80' lang='grc' dir='ltr'><strong>ἡ</strong></span> <span class='ocrx_word' id='word_1_402' title='bbox 2238 2785 2511 2842; x_wconf 87' lang='grc' dir='ltr'>θάλαττα·</span> <span class='ocrx_word' id='word_1_403' title='bbox 2549 2787 2774 2857; x_wconf 86' lang='grc' dir='ltr'>φέρεται</span> <span class='ocrx_word' id='word_1_404' title='bbox 2809 2787 2906 2857; x_wconf 84' lang='grc' dir='ltr'><strong>μὲν</strong></span> <span class='ocrx_word' id='word_1_405' title='bbox 2951 2787 3330 2858; x_wconf 86' lang='grc' dir='ltr'>κορυφουμένη</span> <span class='ocrx_word' id='word_1_406' title='bbox 3360 2790 3472 2851; x_wconf 84' lang='grc' dir='ltr'>τοῖς</span> <span class='ocrx_word' id='word_1_407' title='bbox 3500 2787 3728 2858; x_wconf 85' lang='grc' dir='ltr'>κύμασι,</span> 
     </span>
    </p>
   </div>
   <div class='ocr_carea' id='block_1_57' title="bbox 2156 2875 3732 2949">
    <p class='ocr_par' dir='ltr' id='par_1_57' title="bbox 2156 2875 3732 2949">
     <span class='ocr_line' id='line_1_57' title="bbox 2156 2875 3732 2949; baseline 0.001 -20"><span class='ocrx_word' id='word_1_408' title='bbox 2156 2875 2403 2945; x_wconf 75' lang='grc' dir='ltr'>ψαύουσα</span> <span class='ocrx_word' id='word_1_409' title='bbox 2434 2877 2494 2931; x_wconf 78' lang='grc' dir='ltr'>δὲ</span> <span class='ocrx_word' id='word_1_410' title='bbox 2530 2878 2637 2931; x_wconf 83' lang='grc' dir='ltr'>τῶν</span> <span class='ocrx_word' id='word_1_411' title='bbox 2670 2879 2813 2949; x_wconf 81' lang='grc' dir='ltr'>ὅρων</span> <span class='ocrx_word' id='word_1_412' title='bbox 2847 2877 3132 2931; x_wconf 84' lang='grc' dir='ltr'>ὑπονοστεῖ</span> <span class='ocrx_word' id='word_1_413' title='bbox 3157 2877 3565 2948; x_wconf 82' lang='grc' dir='ltr'>δραπετεύουσα</span> <span class='ocrx_word' id='word_1_414' title='bbox 3586 2895 3599 2908; x_wconf 89' lang='grc'><strong>·</strong></span> <span class='ocrx_word' id='word_1_415' title='bbox 3637 2878 3732 2931; x_wconf 76' lang='grc' dir='ltr'>καὶ</span> 
     </span>
    </p>
   </div>
   <div class='ocr_carea' id='block_1_58' title="bbox 2157 2969 3733 3043">
    <p class='ocr_par' dir='ltr' id='par_1_58' title="bbox 2157 2969 3733 3043">
     <span class='ocr_line' id='line_1_58' title="bbox 2157 2969 3733 3043; baseline -0.001 -19"><span class='ocrx_word' id='word_1_416' title='bbox 2157 2971 2256 3043; x_wconf 81' lang='grc' dir='ltr'>τὴν</span> <span class='ocrx_word' id='word_1_417' title='bbox 2299 2970 2393 3024; x_wconf 78' lang='grc' dir='ltr'>τοῦ</span> <span class='ocrx_word' id='word_1_418' title='bbox 2425 2970 2697 3028; x_wconf 83' lang='grc' dir='ltr'>Δεσπότου</span> <span class='ocrx_word' id='word_1_419' title='bbox 2742 2971 2924 3042; x_wconf 76' lang='grc' dir='ltr'>φωνὴν</span> <span class='ocrx_word' id='word_1_420' title='bbox 2956 2971 3015 3023; x_wconf 75' lang='grc' dir='ltr'>ὲν</span> <span class='ocrx_word' id='word_1_421' title='bbox 3044 2969 3308 3040; x_wconf 82' lang='grc' dir='ltr'>αἰγιαλοῖς</span> <span class='ocrx_word' id='word_1_422' title='bbox 3340 2969 3733 3042; x_wconf 79' lang='grc' dir='ltr'>γεγραμμένην</span> 
     </span>
    </p>
   </div>
   <div class='ocr_carea' id='block_1_59' title="bbox 2157 3061 3732 3135">
    <p class='ocr_par' dir='ltr' id='par_1_59' title="bbox 2157 3061 3732 3135">
     <span class='ocr_line' id='line_1_59' title="bbox 2157 3061 3732 3135; baseline 0.001 -21"><span class='ocrx_word' id='word_1_423' title='bbox 2157 3062 2365 3133; x_wconf 81' lang='grc' dir='ltr'>ὁρῶσα,</span> <span class='ocrx_word' id='word_1_424' title='bbox 2397 3063 2884 3135; x_wconf 65' lang='grc' dir='ltr'>κυρτουμένητοῖς</span> <span class='ocrx_word' id='word_1_425' title='bbox 2908 3061 3118 3133; x_wconf 88' lang='grc' dir='ltr'>κύμασι</span> <span class='ocrx_word' id='word_1_426' title='bbox 3158 3064 3453 3132; x_wconf 86' lang='grc' dir='ltr'>προσκυνεῖ</span> <span class='ocrx_word' id='word_1_427' title='bbox 3481 3061 3571 3115; x_wconf 79' lang='grc' dir='ltr'><strong>τὸν</strong></span> <span class='ocrx_word' id='word_1_428' title='bbox 3607 3064 3732 3133; x_wconf 88' lang='grc' dir='ltr'>ὁρο-</span> 
     </span>
    </p>
   </div>
   <div class='ocr_carea' id='block_1_60' title="bbox 484 3153 2052 3238">
    <p class='ocr_par' dir='ltr' id='par_1_60' title="bbox 484 3153 2052 3224">
     <span class='ocr_line' id='line_1_60' title="bbox 484 3153 2052 3224; baseline 0.003 -18"><span class='ocrx_word' id='word_1_429' title='bbox 484 3168 642 3208; x_wconf 77' lang='lat' dir='ltr'><strong>sceus</strong></span> <span class='ocrx_word' id='word_1_430' title='bbox 693 3153 945 3208; x_wconf 87' lang='lat' dir='ltr'><strong>adulatur</strong></span> <span class='ocrx_word' id='word_1_431' title='bbox 975 3153 1166 3208; x_wconf 72' lang='lat' dir='ltr'><strong>vicinae</strong></span> <span class='ocrx_word' id='word_1_432' title='bbox 1217 3155 1560 3218; x_wconf 90' lang='lat' dir='ltr'><strong>continenti,</strong></span> <span class='ocrx_word' id='word_1_433' title='bbox 1603 3157 1758 3224; x_wconf 90' lang='lat' dir='ltr'><strong>quasi</strong></span> <span class='ocrx_word' id='word_1_434' title='bbox 1805 3156 2052 3212; x_wconf 89' lang='lat' dir='ltr'><strong>mollibus</strong></span> 
     </span>
    </p>
   </div>
   <div class='ocr_carea' id='block_1_61' title="bbox 2156 3153 3734 3238">
    <p class='ocr_par' dir='ltr' id='par_1_61' title="bbox 2160 3153 3734 3228">
     <span class='ocr_line' id='line_1_61' title="bbox 2160 3153 3734 3228; baseline -0.001 -19"><span class='ocrx_word' id='word_1_435' title='bbox 2160 3156 2482 3226; x_wconf 81' lang='grc' dir='ltr'>θετήσαντα,</span> <span class='ocrx_word' id='word_1_436' title='bbox 2537 3157 2630 3210; x_wconf 85' lang='grc' dir='ltr'>καὶ</span> <span class='ocrx_word' id='word_1_437' title='bbox 2683 3156 2992 3228; x_wconf 80' lang='grc' dir='ltr'>πλήττουσα</span> <span class='ocrx_word' id='word_1_438' title='bbox 3045 3153 3136 3226; x_wconf 80' lang='grc' dir='ltr'>βίᾳ</span> <span class='ocrx_word' id='word_1_439' title='bbox 3184 3154 3283 3225; x_wconf 80' lang='grc' dir='ltr'><strong>τὴν</strong></span> <span class='ocrx_word' id='word_1_440' title='bbox 3320 3154 3536 3226; x_wconf 80' lang='grc' dir='ltr'>χέρσον,</span> <span class='ocrx_word' id='word_1_441' title='bbox 3588 3155 3734 3208; x_wconf 86' lang='grc' dir='ltr'>ἀντι-</span> 
     </span>
    </p>
   </div>
   <div class='ocr_carea' id='block_1_62' title="bbox 486 3242 2052 3319">
    <p class='ocr_par' dir='ltr' id='par_1_62' title="bbox 486 3242 2052 3314">
     <span class='ocr_line' id='line_1_62' title="bbox 486 3242 2052 3314; baseline 0.001 -17"><span class='ocrx_word' id='word_1_442' title='bbox 486 3245 628 3298; x_wconf 87' lang='lat' dir='ltr'><strong>nlnis</strong></span> <span class='ocrx_word' id='word_1_443' title='bbox 675 3254 875 3299; x_wconf 86' lang='lat' dir='ltr'><strong>terram</strong></span> <span class='ocrx_word' id='word_1_444' title='bbox 929 3242 1212 3311; x_wconf 90' lang='lat' dir='ltr'><strong>complecti</strong></span> <span class='ocrx_word' id='word_1_445' title='bbox 1267 3254 1532 3313; x_wconf 92' lang='lat' dir='ltr'><strong>occupet,</strong></span> <span class='ocrx_word' id='word_1_446' title='bbox 1571 3259 1786 3314; x_wconf 84' lang='lat' dir='ltr'><strong>semper</strong></span> <span class='ocrx_word' id='word_1_447' title='bbox 1843 3245 2052 3299; x_wconf 86' lang='lat' dir='ltr'><strong>Domini</strong></span> 
     </span>
    </p>
   </div>
   <div class='ocr_carea' id='block_1_63' title="bbox 2156 3242 3729 3319">
    <p class='ocr_par' dir='ltr' id='par_1_63' title="bbox 2159 3244 3729 3319">
     <span class='ocr_line' id='line_1_63' title="bbox 2159 3244 3729 3319; baseline -0.001 -20"><span class='ocrx_word' id='word_1_448' title='bbox 2159 3248 2451 3319; x_wconf 84' lang='grc' dir='ltr'>πλήττεται</span> <span class='ocrx_word' id='word_1_449' title='bbox 2478 3246 2620 3318; x_wconf 70' lang='grc' dir='ltr'><strong>πρὸς¹</strong></span> <span class='ocrx_word' id='word_1_450' title='bbox 2644 3247 2818 3318; x_wconf 80' lang='grc' dir='ltr'>φυγὴν</span> <span class='ocrx_word' id='word_1_451' title='bbox 2843 3249 2907 3317; x_wconf 81' lang='grc' dir='ltr'>τῇ</span> <span class='ocrx_word' id='word_1_452' title='bbox 2937 3244 3030 3298; x_wconf 80' lang='grc' dir='ltr'>τοῦ</span> <span class='ocrx_word' id='word_1_453' title='bbox 3062 3246 3479 3316; x_wconf 85' lang='grc' dir='ltr'>προστάγματος</span> <span class='ocrx_word' id='word_1_454' title='bbox 3521 3247 3729 3318; x_wconf 79' lang='grc' dir='ltr'>μνήμῃ.</span> 
     </span>
    </p>
   </div>
   <div class='ocr_carea' id='block_1_64' title="bbox 486 3334 2054 3406">
    <p class='ocr_par' dir='ltr' id='par_1_64' title="bbox 486 3334 2054 3406">
     <span class='ocr_line' id='line_1_64' title="bbox 486 3334 2054 3406; baseline 0.002 -20"><span class='ocrx_word' id='word_1_455' title='bbox 486 3345 755 3404; x_wconf 74' lang='lat' dir='ltr'><strong>praecepto</strong></span> <span class='ocrx_word' id='word_1_456' title='bbox 781 3335 1102 3401; x_wconf 87' lang='lat' dir='ltr'><strong>cohibitum,</strong></span> <span class='ocrx_word' id='word_1_457' title='bbox 1136 3334 1192 3406; x_wconf 66' lang='grc'><strong>4</strong></span> <span class='ocrx_word' id='word_1_458' title='bbox 1221 3345 1274 3390; x_wconf 90' lang='lat' dir='ltr'><strong>et</strong></span> <span class='ocrx_word' id='word_1_459' title='bbox 1324 3345 1644 3390; x_wconf 88' lang='lat' dir='ltr'><strong>tantumnon</strong></span> <span class='ocrx_word' id='word_1_460' title='bbox 1680 3336 1909 3404; x_wconf 84' lang='lat' dir='ltr'><strong>singulis</strong></span> <span class='ocrx_word' id='word_1_461' title='bbox 1940 3351 2054 3390; x_wconf 88' lang='lat' dir='ltr'><strong>mo-</strong></span> 
     </span>
    </p>
   </div>
   <div class='ocr_carea' id='block_1_65' title="bbox 489 3428 2056 3499">
    <p class='ocr_par' dir='ltr' id='par_1_65' title="bbox 489 3428 2056 3499">
     <span class='ocr_line' id='line_1_65' title="bbox 489 3428 2056 3499; baseline 0 -19"><span class='ocrx_word' id='word_1_462' title='bbox 489 3428 685 3483; x_wconf 86' lang='lat' dir='ltr'><strong>mentis</strong></span> <span class='ocrx_word' id='word_1_463' title='bbox 715 3428 904 3483; x_wconf 81' lang='lat' dir='ltr'><strong>atltlire</strong></span> <span class='ocrx_word' id='word_1_464' title='bbox 935 3441 1110 3484; x_wconf 87' lang='lat' dir='ltr'><strong>rattttn</strong></span> <span class='ocrx_word' id='word_1_465' title='bbox 1145 3448 1158 3482; x_wconf 87' lang='lat'><strong>:</strong></span> <span class='ocrx_word' id='word_1_466' title='bbox 1193 3429 1585 3499; x_wconf 83' lang='lat' dir='ltr'><strong>Congregentur</strong></span> <span class='ocrx_word' id='word_1_467' title='bbox 1614 3445 1765 3498; x_wconf 65' lang='lat' dir='ltr'><strong>aqua</strong></span> <span class='ocrx_word' id='word_1_468' title='bbox 1790 3430 1848 3482; x_wconf 82' lang='lat' dir='ltr'><strong>in</strong></span> <span class='ocrx_word' id='word_1_469' title='bbox 1884 3429 2056 3482; x_wconf 86' lang='lat' dir='ltr'><strong>locum</strong></span> 
     </span>
    </p>
   </div>
   <div class='ocr_carea' id='block_1_66' title="bbox 489 3521 2058 3591">
    <p class='ocr_par' dir='ltr' id='par_1_66' title="bbox 489 3521 2058 3591">
     <span class='ocr_line' id='line_1_66' title="bbox 489 3521 2058 3591; baseline 0.001 -18"><span class='ocrx_word' id='word_1_470' title='bbox 489 3537 670 3586; x_wconf 88' lang='lat' dir='ltr'><strong>unum,</strong></span> <span class='ocrx_word' id='word_1_471' title='bbox 703 3529 749 3574; x_wconf 83' lang='lat' dir='ltr'><strong>et</strong></span> <span class='ocrx_word' id='word_1_472' title='bbox 781 3531 1034 3590; x_wconf 84' lang='lat' dir='ltr'><strong>appareat</strong></span> <span class='ocrx_word' id='word_1_473' title='bbox 1075 3521 1227 3575; x_wconf 84' lang='lat' dir='ltr'><strong>arida</strong></span> <span class='ocrx_word' id='word_1_474' title='bbox 1252 3521 1293 3573; x_wconf 82' lang='grc'><strong>⁵.</strong></span> <span class='ocrx_word' id='word_1_475' title='bbox 1323 3521 1387 3577; x_wconf 80' lang='lat' dir='ltr'><strong>Et</strong></span> <span class='ocrx_word' id='word_1_476' title='bbox 1418 3531 1615 3576; x_wconf 91' lang='lat' dir='ltr'><strong>manet.</strong></span> <span class='ocrx_word' id='word_1_477' title='bbox 1645 3522 1898 3591; x_wconf 67' lang='lat' dir='ltr'><strong>prazcepti</strong></span> <span class='ocrx_word' id='word_1_478' title='bbox 1951 3535 2058 3575; x_wconf 84' lang='lat' dir='ltr'><strong>me-</strong></span> 
     </span>
    </p>
   </div>
   <div class='ocr_carea' id='block_1_67' title="bbox 491 3612 2054 3682">
    <p class='ocr_par' dir='ltr' id='par_1_67' title="bbox 491 3612 2054 3682">
     <span class='ocr_line' id='line_1_67' title="bbox 491 3612 2054 3682; baseline 0.001 -18"><span class='ocrx_word' id='word_1_479' title='bbox 491 3628 610 3666; x_wconf 86' lang='lat' dir='ltr'><strong>mor</strong></span> <span class='ocrx_word' id='word_1_480' title='bbox 636 3627 806 3668; x_wconf 89' lang='lat' dir='ltr'><strong>arena</strong></span> <span class='ocrx_word' id='word_1_481' title='bbox 835 3613 1078 3667; x_wconf 91' lang='lat' dir='ltr'><strong>vinctum</strong></span> <span class='ocrx_word' id='word_1_482' title='bbox 1099 3655 1126 3678; x_wconf 44' lang='grc' dir='ltr'><strong>,λ</strong></span> <span class='ocrx_word' id='word_1_483' title='bbox 1163 3628 1261 3667; x_wconf 89' lang='lat' dir='ltr'><strong>nec</strong></span> <span class='ocrx_word' id='word_1_484' title='bbox 1301 3628 1410 3682; x_wconf 77' lang='lat' dir='ltr'><strong>pra:</strong></span> <span class='ocrx_word' id='word_1_485' title='bbox 1440 3614 1704 3668; x_wconf 86' lang='lat' dir='ltr'><strong>vinctoris</strong></span> <span class='ocrx_word' id='word_1_486' title='bbox 1747 3612 2054 3667; x_wconf 90' lang='lat' dir='ltr'><strong>reverentia</strong></span> 
     </span>
    </p>
   </div>
   <div class='ocr_carea' id='block_1_68' title="bbox 488 3701 2044 3772">
    <p class='ocr_par' dir='ltr' id='par_1_68' title="bbox 488 3701 2044 3772">
     <span class='ocr_line' id='line_1_68' title="bbox 488 3701 2044 3772; baseline 0.001 -14"><span class='ocrx_word' id='word_1_487' title='bbox 488 3703 698 3758; x_wconf 87' lang='lat' dir='ltr'><strong>vincula</strong></span> <span class='ocrx_word' id='word_1_488' title='bbox 749 3701 937 3766; x_wconf 90' lang='lat' dir='ltr'><strong>violat,</strong></span> <span class='ocrx_word' id='word_1_489' title='bbox 981 3717 1283 3772; x_wconf 87' lang='lat' dir='ltr'><strong>vocemque</strong></span> <span class='ocrx_word' id='word_1_490' title='bbox 1327 3703 1609 3772; x_wconf 78' lang='lat' dir='ltr'><strong>Pmpbetae</strong></span> <span class='ocrx_word' id='word_1_491' title='bbox 1646 3713 1820 3758; x_wconf 89' lang='lat' dir='ltr'><strong>ratam</strong></span> <span class='ocrx_word' id='word_1_492' title='bbox 1863 3704 2044 3760; x_wconf 83' lang='lat' dir='ltr'><strong>facit:</strong></span> 
     </span>
    </p>
   </div>
   <div class='ocr_carea' id='block_1_69' title="bbox 492 3792 2058 3864">
    <p class='ocr_par' dir='ltr' id='par_1_69' title="bbox 492 3792 2058 3864">
     <span class='ocr_line' id='line_1_69' title="bbox 492 3792 2058 3864; baseline 0 -18"><span class='ocrx_word' id='word_1_493' title='bbox 492 3792 795 3847; x_wconf 81' lang='lat' dir='ltr'><strong>Terminum</strong></span> <span class='ocrx_word' id='word_1_494' title='bbox 833 3794 1082 3862; x_wconf 74' lang='lat' dir='ltr'><strong>posuisti,</strong></span> <span class='ocrx_word' id='word_1_495' title='bbox 1104 3811 1256 3858; x_wconf 85' lang='lat' dir='ltr'><strong>quem</strong></span> <span class='ocrx_word' id='word_1_496' title='bbox 1297 3811 1397 3846; x_wconf 90' lang='lat' dir='ltr'><strong>non</strong></span> <span class='ocrx_word' id='word_1_497' title='bbox 1441 3795 1867 3864; x_wconf 80' lang='lat' dir='ltr'><strong>transgredietur</strong></span> <span class='ocrx_word' id='word_1_498' title='bbox 1897 3795 1934 3846; x_wconf 80' lang='lat'><strong>‘.</strong></span> <span class='ocrx_word' id='word_1_499' title='bbox 1978 3793 2058 3846; x_wconf 84' lang='lat' dir='ltr'><strong>Ad</strong></span> 
     </span>
    </p>
   </div>
   <div class='ocr_carea' id='block_1_70' title="bbox 489 3884 2060 3952">
    <p class='ocr_par' dir='ltr' id='par_1_70' title="bbox 489 3884 2060 3952">
     <span class='ocr_line' id='line_1_70' title="bbox 489 3884 2060 3952; baseline -0.002 -13"><span class='ocrx_word' id='word_1_500' title='bbox 489 3887 603 3940; x_wconf 75' lang='lat' dir='ltr'><strong>hzec</strong></span> <span class='ocrx_word' id='word_1_501' title='bbox 629 3894 900 3940; x_wconf 89' lang='lat' dir='ltr'><strong>astrorum</strong></span> <span class='ocrx_word' id='word_1_502' title='bbox 931 3886 983 3940; x_wconf 92' lang='lat' dir='ltr'><strong>in</strong></span> <span class='ocrx_word' id='word_1_503' title='bbox 1014 3887 1153 3939; x_wconf 73' lang='lat' dir='ltr'><strong>cmlo</strong></span> <span class='ocrx_word' id='word_1_504' title='bbox 1180 3884 1366 3952; x_wconf 77' lang='lat' dir='ltr'><strong>infigit.</strong></span> <span class='ocrx_word' id='word_1_505' title='bbox 1397 3884 1621 3948; x_wconf 90' lang='lat' dir='ltr'><strong>lumina,</strong></span> <span class='ocrx_word' id='word_1_506' title='bbox 1652 3893 1706 3938; x_wconf 90' lang='lat' dir='ltr'><strong>et</strong></span> <span class='ocrx_word' id='word_1_507' title='bbox 1747 3884 2060 3937; x_wconf 79' lang='lat' dir='ltr'><strong>firmamen-</strong></span> 
     </span>
    </p>
   </div>
   <div class='ocr_carea' id='block_1_71' title="bbox 491 3975 2057 4044">
    <p class='ocr_par' dir='ltr' id='par_1_71' title="bbox 491 3975 2057 4044">
     <span class='ocr_line' id='line_1_71' title="bbox 491 3975 2057 4044; baseline -0.001 -16"><span class='ocrx_word' id='word_1_508' title='bbox 491 3988 608 4029; x_wconf 91' lang='lat' dir='ltr'><strong>tum</strong></span> <span class='ocrx_word' id='word_1_509' title='bbox 637 3976 923 4032; x_wconf 91' lang='lat' dir='ltr'><strong>luminosis</strong></span> <span class='ocrx_word' id='word_1_510' title='bbox 974 3975 1196 4030; x_wconf 80' lang='lat' dir='ltr'><strong>ﬂoribus</strong></span> <span class='ocrx_word' id='word_1_511' title='bbox 1224 3975 1482 4039; x_wconf 90' lang='lat' dir='ltr'><strong>conserit,</strong></span> <span class='ocrx_word' id='word_1_512' title='bbox 1511 3991 1698 4029; x_wconf 89' lang='lat' dir='ltr'><strong>eorum</strong></span> <span class='ocrx_word' id='word_1_513' title='bbox 1721 3975 1774 4028; x_wconf 90' lang='lat' dir='ltr'><strong>in</strong></span> <span class='ocrx_word' id='word_1_514' title='bbox 1831 3976 2057 4044; x_wconf 81' lang='lat' dir='ltr'><strong>gratiam</strong></span> 
     </span>
    </p>
   </div>
   <div class='ocr_carea' id='block_1_72' title="bbox 487 4066 2060 4136">
    <p class='ocr_par' dir='ltr' id='par_1_72' title="bbox 487 4066 2060 4136">
     <span class='ocr_line' id='line_1_72' title="bbox 487 4066 2060 4136; baseline -0.003 -14"><span class='ocrx_word' id='word_1_515' title='bbox 487 4079 544 4122; x_wconf 84' lang='lat' dir='ltr'><strong>et</strong></span> <span class='ocrx_word' id='word_1_516' title='bbox 576 4083 732 4122; x_wconf 90' lang='lat' dir='ltr'><strong>usum</strong></span> <span class='ocrx_word' id='word_1_517' title='bbox 764 4068 1218 4133; x_wconf 89' lang='lat' dir='ltr'><strong>conducentibus,</strong></span> <span class='ocrx_word' id='word_1_518' title='bbox 1250 4067 1341 4136; x_wconf 88' lang='lat' dir='ltr'><strong>qui</strong></span> <span class='ocrx_word' id='word_1_519' title='bbox 1383 4066 1437 4120; x_wconf 90' lang='lat' dir='ltr'><strong>in</strong></span> <span class='ocrx_word' id='word_1_520' title='bbox 1468 4066 1629 4121; x_wconf 88' lang='lat' dir='ltr'><strong>terris</strong></span> <span class='ocrx_word' id='word_1_521' title='bbox 1673 4077 1862 4136; x_wconf 88' lang='lat' dir='ltr'><strong>agunt.</strong></span> <span class='ocrx_word' id='word_1_522' title='bbox 1913 4066 2060 4120; x_wconf 88' lang='lat' dir='ltr'><strong>Insu-</strong></span> 
     </span>
    </p>
   </div>
   <div class='ocr_carea' id='block_1_73' title="bbox 491 4157 2061 4228">
    <p class='ocr_par' dir='ltr' id='par_1_73' title="bbox 491 4157 2061 4228">
     <span class='ocr_line' id='line_1_73' title="bbox 491 4157 2061 4228; baseline -0.001 -16"><span class='ocrx_word' id='word_1_523' title='bbox 491 4174 584 4226; x_wconf 84' lang='lat' dir='ltr'><strong>per</strong></span> <span class='ocrx_word' id='word_1_524' title='bbox 616 4159 798 4212; x_wconf 85' lang='lat' dir='ltr'><strong>mundi</strong></span> <span class='ocrx_word' id='word_1_525' title='bbox 844 4158 1224 4226; x_wconf 89' lang='lat' dir='ltr'><strong>pavimentum.</strong></span> <span class='ocrx_word' id='word_1_526' title='bbox 1260 4157 1430 4228; x_wconf 87' lang='lat' dir='ltr'><strong>pratis</strong></span> <span class='ocrx_word' id='word_1_527' title='bbox 1473 4157 1934 4212; x_wconf 83' lang='lat' dir='ltr'><strong>hencﬂorentibus</strong></span> <span class='ocrx_word' id='word_1_528' title='bbox 1972 4171 2061 4210; x_wconf 88' lang='lat' dir='ltr'><strong>va-</strong></span> 
     </span>
    </p>
   </div>
   <div class='ocr_carea' id='block_1_74' title="bbox 493 4249 2062 4320">
    <p class='ocr_par' dir='ltr' id='par_1_74' title="bbox 493 4249 2062 4320">
     <span class='ocr_line' id='line_1_74' title="bbox 493 4249 2062 4320; baseline -0.001 -16"><span class='ocrx_word' id='word_1_529' title='bbox 493 4250 675 4304; x_wconf 81' lang='lat' dir='ltr'><strong>riavit.</strong></span> <span class='ocrx_word' id='word_1_530' title='bbox 727 4249 1059 4304; x_wconf 83' lang='lat' dir='ltr'><strong>Animalium</strong></span> <span class='ocrx_word' id='word_1_531' title='bbox 1121 4251 1317 4305; x_wconf 90' lang='lat' dir='ltr'><strong>deinde</strong></span> <span class='ocrx_word' id='word_1_532' title='bbox 1378 4265 1576 4320; x_wconf 86' lang='lat' dir='ltr'><strong>genera</strong></span> <span class='ocrx_word' id='word_1_533' title='bbox 1647 4250 1714 4302; x_wconf 91' lang='lat' dir='ltr'><strong>de</strong></span> <span class='ocrx_word' id='word_1_534' title='bbox 1769 4258 1913 4303; x_wconf 90' lang='lat' dir='ltr'><strong>terra</strong></span> <span class='ocrx_word' id='word_1_535' title='bbox 1975 4263 2062 4303; x_wconf 81' lang='lat' dir='ltr'><strong>ex-</strong></span> 
     </span>
    </p>
   </div>
   <div class='ocr_carea' id='block_1_75' title="bbox 491 4341 2062 4402">
    <p class='ocr_par' dir='ltr' id='par_1_75' title="bbox 491 4341 2062 4402">
     <span class='ocr_line' id='line_1_75' title="bbox 491 4341 2062 4402; baseline -0.001 -6"><span class='ocrx_word' id='word_1_536' title='bbox 491 4341 732 4402; x_wconf 84' lang='lat' dir='ltr'><strong>trahens,</strong></span> <span class='ocrx_word' id='word_1_537' title='bbox 777 4351 1003 4396; x_wconf 90' lang='lat' dir='ltr'><strong>matrem</strong></span> <span class='ocrx_word' id='word_1_538' title='bbox 1047 4353 1422 4396; x_wconf 86' lang='lat' dir='ltr'><strong>creaturarum</strong></span> <span class='ocrx_word' id='word_1_539' title='bbox 1470 4351 1526 4395; x_wconf 93' lang='lat' dir='ltr'><strong>et</strong></span> <span class='ocrx_word' id='word_1_540' title='bbox 1566 4341 1812 4396; x_wconf 89' lang='lat' dir='ltr'><strong>altricem</strong></span> <span class='ocrx_word' id='word_1_541' title='bbox 1863 4341 2062 4396; x_wconf 75' lang='grc' dir='ltr'>οοιιειίο</span> 
     </span>
    </p>
   </div>
   <div class='ocr_carea' id='block_1_76' title="bbox 493 4431 2054 4494">
    <p class='ocr_par' dir='ltr' id='par_1_76' title="bbox 493 4431 2054 4494">
     <span class='ocr_line' id='line_1_76' title="bbox 493 4431 2054 4494; baseline 0.001 -12"><span class='ocrx_word' id='word_1_542' title='bbox 493 4432 612 4483; x_wconf 89' lang='lat' dir='ltr'><strong>tuit.</strong></span> <span class='ocrx_word' id='word_1_543' title='bbox 642 4431 719 4484; x_wconf 79' lang='lat' dir='ltr'><strong>Ad</strong></span> <span class='ocrx_word' id='word_1_544' title='bbox 748 4445 870 4484; x_wconf 90' lang='lat' dir='ltr'><strong>eum</strong></span> <span class='ocrx_word' id='word_1_545' title='bbox 899 4431 1116 4486; x_wconf 88' lang='lat' dir='ltr'><strong>modmn</strong></span> <span class='ocrx_word' id='word_1_546' title='bbox 1142 4447 1263 4484; x_wconf 92' lang='lat' dir='ltr'><strong>cum</strong></span> <span class='ocrx_word' id='word_1_547' title='bbox 1293 4431 1498 4485; x_wconf 87' lang='lat' dir='ltr'><strong>aridam</strong></span> <span class='ocrx_word' id='word_1_548' title='bbox 1547 4432 1682 4486; x_wconf 87' lang='lat' dir='ltr'><strong>mari</strong></span> <span class='ocrx_word' id='word_1_549' title='bbox 1713 4441 2054 4494; x_wconf 90' lang='lat' dir='ltr'><strong>coronasset,</strong></span> 
     </span>
    </p>
   </div>
   <div class='ocr_carea' id='block_1_77' title="bbox 492 4523 2054 4595">
    <p class='ocr_par' dir='ltr' id='par_1_77' title="bbox 492 4523 2054 4595">
     <span class='ocr_line' id='line_1_77' title="bbox 492 4523 2054 4595; baseline 0.001 -16"><span class='ocrx_word' id='word_1_550' title='bbox 492 4540 597 4579; x_wconf 86' lang='lat' dir='ltr'><strong>non</strong></span> <span class='ocrx_word' id='word_1_551' title='bbox 626 4523 809 4578; x_wconf 83' lang='lat' dir='ltr'><strong>usibus</strong></span> <span class='ocrx_word' id='word_1_552' title='bbox 852 4524 1091 4593; x_wconf 87' lang='lat' dir='ltr'><strong>ineptmn</strong></span> <span class='ocrx_word' id='word_1_553' title='bbox 1121 4524 1362 4578; x_wconf 81' lang='lat' dir='ltr'><strong>ostendit</strong></span> <span class='ocrx_word' id='word_1_554' title='bbox 1403 4539 1574 4591; x_wconf 90' lang='lat' dir='ltr'><strong>mare,</strong></span> <span class='ocrx_word' id='word_1_555' title='bbox 1605 4539 1672 4580; x_wconf 89' lang='lat' dir='ltr'><strong>ne</strong></span> <span class='ocrx_word' id='word_1_556' title='bbox 1703 4525 1922 4595; x_wconf 89' lang='lat' dir='ltr'><strong>quidem</strong></span> <span class='ocrx_word' id='word_1_557' title='bbox 1961 4539 2054 4595; x_wconf 78' lang='lat' dir='ltr'><strong>ge-</strong></span> 
     </span>
    </p>
   </div>
   <div class='ocr_carea' id='block_1_78' title="bbox 563 4678 1974 4748">
    <p class='ocr_par' dir='ltr' id='par_1_78' title="bbox 563 4678 1974 4748">
     <span class='ocr_line' id='line_1_78' title="bbox 563 4678 1974 4748; baseline -0.001 -12"><span class='ocrx_word' id='word_1_558' title='bbox 563 4682 584 4712; x_wconf 74' lang='grc'><strong>⁸</strong></span> <span class='ocrx_word' id='word_1_559' title='bbox 613 4681 713 4736; x_wconf 84' lang='lat' dir='ltr'><strong>Job</strong></span> <span class='ocrx_word' id='word_1_560' title='bbox 747 4695 972 4748; x_wconf 70' lang='lat' dir='ltr'><strong>xxxvm,</strong></span> <span class='ocrx_word' id='word_1_561' title='bbox 995 4680 1046 4734; x_wconf 85' lang='lat'><strong>7.</strong></span> <span class='ocrx_word' id='word_1_562' title='bbox 1126 4684 1146 4714; x_wconf 79' lang='grc'>⁸</span> <span class='ocrx_word' id='word_1_563' title='bbox 1174 4681 1311 4738; x_wconf 88' lang='lat' dir='ltr'><strong>Gen.</strong></span> <span class='ocrx_word' id='word_1_564' title='bbox 1340 4697 1381 4746; x_wconf 94' lang='grc' dir='ltr'><strong>ι,</strong></span> <span class='ocrx_word' id='word_1_565' title='bbox 1412 4678 1471 4745; x_wconf 34' lang='lat'><strong>9.,</strong></span> <span class='ocrx_word' id='word_1_566' title='bbox 1544 4681 1564 4712; x_wconf 82' lang='grc'>⁸</span> <span class='ocrx_word' id='word_1_567' title='bbox 1594 4679 1737 4735; x_wconf 87' lang='lat' dir='ltr'><strong>Psal.</strong></span> <span class='ocrx_word' id='word_1_568' title='bbox 1761 4694 1858 4734; x_wconf 88' lang='lat' dir='ltr'><strong>cm</strong></span> <span class='ocrx_word' id='word_1_569' title='bbox 1919 4680 1974 4735; x_wconf 90' lang='lat'><strong>9.</strong></span> 
     </span>
    </p>
   </div>
   <div class='ocr_carea' id='block_1_79' title="bbox 2157 3335 3735 3410">
    <p class='ocr_par' dir='ltr' id='par_1_79' title="bbox 2157 3335 3735 3410">
     <span class='ocr_line' id='line_1_79' title="bbox 2157 3335 3735 3410; baseline -0.003 -18"><span class='ocrx_word' id='word_1_570' title='bbox 2157 3340 2256 3394; x_wconf 89' lang='grc' dir='ltr'>Διά</span> <span class='ocrx_word' id='word_1_571' title='bbox 2295 3338 2455 3392; x_wconf 78' lang='grc' dir='ltr'>τοῦτο</span> <span class='ocrx_word' id='word_1_572' title='bbox 2498 3339 2710 3410; x_wconf 87' lang='grc' dir='ltr'>γαληνά</span> <span class='ocrx_word' id='word_1_573' title='bbox 2740 3338 3097 3410; x_wconf 81' lang='grc' dir='ltr'>πορφυροῦσα</span> <span class='ocrx_word' id='word_1_574' title='bbox 3149 3336 3454 3408; x_wconf 78' lang='grc' dir='ltr'>περισαίνει</span> <span class='ocrx_word' id='word_1_575' title='bbox 3485 3335 3582 3407; x_wconf 78' lang='grc' dir='ltr'>τὴν</span> <span class='ocrx_word' id='word_1_576' title='bbox 3625 3337 3735 3404; x_wconf 75' lang='grc' dir='ltr'>γείο</span> 
     </span>
    </p>
   </div>
   <div class='ocr_carea' id='block_1_80' title="bbox 2156 3427 3733 3502">
    <p class='ocr_par' dir='ltr' id='par_1_80' title="bbox 2156 3427 3733 3502">
     <span class='ocr_line' id='line_1_80' title="bbox 2156 3427 3733 3502; baseline -0.003 -19"><span class='ocrx_word' id='word_1_577' title='bbox 2156 3448 2305 3497; x_wconf 90' lang='grc' dir='ltr'>τονα,</span> <span class='ocrx_word' id='word_1_578' title='bbox 2341 3429 2590 3502; x_wconf 88' lang='grc' dir='ltr'>καθάπερ</span> <span class='ocrx_word' id='word_1_579' title='bbox 2619 3431 2887 3499; x_wconf 85' lang='grc' dir='ltr'>ἀγκάλαις</span> <span class='ocrx_word' id='word_1_580' title='bbox 2919 3429 3155 3493; x_wconf 84' lang='grc' dir='ltr'>ἁπαλαῖς</span> <span class='ocrx_word' id='word_1_581' title='bbox 3182 3428 3598 3500; x_wconf 86' lang='grc' dir='ltr'>προπλεκομένη</span> <span class='ocrx_word' id='word_1_582' title='bbox 3631 3427 3733 3500; x_wconf 76' lang='grc' dir='ltr'>τὴν</span> 
     </span>
    </p>
   </div>
   <div class='ocr_carea' id='block_1_81' title="bbox 2158 3516 3730 3592">
    <p class='ocr_par' dir='ltr' id='par_1_81' title="bbox 2158 3516 3730 3592">
     <span class='ocr_line' id='line_1_81' title="bbox 2158 3516 3730 3592; baseline -0.006 -16"><span class='ocrx_word' id='word_1_583' title='bbox 2158 3523 2406 3592; x_wconf 75' lang='grc' dir='ltr'>ἤπειρον,</span> <span class='ocrx_word' id='word_1_584' title='bbox 2442 3521 2522 3592; x_wconf 80' lang='grc' dir='ltr'>τῷ</span> <span class='ocrx_word' id='word_1_585' title='bbox 2561 3521 2656 3575; x_wconf 82' lang='grc' dir='ltr'>τοῦ</span> <span class='ocrx_word' id='word_1_586' title='bbox 2701 3522 2976 3578; x_wconf 82' lang='grc' dir='ltr'>Δεσπότου</span> <span class='ocrx_word' id='word_1_587' title='bbox 3004 3520 3095 3574; x_wconf 82' lang='grc' dir='ltr'><strong>διὰ</strong></span> <span class='ocrx_word' id='word_1_588' title='bbox 3127 3518 3328 3582; x_wconf 81' lang='grc' dir='ltr'>παντὸς</span> <span class='ocrx_word' id='word_1_589' title='bbox 3368 3516 3730 3590; x_wconf 83' lang='grc' dir='ltr'>περιεχομένη</span> 
     </span>
    </p>
   </div>
   <div class='ocr_carea' id='block_1_82' title="bbox 2159 3608 3732 3688">
    <p class='ocr_par' dir='ltr' id='par_1_82' title="bbox 2159 3608 3732 3688">
     <span class='ocr_line' id='line_1_82' title="bbox 2159 3608 3732 3688; baseline -0.004 -22"><span class='ocrx_word' id='word_1_590' title='bbox 2159 3614 2564 3685; x_wconf 86' lang='grc' dir='ltr'>προστάγματι,</span> <span class='ocrx_word' id='word_1_591' title='bbox 2619 3613 2714 3668; x_wconf 74' lang='grc' dir='ltr'><strong>καὶ</strong></span> <span class='ocrx_word' id='word_1_592' title='bbox 2751 3613 3031 3684; x_wconf 72' lang='grc' dir='ltr'>μονονουχὶ</span> <span class='ocrx_word' id='word_1_593' title='bbox 3079 3612 3200 3666; x_wconf 89' lang='grc' dir='ltr'>καθ’</span> <span class='ocrx_word' id='word_1_594' title='bbox 3243 3610 3480 3679; x_wconf 81' lang='grc' dir='ltr'>ἑκάστην</span> <span class='ocrx_word' id='word_1_595' title='bbox 3512 3608 3732 3688; x_wconf 83' lang='grc' dir='ltr'>ἀκούειν</span> 
     </span>
    </p>
   </div>
   <div class='ocr_carea' id='block_1_83' title="bbox 2159 3703 3733 3777">
    <p class='ocr_par' dir='ltr' id='par_1_83' title="bbox 2159 3703 3733 3777">
     <span class='ocr_line' id='line_1_83' title="bbox 2159 3703 3733 3777; baseline -0.005 -17"><span class='ocrx_word' id='word_1_596' title='bbox 2159 3706 2455 3777; x_wconf 80' lang='grc' dir='ltr'>νομίζουσα</span> <span class='ocrx_word' id='word_1_597' title='bbox 2476 3720 2492 3735; x_wconf 75' lang='grc'><strong>⁸</strong></span> <span class='ocrx_word' id='word_1_598' title='bbox 2532 3705 2999 3772; x_wconf 70' lang='grc' dir='ltr'>Συναχθήτωδὴ</span> <span class='ocrx_word' id='word_1_599' title='bbox 3027 3703 3098 3756; x_wconf 81' lang='grc' dir='ltr'><strong>τὰ</strong></span> <span class='ocrx_word' id='word_1_600' title='bbox 3129 3703 3317 3756; x_wconf 80' lang='grc' dir='ltr'>ὕδατα</span> <span class='ocrx_word' id='word_1_601' title='bbox 3338 3704 3425 3766; x_wconf 74' lang='grc' dir='ltr'><strong>εἰς</strong></span> <span class='ocrx_word' id='word_1_602' title='bbox 3457 3717 3733 3769; x_wconf 79' lang='grc' dir='ltr'>συναγω-</span> 
     </span>
    </p>
   </div>
   <div class='ocr_carea' id='block_1_84' title="bbox 2159 3792 3734 3866">
    <p class='ocr_par' dir='ltr' id='par_1_84' title="bbox 2159 3792 3734 3866">
     <span class='ocr_line' id='line_1_84' title="bbox 2159 3792 3734 3866; baseline -0.003 -16"><span class='ocrx_word' id='word_1_603' title='bbox 2159 3796 2276 3865; x_wconf 77' lang='grc' dir='ltr'><strong>γὴν</strong></span> <span class='ocrx_word' id='word_1_604' title='bbox 2301 3798 2468 3866; x_wconf 80' lang='grc' dir='ltr'>μίαν,</span> <span class='ocrx_word' id='word_1_605' title='bbox 2494 3796 2593 3850; x_wconf 71' lang='grc' dir='ltr'>καὶ</span> <span class='ocrx_word' id='word_1_606' title='bbox 2623 3796 2875 3864; x_wconf 56' lang='lat' dir='ltr'><strong>epam.</strong></span> <span class='ocrx_word' id='word_1_607' title='bbox 2905 3796 2944 3862; x_wconf 73' lang='grc' dir='ltr'>ἡ</span> <span class='ocrx_word' id='word_1_608' title='bbox 2987 3793 3140 3862; x_wconf 77' lang='grc' dir='ltr'>ξηρά</span> <span class='ocrx_word' id='word_1_609' title='bbox 3172 3794 3268 3864; x_wconf 83' lang='grc'><strong>(5).</strong></span> <span class='ocrx_word' id='word_1_610' title='bbox 3304 3794 3414 3846; x_wconf 73' lang='grc' dir='ltr'><strong>Καὶ</strong></span> <span class='ocrx_word' id='word_1_611' title='bbox 3462 3792 3610 3864; x_wconf 91' lang='grc' dir='ltr'>μένει</span> <span class='ocrx_word' id='word_1_612' title='bbox 3639 3792 3734 3845; x_wconf 79' lang='grc' dir='ltr'>τοῦ</span> 
     </span>
    </p>
   </div>
   <div class='ocr_carea' id='block_1_85' title="bbox 2160 3884 3736 3957">
    <p class='ocr_par' dir='ltr' id='par_1_85' title="bbox 2160 3884 3736 3957">
     <span class='ocr_line' id='line_1_85' title="bbox 2160 3884 3736 3957; baseline -0.001 -19"><span class='ocrx_word' id='word_1_613' title='bbox 2160 3888 2580 3956; x_wconf 87' lang='grc' dir='ltr'>προστάγματος</span> <span class='ocrx_word' id='word_1_614' title='bbox 2628 3886 2893 3955; x_wconf 81' lang='grc' dir='ltr'>μνήμων,</span> <span class='ocrx_word' id='word_1_615' title='bbox 2944 3885 3202 3956; x_wconf 84' lang='grc' dir='ltr'>δεδεμένη</span> <span class='ocrx_word' id='word_1_616' title='bbox 3247 3887 3314 3957; x_wconf 81' lang='grc' dir='ltr'>τῇ</span> <span class='ocrx_word' id='word_1_617' title='bbox 3363 3884 3608 3954; x_wconf 76' lang='grc' dir='ltr'>ψάμμῳ,</span> <span class='ocrx_word' id='word_1_618' title='bbox 3658 3884 3736 3955; x_wconf 82' lang='grc' dir='ltr'><strong>τῷ</strong></span> 
     </span>
    </p>
   </div>
   <div class='ocr_carea' id='block_1_86' title="bbox 2161 3974 3734 4046">
    <p class='ocr_par' dir='ltr' id='par_1_86' title="bbox 2161 3974 3734 4046">
     <span class='ocr_line' id='line_1_86' title="bbox 2161 3974 3734 4046; baseline -0.003 -17"><span class='ocrx_word' id='word_1_619' title='bbox 2161 3977 2312 4046; x_wconf 80' lang='grc' dir='ltr'><strong>φόϐῳ</strong></span> <span class='ocrx_word' id='word_1_620' title='bbox 2357 3977 2451 4030; x_wconf 82' lang='grc' dir='ltr'>τοῦ</span> <span class='ocrx_word' id='word_1_621' title='bbox 2505 3977 2771 4046; x_wconf 84' lang='grc' dir='ltr'>δήσαντος</span> <span class='ocrx_word' id='word_1_622' title='bbox 2821 3975 2896 4045; x_wconf 85' lang='grc'><strong>(6)</strong></span> <span class='ocrx_word' id='word_1_623' title='bbox 2956 3974 3048 4027; x_wconf 81' lang='grc' dir='ltr'><strong>τὸν</strong></span> <span class='ocrx_word' id='word_1_624' title='bbox 3101 3975 3298 4045; x_wconf 86' lang='grc' dir='ltr'>δεσμὸν</span> <span class='ocrx_word' id='word_1_625' title='bbox 3354 3975 3413 4027; x_wconf 90' lang='grc' dir='ltr'><strong>οὑ</strong></span> <span class='ocrx_word' id='word_1_626' title='bbox 3466 3974 3734 4042; x_wconf 77' lang='grc' dir='ltr'>βιάζεται,</span> 
     </span>
    </p>
   </div>
   <div class='ocr_carea' id='block_1_87' title="bbox 2162 4065 3737 4138">
    <p class='ocr_par' dir='ltr' id='par_1_87' title="bbox 2162 4065 3737 4138">
     <span class='ocr_line' id='line_1_87' title="bbox 2162 4065 3737 4138; baseline -0.001 -18"><span class='ocrx_word' id='word_1_627' title='bbox 2162 4067 2508 4138; x_wconf 77' lang='grc' dir='ltr'>προφητικὴν</span> <span class='ocrx_word' id='word_1_628' title='bbox 2554 4066 2846 4138; x_wconf 81' lang='grc' dir='ltr'>βεϐαιοῦσα</span> <span class='ocrx_word' id='word_1_629' title='bbox 2880 4067 3096 4136; x_wconf 77' lang='grc' dir='ltr'>φωνήν·</span> <span class='ocrx_word' id='word_1_630' title='bbox 3143 4066 3349 4133; x_wconf 80' lang='grc' dir='ltr'>Ὅριον</span> <span class='ocrx_word' id='word_1_631' title='bbox 3380 4068 3540 4129; x_wconf 76' lang='grc' dir='ltr'>ἔθου,</span> <span class='ocrx_word' id='word_1_632' title='bbox 3589 4065 3621 4119; x_wconf 86' lang='grc' dir='ltr'><strong><em>ὃ</em></strong></span> <span class='ocrx_word' id='word_1_633' title='bbox 3663 4069 3737 4119; x_wconf 79' lang='grc' dir='ltr'>οὐ</span> 
     </span>
    </p>
   </div>
   <div class='ocr_carea' id='block_1_88' title="bbox 2161 4155 3736 4226">
    <p class='ocr_par' dir='ltr' id='par_1_88' title="bbox 2161 4155 3736 4226">
     <span class='ocr_line' id='line_1_88' title="bbox 2161 4155 3736 4226; baseline -0.003 -15"><span class='ocrx_word' id='word_1_634' title='bbox 2161 4159 2612 4226; x_wconf 75' lang='grc' dir='ltr'>παρελεύσεται.</span> <span class='ocrx_word' id='word_1_635' title='bbox 2657 4157 2779 4210; x_wconf 74' lang='grc' dir='ltr'>Ἐπὶ</span> <span class='ocrx_word' id='word_1_636' title='bbox 2797 4156 3007 4218; x_wconf 87' lang='grc' dir='ltr'>τούτοις</span> <span class='ocrx_word' id='word_1_637' title='bbox 3039 4155 3145 4208; x_wconf 84' lang='grc' dir='ltr'>τῶν</span> <span class='ocrx_word' id='word_1_638' title='bbox 3168 4156 3412 4226; x_wconf 87' lang='grc' dir='ltr'>ἀστέρων</span> <span class='ocrx_word' id='word_1_639' title='bbox 3435 4156 3492 4208; x_wconf 84' lang='grc' dir='ltr'>ὲν</span> <span class='ocrx_word' id='word_1_640' title='bbox 3521 4155 3736 4225; x_wconf 75' lang='grc' dir='ltr'>οὐρανῷ</span> 
     </span>
    </p>
   </div>
   <div class='ocr_carea' id='block_1_89' title="bbox 2160 4245 3736 4319">
    <p class='ocr_par' dir='ltr' id='par_1_89' title="bbox 2160 4245 3736 4319">
     <span class='ocr_line' id='line_1_89' title="bbox 2160 4245 3736 4319; baseline -0.003 -17"><span class='ocrx_word' id='word_1_641' title='bbox 2160 4249 2427 4319; x_wconf 82' lang='grc' dir='ltr'>διαπείρει</span> <span class='ocrx_word' id='word_1_642' title='bbox 2475 4247 2544 4303; x_wconf 75' lang='grc' dir='ltr'>τὰ</span> <span class='ocrx_word' id='word_1_643' title='bbox 2602 4249 2805 4319; x_wconf 82' lang='grc' dir='ltr'>φέγγη,</span> <span class='ocrx_word' id='word_1_644' title='bbox 2863 4247 2959 4300; x_wconf 78' lang='grc' dir='ltr'><strong>καὶ</strong></span> <span class='ocrx_word' id='word_1_645' title='bbox 3007 4245 3084 4318; x_wconf 83' lang='grc' dir='ltr'>τῷ</span> <span class='ocrx_word' id='word_1_646' title='bbox 3142 4245 3482 4317; x_wconf 87' lang='grc' dir='ltr'>στερεώματι</span> <span class='ocrx_word' id='word_1_647' title='bbox 3525 4245 3597 4298; x_wconf 87' lang='grc' dir='ltr'><strong>τά</strong></span> <span class='ocrx_word' id='word_1_648' title='bbox 3641 4245 3736 4298; x_wconf 75' lang='grc' dir='ltr'>τοῦ</span> 
     </span>
    </p>
   </div>
   <div class='ocr_carea' id='block_1_90' title="bbox 2164 4336 3736 4413">
    <p class='ocr_par' dir='ltr' id='par_1_90' title="bbox 2164 4336 3736 4413">
     <span class='ocr_line' id='line_1_90' title="bbox 2164 4336 3736 4413; baseline -0.005 -17"><span class='ocrx_word' id='word_1_649' title='bbox 2164 4344 2339 4413; x_wconf 85' lang='grc' dir='ltr'>φωτὸς</span> <span class='ocrx_word' id='word_1_650' title='bbox 2369 4340 2505 4411; x_wconf 81' lang='grc' dir='ltr'>ἄνθη</span> <span class='ocrx_word' id='word_1_651' title='bbox 2537 4339 2780 4410; x_wconf 84' lang='grc' dir='ltr'>φυτεύει,</span> <span class='ocrx_word' id='word_1_652' title='bbox 2813 4339 2980 4410; x_wconf 89' lang='grc' dir='ltr'>χάριν.</span> <span class='ocrx_word' id='word_1_653' title='bbox 3000 4338 3094 4394; x_wconf 74' lang='grc' dir='ltr'>καὶ</span> <span class='ocrx_word' id='word_1_654' title='bbox 3128 4342 3318 4410; x_wconf 78' lang='grc' dir='ltr'>χρεῖαν</span> <span class='ocrx_word' id='word_1_655' title='bbox 3361 4339 3472 4400; x_wconf 85' lang='grc' dir='ltr'>τοῖς</span> <span class='ocrx_word' id='word_1_656' title='bbox 3504 4336 3598 4388; x_wconf 75' lang='grc' dir='ltr'><strong>ἐπὶ</strong></span> <span class='ocrx_word' id='word_1_657' title='bbox 3631 4337 3736 4404; x_wconf 83' lang='grc' dir='ltr'>γῆς</span> 
     </span>
    </p>
   </div>
   <div class='ocr_carea' id='block_1_91' title="bbox 2163 4426 3734 4500">
    <p class='ocr_par' dir='ltr' id='par_1_91' title="bbox 2163 4426 3734 4500">
     <span class='ocr_line' id='line_1_91' title="bbox 2163 4426 3734 4500; baseline -0.006 -13"><span class='ocrx_word' id='word_1_658' title='bbox 2163 4431 2532 4487; x_wconf 69' lang='grc' dir='ltr'>ἐπιτελοῦντα.</span> <span class='ocrx_word' id='word_1_659' title='bbox 2564 4430 2707 4500; x_wconf 69' lang='grc' dir='ltr'>Πρὸς</span> <span class='ocrx_word' id='word_1_660' title='bbox 2735 4431 2953 4495; x_wconf 42' lang='grc' dir='ltr'>τούτοις,</span> <span class='ocrx_word' id='word_1_661' title='bbox 2970 4429 3030 4484; x_wconf 75' lang='grc' dir='ltr'>τὸ</span> <span class='ocrx_word' id='word_1_662' title='bbox 3056 4430 3154 4499; x_wconf 80' lang='grc' dir='ltr'>τῆς</span> <span class='ocrx_word' id='word_1_663' title='bbox 3186 4429 3412 4490; x_wconf 76' lang='grc' dir='ltr'>κτίσεως</span> <span class='ocrx_word' id='word_1_664' title='bbox 3439 4426 3631 4494; x_wconf 77' lang='grc' dir='ltr'>ἔδαφος</span> <span class='ocrx_word' id='word_1_665' title='bbox 3658 4427 3734 4494; x_wconf 73' lang='grc'><strong>(7)</strong></span> 
     </span>
    </p>
   </div>
   <div class='ocr_carea' id='block_1_92' title="bbox 2159 4514 3734 4594">
    <p class='ocr_par' dir='ltr' id='par_1_92' title="bbox 2159 4514 3734 4594">
     <span class='ocr_line' id='line_1_92' title="bbox 2159 4514 3734 4594; baseline -0.006 -15"><span class='ocrx_word' id='word_1_666' title='bbox 2159 4523 2411 4580; x_wconf 83' lang='grc' dir='ltr'>εὑανθέσι</span> <span class='ocrx_word' id='word_1_667' title='bbox 2440 4521 2704 4594; x_wconf 85' lang='grc' dir='ltr'>λειμῶσιν</span> <span class='ocrx_word' id='word_1_668' title='bbox 2735 4519 3004 4575; x_wconf 78' lang='grc' dir='ltr'>ὲποῐκιλε·</span> <span class='ocrx_word' id='word_1_669' title='bbox 3054 4518 3209 4584; x_wconf 81' lang='grc' dir='ltr'>ζώων</span> <span class='ocrx_word' id='word_1_670' title='bbox 3240 4517 3298 4572; x_wconf 75' lang='grc' dir='ltr'>δὲ</span> <span class='ocrx_word' id='word_1_671' title='bbox 3329 4516 3494 4586; x_wconf 82' lang='grc' dir='ltr'>γονὰς</span> <span class='ocrx_word' id='word_1_672' title='bbox 3540 4518 3604 4570; x_wconf 83' lang='grc' dir='ltr'>ὲκ</span> <span class='ocrx_word' id='word_1_673' title='bbox 3636 4514 3734 4583; x_wconf 83' lang='grc' dir='ltr'>τῆς</span> 
     </span>
    </p>
   </div>
   <div class='ocr_carea' id='block_1_93' title="bbox 1691 4811 2472 4882">
    <p class='ocr_par' dir='ltr' id='par_1_93' title="bbox 1691 4811 2472 4882">
     <span class='ocr_line' id='line_1_93' title="bbox 1691 4811 2472 4882; baseline -0.008 -10"><span class='ocrx_word' id='word_1_674' title='bbox 1691 4814 1800 4872; x_wconf 88' lang='lat' dir='ltr'><strong>CL.</strong></span> <span class='ocrx_word' id='word_1_675' title='bbox 1831 4814 1965 4873; x_wconf 80' lang='lat' dir='ltr'><strong>DAU</strong></span> <span class='ocrx_word' id='word_1_676' title='bbox 1975 4813 2109 4882; x_wconf 85' lang='lat' dir='ltr'><strong>SQU</strong></span> <span class='ocrx_word' id='word_1_677' title='bbox 2119 4812 2204 4871; x_wconf 85' lang='lat' dir='ltr'><strong>Ell</strong></span> <span class='ocrx_word' id='word_1_678' title='bbox 2241 4811 2472 4869; x_wconf 77' lang='grc' dir='ltr'><strong>ΝΟΤιΕ.</strong></span> 
     </span>
    </p>
   </div>
   <div class='ocr_carea' id='block_1_94' title="bbox 563 4954 2058 5029">
    <p class='ocr_par' dir='ltr' id='par_1_94' title="bbox 563 4954 2058 5029">
     <span class='ocr_line' id='line_1_94' title="bbox 563 4954 2058 5029; baseline 0.009 -15"><span class='ocrx_word' id='word_1_679' title='bbox 563 4961 640 5029; x_wconf 81' lang='lat'><strong>(5)</strong></span> <span class='ocrx_word' id='word_1_680' title='bbox 682 4955 1043 5029; x_wconf 66' lang='grc' dir='ltr'>Συναχθήτω</span> <span class='ocrx_word' id='word_1_681' title='bbox 1093 4955 1171 5029; x_wconf 68' lang='grc' dir='ltr'>δῇ</span> <span class='ocrx_word' id='word_1_682' title='bbox 1222 4956 1294 5029; x_wconf 75' lang='grc' dir='ltr'>τᾷ</span> <span class='ocrx_word' id='word_1_683' title='bbox 1329 4955 1526 5029; x_wconf 62' lang='grc' dir='ltr'>ᾔδατα</span> <span class='ocrx_word' id='word_1_684' title='bbox 1567 4954 2058 5029; x_wconf 58' lang='grc' dir='ltr'><strong>εἰς,συνᾳγιωγὴτ</strong></span> 
     </span>
    </p>
   </div>
   <div class='ocr_carea' id='block_1_95' title="bbox 491 5025 2058 5109">
    <p class='ocr_par' dir='ltr' id='par_1_95' title="bbox 491 5025 2058 5109">
     <span class='ocr_line' id='line_1_95' title="bbox 491 5025 2058 5109; baseline -0.004 -24"><span class='ocrx_word' id='word_1_685' title='bbox 491 5025 656 5109; x_wconf 50' lang='lat' dir='ltr'><strong>Mar,</strong></span> <span class='ocrx_word' id='word_1_686' title='bbox 675 5025 1034 5109; x_wconf 43' lang='lat' dir='ltr'><strong>naldforitw</strong></span> <span class='ocrx_word' id='word_1_687' title='bbox 1065 5026 1294 5109; x_wconf 60' lang='grc' dir='ltr'><strong>ήξηρὰ.</strong></span> <span class='ocrx_word' id='word_1_688' title='bbox 1324 5026 1579 5108; x_wconf 64' lang='grc' dir='ltr'>δςριυιιε.</span> <span class='ocrx_word' id='word_1_689' title='bbox 1605 5042 1618 5077; x_wconf 88' lang='lat'>:</span> <span class='ocrx_word' id='word_1_690' title='bbox 1648 5027 1973 5109; x_wconf 71' lang='grc' dir='ltr'>Συναχθητω</span> <span class='ocrx_word' id='word_1_691' title='bbox 1997 5025 2058 5109; x_wconf 71' lang='grc' dir='ltr'><strong>τὸ</strong></span> 
     </span>
    </p>
   </div>
   <div class='ocr_carea' id='block_1_96' title="bbox 498 5096 2108 5171">
    <p class='ocr_par' dir='ltr' id='par_1_96' title="bbox 498 5096 2108 5171">
     <span class='ocr_line' id='line_1_96' title="bbox 498 5096 2108 5171; baseline -0.001 -18"><span class='ocrx_word' id='word_1_692' title='bbox 498 5101 647 5171; x_wconf 73' lang='grc' dir='ltr'>ὕδωρ</span> <span class='ocrx_word' id='word_1_693' title='bbox 678 5099 737 5171; x_wconf 75' lang='grc' dir='ltr'>τὸ</span> <span class='ocrx_word' id='word_1_694' title='bbox 766 5096 1022 5151; x_wconf 80' lang='grc' dir='ltr'>ὑποκάτω</span> <span class='ocrx_word' id='word_1_695' title='bbox 1047 5099 1158 5171; x_wconf 58' lang='grc' dir='ltr'><strong>τοῦ-</strong></span> <span class='ocrx_word' id='word_1_696' title='bbox 1171 5096 1425 5171; x_wconf 77' lang='grc' dir='ltr'>οὐρανοῦ,</span> <span class='ocrx_word' id='word_1_697' title='bbox 1463 5112 1614 5171; x_wconf 76' lang='lat' dir='ltr'><strong>aqua:</strong></span> <span class='ocrx_word' id='word_1_698' title='bbox 1646 5113 1778 5171; x_wconf 84' lang='lat' dir='ltr'><strong>qua:_</strong></span> <span class='ocrx_word' id='word_1_699' title='bbox 1798 5097 1896 5171; x_wconf 70' lang='grc' dir='ltr'><strong>δυρ</strong></span> <span class='ocrx_word' id='word_1_700' title='bbox 1928 5096 2057 5151; x_wconf 76' lang='lat' dir='ltr'><strong>caelo</strong></span> <span class='ocrx_word' id='word_1_701' title='bbox 2102 5157 2108 5162; x_wconf 50' lang='grc'><em>,</em></span> 
     </span>
    </p>
   </div>
   <div class='ocr_carea' id='block_1_97' title="bbox 495 5165 2058 5237">
    <p class='ocr_par' dir='ltr' id='par_1_97' title="bbox 495 5165 2058 5237">
     <span class='ocr_line' id='line_1_97' title="bbox 495 5165 2058 5237; baseline -0.002 -15"><span class='ocrx_word' id='word_1_702' title='bbox 495 5165 638 5223; x_wconf 72' lang='grc' dir='ltr'>ειιηί.</span> <span class='ocrx_word' id='word_1_703' title='bbox 669 5170 838 5235; x_wconf 84' lang='lat' dir='ltr'><strong>Quam</strong></span> <span class='ocrx_word' id='word_1_704' title='bbox 874 5178 1078 5236; x_wconf 75' lang='lat' dir='ltr'><strong>partem</strong></span> <span class='ocrx_word' id='word_1_705' title='bbox 1128 5165 1359 5223; x_wconf 84' lang='lat' dir='ltr'><strong>Basilius</strong></span> <span class='ocrx_word' id='word_1_706' title='bbox 1394 5167 1598 5237; x_wconf 87' lang='lat' dir='ltr'><strong>omisit,</strong></span> <span class='ocrx_word' id='word_1_707' title='bbox 1640 5165 1782 5234; x_wconf 87' lang='lat' dir='ltr'><strong>quod</strong></span> <span class='ocrx_word' id='word_1_708' title='bbox 1823 5165 1900 5237; x_wconf 88' lang='lat' dir='ltr'><strong>ad</strong></span> <span class='ocrx_word' id='word_1_709' title='bbox 1931 5183 2058 5237; x_wconf 87' lang='lat' dir='ltr'><strong>pro—</strong></span> 
     </span>
    </p>
   </div>
   <div class='ocr_carea' id='block_1_98' title="bbox 497 5236 2060 5310">
    <p class='ocr_par' dir='ltr' id='par_1_98' title="bbox 497 5236 2060 5310">
     <span class='ocr_line' id='line_1_98' title="bbox 497 5236 2060 5310; baseline -0.003 -16"><span class='ocrx_word' id='word_1_710' title='bbox 497 5240 731 5310; x_wconf 83' lang='lat' dir='ltr'><strong>positum</strong></span> <span class='ocrx_word' id='word_1_711' title='bbox 773 5239 948 5310; x_wconf 88' lang='lat' dir='ltr'><strong>minus</strong></span> <span class='ocrx_word' id='word_1_712' title='bbox 1003 5238 1206 5310; x_wconf 84' lang='lat' dir='ltr'><strong>faciat;</strong></span> <span class='ocrx_word' id='word_1_713' title='bbox 1245 5239 1298 5292; x_wconf 92' lang='lat' dir='ltr'><strong>in</strong></span> <span class='ocrx_word' id='word_1_714' title='bbox 1348 5236 2060 5310; x_wconf 31' lang='lat' dir='ltr'><strong>citationibushenitnpru:</strong></span> 
     </span>
    </p>
   </div>
   <div class='ocr_carea' id='block_1_99' title="bbox 498 5306 2061 5378">
    <p class='ocr_par' dir='ltr' id='par_1_99' title="bbox 498 5306 2061 5378">
     <span class='ocr_line' id='line_1_99' title="bbox 498 5306 2061 5378; baseline -0.002 -17"><span class='ocrx_word' id='word_1_715' title='bbox 498 5306 687 5364; x_wconf 81' lang='lat' dir='ltr'><strong>denter</strong></span> <span class='ocrx_word' id='word_1_716' title='bbox 729 5309 1085 5378; x_wconf 84' lang='lat' dir='ltr'><strong>corripiendis</strong></span> <span class='ocrx_word' id='word_1_717' title='bbox 1125 5309 1388 5378; x_wconf 89' lang='lat' dir='ltr'><strong>plurimus</strong></span> <span class='ocrx_word' id='word_1_718' title='bbox 1434 5316 1519 5362; x_wconf 90' lang='lat' dir='ltr'><strong>est</strong></span> <span class='ocrx_word' id='word_1_719' title='bbox 1546 5324 1560 5359; x_wconf 88' lang='lat'><strong>:</strong></span> <span class='ocrx_word' id='word_1_720' title='bbox 1587 5309 1638 5361; x_wconf 89' lang='lat' dir='ltr'><strong>id</strong></span> <span class='ocrx_word' id='word_1_721' title='bbox 1674 5306 1746 5362; x_wconf 93' lang='lat' dir='ltr'><strong>illi</strong></span> <span class='ocrx_word' id='word_1_722' title='bbox 1789 5321 1858 5361; x_wconf 89' lang='lat' dir='ltr'><strong>ne</strong></span> <span class='ocrx_word' id='word_1_723' title='bbox 1888 5307 2061 5378; x_wconf 81' lang='lat' dir='ltr'><strong>fraudi</strong></span> 
     </span>
    </p>
   </div>
   <div class='ocr_carea' id='block_1_100' title="bbox 497 5377 2065 5449">
    <p class='ocr_par' dir='ltr' id='par_1_100' title="bbox 497 5377 2065 5449">
     <span class='ocr_line' id='line_1_100' title="bbox 497 5377 2065 5449; baseline -0.003 -14"><span class='ocrx_word' id='word_1_724' title='bbox 497 5382 588 5443; x_wconf 89' lang='lat' dir='ltr'><strong>sit,</strong></span> <span class='ocrx_word' id='word_1_725' title='bbox 643 5394 708 5434; x_wconf 91' lang='lat' dir='ltr'><strong>ne</strong></span> <span class='ocrx_word' id='word_1_726' title='bbox 748 5377 870 5448; x_wconf 90' lang='lat' dir='ltr'><strong>quis</strong></span> <span class='ocrx_word' id='word_1_727' title='bbox 917 5377 1139 5432; x_wconf 79' lang='lat' dir='ltr'><strong>hiantia</strong></span> <span class='ocrx_word' id='word_1_728' title='bbox 1175 5377 1396 5449; x_wconf 79' lang='lat' dir='ltr'><strong>cogitet,</strong></span> <span class='ocrx_word' id='word_1_729' title='bbox 1450 5391 1569 5446; x_wconf 76' lang='lat' dir='ltr'><strong>qua:</strong></span> <span class='ocrx_word' id='word_1_730' title='bbox 1600 5378 1849 5447; x_wconf 78' lang='lat' dir='ltr'><strong>integra;</strong></span> <span class='ocrx_word' id='word_1_731' title='bbox 1886 5377 2065 5431; x_wconf 91' lang='lat' dir='ltr'><strong>cautio</strong></span> 
     </span>
    </p>
   </div>
   <div class='ocr_carea' id='block_1_101' title="bbox 499 5459 811 5504">
    <p class='ocr_par' dir='ltr' id='par_1_101' title="bbox 499 5459 811 5504">
     <span class='ocr_line' id='line_1_101' title="bbox 499 5459 811 5504; baseline -0.01 0"><span class='ocrx_word' id='word_1_732' title='bbox 499 5460 680 5504; x_wconf 71' lang='lat' dir='ltr'><strong>llOSll’a</strong></span> <span class='ocrx_word' id='word_1_733' title='bbox 713 5459 811 5502; x_wconf 82' lang='lat' dir='ltr'><strong>est.</strong></span> 
     </span>
    </p>
   </div>
   <div class='ocr_carea' id='block_1_102' title="bbox 568 5515 2061 5590">
    <p class='ocr_par' dir='ltr' id='par_1_102' title="bbox 568 5515 2061 5590">
     <span class='ocr_line' id='line_1_102' title="bbox 568 5515 2061 5590; baseline -0.005 -16"><span class='ocrx_word' id='word_1_734' title='bbox 568 5520 644 5590; x_wconf 83' lang='grc'><strong>(6)</strong></span> <span class='ocrx_word' id='word_1_735' title='bbox 689 5517 772 5590; x_wconf 67' lang='grc' dir='ltr'><strong>Τῷ</strong></span> <span class='ocrx_word' id='word_1_736' title='bbox 809 5519 970 5587; x_wconf 70' lang='grc' dir='ltr'><strong>φόϐῳ</strong></span> <span class='ocrx_word' id='word_1_737' title='bbox 1001 5519 1108 5572; x_wconf 88' lang='grc' dir='ltr'>τοῦ</span> <span class='ocrx_word' id='word_1_738' title='bbox 1137 5517 1457 5590; x_wconf 74' lang='grc' dir='ltr'>δήσαντος·</span> <span class='ocrx_word' id='word_1_739' title='bbox 1497 5515 1620 5590; x_wconf 74' lang='lat' dir='ltr'><strong>Prw</strong></span> <span class='ocrx_word' id='word_1_740' title='bbox 1649 5517 1898 5590; x_wconf 53' lang='lat' dir='ltr'><strong>vinctocis</strong></span> <span class='ocrx_word' id='word_1_741' title='bbox 1927 5531 2061 5590; x_wconf 72' lang='lat' dir='ltr'><strong>reve-</strong></span> 
     </span>
    </p>
   </div>
   <div class='ocr_carea' id='block_1_103' title="bbox 499 5586 2060 5657">
    <p class='ocr_par' dir='ltr' id='par_1_103' title="bbox 499 5586 2060 5657">
     <span class='ocr_line' id='line_1_103' title="bbox 499 5586 2060 5657; baseline -0.004 -14"><span class='ocrx_word' id='word_1_742' title='bbox 499 5586 692 5646; x_wconf 68' lang='lat' dir='ltr'><strong>rentia.</strong></span> <span class='ocrx_word' id='word_1_743' title='bbox 731 5586 928 5644; x_wconf 83' lang='lat' dir='ltr'><strong>Eadem</strong></span> <span class='ocrx_word' id='word_1_744' title='bbox 960 5591 1175 5641; x_wconf 90' lang='lat' dir='ltr'><strong>notione</strong></span> <span class='ocrx_word' id='word_1_745' title='bbox 1203 5589 1366 5657; x_wconf 80' lang='grc' dir='ltr'>φόϐος</span> <span class='ocrx_word' id='word_1_746' title='bbox 1406 5589 1654 5641; x_wconf 89' lang='lat' dir='ltr'><strong>oratione</strong></span> <span class='ocrx_word' id='word_1_747' title='bbox 1683 5590 1749 5641; x_wconf 90' lang='lat' dir='ltr'><strong>de</strong></span> <span class='ocrx_word' id='word_1_748' title='bbox 1779 5586 2060 5657; x_wconf 74' lang='lat' dir='ltr'><strong>infantici-</strong></span> 
     </span>
    </p>
   </div>
   <div class='ocr_carea' id='block_1_104' title="bbox 499 5655 2058 5728">
    <p class='ocr_par' dir='ltr' id='par_1_104' title="bbox 499 5655 2058 5728">
     <span class='ocr_line' id='line_1_104' title="bbox 499 5655 2058 5728; baseline -0.003 -17"><span class='ocrx_word' id='word_1_749' title='bbox 499 5663 588 5712; x_wconf 81' lang='lat' dir='ltr'><strong>dio</strong></span> <span class='ocrx_word' id='word_1_750' title='bbox 619 5677 631 5712; x_wconf 87' lang='lat'>:</span> <span class='ocrx_word' id='word_1_751' title='bbox 664 5660 776 5728; x_wconf 83' lang='grc' dir='ltr'>Οὐχ</span> <span class='ocrx_word' id='word_1_752' title='bbox 814 5658 957 5728; x_wconf 80' lang='grc' dir='ltr'>ἱερὸν</span> <span class='ocrx_word' id='word_1_753' title='bbox 981 5659 1145 5728; x_wconf 75' lang='grc' dir='ltr'>φόϐον</span> <span class='ocrx_word' id='word_1_754' title='bbox 1168 5655 1290 5713; x_wconf 79' lang='grc' dir='ltr'>τινὰ</span> <span class='ocrx_word' id='word_1_755' title='bbox 1320 5659 1745 5728; x_wconf 88' lang='grc' dir='ltr'>τοῖςφονευταῖς</span> <span class='ocrx_word' id='word_1_756' title='bbox 1774 5655 2058 5728; x_wconf 71' lang='grc' dir='ltr'>ἐμποιοῦν·</span> 
     </span>
    </p>
   </div>
   <div class='ocr_carea' id='block_1_105' title="bbox 450 5725 2064 5796">
    <p class='ocr_par' dir='ltr' id='par_1_105' title="bbox 450 5725 2064 5796">
     <span class='ocr_line' id='line_1_105' title="bbox 450 5725 2064 5796; baseline -0.003 -15"><span class='ocrx_word' id='word_1_757' title='bbox 450 5735 452 5740; x_wconf 78' lang='grc'>’</span> <span class='ocrx_word' id='word_1_758' title='bbox 504 5729 625 5783; x_wconf 83' lang='lat' dir='ltr'><strong>Non</strong></span> <span class='ocrx_word' id='word_1_759' title='bbox 661 5725 1056 5796; x_wconf 44' lang='lat' dir='ltr'><strong>[ain&#39;ant&#39;ulla&#39;m</strong></span> <span class='ocrx_word' id='word_1_760' title='bbox 1105 5727 1528 5794; x_wconf 70' lang='lat' dir='ltr'><strong>interfectoribus</strong></span> <span class='ocrx_word' id='word_1_761' title='bbox 1565 5729 1678 5780; x_wconf 77' lang='lat' dir='ltr'><strong>istis</strong></span> <span class='ocrx_word' id='word_1_762' title='bbox 1723 5725 2064 5780; x_wconf 80' lang='lat' dir='ltr'><strong>reverentiam</strong></span> 
     </span>
    </p>
   </div>
   <div class='ocr_carea' id='block_1_106' title="bbox 502 5797 2067 5868">
    <p class='ocr_par' dir='ltr' id='par_1_106' title="bbox 502 5797 2067 5868">
     <span class='ocr_line' id='line_1_106' title="bbox 502 5797 2067 5868; baseline -0.003 -14"><span class='ocrx_word' id='word_1_763' title='bbox 502 5799 830 5868; x_wconf 76' lang='lat' dir='ltr'><strong>ingenerans.</strong></span> <span class='ocrx_word' id='word_1_764' title='bbox 869 5799 924 5855; x_wconf 90' lang='lat' dir='ltr'><strong>ld</strong></span> <span class='ocrx_word' id='word_1_765' title='bbox 964 5800 1041 5865; x_wconf 84' lang='lat' dir='ltr'><strong>fit,</strong></span> <span class='ocrx_word' id='word_1_766' title='bbox 1074 5800 1198 5868; x_wconf 90' lang='lat' dir='ltr'><strong>quia</strong></span> <span class='ocrx_word' id='word_1_767' title='bbox 1231 5800 1407 5861; x_wconf 86' lang='lat' dir='ltr'><strong>timor,</strong></span> <span class='ocrx_word' id='word_1_768' title='bbox 1441 5808 1654 5862; x_wconf 84' lang='lat' dir='ltr'><strong>tremor,</strong></span> <span class='ocrx_word' id='word_1_769' title='bbox 1697 5797 1902 5862; x_wconf 85' lang='lat' dir='ltr'><strong>horror,</strong></span> <span class='ocrx_word' id='word_1_770' title='bbox 1937 5811 2067 5850; x_wconf 85' lang='lat' dir='ltr'><strong>reve-</strong></span> 
     </span>
    </p>
   </div>
   <div class='ocr_carea' id='block_1_107' title="bbox 2164 4950 3741 5021">
    <p class='ocr_par' dir='ltr' id='par_1_107' title="bbox 2164 4950 3741 5021">
     <span class='ocr_line' id='line_1_107' title="bbox 2164 4950 3741 5021; baseline -0.003 -14"><span class='ocrx_word' id='word_1_771' title='bbox 2164 4956 2336 5010; x_wconf 84' lang='lat' dir='ltr'><strong>rentia</strong></span> <span class='ocrx_word' id='word_1_772' title='bbox 2387 4953 2565 5021; x_wconf 80' lang='lat' dir='ltr'><strong>amnia</strong></span> <span class='ocrx_word' id='word_1_773' title='bbox 2600 4965 2747 5018; x_wconf 85' lang='lat' dir='ltr'><strong>sunt,</strong></span> <span class='ocrx_word' id='word_1_774' title='bbox 2787 4963 2843 5011; x_wconf 83' lang='lat' dir='ltr'><strong>et</strong></span> <span class='ocrx_word' id='word_1_775' title='bbox 2881 4959 3511 5020; x_wconf 64' lang='lat' dir='ltr'><strong>tamennon-cognata.</strong></span> <span class='ocrx_word' id='word_1_776' title='bbox 3559 4950 3741 5021; x_wconf 71' lang='lat' dir='ltr'><strong>Quare</strong></span> 
     </span>
    </p>
   </div>
   <div class='ocr_carea' id='block_1_108' title="bbox 2164 5019 3743 5096">
    <p class='ocr_par' dir='ltr' id='par_1_108' title="bbox 2164 5019 3743 5096">
     <span class='ocr_line' id='line_1_108' title="bbox 2164 5019 3743 5096; baseline -0.003 -17"><span class='ocrx_word' id='word_1_777' title='bbox 2164 5026 2368 5095; x_wconf 86' lang='lat' dir='ltr'><strong>passim</strong></span> <span class='ocrx_word' id='word_1_778' title='bbox 2406 5019 2579 5081; x_wconf 61' lang='lat' dir='ltr'><strong>Grmci</strong></span> <span class='ocrx_word' id='word_1_779' title='bbox 2606 5025 2794 5096; x_wconf 82' lang='lat' dir='ltr'><strong>Patres</strong></span> <span class='ocrx_word' id='word_1_780' title='bbox 2835 5025 3284 5096; x_wconf 66' lang='grc' dir='ltr'>φρικωδεστάτην</span> <span class='ocrx_word' id='word_1_781' title='bbox 3309 5019 3524 5096; x_wconf 67' lang='grc' dir='ltr'>θυσξαν,</span> <span class='ocrx_word' id='word_1_782' title='bbox 3556 5019 3743 5096; x_wconf 62' lang='lat' dir='ltr'><strong>Missa:</strong></span> 
     </span>
    </p>
   </div>
   <div class='ocr_carea' id='block_1_109' title="bbox 2165 5090 3743 5163">
    <p class='ocr_par' dir='ltr' id='par_1_109' title="bbox 2165 5090 3743 5163">
     <span class='ocr_line' id='line_1_109' title="bbox 2165 5090 3743 5163; baseline -0.005 -13"><span class='ocrx_word' id='word_1_783' title='bbox 2165 5090 2486 5163; x_wconf 63' lang='lat' dir='ltr'><strong>sacri/icium</strong></span> <span class='ocrx_word' id='word_1_784' title='bbox 2542 5090 2892 5163; x_wconf 53' lang='lat' dir='ltr'><strong>appellitantf</strong></span> <span class='ocrx_word' id='word_1_785' title='bbox 2921 5093 3088 5149; x_wconf 82' lang='lat' dir='ltr'><strong>Jonas</strong></span> <span class='ocrx_word' id='word_1_786' title='bbox 3121 5090 3247 5161; x_wconf 76' lang='lat' dir='ltr'><strong>cap.</strong></span> <span class='ocrx_word' id='word_1_787' title='bbox 3279 5109 3319 5158; x_wconf 87' lang='grc' dir='ltr'><strong>ι,</strong></span> <span class='ocrx_word' id='word_1_788' title='bbox 3370 5090 3622 5163; x_wconf 65' lang='grc' dir='ltr'>σέβομαι,</span> <span class='ocrx_word' id='word_1_789' title='bbox 3659 5090 3743 5142; x_wconf 85' lang='lat' dir='ltr'><strong>in-</strong></span> 
     </span>
    </p>
   </div>
   <div class='ocr_carea' id='block_1_110' title="bbox 2168 5161 3738 5233">
    <p class='ocr_par' dir='ltr' id='par_1_110' title="bbox 2168 5161 3738 5233">
     <span class='ocr_line' id='line_1_110' title="bbox 2168 5161 3738 5233; baseline -0.003 -15"><span class='ocrx_word' id='word_1_790' title='bbox 2168 5161 2377 5233; x_wconf 84' lang='lat' dir='ltr'><strong>terpres</strong></span> <span class='ocrx_word' id='word_1_791' title='bbox 2438 5161 2624 5218; x_wconf 62' lang='lat' dir='ltr'><strong>timeo</strong></span> <span class='ocrx_word' id='word_1_792' title='bbox 2651 5165 2926 5220; x_wconf 88' lang='lat' dir='ltr'><strong>substituit</strong></span> <span class='ocrx_word' id='word_1_793' title='bbox 2953 5204 2968 5227; x_wconf 96' lang='lat'><strong>,</strong></span> <span class='ocrx_word' id='word_1_794' title='bbox 3013 5175 3266 5233; x_wconf 84' lang='lat' dir='ltr'><strong>tanquam</strong></span> <span class='ocrx_word' id='word_1_795' title='bbox 3314 5161 3738 5233; x_wconf 58' lang='lat' dir='ltr'><strong>aquipondium.</strong></span> 
     </span>
    </p>
   </div>
   <div class='ocr_carea' id='block_1_111' title="bbox 2167 5228 3734 5303">
    <p class='ocr_par' dir='ltr' id='par_1_111' title="bbox 2167 5228 3734 5303">
     <span class='ocr_line' id='line_1_111' title="bbox 2167 5228 3734 5303; baseline -0.004 -15"><span class='ocrx_word' id='word_1_796' title='bbox 2167 5228 2312 5288; x_wconf 61' lang='lat' dir='ltr'><strong>66b.</strong></span> <span class='ocrx_word' id='word_1_797' title='bbox 2359 5236 2482 5288; x_wconf 74' lang='grc' dir='ltr'>Ἐπὶ</span> <span class='ocrx_word' id='word_1_798' title='bbox 2520 5235 2643 5288; x_wconf 77' lang='grc' dir='ltr'>τίνα</span> <span class='ocrx_word' id='word_1_799' title='bbox 2681 5233 3038 5303; x_wconf 64' lang='grc' dir='ltr'><strong>ἐπιϐλέψααῆ</strong></span> <span class='ocrx_word' id='word_1_800' title='bbox 3088 5228 3180 5285; x_wconf 76' lang='grc' dir='ltr'>ἐπὶ</span> <span class='ocrx_word' id='word_1_801' title='bbox 3222 5231 3312 5284; x_wconf 80' lang='grc' dir='ltr'><strong>τὸν</strong></span> <span class='ocrx_word' id='word_1_802' title='bbox 3341 5228 3613 5296; x_wconf 84' lang='grc' dir='ltr'>ταπεινὸν,</span> <span class='ocrx_word' id='word_1_803' title='bbox 3642 5229 3734 5282; x_wconf 77' lang='grc' dir='ltr'>καὶ</span> 
     </span>
    </p>
   </div>
   <div class='ocr_carea' id='block_1_112' title="bbox 2169 5303 3244 5376">
    <p class='ocr_par' dir='ltr' id='par_1_112' title="bbox 2169 5303 3244 5376">
     <span class='ocr_line' id='line_1_112' title="bbox 2169 5303 3244 5376; baseline -0.002 -19"><span class='ocrx_word' id='word_1_804' title='bbox 2169 5304 2415 5376; x_wconf 79' lang='grc' dir='ltr'>ἡσύχιον,</span> <span class='ocrx_word' id='word_1_805' title='bbox 2443 5307 2538 5359; x_wconf 73' lang='grc' dir='ltr'>καὶ</span> <span class='ocrx_word' id='word_1_806' title='bbox 2563 5306 2832 5376; x_wconf 84' lang='grc' dir='ltr'>τρέμοντα</span> <span class='ocrx_word' id='word_1_807' title='bbox 2854 5305 2979 5368; x_wconf 79' lang='grc' dir='ltr'>τοὺς</span> <span class='ocrx_word' id='word_1_808' title='bbox 3011 5303 3198 5376; x_wconf 66' lang='grc' dir='ltr'>λύγους</span> <span class='ocrx_word' id='word_1_809' title='bbox 3230 5318 3244 5365; x_wconf 91' lang='grc'>;</span> 
     </span>
    </p>
   </div>
   <div class='ocr_carea' id='block_1_113' title="bbox 2241 5367 3745 5444">
    <p class='ocr_par' dir='ltr' id='par_1_113' title="bbox 2241 5367 3745 5444">
     <span class='ocr_line' id='line_1_113' title="bbox 2241 5367 3745 5444; baseline -0.003 -18"><span class='ocrx_word' id='word_1_810' title='bbox 2241 5367 2319 5444; x_wconf 65' lang='lat'><strong>(7)</strong></span> <span class='ocrx_word' id='word_1_811' title='bbox 2398 5367 2677 5441; x_wconf 57' lang='lat' dir='ltr'><strong>Ktlasrbc&#39;</strong></span> <span class='ocrx_word' id='word_1_812' title='bbox 2705 5375 2947 5443; x_wconf 70' lang='grc' dir='ltr'>ἔδαφος·</span> <span class='ocrx_word' id='word_1_813' title='bbox 3000 5367 3186 5426; x_wconf 79' lang='lat' dir='ltr'><strong>Mundi</strong></span> <span class='ocrx_word' id='word_1_814' title='bbox 3211 5371 3598 5440; x_wconf 54' lang='lat' dir='ltr'><strong>pauimentum;</strong></span> <span class='ocrx_word' id='word_1_815' title='bbox 3641 5367 3745 5422; x_wconf 86' lang='lat' dir='ltr'><strong>So-</strong></span> 
     </span>
    </p>
   </div>
   <div class='ocr_carea' id='block_1_114' title="bbox 2173 5445 3740 5510">
    <p class='ocr_par' dir='ltr' id='par_1_114' title="bbox 2173 5445 3740 5510">
     <span class='ocr_line' id='line_1_114' title="bbox 2173 5445 3740 5510; baseline -0.005 -12"><span class='ocrx_word' id='word_1_816' title='bbox 2173 5445 2357 5500; x_wconf 90' lang='lat' dir='ltr'><strong>lemne</strong></span> <span class='ocrx_word' id='word_1_817' title='bbox 2382 5445 2581 5500; x_wconf 87' lang='lat' dir='ltr'><strong>Basilio</strong></span> <span class='ocrx_word' id='word_1_818' title='bbox 2613 5456 2700 5500; x_wconf 86' lang='lat' dir='ltr'><strong>est</strong></span> <span class='ocrx_word' id='word_1_819' title='bbox 2727 5446 2924 5504; x_wconf 82' lang='grc' dir='ltr'>κτίσιν,</span> <span class='ocrx_word' id='word_1_820' title='bbox 2961 5458 3056 5510; x_wconf 84' lang='lat' dir='ltr'><strong>pro</strong></span> <span class='ocrx_word' id='word_1_821' title='bbox 3091 5452 3195 5495; x_wconf 81' lang='lat' dir='ltr'><strong>tota</strong></span> <span class='ocrx_word' id='word_1_822' title='bbox 3225 5455 3404 5495; x_wconf 88' lang='lat' dir='ltr'><strong>rerum</strong></span> <span class='ocrx_word' id='word_1_823' title='bbox 3431 5450 3740 5493; x_wconf 89' lang='lat' dir='ltr'><strong>crcatarum</strong></span> 
     </span>
    </p>
   </div>
   <div class='ocr_carea' id='block_1_115' title="bbox 2168 5510 3744 5582">
    <p class='ocr_par' dir='ltr' id='par_1_115' title="bbox 2168 5510 3744 5582">
     <span class='ocr_line' id='line_1_115' title="bbox 2168 5510 3744 5582; baseline -0.006 -14"><span class='ocrx_word' id='word_1_824' title='bbox 2168 5515 2522 5569; x_wconf 87' lang='lat' dir='ltr'><strong>universitate</strong></span> <span class='ocrx_word' id='word_1_825' title='bbox 2573 5530 2854 5582; x_wconf 89' lang='lat' dir='ltr'><strong>usurpare.</strong></span> <span class='ocrx_word' id='word_1_826' title='bbox 2909 5512 3164 5568; x_wconf 89' lang='lat' dir='ltr'><strong>Oratione</strong></span> <span class='ocrx_word' id='word_1_827' title='bbox 3209 5512 3270 5564; x_wconf 81' lang='lat' dir='ltr'><strong>de</strong></span> <span class='ocrx_word' id='word_1_828' title='bbox 3325 5511 3474 5582; x_wconf 65' lang='lat' dir='ltr'><strong>crucis</strong></span> <span class='ocrx_word' id='word_1_829' title='bbox 3508 5525 3527 5562; x_wconf 91' lang='lat'><strong><em>:</em></strong></span> <span class='ocrx_word' id='word_1_830' title='bbox 3565 5510 3744 5582; x_wconf 66' lang='lat' dir='ltr'><strong>:Onsp</strong></span> 
     </span>
    </p>
   </div>
   <div class='ocr_carea' id='block_1_116' title="bbox 2175 5577 3742 5655">
    <p class='ocr_par' dir='ltr' id='par_1_116' title="bbox 2175 5577 3742 5655">
     <span class='ocr_line' id='line_1_116' title="bbox 2175 5577 3742 5655; baseline -0.005 -18"><span class='ocrx_word' id='word_1_831' title='bbox 2175 5585 2287 5655; x_wconf 79' lang='grc' dir='ltr'><strong>γάρ</strong></span> <span class='ocrx_word' id='word_1_832' title='bbox 2313 5585 2463 5654; x_wconf 80' lang='grc' dir='ltr'>ἥλιος</span> <span class='ocrx_word' id='word_1_833' title='bbox 2501 5587 2559 5638; x_wconf 81' lang='grc' dir='ltr'>ὲν</span> <span class='ocrx_word' id='word_1_834' title='bbox 2592 5588 2659 5655; x_wconf 80' lang='grc' dir='ltr'>τῇ</span> <span class='ocrx_word' id='word_1_835' title='bbox 2693 5577 2889 5648; x_wconf 73' lang='grc' dir='ltr'>κτίσει,</span> <span class='ocrx_word' id='word_1_836' title='bbox 2934 5582 3092 5655; x_wconf 81' lang='grc' dir='ltr'>τοῦτο</span> <span class='ocrx_word' id='word_1_837' title='bbox 3118 5579 3409 5655; x_wconf 64' lang='grc' dir='ltr'>οφθαλμὸς</span> <span class='ocrx_word' id='word_1_838' title='bbox 3433 5581 3492 5631; x_wconf 78' lang='grc' dir='ltr'>ὲν</span> <span class='ocrx_word' id='word_1_839' title='bbox 3523 5578 3600 5647; x_wconf 85' lang='grc' dir='ltr'>τῷ</span> <span class='ocrx_word' id='word_1_840' title='bbox 3645 5577 3742 5630; x_wconf 85' lang='grc' dir='ltr'><strong>σώ-</strong></span> 
     </span>
    </p>
   </div>
   <div class='ocr_carea' id='block_1_117' title="bbox 2179 5651 3742 5726">
    <p class='ocr_par' dir='ltr' id='par_1_117' title="bbox 2179 5651 3742 5726">
     <span class='ocr_line' id='line_1_117' title="bbox 2179 5651 3742 5726; baseline -0.004 -19"><span class='ocrx_word' id='word_1_841' title='bbox 2179 5651 2345 5726; x_wconf 64' lang='grc' dir='ltr'>ματιί</span> <span class='ocrx_word' id='word_1_842' title='bbox 2389 5655 2530 5726; x_wconf 62' lang='lat' dir='ltr'><strong>Nam</strong></span> <span class='ocrx_word' id='word_1_843' title='bbox 2561 5651 2698 5723; x_wconf 74' lang='lat' dir='ltr'><strong>quod</strong></span> <span class='ocrx_word' id='word_1_844' title='bbox 2733 5656 2788 5708; x_wconf 83' lang='lat' dir='ltr'><strong>in</strong></span> <span class='ocrx_word' id='word_1_845' title='bbox 2820 5653 3021 5726; x_wconf 72' lang='lat' dir='ltr'><strong>mundo</strong></span> <span class='ocrx_word' id='word_1_846' title='bbox 3045 5653 3148 5715; x_wconf 77' lang='lat' dir='ltr'><strong>sol,</strong></span> <span class='ocrx_word' id='word_1_847' title='bbox 3191 5655 3287 5705; x_wconf 78' lang='lat' dir='ltr'><strong>hoc</strong></span> <span class='ocrx_word' id='word_1_848' title='bbox 3331 5651 3383 5703; x_wconf 77' lang='lat' dir='ltr'><strong>in</strong></span> <span class='ocrx_word' id='word_1_849' title='bbox 3411 5664 3633 5726; x_wconf 71' lang='grc' dir='ltr'><strong>(εογροιίε⁵</strong></span> <span class='ocrx_word' id='word_1_850' title='bbox 3663 5656 3742 5702; x_wconf 75' lang='lat' dir='ltr'><strong>est</strong></span> 
     </span>
    </p>
   </div>
   <div class='ocr_carea' id='block_1_118' title="bbox 2175 5720 3742 5791">
    <p class='ocr_par' dir='ltr' id='par_1_118' title="bbox 2175 5720 3742 5791">
     <span class='ocr_line' id='line_1_118' title="bbox 2175 5720 3742 5791; baseline -0.004 -13"><span class='ocrx_word' id='word_1_851' title='bbox 2175 5720 2378 5780; x_wconf 73' lang='lat' dir='ltr'><strong>oculus.</strong></span> <span class='ocrx_word' id='word_1_852' title='bbox 2429 5725 2542 5780; x_wconf 85' lang='lat' dir='ltr'><strong>Hoc</strong></span> <span class='ocrx_word' id='word_1_853' title='bbox 2570 5720 2635 5779; x_wconf 85' lang='lat' dir='ltr'><strong>eo</strong></span> <span class='ocrx_word' id='word_1_854' title='bbox 2663 5725 2890 5779; x_wconf 87' lang='lat' dir='ltr'><strong>consilio</strong></span> <span class='ocrx_word' id='word_1_855' title='bbox 2929 5722 3131 5779; x_wconf 84' lang='lat' dir='ltr'><strong>factum</strong></span> <span class='ocrx_word' id='word_1_856' title='bbox 3178 5731 3326 5791; x_wconf 88' lang='lat' dir='ltr'><strong>puto,</strong></span> <span class='ocrx_word' id='word_1_857' title='bbox 3373 5737 3440 5775; x_wconf 90' lang='lat' dir='ltr'><strong>ne</strong></span> <span class='ocrx_word' id='word_1_858' title='bbox 3471 5720 3672 5775; x_wconf 87' lang='lat' dir='ltr'><strong>mundo</strong></span> <span class='ocrx_word' id='word_1_859' title='bbox 3709 5731 3742 5771; x_wconf 86' lang='lat' dir='ltr'><strong>a</strong></span> 
     </span>
    </p>
   </div>
   <div class='ocr_carea' id='block_1_119' title="bbox 2174 5793 3156 5866">
    <p class='ocr_par' dir='ltr' id='par_1_119' title="bbox 2174 5793 3156 5866">
     <span class='ocr_line' id='line_1_119' title="bbox 2174 5793 3156 5866; baseline -0.001 -17"><span class='ocrx_word' id='word_1_860' title='bbox 2174 5795 2508 5866; x_wconf 88' lang='lat' dir='ltr'><strong>philosophis</strong></span> <span class='ocrx_word' id='word_1_861' title='bbox 2533 5795 2840 5852; x_wconf 87' lang='lat' dir='ltr'><strong>ascribatur</strong></span> <span class='ocrx_word' id='word_1_862' title='bbox 2863 5793 3156 5850; x_wconf 73' lang='lat' dir='ltr'><strong>aeternitas.</strong></span> 
     </span>
    </p>
   </div>
  </div>
