4102 6548
333 376 400 438 33
1784 379 2065 439 ORATIO
2106 385 2151 443 I.
3092 441 3096 447 .
3519 397 3588 458 34

331 483 430 552 γῆς
461 481 791 546 ἀνελκύσας,
819 483 1032 554 μητέρα
1061 483 1153 535 καὶ
1176 483 1373 552 τροφὸν
1395 482 1502 536 τῶν
1533 484 1918 557 πλαττομένων

2027 497 2235 548 niturze.
2267 496 2565 564 Oportebat
2591 497 2642 550 id
2669 496 2934 565 siquidem
2965 499 3142 553 vicina
3172 509 3314 555 terra
3343 491 3414 556 ad
3462 519 3590 574 par-

330 573 636 637 ἀπέδειξεν.
668 574 826 626 Οὕτω
852 575 916 644 δὴ
968 575 1066 646 τὴν
1097 575 1269 646 ξηρὰν
1310 577 1658 643 στεφανώσας
1684 579 1783 645 (8),
1814 580 1914 632 οὐκ

329 665 535 730 ἔδειξεν
555 665 855 734 ἄχρηστον,
890 665 1010 718 οὐδὲ
1043 666 1179 734 πρὸς
1207 668 1550 734 τεκνογονίαν
1577 669 1675 737 τήν
1713 668 1912 722 θάλατ-

329 775 450 812 ταν.
494 757 640 810 Ἔδει
673 760 782 829 γὰρ
818 761 990 828 αὐτὴν
1042 758 1267 830 μηδενὸς
1296 758 1525 830 ὁρᾶσθαι
1549 760 1651 830 τῆς
1677 762 1915 828 γείτονος

329 851 429 920 γῆς
455 849 788 919 ἀτιμοτέραν
810 850 948 920 πρὸς
969 850 1166 912 ὠδῖνας
1193 849 1566 920 ὑπάρχουσαν.
1586 852 1682 904 Ἐν
1699 851 1914 922 ἔπεμπε

333 943 388 991 τὸ
434 941 791 1011 πρόσταγμα,
844 942 938 995 καὶ
992 943 1211 1012 νηκτοῖς
1261 941 1360 1012 μὲν
1394 941 1556 1005 εὐθὺς
1597 942 1916 1016 ὲπλήμυρεν

333 1030 608 1093 ἄϐυσσος·
664 1034 888 1101 πτηνοῖς
935 1031 994 1085 δὲ
1045 1033 1155 1103 ἀὴρ
1209 1031 1518 1096 ὲπολίζετο·
1569 1033 1664 1086 καὶ
1711 1034 1916 1105 κόσμος

331 1122 642 1192 ἀπήρτιστο
689 1121 768 1192 τῷ
805 1121 1046 1192 θαύματι
1079 1121 1334 1192 κράζωνο
1386 1124 1487 1188 Ὠς
1533 1122 1915 1194 ἐμεταλύνθη

328 1215 400 1267 τὰ
445 1213 597 1282 ἔργα
645 1229 784 1275 σου,
817 1213 995 1282 Κύριε
1012 1213 1032 1265 !
1063 1212 1271 1267 Πάντα
1290 1213 1360 1266 ἐν
1387 1215 1573 1282 σοφίᾳ
1597 1214 1915 1283 ἐποίησας.

399 1311 450 1371 γ’
460 1313 485 1357 .’
511 1304 654 1356 Ἀλλ’
671 1306 704 1374 ή
743 1304 841 1375 μὲν
875 1304 1052 1366 κτίσις
1072 1304 1425 1374 ἀπήρτισται,
1449 1304 1547 1376 τὴν
1569 1304 1664 1358 τοῦ
1685 1305 1916 1377 Ποιητοῦ

334 1398 529 1464 σοφίαν
563 1396 658 1448 καὶ
677 1395 998 1449 δυναστείαν
1023 1397 1302 1466 ἀσιγήτως
1330 1395 1696 1467 κηρύττονσα,
1730 1399 1918 1467 διαφό-

333 1503 441 1549 ρως
477 1489 828 1557 ὲξυφασμὲνη
859 1487 980 1550 ταῖς
1004 1486 1232 1555 φύσεσι·
1262 1487 1329 1540 τὰ
1361 1489 1459 1558 μὲν
1488 1491 1597 1559 γὰρ
1633 1490 1823 1562 θνητὰ,
1847 1491 1916 1545 τὰ

331 1579 384 1631 δὲ
415 1578 693 1649 ἀθανασίᾳ
731 1579 1098 1650 κεκόσμηται·
1139 1581 1234 1633 καὶ⁸
1261 1582 1328 1633 τὰ
1375 1581 1474 1651 μὲν
1522 1582 1697 1651 ὅψεως
1734 1585 1916 1654 κρείτ-

331 1686 480 1729 τονα,
519 1670 589 1722 τὰ
634 1671 689 1722 δὲ
721 1669 969 1739 αἰσθήσει
1005 1671 1350 1742 μετρούμενα
1371 1689 1386 1703 ο
1415 1673 1483 1726 τὰ
1517 1673 1616 1742 μὲν
1645 1673 1791 1744 λόγῳ
1821 1692 1913 1728 τεο

333 1759 632 1830 τιμημένα,
665 1759 735 1812 τὰ
762 1760 817 1812 δὲ
838 1761 1034 1828 ἀλογία
1061 1761 1405 1831 κρατούμενα
1431 1777 1446 1794 ·
1476 1764 1544 1816 τὰ
1578 1764 1679 1834 μὲν
1705 1764 1917 1834 ἔμπνοά

2021 594 2106 637 tus
2135 586 2376 640 edendos
2415 605 2520 642 nou
2556 589 2784 643 interius
2814 576 3006 643 videri.
3039 590 3214 645 Unum
3241 595 3387 650 dedit
3420 597 3588 662 impe-

2019 676 2181 740 rium,
2215 680 2605 735 etuatatilibus
2631 697 2754 736 mox
2785 681 3014 751 abyssus
3045 684 3358 750 inuudabat,
3390 702 3592 756 aerque

2019 768 2333 823 volatilibus
2377 768 2870 838 frequentabatur:
2926 787 2987 826 ac
3026 773 3260 828 mundus
3293 775 3404 842 jam
3458 793 3591 832 cou-

2018 870 2318 914 sumtuatus
2345 875 2454 929 pm
2477 861 2743 916 miraCulo
2768 863 3144 920 exclamabat:
3175 866 3346 932 Quam
3376 873 3585 939 magni-

2019 951 2178 1019 βίαια
2211 961 2332 1006 sunt
2359 968 2517 1022 opera
2543 963 2657 1021 tua,
2689 953 2954 1011 Domine!
2987 957 3181 1012 Omnia
3226 961 3283 1014 in
3324 961 3589 1030 sapientia

2017 1042 2188 1110 fecisti
2208 1041 2249 1095 ⁷.

2087 1299 2347 1354 5.Verum
2369 1299 2582 1373 integre
2600 1303 2838 1372 perfecta
2856 1319 3034 1360 rerum
3054 1315 3357 1361 creatarnm
3373 1309 3589 1363 univer-

2018 1391 2174 1453 sitas.
2204 1393 2529 1462 sapientiam
2581 1405 2636 1450 et
2660 1405 2982 1464 potestatem
3015 1397 3338 1466 perfectoris
3369 1411 3589 1454 conten-

2020 1483 2230 1538 tissime
2270 1485 2559 1551 clamabat,
2614 1497 2930 1542 naturarum
2974 1490 3239 1544 varietate
3291 1492 3584 1557 subtexta;

2019 1574 2134 1627 hate
2161 1575 2308 1629 enim
2331 1577 2608 1642 mortalia,
2640 1579 2728 1632 illa
2768 1579 3171 1635 immortalitate
3196 1590 3388 1635 ornata
3417 1592 3540 1636 sunt
3570 1602 3583 1636 :

2022 1665 2138 1720 ham
2169 1668 2456 1731 nobiliora,
2494 1683 2658 1738 quam
2688 1681 2746 1735 ut
2777 1671 2944 1725 videri
2971 1672 3202 1739 possint,
3225 1672 3312 1726 illa
3343 1675 3589 1730 sensibus

2019 1771 2332 1810 commensa
2356 1768 2480 1810 sunt
2519 1776 2532 1810 :
2577 1759 2691 1813 haec
2719 1768 2878 1813 ornat
2913 1760 3074 1824 ratio,
3106 1760 3195 1813 illa
3230 1761 3460 1815 rationis
3491 1777 3585 1814 uc-

332 1867 388 1900 τε
418 1851 512 1901 καὶ
540 1848 783 1919 ἔμψυχα.
823 1849 890 1900 τὰ
915 1849 971 1901 δὲ
999 1850 1176 1920 ψυχῆς
1213 1852 1305 1903 καὶ
1346 1852 1650 1924 αἰσθήσεως
1679 1855 1880 1926 ἄμοιρα
1901 1873 1914 1887 ο

2027 1857 2180 1915 cupat
2223 1848 2488 1914 privatio:
2523 1849 2638 1902 ltzec
2669 1860 2724 1902 et
2759 1851 2998 1903 animata
3043 1859 3172 1904 sunt
3204 1860 3258 1904 et
3299 1852 3583 1920 spirantia.

337 1944 432 1994 καὶ
458 1943 526 1994 τὰ
564 1941 665 2010 μὲν
691 1941 996 2011 σκιρτῶντα
1025 1943 1147 2003 ταῖς
1181 1943 1534 2012 μεταδάσεσι,
1556 1946 1626 1997 τὰ
1653 1947 1709 2000 δὲ
1733 1947 1917 2017 δεσμῷ

344 2034 554 2101 φύσεως
586 2032 990 2102 προσηλωμένα
1015 2035 1082 2102 τῇ
1112 2035 1204 2102 γῇ.
1240 2034 1390 2087 Ἔδει
1419 2036 1528 2106 γὰρ
1553 2036 1646 2088 τὸν
1687 2037 1916 2091 πλοῦτον

341 2126 437 2191 τῆς
492 2125 723 2186 κτίσεως
773 2125 831 2176 ἐν
884 2126 997 2185 τοῖς
1045 2123 1388 2192 κτιζομένοις
1427 2127 1810 2196 ἐμφαίνεσθαι.
1857 2128 1917 2182 '0

339 2218 438 2284 μὲν
469 2211 561 2267 οὖν
587 2216 689 2284 τῆς
718 2215 949 2276 κτίσεως
978 2210 1146 2279 οἶκος,
1181 2216 1320 2286 ὅπερ
1350 2216 1520 2288 ἔφθην
1549 2218 1739 2284 εἰπὼν,
1769 2220 1919 2288 φιλο-

338 2309 518 2374 κάλως
572 2311 901 2382 ἀπήρτιστο,
954 2310 1208 2382 καθάπερ
1249 2329 1334 2376 τις
1388 2312 1578 2384 θρόνος
1641 2316 1919 2384 βασιλικὸς

332 2400 723 2470 διακοσμηθεὶς
766 2401 1077 2472 περιμένων
1106 2402 1196 2456 τὸν
1246 2402 1616 2472 βασιλεύοντα.
1670 2407 1820 2460 Ἔδει
1863 2407 1918 2460 δὲ

332 2492 443 2560 ἄρα
506 2493 604 2544 καὶ
657 2492 943 2562 ἄνθρωπον
993 2491 1338 2562 παραχθῆναι
1384 2495 1477 2546 τὸν
1526 2494 1604 2566 τῷ
1657 2495 1918 2567 βασιλικῷ

333 2580 514 2650 θρόνῳ
543 2583 912 2651 προσήκοντα.
957 2582 1021 2634 Τί
1047 2578 1140 2636 οὖν
1174 2585 1202 2636 6
1239 2582 1511 2652 πάνσοφος
1540 2587 1916 2658 Δημιουργός;

338 2671 545 2739 Ἀμφω
565 2671 636 2722 τὰ
652 2670 792 2740 μέρη
813 2671 911 2739 τῆς
930 2671 1161 2736 κτίσεως
1184 2674 1264 2736 είς
1289 2674 1458 2726 ταυτὸ
1484 2675 1836 2742 συνελκύσας,
1856 2679 1919 2730 ἐκ

333 2762 438 2829 γῆς
472 2760 573 2830 μὲν
606 2760 754 2830 αὐτῷ
785 2761 1110 2831 συναρμόζει
1134 2763 1194 2816 τὸ
1218 2763 1399 2834 σῶμα,
1421 2765 1654 2836 ἀόρατον
1673 2768 1730 2822 δὲ
1751 2768 1920 2822 καθά-

334 2868 442 2921 περ
499 2853 558 2903 ἐν
588 2850 762 2921 ξοάνῳ
791 2852 1219 2908 καλλωπισθὲντι
1257 2856 1356 2926 τὴν
1390 2856 1566 2929 ψυχήν
1605 2860 1920 2928 ἐμπνεύσας

333 2942 412 3011 τῷ
439 2942 678 3012 σώματι,
702 2943 944 3014 ἔμψυχον
979 2945 1206 3016 ἔστησεν
1222 2947 1533 3018 ἀνδριάντα,
1574 2952 1753 3006 πᾶσαν
1784 2953 1918 3023 ὁμοῦ

332 3033 433 3104 τὴν
465 3035 645 3087 κτίσιν
671 3036 730 3087 ὲν
755 3036 931 3107 ἑαυτῷ
954 3039 1388 3109 περισφίγγοντα
1410 3042 1507 3113 (9).
1531 3043 1790 3115 Γνωρίζει
1810 3045 1920 3117 γὰρ

2020 1939 2110 1992 illa
2148 1941 2344 1994 aniuue
2389 1950 2444 1992 et
2475 1956 2669 1994 sensus
2708 1942 2992 2010 expertia:
3031 1943 3145 1996 haec
3189 1944 3587 2011 progressioni-

2018 2031 2120 2084 bus
2147 2031 2404 2085 exsultim
2439 2031 2707 2095 feruntur,
2743 2032 2830 2085 illa
2868 2043 3074 2086 natura:
3097 2033 3334 2102 quodam
3375 2033 3590 2087 vinculo
3691 2093 3701 2102 .

2019 2122 2138 2175 solo
2171 2131 2298 2174 sunt
2349 2120 2528 2175 allisa.
2573 2122 2869 2191 Oportebat
2920 2137 3154 2193 namque
3182 2123 3398 2178 divitias
3427 2138 3587 2177 crea-i

2022 2212 2182 2265 tionis
2218 2211 2272 2266 in
2308 2213 2472 2267 rebus
2492 2214 2694 2267 creatis
2724 2213 2984 2268 dilucere.
3016 2212 3129 2269 Hoc
3159 2214 3344 2284 igitur,
3378 2223 3437 2267 ut
3462 2223 3590 2267 ante

2019 2303 2152 2368 dixi,
2195 2303 2397 2368 ‘tnundi
2445 2305 2778 2359 domiciliqu
2833 2321 2936 2359 non
2979 2307 3096 2360 sine
3131 2305 3394 2375 singulari
3461 2305 3590 2360 ele-

2019 2394 2200 2464 gautia
2233 2403 2698 2460 consummatum,
2736 2404 2900 2464 atque
2949 2396 3002 2449 in
3036 2411 3238 2451 morem
3271 2397 3451 2452 throni
3485 2411 3588 2450 re-

2019 2488 2155 2557 galis
2177 2497 2500 2541 exornatum
2539 2503 2720 2556 regem
2756 2489 3126 2558 exspectabat.
3167 2487 3464 2558 Oportebat
3495 2491 3590 2543 de-

2020 2581 2182 2645 nique
2233 2590 2290 2633 et
2343 2579 2617 2632 hominem
2657 2579 2984 2646 procreari,
3033 2581 3121 2647 qui
3177 2580 3342 2648 regali
3396 2579 3591 2634 throno

2020 2663 2384 2728 conveniret.
2412 2668 2550 2735 Quid
2595 2670 2813 2723 tandem
2854 2669 3114 2723 Conditor
3162 2683 3260 2738 pro
3298 2670 3589 2725 omnifaria

2020 2778 2115 2818 sua
2158 2760 2802 2833 sapientia‘iUtramque
2845 2759 3024 2814 tuundi
3069 2771 3273 2829 partem
3322 2762 3375 2814 in
3424 2776 3591 2815 unum

2023 2856 2272 2925 idemque
2328 2867 2674 2925 congerens,
2732 2853 2832 2922 ipsi
2889 2853 2956 2906 de
3021 2861 3164 2906 terra
3209 2867 3408 2922 corpus
3460 2867 3594 2906 con-

2021 2949 2247 3013 ciuuat,
2292 2945 2617 3001 invisibilem
2671 2955 3116 3015 verotanquam
3180 2955 3374 3000 statua:
3428 2944 3588 3000 faeta:

2021 3038 2225 3094 aliabrc
2251 3039 2490 3102 animam
2526 3037 2800 3106 inspirans
2840 3035 3088 3105 corpori,
3121 3036 3428 3090 .animatam
3480 3045 3596 3090 sta-

332 3125 524 3178 τοῦτον
543 3125 654 3178 τῶν
686 3127 933 3195 ἀγγέλων
955 3130 988 3199 ή
1012 3129 1275 3192 πολιτεία,
1306 3135 1375 3203 τῇ
1395 3133 1492 3202 τῆς
1523 3132 1702 3205 ψυχῆς
1725 3152 1911 3204 συγγε-

2027 3132 2126 3185 luit
2171 3131 2496 3199 imaginem,
2530 3142 2649 3198 quae
2705 3128 2865 3182 simul
2911 3143 3127 3184 omnem
3175 3129 3228 3182 in
3279 3143 3337 3183 se
3390 3128 3596 3194 ample--

335 3218 458 3289 νείᾳ
503 3220 618 3281 τοῖς
654 3219 771 3270 ἐκεῖ
819 3219 1016 3290 δήμοις
1056 3222 1442 3293 ἐγγράφουσα·
1487 3227 1915 3297 περιπτύσσεται

344 3309 401 3362 δὲ
422 3311 518 3363 καὶ
532 3311 561 3362 6
576 3309 686 3363 τῶν
705 3311 998 3381 ὁρωμένων
1015 3313 1171 3383 χορὸς
1193 3314 1375 3384 ἔργοις
1404 3318 1679 3389 ὁμολογῶν
1699 3321 1798 3390 τῆς
1818 3321 1920 3392 φύ-

341 3417 482 3464 σεως
507 3401 612 3472 τὴν
634 3401 972 3469 συγγένειαν,
997 3406 1089 3457 καὶ
1115 3406 1214 3468 τὰς
1236 3409 1424 3478 χρείας
1449 3412 1598 3483 αὐτῷ
1631 3417 1918 3486 γεωργῶν,

338 3494 404 3544 τὸ
434 3493 590 3562 γένος
619 3495 975 3565 μαρτύρεται.
1019 3496 1118 3550 Διὰ
1156 3499 1313 3553 τοῦτο
1362 3503 1456 3555 καὶ
1490 3505 1715 3573 μηδέπω
1784 3507 1922 3560 πλα-

349 3584 503 3646 σθεὶς
534 3583 813 3652 ἄνθρωπος
843 3586 1034 3655 σκέψει
1079 3590 1299 3658 τιμᾶται
1333 3592 1426 3645 τοῦ
1463 3593 1809 3660 πλάττοντος,
1830 3595 1925 3649 καὶ⁹

355 3672 674 3740 βουλεύμασι
709 3673 876 3738 θείοις
904 3676 1229 3745 σεμνύνεται
1251 3695 1265 3708 ο
1299 3681 1652 3751 Ποιήσωμεν
1696 3686 1922 3752 ἀνθρω-

346 3780 470 3818 πον
510 3764 636 3818 κατ’
673 3767 880 3820 εἰκόνα
926 3768 1244 3838 ἡμετέραν,
1288 3775 1384 3828 καὶ
1436 3777 1564 3830 καθ’
1615 3777 1920 3845 ὁμοίωσιν.

347 3858 735 3934 Πρεσδυτέραν
775 3867 873 3937 τῆς
923 3868 1174 3932 πλάσεως
1224 3869 1324 3940 τὴν
1370 3868 1535 3938 τιμὴν
1581 3867 1918 3942 ὑποδέχεται.

343 3948 534 4013 θῦτως
570 3953 600 4004 6
641 3953 811 4025 πηλὸς
845 3959 1244 4028 συναρμόζεται
1270 4000 1284 4020 ,
1319 3959 1414 4012 καὶ
1446 3961 1474 4012 6
1515 3959 1704 4031 θρόνος
1748 3975 1924 4030 παρα-

343 4039 698 4103 σκευάζεται.
744 4045 1095 4116 Ποιήσωμεν
1136 4047 1469 4114 ἄνθρωπον,
1513 4048 1649 4102 Θεοῦ
1685 4049 1924 4115 Μονογε-

343 4131 470 4195 Wa;
508 4133 857 4208 οἰκητήριον·
910 4140 1226 4210 ποιήσωμεν
1257 4142 1348 4194 τὸν
1391 4141 1594 4213 Ἀδὰμ,
1626 4141 1720 4212 ἀφ’
1753 4137 1925 4214 οὗπέρ

344 4238 428 4282 τις
453 4221 708 4295 δεύτερος
742 4227 912 4297 Ἀδὰμ
937 4229 1019 4298 τῷ
1039 4228 1367 4300 Δημιουργῷ
1398 4229 1924 4301 συγκαθεσθήσεται.

343 4311 702 4384 Ποιήσωμεν
737 4316 1054 4386 ἄνθρωπον
1082 4322 1212 4374 κατ’
1241 4321 1446 4373 εἰκόνα
1484 4321 1796 4389 ἡμετέραν,
1828 4319 1927 4373 καὶ

341 4405 476 4457 καθ’
516 4405 825 4473 ὁμοίωσιν.
881 4407 1145 4461 Ἐνταῦοά
1187 4425 1277 4478 μοι
1315 4407 1605 4470 σύντεινον,
1650 4408 1924 4478 ἀγαπητὲ.

339 4493 441 4561 τὴν
471 4496 678 4566 ἀκοήν·
707 4497 808 4565 τῆς
864 4497 971 4568 γὰρ
1006 4499 1300 4568 συγγενοῦς
1335 4500 1549 4569 φύσεως
1593 4499 1683 4552 τὸν
1725 4499 1929 4568 θησαυ-

341 4584 438 4651 ᾣν
480 4583 595 4653 (l0)
625 4584 1044 4656 μεταλλεύομεν.
1072 4588 1425 4658 Ποιήσωμεν
1460 4589 1775 4657 ἄνθρωπον
1801 4588 1930 4642 κατ’

412 4741 431 4769 ⁷
468 4739 616 4792 l’sal.
641 4741 902 4806 exuuii.
978 4741 1156 4797 “Gen.
1193 4743 1410 4809 xix,37.

2031 3233 2211 3278 ctatur
2259 3224 2370 3292 ipsa
2431 3221 2506 3274 rei
2567 3220 2796 3274 couditm
2858 3221 3142 3274 rationem.
3211 3217 3348 3274 Eum
3399 3220 3596 3289 quippe

2026 3313 2270 3384 agnoscit
2321 3315 2636 3384 angelorqu
2696 3310 3036 3380 respublica,
3103 3310 3227 3363 dum
3278 3309 3350 3364 ob
3404 3311 3597 3363 uiuae

2023 3403 2400 3472 cognationem
2429 3402 2741 3456 rtelestibus
2769 3401 2982 3470 pupulis
3012 3400 3277 3455 inscribit.
3304 3400 3599 3467 Amplecti-

2025 3505 2112 3549 tttr
2263 3509 2474 3564 quoque
2518 3501 2574 3548 et
2621 3493 3029 3562 aspectabiliutn
3075 3507 3255 3546 rerum
3289 3491 3596 3556 multitudo,

2023 3587 2278 3654 operibus
2311 3586 2581 3639 conﬁtens
2632 3595 2838 3638 natura:
2870 3584 3278 3653 cognationem,
3309 3595 3364 3637 et
3397 3597 3589 3639 ncces-

2028 3681 2175 3733 saria
2209 3679 2309 3749 ipsi
2343 3680 2617 3734 suilicieus
2645 3695 2812 3748 genus
2857 3687 3216 3732 contestatur.
3253 3678 3596 3746 Quapropter

2025 3771 2107 3825 vel
2151 3772 2390 3826 nomium
2441 3771 2709 3826 formatus
2757 3769 2917 3822 homo
2945 3783 2976 3822 a
3008 3768 3310 3821 conditoris
3340 3767 3597 3820 conside-

2027 3862 2407 3927 rantia,etDei
2427 3861 2670 3916 consiliis
2688 3859 3218 3914 commendationem
3261 3863 3314 3910 ct
3367 3857 3598 3925 pretium

2026 3955 2243 4022 accipit:
2273 3952 2558 4006 Faciamus
2589 3951 2850 4005 hominem
2883 3951 2952 4003 ad
2997 3950 3280 4020 imaginem
3335 3959 3382 4003 et
3415 3949 3604 4002 simili-

2026 4047 2260 4099 tudinem
2318 4055 2550 4098 noslram
2585 4043 2625 4095 ⁸.
2665 4040 3058 4110 ‘Auliquioretn
3122 4038 3436 4093 conditione
3498 4053 3594 4093 sua

2028 4134 2285 4188 honorem
2318 4131 2570 4202 suscipit.
2593 4131 2843 4186 Nondum
2879 4130 3105 4197 tingitur
3137 4127 3329 4192 lutum,
3371 4139 3424 4183 et
3450 4128 3596 4182 thro.

2027 4241 2129 4280 nus
2152 4235 2464 4293 apparatur.
2517 4220 2800 4275 Faciamus
2847 4221 3138 4282 hominem,
3181 4218 3460 4289 Uuigeniti
3508 4218 3602 4273 Dei

2031 4315 2408 4380 domicilium;
2469 4313 2732 4368 faciamus
2779 4313 2976 4378 Adam,
3013 4328 3040 4365 a
3081 4327 3189 4380 quo
3220 4312 3362 4365 alter
3405 4311 3602 4378 aliquis

2029 4406 2199 4459 Adam
2231 4403 2512 4459 Couditori
2545 4403 2674 4458 olim
2710 4403 2967 4456 assideat.
3010 4399 3296 4454 Faciamus
3337 4401 3602 4454 hominem
3661 4463 3680 4482 δ

2029 4498 2098 4550 ad
2159 4497 2438 4565 imaginem
2514 4506 2563 4549 et
2621 4493 3025 4548 similitudinem
3087 4502 3341 4545 nostram.
3399 4491 3495 4545 llic
3546 4502 3602 4544 tu

2043 4588 2248 4652 tuihi,o
2277 4586 2492 4650 dilecte,
2524 4585 2742 4653 quando
2771 4583 3097 4653 congeneris
3135 4590 3346 4635 natura:
3383 4581 3604 4634 thesau-

1539 4878 1654 4934 ειη
1691 4876 2064 4945 οιιυεουειι
2103 4874 2336 4930 noras.

421 5033 502 5100 (8)
528 5033 735 5099 Ξηρὰν
763 5034 1179 5103 στεφανώσας.
1214 5034 1374 5100 Mari,
1411 5046 1466 5089 et
1485 5049 1707 5090 oceano.
1736 5033 1935 5104 Diony-

354 5103 474 5156 sius
500 5105 566 5156 de
598 5106 702 5156 situ
732 5104 897 5158 Orbis
930 5123 943 5158 :

487 5260 510 5271 -
678 5267 692 5271 Α
709 5264 720 5271 _
842 5266 864 5271 _
929 5196 1037 5271 Ἐπί
1048 5195 1156 5264 γὰρ
1176 5195 1402 5271 ἐκείνῳ.

413 5264 594 5319 Πᾶσα
620 5264 802 5334 χθὼν,
829 5266 932 5320 ἅτε
963 5265 1154 5335 νῆσος
1181 5268 1482 5336 ἀπείριτος
1503 5266 1928 5338 ἐστεφάνωται.

415 5376 497 5446 (9)
525 5374 744 5450 litigare
764 5377 1062 5450 dltoﬁriirj
1080 5378 1284 5450 κτίσιν
1309 5378 1379 5450 εν
1395 5377 1587 5450 ἐαυτῷ
1613 5380 1930 5450 περισφίγ-

347 5463 554 5514 Torta.
580 5445 736 5500 Nulla
776 5448 878 5501 alia
913 5446 1025 5501 Fere
1052 5448 1284 5502 hominis
1315 5447 1553 5520 laudatio
1581 5445 1925 5520 locupletior.

347 5519 622 5589 Illa‘causa
654 5526 871 5589 veteres
894 5532 1016 5572 ellm
1068 5521 1321 5589 digerunt
1362 5519 1752 5589 μικρόκοσμον.
1791 5521 1929 5588 Σμι-

351 5586 490 5655 κρὺν
513 5585 768 5658 γάρῗὲστι
812 5588 1033 5658 κόσμος,
1063 5585 1373 5658 ἀνθρώπου⁷
1396 5585 1559 5657 φύσις
1581 5633 1592 5652 ,
1633 5585 1692 5642 ut
1726 5585 1930 5644 Pisidas

349 5658 578 5709 i-ceinit.
605 5657 677 5708 Ea
701 5672 860 5709 causa
891 5657 1072 5710 omnis
1095 5657 1338 5711 créatura
1377 5661 1576 5711 dicitur
1604 5658 1768 5713 Marci
1803 5675 1887 5712 xvi
1911 5675 1925 5713 :

352 5726 648 5810 Κηρύὲατε
690 5727 749 5810 τιδ
783 5726 1118 5807 Εὑαγγέλιον
1161 5729 1304 5810 πάσῃ
1341 5731 1421 5810 ,τῇ
1457 5728 1653 5810 κτίσεις
1717 5729 1927 5810 Ιξνςεάὶο
1964 5765 1976 5781 .

354 5810 469 5848 rate
496 5795 835 5864 Evangelium
871 5797 1014 5850 omni
1037 5795 1312 5851 creatura".
1341 5795 1420 5852 [Si
1466 5814 1572 5868 quo
1605 5798 1767 5854 Marci
1796 5800 1913 5854 loco

2049 5031 2259 5084 videtur
2275 5039 2589 5098 excerptum
2616 5027 2742 5082 illud
2764 5027 3008 5098 oratione
3024 5030 3192 5098 prima
3223 5030 3276 5083 in
3300 5030 3562 5086 Adamum
3588 5050 3602 5087 :

2058 5097 2491 5184 Ἰξγχειρίζειπῇ
2521 5098 2694 5184 κτίσει
2726 5097 2832 5184 τὴν.
2861 5097 3058 5184 κτίσιν,
3098 5101 3188 5184 τῇ)
3216 5101 3499 5184 ὁμόδουλον
3539 5105 3608 5184 τεῇ

2045 5168 2204 5240 φύσει
2245 5168 2512 5240 δεσπότην
2554 5168 2732 5232 δείξας
2771 5168 2836 5239 τῇ
2883 5169 3086 5240 χάριτι·
3121 5168 3377 5223 Mundam
3411 5168 3608 5225 homini

2045 5241 2230 5298 tradit.
2254 5257 2557 5296 conservum
2585 5256 2618 5292 a
2643 5241 3055 5307 natura,gratiaz
3075 5241 3320 5308 beneﬁcio
3338 5243 3607 5295 dominum

2042 5312 2383 5366 constituens.
2418 5311 2489 5363 At
2523 5309 2662 5362 unde
2684 5308 2872 5364 Cicero
2902 5309 2994 5362 lib.
3023 5309 3095 5361 De
3122 5314 3375 5364 universo
3417 5327 3431 5364 :
3469 5312 3606 5365 Deus

2040 5379 2241 5434 animal
2271 5398 2433 5433 unum
2451 5378 2734 5449 spectabile
2767 5379 3057 5444 hominum,
3079 5381 3132 5433 in
3159 5397 3260 5449 quo
3283 5384 3462 5435 omnia
3493 5382 3610 5434 uni—

2038 5453 2203 5503 ntalia
2238 5452 2543 5514 contineret,
2574 5450 2768 5517 effecit.

2109 5519 2225 5589 (10)
2272 5519 2388 5588 Τῆς
2442 5519 2568 5590 γὰρ·
2600 5518 2938 5590 συγγενοῦς
2989 5520 3229 5588 φύσεως
3275 5521 3604 5588 θησαιφόν.

2037 5593 2302 5644 Adamum
2359 5591 2642 5660 intelligit,
2689 5593 2743 5644 itt
2796 5605 2903 5658 quo
2944 5601 3134 5643 natura
3185 5592 3454 5656 humana,
3491 5607 3608 5658 qua:

2035 5663 2246 5714 ratione
2291 5661 2482 5715 aniune
2540 5662 2858 5729 cognatione
2895 5662 3126 5729 quadam
3157 5676 3278 5714 cum
3318 5660 3426 5712 Deo
3461 5671 3608 5715 tene-

2037 5742 2142 5793 tur,
2195 5730 2340 5783 velut
2396 5731 2448 5784 iu
2505 5731 2866 5784 loculamento
2925 5729 3157 5796 reposita
3223 5730 3337 5783 sive
3395 5729 3604 5798 capulo.

2037 5799 2348 5854 Tertulliani
2373 5816 2504 5856 voce
2531 5801 2667 5856 libro
2688 5800 2762 5857 De
2784 5801 3160 5855 resurrectione
3181 5799 3382 5862 carnis,
3404 5797 3607 5869 θησαυ-
