4102 6560
545 427 612 490 47
1734 410 2012 472 BASILII
2052 410 2589 472 SELEUCIENSIS
3712 403 3785 467 48

546 554 706 597 unum
732 537 797 591 de
833 532 993 589 castis
1017 530 1154 601 ejus,
1173 540 1219 583 et
1253 528 1532 597 (ediﬁcavit
1555 536 1771 593 costam,
1802 539 1958 595 quam
1977 524 2099 577 tute.

2215 525 2371 578 ΰενό
2399 522 2539 588 Θεὸς
2564 521 2710 590 μίαν
2731 517 2848 573 τῶν
2875 516 3155 586 πλευρῶν
3192 518 3407 585 αὑτοῦ,
3443 517 3541 573 καὶ
3563 519 3786 586 ᾠκοδό-

543 639 645 695 rat,
672 629 728 681 in
749 623 1016 680 mulierem
1039 623 1106 685 ¹¹,
1127 628 1181 673 et
1201 619 1380 673 ﬁctam
1409 614 1749 681 n‘tonstravit,
1776 625 1832 670 et
1858 630 2111 683 spensam

543 719 690 774 dedit
729 730 761 772 e
812 714 1003 769 latere.
1060 711 1235 775 Quam
1286 706 1357 759 ob
1413 718 1635 759 causam
1687 719 1793 759 non
1839 720 1943 759 una
1986 717 2116 757 voce

544 815 854 874 utrumque,
881 810 942 857 ut
987 804 1333 867 erumperent
1378 795 1433 851 in
1474 795 1675 861 lucem,
1721 796 1990 861 invitavit,
2021 795 2114 849 sed

546 892 855 950 formationi
880 896 1088 945 certum
1127 888 1387 957 temporis
1423 885 1770 943 intervallum
1804 886 2111 956 prteliuivit,

542 988 595 1042 id
625 985 817 1042 Adami
846 982 1142 1053 cognitioni
1186 981 1447 1047 tribuens,
1476 995 1585 1051 quo
1628 989 1876 1036 naturam
1904 992 2111 1049 parem,

540 1090 664 1131 cum
686 1075 874 1137 ﬁebat,
898 1074 1318 1143 contemplatus,
1340 1073 1513 1141 ipsum
1534 1071 1817 1139 utriusque
1848 1070 2112 1125 artiﬁcem

540 1162 798 1223 disceret.
827 1164 1015 1237 Neque
1047 1179 1177 1220 vero
1210 1180 1273 1219 ex
1313 1174 1482 1229 terra,
1516 1162 1610 1217 sed
1647 1176 1714 1217 ex
1746 1161 1914 1217 latere
1941 1174 2111 1215 mem-

544 1261 697 1313 brum
723 1265 1000 1312 mutuatur
1018 1275 1032 1312 :
1048 1256 1283 1325 partitur
1303 1269 1522 1322 corpus,
1538 1261 1597 1309 ut
1619 1262 1856 1308 mentem
1875 1259 2109 1320 coaptet,

541 1358 597 1403 et
627 1357 822 1402 natura
875 1361 981 1401 una
1032 1345 1334 1415 dissipatur
1381 1352 1500 1400 arte
1548 1343 1862 1411 formantis,
1897 1351 1957 1397 ut
2006 1355 2112 1395 una

546 1454 699 1494 mens
720 1446 1069 1493 construatur
1102 1436 1165 1490 ad
1189 1434 1545 1490 imitationem
1600 1444 1825 1490 naturae.
1854 1432 2110 1490 Contem-

547 1530 724 1596 platus
756 1527 922 1598 igitur
960 1526 1203 1581 Adamus
1249 1525 1581 1595 inopinatam
1611 1524 1838 1580 membri
1878 1525 1962 1580 sui
1993 1537 2112 1579 am-

544 1618 950 1687 pliﬁcationem,
1002 1614 1129 1669 item
1173 1623 1481 1683 exemptum
1523 1628 1645 1670 esse
1695 1614 2018 1681 membrum,
2046 1632 2112 1673 ac

542 1707 735 1763 deinde
760 1707 1058 1761 animatum
1104 1721 1215 1775 prae
1243 1705 1469 1774 ingeniti
1506 1706 1707 1775 gaudio
1735 1706 2064 1763 exclamavit
2092 1726 2107 1761 :

543 1798 659 1853 Ιιοι·
685 1814 821 1852 nunc
846 1814 903 1851 os
925 1813 990 1852 ea:
1005 1796 1208 1851 ossibus
1231 1797 1380 1860 meis,
1404 1806 1453 1849 et
1479 1812 1603 1850 caro
1626 1796 1691 1850 de
1720 1812 1880 1851 carne
1900 1814 2016 1851 mea
2041 1797 2108 1851 “.

2216 631 2377 683 μησε
2404 612 2519 681 τὴν
2557 610 2858 681 πλευρὰν,
2890 609 2971 679 ἣν
2996 610 3232 675 ἐλαϐεν,
3272 611 3359 676 εἰς
3378 609 3654 679 γυναῖκα,
3688 611 3787 664 καὶ

2220 705 2435 769 πλάσας
2468 705 2690 771 ἔδειξεν,
2732 705 2827 759 καὶ
2862 706 3080 775 νύμφην
3108 704 3172 757 ἐκ
3205 701 3445 773 πλευρᾶς
3472 702 3783 775 ἐχαρίσατο.

2217 796 2317 851 Διὰ
2341 794 2499 850 τοῦτο
2535 795 2597 849 οὐ
2627 797 2726 867 μιᾷ
2764 795 2916 865 φωνῇ
2945 790 3080 864 πρὸς
3122 791 3331 860 γένεσιν
3365 789 3624 860 ἑκάτερον
3655 790 3787 844 ἐκά-

2216 890 2397 952 λεσεν,
2433 888 2549 942 ἀλλ’
2583 888 2754 959 ὁρίζει
2790 888 2858 958 τῇ
2893 885 3092 940 πλάσει
3133 884 3413 954 διάστημα
3442 882 3786 954 προθεσμίας

2215 985 2282 1055 τῇ
2311 983 2511 1051 γνώσει
2554 979 2914 1052 δωρούμενος·
2947 978 3033 1031 ἵνα
3060 975 3221 1046 φύσιν
3254 977 3447 1048 ὁμοίαν
3477 973 3785 1044 πλαττομέ-

2216 1090 2314 1143 νην
2344 1070 2641 1142 θεώμενος,
2690 1069 2853 1122 αὐτὸν
2883 1065 3163 1138 ἑκατέρων
3199 1066 3530 1138 δημιουργὸν
3571 1064 3786 1119 ἐκδιδά-

2218 1178 2434 1233 σκηται.
2488 1161 2599 1216 Καὶ
2629 1162 2737 1216 οὐδ’
2780 1164 2845 1215 ἐκ
2874 1162 2972 1232 τῆς
3016 1161 3142 1232 γῆς,
3178 1158 3292 1213 ἀλλ’
3323 1158 3389 1211 ὲκ
3418 1157 3517 1225 τῆς
3543 1156 3786 1227 πλευρᾶς

2212 1251 2274 1304 τὸ
2300 1250 2465 1321 μέλος
2496 1250 2818 1316 δανείζεται.
2868 1250 3097 1322 Μερίζει
3129 1248 3191 1304 τὸ
3216 1248 3396 1319 σῶμα,
3443 1247 3530 1302 ἵνα
3572 1246 3784 1320 συνάψῃ

2212 1343 2275 1397 τὸ
2304 1343 2579 1417 φρόνημα,
2609 1343 2703 1399 καὶ
2740 1342 2840 1413 μία
2870 1342 3032 1412 φύσις
3071 1343 3361 1414 διαιρεῖται
3388 1344 3456 1412 τῇ
3494 1340 3660 1411 τέχνη
3686 1339 3783 1393 τοῦ

2216 1436 2563 1500 πλάττοντος,
2590 1436 2676 1489 ἵνα
2710 1435 2807 1507 μία
2840 1435 3033 1507 γνώμη
3054 1434 3308 1506 τεχνισθῇ
3346 1435 3653 1505 μιμουμένη
3682 1433 3785 1504 τὴν

2214 1527 2399 1598 φύσιν.
2444 1526 2732 1598 Θεώμενος
2768 1526 2903 1595 γοῦν
2932 1529 2960 1582 ὀ
2999 1526 3171 1598 Ἀδάμ
3196 1525 3290 1580 τοῦ
3330 1527 3532 1580 οίκείου
3587 1525 3783 1597 μέλους

2214 1616 2515 1690 παράδοξον
2547 1615 2797 1687 αὔξησιν,
2828 1617 2924 1672 καὶ
2955 1616 3115 1688 μέλος
3149 1614 3493 1687 αἱρούμενον,
3524 1615 3619 1668 καὶ
3644 1614 3784 1680 ζῶον

2214 1709 2619 1779 πλαττόμενον,
2687 1707 3000 1780 περιχαρῶς
3059 1707 3343 1776 ἐξεϐόησεο
3421 1706 3603 1761 Τοῦτο
3664 1705 3786 1760 νῦν

2212 1800 2439 1854 ὀστοῦν
2482 1800 2552 1853 ἐκ
2605 1796 2720 1852 τῶν
2780 1798 2981 1852 ὀστῶν
3030 1815 3171 1867 μου,
3224 1796 3324 1851 καί
3357 1796 3515 1866 σὰρξ
3547 1796 3614 1849 ἐκ
3670 1794 3784 1864 τῆς

538 1889 789 1959 Agnosco
844 1888 1170 1952 membrum,
1231 1888 1430 1940 donum
1486 1886 1807 1956 amplector,
1843 1888 2007 1944 vertit
2052 1889 2099 1943 in

2209 1892 2441 1959 σαρκός
2460 1906 2599 1959 μου.
2632 1890 2893 1961 Γνωρίζω
2918 1890 2978 1943 τὸ
3003 1888 3184 1960 μέλος,
3201 1889 3297 1943 καὶ
3323 1888 3384 1941 τὸ
3405 1887 3576 1959 δῶρον
3604 1888 3783 1942 ἀσπάο

539 1978 893 2046 desiderium,
932 1979 1075 2047 quod
1118 1986 1285 2033 «istae
1309 1977 1552 2033 accidit:
1587 1976 1703 2033 Hoc
1752 1994 1890 2032 nunc
1944 1995 2001 2033 os
2044 1996 2110 2034 ea:

540 2068 744 2123 ossibus
772 2068 921 2123 meis.
955 2066 1073 2123 Hoc
1107 2069 1248 2136 quod
1276 2082 1422 2123 nunc
1457 2081 1586 2123 vere
1612 2068 1846 2131 intueor,
1879 2084 1985 2124 non
2019 2069 2107 2125 illa

540 2161 888 2230 priora,quaz
944 2172 1065 2212 cum
1116 2158 1168 2211 in
1221 2172 1339 2212 mea
1381 2167 1564 2213 essent
1604 2166 1888 2228 potestate,
1922 2174 2107 2216 eorum

537 2264 640 2318 ego
678 2248 940 2302 visionem
987 2245 1210 2300 minime
1247 2246 1649 2314 desiderabam,
1683 2248 1774 2304 sed
1810 2248 1934 2313 hoc,
1963 2251 2107 2320 quod

540 2355 628 2396 me
674 2339 835 2395 modo
881 2338 1028 2395 videt
1062 2356 1076 2392 :
1105 2348 1335 2405 eumque
1386 2337 1659 2393 desiderio
1706 2339 1942 2403 videtur,
1969 2339 2111 2395 stitit

536 2440 807 2486 errantem
868 2428 1131 2483 visionem
1192 2426 1438 2484 mulieris
1478 2428 1636 2498 hujus
1681 2431 2023 2487 deformatio.
2048 2432 2107 2487 In

539 2530 686 2576 tanta
724 2521 1082 2576 animantium
1130 2519 1285 2574 turba
1320 2534 1425 2575 una
1471 2534 1590 2589 qua:
1647 2534 1855 2577 mecum
1914 2533 2106 2579 natura

534 2622 701 2677 esset,
732 2626 839 2668 non
872 2610 1227 2681 aspiciebam,
1249 2611 1300 2665 in
1335 2619 1485 2665 tanta
1520 2612 1868 2669 multitudine
1898 2614 2106 2671 desola-

535 2706 736 2759 tionem
780 2702 1067 2773 querebar,
1105 2702 1157 2756 in
1193 2711 1338 2757 tanta
1374 2716 1554 2759 rerum
1590 2705 1837 2762 ubertate
1878 2706 2022 2763 velut
2050 2708 2104 2763 in

536 2795 699 2851 turris
727 2793 858 2850 solis
896 2794 1277 2848 commorabar
1306 2811 1319 2849 :
1349 2803 1529 2849 tamen
1558 2810 1589 2849 a
1619 2798 1864 2852 membro
1910 2797 2106 2868 abjun-

532 2896 653 2942 ctus
701 2885 904 2956 pbiltro
932 2883 1183 2939 vincior:
1219 2884 1340 2940 loco
1385 2885 1686 2953 sejunctum
1747 2897 1851 2956 est,
1882 2900 1938 2943 et
1964 2889 2107 2944 desi-

535 2976 685 3032 derio
745 2973 1116 3043 coniunctum.
1171 2974 1273 3042 Qui
1322 2975 1532 3031 distulit
1591 2992 1843 3049 corpora,
1894 2981 2105 3037 animas

533 3075 749 3124 nostras
787 3066 843 3121 in
890 3080 1055 3121 unum
1099 3066 1350 3121 contulit.
1405 3069 1504 3138 ιι
1536 3068 1817 3135 Quomodo
1869 3072 2102 3129 alienam

533 3160 810 3230 reputabo,
856 3172 976 3228 quae
1027 3171 1135 3214 non
1182 3159 1548 3225 extrinsecus,
1593 3162 1687 3217 sed
1727 3176 1758 3217 a
1805 3179 1891 3218 Ille
1956 3168 2104 3236 cepit

2211 1984 2397 2053 ζομαι,
2420 1981 2632 2051 καὶτῆς
2659 1980 2901 2053 πλευρᾶς
2927 1998 3017 2051 μοι
3051 1982 3110 2035 τὸ
3139 1980 3310 2044 πάθος
3340 1981 3421 2043 είς
3447 1979 3611 2033 πόθον
3635 1979 3776 2051 μεθο

2218 2074 2463 2127 ίσταται’
2518 2072 2696 2127 Τοῦτο
2743 2072 2861 2126 νῦν
2900 2070 3124 2126 ὀστοῦν
3164 2071 3232 2125 ἐκ
3264 2070 3383 2126 τῶν
3411 2069 3609 2125 ὀστῶν
3637 2087 3779 2140 μου,

2208 2166 2367 2219 τοῦτο
2390 2167 2487 2222 νῦν
2520 2156 2742 2238 άληθῶς
2763 2166 2825 2220 τὸ
2840 2165 2936 2221 νῦν
2962 2165 3355 2239 θεωρούμενον,
3375 2166 3477 2220 οὐκ
3502 2167 3683 2219 ἐκεῖνα
3708 2166 3783 2219 τὰ

2209 2259 2514 2328 φθάσαντα,
2552 2252 2630 2314 ὧν
2671 2258 2772 2331 τὴν
2825 2258 3074 2324 ἐξουσίαν
3122 2258 3322 2323 λαϐὼν,
3365 2258 3464 2330 τὴν
3507 2257 3632 2312 θέαν
3678 2257 3781 2313 οὐκ

2208 2351 2465 2423 ἔστεργον
2485 2367 2500 2382 ο
2532 2350 2671 2407 ἀλλὰ
2710 2350 2890 2417 τοῦτο,
2923 2351 2985 2406 τὸ
3013 2351 3110 2406 νῦν
3152 2350 3288 2424 πρός
3325 2368 3392 2422 με
3437 2351 3651 2423 βλέπον,
3683 2352 3781 2406 καὶ

2209 2442 2308 2496 σὺν
2338 2441 2488 2515 πόθῳ
2518 2442 2873 2515 βλεπόμενον,
2900 2441 3110 2497 ἐπαυσέ
3156 2460 3246 2515 μοι
3273 2443 3634 2515 πλανωμένην
3676 2445 3779 2514 τὴν

2206 2531 2357 2600 θέαν,
2397 2534 2432 2603 ἡ
2455 2533 2661 2605 ταύτης
2687 2533 2997 2597 διάπλασις.
3033 2534 3123 2590 Ἐν
3150 2533 3374 2604 ἀγέλαις
3396 2533 3552 2601 ζώων
3579 2534 3777 2590 τοσαύ-

2204 2642 2328 2688 ταις
2360 2624 2599 2696 όμοφυές
2629 2625 2692 2679 ού
2718 2624 3098 2698 προσέδλεπον
3117 2641 3134 2659 ·
3175 2626 3234 2679 ἐν
3267 2627 3543 2691 τοσούτοις
3573 2627 3776 2697 πλήθε-

2206 2732 2289 2769 σιν
2318 2715 2607 2788 ὠδυρόμην
2653 2717 2752 2787 τὴν
2786 2717 3027 2788 μόνωσιν
3046 2735 3060 2750 ο
3107 2718 3166 2773 ἐν
3195 2719 3429 2790 εὐπορίᾳ
3471 2717 3669 2783 συνὼν,
3698 2719 3777 2783 ὼς

2204 2806 2264 2860 ἐν
2303 2808 2495 2879 ἐρήμῳ
2537 2806 2808 2879 διέτριϐον
2828 2825 2842 2839 ο
2880 2809 2975 2863 καὶ
3006 2809 3294 2883 χωρισθεὶς
3320 2810 3413 2864 τοῦ
3453 2810 3671 2882 μέλους,
3696 2811 3777 2882 τῷ

2203 2898 2412 2971 φίλτρῳ
2436 2898 2794 2972 δεσμεύομαιτ
2812 2901 2964 2970 τόπῳ
2986 2899 3336 2972 κεχώρισται,
3356 2901 3451 2955 καὶ
3482 2900 3632 2974 πόθῳ
3650 2920 3772 2955 συν-

2203 2990 2452 3049 άπτεται.
2475 2994 2720 3048 Ἥνωσεν
2734 2995 2868 3065 ἡμῖν
2886 2993 2985 3057 τὰς
3018 2993 3195 3063 ψυχὰς
3212 2995 3546 3066 ὁδιαστήσας
3576 2996 3645 3049 τά
3667 2995 3775 3050 σώ-

2206 3100 2373 3154 ματα.
2390 3084 2516 3149 Πῶς
2530 3085 2816 3156 ἀλλοτρίαν
2835 3085 3114 3156 ἡγήσομαι
3128 3086 3226 3158 τὴν
3250 3084 3395 3159 [οὐκ]
3416 3084 3636 3152 ἔξωθεν,
3659 3088 3775 3143 ἀλλ’

2203 3173 2299 3227 ὑπ’
2342 3171 2479 3243 ἐμοῦ
2510 3172 2782 3227 λαϐοῦσαν
2818 3174 2918 3245 τὴν
2960 3176 3207 3243 γένεσιν;
3243 3176 3362 3241 πῶς
3396 3173 3490 3233 οὖν
3521 3179 3583 3233 ού
3611 3179 3777 3235 πάλιν

530 3247 1119 3320 originemlquomodo
1152 3247 1315 3318 igitur
1357 3264 1460 3304 non
1522 3252 1717 3306 iterum
1758 3254 1967 3311 erimus
1990 3235 2098 3313 una

2205 3235 2446 3336 ἐσόμεθα
2484 3265 2587 3336 μία
2632 3263 2770 3337 σάρξ
2815 3235 3137 3340 συνημμένη
3186 3235 3254 3341 τῇ
3294 3235 3475 3339 φύσει,
3527 3272 3619 3324 καὶ
3669 3271 3777 3342 πρὸ

531 3356 659 3397 caro
686 3350 894 3396 natura:
922 3340 976 3395 vi
1000 3340 1389 3410 conglutinata,
1425 3342 1515 3411 qui
1562 3353 1719 3399 antea
1764 3348 2099 3404 colurrentes

531 3432 764 3488 luimus?
792 3430 860 3485 Et
882 3430 1160 3499 aedificavit
1202 3429 1339 3485 Deus
1392 3442 1611 3501 costam,
1657 3452 1816 3505 quant
1877 3440 2095 3507 tulerat,

530 3525 587 3578 in
614 3523 908 3578 mulierem.
944 3522 1287 3589 Concordiae,
1336 3532 1390 3580 et
1442 3526 1788 3583 continentiae
1845 3532 2101 3601 magistra

534 3616 658 3670 talis
687 3615 917 3670 molitio.
958 3612 1061 3671 Uni
1109 3615 1225 3669 viro
1279 3615 1491 3671 unicam
1548 3621 1826 3677 associaus
1877 3638 2100 3680 uxorem

529 3704 879 3761 continentiae
905 3704 1216 3760 subindicat
1244 3704 1436 3775 legem.
1483 3706 1556 3763 De
1607 3707 1775 3771 latere
1823 3726 1953 3767 vero
1980 3730 2100 3767 mn-

532 3797 716 3853 lierem
763 3798 1117 3865 deSpousans,
1145 3798 1297 3867 jubet
1338 3811 1369 3851 a
1413 3797 1530 3852 viro
1591 3798 1869 3855 mulierem
1929 3800 2099 3857 foveri

530 3905 594 3946 ac
643 3889 748 3958 tegi
790 3907 804 3943 :
840 3887 1051 3942 fovetur
1100 3890 1243 3942 enim
1296 3887 1456 3941 siml
1506 3902 1570 3943 ac
1613 3890 1814 3961 tegitur
1860 3906 1889 3943 a
1936 3908 2097 3947 manu

528 3977 772 4047 subjecta
792 3984 963 4031 costa.
993 3976 1232 4032 Mulieris
1266 3988 1483 4047 quoque
1512 3978 1904 4045 subiectionem
1928 3980 2095 4036 silen-

527 4071 604 4130 tio
632 4077 883 4125 testatam
918 4069 1071 4125 facit.
1098 4068 1194 4124 illa
1231 4071 1375 4126 enim
1418 4070 1683 4141 cogitans,
1714 4088 1820 4142 quo
1861 4089 1928 4129 ex
1973 4074 2092 4131 loco

525 4159 597 4217 sit
632 4156 829 4223 eﬂicta,
894 4156 1221 4213 voluntatem
1270 4160 1336 4213 ad
1392 4158 1744 4231 obsequelam
1794 4160 1996 4230 ﬂectat,
2035 4170 2094 4218 ut

525 4259 673 4306 costa
709 4243 1011 4319 coaptetur,
1030 4248 1280 4319 illiusque
1310 4251 1482 4306 vicem
1505 4249 1779 4307 foveatur.
1809 4253 2119 4331 Ejusmodi

524 4341 851 4397 conditionis
915 4339 1058 4397 ratio
1115 4341 1277 4396 tacita
1346 4342 1592 4413 quaedam
1643 4345 1944 4402 admonitio
1986 4358 2090 4404 est.

524 4435 827 4505 Sequamur
850 4432 1015 4504 igitur
1029 4431 1342 4490 Conditoris
1371 4434 1725 4502 voluntatem,
1745 4452 2091 4495 revereamur

524 4535 729 4580 natura:
755 4523 1061 4589 Dominum,
1088 4522 1326 4581 libidinis
1346 4524 1461 4581 vias
1489 4528 1748 4583 aversati.
1805 4528 1881 4583 Ne
1933 4545 2089 4587 crea-

592 4680 634 4710 ¹¹
662 4676 797 4731 Cen.
826 4692 884 4742 ιι,
917 4678 1009 4733 22.
1084 4678 1130 4708 η
1152 4676 1280 4731 ibid.
1307 4676 1398 4733 23.

2198 3354 2390 3409 τούτου
2408 3356 2474 3426 τῇ
2498 3355 2683 3427 σχέσει
2700 3358 2814 3429 (35)
2837 3374 2851 3423 ;
2891 3359 3000 3412 Kal
3026 3360 3418 3432 ᾠκοδόμησεν
3436 3366 3467 3417 ὀ
3487 3362 3631 3430 Θεὸς
3660 3363 3777 3432 τὴν

2198 3446 2487 3515 πλευρὰν,
2541 3444 2623 3515 ἢν
2649 3447 2885 3517 ἔλαϐεν,
2930 3452 3016 3517 εις
3048 3450 3320 3519 γυναῖκα.
3366 3452 3776 3525 Ὁμοφροσύνης

2204 3540 2301 3594 καὶ
2332 3541 2691 3613 σωφροσύνης
2734 3544 2768 3615 η
2812 3544 3007 3609 πλάσις
3062 3545 3407 3612 διδάσκαλος.
3462 3548 3573 3602 Ἑνὶ
3618 3548 3774 3621 ἀνδρὶ

2207 3631 2336 3703 μίαν
2347 3634 2740 3707 προσαρμόσας
2756 3638 3014 3704 γυναῖκα,
3052 3638 3407 3710 σωφροσύνης
3427 3639 3771 3712 ὑπηγόρευσε

2203 3723 2440 3793 νόμους·
2503 3723 2568 3777 ἐκ
2617 3724 2861 3796 πλευρᾶς
2894 3725 2950 3780 δέ
3002 3725 3100 3797 τὴν
3156 3729 3389 3795 γυναῖκα
3435 3729 3771 3801 νυμφεύσας,

2203 3810 2505 3866 θάλπεσθαι
2533 3813 2665 3883 παρ’
2694 3808 2889 3883 ἀνδρὸς
2911 3814 3011 3883 τὴν
3041 3818 3277 3884 γυναῖκα
3322 3819 3651 3891 προστάττει
3677 3822 3773 3876 καὶ

2206 3904 2537 3958 σκέπεσθαι·
2568 3903 2836 3959 θάλπεται
2864 3906 2971 3978 γὰρ
3000 3908 3140 3978 ὁμοῦ
3189 3910 3285 3964 καὶ
3324 3911 3582 3966 eximent
3619 3914 3774 3986 παρά

2201 3994 2303 4065 τῆς
2341 3995 2521 4067 χειρὸς
2552 3998 2587 4069 ἠ
2617 3997 2954 4071 θποκειμένη
3008 4000 3220 4072 πλευρά
3242 4016 3256 4033 ο
3318 4004 3539 4072 γυναικὶ
3571 4004 3629 4059 δὲ
3671 4003 3772 4077 τὴν

2199 4082 2475 4155 ὑποταγὴν
2533 4084 2865 4158 άκηρύκτως
2911 4087 3249 4161 μαρτύρεται
3301 4090 3439 4165 (36).
3485 4093 3769 4149 Ἑννοοῦσα

2204 4171 2314 4244 γὰρ
2363 4171 2455 4227 τὸν
2498 4175 2661 4230 τόπον
2707 4175 2809 4247 τῆς
2859 4177 3223 4247 διαπλάσεως,
3274 4184 3573 4255 καμπτέτω
3630 4186 3770 4257 πρὸς

2202 4261 2446 4333 ὑπακοὴν
2473 4264 2574 4335 τὴν
2618 4267 2959 4339 προαίρεσιν,
2990 4270 3066 4333 ὡς
3096 4271 3304 4342 πλευρὰ
3352 4275 3629 4345 συνήφθω,
3670 4279 3770 4331 καὶ

2199 4352 2277 4416 ὡς
2306 4353 2492 4425 ἐκείνη
2525 4352 2833 4414 θαλπέσθω.
2862 4364 3035 4426 Ουτος
3061 4364 3090 4417 ὀ
3116 4363 3216 4433 τῆς
3252 4364 3610 4438 δημιουργίας
3644 4370 3768 4440 τρό-

2198 4460 2319 4509 πος,
2353 4446 2681 4520 σιωπωμένη
2705 4450 2739 4520 ἡ
2769 4451 3114 4523 παραίνεσις.
3158 4454 3633 4531 ’Δκολουθήσωμεν
3656 4461 3767 4515 τοί-

2197 4554 2292 4590 νυν
2314 4536 2395 4611 τῷ
2423 4538 2514 4593 τοῦ
2559 4541 3033 4616 Δημιουργοῦντος
3060 4546 3361 4621 βουλήματι
3382 4566 3397 4581 ’
3432 4551 3766 4626 αίδεσθῶμεν

1723 4819 1830 4874 CL.
1876 4820 2246 4892 DAUSQUEII
2283 4829 2516 4891 NOTAE.

592 4967 2091 5067 (fitﬂe:iurauitiaiaftzﬁuerutis!i999!-

2205 4982 2447 5067 Yerbo,”
2478 4998 2654 5046 tacens
2706 5002 2946 5067 testu”,
3017 4999 3304 5056 antithesis
3354 5005 3757 5067 venustissima.

520 5039 627 5121 lige
643 5048 815 5125 gusta:
842 5039 1178 5125 cumAdami
1207 5053 1438 5121 corpore
1468 5039 1680 5125 reliquo
1709 5059 1723 5097 :
1765 5061 1872 5125 uon_
1895 5061 2087 5125 corpo-
2122 5039 2155 5046 w
2194 5039 2366 5110 Antea
2394 5039 2649 5125 lniééii';
2688 5039 3002 5122 £533.46

520 5107 598 5182 ris
623 5107 764 5182 ΔΙξίινιο
794 5123 915 5161 cum
937 5110 1171 5182 AAdami,
1217 5107 1326 5182 qua:
1357 5109 1410 5164 in
1441 5107 1705 5182 sententia
1741 5107 2083 5182 producenda

520 5178 839 5248 rabbiniLet
860 5180 947 5248 qui
972 5194 1066 5235 eos
1088 5178 1280 5244 secuti,
1303 5178 1501 5235 frustra
1525 5178 1808 5240 sudarent.
1824 5182 1959 5242 Vide
1982 5187 2083 5245 hac

518 5249 587 5304 de
640 5262 710 5326 re
746 5244 1024 5326 Testatum
1071 5251 1391 5326 episcopum
1444 5248 1806 5326 Abulensem,
1839 5258 1930 5324 qui
1982 5244 2081 5326 pro

518 5317 743 5398 scutulis
796 5317 1130 5398 rejectaneis'
1156 5317 1294 5398 caui
1335 5319 1537 5398 excutit
1581 5317 1919 5398 sententiam.
1950 5317 2080 5398 2'15-

518 5403 605 5459 σιν
627 5388 1205 5459 eadetnsigniﬁcantia
1248 5390 1317 5444 bl.
1342 5389 1603 5459 Antonius
1634 5394 1828 5449 extulit
1858 5394 1951 5450 lib.
1977 5388 2029 5452 vi
2056 5417 2069 5452 :

516 5456 781 5532 Πολλάκις
815 5456 1047 5532 ἐνθυμοῦ
1107 5461 1205 5532 τὴν
1259 5458 1598 5532 ἐπισύνδεσιν
1630 5461 1845 5517 πάντων
1878 5466 1986 5522 τῶν
2023 5470 2082 5523 ὲν

517 5529 726 5599 κόσμῳ,
752 5528 863 5601 ,καὶ
901 5528 1083 5599 σχέσιν
1119 5528 1255 5601 πρὸς
1284 5528 1510 5601 ἄλληλα,
1564 5530 1666 5601 l_t0c
1694 5543 1798 5598 est,
1839 5547 2079 5593 mutuam

515 5598 849 5675 retinentium
873 5598 968 5675 ore
994 5598 1250 5666 Lucretii,
1281 5616 1384 5675 non
1412 5598 1748 5675 ali'ec_ti_onetn
1799 5604 2079 5675 Xylundri.

586 5670 719 5741 (56)Δ
746 5670 1114 5738 Ἀκηρύκτως
1136 5672 1512 5741 μαρζύρεται.
1540 5666 1592 5720 ld
1623 5680 1706 5724 est
1731 5690 1744 5725 :
1777 5666 1908 5730 Cu'm
1938 5677 2079 5733 Deus

511 5754 579 5794 ea:
598 5738 831 5809 subjecta
860 5743 1049 5795 Adami
1080 5738 1228 5797 costa
1258 5740 1415 5795 Evam
1441 5738 1660 5803 format,
1691 5757 1803 5796 eam
1832 5762 1884 5799 re
1910 5760 2078 5802 osten-

515 5811 592 5863 dit
618 5810 820 5866 Adamo
848 5812 1036 5882 subjici
1070 5812 1376 5878 debere,ttec
1407 5823 1644 5879 pra'couc
1671 5826 1795 5868 usus
1818 5833 1909 5871 nec
1933 5835 2076 5874 voce.

2591 5072 2655 5149 tr,
2688 5071 3119 5149 nuabgmmboqi
3138 5071 3357 5149 άξούειν
3383 5074 3483 5145 τῆς
3510 5075 3756 5149 Γραφῆς,

2193 5131 2445 5205 tacentem
2474 5130 2660 5186 audire
2682 5130 3033 5202 Scripturam.
3060 5130 3270 5198 Pisidas
3288 5142 3357 5200 de
3387 5130 3594 5203 turture
3618 5130 3761 5205 lania

2191 5195 2504 5253 tabescente
2547 5214 2720 5270 neque
2750 5195 3001 5264 cantante
3032 5228 3047 5264 :

2258 5286 2662 5368 σιωπῇ
2698 5298 3049 5368 σωφρονίζει
3075 5302 3183 5356 τὸν
3206 5304 3375 5368 ,βίον

2267 5356 2548 5415 Vocatibus
2571 5356 2806 5419 siiéntiis'
2818 5356 2992 5421 tum
3005 5372 3199 5428 erudit.

2188 5448 2331 5537 idem
2365 5453 2430 5537 de
2456 5454 2659 5537 ardore
2697 5457 2893 5537 mentis
2931 5461 3512 5537 patrigchaﬁergii,
3548 5480 3644 5519 και
3676 5467 3752 5537 μὴ

2187 5520 2361 5605 λαλῶν
2400 5523 2606 5593 ἤχησεν
2634 5524 2844 5581 ἔνδοθεν
2868 5520 3211 5605 ,μέγα-ΜΨ.
3249 5534 3316 5587 At
3352 5520 3459 5589 Μῖνι
3490 5520 3753 5605 loquendo.

2187 5598 2328 5673 intus
2350 5609 2812 5673 sonum_mu_gn_u_m
2844 5600 3005 5673 dedit.
3042 5598 3218 5673 Busil.
3244 5617 3348 5657 non
3384 5598 3752 5673 semel'jnnxit

2187 5613 2328 5644 mms
2350 5613 2538 5646 sonum
2565 5613 2649 5648 mu
2689 5613 2812 5651 num
2844 5613 3005 5655 dedit.
3042 5613 3205 5654 uastl.
3244 5617 3348 5657 non
3384 5613 3550 5659 semel
3569 5613 3747 5673 junin

2184 5659 2341 5746 λςιλος
2390 5613 2834 5746 σιωηπήιἈἸθμιιίιιε
2857 5708 2875 5734 ,
2926 5669 3003 5724 De
3024 5670 3293 5738 judicibus
3326 5688 3346 5727 .'
3376 5673 3517 5730 Dum
3552 5685 3747 5745 tacent,

2184 5730 2432 5787 clamant.
2465 5733 2531 5788 Et
2555 5730 2692 5790 illud
2724 5755 2738 5791 :

2254 5822 2408 5891 Sa'pe
2434 5833 2609 5882 tacens
2634 5845 2804 5885 uocem
2840 5833 3091 5903 verbaque
3122 5834 3290 5890 vultus
3320 5836 3494 5893 habet.
