4102 6548
274 358 349 427 to
1686 369 2120 442 ORATIO'III.
3463 408 3531 473 5o

272 475 378 588 ab:
398 475 604 588 Κύὲρν
647 477 748 588 τῇς
764 478 1013 588 ὶριῖσεως,
1045 481 1340 548 ἀκολασίας
1374 485 1529 552 ὁδοὺς
1559 488 1850 562 ἑκτραπώ-

1960 493 2454 588 tionlsdignitatem
2504 500 2892 562 dedecoremus
2941 510 3226 571 electionis
3281 478 3527 588 inquina-

274 566 441 636 μεθα.
477 568 573 637 Μὴ
619 569 1041 643 καθυϐρίζωμεν
1089 575 1396 647 σεμνότητα
1458 578 1708 645 πλάσεως
1755 599 1852 654 μο-

270 657 471 729 λυσμῷ
488 660 884 731 προαιρέσεως.
916 663 1313 737 Ἀγαπήσωμεν
1329 667 1699 743 τὺννάπλήστῳ
1717 675 1849 745 τιμῇ

270 747 336 800 τὸ
361 748 525 816 γένος
553 750 867 821 τιμήσαντα
885 768 901 784 ο
930 753 1312 826 ἀγαπήσωμεν
1334 757 1409 822 ὡς
1448 759 1850 831 φιλάνθρωπον,

274 835 370 889 καὶ
420 838 748 908 τιμήσωμεν
792 839 869 905 ώς
902 841 1206 914 φιλότιμον.
1233 845 1329 917 Μὴ
1371 846 1716 920 ῥυπώσωμεν
1752 850 1853 921 τὴν

275 926 435 993 ἀξίαν
463 927 708 994 ἀναξίοις
730 932 1145 1004 ἐπιτηδεύμασι.
1168 936 1342 1007 Χερσὶ
1360 936 1496 993 Θεοῦ
1523 938 1851 1013 διεπλάσθη-

280 1032 415 1088 per
453 1020 532 1090 μὴ
580 1020 952 1093 ἀμαυροῦσθαι
979 1023 1040 1079 τὸ
1094 1024 1295 1091 κάλλος
1340 1028 1439 1098 τῆς
1485 1029 1737 1096 πλάσεως
1782 1034 1849 1103 τῇ

276 1108 443 1180 κακία
467 1110 581 1164 τῶν
603 1112 862 1183 πράξεων
880 1131 897 1147 ·
931 1115 1006 1187 μὴ
1031 1119 1101 1188 τῇ
1126 1117 1437 1189 παραϐάσει
1460 1119 1568 1174 τῶν
1595 1122 1853 1192 πραγμά-

271 1215 383 1250 των
409 1198 506 1251 τὸν
539 1201 889 1274 Δημιουργδν
919 1203 1372 1278 καθυϐρίσωμεν’
1409 1208 1487 1280 μὴ
1517 1209 1697 1280 δῶμεν
1721 1209 1853 1276 ὔλας

270 1289 351 1360 τῷ
383 1291 542 1361 πυρὶ,
575 1291 653 1363 τῷ
698 1292 821 1363 ὄφει
852 1295 1196 1367 πειθόμενοι·
1235 1298 1310 1369 μὴ
1356 1299 1640 1371 πάθωμεν,
1678 1301 1716 1356 δ.
1750 1288 1851 1356 πέζ-

271 1381 442 1435 πονθε
466 1383 564 1437 τοῦ
596 1385 790 1454 γένους
816 1389 850 1457 ή
894 1386 1041 1459 ῥίζα.
1092 1388 1255 1444 Ἀλλά
1283 1389 1379 1445 νῦν
1406 1391 1507 1463 μὲν
1525 1393 1851 1465 ,ἐπίσχωμεν

269 1472 367 1527 τοῦ
414 1474 581 1543 λόγου
638 1477 731 1533 τὸν
764 1478 999 1550 δρόμον,
1032 1480 1123 1534 διὰ
1161 1480 1256 1536 τὸν
1293 1482 1394 1554 τῆς
1448 1484 1618 1555 ἀκοῆς
1668 1485 1848 1558 κόρον.

271 1564 821 1641 Συμπραττούσηςδὲ
854 1574 952 1642 τῆς
987 1572 1233 1644 χάριτος,
1263 1574 1322 1627 τὸ
1348 1573 1533 1629 λοιπὸν
1573 1576 1676 1647 τῆς
1709 1577 1852 1632 ἱστο-

274 1659 401 1729 ρίας
435 1661 821 1735 προσθήσομεν
842 1680 856 1693 ·
910 1667 999 1721 ἵνα
1026 1666 1288 1739 μάθωμεν
1315 1662 1426 1722 οἷον
1471 1667 1639 1738 ὕφανε
1668 1670 1851 1742 δρᾶμα

1956 591 2160 680 mento.
2181 583 2318 642 Eum
2344 679 2349 680 ν
2375 604 2645 660 amemus,
2678 596 2771 665 qui
2817 597 3083 659 immenso
3114 606 3319 664 honore
3345 583 3516 680 genus

1956 677 2253 770 humanum
2272 679 2666 740 cohonestavit.
2686 685 2944 747 Amemus
2965 701 3025 749 ut
3047 677 3522 770 humanissimum,

1955 766 2283 827 honoremus
2337 781 2396 828 ut
2447 774 2667 833 honoris
2715 794 2877 848 quam
2923 785 3425 859 cupientissimum,
3456 766 3525 851 ne

1954 859 2259 917 Studiorum
2319 874 2631 921 nostrorum
2677 869 2996 941 indignitate
3042 877 3369 949 dignitatem
3396 898 3529 939 con-

1955 949 2299 1009 taminemus.
2327 952 2484 1008 Manu
2522 954 2614 1011 Dei
2640 956 2748 1013 [icti
2768 974 2979 1030 sumus,
3024 982 3092 1023 ne
3112 968 3352 1027 ﬁctionis
3381 973 3527 1030 nitor

1955 1040 2232 1132 actionum
2272 1044 2525 1113 squalore
2569 1047 2913 1119 obscuretur,
2937 1068 3007 1111 ne
3031 1071 3261 1126 operum
3300 1076 3521 1132 perver-

1954 1129 2117 1189 sitate
2147 1133 2201 1187 in
2233 1134 2579 1193 Conditorem
2596 1141 2977 1201 contumeliosi
3006 1147 3205 1219 simus,
3248 1129 3317 1209 ne
3355 1168 3523 1211 suasu

1953 1225 2225 1293 serpentis
2258 1226 2365 1296 igni
2400 1232 2683 1287 materiam
2726 1235 3063 1306 dederimus,
3090 1256 3158 1296 ne
3203 1244 3359 1302 nobis
3402 1261 3521 1306 eve—

1955 1314 2069 1369 niat
2125 1318 2270 1385 quod
2318 1321 2535 1386 generis
2583 1326 2792 1381 auctori
2828 1328 3047 1384 accidit.
3096 1330 3289 1389 Verum
3319 1336 3390 1392 ob
3426 1340 3533 1393 au-‘

1955 1404 2094 1461 rium
2118 1408 2426 1467 satietatem
2446 1412 2785 1478 inbibeamus
2814 1420 2974 1474 modo
2995 1435 3213 1478 cursum
3236 1426 3517 1487 orationis.

1951 1494 2259 1566 Adjuvante
2295 1499 2389 1556 Del
2434 1502 2611 1569 gratia
2660 1504 2927 1575 reliquum
2959 1508 3222 1567 addemus
3250 1513 3516 1584 historiae,

1955 1596 2014 1643 ut
2077 1588 2442 1662 intelligamus
2506 1596 2667 1665 quale
2745 1597 2956 1657 facinus
3015 1602 3071 1658 in
3127 1606 3521 1677 protoplastum

1956 1677 2201 1737 diabolus
2233 1681 2459 1740 adortus
2488 1686 2584 1752 sit,
2609 1694 2666 1743 et
2690 1700 2882 1745 eventu
2938 1694 3158 1764 cognito
3221 1699 3516 1768 sapiamus.

274 1750 423 1861 κατά
448 1750 544 1861 τοῦ
582 1755 1011 1824 πρωτοπλάστου
1029 1758 1057 1811 6
1090 1756 1359 1825 διάϐολος,
1388 1759 1485 1817 καὶ
1511 1758 1777 1830 μαθόντες
1813 1759 1850 1815 ἃ

1960 1769 2263 1828 Ardentiori
2285 1783 2465 1831 autem
2489 1750 2677 1835 amore
2726 1750 3520 1861 Christumvdiligamuts,“eujus

276 1839 537 1951 πέπονθε,
569 1846 684 1907 τοίς
718 1846 929 1900 ἐκείνου
972 1846 1436 1920 σωφρονιζώμεθα
1458 1848 1690 1905 πάθεσι·
1731 1849 1855 1920 θερ-

1960 1862 2241 1931 beneﬁcio,
2265 1870 2357 1940 qui
2388 1868 2571 1941 lapsus
2620 1880 2759 1939 erat,
2794 1839 3195 1943 resimi-exigat
3237 1839 3524 1951 percussor

278 1930 494 2004 μοτέρῳ
519 1933 576 1987 δὲ
605 1934 755 2008 πόθῳ
788 1938 1029 2008 Χριστὸν
1053 1939 1451 2011 ἀγαπήσωμεν,
1494 1940 1586 2011 ὑφ’
1610 1936 1672 1996 οὗ
1702 1941 1796 1996 καὶ
1824 1943 1853 1996 6

280 2020 468 2074 πεσὼν
503 2023 726 2095 ἀνέστη,
770 2027 867 2081 καὶ
912 2029 940 2082 ό
975 2027 1153 2099 βαλὼν
1195 2028 1621 2101 καταϐέϐληται,
1668 2030 1850 2102 χάριτι

276 2113 448 2167 αὐτοῦ
483 2113 569 2169 τοῦ
609 2117 873 2188 Χριστοῦ,
915 2114 960 2191 ᾧ
993 2122 1027 2192 ή
1054 2121 1182 2188 δόξα
1209 2123 1291 2186 είς
1336 2121 1463 2187 τοὺς
1500 2122 1703 2187 αίῶνας
1741 2122 1851 2177 τῶν

273 2202 509 2261 αἰώνων.
555 2207 753 2281 Ἀμήν.

899 2325 1117 2380 ΛΟΓΟΣ
1153 2326 1229 2382 Γ¹.

652 2434 763 2491 Τοῦ
786 2436 976 2492 αὐτοῦ
1000 2439 1087 2505 είς
1116 2437 1224 2494 τὸν
1268 2439 1471 2512 Ἀδάμ.

336 2569 411 2626 α’.
446 2566 583 2625 Οἶδα
622 2570 906 2644 χρεώστην
939 2573 1177 2645 ἐμαυτὸν
1218 2558 1321 2646 τῆς
1359 2576 1502 2631 κατὰ
1535 2577 1627 2631 τὸν
1677 2577 1851 2650 Ἀδὰμ

267 2664 629 2729 διδασκαλίας
674 2667 1143 2738 χειρογραφήσας,
1181 2667 1365 2722 καὶτὸ
1402 2669 1561 2742 χρέος
1594 2670 1851 2740 ἐπιγινώ-

267 2774 445 2819 σκων,
487 2755 569 2827 τῷ
620 2755 840 2828 μεγέθει
886 2756 983 2811 τοῦ
1034 2758 1230 2830 χρέους
1284 2761 1644 2834 ταράττομαι.
1712 2763 1850 2818 Ἀλλ’

265 2848 576 2919 ἐπειδήπερ
610 2848 833 2920 σφοδροὶ
890 2848 990 2921 μὲν
1030 2850 1189 2921 ὑμεῖς
1219 2850 1451 2923 ἐρασταὶ
1487 2852 1846 2925 μαθημάτων,

268 2942 497 3012 καὶτῆς
530 2940 880 3010 ὑποσχέσεως
905 2941 1206 3012 ἀπαιτηταὶ
1248 2942 1407 3015 φοροὶ
1439 2943 1847 3017 καθεστήκατεο

267 3038 431 3107 ἡμεῖς
486 3035 545 3090 δὲ
589 3036 725 3107 πρὸς
756 3034 854 3107 τὴν
899 3036 1204 3109 καταϐολὴν
1236 3036 1522 3102 ἀσθενεῖς·
1571 3041 1729 3111 φέρε,
1758 3038 1850 3094 τὸν

1951 1966 2260 2028 prostratus
2301 1968 2387 2017 est
2411 1961 2654 2032 ejusdem
2687 1964 2889 2022 Christi
2926 1969 3124 2039 gratia,
3154 1969 3240 2026 cui
3270 1970 3454 2041 gloria.

1951 2050 2146 2106 saecula
2185 2052 2531 2113 saeculorum.
2567 2055 2761 2113 Amen.

2533 2352 2789 2410 ORATIO
2829 2354 2914 2411 Ill.

2423 2465 2673 2535 Ejusdem
2699 2468 2751 2521 in
2782 2468 3061 2524 Adanrunt.

2022 2599 2075 2655 l.
2106 2598 2233 2655 Scio
2285 2614 2368 2654 me
2399 2601 2762 2671 chirographo
2826 2602 3017 2667 teneri,
3048 2604 3426 2676 promissaque
3456 2607 3526 2662 de

1953 2689 2116 2747 rebus
2163 2690 2356 2746 Adami
2410 2692 2698 2759 docendis;
2737 2692 2839 2761 12
2866 2700 3071 2748 etcum
3109 2708 3345 2763 agnosco
3375 2696 3523 2752 dehi-

1954 2790 2089 2848 tum,
2122 2778 2239 2850 ejus
2299 2782 2675 2852 magnitudine
2733 2784 3018 2853 percellor.
3052 2785 3250 2841 Verum
3276 2788 3525 2856 quando-

1952 2872 2167 2942 quidem
2225 2872 2527 2944 disciplina:
2571 2876 2923 2932 vehementes
2954 2876 3089 2933 estis
3142 2888 3416 2936 amatores
3470 2890 3526 2935 et

1953 2964 2220 3021 commodi
2252 2964 2412 3033 hujus
2463 2965 2716 3035 promissi
2770 2967 3128 3038 ﬂagitatores,
3179 2984 3279 3029 nos
3333 2980 3523 3026 contra

1953 3055 2195 3125 pensioni
2224 3055 2456 3123 impares
2476 3073 2492 3112 :
2511 3072 2632 3127 age,
2650 3058 2868 3114 Christo
2890 3059 3118 3115 Domino
3134 3060 3523 3131 supplicamus,

268 3128 557 3198 Δεσπότην
590 3127 828 3199 Χριστὸν
863 3128 1124 3200 συνεργὸν
1143 3128 1400 3197 γενέσθαι
1428 3129 1564 3202 πρὸς
1590 3131 1689 3201 τὴν
1715 3131 1851 3186 ἁπό-

1960 3155 2016 3201 ιιι
2043 3147 2110 3201 ad
2148 3146 2504 3203 redditionem
2540 3149 2804 3205 doctrinae
2849 3151 2994 3207 adsit
3025 3127 3366 3223 cooperator.
3390 3127 3523 3207 Nam

270 3220 423 3275 δοσιν
459 3197 654 3274 αὐτῶν
689 3197 1083 3290 ίκετεύσωμεν.
1131 3220 1195 3275 Ei
1235 3220 1345 3293 γὰρ
1397 3197 1578 3294 χαίρει
1621 3197 1692 3276 τά
1740 3221 1849 3276 τῶν

1960 3237 2002 3295 si
2037 3247 2383 3308 peccatorum
2416 3241 2727 3311 conscripta
2785 3242 2968 3298 debita
3014 3197 3255 3299 lacei-are
3304 3244 3521 3314 gaudet,

272 3311 563 3385 ἁμαρτιῶν
592 3311 846 3384 ἔγγραφα
861 3309 1080 3382 σχίζων,
1106 3311 1286 3385 πολλῷ
1318 3311 1478 3367 πλέον
1505 3312 1856 3385 εὐφραίνεται

270 3405 345 3458 τά
357 3405 458 3474 τῆς
487 3403 837 3468 διδασκαλίας
870 3402 1334 3474 συγκαταϐάλλων
1351 3404 1665 3477 ὀφλήματα.
1687 3404 1858 3478 Δεῦρο

272 3497 343 3569 δή
370 3492 489 3561 οὖν,
524 3496 803 3566 ἀγαπητὲ,
832 3499 900 3569 τῇ
934 3496 1079 3550 κατά
1110 3495 1201 3551 τὸν
1243 3496 1416 3568 Ἀδὰμ
1449 3479 1739 3569 συγγραφῇ
1764 3497 1857 3553 τδν

274 3586 407 3642 νοῦν
470 3586 880 3658 ἀσχολήσωμεν.
943 3584 1215 3657 Εὔκαιρος
1260 3586 1369 3659 γάρ
1409 3587 1443 3658 ή
1477 3587 1608 3659 περὶ
1660 3586 1855 3641 τούτου

278 3678 429 3735 κατά
462 3679 713 3750 νηστείαν
746 3679 1024 3750 διήγησις,
1059 3678 1249 3752 ἐπειδὴ
1283 3680 1377 3733 καὶ
1409 3678 1616 3750 ταύτην
1658 3679 1717 3731 ὲν
1750 3696 1857 3732 πα-

276 3769 517 3843 ραδείσῳ
556 3769 700 3841 μετά
730 3768 837 3823 τῶν
865 3768 1042 3824 ἄλλων
1082 3770 1265 3840 φυτῶν
1305 3768 1594 3839 φυλάττειν
1621 3769 1651 3822 6
1687 3766 1858 3838 ’Δδάμ

272 3861 597 3927 ὑπεδέξατο,
648 3862 743 3916 καίΙ
778 3864 843 3933 τῇ
896 3860 997 3933 τῆς
1041 3861 1392 3924 ἀπολαύσεως
1424 3858 1639 3931 ἐξουσίᾳ
1705 3860 1799 3913 καὶ
1827 3859 1856 3913 6

273 3955 376 4026 τῆς
405 3956 670 4025 νηστείας
714 3954 877 4025 νόμος
909 3953 1046 4028 πρὸς
1086 3955 1249 4009 αὑτὸν
1294 3954 1663 4024 ὑπεγράφετο.
1715 3952 1859 4008 Ἀπὸ

274 4048 505 4116 παντὸς
529 4048 643 4119 γὰρ
680 4048 871 4114 ξύλου
903 4048 1100 4103 τοῦὲν
1148 4048 1233 4115 τῷ
1270 4048 1612 4117 παραδείσῳ
1630 4046 1859 4117 βρώσει

276 4140 464 4211 ξεστῇ,
507 4140 635 4196 ἀπὸ
684 4138 755 4194 δὲ
792 4141 897 4196 τοῦ
944 4140 1137 4207 ξύλου
1175 4140 1284 4196 τοῦ
1316 4139 1634 4211 γινώσκειν
1668 4140 1860 4195 καλὸν

278 4232 378 4287 καί
420 4229 721 4300 πονηρὸν,
748 4232 821 4285 οὐ
848 4228 1111 4302 φάτεσθε
1138 4229 1240 4287 ἀπ’
1270 4228 1478 4285 αὐτοῦ.

279 4384 291 4393 ,
351 4324 417 4396 β’.
451 4322 660 4397 Πρώτη
688 4322 956 4395 βασιλέως
982 4322 1224 4388 διάταξις
1256 4322 1465 4395 τροφὴν
1491 4320 1854 4393 χαριζομένη,

280 4420 377 4474 καὶ
407 4418 673 4490 νηστείαν
725 4415 1111 4488 νομοθετοῦσα.
1160 4418 1315 4487 Ἔχε,
1364 4415 1521 4487 φησὶ,
1575 4414 1685 4468 τῶν
1724 4413 1860 4468 ὂλων

281 4511 381 4584 τὴν
431 4511 722 4579 ἐξουσίαν,
773 4510 892 4575 ἑνὸς
924 4511 1193 4582 ἀφίστασο
1242 4510 1427 4581 μόνου.
1483 4509 1546 4563 Ἡ
1586 4510 1707 4581 χεὶρ
1761 4510 1857 4562 ὲκ-

1955 3329 2126 3387 multo
2160 3328 2433 3386 laitabitur
2489 3332 2724 3403 amplius
2772 3333 3104 3390 debitionem
3138 3335 3395 3392 doctrinae
3425 3351 3525 3392 no-

1955 3422 2165 3478 biscum
2229 3421 2535 3481 exsolvens.
2588 3426 2703 3494 Age
2750 3426 2938 3498 igitur,
2981 3442 3015 3481 ο
3063 3427 3283 3491 dilecte,
3334 3428 3525 3483 Adami

1956 3515 2180 3571 historia
2218 3521 2451 3569 montem
2479 3529 2831 3585 occupemus.
2854 3516 2931 3572 Ea
2953 3517 3098 3574 enim
3142 3518 3303 3573 fuerit
3324 3532 3528 3588 oppor-

1958 3616 2084 3662 tuna
2101 3620 2200 3675 per
2219 3605 2484 3677 jejunium
2527 3607 2811 3662 narratio:
2842 3610 3282 3680 quandoquidem
3312 3610 3444 3664 illud
3474 3612 3525 3665 in

1956 3698 2207 3768 paradiso
2259 3712 2380 3753 cum
2435 3697 2558 3754 aliis
2606 3698 2809 3768 plantis
2884 3702 3208 3755 servandum
3271 3702 3529 3771 receperit

1954 3791 2216 3857 Adamus,
2247 3799 2449 3846 etcum
2480 3788 2748 3846 licentiori
2778 3789 3188 3861 voluptabilium
3215 3804 3395 3845 rerum
3432 3804 3528 3843 usu

1951 3881 2139 3953 jejunii
2163 3882 2248 3937 lex
2272 3881 2324 3938 ei
2362 3880 2565 3952 scripta
2596 3879 2759 3937 fuerit
2779 3900 2794 3938 :
2814 3880 2902 3936 Ea;
2951 3881 3094 3935 omni
3130 3880 3273 3952 ligno
3296 3881 3533 3950 paradisi

1957 3973 2166 4030 comede
2190 3989 2212 4031 :
2239 3974 2304 4030 de
2348 3972 2490 4045 ligno
2538 3982 2712 4028 autem
2747 3972 2978 4029 scientia:
3027 3974 3146 4028 boni
3200 3983 3250 4027 et
3294 3972 3419 4028 ntali
3470 3988 3533 4029 ne

1958 4066 2199 4122 comedas
2221 4064 2290 4121 “.

2030 4323 2085 4381 2.
2118 4323 2295 4380 Prima
2353 4326 2494 4394 regis
2538 4323 2735 4380 edictio
2789 4321 3041 4379 alimenta
3104 4321 3297 4386 dat,et
3346 4323 3543 4394 jejunii

1962 4419 2132 4490 legem
2169 4417 2337 4487 ponit.
2368 4415 2565 4486 Accipe
2596 4422 2917 4486 potestatem
2946 4414 2998 4468 in
3040 4414 3249 4479 omnia,
3286 4429 3390 4468 uno
3421 4414 3536 4470 solo

1967 4520 2021 4567 te
2055 4509 2288 4577 abstine,
2321 4508 2375 4563 in
2397 4507 2579 4564 omnia
2602 4520 2793 4562 manus
2816 4504 3166 4569 extendatur,
3193 4514 3248 4560 et
3278 4504 3345 4558 ad
3373 4520 3537 4559 unum

279 4606 546 4659 τεινέσθω
573 4603 712 4676 πρὸς
747 4604 983 4669 ἅπαντα,
1014 4605 1108 4677 καὶ
1132 4602 1507 4658 συστελλέσθω
1533 4603 1666 4674 πρὸς
1693 4602 1770 4656 ἓν.
1788 4603 1857 4655 Οὐ

1975 4585 2353 4658 contrahatur.
2392 4598 2543 4657 Citra
2597 4599 2851 4655 invidiam
2903 4599 3078 4655 fructu
3134 4598 3410 4663 interdixi,
3449 4612 3543 4653 ne-

282 4698 562 4771 φθονήσας
586 4696 839 4751 ἐκώλυσα
867 4697 967 4768 τὴν
1012 4696 1336 4757 ἀπόλαυσιν,
1367 4694 1485 4749 οὐδὲ
1518 4694 1740 4765 ἐμαυτῷ
1766 4694 1867 4765 τὴν

282 4791 491 4863 βρῶσιν
518 4790 913 4862 ταμιευόμενος
946 4790 1092 4861 (ἐμοὶ
1114 4790 1223 4861 γὰρ
1260 4787 1421 4858 φύσις
1463 4786 1735 4858 ἀνενδεὴς,
1776 4786 1870 4840 καὶ

282 4885 422 4956 πρὸς
458 4883 611 4938 ἆπαν
644 4883 814 4947 πάθος
869 4882 1196 4954 ἀχείρωτος)
1239 4880 1354 4936 ἀλλ’
1400 4881 1490 4935 ἵνα
1528 4880 1723 4935 ἐννοῶν
1778 4879 1867 4934 τὸν

283 4975 634 5038 κωλύσαντα,
684 4972 961 5045 γνωρίσῃς
990 4972 1082 5026 τὸν
1127 4972 1514 5043 χορηγήσανια
1537 4986 1551 5001 ·
1588 4969 1681 5024 καὶ
1707 4970 1741 5041 ή
1770 4967 1869 5023 τοῦ

283 5067 405 5130 ἑνὸς
426 5064 827 5138 ἀποστέρησις,
863 5064 1092 5136 γένηταί
1119 5081 1203 5117 σοι
1231 5061 1327 5116 τοῦ
1349 5060 1419 5117 τὰ
1447 5062 1544 5116 ὅλα
1571 5061 1862 5126 δεδωκότος

284 5158 630 5229 ὑπόμνησις·
670 5157 758 5211 ῐνα
797 5156 873 5228 μὴ
906 5156 1169 5211 πάντοθεν
1201 5156 1237 5227 ή
1270 5154 1452 5226 τρυφὴ
1497 5153 1867 5226 περιρρέουσα

294 5248 573 5322 λῃστεύσῃ
604 5248 705 5320 τὴν
731 5250 952 5320 μνήμην
974 5248 1072 5319 τῆς
1096 5247 1317 5318 χάριτος
1337 5263 1352 5277 '
1381 5246 1469 5300 ῐνα
1492 5246 1567 5317 μὴ
1600 5248 1665 5316 τῇ
1692 5245 1869 5313 ἀπλη-

292 5344 417 5415 στία
434 5346 535 5413 τῆς
566 5342 825 5414 βρώσεως
852 5339 1194 5413 ὁλισθήσῃ[ς]
1220 5340 1355 5413 πρὸς
1381 5338 1624 5409 ἄγνοιαν.
1642 5338 1723 5395 Τὰ
1773 5338 1872 5409 μὲν

289 5432 385 5488 οὖν
442 5435 582 5489 ἄλλα
628 5434 739 5489 τῶν
777 5433 935 5499 ζώων
983 5433 1110 5504 ἔθνη
1155 5433 1246 5486 καὶ
1296 5430 1428 5502 γένη
1475 5429 1817 5485 διαπλάττων
1845 5432 1873 5483 6

288 5527 659 5598 Δημιουργὺς,
710 5526 903 5596 νόμοις
955 5526 1236 5595 ἀκινήτοις
1290 5523 1448 5594 ἔδησε
1494 5522 1730 5591 φύσεως.
1763 5522 1873 5576 Καὶ

293 5619 620 5690 προαίρεσις
652 5618 755 5671 οὐκ
803 5615 953 5670 ἐστιν
980 5615 1162 5679 αὐτοῖς
1192 5616 1279 5668 ἐπ’
1312 5613 1476 5687 ἄμφω
1500 5612 1598 5684 τὴν
1631 5611 1872 5678 ἐξουσίαν

355 5779 402 5812 ³³
430 5778 569 5837 Gen.
604 5776 762 5841 11,16.
797 5775 883 5858 i7.

1974 4708 2079 4764 que
2125 4692 2252 4748 mihi
2277 4708 2432 4748 usum
2467 4692 2737 4747 reservavi
2787 4692 2927 4761 ipsi;
2958 4692 3155 4747 nullius
3182 4692 3323 4747 enim
3360 4691 3542 4762 indiga

1972 4787 2105 4843 mihi
2133 4794 2327 4842 natura
2357 4793 2464 4851 est,
2493 4784 2737 4854 nullique
2764 4785 3001 4840 obnoxia
3031 4785 3267 4856 passioni
3306 4805 3321 4842 :
3354 4799 3545 4841 verum

1970 4888 2032 4936 ut
2056 4877 2393 4949 probibitore
2417 4877 2637 4949 cognito
2658 4877 3001 4947 pmbitorem
3022 4892 3234 4948 quoque
3255 4892 3547 4948 agnoscas,

1970 4970 2207 5027 etunius‘
2245 4970 2478 5041 privatio
2521 4970 2950 5025 recordationem
3001 4968 3146 5025 illius
3190 4971 3392 5026 excitet
3452 4971 3542 5042 qui

1975 5059 2123 5119 dedit
2150 5059 2403 5116 universa
2431 5076 2446 5114 :
2478 5073 2546 5115 ne
2570 5059 3190 5129 voluptasundequaque
3218 5059 3546 5115 circumfusa

1977 5150 2226 5207 beneﬁcii
2274 5149 2593 5206 memoriam
2642 5149 2857 5219 spoliet,
2906 5164 2972 5206 ne
3024 5165 3121 5221 per
3168 5149 3549 5220 inexplebilem

1974 5246 2325 5299 voracitatem
2366 5241 2420 5296 in
2455 5242 2814 5311 ignorantiam
2867 5241 3157 5298 delabaris.
3195 5242 3344 5298 Alias
3382 5243 3545 5313 igitur

1976 5334 2331 5390 animantium
2384 5343 2592 5404 gentes,
2622 5342 2675 5387 et
2716 5349 2912 5404 genera
2964 5334 3232 5391 fabricatis
3281 5334 3546 5391 Conditor

1977 5424 2347 5481 immobilibus
2372 5435 2579 5480 natura:
2604 5426 2811 5496 legibus
2836 5426 3193 5494 constrinxit;
3223 5440 3396 5496 neque
3418 5426 3549 5495 ipsis

1978 5516 2173 5573 electio
2199 5525 2442 5588 est,qute
2470 5517 2780 5572 facultatem
2826 5519 2880 5572 in
2924 5527 3213 5587 utrumque
3246 5518 3543 5587 partiatur;

1979 5625 2154 5682 neque
2181 5608 2611 5668 ratiocinationis
2651 5610 2927 5678 discretio,
2961 5625 3083 5683 quae
3118 5609 3261 5667 velut
3292 5610 3345 5665 in
3382 5608 3546 5678 acqui-
