4102 6558
603 381 666 447 51
1785 371 2063 434 BASILII
2099 373 2636 437 SELEUCIENSIS
3795 358 3867 418 52

602 495 763 551 librlo
801 490 1097 564 perpendat
1145 489 1477 562 agendorum
1531 487 1802 544 delectum
1829 492 1966 546 :sed
2002 490 2162 546 simul

2284 488 2563 562 ιερίζουσα
2609 486 2743 557 (57),
2780 481 2900 538 οὐδὲ
2946 478 3210 550 λογισμοῦ
3258 477 3530 548 διάκρισις
3571 476 3853 544 ζυγοστα-

601 587 835 654 imperat
856 592 1070 650 natura,
1096 583 1164 638 ad
1222 581 1488 654 agendum
1526 579 1894 647 impelluntur,
1921 597 2029 638 non
2077 599 2171 641 ex-

603 690 765 731 cusso
799 676 1013 731 curiose
1061 685 1347 745 pmepto.
1377 671 1578 726 Contra
1619 670 1806 739 homo,
1843 675 2054 731 ratione
2087 676 2173 731 in-

602 767 858 838 signitus,
912 767 1191 823 electionis
1236 773 1505 834 potestate
1563 777 1816 836 ornatus,
1859 777 1915 824 et
1960 765 2173 822 arbitrii

603 859 853 915 libertate
903 857 1193 926 refulgens,
1215 858 1429 914 consilii
1489 860 1597 915 vim
1655 859 1985 930 habet,quaa
2028 858 2172 913 nulla

604 958 855 1005 teneatur
880 949 1175 1004 voluntatis
1204 951 1487 1018 servitute,
1518 953 1987 1021 intentionemque
2008 949 2173 1005 habet

602 1040 690 1095 sui
743 1039 1043 1107 dominam,
1102 1049 1158 1095 et
1203 1041 1500 1098 inviolabili
1537 1043 1803 1113 gloriatur
1844 1042 2173 1113 agendorum

606 1126 893 1184 electione.
924 1127 1062 1185 Hinc
1087 1131 1288 1196 evenit,
1314 1139 1374 1186 ut
1394 1132 1498 1187 hoc
1519 1132 1730 1202 diligat,
1773 1132 1899 1187 illud
1933 1133 2076 1203 quod
2100 1131 2174 1186 ita

604 1218 785 1273 visum
855 1218 1040 1284 fuerit,
1093 1220 1390 1292 repudiet:
1429 1220 1535 1277 hoc
1584 1230 1888 1288 aversetur,
1930 1222 1997 1276 ad
2049 1221 2180 1277 illud

607 1309 850 1365 animum
877 1310 1118 1380 adjiciat,
1142 1321 1200 1368 et
1228 1311 1508 1368 liberrima
1538 1327 1659 1367 cum
1685 1322 1956 1380 potestate
1988 1313 2180 1368 volun-

609 1399 739 1455 tatis
760 1414 988 1472 regnans
1019 1402 1260 1458 abundat
1284 1402 1596 1473 optionibus
1623 1404 1728 1475 l3
1757 1404 2176 1462 sententiarum.

608 1491 792 1559 Quare
818 1492 935 1564 lege
976 1493 1148 1562 posita
1190 1493 1333 1551 Deus
1385 1495 1579 1566 agendi
1626 1496 2005 1553 necessitatem
2070 1512 2179 1553 non

609 1581 881 1652 imponit;
927 1584 1023 1639 sed
1046 1599 1165 1654 qua:
1187 1584 1290 1641 sibi
1321 1584 1593 1652 videntur,
1625 1584 1949 1656 imperat,et
1992 1586 2179 1641 volun-

608 1672 743 1729 tatis
760 1673 1016 1743 potestati
1042 1675 1309 1744 permittit
1330 1676 1599 1733 actionem
1623 1693 1638 1731 :
1669 1678 1790 1733 etsi
1818 1677 2003 1746 jussus
2021 1694 2179 1733 man-

610 1765 795 1819 datum
827 1774 1140 1835 praetereat,
1171 1782 1275 1824 non
1306 1768 1425 1824 ideo
1446 1778 1699 1825 naturam
1722 1769 1986 1845 demutat,
2006 1784 2181 1841 neque

608 1831 953 1909 necessitatis
1000 1831 1210 1925 legibus
1256 1856 1429 1913 vincit
1481 1831 2180 1927 inobsequentemgneque
2208 1831 2252 1887 Β

610 1946 843 2015 gratiam
875 1961 973 2015 per
1013 1947 1119 2003 vim
1173 1947 1369 2015 aufert,
1414 1962 1590 2018 neque
1623 1942 1768 2004 intra
1799 1947 2179 2004 necessitatem

612 2038 753 2093 dona
774 2038 1067 2105 contrahit,
1094 2054 1269 2109 neque
1295 2048 1542 2097 naturam
1575 2048 1913 2109 pervertens,
1943 2048 2178 2094 mentem

611 2130 916 2187 adulterat:
937 2132 1031 2188 sed
1058 2133 1267 2189 ratione
1296 2133 1348 2189 in
1376 2133 1650 2189 dominatu
1673 2147 1772 2189 suo
1793 2132 1982 2187 relicta
2001 2132 2178 2201 pinnis

613 2222 1017 2294 delinquentcm
1055 2227 1123 2281 ad
1151 2226 1472 2297 sapientiam
1496 2236 1738 2281 revocat.
1772 2223 2013 2293 Principi
2050 2236 2181 2278 vero

615 2317 812 2373 rationi
842 2318 1089 2390 corporis
1118 2318 1361 2376 habenas
1392 2318 1677 2390 permittit,
1716 2327 1770 2372 et
1805 2319 2039 2372 animam
2060 2330 2182 2372 cor-

612 2407 732 2479 pori
758 2408 923 2464 veluti
952 2396 1225 2466 curriculo
1253 2410 1494 2481 aurigam
1517 2408 1817 2480 preﬁciens
1840 2408 2179 2475 adhortatur,

615 2508 676 2554 ut
707 2498 773 2554 ad
801 2515 1019 2555 cursum
1051 2500 1267 2556 virtutis
1300 2500 1732 2570 impellat.’l‘unc
1764 2502 1947 2571 igitur,
1970 2501 2016 2556 si
2041 2500 2182 2555 ratio

614 2590 799 2646 sobria
850 2590 1092 2660 corporis
1134 2590 1377 2647 habenas
1403 2591 1688 2658 sustineat,
1720 2606 1939 2647 cursum
1987 2593 2181 2660 currit,

614 2696 727 2751 quo
754 2696 953 2737 corona
1005 2682 1698 2752 paretur:dormitabunda
1730 2699 1857 2740 vero
1907 2685 2181 2754 passioni-

614 2774 719 2829 bus
752 2780 1007 2841 tanquam
1050 2774 1207 2844 equis
1261 2788 1358 2844 per
1392 2775 1711 2845 praecipitia,
1746 2791 1949 2846 perque
1993 2789 2182 2844 aspera

613 2865 828 2921 viarum
865 2864 1035 2919 fertur
1059 2865 1383 2937 incogitans,
1426 2876 1482 2923 et
1527 2868 1741 2923 tandem
1775 2869 1979 2934 deiecta
2023 2879 2185 2941 atque

615 2957 685 3012 ad
714 2965 916 3011 terram
945 2955 1142 3012 aillicta
1175 2958 1411 3013 trahitur
1426 2958 1646 3029 pulvere
1664 2961 1902 3026 sordida,
1925 2962 2027 3017 sub
2054 2977 2184 3032 pro-

616 3047 720 3118 prii
747 3061 942 3105 currus
978 3047 1166 3119 iugum
1217 3050 1454 3119 captiva,
1490 3065 1555 3106 ac
1581 3060 1772 3107 vexata
1816 3052 2017 3108 clamat
2043 3069 2059 3109 :
2086 3052 2181 3109 ln-

2270 582 2440 635 τοῦσα
2464 579 2575 633 τῶν
2604 576 2897 648 πρακτέων
2923 573 3024 645 τὴν
3054 573 3267 643 αἳρεσιν
3288 586 3303 601 ο
3327 567 3443 624 ἀλλ’
3476 566 3615 639 ὁμοῦ
3648 583 3716 620 τε
3752 582 3852 619 κε-

2270 669 2418 723 λεύει
2450 669 2632 739 φύσις,
2672 668 2769 721 καὶ
2802 668 2861 730 ές
2889 665 2951 719 τὸ
2972 663 3237 736 πράττειν
3265 660 3547 728 ἐπείγεται
3580 657 3656 730 μὴ
3677 657 3857 711 πολυε

2274 757 2695 839 πραγμονοῦντα
2730 757 2792 809 τδ
2822 754 3173 826 πρόσταγμα.
3227 750 3549 821 Ἄνθρωπος
3582 748 3659 839 δὲ,
3697 747 3854 818 λόγῳ

2273 852 2586 923 τετίμηται,
2633 838 2728 903 καὶ
2765 846 3086 918 προαιρέσει
3144 841 3483 912 κεκόσμηται
3511 880 3528 905 ,
3580 838 3678 892 καὶ
3719 839 3858 891 αύτ-

2276 941 2502 1012 εξουοίῳ
2516 938 2709 1011 γνώμῃ
2725 938 3050 1010 ἀστράπτει,
3069 928 3369 1006 βουλήματι
3386 929 3687 986 ἀδούλωτον
3711 930 3856 999 ἔχων

2275 1033 2336 1087 τὸ
2365 1033 2641 1104 φρόνημα,
2667 1030 3064 1084 αὐτοδέσποτον
3090 1025 3232 1097 ἔχων
3251 1023 3352 1094 τὴν
3377 1023 3658 1093 πρόθεσιν,
3691 1020 3859 1075 ἀδία-

2280 1142 2405 1180 στον
2436 1125 2651 1189 δεικνὺς
2685 1124 2795 1178 τῶν
2833 1121 3123 1193 πρακτέων
3157 1119 3260 1190 τὴν
3289 1119 3519 1187 αἵρεσιν.
3566 1112 3859 1168 Ἐντεῦθεν

2278 1216 2342 1271 τδ
2378 1217 2477 1289 μὲν
2507 1215 2813 1285 ἐκλέγεται,
2840 1214 2903 1267 τὸ
2924 1213 2981 1267 δὲ
3010 1212 3149 1284 πρὸς
3177 1210 3240 1264 τὸ
3266 1207 3456 1263 δοκοῦν
3479 1205 3859 1277 παραπέμπε-

2278 1325 2403 1365 ταιο
2432 1308 2615 1364 καὶτὸ
2667 1306 2768 1379 μὲν
2806 1304 3231 1377 ἀποστρέφεται,
3260 1298 3339 1371 τῷ
3366 1299 3423 1352 δὲ
3454 1295 3816 1369 προστίθεται
3838 1313 3854 1328 ο

2279 1402 2376 1458 καὶ
2408 1398 2706 1472 βασιλεύων
2737 1396 3073 1467 αὑτεξουσίῳ
3100 1394 3452 1465 βουλεύματι,
3486 1390 3713 1443 πλουτεῖ
3733 1388 3859 1451 ταῖς

2277 1497 2379 1569 τῆς
2418 1494 2646 1565 γνώμης
2682 1491 2952 1563 αἱρέσεσι.
2990 1489 3091 1543 Διά
3121 1489 3281 1542 τοῦτο
3307 1487 3480 1549 διδοὺς
3505 1484 3669 1554 νόμον
3693 1480 3857 1543 θεὸς,

2278 1588 2380 1642 οὐκ
2414 1585 2662 1655 ἀνάγκην
2690 1582 2833 1655 πρὸς
2880 1582 2944 1635 τὸ
2986 1580 3246 1651 πράττειν
3293 1575 3685 1651 προστίθησιν,
3739 1569 3859 1625 ἀλλ’

2280 1675 2588 1732 ἐντέλλεται
2626 1673 2696 1727 τά
2739 1669 3024 1737 δοκοῦντα,
3060 1670 3157 1724 καί⁸
3193 1668 3271 1740 τῷ
3305 1666 3481 1721 θέλειν
3524 1664 3622 1736 τὴν
3646 1660 3861 1734 πρᾶξιν

2281 1769 2496 1840 ἀφίησι,
2518 1768 2625 1822 κάν
2647 1768 2677 1820 ό
2704 1763 3178 1837 προσταττόμενος
3210 1760 3543 1831 παραδράμῃ
3578 1757 3640 1810 τὸ
3677 1756 3855 1826 πρόσ·

2277 1876 2487 1930 ταγμα,
2527 1858 2637 1912 οὐδ’
2679 1857 2853 1921 οὕτως
2903 1854 3258 1929 μεταλλάττει
3339 1851 3439 1923 τὴν
3484 1849 3680 1920 φύσιν,
3732 1845 3859 1900 οὐδὲ

2277 1951 2464 2021 νόμοις
2498 1949 2745 2021 ἀνάγκης
2786 1946 3045 2019 δεσμεύει
3087 1945 3180 2000 τὸν
3234 1941 3688 2015 παρακούσαντα,
3733 1938 3860 1992 οὐδὲ

2278 2042 2504 2112 ἀφαιρεῖ
2520 2040 2611 2114 βίᾳ
2623 2040 2722 2112 τὴν
2739 2039 2920 2111 χάριν,
2944 2038 3065 2093 οὐδὲ
3083 2038 3329 2109 περισπᾷ
3341 2036 3402 2089 τὸ
3422 2033 3595 2106 δῶρον
3610 2030 3858 2101 ἀνάγκῃ,

2279 2133 2404 2188 οὐδὲ
2427 2130 2638 2187 νοθεύει
2676 2131 2775 2205 τήν
2807 2129 3057 2202 γνώμην,
3096 2126 3468 2199 παρατρέπων
3503 2124 3605 2194 τήν
3644 2124 3857 2192 φύσιν

2280 2224 2397 2281 ἀλλ’
2433 2224 2540 2278 ὲῶν
2564 2225 2627 2279 τὸ
2655 2224 2765 2279 τῶν
2795 2222 3074 2294 λογισμῶν
3094 2219 3507 2285 αύτοδέσποτον,
3528 2213 3865 2287 σωφρονίζει

2283 2316 2582 2388 τιμωρίαις
2635 2316 2726 2371 τὸν
2770 2314 3243 2387 πλημμελήσαντα
3266 2328 3281 2344 ο
3335 2311 3413 2384 τῷ
3463 2310 3521 2363 δὲ
3559 2308 3861 2380 κρατοῦντι

2281 2409 2527 2481 λογισμῷ
2545 2410 2646 2473 τάς
2673 2406 2769 2463 τοῦ
2800 2407 3051 2480 σώματος
3074 2406 3234 2479 ήνίας
3261 2401 3558 2475 ἐπέτρεψεν
3584 2399 3700 2472 (58)
3721 2415 3739 2432 ο
3764 2398 3863 2453 καὶ

2282 2501 2533 2573 καθάπερ
2555 2500 2765 2574 ἀρματι
2797 2499 2875 2572 τῷ
2900 2498 3114 2571 σώματι
3144 2499 3243 2569 τὴν
3273 2495 3452 2566 ψυχὴν
3484 2493 3703 2565 ήνίοχον
3734 2494 3861 2545 ἐπι-

2284 2594 2521 2664 στήσας.
2578 2593 2671 2647 τὸν
2719 2592 2919 2665 δρόμον
2961 2591 3064 2663 τῆς
3114 2591 3316 2662 ἀρετῆς
3360 2590 3606 2642 έλαυνειν
3669 2600 3861 2653 παρα-

2283 2684 2586 2741 κελεύεται.
2605 2685 2872 2739 Ἐνταῦθα
2898 2684 3100 2749 τοίνυν,
3125 2685 3171 2737 εἰ
3203 2684 3303 2754 μὲν
3329 2682 3516 2752 νήφων
3537 2680 3566 2733 ό
3592 2674 3863 2746 λογισμὸς

2283 2779 2453 2851 ἀνέχῃ
2481 2779 2581 2844 τὰς
2610 2778 2769 2851 ἡνίας
2799 2777 2895 2832 τοῦ
2930 2777 3204 2849 σώματος,
3236 2775 3420 2847 τρέχει
3462 2771 3661 2844 δρόμον
3720 2785 3860 2838 προ-

2286 2869 2541 2937 ξενοῦντα
2586 2870 2681 2924 τὸν
2735 2869 3033 2940 στέφανον·
3096 2868 3460 2934 ὲπινυστάξας
3502 2867 3560 2922 δὲ
3602 2864 3862 2933 καθάπερ

2282 2960 2469 3025 ἵπποις
2495 2962 2610 3025 τοῖς
2650 2959 2900 3024 πάθεσιν,
2945 2958 3135 3013 ἔλαθεν
3166 2959 3356 3013 ἑαυτὸν
3420 2958 3561 3013 κατὰ
3591 2955 3865 3031 κρημνῶν

2284 3050 2379 3105 καὶ
2416 3050 2723 3123 δυσχωρίας
2756 3052 3075 3124 φερόμενος·
3124 3050 3221 3104 καὶ
3250 3050 3555 3104 τελευταῖον
3582 3048 3864 3119 καταϐλη-

617 3139 751 3209 {elix
774 3156 869 3211 ego
902 3140 1078 3205 homo,
1113 3141 1233 3210 quis
1271 3156 1353 3195 me
1384 3140 1627 3196 liberabit
1661 3142 1726 3196 de
1766 3158 1983 3205 corpore
2000 3142 2183 3198 mortis

2286 3140 2423 3208 θεὶς,
2481 3142 2702 3197 ἕλκεται
2752 3142 3142 3215 κεκονιμένος,
3210 3142 3552 3214 αἰχμάλωτος
3609 3141 3865 3213 ἅρματος

616 3233 776 3303 hujus
792 3233 881 3289 "i
908 3231 1044 3288 Nam
1082 3248 1179 3305 per
1198 3233 1502 3291 socordiam
1543 3234 1846 3306 principatu
1877 3233 2091 3305 prodito
2122 3235 2183 3291 lit

617 3340 774 3383 serva
815 3326 1152 3397 passionum,
1208 3337 1265 3382 et
1330 3326 1792 3382 irrationabilibus
1841 3327 2184 3396 passionibus

617 3432 743 3474 cum
801 3417 1055 3473 thronum
1104 3418 1243 3472 ratio
1287 3426 1483 3486 praeter
1544 3417 1790 3473 ordinem
1829 3421 2181 3487 concesserit,

615 3521 807 3564 earum
854 3522 1009 3564 serva
1067 3509 1418 3577 comperitur,
1471 3509 1537 3565 ad
1591 3523 1820 3580 quarum
1866 3511 2181 3568 servitutem

616 3597 899 3655 fruendam
930 3608 1054 3654 nata
1075 3607 1177 3655 est.
1209 3599 1394 3671 itaque
1409 3610 1607 3671 praeter
1634 3601 1742 3658 alia
1767 3602 1968 3674 quibus
2004 3605 2182 3660 homi-

618 3704 741 3746 nem
797 3690 940 3747 Deus
1003 3692 1399 3750 condecorasse
1449 3693 1679 3761 videtur,
1723 3694 1888 3750 etiam
1945 3706 2181 3751 mentem

618 3781 831 3837 arbitrii
873 3781 1124 3839 libertate
1152 3783 1449 3849 investivit,
1476 3785 1595 3856 lege
1617 3786 1745 3840 data
1795 3789 1860 3840 ad
1890 3787 2183 3840 voluntatis

616 3871 1060 3927 exercitationem
1090 3888 1108 3927 :
1138 3882 1195 3927 et
1225 3875 1278 3927 in
1305 3873 1497 3927 arbore
1518 3874 1680 3928 veluti
1706 3873 1884 3928 tabula
1911 3874 2182 3943 descripto

617 3961 878 4016 mandato
915 3962 1061 4016 intus
1107 3962 1340 4017 abditam
1381 3962 1706 4031 diiudicandi
1750 3963 1857 4017 vim
1900 3964 2178 4028 excitavit,

619 4051 858 4120 ascripto
896 4052 948 4107 in
984 4050 1127 4122 ligno
1154 4051 1401 4121 parendi,
1436 4062 1532 4108 aut
1570 4068 1675 4108 non
1723 4054 1947 4122 parendi
1985 4054 2183 4111 discri-

619 4140 785 4195 mine.
814 4139 950 4196 Hinc
981 4152 1167 4196 notum
1191 4140 1314 4197 boni
1344 4150 1399 4196 et
1415 4140 1539 4195 mali
1574 4141 1779 4213 lignum
1804 4144 2137 4213 agnominari
2166 4162 2179 4198 :

620 4231 692 4286 ab
718 4230 823 4285 illis
851 4232 997 4288 enim
1027 4249 1145 4304 quae
1165 4233 1251 4289 hic
1275 4232 1461 4289 didicit
1489 4232 1691 4305 lignum
1723 4234 2049 4305 appellatum
2079 4244 2183 4303 est,

619 4332 677 4377 et
705 4323 866 4392 hujus
895 4324 1186 4382 instructio
1209 4325 1335 4397 ligni
1359 4324 1458 4381 fuit
1482 4326 1801 4398 appellatio.
1817 4325 2025 4398 Quippe
2054 4327 2185 4394 illic,

685 4478 733 4512 ⁸⁸
762 4478 922 4537 Rom.
963 4495 1060 4549 νυ,
1088 4480 1180 4538 24.

2287 3235 2489 3289 οίκείου
2518 3235 2836 3307 γενόμενος,
2869 3235 2963 3288 καὶ
2996 3234 3297 3307 συρόμενος
3324 3233 3562 3304 κέκραγε
3581 3247 3597 3264 ·
3646 3230 3865 3285 Ταλαι-

2289 3342 2487 3395 πωρος
2532 3327 2648 3398 ἐγὼ
2679 3328 3012 3396 ἄνθρωπος,
3049 3328 3142 3393 τίς
3177 3343 3253 3396 με
3293 3327 3546 3395 ῥύσεται
3582 3322 3705 3379 ἀπὸ
3756 3322 3866 3377 τοῦ

2288 3417 2568 3486 σώματος
2595 3418 2703 3473 τοῦ
2734 3417 2994 3473 θανάτου
3026 3417 3272 3483 τούτου;
3298 3415 3534 3488 Προδοῦς
3552 3414 3659 3485 γὰρ
3693 3413 3867 3487 ρᾳθυ-

2292 3509 2394 3581 μίᾳ
2416 3508 2514 3579 τὴν
2543 3510 2885 3575 δεσποτείαν,
2915 3511 3123 3580 γίνεται
3155 3509 3338 3573 δοῦλος
3371 3507 3590 3562 παθῶν·
3628 3508 3730 3560 καὶ
3760 3506 3867 3561 πά·

2290 3600 2439 3656 θεσιν
2471 3602 2841 3672 ἀλογίστοις-ό
2881 3603 3139 3674 λογισμὸς
3166 3602 3575 3674 παραχωρήσας
3601 3601 3697 3654 τὸν
3736 3598 3866 3671 θρό-

2290 3710 2397 3760 νον,
2447 3693 2632 3758 δοῦλος
2687 3693 2925 3765 ⁴ἠλέγχθη
2967 3694 3193 3759 τούτων,
3257 3693 3348 3763 ὑφ’
3384 3688 3458 3746 ῶν
3493 3691 3688 3765 ἐτέχθη
3744 3693 3867 3747 δου-

2288 3785 2562 3840 λεύεσθαι.
2592 3788 2638 3839 Π
2647 3786 2736 3856 ρὸς
2764 3787 2944 3839 τοίνυν
2979 3789 3090 3850 τοῖς
3120 3785 3321 3850 ἄλλοις,
3350 3782 3432 3849 οἷς
3463 3785 3595 3849 Θεὸς
3618 3786 3865 3856 τιμήσας

2289 3874 2380 3928 τὸν
2424 3874 2712 3946 ἄνθρωπον
2762 3876 3034 3946 φαίνεται,
3084 3877 3177 3931 καὶ
3222 3876 3466 3947 λογισμῷ
3512 3875 3865 3944 αύτεξουσίου

2288 3964 2497 4037 δωρεᾶς
2550 3966 2850 4037 ἀμφιέσας,
2903 3968 3103 4023 δέδωκε
3137 3968 3301 4039 νόμον
3354 3967 3519 4037 αύτῷ,
3564 3968 3865 4039 γυμνάζων

2284 4058 2385 4129 τὴν
2417 4058 2648 4130 αἵρεσινο
2678 4059 2773 4113 καὶ
2802 4060 3055 4133 καθάπερ
3085 4063 3142 4114 ὲν
3161 4060 3329 4131 δέλτῳ
3354 4058 3433 4131 τῷ
3456 4059 3608 4130 φυτῷ
3628 4060 3864 4133 διαγρά-

2285 4146 2394 4218 ψας
2423 4148 2524 4220 τὴν
2556 4149 2799 4222 ἐντολήν,
2839 4151 2939 4222 τὴν
2967 4151 3115 4205 ἔνδον
3145 4150 3533 4223 κρυπτομένην
3560 4148 3866 4218 διάγνωσιν

2286 4239 2596 4312 ἀνεκίνησε,
2634 4242 2883 4314 ὑπακοῆς
2914 4243 3010 4297 καὶ
3043 4242 3330 4315 παρακοῆς
3350 4240 3614 4312 διαφορὰν
3647 4240 3741 4294 ἐπὶ
3763 4238 3861 4294 τοῦ

2293 4328 2450 4397 ξύλου
2504 4332 2886 4406 προσγράψας.
2931 4334 3206 4389 Ἐντεῦθεν
3257 4332 3501 4404 γνωστὸν
3549 4330 3714 4385 καλοῦ
3762 4331 3866 4386 καλ⁵

1846 4644 1950 4703 CL.
1992 4643 2363 4715 DAUSQUEII
2400 4646 2629 4707 NOTIE.

691 4799 935 4882 (57)_Kai
957 4798 1300 4882 προαίρεσίς
1324 4801 1436 4854 οὐκ
1466 4799 1639 4882 ἐστιν
1666 4801 1881 4882 αὐτοῖς.
1891 4802 2183 4882 sald/159w

2296 4814 2453 4882 tatem
2497 4806 2648 4882 habet
2696 4808 2983 4882 appetitu»!
3033 4804 3336 4882 coercendi,
3367 4810 3461 4882 aut
3499 4800 3774 4882 sequendi,
3811 4804 3860 4858 si

621 4866 742 4939 τὴν
769 4866 1059 4935 ἐξουσίαν
1094 4866 1436 4939 μερίζουσα.
1477 4870 1633 4925 Paria
1672 4882 1797 4927 sunt
1848 4866 1938 4925 illa
1997 4866 2189 4927 Dama-

621 4942 768 4995 sceui
816 4942 907 4994 lib.
942 4958 979 4995 ll
1034 4941 1105 4995 De
1136 4941 1241 5010 ﬁde
1282 4940 1517 5010 orthod.,
1564 4956 1614 4995 c.
1650 4941 1721 4996 29
1753 4957 1768 4995 :
1805 4942 1970 4996 Ὅθεν
2000 4943 2094 4996 καὶ
2122 4942 2192 4996 τά

622 5010 801 5083 ἀλογα
839 5011 949 5083 οὐκ
984 5009 1143 5065 εἰσὶν
1170 5009 1509 5083 αὐτεξούσια·
1557 5011 1780 5083 ἄγονται
1812 5011 1943 5083 -γάρ
1993 5012 2191 5082 μᾶλλον

626 5082 733 5133 ὑπὸ
759 5082 854 5149 τῆς
885 5082 1096 5153 φύσεως
1113 5121 1128 5146 ,
1160 5082 1305 5152 ήπερ
1330 5082 1542 5153 ᾇγουσι.
1568 5080 1661 5153 Aio
1684 5079 1829 5153 [οὐκ]
1849 5079 2192 5151 ἀντιλέγουσι

624 5153 691 5221 τῇ
709 5154 923 5224 φυσικῇ
943 5151 1119 5224 ὀρέξει
1140 5150 1298 5224 ,μάλλ’
1318 5152 1433 5224 ἅμα
1463 5150 1730 5224 ὀρεχθῶσί
1768 5150 1912 5224 τινος
1932 5191 1950 5224 ,
1980 5150 2191 5224 ὁρμῶσι

627 5220 763 5291 πρὸς
778 5220 877 5290 τὴν
896 5220 1114 5291 πρᾶξιν.
1165 5222 1227 5275 '0
1256 5223 1312 5275 δὲ
1343 5220 1646 5290 ἄνθρωπος,
1674 5220 1889 5289 λογικὸς
1923 5220 2025 5288 ῶν,
2052 5220 2192 5291 ’ἄγει

630 5290 959 5363 μᾶλλον
983 5292 1163 5363 φύσιν,
1185 5292 1329 5363 ήπερ
1354 5292 1564 5363 ἀγεται.
1595 5291 1687 5344 Διὸ
1712 5293 1807 5363 καὶ
1837 5290 2181 5363 ὀρεγόμενος,

630 5311 834 5360 μαΑΑον
862 5311 959 5359 την
983 5311 1163 5360 φυσιν,
1185 5311 1329 5363 ηπερ
1354 5311 1564 5359 αγεται.
1595 5311 1687 5344 mo
1712 5311 1807 5343 και
1837 5311 2181 5414 ορεγοὸμενος,

628 5361 809 5433 εἴπερ,
834 5359 1028 5433 ἐθέλει,
1060 5358 1827 5433 ἐξουσίαν-ἔχει,ἀναχαιτίσαι
1861 5363 1961 5432 τὴν
2017 5364 2184 5433 ρεξιν,

629 5430 660 5499 ῆ
691 5428 1052 5498 ἀκολουθῆσαι
1084 5432 1243 5501 αὐτῇ.
1281 5428 1418 5484 "ius
1457 5428 1621 5485 bruta'
1646 5442 1825 5485 carent
1867 5428 2075 5485 arbitrii
2096 5428 2185 5486 ili-

629 5502 827 5553 bertate
852 5515 869 5552 :
897 5517 1017 5553 naut
1058 5511 1285 5570 aguntur
1312 5502 1483 5570 potius
1516 5518 1547 5554 α
1573 5513 1785 5565 natura,
1814 5519 1971 5571 quam
2006 5514 2185 5571 agunt.

630 5572 807 5634 Quare
833 5586 993 5637 neque
1025 5572 1260 5625 naturali
1297 5571 1549 5638 appetitui
1577 5574 1968 5639 contradicunt,
1990 5571 2080 5625 sed
2118 5574 2189 5627 si-

627 5641 811 5692 mulac
840 5640 1039 5707 aliquid
1059 5641 1418 5707 appetiverint,
1435 5648 1595 5692 ruunt
1612 5641 1665 5693 in
1680 5658 1830 5708 opus.
1852 5640 2021 5696 Homo
2051 5659 2186 5707 vero,

629 5712 830 5781 ratione
855 5708 1107 5781 prwdilus
1134 5726 1251 5763 cum
1284 5712 1368 5773 sit,
1403 5712 1508 5778 agit
1541 5721 1783 5763 naturam
1831 5713 2003 5778 potius
2030 5728 2187 5781 quam

627 5780 824 5848 agitur.
878 5779 1054 5845 Quare
1085 5781 1262 5843 etiam,
1314 5782 1435 5834 dum
1471 5782 1701 5849 appetitu
1731 5793 1984 5850 movetur,
2017 5779 2190 5851 {acut-

2292 4876 2499 4943 quidem
2525 4872 2738 4929 libitum
2754 4872 2936 4944 fuerit.
2962 4875 3232 4946 insignem
3265 4875 3405 4930 hanc
3426 4873 3728 4929 doctrinam
3754 4872 3858 4928 La-

2295 4947 2421 4999 litlis
2452 4946 2522 4997 ita
2557 4953 2736 5000 notant
2768 4946 2929 5002 facio.
3746 4972 3756 4980 ‘
3782 4980 3789 4985 ο

2366 5014 2477 5085 ('58)
2504 5014 2586 5079 Τῷ
2611 5014 2679 5067 δὲ
2702 5017 3016 5083 κρατοῦντι
3034 5015 3300 5085 λογισμῷ
3331 5016 3437 5081 τὰς
3457 5015 3563 5085 τοῦ
3585 5013 3859 5085 σώματος

2295 5082 2473 5150 ἡνίας
2519 5082 2866 5156 ἐπέτρεψεν.
2916 5088 2976 5141 D.
3013 5082 3305 5156 Gregorius
3350 5087 3401 5138 in
3443 5083 3701 5156 Encomio
3736 5082 3858 5136 Ma-

2296 5156 2629 5227 cltaba’orum
2660 5154 2915 5226 λογισμόν
2950 5154 3193 5211 nominat
3220 5155 3596 5227 αὐτοκράτορα
3621 5154 3730 5227 τῶν
3758 5170 3860 5227 πα»-

2297 5224 2427 5280 θῶν.
2460 5223 2865 5295 AtlienagOras,
2901 5227 2978 5281 De
3010 5242 3209 5279 resurr.
3246 5240 3265 5279 :
3294 5223 3600 5295 Πέφυκεδὲ
3639 5223 3855 5294 (ψυχὴ)

2291 5297 2412 5368 ταζς
2456 5296 2549 5349 τοῦ
2575 5294 2825 5368 σώματος
2851 5298 3159 5368 ἐπιστατεῖν
3187 5296 3412 5368 όρμαῖς,
3453 5294 3753 5368 Ingenitum
3779 5302 3855 5368 est

2297 5366 2474 5419 animo
2517 5364 2752 5434 corporis
2785 5366 3187 5434 appetitionibus
3219 5364 3525 5434 prwsidere.
3559 5364 3726 5429 Quem
3762 5366 3854 5433 qui

2290 5436 2515 5492 servitio
2557 5453 2661 5490 non
2695 5436 3045 5505 oppresserit,
3080 5436 3209 5503 quin
3260 5438 3436 5504 potius
3469 5435 3522 5489 in
3547 5434 3845 5505 ‘domiuatu

2292 5519 2390 5559 suo
2418 5502 2871 5574 retinueritgs'u'pra
2896 5502 3189 5570 Ιιοιυὶικέιιι,
3214 5502 3458 5561 evehitur
3487 5520 3515 5557 a
3546 5502 3849 5574 Pythagora

2291 5583 2348 5629 et
2372 5576 2516 5631 Deus
2551 5576 2868 5630 immortalis
2900 5575 3129 5630 habetur
3157 5592 3172 5628 :

2305 5711 2581 5779 Ἡνίοχον
2606 5709 2844 5777 γνώμην
2875 5709 3112 5775 στήσας
3136 5708 3505 5779 καθύπερθεν
3528 5706 3784 5779 ἀρίστην

2299 5777 2543 5836 "Erras-iu
2575 5779 2868 5847 ἀθάνατος
2890 5780 3025 5847 θεὸς
3066 5780 3376 5848 ἄμϐροτος,
3398 5777 3595 5831 οὐκέτι
3617 5778 3853 5845 θνητός.
