4102 6562
319 403 382 466 53
1747 401 2023 463 ORATIO
2061 403 2172 463 III.
3477 395 3544 458 5i

317 506 556 579 πονηροῦ
587 507 648 561 τὸ
698 507 852 573 ξύλον
879 508 1277 581 ἐπονομάζεται
1298 525 1311 541 ·
1346 510 1439 578 ἀφ’
1485 503 1559 562 ὧν
1594 508 1702 578 γάρ
1729 504 1882 574 οὗτος

2012 513 2060 564 uti
2089 511 2222 576 dixi,
2245 511 2450 565 Adamn
2501 509 2850 567 excolebatur
2898 508 3274 580 intelligentia,
3302 517 3355 563 et
3390 521 3547 562 exer-

316 598 592 668 ἐδιδάχθη,
624 598 729 652 ὑπὸ
759 599 968 654 τούτων
988 601 1048 654 τὸ
1083 600 1237 665 ξύλον
1258 600 1464 671 ἐκλήθη
1484 621 1496 635 ·
1517 601 1611 654 καὶ
1634 602 1668 670 ἡ
1694 600 1884 652 τούτου

2012 602 2210 657 :ebatur
2239 602 2380 656 ratio
2417 617 2433 655 :
2465 601 2547 655 Ex
2587 602 2727 656 omni
2773 601 2914 671 ligno
2963 600 3198 668 paradisi
3219 598 3425 654 comede
3445 613 3464 652 :
3486 598 3550 651 de

314 689 654 752 διδασκαλία,
693 690 788 742 τοῦ
831 691 1004 760 φυτοῦ
1031 690 1396 760 προσηγορία.
1449 692 1597 744 Ἑκεῖ
1631 690 1760 760 γὰρ,
1811 690 1887 753 ὼς

2012 696 2127 760 igno
2158 700 2332 746 autent
2373 694 2604 747 scientia:
2648 694 2768 748 boni
2793 704 2842 748 et
2870 692 2998 746 mali
3025 708 3088 745 ne
3126 693 3385 746 comedas.
3416 689 3552 744 Fru-

317 779 479 849 ειρην,
509 779 588 849 τῷ
633 779 806 850 Ἀδὰμ
835 781 868 851 ἡ
899 781 1102 848 γνῶσις
1128 781 1443 850 ὲμελετᾶτο,
1476 780 1648 834 καὶτὸ
1675 779 1887 848 λογικὸν

2012 792 2133 837 :tum
2160 781 2298 836 habe
2342 782 2476 836 citra
2506 783 2722 838 modum
2749 801 2764 851 ;
2795 799 3011 838 manum
3042 782 3304 837 duntaxat
3344 780 3555 836 abstine

327 869 706 939 ἐγυμνάζετο·
751 869 898 925 Ἀπὸ
935 872 1162 936 παντὸς
1200 872 1392 933 ξύλου
1429 870 1538 924 τοῦ
1557 871 1628 923 ἐν·
1666 869 1748 935 τῷ
1775 882 1887 922 πα-

318 961 586 1027 ραδείσῳ
632 961 860 1029 ,ϐρώσει
896 961 1092 1031 φαγῇ·
1123 960 1241 1016 ἀπὸ
1284 961 1354 1014 δὲ
1394 961 1500 1015 τοῦ
1544 961 1733 1024 ξύλου
1784 959 1891 1014 τοῦ

326 1050 648 1116 γινώσκειν
683 1053 876 1107 καλὸν
911 1054 1010 1106 καί
1068 1053 1360 1120 πονηρὸν,
1395 1054 1467 1106 οὐ
1497 1050 1760 1121 φάγεσθε
1791 1051 1891 1105 ἀπ’

321 1141 538 1196 αὐτοῦ.
558 1142 689 1212 Ἔχε
729 1142 827 1214 τὴν
861 1143 1166 1197 ἀπόλαυσιν
1199 1143 1458 1212 ἄμετρον,
1493 1141 1687 1212 στῆσον
1735 1140 1894 1211 μόνον

322 1231 425 1301 τὴν
457 1235 614 1302 χεῖρα
643 1233 779 1304 πρὸς
808 1233 1007 1288 ἄτοπον
1046 1232 1248 1304 βρῶσιν
1280 1232 1661 1304 ἐπειγομένην.
1713 1231 1894 1297 Δεῖξον

322 1327 392 1393 τῇ
433 1322 528 1377 τοῦ
563 1324 728 1394 νόμου
776 1324 1019 1396 φυλακῇ,
1067 1326 1166 1394 τὴν
1217 1323 1312 1378 τοῦ
1358 1323 1650 1395 νομοθέτου
1706 1323 1894 1394 τιμήν.

330 1415 456 1468 Ἵδω
483 1415 585 1487 τὴν
611 1415 854 1486 γνώμην,
906 1416 1001 1470 ἵνα
1030 1415 1296 1485 θαυμάσω
1351 1414 1413 1468 τὸ
1444 1414 1689 1485 φίλτρον.
1743 1413 1896 1466 Δίδου

328 1524 424 1576 μοι
457 1508 620 1578 χάριν
640 1507 739 1565 τὴν
773 1509 932 1578 χεῖρα
963 1507 1268 1572 συστείλας,
1301 1505 1392 1560 τὸν
1420 1506 1544 1561 ὄλου
1571 1504 1897 1577 παραδείσου

325 1602 554 1672 δοτῆρα,
590 1602 708 1665 ἐνὸς
742 1601 902 1666 ξύλου
946 1602 1106 1673 μόνον
1140 1601 1480 1673 προτίμησον
1503 1618 1518 1632 ·
1549 1600 1610 1655 σὲ
1641 1600 1899 1670 δικαστὴν

328 1695 431 1764 τῆς
465 1695 608 1765 ἐμῆς
629 1695 976 1766 ἐποιησάμην
1004 1697 1201 1766 τιμῆς·
1229 1694 1458 1766 ἀμείϐου
1486 1694 1579 1747 τὸν
1607 1693 1900 1763 εὐεργέτην

331 1785 726 1854 περιφρονήσει
762 1785 862 1855 τῆς
885 1784 1148 1854 γεύσεως.
1200 1785 1300 1839 Διά
1321 1783 1480 1838 τοῦτό
1499 1800 1582 1836 σοι
1618 1783 1710 1837 τὸν
1736 1782 1901 1836 θάνα-

330 1893 425 1929 τον
453 1875 616 1944 φόϐον
641 1875 718 1947 τῷ
744 1876 897 1948 νόμῳ
926 1878 1297 1949 προσήνεγκα,
1336 1873 1634 1947 βοηθοῦντά
1663 1889 1744 1927 σοι
1765 1871 1902 1943 πρὸς

333 1966 436 2036 τὴν
478 1966 791 2038 παράνομον
823 1967 1032 2038 ὄρεξιν·
1085 1968 1186 2022 κᾶν
1209 1968 1241 2019 ὄ
1276 1966 1539 2037 λογισμὸς
1567 1964 1706 2036 πρὸς
1732 1961 1903 2034 αὐτὴν

341 2058 636 2130 ὄλισθαίνῃ,
665 2059 746 2130 τῷ
787 2061 938 2133 φόϐῳ
992 2060 1334 2132 στηρίζεται·
1391 2056 1580 2131 νεῦρον
1629 2057 1738 2128 γὰρ
1768 2055 1903 2126 πρὸς

337 2151 665 2221 ἐγκράτειαν
697 2155 726 2206 ό
750 2153 852 2223 τῆς
871 2153 1237 2224 παραϐάσεως
1267 2151 1453 2222 φόϐος.
1483 2149 1554 2203 Σὺ
1570 2149 1628 2204 δὲ
1653 2149 1727 2220 μὴ
1755 2146 1904 2218 φόϐῳ

333 2240 434 2311 τὴν
458 2241 647 2312 τιμὴν,
680 2241 819 2296 ἀλλά
845 2242 995 2314 πόθῳ
1017 2242 1371 2313 προσένεγκε.
1399 2240 1567 2294 Φυτὸν
1589 2238 1748 2310 γενοῦ
1779 2241 1904 2311 μεῖ-

342 2332 462 2396 ζον,
495 2331 592 2387 τοῦ
639 2334 965 2406 παραδείσου
1019 2333 1430 2405 λαμπρότερον·
1489 2331 1755 2404 δρέψομαί
1811 2348 1904 2384 σου

336 2424 500 2493 κάγὼ
529 2424 632 2496 τὴν
661 2426 933 2499 ὑπακοὴν,
961 2427 1038 2490 ὡς
1058 2425 1268 2498 καρπὸν
1297 2424 1500 2495 ἀγαθὸν
1526 2425 1626 2496 τῆς
1648 2423 1905 2496 προαιρέ-

336 2533 500 2580 σεως.
550 2517 893 2589 Προσένεγκέ
943 2535 1034 2589 μοι
1079 2517 1250 2589 δῶρον
1292 2516 1394 2588 τὴν
1439 2514 1664 2587 γνώμην
1684 2531 1699 2546 ·
1761 2515 1906 2571 Ἀπὸ

334 2609 567 2674 παντὸς
599 2609 787 2674 ξύλου
808 2610 915 2665 τοῦ
929 2610 1000 2662 ἐν
1014 2608 1093 2688 πείῷ
1113 2607 1460 2677 παραδείσῳ
1471 2607 1700 2676 βρώσει
1721 2605 1905 2678 sparti.

336 2698 623 2753 Πλάτυνον
661 2700 760 2770 τῆς
791 2699 1088 2771 ἐπιθυμίας
1121 2701 1246 2763 τοὺς
1287 2700 1479 2770 ὄρους·
1508 2700 1636 2770 νικᾷ
1667 2699 1774 2769 γάρ
1814 2714 1907 2752 σου

336 2790 437 2860 τὴν
477 2791 694 2862 χρείαν,
721 2792 754 2864 ἡ
781 2791 883 2862 τῆς
902 2792 1195 2863 χορηγείας
1215 2791 1498 2861 δαψίλεια·
1531 2790 1654 2845 ἀντὶ
1676 2789 1908 2844 πλούτου

336 2885 460 2948 τατς
504 2884 824 2954 ἐπιθυμίαις
863 2883 1206 2956 παράδεισος.
1265 2882 1405 2938 Ἀλλ’
1444 2884 1578 2937 ὅπου
1608 2883 1700 2936 τὸν
1747 2881 1910 2953 νόμον

337 2975 730 3044 γεγραμμένον
754 2976 906 3046 ὁρᾷς,
949 2977 1063 3029 ἐκεῖ
1087 2975 1176 3028 τὸν
1206 2973 1370 3028 πόθον
1403 2972 1696 3028 ἀνάστελλε
1715 2989 1731 3004 ·
1769 2990 1912 3045 παρ-

338 3063 496 3118 αιτοῦ
523 3066 671 3136 ἀιρὴν
704 3067 803 3138 τῆς
842 3067 1071 3139 τροφῆς,
1093 3067 1168 3131 ὡς
1202 3064 1349 3136 ζωῆς
1373 3066 1719 3140 δηλητήριον.
1757 3065 1914 3119 Ἀπό-

341 3175 544 3228 στρεφε
591 3159 654 3212 τὸ
707 3159 925 3230 βλέμμα
973 3158 1348 3230 χειραγωγοῦν
1388 3159 1526 3229 πρὸς
1565 3158 1908 3229 παράϐασιν·

339 3248 513 3316 φεῦγε
541 3247 639 3319 τῆν
657 3248 804 3316 θέαν,
832 3250 899 3303 ἵν’
930 3249 1059 3321 ἔχῃς
1087 3250 1146 3303 τὸ
1173 3249 1465 3314 σώζεσθαι·
1512 3251 1652 3304 Ἀπὸ
1684 3251 1912 3318 παντὸς

339 3339 536 3405 ξύλου
559 3341 664 3396 τοῦ
695 3342 764 3396 ἐν
797 3340 878 3407 τῷ
899 3341 1241 3411 παραδείσῳ
1273 3340 1499 3411 βρώσει
1531 3342 1713 3412 φαγῇ.
1759 3342 1910 3396 Ἀκό-

1991 872 2059 928 ab
2112 887 2206 927 esu
2254 871 2463 928 insulso
2517 883 2573 928 et
2631 873 2919 942 superﬂuo.
2985 873 3099 940 Quo
3151 873 3205 926 in
3251 871 3424 941 pretio
3484 871 3556 926 sit

1991 962 2289 1032 legislator,
2333 964 2716 1020 observatione
2751 965 2888 1034 legis
2921 963 3162 1034 propala.
3209 961 3554 1032 Perspectum

1995 1064 2143 1109 tuum
2169 1055 2394 1110 habeam
2417 1054 2678 1119 animum,
2706 1064 2766 1107 ut
2809 1055 3010 1108 amoris
3042 1055 3117 1109 tui
3148 1054 3256 1108 vim
3287 1053 3341 1108 in
3381 1053 3556 1123 pretio

1994 1146 2220 1203 habeam
2246 1163 2261 1202 :
2296 1154 2481 1217 gratus
2511 1155 2631 1202 esto
2663 1159 2878 1199 manum
2915 1144 3307 1209 contrahendo,
3337 1143 3556 1214 1&3"-

1996 1237 2134 1293 tefer
2157 1238 2324 1293 totius
2350 1237 2584 1308 paradisi
2613 1236 2923 1307 largitorem
2949 1235 3106 1288 unico
3129 1234 3308 1304 ligno:
3331 1235 3556 1290 honoris

1996 1328 2105 1384 mei
2141 1328 2405 1384 arbitrum
2465 1337 2518 1383 te
2568 1327 2756 1394 statui,
2788 1341 2886 1396 par
2937 1326 3074 1380 bene
3131 1325 3356 1379 merenti
3417 1323 3560 1378 refer

1997 1430 2245 1494 gustatus
2289 1421 2710 1490 contemptione.
2741 1418 2866 1474 Ideo
2907 1418 3094 1473 mortis
3136 1425 3399 1472 terrorem
3435 1430 3559 1470 cum

1998 1515 2114 1586 lege
2132 1514 2228 1571 tibi
2245 1513 2416 1570 obtuli
2446 1521 2634 1570 contra
2669 1512 2931 1568 nefariam
2967 1509 3328 1581 appetentiam
3359 1507 3562 1563 auxilio

2001 1609 2273 1675 futurum;
2302 1606 2420 1663 etsi
2457 1619 2610 1662 mens
2665 1605 2731 1659 ad
2778 1619 2896 1660 eam
2949 1603 3194 1669 inclinet,
3217 1609 3424 1657 terrore
3468 1599 3564 1656 ob‘-

1996 1701 2138 1768 jecto
2161 1697 2444 1752 ﬁrmatur:
2474 1704 2558 1750 est
2603 1694 2750 1751 enim
2784 1691 3154 1762 temperantiae
3195 1704 3393 1746 nervus
3422 1704 3561 1760 pra:-

2005 1789 2352 1846 varicationis
2375 1797 2572 1844 metus.
2597 1787 2676 1842 Tu
2699 1801 2828 1842 vero
2859 1799 2964 1841 non
3003 1792 3228 1851 terrore,
3255 1782 3349 1838 sed
3381 1796 3566 1836 amore

2003 1882 2261 1938 honorem
2298 1880 2428 1935 mihi
2456 1880 2626 1935 defer.
2655 1877 2736 1933 Tu
2773 1875 2944 1945 major
2985 1891 3106 1932 cum
3141 1875 3238 1942 sis,
3267 1882 3384 1929 esto
3410 1872 3564 1943 plan-

2002 1984 2054 2028 to
2077 1971 2329 2042 paradiso
2352 1970 2636 2035 illustrior,
2660 1978 2715 2024 et
2749 1965 3070 2022 voluntariae
3109 1973 3216 2020 tua:
3246 1962 3566 2020 obedientiae

2002 2076 2218 2132 carpam
2252 2060 2485 2116 fructum
2516 2061 2740 2116 bonum.
2784 2056 2929 2114 Oi'fer
2977 2057 3106 2112 mihi
3154 2056 3363 2110 muneri
3416 2069 3565 2111 men-

2007 2162 2135 2209 tem.
2163 2153 2237 2208 De
2263 2154 2404 2207 omni
2428 2152 2571 2222 ligno
2609 2150 2844 2221 paradisi
2896 2149 3122 2204 comede.
3159 2147 3374 2203 Prolata
3424 2148 3570 2217 cupi-

2005 2245 2188 2300 ditatis
2239 2254 2342 2299 ture
2411 2245 2711 2309 terminos;
2762 2241 3196 2312 quandoquidem
3269 2255 3398 2296 usus
3447 2249 3568 2296 tuos

2007 2351 2185 2392 rerum
2237 2349 2619 2390 concessarum
2672 2333 2885 2389 excedit
2939 2332 3230 2387 adluentia.
3279 2330 3569 2387 Paradisus

2005 2425 2282 2493 cupiditati
2310 2425 2380 2480 sit
2399 2439 2494 2492 pro
2523 2423 2754 2479 divitiis:
2778 2437 2965 2478 verum
2995 2425 3084 2478 ubi
3116 2423 3284 2492 legem
3311 2421 3569 2492 scriptam

2006 2519 2175 2583 vides,
2221 2517 2292 2572 ibi
2337 2516 2664 2572 desiderium
2703 2529 2910 2581 coerce,
2950 2515 3022 2570 ibi
3070 2529 3256 2569 recusa
3300 2515 3402 2570 cibi
3443 2528 3574 2570 con-

2007 2617 2233 2674 tactum,
2283 2618 2343 2664 ut
2386 2609 2512 2663 vitae
2554 2621 2840 2664 venenum.
2874 2608 3074 2661 Averte
3126 2605 3335 2672 oculos,
3388 2619 3459 2660 ne
3506 2603 3573 2657 ad

2008 2699 2490 2771 transgressionem
2551 2700 2874 2753 traducant:
2906 2698 3028 2769 fuge
3061 2709 3324 2768 spectare,
3365 2706 3422 2751 ut
3469 2697 3575 2752 sal-

2008 2791 2126 2847 vari
2163 2792 2358 2862 possis.
2387 2791 2463 2846 De
2495 2791 2636 2846 omni
2650 2790 2792 2861 ligno
2811 2791 3044 2859 paradisi
3073 2791 3300 2844 comede.
3342 2789 3573 2844 Accom-

2009 2883 2225 2940 mndata
2253 2883 2477 2953 tempori
2507 2881 2616 2948 lex,
2647 2890 2952 2951 congruunt
2984 2879 3279 2937 edictiones
3299 2895 3419 2934 cum
3442 2888 3576 2934 tem-

2012 2989 2161 3045 pore.
2213 2973 2346 3028 Nam
2401 2975 2491 3043 qui
2561 2976 2800 3044 apposita
2869 2973 3034 3042 possit
3089 2987 3208 3026 esse
3269 2970 3390 3036 lex,
3455 2969 3576 3024 Non

2011 3068 2212 3124 occides
2230 3068 2256 3122 2
2285 3069 2484 3137 quem?
2508 3068 2645 3124 cur?
2674 3065 2797 3121 Non
2826 3068 3026 3134 furtum
3066 3065 3267 3135 Incisa?
3315 3077 3539 3132 quorum
3560 3102 3576 3129 ,

2011 3161 2203 3232 cujus?
2232 3160 2353 3217 Non
2383 3163 2717 3217 mwchaberis
2738 3161 2828 3215 ιιι
2857 3159 3109 3232 quicum?
3141 3158 3329 3228 cujus?
3360 3155 3578 3224 Ecquod

2014 3255 2158 3310 enim
2226 3253 2368 3308 aliud
2425 3255 2594 3324 potuit
2641 3254 2693 3308 in
2752 3253 2924 3322 ipsum
2952 3248 3361 3322 pulchritudinis
3418 3247 3579 3302 telum

2012 3346 2262 3416 jaculari,
2291 3357 2348 3403 ut
2384 3350 2490 3404 ictu
2519 3349 2752 3404 devitato
2789 3348 3037 3403 mandata
3076 3345 3406 3402 conﬁceret?

339 3437 534 3501 λουθος
564 3438 774 3509 όνόμος
805 3438 885 3509 τῷ
926 3438 1121 3509 χρόνῳ.
1163 3437 1457 3509 Πρόσφορα
1500 3436 1581 3509 τῷ
1627 3437 1806 3509 καιρῷ
1845 3439 1914 3493 τὰ
1950 3442 2279 3513 ἐντάλματα.
2318 3443 2480 3498 Ποῖον
2539 3443 2647 3516 γάρ
2679 3443 2744 3497 ἂν
2805 3442 2968 3513 νόμον
2999 3443 3209 3513 ῆρμοσε
3245 3439 3328 3505 τὸ,
3365 3438 3461 3507 Μὴ
3485 3457 3584 3508 φο-

341 3531 596 3596 νεύσῃς,
626 3530 781 3596 τίνας
817 3531 912 3584 καὶ
948 3530 1038 3584 διὰ
1072 3530 1157 3595 τί;
1188 3529 1284 3599 Μὴ
1317 3530 1579 3599 κλέψῃς,
1624 3531 1693 3584 τὰ
1731 3531 1904 3599 τίνος;
1947 3535 2061 3599 καὶ,
2084 3536 2180 3605 Μὴ
2212 3538 2563 3606 μοιχεύσῃς,
2605 3537 2702 3607 τὴν
2751 3537 2926 3602 τίνος;
2993 3537 3151 3588 Ποῖον
3187 3533 3298 3606 ’γάρ
3326 3532 3390 3586 ἂν
3421 3533 3581 3587 αὐτὸν

349 3625 577 3688 κάλλους
608 3625 759 3695 βέλος
789 3625 1033 3693 ἐτόξευεν
1055 3625 1262 3696 ἕτερον,
1300 3627 1388 3680 ἵνα
1411 3626 1512 3697 τὴν
1548 3625 1706 3696 βολὴν
1741 3625 2140 3700 φυλαξάμενος,
2163 3632 2340 3700 φύλαξ
2367 3631 2595 3702 γένηται
2625 3629 2720 3683 τοῦ
2755 3629 3201 3700 προστάγματος;

424 3723 494 3783 γ’.
526 3716 673 3780 Τέως
709 3714 808 3786 μὲν
833 3711 926 3770 οὖν
952 3717 982 3770 ὁ
1014 3715 1186 3787 Ἀδὰμ
1214 3717 1497 3779 ἀκίνδυνος
1525 3716 1796 3789 ἀπήλαυε,
1823 3718 1919 3771 καὶ

343 3806 413 3880 ἦν
446 3807 690 3879 ἀϐλαϐὴς
730 3809 763 3879 ἡ
799 3808 1010 3879 τρυφὴ,
1057 3809 1285 3881 ἄμικτος
1332 3808 1595 3879 ὀφιώδους
1643 3808 1744 3863 ίοῦ.
1777 3809 1916 3864 Ἀλλ’

343 3904 569 3972 ἤγειρεν
591 3903 626 3972 ἠ
653 3900 750 3955 θέα
776 3900 913 3972 πρὸς
941 3901 1237 3970 βασκανίαν
1265 3900 1532 3964 διάϐολον,
1564 3900 1660 3954 καὶ
1687 3899 1918 3972 πληγεὶς

342 3990 426 4057 οἷς
457 3993 707 4058 ἔϐλεπεν,
742 3991 1121 4064 ἀπιπλὴττειν
1167 3994 1426 4063 πειρᾶται
1466 3992 1558 4046 τὸν
1589 3993 1916 4065 πλήττοντα.

346 4083 471 4144 Εἷδε
507 4086 690 4155 πάσης
714 4085 943 4149 κτίσεως
965 4085 1210 4153 ἐξουσίαν
1243 4087 1562 4158 ἀμέριστον,
1583 4083 1689 4141 εἶδε
1722 4087 1919 4143 θαλάτ-

345 4196 445 4248 της
482 4177 798 4232 δεσποτείαν
823 4177 1271 4249 ἐγχειρισθείσαν,
1297 4176 1451 4242 ζώων
1505 4178 1920 4243 ὑποκυπτούσας

346 4273 571 4340 ἀγέλας,
608 4270 932 4340 παράδεισον
954 4271 1285 4342 οἰκητήριον,
1317 4271 1535 4343 νύμφην
1572 4273 1718 4344 χειρὶ
1746 4271 1920 4325 πλατε

345 4365 585 4435 τομένην
617 4361 774 4423 Θεοῦ,
807 4363 1005 4432 προῖκα
1039 4361 1324 4434 διδομένην
1355 4362 1454 4435 τὴν
1484 4363 1682 4430 κτίσιν,
1714 4381 1921 4436 νυμφο-

349 4453 646 4509 στολοῦντα
675 4452 827 4518 Θεὸν,
868 4455 964 4506 καὶ
1005 4452 1183 4525 φθόνῳ
1225 4453 1550 4526 βαλλόμενος
1570 4494 1586 4520 ,
1620 4456 1743 4525 ὄφιν
1769 4457 1798 4510 ό
1826 4454 1924 4526 θη-

2091 3723 2147 3779 5.
2181 3721 2332 3777 Tunc
2359 3723 2524 3794 igitur
2547 3722 2716 3776 Adam
2744 3721 2966 3791 periculi
2993 3734 3187 3787 expers
3211 3718 3584 3778 deliciabattm

2021 3822 2077 3869 et
2105 3822 2223 3870 erat
2249 3813 2496 3884 voluptas
2527 3812 2763 3878 innoxia,
2793 3826 2985 3868 carens
3012 3811 3336 3869 admistione
3362 3829 3586 3883 serpen-

2025 3908 2120 3962 tini
2161 3907 2370 3963 veneni.
2411 3906 2516 3962 Sed
2560 3907 2624 3960 ad
2669 3907 2924 3961 invidiam
2968 3907 3177 3961 excitus
3218 3917 3298 3962 est
3344 3907 3588 3963 diabolus

2024 4001 2336 4070 spectando.
2369 4007 2424 4054 et
2457 4014 2664 4063 eorum,
2700 4014 2819 4068 quae
2849 3999 3074 4064 viderat,
3114 3999 3316 4055 visione
3349 4001 3586 4068 saucius,

2025 4089 2304 4146 ferientem
2336 4091 2559 4146 referire
2589 4092 2904 4146 connititnr.
2930 4089 3073 4146 Vidit
3104 4092 3157 4146 in
3186 4107 3398 4147 omnem
3429 4108 3589 4149 crea-

2026 4191 2200 4237 turam
2230 4183 2494 4253 integram
2524 4191 2868 4254 potestatem,
2897 4182 3025 4236 vidit
3057 4183 3108 4237 in
3141 4184 3254 4253 ejus
3284 4199 3447 4238 manu
3478 4200 3591 4238 ma-

2026 4271 2104 4325 ris
2137 4271 2445 4341 imperium,
2481 4271 2756 4341 subjectos
2790 4271 3149 4326 animantium
3186 4286 3396 4342 greges,
3433 4288 3593 4342 para-

2029 4363 2201 4418 disum
2236 4379 2334 4435 pro
2366 4363 2661 4428 domicilio,
2693 4379 2944 4434 sponsam
2978 4363 3159 4420 divina
3194 4364 3371 4420 ﬁctam
3406 4380 3590 4430 manu,

2030 4454 2084 4510 in
2108 4453 2286 4512 dotem
2310 4467 2616 4512 creaturam
2640 4457 2845 4518 datam,
2865 4471 3074 4526 sponsa:
3095 4456 3371 4513 ductorem
3395 4457 3585 4524 Deum,

351 4547 555 4620 ριιὶιδης
613 4544 893 4599 ἐνδύεται·
942 4544 1118 4614 ὄφεως
1185 4544 1438 4616 ἡνίοχος,
1497 4546 1636 4617 μετὰ
1690 4546 1788 4619 τὴν
1831 4545 1910 4600 τοί

2033 4552 2089 4601 et
2118 4545 2257 4601 ictus
2282 4545 2481 4601 invidia
2509 4556 2812 4617 serpentem
2843 4547 3099 4603 eﬂ‘eratus
3130 4548 3320 4614 induit,
3351 4557 3472 4618 post
3501 4564 3593 4604 ae-

351 4639 517 4711 ἀέρος
548 4636 817 4709 ἡνιοχείαν
862 4636 976 4708 (59)
1019 4635 1378 4702 καθίσταται,
1418 4638 1681 4709 πράξεσιν
1710 4639 1928 4709 ἀτίμοις

352 4731 568 4802 ἀτίμως
633 4729 1041 4801 ἐπισυρόμενος.
1094 4729 1152 4784 '0
1203 4729 1313 4801 γάρ
1366 4729 1724 4802 προσκρούων
1771 4728 1926 4800 Θεῷ,

354 4826 451 4878 καὶ
486 4822 599 4894 πρὸ
640 4823 735 4893 τῆς
759 4821 1050 4893 τιμωρίας,
1079 4820 1352 4891 τιμωρίαν
1393 4820 1507 4892 ἔχει
1545 4820 1647 4892 τὴν
1679 4820 1925 4892 ἀτιμίαν.

355 4913 519 4968 οὕτω
564 4909 745 4964 τοίνυν
792 4909 968 4979 ὄφεως
1018 4908 1318 4981 ὑποκριτὴς
1358 4908 1634 4980 γεγονὼς,
1678 4909 1927 4981 πρόσεισι

355 5008 474 5069 τοῖς
509 5000 1014 5072 ἐπιϐουλευομένοις
1034 5001 1128 5054 τὸν
1153 5000 1424 5072 κηδεμόνα
1454 5001 1808 5071 μιμούμενος,
1834 5000 1931 5055 καί¹

357 5097 438 5166 τῷ
479 5094 651 5164 ’Δδάμ
694 5093 830 5157 τέως
865 5093 1022 5162 ἀφεὶς
1056 5092 1116 5146 τὸ
1150 5093 1251 5164 τῆς
1289 5091 1548 5162 συζυγίας
1583 5092 1926 5164 εὐχείρωτον,

358 5192 552 5259 ἕτερον
582 5185 992 5257 περιεξέρχεται
1033 5184 1226 5258 μέρος,
1268 5185 1374 5238 ἀπὸ
1406 5185 1505 5254 τῆς
1539 5185 1779 5255 πλευρᾶς
1815 5203 1929 5239 τοι-

435 5326 485 5372 ."
519 5324 692 5382 Exod.
724 5342 818 5391 xx,
853 5325 1038 5382 15-15.

2031 4634 2108 4693 ris
2139 4638 2433 4692 rectionem
2468 4638 2734 4708 serpentis
2763 4648 2942 4694 rector
2970 4639 3315 4694 constituitur
3343 4639 3483 4710 turpi
3519 4639 3595 4694 fa-

2031 4726 2200 4782 cinori
2246 4727 2474 4796 turpiter
2511 4729 2795 4798 adrepens.
2837 4728 2971 4785 Nam
3009 4731 3099 4800 qui
3137 4731 3302 4786 Deum
3344 4731 3591 4796 oii‘endit,

2031 4819 2165 4876 satis
2198 4819 2248 4876 ei
2283 4819 2532 4890 supplicii
2565 4830 2649 4876 est
2680 4821 2945 4886 dedecus,
2982 4822 3064 4877 vel
3099 4834 3224 4878 ante
3255 4825 3595 4895 supplicium.

2034 4908 2217 4980 Itaque
2243 4912 2510 4981 serpentis
2539 4911 2675 4968 facie
2703 4923 3020 4983 personatus
3051 4915 3310 4972 insidiose
3339 4916 3596 4972 meditata

2036 5001 2370 5073 aggreditur,
2409 5012 2713 5059 curatorem
2751 5005 2991 5072 imitans,
3025 5015 3080 5062 et
3099 5007 3306 5062 Adamo
3345 5008 3600 5074 tantisper

2034 5093 2264 5165 coniugii
2289 5097 2559 5166 negotium
2585 5098 2770 5153 sinens
2790 5099 2890 5154 sub
2912 5114 3131 5154 manum
3157 5100 3445 5155 succedere
3468 5098 3602 5152 alias

2036 5183 2148 5239 obit
2183 5194 2383 5254 partes,
2401 5200 2498 5255 per
2534 5185 2634 5256 15
2669 5186 2805 5245 latus
2841 5189 3072 5244 hominis
3104 5197 3432 5246 structuram
3473 5188 3600 5244 sub-

1582 5456 1687 5512 CL.
1731 5456 2100 5526 DAUSQUEII
2138 5457 2371 5515 NOTAE.

437 5602 553 5670 (39)
595 5600 756 5655 Μετὰ
798 5599 912 5666 τὴν
961 5597 1282 5670 τοῦ-ἀέρος
1321 5597 1650 5670 ᾐνιοχελίαν.
1694 5598 1942 5670 lntelligit

364 5667 667 5742 potestates
696 5672 1043 5742 tenebrarum
1077 5667 1286 5722 harum.
1330 5667 1469 5722 Sunt
1505 5668 1590 5723 illa
1619 5685 1831 5739 quoque
1862 5667 1941 5724 Pi-

367 5739 487 5799 side
519 5739 880 5796 mellitissima
909 5755 922 5792 :

447 5873 462 5888 .
507 5869 524 5886 .
570 5875 582 5887 .
629 5875 640 5885 .
685 5870 698 5887 .
754 5829 1037 5910 Ἠνιοχῷν
1074 5828 1140 5882 δὲ
1163 5827 1296 5893 τοὺς
1340 5829 1596 5898 χρόνους

2131 5603 2225 5655 Ἐν
2252 5602 2646 5668 ἐπτακύλιλοις
2674 5601 2908 5670 ἡμερῶν
2944 5598 3338 5669 περιδρόμοις.

2115 5672 2443 5738 Septemplici
2471 5673 2670 5726 dierum
2703 5670 2899 5725 circulo
2927 5670 3076 5741 regit,

2124 5742 2190 5796 Et
2215 5744 2490 5813 aurigatur
2526 5758 2672 5797 omne
2698 5751 2921 5811 tempus.
