4102 6584
532 419 601 482 55
1722 406 2003 469 BASILII
2043 404 2582 469 SELEUCIENSIS
3720 385 3799 448 56

537 547 692 589 .uere
728 534 987 600 incmptat
1017 546 1030 585 :
1067 528 1175 584 Cur
1223 528 1463 595 prtecepit
1520 524 1658 579 vobis
1696 522 1859 585 Deus,
1896 533 1949 576 ut
1991 538 2093 576 non

2221 524 2464 593 ςωρυχεῖν
2494 518 2592 573 τὸν
2615 518 2903 588 ἄνθρωπον
2931 512 3047 585 (40)
3090 513 3346 584 ἄρχεται·
3388 508 3449 564 Τί
3477 506 3567 600 ὅτι
3602 499 3796 600 εἴπεν

534 621 871 677 concederetis
896 637 963 676 ea:
989 624 1129 675 omni
1158 619 1299 688 ligno
1324 615 1561 686 paradisi
1584 614 1629 645 "
1651 612 1674 666 ’ἶ
1700 611 2098 667 Humanitatem

532 713 771 779 simulat,
790 728 915 767 cum
935 712 1003 768 ad
1016 711 1219 767 ctedem
1248 714 1517 769 accurrat,
1542 714 1599 760 et
1612 701 2102 761 commiserationis

534 803 761 858 obtentu
798 812 1022 858 conatur
1058 814 1273 855 servum
1310 812 1432 853 cum
1473 797 1701 851 Domino
1739 794 2099 849 committere.

537 894 660 949 Vidi
697 908 821 960 vos,
860 893 1064 961 inquit,
1103 892 1158 944 in
1198 890 1347 946 omni
1385 890 1649 944 bonorum
1687 886 1956 940 allluentia
1996 898 2101 938 non

536 1000 699 1040 ausos
738 984 866 1046 frui,
900 993 958 1037 et
994 981 1287 1038 condoleus
1322 982 1445 1037 veni
1486 999 1501 1035 :
1542 979 1786 1034 videbam
1833 976 1889 1030 in
1927 975 2106 1029 medio

538 1074 770 1145 paradisi
797 1073 1119 1136 esurientes,
1143 1084 1199 1127 et
1226 1074 1278 1128 in
1307 1082 1514 1141 partem
1545 1069 1782 1125 tristitiae
1805 1068 1947 1121 veni.
1972 1066 2102 1119 Nam

538 1180 647 1235 quo
668 1164 913 1229 oornsilio,
952 1164 1036 1219 dic
1070 1164 1229 1229 mihi,
1265 1164 1389 1218 cibo
1419 1162 1560 1216 Deus
1599 1158 1877 1214 interdixit
1900 1156 2067 1225 iquid
2087 1197 2102 1221 ,

540 1256 817 1328 spectabili
846 1272 902 1313 re
925 1265 1368 1322 commonstrata,
1394 1267 1496 1309 usu
1522 1251 1788 1322 privavit?
1826 1250 1911 1305 cui
1954 1248 2105 1304 oble-

541 1349 833 1405 ctationem
873 1348 1011 1401 banc
1050 1344 1325 1403 reconditi
1354 1344 1439 1399 cui
1460 1343 1612 1398 vobis
1632 1340 1808 1397 ablata
1842 1339 1984 1394 dona
2019 1352 2106 1393 re-

542 1439 758 1495 servat?
790 1438 972 1494 Satius
1006 1445 1122 1493 erat
1156 1452 1260 1492 non
1293 1435 1544 1498 dedisse,
1582 1449 1742 1503 quam
1776 1433 1905 1486 dato
1943 1431 2111 1485 inter-

542 1531 766 1585 dixisse.
802 1529 1118 1584 Paradisum
1155 1526 1325 1590 dedit,
1363 1536 1418 1581 et
1455 1526 1636 1581 cibum
1676 1540 1781 1579 non
1816 1522 2108 1579 concessit.

548 1621 651 1678 llis
668 1622 887 1678 vocibus
915 1620 1156 1675 auditum
1185 1618 1469 1685 subvertit,
1494 1626 1551 1673 et
1580 1616 1844 1672 rationem
1872 1613 2106 1677 obsidet,

547 1723 712 1783 utque
742 1726 895 1783 mens
920 1710 1088 1767 animi
1114 1709 1335 1767 ﬂuctuet
1354 1749 1370 1773 ,
1399 1708 1528 1763 facit
1559 1731 1571 1764 :
1604 1707 1873 1778 percussit
1900 1712 2110 1768 autem,

548 1815 608 1861 ut
644 1804 1029 1861 conscientiam
1067 1803 1243 1859 laedat.
1275 1801 1471 1857 Verum
1508 1798 1577 1854 ad
1617 1797 1986 1852 insidiatorem
2029 1809 2112 1848 re-

2202 591 2235 667 ὁ
2268 591 2431 678 ss,-
2461 614 2543 665 οὐ
2572 610 2660 680 μὴ
2696 607 2921 679 φάγητε
2948 605 3066 659 ἀπὸ
3100 603 3208 657 τοῦ
3240 600 3432 665 ξύλου
3459 596 3566 650 τοῦ
3599 598 3671 648 ἐν
3708 591 3798 656 τῷ

2204 703 2586 771 παραδείσῳ;
2626 699 3005 770 Ὑποκρίνεται
3026 691 3438 765 φιλανθρωπίαν
3462 690 3492 741 δ
3520 687 3658 756 πρὸς
3687 685 3799 752 φό-

2204 811 2295 848 νον
2325 790 2575 864 δραμὼν,
2623 791 2718 844 καὶ
2765 784 3091 857 συγκρούειν
3136 781 3407 852 ἐπιχειρεῖ
3438 777 3531 831 τὸν
3563 776 3800 843 οίκέτην

2204 884 2342 954 πρὸς
2366 883 2458 936 τὸν
2498 882 2799 952 Δεσπότην,
2846 876 3190 949 συμπαθείας
3221 874 3593 947 προσχήματι.
3626 866 3800 924 Εἶδον

2204 973 2369 1044 ὑμᾶς,
2399 972 2584 1043 φησιν,
2607 972 2666 1024 ὲν
2689 969 2911 1039 ἀγαθῶν
2942 966 3230 1040 περιουσίᾳ
3253 966 3438 1035 τυχεῖν
3462 965 3523 1017 οὐ
3546 960 3802 1033 τολμῶν·

2205 1081 2324 1128 τας,
2353 1064 2447 1117 καὶ
2476 1062 2843 1132 συμπαθήσας
2868 1059 3125 1132 ἐλήλυθα.
3155 1053 3309 1112 Εἶδον
3335 1058 3393 1110 ὲν
3424 1054 3574 1126 μέσῳ
3604 1070 3801 1122 παρα-

2206 1150 2385 1205 δείσου
2416 1150 2803 1221 λιμώττοντας,
2840 1151 2937 1203 καὶ
2962 1149 3064 1219 τὴν
3096 1146 3276 1218 λύπην
3305 1145 3657 1217 μεριζόμενος
3689 1138 3801 1210 ἧλ-

2209 1242 2299 1296 θον
2334 1241 2467 1313 (41).
2501 1241 2567 1297 Τί
2613 1240 2742 1312 γὰρ,
2776 1241 2895 1295 είπέ
2934 1257 3045 1312 μοι,
3095 1237 3415 1309 βουλόμενος
3455 1238 3483 1289 ὁ
3527 1235 3658 1298 Θεὸς
3689 1235 3801 1305 τὴν

2211 1335 2417 1407 βρῶσιν
2455 1334 2739 1400 ὲκώλυσες
2783 1333 2836 1387 τί
2883 1333 3063 1399 δείξας
3094 1330 3195 1399 τὴν
3241 1328 3386 1393 θέαν,
3434 1329 3534 1399 τῆς
3584 1326 3798 1399 πείρας

2209 1426 2507 1496 ἐστέρησες
2552 1425 2658 1478 τίνι
2687 1422 3011 1496 ταμιεύεται
3040 1420 3140 1493 τὴν
3172 1418 3505 1485 ἀπόλαυσιν;
3532 1418 3637 1471 τίνι
3686 1434 3799 1487 φυ-

2210 1517 2390 1571 λάττει
2414 1516 2477 1571 τὸ
2498 1516 2669 1587 δῶρον
2699 1515 2853 1587 ὑμῶν
2885 1514 3320 1586 ἀφαιρούμενος;
3344 1512 3600 1580 Ἄμεινον
3618 1505 3715 1581 ἦν,
3743 1510 3799 1562 εί

2216 1608 2295 1681 μὴ
2318 1607 2589 1672 ἐδεδώκει,
2619 1608 2652 1678 ἢ
2679 1606 2928 1670 δεδωκὼς
2953 1604 3212 1658 ἐκώλυσε.
3238 1601 3574 1673 Παράδεισον
3593 1600 3797 1663 ἔδωκε,

2212 1701 2305 1753 καὶ
2336 1700 2436 1769 τὴν
2469 1698 2671 1769 βρῶσιν
2716 1699 2779 1752 οὐ
2832 1695 3201 1767 συνεχώρησε.
3242 1693 3481 1756 Ταύταις
3513 1693 3633 1755 ταῖς
3676 1708 3801 1759 φω-

2212 1793 2331 1855 ναῖς
2357 1789 2456 1862 τὴν
2486 1788 2655 1861 ἀκοὴν
2683 1788 3055 1859 ὑπεργάζεται
3092 1786 3229 1858 (42),
3258 1786 3352 1839 καὶ
3386 1784 3669 1855 πολιορκεῖ
3698 1782 3802 1835 τὸν

547 1897 775 1964 spondet
807 1893 1015 1959 mulier,
1050 1901 1107 1947 et
1138 1890 1481 1947 insidiantem
1511 1889 1785 1958 corrigere
1813 1887 1944 1942 vult.
1976 1883 2113 1951 Quid

2221 1879 2392 1948 λόγον,
2415 1881 2511 1933 καὶ
2534 1878 2792 1950 κυμαίνει
2817 1878 2915 1951 τὴν
2938 1877 3186 1948 γνώμην.
3216 1875 3457 1947 Ἔπληξε
3477 1875 3576 1947 τὴν
3594 1874 3796 1946 ἀκοὴν,

553 1995 626 2050 te,
665 1982 881 2050 mulier,
920 1980 1264 2038 simulatione
1308 1978 1595 2049 inquines?
1634 1976 1971 2033 mendacium
2015 1990 2117 2031 au-v

551 2074 702 2137 disti,
727 2072 990 2129 mendacii
1010 2072 1274 2128 artiﬁcem
1299 2071 1444 2142 fuge,
1462 2082 1715 2125 aversare
1739 2066 2000 2122 mendacii
2024 2081 2116 2134 pa-

553 2172 714 2228 trem,
745 2161 953 2218 obsiste
987 2160 1202 2217 silentio
1236 2160 1355 2231 ejus
1394 2158 1683 2223 machinis,
1719 2156 1965 2212 inetiicax
2000 2155 2118 2225 ejus

552 2252 716 2309 telum
740 2253 828 2308 fac
856 2252 1077 2309 auribus
1101 2251 1370 2321 oppilatis.
1402 2250 1476 2305 De
1502 2250 1681 2318 fructu
1710 2248 1974 2319 lignorum
1994 2286 2010 2310 .
2039 2248 2117 2302 in-

553 2341 691 2411 quit,
714 2356 829 2411 qua:
855 2341 1053 2396 suntin
1076 2339 1346 2410 paradiso,
1368 2339 1621 2394 vescimur
1644 2352 1663 2391 :
1686 2338 1750 2392 de
1776 2336 1918 2407 ligno
1942 2345 2116 2391 autem

554 2430 781 2489 scientia:
803 2429 925 2483 boni
943 2412 994 2484 et
1016 2428 1142 2483 mali
1165 2428 1413 2498 pracepit
1433 2427 1599 2491 Deus,
1622 2443 1684 2480 ne
1707 2427 2113 2483 comederemus.

553 2519 621 2574 In
637 2534 938 2591 quocunque
954 2519 1088 2574 enim
1104 2518 1188 2572 die
1204 2517 1726 2581 comederitis,morte
1740 2517 2030 2572 moriemini
2046 2516 2114 2572 ".

553 2610 854 2667 Exarmasti
884 2619 956 2676 te,
981 2609 1195 2676 mulier,
1220 2610 1314 2664 Dei
1334 2623 1465 2665 voce
1491 2609 1703 2665 diabolo
1727 2609 1953 2665 credita.
1979 2608 2116 2676 Quid

554 2703 643 2758 ille
676 2703 875 2774 igitur?
907 2700 1253 2773 Nequaquam
1288 2702 1583 2756 moriemini
1607 2700 1674 2756 “.
1708 2700 1753 2758 Ο
1790 2703 2117 2757 sententiam

552 2790 961 2857 exsecrabilem,
988 2800 1041 2845 et
1068 2789 1277 2858 plenam
1305 2790 1541 2845 audacite
1567 2792 1783 2850 voceml
1809 2789 1950 2847 Deus
1976 2807 2119 2848 mor-

456 2951 463 2957 ν
558 2890 664 2937 tem
694 2880 1182 2951 lransgressoribus
1206 2882 1425 2945 statuit,
1450 2892 1505 2935 et
1530 2881 1774 2939 diabolus
1799 2884 1962 2937 vitam
1990 2899 2119 2940 con-

555 2980 643 3027 tra
669 2972 840 3043 legem
869 2972 1151 3043 agentibus
1172 2971 1418 3040 spondet.
1450 2972 1790 3043 Nequaquam
1818 2985 1982 3030 morte
2008 2993 2120 3031 uto-

554 3061 786 3119 riemini.
829 3060 1035 3118 Furtim
1084 3060 1251 3118 demit
1298 3062 1483 3116 mortis
1531 3072 1832 3130 terrorem,
1880 3074 1937 3121 ut
1986 3066 2120 3135 legis

558 3151 888 3206 munimenta
925 3150 1288 3220 deprazdetur;
1326 3164 1541 3218 pinnam
1578 3153 1870 3217 adulterat,
1904 3169 2013 3223 quo
2050 3155 2117 3210 ad

557 3240 727 3312 legem
749 3240 1178 3313 perfringendam
1203 3244 1491 3313 propellat;
1513 3259 1741 3300 excusso
1766 3246 1960 3300 timore
2006 3262 2120 3315 pte-

561 3347 740 3403 naque
778 3333 1008 3399 sublata,
1050 3345 1237 3390 contra
1271 3335 1435 3391 Deum
1481 3336 1677 3392 bellum
1731 3339 1929 3394 conﬁat
1966 3339 2121 3395 :Scit

560 3423 700 3477 enim
725 3420 865 3487 Deus
909 3425 1046 3493 quod
1072 3424 1125 3479 in
1152 3441 1455 3497 quocunque
1480 3428 1566 3481 die
1592 3430 1921 3484 comederitis
1946 3446 2011 3485 ea:
2039 3446 2120 3495 eo,

562 3516 860 3582 aperientur
896 3515 1035 3570 oculi
1074 3519 1261 3585 vestri,
1299 3527 1347 3573 et
1388 3520 1534 3573 erilis
1574 3521 1707 3575 sicut
1754 3522 1867 3587 dii,
1905 3524 2121 3579 scientes

564 3605 755 3660 bonum
791 3615 841 3660 et
901 3606 1098 3661 malum
1118 3608 1184 3662 ".
1221 3607 1333 3664 Non
1373 3626 1468 3678 per
1498 3626 1760 3678 amorem,
1796 3613 1994 3684 inquit,
2028 3617 2122 3672 sed

565 3712 662 3767 per
691 3697 941 3753 invidiam
971 3700 1164 3755 arbore
1195 3700 1509 3779 interdixit;
1537 3704 1770 3774 privavit
1797 3720 1892 3760 esu
1912 3745 1928 3773 ,
1960 3717 2016 3761 ut
2044 3707 2128 3761 di~

565 3788 808 3850 vinitatis
848 3791 993 3849 aditu
1033 3793 1337 3861 prohibeat.
1376 3792 1513 3860 Quid
1551 3812 1679 3867 ergo
1718 3797 1876 3867 fugis,
1914 3798 2125 3862 mulier,

568 3881 825 3950 plantam,
851 3881 999 3952 cuius
1025 3897 1127 3950 ope
1154 3882 1291 3936 Deus
1314 3884 1452 3937 eris?
1476 3885 1603 3952 quid
1628 3885 1829 3950 cibum,
1854 3900 1950 3953 per
1970 3901 2126 3955 quem

570 3984 725 4039 pares
752 3986 872 4024 cum
906 3971 1200 4039 imperante
1228 3971 1369 4035 sitis,
1397 3973 1719 4040 repudiatis?
1749 3974 1853 4047 ιε
1882 3973 2011 4028 Vere
2036 3975 2131 4029 Ιιο-

571 4059 762 4112 micida
794 4069 906 4113 erat
938 4059 1001 4112 ab
1036 4060 1188 4112 initio
1203 4059 1270 4113 ³ο.
1305 4057 1595 4125 Postquam
1630 4062 1771 4115 enim
1808 4062 1891 4116 his
1924 4062 2131 4117 duobus

573 4151 832 4203 Adanmm
870 4148 1095 4204 vidisset
1136 4150 1421 4213 munitum,
1464 4150 1653 4209 mortis
1697 4160 1861 4218 metu,
1908 4167 1971 4207 ac
2009 4152 2131 4207 vita:

575 4238 882 4308 promissis,
912 4239 1105 4307 quibus
1131 4240 1302 4310 ipsum
1334 4241 1544 4294 munire
1574 4239 1714 4295 Dens
1743 4254 2127 4311 occupaverat,

574 4330 760 4387 eadem
802 4330 1041 4386 imitatur
1075 4340 1129 4388 et
1166 4332 1394 4387 daemon.
1434 4330 1498 4387 Et
1541 4333 1700 4389 morti
1744 4334 1961 4405 quidem
2004 4334 2133 4391 illud

2216 1971 2305 2025 ἵνα
2338 1970 2513 2042 βλάψῃ
2568 1970 2891 2041 συνείδησιν.
2933 1969 3076 2023 Ἀλλ’
3118 1967 3475 2041 ἀποκρίνεται
3526 1966 3664 2037 πρὸς
3696 1966 3801 2018 τὸν

2215 2064 2498 2117 ἐπίϐουλον
2520 2065 2553 2134 ἡ
2582 2063 2743 2133 γυνὴ,
2768 2063 2863 2116 καὶ
2887 2061 3231 2134 διορθοῦσθαι
3254 2062 3346 2116 τὸν
3366 2058 3804 2113 ἐπιϐουλεύοντα

2218 2152 2484 2223 βούλεται.
2515 2153 2582 2207 Τί
2617 2153 2844 2226 σαυτὴν,
2875 2146 2921 2208 ὦ
2956 2153 3149 2221 γύναι,
3201 2152 3451 2224 μολύνεις
3481 2153 3603 2215 ταῖς
3650 2151 3802 2204 ὑπο⁴

2216 2243 2495 2315 κρίσεσιν;
2535 2243 2835 2316 Ἐφόρεσας
2864 2244 2926 2298 τὸ
2960 2244 3177 2315 ψεῦδος,
3211 2242 3380 2314 φεῦγε
3413 2243 3507 2297 τὸν
3532 2241 3626 2296 τοῦ
3658 2241 3803 2312 ψεύ-

2215 2334 2339 2398 δους
2368 2334 2628 2407 ἐργάτην,
2659 2335 3007 2407 ἀποστρέφου
3037 2336 3128 2392 τὸν
3152 2334 3252 2389 τοῦ
3286 2335 3516 2405 ψεύδους
3552 2335 3801 2406 πατέρα,

2216 2424 2536 2497 ἀντίστησον
2588 2426 2753 2482 αὐτοῦ
2791 2426 2911 2491 ταῖς
2945 2429 3215 2498 μηχαναῖς
3259 2427 3360 2499 τὴν
3393 2428 3581 2498 σιγήνυ
3609 2427 3804 2495 ἄπρα-

2217 2534 2345 2571 κτον
2382 2518 2530 2589 αύτῷ
2573 2518 2715 2573 ποίει
2749 2518 2812 2572 τὸ
2840 2518 3022 2590 βέλος,
3058 2519 3157 2590 τὴν
3202 2520 3376 2590 ἀκοὴν
3405 2517 3799 2589 ἀποφράξασα.

2231 2607 2362 2661 Ἀπὸ
2393 2608 2642 2674 παντὸς,
2676 2607 2831 2679 φησὶ,
2876 2607 3069 2672 ξύλου
3100 2606 3209 2662 τοῦ
3237 2607 3307 2661 ἐν
3338 2606 3420 2673 τῷ
3451 2604 3807 2673 παραδείσῳ

2212 2697 2436 2765 βρώσει
2473 2700 2780 2767 φαγὸμεθα
2828 2696 2973 2769 (45),
3022 2697 3143 2753 ἀπὸ
3186 2696 3257 2752 δὲ
3304 2696 3414 2750 τοῦ
3445 2696 3638 2761 ξύλου
3687 2693 3807 2748 τοῦ

2218 2786 2535 2856 γινώσκειν
2561 2785 2757 2841 καλὸν
2785 2786 2884 2841 καί
2917 2786 3206 2854 πονηρὸν,
3243 2782 3413 2840 εἶπεν
3440 2787 3474 2839 ὁ
3514 2784 3682 2851 Θεὸς,
3726 2785 3807 2837 οὐ

2218 2880 2523 2948 φαγόμεθα
2568 2879 2668 2932 ἀπ’
2698 2878 2906 2932 αὐτοῦ.
2941 2872 3023 2950 τῌ
3065 2878 3116 2930 δ’
3160 2878 3237 2933 ὃν
3277 2876 3467 2948 ᾑμέρᾳ
3500 2874 3802 2947 study-11008,

2219 2968 2450 3036 θανάτῳ
2495 2969 2911 3024 ἀποθανεῖσθε.
2955 2969 3307 3040 Ἐγύμνωσας
3359 2970 3584 3038 σαυτὴν,
3615 2962 3661 3022 ὦ
3693 2968 3805 3037 γύ-

2218 3077 2337 3124 ναι,
2384 3060 2496 3113 τῶν
2532 3060 2733 3127 ὃπλων,
2766 3060 2901 3114 Θεοῦ
2953 3062 3135 3133 φωνὴν
3180 3060 3260 3131 τῷ
3301 3059 3530 3130 διαϐόλῳ
3562 3076 3804 3114 καταπι-

2223 3153 2515 3209 στεύσασα,
2547 3154 2612 3207 Τί
2645 3149 2737 3206 οὖν
2763 3155 3005 3219 ἐκεῖνοςς
3040 3155 3122 3207 Οὐ
3153 3152 3406 3219 θανάτῳ,
3435 3152 3618 3221 φησὶν,
3647 3151 3807 3207 ἁπο-

2226 3244 2521 3300 θανεῖσθε.
2544 3246 2613 3296 Ὢ
2638 3243 2862 3317 γνώμης
2893 3246 3117 3316 μιαρᾶς,
3150 3245 3243 3298 καὶ
3275 3244 3457 3315 φωνῆς
3484 3243 3805 3314 τολμηρᾶςί

2224 3336 2358 3399 Θεὸς
2388 3338 2501 3400 τοῖς
2538 3337 2817 3407 παραϐᾶσι
2866 3337 3094 3391 θάνατον
3140 3336 3497 3404 ἀποφαίνεται
3519 3376 3533 3401 ,
3562 3336 3656 3390 καὶ
3686 3336 3809 3391 διὰ-

2225 3427 2378 3492 ϐολος
2414 3426 2560 3500 ζωὴν
2587 3432 2701 3493 τοῖς
2728 3429 3135 3501 παρανομοῦσιν
3158 3427 3652 3497 ἀντεπαγγέλλεται
3671 3444 3686 3459 ο
3719 3430 3811 3483 Οὐ

2226 3518 2463 3586 θανάτῳ
2508 3520 2933 3576 ἀποθανεῖσθε.
2988 3521 3228 3574 Κλέπτει
3270 3520 3365 3573 τοῦ
3424 3518 3652 3574 θανάτου
3713 3521 3817 3574 τὸν

2228 3611 2413 3680 φόϐον,
2446 3612 2535 3666 ἵνα
2566 3611 2837 3685 λῃστεύσῃ
2861 3613 2959 3682 τῆς
2985 3612 3205 3681 ἐντολῆς
3232 3610 3330 3682 τὴν
3361 3611 3677 3680 ἀσφάλειαν.
3706 3612 3810 3665 Νο-

2238 3701 2383 3755 θεύει
2414 3701 2512 3772 τὴν
2538 3703 2830 3773 τιμωρίαν,
2853 3702 2940 3756 ἴνα
2964 3701 3101 3772 πρὸς
3129 3702 3476 3773 παρανομίαν
3502 3702 3809 3774 προτρέψη-

2233 3807 2344 3845 ται.
2380 3791 2652 3855 Σαλεύσας
2693 3793 2783 3845 τὸν
2814 3792 3007 3860 φόϐον,
3051 3792 3350 3864 γυμνώσας
3384 3793 3484 3863 τῆς
3510 3795 3809 3864 τιμωρίας,

2235 3882 2481 3946 σαλπίζει
2510 3883 2600 3936 τὸν
2638 3884 2780 3938 κατὰ
2817 3883 2952 3938 Θεοῦ
2987 3884 3221 3955 πόλεμον
3258 3886 3391 3955 (44).
3430 3886 3598 3957 ’ῌδει
3636 3885 3749 3955 γὰρ
3776 3889 3817 3940 ὁ

2234 3971 2379 4039 Θεὸς
2404 3971 2493 4025 ὅτι
2521 3967 2560 4043 ᾗ
2593 3972 2670 4028 ἂν
2693 3974 2881 4043 ἡμέρᾳ
2910 3974 3185 4045 φάγησθε
3219 3978 3321 4032 ἀπ’
3351 3977 3559 4040 αὐτοῦ,
3586 3976 3810 4030 διανοι-

2232 4062 2564 4132 χθήσονται
2611 4064 2780 4135 ὑμῶν
2841 4069 2895 4121 οἱ
2926 4069 3257 4137 ὀφθαλμοί*
3298 4066 3398 4122 καὶ
3444 4068 3682 4130 ἔσεσθε,
3727 4068 3811 4133 ὠς

2233 4152 2378 4218 θεοὶ,
2405 4152 2805 4221 γινώσκοντες
2854 4157 3047 4211 καλὸν
3104 4157 3207 4213 καί
3266 4158 3553 4225 πονηρόν.
3598 4156 3811 4225 Φθόνῳ,

2233 4244 2418 4313 φησιν,
2448 4244 2611 4314 ὑμᾶς,
2640 4246 2700 4299 ού
2745 4246 2896 4319 πόθῳ
2942 4248 3036 4301 τοῦ
3079 4248 3295 4316 δένδρου
3337 4247 3633 4302 κεκώλυκε.
3673 4248 3809 4299 ’Λπ-

2242 4336 2501 4407 εστέρησε
2532 4335 2807 4409 βρώσεως,
2830 4339 2919 4393 ἴνα
2942 4338 3162 4412 κωλύσῃ
3176 4337 3445 4409 θεότητος.
3465 4337 3531 4391 Τί
3555 4333 3649 4391 οὖν
3678 4336 3813 4405 φεύ-

646 4534 693 4575 ².⁶
717 4533 851 4605 Gen.
882 4546 961 4595 tu,
1002 4531 1047 4585 I.
1124 4530 1168 4563 "
1203 4531 1331 4587 ltiti.
1356 4531 1411 4598 2,
1435 4533 1487 4588 5.
1583 4534 1627 4565 ³⁸
1657 4532 1787 4590 ibid.
1814 4536 1868 4591 4.
1956 4540 2000 4573 ’⁸
2029 4541 2119 4596 ibit

2221 4547 2243 4594 μ.
2321 4542 2367 4575 ³ο
2397 4540 2550 4599 Joan.
2594 4559 2711 4611 vni,
2745 4544 2835 4601 44.

1782 4716 1890 4773 CL.
1928 4715 2289 4785 DAUSQUEII
2329 4718 2559 4777 ΝΟΤᾸΕ.

653 4911 774 4995 (40)
803 4911 936 4995 itm)
964 4912 1227 4983 πλευρᾶς
1258 4915 1644 4995 τοικῳυχεξν
1671 4914 1778 4995 τὸν
1803 4915 2115 4983 ἄνθρωπον

2245 4918 2408 4993 ἔργον
2432 4931 2488 4995 e_t
2517 4919 2821 4995 ἐργάζομαι
2841 4962 2856 4987 ,
2890 4932 2947 4978 et
2976 4921 3522 4995 rectissimescripsit
3548 4921 3809 4995 etymolo-

581 4980 1021 5053 TranSlatiouna
1065 4980 1273 5051 sumpta
1302 4980 1387 5053 est
1417 4980 1445 5037 a
1476 4980 1882 5051 gladiatoribus,
1910 4980 2138 5053 quorum

582 5065 704 5121 esse
732 5052 949 5121 proprie
986 5053 1124 5106 latus
1150 5050 1342 5121 petere'
1364 5050 1631 5106 luculente
1662 5055 1866 5121 pridem
1900 5050 2142 5111 ostendit

584 5119 644 5191 .1.
662 5119 877 5190 Lipsius
902 5119 1540 5191 princeps'litteratorum
1570 5119 1938 5178 Saturnalitia:
1974 5124 2007 5178 Ι.
2044 5141 2137 5181 xx.

585 5189 768 5265 Altera
798 5193 864 5245 ab
894 5189 1283 5265 eﬂ'ractoribus,
1317 5202 1373 5247 ut
1400 5192 1469 5249 lc.
1515 5193 1827 5265 loquuntur,
1846 5204 1902 5246 ut
1926 5193 2142 5250 Plautus

587 5277 618 5314 a
650 5261 904 5331 parietum
935 5262 1331 5331 perfossoribus.
1586 5261 1599 5265 ⁷
1721 5329 1743 5331 ,ν
1964 5282 1967 5283 ⁷

659 5330 770 5399 (41)
833 5329 952 5398 Τὴν
1010 5329 1216 5403 λύπην
1266 5332 1640 5402 μεριζόμενος
1704 5329 1914 5403 ἦλθον.
1982 5332 2141 5390 Divus

590 5399 1008 5473 Citrysostotnus
1039 5399 1291 5455 Oratione
1333 5399 1397 5456 de
1432 5399 1491 5457 S.
1522 5399 1760 5457 Romano
1796 5403 1933 5473 dixit
1959 5419 2133 5473 τιμω-

594 5468 713 5540 ρίαν
753 5469 993 5541 μερίζειν
1022 5485 1119 5539 pro
1155 5474 1474 5541 participare
1506 5474 1793 5541 suppliciis.
1840 5472 1910 5527 Ut
1960 5468 2139 5527 animo

591 5540 953 5593 conscntiebat
983 5555 1083 5608 par
1107 5542 1232 5593 illud
1266 5540 1558 5595 amicorum
1589 5561 1600 5595 :
1635 5542 1705 5597 ita
1744 5556 1895 5603 voce.
1925 5541 2035 5597 Nec
2057 5558 2139 5597 se-

596 5609 695 5662 mel
728 5608 779 5661 in
807 5609 961 5664 nobis
989 5612 1323 5665 monstraudi
1352 5627 1498 5666 cura.

666 5678 778 5747 (42)
830 5678 1034 5747 Ἁκοὴν
1062 5679 1457 5748 ὺπεργάζὲται.
1490 5680 1830 5746 Respondent
1868 5683 1980 5735 haec
2018 5690 2142 5737 ante

597 5751 771 5813 posito
802 5750 1172 5821 τοιχωρυχεῖν.
1208 5748 1339 5804 Nam
1372 5759 1427 5803 ut
1455 5750 1778 5821 ἐργάζεσθαι
1809 5750 2022 5817 pmprie
2060 5761 2141 5803 est

599 5827 789 5883 terram
820 5829 1004 5879 aratro
1026 5820 1221 5887 moliri,
1258 5832 1302 5875 et
1331 5820 1522 5875 vertere
1552 5820 1657 5874 ἀπὸ
1685 5820 1777 5889 τῆς
1807 5820 1956 5891 ἕρας,
1994 5822 2137 5883 unde

2245 4992 2343 5074 gns
2375 5009 2390 5046 :
2433 4992 2742 5064 Ἐργατίναι
2770 4994 2821 5046 οἱ
2863 4994 3121 5117 γγλπόνοι,
3154 5008 3253 5049 nec
3274 4992 3395 5060 iure
3422 4992 3519 5073 alii
3557 4992 3809 5047 exierunt

2248 5072 2317 5115 ita
2345 5061 2727 5141 ὑπεργάζομαι
2761 5071 2906 5141 trans
2933 5074 3084 5141 ertttr
3109 5064 3189 5141 ad
3203 5063 3584 5141 clanculartam
3613 5079 3807 5141 τοιχιιρ⁴

2252 5129 2552 5207 ρυχοῦντος
2572 5129 2840 5207 serpentis
2876 5135 3030 5207 quasi
3078 5132 3475 5189 suﬂ‘ossiouem.
3528 5129 3605 5186 Eo
3636 5129 3806 5187 verti-

2247 5201 2385 5263 inus,
2414 5202 2665 5257 Auditum
2700 5201 2968 5259 subvertit.

2317 5272 2428 5353 (45)
2465 5274 2688 5353 ιξρώσει
2739 5274 3060 5341 φαγόμεθα.
3118 5270 3287 5327 Biblia
3341 5271 3575 5342 priorem
3620 5284 3806 5327 vocem

2248 5352 2687 5410 praetermittunt.
3664 5408 3704 5410 _

2318 5411 2432 5481 (44)
2470 5409 2743 5472 Σαλπ1ζει
2805 5410 2921 5481 τὸν
2958 5410 3106 5464 κατὰ
3138 5410 3285 5465 Θεοῦ
3335 5410 3621 5481 πόλεμον.
3663 5408 3809 5481 Toti-

2243 5481 2361 5535 dem
2397 5478 2574 5535 verbis
2600 5520 2616 5545 ,
2660 5495 2829 5549 aeque.
2879 5479 3011 5534 Nam
3064 5494 3130 5534 ex
3170 5496 3232 5535 eo
3274 5478 3644 5549 quodbellum
3670 5479 3808 5549 tuba

2242 5549 2452 5605 canitur
2500 5547 2738 5618 conﬂari
2767 5549 2980 5618 dicitur.
3034 5549 3100 5603 Et
3154 5549 3205 5602 in
3259 5548 3509 5604 Glossis:
3545 5547 3805 5618 Tubicen,

2240 5622 2421 5699 pater.
2444 5616 2658 5699 _Ni.si's_i
2691 5620 2860 5674 mavis
2906 5617 2960 5674 id
3006 5633 3126 5674 esse
3158 5617 3225 5672 ab
3266 5618 3571 5672 animorum
3606 5616 3805 5673 tumida

2239 5688 2317 5743 ira
2341 5688 2490 5757 juxta
2524 5688 2651 5741 illud
2683 5706 2696 5741 :

2351 5843 2373 5871 ,Δ
2410 5843 2422 5856 .
2470 5842 2481 5853 .
2530 5842 2542 5858 .
2588 5840 2600 5855 .
2647 5841 2661 5857 .
2704 5801 2769 5865 Et
2804 5812 2980 5872 aperta
3014 5813 3294 5865 tumescere
3329 5799 3491 5863 bella.
