4102 6590
521 426 589 492 59
1708 410 1984 473 BASILII
2020 410 2556 471 SELEUClENSlS
3699 412 3782 476 δο

521 544 772 606 parentes
802 541 975 588 erant.
1015 532 1243 588 Ridebat
1276 533 1412 588 forte
1444 530 1720 593 diabolus,
1756 545 1878 584 cum
1913 529 2078 584 dede-

2202 527 2473 597 ιπλάσθης,
2530 528 2622 579 καὶ
2648 526 2874 580 θανάτου
2901 526 3157 598 πρόξενος
3175 527 3525 599 ἀπηλέγχθης
3550 547 3565 595 ;
3595 531 3780 602 μέλος

521 643 648 682 core
682 626 776 682 Dei
810 635 1227 695 conspurcasset
1258 625 1570 692 imaginem.
1599 620 1760 676 Tales
1794 622 1938 676 enim
1974 621 2083 674 da:-

2186 616 2444 685 ἐλήφθης,
2472 618 2562 669 καὶ
2592 615 2666 679 ὼς
2699 616 2849 685 βέλος
2879 615 3206 686 ἐπέμφθης;
3256 618 3321 670 Τί
3359 614 3452 671 οὖν
3476 620 3535 672 τὸ
3563 620 3733 681 τέλος
3758 635 3776 684 ;

522 717 699 771 Inonis
730 726 856 772 sunt
887 715 1314 770 machinationes
1347 730 1360 766 :
1395 727 1518 766 cum
1553 712 1825 781 voluptate
1882 713 2088 766 sauciat

2202 705 2294 758 Καὶ
2315 707 2590 771 ἔγνωσαν
2602 705 2687 758 ὅτι
2711 707 2918 775 γυμνοὶ
2947 706 3129 775 ἦσαν,
3146 707 3240 760 καὶ
3267 707 3538 777 ἕρῤαψαν
3556 711 3783 778 φύλλα

522 817 579 860 et
606 819 822 862 accusat
849 805 1153 874 pudendum
1187 803 1238 856 in
1273 801 1520 869 modum;
1555 803 1621 856 ad
1655 803 1866 857 ruinam
1898 802 2089 871 impel-

525 898 605 964 lit,
641 909 696 951 et
734 907 953 952 ruentes
995 894 1222 966 publicis
1261 895 1565 964 ignominize
1605 895 1745 950 notis
1786 896 2086 964 consignat.

528 985 1004 1041 Verumenimvero
1036 987 1289 1040 misertus
1317 987 1522 1042 erroris
1551 986 1713 1049 Deus.
1743 990 1809 1042 ad
1841 988 2088 1053 arrigen-

527 1079 655 1131 dum
687 1079 958 1133 currebat.
989 1077 1254 1132 Currebat
1283 1087 1459 1131 autem
1496 1093 1600 1132 non
1634 1079 1932 1132 mutatione
1963 1077 2088 1144 loci,

531 1167 624 1222 sed
657 1167 890 1237 imagine
920 1167 1148 1235 quadam
1182 1168 1410 1224 terribili
1444 1167 1786 1237 praesentiam
1818 1176 2091 1221 contesta.

535 1267 638 1312 tus.
684 1256 762 1310 Illi
813 1267 1018 1312 terrore
1063 1259 1340 1326 percussi,
1388 1258 1596 1327 seipsos
1645 1256 2093 1325 transgressionis

533 1357 876 1402 accusatores
903 1363 967 1402 ac
996 1357 1160 1402 testes
1188 1348 1528 1412 exhibentes,
1559 1347 1750 1401 exsilio
1778 1361 1875 1401 suo
1901 1344 2095 1400 suffra-

532 1451 749 1509 gantur.
785 1439 922 1495 Deus
951 1455 1081 1494 vero
1117 1441 1370 1494 territans
1404 1439 1615 1494 incessu
1649 1438 1909 1508 strepenti
1943 1453 2093 1492 com-

530 1531 696 1599 pellat
725 1531 1110 1585 humanissime
1143 1548 1157 1583 :
1189 1530 1378 1592 Adam,
1402 1529 1590 1595 Adam,
1614 1529 1702 1582 ubi
1728 1545 1781 1583 es
1799 1528 1883 1582 ιιι
1911 1527 1956 1582 Ο
1986 1527 2094 1582 Do-

530 1621 662 1677 mini
693 1623 746 1676 in
779 1621 1025 1677 homines
1056 1622 1328 1675 amoreml
1362 1620 1638 1690 Tanquam
1660 1621 1875 1688 ignarus
1903 1619 2098 1688 quaerit

533 1726 692 1781 quem
724 1711 838 1781 ipse
863 1710 1118 1792 fugabat,
1144 1719 1200 1765 et
1231 1720 1483 1778 tanquam
1516 1724 1620 1764 non
1650 1709 1856 1774 videat,
1886 1710 1976 1779 qui
2009 1725 2098 1766 re-

2188 795 2404 865 συκῆς,
2440 798 2538 851 καὶ
2577 797 2877 864 ἐποίησαν
2924 797 3160 863 ἑαυτοῖς
3207 797 3587 868 περιζώματα.
3616 800 3778 869 Ἤδη

2189 887 2279 940 τὸν
2317 889 2528 958 καρπὸν
2559 891 2658 958 τῆς
2701 888 2915 959 ἀπάτης
2947 889 3061 960 (48)
3095 887 3424 960 ἐτρύγησαν.
3455 889 3784 958 Ἕρῤαψαν

2190 979 2396 1048 φύλλα
2439 978 2657 1048 συκῆς.
2705 981 2868 1033 Αὐτοὶ
2917 978 3296 1049 γυμνωθέντες
3361 979 3628 1047 γυμνοῦσι
3702 979 3785 1031 τὰ

2189 1069 2399 1140 δένδρα·
2439 1069 2566 1138 περὶ
2612 1068 2776 1137 φυτὸν
2828 1067 3342 1138 πλημμελήσαντες,
3391 1065 3545 1136 παρὰ
3595 1064 3783 1135 φυτοῦ

2191 1160 2289 1229 τὴν
2319 1159 2527 1228 σκέπην
2564 1157 2917 1222 δανείζονται.
2953 1159 3041 1211 Ἐν
3063 1157 3324 1220 τοιούτοις
3352 1157 3449 1227 μὲν
3479 1152 3570 1209 οῦν
3595 1157 3644 1208 oi
3674 1155 3784 1209 τοῦ

2192 1251 2381 1320 γένους
2409 1252 2661 1321 πατέρες.
2701 1250 2894 1318 Ἐγέλα
2921 1250 2978 1303 δέ
3023 1250 3131 1321 ἄρα
3161 1250 3189 1301 ὁ
3227 1247 3501 1312 διάϐολος,
3537 1247 3784 1317 αἰσχύνῃ

2197 1340 2429 1411 μολύνας
2468 1341 2564 1393 τοῦ
2594 1341 2729 1393 Θεοῦ
2761 1340 2858 1411 τὴν
2883 1339 3086 1392 εἰκόνα.
3116 1339 3351 1392 Τοιαῦτα
3380 1339 3490 1409 γὰρ
3519 1336 3617 1390 τοῦ
3649 1339 3784 1390 δια-

2195 1434 2349 1485 ϐόλου
2379 1433 2447 1485 τὰ
2495 1433 2882 1503 μηχανήματα,
2929 1431 3045 1499 μεθ’
3072 1431 3264 1501 ἡδονῆς
3311 1432 3634 1501 τιτρώσκει,
3675 1431 3785 1483 καὶ

2198 1524 2313 1596 μετ’
2338 1524 2596 1594 αἰσχύνης
2633 1524 2864 1593 ἐλέγχει.
2905 1519 3050 1576 Ὠθεῖ
3079 1522 3215 1593 πρὸς
3249 1523 3475 1586 πτῶσιν,
3506 1523 3602 1574 καὶ
3634 1538 3784 1590 στη-

2196 1616 2395 1670 λιτεύει
2444 1616 2726 1680 πεσόντας.
2773 1615 3061 1686 Οξκτείρας
3101 1615 3159 1668 δέ
3203 1615 3303 1686 τὴν
3346 1613 3561 1683 ἀπάτην
3601 1612 3783 1677 Θεὸς,

2198 1708 2333 1780 πρὸς
2371 1708 2656 1780 διόρθωσιν
2683 1707 2922 1778 ἔτρεχεν.
2951 1705 3179 1777 Ἔτρεχε
3206 1705 3262 1758 δέ
3291 1705 3354 1758 ού
3381 1703 3550 1757 τόπον
3610 1702 3786 1773 ἀμείο

532 1802 632 1856 bus
657 1805 811 1857 adest
828 1803 1098 1868 omnibus,
1123 1801 1407 1870 compellat
1433 1819 1446 1856 :
1473 1801 1663 1868 Adam,
1687 1801 1874 1864 Adam,
1896 1801 1983 1856 ubi
2007 1803 2097 1856 es?

2202 1801 2330 1864 ϐων,
2361 1800 2497 1855 ἀλλὰ
2529 1802 2619 1855 διά
2652 1817 2797 1863 τινος
2831 1799 3070 1870 φοϐερᾶς
3100 1798 3276 1867 ὅψεως
3321 1797 3422 1868 τὴν
3466 1795 3787 1866 παρουσίαν

534 1893 636 1949 Ubi
667 1891 795 1947 mihi
829 1908 1081 1947 manuum
1116 1907 1354 1946 mearum
1385 1892 1551 1963 opus?
1579 1891 1667 1946 ubi
1697 1893 1932 1945 animata
1958 1905 2091 1947 mea:

532 1986 809 2054 dignitatis
845 1985 1054 2054 imago?
1091 1985 1179 2039 ubi
1232 1985 1334 2039 mei
1363 1984 1596 2054 paradisi
1645 1985 1863 2039 custos?
1897 1985 2092 2050 Adam,

532 2075 725 2141 Adam,
750 2074 838 2128 ubi
873 2077 967 2130 es?
997 2090 1063 2128 ex
1105 2074 1368 2128 immenso
1411 2089 1595 2129 amore
1632 2071 1975 2142 compellatio
2013 2073 2095 2127 la-

535 2174 715 2221 mento
737 2166 1010 2221 assimilis.
1036 2164 1138 2220 Ubi
1163 2166 1254 2220 es?
1282 2165 1368 2220 ubi
1396 2165 1564 2219 mutui
1590 2178 1913 2235 congressus
1936 2165 2096 2234 quid-

534 2258 666 2316 libet
704 2257 988 2314 interfandi
1030 2257 1288 2312 libertas?
1324 2257 1411 2312 ubi
1454 2266 1653 2312 nostrae
1689 2257 2098 2313 consuetudinis

533 2348 891 2403 conﬁdentia?
915 2350 1004 2403 ubi
1037 2357 1140 2402 tua:
1168 2348 1443 2418 dignitatis
1467 2347 1770 2403 celsitudo?
1797 2363 1894 2418 pro
1920 2351 2096 2407 amico

535 2440 819 2511 fugitivus?
847 2441 977 2494 ades
1007 2454 1190 2494 coram
1221 2439 1602 2508 compellante.
1628 2438 1862 2496 Ostende
1892 2442 2098 2497 medico

535 2531 977 2600 transgressionis
1023 2530 1206 2594 ulcus;
1249 2531 1472 2586 ostende
1541 2532 1748 2602 plagam
1790 2532 2046 2589 nuditatis
2081 2551 2096 2590 :

534 2621 924 2676 medicamenta
967 2621 1138 2676 habeo
1173 2621 1395 2676 vulnere
1436 2623 1668 2691 potiora,
1710 2623 1880 2680 habeo
1919 2626 2101 2682 subsi-

534 2707 714 2772 dimn,
744 2706 833 2774 qui
869 2707 1135 2774 serpentis
1167 2722 1404 2762 morsum
1437 2724 1642 2765 curem.
1677 2711 1772 2767 His
1805 2711 1976 2769 fretus
2007 2730 2100 2769 ar-

534 2810 824 2868 rectnsque
852 2800 1096 2866 vocibus,
1127 2802 1220 2871 qui
1251 2802 1474 2870 latebat,
1509 2804 1656 2860 foras
1685 2816 2014 2875 prospectat,
2047 2814 2103 2864 et

535 2893 601 2947 ad
637 2894 1041 2964 responsionem
1078 2894 1386 2949 nonnullam
1420 2896 1584 2951 sumit
1616 2897 1936 2965 audaciam,
1975 2900 2102 2954 talia

535 3001 717 3042 secum
752 2985 1001 3044 volutans
1035 3003 1050 3041 :
1089 2987 1338 3043 Profecto
1380 2987 1521 3044 Deus
1559 2989 1832 3060 appellare
1871 3007 1957 3047 me
1995 3009 2101 3050 non

536 3077 877 3148 dedignatur,
903 3085 958 3131 et
984 3078 1160 3134 verbis
1185 3079 1444 3146 accersit,
1472 3094 1649 3150 neque
1673 3081 1964 3137 violentum
1991 3082 2099 3138 ful-

2197 1891 2571 1963 πιστούμενος.
2606 1892 2740 1945 Οίδὲ
2755 1891 2832 1960 τῷ
2863 1889 3011 1961 φόϐῳ
3038 1887 3356 1960 πληγέντες,
3388 1887 3612 1950 ἑαυτοὺς
3641 1903 3784 1939 κατ-

2196 1985 2429 2056 ηγόρους
2473 1985 2568 2037 καὶ
2633 1984 2917 2056 μάρτυρας
2974 1985 3071 2053 τῆς
3119 1981 3483 2054 παραϐάσεως
3521 1979 3782 2049 ἔχοντες,

2196 2078 2374 2148 φυγὴν
2403 2077 2613 2131 ἑαυτῶν
2658 2074 3144 2151 καταψηφίζονται.
3189 2072 3434 2143 Φοϐήσας
3466 2071 3524 2123 δέ
3560 2071 3637 2141 τῷ
3677 2070 3786 2122 τοῦ

2198 2169 2500 2239 περιπάτου
2529 2168 2738 2240 κτύπῳ,
2770 2168 2900 2231 Θεὸς
2927 2170 2994 2238 τῇ
3020 2167 3210 2237 κλήσει
3243 2164 3784 2235 φιλανθρωπεύεται,

2200 2260 2390 2330 λέγων’
2421 2260 2612 2330 Ἀδὰμ,
2655 2261 2843 2329 Ἀδὰμ,
2869 2259 2987 2314 ποῦ
3011 2255 3070 2313 εἴ
3089 2259 3237 2329 (49);
3269 2259 3332 2310 Ὢ
3366 2256 3787 2329 φιλανθρωπίας

2201 2353 2501 2406 Δεσπότουί
2532 2353 2609 2416 ὡς
2671 2351 2882 2420 ἀγνοῶν
2914 2351 3086 2422 ζητεῖ,
3117 2351 3176 2403 ὃν
3219 2349 3382 2412 αὐτὸς
3414 2348 3783 2417 ἐφυγάδευσε,

2203 2444 2296 2496 καὶ
2329 2443 2405 2506 ὡς
2440 2444 2539 2514 οὐχ
2568 2441 2712 2514 ὁρῶν
2745 2442 2901 2496 καλεῖ
2927 2443 2956 2495 ὁ
2985 2443 3099 2504 τοῖς
3132 2441 3267 2492 πᾶσι
3315 2437 3527 2508 παρών.
3567 2436 3776 2506 Ἀδὰμ,

2215 2535 2409 2605 Ἀδὰμ,
2441 2534 2559 2589 ποῦ
2589 2531 2672 2599 εῒ;
2701 2535 2811 2588 Ποῦ
2859 2551 2948 2605 μοι
2975 2533 3081 2586 τῶν
3115 2531 3262 2603 ἐμῶν
3300 2529 3498 2601 χειρῶν
3538 2529 3599 2580 τὸ
3637 2527 3786 2581 πλα-

2205 2628 2556 2699 στούργημας
2588 2627 2692 2681 ποῦ
2720 2629 2818 2696 τῆς
2849 2626 2988 2697 ἐμῆς
3015 2623 3168 2688 ἀξίας
3193 2624 3222 2675 ό
3250 2621 3488 2692 ἔμψυχος
3513 2619 3783 2690 άνδριάς;

2203 2722 2304 2778 ποῦ
2333 2722 2431 2790 τῆς
2477 2719 2618 2790 ἐμῆς
2650 2717 2983 2789 φυτουργίας
3009 2717 3037 2768 ὁ
3076 2713 3283 2784 φύλαξ;
3319 2711 3492 2779 Ἀδὰμ
3516 2750 3531 2773 ,
3570 2710 3779 2779 Ἀδὰμ,

2205 2814 2321 2868 ποῦ
2357 2810 2446 2876 ei;
2474 2809 2766 2881 Θρηνὼδης
2799 2810 2865 2862 ἐκ
2903 2805 3282 2878 φιλοστοργίας
3323 2806 3356 2874 ἡ
3391 2804 3612 2874 κλῆσιςο
3651 2802 3784 2856 Ποῦ

2201 2902 2298 2968 εἷς
2330 2903 2440 2957 Ποῦ
2494 2919 2577 2955 σοι
2613 2902 2713 2972 τῆς
2763 2900 2904 2972 ἐμῆς
2953 2898 3170 2970 ὁμιλίας
3222 2899 3255 2968 ἡ
3298 2897 3618 2969 παρρησία;
3670 2896 3784 2952 ποῦ

2205 3016 2286 3052 σοι
2319 2998 2416 3067 τῆς
2451 2995 2583 3067 πρὸς
2626 2994 2725 3064 ἐμὲ
2753 2992 3040 3063 συνηθείας
3081 2991 3142 3044 τὸ
3175 2991 3375 3057 θάρσος
3404 3007 3419 3055 ;
3459 2990 3562 3043 ποῦ
3604 3006 3690 3041 σοι
3721 2991 3788 3041 τὸ

2201 3089 2301 3159 τῆς
2333 3087 2486 3152 ἀξίας
2537 3085 2706 3154 halm;
2742 3085 2863 3138 ἀντ).
2904 3083 3056 3151 φίλου
3108 3083 3415 3153 δραπέτης;
3447 3080 3646 3150 φάνηθι
3679 3098 3787 3134 κα-

537 3183 659 3224 men
695 3168 748 3223 in
783 3184 869 3224 me
892 3169 1025 3238 jacit
1056 3185 1233 3234 suum,
1265 3186 1459 3241 neque,
1485 3187 1643 3241 quam
1674 3173 1823 3242 prius
1856 3174 2099 3230 intermi-

2202 3180 2380 3233 λοῦντι
2407 3219 2422 3233 .
2457 3178 2636 3244 Δεῖξον
2685 3176 2762 3246 τῷ
2815 3175 2983 3246 ἰατρῷ
3033 3175 3093 3228 τὸ
3130 3176 3228 3245 τῆς
3272 3173 3639 3245 παραϐάσεως
3688 3171 3786 3224 ἐλ-

537 3269 699 3316 natus
721 3269 856 3329 erat,
880 3271 1106 3316 mortem
1133 3262 1396 3317 immittit.
1419 3261 1605 3318 Nonne
1627 3278 1757 3333 ergo
1778 3264 2099 3320 clamantem

537 3353 844 3420 exaudiam,
871 3369 1028 3423 quem
1056 3354 1225 3424 legem
1257 3365 1543 3424 ponentem
1571 3372 1679 3411 non
1712 3356 1888 3410 audivi
1919 3356 2102 3425 prius?

552 3443 738 3500 Vocem
772 3455 918 3498 tuam
951 3445 1151 3510 audivi,
1174 3454 1222 3498 et
1244 3447 1417 3510 timui,
1449 3462 1508 3500 eo
1539 3447 1676 3516 quod
1711 3446 1882 3501 nudus
1914 3463 2100 3514 essem,

539 3551 586 3593 et
613 3537 862 3592 abscondi
890 3537 1052 3591 me”.
1080 3535 1222 3590 Nihil
1251 3552 1383 3608 opus
1411 3547 1494 3593 est
1521 3540 1782 3593 instructa
1806 3540 1985 3595 verbis
2009 3555 2102 3595 ac-

539 3630 854 3696 cusatione;
899 3628 1003 3684 mei
1052 3628 1272 3685 nudatio
1317 3629 1594 3684 verissima
1638 3641 1724 3684 est
1765 3632 2102 3698 accusatrix,

541 3738 648 3779 non
691 3730 999 3793 personata.
1038 3721 1175 3788 Quid
1220 3724 1430 3778 tandem
1473 3722 1647 3778 Deus?
1686 3721 1816 3788 Quis
1856 3723 2104 3779 indicavit

541 3815 655 3879 tibi,
679 3815 818 3885 quod
845 3815 1015 3870 nudus
1038 3830 1195 3882 esset,
1221 3816 1323 3868 nisi
1349 3817 1486 3884 quod
1515 3815 1621 3882 18
1644 3831 1708 3867 ea:
1729 3816 1891 3883 ligno.
1917 3816 1980 3869 de
2002 3832 2104 3884 quo

539 3923 886 3977 praceperam
923 3907 1014 3960 tibi
1047 3922 1109 3959 ne
1141 3905 1464 3968 comedens,
1499 3905 1772 3958 comedisti
1803 3904 1885 3960 '3?
1919 3905 1991 3960 U1
2015 3905 2104 3973 ju-

541 3998 643 4049 dex
670 3996 906 4059 advenit,
932 4003 989 4047 ut
1011 3994 1250 4048 medicus
1278 4005 1449 4065 rogat,
1475 4005 1528 4050 et
1555 3997 1619 4049 ad
1640 3994 1901 4062 judicium
1931 3995 2106 4050 feren-

541 4087 668 4139 dum
697 4099 818 4139 cum
850 4085 1204 4147 accessisset.
1236 4094 1292 4139 ut
1325 4088 1556 4140 amicum
1591 4087 1892 4156 increpitat.
1953 4087 2104 4142 llaec-

541 4176 694 4240 rine,
749 4175 954 4244 inquit,
1010 4175 1374 4232 beneﬁcentiae
1431 4192 1563 4231 mea:
1621 4177 1849 4232 refertur
1896 4178 2106 4247 gratia?

542 4267 767 4322 hoccine
792 4282 888 4337 pro
914 4267 1122 4338 adeptis
1149 4269 1313 4323 animi
1342 4268 1480 4340 grati
1510 4269 1736 4322 munus?
1763 4267 1860 4324 Hic
1889 4283 2108 4338 respon-

541 4359 710 4414 sionis
747 4375 937 4429 egere,
983 4362 1218 4426 haerere,
1260 4362 1312 4415 in
1358 4361 1639 4416 mulierem
1683 4361 1856 4416 audax
1901 4360 2108 4417 facinus

543 4451 859 4516 transferre,
898 4452 1023 4508 vitae
1063 4452 1375 4508 societatem
1419 4450 1632 4506 causari
1668 4459 1724 4506 et
1767 4450 2044 4505 criminari
2088 4469 2103 4506 :

2203 3289 2331 3335 κος’
2366 3270 2537 3333 δεῖξον
2584 3268 2680 3340 τὴν
2729 3267 2943 3336 πληγὴν
2975 3265 3074 3334 τῆς
3116 3264 3450 3334 γυμνώσεως
3476 3280 3490 3294 ·
3522 3262 3631 3333 ἔχω
3668 3261 3786 3331 γὰρ

2203 3364 2471 3435 φάρμακα
2522 3361 2616 3414 τοῦ
2664 3359 2974 3431 τραύματος
3023 3356 3367 3428 ἰσχυρότερα,
3422 3355 3529 3426 ἐχω
3581 3352 3787 3424 βοηθήα

2206 3473 2372 3527 ματα,
2401 3455 2467 3508 δι’
2495 3446 2569 3507 ὧν
2604 3450 2891 3524 θεραπεύω
2921 3450 2989 3503 τὰ
3020 3449 3111 3502 τοῦ
3138 3449 3313 3518 δφεως
3343 3448 3614 3519 δήγματα.
3645 3444 3791 3497 Τούο

2203 3564 2316 3610 τοις
2346 3545 2623 3617 θαρσήσας
2647 3545 2758 3607 τοῖς
2788 3544 2995 3614 ῥήμασι
3036 3539 3347 3613 προκύπτει
3377 3540 3784 3610 κρυπτόμενος,

2203 3640 2298 3694 καὶ
2326 3638 2503 3709 τολμᾷ
2538 3637 2637 3705 τὴν
2676 3636 2986 3705 ἀπόκρισιν,
3017 3633 3242 3687 τοιαῦτα
3275 3632 3396 3685 καθ’
3425 3631 3612 3684 ἐαυτὸν
3653 3630 3786 3702 βου-

2203 3730 2533 3799 λευσάμενος
2552 3744 2565 3757 ·
2594 3727 2771 3789 Ὂλως
2795 3726 2933 3789 ἀξιοῖ
2961 3741 3026 3795 με
3043 3725 3325 3793 κλήσεωςὸ
3341 3722 3492 3786 Θεὸς,
3515 3723 3608 3776 καὶ
3628 3725 3786 3793 φωνῇ

2209 3824 2621 3893 μεταπέμπεται
2643 3833 2656 3847 ’
2691 3819 2785 3871 καὶ
2816 3818 2877 3870 ού
2919 3815 3160 3886 σκηπτὸν
3193 3815 3489 3887 ἐπαφίησιν
3525 3815 3658 3884 (50),
3681 3815 3788 3868 ούκ

2205 3913 2401 3980 ἐπάγει
2440 3912 2688 3974 θάνατον,
2724 3910 2782 3962 ὃν
2830 3909 2924 3961 καὶ
2959 3907 3378 3979 προηπείλησεν.
3429 3905 3637 3960 Οὐκοῦν
3682 3907 3788 3958 ἐπ-

2206 4006 2422 4057 ακούσω
2452 4002 2702 4072 βοῶντος,
2729 4001 2802 4072 μὴ
2824 3999 3168 4073 προακούσας
3196 3997 3633 4068 νομοθετοῦντος.
3666 3998 3789 4066 Τὴν

2207 4093 2416 4163 φωνήν
2440 4106 2556 4145 σου
2590 4090 2830 4160 ἤκουσα
2857 4089 3325 4158 περιπατοῦντος
3357 4088 3490 4159 (51),
3523 4087 3622 4140 καί
3652 4086 3789 4155 e350-

2208 4182 2418 4252 ϐήθην,
2449 4181 2539 4234 ὅτι
2573 4182 2795 4252 γυμνός
2837 4183 2983 4249 ειμι,
3029 4180 3126 4234 καὶ
3177 4179 3454 4246 ἐκρῦϐην.
3501 4179 3573 4232 Ού
3619 4178 3788 4248 χρεία

2210 4293 2301 4345 μοι
2348 4274 2610 4347 ῥημάτων
2655 4272 3124 4344 κατηγορούντων,
3167 4271 3595 4341 αὐτοπρόσωπον
3633 4270 3787 4338 φέρω

2206 4366 2304 4434 τῆς
2346 4365 2619 4436 ἁμαρτίας
2649 4364 2706 4417 ἐν
2738 4366 2803 4434 τῇ
2837 4361 3112 4432 γυμνώσει
3159 4363 3482 4430 κατήγορον.
3524 4358 3589 4410 Τί
3623 4357 3716 4411 οὖν
3754 4361 3785 4411 ὁ

2206 4455 2373 4521 Θεός;
2412 4455 2505 4521 Τίς
2546 4451 2860 4524 dﬂith
2908 4467 3025 4517 σοι,
3070 4452 3158 4504 ὅτι
3212 4451 3437 4521 γυμνὸς
3487 4444 3572 4512 εἷ,
3606 4449 3659 4501 εί
3687 4447 3775 4516 μὴ

544 4540 631 4595 illa
658 4542 711 4596 in
735 4553 1036 4613 serpentem
1063 4543 1420 4613 prolapsionis
1441 4542 1651 4612 culpam
1673 4542 1938 4599 derivare.
1963 4542 2099 4598 Deus

2207 4548 2327 4606 ἀπὸ
2357 4547 2462 4602 τοῦ
2508 4547 2720 4611 ξύλου,
2761 4542 2832 4601 οὗ
2866 4544 3255 4614 ἐνετειλάμην
3282 4557 3402 4608 σοι,
3439 4542 3652 4595 τούτου
3674 4541 3784 4608 μό-

544 4649 674 4688 vero
704 4637 953 4690 seductos
981 4635 1047 4689 ad
1077 4635 1395 4705 sapientiam
1424 4633 1492 4688 ab
1519 4648 1708 4689 errore
1737 4634 1921 4690 volens
1953 4649 2105 4689 revo-

544 4739 672 4778 care
707 4726 858 4793 punit
889 4729 1260 4790 seductorem;
1294 4725 1431 4780 dixit
1465 4721 1611 4781 enim
1646 4726 1884 4794 serpenti
1921 4725 2103 4782 Domi-

546 4831 646 4872 nus
676 4816 815 4872 Deus
846 4835 862 4871 :
895 4818 1034 4884 Quia
1064 4818 1232 4888 fecisti
1261 4817 1378 4884 hoc,
1410 4816 1718 4873 maledicta:
1746 4832 1799 4872 es
1828 4817 1964 4873 inter
1988 4833 2104 4872 om-

615 4995 662 5028 ”
691 4993 827 5050 Gen.
861 5009 943 5062 III,
970 4995 1023 5049 9.
1115 4994 1160 5027 ³⁸
1200 4993 1328 5050 ibid.
1357 4993 1443 5049 10.
1534 4993 1581 5026 ³⁶
1613 4993 1744 5050 ibid.
1788 4993 1875 5051 li.

2210 4656 2320 4693 νον
2354 4638 2437 4708 μὴ
2467 4636 2699 4706 φαγεῖν,
2729 4637 2829 4690 ἀπ’
2858 4637 3043 4690 αὑτοῦ
3088 4637 3343 4714 ξφαγεςς
3393 4635 3480 4698 Ὠς
3522 4631 3784 4703 δικαστὴς

2208 4723 2364 4799 ἦλθε,
2394 4728 2488 4781 καὶ
2515 4726 2590 4790 ὠς
2633 4726 2814 4798 ἰατρὸς
2843 4727 3042 4796 ἐρωτᾷ,
3087 4727 3183 4780 καὶ
3209 4726 3452 4791 δικάζειν
3486 4723 3678 4788 ἐλθὼν,
3707 4722 3783 4786 ῶς

2211 4819 2348 4891 φίλῳ
2373 4817 2762 4891 προσονειδίζει
2780 4833 2794 4848 ο
2821 4809 3009 4886 Abeat,
3043 4817 3236 4890 λέγων,
3255 4819 3364 4873 τῶν
3383 4818 3515 4889 παρ’
3534 4814 3668 4888 ἐμοῦ
3697 4831 3780 4869 σοι

1732 5147 1840 5203 CL.
1881 5147 2157 5218 DAUSQU
2167 5147 2255 5206 ΕΠ
2293 5148 2524 5208 NOTAE.

616 5307 728 5394 (ιε)
751 5308 882 5394 ,τιν
929 5307 1159 5394 καρπὸν
1190 5301 2110 5394 .éic,£{‘9i?319-._J’i9ui9_3-9a

548 5373 924 5448 enim'dmdtm
969 5373 1283 5448 errorgviw;
1315 5373 1856 5448 ideoqueverborum
1890 5389 2106 5443 parcus,

550 5468 612 5505 ac
662 5444 1006 5518 proprietatis
1053 5446 1287 5501 retinens
1337 5444 1464 5498 alibi
1517 5444 1835 5514 simpliciter
1882 5459 2110 5498 errorem

551 5521 707 5574 verti.

622 5591 732 5659 (49)
770 5588 960 5655 Ἀδὰμ,
977 5585 1168 5659 ᾎδὰμ,
1193 5583 1308 5659 ποῦ
1333 5579 1405 5659 εἷ.
1425 5581 1908 5659 Septuagintanon
1942 5582 2110 5649 gemi-

554 5653 684 5715 nant
715 5653 916 5727 ”Λδάμ,
949 5656 1051 5710 alia
1081 5653 1402 5727 exemplaria
1438 5669 1504 5705 ne
1532 5653 1744 5727 quidem
1777 5653 2002 5727 habent.

626 5730 736 5799 (50)
779 5721 1535 5799 Οὔσκηπτρν-ὲξῑαφίη-οςινι
1573 5721 1716 5799 Nihil
1759 5721 1825 5775 de
1869 5736 1987 5799 meo
2029 5723 2111 5799 in-

559 5790 828 5870 tefpoéui;
865 5790 1000 5854 nam
1027 5796 1115 5867 qui
1151 5793 1339 5862 ἀφίησι
1371 5792 1575 5861 abiicit,
1611 5792 1794 5861 utique
1821 5805 1850 5845 a
1879 5805 1938 5846 se
1959 5790 2113 5860 iacit,

2217 5306 2330 5361 sive
2360 5321 2551 5373 suum;
2579 5320 2753 5375 neque
2778 5307 2838 5361 τὸ
2859 5305 2963 5360 ἐπί
2988 5305 3217 5362 otiosum
3249 5317 3352 5375 est,
3379 5308 3590 5376 quando
3615 5307 3780 5376 respi-

2218 5377 2304 5447 cit
2330 5377 2380 5431 id
2423 5376 2475 5429 in
2519 5378 2660 5447 quod
2687 5376 2813 5431 ferri
2861 5375 3068 5447 fulmen,
3091 5377 3371 5447 potuisset.
3399 5375 3527 5445 Quae
3560 5375 3776 5446 parvula

2218 5446 2308 5514 qui
2358 5448 2574 5512 insuper
2618 5446 2837 5508 habent,
2867 5446 3008 5514 quod
3057 5446 3337 5511 incumbit,
3365 5462 3472 5501 non
3524 5458 3778 5512 vertunt;

2221 5515 2454 5568 auctoris
2489 5515 2806 5569 sententiam
2838 5524 2891 5567 et
2929 5515 3082 5569 ﬁdem
3115 5531 3263 5570 suam
3301 5526 3569 5571 evertunt.

2292 5583 2402 5654 (5i)
2444 5585 2654 5650 Φωνήν
2679 5599 2795 5637 σου
2825 5584 3063 5651 ἥκουσα
3100 5585 3586 5654 περιπατοῦντος.
3627 5585 3767 5639 Basi-

2220 5653 2321 5709 lius
2344 5655 2549 5708 omittit
2575 5656 2632 5706 ἐν
2654 5654 2984 5724 παραδείσῳ,
3010 5662 3063 5709 ct
3095 5653 3271 5711 textus
3295 5656 3593 5712 communis
3623 5657 3780 5710 vicis-
3893 5653 3895 5656 ⁴

2220 5725 2319 5779 siut
2360 5724 2784 5794 περιπατοῦντος
2816 5725 3035 5781 omittit.
