4102 6600
483 434 555 497 53
1670 415 1947 477 BASILII
1986 409 2526 474 SELEUCIENSIS
3662 389 3743 452 64

485 546 621 601 Cum
650 542 724 598 illi
749 542 876 598 olim
902 538 1218 598 collubitum
1248 537 1459 599 luisset,
1517 531 1725 588 aridam
1780 529 1851 585 ab
1898 528 2053 598 aquis

2168 524 2547 596 παραπέμπων
2580 521 2648 576 τὰ
2680 521 2917 590 νάματα.
2957 513 3200 580 Ἕδειξεν
3227 506 3324 565 οὖν
3501 507 3743 601 θελῆσας

486 635 628 689 nuda
682 632 849 688 vertit
902 633 957 687 in
987 630 1362 702 prolluentem,
1404 631 1460 679 et
1483 621 2061 690 siticulosam,terram

486 724 797 779 sitientibus
860 738 958 794 pro
989 721 1193 777 medela
1248 717 1415 782 dedit,
1472 730 1537 769 ac
1582 728 1771 784 rupem
1819 714 2066 769 humoris

486 824 767 883 expertem
803 814 1031 870 fontium
1066 810 1212 865 dedit
1236 822 1359 863 esse
1384 815 1633 863 matrem.
1670 805 1800 860 'Iale
1818 806 1961 860 enim
1984 813 2068 860 est

488 899 1061 969 Nnminisingeuinm:
1096 897 1295 952 virtute
1337 911 1460 951 cum
1528 896 1727 961 vincat,
1788 894 2065 950 hominum

490 1000 677 1043 amore
708 987 870 1040 vinci.
911 984 1271 1051 Quamobrem
1303 983 1596 1054 nequitiam
1618 984 1903 1039 tormentis
1935 984 2067 1038 sub-

484 1077 624 1143 jicit,
682 1076 879 1145 quibus
906 1075 1213 1131 voluntates
1242 1076 1492 1144 castigat,
1527 1090 1727 1131 sanans
1755 1074 1973 1130 interim
1994 1088 2070 1129 aa-

490 1168 839 1238 gritudinem.
874 1165 1007 1221 Nam
1039 1182 1267 1235 quorum
1304 1164 1469 1221 fuerit
1515 1164 1728 1235 Opifes,
1760 1165 1841 1223 iis.
1859 1165 2064 1222 mederi

493 1271 599 1312 non
628 1256 922 1312 erubescit.
961 1255 1286 1311 Universam
1318 1255 1480 1326 igitur
1513 1255 1851 1326 Scripturam
1896 1254 2064 1310 animi

493 1346 903 1402 medicamentis
956 1346 1243 1401 confertim
1296 1346 1548 1411 obsevit;
1597 1347 1905 1414 prmsertim
1956 1360 2066 1414 quo

496 1438 615 1491 loco
643 1436 794 1491 Caini
851 1436 1081 1491 etAbeli
1119 1435 1396 1491 historiam
1434 1433 1715 1505 digerens,
1763 1435 2065 1490 litterarum

498 1527 861 1582 monumentis
887 1529 1167 1595 utriusque
1221 1527 1527 1581 institutum
1566 1526 1742 1596 palam
1770 1527 2064 1597 consigna-

497 1621 615 1686 vit,
659 1634 767 1690 quo
813 1626 1051 1675 exstaret
1093 1620 1145 1673 in
1199 1628 1444 1688 posteros
1492 1618 1792 1673 excitanda:
1847 1618 2066 1673 virtutis

496 1710 887 1780 exemplum.et
918 1711 1171 1780 nequitiae
1202 1710 1491 1779 fugiendae.
1522 1710 1594 1767 Ut
1621 1712 1713 1779 qui
1744 1710 2057 1780 priscorum

2165 616 2264 687 τὴν
2303 615 2473 687 ξηρὰν
2496 615 2703 685 έρημον
2747 611 2958 665 ὑδάτων
2986 607 3351 677 κατάρρυτον,
3375 600 3472 655 καὶ
3495 598 3745 668 διψῶσαν
3833 600 3843 608 ”

2166 710 2395 779 ἧπειρον
2421 704 2698 779 διψώντων
2737 703 2897 774 ἴαμα,
2923 700 3019 755 καὶ
3036 700 3242 767 πέτραν
3258 693 3461 756 νοτίδος
3486 691 3744 761 ἄμοιρον,

2170 800 2381 872 μητέρα
2406 798 2597 868 πηγῶν
2619 796 3011 867 ἀπειργάσατο.
3042 787 3301 845 Τοιοῦτον
3330 785 3441 854 γὰρ
3476 783 3537 836 τὸ
3583 781 3746 872 Θείον

2168 869 2397 963 νικᾷντῇ
2438 890 2689 961 δυνάμει,
2748 888 2844 941 καὶ
2886 885 3105 939 νικᾶται
3164 875 3565 948 φιλανθρωπίᾳ.
3637 869 3747 924 Διὰ

2166 982 2325 1037 τοῦτο
2364 982 2461 1035 καὶ
2510 980 2611 1051 τὴν
2644 978 2910 1050 πονηρίαν
2940 972 3234 1029 ὑποϐάλλει
3267 971 3387 1031 ταῖς
3416 963 3741 1051 τιμωρίαις,

2167 1075 2235 1129 δι’
2272 1067 2348 1129 ὧν
2378 1050 2596 1138 κολάζει
2629 1071 2728 1134 τὰς
2756 1069 3003 1141 γνώμας,
3045 1065 3144 1137 τὴν
3172 1064 3329 1118 νόσον
3356 1059 3604 1128 ἰώμενος.
3636 1050 3745 1109 Ὧν

2167 1165 2277 1235 γάρ
2308 1163 2803 1235 έστιΔημιουργδς,
2830 1161 3032 1215 τούτων
3066 1155 3250 1227 ἰατρὸς
3280 1154 3381 1207 osa
3418 1151 3743 1221 αἰσχύνεται

2165 1255 2437 1326 γενέσθαι.
2466 1254 2747 1324 Πανταχοῦ
2791 1253 2891 1324 μὲν
2928 1248 3022 1305 οὖν
3047 1250 3145 1320 τῆς
3176 1247 3400 1319 Γραφῆς
3427 1243 3745 1311 κατάλληλα

2138 1392 2144 1398 .
2166 1348 2399 1418 σπείρας
2428 1347 2527 1417 τῆς
2554 1345 2781 1416 γνώμης
2804 1344 2872 1398 τὰ
2896 1344 3188 1414 φάρμακα,
3220 1337 3459 1411 μάλιστα
3492 1336 3547 1389 δὲ
3574 1336 3632 1387 ἐν
3655 1328 3745 1396 οἷς

2166 1439 2237 1493 τὰ
2290 1438 2433 1493 κατὰ
2471 1438 2562 1490 τὸν
2600 1437 2762 1501 Κάῖν,
2812 1436 2906 1489 καὶ
2949 1434 3041 1488 τὸν
3078 1432 3253 1486 Ἀδελ
3292 1430 3587 1513 ὲδιοίκησε,
3641 1429 3743 1481 καὶ

2162 1530 2412 1602 καθάπερ
2438 1529 2661 1601 στήλαις
2682 1530 2796 1591 τοῖς
2824 1526 3117 1598 γράμμασι
3132 1524 3231 1596 τὴν
3257 1523 3522 1594 ἐκατέρου
3547 1519 3742 1592 προαί-

2166 1640 2314 1696 ρεσιν
2338 1620 2563 1687 ἔδειξεν,
2595 1620 2797 1691 ἀρετῆς
2830 1616 3169 1691 προτροπὴν,
3206 1616 3305 1670 καὶ
3334 1616 3530 1678 κακίας
3557 1614 3745 1683 φυγὴν

2161 1716 2591 1785 καταλιμπάνων
2614 1716 2726 1777 τοῖς
2754 1712 3003 1783 ὕστερον.
3022 1712 3084 1765 Oi
3111 1710 3212 1781 μὶν
3236 1704 3331 1763 οὖν
3353 1708 3463 1762 τῶν
3488 1706 3743 1762 παλαιῶν

497 1802 773 1858 hominum
804 1802 1239 1871 contemplantur
1282 1802 1566 1873 imagines,
1611 1804 2061 1873 epigrammatum

2168 1808 2370 1880 ἀνδρῶν
2392 1808 2494 1872 τὰς
2521 1807 2737 1870 εἰκόνας
2760 1804 3047 1877 θεώμενοι,
3071 1804 3186 1868 τοῖς
3219 1802 3607 1873 ἐπιγράμμασι
3636 1799 3744 1869 τὴν

495 1909 613 1962 ope.
638 1895 873 1949 animum
907 1894 1174 1965 cujusque
1198 1904 1498 1964 venantur;
1561 1903 1619 1950 et
1668 1910 1896 1965 quorum
1949 1895 2059 1949 fre-

2168 1876 2395 1954 ἑκάστου
2441 1898 2667 1969 γνώμην
2712 1876 3034 1967 θηρεύουσιν
3062 1893 3213 1964 (55)·
3248 1886 3323 1948 ὧν
3351 1893 3380 1945 ό
3420 1892 3517 1961 μὲν
3545 1890 3743 1961 χρόνος

498 1993 728 2057 quenter
757 1994 893 2040 artas
952 1985 1269 2040 memoriam
1319 1986 1608 2052 exstinxit,
1672 2002 1766 2043 ars
1817 1987 2061 2043 colorum

500 2074 822 2130 admistione
851 2075 1338 2131 inveterascentem
1368 2085 1619 2131 naturam
1652 2075 1919 2147 reﬁngens
1941 2089 2065 2130 eam

495 2165 935 2234 juvenescentem
974 2165 1143 2221 oculis
1174 2166 1430 2236 subiicit:
1461 2166 1541 2223 sic
1563 2166 1651 2223 ubi
1672 2182 1747 2223 tes
1773 2167 1915 2238 ignis
1950 2167 2065 2222 vio-

501 2253 663 2307 lentia
689 2253 974 2319 mollitum,
1007 2264 1061 2309 et
1081 2255 1222 2310 artis
1267 2254 1475 2325 legibus
1505 2257 1825 2311 obsecutum
1858 2255 2063 2313 formas

501 2345 804 2416 recipit
835 2355 890 2401 et
912 2346 1098 2402 habitu
1125 2348 1593 2403 conversationem
1619 2348 1819 2416 prodit,
1844 2357 2058 2403 veteres

504 2436 750 2492 actiones
785 2451 890 2493 una
920 2453 1041 2491 cum
1075 2448 1316 2509 tempore
1343 2438 2061 2509 transmittens,jucunduia

500 2528 666 2583 simul
717 2538 774 2584 et
801 2530 868 2585 ad
900 2529 1193 2586 videntium
1243 2531 1634 2589 institutionem
1687 2531 2066 2588 accommoda-

502 2632 614 2678 tum
650 2632 1055 2677 monumentum
1107 2622 1389 2694 relinquit,
1419 2637 1618 2692 eosque
1638 2622 1704 2678 ad
1745 2622 2064 2678 imitandum

498 2716 642 2787 quod
670 2713 951 2771 intuentur
972 2713 1311 2782 iucunditate
1342 2715 1454 2783 ipsa
1492 2715 1704 2769 invitat.
1726 2713 1817 2769 Sic
1855 2723 1908 2768 et
1951 2729 2067 2770 ma-

503 2820 644 2875 gnus
682 2805 770 2859 ille
803 2803 1015 2875 Moyses
1042 2802 1235 2859 divinae
1269 2804 1416 2859 vocis
1447 2805 1782 2873 conscriptor
1828 2804 2067 2860 historia:

506 2894 773 2951 beneﬁcio
801 2896 987 2951 virtuti
1046 2895 1328 2952 materiam
1360 2894 1716 2951 substernens
1761 2896 2069 2965 progenito-

504 3001 625 3040 rum
647 2986 939 3041 simulacra
970 2987 1249 3054 describit,
1298 3004 1403 3043 non
1459 2989 1895 3045 evanescentium
1923 2989 2070 3045 colo-

506 3092 624 3130 rum
657 3092 758 3147 ope
791 3078 1041 3149 adjutus;
1082 3080 1190 3151 20
1245 3089 1302 3156 ιιι
1332 3080 1512 3150 lingua
1561 3083 1840 3152 propheta:
1895 3082 2066 3151 gratia

2165 1991 2420 2054 πολλάκις
2450 1990 2552 2061 τὴν
2603 1989 2827 2059 μνήμην
2873 1986 3132 2057 ἐσύλησε,
3166 1986 3200 2056 ἠ
3229 1984 3286 2038 δὲ
3328 1985 3494 2053 τέχνη
3542 1984 3742 2053 κράσει

2162 2082 2471 2154 χρωμάτων
2496 2081 2806 2161 μιμουμένη
2831 2080 2931 2152 τὴν
2971 2078 3135 2148 φύσιν
3166 2076 3589 2138 παλαιωθεῖσαν,
3615 2074 3743 2127 νεά-

2165 2172 2363 2239 ζουσαν
2393 2175 2505 2236 τοῖς
2549 2171 2791 2243 ὄμμασιν
2833 2171 3050 2238 ἔδειξεν.
3101 2168 3290 2233 Οὕτως
3336 2169 3441 2239 ἄρα
3492 2185 3596 2221 που
3644 2166 3743 2219 καὶ

2163 2263 2363 2335 χαλκὸς
2397 2263 2488 2335 βίᾳ
2514 2263 2683 2335 πυρὸς
2702 2261 3014 2333 μαλαχθεὶς,
3035 2261 3261 2324 καὶτοῖς
3299 2260 3485 2330 νόμοις
3521 2258 3618 2328 τῆς
3645 2256 3742 2310 τέ-

2164 2370 2299 2424 χνης
2325 2352 2590 2417 πεισθεὶς,
2612 2351 2710 2415 τὰς
2737 2350 2951 2423 μορφάς
2974 2349 3268 2417 ὑπεδέξατο
3291 2348 3405 2421 (56)
3427 2365 3443 2381 ο
3485 2347 3579 2402 καὶ
3624 2347 3746 2410 τοῖς

2166 2446 2414 2517 σχήμασι
2440 2444 2703 2516 κηρύττει
2729 2442 2800 2496 τὰ
2819 2442 3211 2511 πολιτεύματα,
3244 2440 3474 2513 πράξεις
3503 2438 3745 2511 ἀρχαίας

2167 2536 2667 2609 συμπαραπέμπων
2698 2533 2778 2607 τῷ
2797 2534 2994 2607 χρόνῳ,
3024 2533 3267 2607 τέρψεως
3290 2532 3424 2605 ὁμοῦ
3469 2533 3567 2587 καὶ
3613 2548 3747 2585 παι-

2162 2628 2401 2694 δεύσεως
2421 2632 2534 2694 τοῖς
2561 2628 2728 2700 ὁρῶσι
2750 2627 3179 2700 καταλιμπάνων
3204 2627 3524 2698 ὑπόμνημα,
3554 2625 3647 2679 καὶ
3671 2626 3743 2695 τῇ

2162 2721 2354 2794 τέρψει
2387 2723 2513 2786 τοὺς
2543 2721 2785 2793 ὁρῶντας
2820 2720 3059 2791 ἀλείφων
3099 2720 3236 2793 πρὸς
3267 2719 3517 2791 μίμησιν.
3555 2717 3746 2780 Οὕτως

2162 2814 2278 2886 ἄρα
2316 2813 2412 2867 καὶ
2439 2814 2469 2868 ό
2516 2813 2690 2884 μέγας
2722 2813 2988 2885 Μωῦσῆς,
3016 2816 3045 2869 ό
3075 2813 3177 2885 τῆς
3212 2812 3366 2874 θείας
3396 2811 3579 2882 φωνῆς
3609 2825 3749 2877 συγ-

2166 2904 2440 2976 γραφεὺς,
2467 2904 2567 2969 τὰς
2587 2905 2687 2976 τῆς
2714 2905 2920 2977 ἀρετῆς
2945 2904 3079 2969 ὔλας
3117 2905 3208 2959 διὰ
3238 2902 3339 2975 τῆς
3369 2904 3607 2973 ἱστορίας
3643 2917 3716 2954 κα

2166 2997 2402 3052 ταδαλλό
2408 3013 2591 3067 μενος,
2618 2998 2716 3063 τὰς
2735 2997 2843 3051 τῶν
2870 2998 3153 3069 προγόνων
3172 2996 3389 3059 είκόνας
3408 2994 3708 3067 ἐνέγραψεν
3723 3008 3751 3023 δ

2168 3090 2232 3144 ού
2280 3090 2593 3162 χρωμάτων
2635 3090 3074 3162 ἀμαυρουμένων
3118 3088 3357 3151 καλέσας
3402 3086 3745 3157 συνέργειαν,

505 3168 745 3225 delibuta
768 3185 891 3227 cum
942 3182 1111 3239 esset,
1142 3172 1359 3229 virtutis
1392 3174 1656 3229 elementa
1713 3189 1810 3245 per
1858 3175 2067 3230 litteras

2171 3182 2454 3253 προφήτου
2494 3182 2552 3235 δὲ
2588 3182 2773 3254 χάριτι
2799 3183 2899 3252 τὴν
2929 3181 3176 3251 γλῶτταν
3206 3178 3494 3250 ἁρδεύσας,
3526 3175 3750 3230 παίδευ-

507 3264 811 3334 posteritati
830 3266 1167 3322 transcribit.
1228 3262 1495 3332 Numera,
1528 3267 1571 3319 si
1615 3266 1688 3320 ita
1731 3266 1827 3321 tibi
1854 3281 2067 3336 quoque

2173 3290 2257 3328 σιν
2307 3274 2509 3346 ἀρετῆς
2550 3275 2861 3346 ἀναγράφει
2928 3275 3043 3337 τοῖς
3094 3271 3342 3344 ὕστερον.
3412 3267 3748 3340 ’Δρίθμησον

513 3356 710 3419 visum,
736 3357 1014 3425 praesentis
1046 3357 1286 3413 historia
1301 3359 1617 3427 compendia
1642 3375 1661 3425 ;
1687 3359 1807 3413 vide
1837 3357 2069 3413 fructum

509 3446 899 3505 multiformem
938 3449 1064 3505 hinc
1098 3459 1467 3516 enascentem,
1497 3465 1562 3506 ac
1611 3452 1780 3507 Deum
1835 3451 2070 3522 primum

510 3539 691 3607 specie
723 3553 987 3611 corporea
1012 3540 1320 3597 hominibus
1341 3542 1886 3610 condcscendentem,
1916 3542 2073 3599 dein-

509 3630 576 3686 de
602 3632 939 3687 victimarum
968 3633 1283 3690 tolerantem
1309 3650 1321 3686 :
1360 3650 1464 3690 non
1494 3650 1600 3705 quo
1617 3637 1906 3707 cupiditati
1940 3652 2070 3707 grao

512 3722 765 3790 tilicetur,
797 3724 995 3781 nullius
1017 3726 1284 3796 siquidem
1320 3725 1463 3782 Deus
1512 3742 1678 3798 egens
1725 3739 1828 3793 est,
1876 3729 1969 3783 sed
2016 3739 2075 3783 ut

509 3813 853 3870 oﬂ'erentinm
886 3826 1095 3873 mentes
1115 3817 1367 3880 instruat,
1420 3819 1484 3873 iis
1547 3834 1607 3873 se
1636 3819 1888 3872 honorari
1924 3819 2075 3887 lingit

509 3908 707 3980 quibus
739 3907 846 3961 Deo
874 3910 1128 3963 honorem
1156 3910 1354 3964 habere
1373 3925 1433 3964 se
1446 3911 1780 3964 existimant.
1806 3909 1973 3964 Docet
1988 3911 2075 3964 dc-

513 4001 672 4066 niqne
703 4008 902 4065 quanta
925 3998 1025 4052 sibi
1050 3998 1322 4066 justorum
1351 4015 1501 4065 cura,
1551 4000 1633 4053 vel
1658 4010 1779 4069 post
1812 4009 2061 4057 mortem.

511 4087 694 4156 Neque
722 4091 866 4143 enim
888 4090 957 4144 ob
983 4091 1183 4145 caedem
1204 4091 1431 4146 Cainttm
1463 4092 1781 4161 punivisset,
1800 4091 1900 4146 nisi
1926 4091 2070 4147 Abe-

512 4180 546 4236 li
587 4179 669 4233 vel
700 4178 1011 4249 interempti
1059 4179 1419 4239 sollicitudine
1500 4193 1796 4238 teneretur.
1858 4183 2069 4237 Mortali

510 4270 655 4325 enim
678 4270 784 4324 vita
812 4286 908 4341 per
949 4271 1149 4327 caedem
1197 4273 1330 4341 justi
1387 4274 1686 4342 privamur,
1744 4289 1841 4345 spe
1893 4284 2071 4328 tamen

515 4360 652 4419 bona
679 4376 774 4430 per
805 4373 1031 4418 mortem
1058 4378 1165 4419 non
1194 4364 1577 4420 deturbantur:
1611 4365 1857 4434 quinimo
1877 4365 2073 4420 mortis

515 4450 817 4522 patrocinio
846 4451 962 4506 fulti
985 4462 1172 4508 contra
1194 4467 1342 4519 eum,
1375 4454 1464 4523 qui
1499 4453 1693 4521 injuria
1722 4455 1920 4519 all‘ecit,
1955 4456 2073 4525 plus

2170 3365 2368 3434 τοίνυν,
2402 3368 2452 3421 εί
2499 3368 2593 3421 καὶ
2628 3367 2714 3420 σοὶ
2755 3367 2924 3431 δοκεῖ,
2956 3365 3056 3435 τῆς
3089 3362 3373 3435 παρούσης
3406 3359 3645 3431 ἱστορίας
3677 3356 3747 3410 τὰ

2174 3457 2358 3530 κέρδη.
2392 3457 2567 3512 Βλέπε
2599 3458 2859 3529 πολυειδῆ
2898 3455 3114 3529 καρπὸν
3146 3453 3399 3509 ἐντεῦθεν
3432 3448 3747 3520 ἀναφυόμεο

2174 3567 2262 3605 νον
2283 3566 2298 3582 ο
2342 3550 2436 3604 καὶ
2473 3549 2689 3622 πρῶτον
2714 3551 2778 3604 ὲκ
2810 3547 3222 3619 φιλανθρωπίας
3256 3544 3599 3614 σωματικαῖς
3626 3544 3746 3594 ἐπιο

2175 3640 2423 3711 φανείαις
2461 3639 2774 3711 ἀνθρώποις
2808 3636 3313 3707 συγκαταδαίνοντα
3338 3651 3351 3665 ·
3378 3633 3628 3703 δεύτερον
3650 3631 3743 3683 θυ-

2177 3733 2309 3786 σιῶν
2335 3731 2681 3801 άνεχόμενον,
2715 3731 2814 3799 οὐχ
2845 3728 2934 3782 ἵνα
2967 3728 3116 3799 πόθῳ
3148 3726 3468 3797 χαρίσηταυ
3502 3722 3747 3784 ἀνενδεὶς

2174 3820 2283 3891 γὰρ
2317 3820 2378 3874 τὸ
2401 3821 2554 3873 Θείον
2572 3835 2587 3849 ο
2636 3819 2750 3872 ἀλλ’
2778 3819 2865 3872 ἵνα
2906 3817 3015 3871 τῶν
3060 3816 3444 3888 προσαγόντων
3475 3815 3747 3880 παιδαγω-

2173 3910 2319 3981 γήσῃ
2351 3908 2446 3978 τὴν
2482 3906 2707 3978 γνώμην
2731 3948 2747 3975 ,
2797 3900 2878 3972 οἷς
2913 3908 3079 3979 τιμᾷν
3110 3905 3528 3971 ὑποπτεύουσιν,
3570 3903 3746 3958 τοιού-

2172 4014 2286 4062 τοις
2310 3996 2471 4060 αύτὸς
2502 3997 2766 4067 τιμᾶσθαι
2798 3995 3285 4069 σχηματιζόμενος.
3315 3993 3443 4049 Εῐτα
3476 3994 3759 4057 διδάσκει,

2174 4089 2313 4161 πόση
2329 4090 2439 4144 τῶν
2459 4088 2701 4155 δικαίων,
2729 4090 2823 4143 καὶ
2848 4088 2986 4161 μετὰ
3008 4089 3262 4156 θάνατον,
3290 4088 3594 4161 ἐπιμέλεια.
3611 4086 3747 4141 Οὐδὲ

2172 4178 2282 4249 γάρ
2314 4176 2382 4233 ἂν
2427 4178 2567 4248 ὑπὲρ
2594 4176 2690 4232 τοῦ
2723 4178 2885 4247 φόνου
2913 4180 3007 4234 τὸν
3056 4181 3197 4234 Κάῖν
3250 4179 3523 4244 ἐκόλαζεν,
3585 4178 3635 4232 εί
3669 4178 3746 4249 μὴ

2173 4267 2267 4323 τοῦ
2304 4268 2469 4323 ’Δϐελ
2503 4270 2597 4324 καὶ
2641 4271 2989 4339 φονευθέντος
3020 4272 3322 4344 ἐφρόντιζε.
3377 4272 3590 4342 Θνητῆς
3647 4269 3748 4340 μὲν

2174 4358 2285 4432 γάρ
2312 4358 2456 4432 ζωῆς
2487 4360 2690 4416 δίκαιοι
2717 4364 3067 4434 φονευόμενοι
3108 4362 3535 4433 άποστεροῦνται
3554 4379 3568 4393 ·
3597 4362 3749 4414 ἑλπί-

2173 4451 2264 4515 δος
2289 4451 2345 4506 δὲ
2370 4454 2617 4525 χρηστῆς
2650 4453 2772 4507 οὐδὲ
2800 4454 3162 4517 ἀποθανόντες
3199 4452 3577 4508 έκδάλλονται’
3608 4452 3747 4522 μᾶλ-

517 4552 778 4612 possunt;
812 4546 1064 4613 quodque
1089 4543 1331 4599 omnium
1361 4553 1445 4601 est
1490 4544 1811 4611 maximum,
1871 4546 2067 4602 libera-

2177 4543 2269 4598 λον
2290 4543 2347 4597 δὲ
2373 4544 2497 4598 τότε
2541 4544 2707 4600 πλέον
2735 4545 2998 4617 ἰσχύουσι,
3029 4548 3328 4615 συνήγορον
3350 4543 3561 4614 ἔχοντες
3592 4544 3737 4598 κατὰ

518 4632 715 4688 tionem
739 4649 767 4686 a
798 4642 993 4699 morte,
1041 4642 1096 4689 et
1127 4635 1539 4690 resurrectionis
1589 4651 1809 4692 sensmn
1839 4636 2075 4691 homini-

2175 4635 2266 4690 τοῦ
2300 4636 2619 4707 ἠδικηκότος
2654 4637 2746 4691 τὸν
2774 4637 3021 4692 θάνατον.
3056 4638 3165 4693 Καὶ
3192 4637 3255 4690 τὸ
3294 4637 3549 4707 μέγιστον
3593 4635 3736 4690 πάν-

516 4725 618 4780 bus
637 4724 812 4780 fauste
837 4725 1176 4780 denuntiant.
1209 4725 1424 4781 Primus
1458 4726 1600 4782 enim
1646 4727 1826 4796 justus
1876 4728 2067 4784 Abelns

2175 4744 2303 4792 των,
2341 4728 2572 4799 θανάτου
2604 4727 2776 4795 λύσιν,
2814 4728 2909 4781 καὶ
2948 4728 3297 4792 ἀναστάσεως
3331 4728 3603 4799 δσφρησιν
3632 4729 3746 4792 τοῖς

516 4813 607 4869 leti
645 4826 828 4885 portas
872 4816 1059 4870 intrat.
1089 4815 1290 4871 Abelus
1333 4817 1624 4872 secundum
1653 4815 1798 4870 Pauli
1857 4825 2074 4871 senten-

2183 4819 2488 4905 ἀνθρώποις
2512 4820 2968 4890 εὐαγγελίζονται.
2996 4818 3163 4873 Ἅϐελ
3193 4818 3300 4892 γὰρ
3329 4820 3358 4874 δ
3388 4820 3594 4884 δίκαιος
3625 4819 3741 4892 (5⁸1)

1724 5011 1831 5071 CL.
1871 5015 2243 5084 DAUSQUEII
2282 5017 2512 5075 ΝΟΤιΕ.

587 5194 700 5271 (55)
745 5195 1288 5271 Toic_§jxtmd;qtaa't
1308 5197 1421 5271 τὴν
1440 5196 1698 5253 ἑκάστου
1718 5198 1957 5269 γνώμην
1977 5203 2079 5271 θη-

511 5267 823 5339 ρεύουσιν.
869 5266 1114 5339 Virorum
1142 5266 1512 5338 imaginibus,
1561 5278 1653 5323 aut
1712 5266 1912 5325 statuis
1955 5266 2073 5339 epi-

518 5335 759 5407 gramma
784 5335 834 5388 in
856 5336 1180 5408 epitaphium
1199 5335 1441 5408 suppingi
1460 5340 1755 5403 consuevit,
1784 5356 1960 5394 rerum
1985 5335 2078 5406 ge-

519 5419 721 5460 starum
771 5407 1084 5459 memoriam
1132 5406 1415 5464 referensf
1446 5409 1692 5463 Disertim
1752 5411 1865 5462 Val.
1925 5411 2073 5467 Max.

520 5477 613 5531 lth.
645 5491 697 5537 ν,
720 5492 839 5545 cap.
868 5476 900 5530 8
929 5495 942 5531 :
977 5474 1179 5547 Efﬁgies
1210 5478 1471 5547 majorum
1500 5496 1615 5531 eum
1643 5480 1809 5533 titulis
1848 5483 1957 5535 suis
1991 5482 2042 5532 id

518 5547 655 5600 circo
686 5547 740 5598 in
786 5547 951 5612 prima
993 5549 1185 5602 wdtum
1224 5558 1371 5612 parte
1416 5549 1537 5616 poni
1580 5548 1764 5610 solere.
1797 5562 1850 5603 ut
1889 5567 2066 5603 eorum

517 5618 731 5670 uirtutes
764 5618 973 5684 posteri,
1010 5634 1111 5670 non
1142 5618 1309 5672 solum
1350 5620 1599 5687 legerent,
1629 5620 1719 5673 sed
1749 5622 1905 5673 etiam
1948 5620 2069 5672 imi-

518 5695 772 5759 tarentur.
803 5687 973 5759 Quem
1019 5702 1220 5743 morem
1270 5691 1534 5759 respicere
1582 5689 1788 5742 videtur
1816 5690 2065 5744 Basilius.

520 5754 632 5827 [Qtsi
662 5772 757 5826 per
782 5756 1173 5827 ἐπιγράμματα
1204 5754 1547 5812 membrorum
1589 5760 1959 5827 descriptiones
1987 5761 2067 5812 in-

521 5824 781 5898 telligere,
807 5824 1083 5899 aptuinqtte
1121 5828 1302 5898 ﬁguris
1348 5831 1453 5883 oris
1496 5824 1912 5897 compositionem
1943 5828 2067 5884 mihi

2180 5219 2285 5260 non
2317 5217 2534 5273 prorsus
2563 5202 2910 5273 improbetur.

2253 5270 2362 5345 (56)
2406 5274 2517 5337 Τὰς
2558 5272 2794 5345 μορφὰς
2835 5270 3184 5345 ὑπεδέξατο.
3205 5274 3589 5345 Quorumdam
3620 5290 3745 5331 ver-

2182 5342 2370 5401 borum
2397 5345 2572 5397 hiatus
2606 5342 2694 5396 hic
2720 5355 2837 5397 esto
2868 5360 2883 5397 :
2912 5354 2995 5399 est
3026 5343 3169 5397 enim
3193 5343 3546 5409 ἀνταπόδοσις
3568 5347 3746 5415 capite

2185 5424 2446 5471 truncata.

2255 5485 2366 5554 (57)
2397 5486 2565 5539 Ἅϐελ
2605 5483 2715 5553 γὰρ
2747 5487 2779 5538 ό
2807 5481 3056 5554 δίκαιος.
3096 5484 3263 5537 Abelo
3309 5486 3543 5540 nominis
3588 5486 3747 5553 hujus

2176 5551 2364 5609 auctor
2413 5565 2496 5608 est
2541 5551 2787 5609 Christus
2841 5551 3031 5608 Matth.
3063 5569 3218 5609 unt.
3251 5554 3460 5621 Justus,
3490 5557 3590 5611 hoc
3639 5551 3740 5619 est,

2177 5625 2424 5687 Sanctus,
2452 5624 2601 5693 juxta
2634 5624 2762 5677 illud
2798 5641 2813 5677 ;

2224 5739 2317 5791 Ἐν
2340 5738 2407 5792 δὲ
2427 5738 2781 5807 δικαιοσύνῃ
2801 5736 3160 5806 συλλήϐδην
3177 5736 3321 5793 πᾶσ’
3362 5735 3541 5806 ἀρετή
3562 5737 3702 5794 ’στω

2211 5831 2242 5885 .1
2253 5830 2427 5884 ustitia
2458 5832 2511 5885 in
2541 5845 2649 5886 sese
2680 5832 2924 5887 virtutem
2954 5829 3285 5901 amplectitur
3308 5844 3531 5885 omnem.
