4102 6558
506 428 578 493 σ]
1698 414 1978 477 BASILII
2014 410 2553 475 SELEUCIENSIS
3687 411 3760 473 63

510 556 625 597 ram
648 552 801 595 suam
833 535 1121 594 conferens
1142 537 1371 593 accedit.
1394 533 1641 604 Cognovit
1666 532 1835 587 Adam
1863 546 2077 586 uxorem

2200 526 2535 599 ὅπηρετοῦσα
2565 526 2908 598 μετέρχεται.
2941 524 3128 594 Ἔγνω
3152 522 3221 578 δὲ
3260 525 3443 595 Ἀδὰμ
3462 526 3627 580 Εὔαν
3645 526 3751 593 τὴν

508 650 659 688 suam
700 632 883 694 Evam,
916 647 1032 702 qua:
1056 632 1309 698 concepit,
1351 640 1397 682 et
1428 628 1623 697 peperit
1658 627 1816 681 Cain.
1849 628 2078 682 Restant

512 733 722 789 venter,
746 732 801 778 et
832 722 1135 791 conceptio,
1171 730 1226 773 ct
1276 718 1446 783 dolor,
1482 727 1536 772 et
1573 718 1735 783 fetus,
1775 717 1882 770 lata
1910 732 2077 787 popu-

514 817 750 886 larisque
800 826 1005 870 natura:
1058 814 1166 878 via,
1235 827 1300 866 ac
1351 821 1490 866 stata
1539 812 1803 881 genitura:
1833 812 2081 863 humana:

512 904 671 960 satio.
704 904 840 957 Hinc
863 917 1055 958 exorsa
1112 913 1195 955 est
1248 911 1437 954 natura
1498 900 1678 969 spicas
1730 896 2080 952 rationabiles

513 991 836 1059 germinare.
859 990 1102 1057 Concepit
1135 998 1183 1043 et
1201 989 1419 1059 peperit,
1452 1003 1560 1041 non
1582 1003 1645 1042 ex
1682 996 1848 1053 terra,
1888 1001 1992 1039 non
2014 998 2078 1038 ex

513 1091 687 1146 costa,
719 1080 811 1135 sed
840 1096 903 1135 ex
930 1081 1049 1134 alvo
1106 1094 1324 1149 germen
1382 1077 1600 1147 prodiit.
1663 1076 1777 1131 Hoc
1832 1083 2084 1145 parentes

514 1173 771 1228 attonitos
806 1173 1005 1227 reddit.
1043 1169 1192 1225 Vidit
1248 1170 1355 1223 Eva
1408 1167 1775 1238 spectaculum
1835 1166 2083 1236 inopina-

516 1265 643 1333 bile,
683 1274 933 1319 naturam
986 1277 1211 1317 numero
1238 1270 1619 1331 pr0pagatam,
1650 1268 1704 1313 et
1735 1258 1930 1329 partita
1963 1273 2087 1313 cor-

517 1371 672 1425 pora,
706 1370 932 1425 remque
979 1354 1171 1408 miram
1226 1352 1572 1423 promulgans
1606 1361 1912 1406 creatorem
1957 1365 2087 1405 con-

2182 617 2433 688 γυναῖκα
2490 615 2699 683 αὐτοῦ,
2750 615 2848 669 καί
2902 615 3302 669 συλλαϐοῦσα
3369 616 3535 670 ἔτεκε
3591 615 3756 670 Κάτν.

2184 711 2405 783 Γαστὴρ
2434 708 2641 775 λοιπὸν,
2675 710 2772 761 καὶ
2804 706 3085 778 σύλληψις,
3110 708 3207 759 καὶ
3236 708 3442 772 ὠδῖνες,
3473 710 3568 761 καὶ
3588 709 3758 770 τόκοι,

2184 808 2217 876 ἡ
2251 803 2480 857 πλατεῖα
2504 800 2779 872 λεωφόρος
2802 800 2903 871 τῆς
2940 799 3179 869 φύσεως,
3203 800 3237 869 ὴ
3264 800 3484 872 ἔννομος
3519 801 3762 871 γεωργία

2185 894 2287 963 τῆς
2317 891 2427 945 τῶν
2450 890 2756 961 ἀνθρώπων
2779 890 3067 960 γενέσεως.
3112 890 3393 945 Ἐντεῦθεν
3418 892 3619 965 ἧρξατο
3639 895 3765 958 τοὺς

2183 984 2437 1055 λογικοὺς
2467 982 2710 1053 στάχυας
2735 982 3055 1052 βλαστάνειν
3075 983 3110 1053 ἡ
3145 982 3307 1051 φύσις
3338 984 3472 1055 (61).
3524 987 3765 1039 Συλλα-

2181 1078 2371 1133 6οῦσα
2395 1077 2617 1141 ἔτεκεν,
2648 1073 2748 1128 οὐκ
2796 1076 2860 1129 ἐκ
2880 1075 3024 1146 χοὸς,
3068 1076 3170 1131 οὐκ
3190 1078 3254 1130 ἐκ
3272 1076 3532 1147 πλευρᾶς,
3545 1077 3661 1131 ἀλλ’
3698 1079 3764 1132 ἐκ

2182 1168 2423 1239 γαστρὸς
2454 1166 2841 1235 ἀνεϐλάστησε.
2864 1165 3035 1220 Τοῦτο
3071 1166 3209 1239 πρὸς
3232 1166 3490 1239 ἔκπληξιν
3519 1169 3647 1231 τοὺς
3677 1185 3763 1221 τε·

2182 1259 2379 1323 κόντας
2410 1260 2681 1330 ἐκίνησεν.
2707 1252 2861 1311 Εἷδεν
2884 1258 2919 1329 ἡ
2948 1257 3060 1311 Εὕα
3083 1258 3215 1312 Θέαν
3250 1258 3575 1331 παράδοξον,
3601 1259 3765 1329 φύσιν

2184 1350 2405 1423 ἀριθμῷ
2465 1350 2915 1421 πλατυνομένην,
2963 1351 3059 1404 καὶ
3123 1351 3458 1422 μεριζόμενα
3510 1352 3763 1423 σώματα,

519 1456 783 1502 testatur:
812 1445 1033 1501 Possedi
1078 1445 1336 1498 hominem
1389 1460 1482 1513 per
1535 1442 1699 1498 Deum
1728 1442 1795 1497 “.
1857 1440 1938 1498 Re
1980 1440 2088 1497 Deo

2200 1442 2287 1497 καὶ
2320 1441 2380 1496 τδ
2411 1442 2596 1512 Θαῦμα
2618 1442 2962 1513 κηρύττουσα
2987 1436 3078 1495 τδν
3097 1442 3535 1514 δημιουργοῦντα
3562 1443 3769 1514 μαρτύ-

525 1538 783 1605 ascripta,
832 1535 1013 1606 Operis
1059 1543 1330 1588 auctorem
1366 1532 1628 1603 agnoscit.
1660 1531 1723 1587 Et
1768 1542 1947 1598 recte;
1987 1531 2084 1585 l’er

2200 1550 2351 1604 ρεται
2370 1547 2384 1562 ⁸
2416 1530 2802 1600 Ἐκτησάμην
2829 1530 3147 1599 ἄνθρωπον
3163 1532 3261 1587 διὰ
3283 1533 3389 1588 τοῦ
3413 1535 3580 1589 Θεοῦ.
3614 1536 3770 1605 Ὁμο-

518 1628 684 1682 Deum
713 1638 1016 1682 creatorem
1046 1641 1192 1690 eum,
1227 1626 1318 1695 qui
1373 1625 1625 1692 tinxerat,
1690 1639 1795 1679 non
1849 1622 2087 1678 admini-

520 1732 692 1777 strqu
726 1722 1082 1792 proclamans.
1113 1720 1214 1787 Tu,
1244 1721 1361 1785 Ari,
1389 1719 1553 1774 Evam
1580 1733 1847 1783 reverere,
1896 1729 1949 1774 et
1974 1719 2087 1791 syl-

522 1814 656 1868 labis
685 1828 806 1868 cmn
836 1812 970 1867 Filio
1008 1813 1097 1867 Dei
1141 1813 1350 1867 velitari
1383 1813 1608 1867 desine:
1652 1826 1905 1867 reverere
1934 1826 2088 1866 com-

522 1919 736 1960 munem
776 1905 1053 1959 hominum
1083 1915 1333 1966 matrem,
1367 1919 1498 1959 voce
1534 1902 1851 1959 Creatorem
1912 1903 2090 1973 suspi-

522 1999 776 2061 eieutem,
839 2013 945 2051 non
1011 1997 1393 2050 contumeliam
1465 1996 1814 2065 irrogantem.
1895 1994 2089 2049 Desine

522 2089 675 2142 Caiui
730 2089 1083 2149 sacriﬁcium,
1140 2090 1263 2141 dum
1321 2087 1505 2143 laudes
1557 2088 1786 2153 occinis,
1843 2086 2086 2141 imitari:

521 2179 717 2248 quibus
762 2179 907 2233 enim
956 2178 1281 2233 saeriiicium
1342 2178 1541 2243 olIers,
1606 2177 1864 2233 conviciis
1920 2176 2089 2231 Deum

522 2267 884 2322 collaudatum
922 2268 1251 2334 insectaris;
1284 2267 1479 2336 quibus
1507 2267 1767 2321 honorem
1815 2266 2016 2321 habere
2041 2276 2093 2321 te

524 2360 772 2421 siumlas,
806 2357 1071 2427 dignitate
1094 2357 1316 2427 spolias.
1370 2355 1523 2412 Caini
1554 2356 1802 2427 exemplo
1848 2356 2093 2412 Creatori

525 2450 785 2503 honorem
827 2446 988 2501 affers
1032 2448 1148 2501 sine
1196 2446 1420 2501 honore.
1482 2446 1650 2502 Deum
1701 2447 1999 2511 conﬁteris,
2041 2456 2098 2503 et

522 2550 829 2595 creaturam
877 2537 1141 2603 facis,ac
1171 2551 1292 2593 mox
1340 2539 1538 2593 iterum
1589 2538 1863 2593 hominem
1919 2538 2093 2595 fuisse

484 2664 485 2667 η
524 2632 747 2694 clamas,
775 2647 840 2685 ex
866 2639 1117 2685 creatura
1144 2629 1196 2683 in
1228 2640 1536 2684 creaturam
1568 2628 1885 2684 Creatorem
1917 2638 2097 2683 trans—

528 2723 788 2786 formans,
834 2730 889 2775 et
924 2721 1190 2788 originem
1243 2720 1454 2790 origine
1504 2720 1722 2775 dictitas
1773 2721 1970 2790 excipi,
1998 2736 2095 2775 alt-

533 2816 796 2883 diensque
824 2812 986 2883 quod,
1045 2826 1168 2866 cum
1222 2826 1439 2867 carnem
1493 2812 1746 2882 cepisset,
1799 2813 2095 2867 auimatam

528 2906 886 2964 (economiam
912 2904 1017 2974 22
1054 2904 1268 2975 generis
1306 2904 1527 2959 humani
1564 2905 1873 2974 perfecerit,
1904 2907 1970 2960 ad
2000 2920 2101 2959 na-

531 3009 711 3053 turam
742 2996 1150 3064 conceptionem
1181 2995 1373 3063 refers,
1396 3004 1450 3051 et
1480 2995 1681 3053 Christi
1710 2998 2102 3068 apparitionem

531 3102 745 3143 summa
779 3101 903 3141 cum
937 3086 1215 3155 impietate
1243 3082 1359 3154 ejus
1379 3086 1754 3156 interpretaris
1781 3088 2101 3142 essentiam.

534 3181 645 3235 Sed
698 3179 806 3233 Eva
854 3192 959 3232 non
993 3178 1091 3241 ita,
1122 3192 1352 3232 verum:
1416 3177 1638 3233 Possedi
1697 3178 1959 3234 hominem
2015 3196 2108 3249 per

538 3271 725 3326 Deum.
758 3269 914 3335 Novi,
942 3268 1139 3339 inquit,
1202 3284 1377 3323 meam
1439 3269 1607 3325 divini
1654 3271 1888 3325 mandati
1929 3282 2107 3326 trans-

537 3363 898 3435 gressionem,
932 3362 1057 3417 novi
1088 3375 1118 3415 a
1146 3361 1404 3431 paradiso
1432 3362 1702 3419 excidisse
1728 3378 1835 3417 me.
1889 3361 1958 3418 lis
1988 3378 2109 3434 qua:

539 3451 757 3524 pertuli,
822 3451 979 3506 docta
1026 3464 1169 3505 sum.
1216 3449 1461 3520 Agnosco
1517 3450 1858 3522 punitorem,
1918 3450 2107 3519 excepi

540 3558 780 3615 pennam,
813 3557 936 3612 qua:
961 3552 1020 3596 ut
1054 3542 1308 3612 magistra
1347 3556 1433 3597 me
1494 3542 1563 3597 ab
1614 3556 1801 3597 errore
1848 3542 2106 3597 vindicet.

539 3635 882 3692 Seductionis
930 3633 1169 3707 pericula
1198 3632 1487 3704 suﬁiciunt,
1521 3634 1723 3692 alteras
1754 3634 1980 3691 insidias
2002 3650 2109 3690 non

541 3727 792 3784 admitto.

609 3905 666 3962 3.
702 3904 837 3972 Quae
859 3907 1117 3974 concepit,
1147 3915 1196 3960 et
1239 3904 1433 3975 peperit
1461 3902 1619 3959 Cain.
1640 3908 1651 3913 ’
1674 3902 1892 3959 Primus
1921 3913 2109 3972 partus

538 4005 647 4065 est,
675 3997 766 4069 qui
796 3998 1006 4067 primus
1039 4008 1245 4053 natura:
1292 3997 1396 4051 fuit
1446 3995 1706 4062 infestus;
1756 3995 1849 4065 qui
1906 3994 2113 4065 primus

539 4089 753 4161 aperuit
778 4089 1011 4160 partioni
1036 4104 1280 4154 cursum,
1316 4087 1524 4159 primus
1547 4087 1704 4142 morti
1740 4097 1926 4157 portas
1956 4095 2108 4156 pate-

2188 1622 2339 1690 λογεῖ
2362 1621 2455 1675 τὸν
2500 1621 2740 1674 πλαστου
2752 1620 2899 1692 ργδν,
2931 1621 3050 1693 Θεῷ
3078 1622 3141 1675 τὸ
3164 1622 3325 1694 ἔργον
3354 1623 3765 1695 προσφέρουσα.

2187 1711 2386 1774 Καλῶς
2421 1711 2537 1778 καὶ,
2564 1711 2662 1765 διὰ
2693 1712 2800 1767 τοῦ
2831 1713 3002 1776 Θεοῦ,
3041 1712 3139 1783 οὐχ
3178 1714 3471 1784 ὑπουργὸν,
3505 1714 3640 1770 ἀλλά
3672 1714 3770 1785 δη-

2192 1803 2451 1875 μιουργὸν
2483 1803 2576 1857 τὸν
2607 1803 2858 1874 πλάστην
2909 1803 3274 1875 κηρύττουσα.
3315 1805 3639 1878 ΛίσχύνΘητι
3666 1806 3771 1878 τὴν

2190 1894 2356 1959 Εὔαν,
2389 1895 2601 1966 Ἀρειε,
2642 1895 2737 1948 καὶ
2762 1894 2969 1949 παῦσαι
2996 1895 3075 1967 τῷ
3094 1895 3209 1967 Υίῴ
3234 1896 3327 1950 τοῦ
3357 1897 3491 1950 Θεοῦ
3524 1898 3613 1951 διὰ
3647 1899 3773 1950 συλ-

2188 1985 2360 2056 λαϐῆς
2383 1986 2636 2056 πολεμῶν
2658 2003 2672 2016 ’
2694 1985 2973 2057 αίδέσΘητι
2994 1986 3095 2059 τὴν
3124 1988 3311 2059 κοινὴν
3332 1988 3441 2042 τῶν
3462 1988 3773 2061 ἀνΘ

2194 2078 2426 2147 μητέρα,
2461 2075 2848 2146 θαυμάζουσαν
2878 2078 2969 2130 τὸν
3000 2080 3342 2150 Δημιουργὸν
3388 2079 3478 2133 διὰ
3518 2080 3621 2151 τῆς
3658 2098 3773 2150 φυ-

2191 2167 2307 2237 νῆς,
2338 2168 2436 2236 οὐχ
2467 2166 2829 2238 ὑϐρίζουσανο
2863 2169 3069 2222 παῦσαι
3094 2169 3194 2241 τὴν
3215 2170 3308 2224 τοῦ
3336 2172 3477 2225 Κάῖν
3504 2172 3693 2226 Θυσίαν
3714 2173 3775 2225 ἐν

2190 2260 2257 2328 τῇ
2303 2258 2580 2329 δοξολογίᾳ
2603 2259 2991 2331 -μιμούμενος.
3053 2264 3131 2314 Δι’
3170 2257 3244 2318 ὧν
3280 2263 3388 2334 γὰρ
3439 2265 3775 2336 προσφέρεις

2190 2350 2282 2403 τὸν
2304 2349 2493 2420 ὕμνον,
2521 2350 2862 2422 βλασφημεῖς
2884 2352 2978 2406 τὸν
3004 2354 3344 2426 ὑμνούμενον
3371 2372 3384 2385 ·
3412 2355 3479 2408 δι’
3500 2351 3576 2409 ὢν
3600 2374 3653 2409 τι
3663 2358 3775 2426 μᾷν

2197 2443 2494 2513 προσποιῇ,
2547 2441 2648 2514 τὴν
2698 2442 2859 2507 ἀξίαν
2910 2444 3212 2518 λῃστεύεις.
3254 2449 3483 2519 ’Λτιμον
3526 2448 3601 2511 ὼς
3632 2448 3778 2502 Κάῖν

2193 2531 2271 2602 τῷ
2294 2534 2624 2604 Δημιουργῷ
2652 2532 2751 2605 τὴν
2779 2535 2944 2606 τιμὴν
2969 2538 3382 2609 προσκομίζεις.
3419 2538 3551 2592 Θεὸν
3579 2538 3777 2609 ὁμολο-

2196 2624 2333 2692 γεῖς,
2386 2624 2480 2677 καὶ
2537 2624 2743 2697 κτίσμα
2790 2630 2986 2693 ποιεῖς,
3022 2630 3119 2681 καὶ
3174 2630 3310 2701 μετά
3373 2630 3570 2701 μικρὸν
3609 2631 3780 2685 πάλιν

2201 2715 2491 2787 ἄνθρωπον
2534 2717 2817 2785 γεγονέναι
2868 2719 3180 2791 κηρύττεις,
3221 2723 3287 2775 ἐκ
3333 2724 3635 2793 κτίσματος
3697 2724 3782 2785 εἰς

2199 2806 2407 2876 κτίσμα
2469 2807 2861 2878 μεταπλάττων
2939 2809 3028 2862 τὸν
3075 2811 3360 2879 κτίσαντα,
3409 2815 3501 2868 καὶ
3560 2814 3783 2882 γένεσιν

2202 2898 2466 2966 γενέσεως
2480 2898 2793 2964 ἀποτίκτεις
2811 2899 3082 2970 διάδοχον’
3109 2904 3203 2956 καὶ
3229 2904 3470 2966 ἀκούσας
3499 2905 3578 2958 ὅτι
3600 2906 3784 2977 σάρκα

2204 2988 2391 3042 λαϐὼν
2444 2990 2872 3061 ἐμψυχωμένην,
2928 2992 3027 3063 τὴν
3076 2994 3218 3066 ὑπὲρ
3273 2996 3432 3066 ἡμῶν
3464 2996 3782 3068 οίκονομίαν

2205 3082 2526 3153 είργάσατο,
2573 3082 2710 3154 πρὸς
2756 3083 2919 3151 φύσιν
2964 3084 3064 3156 τὴν
3116 3086 3376 3159 σύλληψιν
3430 3088 3657 3160 οἰηθεὶς,
3679 3090 3787 3160 τὴν

2208 3171 2517 3243 φανέρωσιν
2567 3173 2648 3235 είς
2700 3172 3097 3243 συμπλήρωσιν
3145 3175 3244 3246 τῆς
3286 3177 3544 3242 ἀσεϐείας
3590 3178 3787 3231 οὐσίαν

2207 3262 2620 3334 ἐκλογιζόμενος
2658 3263 2790 3331 (62).
2844 3264 2984 3318 Ἀλλ’
3028 3266 3127 3335 ούχ
3172 3266 3344 3332 οὕτως
3387 3269 3420 3339 ή
3466 3268 3599 3330 Εὕα,
3641 3269 3787 3334 ἀλλ’,

2221 3355 2606 3426 Ἐκτησὰμην
2655 3354 2973 3425 ἄνθρωπον
3009 3357 3106 3413 διὰ
3141 3358 3250 3413 τοῦ
3294 3360 3464 3415 Θεοῦ.
3492 3356 3625 3414 Οἶδά
3657 3377 3786 3432 μου,

2210 3448 2366 3519 φησὶ,
2398 3448 2501 3519 τῆς
2541 3448 2692 3514 Θείας
2726 3449 2951 3519 ἐντολῆς
2995 3449 3094 3521 τὴν
3132 3450 3482 3522 παράϐασιν
3520 3448 3638 3505 οἶδα
3686 3453 3791 3505 τοῦ

2212 3542 2548 3617 παραδείσου
2579 3542 2680 3615 τὴν
2707 3541 3002 3599 ἔκπτωσιν.
3063 3544 3423 3615 ἘπαιδεύΘην
3449 3539 3531 3608 οἷς
3563 3544 3788 3601 ἔπαθον.

2223 3634 2502 3707 Ὁμολογῶ
2532 3635 2628 3689 τὸν
2665 3636 2993 3707 τιμήσαντα,
3046 3635 3318 3707 ἐδεξάμην
3360 3635 3459 3705 τὴν
3516 3635 3793 3706 τιμωρίαν

2213 3727 2514 3796 ἀσφαλείας
2560 3726 2900 3782 διδάσκαλον.
2949 3728 3135 3798 Ἀρκεῖ
3170 3727 3271 3796 τῆς
3301 3726 3518 3797 ἀπάτης
3552 3729 3582 3781 ὁ
3608 3726 3796 3782 κίνδυ-

2212 3835 2322 3882 νος,
2352 3817 2612 3890 δευτέραν
2642 3818 2934 3890 ἐπιϐουλὴν
2972 3818 3033 3872 ού
3070 3817 3461 3890 προσδέχομαι.

2281 3914 2352 3977 γ’.
2405 3907 2516 3962 Kal
2546 3909 2949 3964 συλλαϐοῦσα
2995 3909 3163 3963 ἔτεκε
3192 3909 3301 3963 τὸν
3336 3909 3505 3963 Κάιν.
3560 3910 3793 3981 ἙτέχΘη

2213 3999 2451 4071 πρῶτος,
2492 4002 2521 4053 ὁ
2561 4000 2781 4072 πρῶτος
2822 4004 2889 4073 τῇ
2939 4001 3099 4070 φύσει
3151 4001 3443 4073 πολέμιοςο
3485 4002 3513 4055 ό
3571 4001 3794 4073 πρῶτος

2212 4091 2429 4157 ἀνοίξας
2458 4090 2539 4162 τῷ
2564 4091 2712 4164 τόκῳ
2737 4092 2831 4147 τὸν
2856 4093 3076 4165 δρόμον,
3112 4093 3328 4165 πρῶτος
3353 4093 3556 4164 ἠνέῳξε
3585 4093 3662 4164 τῷ
3694 4093 3795 4147 Θα-

540 4181 702 4249 fecit;
737 4182 826 4251 qui
862 4192 1071 4237 natura:
1111 4193 1333 4236 munere
1380 4179 1591 4250 primus
1645 4180 1711 4235 ad
1746 4181 1910 4234 vitam
1938 4178 2097 4249 venit,

2214 4183 2360 4255 νάτῳ
2386 4182 2486 4249 τὰς
2527 4183 2701 4248 πύλας
2722 4198 2739 4215 ⁸
2775 4184 2993 4256 πρῶτος
3022 4187 3101 4249 είς
3132 4186 3245 4257 βίον
3272 4183 3497 4256 δραμὼν
3537 4184 3614 4256 τῷ
3639 4184 3795 4255 νόμῳ

538 4283 594 4329 et
614 4274 823 4344 primus
846 4274 978 4329 vitio
1004 4272 1295 4328 voluntatis
1333 4272 1386 4327 in
1441 4272 1640 4327 caedem
1701 4271 1833 4327 ruit.
1887 4269 2111 4325 Partum

542 4368 688 4421 hunc
713 4365 915 4422 Abelus
945 4365 1167 4435 excipit,
1207 4363 1297 4419 ille
1330 4363 1545 4433 quidem
1578 4372 1767 4417 natura
1797 4377 2109 4433 germanus,

540 4474 647 4514 non
679 4456 972 4513 voluntate.
1000 4455 1226 4526 Aperuit
1258 4455 1403 4509 enim
1438 4455 1732 4511 discrimen
1800 4456 2109 4510 animorum

538 4548 907 4606 sacriﬁcatio:
933 4548 1021 4603 hic
1045 4548 1190 4603 enim
1219 4562 1315 4616 per
1343 4560 1462 4601 eam
1491 4546 1597 4612 sui,
1629 4547 1717 4601 ille
1740 4546 1833 4602 Dei
1864 4547 2115 4617 cognitus

542 4650 624 4698 est
656 4650 885 4696 amator.
923 4637 1203 4709 Siquidem
1232 4636 1437 4693 Cainus
1460 4636 1915 4692 sacriﬁcationem
1935 4638 2114 4692 multa:

542 4735 660 4788 loco
687 4733 889 4786 ducens
924 4730 1247 4801 rejectaneis
1276 4727 1562 4785 sacrificiis
1614 4728 1878 4784 honorem
1925 4728 2117 4783 detulit

542 4824 828 4883 honorato,
888 4820 1188 4875 adulterata
1251 4828 1431 4874 mente
1484 4833 1798 4890 cauponans
1852 4820 2111 4892 pretium.

541 4912 740 4969 Abelus
761 4926 890 4968 vero
940 4912 1099 4981 longe
1140 4910 1333 4979 aliter;
1386 4910 1481 4981 qui
1525 4926 1647 4967 cum
1707 4914 1907 4968 donum
1954 4922 2099 4969 totus

629 5071 680 5103 “
701 5069 838 5127 Gen.
871 5081 950 5136 Iv,
973 5066 1031 5125 1.

2216 4272 2318 4343 τῆς
2360 4272 2597 4342 φύσεως,
2633 4273 2729 4326 καὶ
2775 4272 2998 4345 πρῶτος
3022 4274 3103 4337 είς
3137 4274 3295 4343 φόνον
3323 4272 3493 4327 ἐλθὼν
3519 4273 3795 4345 τῇκακία

2215 4364 2316 4434 τῆς
2348 4364 2751 4436 προαιρέσεως.
2804 4365 3121 4436 Διαδέχεται
3170 4366 3261 4418 τὸν
3308 4364 3467 4418 τόκον
3518 4365 3548 4416 ό
3597 4365 3791 4428 Ἀϐελ,

2216 4455 2443 4525 ἀδελφὸς
2470 4455 2571 4527 μὲν
2597 4457 2697 4526 τὴν
2722 4456 2904 4526 φύσιν,
2937 4458 3038 4511 οὐκ
3068 4456 3299 4525 ἀδελφὸς
3328 4456 3425 4527 τὴν
3445 4454 3788 4525 προαίρεσιν.

2220 4547 2430 4613 Ἔδειξε
2457 4547 2566 4620 γάρ
2592 4550 2625 4620 ἠ
2656 4548 2816 4603 θυσία
2837 4550 2899 4603 τὸ
2924 4550 3022 4619 τῆς
3043 4548 3267 4618 γνώμης
3298 4548 3575 4618 διάφορον.
3611 4547 3669 4599 ὐ
3693 4547 3795 4617 μὲν

2219 4638 2331 4711 γάρ
2374 4639 2655 4710 φίλαυτος,
2686 4641 2716 4694 ό
2755 4640 2814 4694 δέ
2853 4640 3099 4709 φιλόθεος
3123 4639 3192 4693 δι’
3224 4639 3397 4709 αὐτῆς
3439 4634 3790 4708 ὲγνωρίζετο.

2222 4732 2365 4786 Κάἳν
2401 4733 2499 4801 μὲν
2521 4732 2631 4805 γάρ
2658 4734 2760 4805 τὴν
2793 4732 2984 4785 Θυσίαν
3009 4731 3213 4802 ζημίαν
3240 4730 3563 4801 ἡγούμενος,
3596 4730 3660 4781 ἐκ
3685 4728 3796 4782 τῶν

2222 4824 2500 4896 ἀδοκίμων
2527 4824 2628 4897 τὴν
2673 4824 2839 4897 τιμὴν
2860 4824 2937 4896 τῷ
2963 4822 3262 4895 τιμωμένῳ
3293 4820 3675 4893 προσεκόμιζε,
3710 4836 3797 4872 νει

2208 4917 2506 4990 νοΘευμένῃ
2561 4918 2768 4990 ,γνώμῃ
2838 4918 2938 4990 τὴν
2997 4917 3163 4988 τιμὴν
3208 4914 3550 4988 καπηλεύων.
3623 4912 3682 4966 '0
3733 4910 3793 4965 δι

1717 5287 1826 5346 CL.
1869 5288 2147 5359 DAUSQU
2157 5290 2244 5348 Ell
2285 5291 2519 5349 NOTE.

612 5464 724 5535 (ΘΙ)
771 5466 1080 5538 Ἐντεῦθεν
1114 5464 1337 5538 ἤρξατο
1361 5465 1502 5531 τοὺς
1528 5468 1809 5536 λογικοὺς
1837 5468 2107 5538 στάχυας

538 5537 912 5602 βλαστάνειν
958 5537 995 5603 ἠ
1043 5538 1246 5605 φύσις.
1299 5536 1633 5592 Uberrimum
1670 5536 1989 5607 proventum
2017 5541 2113 5593 lm-

542 5609 745 5662 miuum
778 5608 878 5661 hoc
907 5607 1158 5680 l_oque_udi
1181 5622 1349 5680 genus
1380 5607 1669 5673 convolvit,
1697 5612 1838 5678 quod
1867 5609 2110 5680 Euripidi

539 5689 819 5748 acceptum
850 5676 1024 5732 refero
1047 5676 1329 5731 ΡΙιωήἱοεὶδ
1366 5692 1385 5728 .-

646 5813 795 5881 Γῆν,
824 5814 861 5880 ἢ
896 5815 1026 5869 ποθ’
1048 5814 1191 5883 ῆμῒν
1223 5814 1663 5883 χρυσοπήληκα
1697 5814 1934 5883 στάχυν

646 5885 932 5953 Σπαρτῶν
955 5882 1201 5953 ἀνῆκεν.
1243 5926 1255 5939 .
1299 5924 1311 5937 .
1356 5925 1369 5939 .
1414 5925 1428 5939 .

2326 5473 2458 5545 Qum
2485 5481 2621 5526 terra
2653 5475 2800 5529 nobis
2834 5476 3056 5529 credidit
3084 5474 3305 5545 Spartae
3334 5489 3519 5529 novam

2328 5542 2550 5597 Messen:
2589 5547 2764 5599 aureis
2793 5546 2958 5616 galeis
2988 5542 3289 5600 micantem.
3331 5582 3346 5597 .
3390 5582 3407 5598 .

2290 5656 2404 5727 (62)
2456 5657 2951 5728 Ἐκλογιξόμενος.
2991 5661 3083 5713 Ἐκ
3126 5659 3405 5729 νείςιιῑίίςαι
3454 5654 3618 5729 animi
3667 5667 3795 5725 pro-

2220 5729 2552 5797 gressionem
2606 5744 2671 5784 ex
2704 5727 2905 5786 Christi
2965 5727 3402 5786 manifeslatione
3447 5728 3514 5784 ad
3549 5727 3664 5798 eius
3696 5740 3795 5779 na-

2219 5808 2419 5854 turam.
