4102 6550
266 374 353 444 63.

264 582 556 653 εἰλικρινεῖ
586 584 793 655 διανοίᾳ
827 583 1122 656 θεραπεύει
1162 588 1253 640 τὸν
1277 588 1581 659 κρείττονα,
1630 594 1725 645 καὶ
1756 593 1845 649 τὸν

264 673 366 741 τῆς
410 674 653 743 ποίμνης
695 676 915 747 δοτῆρα,
954 681 1065 741 τοῖς
1109 679 1210 748 τῆς
1250 682 1479 753 ποίμνης
1545 682 1847 756 ἐξαιρέτοις

268 765 462 834 ἐτίμα,
495 766 595 835 τῆς
639 766 865 838 γνώμης
894 769 991 838 τὴν
1029 770 1230 842 ἀρετὴν
1265 771 1554 825 συνάπτων
1595 777 1706 837 τοῖς
1739 774 1843 827 δὼ-

267 873 405 926 ροις,
438 858 533 909 καὶ
562 858 731 928 αὐτὴν
768 858 867 931 τὴν
899 860 1077 931 ψυχὴν
1118 862 1561 934 πμπροσφέρων
1590 865 1667 935 τῷ
1699 866 1846 935 δεχο-

280 952 443 1021 μένῳ.
493 949 716 1021 Ταύτην
755 951 1028 1021 ἑκατέρων
1065 953 1093 1006 ὀ
1133 955 1478 1024 συγγραφεὺς
1505 954 1581 1018 ὡς
1603 956 1695 1008 ἐπὶ
1717 972 1847 1026 τρυ-

273 1043 440 1112 τάνης
460 1043 561 1112 τῆς
590 1042 830 1113 ἱστορίας
859 1042 1209 1112 ζυγοστατῶν
1242 1045 1341 1115 τὴν
1380 1045 1719 1118 προαίρεσιν,
1738 1045 1847 1099 ἐλε-

278 1154 371 1204 γεν
393 1152 407 1166 ·
449 1139 711 1205 Ἠνεγκε
732 1136 882 1191 Κάιν
911 1136 1026 1192 ἀπὸ
1072 1136 1191 1192 τῶν
1227 1137 1473 1206 καρπῶν
1502 1139 1719 1193 θυσίαν
1764 1138 1846 1204 τῷ

267 1229 412 1295 Θεῷ.
446 1231 731 1300 ’Δκαρπος
755 1229 948 1300 γνώμη
980 1230 1224 1302 καρποὺς
1270 1230 1571 1302 προσφέρει
1598 1229 1751 1300 Θεῷο
1810 1230 1844 1300 ἠ

260 1319 476 1390 ἄψυχος
500 1322 858 1391 καρποφορεῖ,
888 1319 981 1373 καὶ
1013 1319 1042 1372 ὁ
1075 1320 1214 1373 Κάῖν
1246 1318 1581 1391 εύγνωμονεῖ
1609 1319 1845 1390 ἀκάρπῳ

262 1417 442 1485 ψυχῇ·
490 1413 581 1468 διὰ
616 1413 772 1467 τοῦτο
813 1413 1037 1477 ἀδεκτος
1079 1414 1295 1485 ήτιμή.
1353 1413 1607 1485 Ἐπίσχες
1653 1412 1845 1465 θυσίαν

259 1508 497 1578 ἀσεϐείᾳ
529 1505 983 1577 συνεζευγμὲνην.
1013 1506 1120 1560 Kal
1153 1506 1332 1560 ’Ἅϐελ
1371 1494 1589 1574 ἤνεγκε
1612 1503 1709 1558 καὶ
1738 1504 1845 1557 αὑ·-

260 1600 369 1667 τὸς
398 1599 522 1654 ἀπὸ
545 1597 665 1652 τῶν
687 1599 1096 1667 πρωτοτόκων,
1131 1598 1188 1651 ὲν
1215 1591 1294 1661 οἷς
1325 1599 1358 1669 ἠ
1391 1597 1551 1666 φύσις
1586 1598 1843 1669 ἠρίστευ-

262 1709 380 1755 σεν,
416 1692 476 1745 ὲν
502 1689 712 1753 τούτοις
735 1691 768 1759 ὴ
786 1687 979 1759 γνώμη
1004 1686 1366 1758 θαυμάζεται.
1405 1688 1723 1743 Ἀκόλουθον
1749 1687 1843 1745 οὖν

276 1782 572 1851 ἑκατέροις
603 1781 664 1832 τὸ
702 1779 876 1841 τέλος.
932 1777 1202 1832 Ἐπεῖδεν
1241 1780 1275 1832 ὁ
1319 1779 1463 1844 Θεὸς
1503 1777 1603 1831 ἐπὶ
1646 1780 1838 1843 Ἅϐελ,

1709 390 1989 455 ORATIO
2025 396 2122 459 IV.
3451 417 3523 480 το

271 489 437 543 ’Λῦελ
462 490 563 561 οὐχ
598 491 801 557 οὕτως’
830 493 951 557 ὅλος
975 493 1032 547 δὲ
1064 493 1158 548 τοῦ
1175 494 1352 568 δώρου
1377 498 1674 570 γενόμενος
1716 501 1851 573 (6'5),
1883 511 1928 567 Α
1959 515 2250 573 spectaret,
2279 511 2461 569 animo
2486 513 2700 571 sincero
2732 516 2897 573 Deum
2950 519 3080 573 colit
3118 486 3359 573 meliorei

1959 515 2250 576 spectaret,
2279 511 2461 569 animo
2486 513 2700 571 sincero
2732 516 2897 574 Deum
2950 519 3080 574 colit
3118 520 3421 591 meliorem,
3461 536 3518 580 et

1949 599 2133 667 gregis
2158 602 2397 657 datorem
2429 605 2634 662 lectiori
2661 610 2839 679 gregis
2898 612 3147 680 portione
3193 614 3514 680 honorabat,

1949 692 2114 744 animi
2146 693 2397 747 virtutem
2434 710 2555 751 cum
2585 700 2741 756 donis
2780 705 3063 771 copulatis,
3131 721 3345 773 unaque
3387 711 3509 761 ani-

1948 796 2092 834 mum
2146 782 2317 851 ipsum
2372 785 2609 844 otl'erens
2658 793 2941 861 accipienti
2998 795 3126 849 Deo.
3189 794 3302 851 lloc
3349 799 3513 852 animi

1947 869 2232 941 utriusque
2266 877 2599 943 propositum
2632 882 2969 952 conscriptor
2999 883 3208 955 Moyses
3259 887 3402 941 velut
3460 889 3511 941 in

1946 960 2186 1017 historiae
2217 964 2415 1018 trutina
2480 966 2686 1023 librans
2736 971 2950 1026 diccbat
2991 992 3005 1027 :
3044 974 3246 1029 Obtulit
3284 976 3418 1032 Cain
3447 979 3514 1033 de

1946 1052 2204 1120 fructibus
2292 1073 2505 1111 munera
2585 1058 2897 1115 Domino".
2962 1062 3334 1123 lnlructuosus
3394 1070 3513 1122 ani-

1946 1159 2066 1199 mus
2093 1144 2573 1219 irnctusapportat
2609 1150 2736 1212 Deo.
2799 1168 2993 1208 carens
3054 1155 3232 1209 anima
3298 1158 3511 1212 fructus

1957 1235 2117 1291 ollert
2145 1237 2274 1302 Deo,
2301 1249 2353 1295 et
2379 1240 2548 1296 Caino
2574 1243 2799 1309 pulchre
2822 1259 2945 1299 cum
2973 1245 3309 1303 infructuosa
3328 1252 3512 1305 anima

1944 1328 2238 1383 convenit:
2265 1346 2436 1399 quare
2455 1332 2629 1387 honor
2663 1350 2692 1387 a
2744 1334 2851 1389 Deo
2906 1337 3115 1391 admitti
3158 1352 3263 1392 non
3307 1349 3509 1408 potest.

1950 1418 2121 1474 Differ
2149 1421 2478 1475 sacritlcium
2510 1439 2632 1478 cum
2662 1424 2941 1494 impietate
2956 1429 3327 1497 conjunctum.
3381 1431 3509 1485 Abe.

1943 1527 2148 1580 quoque
2177 1510 2365 1564 obtulit
2397 1513 2460 1566 de
2482 1514 2849 1584 primogenitis
2892 1516 2961 1580 “,
2997 1520 3048 1573 iu
3070 1518 3271 1587 quibus
3316 1532 3510 1576 natura

1944 1604 2149 1673 optima
2221 1606 2730 1671 commendabatur,
2791 1607 3005 1663 animus
3058 1618 3333 1679 spectatus
3405 1622 3508 1666 est.

1944 1694 2356 1765 Eventusigitur
2383 1696 2597 1767 utrique
2631 1686 2951 1769 congruens
2984 1700 3080 1755 fuit
3114 1720 3127 1755 :
3172 1700 3241 1754 Et
3280 1705 3507 1772 respeait

1949 1786 2211 1841 Dominus
2237 1786 2306 1840 ad
2338 1788 2482 1853 Abel,
2520 1798 2567 1843 et
2598 1790 2666 1843 ad
2692 1806 2908 1844 munera
2940 1791 3055 1859 ejus
3083 1793 3150 1847 ⁸⁷.
3185 1793 3334 1847 Dona
3372 1792 3507 1849 olle-

261 1876 358 1928 καὶ
379 1849 482 1927 ἐπί
512 1872 636 1939 τοῖς
660 1870 870 1939 δώροις
895 1871 1101 1926 αὐτοῦ.
1134 1869 1304 1941 Ὁρῶν
1322 1869 1414 1922 τὸν
1436 1869 1834 1940 προσφέροντα,

1943 1888 2150 1932 rentent
2216 1879 2588 1949 conspicatus,
2647 1880 2827 1935 oblata
2876 1897 3092 1952 quoque
3142 1885 3505 1953 amplectitur.

260 1966 380 2018 τότε
403 1963 511 2036 [τὸ]
528 1961 969 2034 προσφερόμενον
984 1960 1196 2030 δέχεται
1213 1975 1226 1987 '
1247 1957 1460 2029 πρῶτον
1473 1957 1570 2028 τὴν
1587 1957 1834 2028 γνώμην,

264 2058 361 2110 καὶ
406 2056 530 2110 τότε
570 2054 668 2125 τὴν
711 2053 855 2107 δόσιν
895 2053 1201 2123 προσίεται.
1234 2050 1366 2103 Ἐπὶ
1411 2048 1479 2102 δὲ
1518 2050 1687 2114 Κάῖν,
1733 2051 1831 2104 καί

264 2148 363 2201 ἐπὶ
401 2148 527 2213 ταῖς
555 2145 796 2210 θυσίαις
821 2141 1008 2197 αὑτοῦ
1037 2144 1107 2196 οὺ
1145 2140 1524 2210 προσέσχενο
1565 2140 1707 2212 ὁρῶν
1743 2141 1832 2193 τὸν

262 2242 505 2311 τρόπον,
561 2238 662 2309 τὴν
728 2237 919 2291 θυσίαν
991 2234 1373 2306 βδελύττεται·
1470 2232 1685 2305 πρῶτον
1734 2232 1834 2303 ὁρᾷ

261 2333 365 2404 τὴν
418 2330 830 2405 προσφέρουσαν
877 2330 1033 2399 χεῖρα
1080 2325 1211 2399 (64).
1266 2326 1363 2380 Διά
1408 2324 1565 2379 τοῦτο
1613 2324 1682 2377 τὰ
1736 2325 1833 2395 μὲν

259 2424 356 2477 τοῦ
381 2421 728 2492 ’Δὸελ,δῶρα
753 2421 924 2485 καλεῖ,
943 2419 1013 2473 τὰ
1028 2420 1084 2472 δὲ
1110 2419 1201 2473 τοῦ
1226 2420 1393 2484 Κάῐν,
1420 2417 1610 2471 θυσίαν
1648 2418 1835 2469 ἐπονο-

263 2522 429 2593 μάζει
466 2537 480 2549 ⁸
530 2519 567 2573 ἃ.
606 2518 715 2591 γὰρ
751 2520 901 2589 μισεῖ
956 2517 1106 2583 Θεὸς,
1153 2515 1340 2569 θυσίαν
1362 2516 1648 2580 ἐκάλεσεν,
1713 2514 1833 2566 ἀδο-

260 2616 408 2685 χεμῳ
425 2611 767 2684 προσηγορία
824 2608 920 2681 τὴν
946 2607 1133 2661 θυσίαν
1161 2606 1637 2677 ἀποστρεφόμενος
1676 2603 1788 2672 (65)
1816 2618 1829 2635 ⁸

257 2709 296 2761 ἃ
362 2708 419 2759 δὲ
494 2704 776 2775 προσίεται
863 2700 1031 2766 Θεὸς,
1091 2699 1261 2754 ταῦτα
1350 2698 1584 2769 κέκληκε
1660 2696 1828 2766 δῶρα.

270 2790 565 2860 Ἔνήλλαξε
596 2790 690 2861 τὴν
721 2789 913 2858 κλῆσιν
947 2787 1099 2859 παρὰ
1122 2786 1219 2857 τὴν
1248 2784 1433 2855 φύσιν,
1470 2784 1831 2850 συνεξαλλάτ-

256 2901 367 2935 των
411 2882 545 2954 περὶ
587 2880 726 2933 αύτά
765 2880 864 2949 τὴν
895 2878 988 2931 τοῦ
1044 2876 1331 2948 δεχομένου
1364 2876 1620 2931 διάθεσιν,
1666 2876 1829 2929 Ἀλλ’

256 2976 536 3039 ἐλύπησε
570 2972 676 3025 τὸν
721 2971 872 3025 Κάῖν
909 2971 1068 3024 λίαν.
1101 2969 1224 3023 Εἴθε
1274 2967 1563 3040 μετανοίας
1608 2963 1695 3039 ἦν,
1737 2968 1831 3021 καὶ

260 3067 338 3138 μὴ
370 3065 686 3137 μιαιφονίας
716 3066 747 3135 ἡ
774 3062 953 3133 λύπηί
982 3059 1327 3133 Προσήνεγκε
1355 3060 1453 3129 τῆς
1485 3059 1772 3131 μετανοίας
1801 3061 1829 3112 ὁ

258 3160 401 3212 Κάῐν
428 3157 527 3228 τὴν
555 3156 754 3226 λύπην,
782 3155 881 3225 τῆς
908 3152 1289 3225 προλαὸούσης
1320 3150 1514 3205 θυσίαν
1545 3168 1824 3221 προτιμω-
1854 3179 1898 3238 c

257 3248 445 3315 τέραν.
475 3246 700 3317 Δέχεται
723 3246 830 3315 γὰρ
856 3246 884 3298 ὁ
910 3243 1041 3307 Θεὸς
1061 3244 1121 3295 τὸ
1146 3241 1318 3314 δῶρον
1349 3242 1448 3314 τὴν
1472 3243 1570 3314 τῆς
1605 3240 1829 3313 γνώμης

258 3338 631 3404 κατάγνωσιν.
677 3334 815 3388 Ἀλλ’
843 3336 871 3388 ὁ
898 3333 1090 3403 φθόνος
1116 3327 1185 3404 ἦν
1217 3335 1246 3387 ὀ
1284 3333 1383 3401 τῆς
1415 3331 1591 3403 λύπης
1622 3331 1827 3403 πατὴρ,

258 3430 351 3483 καὶ
382 3426 557 3497 θυμὸς
586 3426 655 3479 τὰ
688 3425 783 3480 τοῦ
811 3425 972 3496 φόνου
1004 3426 1286 3498 προοίμια.
1320 3425 1627 3498 Πραΰνεται
1652 3423 1830 3478 τοίνυν

258 3517 327 3572 δι’
356 3518 552 3573 ἑαυτοῦ
574 3518 639 3572 τὰ
662 3516 762 3587 τῆς
777 3516 954 3587 λύπης
978 3516 1128 3581 Θεὸς,
1163 3516 1305 3571 κατά
1333 3515 1459 3577 τοὺς
1491 3514 1599 3568 τῶν
1628 3514 1830 3587 ἰατρῶν

260 3609 699 3681 φιλανθρώπους,
724 3609 773 3662 οἳ
793 3609 887 3663 καὶ
920 3607 1250 3677 ἀπογνόντες
1273 3606 1530 3669 πολλάκις
1553 3605 1613 3659 τὸ
1639 3605 1830 3670 πάθος,

260 3704 365 3756 οὐκ
390 3701 823 3770 άπογινὼσκουσι
854 3701 924 3754 τὰ
948 3701 1235 3772 φάρμακα.
1265 3700 1374 3753 Καὶ
1404 3698 1585 3769 φωνῆς
1612 3696 1831 3769 μεταδί-

257 3792 410 3855 δωσι,
442 3792 537 3845 καὶ
561 3791 721 3861 λόγον
763 3789 1046 3862 χαρίζεται
1074 3830 1088 3856 ,
1126 3789 1220 3842 καὶ
1255 3787 1559 3858 σύμὸουλος
1595 3788 1827 3857 γίνεται.

262 3886 393 3939 'lra
423 3884 484 3937 τί
503 3885 836 3951 περίλυπος
854 3880 1086 3953 ἐγένου,
1116 3880 1285 3946 Κὰῒν;
1315 3880 1414 3934 καί
1455 3880 1554 3932 ἵνα
1594 3878 1650 3932 τί
1682 3890 1831 3932 συν-

255 3978 441 4031 έπεσε
472 3976 537 4030 τὸ
559 3974 886 4044 πρόσωπόν
909 3989 1026 4029 σου
1047 3993 1066 4041 ;
1090 3975 1202 4029 Οὐκ
1222 3974 1516 4045 ἠμυνάμην
1544 3989 1624 4037 σε,
1643 3970 1828 4042 φησιν,

256 4068 636 4138 ἀτιμάσαντα,
668 4065 791 4119 οὐδὲ
821 4065 956 4138 πυρὶ
998 4064 1089 4119 τὸν
1138 4063 1400 4136 ὑϐριστὴν
1448 4061 1827 4134 κατηνάλωσα.

258 4161 400 4233 Πρὸς
422 4161 483 4213 σὲ
505 4161 539 4231 η
568 4159 886 4230 ἀποστροφὴ
899 4155 1212 4228 αὐτοῦ’(θϐ),
1247 4156 1330 4230 σοὶ
1353 4154 1557 4208 δέδωκα
1582 4152 1692 4207 τῶν
1723 4153 1830 4206 σῶν

255 4251 479 4323 δωρεῶν
508 4252 612 4321 τὴν
644 4249 959 4305 ἀπόλαυσιν.
977 4248 1161 4321 ’Δρκεῖ
1189 4264 1276 4328 σοι
1300 4247 1436 4317 πρὸς
1469 4245 1827 4318 ἐπιστροφὴν,

253 4344 288 4414 ἡ
316 4342 413 4414 τῆς
448 4341 643 4405 θυσίας
690 4340 1028 4411 ἀποστροερή.
1082 4337 1277 4411 Τρύφα
1311 4339 1431 4400 ταῖς
1471 4335 1669 4389 σαυτοῦ
1722 4335 1827 4389 δω-

258 4435 431 4506 ρεαῖς.
478 4431 879 4504 Ἀτιμάζουσαν
910 4429 1096 4484 θυσίαν
1129 4429 1188 4484 ού
1208 4427 1453 4500 δέχομαι.
1488 4426 1703 4499 Μηκέτι
1732 4425 1831 4498 τὴν

352 4637 399 4669 ⁸⁸
436 4634 577 4692 Gen.
616 4649 688 4700 tv,
723 4633 777 4687 3.
820 4633 864 4666 “
911 4632 1036 4688 ibid.
1076 4631 1134 4689 4.

1934 1969 2171 2024 Primum
2226 1971 2485 2036 animum,
2552 1972 2745 2028 deinde
2818 1974 3172 2029 donationem
3241 1979 3503 2032 admittit.

1934 2058 2016 2112 At!
2076 2057 2209 2113 Cain
2261 2070 2455 2125 autent,
2526 2071 2575 2115 et
2639 2062 2710 2116 ad
2779 2080 3000 2118 munera
3055 2066 3199 2118 illius
3262 2084 3366 2121 non
3424 2085 3506 2122 re—

1933 2150 2100 2216 spexit
2151 2146 2217 2203 ⁵⁸.
2281 2149 2698 2205 Animadversis
2740 2153 2983 2208 moribus
3044 2170 3201 2209 sacra
3249 2156 3369 2209 haec
3410 2172 3507 2210 ex-

1935 2250 2200 2295 secratur.
2236 2239 2478 2293 Primum
2538 2252 2935 2312 spectat........
2990 2260 3134 2311 eam,
3182 2261 3303 2315 quae
3347 2246 3507 2301 offert

1936 2346 2175 2385 manum.
2239 2330 2501 2397 Quocirca
2565 2348 2687 2402 qua:
2768 2336 2971 2391 Abelus
3039 2339 3174 2391 dona
3255 2354 3507 2409 compor-

1935 2432 2032 2488 tat,
2091 2426 2230 2478 dona
2287 2424 2568 2489 nominat;
2634 2440 2753 2493 qua:
2809 2425 3033 2491 Cainus,
3103 2428 3333 2482 hostiam
3415 2445 3504 2500 ap-

1935 2515 2119 2583 pellat,
2166 2514 2272 2585 23
2305 2514 2547 2582 improba
2582 2516 2683 2570 ista
2713 2517 3072 2586 appellatione
3099 2520 3331 2575 hostiam
3357 2536 3507 2575 aver-

1932 2617 2115 2664 satus:
2156 2621 2275 2674 qua:
2306 2621 2434 2660 vero
2489 2606 2758 2670 admittit,
2825 2609 2959 2661 dona
3025 2609 3162 2664 solet
3200 2610 3502 2681 indigitare.

1932 2696 2153 2751 Mutavit
2210 2696 2487 2766 Scriptura
2527 2711 2725 2749 nomen
2793 2707 2989 2767 praeter
3043 2709 3287 2752 naturam
3323 2710 3377 2752 et
3422 2700 3506 2752 in-

1930 2789 2103 2841 dolem
2158 2788 2271 2851 rei,
2323 2797 2669 2856 acceptantes
2727 2803 2940 2857 quoque
2974 2788 3118 2843 circa
3160 2789 3273 2860 ipsa
3322 2791 3507 2845 demu~

1933 2892 2075 2937 tans.
2109 2880 2388 2953 Iratusque
2420 2892 2494 2935 est
2528 2880 2660 2934 Cain
2682 2880 3079 2935 vehementer“.
3104 2880 3320 2935 Utinam
3341 2884 3507 2952 poeni-

1932 2973 2112 3026 tentia:
2140 3012 2156 3038 ,
2208 2987 2311 3026 non
2367 2969 2643 3040 parricidii
2679 2970 2834 3024 dolor
2862 2970 3087 3025 fuisset!
3122 2970 3328 3042 Quippe
3379 2984 3507 3028 tunc

1930 3063 2215 3117 obtulisset
2262 3060 2394 3116 Cain
2474 3060 2715 3115 dolorem
2768 3059 3131 3128 paenitentiae,
3164 3060 3254 3130 qui
3332 3064 3507 3131 pretio

1930 3163 2242 3224 superasset
2312 3153 2636 3209 antecedens
2690 3152 3017 3207 sacrificium
3049 3170 3063 3207 :
3099 3154 3221 3208 doni
3271 3170 3506 3224 namque

1935 3243 2053 3298 loco
2079 3242 2514 3299 retractationem
2549 3240 2762 3298 consilii
2793 3241 2939 3298 Deus
2969 3242 3224 3298 admittit.
3256 3241 3360 3298 Sed
3390 3252 3508 3298 erat

1934 3336 2226 3393 invidentia
2265 3336 2498 3392 tristitia:
2538 3351 2773 3406 parens,
2803 3344 2858 3391 et
2899 3335 3215 3392 animositas
3256 3336 3503 3407 quazdam

1933 3430 2096 3485 caedis
2147 3428 2388 3499 praemia.
2443 3426 2650 3496 Mitigat
2678 3427 2838 3499 igitur
2870 3442 2965 3497 per
2993 3425 3231 3497 seipsum
3270 3427 3506 3483 tristitiae

1932 3522 2040 3576 vim
2092 3522 2232 3575 Deus
2260 3521 2325 3573 de
2356 3533 2507 3574 more
2562 3519 2937 3573 humaniorum
2968 3518 3331 3583 medicorum,
3385 3519 3505 3589 qui,

1932 3612 2033 3666 etsi
2077 3609 2274 3665 malum
2322 3609 2636 3678 desperent,
2676 3622 2825 3676 Spem
2862 3614 3041 3661 tamen
3099 3607 3299 3661 habent
3341 3622 3501 3677 repo-

1933 3702 2090 3759 sitam
2153 3700 2205 3754 in
2262 3698 2641 3754 medicamine.
2704 3697 2768 3750 Et
2838 3711 2971 3751 voce
3018 3696 3507 3762 communicat,et

1934 3791 2143 3849 ratione
2188 3790 2419 3861 quadam
2468 3787 2799 3855 consilioque
2859 3789 2927 3841 ab
2993 3800 3059 3842 eo
3115 3785 3347 3856 gratiam
3379 3786 3505 3840 init.

1934 3885 2145 3953 Quare,
2194 3883 2407 3953 inquit,
2455 3880 2625 3933 iratus
2692 3877 2797 3932 es?
2836 3886 2888 3932 et
2926 3893 3019 3931 cur
3074 3875 3297 3930 concidit
3342 3875 3506 3945 {acies

1930 3985 2024 4031 tua
2044 3974 2132 4029 ὀἳ
2169 3971 2287 4028 Non
2321 3988 2440 4026 sum
2489 3969 2634 4025 ultus
2667 3967 2763 4023 abs
2790 3976 2843 4023 te
2894 3966 3046 4022 illata
3092 3965 3354 4022 dedecora
3376 4004 3394 4031 ,
3418 3980 3507 4021 ne-

1930 4082 2038 4139 que
2069 4064 2282 4120 ﬂamma
2332 4063 2586 4131 injurium
2631 4059 2927 4130 absumpsi.
2978 4058 3060 4113 Ad
3099 4064 3150 4112 te
3208 4057 3506 4112 revertitur

1931 4157 2150 4223 hostia,
2190 4156 2285 4210 tibi
2334 4153 2454 4211 dedi
2521 4152 2833 4207 muneribus
2879 4149 2983 4204 tuis
3030 4146 3151 4203 frui.
3210 4147 3333 4202 Tibi
3371 4146 3507 4203 satis

1929 4248 2109 4305 estad
2138 4246 2300 4303 animi
2355 4243 2764 4299 conversionem
2820 4240 3011 4296 hostiae
3062 4237 3336 4303 reversio;
3369 4236 3504 4291 deli-

1930 4338 2078 4394 ciare
2128 4352 2251 4392 cum
2287 4335 2442 4391 donis
2476 4333 2601 4389 tuis.
2637 4330 2854 4387 Plenam
2887 4328 3234 4400 turpitudinis
3266 4325 3503 4382 hostiam

1931 4438 2039 4481 non
2081 4422 2307 4494 accipio.
2369 4421 2561 4477 Desine
2594 4420 2790 4475 damna
2842 4428 2931 4474 tua
2972 4410 3192 4489 lugere,
3242 4414 3502 4487 peccasti,

1230 4631 1278 4663 δ’
1318 4630 1447 4688 ibid.
1526 4630 1571 4663 ⁸⁸
1611 4629 1812 4685 ibid.5.
1888 4628 1933 4660 ⁸⁸
1964 4626 2094 4682 ibid.
2172 4625 2217 4657 ⁸⁰
2245 4622 2374 4679 ibid.
2409 4621 2461 4677 6.

1444 4788 1553 4846 CL.
1595 4785 1869 4854 DAUSQU
1879 4784 1967 4842 ΕΠ
2000 4782 2234 4839 ΝΟΤΛΕ.

328 4980 444 5051 (63)
468 4980 655 5045 Ὄλος
686 4977 753 5031 δὲ
770 4976 878 5051 τοῦ
908 4976 1097 5051 δώρου
1117 4973 1458 5051 γενόμενος.
1502 4970 1556 5025 ld
1585 4979 1688 5036 est,
1711 4982 1832 5023 cum

1938 4957 3506 5051 {War.dnos’rpsswwoq-jeiaﬂsfu£93282“-

258 5026 489 5106 Alletvlse
505 5026 1085 5116 BBB’résbic'ehifzéJ
1108 5026 1497 5116 {elegitost
1526 5026 1687 5116 suum
1710 5052 1833 5107 spe.
1942 5036 2107 5116 tione,
2136 5034 2363 5116 (tt-caede
2381 5026 2607 5116 cruenta
2632 5029 2879 5116 animalis
2905 5030 3121 5116 mactati
3143 5026 3506 5116 tenetote-lt!-

257 5130 459 5182 claret,
479 5134 668 5189 nempe
694 5108 751 5172 ut
773 5127 917 5189 esset
938 5108 1182 5189 probum.
1206 5111 1508 5189 Methpdius
1532 5111 1596 5189 de
1621 5108 1831 5189 Simeo-

258 5206 370 5244 ne:
407 5179 571 5260 Ὅλος
603 5179 803 5260 ’γέγονε
851 5179 954 5260 τῆς
1004 5186 1279 5260 ἐφέσεωςὲ
1325 5183 1444 5245 ὅλος
1495 5179 1684 5249 γέγονε
1715 5179 1830 5260 ,τῆς

256 5260 494 5322 ἐλπίδος,
523 5252 640 5321 ὅλος
664 5252 854 5325 γέγονε
885 5252 984 5325 τῆς
1010 5252 1198 5325 χαρᾶς.
1239 5252 1379 5325 Cum?
1416 5260 1553 5305 totus
1595 5258 1723 5304 esset
1770 5252 1825 5303 in

256 5332 541 5391 desiderio,
571 5324 708 5380 totus
740 5329 796 5379 in
829 5324 951 5394 spe,
985 5324 1119 5377 totus
1146 5326 1198 5378 in
1224 5324 1436 5394 gaudio.

329 5400 444 5466 (64)
483 5388 724 5466 Πρῶτον
784 5388 893 5463 6ρᾷ
934 5388 1064 5466 ’τὴν
1093 5388 1588 5466 κπρόσφέρουίαν
1633 5388 1823 5466 χεῒρᾳ.

260 5455 545 5522 Sententia
567 5455 874 5533 semiplena
897 5455 1198 5533 addendum
1223 5455 1368 5519 enini
1400 5476 1415 5514 :
1448 5455 1582 5533 Εἶτα
1630 5455 1686 5513 δὲ

257 5538 355 5607 τῆς
384 5538 563 5608 ψυχῆς
590 5530 925 5610 προθυμίαν,
950 5530 1261 5610 εὐσέϐειαν,
1295 5540 1387 5610 aut
1406 5531 1609 5610 _sim.ile
1658 5530 1831 5610 quid;

261 5599 343 5660 vel
390 5599 725 5661 l'toE'Ord'ine
755 5620 768 5656 :
804 5606 1029 5675 Πρῶτον
1076 5604 1171 5675 μὲν
1218 5601 1465 5675 ὁρᾷίτὴν
1518 5599 1836 5675 τῆσψυχῆς

261 5622 343 5660 vet
390 5622 492 5661 noc
535 5622 768 5661 orutne:
805 5622 1029 5727 υίωτον
1076 5622 1171 5671 μεν
1218 5622 1323 5675 ορᾳ
1367 5622 1465 5672 την
1518 5622 1617 5671 της
1659 5622 1836 5669 ψυχης

260 5678 591 5798 ξῧμίαν,
624 5676 708 5731 vel
736 5675 834 5728 εὐσ
866 5675 1039 5741 σειαν,
1072 5670 1262 5743 εῐτάδὲ
1296 5674 1396 5744 τὴν
1424 5670 1837 5741 προσφερούσαν

300 5763 440 5804 ειρα.

265 5764 445 5887 ³³ῗέἷῇ
467 5817 696 5873 Θυσίαν
708 5816 1027 5882 ἐκάλεσεν,
1054 5813 1315 5883 ἀδοκιμῳ
1344 5809 1839 5881 προσηγορίατθιν

1936 5105 2068 5170 κῶς,
2097 5098 2326 5172 abiecte
2358 5115 2572 5172 quoque
2613 5110 2669 5155 et
2714 5101 3061 5169 contemptim
3091 5100 3317 5153 hostium
3344 5098 3503 5153 verti.

1932 5169 2126 5229 Notum
2161 5169 2201 5228 ε’
2220 5169 2395 5244 primo
2423 5169 2707 5226 Fastorum
2746 5182 2767 5222 :

2039 5285 2289 5342 Hostibus
2314 5304 2346 5341 a
2370 5285 2582 5340 domitis
2609 5284 2778 5339 hostia
2801 5298 2986 5339 nomen
3014 5281 3187 5337 habet.

1934 5379 2111 5446 Quare
2139 5393 2235 5432 vos
2268 5388 2350 5431 est
2380 5376 2520 5430 male
2550 5375 2785 5446 ominata
2827 5393 2842 5431 :
2892 5375 2992 5429 etsi
3029 5374 3203 5446 hostis
3232 5373 3359 5446 olim
3407 5389 3507 5428 nu-

1938 5442 2247 5505 merabatur
2276 5447 2329 5499 in
2361 5446 2623 5509 honestis,
2655 5444 2831 5498 Tullio
2856 5452 2991 5498 teste
3023 5446 3073 5498 in
3110 5442 3326 5514 Officiis.

2008 5516 2122 5589 (66)
2157 5516 2601 5589 Ἰζάποστροςρὴ
2632 5514 2859 5589 αὐτοῦτ-
2882 5514 3056 5589 Malim
3082 5512 3272 5589 atii-715,
3293 5512 3502 5589 θυσίας,

1938 5581 2165 5646 scilicet.
2194 5585 2330 5661 Tum
2373 5581 3061 5661 quod'mox__su_bjiciatur,
3108 5581 3272 5655 ήτῆς
3314 5581 3504 5661 θυσίας

1939 5658 2253 5729 ἀποστροφή
2284 5672 2307 5729 -_
2333 5664 2443 5709 tum
2476 5658 2616 5729 quod
2649 5654 2791 5729 aliud
2837 5654 3105 5729 respicere
3147 5654 3251 5711 non
3295 5654 3501 5721 possit;

1939 5730 2042 5785 nisi
2077 5725 2213 5783 forte
2244 5725 2435 5796 δῶρον,
2472 5726 2613 5797 quod
2650 5726 2952 5781 abiunctius
2978 5732 3079 5776 est.
