4102 6546
551 433 618 504 γι
1744 394 2041 483 ιιιιδιῐλι⁸
2065 422 2143 481 SE

2244 422 2606 483 iUCIENSIS
2846 434 2849 437 '
3737 419 3810 486 72

553 552 896 624 conquiesce.
982 552 1171 607 Statue
1236 548 1448 605 delictis
1526 543 1795 615 prioribus
1890 544 2129 599 modum.

2244 544 2442 613 ζημίαν
2465 542 2675 614 ὀδύρου’
2699 543 2968 613 ἥμαρτες,
2996 542 3268 613 ήσύχασον
3284 558 3297 574 ·
3332 544 3528 614 στῆσον
3547 542 3676 614 ἄχρι
3699 542 3811 596 τῶν

556 646 632 700 Ne
666 643 1017 699 invidentiam
1049 641 1321 695 occisione
1360 636 1635 700 cumules,
1671 648 1739 689 ne
1768 635 1982 690 facinus
2022 651 2132 687 tuc-

559 736 764 791 ditatus
791 734 1039 790 obarmes
1067 747 1282 785 manum
1310 771 1327 793 ,
1360 730 1668 785 affectatam
1708 731 1907 783 caedem
1938 737 1993 782 et
2039 743 2133 781 co-

558 828 820 897 gitatione
870 833 1177 892 susceptam
1229 821 1461 890 depone.
1500 818 1695 875 Verum
1739 827 1890 884 erat,
1953 828 2007 870 ut
2041 834 2136 887 ap-

563 929 752 991 paret,
804 918 1005 974 Cainus
1038 918 1397 971 immansueta
1446 914 1657 980 bellua,
1733 912 1932 966 labitur
1971 911 2085 980 ipse
2117 949 2133 972 ,

562 1022 617 1065 et
664 1011 841 1080 gliscit
893 1010 1007 1075 ira,
1077 1022 1252 1077 neque
1304 1022 1451 1061 mora
1509 1005 1965 1075 perturbationem
2001 1002 2135 1056 inol-

563 1102 772 1167 liebat;
832 1100 927 1156 sed
959 1101 1216 1169 perdurat
1268 1099 1467 1152 ca-dcm
1510 1097 1813 1167 parturiens
1858 1095 2133 1156 voluntas,

559 1191 686 1245 dum
738 1189 904 1245 animi
958 1188 1170 1242 flauuna
1211 1188 1505 1242 invidentia
1556 1201 1783 1242 accensa
1814 1186 2012 1241 caedem
2047 1202 2137 1255 pa-

562 1284 689 1338 riat.
746 1282 1089 1337 Consurrexi!
1129 1280 1263 1333 Cain
1292 1280 1560 1367 .adversus
1612 1278 1833 1346 fratrem
1871 1294 2056 1345 suum,
2088 1285 2136 1330 et

563 1375 821 1444 interfecit
858 1373 1059 1428 eum".
1098 1371 1241 1437 Quid
1295 1366 1407 1440 agis
1432 1409 1448 1433 ,
1474 1385 1507 1424 ο
1530 1366 1697 1424 Caine
1717 1368 1741 1422 ?
1760 1369 1887 1439 quid
1951 1368 2139 1422 huma-

562 1483 691 1521 num
746 1475 932 1535 guslas
964 1465 1279 1533 sanguinem
1306 1462 1328 1515 ?
1360 1461 1491 1531 quid
1535 1460 1723 1516 mortis
1759 1460 1898 1514 viam
1956 1460 2135 1522 doces,

563 1571 722 1625 quam
769 1556 1001 1608 nondum
1058 1553 1337 1607 didicisti?
1370 1550 1501 1621 quid
1568 1551 1843 1605 hominum
1900 1549 2136 1603 carnifici

566 1654 773 1699 natura:
832 1643 1000 1713 spolia
1031 1641 1481 1711 concedis?quid
1537 1641 1947 1696 insaturabilem
2020 1642 2140 1711 eius

564 1738 772 1792 diducis
790 1735 1056 1790 ventrem?
1072 1734 1312 1790 Fratrem
1335 1734 1615 1803 praemittis
1630 1748 1758 1790 orco
1773 1740 1962 1787 contra
1980 1741 2031 1787 te
2049 1750 2139 1785 ar-

564 1832 865 1886 rhabonem
914 1825 1559 1881 futurum?Laboriosus
1600 1824 1813 1879 auditor
1833 1840 1930 1893 pro
1977 1824 2139 1878 animi

2235 633 2557 702 φθασάντων
2606 636 2675 686 τὰ
2717 634 3185 705 πλημμελήματα,
3221 635 3296 704 μὴ
3338 635 3658 707 προσθήσῃς
3694 635 3809 706 (67)

2232 726 2311 796 τῷ
2331 725 2509 797 φθόνῳ
2526 726 2616 779 τὸν
2634 726 2814 795 φόνον,
2837 726 2911 797 μὴ
2942 726 3278 795 καθοπλίσῃς
3298 724 3437 794 μετὰ
3452 724 3554 795 τῆς
3586 721 3812 797 γνώμης

2233 818 2333 886 τὴν
2384 818 2540 886 χεῖρα
2562 856 2576 880 ,
2612 817 2819 871 παῦσαι
2848 817 2978 887 ἄχρι
3007 818 3118 869 τῶν
3150 816 3425 884 λογισμῶν
3471 816 3569 878 τὰς
3616 816 3811 880 ὠδῖνας

2234 907 2329 960 τοῦ
2352 908 2535 977 φόνου,
2586 908 2727 960 Ἀλλ’
2754 903 2844 978 ἦν,
2870 909 2947 971 ὡς
2978 906 3175 969 ἔοικεν,
3204 909 3230 959 ὁ
3260 907 3399 959 Κάῖν
3424 905 3811 970 ἀτιθάσσευτος

2238 998 2362 1068 θὴρ,
2391 998 2487 1051 καὶ
2514 996 2724 1050 πταίων
2752 995 2913 1060 αὐτὸς
2946 997 3039 1049 καὶ
3076 994 3439 1066 θυμούμενος,
3472 994 3592 1047 οὐδὲ
3620 995 3811 1065 χρόνος

2238 1088 2413 1159 ἑαυτῷ
2440 1090 2501 1142 τὸ
2527 1088 2697 1151 πάθος
2723 1088 3047 1159 ὲμάλαττεν,
3076 1088 3189 1141 ἀλλ’
3215 1088 3406 1158 ἔμενεν
3435 1089 3469 1158 ή
3494 1087 3813 1159 προαίρεσις

2236 1179 2497 1233 ὠδίνουσα
2528 1180 2625 1251 τὴν
2653 1180 2951 1249 ἀναίρεσιν,
2981 1180 3085 1243 ἕως
3114 1181 3147 1249 ή
3180 1178 3275 1231 τοῦ
3332 1178 3504 1249 θυμοῦ
3538 1177 3667 1248 φλὸξ
3715 1179 3812 1230 ἀν⁹

2236 1272 2516 1342 απτομένη
2555 1272 2633 1342 τῷ
2684 1272 2863 1342 φθόνῳ
2912 1270 3001 1324 τὸν
3044 1271 3202 1341 φόνον
3236 1271 3487 1324 ὰπέτεκε.
3541 1271 3807 1338 Ἀνέστη,

2239 1365 2421 1433 φησὶν,
2460 1362 2607 1416 Κᾶτν
2642 1362 2739 1416 ἐπὶ
2789 1363 2957 1415 Ἅϐελ
2993 1362 3101 1416 τὸν
3142 1359 3411 1430 ἀδελφὸν
3441 1361 3628 1415 αὐτοῦ
3654 1402 3668 1424 ,
3715 1360 3813 1413 καὶ

2238 1456 2826 1537 ἀπέκτεινειςραὺτόν.
2862 1455 2929 1507 Ti
2954 1457 3148 1516 ποιεῖς,
3177 1440 3221 1507 ὧ
3253 1455 3392 1507 Κάῖν
3418 1472 3433 1518 ;
3490 1453 3544 1506 τε
3570 1454 3705 1524 γεύῃ
3728 1454 3814 1506 αἵ-

2249 1546 2435 1618 μάτων
2456 1528 2847 1618 ἀνθρωπίνωνζ
2876 1545 2967 1599 τὸν
3016 1545 3245 1599 θάνατον
3275 1546 3328 1598 τί
3361 1544 3631 1607 διδάσκεις
3660 1544 3811 1607 ὁδὸν,

2239 1638 2306 1710 ἢν
2345 1639 2557 1692 οὐδέπω
2595 1638 2963 1710 μεμάθηκας;
3029 1638 3081 1691 τί
3115 1638 3194 1708 τῷ
3241 1637 3349 1691 τῶν
3380 1636 3680 1706 ἀνθρώπων
3723 1636 3815 1707 δη-

2244 1731 2350 1801 μίῳ
2374 1730 2470 1795 τὰς
2502 1731 2673 1802 νομὰς
2702 1732 3008 1803 παραδίδως
3037 1732 3135 1802 τῆς
3171 1730 3385 1799 φύσεως
3411 1746 3424 1795 ;
3472 1728 3525 1781 τί
3553 1728 3648 1799 τὴν
3680 1728 3812 1783 ἀκό-

2244 1839 2434 1893 ρεστον
2471 1822 2635 1876 αὑτοῦ
2665 1822 2957 1891 διανοίγεις
3027 1822 3301 1893 γαστέρας
3347 1819 3641 1893 ἀρραϐῶνα
3675 1819 3814 1873 κατὰ

564 1924 646 1979 sui
677 1920 1056 1992 perspicientia
1091 1921 1303 1991 penitus
1336 1918 1595 1989 iuquirat,
1628 1934 1657 1973 λ
1684 1908 1791 1987 quo
1817 1919 2014 1972 Cainus
2035 1931 2132 1971 (ιιι--

2244 1911 2434 1965 εαυτοῦ
2472 1912 2566 1965 τὸν
2626 1912 2853 1981 ἀδελφὸν
2898 1912 2975 1983 τῷ
3024 1912 3125 1984 ᾄδῃ
3176 1911 3555 1982 προπέμπεις;
3615 1912 3674 1963 '0
3716 1912 3813 1982 μὲν

564 2014 685 2067 dem
706 2012 882 2066 facere
902 2011 971 2064 sit
992 2011 1239 2075 edoctus,
1278 2010 1416 2065 unde
1442 2009 1658 2064 sciverit
1677 2007 1886 2077 plagam
1912 2017 2137 2061 mortem

563 2104 777 2161 afferre.
834 2102 1119 2158 Ilominent
1174 2110 1440 2155 mortuum
1507 2107 1861 2169 conspexerat
1911 2097 2138 2151 nullum.

566 2195 773 2250 Nullius
796 2193 960 2249 cadis
1009 2192 1284 2245 audaciam
1312 2206 1462 2244 suam
1510 2201 1836 2259 antegressae
1863 2196 2142 2257 spectacu-

566 2288 699 2348 lum,
719 2284 860 2355 quod
903 2284 967 2337 ad
1020 2281 1333 2335 imitandum
1363 2279 1633 2341 invitaret,
1671 2277 1889 2331 hausit:
1917 2276 2007 2345 qui
2038 2288 2142 2329 ca:-

565 2382 649 2435 dis
673 2380 838 2449 igitur
894 2378 1063 2431 evasit
1109 2381 1468 2443 perpetrator,
1521 2372 1611 2441 qui
1672 2371 1906 2426 nondum
1966 2369 2142 2423 fuerat

566 2467 889 2539 spectator?
956 2464 1066 2536 24
1117 2462 1258 2529 Quid
1335 2463 1549 2516 tandem
1608 2459 1900 2515 dicemus?
1958 2458 2145 2513 Ποιηί-

569 2575 694 2612 ιιιιιιι
755 2556 973 2627 quidem
1040 2552 1513 2621 iuteremptionem
1587 2552 1789 2605 nullam
1838 2559 1965 2604 ante
2003 2550 2144 2604 vide-

568 2661 652 2703 rat
684 2667 696 2701 :
729 2656 785 2700 at
813 2661 996 2700 necem
1055 2643 1366 2697 animalium
1420 2658 1486 2697 ex
1532 2641 1882 2712 percussione
1933 2642 2144 2697 viderat

570 2750 761 2806 saepe,
822 2736 877 2791 in
925 2734 1121 2804 quibus
1167 2743 1417 2786 naturam
1472 2734 1728 2802 cognovit
1782 2742 1957 2787 morte
2018 2730 2147 2787 alle-

569 2838 712 2882 ctam
741 2866 758 2890 ,
816 2834 872 2880 et
903 2834 971 2879 ex
1009 2824 1308 2878 indecentia
1334 2838 1496 2893 quam
1534 2824 1742 2878 viderat
1767 2824 1952 2879 didicit
1986 2823 2146 2893 cepit-

566 2930 679 2988 que
717 2916 1020 2971 audaciam.
1072 2915 1277 2969 Eventa
1329 2914 1451 2967 talia
1495 2915 1755 2970 transfert
1797 2918 1864 2969 ad
1893 2915 2141 2971 Abelum.

569 3006 708 3061 Justi
745 3015 921 3060 tamen
946 3004 1333 3075 jugulationem
1400 3020 1504 3058 non
1562 3004 1795 3074 neglexit
1852 3004 2031 3067 Deus.
2080 3019 2145 3060 ac

571 3098 802 3169 primum
874 3096 1173 3167 quaestione
1231 3094 1367 3149 facta
1419 3096 1484 3149 de
1539 3097 1685 3150 caede
1742 3111 1937 3150 caesum
1973 3096 2144 3150 h0u0-

572 3199 679 3247 rat.
732 3187 871 3255 Ubi,
906 3187 1117 3258 inquit,
1177 3186 1300 3241 Abel
1340 3187 1505 3257 frater
1536 3197 1655 3241 tuus
1679 3189 1724 3220 "
1751 3188 1775 3240 'I
1804 3186 2020 3241 Naturae
2058 3200 2144 3240 re-

2238 1995 2331 2053 οὖν
2364 2001 2648 2069 φιλόπονος
2674 2002 2949 2071 ἀκροατὴς
2972 2001 3234 2071 λογισμοῦ
3263 2002 3475 2055 συνέσει
3498 2002 3813 2071 κινούμενος

2240 2091 2591 2163 ἐπιζητήσειε
2624 2093 2861 2157 πάντως,
2905 2093 3069 2145 πόθεν
3092 2095 3122 2146 ό
3159 2094 3296 2147 Κάίν
3318 2094 3379 2146 τὸ
3405 2093 3650 2163 φονεύειν
3676 2093 3816 2146 δεδί-

2240 2182 2437 2248 δακτο;
2492 2178 2654 2238 πόθεν
2704 2184 2822 2255 ᾔδει
2868 2186 2967 2255 τὴν
3016 2184 3231 2256 πληγὴν
3282 2186 3419 2255 πρὸς
3459 2184 3686 2238 θάνατον
3718 2184 3814 2253 φέ-

2244 2292 2485 2345 ρουσαν;
2524 2276 2839 2347 ’Ἄνθρωπον
2887 2276 3079 2347 νεκρὸν
3118 2278 3179 2329 οὐ
3207 2276 3451 2329 τεθέατο’
3507 2278 3665 2346 φόνου
3714 2275 3814 2346 τῆς

2240 2367 2448 2429 οἰκείας
2475 2368 2679 2439 τόλμης
2727 2368 2826 2422 οὐκ
2860 2363 2973 2439 εἷχε
3008 2367 3386 2439 προλαϐοῦσαν
3425 2369 3552 2422 θέαν
3585 2369 3813 2423 καλοῦν⁶

2241 2474 2309 2510 τα
2343 2457 2452 2528 (68)
2499 2458 2634 2530 πρὸς
2681 2459 2933 2531 μίμησιν.
2984 2458 3109 2523 Πῶς
3161 2454 3255 2514 οὖν
3310 2462 3519 2529 γίνεται
3579 2458 3814 2513 θανάτου

2242 2548 2493 2621 ποιητής,
2526 2551 2556 2603 ὁ
2584 2551 2749 2621 μήπω
2783 2550 3014 2604 θανάτου
3049 2552 3339 2623 γενόμενος
3366 2552 3565 2622 θεατής
3590 2568 3605 2617 ;
3632 2553 3698 2606 Τί
3720 2548 3815 2607 οὖν

2242 2641 2472 2714 ἐροῦμεν
2498 2660 2512 2710 ;
2555 2642 2857 2715 ἀνθρώπων
2888 2642 2989 2713 μὲν
3018 2643 3297 2715 ἀναίρεσιν
3320 2643 3381 2696 οὗ
3408 2643 3634 2697 τεθέατο
3677 2644 3813 2713 πρό-

2241 2751 2422 2805 τερον,
2480 2734 2710 2789 θάνατον
2755 2733 2811 2788 δὲ
2834 2733 2988 2799 ζώων
3031 2735 3095 2787 ὲκ
3146 2734 3360 2804 πληγῆς
3407 2733 3667 2797 πολλάκις
3721 2751 3815 2786 τε·

2245 2822 2404 2875 θέατο
2435 2821 2547 2893 (69)
2566 2838 2580 2852 ·
2617 2820 2821 2893 ἔμαθεν
2855 2822 2912 2874 ὲν
2940 2820 3167 2884 ἐκείνοις
3194 2820 3561 2892 νεκρωθεῖσαν
3582 2821 3682 2892 τὴν
3714 2820 3817 2891 φύε

2246 2933 2351 2976 σιν,
2386 2915 2479 2969 καὶ
2504 2912 2694 2983 γέγονε
2724 2911 2824 2985 τῆς
2856 2913 3057 2967 ἀτόπου
3080 2913 3210 2977 θέας
3242 2913 3488 2985 μαθητὴς
3503 2913 3777 2985 τολμηρός
3797 2928 3813 2943 ⁸

2247 3006 2542 3078 μεταφέρει
2577 3006 2634 3060 τὸ
2677 3006 2845 3070 πάθος
2890 3007 2982 3059 ἐπὶ
3025 3006 3115 3060 τὸν
3158 3006 3346 3060 Ἀϐελ.
3410 3006 3549 3059 Ἀλλ’
3598 3007 3698 3059 οὐκ
3747 3002 3816 3080 ἦν

2243 3100 2449 3170 ἀμελὴς
2478 3100 2576 3171 τῆς
2604 3100 2697 3152 τοῦ
2720 3100 2931 3153 δικαίου
2968 3100 3185 3170 σφαγῆς
3208 3101 3236 3153 ό
3271 3099 3403 3163 Θεός
3424 3115 3438 3129 ·
3479 3100 3571 3152 καὶ
3601 3100 3817 3169 πρῶτον

2246 3191 2470 3264 ζητήσει
2494 3192 2587 3245 τοῦ
2613 3193 2794 3262 φόνου,
2814 3192 3251 3263 τὸν-φονευθέντα
3270 3194 3425 3263 τιμᾷ.
3453 3192 3596 3253 Ποῦ,
3623 3192 3815 3261 φησιν,

570 3279 935 3336 conlationem
982 3278 1219 3342 excitat,
1268 3293 1374 3347 quo
1424 3292 1645 3332 sensum
1701 3277 1868 3331 animi
1933 3291 2143 3344 permo-

2251 3262 2451 3351 Ἅϐελ,
2478 3283 2786 3353 όὰδελφός
2824 3298 2940 3338 σου
2969 3300 2987 3348 ;
3017 3262 3814 3356 ’Υπομιμνήσκειτῆςφύσεως,

570 3379 714 3427 veat.
766 3369 905 3439 Quid
979 3369 1067 3425 ille
1095 3368 1119 3423 ?
1146 3367 1403 3438 Nunquid
1465 3380 1637 3423 custos
1682 3367 1863 3439 fratris
1902 3368 2004 3421 mei
2030 3383 2144 3420 sum

568 3481 663 3534 ego
678 3461 769 3515 ⁸³2
798 3460 995 3516 Doctus
1044 3461 1312 3531 serpentis
1350 3470 1530 3526 artes,
1566 3462 1829 3528 serpentis
1872 3474 2022 3514 more
2066 3457 2147 3514 lo-

570 3556 777 3623 quitur.
830 3553 1051 3608 Dicebat
1133 3553 1221 3609 ille
1285 3568 1521 3608 errorem
1576 3552 1887 3623 objicieus:
1931 3549 2147 3622 Nequa-

567 3663 728 3717 quam
778 3656 943 3701 morte
992 3644 1291 3700 moriemini
1315 3644 1385 3699 “.
1419 3631 1515 3699 llic
1552 3653 1808 3715 rogatus:
1845 3644 2029 3711 llaud,
2067 3644 2147 3698 in-

568 3742 731 3809 q‘uit-,
791 3739 933 3793 novi.
1010 3738 1253 3809 Cognata
1348 3753 1451 3792 vox
1503 3737 1570 3791 ab
1635 3738 1823 3792 eodem
1892 3738 2187 3807 magistro

575 3832 769 3893 missa,
818 3830 983 3883 etiam
1032 3826 1223 3891 Deum,
1273 3844 1362 3897 qui
1398 3828 1589 3882 audaci
1633 3828 1854 3883 facinori
1908 3843 2147 3896 praesens

573 3924 786 3982 aderat,
861 3918 1022 3981 celal,
1072 3918 1352 3972 mendacio
1424 3917 1669 3972 notitiam
1730 3918 1969 3973 adimere
2046 3919 2146 3974 sibi

572 4010 930 4080 persuadens.
958 4007 1109 4073 Esto,
1144 4010 1379 4063 dextera:
1412 4026 1564 4064 usum
1590 4010 1802 4064 diabolo
1846 4012 2151 4066 commoda-

576 4102 649 4154 ris
672 4137 687 4163 .
718 4115 817 4153 cur
848 4100 1012 4154 etiam
1059 4099 1294 4170 linguam
1341 4102 1740 4156 commodasti?
1776 4101 2029 4172 Nunquid
2054 4121 2149 4157 cu-

571 4202 682 4246 stos
712 4190 899 4260 fratris
951 4186 1050 4244 mei
1095 4208 1209 4244 sum
1251 4193 1386 4261 ego?
1411 4193 1451 4246 0
1485 4208 1667 4247 vocem
1713 4194 1827 4265 ipsa
1858 4195 2002 4251 caede
2036 4210 2148 4250 ina-

572 4285 655 4355 εἰς
684 4282 1074 4337 exsecrabilem
1100 4283 1113 4336 ι
1159 4298 1191 4337 o
1229 4284 1551 4339 sententiam
1583 4286 1799 4356 impiam
1820 4326 1836 4352 ,
1868 4296 1922 4342 et
1950 4286 2145 4358 lingua:

573 4378 852 4447 impietate
899 4375 1177 4432 tetriorem
1206 4377 1220 4431 !
1252 4374 1364 4432 Nec
1391 4392 1518 4431 vero
1555 4380 1699 4433 caule
1732 4380 1844 4449 ipsa
1901 4381 2150 4453 consopi-

574 4466 651 4522 vit
695 4467 1085 4531 invidentiam;
1123 4465 1244 4520 odia
1309 4468 1605 4523 etiamnum
1672 4478 1934 4535 renovat,
1993 4486 2149 4526 cum-

2247 3374 2336 3429 ἴνα
2366 3375 2567 3446 κινήσῃ
2600 3375 2737 3446 πρὸς
2770 3373 3041 3445 αἴσθησιν.
3073 3374 3137 3427 Ti
3179 3371 3270 3429 οὖν
3297 3372 3538 3441 ἐκεῖνος;
3577 3375 3675 3445 Μὴ
3700 3377 3817 3445 φύε

2245 3465 2364 3532 λαξ
2392 3463 2499 3520 τοῦ
2523 3462 2792 3535 ἀδελφοῦ
2817 3484 2941 3535 μου
2984 3466 3135 3536 ειμίς
3174 3466 3262 3531 Ὠς
3294 3466 3371 3538 τῷ
3402 3468 3523 3537 ὄφει
3546 3468 3819 3538 μαθητεύ-

2250 3575 2371 3624 σας,
2405 3556 2476 3610 τὰ
2500 3556 2595 3611 τοῦ
2635 3557 2808 3626 ὄφεως
2841 3556 3157 3627 φθέγγεται.
3198 3559 3437 3625 Ἐκεῖνος
3463 3560 3644 3631 ἔλεγεν
3670 3562 3817 3614 ἀπα-

2245 3642 2375 3715 τῶν,
2413 3650 2496 3703 Οὐ
2528 3648 2757 3713 θανάτῳ
2780 3649 3175 3703 ἀποθανεῖσθε
3200 3667 3213 3679 ο
3241 3643 3395 3714 οὗτος
3422 3649 3775 3721 ἐρωτώμενος
3799 3691 3814 3713 ,

2249 3739 2414 3808 φησὶν
2438 3778 2453 3803 ,
2488 3738 2564 3791 Οὐ
2606 3738 2877 3807 γινώσκω.
2918 3739 3195 3811 Συγγενὴς
3240 3742 3273 3809 ἡ
3309 3742 3484 3812 φωνὴ,
3530 3743 3622 3794 τὸν
3655 3740 3818 3794 αὑτὸν

2248 3822 2562 3903 κεκτημένη
2592 3828 2930 3895 διδάσκαλον,
2961 3830 3056 3884 καὶ
3090 3830 3324 3903 κρύπτει
3368 3830 3502 3884 Θεὸν
3534 3830 3624 3885 τὸν
3671 3848 3815 3902 παρ-

2246 3919 2375 3972 όντα
2427 3922 2494 3990 τῇ
2520 3919 2713 3992 τόλμῃ,
2733 3917 2986 3974 κλέπτειν
3006 3918 3084 3992 τῷ
3112 3921 3292 3991 ψεύδει
3322 3921 3423 3993 τὴν
3454 3921 3655 3990 γνῶσιν
3682 3939 3819 3993 φαν-

2246 4008 2488 4075 τάζεται.
2521 4012 2721 4076 Ἔστω,
2754 4013 2853 4085 τὴν
2884 4013 3063 4080 δεξιὰν
3095 4014 3334 4086 ἔχρησας
3370 4014 3448 4086 τῷ
3473 4015 3703 4087 διαϐόλῳ
3723 4031 3735 4044 ·
3766 4016 3818 4068 τί

2250 4098 2345 4157 καὶ
2392 4103 2637 4173 γλῶτταν
2682 4105 2998 4171 ὲδάνεισας;
3028 4106 3124 4175 Μὴ
3154 4106 3359 4175 φύλαξ
3406 4106 3513 4159 τοῦ
3546 4108 3816 4179 ἀδελφοῦ

2242 4214 2363 4266 μου
2392 4199 2514 4266 εὶμί
2531 4213 2548 4260 ;
2582 4198 2645 4249 Ὢ
2667 4199 2848 4268 φωνῆς
2878 4196 2971 4250 τοῦ
3011 4198 3171 4267 φόνου
3203 4196 3583 4268 μιαρωτέραςε
3616 4197 3818 4267 ὣγνώ-

2253 4307 2359 4360 μης
2402 4290 2666 4355 ἀσεϐοῦς,
2714 4293 2809 4345 καὶ
2858 4289 3101 4361 γλώττης
3138 4288 3540 4360 ἀσεϐεστέραςῑ
3584 4292 3704 4344 οὐδὲ
3742 4291 3820 4363 τῷ

2251 4382 2396 4454 φόνῳ
2418 4388 2510 4436 τὸν
2532 4383 2724 4453 φθόνον
2763 4385 3061 4454 ὲχοιμισεν,
3086 4380 3202 4434 ἀλλ’
3228 4380 3308 4433 ἔτι
3330 4381 3508 4444 νεάζει
3528 4382 3606 4452 τῷ
3635 4383 3816 4452 μίσει·

2251 4474 2345 4528 κο.)⁸
2384 4474 2460 4546 μὴ
2507 4476 2646 4545 ὁρῶν
2691 4476 2782 4529 τὸν
2817 4473 3163 4546 μισούμενον,
3211 4473 3513 4539 ἀγανακτεῖ
3554 4473 3693 4543 πρὸς
3718 4476 3818 4547 τὴν

571 4575 682 4631 que
729 4574 951 4615 exosum
1005 4560 1228 4614 Abelqu
1281 4577 1384 4615 non
1424 4562 1600 4617 videat
1631 4601 1648 4627 ,
1695 4572 1886 4617 contra
1961 4564 2143 4624 fratris

2251 4566 2478 4639 γνώμην
2504 4568 2598 4621 τοῦ
2637 4568 2802 4621 Ἅϐελ
2823 4608 2837 4633 ,
2874 4568 2970 4620 καὶ
2999 4566 3251 4619 λυπεῖται
3286 4564 3426 4635 τάχα
3460 4566 3653 4636 μηκέτι
3694 4568 3817 4622 δευ-

573 4652 812 4708 animum
864 4652 1272 4717 stomachetur,
1319 4652 1456 4709 forte
1502 4664 1736 4719 mmret,
1778 4655 1924 4725 quod
1969 4671 2143 4713 emor-

2251 4634 2667 4732 tépa'v'ogoayhv
2696 4660 2921 4728 ἐπάγειν
2943 4655 3023 4727 τῷ
3051 4655 3339 4725 τεθνηκότι
3359 4634 3681 4728 δυνάμενος.
3721 4661 3815 4731 Μὴ

643 4806 689 4838 ⁶¹
716 4805 852 4863 Gen.
888 4822 963 4873 IT,
988 4806 1042 4859 S.
1118 4806 1165 4838 "
1189 4806 1318 4861 ibid.
1355 4807 1407 4862 9.
1488 4804 1533 4839 "
1572 4808 1702 4862 ibid.
1766 4807 1813 4840 ”
1834 4809 1969 4864 Gen.
2012 4826 2095 4879 nl,
2132 4808 2187 4867 4.

1764 4962 1873 5017 GL.
1912 4962 2287 5035 oausousu
2325 4966 2558 5025 Ivem.

610 5136 613 5141 ’
648 5140 760 5211 (67)
798 5141 893 5208 Μὴ
927 5143 1307 5218 ᾳροσθήσῃς.
1345 5142 1565 5218 Scribe,
1593 5144 1980 5218 προσθήσεις.
2012 5144 2145 5203 Item

576 5227 739 5285 supra
789 5212 1188 5284 προσθήσομεν,
1238 5217 1353 5269 luco
1400 5212 1821 5285 προσθήσωμενζ
1872 5216 1983 5271 Etsi
2038 5234 2145 5273 non

583 5284 772 5355 ignoro
806 5298 927 5336 eam
961 5285 1203 5355 voculam
1235 5284 1565 5355 frequentius
1586 5284 1636 5338 ei
1673 5284 1829 5339 modo
1851 5287 2069 5341 sociari.

610 5402 617 5403 ,
645 5352 759 5420 (68)
796 5352 1129 5408 Καλοῦντα.
1172 5352 1379 5416 Scribe.
1408 5354 1698 5420 καλοῦσαν.

651 5417 763 5491 (69)
803 5422 1071 5494 Θάνατον
1094 5424 1161 5477 δὲ
1188 5422 1344 5484 ζώων
1370 5426 1439 5478 ἐκ
1468 5417 1707 5494 πληγῆς
1729 5423 2029 5491 πολλάκις
2061 5443 2150 5481 τευ

578 5492 771 5546 θέατο.
794 5493 939 5559 Quos
970 5496 1019 5547 iu
1045 5510 1170 5549 usus
1202 5511 1354 5549 casa:
1382 5492 1726 5548 animantch
1752 5496 1853 5549 uisi
1895 5510 1953 5548 ut
1974 5497 2148 5551 homi-

582 5578 676 5615 nes
716 5574 1057 5618 vescerentur
1097 5584 1110 5619 :
1143 5564 1391 5620 dissentit
1432 5568 1496 5618 ab
1537 5565 1602 5618 iis
1648 5563 1875 5618 Basilius
1906 5566 1995 5633 qui
2023 5580 2145 5618 car-

581 5633 729 5685 nium
764 5650 915 5687 esum
945 5644 1067 5689 ante
1093 5634 1345 5689 diluvium
1392 5635 1573 5689 volunt
1606 5635 1919 5688 inusitatum
1955 5652 1969 5688 :
2004 5635 2048 5688 si
2076 5636 2143 5689 ad

580 5704 865 5768 sacrificia,
896 5704 1036 5771 quod
1085 5721 1226 5765 reor,
1253 5703 1383 5759 falso
1426 5703 1711 5758 Jeroboam
1760 5706 1928 5772 iactat
1971 5705 2141 5759 Aaro-

581 5786 702 5826 nem
733 5777 963 5844 primum
991 5774 1287 5827 animantes
1319 5774 1622 5827 immolasse
1667 5771 1804 5844 apud
1824 5771 2138 5844 Josephum,

584 5842 757 5913 Autiq'.
787 5843 915 5898 Jud.
950 5845 1043 5899 lib.
1064 5858 1178 5908 vm,
1204 5859 1325 5913 cap.
1350 5845 1401 5898 8.
1444 5844 1632 5898 Scribe
1664 5842 1932 5906 ἐτεθέατο,
1956 5843 2144 5910 jubeat

2252 5152 2395 5234 quis.
2434 5169 2468 5206 o
2500 5169 2600 5225 ego
2635 5160 2836 5234 laevus,
2870 5158 2914 5211 si
2954 5159 3180 5234 sequar;
3234 5159 3327 5213 Est
3365 5157 3507 5234 enim
3555 5156 3820 5217 lonismus

2252 5222 2379 5276 huic
2426 5222 2647 5296 tempori
2690 5227 2925 5281 vocalem
2957 5222 3113 5281 istam
3145 5231 3384 5292 demere,
3413 5230 3502 5296 qui
3535 5246 3657 5283 mox
3692 5247 3823 5285 usus

2252 5295 2553 5371 communis
2581 5309 2700 5349 esse
2726 5298 2907 5371 cmpit.
2932 5296 3096 5353 Marci
3128 5313 3246 5367 cap.
3284 5315 3350 5353 xv
3380 5315 3403 5371 ί
3428 5295 3637 5371 Οἴτινες
3664 5303 3722 5353 ὲν
3751 5304 3820 5371 τῇ

2256 5360 2401 5436 τάξει
2438 5362 2595 5431 φόνον
2632 5360 3049 5436 πεποιήκεισαν.
3109 5360 3317 5436 Repetit
3381 5360 3631 5423 Basilius-
3663 5360 3819 5425 nsuu'i

2256 5432 2395 5507 hunc
2427 5434 2695 5507 szepicnle.
2726 5432 2981 5492 Oratione
3028 5432 3198 5491 altera
3249 5440 3299 5491 in
3349 5437 3537 5492 Jonam
3573 5457 3585 5491 :
3628 5437 3823 5507 Φυγὼν

2251 5502 2358 5574 γὰρ
2396 5502 2493 5574 τῆς
2536 5502 2801 5574 θαλάττης

2251 5508 2358 5569 γὰρ
2396 5508 2493 5627 1:3;
2536 5508 2801 5581 θαλάττης
2848 5508 3121 5577 πεπέδητο
3171 5509 3430 5578 κύμασιν,
3479 5523 3577 5576 pro
3623 5510 3823 5561 ἐπεπέ-

2249 5570 2399 5639 δητο.
2485 5576 2687 5628 Izatlouc
2718 5576 2766 5629 in
2787 5576 2922 5631 illud
2952 5596 2966 5632 :
3004 5576 3184 5632 Venite
3208 5587 3322 5639 post
3352 5592 3465 5639 me;
3493 5586 3546 5630 et
3576 5576 3614 5633 f.
3642 5579 3823 5633 Μακε-

2485 5576 2687 5646 nathue
2718 5576 2766 5629 in
2787 5576 2922 5631 illud
2952 5596 2966 5632 :
3004 5576 3184 5632 Venite
3207 5576 3322 5646 post
3352 5592 3465 5641 me;
3493 5586 3546 5630 et
3576 5576 3614 5633 f.
3642 5579 3825 5633 Μακε-

2248 5640 2727 5717 δονίαησεσύλητο.
2764 5646 2864 5701 Ubi
2920 5658 3099 5703 tamen
3147 5640 3253 5703 non
3305 5640 3449 5702 male
3492 5649 3821 5717 reponimus,

2248 5711 2561 5787 ἐσεσύλητο.
2594 5711 3047 5787 Αἰιιοςριιριιιιιιιιε
3071 5718 3428 5786 orationibus,
3458 5711 3703 5787 φονεύειν
3733 5711 3821 5770 δεὲ

2246 5780 2482 5843 διδακτο,
2516 5785 2941 5859 κεκαινούργητο
2966 5788 3184 5858 τρόπος.
