4102 6556
532 422 607 489 75
1728 398 2010 497 BASILII
2051 395 2596 458 SELEUCIENSIS
3730 389 3805 456 '16

540 641 572 678 a
628 621 833 676 virtute
875 622 980 684 sit,
1033 618 1357 682 oll'eramus,
1410 614 1552 668 dono
1598 608 1699 680 ipsi
1764 607 1974 663 animas
2024 620 2121 662 no-

534 724 681 772 stras
717 710 1157 784 oll'eramus:ipsl
1199 707 1368 779 gloria
1420 701 1771 775 sempiterna.
1803 700 1995 757 Amen.

1151 900 1409 962 ORATlO
1454 899 1519 956 ν.

991 1018 1244 1092 Ejusdem
1293 1018 1349 1072 in
1404 1015 1688 1070 Noemum.

615 1157 670 1214 l.
692 1155 902 1225 Quanto
934 1153 1077 1211 Deus
1102 1146 1587 1219 teneaturjustitite
1612 1141 1902 1207 desiderio,
1921 1148 2124 1212 quanto

545 1249 821 1320 iniustitia:
861 1246 1022 1313 odio,
1067 1243 1293 1300 historia
1328 1238 1514 1295 Noemi
1562 1234 1834 1291 luculente
1882 1232 2119 1288 clamat:

546 1342 692 1400 solus
726 1344 869 1397 enim
937 1338 990 1394 in
1052 1321 1322 1393 communi
1392 1339 1767 1385 creaturarum
1842 1323 2126 1391 naufragio

548 1435 973 1491 conservabatur
1027 1427 1292 1500 justitiam
1348 1423 1600 1478 comitem
1654 1428 1846 1474 nactus
1890 1416 1956 1471 ad
1988 1415 2126 1469 salu-

550 1538 692 1593 tem;
733 1539 860 1580 tuuc
945 1528 1133 1591 gentes
1196 1514 1532 1571 densissima;
1599 1508 1817 1582 profuse
1874 1506 2129 1561 ﬂuctibus

553 1616 948 1672 hauriebantur
998 1606 1272 1677 injttslilim
1304 1604 1498 1659 merito
1556 1601 1834 1658 demersa).
1885 1598 1963 1651 Ac
1996 1594 2130 1652 mihi

549 1707 765 1761 videtur
796 1703 863 1757 ad
903 1697 1118 1756 venturi
1173 1693 1360 1765 iudicii
1390 1733 1405 1760 ,
1432 1692 1498 1747 ad
1529 1701 1787 1747 extrema:
1816 1696 1979 1759 alque
2010 1686 2132 1741 hor-

552 1797 726 1855 ribilis
779 1795 886 1851 diei
931 1791 1093 1847 [idem
1118 1796 1174 1846 et
1203 1785 1517 1842 memoriam
1548 1782 1731 1838 volens
1775 1778 1918 1833 Deus
1957 1776 2132 1832 homi-

422 532 423 535 “
535 544 657 588 mus
706 529 759 583 lu
794 526 932 583 bene
963 534 1259 583 merentem
1293 522 1486 579 Deum.
1530 495 2121 586 Victimamipsi,qua§

2244 510 2527 581 ύγνωμοψ
2560 508 2875 580 εὐχάριστοι
2898 508 3029 580 περὶ
3048 508 3142 563 τὸν
3164 508 3462 582 εὐεργέτην
3481 508 3771 581 γενωμεθα
3784 524 3801 539 ·

2222 600 2416 656 θυσίαν
2439 599 2593 671 αύτῷ
2617 599 2717 671 τὴν
2761 598 2824 667 ἐξ
2853 601 3071 672 ἀρετῶν
3113 602 3599 673 προσκομίσωμεν,
3629 601 3807 673 δῶρον

2223 693 2373 764 αύτῷ
2405 693 2508 757 τάς
2545 691 2755 746 ἑαυτῶν
2800 691 2983 763 ψυχάς
3037 693 3518 766 προσενέγκωμεν.
3573 692 3735 766 Δύτῷ
3766 694 3804 765 ἠ

2221 784 2349 851 δόξα
2381 786 2463 851 είς
2488 785 2616 849 τοὺς
2642 783 2869 848 αἰῶνας.
2918 785 3115 858 Ἀμήν.

2853 897 3078 952 ΛΟΓΟΣ
3112 896 3190 954 E'.

2658 1008 2770 1064 τοῦ
2790 1007 2978 1064 αὐτοῦ
3001 1011 3090 1077 είς
3118 1009 3228 1066 τὸν
3250 1010 3399 1069 Νῶε.

2295 1149 2365 1198 α’.
2395 1143 2561 1206 Ὅσος
2582 1141 2759 1197 ἔνεστι
2788 1142 2908 1215 Θεῷ
2939 1143 3080 1215 πρὸς
3115 1144 3218 1216 μὲν
3246 1144 3598 1217 δικαιοσύνην
3616 1146 3808 1209 πόθος,

2226 1235 2363 1307 πρὸς
2394 1234 2451 1288 δὲ
2495 1234 2713 1289 ἀδικίαν
2758 1233 3063 1305 ἀπέχθεια,
3100 1236 3363 1308 κηρύττει
3406 1238 3722 1309 περιφανῶς
3772 1239 3808 1310 ἠ

2228 1326 2366 1379 κατά
2399 1324 2489 1379 τὸν
2521 1324 2647 1379 Νῶε
2703 1325 2979 1397 διήγησις.
3022 1326 3080 1380 Ὀ
3110 1326 3210 1398 μὲν
3242 1326 3350 1399 γάρ
3381 1328 3540 1399 μόνος
3569 1330 3628 1383 ὲν
3676 1346 3811 1384 ναυ-

2226 1418 2438 1491 ἀγούσῃ
2463 1420 2530 1491 τῇ
2561 1416 2739 1472 κτίσει
2765 1418 3157 1490 περιεσώζετο,
3185 1420 3525 1492 συνέμπορον
3541 1423 3621 1485 είς
3635 1438 3813 1493 σωτη-

2232 1508 2355 1580 ρίαν
2382 1508 2482 1579 τὴν
2517 1507 2872 1579 δικαιοσύνην
2900 1507 3206 1580 εὑράμενος
3229 1548 3245 1573 ,
3279 1510 3535 1581 τηνικάδε
3579 1511 3813 1566 πολυάνο

2232 1599 2439 1673 θρωποι
2464 1598 2628 1671 δῆμοι
2661 1599 2957 1669 πελάγεσιν
2987 1600 3224 1669 ἀφειδῶς
3246 1600 3661 1668 κατεκλύζοντο,
3688 1605 3813 1668 ταῖς

2231 1690 2331 1762 τῆς
2357 1688 2572 1754 ἀδικίας
2601 1689 2861 1744 κολάσεσι
2887 1690 3254 1763 βυθιζόμενοι.
3279 1692 3390 1747 Καί
3417 1712 3509 1767 μοι
3532 1694 3681 1749 δοκεῖ
3701 1695 3813 1751 τῶν

2236 1781 2541 1853 μελλόντων
2588 1782 2890 1856 κριτηρίων
2936 1785 3032 1838 καὶ⁵
3068 1788 3167 1858 τῆς
3199 1784 3438 1858 ἐσχάτης
3469 1787 3568 1842 καὶ
3603 1787 3813 1861 φρικώ-

552 1906 650 1948 nes
709 1888 1047 1960 perducere,
1107 1892 1394 1937 commune
1451 1873 1581 1931 illud
1639 1870 1850 1944 pOpulis
1882 1869 2132 1926 omnibus

2244 1873 2359 1937 5ους
2386 1874 2601 1946 ἡμέρας
2630 1874 2712 1938 είς
2746 1873 2845 1947 τὴν
2884 1875 3089 1942 πίστιν,
3134 1878 3230 1931 καὶ
3257 1880 3479 1951 μνήμην
3517 1880 3749 1950 ἀγαγεῖν
3774 1882 3806 1934 6

551 1981 849 2053 periculum
891 1990 1079 2035 creare
1113 1972 1379 2033 voluisse,
1436 1982 1544 2038 quo
1589 1974 1841 2035 aspectus
1873 1972 2022 2017 tanto
2047 1960 2133 2016 in-

554 2050 794 2131 l'ortunio
855 2071 1011 2126 [idem
1059 2077 1311 2121 astruens
1359 2061 1609 2116 timorem
1663 2056 1893 2113 retineat
1944 2050 2135 2108 salutis

556 2168 742 2234 viam;
780 2174 838 2220 ut
864 2177 987 2219 cum
1042 2159 1291 2216 homines
1334 2160 1721 2225 cognoscerent
1772 2158 1880 2203 tam
1930 2158 2135 2201 severae

557 2252 1044 2313 animadversionis
1073 2259 1350 2322 parentem
1387 2246 1555 2300 luisse
1594 2241 1946 2312 impietatem,
1973 2237 2137 2293 timo-

559 2366 617 2406 re
668 2361 946 2420 paenarum
1026 2343 1357 2413 impietatem
1425 2338 1688 2407 lugerent.
1734 2332 1844 2404 26
1882 2332 1938 2387 Si
1992 2330 2136 2386 enim

560 2455 688 2499 tunc
716 2455 809 2512 per
825 2435 1183 2495 certaminum
1210 2443 1417 2501 tempus
1450 2442 1505 2485 et
1530 2429 1654 2483 vitae
1676 2426 1907 2483 stadium
1929 2431 2136 2479 tantum

560 2534 752 2606 iis,qui
768 2524 1123 2594 offenderant,
1143 2525 1367 2599 periculi
1397 2522 1636 2578 oblatum
1652 2530 1759 2586 est,
1800 2518 1958 2589 quale
1974 2532 2140 2588 quan-

562 2639 782 2696 tumque
806 2621 1127 2693 supplicium
1202 2617 1399 2687 cuique
1458 2623 1703 2669 arcesset
1750 2620 2022 2683 gestorum
2084 2610 2137 2665 in

561 2720 670 2772 vita
711 2713 1003 2769 viudicatio
1031 2710 1046 2765 l
1079 2709 1213 2765 Cum
1258 2706 1403 2762 enim
1449 2703 1702 2775 nequitia:
1734 2702 1927 2757 modus
1971 2714 2142 2756 sesu-

563 2805 947 2881 pcrelluderit,
999 2813 1127 2859 tunc
1183 2816 1288 2856 non
1351 2796 1723 2867 inlreqnenter
1778 2794 1901 2848 inde
1942 2791 2144 2865 suppli-

562 2902 646 2957 cia
682 2898 944 2968 incteptat
984 2894 1225 2964 irrogare
1256 2891 1415 2962 iudex
1445 2928 1461 2954 ,
1496 2904 1604 2945 non
1652 2883 1929 2943 hominum
1962 2895 2143 2940 motus

563 2992 722 3055 odio,
786 3004 907 3044 cum
950 2986 1024 3044 sit
1072 2986 1128 3042 in
1173 2998 1268 3042 eos
1322 2980 1815 3056 propensissimus;
1870 2987 1926 3033 at
1963 2977 2144 3033 studio

567 3083 812 3149 malitias,
849 3096 968 3153 quae
1040 3079 1265 3135 nimium
1347 3076 1691 3140 increverat,
1767 3070 2140 3143 reprimendae.

567 3174 708 3230 Tota
778 3174 942 3244 igitur
985 3169 1038 3226 id
1098 3167 1358 3239 temporis
1410 3165 1628 3222 humani
1657 3163 1872 3236 generis
1923 3162 2142 3218 nuiver-
2169 3207 2214 3266 c

566 3268 728 3321 sitate
774 3263 842 3318 ad
895 3260 1225 3332 impietatem
1272 3267 1527 3329 vergente
1555 3295 1572 3322 ,
1624 3266 1678 3310 et
1718 3271 1822 3309 una
1866 3256 2144 3325 conspira-

568 3356 716 3411 tione
742 3362 926 3410 contra
948 3350 1260 3408 Creatorem
1289 3350 1404 3404 acie
1447 3348 1764 3417 composita,
1802 3346 1947 3401 nulla
1974 3361 2144 3416 quau-

568 3442 770 3499 tnmvis
813 3442 1118 3512 importuna
1162 3446 1219 3494 et
1268 3436 1496 3492 barbara
1532 3436 1887 3507 praetermissa
1918 3447 1999 3491 est
2044 3451 2143 3489 au-

568 3537 762 3592 dacia:
811 3547 999 3590 verum
1048 3545 1236 3589 omnes
1288 3528 1596 3600 cupiditatis
1664 3527 1762 3583 viae
1823 3526 2146 3582 secabantur

569 3637 624 3684 ct
675 3628 988 3693 inibantur,
1038 3638 1105 3681 ac
1187 3622 1353 3695 ipsius
1387 3620 1748 3691 improbitatis
1809 3622 2145 3674 consuetudo

569 3716 894 3774 novabatur.
954 3712 1193 3771 Audacia
1234 3726 1396 3778 vero,
1432 3719 1489 3767 et
1516 3709 1838 3765 crudelitate
1885 3708 2028 3763 velut
2057 3723 2147 3762 ar-

568 3808 675 3864 mis
722 3806 959 3862 animam
1012 3804 1252 3875 undique
1310 3800 1655 3865 muniebant,
1701 3816 1764 3853 ac
1796 3799 1850 3853 in
1904 3809 2145 3854 mutuam

568 3897 864 3969 perniciem
900 3894 1212 3951 utebantur.
1246 3888 1377 3959 Qua:
1404 3890 1547 3945 enim
1584 3887 1857 3958 injustitia:
1895 3888 2107 3959 species
2128 3927 2145 3954 ,

568 3989 660 4061 qui
697 3988 888 4044 modus
940 3982 1369 4053 intemperantia
1423 3996 1527 4036 non
1572 3982 1711 4035 inter
1742 3996 1834 4035 eos
1891 3982 2147 4036 versaba-

573 4078 698 4135 turl
750 4075 881 4144 Quae
914 4074 1090 4144 legum
1132 4070 1367 4142 pravitas
1419 4083 1525 4123 non
1574 4067 1715 4138 apud
1760 4081 1854 4123 eos
1890 4083 1987 4137 pro
2032 4068 2150 4138 lege

569 4166 946 4225 statuebaturl
986 4162 1192 4219 Virimn
1247 4159 1491 4229 corporis
1533 4158 1802 4213 immodici
1852 4158 1905 4212 in
1957 4173 2147 4213 earum

572 4264 813 4317 datorem
839 4274 935 4328 per
962 4256 1161 4313 mentis
1202 4254 1490 4309 elationem
1544 4260 1598 4306 et
1632 4250 1971 4306 insolentiam
1995 4261 2152 4304 erant

574 4352 774 4421 injurii.
824 4350 976 4406 Tunc
1017 4354 1136 4402 erat
1170 4355 1329 4399 terra:
1368 4342 1705 4412 corruptela,
1742 4342 2006 4412 vivasque
2059 4358 2153 4414 pc-

572 4448 711 4513 stis;
763 4458 928 4497 unmu
1016 4441 1081 4495 ad
1151 4437 1516 4509 expiationem
1598 4432 1856 4489 diluvium
1944 4434 2151 4491 deerat.

2235 1963 2369 2030 Θεὸς
2413 1964 2543 2029 τοὺς
2601 1964 2925 2038 ἀνθρώπους
2981 1967 3338 2041 βουλόμενος,
3392 1972 3486 2027 τδν
3532 1974 3816 2048 πάνδημον

2236 2056 2445 2111 ἐκεῖνον
2478 2057 2773 2129 εἰργάσατο
2816 2058 3083 2127 κίνδυνον,
3114 2061 3181 2115 ἵν’
3219 2064 3254 2135 η
3286 2063 3410 2135 ὄψις
3458 2065 3819 2139 μαρτυροῦσα

2235 2150 2350 2213 τοῖς
2393 2149 2592 2204 πάθεσι
2619 2189 2635 2215 ,
2697 2151 2942 2225 φυλάττῃ
2971 2152 3065 2207 τὸν
3102 2154 3268 2225 φόϐον
3307 2158 3387 2221 είς
3418 2159 3694 2231 σωτηρίας
3717 2161 3821 2229 ἑφ-

2238 2241 2381 2297 όδιον
2410 2257 2426 2274 ο
2464 2241 2551 2296 ἴνα
2581 2242 2853 2315 τοσαύτης
2883 2244 3159 2310 κολάσεως
3189 2248 3290 2320 τὴν
3310 2248 3565 2304 ἀσέϐειαν
3601 2251 3822 2324 μητέρα

2238 2332 2601 2402 γινώσκοντες
2631 2334 2933 2408 ἄνθρωποι,
2961 2338 3072 2392 δέει
3109 2338 3200 2410 τῆς
3224 2341 3496 2414 τιμωρίας
3516 2343 3616 2415 τὴν
3638 2345 3823 2417 φυγὴν

2241 2426 2763 2498 πραγματεύωνται.
2794 2428 2859 2483 El
2889 2428 2999 2502 γάρ
3040 2431 3069 2483 6
3097 2429 3206 2484 τῶν
3258 2431 3488 2502 ἀγώνων
3516 2435 3653 2501 τίως
3694 2453 3821 2491 και-

2243 2516 2357 2587 ρδς,
2386 2518 2479 2571 καὶ⁵
2506 2518 2599 2572 τοῦ
2628 2517 2743 2590 βίου
2769 2518 2832 2574 τὸ
2860 2520 3093 2589 σταδίον,
3118 2523 3372 2579 τοσοῦτον
3392 2527 3505 2591 τοῖς
3528 2528 3821 2582 πταίουσιν

2242 2609 2441 2680 ἤνεγκε
2468 2609 2735 2675 κίνδυνον,
2767 2611 2942 2683 πόσην
2963 2653 2978 2678 ,
3008 2613 3042 2685 ἧ
3072 2614 3233 2669 ποίαν
3260 2618 3294 2688 ή
3318 2616 3428 2670 τῶν
3463 2617 3823 2691 βεϐιωμένων

2243 2698 2533 2765 ἀντίδοσις,
2586 2700 2802 2773 ἑκάστῳ
2832 2701 3158 2775 προξενήσει
3206 2705 3307 2777 τὴν
3347 2707 3603 2763 κόλασινι
3651 2710 3825 2764 Ὅταν

2243 2790 2355 2864 γάρ
2408 2792 2699 2866 ύπερϐήσῃ
2740 2794 2839 2866 τῆς
2882 2796 3151 2868 πονηρίας
3194 2798 3255 2853 τὸ
3288 2798 3510 2871 μέτρον,
3543 2801 3665 2856 τότε
3696 2802 3830 2857 πολ-

2250 2884 2409 2949 λάκις
2437 2887 2529 2939 καὶ
2556 2886 2656 2957 τῆς
2688 2886 2962 2960 τιμωρίας
3010 2891 3038 2943 6
3071 2890 3263 2963 κριτὴς
3293 2892 3544 2947 ἐντεῦθεν
3576 2894 3826 2967 ἀπάρχει

2245 2993 2375 3043 ται,
2409 2977 2509 3030 ούκ
2538 2977 2905 3051 ἀπανθρωπίᾳ
2954 2980 3272 3051 κινούμενος
3325 2985 3354 3037 6
3402 2983 3822 3057 φιλάνθρωπος,

2247 3066 2389 3122 ἀλλά
2437 3068 2636 3123 κακίαν
2684 3068 3013 3141 αὐξηθεῖσαν
3063 3072 3414 3128 ἀναστέλλειν
3475 3075 3821 3149 βουλόμενος.

2259 3163 2540 3216 Ἁπάντων
2593 3164 2881 3236 τοιγαροῦν
2912 3165 3220 3243 ἀνθρώπων
3256 3170 3377 3223 κατ’
3410 3171 3586 3225 ἐκεῖνο
3630 3173 3825 3245 καιροῦ

2245 3250 2382 3321 πρὸς
2406 3251 2659 3306 ἀσέϐειαν
2679 3252 3076 3319 ὲκνευσάντων,
3106 3254 3204 3308 καὶ¹
3230 3256 3359 3326 μίαν
3395 3259 3712 3328 συμφωνίαν
3743 3262 3825 3325 είς

2244 3341 2342 3413 τὴν
2378 3341 2526 3396 κατά
2558 3343 2654 3397 τοῦ
2689 3345 3053 3417 πεποιηκότος
3081 3346 3458 3401 ἀναλαϐόντων
3497 3350 3824 3420 παράταξιν,

2244 3432 2344 3487 ούκ
2401 3433 2535 3507 ἄλλη
2612 3452 2699 3499 τις
2768 3436 2970 3501 ἄτοπος
3028 3437 3125 3490 καὶ⁹
3176 3437 3409 3507 ἔκφυλος
3466 3440 3827 3496 ἀπελέλειπτο

2245 3525 2419 3597 τόλμα
2450 3528 2606 3598 (71’)·
2631 3527 2769 3583 ἀλλά
2804 3530 2973 3582 πᾶσαι
3003 3528 3102 3601 μὲν
3136 3530 3489 3603 ἀνετέμνοντο
3514 3533 3828 3599 πλεονεξίας

2245 3614 2511 3688 6601(72),
2535 3618 2629 3671 καὶ
2651 3616 2915 3689 πονηρίας
2937 3618 3109 3690 αὐτῆς
3143 3620 3578 3694 κεκαινούργητο
3600 3624 3823 3694 τρόποςο

2248 3706 2563 3779 θρασύτητα
2591 3708 2649 3762 δὲ
2683 3707 2780 3761 κα)⁸
2811 3708 3073 3780 ὠμότητα
3127 3710 3378 3783 καθάπερ
3406 3713 3547 3768 ὅπλα
3570 3716 3638 3786 τῇ
3677 3715 3828 3789 ψυχῇ

2248 3794 2598 3867 περιθέμενοι
2629 3836 2645 3861 ,
2702 3796 2915 3860 τούτοις
2956 3796 3209 3867 ὀργάνοις
3251 3801 3373 3853 κατ’
3423 3800 3668 3874 ἀλλήλων
3701 3804 3827 3858 ἐκέ·
3908 3812 3921 3819 ⁸

2248 3903 2467 3959 χρηντο.
2508 3887 2666 3941 Ποῖον
2713 3887 2814 3958 μὲν
2857 3887 2967 3959 γάρ
2999 3888 3213 3955 ἀδικίας
3244 3886 3420 3956 εἶδοςί
3466 3895 3617 3957 ποῖος
3647 3893 3704 3948 δέ
3744 3912 3829 3961 τις

2249 3979 2309 4031 ὲν
2356 3978 2540 4041 αὐτοῖς
2575 3977 2874 4044 ἀκολασίας
2900 3979 3002 4033 ούκ
3032 3980 3376 4035 ἐπολιτεύετο
3417 3984 3651 4055 τρόποςί
3697 3986 3829 4039 ποία

2250 4072 2573 4143 παρανομία
2604 4072 2757 4145 παρά
2792 4070 3006 4137 τούτοις
3038 4074 3139 4128 οὐκ
3186 4075 3470 4146 ἐνομίζετο
3506 4078 3709 4151 νόμοςί
3746 4081 3827 4153 Τῇ

2250 4165 2360 4219 τῶν
2391 4165 2662 4237 σωμάτων
2693 4166 3054 4231 πλουτοῦντες
3077 4167 3338 4239 δυνάμει,
3379 4169 3472 4223 τὸν
3500 4170 3603 4241 τῆς
3645 4172 3829 4242 ίσχύος

2251 4256 2454 4329 δοτῆρα
2500 4259 2569 4312 δι’
2615 4258 2877 4323 ἀπονοίας
2924 4259 3274 4331 καθύϐριζον.
3325 4261 3462 4315 Τότε
3507 4262 3684 4335 φθορά
3727 4264 3830 4333 τῆς

2253 4351 2377 4422 γῆς,
2404 4350 2499 4405 καὶ
2529 4350 2715 4421 λοιμὸς
2743 4349 3010 4423 ἔμψυχος,
3035 4352 3430 4423 κατακλυσμοῦ
3458 4354 3594 4425 πρὸς
3626 4354 3831 4425 κάθαρ-

2259 4459 2344 4496 σιν
2372 4442 2532 4513 μόνον
2556 4442 2835 4514 δεόμενος.
2873 4443 3155 4509 Ἀπαντας
3190 4445 3434 4516 μιμητάς
3461 4444 3678 4513 ἀληθῶς
3712 4441 3830 4518 εἶχε

574 4537 774 4593 Omnes
804 4532 1047 4604 profecto
1092 4530 1427 4594 invitatores,
1462 4537 1517 4583 et
1559 4525 1849 4596 impietatis
1915 4527 2145 4584 herede:

2262 4533 2358 4587 καὶ
2398 4533 2771 4605 κληρονόμους
2803 4536 2833 4590 6
2862 4534 3003 4590 Κάῖν
3026 4576 3042 4603 ,
3072 4535 3192 4591 ούδὲ
3224 4536 3254 4589 6
3281 4536 3484 4609 τρόμος
3513 4536 3726 4590 ἐκείνου
3752 4535 3834 4609 τῷ

574 4626 807 4682 habebat
833 4625 1070 4693 Caluus,
1115 4636 1289 4692 neque
1342 4630 1547 4675 tremor
1590 4618 1733 4675 illius
1800 4620 2014 4691 corpori
2043 4621 2153 4677 cir-

2260 4624 2476 4697 σώματι
2532 4627 2919 4701 περικείμενος
2972 4628 3099 4694 τοὺς
3149 4626 3390 4700 ὁρῶντας
3456 4627 3834 4698 κατέστελλεν,

1770 4795 1879 4854 CL.
1919 4796 2292 4867 ωυερυωι
2330 4800 2565 4859 ΝοἸίλΕ.

652 4993 783 5067 (71⁸)
826 4992 946 5067 Ούκ
967 4988 1243 5067 aulae
1267 4984 1485 5067 ἀτοπρς
1530 4980 1631 5067 καί
1656 4980 1925 5067 sagum;
1950 4980 2159 5067 ᾁπελέ.

578 5051 788 5122 λεῖπτὸ
817 5060 1027 5129 τόλμα.
1066 5051 1514 5129 Τόλμάᾼὲκιρυλος
1539 5061 1623 5107 est
1651 5051 1932 5129 audacia_a
1957 5066 2157 5129 genere

580 5137 858 5194 hominum
892 5122 1089 5185 aliena.
1125 5122 1270 5181 \‘érti
1304 5144 1318 5181 :
1354 5122 1543 5189 Nulla,
1586 5122 1915 5194 quantumuis
1932 5125 2155 5194 impor-

580 5189 782 5261 ἷιιίιαει
840 5200 1087 5263 barbara,
1141 5194 1492 5263 prwlcrmissa
1539 5189 1615 5249 est
1659 5193 1906 5263 audacia.
1932 5189 2156 5247 Nonnus

580 5276 675 5331 lib.
710 5273 798 5339 λς’
825 5261 1114 5327 committit
1136 5261 1276 5339 ἀρην
1302 5262 1561 5339 -ὲκφύλιον
1594 5261 1786 5339 bellum
1834 5278 1953 5317 rum
1984 5271 2157 5319 exter-

579 5347 683 5411 nis,
717 5332 773 5399 εἰ
803 5339 1042 5414 ἐμερυλον
1074 5332 1241 5414 extudi,
1270 5332 1397 5414 sive
1418 5333 1606 5388 bellum
1634 5332 1801 5414 ciuile.

653 5402 768 5485 (Ὦ)
811 5402 1003 5485 ἡᾶσςᾳι
1038 5406 1154 5485 psi;
1176 5404 1577 5485 ἀνετέμγοντο
1618 5403 1976 5485 πλεονεξίας
2002 5402 2153 5485 όδρί.

584 5474 859 5540 Verbatim
882 5474 1363 5535 :Resc'indebantur
1382 5489 1559 5528 omnes
1584 5474 1885 5543 cupiditatis
1905 5476 2021 5528 uite.
2051 5476 2159 5528 Cur

584 5555 841 5611 Basilium
869 5552 1011 5623 quod
1028 5548 1205 5623 centeri
1230 5545 1371 5599 laudi
1397 5542 1655 5623 tribuunt,
1684 5546 1818 5623 vitio
1849 5542 2159 5623 veniri-Ut

584 5629 672 5680 via
708 5613 966 5692 corrupta
995 5613 1909 5692 celerius_pertransitur,_ideoque
1954 5631 1983 5666 a
2035 5614 2154 5666 via-

585 5704 704 5752 tore
747 5684 1007 5765 qna-ritur
1037 5709 1067 5765 _:
1102 5688 1181 5743 sic
1211 5684 1278 5741 ab
1321 5684 1407 5765 illa
1438 5684 1769 5751 generatione
1795 5701 1957 5765 prava
1983 5692 2030 5737 et
2061 5697 2155 5763 etc-

584 5754 860 5835 aspera'nte
907 5758 1085 5835 omnia
1136 5755 1513 5835 qua-,reba-utur
1563 5754 1916 5835 compendia,
1951 5765 2007 5835 et
2058 5755 2160 5808 vite

590 5823 703 5892 re'm
741 5833 991 5900 faciendi,
1017 5840 1071 5885 et
1112 5823 1495 5898 cupiditatibus
1545 5824 1902 5900 obsequendi.
1938 5823 2020 5879 Ab
2068 5838 2162 5877 ea.

2260 4984 2384 5042 dem
2415 4997 2594 5042 mente
2615 4997 2699 5044 est
2728 4986 2860 5043 illud
2889 4984 3261 5043 Maronianum
3287 5005 3303 5043 :

2360 5096 2465 5153 Ille
2498 5099 2630 5154 viam
2665 5109 2806 5154 secat
2836 5101 2905 5155 ad
2933 5114 3109 5155 naues.
3153 5140 3168 5154 .
3211 5136 3227 5152 .
3272 5136 3287 5151 .
3332 5135 3349 5152 .

2258 5214 2374 5271 Non
2404 5217 2547 5271 enim
2579 5228 2662 5272 est
2687 5231 2851 5272 naves
2879 5214 3145 5269 duntaxat
3178 5227 3365 5286 petere
3384 5251 3401 5278 ,
3434 5214 3529 5270 sed
3558 5215 3658 5271 vite
3684 5232 3841 5273 com-

2258 5287 2474 5355 pendio,
2505 5297 2559 5340 et
2593 5288 2841 5356 semitam
2872 5286 3157 5356 insistere;
3181 5285 3325 5355 ’quas
3352 5285 3509 5356 quasi
3537 5287 3722 5340 semita
3753 5298 3842 5343 est

2257 5354 2541 5423 appellata.
2580 5354 2733 5425 Apud
2781 5355 3058 5411 Philonem
3112 5354 3511 5425 Judaeum‘legi
3549 5374 3564 5411 :
3612 5356 3843 5425 ἶΕθάδας

2255 5425 2311 5479 δὲ
2345 5427 2438 5479 καὶ
2467 5427 2576 5481 τῶν
2612 5423 2752 5481 κατά
2775 5426 2874 5490 τάς
2898 5425 3207 5497 όδοιπορίας
3240 5423 3539 5497 ἐπιτομῶν.
3602 5423 3841 5483 Scientes

2256 5498 2457 5567 uiarum
2514 5497 2839 5566 compendia.
2884 5495 3063 5551 Gloss.
3089 5495 3624 5567 δεηιίιαᾼήμιόδιον.
3657 5499 3841 5563 Quare

2258 5564 2503 5646 alumnis
2544 5564 2919 5646 auspiciis_ita
2965 5567 3226 5646 vertimus
3261 5585 3277 5622 :
3312 5564 3504 5646 Omnes
3530 5567 3842 5635 cupiditatis

2254 5638 2335 5715 uia
2366 5637 2702 5715 secabantur,
2714 5647 2777 5715 _et
2804 5637 3077 5715 inibantur
3088 5653 3116 5715 _;_
3147 5637 3248 5702 lim:
3278 5636 3524 5715 estenim
3555 5646 3839 5715 consecta-

2258 5707 2418 5789 ripm.
2476 5706 2534 5787 lu
2583 5707 2878 5789 laedi-erit
2928 5708 3204 5777 expedire,
3358 5708 3610 5789 scribas:
3645 5706 3843 5761 ἀνετα-

2258 5776 2449 5830 νύοντο
2475 5780 2573 5833 viae
2604 5778 2994 5847 pandebantur,
3030 5786 3124 5833 aut
3152 5776 3573 5849 explicabuntur.
