4102 6544
343 377 408 442 77
1774 381 1888 443 ORi

1992 385 2058 442 [Ο
2094 385 2160 446 ν,
3521 390 3594 457 73

335 481 446 535 ἀλλ’
477 483 505 536 i.
569 481 636 551 ἧς
663 481 890 554 γνώμης
922 481 1172 549 ἀπόνοια,
1209 485 1304 538 καὶ
1334 485 1428 540 τοῦ
1454 487 1659 552 πάθους
1693 487 1785 542 τὸν
1809 490 1888 559 φό-

2007 494 2336 560 compositus
2392 494 2636 553 videntes
2697 498 3071 568 reprimebat;
3127 501 3221 558 sed
3275 517 3372 573 per
3421 479 3624 560 animi.

333 574 422 625 ϐον
448 572 804 644 παρέϐλεπεν.
833 575 1024 639 Οὐδεὶς
1048 577 1105 629 ὲν
1134 577 1320 641 αὐτοῖς
1349 577 1440 632 τὸν
1464 580 1711 649 φιλόθεον
1738 580 1904 634 Ἀϐελ

329 663 613 733 ἐζήλωσεν,
644 663 782 718 ἀλλὰ
812 666 1015 737 νεκρὰν
1037 667 1269 738 ἡγοῦντο
1291 669 1389 739 τὴν
1417 670 1644 742 ἀρετὴν,
1676 671 1776 742 τὴν
1806 671 1902 725 καὶ

327 755 383 805 ἐν
419 753 595 826 νεκρῷ
644 754 1028 826 φθεγγομένην
1081 757 1158 828 τῷ
1204 757 1441 830 σώματι.
1496 762 1559 815 Ei
1598 762 1656 815 δέ
1705 779 1758 816 τι
1807 765 1902 818 καὶ

325 849 574 915 λείψανον
621 849 825 918 ἀρετῆς
858 851 917 902 ὲν
954 850 1136 913 αὐτοῖς
1164 851 1566 918 κατελέλειπτο,
1605 855 1701 908 καὶ
1739 855 1901 910 τοῦτο

325 939 527 1008 ταχέως
561 939 632 991 δι’
673 940 955 1010 ἐπιμιξίας
1008 943 1316 1010 ἐσϐέννυτο,
1349 945 1444 998 καὶ
1470 946 1580 1000 τῶν
1607 947 1826 1002 ἀτόπων
1862 951 1895 1019 ἡ

326 1031 549 1099 μίμησις
573 1031 717 1084 ἅπαν
746 1034 1116 1103 χρηστότητος
1139 1035 1284 1104 ἴχνος
1307 1037 1632 1108 ἀπήλειφεν.
1657 1038 1898 1110 Τοιούτῳ

319 1120 371 1172 δὲ
415 1120 729 1190 φθοροποιῷ
765 1121 938 1193 λοιμῷ
992 1123 1364 1195 κατεχομένης
1391 1125 1492 1195 τῆς
1519 1125 1772 1191 κτίσεως,
1801 1127 1898 1179 καὶ

319 1209 496 1280 λύθρῳ
550 1210 736 1281 ψυχῶν
767 1213 861 1265 καὶ
895 1212 1114 1284 σαρκῶν
1147 1213 1536 1287 μολυνομένης,
1569 1217 1898 1287 ἐδυσφόρουν

319 1303 412 1370 μὲν
444 1302 554 1355 τῶν
593 1302 840 1372 ἀγγέλων
881 1306 937 1357 αἱ
982 1305 1165 1370 τάξεις
1193 1347 1207 1372 ,
1243 1307 1336 1360 καὶ
1388 1310 1490 1378 τῆς
1537 1308 1770 1378 ἀνομίας
1794 1309 1897 1380 τὴν

318 1396 605 1464 πυρκαϊὰν
634 1395 972 1466 ἐπωδύροντο
995 1414 1011 1427 ·
1056 1396 1326 1467 ἧσχαλλον
1371 1397 1428 1450 δὲ
1457 1397 1732 1462 κολάσεως
1765 1397 1895 1470 βρα-

314 1485 575 1553 δυνούσης
598 1527 613 1550 ,
651 1487 745 1540 καὶ
776 1488 877 1551 τὰς
912 1489 1008 1559 τῆς
1051 1489 1288 1553 κτίσεως
1340 1488 1625 1554 εύϐουλίας
1662 1491 1894 1562 ἀνασχε-

312 1576 420 1638 τίζε
433 1595 484 1628 ιν
519 1576 822 1642 ἐϐούλοντο,
853 1579 999 1632 κατά
1028 1579 1124 1650 τὴν
1156 1580 1370 1634 Παύλου
1399 1583 1584 1654 φωνήν
1609 1597 1623 1611 ⁶
1668 1582 1747 1652 Τῇ
1783 1582 1892 1653 γὰρ

309 1669 658 1738 ματαιότητι
683 1671 719 1738 ἠ
744 1671 942 1737 κτίσις
973 1670 1241 1742 ὑπετάγη
1281 1674 1392 1743 οὐχ
1420 1673 1672 1729 ἑκοῦσα.

2008 583 2323 648 pravitatem
2358 587 2479 640 mali
2514 603 2731 658 quoque
2796 599 2997 646 metum
3032 591 3176 647 limis
3212 592 3584 651 intuebantur.

2005 671 2061 726 ln
2115 672 2180 728 iis
2215 689 2372 728 nemo
2444 679 2534 746 qui
2589 679 2679 734 Dei
2713 691 2983 737 amantem
3019 683 3244 739 Abelum
3300 686 3586 743 aemulare-

2004 771 2124 830 tur;
2171 766 2264 819 sed
2291 775 2593 822 emortuam
2646 774 2895 827 virtutem
2927 775 3315 844 opinabantur,
3363 793 3482 847 qua:
3510 787 3587 832 ta-

2003 869 2124 908 men
2156 855 2237 908 vel
2285 857 2337 910 in
2387 868 2599 913 mortuo
2652 875 2879 931 corpore
2939 864 3274 935 loquebatur.
3327 869 3480 937 Quod
3533 871 3582 925 si

2001 945 2084 998 vel
2119 947 2327 1017 exigua:
2371 950 2588 1004 virtutis
2646 953 2885 1022 reliquiae
2917 957 2970 1010 in
3017 960 3148 1026 ipsis
3211 971 3578 1032 superassent,

1999 1050 2078 1091 eae
2119 1039 2423 1094 certissime
2458 1057 2554 1111 per
2623 1043 2876 1100 vitiorum
2925 1049 3300 1106 admistionem
3370 1055 3577 1109 exstin-

1997 1126 2304 1193 guebantur
2326 1167 2341 1192 ,
2370 1139 2424 1182 et
2456 1131 2784 1187 deteriorum
2834 1149 3012 1190 rerum
3055 1140 3284 1198 imitatio
3311 1144 3580 1200 deleverat

1997 1230 2160 1270 omne
2189 1219 2476 1289 vestigium
2511 1222 2817 1290 probitatis.
2856 1224 2990 1281 Cum
3025 1243 3154 1283 vero
3193 1231 3292 1286 hac
3322 1229 3575 1302 pestifera

1999 1305 2085 1362 lue
2129 1310 2495 1378 corriperetur
2522 1325 2771 1370 creatura
2795 1356 2810 1381 ,
2868 1325 2918 1372 et
2958 1321 3259 1376 animarum
3290 1325 3578 1395 carnisque

1996 1397 2149 1452 sanie
2197 1400 2602 1471 inquinaretur,
2686 1407 2995 1476 angelorum
3069 1412 3284 1468 ordines
3340 1417 3578 1484 graviter

1997 1487 2274 1555 ferebant,
2301 1502 2355 1546 et
2389 1493 2784 1552 ardentissimis
2813 1500 2957 1554 vitiis
3009 1501 3338 1559 indolehant.
3369 1505 3574 1562 Trista-

1994 1577 2192 1632 bantur
2221 1591 2399 1634 autem
2443 1586 2719 1651 punitione
2763 1589 3024 1656 prolatata
3074 1602 3125 1644 et
3156 1605 3419 1650 creatum:
3445 1613 3576 1651 con-

1994 1670 2112 1724 silia
2179 1673 2488 1742 cogitabant
2519 1677 2734 1746 erigere
2785 1679 2930 1746 iuxta
2982 1681 3132 1738 Pauli
3188 1701 3420 1742 vocem:
3469 1687 3572 1744 Va-

1994 1762 2147 1816 nitati
2188 1765 2326 1817 enim
2375 1780 2617 1822 creatura
2661 1769 2897 1840 subjecta
2943 1784 3021 1829 est
3077 1793 3179 1831 non
3226 1779 3399 1834 volens
3420 1781 3488 1834 ".

377 1845 448 1916 β’.
497 1846 584 1910 Ὠς
612 1841 704 1901 οὖν
732 1847 950 1902 ἀνίατον
987 1844 1056 1920 ἦν
1089 1849 1150 1903 τὸ
1182 1849 1376 1917 δεινὸν,
1409 1850 1503 1906 καὶ
1529 1855 1562 1922 ὴ
1593 1851 1746 1916 νόσος
1789 1853 1882 1924 ηύσ

2063 1853 2118 1907 2.
2156 1853 2308 1921 Quod
2347 1857 2506 1927 igitur
2539 1859 2738 1916 malum
2777 1874 2920 1918 esset
2955 1866 3383 1936 immedicabile,
3411 1887 3572 1942 auge-

314 1939 531 2005 ξάνετο,
569 1941 665 1992 καὶ
698 1939 769 1994 τὰ
811 1940 914 2011 τῆς
963 1941 1218 2005 ἀσεϐείας
1257 1943 1564 2014 προέκοπτε
1591 1983 1605 2009 ,
1660 1948 1889 1998 κινεῖται

318 2032 446 2102 πρὸς
476 2032 748 2102 κάθαρσιν
775 2033 884 2086 τῶν
914 2035 1307 2106 πραττομένων
1335 2036 1396 2088 τὸ
1427 2036 1600 2099 Θεῖον,
1631 2037 1726 2090 καὶ
1753 2054 1886 2105 προ-

317 2126 562 2194 κηρύττει
615 2125 1018 2195 κατακλυσμὸν,
1067 2129 1135 2182 τὰ
1190 2128 1436 2198 ῥεύματα
1482 2129 1581 2198 τῆς
1625 2127 1885 2192 ἀσεϐείας

310 2218 502 2286 στῆσαι
527 2218 606 2288 τῷ
641 2217 790 2288 φόϐῳ
827 2218 1165 2289 βουλόμενος.
1200 2221 1307 2274 Καὶ
1339 2219 1616 2294 προορίζει
1644 2221 1735 2274 τὸν
1766 2221 1892 2292 χρό⁹

307 2325 412 2370 νον,
444 2310 540 2362 καὶ
573 2311 866 2380 μετανοίας
894 2313 1131 2382 πήγνυσι
1164 2312 1360 2384 μέτρα,
1392 2314 1484 2368 καὶ
1513 2313 1890 2385 προλαμϐάνει

303 2401 398 2470 τὴν
424 2402 670 2468 κόλασιν,
698 2404 824 2456 ἰδεῖν
842 2402 936 2457 τοῦ
957 2405 1158 2476 τρόπου
1191 2405 1289 2477 τὴν
1308 2405 1608 2478 μεταϐολὴν
1631 2405 1885 2477 μηχανὼ-

304 2511 487 2564 μενος.
523 2494 636 2547 Καὶ
673 2495 726 2548 τί
760 2511 965 2566 φησιν;
1001 2499 1080 2551 Οὐ
1097 2495 1183 2566 μὴ
1207 2497 1528 2566 καταμείνῃ
1559 2497 1624 2550 τὸ
1655 2498 1892 2568 πνεῦμά

297 2603 418 2655 μου
445 2587 517 2639 ἐν
546 2586 671 2651 τοῖς
699 2586 1032 2654 ἀνθρώποις
1060 2588 1292 2653 τούτοις
1317 2590 1405 2656 εις
1435 2588 1540 2642 τὸν
1561 2588 1766 2654 αἰῶνα,
1795 2588 1893 2642 διὰ

301 2677 371 2729 τὸ
399 2675 554 2732 εἶναι
581 2677 805 2745 αὐτοὺς
835 2678 1084 2747 σάρκας.
1113 2673 1282 2744 Οὗτος
1309 2681 1410 2751 τῆς
1437 2681 1708 2752 τιμωρίας
1733 2681 1760 2733 ὁ
1797 2681 1892 2749 φό-

300 2767 653 2837 ϐοςεὲπάγει
704 2771 797 2822 καὶ
842 2771 941 2840 τῆς
997 2770 1288 2840 μετανοίας
1339 2771 1431 2824 τὸν
1485 2771 1630 2843 ὅρον,
1679 2771 1888 2825 εἰπών’

304 2861 590 2913 Ἔσονται
621 2859 688 2912 δὲ
718 2864 777 2914 αἱ
808 2861 1017 2930 ἡμέραι
1047 2861 1248 2915 αὐτῶν
1289 2862 1448 2934 (72⁸).
1473 2863 1698 2933 Δίδωμι,
1733 2865 1887 2934 φησὶ,

297 2953 401 3020 τῆς
434 2952 725 3020 μετανοίας
753 2953 842 3005 τὸν
881 2954 1090 3022 χρόνον,
1124 2953 1212 3006 ἴνα
1243 2953 1337 3006 ἴδω
1365 2954 1455 3006 τὸν
1486 2955 1688 3024 τρόπον
1727 2972 1891 3025 μετα-

299 3042 656 3110 ϐαλλόμενον,
701 3042 795 3095 καὶ
831 3043 1198 3113 συμπλατύνω
1231 3047 1296 3115 τῇ
1334 3044 1685 3116 προλαϐούσῃ
1722 3045 1891 3117 κακίᾳ

296 3135 401 3203 τῆς
449 3134 592 3204 ἐμῆς
648 3134 1061 3206 φιλανθρωπίας
1108 3135 1178 3190 τά
1225 3137 1590 3208 διαστήματα.
1633 3137 1784 3208 Ὀσῳ
1828 3137 1888 3190 τὸ

1991 1958 2272 2017 sceretque
2295 1951 2534 2012 morbus,
2568 1967 2630 2007 ac
2661 1953 2950 2022 impietatis
2978 1958 3129 2013 ﬁeret
3151 1965 3474 2031 progressio,
3501 1965 3569 2019 ad

1990 2053 2052 2093 ea
2075 2080 2089 2104 ,
2115 2055 2234 2109 qua:
2263 2041 2461 2096 fiebant
2481 2085 2498 2109 ,
2521 2045 2782 2114 expianda
2822 2045 3030 2104 Numen
3060 2050 3314 2106 incitatur
3335 2094 3351 2120 ,
3373 2055 3479 2124 27
3514 2066 3570 2110 et

1997 2132 2188 2187 volens
2222 2132 2558 2202 impietatem
2605 2137 2921 2208 gliscentem
2950 2151 3158 2198 terrore
3185 2145 3398 2210 sistere,
3429 2147 3571 2202 dilu-

1993 2223 2138 2276 vium
2175 2225 2496 2293 proclamat,
2531 2236 2850 2299 tempusque
2888 2233 3138 2301 pradinit,
3187 2249 3251 2290 ac
3279 2239 3570 2306 ptenitudi-

1995 2314 2081 2369 uis
2122 2319 2340 2371 modum
2387 2320 2599 2386 statuit,
2636 2336 2734 2376 nec
2771 2338 2878 2377 non
2913 2325 3234 2394 supplicium
3274 2331 3569 2386 antevertit

1992 2406 2334 2476 excogitans,
2374 2423 2480 2476 qua
2527 2409 2734 2466 ratione
2769 2426 2981 2466 morum
3032 2417 3439 2471 conversionem
3485 2421 3568 2472 vi-

1992 2495 2144 2549 deret
2186 2495 2446 2565 aliquam.
2484 2497 2687 2567 Ecquid
2734 2501 2847 2554 ait?
2890 2500 3008 2557 Non
3056 2509 3377 2573 permanebit
3408 2510 3568 2577 spiri-

1993 2597 2074 2640 tus
2107 2603 2250 2641 meus
2273 2589 2326 2640 in
2357 2589 2638 2643 Iwminein
2659 2601 2938 2660 (sternunt,
2962 2596 3090 2664 quia
3112 2613 3238 2650 caro
3268 2609 3346 2652 est
3371 2601 3438 2656 “.
3469 2601 3568 2656 llic

1991 2678 2242 2747 supplicii
2281 2687 2457 2732 terror
2489 2690 2602 2744 est;
2641 2681 2953 2751 inducitque
2984 2685 3342 2752 pceuitudinis
3373 2693 3566 2745 termi-

1993 2784 2142 2829 uum,
2177 2768 2363 2824 dicens
2408 2785 2423 2822 :
2468 2767 2741 2840 Erantque
2790 2772 2904 2826 dies
2943 2772 3090 2828 illius
3130 2785 3338 2829 centum
3383 2779 3566 2849 viginti

1990 2874 2246 2912 annorum
2273 2861 2341 2914 θ’.
2401 2861 2510 2922 Do,
2558 2861 2763 2931 inquit,
2811 2865 3164 2932 pmuitudiuis
3215 2875 3454 2937 tempus.
3505 2883 3560 2924 ut

1993 2947 2202 3001 videam
2253 2965 2461 3004 morum
2510 2953 2948 3018 COuversiouem,
2997 2970 3210 3024 unaque
3247 2973 3370 3012 cum
3411 2969 3565 3012 aute-

1989 3053 2172 3108 gressa
2203 3041 2498 3096 vitiositate
2534 3043 2886 3099 luunauitatis
2929 3059 3062 3099 mea:
3095 3049 3268 3116 spatia
3301 3051 3575 3118 produco.'

1991 3128 2242 3194 Quandiu
2276 3130 2476 3184 malum
2510 3131 2785 3198 obduruit,
2816 3135 3000 3189 tandiu
3047 3137 3399 3206 paenitudinis
3434 3157 3562 3194 me-

298 3225 475 3289 πάθος
508 3225 879 3297 ὲσκλήρωται,
915 3225 1151 3297 τοσούτῳ
1185 3227 1283 3297 τῆς
1319 3225 1610 3297 μετανοίας
1645 3226 1793 3299 φέρω
1827 3227 1886 3280 τὸ

1992 3221 2232 3276 dicamcn
2258 3222 2499 3293 profero.
2525 3222 2709 3294 Longa
2743 3225 2843 3280 fuit
2868 3229 3177 3297 aegrotatio,
3207 3229 3367 3301 longa
3395 3231 3561 3288 obea-

300 3317 616 3388 φάρμακον.
663 3316 893 3388 Νόσημα
929 3317 1300 3389 πολυχρόνιον,
1342 3318 1695 3390 πολυχρόνιος
1733 3334 1889 3388 περι-

299 3409 533 3462 οδε·δέτω
567 3408 841 3479 μετάνοια·
877 3409 1059 3479 ἐπέχω
1087 3410 1179 3464 τοῦ
1213 3409 1600 3481 κατακλυσμοῦ
1628 3409 1726 3474 τὰς
1763 3409 1888 3463 ὠδῖ-

304 3522 402 3567 νας
422 3520 435 3532 ·
473 3501 784 3574 προθεσμία
811 3501 911 3572 τὴν
949 3501 1168 3556 κόλασιν
1203 3503 1610 3574 ἀναϐάλλομαι⁹
1642 3502 1890 3556 ἑκούσιον

307 3597 416 3663 γαρ
445 3593 740 3665 θεραπείαν
768 3594 1078 3664 ἐκδέχομαι.
1107 3593 1342 3648 Τοιαῦτα
1375 3595 1472 3666 μὲν
1509 3596 1542 3666 ἡ
1575 3593 1886 3665 φιλάνθρω-

313 3705 412 3750 πος
441 3688 619 3758 χάρις,
655 3689 718 3757 τῇ
743 3687 840 3756 τῆς
863 3687 1131 3757 τιμωρίας
1168 3687 1435 3758 μεταϐολῇ
1467 3687 1566 3759 τὴν
1599 3688 1890 3758 μετάνοιαν

309 3781 574 3831 ἕλκουσαο
605 3778 668 3831 τὸ
711 3779 767 3831 δὲ
819 3777 992 3841 πάθος
1043 3779 1454 3849 φιλανθρωπίας
1483 3781 1584 3833 ούκ
1632 3778 1884 3852 ἐχρῃσεν.

321 3869 588 3936 ’Λνήλωτο
635 3862 726 3920 οὖν
769 3869 915 3930 ἆπας
963 3867 1064 3937 τῆς
1101 3868 1390 3937 μετανοίας
1429 3869 1457 3921 ὁ
1487 3868 1678 3939 χρόνος
1702 3885 1716 3901 ·
1752 3871 1785 3939 ἡ
1832 3869 1888 3922 δὲ

306 3964 405 4030 τῆς
447 3958 704 4023 ἀσεϐείας
743 3959 842 4012 ούκ
875 3957 1109 4011 ἐπαύετο
1157 3957 1332 4022 νόσος.
1385 3959 1511 4022 Τοῖς
1552 3960 1749 4030 μενοῦν
1786 3959 1886 4011 Νι-

309 4052 543 4115 νευῖταις
577 4051 802 4122 ὕστερον
831 4053 1126 4122 τριήμερον
1162 4049 1451 4122 μετανοίας
1488 4050 1766 4121 διάστημα
1798 4049 1889 4114 γέ-

310 4161 429 4210 γονε
465 4143 601 4214 πρὸς
630 4142 897 4214 σωτηρίαν
928 4143 1157 4211 ἑφόδιον,
1199 4143 1293 4196 καὶ
1326 4143 1387 4196 τὸ
1418 4141 1602 4196 στενὸν
1628 4144 1727 4213 τῆς
1754 4157 1888 4212 προ-

311 4235 539 4306 θεσμίας
577 4239 644 4306 τῇ
687 4234 954 4306 μεταϐολῇ
987 4232 1080 4288 τοῦ
1120 4236 1323 4306 τρόπον
1360 4235 1711 4305 νικήσαντες.
1753 4250 1887 4304 προ-

317 4331 542 4399 φητικὴν
579 4328 854 4396 ἀπόφασιν
902 4325 1120 4396 ἔδησαν,
1169 4326 1321 4380 θείαν
1354 4325 1584 4397 ἀπειλὴν
1635 4327 1750 4388 τοῖς
1794 4325 1888 4377 δά-

316 4439 498 4492 rgo-3w
537 4419 945 4493 ἡμερώσαντες.
979 4413 1136 4472 Οὗτοι
1166 4420 1223 4473 δὲ
1251 4417 1504 4472 τοσοῦτον
1539 4417 1747 4492 πλῆθος
1777 4415 1887 4468 τῶν

317 4516 427 4584 εἰκῆ
462 4513 689 4583 ῥεόντων
727 4512 863 4566 ἐτῶν
888 4512 1253 4586 παρέϐλεπον,
1277 4511 1439 4565 αὐτὸν
1467 4511 1566 4579 τῆς
1599 4507 1886 4578 μετανοίας

1993 3323 2079 3366 tur
2111 3314 2448 3382 pmniteutia,
2483 3316 2823 3384 procrastino
2850 3318 3033 3373 diluvii
3077 3320 3239 3375 mala.
3265 3320 3392 3377 Mihi
3425 3339 3563 3394 pra:-

1992 3403 2198 3458 [iuitum
2230 3415 2314 3460 est
2368 3406 2892 3462 animadversionem
2942 3410 3250 3478 protelare;
3289 3429 3414 3469 nam
3462 3430 3562 3471 cu-

1989 3498 2253 3551 rationem
2287 3497 2648 3553 voluntariam
2679 3511 2923 3568 acccpto.
2969 3502 3083 3558 Etsi
3118 3504 3242 3558 talia
3285 3507 3561 3564 hominum

1989 3604 2175 3644 amore
2211 3591 2598 3656 meditabatur,
2634 3594 2834 3660 gratia,
2873 3609 2981 3663 quo
3019 3597 3262 3653 traheret
3292 3600 3359 3654 ad
3386 3603 3564 3671 ρωπί-

1993 3684 2216 3737 teutiam
2275 3683 2525 3753 supplicii
2577 3685 2960 3753 prorogatione
3004 3706 3019 3741 :
3068 3697 3246 3743 tamen
3300 3691 3424 3746 mali
3481 3693 3564 3748 vis

1989 3774 2380 3831 humanitatem
2407 3777 2715 3845 respuebat.
2737 3775 3127 3848 Consumptum
3154 3780 3316 3850 igitur
3345 3792 3427 3837 est
3447 3799 3563 3851 pm-

1989 3867 2228 3920 nitentia:
2251 3877 2482 3936 tempus,
2515 3882 2614 3922 nec
2647 3868 2942 3938 impietatis
2971 3870 3235 3938 aegritudo
3259 3873 3559 3934 desinebat.

1988 3957 2180 4012 Postea
2228 3968 2373 4013 certe
2413 3957 2669 4013 Ninivitis
2702 3960 3008 4016 triduanum
3051 3962 3386 4032 paenitentia:
3434 3981 3562 4034 spa-

1990 4048 2119 4102 tium
2178 4050 2244 4102 ad
2302 4048 2536 4104 salutem
2593 4051 2678 4106 via
2728 4052 2848 4117 fuit,
2900 4061 2955 4109 et
3007 4069 3216 4110 morum
3262 4058 3566 4114 mutatione

1987 4141 2255 4210 superatis
2294 4143 2596 4212 praescripti
2650 4145 2906 4214 temporis
2942 4147 3210 4218 angustiis
3241 4146 3334 4203 Dei
3387 4149 3562 4205 minas

1988 4234 2239 4303 lacrymis
2307 4233 2572 4290 Ienieutcs
2646 4237 3020 4306 propheticam
3082 4239 3570 4297 obnuntiationem

1988 4325 2369 4395 pra-pedivere.
2422 4325 2483 4380 Hi
2525 4342 2655 4382 vero
2717 4339 2792 4383 tot
2827 4329 3025 4385 frustra
3068 4332 3348 4387 ﬂuentium
3393 4349 3565 4389 anuo-

1988 4434 2104 4473 rum
2161 4433 2443 4473 numerum
2511 4419 2919 4490 despexerunt,
2986 4425 3102 4493 ipsa
3158 4426 3562 4494 opportunitate

1989 4508 2322 4578 poenitentiae
2374 4509 2427 4562 in
2490 4507 2788 4580 impietatis
2837 4513 3195 4580 patrocinium
3251 4529 3557 4571 conversa:

316 4604 399 4654 τὴν
435 4603 623 4673 χρόνον
669 4603 925 4674 συνεργὸν
957 4606 1037 4668 είς
1082 4603 1336 4657 ἀσέϐειαν
1380 4599 1757 4670 ἐργαζόμενοι,
1785 4598 1885 4669 τὴν

1992 4600 2380 4655 maleﬁciorum
2406 4601 2768 4657 accumulatio
2795 4604 3185 4673 suppliciorum
3218 4616 3338 4662 erat
3364 4607 3560 4677 ampli-

317 4696 406 4764 τῆς
443 4695 707 4765 πονηρίας
745 4695 1057 4766 ὑπέρθεσιν,
1089 4695 1358 4766 τιμωρίας
1394 4693 1694 4763 ὑπέρτασιν
1733 4690 1882 4762 ἔχον-

315 4803 395 4850 τες
416 4786 548 4856 (ἳῦ).
581 4785 690 4839 Καὶ
716 4785 837 4839 τότε
861 4786 924 4857 δὴ
954 4786 1318 4857 ἀναλαμϐάνει
1347 4785 1437 4838 τὸν
1463 4783 1608 4849 Νῶε,
1633 4782 1883 4852 καθάπερ

318 4878 502 4946 χρυσὸν
531 4881 589 4930 ἐν
627 4876 870 4948 βορϐόρῳ
899 4878 1182 4948 θεωρήσας
1211 4877 1609 4946 ἀστράπτοντα,
1650 4875 1744 4928 καὶ
1783 4875 1880 4946 θη-

318 4970 502 5039 σαυρὸν
528 4968 740 5040 ἀρετῶν
766 4969 826 5021 ὲν
850 4967 1106 5022 δυσώδεσι
1137 4969 1330 5038 τάφοις
1363 4965 1759 5038 κρυπτόμενον,
1799 4981 1882 5016 κι-

380 5151 424 5181 ⁶⁸
450 5149 600 5205 Rom.
631 5165 750 5215 vm,
780 5147 872 5202 20.
947 5145 989 5177 “
1019 5145 1153 5203 Gen.
1180 5160 1256 5208 vt,
1288 5143 1342 5198 5.
1422 5146 1464 5177 ⁸³
1491 5144 1627 5202 ibid.

1997 4693 2200 4746 iicatio.
2247 4693 2325 4747 Ac
2351 4691 2613 4748 Noemum
2653 4705 2779 4748 tunc
2812 4697 3041 4750 assumit
3073 4707 3324 4766 tanquam
3368 4713 3561 4754 aurum

1993 4782 2046 4836 in
2093 4795 2252 4834 caeno
2301 4781 2651 4849 conspicatus
2702 4783 2999 4852 fulgurans,
3049 4795 3105 4840 et
3143 4785 3400 4842 virtutum
3447 4789 3564 4842 the-

1993 4889 2209 4927 saurum
2241 4873 2292 4928 iu
2330 4873 2550 4926 tumulis
2575 4875 3010 4942 graveolentibus
3045 4882 3377 4945 abstrusum,
3410 4881 3564 4950 jubet

1995 4978 2176 5016 arcam
2226 4963 2532 5034 compingi,
2580 4974 2635 5020 et
2694 4965 2969 5035 impietate
3016 4977 3296 5039 spectante
3331 4971 3563 5026 inunda-

1535 5307 1643 5362 cu.
1685 5305 2063 5378 DAUSQUEII
2089 5305 2324 5363 noras.

379 5467 506 5540 (72‘)
531 5469 823 5523 Ἔσονται
869 5469 958 5540 es
986 5472 1044 5524 al
1094 5469 1305 5539 ἡμέραι
1354 5466 1570 5523 αὐτῶν.
1617 5467 1869 5540 Suppleo,

312 5538 494 5612 ξιιατὸν
518 5541 724 5612 εἴκοσιν
751 5540 846 5612 ἐτη
877 5558 891 5595 :
925 5538 1142 5594 Centum
1178 5539 1354 5612 viginti
1393 5555 1671 5612 annorum.
1708 5538 1872 5612 ﬂausi

309 5610 371 5662 de
417 5609 719 5692 tuanalibus
755 5609 1359 5696 Seriptttrzeufontibus,
1392 5609 1874 5696 ita.d_epostulalnte

309 5681 585 5746 sententia,
617 5692 670 5734 et
698 5682 882 5736 verbis
919 5680 1101 5735 Basilii
1130 5696 1232 5734 non
1269 5681 1340 5732 ita
1379 5679 1549 5733 multo
1574 5689 1693 5747 post
1722 5697 1734 5732 :
1765 5679 1872 5731 0i:-

306 5765 382 5822 τοι
411 5750 465 5802 δὲ
492 5749 748 5822 τοσοῦτον
775 5750 980 5822 πλῆθος
1005 5751 1111 5804 τῶν
1156 5749 1278 5822 εἰκῆ
1306 5751 1536 5822 ῥεόντων
1565 5749 1700 5802 ὶτῶν
1723 5765 1869 5822 παρ-

308 5818 541 5879 ἑελεπον.
572 5820 648 5877 Hi
685 5830 763 5878 tot
795 5818 1060 5878 annorum
1087 5818 1316 5892 spatium
1357 5821 1466 5875 sine
1495 5819 1670 5889 fructu
1701 5820 1870 5889 ﬂuen-

1980 5467 2276 5544 τίνει-(ἰηιὲ
2306 5467 2648 5544 αερίςίεὺαηι.
2685 5467 2799 5544 sive
2827 5467 3171 5544 negligebant.

2051 5537 2162 5611 (75)
2208 5535 2480 5611 Thr_tﬁ(
2531 5540 2824 5611 πονηρίας
2886 5535 3212 5608 ὖπὲρθεσιν
3280 5542 3559 5611 τιμωρίας

1976 5605 2309 5673 ὺπέρτασιν
2332 5607 2597 5675 ἔχοντες.
2641 5609 2866 5674 Propior
2901 5605 3077 5665 tanien
3128 5605 3365 5665 auctoris
3410 5605 3560 5664 ineu-

1979 5687 2084 5731 tem
2114 5677 2216 5730 erit
2252 5679 2364 5762 haec
2395 5678 2665 5767 o‘rdiruatio
2699 5698 2710 5732 :
2742 5677 2852 5767 Ἰριν
2885 5679 2987 5748 τῆς
3026 5680 3556 5767 τιμωρίαςούτεέρθξ-

1978 5763 2063 5822 σιν
2108 5747 2716 5822 πονηρίας-ὑπέρτασιν
2755 5747 2982 5822 ,ἔχοντες
3020 5771 3031 5806 :
3064 5747 3319 5822 Supplicii
3367 5747 3558 5808 dilatio

1976 5818 2077 5887 fuit
2109 5818 2350 5890 nequitia:
2383 5818 2595 5873 illorum
2624 5818 2990 5890 ampliﬁcatio.
