4102 6572
460 449 534 518 83
1665 434 1945 497 BASILII
1984 427 2532 495 SELEUCIENSIS
3192 512 3195 515 Α
3651 400 3726 477 84

462 577 519 626 et
567 566 769 626 diluvio
830 563 1252 636 circumquaque
1295 559 1566 617 'obsessus
1617 554 2035 626 inconsumptus

2141 545 2444 619 τακλυσμῷ
2473 540 2739 617 πάντοθεν
2769 512 3248 611 πολιορκούμενος,
3276 531 3551 636 ἀνάλωτος
3594 528 3726 636 ξμεζ

463 620 1285 729 manebat,quiilcreat‘urarum
1320 648 1575 705 servabat
1616 620 2027 718 reliquias,'qui

2141 657 2229 693 νεν
2257 640 2286 693 ό
2321 636 2432 691 τῶν
2464 636 2562 705 τῆς
2606 631 2839 694 κτίσεως
2882 628 3155 700 λειψάνων
3199 624 3457 697 ταμείας,
3491 623 3521 675 ό
3554 620 3727 693 φύλαξ

467 750 560 805 Dei
607 749 877 806 creaturis
916 755 1098 802 custos
1151 742 1425 813 appositus
1473 747 1613 805 erat,
1659 738 1749 808 qui
1798 738 1851 792 in
1906 751 2032 790 arca

464 843 611 898 velut
655 856 782 897 arce
824 838 1059 894 stadium
1092 835 1436 899 decurrebat,
1462 832 1554 903 qui
1616 839 1865 886 creatura
1901 842 2035 881 nau—

464 932 693 1002 fragium
720 930 958 986 faciente
987 928 1199 998 placide
1222 927 1368 982 solus
1407 923 1754 991 enavigabat,
1812 920 1900 991 qui
1933 919 2036 974 ﬁde

467 1034 523 1076 et
547 1021 695 1091 ligno
718 1018 977 1075 diluvioui
1007 1018 1113 1072 vim
1147 1015 1429 1072 aﬂ‘erehat.
1451 1013 1496 1069 Ο
1527 1028 1613 1068 res
1638 1008 2031 1081 inopinabiles!

464 1113 743 1183 Quomodo
774 1127 899 1167 arca
938 1111 1212 1166 montibus
1242 1109 1380 1163 illisa
1415 1120 1519 1161 non
1557 1105 1679 1160 est?
1719 1105 1855 1157 Arca
1897 1101 2038 1172 fere-

466 1206 640 1271 batur,
670 1204 865 1275 inquit,
897 1218 1055 1272 super
1087 1217 1251 1273 aquas
1274 1200 1340 1264 ",
1374 1198 1520 1254 velut
1559 1194 1833 1253 curriculo
1874 1193 2036 1249 undis

467 1296 711 1361 invecta;
756 1312 860 1350 nou
904 1292 1255 1361 proscindens
1294 1290 1554 1345 ﬂuctuum
1582 1288 1888 1359 profunda.
1938 1285 2036 1341 sed

466 1388 715 1458 cquitaus
752 1388 805 1441 in
859 1386 976 1442 salo
1022 1383 1167 1440 velut
1210 1384 1267 1437 in
1316 1383 1453 1447 solo,
1506 1382 1623 1436 vice
1677 1380 1870 1435 baseos
1920 1388 2037 1434 erat

468 1478 710 1551 pelagus,
740 1489 795 1533 et
817 1494 957 1533 arcae
989 1474 1440 1533 subSternebatur
1468 1471 1746 1528 inundatio
1771 1470 1925 1542 quasi
1952 1470 2036 1525 via

468 1570 703 1638 publica.
751 1568 864 1623 lloc
910 1567 1029 1622 ﬁdei
1064 1565 1403 1621 vehiculum!
1447 1565 1565 1619 haec
1605 1572 1819 1617 naturae
1864 1571 2040 1618 custo-

469 1659 591 1714 dia!
621 1659 665 1716 0
694 1673 821 1714 arca
872 1656 1126 1728 paradiso
1157 1656 1404 1712 ﬁrmior!
1443 1655 1549 1710 illic
1600 1668 1834 1725 namque
1912 1668 2038 1710 cum

469 1749 591 1806 aliis
642 1750 928 1820 navigabat
975 1763 1198 1818 serpens
1236 1747 1389 1818 :30
1427 1746 1535 1801 illic
1588 1745 1791 1817 lignum
1846 1747 2039 1802 mortis

471 1826 571 1894 fuit
600 1838 1055 1904 instrumentum;
1109 1838 1197 1893 hic
1241 1837 1442 1906 lignum
1489 1835 1678 1892 salutis
1712 1836 1811 1891 fuit
1838 1838 2039 1907 guber-

2136 730 2246 784 τῶν
2275 727 2369 783 τοῦ
2413 725 2549 780 Θεοῦ
2594 720 3092 795 δημιουργημάτων
3134 718 3379 789 ταχθεὶς,
3407 718 3438 770 6
3473 715 3727 786 καθάπερ

2136 821 2196 874 ὲν
2239 819 2531 891 ἀκροπόλει
2564 819 2631 888 τῇ
2662 812 2879 884 κιϐωτῷ
2921 811 3276 875 σταδιεύσας,
3307 812 3336 864 ό
3370 810 3470 880 τῆς
3497 807 3714 861 κτίσειε-
3791 841 3813 850 ρ

2138 910 2483 982 ναυαγούσης
2514 907 2672 980 μόνος
2703 906 2935 978 γαληνὸς
2971 904 3047 969 ὡς
3074 902 3426 967 διαπλεύσας,
3484 901 3513 953 6
3544 900 3728 954 πίστει

2138 1005 2233 1059 καὶ
2280 1002 2422 1073 ξύλῳ
2464 1000 2556 1055 τὸν
2604 996 2985 1068 κατακλυσμὸν
3037 995 3385 1068 βιασάμενος.
3438 992 3501 1045 ’Ὠ
3544 1008 3726 1061 παρα-

2137 1096 2304 1163 δόξων
2345 1092 2720 1167 πραγμάτωνί
2754 1091 2881 1156 Πῶς
2910 1091 2946 1162 ἡ
2990 1088 3224 1153 κιϐωτὸς
3257 1087 3317 1141 ού
3368 1084 3727 1158 προσερρἀη

2136 1191 2249 1252 τοῖς
2285 1188 2504 1259 δρεσινς
2544 1182 2922 1253 Ἐπεφέρετω
2953 1181 3144 1251 φησιν,
3180 1180 3219 1249 ἡ
3251 1176 3500 1241 κιϐωτὸς
3526 1173 3729 1229 ἐπάνω

2138 1278 2246 1333 τοῦ
2280 1276 2526 1342 ὕδατος,
2557 1271 2902 1343 ἐποχουμένη
2941 1272 3053 1333 τοῖς
3082 1267 3358 1338 κύμασινο
3394 1266 3493 1319 οὐκ
3532 1262 3728 1318 ἀνατέ-

2145 1386 2354 1442 μνουσα
2381 1366 2492 1422 τῶν
2534 1364 2798 1436 κυμάτων
2835 1363 2904 1416 τά
2935 1360 3096 1432 βάθη,
3127 1358 3245 1414 ἀλλ’
3273 1358 3369 1411 ἐπὶ
3398 1356 3508 1410 τῶν
3549 1354 3729 1425 κυμά-

2138 1477 2248 1514 των
2279 1458 2355 1523 ὼς
2396 1458 2484 1511 ἐπ’
2509 1455 2739 1525 ἐδάφους
2774 1449 3154 1522 ἱππαζομένη,
3193 1447 3352 1520 βάσιν
3394 1446 3457 1500 τὸ
3492 1444 3728 1513 πέλαγος

2140 1551 2356 1623 ἔχουσα,
2403 1550 2500 1604 καὶ
2541 1547 2798 1618 καθάπερ
2840 1543 3114 1617 λεωφόρος
3142 1544 3171 1597 6
3201 1538 3585 1610 κατακλυσμὸς
3618 1536 3725 1590 ὑπ-

2139 1641 2497 1715 εστρώννυτο.
2545 1638 2716 1693 Τοῦτο
2766 1637 3003 1719 πίστεως
3043 1634 3259 1705 ὄχημα,
3309 1630 3470 1686 τοῦτο
3510 1628 3727 1700 φύσεως

2141 1734 2528 1805 φυλακτήριον.
2570 1727 2642 1784 Ὦ
2690 1728 2923 1792 κιϐωτὸς
2964 1726 3298 1796 παραδείσου
3349 1721 3723 1795 βεϐαιωτέραί

2158 1827 2309 1879 Ἐκεῖ
2342 1824 2441 1893 μὲν
2473 1823 2583 1895 γὰρ
2611 1822 2735 1892 δφις
2766 1819 3061 1874 συνέπλεεν
3078 1816 3211 1890 (80),
3239 1819 3356 1871 ἐκεῖ
3386 1816 3539 1883 ξύλον
3563 1814 3730 1869 θανά-

471 1930 723 1984 naculum
759 1947 772 1983 :
807 1929 916 1985 illic
966 1930 1230 1983 Adamum
1276 1928 1618 1998 pra-varicari
1658 1929 1916 1993 docebat;
1955 1929 2035 1985 hic

2147 1935 2241 1972 του
2288 1917 2512 1986 γέγονεν
2559 1912 2810 1984 δργανονο
2845 1911 3077 1967 ἐνταῦθα
3118 1910 3275 1978 ξύλον
3312 1907 3585 1980 σωτηρίας
3620 1922 3732 1978 πη-

469 2022 717 2093 perfugio
754 2019 1016 2077 Noemum
1059 2022 1210 2092 petit.
1263 2020 1307 2077 0
1354 2020 1553 2076 Noeme
1598 2021 1876 2077 hominum
1912 2037 2037 2090 pro-

469 2112 651 2185 gnitor
680 2114 886 2169 Adamo
916 2111 1302 2168 anteferendel
1338 2127 1371 2168 ο
1415 2112 1665 2183 imaginis
1697 2114 1787 2168 Dei
1834 2113 2043 2168 ﬁrmior

470 2206 817 2260 asservator!
846 2219 879 2260 ο
909 2205 1001 2275 qui
1039 2203 1180 2267 ﬁnis,
1218 2219 1435 2275 unaque
1474 2205 1798 2275 principium
1832 2214 2041 2260 natura:

420 2296 430 2307 ’
471 2296 653 2353 fuisti!
697 2312 731 2354 ο
760 2296 993 2352 faustum
1023 2296 1383 2351 humanitatis
1411 2296 1659 2351 conﬁne!
1692 2311 1724 2350 ο
1748 2297 1839 2366 qui
1874 2298 2042 2352 tutior

470 2388 667 2444 divina:
694 2388 951 2446 bonitatis
996 2388 1280 2458 ﬁdejussor
1314 2386 1572 2443 illuxisti!
1611 2403 1644 2443 ο
1670 2389 1759 2458 qui
1786 2404 2041 2460 grassa-

472 2489 579 2534 tem
629 2492 727 2546 per
769 2491 939 2548 genus
992 2478 1289 2534 humanum
1343 2478 1775 2535 exsecrationem
1818 2481 2037 2536 stitisti!

466 2569 817 2637 oimpietatis
844 2569 1094 2637 exitium,
1131 2569 1362 2641 ﬁdeique
1404 2570 1590 2626 radix!
1629 2586 1663 2629 ο
1707 2571 1797 2642 qui
1844 2573 2040 2626 oblite-

466 2669 649 2714 ratum
676 2658 930 2730 imaginis
954 2658 1097 2716 illius
1117 2660 1494 2716 characterem
1520 2660 1865 2718 reformastil
1892 2680 1925 2719 ο
1949 2663 2039 2734 qui

468 2749 636 2805 divini
690 2750 871 2821 operis
938 2749 1148 2806 semina
1204 2752 1536 2807 reservasti!
1598 2766 1631 2807 ο
1685 2753 1777 2823 qui
1835 2763 2041 2809 natura:

467 2855 663 2900 causas
705 2842 757 2897 in
799 2851 849 2897 te
880 2840 1195 2912 complexus
1238 2843 1327 2898 es!
1368 2857 1419 2909 ο,
1472 2842 1629 2914 cujus
1662 2858 1767 2914 ope
1802 2844 2042 2902 redarsit

467 2942 680 2989 natura
726 2934 998 2990 scintilla!
1036 2949 1070 2990 ο
1099 2935 1298 2992 diluvio
1344 2936 1664 2992 violentior!
1697 2950 1730 2992 ο
1768 2936 2041 2993 ﬁdei'cu-

468 3036 585 3084 stos
612 3026 913 3082 tutissime!
952 3036 1007 3081 tu
1041 3028 1184 3083 enim
1219 3028 1479 3084 inundata
1524 3029 1840 3085 continente
1891 3030 2042 3101 pela-

466 3134 568 3192 gus
599 3119 743 3177 illius
771 3120 943 3176 vicem
971 3120 1142 3176 fecisti
1172 3121 1485 3187 habitabile,
1531 3124 1835 3189 repressisti
1865 3124 2040 3179 sacri-

466 3211 593 3269 ﬁcio
642 3211 865 3268 alterius
908 3212 1094 3267 diluvii
1126 3224 1428 3279 terrorem;
1467 3226 1521 3269 tu
1559 3216 1809 3285 recepisti
1843 3231 1872 3270 a
1926 3216 2036 3272 Deo

464 3304 775 3360 securitatis
816 3302 1007 3360 futura
1045 3306 1293 3375 pignora,
1331 3319 1359 3359 a
1386 3306 1814 3375 perniciabilium
1858 3323 2037 3363 rerum

464 3394 875 3463 exspectatione
900 3403 1206 3449 creaturam
1236 3396 1522 3451 vindicasti
1554 3406 1631 3461 et.
1663 3408 1720 3453 ut
1742 3398 1854 3455 Deo
1886 3400 2036 3454 cordi

464 3484 538 3539 sit
569 3483 783 3555 religio,
817 3486 1140 3555 patefecisti,
1171 3486 1315 3543 fuisti
1347 3490 1486 3558 apud
1520 3488 1688 3545 Deum
1736 3492 1941 3561 majore
1985 3491 2037 3546 in

465 3575 665 3647 pretio,
714 3576 875 3649 idque
922 3578 1045 3634 ﬁdei
1096 3580 1314 3635 merito.
1367 3579 1412 3635 0
1466 3580 1682 3637 virtutis
1738 3582 2032 3653 magister!

464 3683 501 3724 ο
531 3670 623 3739 qui
650 3670 896 3727 homines
922 3671 1207 3739 edocuisti,
1232 3674 1431 3743 quibus
1455 3674 1669 3732 Numen
1694 3676 1993 3732 honoratur
2020 3692 2034 3730 :

464 3760 551 3819 cui
576 3761 749 3834 gloria
783 3762 1136 3836 sempiterna.
1168 3765 1363 3822 Amen.

1055 4041 1315 4101 ORATIO
1352 4043 1440 4101 νι.

922 4157 1177 4229 Ejusdem
1204 4157 1259 4212 in
1293 4155 1345 4211 Ν
1349 4172 1576 4212 centum.

534 4272 592 4332 1.
634 4272 823 4345 Neque
845 4282 1042 4330 vestra:
1067 4273 1359 4329 audientiae
1382 4272 1688 4328 divinorum
1724 4287 2039 4330 sermonum

464 4366 795 4424 desiderium
847 4366 900 4422 in
952 4368 1120 4425 Deum
1169 4380 1499 4436 propensum
1546 4364 1761 4431 defuit,
1816 4381 2033 4437 neque,

463 4473 627 4530 quem
667 4468 855 4515 nostra
892 4458 1181 4514 verborum
1215 4468 1430 4527 egestas
1476 4466 1651 4522 creat,
1699 4466 1877 4514 metus
1936 4460 2038 4514 im-

2142 2008 2341 2064 δάλιον.
2384 2007 2534 2061 Ἐκεῖ
2578 2004 2671 2058 τὸν
2705 2002 2875 2074 Ἀδὰμ
2917 2002 3244 2073 παραϐάτην
3299 2001 3611 2054 ἐδίδασκενο
3644 2000 3729 2052 ὲν-

2140 2100 2319 2156 ταῦθα
2346 2097 2594 2171 πρόσφυξ
2621 2095 2698 2168 τῷ
2722 2095 2844 2149 Νῶε
2872 2094 3254 2167 προσέρχεται.
3274 2089 3346 2147 Ὠ
3374 2094 3604 2164 πρόγονε
3632 2091 3728 2147 τοῦ

2142 2192 2369 2260 γένους,
2410 2187 2504 2243 τοῦ
2540 2186 2711 2257 Ἀδὰμ
2748 2183 3073 2256 τιμιώτερεί
3107 2178 3154 2238 ὦ
3187 2185 3286 2255 τῆς
3322 2185 3471 2248 θείας
3520 2184 3729 2247 είκόνος

2145 2282 2459 2355 βεϐαιότερε
2494 2279 2699 2349 φύλαξί
2732 2271 2777 2331 ὦ
2810 2277 2963 2341 τέλος
2990 2276 3125 2347 όμοῦ
3158 2278 3253 2331 καὶ
3282 2277 3425 2348 ἀρχὴ
3460 2279 3525 2347 τῇ
3564 2276 3728 2344 φύσει

2142 2374 2465 2445 γενόμενοςί
2491 2366 2536 2425 ὧ
2566 2370 2817 2443 μεθόριον
2842 2367 3047 2437 ἀγαθὸν
3072 2366 3524 2440 ἀνθρωπότητοςί
3558 2360 3603 2420 ὢ
3627 2366 3729 2436 τῆς

2142 2467 2293 2530 θείας
2325 2464 2661 2535 ἀγαθότητος
2689 2461 2966 2532 ἐγγυητὴς
2994 2460 3183 2529 φανεὶς
3210 2459 3646 2530 ἀσφαλέστεροςί
3680 2452 3727 2511 ὦ

2143 2559 2350 2631 στήσας
2378 2554 2624 2627 κατάραν
2652 2554 2792 2607 κατά
2818 2552 2915 2607 τοῦ
2955 2552 3149 2622 γένους
3187 2549 3512 2604 ὁδεύουσανί
3550 2543 3595 2602 ὦ
3629 2549 3729 2602 πέ-

2147 2669 2245 2724 ρας
2279 2648 2553 2711 ἀσεϐείας,
2594 2646 2691 2700 καὶ
2719 2645 2844 2717 ῥίζα
2870 2645 3161 2716 γενόμενος
3207 2643 3472 2707 πίστεωςί
3507 2636 3552 2696 ὣ
3602 2643 3730 2706 τοὺς

2141 2743 2240 2813 τῆς
2286 2740 2491 2803 εἰκόνος
2548 2738 2903 2811 χαρακτῆρας
2965 2735 3367 2804 ἀπαλειφέντας
3420 2733 3725 2789 ἀνακτισά-

2146 2835 2301 2909 μενεί
2326 2827 2370 2887 ὦ
2401 2832 2501 2903 τῆς
2524 2830 2616 2887 τοῦ
2643 2829 2777 2884 Θεοῦ
2802 2827 3167 2901 δημιουργίας
3192 2828 3440 2898 τηρήσας
3464 2824 3536 2880 τά
3560 2824 3728 2895 σπέρ-

2147 2927 2322 2999 ματαί
2352 2918 2396 2978 ὦ
2424 2923 2525 2987 τάς
2554 2921 2808 2995 ἀφορμὰς
2836 2921 2933 2992 τῆς
2978 2920 3195 2991 φύσεως
3233 2921 3291 2973 ὲν
3326 2917 3504 2989 σαυτῷ
3549 2934 3724 2972 κατα⁹

2147 3018 2324 3089 σχώνί
2357 3011 2403 3070 ὧ
2432 3014 2789 3086 σϐεννύμενον
2818 3012 3031 3082 ἀνάψας
3060 3011 3151 3065 τὸν
3199 3010 3470 3082 σπινθῆρα
3496 3011 3595 3081 τῆς
3624 3008 3726 3079 φύς

2148 3111 2322 3174 σεωςί
2368 3103 2413 3162 ὦ
2457 3106 2847 3178 κατακλυσμοῦ
2905 3104 3211 3176 βιαιότερεί
3249 3097 3293 3158 ὦ
3342 3103 3582 3167 πίστεως
3632 3102 3724 3174 βε-

2149 3203 2396 3257 ϐαιότατε
2419 3201 2593 3273 φύλαξ
2613 3218 2627 3233 ·
2659 3200 2723 3254 σὺ
2751 3199 2859 3271 γὰρ
2881 3197 3355 3267 κατακλυτθείσης
3384 3196 3638 3267 ἠπείρου,
3663 3196 3725 3250 τὸ

2145 3293 2383 3363 πέλαγος
2413 3293 2490 3356 ὡς
2521 3292 2748 3364 ἤπειρον
2792 3289 3010 3353 ἔκτισας
3041 3289 3178 3360 (8!),
3225 3288 3460 3360 ἕστησας
3491 3285 3583 3341 διὰ
3626 3285 3723 3339 θυ-

2144 3386 2266 3439 σίαν
2295 3384 2682 3456 κατακλυσμοῦ
2714 3383 2968 3456 δευτέρου
3008 3383 3101 3436 τδν
3135 3381 3321 3452 φόϐον,
3365 3379 3531 3446 ἐδέξω
3562 3379 3719 3451 παρά

2140 3477 2276 3532 Θεοῦ
2302 3478 2402 3547 τῆς
2439 3476 2665 3548 ὕστερον
2697 3474 2997 3545 ἀσφαλείας
3030 3475 3284 3545 ἐνέχυρα,
3319 3472 3563 3543 ἔφθασας
3602 3469 3725 3540 (p06—

2141 3568 2364 3641 ροποιοῦ
2392 3567 2724 3641 προσδοκίας
2745 3566 2844 3638 τὴν
2872 3566 3069 3632 κτίσιν,
3097 3563 3302 3630 ἔδειξας
3326 3563 3459 3617 Θεὸν
3487 3562 3725 3635 ἐραστὴν

2139 3660 2441 3725 εὐσεϐείας,
2484 3659 2690 3729 ἐφάνης
2730 3657 2851 3728 Θεῷ
2891 3657 2979 3711 διά
3008 3656 3242 3719 πίστεως
3285 3654 3627 3726 τιμιώτερος.
3652 3653 3727 3709 Ὦ

2140 3746 2436 3816 παιδευτὴς
2474 3744 2681 3817 ἀρετῆς
2727 3747 2839 3808 τοῖς
2882 3743 3191 3816 ἀνθρώποις
3224 3743 3518 3815 γενόμενει
3550 3738 3596 3797 ὦ
3643 3743 3724 3797 δι-

2139 3838 2304 3903 δάξας
2343 3836 2666 3910 ἀνθρώπους
2694 3836 2866 3900 ποίοις
2895 3838 2955 3889 τὸ
2978 3837 3133 3891 Θεῖον
3159 3835 3464 3902 δοξάζεται.
3496 3834 3656 3909 Αὐτῷ
3686 3836 3723 3909 ἡ

2139 3929 2264 3995 δόξα
2290 3930 2369 3995 είς
2396 3930 2522 3994 τοὺς
2551 3928 2775 3994 αίῶνας.
2814 3928 3008 4000 Ἀμήν.

2741 4042 2961 4097 ΛΟΓΟΣ
2991 4045 3085 4113 ς’.

2448 4157 2560 4214 Τοῦ
2593 4156 2779 4213 αὐτοῦ
2807 4158 2896 4225 εις
2922 4157 3028 4213 τὸν
3051 4156 3242 4213 αὐτὸν
3271 4156 3421 4214 Νῶε.

2210 4278 2277 4327 α’.
2320 4270 2461 4325 Οΰτε
2490 4270 2590 4342 τὴν
2618 4268 2887 4341 ὑμετέραν
2917 4270 3110 4342 ἀκοὴν,
3134 4271 3163 4325 ό
3192 4270 3300 4325 τῶν
3335 4267 3495 4324 θείων
3526 4267 3724 4337 λογίων

2140 4362 2388 4435 φιλόθεος
2417 4361 2759 4417 ἐπιλέλοιπεν
2791 4360 2950 4433 ἔρως,
2976 4361 3099 4416 οὔτε
3129 4362 3227 4433 τῆς
3256 4360 3533 4434 ἡμετέρας
3559 4363 3618 4415 ὲν
3642 4361 3723 4414 λό·

2140 4473 2257 4527 γοις
2293 4454 2481 4519 πενίας
2503 4456 2533 4510 6
2565 4454 2730 4525 φόϐος
2756 4454 3086 4525 ἠλάττωται.
3130 4453 3270 4507 Ἀλλ’
3291 4454 3450 4525 ὑμεῖς
3492 4452 3592 4522 μὲν
3624 4453 3722 4506 αύ-

464 4548 710 4605 minutus
753 4557 856 4604 est.
903 4545 1059 4604 Licet
1108 4558 1290 4603 autem
1329 4562 1423 4603 vos
1460 4562 1526 4602 ex
1569 4562 1630 4602 ea
1674 4562 1733 4603 re
1778 4548 2034 4604 virtutem

2141 4549 2295 4603 τόθεν
2317 4548 2415 4618 τὴν
2443 4547 2545 4618 τῆς
2575 4546 3074 4618 ταπεινοφροσύνης
3106 4546 3307 4619 ἀρετὴν
3349 4543 3720 4611 ἐπεδείξασθε,

461 4641 785 4696 humilitatis
808 4640 1246 4704 demonstrastis,
1270 4638 1414 4710 quod
1436 4639 1724 4693 verborum
1744 4653 2033 4708 pauperem

2141 4640 2202 4693 τὸ
2244 4638 2336 4692 τοῦ
2368 4612 2528 4707 λόγου
2574 4639 2790 4707 πτωχὸν
2813 4612 3418 4709 ῄάγαπήσαντεςονήμῖν
3444 4636 3503 4691 δὲ
3535 4634 3720 4690 πλεῖον

462 4730 789 4787 desideretis
821 4730 1020 4787 :nobis
1054 4738 1237 4784 tamen
1287 4737 1608 4799 argumenta
1649 4744 1755 4783 non
1805 4730 2036 4799 amplius

461 4820 707 4878 suﬂicere
738 4832 945 4894 queunt
990 4822 1185 4878 divinae
1229 4832 1425 4878 vestra:
1455 4822 1799 4893 appetentis.
1846 4823 1914 4877 At
1942 4823 2033 4893 qui

460 4913 705 4985 quinque
735 4913 967 4982 panibus
1000 4916 1222 4971 totidem
1255 4917 1404 4987 pavit
1431 4915 1710 4971 hominum
1756 4914 1948 4979 millia,
1978 4922 2034 4967 et

462 5000 850 5072 discipulorum
901 5013 1274 5074 paupertatem
1319 5004 1509 5075 gratiae
1559 5004 1763 5061 divitiis
1818 5004 2029 5069 erexit,

461 5091 552 5149 ille
582 5102 639 5150 et
672 5094 824 5151 vobis
855 5109 952 5161 per
986 5111 1084 5152 nos
1123 5096 1387 5153 doctrina:
1415 5110 1664 5156 mensam
1708 5095 2025 5170 explicabit.

550 5255 595 5287 “
618 5254 755 5312 Gen.
785 5270 882 5322 vit,
910 5255 998 5312 18.

2142 4731 2193 4783 οἱ
2220 4728 2429 4799 ἔλεγχοι
2455 4728 2592 4800 πρὸς
2612 4727 2794 4782 ἔνθεον
2812 4729 2992 4802 ὄρεξιν
3015 4731 3279 4797 ἐπαρκεῖν
3298 4729 3400 4784 οὐκ
3426 4726 3719 4797 ίσχύουσιν.

2156 4820 2294 4874 Ἀλλ’
2316 4821 2345 4873 ὁ
2374 4819 2535 4875 πέντε
2576 4820 2761 4893 ἄρτοις
2787 4822 3256 4893 πεντακισχιλίους
3295 4820 3586 4894 χορτάσας,
3623 4818 3721 4872 καὶ

2139 4912 2240 4984 τὴν
2276 4912 2383 4979 τῶν
2418 4911 2675 4985 μαθητῶν
2719 4912 2911 4967 πενίαν
2956 4913 3036 4982 τῷ
3086 4911 3305 4985 πλούτῳ
3347 4913 3447 4985 τῆς
3498 4912 3720 4984 χάριτος

2137 5004 2587 5076 διορθωσάμενος,
2613 5003 2775 5068 αὐτὸς
2798 5004 2893 5059 καὶ
2918 5006 3047 5076 ὑμῖν
3073 5006 3139 5061 δι’
3164 5005 3321 5078 ⁴ἡμῶν
3349 5003 3589 5060 ἀπλὼσει
3616 5003 3719 5073 τῆς

2135 5096 2481 5161 διδασκαλίας
2507 5095 2607 5169 τὴν
2632 5097 2929 5170 τράπεζαν.
2962 5097 3158 5170 Πρὼην
3190 5098 3290 5170 μὲν
3331 5094 3425 5153 οὖν
3454 5096 3584 5168 ύμῖν
3617 5096 3718 5167 τὴν

1675 5412 1785 5472 CL.
1818 5411 2191 5482 DAUSQUEII
2236 5412 2469 5470 NOTJE.

533 5564 642 5635 (80)
678 5565 850 5647 ⁸Ἐκεῖ
901 5564 1019 5635 μὲν
1060 5569 1170 5647 γὰρ
1207 5569 1365 5647 Αὸφις
1412 5570 1772 5647 (ξυνέπλεεν.
1811 5572 2027 5647 Defecta

2141 5573 2270 5647 ριὶίὶΔ
2296 5582 2453 5627 terra:
2500 5574 2786 5627 secundum
2825 5589 2985 5644 genus
3016 5588 3208 5637 suam;
3236 5574 3397 5641 male,
3429 5576 3519 5647 qui
3555 5575 3715 5632 aliter

459 5637 764 5709 sententia;
812 5651 946 5709 nam
964 5637 1084 5692 cum
1113 5637 1334 5694 dixisset
1368 5659 1381 5695 :
1416 5640 1501 5695 Ibi
1528 5658 1737 5709 serpens
1778 5645 2023 5698 connavi-

459 5705 613 5780 gebat
638 5722 657 5780 ξ
687 5709 859 5780 tleest,
901 5707 1001 5760 Hic
1033 5713 1253 5777 arrepsit
1287 5713 1340 5764 in
1372 5705 1889 5780 fraudem'hominis,
1931 5724 2027 5769 aut

2134 5644 2394 5698 sentiunt.

2204 5712 2317 5783 (81)
2361 5712 2435 5766 Τὸ
2465 5710 2728 5784 πέλαγος
2763 5714 2845 5780 ὡς
2885 5714 3135 5784 ἤπειρον
3163 5714 3427 5781 ἔκτισας.
3455 5716 3714 5781 Ἔκτισας

458 5778 586 5853 quid
612 5778 806 5853 simile.
828 5782 916 5853 ‘An
945 5793 1322 5853 _er_go_serpen§
1357 5778 1409 5835 in
1434 5783 1709 5853 ιιι-σιλλιιί
1760 5783 2021 5838 Noemum
2131 5778 2409 5853 proiecisti
2436 5778 2748 5847 habitabile;
2778 5778 2921 5840 utab
2944 5778 3129 5843 eodem
3154 5785 3319 5842 verbo
3340 5778 3491 5842 duxit
3513 5778 3712 5844 ﬂente-1

460 5844 704 5919 perfugio
735 5844 1036 5920 petiverit?
1062 5844 1247 5908 Planc.
1279 5850 1411 5908 Gen.
1440 5867 1493 5907 v1
1533 5844 1651 5907 :Ei
1675 5868 1739 5906 ea:
1769 5856 1907 5907 oumi
1942 5871 2022 5909 re-

2126 5869 2238 5923 rus,
2272 5853 2557 5908 ὲΰκτιστον
2584 5853 2916 5929 πτολίεθρον.
