4102 6548
620 392 695 457 g5
1818 383 2095 444 BASILII
2132 383 2674 446 SELEUCIENSIS
3799 384 3864 448 96

620 501 730 571 35
753 505 988 568 septena,
1020 497 1085 552 de
1131 497 1413 551 immundis
1463 509 1578 549 vero
1630 493 1750 544 bina
1804 503 1854 546 et
1895 493 2016 546 bina
2072 507 2189 547 ser-

2296 492 2414 546 ἀπὸ
2446 493 2514 545 δὲ
2533 492 2653 546 τῶν
2671 492 2758 560 μὴ
2794 491 3085 558 καθαρῶν,
3110 491 3221 546 δύο
3244 491 3355 545 δυο
3381 489 3674 560 φυλάττειν
3707 491 3862 562 am.

624 607 751 646 vare
797 601 1040 645 coactus.
1105 591 1186 644 Ad
1244 603 1404 656 quam
1465 585 1821 652 quaestionem
1869 586 1996 640 illud
2052 599 2187 655 quo-

622 699 729 754 que
765 698 1035 738 annexum
1073 692 1175 735 est.
1229 677 1513 744 Quomodo
1548 678 1739 732 unicus
1792 678 1954 732 homo
1995 686 2072 732 tot
2108 691 2192 730 ve-

625 787 786 829 nator
838 771 1197 827 animantium
1227 765 1557 831 'exstiterit,
1617 768 1921 822 volucrium
1969 782 2088 835 qua:
2140 767 2192 819 in

630 866 793 927 coelo,
820 862 1062 918 omnium
1093 873 1214 928 qua:
1245 867 1387 914 terra
1426 861 1734 913 conduntur
1788 859 2145 913 animantium
2176 896 2191 919 ,

633 953 1005 1015 terrestrium,
1041 951 1290 1022 inquam.
1335 961 1391 1005 et
1438 949 1737 1004 volucrium
1781 964 2012 1019 quorum
2070 964 2194 1004 sex-

627 1053 802 1098 centa:
829 1043 1040 1113 species
1068 1084 1084 1108 ,
1120 1041 1392 1107 cicurum,
1422 1041 1660 1096 ferarum
1687 1081 1702 1105 ,
1738 1056 1857 1109 qua:
1886 1040 2086 1110 partim
2115 1055 2197 1095 ce-

621 1135 934 1199 leritudine,
968 1134 1164 1203 partim
1197 1134 1410 1197 robore,
1455 1134 1650 1202 partim
1704 1134 1884 1188 volam
1939 1144 2196 1187 venantes

621 1225 926 1295 eﬂ‘ugiunt?
973 1223 1180 1288 Verum
1218 1239 1323 1278 non
1371 1225 1474 1278 hoc
1523 1225 1742 1278 mandat
1793 1223 1962 1287 Deus,
2007 1224 2104 1278 sed
2140 1224 2193 1278 in

625 1329 870 1387 apertam
913 1333 1098 1372 arcam
1148 1316 1301 1386 jubet
1351 1313 1544 1385 recipi,
1584 1330 1705 1385 qua:
1745 1331 1812 1371 eo
1849 1315 2190 1385 confugiunt.

629 1413 878 1464 Al‘t'aﬂlls
910 1409 1128 1478 quidam
1155 1415 1272 1461 erat
1307 1407 1562 1475 impetus,
1589 1416 1644 1460 et
1688 1406 1900 1477 signum
1929 1407 2193 1469 divinum,

622 1517 829 1570 sumque
881 1510 1074 1569 sponte
1128 1499 1432 1552 animantes
1471 1499 1914 1554 concurrebant:
1959 1497 2196 1565 Noemus

624 1608 754 1644 vero
781 1591 1110 1646 constitutus
1145 1599 1286 1654 erat,
1319 1588 1412 1658 qui
1445 1598 1796 1644 accurrentes
1824 1588 2062 1656 hospitio
2094 1603 2191 1642 ex-

621 1684 848 1753 ciperet.
889 1680 1280 1738 Accedentium
1327 1692 1508 1737 autem
1545 1681 1820 1736 notionem
1865 1696 1929 1735 cx
1967 1689 2190 1750 aspectu

623 1775 831 1830 habuit.
863 1775 992 1840 Quae
1037 1789 1097 1830 se
1134 1775 1260 1828 bina
1315 1773 1537 1828 adirent
1581 1772 1876 1827 immundis
1926 1759 2194 1827 a'nuume-

2297 586 2613 654 καζὸμενος.
2649 584 2986 638 Συνάπτεται
3023 585 3082 639 δὲ
3112 584 3288 656 τούτῳ
3337 585 3434 638 καὶ
3485 584 3675 654 ἕτερον
3701 601 3718 616 ο
3751 587 3868 652 Πῶς

2296 676 2580 746 ἄνθρωπος
2608 672 2688 741 εἷς
2719 677 2990 748 θηρευτὴς
3019 677 3126 730 τῶν
3155 676 3414 730 τοιούτων
3441 675 3595 741 ζώων
3625 676 3866 744 ὲγίνετος

2295 770 2404 822 τῶν
2432 772 2489 822 ὲν
2527 770 2648 841 ἀέρι
2687 769 2929 842 πτηνῶν,
2969 769 3080 823 τῶν
3115 769 3211 823 ἐπὶ
3239 770 3345 838 γῆς
3379 771 3773 841 κρυπτομένων
3795 772 3867 841 (8)

2296 861 2450 925 ζώων
2482 863 2765 926 ἁπάντωνς
2799 863 3092 934 χερσαίων,
3125 862 3365 934 πτηνῶν,
3390 857 3464 916 ὧν
3487 862 3628 934 μέρη
3664 864 3866 934 μυρίας

2295 953 2538 1025 ἡμέρων,
2571 953 2813 1024 άγρίωνς
2844 954 2914 1007 τά
2949 953 3049 1024 μὲν
3081 954 3270 1024 τάχει,
3305 953 3375 1006 τὰ
3413 953 3470 1006 δὲ
3499 953 3769 1023 δυνάμει,
3802 955 3871 1008 τὰ

2293 1046 2350 1100 δὲ
2380 1047 2575 1116 πτήσει
2606 1045 2885 1115 διαφεύγει
2915 1044 3014 1117 τὴν
3039 1047 3245 1118 θήραν;
3282 1045 3420 1099 Ἀλλ’
3441 1046 3504 1099 οὐ
3529 1044 3685 1099 τοῦτο
3705 1063 3868 1115 προσ-

2295 1136 2481 1190 τάττει
2526 1135 2555 1188 ὁ
2618 1134 2790 1202 Θεὸς,
2845 1135 2962 1189 ἀλλ’
3003 1135 3422 1189 άναπετάσαντα
3473 1136 3574 1206 τὴν
3621 1135 3868 1200 κιϐωτὸν,

2297 1225 2654 1296 ὑποδέχεσθαι
2667 1227 2737 1280 τά
2761 1225 3178 1297 προσφεύγοντα
3200 1226 3654 1298 παρακελεύεται.
3689 1229 3872 1300 ’Λπόρσ

2301 1321 2464 1389 ρητος
2495 1318 2604 1388 γὰρ
2633 1317 2829 1388 ὲπῆξις
2858 1318 2935 1386 (9)
2968 1317 3064 1371 καὶ
3109 1317 3362 1388 σύνθημα
3402 1318 3545 1370 θεῖον
3565 1361 3578 1383 ,
3613 1319 3708 1371 καὶ
3753 1319 3872 1387 δρός

2300 1426 2398 1480 μος
2437 1409 2653 1477 ἐγένετο
2680 1408 2836 1473 ζώων
2860 1408 3212 1478 αὐτόκλητος.
3252 1409 3376 1462 Νῶε
3411 1409 3468 1461 δὲ
3499 1409 3690 1462 ἵστατο
3726 1409 3872 1474 ξενο-

2295 1499 2467 1569 δοχῶν
2508 1499 2576 1552 τά
2624 1499 3053 1570 προστρέχοντα.
3099 1495 3227 1570 Εἶχε
3265 1499 3323 1552 δὲ
3381 1499 3490 1553 τῶν
3540 1499 3874 1572 προσιόντων

2296 1592 2394 1664 τὴν
2423 1591 2624 1660 γνῶσιν
2657 1591 2910 1662 καθάπερ
2943 1590 3109 1662 ἑώρα.
3137 1590 3242 1644 Δύο
3275 1592 3374 1661 μὲν
3403 1590 3539 1662 πρὸς
3569 1592 3736 1644 αὑτὸν
3772 1610 3874 1661 χω-

2300 1683 2520 1755 ροῦντα,
2571 1685 2688 1746 τοῖς
2745 1682 3076 1753 ἀκαθάρτοις
3109 1681 3557 1754 προσελογίζετοο
3611 1683 3755 1736 ἑπτά
3820 1685 3874 1736 δὲ

2301 1777 2586 1848 βαδίζοντα
2620 1775 2854 1845 βλέπων,
2891 1774 3131 1844 καθαρὸν
3173 1771 3315 1828 εἶναι
3348 1774 3653 1843 κατάλογον
3699 1775 3876 1828 ἐδιδά-

624 1866 789 1919 renda
841 1865 1134 1920 censebat?
1191 1881 1311 1933 qua:
1373 1879 1499 1918 vero
1543 1872 1764 1932 septena
1821 1862 2038 1916 videbat
2092 1862 2189 1928 ire,

2302 1839 2485 1921 σκετο.
2514 1839 2711 1937 Καὶ-ἦν
2736 1867 2986 1938 ἄγραφος
3012 1839 3169 1928 ζιῦων
3196 1866 3492 1936 διάκρισις,
3529 1839 3875 1937 μετρουμένη

620 1973 836 2025 gregem
864 1972 985 2012 esse
1017 1957 1275 2010 nmndum
1306 1957 1659 2025 intelligeliat.
1693 1952 1802 2008 Nec
1833 1955 2191 2008 animantium

619 2047 949 2111 discrimen,
987 2047 1134 2117 quod
1175 2046 1504 2100 metiebatur
1549 2045 1775 2107 oculus,
1805 2046 2193 2111 scribebatur;

620 2140 715 2208 qui
749 2156 814 2193 ex
854 2154 1081 2193 numero
1112 2139 1224 2193 visa
1260 2138 1606 2194 condiscebat
1633 2140 1876 2191 doctrina
1909 2139 2056 2191 vocis
2090 2155 2194 2190 non

618 2233 831 2300 egebat.
856 2228 968 2284 lluc
986 2229 1272 2284 declarans
1289 2231 1467 2284 aiebat
1494 2229 1634 2284 Deus
1658 2249 1670 2283 :
1697 2229 1922 2282 luduces
1940 2240 2106 2283 tecum
2126 2229 2193 2286 ‘°.

621 2322 734 2377 lloc
753 2332 870 2384 est,
906 2339 1010 2374 nun
1043 2321 1360 2386 venaberis,
1396 2337 1500 2374 non
1549 2330 1600 2376 te
1632 2321 1932 2390 fatigabis;
1980 2321 2196 2390 suscipe

617 2415 1005 2484 conl'ugientia,
1039 2428 1137 2468 nec
1169 2412 1504 2482 aufugientia
1542 2428 1869 2484 persequere
1909 2430 1922 2464 :
1957 2428 2081 2466 nam
2125 2413 2194 2467 ad

622 2517 672 2560 te
719 2507 912 2560 ducam
953 2504 1234 2569 animalia,
1282 2513 1340 2558 ut
1386 2505 1513 2559 olim
1549 2508 1615 2560 ad
1657 2505 2078 2575 protoplastum.
2113 2507 2192 2561 'l'u

619 2614 748 2652 vero
783 2615 877 2666 pro
917 2599 1167 2664 paradiso
1198 2598 1302 2653 illis
1329 2613 1512 2652 arcam
1551 2600 1743 2666 pande.
1784 2599 1913 2654 Esto
1957 2601 2194 2656 honora-

619 2686 727 2737 tior
770 2684 1128 2739 animantium
1167 2686 1440 2750 dominus,
1477 2702 1638 2753 quam
1686 2689 1926 2743 Adamus
1975 2707 1989 2744 :
2047 2689 2196 2746 dedit

619 2779 711 2832 i'lle
746 2796 966 2842 nomen,
1010 2789 1064 2834 tu
1113 2781 1342 2837 salutem
1391 2783 1598 2838 confer.
1633 2783 1744 2838 Cur
1787 2801 1918 2855 ergo
1969 2787 2190 2841 tandem

619 2871 1026 2926 immundurum
1062 2889 1346 2929 numerum
1399 2876 1714 2940 contrahit,
1760 2877 1994 2946 binaque
2035 2879 2192 2949 jubet

618 2963 837 3020 induci?
864 2965 997 3032 Cur,
1025 2982 1148 3022 eum
1191 2969 1398 3024 servari
1435 2984 1610 3039 genus
1637 2972 2002 3040 pra‘ccpissct,
2031 2989 2192 3025 mun-

619 3057 812 3112 dorum
853 3076 1138 3115 numcrum
1184 3066 1249 3116 ad
1305 3064 1674 3132 septenarium
1713 3080 1884 3134 usque
1932 3065 2191 3133 profert?

618 3147 752 3202 Nam
786 3149 829 3202 si
867 3159 1071 3204 naturae
1112 3151 1349 3220 reliquas
1382 3165 1449 3206 ex
1479 3167 1634 3220 teque
1658 3153 1866 3206 servari
1903 3152 2035 3216 vult,
2088 3168 2189 3207 cur
2217 3175 2264 3238 ο

617 3254 727 3290 non
762 3238 1080 3306 :equahilem
1111 3241 1322 3296 numeri
1352 3242 1569 3296 modum
1604 3252 1784 3296 servat
1815 3242 1867 3296 in
1901 3243 2185 3312 utrisque?

616 3325 676 3380 Et
714 3326 954 3396 profecto
995 3343 1202 3382 summa
1234 3345 1354 3385 cum
1399 3332 1684 3400 sapientia.
1753 3331 1994 3399 Quorum
2041 3337 2188 3391 enim

617 3416 952 3484 frequentior
978 3423 1118 3490 apud
1155 3422 1399 3476 homines
1450 3439 1578 3477 usus
1633 3424 1954 3480 absumente
1979 3427 2191 3482 sacrili-

613 3510 725 3575 cio,
754 3527 850 3566 esu
889 3513 1222 3581 destruente,
1249 3530 1435 3568 eorum
1479 3515 1765 3586 benignior
1806 3532 1834 3572 a
1870 3527 2062 3572 natura
2092 3534 2189 3574 co-

613 3602 702 3668 pia
730 3617 854 3657 esse
882 3603 1086 3658 debuit.
1139 3604 1238 3660 Ubi
1273 3621 1404 3660 vero
1433 3608 1574 3676 quod
1608 3607 1881 3662 residuum
1921 3620 2060 3675 erat,
2091 3625 2191 3681 per

704 3693 768 3745 ad
798 3695 1092 3751 creationis
1145 3697 1463 3752 memoriam
1510 3699 1648 3754 satis
1690 3709 1832 3765 erat,
1873 3699 1944 3755 ibi
2000 3717 2176 3772 neque

611 3798 838 3854 magnus
871 3802 1126 3843 numerus
1157 3789 1223 3842 ad
1260 3790 1439 3859 gentis
1479 3793 1952 3850 conservationem
1985 3811 2187 3852 conve-

613 3877 818 3929 niebat.
870 3873 1052 3931 Facile
1104 3890 1224 3931 erat
1272 3882 1402 3943 Deo,
1432 3884 1533 3936 etsi
1579 3895 2029 3941 conservatorum
2067 3889 2188 3942 ani-

613 3963 878 4016 tnantinm
907 3979 1094 4019 curam
1129 3968 1432 4039 abjecissvt,
1459 3973 1682 4040 implere
1711 3992 1900 4032 rursus
1933 3980 2186 4033 animan-

612 4053 758 4107 tilms
787 4056 1102 4111 universum
1137 4073 1152 4112 :
1186 4077 1307 4116 nam
1340 4080 1406 4118 eo
1453 4065 1707 4135 loquente
1739 4069 2005 4124 duntaxat
2029 4111 2046 4136 ,
2088 4073 2188 4127 ite-

614 4159 732 4200 rum
760 4147 964 4203 sobolis
989 4153 1417 4218 procreatricem
1450 4156 1524 4214 sit
1557 4157 1805 4218 invenire
1828 4173 2140 4219 creaturam
2167 4206 2184 4232 ,

681 4301 727 4334 “
751 4301 890 4359 Gen.
931 4321 1008 4373 vl,
1041 4307 1130 4364 l9.

2298 1960 2377 2030 τῷ
2413 1958 2702 2030 βλέμματι·
2737 1957 2839 2010 οὐκ
2866 1957 3047 2011 ἐδέετο
3081 1957 3265 2028 φωνῆς
3308 1955 3675 2029 διδασκούσης
3697 1995 3712 2021 ,
3757 1958 3877 2031 άρι-

2299 2053 2434 2122 θμὺν
2463 2053 2601 2122 ἔχων
2627 2048 2738 2105 τῶν
2765 2049 3063 2121 ὁρωμένων
3109 2050 3454 2106 διδάσκαλον.
3503 2050 3674 2104 Τοῦτο
3703 2051 3878 2122 δηλῶν

2297 2147 2326 2197 ὁ
2355 2144 2484 2208 Θεὸς
2527 2143 2729 2211 ἔλεγεν·
2763 2141 3047 2207 Εἱσάξεις
3083 2141 3240 2210 παρὰ
3268 2139 3504 2206 σεαυτῷ
3537 2141 3651 2212 (l0)
3673 2155 3690 2170 '
3719 2159 3878 2195 τουτ-

2298 2236 2464 2300 έστιν,
2501 2235 2576 2288 Οὐ
2625 2233 2934 2305 θηρεύσεις,
2969 2235 3030 2288 οὐ
3058 2233 3378 2297 κοπιάσεις’
3409 2233 3673 2305 ὑποδέχου
3710 2251 3882 2305 προσ-

2298 2327 2590 2396 φεύγοντα,
2629 2327 2702 2396 μὴ
2736 2325 2934 2398 θήρευε
2985 2323 3280 2394 φεύγοντα.
3317 2323 3465 2388 ’Δξω
3491 2325 3600 2396 γὰρ
3651 2324 3792 2395 πρὸς
3820 2323 3880 2377 σὲ

2297 2419 2364 2472 τὰ
2391 2419 2526 2484 ζῶα,
2553 2418 2808 2490 καθάπερ
2845 2417 2923 2488 τῷ
2955 2417 3368 2489 πρωτοπλάστῳ
3396 2418 3456 2471 τὸ
3487 2418 3776 2489 πρότερονο
3816 2418 3880 2471 σὺ

2295 2511 2353 2565 δὲ
2395 2511 2610 2574 αὐτοῖς,
2659 2511 2779 2564 ἀντὶ
2813 2508 2906 2563 τοῦ
2949 2509 3280 2580 παραδείσου
3323 2509 3424 2579 τὴν
3475 2507 3709 2562 κιϐωτὸν
3741 2508 3879 2561 ἀνσ-

2299 2606 2554 2658 πέτασον.
2601 2602 2762 2656 Γενοῦ
2791 2602 3059 2672 δεσπότης
3088 2601 3244 2666 ζώων
3287 2601 3383 2654 τοῦ
3427 2601 3598 2670 Ἀδάμ
3628 2599 3882 2670 τιμιώτε-

2297 2711 2412 2766 ρος.
2458 2693 2698 2754 Ἐκεῖνος
2731 2692 2900 2745 ἔδωκε
2931 2692 3029 2760 τὴν
3059 2691 3272 2762 κλῆσιν,
3301 2689 3365 2743 σὺ
3410 2689 3640 2762 χαρίζου
3673 2689 3734 2742 τὸ
3771 2689 3882 2742 σώ-

2296 2784 2505 2849 ζεσθαι.
2541 2784 2606 2836 Τί
2629 2784 2830 2854 δήποτε
2859 2778 2950 2836 οὖν
2977 2783 3084 2835 τῶν
3115 2782 3212 2852 μὲν
3245 2781 3574 2852 ἀκαθάρτων
3600 2780 3883 2835 συστέλλει

2293 2877 2385 2930 τὸν
2411 2875 2665 2946 ἀριθμὸν,
2689 2875 2792 2928 ἀνὰ
2822 2873 2916 2927 δύο
2937 2873 3200 2936 κελεύσας
3227 2872 3546 2942 εἰσάγεσθαι
3573 2889 3585 2902 ·
3615 2871 3882 2926 πλατύνει

2293 2969 2350 3023 δὲ
2382 2971 2472 3021 τὸν
2499 2968 2606 3022 τῶν
2634 2967 2911 3037 καθαρῶν,
2941 2965 3227 3035 ἐϐδομαῖον
3269 2966 3330 3019 τ’)
3364 2965 3520 3033 γένος
3563 2963 3879 3034 προστάξας

2297 3061 2667 3130 φυλάττεσθαι
2693 3059 2806 3131 (ll)
2831 3075 2846 3122 ;
2879 3059 2942 3111 Εἰ
2972 3059 3080 3129 γὰρ
3109 3058 3303 3128 ἐπίσης
3337 3057 3585 3127 βούλεται
3611 3055 3885 3122 σώζεσθαι

2295 3154 2363 3209 τὰ
2397 3154 2516 3224 ἴχνη
2541 3154 2639 3224 τῆς
2669 3152 2917 3223 φύσεως,
2945 3150 2998 3204 τί
3035 3150 3110 3222 μὴ
3143 3150 3238 3204 τοῦ
3269 3149 3504 3223 ἀριθμοῦ
3534 3151 3800 3219 φυλάττει
3826 3149 3887 3204 τὸ

2296 3244 2492 3318 μέτρον
2554 3245 2639 3313 ἐφ’
2689 3243 2964 3314 ἑκατέρων
3023 3242 3340 3314 ἱσόρῤοπον;
3396 3243 3489 3295 καὶ
3538 3242 3888 3296 πανυπανσό-

2295 3355 2410 3406 φως
2442 3334 2553 3407 (l2)
2576 3351 2590 3365 °
2624 3337 2758 3389 ὅπου
2779 3337 2890 3407 γὰρ
2908 3335 3108 3389 πλείων
3128 3338 3261 3406 παρ’
3276 3334 3584 3407 ἀνθρώποις
3606 3337 3639 3406 ἡ
3665 3335 3887 3406 χρῆσις,

2296 3428 2484 3492 θυσίας
2515 3428 2954 3499 ἀναλισκούσης,
2989 3426 3246 3498 βρώσεως
3281 3427 3728 3497 διαφθειρούσης,
3763 3429 3890 3482 ἐκεῖ

2296 3523 2393 3575 καὶ
2419 3521 2619 3576 πλείων
2645 3522 2679 3593 η
2701 3521 2926 3592 εὐθηνία
2949 3523 3049 3591 τῆς
3071 3521 3305 3589 φύσεως.
3332 3523 3503 3575 Ὅπου
3525 3520 3582 3573 δὲ
3607 3519 3888 3591 αὔταρκες

2295 3614 2355 3668 τὺ
2383 3613 2542 3687 μένον
2571 3616 2650 3679 εἰς
2680 3615 3042 3686 δημιουργίας
3090 3614 3394 3686 ὑπόμνημα
3418 3653 3433 3679 ,
3487 3614 3606 3666 ἐκεῖ
3643 3614 3736 3667 καὶ⁵
3787 3632 3886 3685 μι-

2297 3707 2427 3777 κρὸς
2471 3706 2703 3778 ἀριθμὸς
2737 3707 2874 3777 πρὸς
2923 3706 3172 3778 φυλακὴν
3215 3705 3310 3759 τοῦ
3349 3706 3541 3775 γένους
3587 3705 3878 3778 ἁρμόδιος.

2307 3799 2518 3870 Ῥᾴδιον
2560 3799 2756 3868 μενοῦν
2802 3795 2870 3870 ἦν
2898 3799 2976 3871 τῷ
3026 3799 3146 3871 Θεῷ
3179 3800 3274 3852 καὶ
3316 3799 3428 3853 τῶν
3462 3801 3888 3870 περισωθέντων

2293 3885 2448 3951 ζώων
2492 3891 2990 3960 περιφρονήσαντι,
3036 3889 3197 3942 πάλιν
3227 3888 3340 3960 (l3)
3395 3888 3687 3958 πληρῶσαι
3722 3888 3889 3952 ζώων

2290 3983 2361 4036 τὰ
2409 3982 2721 4053 σύμπαντα.
2755 3981 3137 4053 Φθεγξαμένου
3186 3982 3294 4053 γάρ
3333 3981 3496 4053 μόνον
3531 3981 3665 4034 Θεοῦ
3691 4022 3705 4047 ,
3743 4001 3886 4036 παι-

2296 4073 2512 4139 δοποιὸς
2551 4075 2715 4130 πάλιν
2761 4077 2795 4146 ἡ
2842 4076 3019 4139 κτίσις
3058 4075 3372 4146 ηὑρίσκετο’
3423 4075 3520 4128 κα)⁸
3553 4073 3652 4144 τὴν
3680 4074 3746 4127 ὲκ
3777 4071 3888 4129 τοῦ

2290 4166 2679 4239 κατακλυσμοῦ
2707 4167 2970 4240 διαφοράν
2999 4166 3108 4240 (14)
3141 4167 3394 4238 ἐνίκησεν
3421 4167 3490 4222 ἂν
3516 4167 3551 4238 ἡ
3583 4165 3680 4219 τοῦ
3712 4165 3887 4238 λόγου

1809 4458 1918 4518 CL.
1961 4460 2330 4531 DAUSQUEll
2371 4463 2601 4521 ΝΟΤιΕ.

683 4611 768 4692 (8).
928 4610 1026 4666 ἐπὶ
1052 4610 1167 4681 τῆς
1187 4615 1632 4692 κρυπτομένων.
1671 4616 1886 4692 Homini
1919 4621 2056 4676 bene
2079 4624 2176 4676 do-

2296 4622 2513 4676 Vernrum
2525 4663 2538 4676 .

604 4693 694 4739 clo
722 4683 1002 4740 videbatur
1049 4683 1452 4759 rescribendum
1496 4687 1871 4759 κυπτομένων,
1904 4707 2023 4759 qua:
2066 4701 2177 4746 ter-

604 4770 730 4824 rain
775 4762 1020 4824 spectant
1055 4767 1071 4805 :
1110 4768 1254 4816 nam,
1319 4755 1512 4824 inquit,
1571 4758 1625 4813 in
1672 4755 1830 4814 terra:
1875 4755 2175 4818 visceribus

602 4823 878 4895 lumbrici.
910 4832 1292 4895 et__serpentes,_
1323 4823 1411 4895 qui
1448 4843 1550 4880 non
1579 4841 1703 4884 sunt
1731 4831 1781 4883 in
1815 4846 1994 4884 arcam
2027 4847 2175 4886 rece-

600 4895 702 4962 νεὶ.
745 4892 923 4960 Longe
947 4893 1224 4948 dissentio.
1255 4892 1468 4948 Veritas
1496 4913 1522 4950 τι
1557 4915 1640 4953 ine
1669 4910 1774 4957 est.
1805 4898 1996 4956 Matth.
2029 4918 2124 4958 vm
2163 4922 2176 4957 :

613 4963 806 5033 l'ulpes
836 4964 1011 5032 foveas
1035 4963 1248 5020 habent.
1280 4965 1543 5021 Martialis
1570 4986 1584 5018 :

668 5076 970 5156 (gaudetiu
999 5079 1206 5156 effossis
1251 5081 1493 5156 habitare
1525 5086 1799 5142 cuniculus
1841 5089 2032 5156 antris,

677 5149 922 5203 Ostendit
946 5152 1138 5204 tacitas
1161 5150 1395 5206 hostibus
1426 5155 1514 5208 ille
1541 5156 1680 5210 vias.

607 5243 646 5319 ᾗ
678 5241 1073 5319 Strabonejih.
1099 5259 1158 5297 ιιι
1187 5255 1482 5319 narrantur
1514 5249 1782 5319 γεωρύχοι
1811 5249 2180 5318 λαγιδείς,οὒς

599 5313 735 5366 ἔνιοι
759 5311 1044 5392 λεὸηρὶδας
1068 5311 1586 5392 προσαγορεύουσίν.
1611 5311 1904 5392 Διεῇιιεειιιέ
1937 5311 2040 5377 soli
2058 5311 2180 5392 'fos;

597 5400 771 5460 sares,
810 5399 939 5460 quos
969 5385 1132 5454 aliqui
1165 5385 1424 5460 l_e_b_eridas
1469 5385 1757 5457 appellant.
1798 5393 1949 5460 Apud
1975 5385 2179 5449 Aristo-

605 5457 766 5509 telem
814 5455 950 5534 libro
981 5469 1142 5534 neno
1174 5454 1392 5534 _Il_is_tor._
1436 5454 1657 5534 animal.
1704 5477 1821 5534 cap.
1847 5454 1914 5528 ’6,
1949 5465 2057 5518 ursi
2094 5466 2178 5518 di-

600 5535 803 5579 cuntur
847 5524 1055 5593 φωλεοῦ
1085 5525 1342 5592 ἐξελθεῖν,
1375 5528 1600 5583 latibula
1639 5524 1805 5594 exire,
1859 5524 1982 5588 licet
2021 5548 2178 5590 antro

604 5597 807 5668 hieme
833 5599 1203 5650 tantummodo
1235 5595 1442 5668 Plinius
1470 5615 1562 5652 eos
1591 5604 1860 5668 adalliget.
1889 5603 2031 5658 Idem
2076 5605 2179 5659 Pli-

599 5668 729 5722 nius
759 5666 894 5720 libro
928 5680 1025 5746 vui
1048 5704 1064 5729 ,
1093 5681 1214 5746 cap.
1252 5667 1321 5722 38
1369 5668 1442 5721 De
1473 5671 1720 5746 ⁸ιτίιιινῦιις
1747 5666 2042 5739 Οὺιιιταιὶε,
2073 5693 2178 5746 qua

595 5745 906 5814 spiranti}:
934 5745 1017 5789 est
1041 5745 1246 5801 ventus,
1277 5739 1510 5814 cavernis
1537 5756 1602 5794 ea:
1629 5745 1737 5796 alia
1767 5755 1916 5808 parte
1937 5739 2177 5814 aperiunt

599 5804 773 5875 [iurem
818 5804 1004 5876 Neque
1049 5816 1248 5865 temere
1289 5807 1474 5865 la-IUUS
1516 5821 1663 5868 vatcs
1715 5804 1931 5886 scripsit
1973 5804 2176 5886 δινείαά

2344 4694 2432 4775 ,(9)
2477 4693 2831 4774 Ἁπρῤρητος
2859 4693 2967 4763 γὰρ
3013 4692 3251 4764 έπῆξις.
3283 4694 3507 4764 Repono
3539 4693 3747 4763 ἔπειξις
3786 4700 3884 4756 ἰη-

2286 4772 2542 4827 stinctus,
2573 4772 2824 4828 impetus.

2357 4836 2467 4905 (10)
2508 4833 2791 4902 Εῑσάξεις
2820 4833 2978 4904 παρὰ
3001 4833 3259 4901 σεαυτῷ.
3298 4833 3474 4892 Locus
3505 4838 3590 4894 hic
3633 4853 3698 4894 ex
3722 4855 3770 4894 c.
3820 4857 3876 4896 vl

2287 4904 2685 4977 Geu._exprimi
2707 4907 2972 4977 videtur.
2995 4906 3094 4977 Ubi
3128 4906 3476 4977 Septuaginta
3506 4911 3584 4964 sic
3614 4909 3821 4965 habent
3856 4931 3871 4968 :

2289 4975 2541 5050 Εῐσάξεις
2567 4978 2645 5050 εἰς
2667 4975 2765 5050 τὴν
2790 4975 3043 5040 κιϐωτὸν,
3070 4976 3156 5050 ἵνα
3179 4975 3384 5050 τρέφῂς
3411 4979 3552 5048 μετὰ
3579 4979 3833 5038 σεαυτοῦ.

2359 5046 2471 5116 (ll)
2518 5046 2589 5100 Τὸ
2631 5045 2806 5114 γένος
2866 5045 3227 5114 προστάξας
3260 5045 3687 5116 φύζλάττεσθαι.
3727 5050 3870 5106 Cum

2286 5116 2492 5241 Ξεινοοῖ
2523 5131 2695 5185 genus
2739 5119 3106 5188 praecepisset.
3150 5118 3352 5172 Eodem
3386 5121 3547 5174 modo
3575 5119 3870 5190 Virgilius,

2368 5202 2448 5241 uer
2493 5202 2550 5241 οι
2581 5201 2656 5241 vn
2687 5199 2703 5240 :

2368 5199 2550 5241 κειαοε
2581 5201 2656 5241 VII
2687 5199 2703 5240 ἶ

2356 5300 2639 5370 Supposita
2664 5301 2728 5357 de
2752 5310 2922 5358 matre
2949 5319 3112 5374 genus
3135 5301 3322 5373 furata
3341 5306 3559 5360 creauit.

2287 5393 2363 5448 lta
2397 5392 2521 5463 legit
2551 5395 2892 5451 doctissimus
2917 5394 3169 5464 Cujaeius
3198 5412 3214 5463 ;
3248 5398 3338 5452 alii
3368 5397 3576 5455 nothos.

2357 5466 2470 5536 (12)
2507 5467 3026 5540 Παιτυπανσόςεως.
3082 5469 3275 5524 Durius
3308 5485 3322 5521 :
3359 5469 3554 5524 melius
3589 5467 3872 5540 legeretur

2286 5534 2429 5588 πάνυ
2455 5534 2779 5606 ’πανσόφως.
2818 5534 3068 5592 dissertc.

2385 5606 2470 5678 lli)
2508 5605 2717 5678 Πάλιν.
2761 5605 2984 5662 Videtur
3013 5609 3356 5664 scribendum
3383 5610 3549 5666 πάλιν
3574 5612 3659 5666 ἄν.

2386 5676 2470 5748 IL)
2509 5677 2628 5753 Thr
2649 5678 2719 5733 ἐκ
2744 5679 2850 5753 τοῦ
2883 5679 3316 5753 κατακλυσμοῦ
3347 5680 3658 5753 διαφοράν.
3683 5681 3869 5750 Signi-

2290 5748 2516 5821 licanter
2561 5751 2850 5821 admodum
2903 5750 3165 5821 διαφοράν
3199 5748 3488 5821 usurpavit
3517 5748 3581 5809 ea
3616 5748 3862 5818 notione,

2287 5835 2391 5889 qua
2437 5820 2712 5892 διαφέρειν
2741 5833 2825 5880 est
2871 5820 3185 5890 distrahere,
3236 5820 3504 5892 divellere,
3535 5821 3861 5892 discerpere.
