4102 6566
187 389 254 453 g1
1345 364 1349 368 ’
1619 380 1900 441 ORATIO
1938 383 2037 444 τι.
3368 392 3436 456 93

188 501 348 576 φορά.
397 500 538 555 Ἀλλ’
570 500 633 554 οὐ
679 498 841 554 τοῦτο
890 499 1069 553 ποιεῖ’
1106 498 1424 567 πανσόφωςο
1468 497 1588 551 οὐδὲ
1635 515 1769 552 παν·

1886 497 2040 552 l'acile
2059 511 2278 566 quoque
2308 511 2397 553 res
2426 496 2633 553 diluvio
2663 496 2880 564 dilatas,
2914 512 2978 554 ac
3011 499 3300 572 dissipatas
3331 518 3437 559 vox

186 592 402 663 ολεθρία
433 589 788 654 καταδικάζει
813 589 917 660 τὴν
962 589 1146 658 φύσιν,
1180 588 1267 641 ῐνα
1298 586 1374 658 μὴ
1423 587 1550 640 νέαν
1586 586 1762 640 κτίσιν

1886 603 1973 640 tua
2009 586 2172 640 missa
2205 597 2397 654 suapte
2423 588 2475 641 vi
2515 588 2854 642 restaurarit.
2893 587 2963 642 At
3015 604 3118 643 non
3155 589 3260 646 hoc
3296 593 3435 662 agit,

165 679 445 757 ’ἐπαγάγῃ
476 686 596 746 τοῖς
633 683 906 753 φθάσασι,
944 682 1080 753 μηδὲ
1122 679 1346 752 γένηται
1373 679 1472 750 τῆς
1503 679 1762 750 δευτέρας

1886 676 2149 746 sapienter
2194 679 2505 732 admodum.
2548 678 2658 749 36
2693 678 2807 732 Non
2843 680 3112 734 communi
3140 681 3309 736 exitio
3342 699 3440 736 na-

188 779 218 846 ή
269 777 493 843 πλάσις,
546 776 646 846 τῆς
688 775 962 846 προτέρας
1007 774 1388 842 κατάγνωσιςο
1434 773 1568 844 μηδὲ
1606 771 1764 837 δόξαν

188 866 406 937 ἁρπάσῃ
446 865 817 935 μεταμελείας
842 866 870 918 6
899 865 1160 934 Κτίστης,
1194 865 1289 933 ἀφ’
1317 865 1508 938 ἑτέρας
1545 867 1625 929 είς
1650 865 1767 919 ἐτέ-

189 972 286 1028 ραν
329 955 635 1025 ἐρχόμενος
660 970 676 985 ·
711 955 852 1024 τάχα
895 953 941 1006 δ’
977 953 1044 1007 ἂν
1092 955 1186 1008 καὶ
1233 955 1419 1025 ἕτερος
1454 955 1765 1027 ὑποψευσθῇ

187 1046 520 1117 δημιουργὸς
551 1044 646 1098 τοῦ
685 1045 954 1117 προτέρου
987 1044 1517 1116 φιλανθρωπότερος·
1557 1046 1654 1100 καὶ
1699 1041 1768 1117 ἦν

187 1138 214 1190 ό
241 1137 485 1206 πλάστης
511 1134 815 1205 ἀμφίϐολος
833 1175 848 1200 ,
877 1136 980 1190 οὑκ
1016 1135 1167 1199 ὄντος
1191 1136 1420 1206 ἀρχαίου
1449 1136 1768 1208 γνωρίσμα-

185 1245 292 1290 ¹τος.
329 1229 430 1280 Διά
466 1226 632 1280 τοῦτο
665 1229 825 1298 ττιρεῖ
849 1226 917 1278 τὰ
955 1226 1054 1296 τῆς
1086 1227 1318 1297 ἀρχαίας
1347 1226 1594 1289 πλάσεως
1626 1225 1768 1297 σύμ..

187 1321 312 1373 εολα
336 1359 353 1381 ,
385 1319 484 1372 καὶ
513 1321 630 1382 τοῖς
671 1317 944 1388 δευτέροις
974 1318 1039 1370 ὲκ
1081 1318 1191 1370 τῶν
1221 1316 1506 1388 προτέρων
1540 1334 1766 1388 μετοχε-

184 1412 327 1464 τεύει
361 1409 463 1480 τὴν
495 1408 748 1478 αὔξησιν,
798 1407 894 1461 καὶ
924 1405 1020 1460 τοῦ
1064 1406 1452 1477 κατακλυσμοῦ
1501 1407 1773 1476 μεταόλα-

185 1502 408 1565 ὁοῦντος
434 1540 449 1565 ,
475 1501 514 1570 ἡ
544 1499 642 1553 τοῦ
671 1497 864 1567 γένους
888 1498 1219 1568 ἐφυλάττετο
1248 1497 1374 1573 ῥίζα
1394 1539 1410 1563 ,
1440 1499 1529 1553 ἶνα
1558 1502 1652 1553 καὶ
1672 1500 1773 1570 τῆς

184 1594 423 1656 παλαιᾶς
470 1591 841 1662 δημιουργίας
873 1592 940 1644 τά
969 1589 1234 1662 πρεσϐεῖα
1265 1590 1604 1661 φυλάττηται
1625 1632 1640 1655 ,
1680 1592 1775 1645 καὶ

185 1689 222 1740 ὁ
249 1683 588 1756 δημιουργὸς
638 1682 705 1735 ἐκ
751 1681 1164 1753 φιλανθρωπίας
1197 1680 1579 1753 θαυμάζηται,
1613 1700 1776 1736 καταο
1822 1743 1824 1746 ,

187 1779 436 1850 κλυςμὺν
465 1775 804 1846 χαλινώσας,
836 1774 934 1829 καὶ
964 1774 1026 1829 τὸ
1048 1773 1263 1843 λογικὸν
1287 1773 1426 1838 ζῶον
1448 1773 1584 1844 eoos
1594 1792 1772 1845 μενος.

1874 777 2049 822 turam
2079 769 2318 832 damnat,
2345 783 2411 823 ne
2439 783 2634 822 novam
2667 779 2793 824 ante
2817 771 3095 838 productis
3126 781 3434 827 creaturam

1875 861 2264 931 superinducat
2297 876 2362 914 ne
2399 861 2636 915 secunda
2664 861 2916 916 formatio
2945 862 3144 932 prioris
3191 862 3262 918 sit
3302 880 3435 917 con-

1874 954 2167 1020 demnatio,
2221 967 2355 1006 neve
2382 952 2509 1006 dum
2548 953 2615 1007 ab
2660 967 2764 1007 una
2805 963 3055 1008 creatura
3099 955 3168 1008 ad
3209 953 3438 1010 alteram

1878 1046 1936 1099 lit
1965 1045 2298 1114 progressio,
2331 1042 2560 1098 Creator
2587 1044 2767 1097 veniat
2795 1043 2847 1097 in
2869 1044 3231 1112 suspicionem
3261 1057 3428 1102 retra-

1875 1137 2004 1192 ctsti
2037 1136 2269 1192 consilii.
2316 1135 2478 1190 Forte
2517 1145 2732 1191 creator
2772 1136 2910 1190 alter
2955 1138 3290 1192 mendaciter
3344 1140 3442 1192 ob-

1877 1239 2061 1284 trusus
2118 1227 2346 1294 fuisset,
2409 1228 2691 1282 hominum
2755 1227 2940 1296 generi
2999 1228 3226 1282 amicior
3279 1245 3441 1298 quam

1876 1320 2060 1390 prior:
2092 1327 2149 1375 et
2177 1328 2324 1375 esset
2364 1319 2559 1373 artifex
2596 1319 2929 1385 dubitabilis,
2973 1319 3017 1374 si
3069 1319 3274 1374 nullum
3324 1321 3442 1390 ejus

1875 1411 2160 1481 antiquum
2209 1421 2452 1466 exstaret
2487 1420 2921 1467 monumentum.
2961 1411 3164 1466 Idcirco
3204 1414 3443 1467 creatio-

1877 1502 1961 1557 nis
2002 1502 2240 1572 antiquae
2272 1502 2512 1574 symbola
2554 1503 2777 1568 retinet,
2802 1512 2853 1556 et
2877 1519 2964 1558 res
2998 1517 3163 1557 novas
3195 1519 3262 1558 ex
3295 1505 3441 1574 prio-

1876 1595 2026 1650 ribus
2066 1605 2283 1649 auctum
2316 1595 2379 1661 it,
2418 1605 2562 1659 esto,
2615 1595 2816 1649 diluvio
2863 1610 3120 1666 perquam
3185 1597 3442 1650 damnosa

1879 1682 2331 1752 ftterit..Generis
2373 1686 2525 1740 radix
2575 1687 2922 1752 servabatur,
2963 1696 3020 1740 ut
3073 1687 3231 1755 prisci
3263 1688 3446 1756 operis

1879 1776 2048 1846 prima
2078 1776 2200 1844 jura
2216 1792 2338 1832 cum
2370 1779 2629 1848 dignitate
2663 1780 3021 1841 retineantur,
3047 1789 3101 1833 et
3135 1779 3336 1848 opifex,
3371 1793 3442 1831 ex

185 1874 468 1928 hominum
504 1886 696 1929 amore
733 1870 926 1928 diluvii
976 1870 1252 1926 refrenato
1294 1869 1501 1940 impetu
1561 1881 1617 1926 et
1687 1869 1908 1926 animali
1943 1872 2172 1929 rationis
2234 1885 2483 1944 compote
2505 1873 2664 1930 altius
2714 1886 2922 1942 evecto,
2979 1875 3236 1931 veniatin
3271 1875 3443 1930 admi-

185 1971 478 2026 rationem.

260 2066 327 2121 5'.
371 2064 531 2119 Ἀλλὰ
561 2062 683 2127 πῶς
711 2103 728 2130 ,
755 2061 874 2116 είπέ
909 2078 1032 2132 μοι,
1063 2059 1328 2115 τοσούτων
1356 2060 1510 2125 ζώων
1544 2062 1579 2133 ἡ
1610 2062 1776 2116 κιόω-

1960 2063 2015 2118 4.
2040 2062 2242 2118 Verum
2277 2080 2395 2135 age,
2438 2066 2710 2133 quomodo
2749 2082 2873 2120 arra
2925 2067 3042 2137 capi
3084 2077 3333 2136 poterant
3367 2077 3447 2121 tot

183 2157 286 2220 eo;
307 2157 595 2227 ὑπεδέχετο
629 2155 800 2225 γένη;
839 2153 960 2218 Πῶς
983 2154 1104 2208 κατ’
1138 2153 1383 2225 ἀλλήλων
1417 2153 1771 2227 ὲκ[πε]πολε-

188 2249 416 2320 μημένα
457 2253 528 2320 τῇ
572 2247 736 2317 φύσει
781 2239 942 2300 stilo:
983 2246 1232 2317 αλλήλοις
1281 2247 1606 2314 ὲσπένδετο;
1652 2248 1773 2314 πῶς

184 2339 440 2408 ἑρπετῶν
473 2339 727 2410 εἰρήνευε
764 2336 964 2404 φύσιςς
1003 2337 1119 2400 πῶς
1156 2336 1266 2390 τῶν
1299 2337 1504 2408 θηρίων
1541 2338 1611 2391 τά
1639 2338 1772 2409 γένη

183 2431 314 2500 καθ’
351 2431 566 2483 ἑαυτῶν
592 2432 962 2501 altilium-ro;
997 2428 1114 2494 πῶς
1143 2430 1467 2499 σαρκοφάγα
1495 2431 1635 2500 μετὰ
1665 2432 1769 2486 τῶν

183 2522 524 2592 χλοηφάγων
572 2522 868 2592 “magno;
923 2524 1072 2575 ποῖαι
1117 2524 1317 2593 τροφαὶ
1368 2522 1618 2587 τούτοις,
1677 2524 1775 2578 καὶ

184 2615 360 2668 πόσαι
380 2656 398 2681 ,
430 2616 527 2667 καὶ
555 2614 719 2667 πόθεν
759 2613 896 2685 πρὸς
919 2614 1039 2668 ὅλον
1071 2615 1315 2668 ἐνιαυτὸν
1346 2617 1774 2688 φρουρουμένοις

181 2709 514 2779 ἐπήρκεσαν
542 2723 558 2773 ;
603 2707 700 2768 καὶ
734 2707 840 2778 πρό
869 2724 934 2775 γε
972 2706 1174 2762 τούτων
1201 2707 1317 2772 πῶς
1343 2710 1372 2762 ό
1410 2709 1534 2762 Νῶε
1563 2711 1661 2782 τὴν
1692 2728 1776 2764 κι-

179 2803 370 2855 ϐωτόν
406 2801 829 2862 κατεσκεύασεν,
859 2799 1012 2853 οὔπω
1038 2801 1346 2870 ναυπηγίας
1378 2801 1651 2872 λαϐούσης
1676 2803 1776 2873 ἀρ-

179 2894 333 2963 χήν;
371 2891 493 2953 πῶς
523 2890 592 2944 τά
636 2890 767 2958 γένη
809 2890 917 2943 τῶν
961 2889 1133 2954 ξύλων
1178 2891 1415 2962 διέκρινε
1459 2892 1539 2963 τῷ
1590 2892 1775 2946 πλέειν

181 2982 548 3049 ancillula;
602 2982 718 3044 πῶς
789 2983 991 3053 ἤρκεσε
1046 2982 1277 3046 κιϐωτὸς
1335 2982 1472 3054 πρὸς
1527 2982 1779 3037 τοσοῦτον

179 3074 590 3144 κατακλυσμὸν
612 3073 1020 3142 ἀντιτάξασθαι,
1046 3075 1122 3140 ὡς
1153 3075 1248 3129 καὶ
1279 3076 1380 3146 τῆς
1412 3075 1629 3145 φύσεως
1659 3075 1779 3146 βχνη

180 3166 597 3236 φυλάττεσθαι;
618 3167 732 3220 ἀλλ’
760 3167 1078 3238 ὑπρὸαίνει
1102 3167 1198 3238 τὴν
1223 3167 1386 3236 φύσιν
1410 3169 1479 3220 τὰ
1499 3169 1776 3238 τάγματα·

183 3261 291 3313 καὶ
311 3260 480 3328 λόγος
506 3258 576 3312 τὰ
603 3258 745 3332 ὑπὲρ
769 3257 929 3328 λόγον
951 3258 1485 3329 καταπληττόμενος,
1516 3260 1592 3332 μὴ
1623 3259 1786 3313 πολυ⁸

187 3353 604 3424 πραγμονείτω
632 3352 701 3406 τά
725 3351 1044 3422 πράγματα.
1080 3352 1314 3422 Μίμημα
1340 3352 1440 3423 τῆς
1462 3352 1785 3423 οἰκουμένης

1874 2157 2188 2211 animalium
2225 2159 2470 2228 genera?
2500 2157 2779 2226 Quomodo
2809 2176 2927 2229 quae
2955 2161 3020 2214 ab
3061 2161 3277 2229 ingenio
3305 2161 3446 2216 inter

1877 2263 1939 2303 se
1981 2248 2319 2316 discordant,
2370 2249 2424 2304 in
2485 2266 2624 2304 nova
2673 2266 2856 2305 secum
2895 2250 3099 2306 ftedera
3145 2253 3444 2306 concorda—

1875 2339 2051 2392 bnnt?
2079 2338 2359 2406 Quomodo
2391 2342 2660 2410 reptilium
2709 2352 2898 2396 natura
2939 2353 3146 2411 poterat
3185 2359 3305 2398 esse
3352 2359 3447 2413 pa-

1874 2431 2033 2484 cata?
2077 2430 2286 2497 Quibus
2341 2432 2511 2487 frenis
2551 2435 2689 2488 inter
2748 2449 2806 2489 se
2845 2435 3278 2504 reprimebantur
3311 2435 3448 2490 fera-

1877 2538 1994 2577 rum
2045 2524 2283 2593 genera?
2345 2525 2614 2593 quomodo
2653 2529 2936 2581 carnivora
2984 2543 3107 2583 cum
3160 2529 3449 2598 lterbilegis

1877 2614 2334 2669 Stabulabantnr?
2366 2617 2693 2686 cujusmodi,
2747 2628 3119 2688 quantumque
3157 2620 3240 2674 his
3273 2621 3449 2673 omni-

1880 2705 1979 2759 bus
2011 2705 2289 2775 pabulum,
2336 2715 2392 2760 et
2423 2707 2562 2760 unde
2598 2706 2821 2775 factum,
2853 2717 2912 2762 ut
2963 2724 3164 2762 annum
3219 2710 3446 2762 solidum

1879 2800 2176 2854 asservatis
2206 2809 2391 2853 essent
2439 2800 2740 2854 contenta?
2773 2809 2848 2864 et,
2884 2803 3027 2869 quod
3067 2802 3151 2855 bis
3195 2803 3449 2856 onmibns

1879 2891 2069 2955 anteit,
2098 2892 2368 2960 quomodo
2391 2891 2630 2945 Noemus
2662 2907 2802 2946 arcae
2850 2892 3111 2946 fabricam
3154 2893 3448 2946 concinna-

1881 2983 1977 3045 vit,
2007 2998 2128 3036 cum
2177 2985 2329 3037 navis
2377 2984 2783 3054 compingenda:
2828 2984 3151 3053 principium
3201 2995 3448 3039 exstaret

1883 3074 2120 3127 nullum?
2171 3073 2452 3140 Quomodo
2507 3076 2770 3145 lignorum
2823 3090 3020 3145 genera
3073 3077 3348 3140 discrevit,
3393 3089 3450 3133 ut

1883 3165 1986 3218 alia
2035 3181 2196 3234 super
2220 3166 2340 3219 aliis
2369 3177 2623 3222 contexta
2656 3167 3013 3235 navigarent?
3049 3167 3320 3236 quomodo
3359 3184 3451 3239 po-

1885 3258 2134 3312 tuitarca
2170 3270 2361 3314 contra
2410 3267 2616 3313 tantam
2671 3260 3081 3315 inundationem
3127 3261 3450 3324 consistere,

1889 3351 2132 3404 utetiam
2165 3360 2376 3405 natura!
2419 3353 2649 3422 vestigia
2693 3353 3083 3407 servarentur?
3118 3351 3313 3406 Verum
3354 3370 3453 3407 na-

188 3448 236 3517 ἡ
264 3445 507 3507 κιϐωτὸς
530 3484 548 3508 ,
595 3445 694 3516 τὴν
724 3445 835 3498 τῶν
879 3444 1034 3509 ζώων
1067 3444 1542 3516 παρακαταθήκην
1587 3443 1782 3512 φυλάτο

1890 3452 2065 3496 turam
2135 3443 2450 3513 supervadit
2495 3445 2745 3498 ordinata
2795 3444 3167 3513 concinnaqne
3204 3444 3452 3513 digestio,

186 3554 398 3600 τουσα,
446 3536 682 3590 πλέουσα
718 3535 898 3603 πόλις,
938 3535 1284 3609 κυοφοροῢσα
1321 3536 1422 3607 τὴν
1450 3535 1653 3602 κτίσιν,
1684 3535 1785 3600 τὰς

188 3630 400 3692 κοινὰς
450 3629 636 3693 ὠδῖνας
680 3629 738 3682 ὲν
782 3627 918 3701 αὐτῇ
963 3628 1372 3700 περιφέρουσα,
1423 3628 1639 3684 ἅπαντα
1689 3627 1785 3680 τὸν

191 3723 426 3792 κόσμον
451 3720 686 3792 ἔμϐρυον
715 3721 916 3790 ἑαυτῆς
955 3722 1312 3792 περιάγουσα⁶
1349 3720 1449 3790 μία
1475 3720 1686 3792 γαστὴρ
1717 3720 1788 3774 τὰ

195 3815 437 3869 ποικίλα
458 3814 556 3877 τῆς
575 3813 807 3876 κτίσεως
835 3812 1174 3866 συλλαϐοῦσα
1206 3813 1522 3884 γεννήματα
1540 3853 1554 3878 ,
1583 3813 1789 3885 ἄψυχος

204 3908 401 3979 μήτηρ
442 3906 550 3960 τῶν
589 3905 846 3976 ἐμψύχων
876 3905 1216 3977 ὑπάρχουσα⁸
1268 3905 1478 3978 πῦργος
1517 3906 1790 3961 κατακλυ⁴

202 3999 353 4069 σμοῦ
390 3998 756 4070 ίσχυρότερος,
780 4000 956 4069 τεῖχος
989 3997 1132 4070 ὀρῶν
1150 3997 1500 4069 ὑψηλότερον.
1534 3997 1790 4069 Προσθῶ-

205 4108 314 4162 μεν
339 4092 460 4152 τοῖς
495 4091 825 4162 εἰρημένοις,
849 4089 951 4159 τῆς
981 4089 1078 4143 τοῦ
1108 4089 1568 4161 δημιουργοῦντος
1598 4089 1792 4160 σοφίας

203 4184 505 4255 γνώρισμα
544 4182 970 4252 παραδοξότερον
1010 4181 1092 4237 όν.
1128 4181 1238 4234 ’Ἐν
1284 4181 1434 4252 θέρει
1477 4182 1578 4252 μὲν
1625 4181 1735 4254 γὰρ
1764 4183 1794 4236 ό

207 4275 606 4344 κατακλυσμὸς
639 4276 733 4328 καὶ
760 4276 994 4345 ἧρξατο,
1027 4274 1122 4328 καὶ
1166 4272 1354 4345 ὑψώθη
1381 4313 1395 4337 ,
1426 4276 1521 4328 καὶ
1560 4275 1662 4340 τὰς
1684 4275 1794 4329 τῶν

206 4369 357 4436 ὁρῶν
411 4366 663 4437 κορυφὰς
687 4365 1104 4420 κατεσάπτισεν.
1147 4365 1238 4419 Ἐν
1279 4365 1506 4436 χειμῶνι
1543 4366 1600 4419 δὲ
1645 4367 1795 4438 μέσῳ

209 4460 275 4511 τὸ
326 4455 540 4526 πλῆθος
579 4456 688 4509 τῶν
734 4455 942 4510 ὑδάτων
1000 4455 1271 4518 ἐπαύετο,
1309 4455 1667 4528 ἀντίστροφον
1718 4457 1796 4529 τῷ

210 4550 365 4619 νόμῳ
415 4547 520 4618 τῆς
554 4547 766 4616 φύσεως
793 4548 893 4616 τὴν
919 4547 1071 4613 τάξιν
1114 4548 1440 4619 δεξάμενος,
1480 4549 1567 4603 ἵνα
1598 4549 1671 4619 μή
1713 4566 1796 4613 τις

213 4637 453 4706 ὕστερον
493 4635 877 4705 κατακλυσμὸν
920 4635 1230 4700 ἐπακούων,
1264 4638 1554 4709 συντυχίαν
1600 4638 1798 4714 νομίζῃ

210 4728 307 4787 τὸν
335 4727 528 4800 φάσαν,
556 4729 650 4784 καὶ
679 4727 901 4800 δμσρων
928 4729 1068 4802 ἀέρα
1089 4727 1448 4800 φαντάζηται,
1479 4730 1572 4784 καὶ
1602 4729 1797 4804 νοθεύῃ

1888 3539 1945 3586 ιιι
1979 3532 2142 3598 ratio,
2179 3548 2297 3600 qua}
2336 3549 2499 3600 supra
2547 3544 2797 3588 naturam
2844 3545 2968 3589 sunt
3001 3535 3301 3600 admirans,
3352 3550 3452 3589 cu-

1889 3624 2084 3679 riosius
2108 3639 2212 3679 non
2244 3625 2503 3695 inquirat.
2523 3625 2663 3679 Area
2694 3626 2876 3680 mundi
2900 3626 3207 3682 habitabilis
3234 3627 3456 3680 simula-

1888 3730 2040 3771 crum
2069 3725 2172 3782 est,
2209 3716 2560 3772 animantium
2594 3717 2959 3786 depositorum
2992 3718 3276 3782 servatrix,
3303 3719 3454 3772 navi-

1888 3823 2022 3880 gans
2043 3810 2193 3875 urbs,
2218 3809 2480 3865 creaturis
2513 3808 2729 3880 gravida
2763 3824 3103 3864 communem
3126 3825 3307 3864 secum
3331 3824 3456 3878 par-

1890 3909 2003 3955 tum
2043 3901 2455 3967 circumferens,
2499 3903 2810 3956 universum
2847 3902 3102 3955 mundum
3135 3910 3456 3970 conceptum

1889 3993 2285 4064 circumagens,
2322 3995 2476 4048 alvus
2508 3994 2666 4048 unica
2688 3993 2865 4048 varios
2892 4002 3155 4047 creatura:
3177 3992 3457 4061 complexa

1891 4097 2101 4157 partus,
2144 4087 2509 4142 animatorum
2547 4094 2721 4142 mater
2744 4084 3032 4150 exanimis,
3057 4084 3224 4140 turris
3257 4084 3460 4138 diluvio

1893 4180 2181 4242 valentior,
2214 4194 2404 4234 murus
2443 4179 2721 4233 montibus
2745 4177 2964 4232 celsior.
2998 4177 3168 4231 Dictis
3199 4177 3462 4231 addamus

1895 4270 2268 4327 admirabilius
2338 4269 2622 4324 crestricis
2695 4268 2972 4338 sapientiae
3055 4266 3459 4324 documentum.

1895 4362 2108 4418 Estate
2140 4361 2307 4432 cmpit
2348 4359 2652 4423 inundatio,
2677 4367 2732 4413 cl.
2772 4359 2913 4414 elata
2949 4365 3054 4424 est,
3089 4359 3465 4427 montiumth

1896 4455 2125 4511 vertices
2149 4453 2478 4516 submersit;
2533 4451 2710 4506 hieme
2765 4451 2948 4508 adulta
2995 4466 3253 4520 aquarum
3293 4451 3464 4504 abnu-

1895 4547 2079 4603 dantia
2110 4546 2325 4600 remisit
2360 4563 2374 4598 :
2401 4543 2508 4619 37
2541 4543 2872 4598 contrarium
2902 4550 3112 4597 natura:
3149 4541 3250 4610 legi
3279 4551 3464 4595 secuta

1898 4652 1981 4696 est
2013 4638 2287 4700 ordinem,
2317 4645 2377 4691 ut
2406 4651 2474 4691 ne
2504 4635 2628 4706 quis
2655 4648 2722 4689 ex
2769 4635 3088 4704 posteritate
3119 4633 3364 4688 inaudito
3394 4634 3467 4687 di~

1903 4731 2046 4788 luvio
2080 4741 2345 4786 terrorem
2373 4726 2656 4784 fortuitum
2691 4725 3031 4796 cpiuaretur,
3053 4739 3187 4780 neve
3212 4723 3468 4780 imbriqu

1426 4928 1536 4984 CL.
1579 4928 1952 4998 DAUSQUEII
1991 4929 2224 4987 NOTZE.

219 5129 506 5196 dissipare.
565 5126 875 5196 Apollonius
924 5127 977 5182 in
1024 5126 1280 5182 Historiis
1307 5127 1454 5182 miris
1497 5127 1690 5183 scribit
1726 5127 1796 5181 τὰ
1831 5129 1877 5190 D
1906 5130 2222 5186 Paterculus
2259 5129 2363 5185 vol.
2395 5127 2460 5193 ll,
2495 5127 2547 5184 in
2593 5141 2654 5183 ea
2684 5143 2742 5181 re
2769 5125 2993 5182 assimili
3020 5144 3033 5181 :
3058 5123 3316 5196 Majorem
3347 5143 3472 5193 par-

220 5198 596 5268 διαφερόμενα
622 5197 761 5269 κρέα
789 5198 899 5270 τῶν
925 5198 1216 5270 ἱεροθύτων
1245 5197 1411 5268 ἀθιγῆ
1431 5197 1649 5270 μένειν,
1674 5214 1796 5270 car-

223 5287 314 5323 us
335 5268 824 5339 discerptas,’Apnd
852 5268 992 5323 Plut.
1022 5269 1117 5339 lib.
1148 5284 1204 5332 ν,
1231 5283 1354 5336 cap.
1386 5268 1456 5324 l0
1482 5268 1559 5322 De
1582 5269 1794 5338 placitis

224 5341 353 5400 phil.
384 5338 737 5409 Asclepiades
769 5339 933 5409 fetum
975 5338 1248 5409 geminum
1285 5348 1380 5392 aut
1433 5339 1790 5409 tergeminum

227 5409 342 5463 ﬁeri
389 5411 504 5462 vult
548 5407 699 5479 παρὰ
726 5410 828 5479 τὴν
853 5408 962 5460 τῶν
983 5407 1334 5479 σπερμάτων
1361 5407 1643 5479 διαφοράν.
1670 5407 1782 5462 Pu|~

224 5479 354 5534 chre
383 5482 549 5552 etiam
572 5477 845 5552 colludunt
865 5477 1251 5552 κατακλυσμοῦ
1278 5477 1534 5552 διαφορά,
1555 5490 1609 5534 et
1633 5479 1794 5552 λόγου

227 5553 388 5618 φορά.
424 5549 500 5602 Ea
535 5565 636 5603 vox
671 5550 940 5619 signiﬁcat
985 5549 1230 5611 arbores,
1262 5549 1662 5613 aedificationes,
1713 5550 1796 5603 vi-

227 5630 437 5681 ventes,
472 5634 562 5674 res
592 5634 759 5688 prope
797 5619 1038 5674 inﬁnitas
1064 5620 1270 5675 diluvio
1317 5621 1513 5675 dilatas
1541 5633 1606 5673 ac
1634 5620 1794 5673 dissi~

229 5700 402 5756 patas.
448 5691 716 5760 Vertendo
757 5690 983 5745 Latinos
1037 5699 1292 5760 auctores
1351 5690 1482 5744 mihi
1539 5689 1794 5760 proposui

229 5762 553 5830 sequendos.
612 5759 866 5830 Horatius
909 5761 1032 5815 ait:
1063 5758 1301 5814 Membra
1355 5758 1598 5830 different
1644 5758 1789 5829 lupi.

233 5827 449 5886 Plautus
479 5831 562 5886 ait
585 5847 598 5882 :
631 5829 834 5900 Populo
857 5831 942 5886 hic
967 5841 1018 5886 lc
1042 5830 1286 5899 differam
1313 5827 1440 5885 ante
1457 5833 1594 5885 wdes
1631 5827 1788 5885 metu.

1903 5213 2003 5254 tem
2027 5202 2185 5255 classi
2213 5202 2354 5254 circa
2388 5199 2614 5259 Veliam,
2670 5196 3016 5265 l’alinurique
3057 5199 3471 5262 promontorium

1900 5274 2089 5325 adorta
2117 5274 2192 5326 vis
2212 5272 2382 5339 Africi
2412 5269 2666 5323 laceravit
2691 5285 2755 5322 ac
2778 5270 3000 5321 distulit.
3035 5266 3280 5329 Tacitus,
3300 5336 3310 5339 Α
3328 5265 3468 5339 (list.

1904 5340 1996 5395 lib.
2026 5358 2056 5395 ν
2092 5356 2105 5393 :
2137 5336 2440 5411 Castraque,
2458 5340 2512 5411 in
2558 5340 2718 5411 plano
2765 5340 2866 5392 sita
2906 5341 2954 5411 ei
2987 5339 3222 5411 [luminis
3256 5336 3472 5411 ili/fere-

1904 5413 2114 5467 bamnr.
2165 5407 2353 5466 Horat.
2389 5409 2558 5478 Niger
2599 5410 2840 5463 rudentes
2875 5407 3051 5462 Eurus
3081 5409 3284 5461 inverso
3311 5407 3469 5478 mari,

1905 5481 2199 5552 fractosque
2250 5495 2420 5534 remos
2449 5480 2692 5552 digerat:
2730 5479 2960 5552 Attende
2992 5487 3049 5531 ut
3079 5478 3186 5552 vim
3213 5477 3472 5552 praeposi-

1906 5545 2065 5606 tionis
2093 5545 2251 5618 liujns
2272 5553 2329 5604 in
2366 5565 2422 5603 re
2460 5545 2620 5604 simili
2653 5549 2856 5603 Ennius
2881 5548 3165 5607 adamarit.
3188 5545 3395 5618 Annal.
3417 5560 3472 5597 v.

1978 5615 2226 5689 Dispefge
2276 5621 2479 5684 hostes,
2526 5620 2784 5682 distralte,
2827 5620 3007 5681 ditluc,
3054 5615 3246 5689 divide,
3294 5615 3471 5689 ili/for.

1901 5692 2050 5748 Alias
2073 5686 2190 5762 non
2221 5690 2406 5762 procul
2437 5689 2671 5758 rejienda
2706 5699 2790 5743 est
2818 5689 3094 5762 cujusdam
3123 5686 3472 5762 conject-auo,

1901 5764 1990 5833 qui
2023 5779 2120 5834 pro
2139 5755 2402 5833 διαφορὰν
2426 5755 2716 5832 repositum
2758 5755 3214 5828 ἱίιιιιόιαφθοράν.
