4102 6544
298 379 380 442 101
1678 385 1958 445 ORATIO
1995 387 2126 450 VII.

3431 395 3531 463 102

288 493 528 559 θυόμενον,
561 487 790 553 ἀϐάτοις
827 487 1230 560 φυλαττόμενον
1257 489 1441 561 ὄρεσιν
1468 491 1579 562 (21)
1600 534 1613 556 ,
1640 493 1832 564 δμμασ

1958 498 2129 552 ditum
2161 500 2468 571 montibus;
2499 503 2669 560 oculis
2704 504 2923 576 quidem
2955 506 3170 564 eminus
3201 513 3524 580 spectabile,

287 581 376 650 μὲν
402 580 686 651 πόρρωθεν
717 580 1116 652 θεωρούμενον’
1149 581 1261 634 τῶν
1303 581 1359 634 δὲ
1389 581 1567 635 ποδῶν
1607 583 1706 655 τὴν
1730 587 1853 639 ὲπί-

282 670 427 723 ϐασιν
452 674 574 734 ταῖς
601 672 945 742 δυσχερείαις
985 671 1336 743 ἀρνούμενον.
1381 673 1537 729 Θεῖον
1581 675 1724 746 ἄρα,
1760 679 1854 731 καὶ

280 761 423 815 τοῦτο
453 761 517 814 τὸ
547 763 883 833 μηχάνημα·
926 763 1014 816 ἴνα
1038 764 1070 833 ἡ
1104 763 1203 834 μὲν
1232 763 1331 816 θέα
1363 764 1606 836 φυλάττῃ
1633 766 1732 838 τὴν
1760 768 1854 821 πί-

279 871 383 907 στιν
409 855 503 908 τοῦ
532 855 834 924 θαύματοςο
867 856 1111 910 ἀπίστων
1149 857 1205 910 δὲ
1235 859 1422 927 χεῖρες
1451 858 1528 928 μὴ
1556 858 1848 928 ψαύουσαι,

276 949 332 1017 τῇ
360 946 501 998 κατὰ
553 947 754 1018 μικρὸν
794 947 1010 1020 δαπάνῃ
1035 990 1049 1012 ,
1079 946 1176 1018 τὴν
1207 947 1336 1001 θέαν
1379 948 1749 1020 λυμήνωνται.
1786 954 1851 1004 ’Ὦ

276 1038 530 1102 κιϐωτὸς,
582 1037 790 1108 ἀρετῆς
823 1038 1241 1110 παιδευτήριονῑ
1285 1038 1330 1092 ὣ
1363 1039 1463 1111 τὴν
1497 1041 1596 1111 τῆς
1635 1043 1853 1112 φύσεως

273 1130 740 1202 παρακαταθήκην
788 1131 846 1184 ὲν
897 1133 1010 1195 τοῖς
1064 1131 1332 1196 κινδύνοις
1371 1133 1747 1202 φυλάττουσαι
1787 1137 1850 1188 Ὢ

270 1224 466 1293 σκάφος
496 1223 804 1292 παράδοξον
850 1223 1114 1294 σωτηρίου
1145 1223 1300 1290 ξύλου
1333 1223 1752 1296 σκιογράφημαί
1785 1227 1849 1280 Ὦ

267 1314 496 1385 σταυροῦ
529 1315 722 1385 χρείαν
752 1313 1098 1386 παρεχομένη
1123 1317 1236 1378 τοῖς
1278 1314 1568 1369 πλέουσινί
1607 1317 1672 1369 ’Ὠ
1714 1333 1848 1389 προ-

265 1409 502 1462 λαϐοῦσα
527 1406 607 1478 τῷ
633 1407 810 1478 χρόνῳ
836 1410 902 1478 τῇ
930 1407 1112 1479 χάριτι
1137 1447 1153 1474 ,
1182 1409 1240 1460 ὲν
1269 1406 1421 1461 ’ύδατι
1457 1408 1726 1474 σώζουσα,
1755 1410 1848 1463 καὶ

262 1499 317 1564 ἐξ
362 1500 578 1554 ὑδάτων
619 1500 943 1570 άρπάζουσα
976 1501 989 1552 l
1047 1499 1110 1551 Ὢ
1141 1499 1232 1552 τὸν
1282 1500 1456 1569 μέγαν
1484 1499 1723 1571 ἔμπορον
1749 1501 1847 1572 τῆς

260 1593 608 1662 δικαιοσύνης
642 1591 958 1661 φυλάξασαί
1015 1591 1078 1645 Ὢ
1104 1589 1194 1643 τὸν
1222 1591 1321 1660 τῆς
1345 1590 1547 1663 ἀρετῆς
1571 1591 1844 1663 θησαυρὸν

259 1683 561 1746 ἀκινδύνως
615 1683 1139 1754 διαπορθμεύσασαι
1178 1684 1244 1735 Ὢ
1293 1685 1491 1748 κακίας
1537 1684 1838 1756 κατήγορει

259 1778 462 1830 Τούτου
489 1775 586 1829 τοῦ
622 1775 900 1845 θαύματος
927 1773 1028 1847 τὴν
1052 1775 1272 1846 μνήμην
1301 1775 1642 1846 κατέχωμεν
1671 1773 1843 1843 γενώ-

1957 587 2050 642 sed
2098 603 2377 645 accessum
2428 593 2531 647 loci
2583 594 2872 650 dillicultas
2919 607 3099 666 negat.
3146 597 3392 652 Divinum
3425 599 3528 652 hoc

1958 678 2258 746 inventum,
2307 691 2364 735 ιιι
2405 694 2656 752 aspectus
2707 687 2953 741 miraculi
3010 688 3169 741 [idem
3211 699 3522 752 conservet,

1957 779 2123 839 utque
2161 772 2565 828 iucredulorum
2601 793 2793 833 manus
2819 780 2945 832 dum
2982 789 3378 861 non.tanguut,
3415 795 3522 833 nou

1955 862 2288 930 pauclllatim
2324 875 2606 933 atterant,
2643 883 2820 936 neque
2862 886 2973 925 rem
3018 881 3125 926 tam
3169 872 3520 940 spectabilem

1954 948 2316 1008 labefactent!
2371 955 2415 1010 Ο
2456 971 2582 1010 arca
2636 958 2895 1013 virtutum
2944 961 3166 1016 schola!
3213 977 3249 1018 o
3295 972 3520 1026 naturae,

1952 1043 2078 1096 dum
2123 1045 2568 1114 periclitaretur,
2620 1051 2852 1118 depositi
2893 1054 3194 1108 servatrix!
3246 1069 3280 1109 o
3324 1056 3522 1123 scapha

1951 1133 2287 1192 admirabilis
2317 1138 2446 1210 ligni
2480 1140 2740 1196 salutaris
2771 1143 2961 1197 umbra
2993 1153 3046 1198 et
3092 1146 3304 1215 imago!
3339 1161 3372 1200 ο
3402 1161 3524 1216 qua:

1949 1225 2127 1280 crucis
2168 1242 2322 1283 usum
2373 1231 2756 1302 navigantibus
2805 1235 3148 1303 praestitisti!
3195 1252 3228 1290 ο
3270 1253 3392 1306 qua:
3425 1253 3524 1307 per

1952 1323 2162 1386 tempus
2197 1321 2375 1377 crucis
2419 1325 2654 1393 gratiam
2717 1327 3146 1397 prmoccupasti,
3199 1342 3424 1382 servans
3467 1329 3520 1384 in

1948 1407 2200 1476 aquis.et
2223 1425 2291 1465 ex
2322 1413 2478 1481 aquis
2509 1415 2784 1485 eripiens!
2813 1431 2847 1471 ο
2877 1432 2996 1486 quae
3023 1432 3276 1487 maguum
3296 1417 3522 1487 justitiae

1949 1499 2365 1556 nundinatorem
2423 1503 2704 1560 liberasti!
2741 1521 2774 1560 ο
2805 1522 2924 1576 qua:
2955 1509 3168 1563 virtutis
3208 1510 3520 1563 thesaurum

1947 1594 2156 1664 absque
2204 1595 2450 1664 periculo
2493 1600 2842 1653 transvexisti
2875 1601 2888 1653 !
2923 1616 2956 1654 ο
3002 1601 3252 1670 nequitia:
3279 1616 3521 1655 accusa-

1949 1683 2087 1738 trix!
2120 1684 2288 1755 Hujus
2321 1685 2567 1742 miraculi
2616 1690 2932 1744 memoriam
2963 1691 3318 1755 retineamus,
3351 1692 3520 1747 simus

1945 1786 2190 1832 amantes
2224 1777 2473 1847 iustitiae,
2511 1781 2882 1835 abominatum
2942 1783 3122 1836 scelus
3156 1783 3518 1853 ahjiciumus,

263 1870 398 1941 μεθα
425 1868 780 1940 δικαιοσύνης
810 1867 1070 1939 ἐρασταὶ,
1104 1868 1305 1932 κακίας
1331 1867 1724 1938 ἀποϐάλλωμεν
1754 1869 1837 1938 μῖ‹

1945 1868 2056 1939 38
2081 1870 2433 1937 paenitentiae,
2466 1887 2586 1941 qua:
2617 1875 2966 1942 peccantibus
3004 1884 3084 1929 est
3115 1875 3342 1942 medela,
3376 1889 3521 1930 con--

261 1977 350 2023 σος
383 1959 522 2030 (22)·
565 1959 858 2030 μετάνοιαν
910 1956 1456 2029 μεταχειρισὼμεθα,
1505 1957 1615 2011 τῶν
1661 1958 1842 2029 άμαρ-

258 2051 442 2106 τωλῶν
471 2053 534 2105 τὸ
559 2051 856 2122 φάρμακον
875 2065 890 2081 ·
929 2048 1209 2120 σϐέσωμεν
1234 2049 1332 2120 τὴν
1359 2049 1560 2103 κακίαν
1591 2051 1704 2113 τοῖς
1748 2049 1842 2104 δά-

258 2156 438 2211 κρυσι·
477 2140 779 2210 φθάσωμεν
808 2138 908 2211 τὴν
931 2138 1099 2211 ὀργὴν
1129 2142 1196 2210 τῇ
1223 2138 1493 2211 μεταϐολῇ
1524 2140 1622 2209 τῆς
1647 2155 1841 2212 προαι-

258 2235 480 2301 ρέσεωςο
513 2233 608 2287 τὸν
647 2232 750 2303 τῆς
791 2232 1171 2302 μακροθυμίας
1203 2233 1393 2302 καιρὸν
1423 2233 1504 2296 είς
1543 2233 1660 2286 δέον
1709 2251 1840 2286 κατ-

254 2326 644 2397 ωαλὼσωμεν·
675 2323 900 2395 ὀμνύντι
927 2325 1046 2395 Θεῷ
1066 2325 1152 2378 διὰ
1181 2324 1588 2396 φιλανθρωπίαν
1614 2325 1838 2379 πιστεύ-

254 2431 456 2484 σωμεν·
496 2415 582 2468 Οὐ
621 2412 923 2483 βούλομαι
972 2413 1079 2466 τὸν
1125 2413 1388 2468 θάνατον
1438 2415 1545 2468 τοῦ
1573 2415 1838 2484 ἁμαρτω-

251 2507 364 2560 λοῦ
413 2505 561 2575 (23),
591 2505 674 2570 ὡς
721 2505 787 2558 τὸ
821 2503 1182 2574 ἐπιστρέψαι
1223 2506 1413 2560 αὑτὸν
1456 2508 1606 2576 πρός
1627 2523 1705 2577 με
1739 2506 1837 2563 καί

255 2595 380 2665 ζῆν.
415 2594 578 2666 Δύτῷ
613 2595 648 2665 ὴ
681 2594 831 2662 δόξα.
864 2594 1061 2666 Ἀμήν.

872 2705 1096 2760 ΛΟΓΟΣ
1141 2704 1217 2763 Ζ’.

604 2820 715 2877 Ὶοῦ
741 2819 924 2876 αὐτοῦ
956 2822 1044 2889 εις
1079 2819 1186 2876 τὸν
1222 2819 1504 2892 Ἀϐραάμ.

316 2954 390 3011 α’.
426 2955 522 3026 Τῷ
563 2954 797 3027 φιλοθέῳ
849 2955 944 3011 καὶ
987 2955 1342 3026 πνευματικῴ
1368 2993 1384 3018 ,
1443 2956 1514 3010 τά
1555 2955 1650 3010 τοῦ
1693 2957 1839 3027 φιλο-

252 3049 374 3104 θέω
404 3052 652 3122 σήμερον
689 3048 942 3121 Ἀϐραάμ
985 3047 1356 3120 διηγησόμεθα
1383 3048 1794 3120 κατορθώματα
1819 3090 1835 3116 ,

255 3138 296 3210 ᾧ
340 3145 536 3212 γέγονε
558 3144 662 3214 τῆς
687 3143 964 3212 φιλοθεῖας
996 3142 1126 3205 Θεὸς
1157 3142 1255 3212 μὲν
1289 3141 1658 3212 ἀγωνοθέτης,
1690 3144 1838 3195 ἀντί-

1946 1962 2066 2015 silia
2093 1972 2407 2028 tractemus,
2435 1965 2570 2019 vitia
2609 1966 2869 2037 lacrymis
2893 1969 3326 2038 exstinguamus,
3377 1970 3513 2023 iram

1947 2057 2343 2124 praeveniamus
2403 2057 2782 2113 immutatione
2831 2060 3140 2130 propositi,
3188 2062 3516 2130 propitiandi
3598 2057 3600 2059 ’

1947 2147 2038 2201 Dei
2083 2159 2316 2218 tempus,
2350 2160 2410 2204 ut
2435 2166 2534 2220 par
2557 2162 2662 2217 est,
2696 2153 3056 2219 insumamus;
3092 2156 3378 2207 credamus
3412 2155 3519 2206 Deo

1945 2253 2010 2293 ex
2047 2254 2232 2295 amore
2261 2243 2431 2296 nostri
2469 2245 2640 2299 nimio
2665 2245 2874 2314 juranti
2913 2263 2926 2298 :
2965 2245 3102 2299 Nolo
3145 2257 3360 2299 mortem
3399 2265 3520 2317 pec-

1945 2332 2164 2397 catoris,
2193 2333 2283 2385 sed
2326 2342 2382 2386 ut
2428 2345 2763 2390 convertatur
2795 2337 2882 2390 ad.
2902 2353 3008 2404 me,
3049 2348 3096 2392 et
3137 2339 3273 2392 vivat
3299 2341 3367 2394 "°.
3413 2339 3515 2395 Cui

1945 2422 2138 2491 gloria.
2169 2423 2362 2479 Amen.

2520 2710 2780 2768 ORATIO
2823 2711 2934 2770 VII.

2344 2822 2597 2894 Ejusdem
2640 2827 2692 2879 in
2737 2825 3120 2881 Abrahamum.

2023 2954 2074 3010 i.
2137 2956 2228 3011 Dei
2274 2960 2478 3014 amanti
2525 2969 2580 3015 et
2647 2960 2876 3030 spiritali
2930 2962 3162 3018 auditori
3217 2963 3513 3023 Abraham

1947 3050 2056 3108 Deo
2096 3051 2415 3106 amicissimi
2448 3051 2692 3106 facinora
2721 3055 3092 3108 memorabilia
3130 3055 3300 3112 hodie
3320 3059 3516 3114 denar-

1945 3143 2204 3206 rabimus,
2235 3143 2320 3196 cui
2360 3142 2503 3197 Deus
2529 3143 2721 3212 obtigit
2743 3145 2944 3199 amoris
2967 3147 3134 3200 divini
3162 3151 3511 3217 agouotlieta,

259 3237 423 3300 παλος
469 3236 528 3290 δὲ
589 3236 788 3305 φύσις,
837 3237 1126 3306 πατρικοῖς
1189 3234 1436 3304 κέντροις
1484 3234 1835 3305 ὁπλιζομένη.

1945 3242 2132 3286 natura
2159 3240 2339 3286 autem
2363 3232 2702 3286 adversatrix
2749 3233 2848 3287 luit
2877 3233 3042 3288 animi
3076 3236 3283 3304 paterni
3316 3237 3513 3290 stimu-

259 3328 498 3397 Σκάμμα
527 3327 584 3380 δὲ
613 3328 646 3396 ἠ
691 3327 785 3379 τοῦ
832 3325 1019 3379 Ἰσαὰκ
1068 3325 1281 3394 σφαγὴ,
1313 3325 1450 3395 πρὸς
1481 3325 1837 3396 φιλοστόργου

257 3419 457 3488 ξιφήρη
487 3417 668 3483 δεξιάν
697 3417 1062 3486 άναμένουσα.
1092 3415 1235 3486 Πρὸς
1257 3414 1510 3468 τοσοῦτον
1530 3414 1717 3484 ἀγῶνα
1745 3415 1837 3468 τὸν

256 3508 349 3576 τῆς
396 3506 682 3578 φιλοθεῖας
731 3505 971 3578 ἀθλητὴν
1016 3507 1046 3558 ό
1087 3505 1218 3568 Θεὸς
1261 3503 1729 3576 προκαλούμενος.
1778 3506 1836 3559 ἐν

262 3599 404 3669 μέσῳ
428 3599 530 3668 τῆς
559 3598 891 3670 οἰκουμένης
932 3596 1132 3668 σταδίῳ
1172 3595 1571 3667 προϐάλλεται,
1615 3595 1836 3660 πολλαῖς

262 3691 353 3760 μὲν
400 3690 673 3761 πρότερον
698 3690 1025 3760 γυμνασίαις
1069 3687 1270 3759 ἀρετῆς
1299 3685 1461 3742 αὑτὸν
1495 3686 1750 3758 καθάπερ
1777 3688 1836 3739 ὲν

260 3783 565 3853 παλαίστρα
607 3782 1052 3855 παιδοτριϐήσας.
1094 3781 1232 3834 Νυνὶ
1280 3781 1336 3834 δὲ
1377 3779 1516 3850 μετὰ
1557 3781 1684 3844 τοὺς
1730 3798 1835 3851 μυ⁴

263 3872 404 3942 ρίους
454 3872 693 3945 ἱδρῶτας
735 3872 923 3944 ὥσπερ
973 3875 1030 3926 ὲν
1069 3871 1336 3945 πανδήμῳ
1361 3871 1574 3943 θεάτρῳ
1604 3871 1838 3944 προτρέ-

259 3981 436 4018 inter
475 3965 566 4019 ἴνα
595 3966 691 4019 καὶ
712 3965 847 4034 πρὸς
868 3963 1057 4019 τοῦτον
1078 3963 1509 4033 ἀποδυσάμενος,
1538 3963 1566 4016 ὁ
1589 3962 1704 4027 υἱὸς
1736 3961 1835 4033 μὲν

325 4125 372 4156 ⁷⁸
411 4124 618 4179 Ezecb.
660 4096 853 4191 xxxiii,
880 4122 969 4180 il.

1945 3323 2010 3376 lis
2037 3333 2274 3388 armata;
2319 3338 2483 3377 arena
2528 3338 2656 3378 vero
2713 3323 2814 3378 fuit
2852 3325 3046 3390 lsaaci,
3079 3327 3209 3381 dum
3244 3339 3512 3383 armatam

1941 3415 2090 3471 ferro
2125 3417 2404 3470 dexteram
2441 3415 2509 3470 ab
2544 3417 2922 3474 amantissimo
2954 3429 3179 3488 parente
3205 3433 3507 3492 exspectat,

1935 3506 2221 3577 jugulatio.
2250 3506 2548 3574 Athletam,
2582 3523 2743 3577 quem
2775 3510 2841 3564 ad
2893 3520 3100 3566 tantam
3135 3514 3302 3568 diviui
3353 3515 3512 3585 hujus

1941 3601 2142 3654 altioris
2163 3599 2611 3654 exercitationem
2652 3603 2982 3670 provocabat
3012 3604 3173 3670 Deus,
3197 3606 3249 3661 in
3275 3608 3510 3663 medium

1941 3697 2207 3743 terrarum
2241 3688 2395 3742 orbis
2429 3689 2666 3743 stadium
2705 3691 2927 3759 conjieit
2962 3692 3146 3748 multis
3177 3705 3306 3749 ante
3335 3697 3508 3751 virtu-

1942 3789 2052 3835 tum
2076 3780 2462 3848 experimentis
2493 3779 2641 3836 velut
2669 3781 2719 3836 in
2758 3782 3008 3852 palaestra
3035 3785 3327 3840 eruditum.
3359 3785 3511 3840 Nunc

1939 3883 2118 3927 autem
2152 3871 2218 3926 ad
2267 3871 2484 3928 labores
2523 3873 2818 3928 immensos
2855 3883 3112 3946 tanquam
3143 3876 3198 3930 in
3233 3877 3506 3931 communi

1939 3961 2256 4032 populorum
2310 3961 2522 4017 theatro
2564 3963 2916 4029 cohortatur,
2953 3973 3012 4018 ut
3055 3967 3121 4020 ad
3161 3966 3262 4021 hoc
3293 3980 3512 4038 quoque

1482 4264 1592 4323 CL.
1632 4263 2002 4332 DAUSQUEII
2040 4261 2270 4320 NOT/E.

258 4424 500 4514 θηςεξιιε
550 4436 672 4478 sum
697 4420 1056 4514 ῖ,ςετε9ηθ.-ξὲ
1086 4420 1828 4514 μυιπιξ.-ῑρςεφ,μ“ίιτξιξπῑξπξξ

1941 4417 2199 4514 ἱρειώαἷο
2230 4418 2526 4514 montilnts,
2545 4427 2621 4514 tut
2649 4419 2894 4514 ἀπίστῳν
2925 4421 3103 4514 χεῖρες
3121 4423 3209 4514 ipsi]
3237 4420 3506 4514 ψαύουσει

291 4495 498 4549 rotuler

255 4508 532 4560 promlero
558 4532 577 4558 ,
661 4508 874 4547 nosuas
952 4508 1101 4558 erit;
1165 4508 1526 4561 loquebantur
1587 4508 1826 4546 armenti

257 4562 465 4634 Graece,
495 4565 591 4618 sed
614 4566 704 4634 -τῇ
745 4565 896 4634 φωνῇ
936 4563 1106 4616 πολλὰ
1148 4560 1522 4634 φρυγίζοντες,
1567 4563 1736 4634 inquit
1775 4561 1827 4615 in

262 4633 580 4704 Dionysium
613 4631 950 4704 Eustathius.
976 4634 1052 4687 De
1084 4631 1208 4704 arca
1240 4642 1295 4704 et
1319 4633 1419 4686 hoc
1447 4632 1650 4704 diluvio
1675 4631 1830 4698 plura

254 4701 532 4774 loseplins
550 4719 618 4758 ex
651 4702 959 4774 veteribus;
990 4703 1092 4756 etsi
1120 4704 1212 4774 Δί).
1247 4702 1474 4770 August.
1529 4702 1622 4774 lib.
1670 4717 1830 4764 xvm,

254 4770 466 4843 cap.'8,
505 4773 578 4828 De
616 4773 819 4854 cipitat.
859 4775 1084 4838 scribat,
1116 4771 1243 4828 illud
1274 4775 1515 4842 ignotum
1544 4770 1747 4827 Graiae
1776 4781 1830 4827 et

255 4840 463 4897 Latina
494 4845 753 4897 historia.

336 4856 463 4898 tina:
496 4856 753 4898 historia.

321 4858 463 4899 uina:
496 4858 753 4898 historiae.

321 4912 437 4984 (21)
487 4911 748 4984 Ἀϐάτοις
782 4913 1240 4984 φυλαττόμενον
1261 4909 1494 4984 Ᾱδρεσιν.
1536 4909 1663 4984 Scio
1693 4909 1770 4984 fro
1795 4929 1831 4965 α

255 4980 579 5051 quandoque
611 4980 986 5038 difﬁcultatem
1037 4980 1207 5035 solum
1240 4982 1427 5051 dicere
1481 4980 1639 5051 quod‘
1661 4981 1704 5036 si
1745 4996 1832 5037 se-

253 5045 732 5122 ᾀιιετετ,’άϐάτοις
766 5063 912 5106 esset
948 5051 1087 5105 idem
1115 5067 1235 5104 cum
1266 5045 1569 5113 δυσϐάτοις.
1605 5045 1710 5122 Sed
1747 5065 1832 5105 re-

253 5135 458 5192 pugnat
500 5133 657 5176 tenor
701 5124 989 5178 verborum
1032 5122 1287 5192 auctoris.
1345 5122 1414 5173 At
1461 5121 1730 5188 quomodo
1793 5121 1829 5175 ii

253 5190 470 5247 inontes
506 5192 794 5255 inaccessi,
825 5195 894 5255 si,
924 5200 1142 5245 auctore
1189 5190 1410 5253 Beroso,
1448 5195 1512 5243 ad
1561 5192 1828 5259 expiatio-

252 5277 347 5315 nes
376 5263 717 5332 potissimum
745 5273 795 5332 et
831 5263 966 5315 mala
995 5263 1401 5332 averruncauda
1422 5259 1680 5332 homines
1706 5261 1830 5315 inde

253 5329 492 5385 bituiuen
515 5342 707 5399 petunt
728 5331 1036 5401 lJoseplius
1061 5331 1178 5400 ejus
1202 5330 1522 5401 sententiam
1552 5329 1825 5401 referens:

251 5402 358 5455 Καὶ
424 5398 680 5472 κομίζειν
736 5398 912 5464 τινὰξ
941 5400 1040 5471 τῆς
1070 5398 1369 5472 ,ἀσφάλτου
1407 5398 1826 5472 μάφαιροῦντας.

249 5469 508 5542 Χρῶνται
542 5473 602 5525 δὲ
658 5471 896 5543 μάλιστα
942 5469 1009 5543 oi:
1050 5469 1322 5543 ἄνθρωποι
1363 5469 1441 5540 τῷ
1483 5471 1829 5541 κομιζομένῳ

249 5539 380 5612 πρὸς
404 5545 532 5605 τοὺς
556 5539 1066 5614 ἀποτροπιασμούς.
1091 5539 1221 5614 Item
1250 5539 1510 5614 Nicolaus
1543 5539 1828 5614 Dauliasce;

250 5609 347 5666 nus
381 5614 494 5682 jam
531 5624 644 5668 tum
701 5609 818 5668 aevo
847 5609 948 5682 suo
991 5615 1086 5678 ait,
1134 5613 1214 5666 Τὰ
1252 5611 1478 5682 λείψανα
1516 5611 1624 5664 τῶν
1657 5609 1828 5676 ξύλων

251 5683 337 5754 ἐπὶ
368 5681 502 5736 πολὺ
535 5682 780 5752 σωθῆναι
811 5699 824 5738 :
872 5681 1160 5754 Lignorum
1207 5681 1362 5751 hujus
1406 5697 1544 5736 arcae
1575 5682 1827 5750 reliquias

249 5752 337 5803 diu
368 5764 606 5807 seri-atas
649 5771 784 5808 esse.
831 5752 1015 5808 Sensit
1058 5763 1237 5808 autem
1291 5754 1518 5807 Basilius
1549 5767 1642 5806 sua
1693 5762 1828 5804 tem-

253 5833 456 5890 pestate
486 5839 676 5881 arcam
722 5824 893 5882 fuisse
923 5824 1214 5894 integram,
1265 5825 1491 5894 ideoque
1533 5821 1825 5878 inaccessis

661 4489 874 4547 nostras
952 4495 1055 4547 erit
1086 4489 1118 4558 ;“
1165 4493 1526 4562 loquebantur
1587 4491 1826 4546 Armenii

1941 4493 2001 4560 τῇ
2026 4489 2166 4562 κατά
2195 4489 2389 4562 μικρὸν
2427 4489 2641 4562 δαπάνῃ
2685 4489 2782 4560 τὴν
2833 4489 2962 4544 θέαν

3042 4511 3070 4544 υ
3078 4492 3355 4562 μήνωνται
3379 4515 3387 4546 :
3424 4492 3476 4546 Ν
3480 4511 3506 4547 e

1936 4559 2123 4613 manus
2147 4559 2547 4630 inrredulorumﬁ
2566 4559 2692 4612 dum
2722 4559 2962 4630 tangunt,
2997 4559 3338 4630 pauxillatim
3366 4573 3505 4616 utte-

1931 4639 2054 4702 rant
2084 4639 2134 4684 et
2156 4630 2490 4702 labefactent.
2523 4629 2694 4699 Juuge
2727 4629 2887 4699 igitur
2924 4629 3241 4698 particulam
3274 4631 3349 4702 μὴ
3377 4647 3497 4687 cum

1930 4699 2298 4771 λυμήνωνται.
2330 4701 2532 4771 Duplex
2555 4713 2736 4754 autem
2763 4711 2936 4770 potest
2961 4712 3131 4755 tactus
3148 4699 3347 4758 caveri.
3384 4702 3501 4758 Uno

1932 4769 2127 4841 nitido,
2149 4786 2219 4824 ue
2247 4769 2488 4841 _simplex
2518 4769 2966 4825 contrectantium
3010 4771 3250 4826 all‘rictus
3284 4773 3496 4841 tandem
3575 4803 3584 4812 -

1931 4839 2186 4910 paulatim
2245 4838 2384 4908 ligna
2420 4841 2758 4910 absumatet
2810 4842 3036 4910 delerat,
3084 4843 3225 4910 quod
3255 4847 3322 4895 de
3352 4839 3500 4895 iovis

1931 4909 2222 4964 Sintularro
2245 4911 2384 4978 apud
2410 4909 2791 4978 Agrigentinos
2830 4909 3088 4979 scriptum
3123 4922 3205 4964 est
3245 4912 3295 4965 iu
3326 4912 3504 4967 Verri-

1929 4981 2011 5034 ni:
2035 4995 2055 5032 :
2094 4979 2162 5034 Ut
2195 4981 2381 5033 rictum
2413 4980 2546 5047 ejus,
2583 4995 2645 5032 ac
2684 4989 2914 5034 mentum
2957 4981 3118 5049 paulo
3143 4982 3213 5034 sit
3241 4983 3500 5045 uttritius,

1929 5050 2067 5118 quod
2096 5052 2146 5102 in
2182 5050 2418 5118 precibus
2447 5059 2496 5103 ct
2528 5051 2968 5119 gratulationibus
3004 5067 3106 5104 non
3132 5051 3303 5104 solum
3334 5054 3390 5105 id
3414 5069 3500 5106 vc-

1932 5122 2130 5184 nerari,
2160 5136 2336 5174 verum
2369 5121 2528 5174 etiam
2565 5121 2796 5191 osculari
2831 5119 3020 5173 solent.
3062 5121 3266 5186 Altero,
3307 5138 3372 5176 ne
3408 5123 3500 5191 qui

1935 5197 2157 5260 tangunt
2190 5205 2396 5254 arcam,
2434 5189 2763 5244 frustillatim
2809 5191 3079 5259 carpendo
3125 5189 3496 5259 corrumpant.

1932 5256 2066 5314 Utro
2105 5264 2267 5314 modo
2288 5261 2490 5315 dixeris
2519 5261 2584 5313 ad
2613 5275 2752 5313 arcte
2791 5256 3179 5328 integritatem,
3208 5256 3369 5330 quam
3400 5277 3498 5316 suo

1933 5339 2168 5400 tempore
2205 5333 2430 5385 durasse
2462 5343 2517 5385 et
2562 5330 2772 5386 eminus
2815 5331 3047 5400 spectari
3088 5346 3375 5387 consuesse
3424 5333 3500 5386 ait

1931 5397 2178 5459 Basilius.
2210 5401 2521 5468 pertinebit.

2001 5469 2112 5538 (22)
2162 5470 2372 5535 Μῖσος.
2429 5472 2590 5526 Certo
2651 5471 2852 5526 certius
2899 5471 3241 5526 scribendum
3305 5469 3495 5541 μῦσος.

2007 5541 2223 5611 (25)_01’)
2248 5542 2546 5605 βούλομαι
2574 5542 2680 5595 τὸν
2705 5541 2962 5594 θάνατον
2992 5541 3098 5595 τοῦ
3124 5541 3495 5611 ἀμαρτῳλοῦ.

1929 5609 2098 5682 Biblia
2126 5609 2288 5682 Regia
2321 5612 2554 5682 ἀσεϐεῖς.
2592 5609 3344 5682 Ειιιίθιηέπιστρέψαιήάσεϐἦ
3392 5611 3497 5663 lion

1929 5681 2112 5734 αὐτόν.
2159 5681 2203 5731 Α
2248 5679 2445 5735 Basilio
2485 5682 2687 5735 faciunt
2734 5681 2899 5736 Biblia
2950 5679 3170 5737 ltasileae
3209 5683 3496 5748 impressa,

1927 5764 1980 5823 et
2013 5749 2396 5823 Tertullianus,
2425 5753 2512 5819 qui
2547 5751 2686 5808 libro
2724 5752 2798 5807 De
2831 5753 3070 5808 oratione
3099 5752 3226 5823 legit
3251 5759 3499 5819 peccato-

1927 5820 2020 5890 ris,
2044 5828 2099 5876 et
2135 5820 2266 5879 locis
2286 5820 2550 5892 pluribus.
