4102 6558
319 444 407 507 105

1651 450 1933 511 URATIO
1968 452 2101 511 VII.

3425 447 3524 518 106

308 556 339 606 ὁ
363 552 496 616 Θεὸς
524 548 796 619 ἐπείραῖε,
829 550 990 622 φησὶ,
1018 551 1124 605 τὸν
1164 551 1422 622 Ἀϐραάμ
1450 551 1583 623 (26).
1626 553 1691 607 Τί
1713 556 1849 627 γάρ;

1959 555 2098 611 Deus
2128 555 2395 610 Abraham
2419 559 2487 613 ⁷³.
2511 557 2650 626 Quid
2675 559 2860 614 enim?
2881 573 2947 614 an
2988 546 3207 616 athletae
3228 556 3524 631 periculum

304 639 469 709 ἠγνόει
496 638 595 708 τὴν
620 637 834 709 ἀρετὴν,
870 639 958 691 ἵνα
1001 640 1240 711 πειράσῃ
1284 642 1377 695 τὸν
1418 642 1691 715 άθλητήν;
1726 646 1858 710 Θεὸς

302 729 514 796 ἀνέμενε
546 727 643 799 τὴν
682 729 903 799 πεῖραν,
956 729 1042 783 ἴνα
1082 730 1227 803 μάθῃ
1262 731 1362 802 τὴν
1393 733 1685 804 πρόθεσιν;
1728 737 1857 789 Πει-

306 817 441 886 piget
470 816 663 883 τοίνυν,
712 817 813 870 οὐκ
865 818 1034 883 αὐτὸς
1079 821 1307 888 ἀγνοῶν,
1365 822 1479 876 ἀλλ’
1516 824 1602 878 ἵνα
1631 825 1859 896 δημοσισ

302 906 419 979 εὖσῃ
462 907 553 960 τὸν
582 908 803 977 δίκαιον,⁵
856 909 945 963 ἵνα
979 910 1205 975 πολλοὺς
1236 912 1337 982 τῆς
1385 913 1478 967 τοῦ
1528 916 1857 985 Θεράποντος

303 999 483 1069 ἀρετῆς
515 1000 781 1073 ἐπιστήσῃ
810 1002 939 1065 τοὺς
972 1002 1276 1074 μάρτυρας.
1309 1005 1517 1075 Σμήχει
1551 1006 1628 1077 τῷ
1659 1024 1856 1078 πειρα-

302 1089 408 1160 σμῷ
448 1091 537 1143 τὴν
582 1092 679 1162 τῆς
730 1093 1007 1163 ὑπομονῆς
1054 1095 1369 1165 ἀνδριάντα,
1433 1097 1519 1151 ῐνα
1567 1098 1749 1164 δείξας
1793 1100 1855 1153 τὸ

299 1183 441 1250 ἔργον
468 1182 867 1254 λαμπρότερον,
917 1185 1054 1256 πρὸς
1100 1187 1286 1257 θαῦμα
1320 1187 1526 1260 καλέσῃ
1570 1190 1697 1254 τοὺς
1728 1190 1853 1261 βλέ-

298 1287 499 1335 ποντας.
545 1275 701 1327 Δονεῖ
747 1274 809 1327 τὸ
859 1276 1066 1345 σκάφος
1118 1280 1230 1341 τοῖς
1277 1278 1603 1348 πνεύμασιν,
1641 1281 1729 1334 ἴνα
1757 1280 1853 1335 τοῦ

297 1362 611 1435 κυϐερνήτου
656 1365 757 1435 τὴν
791 1366 986 1437 τέχνην
1029 1367 1341 1440 θαυμάσῃς.
1389 1370 1696 1442 Ἐπεγείρει
1745 1370 1854 1425 τῶν

294 1453 535 1523 κυμάτων
546 1455 654 1526 τὴν
688 1457 1006 1528 προσϐολὴν,
1041 1458 1106 1511 ἵν’
1134 1460 1417 1532 ὲκπλαγῇς
1439 1460 1499 1513 τὸ
1527 1462 1627 1531 τῆς
1658 1464 1851 1533 πείρας

292 1546 546 1615 ἀκίνητον.
576 1548 850 1618 Προσάγει
872 1548 940 1603 τά
971 1552 1187 1621 μηχανή
1198 1569 1367 1623 ματα,
1396 1552 1494 1625 τὴν
1520 1553 1616 1607 τοῦ
1642 1555 1851 1625 τείχους

293 1640 508 1709 ἐλέγχων
554 1641 915 1713 στερρότητα·
948 1642 1267 1714 ἐπανίστησι
1314 1643 1393 1716 τῷ
1430 1645 1624 1716 δικαίῳ
1652 1646 1722 1700 τά
1755 1647 1853 1719 τῆς

293 1731 486 1798 φύσεως
529 1731 775 1802 κύματα,
809 1732 896 1787 ἵνα
942 1734 1041 1804 τῆς
1090 1734 1367 1803 φιλοθείας
1417 1735 1708 1810 θαυμάσῃς
1761 1738 1851 1792 τὸν

291 1821 521 1890 ἔμπορον.
560 1818 724 1874 Λάϐε
775 1821 882 1875 τὸν
916 1823 1050 1875 υίόν
1091 1836 1208 1876 σου
1254 1821 1362 1875 τὸν
1410 1822 1739 1891 ἀγαπητὸν,
1779 1822 1853 1877 ὃν

1962 646 2109 713 fecit,
2163 649 2306 717 quod
2360 648 2477 717 ejus
2532 652 2786 708 virtutem
2841 652 3169 722 ignoraret?
3225 654 3437 720 ideone,
3473 666 3531 710 ιιι

1958 738 2124 793 animi
2158 740 2490 809 propositum
2525 743 2778 810 disceret,
2803 744 2920 813 ejus
2947 744 3223 814 specimen
3261 745 3400 799 Deus
3426 762 3524 800 ex-

1956 829 2503 900 spectabat?Tentat
2540 848 2670 903 ergo
2710 851 2815 890 non
2857 835 2926 890 ob
2953 851 3103 891 suam
3143 836 3525 906 ignorantiam,

1957 923 2053 978 sed
2105 930 2162 975 ut
2200 921 2379 992 justus
2418 923 2626 992 populis
2670 924 2945 993 invulget,
2976 935 3033 979 ιιι
3078 927 3221 981 servi
3270 928 3523 982 virtutem

1956 1013 2201 1081 pluribus
2232 1011 2395 1067 faciat
2420 1015 2777 1069 testatiorem.
2796 1014 3120 1071 Tentalione
3148 1029 3339 1089 purgat
3361 1020 3527 1074 Abra-

1956 1100 2179 1155 hamum
2218 1102 2495 1170 patientia:
2540 1102 2913 1167 simulacrmn,
2968 1112 3025 1158 ut
3085 1106 3324 1161 nitidiori
3361 1123 3525 1177 opere

1953 1203 2225 1248 ostentato
2258 1203 2592 1261 spectantem
2620 1196 2795 1265 rapiat
2844 1195 2896 1248 in
2941 1196 3392 1266 admirationem;
3425 1215 3526 1253 na-

1960 1284 2191 1339 viculam
2224 1286 2399 1340 ventis
2428 1286 2614 1355 agitat,
2650 1301 2757 1355 quo
2795 1288 3173 1358 gubernatoris
3201 1299 3374 1344 artem
3415 1306 3529 1344 ma-

1953 1373 2035 1443 gis
2078 1375 2409 1439 admireris;
2454 1374 2711 1429 ﬂuctuum
2766 1379 2874 1430 ciet
2918 1376 3212 1446 impetum,
3242 1386 3298 1432 ut
3342 1380 3529 1432 obstu-

1954 1481 2149 1536 pescas
2182 1482 2343 1537 quam
2380 1468 2523 1521 nulla
2561 1468 2859 1522 lentatione
2892 1478 3207 1532 moveatur;
3244 1470 3524 1525 machinas

1952 1557 2205 1613 admovet
2234 1557 2345 1630 5.0
2365 1574 2640 1614 murorum
2671 1559 3056 1613 ﬁrmitudinem
3086 1567 3364 1615 ostentans
3389 1578 3403 1614 :
3439 1576 3527 1615 nn-

1953 1657 2086 1704 turaz
2102 1646 2361 1705 ﬂuctusin
2375 1651 2577 1720 justum
2596 1650 2909 1709 sustollitmt
2932 1650 3182 1705 amicitia:
3194 1650 3385 1704 divina:
3398 1666 3529 1704 nun-

1953 1740 2256 1795 dinatorem
2286 1739 2603 1794 admireris:
2638 1736 2784 1793 Tolle
2813 1739 2983 1807 [ilium
3016 1748 3165 1793 tuum
3200 1741 3526 1807 unigenitum

1950 1848 2100 1902 quem
2127 1832 2327 1902 diligis,
2358 1829 2516 1884 Isaac
2536 1829 2605 1884 ⁷⁸.
2623 1830 2786 1884 Arma
2833 1840 3035 1883 natura:
3069 1831 3304 1895 exacuit,
3324 1832 3528 1885 omnia-

290 1913 614 1982 ἠγάπησας,
642 1914 753 1967 τὸν
786 1913 1015 1968 Ἰσαάκ.
1040 1913 1219 1966 Ὅπλα
1245 1913 1313 1966 τά
1337 1914 1435 1984 τῆς
1455 1915 1671 1984 φύσεως
1692 1916 1851 1985 ἡκόν-

1959 1934 2066 1987 que
2110 1921 2313 1974 amoris
2342 1919 2569 1990 ingeniti
2607 1921 2709 1973 tela
2737 1920 3011 1973 exhaurit.
3049 1919 3156 1975 Nec
3206 1921 3349 1975 enim
3394 1923 3526 1976 sim-

292 2021 397 2070 ησε,
423 2003 607 2066 πάσας
636 2001 733 2055 τοῦ
764 2002 987 2071 φίλτρου
1006 2000 1104 2064 τὰς
1129 2001 1320 2065 ἀκίδας
1350 2001 1586 2055 ὲκένωσε
1606 2019 1621 2034 ·
1653 2004 1712 2056 οὐ
1742 2003 1851 2076 γάρ

296 2092 425 2148 εἶπεν
445 2093 640 2157 ἁπλῶς
658 2108 674 2124 ’
710 2092 930 2155 Ἀπόδος
956 2092 1015 2145 ὃν
1044 2091 1242 2152 ἔδωκα.
1274 2093 1309 2165 ἢ
1335 2092 1508 2145 Θῦσον
1536 2093 1594 2146 ὃν
1625 2093 1815 2157 ἔλαϐες
1833 2109 1846 2123 ⁶

196 2191 203 2198 ’
292 2184 405 2238 ἀλλά
436 2184 546 2239 Τὸν
600 2183 737 2239 υἱόν
758 2198 875 2238 σου
904 2180 1012 2235 τὸν
1049 2182 1379 2252 ἀγαπητὸν,
1406 2181 1479 2235 ὃν
1510 2182 1849 2252 ἠγάπησας.

290 2277 499 2348 Πλήττει
533 2276 644 2348 τὴν
690 2274 873 2346 ψυχὴν
917 2275 1026 2337 τοῖς
1056 2275 1155 2345 τῆς
1185 2272 1568 2346 φιλοστοργίας
1598 2273 1848 2342 ὀνόμασι.

288 2367 531 2422 martius:
564 2366 670 2429 τὰς
700 2366 942 2437 κλήσεις,
970 2363 1059 2416 ἵνα
1111 2363 1270 2416 πλέον
1300 2362 1484 2436 άνάψῃ
1509 2362 1609 2433 τὴν
1642 2362 1814 2432 φλόγα
1832 2376 1847 2391 °

286 2461 396 2523 ὅλας
414 2458 607 2527 ἐξέχεε
630 2456 749 2511 κατ’
778 2455 944 2510 αὐτοῦ
967 2454 1067 2517 τὰς
1093 2454 1323 2523 νιφάδας
1346 2455 1443 2521 τῆς
1464 2452 1680 2522 φύσεως
1700 2453 1811 2524 (27)
1833 2469 1848 2485 ο

287 2552 381 2606 Eoi
405 2551 701 2620 ἀνένεγκε
722 2548 911 2604 αὐτόν
938 2550 1026 2614 εἰς
1057 2546 1480 2615 ὀλοκὰρπωσιν
1503 2545 1596 2614 ἐφ’
1628 2545 1700 2599 ἐν
1731 2545 1853 2601 τῶν

285 2643 468 2710 ὁρέων,
493 2637 590 2695 ὧν
619 2641 699 2694 ἄν
742 2655 840 2693 σοι
878 2638 1045 2692 εἴπω.
1086 2636 1221 2691 Οὐδὲ
1254 2634 1531 2707 γνώριμον
1577 2633 1727 2705 αὐτῷ
1759 2636 1852 2687 τὸν

284 2737 365 2787 τοῦ
392 2735 548 2803 φόνου
584 2733 753 2787 τόπον
783 2729 1095 2802 ἐργάζεται.
1129 2728 1453 2799 Παρατείνει
1481 2727 1572 2780 τὸν
1598 2725 1850 2798 ἀριθμὸν,

286 2823 578 2892 βασανίζων
626 2822 721 2875 τὸν
766 2822 993 2891 τρόπον.
1044 2817 1152 2873 Kal
1195 2816 1483 2887 ἀνένεγκε
1527 2815 1716 2871 αὐτὸν
1766 2819 1852 2883 εἰς

282 2913 802 2982 όλοκάρπωσινέερ*
822 2911 893 2965 ἓν
908 2909 1025 2965 τῶν
1049 2909 1250 2978 ὀρέων.
1274 2909 1398 2972 Πῶς
1427 2909 1529 2963 οὐκ
1552 2907 1741 2979 ἔφριξε
1754 2909 1852 2977 τὴν

280 3008 480 3076 φωνήνς
518 3005 649 3069 πῶς
679 3006 741 3057 οὐ
772 3002 1066 3072 συνεστάλη
1108 3002 1207 3072 τὴν
1231 3000 1409 3072 ψυχὴν
1437 3004 1503 3072 τῇ
1543 3001 1725 3071 πληγῇ
1751 3000 1851 3071 τῆς

281 3098 479 3166 φωνῆς-ς
526 3096 655 3159 πῶς
699 3096 799 3147 οὐκ
836 3094 1037 3162 ἔφθασε
1067 3094 1132 3163 τῇ
1158 3092 1379 3162 τελευτῇ
1409 3092 1507 3162 τὴν
1530 3091 1626 3144 τοῦ
1653 3092 1848 3144 τέκνου

282 3188 516 3258 σφαγή-ις
559 3186 707 3238 Ἀλλ’
730 3184 775 3237 ὣ
804 3184 974 3255 ψυχῆς
991 3184 1288 3255 καρτερᾶςῑ
1311 3184 1410 3237 οὐκ
1435 3182 1852 3246 ὲστέναξεν,οὺκ
1879 3223 1921 3280 c

280 3278 709 3349 ἱδάκρυσεν,οὑκ
740 3273 850 3344 εἶξε
878 3278 947 3347 τῇ
978 3275 1275 3345 φύσει.οὑκ
1304 3275 1568 3346 ἐμερίσθη
1584 3278 1696 3338 τοῖς
1732 3274 1854 3345 βου-

278 3370 521 3443 λεύμασι,
565 3371 632 3423 οὐ
660 3370 723 3424 τὸ
749 3370 1040 3441 πρόσωπον
1069 3367 1321 3439 ἦμειψεν,
1343 3368 1443 3421 οὐκ
1463 3368 1643 3439 ἀφῆκε
1674 3365 1855 3438 φωνὴν

277 3465 366 3533 τὴν
388 3462 696 3532 πατρικὴν,
724 3462 916 3515 τέκνου
948 3462 1163 3531 σφαγὴν
1195 3460 1617 3532 ἀπαιτούμενος,
1648 3461 1748 3513 οὐκ
1774 3454 1853 3512 εἴ·

280 3570 369 3607 πεν
395 3554 541 3623 άπερ
570 3554 612 3624 ἡ
640 3552 798 3621 φύσις
822 3552 1092 3606 ἐϐούλετοο
1136 3553 1202 3605 Ὠ
1239 3552 1405 3620 ξένων
1433 3552 1851 3622 ἐπιταγμάτωνὲ

284 3647 457 3701 Ὢτῶν
487 3646 655 3717 παρὰ
681 3645 843 3713 φύσιν
859 3644 1368 3716 παραγγελμάτωνί
1402 3644 1606 3697 Τέκνου
1643 3642 1856 3714 σφαγὴν

280 3738 550 3810 αἰτοῦμαι,
584 3738 683 3790 καὶ
702 3735 956 3804 γενέσθαι
983 3735 1171 3798 παιδὸς
1191 3734 1598 3805 προστάττομαι
1625 3733 1816 3804 δήμιος
1838 3751 1851 3764 ο

282 3832 456 3903 Πατὴρ
492 3829 727 3901 βραδὺς,
750 3828 846 3882 καὶ
874 3826 1194 3897 τεκνοφόνος
1220 3825 1409 3896 ταχύς.
1448 3828 1510 3880 Ὦ
1541 3826 1736 3888 πόσαις
1762 3825 1857 3879 καὶ

282 3921 447 3985 ποίαις
480 3919 708 3973 ἐλπίσιν
758 3918 987 3989 ἐτήρουν
1032 3916 1120 3970 τὸν
1150 3916 1444 3986 φίλτατονί
1479 3916 1609 3969 Ὅτε
1630 3931 1722 3985 μοι
1753 3917 1853 3985 τῆς

280 4012 526 4075 ἀτεκνίας
582 4008 748 4080 ἐλύθη
779 4005 842 4061 τὸ
868 4006 1061 4071 πάθος,
1091 4006 1213 4060 τότε
1262 4006 1423 4060 πάλιν
1455 4006 1710 4060 ἀτεκνίαν
1734 4005 1853 4059 ὀδύ-

283 4117 453 4171 ρομαι.
496 4100 626 4153 Οὐκ
656 4095 724 4168 ἦν
756 4090 911 4161 οὗτος
943 4096 1142 4168 ἀνιαρά
1178 4113 1269 4167 μοι
1316 4096 1422 4167 πρὸ
1453 4100 1554 4168 τῆς
1597 4096 1792 4168 πείρας
1822 4098 1855 4168 ἡ

282 4191 363 4244 τοῦ
409 4191 617 4253 παιδὸς
665 4188 890 4260 ἐρημία.
947 4186 1114 4241 Οὔπω
1160 4190 1225 4259 τῇ
1279 4187 1577 4242 ἀπολαύσει
1628 4188 1857 4260 τρωθεὶς

282 4281 518 4349 ⁴ιςγνόουν,
557 4279 625 4332 δν
653 4279 755 4331 οὐκ
794 4274 972 4348 εἷλον
1008 4277 1103 4333 νῦν
1139 4278 1197 4331 δὲ
1226 4281 1293 4349 τῇ
1326 4278 1485 4348 φύσει
1521 4279 1714 4346 δεθεὶς,
1763 4280 1858 4333 καὶ

280 4371 351 4442 τῷ
379 4371 533 4442 πόθῳ
565 4369 963 4440 προσηλωθεὶς,
990 4370 1049 4422 οὐ
1078 4369 1229 4441 φέρω
1262 4369 1355 4422 τὸν
1385 4371 1546 4423 πόνον
1574 4370 1676 4442 τῆς
1696 4371 1857 4441 ἀφαι-

286 4464 499 4533 ρέσεως.
542 4461 618 4515 Τί
666 4456 760 4515 οὖν
807 4476 875 4531 με
904 4460 998 4514 καὶ
1031 4460 1242 4532 πατέρα
1284 4460 1462 4526 δείξας
1514 4462 1857 4517 παιδοκτόνον

1953 2008 2164 2078 pliciter
2193 2008 2363 2064 dixit:
2402 2009 2584 2064 Redde
2610 2024 2771 2080 quem
2809 2009 2967 2075 dedi;
3003 2019 3129 2065 aut:
3168 2010 3340 2066 Macta
3364 2026 3521 2079 quem

1952 2100 2252 2169 accepisti;
2318 2100 2452 2156 sed:
2507 2099 2842 2170 Unigem'tum
2894 2101 3070 2170 ﬁlium
3134 2112 3320 2166 tuum,
3371 2118 3524 2171 quem

1952 2193 2148 2257 diligis.
2199 2190 2349 2247 Ferit
2413 2192 2653 2247 animum
2722 2193 2922 2247 amoris
2983 2194 3519 2254 commemoratione.

1954 2282 2283 2351 multiplicat
2334 2284 2744 2353 appellationes,
2787 2284 2982 2353 quibus
3026 2285 3296 2339 ﬂammam
3346 2286 3524 2339 acrius

1951 2375 2250 2441 accendat;
2285 2391 2474 2430 omnes
2525 2374 2748 2430 ell‘undit
2804 2376 2855 2428 in
2900 2390 3022 2429 eum
3074 2387 3284 2431 natnrte
3334 2376 3518 2432 nives:

1952 2465 2118 2537 Atque
2149 2467 2220 2520 ibi
2262 2467 2447 2536 offeres
2499 2483 2616 2520 eum
2664 2468 2719 2520 in
2758 2466 3118 2520 holocaustum
3167 2482 3322 2535 super
3362 2483 3522 2521 unum

1951 2555 2208 2609 montium
2234 2572 2409 2625 quem,
2440 2566 2797 2609 monstravero
2825 2556 2919 2607 libi
2939 2555 3006 2608 ".
3032 2554 3215 2624 Neque
3242 2555 3403 2610 caedis
3444 2555 3527 2608 lo-

1951 2660 2074 2699 cum
2108 2654 2291 2698 notum
2324 2644 2473 2698 facit.
2530 2642 2792 2697 Montium
2818 2643 3063 2711 producit
3094 2656 3405 2707 numerum,
3434 2658 3527 2695 ca-

1954 2734 2107 2803 piens
2140 2748 2349 2788 mornm
2383 2733 2683 2803 specimen.
2716 2730 2785 2784 Et
2808 2732 2992 2800 offeres
3017 2748 3134 2786 eum
3176 2732 3232 2785 in
3273 2731 3527 2785 holocau-

1956 2836 2095 2880 stum
2148 2842 2305 2894 super
2342 2842 2504 2879 unum
2540 2824 2819 2887 montium,
2856 2839 3005 2891 quem
3039 2833 3392 2876 monstravero
3413 2824 3523 2878 tibi.

1953 2916 2235 2982 Quomodo
2271 2916 2338 2971 ad
2386 2930 2505 2971 eam
2534 2930 2721 2969 vocem
2766 2928 2872 2966 non
2927 2913 3229 2967 inhorruit?
3258 2914 3529 2982 quomodo

1956 3021 2060 3059 non
2087 3004 2189 3059 fuit
2215 3006 2429 3060 animus
2456 3005 2606 3059 vocis
2629 3004 2973 3074 perculsione
3001 3003 3373 3059 contractior?
3397 3019 3529 3072 quo-

1958 3098 2115 3152 modo
2169 3097 2258 3150 lilii
2296 3095 2684 3167 iugulationem
2728 3103 2903 3148 morte
2955 3109 3060 3148 non
3115 3094 3528 3149 antevertitlo

1956 3187 2118 3241 animi
2151 3187 2565 3241 ﬁrmitudinem!
2601 3183 2718 3239 Non
2747 3184 2972 3255 gemuit,
3007 3198 3111 3236 non
3148 3183 3526 3253 illacrymavit,

1957 3294 2063 3333 non
2105 3290 2309 3333 naturae
2354 3278 2403 3332 vi
2459 3277 2665 3332 fractus
2717 3284 2823 3340 est,
2872 3290 2979 3330 non
3032 3276 3083 3329 in
3119 3276 3299 3331 vnrias
3345 3284 3528 3344 partes

1956 3369 2187 3425 consilia
2221 3368 2454 3438 partitus
2490 3375 2596 3428 est.
2625 3365 2737 3420 oris
2781 3364 3143 3421 constantiam
3185 3365 3378 3424 tenuit.
3422 3379 3527 3418 non

1955 3460 2135 3514 emisit
2160 3473 2346 3512 Vocem
2369 3466 2520 3525 patre
2547 3456 2788 3527 dignam,
2821 3456 3056 3527 quailllii
3079 3455 3321 3525 jugulum
3346 3467 3531 3524 petere

1956 3553 2262 3611 abnueret;
2307 3564 2411 3601 non
2472 3548 2608 3601 dixit
2662 3562 2781 3617 qua:
2846 3546 2914 3601 ab
2966 3547 3180 3617 ingenio
3253 3546 3528 3603 voluisset.

1956 3640 2001 3696 Ο
2040 3640 2357 3693 barbaricas
2409 3636 2831 3707 praeceptione-.8!
2865 3652 2900 3691 ο
2944 3636 3169 3706 imperia
3227 3652 3256 3690 a
3323 3648 3531 3694 natura:

1960 3730 2171 3800 legibus
2234 3727 2615 3782 abhorrentia!
2679 3726 2803 3779 Filii
2853 3726 3097 3795 jugulum
3160 3741 3436 3796 reposcor,
3476 3738 3533 3782 et

1960 3822 2051 3875 lilii
2079 3820 2323 3875 carnifex
2352 3830 2476 3874 esse
2513 3817 2728 3887 iubeor.
2765 3817 2937 3872 Serus
2958 3832 3080 3871 cum
3116 3818 3307 3871 luerim
3354 3827 3531 3887 pater,

1957 3911 2011 3966 in
2043 3912 2135 3966 lllii
2161 3910 2363 3966 eadem
2393 3922 2621 3979 propere
2651 3922 2864 3977 urgeor.
2904 3907 2952 3964 0
2991 3908 3289 3977 cuiusmodi
3324 3909 3376 3961 in
3407 3924 3533 3977 spes

1958 4012 2142 4058 natum
2170 4002 2553 4058 charissimam
2583 4000 2867 4054 servabam
2896 4000 2910 4053 l
2946 3995 3358 4055 lnl‘ecundilatis
3393 4003 3533 4053 malo

1958 4096 2172 4151 solutus
2219 4107 2437 4148 rursum
2493 4107 2580 4146 me
2623 4091 2907 4161 improlem
2959 4106 3136 4161 gemo.
3200 4088 3318 4143 Non
3364 4106 3535 4158 usque

1957 4188 2093 4240 adeo
2122 4184 2215 4238 lilii
2248 4183 2454 4238 orbitas
2480 4191 2607 4236 ante
2632 4182 2875 4236 luctuosa
2924 4181 3045 4246 fuit,
3075 4196 3235 4250 quam
3268 4197 3412 4237 nunc
3437 4198 3535 4236 ex-

1958 4285 2112 4344 perto
2141 4274 2295 4329 mihi.
2336 4271 2582 4327 Nondum
2623 4272 2799 4328 fructu
2832 4272 2925 4326 lilii
2959 4272 3176 4326 saucius
3222 4285 3346 4324 eum
3384 4273 3537 4341 igno-

1962 4368 2174 4431 rabam,
2210 4378 2321 4435 quo
2359 4363 2635 4418 carebam.
2677 4363 2832 4417 Nunc
2856 4373 3034 4417 autem
3078 4372 3131 4417 et
3166 4373 3372 4417 natura:
3394 4364 3535 4416 obli-
3643 4365 3653 4376 '

1963 4466 2142 4529 gatnr,
2176 4466 2231 4511 et
2265 4455 2468 4510 amoris
2501 4455 2551 4509 vi
2594 4456 2747 4525 quasi
2776 4456 2929 4509 clavo
2959 4454 3202 4509 conﬁxus
3236 4456 3532 4525 interemp-

284 4552 612 4627 ὲργάζωτί
650 4567 718 4621 με
749 4551 1049 4621 τέρπεσθαι
1084 4555 1203 4616 ταῖς
1235 4551 1420 4606 ὠδῖσιν
1456 4552 1721 4619 ἐδίδαξας,
1757 4569 1853 4623 μεθ

1963 4550 2124 4605 tionis
2150 4548 2391 4604 dolorem
2426 4562 2530 4601 non
2556 4544 2818 4601 lero.Cur
2850 4546 3086 4609 tandem,
3117 4546 3205 4615 qui
3242 4560 3347 4611 me,
3368 4556 3422 4599 ut
3443 4560 3535 4615 ge-

284 4640 558 4707 ςαδίδαξας
590 4638 913 4710 ὀδύρεσθαις
963 4639 1016 4692 τί
1050 4639 1404 4711 μεταϐάλλεις
1447 4641 1541 4695 τὸν
1586 4641 1747 4696 πόθον
1771 4642 1854 4707 είς

290 4730 523 4797 aevom;
562 4729 620 4781 τί
656 4729 1081 4799 μετασκευάζεις
1121 4731 1181 4785 τὸ
1226 4730 1448 4803 φίλτρον
1492 4734 1572 4795 είς
1623 4732 1855 4803 θρῆνον;

294 4822 459 4890 μιανῶ
493 4819 686 4886 δεξιὰν
713 4819 907 4889 αἵμασι
955 4821 1161 4887 παιδὸς,
1191 4823 1334 4895 ὑπὲρ
1380 4814 1441 4876 οὗ
1477 4822 1735 4886 πολλάκις
1774 4839 1859 4877 σοι

354 4976 397 5009 ⁷⁸
418 4976 560 5033 Gen.
593 4991 730 5042 χιιι,
770 4976 822 5034 1.
926 4976 971 5007 ⁷³
999 4974 1128 5032 ibid.
1163 4976 1218 5032 2.
1295 4976 1341 5009 ’⁷⁵
1374 4977 1506 5032 ihid.

1963 4642 2104 4696 nitor
2149 4654 2357 4704 essem,
2392 4637 2616 4704 creasti,
2647 4637 2994 4707 parricidium
3026 4637 3183 4704 jubes
3210 4636 3537 4695 admittere?

1964 4733 2102 4800 Quid
2150 4744 2240 4786 me
2288 4738 2447 4800 partu
2499 4727 2758 4783 delectari
2805 4728 3079 4783 docuisti?
3107 4743 3174 4783 an
3228 4737 3287 4784 ut
3339 4730 3535 4784 deinde

1966 4824 2149 4893 lugere
2171 4821 2432 4876 duceres?
2464 4820 2603 4886 Quid
2645 4833 2884 4875 amorem
2918 4833 3153 4875 mmrore
3196 4820 3536 4875 commutas?

1491 5130 1599 5185 CL.
1643 5130 2010 5205 musque"
2049 5130 2279 5205 more.

357 5292 468 5361 (26)
513 5291 817 5362 Ἐπείραᾷ
872 5290 982 5362 τότ
1035 5289 1307 5359 Ἀϐραάμ.
1365 5287 1627 5362 Similiter
1669 5287 1866 5362 Biblia,

292 5358 403 5432 quia
447 5358 694 5418 Βοείινλε
728 5377 874 5432 casa.
933 5359 1104 5432 Regia
1130 5358 1270 5415 vero
1302 5374 1423 5429 qua:
1465 5358 1775 5432 Antuerpia:
1814 5368 1868 5432 e_t

296 5428 971 5505 διεριιιιιείιιιιιῄὲπείρασε.
1019 5428 1143 5505 ίΑΙίο
1206 5428 1399 5505 modo,
1434 5444 1543 5482 non
1591 5428 1755 5481 aliml.
1805 5428 1866 5480 τὸ

295 5499 543 5626 seipse;
582 5503 674 5559 Dei
719 5499 983 5559 tentantis
1028 5501 1297 5556 actionem
1346 5499 1510 5555 librat
1549 5507 1604 5552 et
1638 5512 1867 5568 suspen-

333 5583 387 5626 tt.
891 5606 903 5617 .

332 5576 387 5628 il.
891 5606 903 5617 .

363 5647 472 5715 (27)
502 5643 691 5709 Ὃλας
714 5643 923 5712 ἐξέχεε
957 5640 1083 5715 κατ’
1105 5640 1292 5715 αὺτοῦ
1332 5638 1438 5715 τὰς
1470 5636 1737 5715 νιφάδες-
1756 5634 1867 5705 τῆς

298 5708 549 5781 φύσεί-κ.
568 5708 1115 5777 Ρτὶιιιιιιιι’ἒιοιετίιξρι·ε
1144 5712 1222 5765 sic
1253 5713 1533 5781 lentz-bam
1563 5724 1582 5781 :_
1623 5708 1866 5781 Ἐξέκαιε

302 5778 413 5836 Ξιατ⁹
439 5778 599 5839 αὑτοῦ
630 5786 728 5849 τὰς
750 5783 914 5854 δᾷδας
939 5783 1037 5850 τῆς
1069 5781 1304 5854 φύσεως,
1339 5782 1480 5850 quod
1494 5778 1699 5854 luisset
1718 5778 1865 5854 geni-

303 5855 388 5907 tiri
436 5858 637 5910 umoris
672 5848 813 5923 faces
871 5848 1226 5921 inﬂammare.
1255 5848 1417 5920 quue
1453 5849 1610 5904 aliine
1653 5850 1867 5904 videba-

681 5948 954 6013 ΡΑτιιοι..
998 5944 1113 6006 Ga.
1155 5942 1436 6007 LXXXV.

1975 5298 2064 5361 tur
2093 5288 2350 5361 proximae
2397 5285 2759 5361 translationi,
2822 5285 3024 5357 Ἀνάφῃ
3063 5284 3160 5357 τὴν
3189 5285 3382 5354 φλόγα,
3433 5283 3535 5361 Sed

1976 5354 2107 5411 mihi
2135 5359 2406 5412 decretum
2437 5365 2519 5410 est
2554 5355 2683 5409 nihil
2733 5365 2933 5410 temere
2965 5354 3181 5411 mutare
3213 5396 3228 5417 .
3258 5367 3311 5408 et
3344 5354 3537 5423 proha-

1976 5436 2082 5498 tnr,
2110 5428 2253 5498 quod
2282 5424 2844 5498 improbattttnibam.
2877 5427 2969 5498 rAc
3001 5427 3044 5481 si
3081 5426 3222 5479 dicat
3250 5423 3480 5498 Basilius
3518 5440 3532 5475 :

1972 5497 2110 5551 Deus
2130 5494 2566 5550 'urdcutissimum
2596 5496 2883 5549 Abrahami
2918 5498 2971 5550 in
2998 5512 3050 5550 se
3080 5511 3309 5549 amorem
3336 5494 3537 5560 objecta

1972 5570 2253 5621 tentalione
2286 5568 2348 5618 de
2373 5566 2476 5635 ﬁlii
2509 5566 2842 5637 jugulalione
2879 5568 3012 5621 velut
3056 5565 3281 5634 copiosis
3337 5562 3538 5616 nivibus

1971 5638 2152 5691 effusis
2182 5637 2377 5691 obruit.
3414 5676 3417 5677 ν

2000 5638 2573 5777 ᾔιέζίιῖεῗιξηξιιόῖιιιειιιιε
2600 5706 2681 5777 κᾶε
2717 5705 2921 5761 Davide
2951 5724 2962 5759 :
2993 5697 3062 5777 ᾯ
3106 5702 3359 5777 τοσοῦτον
3402 5676 3542 5770 συμ-

1974 5776 2158 5845 φορῶν
2188 5774 2413 5841 νιφάδας
2446 5776 2728 5844 ἐπαφῆκεν
2761 5778 2788 5830 ὁ
2818 5774 3079 5840 διάϐολος.
3120 5775 3379 5837 Iltcmem,
3414 5778 3545 5825 tem-

1971 5857 2281 5915 pestatemre
2302 5862 2489 5917 posses
2514 5848 2716 5903 dicere.
3110 5856 3119 5861 ’
