4102 6606
325 555 410 620 109
1713 558 1991 619 ORATIO
2028 560 2160 620 VII.

3458 567 3556 628 110

326 668 468 721 Τδδὲ
497 667 754 738 μέγιστον
802 671 883 735 είς
935 670 1306 745 παραμυθίαν,
1355 664 1400 725 ὧ
1447 669 1635 740 γύναι,
1672 673 1752 737 είς
1797 675 1878 727 ai-

1990 674 2197 739 reddat,
2224 688 2346 729 cum
2384 674 2454 730 ita
2484 677 2658 734 visum
2689 677 2813 733 erit.
2844 676 2974 732 Nam
3005 680 3096 748 qui
3124 695 3266 747 eum,
3301 697 3421 736 cum
3448 699 3554 738 non

314 775 454 828 zqstv
497 755 630 830 ἦλθε
674 759 890 826 Θυσίας,
936 764 965 815 6
1015 764 1109 816 τοῦ
1163 762 1398 833 βρέφους
1440 762 1585 833 ’έχων
1643 764 1742 835 τὴν
1799 764 1885 829 ἐξ·

313 850 502 903 ουσίαν.
539 850 753 920 Μόσχον
782 852 978 924 πρώην
1032 855 1428 924 προσήνεγκας,
1479 853 1664 907 Ἰσαὰκ
1719 871 1886 925 προσ-

310 941 590 1009 ενὲγκασα,
639 943 692 995 τί
719 943 828 997 τῶν
870 943 1092 1013 ἀγαθῶν
1141 945 1242 997 οὐκ
1289 944 1566 1010 ὲλπίξεις;
1609 946 1883 1009 Τοιούτοις

309 1036 563 1094 νεανικοῖς
609 1033 890 1104 λογισμοτς
937 1037 966 1088 6
1017 1035 1332 1106 πρεσϐύτης
1381 1036 1743 1106 ἐπιστομίσας
1785 1035 1882 1106 τὴν

307 1121 457 1192 φύσιν
504 1125 860 1190 κακίζουσαν,
908 1126 1002 1179 καὶ
1052 1125 1372 1196 παραθήξας
1421 1125 1518 1197 τὴν
1561 1127 1756 1198 φρένα,
1787 1127 1882 1180 καὶ

307 1203 598 1287 στομώσας
611 1218 711 1289 τὴν
728 1220 909 1289 χεῖρα,
925 1217 987 1270 τὸ
1011 1217 1120 1272 τῶν
1147 1219 1472 1288 σπλάγχνων
1501 1217 1648 1289 θῦμα
1673 1219 1879 1283 λαϐὼν,

302 1308 555 1381 δρομαῖος
580 1311 673 1363 ἐπὶ
698 1311 759 1363 τὸ
784 1311 908 1381 δρος
937 1311 1214 1381 ἀνέτρεχε,
1254 1311 1482 1381 γηραιὸν
1504 1311 1640 1365 πόδα
1664 1312 1880 1378 διδάξας

301 1402 370 1473 τῷ
405 1403 597 1475 δρόμῳ
631 1402 912 1467 νεάζοντα.
956 1402 1138 1456 Ἐνίκα
1165 1403 1271 1474 γάρ
1310 1403 1492 1472 φύσιν,
1524 1403 1618 1456 καὶ
1650 1403 1820 1467 πάθος
1850 1404 1879 1455 6

303 1494 493 1558 πόθος’
543 1494 641 1548 καὶ
684 1495 879 1565 γῆρας,
931 1493 1210 1558 εὐσεϐείας
1257 1497 1287 1549 6
1320 1494 1502 1556 τόνος·
1555 1494 1649 1547 καὶ
1701 1495 1882 1550 πάντα

297 1585 559 1655 ἠλέγχετο
610 1583 689 1655 τῷ
741 1587 842 1655 τῆς
898 1583 1175 1654 φιλοθεΐας
1237 1582 1671 1655 παραχωροῦντα
1725 1582 1874 1653 πυρί.

306 1677 568 1746 Ἁνεπήδα
595 1676 732 1747 πρὸς
762 1675 824 1728 τὸ
848 1675 993 1746 ὅρος,
1015 1674 1276 1746 συνεργὸν
1302 1675 1402 1744 τῆς
1432 1673 1622 1741 θυσίας
1647 1674 1780 1728 αύτὸ
1809 1677 1870 1730 τὸ

296 1767 479 1838 Θαῦμα
531 1764 734 1819 λαϐὼν.
771 1765 940 1830 Αὐτός
984 1782 1044 1818 τε
1093 1765 1202 1835 γάρ
1247 1763 1309 1817 τὸ
1338 1762 1449 1836 πῦρ
1498 1765 1593 1818 καὶ
1633 1764 1696 1817 τὸ
1726 1765 1877 1834 ξίφος

295 1857 735 1929 μετεχειρίζετο·
773 1859 887 1920 τοῖς
931 1856 1031 1926 τῆς
1063 1854 1256 1919 θυσίας
1299 1854 1355 1907 δὲ
1382 1854 1579 1921 ξύλοις.
1612 1854 1673 1908 τὸ
1709 1855 1875 1908 καλὸν

295 1953 485 2021 ἱερεῖον
515 1953 609 2003 τὸν
651 1948 836 2001 Ἰσαὰκ
870 1946 1194 2018 έπεφόρτιζε
1215 1963 1228 1975 ο
1261 1947 1353 2000 καὶ
1381 1947 1572 2014 γέγονε
1615 1946 1874 2018 συνεργὸν

294 2043 385 2111 τῆς
407 2041 605 2102 θυσίας
627 2041 688 2093 τὸ
711 2039 878 2110 θῦμα.
904 2038 1279 2109 Συμπράττων
1308 2038 1365 2092 δὲ
1388 2038 1449 2092 τὸ
1471 2036 1549 2110 τῷ
1582 2039 1754 2110 πατρὶ
1775 2038 1872 2110 τὴν
1907 2024 1946 2079 Β

298 2132 482 2184 θυσίαν
529 2132 558 2184 6
596 2130 801 2193 Ἰσαάκ,
848 2128 940 2183 καὶ
977 2127 1056 2198 τῷ
1097 2130 1417 2200 γεννήσαντι
1468 2130 1568 2202 τὴν
1603 2130 1872 2201 μέριμναν

295 2223 686 2294 μεριζόμενος.
726 2220 920 2276 πεῦσιν
947 2221 1245 2294 προσφέρει
1287 2221 1378 2275 τὸν
1421 2222 1632 2289 πατέρα
1682 2222 1876 2292 τιτρώ-

293 2332 528 2368 σκουσαν
547 2332 563 2346 ο
608 2315 787 2378 Ἰδοὺ,
824 2315 976 2384 φησὶ,
1010 2314 1073 2368 τὸ
1100 2315 1220 2382 πῦρ
1245 2314 1343 2367 καί
1369 2314 1441 2366 τὰ
1465 2313 1639 2378 ξύλα,
1667 2313 1785 2367 ποῦ
1807 2313 1875 2367 τὸ

291 2407 588 2474 πρόὅοτον
621 2405 686 2458 τὸ
704 2407 791 2471 εὶς
810 2402 1263 2472 όλοκὰρπωσιν;
1281 2403 1448 2460 Πάλιν
1473 2405 1875 2475 ὑπομιμνήσκει

288 2498 379 2550 τὸν
420 2497 659 2568 πατέρα,
697 2496 773 2560 ὡς
800 2497 867 2567 τῇ
921 2494 1058 2568 λήθῃ
1088 2495 1479 2566 κρατούμενον.
1510 2481 1658 2567 ἶὐρα
1685 2497 1759 2566 μή
1793 2513 1875 2549 σοι

290 2590 390 2660 τῆς
429 2589 748 2660 προθυμίας
776 2589 837 2641 τὸ
870 2587 1054 2658 τάχος,
1083 2581 1129 2641 ὧ
1173 2587 1370 2660 πάτερ,
1410 2587 1606 2657 ἔκλεψε
1636 2587 1730 2640 τοῦ
1762 2589 1874 2642 λει-

291 2681 532 2750 πομένου
563 2681 665 2750 τὴν
697 2678 970 2750 αἴσθησιν.
1017 2674 1086 2733 Ὦ
1117 2679 1360 2750 ῥήματος
1387 2679 1593 2749 πατρὸς
1625 2679 1724 2748 μὲν
1759 2679 1878 2732 ἐτέ-

291 2791 389 2844 ρου
421 2773 598 2843 μέσην
631 2771 731 2841 τὴν
759 2771 986 2843 καρδίαν
1015 2770 1344 2837 τοξεύοντος,
1380 2770 1475 2824 τοῦ
1512 2770 1570 2824 δὲ
1625 2770 1876 2842 Ἀϐραὰμ

289 2867 351 2919 οὐ
384 2863 837 2936 προσ-ψαύοντοςί
881 2863 1174 2934 Ἀδακρυτὶ
1215 2861 1346 2932 γοῦν
1392 2861 1529 2934 πρὸς
1559 2861 1650 2916 τὸν
1689 2861 1876 2916 Ἰσαὰκ

291 2957 677 3030 ἀποκρίνεται,
705 2957 801 3011 καὶ
829 2958 1012 3029 φωνὴν
1037 2956 1244 3027 ἱερέως,
1274 2957 1336 3010 ού
1368 2956 1571 3028 πατρὸς
1599 2955 1876 3026 ἀπεφθέγ-

290 3052 422 3117 ξατο
441 3067 456 3082 °
503 3051 557 3104 Ὀ
589 3053 756 3117 Θεὸς,
791 3051 975 3122 φησὶν,
1005 3051 1215 3120 ὄψεται
1246 3049 1436 3116 ἑαυτῷ
1469 3050 1771 3117 πρόϐατον
1787 3049 1875 3113 είς

291 3141 763 3212 ὀλοκάρπωσιν,
825 3142 1060 3197 τέκνον.
1131 3141 1366 3210 ’Δγνοῶν
1424 3139 1760 3211 προφητεύει
1817 3140 1878 3192 τὸ

295 3234 518 3303 μέλλον,
564 3233 660 3286 καὶ
695 3233 787 3286 τὸν
817 3233 977 3286 παῖδα
1026 3233 1397 3304 σοφιζόμενος,
1430 3231 1682 3302 ἀληθεύει
1711 3232 1875 3302 φθεγ-

292 3327 548 3395 γὸμενος.
583 3327 862 3397 ιῖρόὸατον
891 3326 1048 3379 καλεῖ
1091 3327 1182 3381 τὸν
1224 3326 1339 3379 υίδν
1365 3325 1498 3395 (30),
1528 3325 1587 3378 ὃν
1617 3324 1691 3386 ὡς
1738 3323 1872 3393 πρό·
1901 3355 1944 3413 C

292 3419 461 3472 ϐατον
517 3417 816 3488 προσάγειν
866 3418 1164 3486 ἐπείγεται.
1218 3417 1342 3480 Πῶς
1390 3416 1587 3488 ἔρρηξε
1654 3415 1869 3486 φωνήν;

293 3510 476 3573 Ποίοις
515 3510 850 3581 ἀπεκρίνατο
888 3509 1253 3579 σπλάγχνοις;
1286 3509 1409 3572 Πῶς
1454 3510 1554 3561 οὐκ
1604 3507 1874 3579 ὲνάρκησε

295 3603 430 3672 πρὸς
460 3602 554 3654 τὸν
583 3601 742 3668 λόγον
770 3602 804 3671 ἡ
834 3600 1084 3667 γλῶσσα;
1115 3599 1238 3663 Πῶς
1264 3599 1361 3652 οὐκ
1391 3597 1628 3668 οἰμώξας
1663 3597 1758 3651 καὶ
1783 3598 1876 3651 τὸν

294 3695 463 3748 παῖδα
496 3693 990 3766 περιπτυξάμενος,
1018 3691 1206 3764 ἔρριψε
1237 3689 1445 3744 πενθῶν
1469 3691 1567 3760 τῆς
1594 3688 1783 3752 θυσίας
1806 3688 1878 3742 τὰ

297 3786 578 3855 σύμϐολα;
633 3786 773 3856 ’Πδη
807 3784 1003 3856 μενοῦν
1048 3785 1139 3838 ἐπὶ
1170 3787 1269 3854 τῆς
1304 3781 1398 3836 τοῦ
1429 3781 1587 3851 ὅρους
1631 3780 1876 3852 κορυφῆς

297 3878 392 3932 καὶ
423 3877 811 3948 θυσιαστήριον
839 3876 1183 3940 ἐσκευάζετο,
1218 3874 1285 3927 τὰ
1316 3872 1449 3938 ξύλα
1474 3871 1874 3942 προσηγάγετο,

297 3973 328 4024 6
354 3971 544 4024 Ἰσαὰκ
563 3967 904 4040 ἐδεσμεύετο,
928 3969 990 4021 τὸ
1013 3967 1165 4036 ξίφος
1185 3965 1479 4038 ἡρπάζετο.
1513 3965 1578 4016 Ὢ
1604 3963 1877 4032 θεάματος

299 4060 560 4131 φοϐεροῦί
589 4059 942 4129 mles-comic
970 4059 1105 4129 πρὸς
1134 4057 1407 4127 φιλοθεῖαν
1438 4055 1718 4120 δικάζεται
1738 4070 1752 4083 ⁸
1784 4053 1879 4108 καὶ

297 4150 562 4221 δικαστὴς
630 4149 878 4220 Ἀδραάμ
926 4147 1222 4218 ξιφηφόρος
1271 4145 1574 4215 ἐφέστηκε,
1629 4145 1726 4198 καὶ
1779 4142 1876 4215 τῆν

293 4241 477 4310 ψῆφον
505 4240 816 4310 ὑπογράφει
854 4237 931 4309 τῷ
961 4236 1123 4306 ξίφει,
1171 4237 1267 4290 καὶ
1299 4235 1399 4308 τὴν
1431 4237 1590 4306 νίκην
1634 4237 1701 4306 τῇ
1731 4235 1878 4305 φιλο-

300 4332 418 4404 Oet;
444 4332 756 4402 χαρίζεται,
790 4329 1198 4401 ὲτιισφραγίζων
1227 4331 1342 4392 τοῖς
1376 4329 1594 4397 αἵμασι,
1623 4328 1877 4399 μάρτυρα

295 4421 395 4490 τῆς
425 4421 585 4490 νίκης
608 4422 709 4491 τὴν
729 4420 916 4474 θυσίαν
938 4420 1275 4490 ποιούμενος.
1302 4421 1424 4483 Πῶς
1447 4421 1547 4473 ούκ
1577 4419 1878 4491 ὲνάρκησεν

295 4513 328 4582 ή
363 4513 488 4584 χείρ
512 4530 528 4579 ς
558 4512 684 4575 Πῶς
706 4511 804 4583 τὴν
825 4514 1100 4583 μάχαιραν
1129 4509 1307 4565 λαϐὼν
1340 4506 1460 4563 εἶτα
1493 4509 1754 4574 στενάξας
1775 4510 1878 4564 οὐκ

295 4604 561 4674 Ξρριψενς
611 4605 677 4658 Ὠ
718 4603 991 4672 φιλοθεῖας
1039 4603 1225 4673 ίσχύςο
1277 4601 1322 4654 ib
1369 4602 1539 4674 πυρὸς
1583 4599 1871 4675 εὐσεϐοῦς,

1987 765 2291 829 exsisteret,
2316 766 2482 830 dedit,
2514 767 2599 822 vel
2645 781 2820 824 morte
2849 781 3175 841 prostratum
3207 773 3351 828 ultro
3382 775 3551 829 dabit.

1986 851 2086 919 Qui
2118 854 2210 908 libi
2243 854 2363 909 alvo
2419 854 2574 910 eﬂ‘eta
2627 867 2850 913 matrem
2880 875 2998 915 esse
3021 863 3309 928 concessit,
3337 873 3390 917 et
3422 880 3554 934 pue-

1987 944 2423 1012 rumjugulalum
2453 947 2692 1002 remittet
2724 949 2788 1002 ad
2815 951 3003 1006 vitam.
3034 954 3293 1023 Quodque
3323 956 3386 1009 ad
3420 957 3554 1010 sola-

1985 1037 2117 1091 tium
2141 1037 2282 1091 valet
2303 1037 2616 1106 plurimum,
2643 1054 2676 1094 o
2704 1041 2917 1104 mulier,
2952 1042 2998 1096 is
3021 1044 3177 1113 cujus
3207 1047 3258 1100 in
3283 1057 3554 1115 potestate

1983 1138 2068 1182 est
2105 1128 2265 1190 filius,
2307 1140 2364 1181 ut
2417 1137 2765 1195 mactaretur,
2807 1130 3086 1198 ﬂagitavit.
3121 1135 3350 1189 Vitulum
3385 1154 3555 1206 Itupr

1983 1220 2259 1287 obtulisti;
2283 1219 2467 1276 lsaaco
2492 1221 2673 1278 oblatu
2694 1224 2886 1291 ecquid
2918 1225 3179 1280 bonorum
3201 1243 3304 1281 non
3334 1232 3554 1297 speres?

1982 1307 2097 1362 Tali
2126 1310 2372 1364 oratione
2417 1319 2631 1380 tamque
2675 1327 2934 1380 generosa
2965 1317 3173 1370 ratione
3202 1330 3416 1386 semper
3452 1334 3552 1372 na-

1982 1408 2116 1455 turae
2163 1400 2476 1472 obloquenti
2551 1417 2613 1458 os
2679 1404 3004 1468 obstruens,
3056 1414 3401 1476 mentemque
3459 1423 3553 1463 ex-

1986 1506 2207 1558 acuens,
2244 1508 2309 1550 ac
2343 1509 2560 1548 manum
2587 1495 2946 1551 corroborans
3000 1496 3067 1551 de
3100 1497 3215 1551 suis
3250 1507 3551 1553 extractam

1983 1581 2285 1638 visceribus
2315 1582 2588 1639 victimam
2616 1583 2780 1652 capit,
2809 1599 2969 1638 cursu
3002 1585 3278 1639 contendit
3317 1586 3367 1640 in
3407 1601 3554 1639 mou-

1982 1680 2111 1737 tem,
2148 1673 2338 1743 pedem
2369 1683 2743 1730 senescentem
2781 1674 3006 1742 juvenili
3049 1692 3210 1731 cursu
3246 1687 3549 1745 promovet.

1978 1764 2240 1820 Naturam
2313 1774 2368 1820 et
2411 1764 2754 1823 aﬂlictionem
2807 1769 3155 1837 pervincebat
3183 1768 3416 1834 aﬁ‘ectio,
3452 1786 3552 1825 nec

1980 1873 2086 1912 non
2130 1859 2351 1926 pietatis
2404 1861 2683 1916 contentio
2732 1863 2966 1926 senium,
3026 1863 3314 1932 omniaque
3372 1864 3549 1932 palam

1978 1948 2161 2004 ardori
2210 1948 2264 2004 in
2299 1948 2464 2004 Deum
2492 1949 2827 2005 inﬂammato
2851 1951 3133 2006 cedebant.
3171 1951 3468 2007 Exsiliebat
3498 1954 3550 2007 in

1979 2045 2240 2104 montem,
2288 2040 2547 2097 sacriﬁcii
2597 2041 2912 2110 adiutricem
2961 2045 3234 2099 victimam
3266 2045 3433 2114 ipsam
3459 2061 3552 2100 su-

1977 2146 2150 2187 mens.
2176 2129 2294 2201 lpse
2328 2131 2472 2188 enim
2512 2132 2687 2202 ignem
2719 2143 2774 2190 et
2801 2135 3038 2204 gladium
3072 2152 3229 2189 manu
3261 2140 3550 2203 tractabat,

1979 2224 2247 2295 lignisque
2275 2227 2600 2283 victimariis
2651 2228 2893 2284 lsaacum
2936 2229 3209 2284 victimam
3247 2231 3552 2299 pulcherri-

1978 2330 2120 2371 mam
2155 2319 2485 2388 aggravabat
2537 2328 2592 2373 ct
2643 2320 2950 2374 auxiliatrix
3004 2321 3255 2376 sacriﬁcii
3290 2321 3385 2374 fuit
3433 2322 3548 2389 ipsa

1979 2407 2218 2461 victima.
2252 2405 2425 2461 Simul
2474 2408 2618 2462 enim
2659 2423 2779 2462 cum
2831 2418 2984 2478 patre
3023 2409 3170 2463 Isaac
3221 2396 3548 2466 sacriﬁcium

1978 2496 2202 2562 faciens,
2236 2507 2290 2553 et
2322 2513 2441 2552 cum
2475 2499 2722 2569 genitore
2753 2514 2936 2554 curam
2976 2501 3205 2568 partitus
3239 2500 3549 2572 interroga-

1979 2589 2126 2644 tione
2187 2588 2412 2659 profert,
2469 2605 2592 2660 quae
2642 2590 2872 2658 patrium
2932 2589 3174 2645 animum
3227 2591 3547 2648 exulceret:

1981 2678 2135 2744 Ecce,
2180 2681 2377 2750 inquit,
2412 2682 2547 2752 ignis
2577 2692 2625 2736 et
2664 2682 2848 2749 ligna;
2881 2683 2969 2736 ubi
3021 2691 3100 2736 est
3155 2685 3366 2738 victima
3398 2685 3548 2738 holo-

1976 2773 2257 2826 causti"?
2308 2773 2506 2829 lterum
2551 2775 2689 2843 patri
2733 2775 2877 2829 velut
2939 2774 3107 2830 oblito
3145 2776 3196 2829 in
3231 2778 3547 2831 memoriam

1978 2865 2226 2920 reducit:
2256 2865 2410 2932 Vide,
2458 2875 2632 2935 pater,
2665 2879 2732 2921 ne
2780 2874 2884 2921 tua:
2921 2866 3220 2923 alacritatis
3251 2868 3548 2924 celeritudo

1985 2957 2090 3021 rei,
2125 2972 2243 3026 qua:
2274 2957 2434 3022 desit,
2473 2973 2690 3014 sensum
2749 2958 3045 3014 sustulerit.
3090 2958 3132 3013 Ο
3168 2974 3376 3027 vocem,
3427 2975 3549 3029 qua:

1980 3050 2149 3116 patris
2203 3049 2427 3105 alterius
2476 3063 2570 3104 cor
2605 3049 2838 3104 medium
2873 3051 3063 3130 ‘instar
3119 3050 3207 3104 teli
3262 3051 3544 3106 dissecct:

1977 3140 2342 3194 Alu-alnamum
2395 3155 2522 3195 vero
2567 3154 2633 3194 ne
2676 3141 2890 3211 attingit
2930 3141 3177 3209 quidem!
3211 3142 3381 3196 Siccis
3415 3158 3548 3197 ocu-

1980 3229 2045 3284 lis
2090 3229 2199 3283 lilio
2244 3231 2549 3297 respondet,
2602 3238 2655 3284 et
2698 3229 2962 3292 sacriﬁci,
3003 3245 3108 3282 non
3160 3231 3365 3298 patris,
3421 3247 3552 3286 voce

1979 3322 2170 3375 utitur.
2211 3319 2371 3386 Deus,
2411 3320 2601 3390 inquit,
2638 3320 2927 3388 providebit
2973 3321 3073 3375 sibi
3115 3322 3377 3375 victimant
3403 3324 3551 3376 holo-

1977 3415 2170 3468 causti.
2199 3413 2534 3482 Imprudens,
2567 3414 2709 3482 quod
2751 3412 2990 3467 futurum
3019 3414 3299 3476 autedicit,
3330 3430 3392 3469 ac
3422 3416 3550 3470 dum

1977 3507 2148 3562 eludit
2188 3507 2380 3571 ﬁlium,
2425 3519 2549 3560 vera
2584 3506 2841 3574 loquitur.
2873 3506 3039 3562 Ovem
3081 3507 3246 3562 ﬁlium
3279 3509 3548 3570 nominat,

1977 3611 2136 3667 quem
2172 3597 2345 3650 instar
2383 3595 2502 3649 ovis
2544 3593 2740 3649 oﬁ'erre
2789 3595 3029 3652 festinat.
3067 3599 3180 3664 Qua
3219 3601 3429 3655 ratione
3455 3615 3550 3656 vo-

1977 3702 2092 3743 cem
2124 3687 2309 3756 rupit?
2334 3688 2529 3756 quibus
2561 3701 2592 3742 c
2623 3685 2921 3742 visceribus
2956 3701 3269 3757 responsum
3302 3705 3554 3759 exprom-

1977 3781 2123 3852 psit?
2153 3795 2273 3851 qua:
2301 3780 2544 3836 locutura
2594 3779 2774 3851 lingua
2811 3797 2916 3836 non
2969 3783 3282 3851 obstupuit?
3312 3784 3402 3853 qui
3445 3800 3550 3839 non

1976 3882 2033 3927 et
2085 3885 2325 3941 gemens,
2361 3881 2417 3925 et
2475 3871 2641 3926 ﬁlium
2694 3872 2972 3943 amplexus
3005 3873 3198 3942 abiecit
3249 3890 3358 3944 pra:
3405 3875 3552 3929 luctu

1978 3964 2231 4019 sacriﬁcil
2284 3962 2572 4035 symbola?
2613 3963 2731 4020 Jam
2766 3965 2979 4019 tandem
3011 3964 3062 4019 in
3101 3967 3298 4020 montis
3348 3966 3552 4020 vertice

1979 4069 2072 4109 ara
2099 4056 2413 4126 parabatur.
2447 4057 2783 4112 addebantur
2825 4057 2989 4126 ligna,
3027 4055 3237 4112 lsaacus
3279 4058 3552 4112 vincieba-

1981 4153 2089 4210 tur,
2128 4145 2338 4214 gladius
2364 4145 2744 4215 arripiebatur.
2777 4146 2820 4198 0
2849 4147 3209 4213 spectaculum
3255 4149 3552 4201 formidan-

1978 4237 2105 4291 dum
2135 4238 2149 4292 ί
2185 4237 2354 4292 Amor
2384 4239 2434 4291 in
2471 4237 2675 4306 prolem
2730 4237 2932 4306 Deique
2959 4237 3173 4292 dilectio
3192 4239 3395 4305 judicio
3421 4257 3551 4294 cou-

1979 4327 2220 4394 tendunt,
2252 4337 2306 4384 et
2329 4326 2494 4396 judex
2523 4327 2631 4400 43
2656 4329 2860 4383 ensifer
2894 4328 3059 4384 instat
3094 4330 3454 4396 Abrahamus,
3488 4347 3551 4385 ac

1978 4432 2107 4474 ense
2132 4418 2221 4488 jus
2259 4420 2410 4487 dicit,
2445 4421 2842 4490 victoriamque
2899 4420 2990 4474 Dei
3025 4420 3295 4474 dilecdoni
3337 4423 3545 4486 tribuit,

1979 4511 2263 4582 consignat
2300 4513 2584 4582 sanguine,
2614 4520 2913 4580 testemque
2941 4512 3179 4575 victoriae
3221 4512 3547 4567 sacriﬁcium

1984 4601 2132 4656 facit.
2163 4601 2444 4668 Quomodo
2489 4617 2590 4656 non
2623 4603 2859 4674 obriguit
2884 4603 3116 4656 manus?
3142 4617 3238 4656 cur
3281 4618 3385 4655 non
3419 4618 3547 4671 cap-

295 4695 514 4763 φύσεως
565 4694 742 4763 φλόγα
792 4694 1153 4763 νικήσαντοςί
1221 4691 1357 4744 ’Δλλ’
1393 4693 1422 4744 6
1475 4693 1572 4762 μὲν
1609 4689 1876 4760 ἀνδρικῶς

1985 4699 2092 4743 tam
2156 4689 2478 4746 machaeram
2546 4691 2908 4760 ingemiscens
2957 4689 3151 4743 deinde
3199 4685 3466 4756 proiecit?
3504 4687 3549 4740 0

293 4786 569 4840 ἀνατείνει
597 4785 696 4856 τὴν
725 4785 905 4850 δεξιάν
936 4785 1070 4856 πρὸς
1095 4784 1190 4854 τὴν
1224 4785 1316 4837 τοῦ
1357 4783 1589 4854 βρέφους
1618 4783 1832 4853 σφαγήν
1854 4797 1867 4810 ·

294 4876 504 4930 ἄνωθεν
549 4874 609 4930 δὲ
659 4873 808 4945 φωνὴ
861 4873 1112 4944 δεσμεύει
1146 4872 1243 4944 τὴν
1291 4875 1466 4943 χεῖρα,
1519 4871 1793 4940 Ἔφθασεν
1835 4871 1870 4942 ή

483 4967 585 5038 τὴν
641 4966 874 5038 σφαγὴν,
923 4967 1145 5035 γέγονεν
1189 4964 1418 5037 ὀξυτέρα
1462 4962 1557 5016 τοῦ
1606 4963 1790 5034 ξίφους
1837 4965 1870 5034 ἡ

295 5057 488 5128 κλῆσις
508 5073 524 5087 ο
551 5056 710 5125 λόγος
744 5057 1044 5128 ἐπέμπετο,
1083 5056 1176 5110 καὶ
1220 5055 1340 5129 χεὶρ
1378 5055 1726 5124 ἐδεσμεύετοο
1760 5054 1872 5107 άνω

367 5215 414 5246 ⁷⁸
447 5212 588 5270 Gen.
627 5228 766 5282 xm,
795 5213 850 5268 7.

1981 4782 2182 4836 amoris
2211 4781 2380 4837 divini
2412 4783 2542 4836 vim.
2570 4782 2614 4836 0
2639 4781 2755 4851 pios
2783 4781 2956 4849 ignes,
2981 4779 3070 4848 qui
3103 4778 3303 4832 amoris
3335 4786 3550 4831 natura-

1978 4871 2044 4925 lis
2077 4870 2323 4927 ﬂammas
2353 4872 2736 4942 pervicerunt!
2774 4870 2966 4925 Verum
3002 4869 3089 4923 ille
3122 4869 3358 4922 mascula
3392 4866 3550 4921 forti-

1979 4963 2162 5018 tudine
2192 4965 2464 5018 dexteram
2501 4963 2553 5016 in
2589 4963 2682 5016 lilii
2708 4960 2952 5032 jugulum
2980 4961 3257 5027 extendit;
3298 4975 3550 5036 supreme

1980 5067 2109 5109 vero
2135 5052 2301 5108 missa
2330 5068 2433 5108 vox
2470 5068 2685 5108 manum
2716 5051 2862 5108 sistit
2893 5051 3167 5120 vincitque
3195 5066 3211 5116 ;
3246 5065 3349 5104 vox
3390 5048 3551 5120 jugu-

1527 5350 1633 5404 CL.
1676 5347 2056 5415 DAUSQUEII
2095 5348 2324 5404 NOTAE.

298 5513 670 5596 συναγαγεῖν,.
695 5509 792 5563 καὶ
828 5509 898 5596 ιτδ
929 5506 1253 5596 ἱστξέρμαῂέν
1292 5506 1372 5571 ὃν,
1392 5507 1493 5596 ἒιαὶ
1515 5504 1758 5596 [ἁπλοῦν.
1792 5505 1871 5592 είς

299 5577 466 5635 πολλὰ
504 5577 720 5644 διελεῖν,
757 5581 850 5633 καὶ
895 5578 955 5631 τὸ
998 5577 1363 5648 ἀδιάρθρωτον
1386 5577 1742 5646 διαρθρώσαι,
1776 5577 1871 5627 καὶ

297 5651 475 5732 ’ξῷὶμῂ
519 5652 682 5732 ζῶντι
730 5651 919 5732 ᾤῦναι
967 5647 1113 5732 ζωὴν
1154 5651 1249 5732 τῇς
1286 5647 1455 5732 αύτῆς
1494 5649 1630 5732 ἐστι,
1671 5645 1874 5732 misce

297 5717 679 5792 διαλελυμένον
725 5721 949 5783 ὲνῶσαι,
1001 5717 1100 5770 καὶ
1151 5717 1216 5770 τδ
1257 5718 1504 5787 κείμενον
1545 5717 1870 5781 ἀναστῆσαι,

300 5794 393 5844 καὶ
422 5793 478 5846 τὸ
501 5793 775 5865 zeﬁvqxb;
791 5791 1128 5865 ζωοποιῆσαι
1160 5787 1340 5865 πάλιν,
1385 5789 1478 5840 καὶ
1519 5786 1578 5838 τὸ
1632 5782 1871 5865 φθαρτὸν

371 5863 618 5943 ταδαλεῖν
649 5855 732 5924 είς
754 5855 1085 5929 ἀφθαρσίαν,
1116 5869 1169 5912 et
1206 5857 1378 5925 plura,
1409 5874 1548 5926 quae,
1579 5857 1670 5922 qui
1707 5855 1867 5920 volet,

511 6003 824 6071 Πρόϐατον
852 5999 1020 6053 καλεῖ
1050 5998 1158 6051 τὸν
1189 5997 1338 6050 υίόν.
1383 5995 1484 6051 Par
1507 5999 1648 6079 enim
1674 6009 1726 6055 ct
1752 5999 1868 6054 ovis

1927 5531 1933 5536 -
1977 5515 2031 5560 et
2056 5504 2525 5575 obsequentissimi
2557 5503 2723 5561 lsaaci
2760 5503 3095 5575 simplicitas.
3129 5503 3350 5559 Veteres
3377 5520 3541 5567 ovcm,

1976 5577 2066 5644 qui
2102 5584 2194 5629 aut
2225 5576 2452 5629 stolidus
2480 5586 2645 5641 esset,
2678 5586 2769 5630 aut
2791 5576 2965 5630 fraudi
2994 5583 3228 5644 pateret,
3259 5576 3539 5644 vocabant.

1959 5643 2202 5699 ‘Plautns
2259 5645 2605 5699 Bacchidibus
2658 5663 2676 5700 :
2718 5647 2850 5710 Quis
2892 5643 3004 5700 has,
3030 5645 3130 5698 huc
3163 5662 3277 5699 oves
3326 5643 3494 5710 adegit
3519 5644 3546 5696 .’

1979 5712 2177 5786 Fabius
2205 5715 2468 5786 Maximus
2517 5720 2660 5786 quod
2697 5732 2725 5769 a
2759 5732 2926 5785 puero
2974 5717 3240 5786 tardiores
3272 5714 3545 5765 videretur

1978 5785 2173 5854 ingenii
2205 5785 2421 5857 avicula:
2450 5785 2861 5857 cognomentum
2890 5786 3115 5857 invenit.
3141 5785 3205 5837 Et
3228 5787 3362 5836 bene
3388 5797 3544 5834 num-

1977 5865 2201 5928 matum,
2220 5856 2312 5910 sed
2332 5871 2490 5928 quem
2516 5856 2691 5912 Suada
2711 5868 2760 5911 et
2781 5856 2941 5909 Musa:
2961 5871 3062 5910 nOIt
3082 5856 3399 5908 decorareul
3422 5869 3544 5928 χρυν

1976 5924 2209 5996 σόμηλον
2231 5923 2519 5994 appéllavit
2551 5928 2833 5996 Diogenes,
2867 5943 3097 5996 aur-eant
3118 5923 3540 5996 ουεῗηιεχρυσοῦν

1976 5942 2209 6045 σομὲιλον
2231 5942 2519 5994 appellavit
2551 5942 2833 5996 Diogenes,
2867 5943 3079 5978 aur-eam
3111 5942 3280 6004 orem,
3310 5942 3393 5994 χρι

1975 5996 2081 6067 πρό
2122 6012 2246 6049 οιτον
2280 5997 2349 6051 Μ.
2388 5999 2645 6066 Sylanum
2677 5997 2971 6065 appellabat
3011 5995 3245 6064 Caligula
3282 5992 3393 6049 Dio.
