4102 6562
519 561 617 631 ill
1600 546 1607 549 ’
1716 536 1997 602 BASILII
2034 528 2581 594 SELEUCIENSIS
3685 509 3787 574 112

516 681 775 740 titionem
812 669 1123 729 antevertit,
1159 673 1211 720 et
1240 670 1367 717 ante
1399 658 1466 714 ad
1502 662 1663 712 aures
1689 652 1897 709 accedit
1925 664 2085 703 voea-
2121 662 2151 716 Α

2247 642 2415 712 ιτέχει
2468 640 2568 709 τὴν
2619 634 2801 704 δεξιὰν
2836 632 2970 705 πρὸς
3018 630 3234 702 σφαγὴν
3277 627 3659 699 ἐπειγομένην,
3706 627 3787 683 δι·

521 720 618 833 ίξεξ,
649 720 810 839 quam
852 764 910 817 in
940 761 1182 816 cervices
1212 753 1424 823 gladius
1456 747 1799 812 incubuerit;
1829 758 1933 839 vox
1964 742 2095 839 mit-

2247 733 2493 797 λασιάζει
2523 730 2623 800 τὴν
2650 728 2864 797 κλῆσιν,
2902 726 2990 778 ἵνα
3020 723 3272 794 συστείλῃ
3297 723 3395 793 τὴν
3425 725 3601 793 χεῖρα.
3626 720 3787 774 Ὀλον

523 816 760 922 tebatlur,
789 864 844 909 et
877 864 1071 907 manus
1103 847 1439 917 ligabantur.
1468 840 1735 896 Ruentem
1760 836 1825 891 ad
1850 833 2096 906 jugulum

2247 827 2309 896 ip
2352 824 2489 896 πρὸς
2514 824 2576 877 τὸ
2604 823 2764 895 ἔργον
2795 819 3140 891 ἐγκείμενον,
3190 820 3282 872 καὶ
3316 817 3515 889 μικροῦ
3548 817 3609 871 τὸ
3640 816 3789 885 ξίφος

521 950 823 1007 feriendum
865 944 1141 998 dexteram
1184 938 1418 1006 desuper
1462 942 1628 1000 tenet,
1682 930 1978 1001 ingeminat
2006 940 2101 980 vo-

2247 917 2369 988 οτῷ
2419 915 2609 987 βρέφει
2662 914 3000 985 βαπτίσαντα
3028 909 3271 980 κατέχει,
3319 912 3385 981 τῇ
3430 908 3620 981 κλήσει
3669 910 3790 961 ἐπι-

523 1044 818 1101 cationem,
859 1044 919 1088 ut
968 1048 1187 1086 manum
1239 1028 1582 1098 comprimat.
1616 1024 1811 1079 Totum
1854 1021 1997 1075 enim
2046 1019 2100 1073 in

2247 1010 2449 1081 τρέφει,
2490 1007 2571 1079 τῷ
2610 1006 2817 1077 ῥήματι
2870 1004 2972 1075 τὴν
3021 1001 3200 1074 ὁρμὴν
3252 1001 3493 1072 χαλινοῖ,
3536 1000 3791 1069 καθάπερ

524 1147 661 1201 opus
699 1092 989 1189 intentum,
1039 1134 1088 1178 et
1120 1122 1210 1190 qui
1247 1092 1458 1174 tantillo
1488 1116 1680 1179 abfuit,
1731 1114 1862 1184 quin
1917 1112 1971 1167 in
2007 1110 2101 1165 lilii

2247 1104 2453 1176 ισήνιον
2476 1102 2643 1155 ἵππον
2674 1100 2810 1169 πρὸς
2835 1096 3028 1152 ἐαυτὸν
3057 1094 3470 1165 ἐπισπώμενος·
3510 1092 3790 1164 Ἀϐραὰμ,

527 1184 791 1286 sanguine
844 1216 1048 1271 ferrum
1114 1220 1404 1281 mergeret,
1452 1209 1687 1272 cohibet,
1741 1204 2105 1274 appellatione

2247 1194 2486 1265 ιϐραάμ.
2522 1190 2581 1247 '0
2604 1193 2661 1245 δὲ
2696 1190 2846 1262 μόλις
2874 1187 3251 1259 ἐπιστραφεὶς,
3287 1184 3416 1240 ἰδοὺ
3444 1184 3578 1254 ἐγὼ,
3604 1184 3791 1254 φησίν.

530 1313 825 1377 convertit,
872 1309 1040 1363 verbo
1091 1306 1270 1359 lrenat
1321 1303 1601 1371 impetum,
1653 1310 1907 1368 tanquam
1966 1295 2106 1350 l‘reni

2247 1290 2355 1358 Apa
2388 1285 2463 1357 μὴ
2500 1284 2600 1356 τὴν
2649 1281 2839 1337 θυσίαν
2888 1282 2957 1351 τῇ
3001 1279 3291 1351 βραδυτῆτι
3344 1275 3688 1349 καθύϐρισας
3726 1275 3794 1329 Τί
3834 1304 3837 1305 ν

534 1367 904 1474 impatientem
931 1409 1127 1465 equum
1161 1392 1227 1447 ad
1258 1406 1317 1446 se
1342 1367 1586 1444 attrahit.
1616 1367 1907 1451 Abraham,
1942 1384 2111 1438 Abra-

2247 1376 2302 1434 5v
2328 1380 2363 1449 ἡ
2401 1376 2589 1447 φωνή;
2625 1375 2765 1431 Κατ’
2803 1371 3064 1442 ἐμαυτοῦ
3095 1371 3321 1440 ὤμοσα,
3357 1367 3519 1439 λέγει
3552 1369 3794 1437 Κύριος,

534 1462 678 1549 ham.
733 1491 834 1559 Qui
893 1462 1111 1542 tandem
1180 1495 1515 1545 conversus,
1566 1478 1767 1533 Adsum
1790 1478 1857 1543 ⁷⁷,
1914 1476 2107 1546 inquit.

2247 1467 2284 1527 ὗ
2346 1470 2556 1523 ἕνεκεν
2602 1466 2900 1535 ἐποιήσας
2956 1465 3025 1519 τὸ
3072 1464 3239 1534 ῥῆμα
3286 1462 3485 1529 τοῦτο,
3536 1462 3635 1516 καί
3680 1464 3798 1516 οὐκ

538 1587 672 1639 Num
725 1553 881 1636 sacra
924 1592 1039 1631 mea
1094 1572 1417 1630 lentitudine
1470 1569 1786 1625 defmdavi?
1815 1567 1953 1634 Quid
1983 1581 2113 1635 ergo

2247 1563 2434 1633 φεισω
2461 1560 2568 1614 τοῦ
2598 1559 2734 1614 υἱοῦ
2769 1574 2888 1612 σου
2920 1555 3230 1627 ἀγαπητοῦ
3272 1554 3349 1609 δι’
3380 1553 3505 1624 ἐμὲ,
3547 1553 3802 1609 tia-st0-

538 1692 642 1729 vox
669 1676 695 1728 ?
723 1673 825 1726 Per
855 1668 1213 1736 memetipaum
1261 1663 1467 1734 juravi,
1499 1662 1629 1715 dicit
1660 1660 1938 1723 Dominus,
1990 1659 2115 1727 quia

2247 1654 2584 1723 ιηθήσονται
2603 1652 2673 1706 ἐν
2694 1651 2818 1717 σοὶ,
2839 1650 2937 1703 καὶ
2957 1650 3029 1704 ἐν
3044 1648 3125 1715 τῷ
3148 1646 3445 1717 σπέρματί
3466 1662 3583 1701 σου
3604 1648 3805 1736 {circa

540 1766 711 1836 fecisti
757 1776 864 1817 rem
897 1728 1130 1821 hanc.“
1158 1728 1567 1825 non'pepercisti
1617 1751 1739 1819 ﬁlio
1781 1760 1870 1803 tuo
1924 1749 2115 1801 dilecto

2247 1747 2290 1801 ὰ
2316 1747 2462 1814 ἔθνη
2497 1743 2606 1814 τῆς
2635 1742 2750 1815 γῆς
2771 1758 2787 1773 ⁸
2816 1742 2932 1806 ἐνὸς
2964 1742 3066 1795 ὐπε
3078 1740 3285 1812 ρεῐδεςς
3314 1737 3478 1793 Γενοῦ
3502 1740 3603 1809 τῆς
3623 1728 3807 1793 ὁίκουο

538 1830 748 1930 propter
770 1871 873 1918 me,
903 1851 1268 1907 benedicentur
1294 1848 1348 1901 in
1379 1854 1428 1901 te
1448 1854 1498 1899 et
1524 1845 1578 1897 in
1602 1844 1795 1898 semine
1825 1850 1916 1895 tuo
1942 1855 2117 1893 omnes

2247 1841 2389 1910 ιένης
2418 1837 2603 1908 πατὴρ
2623 1851 2636 1866 ο
2668 1835 2762 1906 ἔχε
2805 1832 2941 1905 μετά
2984 1831 3171 1886 Ἰσαὰκ
3204 1832 3401 1894 παῖδας
3431 1830 3503 1883 τὰ
3536 1830 3687 1900 ἔθνη,
3722 1831 3809 1884 ἐνὶ

543 1923 813 2023 arma?
836 1944 1009 2001 Unius
1037 1942 1131 1997 lilii
1164 1940 1363 1995 nullam
1393 1937 1660 1992 rationem
1686 1932 1947 1996 habuisti,
1971 1929 2118 1986 orbis

2247 1931 2423 2001 nium
2453 1929 2551 2000 τὴν
2589 1926 2935 1998 οἰκουμένην.
2966 1924 3133 1980 Γενοῦ
3166 1924 3346 1996 πατὴρ
3379 1923 3571 1978 ἐθνῶν.
3614 1924 3810 1997 Πατὴρ

546 2013 815 2098 ίειιιιτιιιη
844 2048 1000 2108 pater
1024 2043 1163 2091 esto.
1188 2033 1323 2088 Cum
1351 2029 1539 2085 lsaaco
1572 2036 1758 2098 gentes
1790 2026 1927 2081 habe
1959 2023 2121 2087 ﬁlias,

2247 2022 2332 2094 πάρ
2359 2021 2458 2093 Ean
2491 2020 2752 2093 Χριστοῦ,
2802 2015 2863 2075 οὗ
2894 2019 3086 2090 κτῆμα
3112 2016 3183 2071 τὰ
3212 2016 3363 2089 ἔθνη.
3402 2016 3549 2071 Ἀντί
3579 2013 3673 2068 τοῦ
3710 2013 3811 2067 σοῦ

534 2133 707 2188 .unius
739 2107 998 2184 sacriﬁcii
1039 2125 1233 2181 merito
1264 2123 1449 2178 orbem
1476 2128 1746 2174 terrarum
1775 2132 1790 2180 ;
1824 2124 1982 2184 pater
2010 2121 2127 2167 esto

2247 2112 2557 2183 ιονογενοῦς
2608 2112 2819 2167 θυὲσθω
2866 2112 2927 2167 τὸ
2975 2110 3249 2183 πρόϐατον
3271 2124 3288 2141 ·
3331 2108 3464 2180 ἐμὸς
3516 2107 3815 2180 μονογενὴς

546 2224 810 2295 gentium.
837 2219 1116 2289 Siquidem
1146 2223 1301 2285 pater
1331 2212 1441 2268 eris
1477 2209 1708 2272 Christi,
1743 2206 1896 2275 cujus
1928 2205 1979 2259 in
2006 2218 2129 2274 pos-

2247 2207 2317 2261 ιὸν
2346 2206 2681 2279 φορούμενον
2711 2206 2884 2276 ἀμνὸν
2911 2204 3166 2260 ἐπιδώσει
3189 2201 3268 2275 τῷ
3302 2203 3485 2257 πάθει.
3521 2201 3613 2272 Μὴ
3642 2195 3817 2255 ἀπτί-

547 2294 794 2372 sessione
820 2321 1009 2383 gentes
1064 2318 1213 2363 sunt.
1244 2305 1351 2359 Pro
1407 2302 1689 2368 unigenito
1717 2310 1810 2354 tuo
1871 2299 1991 2354 ovis
2036 2299 2129 2352 llat

2247 2298 2343 2352 ιθω
2369 2297 2461 2351 τοῦ
2505 2298 2833 2369 μονογενοῦς
2864 2315 2959 2352 σου
2998 2298 3061 2351 τὸ
3108 2296 3281 2366 ξίφος.
3320 2296 3396 2350 Οὐ
3432 2296 3541 2369 γὰρ
3577 2294 3819 2367 σταυρὸς

547 2408 896 2464 succidanea.
929 2402 1083 2457 Meus
1111 2397 1459 2469 Unigenitus,
1496 2408 1661 2464 quem
1693 2406 1889 2463 agnum
1950 2399 2131 2461 gesta-

549 2500 709 2564 verit,
741 2495 917 2551 tradet
948 2493 1001 2549 in
1039 2499 1294 2546 mortem.
1326 2486 1406 2543 Ne
1456 2484 1791 2556 unigenitum
1828 2490 1982 2538 tuum
2014 2490 2131 2535 tan-

551 2598 641 2664 gat
676 2588 917 2660 gladius:
944 2599 1045 2641 nec
1081 2583 1225 2639 enim
1258 2596 1393 2636 crux
1432 2578 1703 2650 Unigeniti
1733 2576 1837 2631 mei
1871 2575 2129 2630 deitatem

551 2690 761 2751 tanget.
790 2677 950 2732 Circa
980 2690 1136 2731 ovem
1188 2671 1521 2729 sacriﬁcatio
1552 2679 1821 2735 versetur,
1849 2667 1992 2722 circa
2021 2665 2136 2720 dis-

555 2772 929 2843 pensationem
982 2764 1186 2822 Christi
1243 2763 1446 2835 passio.
1499 2760 1628 2819 Ovis
1687 2768 1745 2815 et
1787 2772 1916 2814 caro
1963 2755 2136 2813 conli-

555 2874 773 2936 gantur,
808 2877 875 2916 ne
905 2859 1048 2931 quod
1101 2857 1426 2912 imitandum
1462 2854 1771 2925 perturbes,
1801 2865 1925 2907 eum
1976 2849 2133 2905 morti

556 2958 843 3028 objiciens,
898 2952 991 3022 qui
1052 2965 1161 3006 una
1216 2948 1515 3016 eademque
1561 2954 1739 3019 tecum
1789 2951 1978 2998 natura
2032 2948 2135 3007 est;

557 3053 677 3107 ovis
695 3048 876 3109 cadat,
895 3059 1015 3115 quae
1037 3042 1171 3113 Agni
1189 3042 1241 3095 in
1266 3053 1479 3095 crucem
1506 3036 1680 3093 sullixi
1700 3035 1803 3091 fert
1824 3032 2135 3104 imaginem.

569 3140 702 3196 Vide
750 3140 975 3194 arietem
1007 3144 1264 3203 tauquam
1296 3132 1348 3185 in
1377 3144 1540 3186 cruce
1578 3128 1900 3200 pendentem
1945 3126 1998 3181 in
2027 3124 2140 3179 fru-

562 3236 685 3289 tice.
728 3233 777 3288 ls
810 3232 995 3286 clavos
1035 3224 1399 3297 praestolatur,
1449 3224 1498 3278 is
1542 3233 1625 3278 est
1668 3221 1886 3275 victima
1939 3216 2140 3273 mundo

562 3322 837 3380 salutaris.
869 3319 1081 3374 Patitur
1107 3316 1252 3373 enim
1298 3314 1558 3383 templum
1590 3312 1889 3367 habitantis
1916 3309 2012 3364 Dei
2055 3321 2141 3363 se-

554 3413 796 3471 cundum
823 3410 993 3480 ipsius
1019 3421 1208 3463 vocem
1239 3403 1446 3459 Domini
1470 3417 1487 3456 :
1520 3400 1715 3457 Soluite
1741 3400 1990 3471 templum
2016 3397 2137 3461 hoc,

564 3518 613 3564 et
644 3508 879 3562 intribus
909 3504 1090 3558 diebus
1113 3499 1351 3555 excitabo
1408 3496 1643 3563 illud";
1673 3496 1758 3552 cui
1790 3494 1961 3565 gloria
1991 3506 2138 3549 sem-
2164 3492 2212 3556 C

566 3603 796 3671 piterua.
825 3596 1017 3652 Amen.

1078 3684 1190 3758 ω.
1222 3682 1481 3740 ORATIO
1519 3681 1649 3739 vm.

1012 3797 1268 3871 Ejusdem
1305 3800 1361 3853 in
1393 3797 1701 3869 Joaephum.

643 3941 697 3995 ι.
723 3936 906 4007 Longa
954 3933 1127 3989 maria
1176 3931 1574 4000 trajicientibus
1598 3931 1666 3985 ad
1690 3943 1919 3989 cursum
1953 3942 2149 4000 regen-

574 4034 703 4086 dum
736 4044 836 4099 pro
864 4037 1071 4082 tessera
1098 4036 1226 4081 sunt
1262 4035 1533 4081 astrorum
1562 4025 1929 4093 undequaque
1962 4020 2147 4091 splen-

572 4123 821 4179 dentium
847 4120 1138 4183 motiones,
1161 4126 1216 4172 et
1241 4116 1573 4185 gubernator
1599 4115 1923 4170 incumbens
1952 4114 2150 4183 guber-

574 4211 769 4269 naculo
825 4210 962 4265 tollit
992 4211 1046 4265 in
1098 4208 1295 4265 coelum
1357 4207 1571 4273 oculos,
1608 4215 1879 4260 astrorum
1918 4204 2153 4259 motibus

576 4305 832 4371 aurigans
886 4316 1122 4368 navem;
1156 4313 1522 4368 -cursumque
1582 4312 1679 4367 per
1724 4311 1873 4352 mare
1938 4294 2151 4351 cmlesti

583 4396 788 4449 lumine
846 4402 1237 4461 contorquens,
1276 4390 1449 4445 fertur
1494 4391 1546 4444 in
1602 4398 1835 4458 portum.
1887 4387 1989 4455 Qui
2022 4386 2153 4443 vero

578 4487 698 4540 vitae
727 4485 946 4553 pelagus
994 4493 1140 4538 recte
1163 4483 1384 4537 student
1411 4495 1749 4550 percurrere,
1793 4495 1859 4535 ac
1896 4480 2024 4535 vitas
2059 4495 2151 4537 se-
2187 4539 2193 4545 ,

577 4579 811 4634 cundum
849 4577 1017 4631 Deum
1054 4576 1316 4629 instituta:
1356 4574 1673 4630 desiderant
1710 4588 1902 4630 secare
1931 4572 2152 4641 ﬂuctus,

580 4683 686 4722 non
740 4675 887 4721 astra
939 4672 1232 4734 spectant;
1288 4663 1383 4718 sed
1413 4664 1643 4720 chorum
1671 4663 1944 4734 iustorum
1981 4665 2159 4733 inspe-

578 4768 723 4814 ctum
750 4765 902 4819 eunt,
944 4770 1010 4809 ac
1055 4768 1247 4810 eorum
1296 4753 1515 4808 vivendi
1546 4754 1852 4809 rationibus
1884 4754 2153 4824 vestigiis-

578 4861 686 4917 que
737 4847 1051 4901 insistentes
1081 4883 1098 4909 ,
1142 4844 1300 4914 quasi
1370 4845 1671 4914 composito
1735 4845 1950 4915 gradu,
2004 4860 2158 4900 suam

2227 2388 2329 2458 τῆς
2353 2388 2450 2442 τοῦ
2499 2387 2823 2459 μονογενοῦς
2863 2406 2966 2459 μου
2995 2386 3249 2459 θεότητος
3287 2387 3550 2445 ἀπταται.
3589 2386 3726 2458 Περὶ
3754 2383 3823 2439 τὺ

2231 2480 2504 2552 πρόϐατον
2528 2482 2561 2553 ή
2585 2480 2762 2547 θυσία,
2807 2482 2936 2553 περὶ
2963 2478 3063 2551 τὴν
3093 2477 3404 2552 οἰκονομίαν
3429 2479 3492 2533 τὸ
3518 2478 3708 2540 πάθος.
3740 2476 3823 2529 Τὸ

2231 2573 2504 2644 πρόϐατον
2542 2573 2635 2626 καὶ
2667 2575 2700 2645 ή
2742 2572 2880 2645 σάρξ
2915 2570 3308 2645 προσηλούσθω
3339 2570 3475 2643 (31),
3514 2570 3594 2643 μὴ
3638 2586 3823 2641 παρα-

2231 2666 2402 2739 τάξεις
2443 2665 2543 2736 τὴν
2580 2664 2837 2735 μίμησιν,
2876 2664 3239 2736 παραϐάλλων
3271 2662 3348 2734 τῷ
3394 2662 3558 2717 πάθει
3588 2660 3680 2714 τὸν
3725 2660 3825 2715 σδν

2233 2756 2541 2828 δμοούσιον.
2582 2756 2657 2810 Τὸ
2698 2756 2973 2827 πρόϐατον
3024 2754 3366 2825 σφαττέσθω,
3398 2754 3492 2808 τοῦ
3537 2755 3823 2825 ἐσταυρω-

2239 2850 2401 2921 μένου
2444 2848 2617 2919 ἀμνοῦ
2662 2850 2828 2921 φέρον
2869 2848 2967 2919 τὴν
3000 2848 3232 2919 μίμησιν
3256 2864 3271 2877 ·
3308 2848 3411 2920 δρα
3454 2847 3514 2901 τδ
3553 2846 3826 2919 πρόϐατον

2237 2938 2313 3003 ὡς
2339 2938 2432 2991 ἐπὶ
2455 2938 2551 2993 τοῦ
2600 2939 2833 3010 σταυροῦ
2873 2938 2967 2991 τοῦ
3012 2938 3183 3009 φυτοῦ
3232 2939 3600 3011 κρεμάμενον.
3647 2937 3829 2992 Τοῦτο

2236 3031 2363 3095 τοὺς
2389 3031 2553 3102 ἥλους
2590 3031 2894 3102 ἐκδέχεται,
2917 3029 3076 3085 τοῦτο
3103 3030 3313 3099 γίνεται
3336 3030 3496 3084 θυσία
3529 3030 3605 3102 τῷ
3630 3029 3830 3102 κόσμῳ

2241 3121 2527 3194 σωτήριος.
2566 3122 2775 3192 Πάσχει
2817 3122 2925 3193 γὰρ
2969 3121 3097 3185 ναός
3151 3121 3429 3186 οἰκοῦντος
3474 3121 3635 3189 Θεοῦ,
3679 3122 3831 3176 κατά

2237 3214 2336 3286 τὴν
2381 3213 2548 3268 αὑτοῦ
2572 3214 2667 3269 τοῦ
2693 3215 2967 3269 Δεσπότου
2996 3216 3180 3286 φωνήν
3200 3233 3214 3246 ·
3252 3216 3493 3270 Λύσατε
3527 3214 3635 3269 τὸν
3670 3213 3833 3271 ναὸν

2238 3303 2478 3369 τοῦτον,
2514 3303 2616 3358 καί
2641 3304 2712 3358 ἐν
2741 3304 2942 3373 τρισὶν
2964 3304 3211 3373 ἡμέραις
3232 3300 3412 3375 ἐγερῶ
3436 3302 3643 3358 αὐτόν.
3666 3300 3833 3373 Αὐτῷ

2241 3395 2275 3468 ἠ
2304 3394 2430 3462 δόξα
2458 3396 2539 3465 είς
2567 3397 2695 3461 τοὺς
2720 3395 3147 3468 αἱῶνας.’Δμήν.

2850 3674 3071 3729 ΛΟΓΟΣ
3109 3675 3193 3730 H'.

2606 3787 2717 3844 Τοῦ
2747 3787 2937 3843 αὐτοῦ
2966 3788 3053 3855 είς
3073 3787 3182 3843 τὸν
3231 3786 3476 3858 Ἰωσήφ.

2320 3923 2391 3979 α’.
2428 3923 2556 3988 Τοῖς
2588 3922 2687 3995 μὲν
2710 3923 2781 3979 τά
2819 3922 3010 3994 μακρὰ
3041 3922 3253 3993 πελάγη
3276 3922 3611 3995 διαπερῶσιν
3638 3924 3694 3977 ai
3721 3922 3839 3979 τῶν

2232 4016 2738 4089 ηπεριφανεστέρων
2772 4018 3020 4088 κινήσεις
3069 4017 3285 4088 ἄστρων
3327 4016 3464 4088 πρὸς
3505 4015 3598 4069 τὸν
3629 4015 3840 4086 δρόμον

2249 4111 2495 4181 γίνονται
2533 4109 2819 4181 σύνθημα*
2865 4110 2964 4163 καὶ
3003 4108 3367 4180 κυϐερνήτης,
3390 4108 3700 4163 ἐπιϐάλλων
3752 4108 3844 4178 τῷ

2252 4202 2522 4274 πηδαλίῳ,
2548 4201 2611 4255 τὸ
2647 4201 2868 4273 βλέμμα
2897 4201 3064 4255 τείνει
3110 4200 3249 4272 πρὸς
3290 4200 3544 4271 οὐρανὸν,
3570 4203 3688 4264 τοῖς
3722 4200 3846 4253 τῶν

2254 4296 2505 4366 ἀστέρων
2538 4296 2806 4365 κινήμασι
2828 4292 3061 4363 ἡνιοχῶν
3092 4293 3195 4363 τὴν
3235 4291 3457 4355 ὁλκάδα,
3490 4292 3586 4346 καὶ
3614 4294 3705 4347 τὸν
3738 4311 3847 4348 πε-

2226 4386 2444 4456 λάγιον
2494 4385 2699 4456 δρόμον
2726 4384 2804 4455 τῷ
2838 4385 2959 4439 κατ’
2994 4385 3228 4455 οὐρανὸν
3279 4385 3472 4453 φέγγει
3512 4386 3846 4441 συνελίττων

2255 4479 2394 4551 πρὸς
2417 4479 2645 4549 λιμένας
2675 4477 2979 4546 ἐπείγεται.
3004 4478 3068 4531 Οί
3090 4477 3148 4531 δὲ
3175 4476 3271 4531 τοῦ
3298 4476 3414 4547 βίου
3440 4476 3536 4549 τὴν
3564 4477 3847 4534 θάλατταν

2258 4574 2443 4637 καλῶς
2492 4573 2797 4628 σταδιεύειν
2840 4571 3155 4637 ἐθέλοντες,.
3190 4572 3286 4627 καὶ
3319 4572 3598 4637 πολιτείας
3645 4571 3846 4626 ἐνθέου

2256 4665 2481 4736 τέμνειν
2506 4663 2799 4728 ποθοῦντες
2832 4663 2902 4717 τά
2933 4664 3178 4735 κύματα,
3202 4662 3303 4716 οὐκ
3329 4664 3410 4726 εις
3434 4662 3675 4733 ἀστέρας
3698 4662 3849 4733 ὁρῶ-

2264 4775 2373 4822 σιν,
2409 4757 2547 4811 ἀλλὰ
2579 4756 2717 4829 πρὸς
2743 4758 2836 4811 τὸν
2865 4757 2974 4811 τῶν
3002 4756 3231 4810 δικαίων
3258 4756 3505 4829 ἀφορῶσι
3535 4755 3715 4826 χορὸν,
3745 4756 3849 4807 καὶ

2261 4852 2375 4914 τοῖς
2402 4849 2608 4904 τούτων
2638 4850 2831 4920 ἴχνεσι,
2874 4852 2990 4911 τοῖς
3019 4848 3121 4919 τῆς
3162 4846 3436 4911 πολιτείας
3472 4845 3850 4918 ἐπερείδοντες

580 4940 825 5010 ipsorum
855 4938 1024 4991 vitam
1062 4936 1326 5007 dirigunt.
1381 4935 1500 4993 Non
1533 4938 1679 4994 enim
1714 4937 2035 5008 navigantes
2082 4946 2151 4993 tul

2266 4939 2497 5012 βήμασι,
2526 4939 2626 5013 τὴν
2652 4941 2864 4996 ἐαυτῶν
2890 4940 3035 5012 ζωὴν
3054 4937 3467 4995 ἁπευθύνουσιν.
3488 4938 3562 4993 Οὐ
3587 4940 3694 5010 γὰρ
3717 4940 3848 4991 τοσ-

653 5116 698 5149 ¹⁷
731 5115 868 5171 Gen.
906 5130 1047 5181 χιιι,
1076 5115 1164 5171 ll.
1238 5115 1287 5148 ⁷⁸
1316 5114 1446 5171 ibid.
1477 5114 1564 5170 12.
1642 5115 1687 5147 ⁷³
1713 5113 1871 5170 Joan.
1899 5130 1973 5182 ιι,
2002 5115 2090 5171 i9.

1808 5251 1915 5308 CL.
1957 5251 2332 5321 DAUSQUEII
2370 5252 2602 5310 NOTAE.

660 5371 774 5441 (5|)
814 5373 1123 5442 Πρόϐατον
1160 5371 1258 5425 καὶ
1282 5370 1321 5437 ἡ
1357 5369 1515 5442 σὰρξ
1544 5368 2007 5442 προσηλούσθω.
2053 5368 2165 5442 Hoc

586 5439 706 5499 loco
754 5439 1030 5511 Scriptura
1095 5442 1253 5511 habet
1290 5440 1464 5509 κριός,
1499 5442 1673 5505 aries;
1728 5439 1781 5494 id
1821 5454 1950 5511 vero
1983 5441 2161 5505 magni

588 5517 832 5569 interest.
865 5509 1003 5567 Dicit
1031 5511 1174 5566 enim
1204 5510 1428 5564 historia
1473 5523 1651 5570 sacra.
1684 5509 1937 5563 cornibus
1964 5523 2162 5576 pepen-

588 5587 734 5639 disse
767 5583 913 5637 inter
936 5595 1129 5650 vepres
1160 5594 1333 5650 :roves
1359 5588 1538 5650 autem
1569 5588 1953 5650 c0rnuta:__non
1990 5577 2163 5637 solent

589 5669 728 5708 esse.
763 5652 895 5705 Nam
947 5646 1073 5703 licet
1120 5649 1514 5704 scientissimus
1546 5658 1752 5703 naturae
1796 5646 2059 5700 Homerus
2108 5650 2160 5700 in

594 5722 833 5792 Odyssea
858 5720 1140 5790 scripserit
1172 5718 1326 5788 agnis
1360 5732 1549 5771 recens
1580 5718 1721 5772 natis
1752 5717 1805 5771 in
1844 5715 2007 5792 Libya
2035 5731 2162 5785 pro-

594 5787 724 5859 per'e
759 5787 1102 5859 succrescere
1150 5787 1352 5842 cornua
1385 5803 1398 5840 ;
1433 5802 1535 5859 non
1581 5787 2008 5859 tamen_ubique
2035 5795 2164 5839 sunt

594 5855 883 5928 ejusmodi.
907 5860 1019 5914 Nisi
1056 5858 1299 5913 dicamus
1330 5857 1502 5928 angeli
1532 5871 1692 5981 opera
1724 5855 1976 5924 Libycam
2006 5870 2159 5910 ovem

595 5942 877 5981 comutam
920 5946 988 5981 eo
1037 5931 1403 5981 deportatum.
1437 5942 1544 5981 auo
1614 5925 1738 5981 ﬂntzi
1775 5925 1907 5979 nihil
1941 5940 2159 5980 necesse

595 5925 877 5987 cornutam
920 5946 988 5985 eo
1037 5925 1579 5999 deportataquuod
1614 5925 1738 5995 tingi
1775 5925 1907 5979 nihil
1941 5940 2160 5980 necesse

2270 5380 2374 5425 est.
2408 5367 2606 5422 Verum
2656 5378 2781 5421 nota
2814 5365 3090 5437 προϐάτου
3133 5364 3545 5437 appellationem
3591 5366 3845 5437 arietem,

2270 5452 2324 5493 et
2374 5439 2523 5509 plura
2558 5437 2862 5509 complecti.
2906 5437 3100 5509 Suitlas
3126 5454 3139 5491 :
3166 5436 3625 5509 ﬂpd6ataeréu‘ra
3655 5436 3849 5509 rass-

2268 5505 2513 5582 τράποδα
2556 5505 2855 5582 :__Proba_l_a
2906 5507 3103 5582 omiiia_
3127 5505 3514 5582 quadrupedia.
3542 5505 3849 5582 Hesychius

2269 5575 2413 5635 idem
2466 5577 2631 5631 tradit
2685 5576 3023 5644 explicatius.
3065 5575 3244 5647 Quare
3296 5578 3449 5645 κριός
3504 5586 3588 5647 est
3634 5575 3850 5647 πράσα-

2266 5666 2380 5713 τον,
2410 5648 2518 5716 etsi
2575 5661 2678 5700 non
2724 5656 3131 5716 convertantur.
3164 5644 3304 5699 Hinc
3336 5644 3499 5700 etiam
3535 5644 3717 5701 videre
3757 5654 3849 5716 est

2266 5712 2597 5789 probaticam
2627 5716 2888 5789 piscinam
2917 5717 3057 5783 apud
3083 5712 3342 5789 Joannem
3374 5731 3481 5789 non
3509 5730 3537 5769 a
3570 5716 3696 5789 solis
3725 5715 3848 5770 ovi-

2226 5808 2229 5812 ·
2266 5785 2367 5844 bus
2407 5803 2600 5843 nomen
2640 5787 2928 5848 invenisse,
2957 5801 3078 5840 eum
3106 5795 3162 5839 et
3186 5785 3289 5840 alia
3316 5785 3681 5856 quadrupedia
3706 5799 3846 5840 ven-

2269 5861 2532 5933 derentur
2562 5857 2616 5912 in
2649 5871 2804 5911 usum
2835 5869 3134 5911 sacrorum.
