4102 6568
466 365 565 433 115

1662 357 1939 415 BASlLll
1981 355 2520 420 SELEUCIENSIS

3630 361 3726 431 116

461 477 811 535 immodicum
856 471 1147 534 admirata,
1187 469 1497 525 atlectionis
1525 466 1668 522 illius
1697 481 1916 522 causam
1951 466 2032 520 in-

2159 469 2362 542 >ίλτρου
2397 471 2776 544 θαυμάζουσα,
2826 471 2922 527 τοῦ
2955 473 3162 538 πάθους
3209 474 3309 546 τὴν
3367 475 3546 528 αἰτίαν
3586 477 3720 550 ἐκή-

460 569 692 638 vulgat:
731 565 903 620 Israel
947 564 1109 630 enim,
1155 561 1350 630 inquit,
1397 558 1646 629 diligebat
1703 558 1922 628 Ioseph,
1973 575 2035 614 eo

458 660 599 728 quod
628 661 681 711 in
713 665 976 711 senectute
1020 653 1285 724 genuisset
1319 665 1439 703 eum
1467 648 1537 704 ⁸¹.
1569 648 1726 716 Quod
1755 650 1800 705 si
1836 649 2036 719 Benja.

463 750 644 804 minus
675 748 907 802 tiliorum
935 743 1124 799 Jacobi
1159 750 1495 811 postremus,
1529 749 1586 796 et
1609 739 1880 796 senectuti
1904 739 2037 794 vici-

458 857 560 896 nus
590 849 730 903 erat,
766 851 821 894 et
854 836 1097 900 pariendi
1131 835 1276 899 linis,
1305 834 1582 904 quomodo
1625 831 1896 904 Josepltus
1955 833 2040 888 in-

458 949 624 1000 super
678 933 820 986 titius
867 928 1170 985 senectutis
1220 926 1571 996 appellatur?
1621 927 1694 981 At
1739 927 2040 982 senectutis

461 1025 607 1078 titius
633 1035 738 1086 est,
765 1021 884 1090 qui,
915 1029 1252 1075 senectutem
1279 1033 1544 1074 accurans
1567 1028 1622 1073 et
1649 1018 1829 1073 {etatis
1852 1017 2042 1088 patria:

459 1114 710 1168 laborem
731 1127 863 1166 cura
897 1110 1161 1176 allevans,
1205 1124 1302 1180 spe
1331 1108 1630 1164 settectutis
1659 1105 1906 1164 fovenda:
1939 1123 2037 1163 na-

461 1204 692 1258 turalem
720 1216 963 1258 amorem
1015 1201 1120 1256 sibi
1172 1199 1508 1267 conciliavit,
1556 1209 1612 1254 et
1645 1199 1911 1269 obsequio
1943 1214 2038 1254 ar-

462 1297 766 1352 tlcntioretn
829 1294 1057 1349 ntcssuit
1109 1292 1482 1357 dilectionem,
1513 1291 1749 1346 futuram
1793 1293 2042 1347 occasio-

464 1404 588 1444 nem
618 1385 896 1458 grandiori
951 1382 1261 1438 certamini.
1306 1381 1530 1438 Fratres
1560 1381 1706 1437 enim
1739 1381 2039 1437 invidentia

462 1479 710 1549 percussi
785 1475 1111 1546 turgebant,
1164 1487 1341 1543 neque
1395 1483 1580 1528 notam
1629 1487 1698 1528 ex
1753 1472 2042 1529 insomniis

462 1571 616 1640 pueri
669 1569 980 1625 felicitatem
1031 1567 1419 1622 sustinebant:
1469 1566 1564 1622 sed
1618 1566 1704 1622 vel
1754 1579 1926 1635 usque
1975 1564 2042 1619 ad

466 1663 676 1718 somnia
724 1660 939 1716 invidiae
988 1657 1271 1714 stimulum
1301 1657 1660 1713 extendentes
1687 1666 1914 1726 accepta
1947 1670 2042 1710 oe-

466 1754 692 1807 casione
719 1765 906 1806 necem
941 1748 1298 1814 meditantur,
1329 1761 1541 1802 necnon
1569 1748 1638 1803 ab
1667 1747 1923 1816 amplexu
1948 1761 2044 1815 pa-

2151 580 2388 634 ρυττεν·
2438 564 2670 634 Ἦτάπα
2697 563 2830 635 γὰρ,
2867 567 3052 637 φησιν,
3094 565 3295 622 Ἰακὼϐ
3333 569 3440 623 τὸν
3481 568 3726 639 Ἰωσὴφ,

2147 655 2238 709 ὅτι
2265 655 2624 726 υιὸόγήρως
2661 653 2742 728 ἦν
2761 656 2924 724 αὐτῷ
2955 658 3090 730 (58).
3114 660 3308 714 Καίτοι
3337 659 3595 731 Βενιαμὶν
3619 660 3725 714 τῶν

2147 747 2242 801 τοῦ
2259 747 2454 802 Ἰακὼϐ
2471 749 2678 810 παίδων
2692 751 2720 803 ὀ
2746 749 2993 820 ἔσχατος,
3011 750 3108 803 καὶ
3127 750 3322 820 γείτων
3337 751 3414 822 τῷ
3431 751 3575 822 γήρᾳ
3594 751 3725 822 (59),

2147 839 2378 893 καὶτῶν
2420 839 2626 894 ὠδίνων
2662 841 2938 913 ὑπήρχετο
2975 841 3150 912 πέρας
3173 857 3188 871 °
3225 843 3342 906 πῶς
3373 840 3467 896 οὖν
3530 843 3724 914 Ἰωσὴφ

2149 933 2266 996 υἱὸς
2301 934 2490 1004 γήρως
2528 933 2966 1004 ἐπονομάζεται;
3002 935 3142 988 ’Δλλ⁹
3167 934 3281 998 υίὸς
3305 935 3494 1005 γήρως
3531 936 3676 987 ἐστὶν
3700 939 3728 990 ὀ

2148 1023 2248 1078 τοῦ
2291 1025 2480 1094 γήρως
2534 1024 2996 1096 ἐπιμελούμενος·
3045 1026 3142 1080 καὶ
3184 1026 3461 1097 πατρικῆς
3511 1025 3728 1095 ἡλικίας

2147 1115 2242 1169 τόν
2274 1115 2435 1168 πόνον
2465 1117 2532 1186 τῇ
2571 1115 2838 1188 θεραπείᾳ
2870 1115 3165 1186 κουφίζων,
3202 1119 3323 1180 ταῖς
3355 1117 3482 1188 περὶ
3515 1115 3575 1168 τὸ
3622 1117 3726 1186 γῆ-

2156 1224 2258 1278 ρας
2290 1206 2472 1259 ἐλπίσι
2497 1206 2561 1259 τὸ
2585 1207 2686 1276 τῆς
2721 1206 2938 1276 φύσεως
2965 1208 3316 1262 ἐπεσπάσατο
3356 1208 3600 1279 φίλτρον,
3633 1208 3730 1261 καὶ

2152 1296 2290 1368 πρὸς
2316 1297 2503 1364 ἀγῶνα
2538 1297 2924 1368 δαψιλέστερον
2949 1301 3015 1369 τῇ
3065 1299 3331 1370 θεραπείᾳ
3368 1298 3571 1370 ἐτρύγα
3606 1299 3732 1371 θερ-

2154 1388 2392 1461 μοτέραν
2416 1389 2821 1461 φιλοστοργίαν.
2868 1389 3112 1459 Ἀδελφοὶ
3140 1391 3196 1444 δέ
3224 1391 3401 1463 φθόνῳ
3431 1391 3732 1462 πληγέντες

2152 1479 2527 1551 ἐπλήσθησαν,
2557 1480 2679 1533 οὑδέ
2709 1480 2846 1552 πρὸς
2870 1480 2969 1551 τὴν
3004 1479 3064 1545 ἐξ
3092 1481 3390 1552 ὀνειράτων
3424 1483 3730 1553 εὐπραγίαν

2150 1567 2246 1620 τοῦ
2291 1567 2480 1631 παιδὸς
2523 1568 2892 1639 ἐκαρτέρουν
2946 1568 3085 1624 ἀλλὰ
3128 1571 3223 1624 καὶ
3273 1571 3431 1643 ἄχρις
3480 1571 3730 1642 ὀνείρων,

2151 1657 2248 1716 τοῦ
2279 1657 2478 1728 φθόνου
2503 1659 2564 1711 τδ
2609 1660 2836 1730 κέντρον
2872 1660 3178 1729 ἀνέτειναν,
3219 1663 3314 1717 καὶ
3347 1663 3538 1734 καιροῦ
3568 1663 3732 1716 λαὸόο

2157 1767 2330 1823 μενοι,
2358 1750 2624 1822 μελετῶσι
2657 1751 2746 1804 τὸν
2778 1753 2960 1822 φόνον,
2988 1753 3214 1808 καὶτῶν
3241 1755 3522 1827 πατρικῶν
3554 1755 3732 1823 ἀγκα-

468 1842 576 1896 trio
606 1855 830 1910 puerum
859 1837 1107 1892 avulsum
1131 1836 1383 1905 aucupati
1410 1844 1674 1906 tanquam
1712 1849 1865 1888 reum
1900 1847 2042 1887 mor-

2159 1843 2254 1896 λῶν
2275 1843 2482 1914 γυμνὸν
2509 1843 2604 1898 τὸν
2624 1844 2788 1898 παῖδα
2819 1845 3208 1917 θηρεύσαντες,
3229 1847 3481 1920 καθάπερ
3512 1847 3734 1919 θανάτῳ

469 1934 541 1988 tis
576 1942 842 1986 montanae
894 1930 1146 1986 cisterna:
1179 1927 1422 1982 tradunt.
1472 1925 1603 1992 Quae
1655 1926 1894 1982 cisterna
1934 1923 2044 1978 fra-

473 2035 614 2079 trum
665 2024 923 2078 invidiam
976 2020 1321 2078 humanitate
1383 2017 1660 2089 superavit
1715 2039 1727 2073 :
1791 2030 1916 2071 nam
1978 2015 2048 2069 ab

470 2117 627 2185 aquis
663 2131 828 2170 vacua
874 2115 1081 2170 salvum
1125 2121 1311 2168 servat
1339 2108 1658 2178 Josepbum,
1691 2117 1750 2162 ut
1778 2118 1932 2164 cetus
1955 2106 2048 2162 Jo-

473 2226 597 2262 nam
634 2209 773 2262 inter
818 2207 1033 2262 ﬂuctus.
1083 2205 1322 2261 Consilia
1376 2217 1506 2259 vero
1550 2202 1617 2258 de
1665 2201 2046 2256 interiectione

472 2299 719 2353 venditio
769 2297 994 2366 excipit,
1041 2311 1106 2350 ac
1162 2297 1308 2351 velut
1352 2294 1570 2363 aliquod
1612 2293 1774 2348 eatdis
1810 2292 2045 2363 spolium

473 2392 696 2444 fratrem
751 2388 949 2442 fratres
997 2386 1236 2451 tradunt,
1289 2399 1550 2454 amorque
1605 2383 1853 2454 pecunia:
1896 2384 2047 2437 necis

471 2495 698 2536 excussa
721 2478 1048 2548 cogitatione
1074 2475 1372 2546 Josepltum
1404 2477 1597 2531 eodem
1635 2491 1760 2530 cum
1791 2475 1898 2530 illis
1922 2485 2045 2532 satu

470 2574 674 2628 editum
706 2586 736 2625 a
767 2580 942 2627 morte
973 2571 1024 2625 in
1071 2578 1315 2639 apertam
1363 2568 1682 2624 servitutem
1724 2567 2046 2624 vindicavit.

474 2668 551 2721 lta
603 2665 746 2721 solet
807 2664 1012 2718 invidia
1066 2679 1190 2718 cum
1248 2663 1437 2716 invisis
1493 2661 1806 2717 humaniter
1863 2673 2046 2730 agere.

477 2759 676 2813 Verum
708 2757 762 2825 (0
812 2754 1049 2811 divinam
1093 2751 1564 2824 providentiam!)
1613 2767 1780 2807 verax
1811 2760 1916 2818 est,
1959 2752 2050 2821 qui

475 2850 860 2916 comprehendit
902 2848 1163 2916 sapientes
1210 2846 1265 2898 in
1312 2847 1512 2899 astutia
1569 2859 1754 2898 eorum
1796 2843 1866 2898 ⁸⁸.
1913 2842 2048 2898 Nam

477 2941 667 2997 invisis
695 2941 804 2996 illis
835 2939 1061 2995 somniis
1101 2952 1197 3006 per
1225 2936 1646 3004 imprudentiam
1681 2935 2046 2999 subserviunt,

480 3032 635 3086 inviti
663 3029 887 3100 .loscplti
934 3026 1163 3083 somniis
1205 3041 1426 3097 operam
1482 3027 1851 3094 commodant,
1882 3027 2050 3092 viam,

478 3141 582 3191 qua
614 3138 741 3177 vera
783 3122 1017 3176 evadant
1056 3118 1684 3186 somnia,venditionem
1726 3118 2048 3174 moliuntur.

479 3218 614 3271 Cum
652 3215 796 3270 enim
847 3214 938 3268 Dei
987 3210 1232 3268 consiliis
1261 3210 1541 3265 adversari
1569 3209 1842 3265 voluerint
1881 3211 2058 3266 bomi-

482 3325 600 3372 nes,
643 3307 893 3362 concedit
946 3305 1090 3361 Deus
1140 3302 1350 3358 libidini
1394 3301 1763 3371 obsequantur
1809 3317 1944 3368 suae,
1985 3304 2059 3356 si-

483 3415 725 3468 ncnsque
756 3397 868 3469 46
898 3397 1135 3467 cogitata
1185 3395 1238 3450 in
1288 3394 1465 3450 lucem
1505 3393 1716 3458 venire,
1747 3408 1929 3449 mores
1956 3409 2056 3464 pu-

483 3494 625 3548 bliee
667 3490 912 3546 infamat.
947 3490 1150 3545 Servos
1206 3501 1319 3543 suae
1363 3485 1682 3542 intentionis
1727 3485 1813 3541 vel
1861 3486 2061 3542 invitos

486 3585 638 3650 facit,
662 3593 722 3636 ttt
746 3597 866 3653 quae
898 3580 1162 3651 impedire
1195 3578 1490 3644 voluerint,
1523 3579 1698 3648 palam
1739 3577 2057 3644 conficiant,

485 3688 536 3731 ct
569 3692 664 3746 per
687 3691 780 3730 eas
813 3683 979 3737 artes,
1010 3671 1212 3742 quibus
1255 3686 1440 3726 moras
1488 3670 1813 3739 iniecerant,
1865 3685 2063 3740 coope-

485 3781 702 3826 ratores
750 3769 1112 3839 reperiantur,
1150 3780 1259 3834 quo
1285 3775 1339 3820 et
1365 3763 1566 3819 bellum
1617 3762 1778 3816 simul
1833 3761 2059 3824 inferre,

485 3872 539 3917 ct
591 3861 754 3916 simul
814 3860 1129 3914 servitutem
1185 3858 1395 3913 servire
1443 3857 1894 3924 comprobentur.
1968 3853 2062 3908 Sic

486 3945 707 4019 Josepbi
750 3949 945 4003 fratres
971 3961 1144 4014 usque
1176 3945 1242 3999 ad
1269 3945 1588 4015 sanguinem
1619 3953 1809 4000 contra
1847 3943 2062 3999 somnia

489 4053 789 4113 pugnantes
836 4037 1227 4093 nundinatione
1271 4037 1485 4091 sonmia
1530 4037 1598 4091 ad
1647 4035 1900 4092 etiectum
1939 4051 2064 4107 per-

2149 1934 2443 1988 κατάδικον
2472 1936 2639 2007 ὀρείῳ
2691 1935 2880 2008 λάκκῳ
2922 1937 3260 1994 πιστεύουσι.
3303 1939 3362 1994 '0
3413 1939 3469 1993 δέ
3521 1939 3730 2003 λάκκος

2149 2026 2441 2096 ἀδελφικώ
2499 2028 2696 2097 φθόνου
2751 2021 3266 2103 φιλανθρῶπότερος
3309 2030 3536 2100 γέγονεο
3574 2029 3738 2094 κενὸς

2147 2119 2261 2189 γὰρ
2311 2116 2502 2180 ὓδατος
2548 2118 2810 2190 ὑπάρχων
2853 2120 3116 2188 φυλάττει
3169 2121 3307 2175 σῶον
3357 2122 3448 2176 τὸν
3504 2121 3733 2193 Ἰωσὴφ,

2149 2209 2403 2281 καθάπερ
2422 2210 2483 2264 τὸ
2512 2211 2679 2281 κῆτος
2707 2211 2798 2265 τὸν
2843 2213 3026 2266 Ἷωνᾶν
3052 2214 3109 2266 ἐν
3137 2215 3250 2276 τοῖς
3291 2213 3522 2284 κύμασι.
3547 2214 3736 2267 Διεδέ-

2149 2317 2276 2372 χετο
2307 2301 2364 2354 δέ
2392 2303 2598 2372 πρᾶσις
2623 2302 2691 2356 τὰ
2718 2303 2850 2374 περὶ
2879 2304 3040 2373 φόνου
3074 2303 3438 2374 βουλεύματα,
3473 2305 3567 2358 καὶ
3595 2304 3734 2358 καθ-

2150 2389 2295 2460 άπερ
2334 2405 2385 2442 τι
2431 2389 2596 2459 φόνου
2631 2389 2893 2461 λάφυρον,
2934 2391 3028 2445 τὸν
3077 2390 3309 2461 ἀδελφὸν
3341 2392 3564 2462 ἀδελφοὶ
3595 2395 3738 2447 ἀπο-

2150 2482 2415 2536 δίδονταιο
2439 2483 2533 2537 καὶ
2564 2483 2898 2555 φιλαργυρία
2929 2484 3019 2537 τὸν
3051 2485 3209 2554 φόνον
3232 2486 3522 2556 νικήσασα,
3548 2485 3739 2539 δοῦλον

2150 2573 2276 2628 ἀντὶ
2309 2574 2508 2646 νεκροῦ
2533 2575 2622 2628 τὸν
2645 2575 2956 2645 ὁμόσπορον
2985 2573 3202 2646 ῆλεγξε.
3227 2575 3462 2629 Τοιαῦτα
3484 2577 3513 2629 ό
3541 2575 3740 2645 φθόνος

2149 2657 2262 2718 οἶδε
2287 2664 2415 2728 τοῦς
2449 2663 2851 2734 φθονουμένους
2886 2664 3450 2736 φιλανθρωπεύεσθαι.
3492 2665 3656 2731 amr,
3690 2667 3741 2720 ὦ

2151 2755 2252 2825 τῆς
2271 2753 2418 2818 θείας
2435 2753 2689 2825 προνοίας
2707 2755 2719 2808 !
2749 2754 2952 2825 ἀληθὴς
2973 2756 3006 2808 ό
3032 2753 3446 2825 δρασσόμενος
3467 2755 3609 2820 τοὺς
3627 2770 3742 2809 0'0-

2153 2843 2398 2913 φοὺς-ὲν
2433 2843 2508 2912 τῇ
2535 2847 2868 2914 πανουργίᾳ
2905 2843 3122 2898 αὐτῶν.
3152 2839 3248 2908 Οἷς
3294 2848 3403 2918 γὰρ
3450 2845 3744 2916 φθονοῦσιν

2154 2935 2422 3007 ὀνείρασι,
2457 2935 2669 2998 τούτοις
2693 2935 3094 3006 ὑπουργοῦντες
3119 2937 3219 2989 οὑκ
3241 2935 3448 2991 οἴδασιν
3465 2953 3480 2968 ⁸
3513 2936 3744 2999 ἄκοντες

2154 3029 2270 3092 τοῖς
2313 3027 2408 3081 τοῦ
2450 3028 2648 3098 Ἰωσὴφ
2693 3027 2969 3090 ἐνυπνίοις
3010 3027 3452 3100 συμπράττουσι,
3507 3027 3626 3081 ὁδὸν
3670 3031 3742 3100 τῇ

2159 3118 2366 3172 τούτων
2401 3118 2626 3172 ἐκϐάσει
2653 3117 2752 3188 τὴν
2775 3119 2978 3188 πρᾶσιν
3000 3119 3526 3183 κατασκευάζοντες.
3559 3121 3747 3174 Ἐπει-

2157 3211 2256 3265 δὰν
2278 3211 2389 3281 γάρ
2413 3212 2523 3274 τοῖς
2547 3211 2713 3273 θείοις
2741 3209 3108 3280 βουλεύμασιν
3130 3211 3516 3284 ἀντιπράττειν
3544 3211 3747 3266 ἐθέλωο

2161 3319 2248 3357 σιν
2273 3302 2574 3372 ἄνθρωποι,
2611 3303 2884 3371 συγχωρεί
2919 3302 3016 3372 μὲν
3050 3303 3314 3373 πράττειν
3343 3303 3474 3367 Θεὸς
3500 3303 3536 3357 ἃ
3565 3304 3747 3375 προῄ-

2165 3410 2381 3465 ρηνται,
2407 3392 2643 3456 ἐνδιδοὺς
2673 3393 2730 3446 δέ
2762 3393 3000 3464 φανῆναι
3027 3393 3126 3466 τὴν
3149 3395 3398 3468 γνώμην,
3434 3395 3746 3468 στηλιτεύει

2159 3486 2254 3540 τὸν
2286 3487 2519 3558 τρόπον·
2571 3485 2850 3556 ὑπηκόους
2899 3487 3098 3550 αὐτοὺς
3147 3489 3381 3552 ἄκοντας
3413 3491 3512 3561 τῆς
3548 3490 3748 3545 ἑαυτοῦ

2161 3578 2400 3630 ποιεῖται
2426 3575 2762 3647 προθέσεως,
2790 3578 2878 3630 ἵνα
2909 3576 2946 3631 ἃ
2967 3577 3201 3633 κωλύειν
3231 3579 3529 3646 ἐθέλοντες,
3559 3580 3752 3635 ἀνύον-

2163 3683 2256 3730 τες
2290 3666 2626 3735 φαίνωνται’
2681 3665 2774 3719 καὶ
2798 3666 2864 3726 δι’
2919 3659 2994 3722 ὦν
3043 3667 3261 3738 ἐπέχειν
3311 3668 3608 3739 βιάζονται,
3658 3670 3753 3725 διά

2165 3759 2375 3811 τούτων
2423 3757 2811 3827 συνεργοῦντες
2855 3759 3243 3830 εὑρίσκωνται,
3301 3760 3388 3815 ῐνα
3430 3762 3524 3814 καὶ
3581 3761 3751 3815 πολε-

2167 3850 2400 3921 μοῦντες
2424 3849 2584 3920 ὁμοῦ,
2618 3851 2712 3903 καὶ
2733 3850 3077 3917 δουλεύοντες
3100 3851 3532 3923 άπελέγχωνται.
3556 3855 3748 3918 Οῦτως

2163 3945 2215 3998 οί
2251 3943 2348 3996 τοῦ
2387 3942 2586 4015 Ἰωσὴφ
2621 3943 2849 4013 ἀδελφοὶ
2890 3945 3048 4014 ἄχρις
3075 3946 3327 4017 αἱμάτων
3367 3947 3489 4001 κατ’
3524 3947 3752 4018 ὀνείρων

2171 4034 2672 4106 παραταττόμενοι,
2703 4037 2769 4106 τῇ
2791 4034 2992 4105 πράσει
3017 4037 3142 4099 τοὺς
3165 4037 3409 4109 ὀνείρους
3437 4039 3515 4100 εἰς
3547 4038 3750 4110 πράξιν

490 4137 713 4197 ducunt,
740 4141 791 4184 et
823 4129 1176 4185 inclementes
1221 4130 1437 4201 cognati
1480 4129 1762 4200 sanguinis
1793 4129 2053 4184 nundina-

2170 4125 2467 4195 ἐγείρουσι,
2518 4124 2616 4178 καὶ
2663 4125 2762 4195 τῆς
2817 4123 3032 4194 φύσεως
3086 4124 3320 4198 ἔμποροι
3372 4127 3746 4192 καταστάντες

489 4231 639 4277 tores
671 4217 974 4285 constituti,
1005 4231 1126 4290 post
1149 4220 1309 4292 paulo
1336 4221 1420 4276 sui
1459 4221 1731 4276 concitata
1777 4221 2061 4284 commise-

492 4313 702 4370 ratione
741 4311 914 4367 victus
962 4321 1238 4382 emptores
1283 4312 1536 4378 evadunt,
1580 4320 1635 4367 et
1673 4311 1915 4382 obiectos
1959 4325 2056 4380 per

561 4491 604 4524 "
631 4490 767 4546 Gen.
801 4502 1022 4554 xxxv",
1052 4487 1107 4545 '5.
1183 4487 1230 4520 “
1259 4487 1358 4545 Job
1381 4501 1435 4556 v,
1473 4489 1576 4558 t5;
1608 4488 1626 4544 l
1655 4489 1782 4546 Cor.
1815 4505 1902 4556 ιιι,
1935 4489 2020 4545 19.

2164 4218 2436 4286 ἀνηλεεῖς,
2498 4217 2616 4287 μετ’
2669 4216 2851 4284 ὀλίγον
2912 4216 3147 4288 ἔμποροι
3189 4219 3396 4287 τροφῆς
3433 4218 3752 4288 ἐλεούμενοι

2167 4308 2439 4378 γίνονται*
2477 4308 2572 4362 καὶ
2604 4307 2713 4362 τῶν
2743 4307 2968 4380 ὀνείρων
3004 4307 3287 4380 μισοῦντες
3326 4309 3395 4362 τά
3433 4309 3752 4382 δράγματα,

1730 4647 1836 4705 CL.
1859 4645 2232 4714 DAUSQUEII
2267 4645 2498 4704 NOTAE.

566 4806 676 4879 (38)
712 4807 842 4879 "Ott
869 4807 1000 4872 υἱὸς
1018 4805 1210 4879 τῄρως
1234 4801 1312 4876 ἦν
1341 4803 2066 4879 abnbﬁoncordantetiam

495 4873 846 4948 Scptn'aginta
880 4892 1002 4948 cum
1027 4873 1268 4931 Hebraeo
1300 4886 1470 4948 textu,
1507 4878 1560 4929 in
1593 4891 1701 4945 quo
1728 4893 1751 4948 :A
1781 4873 1827 4928 Ρ
1832 4875 1953 4928 ilius
1981 4892 2066 4948 se-

494 4945 757 5002 neétutum
789 4958 886 5000 est.
937 4947 1130 5001 Vcrsio
1174 4947 1480 5000 communis
1522 4946 1847 4999 sententiam
1894 4945 2067 5012 expli-

493 5019 632 5070 cavit
661 5035 675 5070 :
708 5015 785 5068 Eo
828 5017 965 5083 quod
1009 5017 1062 5069 in
1112 5025 1375 5068 senectute
1435 5016 1691 5085 genuisset
1740 5031 1878 5079 eum,
1947 5031 2069 5069 cum

493 5087 703 5141 scilicet
732 5085 900 5140 Jacob
939 5094 1085 5140 esset
1135 5088 1291 5140 ttnius
1323 5094 1378 5139 et
1432 5085 1720 5152 nonaginta
1780 5100 2066 5138 annorum.

494 5158 630 5212 Cum
655 5157 891 5225 quinque.
944 5165 1039 5208 aut
1067 5171 1158 5210 sex
1193 5157 1348 5209 annis
1371 5165 1679 5225 superasset
1711 5155 2067 5209 centesimum

499 5224 684 5296 genuit
718 5225 1038 5294 Beniamin;
1077 5240 1258 5296 auare
1305 5234 1448 5278 recte
1485 5224 1716 5296 Basilius
1747 5225 1812 5278 de
1852 5239 1917 5279 eo
1961 5227 2069 5296 τῷν

498 5294 702 5350 παίδων
735 5298 762 5353 ὁ
791 5297 1039 5367 ἔσχατος.
1077 5294 1170 5348 llle
1197 5294 1345 5367 alter
1385 5303 1562 5367 tamen
1596 5295 1739 5367 [ilius
1785 5295 2066 5367 senectutis

498 5375 585 5421 cst
611 5363 930 5432 appellatus,
955 5364 1036 5418 vel
1066 5366 1206 5433 quod
1250 5365 1524 5418 ulterioris
1551 5363 1751 5419 sobolis
1777 5380 1924 5432 spem
1952 5366 2066 5419 nul-

498 5437 606 5491 lam
638 5436 944 5503 conciperet
991 5433 1158 5490 Jacob
1205 5451 1270 5488 eo
1295 5444 1570 5501 generato,
1605 5435 1685 5488 vel
1721 5435 1790 5489 ob
1828 5445 2073 5503 curatam

498 5509 566 5562 ab
589 5523 653 5560 eo
679 5502 850 5575 patris
877 5515 1238 5575 senectutem,
1266 5504 1410 5575 quod
1442 5504 1613 5575 visum
1642 5515 1827 5575 nostro
1850 5502 2071 5575 Basilio.

571 5573 691 5646 (39)
714 5577 939 5646 Γείτων
959 5575 1039 5644 τῷ
1067 5574 1238 5644 γήρᾳ.
1276 5573 1392 5636 Ouo
1424 5573 1665 5646 referas?
1689 5573 1802 5628 Non
1830 5577 1894 5628 ad
1917 5574 2074 5646 Jaco-

501 5648 646 5708 lmm,
685 5651 773 5712 qui
800 5645 911 5713 jam
944 5657 1219 5700 senectam
1253 5655 1465 5698 aatatem
1490 5645 1700 5709 agebat,
1727 5661 1830 5699 non
1863 5645 1928 5698 ad
1950 5659 2070 5698 eam

501 5719 792 5786 vergebat;
844 5732 946 5770 non
1002 5717 1067 5770 ad
1120 5713 1435 5786 Josepltum,
1480 5715 1570 5786 qui
1601 5730 1714 5786 non
1752 5715 1919 5786 potuit
1952 5728 2072 5767 esse

502 5783 672 5860 maior
695 5788 852 5844 annis
878 5787 1126 5859 triginta;
1155 5783 1261 5841 non
1279 5786 1343 5839 ad
1371 5783 1766 5856 Benjatttinum,
1788 5785 1877 5855 qui
1905 5799 2070 5854 prope

2175 4805 2331 4877 annis
2354 4803 2659 4877 quindecim
2713 4814 2839 4877 natu
2875 4807 3054 4862 minor
3083 4819 3200 4862 erat
3253 4808 3509 4877 Joscpbo.
3540 4809 3750 4866 Tamen

2172 4875 2240 4928 ad
2272 4875 2646 4941 Benjaminum
2680 4875 2845 4929 traltit
2881 4892 2977 4930 nos
3014 4879 3279 4934 orationis
3311 4875 3503 4941 series,
3529 4893 3580 4933 et
3606 4881 3748 4937 And.

2175 4945 2367 5018 l_lo'tus,
2397 4945 2576 5018 regius
2608 4944 2659 4997 itt
2692 4945 2980 5018 Academia
3033 4959 3216 5018 nostra
3249 4948 3514 5004 Duacensi
3556 4950 3752 5018 lingua:

2174 5013 2376 5068 Graecae
2401 5015 2610 5074 doctor,
2641 5015 2855 5084 cuicttm
2883 5015 2996 5070 bare
3021 5017 3304 5072 ditlicttltas
3325 5013 3749 5084 communicata,

2174 5085 2406 5138 solerter
2439 5083 2688 5152 intelligit
2722 5083 3095 5152 Benjaminttttt
3131 5089 3367 5141 vicinum
3393 5089 3557 5144 fuisse
3587 5083 3751 5144 sene?

2173 5154 2329 5218 ctuti,
2361 5168 2465 5207 non
2506 5169 2637 5224 suae.
2667 5153 2760 5224 sed
2793 5154 2962 5220 patris
3013 5154 3197 5210 Jacobi
3232 5176 3244 5211 :
3283 5174 3381 5212 nec
3429 5160 3590 5212 aliter
3619 5175 3749 5224 pos-

2172 5233 2298 5295 sunt
2332 5225 2456 5295 Ita-e_
2476 5223 2696 5295 intelligi
2729 5223 2914 5295 ve_rba_.
2955 5225 3276 5295 coniectura
3314 5229 3483 5295 possit
3520 5223 3683 5283 scribi
3727 5250 3742 5286 :

2172 5292 2343 5368 Γῆθος
2389 5291 2468 5368 τῷ
2514 5293 2684 5362 γήρᾳ,
2718 5293 2813 5346 καὶ
2840 5293 2948 5346 τῶν
2992 5294 3198 5368 ὠδίνων
3231 5291 3509 5368 ὑπήρχετο
3549 5299 3746 5368 πέρας,

2172 5363 2224 5417 id
2259 5373 2366 5428 est,
2424 5363 3012 5432 Patriamiseneclutem
3063 5363 3461 5432 oblectaba't',"et
3503 5363 3747 5424 dolo-runt

2175 5432 2334 5502 (quos
2360 5448 2424 5486 ex
2477 5431 2720 5503 absentia
2757 5429 2976 5499 Joseplti
3025 5436 3273 5503 capiebat
3321 5429 3574 5499 lacubus)
3608 5451 3746 5492 metu

2173 5501 2306 5576 erat.
2336 5501 2711 5576 ιίςοιὼδίνων
2742 5503 2956 5576 nomine
2986 5501 3160 5573 partio
3205 5505 3372 5576 possit
3405 5507 3595 5573 accipi,
3621 5525 3744 5563 cum

2172 5570 2494 5649 Beniatnitto
2521 5579 2648 5624 nato
2679 5569 2824 5649 nulla
2853 5569 3188 5649 successerit
3203 5569 3340 5649 patri
3367 5569 3598 5649 soboles.
3633 5577 3745 5631 Do-

2171 5645 2307 5695 lores
2340 5643 2911 5715 etiant_pro_parlione
2956 5645 3095 5715 apud
3118 5645 3395 5699 Afranium
3434 5645 3556 5715 poni
3587 5657 3745 5715 puta-

2172 5722 2299 5794 runt
2331 5711 2595 5767 nonnulli.
2640 5711 2863 5774 Vereor,
2895 5724 2950 5769 ut
2992 5711 3190 5770 fallant
3225 5711 3479 5788 δεύτεραι
3523 5711 3744 5788 φροντί-

2168 5797 2274 5844 οες.
