4102 6550
265 354 371 421 125

1671 363 1955 454 ORATIO
1994 365 2154 428 VIII.

3418 364 3518 427 1‘26

263 470 484 538 γλῶττα
535 471 671 542 πρὸς
695 472 846 540 ἀξίαν
875 473 1002 538 τοὺς
1034 473 1220 542 λόγους
1259 475 1587 546 ὑμνήσειεν;
1641 475 1700 528 '0
1742 473 1836 528 καὶ

1953 475 2191 532 innocens
2227 494 2343 532 sum
2374 480 2444 533 ".
2479 479 2608 546 Qua:
2640 479 2821 550 lingua
2866 493 2966 549 pro
2995 477 3256 549 dignitate
3283 491 3401 532 eam
3429 477 3516 531 di-

266 563 432 632 μέχρι
466 563 629 631 λόγου
658 565 791 635 πρὸς
812 565 1182 636 πολεμοῦντας
1215 567 1617 639 φιλάνθρωπος,
1648 567 1709 620 οὑ
1740 566 1835 619 τοῦ

265 653 469 719 φθόνου
528 656 819 725 μνησθεὶς,
858 657 921 710 οὑ
965 657 1067 727 τῆς
1111 657 1405 728 ἀδελφικῆς
1455 660 1840 730 κατηγορήσας

267 739 557 811 ὠμότητος
584 781 600 804 ,
645 743 706 795 οὑ
749 744 847 812 τὴν
893 746 1097 815 πρᾶσιν
1142 747 1581 818 διηγησάμενος,
1627 748 1686 798 οὑ
1743 743 1837 799 τοῦ

268 832 465 899 φθόνου
492 833 590 904 τὴν
619 834 846 905 μελέτην
873 836 985 907 (54)
1018 836 1308 908 ἐκθέμενος
1332 878 1346 903 ,
1375 840 1434 891 οὑ
1458 840 1556 909 τῆς
1582 837 1841 906 γυναικὸς

268 922 360 975 τὸν
388 923 688 977 ἀκόλαστον
735 926 950 996 ἔρωτα,
999 928 1061 980 οὑ
1101 929 1197 999 τὴν
1227 929 1421 982 ἑαυτοῦ
1464 928 1838 1000 σωφροσύνην,

267 1015 327 1064 οὑ
369 1015 466 1082 τὴν
497 1016 714 1085 ἐκείνης
752 1018 1036 1086 ἐπήρειαν.
1087 1015 1156 1071 Ὦ
1202 1019 1416 1088 γλῶττα
1460 1019 1551 1072 τοῦ
1586 1017 1752 1071 Δαυῒδ
1783 1020 1842 1070 ὲν

271 1103 484 1174 φυλακῇ
541 1107 820 1176 μελετῶσα
857 1108 1051 1161 τοῦτο·
1105 1111 1283 1178 Κύριε
1336 1113 1370 1166 d
1405 1113 1549 1176 Θεός
1590 1113 1747 1179 pou},
1788 1111 1842 1162 ει

268 1193 535 1257 ἐποίησα
581 1195 756 1248 τοῦτο
781 1233 796 1258 ,
829 1197 883 1248 εί
919 1196 1306 1251 ἀνταπέδωκα
1349 1196 1474 1262 τοῖς
1520 1196 1845 1252 ἀνταποδι-

268 1281 452 1336 δοῦσί
486 1303 587 1354 μοι
624 1286 810 1340 κακά]
865 1287 1020 1340 Ἀλλά
1047 1288 1152 1359 γάρ
1182 1288 1327 1341 οὕτω
1355 1289 1441 1342 διὰ
1475 1287 1664 1342 πασῶν
1698 1287 1846 1341 ὁδεύ-

273 1391 374 1438 σας
407 1377 519 1428 τῶν
550 1377 778 1446 ἀρετῶν,
807 1378 903 1432 καὶ
940 1379 1190 1450 καθάπερ
1218 1380 1275 1434 ὲν
1303 1380 1436 1450 πυρὶ⁹
1461 1420 1478 1444 ,
1507 1382 1621 1443 τοῖς
1649 1394 1845 1449 πειρα-

275 1469 432 1535 σμοῖς
461 1469 753 1536 χωνευθεὶς
776 1509 790 1534 ,
819 1469 911 1522 καὶ
943 1471 1129 1539 φανεὶς
1171 1469 1411 1542 ἀθλητὴς
1439 1468 1808 1540 δοκιμώτατος
1828 1507 1844 1533 ,

272 1549 436 1606 ἆθλον
469 1557 674 1626 ἀρετῆς
706 1557 804 1628 τήν
836 1557 1116 1628 βασιλείαν
1162 1557 1450 1628 κομίζεται
1470 1575 1485 1590 ·
1538 1557 1846 1627 διαδέχεται

271 1643 463 1713 θρόνος
493 1647 556 1698 τὸ
583 1647 954 1718 δεσμωτήριον
977 1687 994 1711 ,
1043 1650 1138 1702 καὶ
1169 1649 1378 1718 γίνεται
1414 1649 1518 1719 τῆς
1565 1649 1846 1717 Αἰγύπτου

269 1737 576 1808 δεσπότης,
607 1739 637 1790 ὁ
665 1739 764 1809 τῆς
795 1739 1100 1811 μοιχαλίδος
1130 1739 1415 1813 δεσμώτης
1436 1758 1450 1774 ο
1479 1740 1654 1810 φύλαξ
1684 1740 1848 1810 εὑθη-

271 1830 390 1893 νίας
431 1832 530 1884 xa’t
569 1829 729 1901 λιμοῦ
769 1830 1130 1904 κυϐερνήτης.
1171 1831 1484 1902 Ἀδελφικοῦ
1516 1833 1625 1903 γὰρ
1652 1832 1846 1901 φθόνου
1881 1831 1922 1887 Β

272 1921 482 1988 γίνεται
532 1921 724 1992 δήμιος
759 1922 852 1976 καὶ
888 1923 1178 1995 δικαστής
1223 1923 1501 1995 καὶφέρει
1537 1927 1743 1996 τροφῆς
1772 1926 1849 1977 oi-

272 2013 442 2076 κέτας
479 2013 594 2083 (55)
620 2054 635 2076 ,
670 2016 798 2078 τοὺς
852 2017 918 2086 τῇ
955 2015 1157 2085 πράσει
1203 2016 1514 2086 τραφέντας
1545 2032 1559 2046 ·
1603 2015 1699 2069 καὶ
1741 2015 1850 2069 τῶν

270 2103 500 2174 ὀνείρων
539 2104 796 2177 ὀρθοῦται
827 2103 908 2160 τά”
947 2107 1262 2178 δράγματα.
1309 2105 1508 2161 Λαϐὼν
1545 2107 1722 2161 τοίνυν
1752 2105 1850 2177 τὴν

273 2195 368 2248 τοῦ
395 2195 706 2265 ἀμύνασθαι
741 2197 990 2269 δύναμιν,
1026 2199 1259 2270 εἴδωμεν
1296 2192 1410 2263 οἷος
1436 2199 1672 2267 ἐγένετο.
1703 2194 1850 2269 Ἀρα

277 2288 352 2358 μὴ
382 2291 509 2347 τοὺς
538 2287 852 2359 λάμποντας
896 2291 993 2358 τῆς
1051 2291 1253 2362 ἀρετῆς
1279 2291 1638 2361 χαρακτῆρας
1665 2288 1850 2360 ἠμαύ-

278 2391 417 2442 ρωσε
445 2395 460 2437 ;
490 2371 640 2446 ’Λρα
675 2378 748 2448 μὴ
781 2378 1003 2446 γέγονεν
1033 2381 1066 2451 ἡ
1095 2381 1193 2450 τῆς
1229 2380 1387 2445 ἀξίας
1416 2381 1692 2445 ὑπόθεσις,
1720 2397 1852 2434 κατ-

273 2462 616 2533 ορθωμάτων
665 2467 974 2529 ὑπόπτωσίς
1020 2485 1080 2521 τε
1124 2469 1218 2522 καὶ
1289 2470 1607 2541 ὑφαίρεσις;
1671 2469 1846 2523 Οὑδα-

278 2556 415 2626 μῶς.
450 2555 651 2611 Λαϐὼν
685 2558 794 2629 γάρ
830 2559 934 2612 ὑπὸ
974 2563 1132 2631 χεῖρα
1159 2561 1287 2626 τοὺς
1320 2561 1718 2632 ἀδικήσαντας,
1757 2564 1852 2614 καὶ

275 2648 530 2712 κολάζειν
567 2650 668 2702 οὐκ
698 2649 958 2718 ἀδελφοὺς
980 2691 994 2714 ,
1028 2650 1163 2704 ἀλλά
1194 2651 1485 2722 πολεμίους
1517 2651 1814 2723 δυνάμενος
1835 2690 1851 2716 ,

273 2740 328 2792 τί
381 2743 530 2793 ποιεῖ
556 2758 570 2805 ;
605 2742 747 2812 Ὅρα
787 2742 1086 2812 παράδοξον
1111 2743 1441 2815 ἐκδικήσεως
1471 2745 1694 2816 τρόπον.
1723 2745 1854 2797 Φθό-

274 2849 388 2895 νον,
417 2832 514 2884 καὶ
543 2833 764 2901 πρᾶσιν,
793 2833 888 2885 καὶ
917 2833 1154 2904 θηριώδη
1184 2834 1410 2904 μανίαν,
1438 2834 1524 2888 διά
1549 2835 1855 2905 φιλανθρω-

275 2924 409 2987 πίας
434 2923 706 2993 ἀμύνεται
737 2967 752 2990 ,
785 2923 970 2987 παίζει
999 2924 1092 2977 τὸν
1121 2924 1318 2994 φόϐον,
1347 2926 1440 2979 καὶ
1469 2926 1701 2996 ἀπειλὴν
1724 2927 1855 2997 δρα-⁸

278 3017 604 3085 ματουργεζ
642 3014 733 3067 καὶ
773 3015 943 3086 ὀργὴν
976 3015 1348 3086 ὑποκρίνεται.
1381 3016 1496 3069 Οὑκ
1528 3016 1768 3084 ἐνεγκὼν
1797 3016 1854 3068 δὲ

275 3107 398 3158 οὐδὲ
426 3106 526 3159 τοῦ
557 3106 730 3177 θυμοῦ
762 3108 858 3177 τὴν
894 3108 1182 3179 ὑπόκρισιν
1204 3147 1220 3170 ,
1267 3108 1533 3178 δάκρυσιν
1579 3110 1853 3181 ἀληθινοῖς

275 3197 337 3250 τδ
373 3199 611 3267 πρᾶγμα
650 3197 888 3251 διέλυσεν
915 3214 929 3229 ’
961 3200 1058 3252 καί⁵
1085 3199 1163 3270 τῷ
1211 3199 1362 3272 πόθῳ
1396 3202 1638 3271 νικηθεὶς
1687 3202 1850 3269 ἐξαγ-

276 3289 458 3358 γέλλει
489 3290 573 3356 ,τά
616 3289 910 3360 πλάσματα
933 3305 949 3320 ο
1003 3290 1297 3359 ἀπολογίαν
1331 3293 1472 3364 ὑπὲρ
1520 3294 1628 3347 τῶν
1661 3295 1854 3365 ἀδικη-

279 3382 516 3439 σάντων.
547 3381 575 3432 ὁ
621 3380 975 3451 ἀδικούμενος
1013 3380 1198 3452 ζητείο
1231 3384 1323 3436 καὶ
1352 3384 1451 3453 τὴν
1479 3384 1656 3457 ψυχὴν
1687 3387 1854 3440 ἐκκα-

275 3472 489 3540 λύψας,
549 3471 855 3543 εἰλικρινῶς
889 3472 1019 3536 τοὺς
1067 3472 1329 3542 ἀδελφοὺς
1374 3475 1807 3544 περιπτύσσεται
1833 3494 1848 3508 ⁸

277 3565 375 3614 καὶ
403 3562 610 3632 χείλεσι
654 3563 897 3633 γνησίοις
935 3562 1243 3627 ἀσπάζεται
1277 3564 1391 3634 (56)
1439 3567 1567 3631 τοὺς
1611 3566 1854 3639 ἀνηλεῶς

277 3656 392 3716 τοῖς
419 3652 602 3706 ὀδοῦσι
635 3653 1042 3724 σπαράξαντας.

347 3746 411 3799 δ’.
458 3747 646 3817 Ἔχεις
673 3745 770 3799 τοῦ
808 3746 1006 3817 Ἰωσὴφ
1044 3747 1144 3818 τὴν
1170 3746 1333 3821 ζωὴν,
1365 3746 1567 3821 ἀρετῆς
1593 3750 1854 3816 παντοίας

277 3839 597 3893 διδάσκαλον
616 3856 630 3868 °
662 3836 797 3904 εἶδες
821 3840 1088 3912 πατρικοῦ
1119 3843 1304 3913 γήρως
1327 3842 1686 3917 θεραπευτὴν,
1721 3863 1855 3917 προ-

280 3933 562 4002 στάγμασι
597 3931 762 3995 θείοις
806 3932 1126 3986 ἀκόλουθοψ
1169 3934 1472 4001 ἀγαπῶντα
1517 3936 1849 4006 μισοῦντας’

277 4027 377 4096 τῆς
392 4025 538 4088 Νέας
555 4024 1225 4096 Διαθήκηςτὸιπολίτευμα
1244 4028 1689 4096 προσφωνοῦντα·
1717 4031 1855 4100 ἥμε-

282 4137 377 4190 ρον
403 4119 776 4189 πωλούμενον,
805 4119 896 4171 καὶ
918 4118 1256 4188 ὑπομένοντα
1279 4119 1618 4188 δουλεύοντα,
1653 4123 1748 4176 καὶ
1777 4124 1854 4195 μὴ

279 4212 381 4282 τὴν
408 4211 729 4280 ἐλευθερίαν
760 4209 1149 4281 ὑποτιθέμενον
1169 4226 1184 4240 ο
1219 4211 1520 4282 ὀφθαλμοῖς
1561 4214 1854 4287 δεσποίνης

284 4305 636 4375 βαλλόμενον,
668 4305 761 4357 καὶ
779 4305 855 4374 τῷ
877 4303 1228 4374 σωφροσύνης
1257 4305 1407 4376 πόθῳ
1426 4307 1661 4362 νικῶντα
1691 4310 1854 4363 πόθον

1947 569 2133 624 laudet
2161 572 2507 626 orationem?
2541 571 2641 638 Qui
2678 574 2965 628 verborum
3007 586 3219 641 quoque
3261 569 3514 624 humaui-

1945 669 2054 714 tate
2085 675 2205 714 cum
2255 661 2489 716 inimicis
2525 678 2656 718 usus
2690 674 2795 731 est,
2836 679 2942 718 non
2979 663 3290 716 invidentia:
3326 675 3512 714 recor-

1948 752 2124 817 datus,
2158 768 2264 807 non
2309 751 2612 807 fraternam
2665 754 2920 810 incusans
2975 753 3374 813 crudelitatem,
3409 766 3514 804 non

1945 845 2311 900 venditionem
2349 859 2653 911 recensens,
2699 861 2805 902 non
2850 846 3065 902 invidiae
3113 844 3514 900 meditationem

1947 951 2244 1006 exponens,
2273 951 2379 990 non
2412 936 2654 992 mulieris
2676 936 3088 992 immoderatum
3111 950 3375 998 amorem,
3412 948 3517 987 non

1947 1042 2101 1083 suam
2138 1029 2572 1098 temperantiam,
2609 1043 2714 1083 non
2749 1028 2891 1084 illius
2924 1030 3383 1098 importunitatem
3423 1044 3437 1081 :
3468 1025 3514 1081 Ο

1950 1118 2168 1173 Davidis
2211 1119 2416 1188 lingua,
2453 1134 2576 1188 quae
2609 1118 2714 1174 hoc
2764 1117 2817 1172 in
2863 1133 3084 1172 carcere
3116 1117 3464 1171 meditabaris
3494 1134 3509 1170 :

1951 1209 2170 1263 Domine
2203 1209 2340 1264 Deus
2377 1227 2552 1275 meus,
2590 1211 2637 1263 si
2671 1209 2771 1277 feci
2799 1209 2969 1272 istud,
3002 1208 3049 1261 si
3084 1207 3292 1261 reddidi
3351 1209 3510 1260 retri-

1952 1303 2224 1356 [mentibus
2257 1302 2385 1355 mihi
2425 1301 2568 1356 mala
2603 1299 2804 1354 "'lSic
2840 1299 2922 1354 sic
2949 1298 3039 1354 ille
3063 1313 3157 1367 per
3187 1311 3377 1351 omnes
3410 1297 3522 1349 vir-

1954 1402 2126 1446 tutum
2166 1392 2366 1462 gradus
2407 1393 2598 1461 pedem
2645 1405 2997 1460 promovens,
3051 1405 3116 1444 ac
3168 1388 3316 1443 velut
3370 1387 3514 1440 inter

1953 1483 2106 1554 ignes
2141 1484 2536 1539 teutationibus
2580 1483 3028 1553 colliquel’actus,
3065 1490 3120 1535 et
3165 1478 3522 1549 prohissimus

1954 1574 2157 1630 athleta
2206 1574 2506 1640 exsistens,
2553 1573 2837 1643 praemium
2883 1571 3104 1626 virtutis
3144 1571 3350 1639 regiam
3399 1566 3523 1621 tulit

1954 1666 2293 1736 dignitatem.
2351 1664 2642 1720 Carcerem
2695 1663 2923 1719 thronus
2983 1661 3207 1730 excipit,
3245 1669 3299 1714 et
3332 1661 3392 1714 lit
3421 1658 3522 1713 ,Ε-

1956 1759 2102 1829 gypti
2151 1757 2404 1813 dominus
2448 1757 2707 1811 adultera:
2754 1755 3023 1824 captivus,
3053 1769 3280 1808 annona:
3307 1761 3516 1817 custos,

1949 1859 2005 1905 et
2048 1850 2354 1903 moderator
2409 1847 2462 1901 in
2513 1847 2674 1902 fame.
2734 1846 2868 1900 Nam
2917 1845 3229 1900 invidentia:
3262 1844 3520 1898 fraterna

1949 1955 2116 2011 penes
2159 1953 2283 1994 eum
2324 1949 2565 2009 potestas
2597 1947 2652 1992 et
2674 1938 2960 2008 judicium,
2996 1937 3208 2006 l‘ertque
3238 1935 3522 1991 convictus

1948 2029 2234 2086 domestici
2268 2030 2469 2094 socios,
2516 2029 2599 2083 sui
2650 2027 3046 2084 nundinatione
3079 2027 3230 2095 prius
3259 2027 3423 2090 altos,
3463 2034 3523 2081 et

1948 2121 2114 2177 oblati
2163 2135 2258 2190 per
2296 2121 2534 2190 quietem
2580 2119 2837 2190 manipuli
2893 2121 3196 2188 eriguntur.
3266 2117 3510 2184 Accepta

1953 2214 2121 2284 igitur
2158 2213 2454 2267 ulciscendi
2483 2221 2756 2281 potestate
2791 2212 3090 2275 videamus,
3129 2209 3305 2278 qualis
3333 2208 3516 2263 luerit.

1953 2305 2036 2358 Au
2066 2314 2211 2368 tunc,
2242 2303 2333 2372 qui
2365 2303 2866 2370 exsplendescebat,
2898 2301 3112 2355 virtutis
3139 2302 3510 2354 characterem

1951 2397 2309 2452 obscuravit?
2357 2392 2494 2448 Num
2528 2409 2595 2448 ex
2627 2391 2903 2460 dignitatis
2932 2389 3218 2444 occasione
3259 2388 3519 2457 prarclare

1953 2491 2217 2545 factorum
2245 2489 2414 2551 labes,
2437 2495 2490 2542 et
2513 2485 2666 2539 ruina
2687 2485 2974 2538 subsecuta
3001 2481 3123 2536 est?
3148 2478 3522 2549 Nequaquam.

1950 2583 2086 2638 Cum
2117 2580 2263 2635 enim
2296 2579 2350 2634 in
2399 2576 2652 2632 manibus
2704 2573 2931 2628 haberet
2982 2573 3227 2626 homines
3271 2568 3520 2636 injurios,

1951 2686 2006 2731 et
2057 2674 2249 2744 punire
2299 2685 2404 2725 non
2453 2671 2669 2732 fratres,
2719 2667 2814 2720 sed
2847 2665 3029 2719 hostes
3060 2662 3344 2733 potuisset,
3392 2660 3525 2728 quid

1953 2765 2102 2836 agit?
2147 2763 2281 2818 Vide
2334 2759 2649 2815 inusitatam
2687 2754 2907 2811 ultionis
2943 2753 3198 2806 formam.
3234 2749 3522 2813 Invidiam,

1954 2853 2350 2916 venditionem,
2407 2847 2812 2915 belluinamque
2865 2843 3257 2899 immanitatem
3283 2840 3530 2894 humani-

1957 2945 2083 2999 tatis
2116 2941 2391 3011 obsequiis
2426 2937 2727 3002 ulciscitur,
2782 2932 3240 2991 terriculamentis
3300 2930 3527 2987 ludicris

1955 3039 2147 3100 utitur,
2203 3036 2378 3089 minas
2413 3033 2567 3102 quasi
2603 3032 2655 3085 in
2687 3045 2846 3085 scena
2886 3027 3259 3096 consequitur,
3299 3025 3411 3079 iras
3438 3024 3527 3078 lti-

1957 3126 2217 3182 striouice
2267 3130 2638 3193 reprtnseutat.
2696 3118 2804 3174 Sed
2854 3131 2955 3170 nec
3003 3115 3174 3186 ipsam
3227 3115 3528 3169 iracundia:

1955 3217 2357 3274 simulationem
2413 3214 2688 3269 sustinens
2741 3207 2997 3279 lacrymis
3033 3222 3140 3262 non
3175 3205 3316 3260 lictis
3345 3215 3528 3260 actum

1953 3311 2112 3368 solvit
2144 3349 2160 3374 ,
2213 3318 2270 3364 et
2315 3321 2538 3361 suorum
2586 3301 2854 3360 desiderio
2908 3301 3085 3355 victus
3134 3297 3350 3368 evulgat
3402 3312 3524 3366 qua:

1956 3403 2215 3474 tingebat.
2262 3398 2586 3467 Iniuriarum
2617 3395 2988 3450 defensionem
3018 3393 3110 3462 qui
3150 3406 3246 3446 eas
3280 3389 3528 3460 patieba-

1954 3505 2065 3558 tur,
2114 3493 2310 3564 quaarit
2346 3508 2360 3544 :
2391 3498 2449 3544 et
2475 3487 2728 3542 allectum
2758 3485 2925 3540 animi
2957 3498 3284 3554 expromens
3312 3484 3530 3537 sincere

1955 3585 2154 3639 fratres
2183 3579 2554 3650 amplectitur,
2589 3576 2972 3646 germanisque
3004 3574 3167 3628 labiis
3193 3589 3289 3628 eos
3309 3572 3526 3628 oscula-

1957 3683 2062 3735 tur,
2093 3671 2184 3738 qui
2236 3669 2488 3724 dentibus
2530 3665 2883 3719 inclementer
2919 3664 3093 3732 ipsum
3130 3663 3528 3717 laceraverant.

2027 3765 2080 3819 ι.
2115 3762 2292 3817 Ilabes
2337 3759 2556 3829 Josepbi
2602 3757 2769 3812 vitam
2819 3756 2926 3826 5o
2968 3756 3271 3826 omnigenus
3307 3756 3529 3809 virtutis

1953 3859 2324 3914 eruditricem.
2367 3851 2556 3908 Vidisti
2585 3850 2774 3921 patriae
2815 3858 3050 3904 senecta:
3082 3846 3347 3902 cultorem
3395 3847 3531 3901 divi-

1955 3953 2039 4010 nis
2076 3947 2529 4022 praaceptionibus
2580 3947 2955 4008 inhaerentem,
3001 3955 3192 3996 osores
3229 3948 3527 4002 amantem,

1956 4045 2078 4101 novi
2145 4039 2480 4097 Testamenti
2559 4037 3034 4094 conservationem
3107 4032 3524 4094 enuntiantem,

1958 4143 2302 4192 mansuetum
2339 4131 2692 4200 mancipium,
2722 4137 2777 4183 et
2821 4126 3214 4197 perpetientem
3243 4125 3528 4181 servitutis

1954 4229 2074 4284 sine
2130 4225 2409 4297 dispendio
2460 4221 2748 4287 libertatis,
2803 4220 2971 4275 ictum
3031 4219 3176 4272 herae
3220 4217 3418 4283 oculis,
3465 4227 3520 4269 ct

1956 4332 2140 4374 amore
2191 4315 2560 4384 temperantiae
2601 4320 2946 4380 superantem
2995 4309 3320 4376 impotentes
3369 4321 3526 4359 amo-

282 4396 586 4448 ἀκόλαστον
609 4411 625 4425 ⁸
671 4394 1174 4465 συκοφαντούμενον
1243 4397 1340 4450 καὶ
1411 4400 1702 4454 σιωπῶντα
1726 4420 1741 4433 ο
1793 4403 1851 4456 ἐν

1957 4430 2067 4481 res,
2097 4409 2382 4467 calumniis
2411 4407 2729 4478 petitum,et
2752 4402 3129 4465 consilentcm,
3172 4401 3224 4454 in
3259 4408 3529 4468 potestate

289 4489 560 4554 ἰξουσίαις
595 4487 994 4559 φιλάνθρωπον,
1035 4490 1129 4542 καὶ
1163 4491 1222 4543 ὲν
1256 4489 1486 4562 δυνάμει
1520 4495 1850 4565 πραότατον,

1961 4501 2437 4564 humanissimum,
2466 4507 2520 4552 et
2555 4499 2606 4550 in
2637 4495 2917 4552 dominatu
2950 4494 3295 4548 mitissimum
3330 4491 3529 4544 divina:

289 4583 536 4652 μιμητὴν
571 4583 671 4650 τῆς
694 4579 841 4642 θείας
866 4581 1200 4651 ἀγαθότητος
1220 4599 1233 4614 ο
1257 4578 1334 4637 ὼν
1365 4584 1576 4652 γένοιτο
1606 4588 1851 4656 μαθητὰς

1959 4595 2216 4652 bonitatis
2269 4593 2622 4647 imitatorem.
2672 4589 2785 4655 Qua
2822 4589 3057 4642 imbutos
3100 4584 3381 4652 disciplina
3420 4583 3528 4635 uti:

284 4674 650 4745 γενομένους,
700 4673 811 4726 τῶν
864 4674 1202 4745 ἐπουρανίων
1246 4675 1469 4744 ἀγαθῶν
1516 4679 1851 4751 ἀξιωθῆναι,

1959 4701 2083 4742 nam
2132 4699 2230 4739 nos
2303 4679 2785 4750 supercoelestibus
2848 4677 3004 4732 bonis
3052 4675 3198 4745 digni
3255 4673 3428 4728 simus
3475 4673 3528 4726 in

285 4768 346 4819 ἐν
389 4765 612 4836 Χριστῷ
653 4765 826 4836 Ἰησοῦ
855 4764 932 4835 τῷ
955 4766 1146 4837 Κυρίῳ
1178 4766 1358 4837 ἡμῶν,
1393 4761 1438 4837 ᾧ
1479 4771 1512 4841 ἡ
1553 4771 1717 4839 δόξα,
1760 4777 1851 4829 καὶ

1956 4778 2175 4834 Christo
2217 4771 2345 4828 Jesu
2395 4769 2622 4826 Domino
2657 4777 2875 4835 nostro,
2916 4766 3001 4821 cui
3070 4764 3244 4821 honor
3291 4772 3348 4819 et
3379 4772 3532 4832 pote-

285 4858 347 4911 τὺ
374 4857 609 4928 κράτος,
642 4857 724 4922 είς
761 4858 888 4922 τοὺς
918 4857 1143 4922 αἰῶνας.
1193 4859 1393 4932 Ἀμήν.

1960 4880 2073 4925 stas
2098 4867 2150 4921 in
2185 4863 2411 4921 saecula!
2442 4861 2635 4918 Amen.

359 4996 405 5028 ⁸⁸
431 4994 570 5051 Gem
599 5009 674 5059 ιι,
705 4993 793 5050 I5.
911 4994 979 5028 “'
1016 4993 1156 5050 Psal.
1187 5011 1283 5064 vn,
1314 4999 1368 5053 5.

1513 5070 1621 5126 CL.
1663 5072 2032 5144 musque"
2069 5074 2303 5132 sum.

514 5202 622 5288 ζσῦ
653 5205 880 5272 φθόνου
892 5207 1024 5286 fias-
1045 5207 1638 5288 μςλέτηιρᾘξξεειιῑρκί
1668 5215 1854 5284 φόνου.

359 5273 678 5354 (δῶφέρέι
730 5275 956 5354 τροφῆς
1004 5273 1269 5354 οῐκρταςζ
1299 5280 1355 5333 Si
1411 5273 1693 5354 lectionem
1720 5288 1858 5343 hanc

292 5345 737 5423 sa'uerishaliter
758 5346 1102 5423 interpretari
1129 5358 1427 5423 nonApotes.
1447 5353 1516 5423 At
1559 5355 1715 5423 longe
1746 5372 1862 5411 me-

291 5414 390 5492 lior
432 5411 752 5492 faciliorque
785 5411 1084 5492 sententia,
1130 5418 1173 5470 si
1215 5411 1617 5492 αἵρεε-ἱκέτας.
1652 5411 1855 5481 "Susti-

291 5491 380 5561 nrt
422 5482 1332 5561 alimenta_suppliciter_rog_autes.
1372 5489 1501 5544 Eam
1532 5482 1854 5550 sententiam

294 5555 444 5604 lirtno
494 5551 755 5636 subjectis
785 5551 968 5636 ΞξΚαὶ.
997 5555 1104 5608 τῶν
1130 5551 1367 5636 ήόνείρων
1411 5562 1666 5631 ὀρθοῦται
1725 5565 1859 5636 δρά-

290 5637 491 5704 γματα.
529 5619 760 5701 Stabant
789 5626 1083 5704 siquidem,
1120 5634 1175 5679 ct
1202 5619 1566 5704 erigebantur,
1593 5650 1730 5703 quos
1759 5619 1859 5704 per

288 5693 521 5764 quietem
563 5692 866 5764 manipulos
895 5693 1163 5763 .losephus
1205 5692 1433 5764 vid—erat,
1469 5692 1625 5764 ,cu'm'
1651 5692 1774 5764 ipse'
1803 5706 1854 5760 in

299 5761 488 5818 throno
549 5763 854 5818 censistens
911 5761 1266 5834 procedentes
1320 5769 1372 5824 in
1419 5761 1603 5840 genua
1660 5761 1856 5832 fratres

1961 5216 2348 5283 conspiciebat.
2378 5214 2444 5269 Et
2472 5213 2559 5268 hic
2590 5212 2712 5267 alibi
2740 5210 2997 5283 scribitur
3033 5207 3243 5283 ἱκέτας.

2031 5278 2144 5356 (56)
2183 5287 2423 5340 Χείλεσι
2448 5285 2726 5356 γνησίοις
2765 5280 3120 5356 ἀσπάζεται.-
3150 5278 3531 5356 interpretatio

1959 5350 2183 5412 collecta
2219 5368 2301 5411 est
2346 5371 2410 5410 ex
2455 5350 2771 5423 Etymologo
2822 5365 2868 5407 et
2907 5352 3222 5423 Eustathio.
3259 5350 3476 5423 llle_sic
3511 5367 3525 5404 :

1960 5428 2206 5499 Γνήσιος,
2230 5427 2477 5499 γενήσωη
2496 5419 2773 5499 γένήσιος,
2792 5423 2866 5499 ὡς
2897 5421 3184 5499 θαυμάζω⁸
3205 5419 3527 5499 θαυμάσιος,

1962 5491 2219 5550 καῖκατά
2243 5491 2525 5565 συγκοπὴν
2559 5491 2800 5562 γνήσιος,
2845 5493 2878 5565 ὁ,
2901 5493 2966 5565 ὲκ
2990 5491 3090 5565 τῆς
3129 5491 3316 5565 αὑτῆς⁸
3336 5507 3530 5565 γεννηο·

1965 5567 2211 5631 Belgica!
2245 5560 2519 5636 μὴ’νόθος.
2538 5560 2844 5636 Eustathius
2870 5564 2919 5615 in
2937 5560 3260 5636 Dionysium
3289 5560 3527 5636 Aleian-

1965 5629 2177 5691 driuutu
2206 5653 2218 5689 :
2241 5629 2456 5706 Γνήσιοι
2484 5637 2540 5688 δὲ
2569 5634 2709 5706 κατά
2741 5633 3025 5706 Ῥωμαίων
3051 5629 3294 5706 γλῶτταν
3316 5631 3366 5681 ei
3392 5629 3527 5706 Γερ-

1967 5645 2177 5691 driuutu
2206 5653 2218 5689 :
2243 5645 2456 5706 ι’νησιοι
2484 5645 2540 5688 δὲ
2569 5645 2709 5688 κατα
2742 5645 2844 5686 Ψω
2893 5645 3025 5685 αιων
3051 5645 3294 5699 γλωτταν
3316 5645 3366 5681 et
3394 5645 3412 5679 ι
3434 5645 3526 5750 ερ-

1967 5707 2128 5787 μανοὶ
2162 5706 2578 5787 ἑρμηνεύονταιο
2621 5704 2799 5760 Cnesii
2840 5653 3190 5758 ﬁemanorum
3223 5702 3397 5770 lingm
3476 5700 3526 5750 i-

1963 5786 2154 5832 cuntnr
2178 5786 2443 5832 Germani.
