4102 6614
1133 480 1393 541 ORATIO
1423 480 1516 536 IX.

996 592 1253 664 Ejusdem
1288 593 1345 645 in
1383 588 1623 659 Moysen.

534 730 537 731 ν
600 706 654 760 1.
690 704 855 759 Multa
900 715 1029 759 sunt
1068 719 1190 773 quae
1224 704 1290 756 ad
1324 702 1542 756 laudem
1577 700 1671 756 Dei
1702 700 1959 755 homines
1987 716 2107 753 mo-

526 806 730 863 veant;
783 795 989 859 multa,
1019 808 1143 864 ane
1192 795 1259 847 ad
1308 794 1609 863 gratiarum
1664 793 1940 849 actionem
1971 792 2111 847 bene

528 889 801 942 animatos
856 885 1162 956 impellam.
1217 884 1350 941 Nam
1397 899 1725 955 quocunque
1758 883 1944 939 oculos
1988 884 2111 953 quis

530 977 928 1041 circumferat,
995 977 1373 1033 beneﬁcentia:
1426 977 1606 1031 fontes
1658 990 1874 1045 semper
1925 988 2113 1044 patere

532 1070 700 1123 videt.
728 1066 820 1123 Sol
851 1068 918 1123 ad
972 1069 1263 1139 imperium
1318 1068 1561 1121 divinum
1608 1067 1878 1129 excurrit,
1921 1081 1986 1122 ac
2018 1080 2115 1136 per

536 1169 738 1214 terram
771 1160 1145 1215 incedentibus
1172 1161 1352 1213 radios
1378 1157 1636 1225 eﬂundit;
1668 1158 1791 1212 luna
1820 1157 2012 1212 faciem
2041 1159 2111 1213 il-

538 1251 751 1317 lustrat,
789 1261 846 1306 et
872 1252 1047 1306 noctis
1081 1252 1360 1305 horrorem
1397 1249 1549 1311 lenit,
1582 1250 1804 1308 crescit.
1829 1265 1893 1304 ac
1924 1252 2108 1305 decre—

530 1342 645 1397 scit
687 1357 787 1413 pro
818 1356 915 1395 sua
963 1342 1351 1403 inconstantia,
1383 1341 1567 1407 itaque
1597 1339 1741 1393 acris
1771 1340 2118 1408 temperatio-

541 1448 664 1489 nem
696 1436 831 1490 bene
868 1440 1222 1503 temperatam
1266 1429 1448 1484 etllcit.
1477 1429 1660 1483 Stellae
1708 1429 1831 1483 coeli
1884 1431 2115 1485 decursu

540 1536 924 1597 tempestatum
947 1526 1101 1594 signa
1138 1523 1450 1578 hominibus
1474 1523 1748 1576 exsistunt
1782 1537 1799 1576 :
1847 1531 1992 1577 terra
2018 1537 2117 1592 pro

544 1615 866 1669 tutlcimento
910 1616 1075 1683 pedes
1110 1612 1277 1677 subit,
1310 1614 1568 1682 potestati
1614 1611 1912 1682 usibusque
1942 1612 2121 1667 homi-

538 1722 675 1761 num
720 1707 993 1760 substrata
1047 1713 1189 1759 est:
1246 1703 1552 1758 emicanles
1603 1717 1733 1757 vero
1786 1701 1996 1759 fructus
2028 1704 2119 1757 uni

1713 368 1876 428 BASI
1888 366 1995 426 LII
2034 361 2577 424 SELEUCIENSIS

2146 481 2193 536 Α

3690 347 3813 413 128

2846 468 3065 522 ΛυΓΟΣ
3093 468 3169 521 Θ’.

2541 583 2652 638 Τοῦ
2688 580 2877 635 αὐτοῦ
2918 583 3006 645 εις
3048 578 3153 632 τὸν
3185 575 3475 645 Μωῦσῆν.

2282 722 2316 757 α
2337 742 2352 757 .
2388 700 2567 755 Πολλὰ
2594 697 2665 752 τὰ
2714 697 2851 769 πρὸς
2885 694 3052 766 ὐμνον
3082 692 3339 747 κινοῦντα
3379 691 3472 744 τοῦ
3503 688 3639 743 Θεοῦ
3668 688 3815 751 τοὺς

2213 792 2563 865 ἀνθρώπους,
2596 788 2768 842 πολλά
2791 789 2860 841 τά
2890 786 3027 858 πρὸς
3057 786 3408 857 εὐχαριστίαν
3446 783 3571 845 τούς
3594 780 3818 849 εὐγνώ-

2214 903 2382 956 μονας
2428 884 2660 953 ἄγοντα.
2724 880 2891 933 Ὀποι
2945 878 3055 947 γάρ
3105 895 3190 941 τις
3238 874 3581 947 περιενέγκοι
3636 874 3702 927 ἂν
3740 871 3817 924 τὸ

2214 976 2453 1047 βλέμμα,
2494 972 2815 1044 εὐεργεσίας
2854 969 3038 1041 πηγάς
3069 970 3159 1024 del.
3188 968 3455 1040 χεομένας
3481 967 3583 1037 ὁρᾷ
3606 982 3618 995 ·
3643 964 3812 1035 ἥλιος

2220 1070 2319 1141 μὲν
2364 1068 2700 1139 ὲπιτάγματι
2743 1067 2953 1139 τρέχων
2976 1108 2989 1131 ,
3025 1066 3117 1119 καὶ
3156 1067 3272 1128 τοῖς
3310 1066 3369 1117 ὲν
3398 1065 3469 1134 γῇ
3522 1062 3816 1133 βαδίζουστ.

2213 1162 2313 1224 τὰς
2334 1161 2557 1223 ἀκτῖνας
2580 1160 2786 1230 έκχέων
2806 1175 2818 1188 ο
2844 1158 3040 1228 σελήνη
3064 1157 3119 1210 δὲ
3143 1154 3476 1229 δᾳδουχοῦσα
3496 1155 3556 1207 τὸ
3578 1155 3815 1223 φέγγος.

2216 1254 2311 1307 καὶ
2339 1255 2439 1323 τῆς
2475 1250 2668 1314 νυκτὸς
2706 1248 2990 1321 ἡμεροῦσα
3045 1247 3107 1300 τὸ
3141 1246 3311 1310 πάθος
3336 1261 3349 1274 ·
3378 1244 3601 1316 αὐξήσει
3628 1244 3685 1297 δὲ
3710 1242 3822 1297 καὶ

2221 1344 2441 1417 μειώσει
2468 1341 2992 1413 ποικιλλομένη,τάς
3008 1338 3102 1393 τοῦ
3129 1339 3289 1409 ἀέρος
3312 1337 3612 1408 εὐκράτους
3636 1336 3821 1407 ἀπερ-

2218 1434 2448 1504 γάζεται
2482 1432 2714 1505 κράσεις
2744 1446 2760 1463 ’
2790 1429 3020 1500 ἀστέρες
3050 1428 3139 1482 τὸν
3169 1427 3399 1499 οὐρανὸν
3435 1424 3821 1487 σταδιεύοντες

2221 1526 2429 1598 καιρῶν
2475 1526 2677 1595 σημεῖα
2721 1524 2834 1584 τοῖς
2884 1520 3193 1592 ἀνθρώποις
3240 1510 3581 1590 ὑπάρχουσι·
3630 1515 3706 1588 γῆ
3748 1515 3822 1569 δὲ

2221 1623 2350 1676 ποσὶ
2401 1619 2499 1692 μὲν
2540 1616 2849 1689 ὐποδέὸηκε
2900 1615 3088 1685 σχῆμα
3131 1612 3280 1683 (57),
3338 1610 3503 1683 χερσὶ
3561 1611 3656 1673 δὲ,
3712 1610 3823 1663 καὶ

2223 1715 2435 1787 χρείαις
2467 1694 2769 1781 ἀνθρώπων
2813 1708 3163 1778 ὑπέστρωται
3182 1722 3196 1737 ’
3230 1704 3328 1767 τὰς
3356 1703 3413 1757 δὲ
3438 1703 3550 1757 τῶν
3575 1702 3821 1773 καρπῶν

541 1797 796 1867 producit
825 1796 1055 1851 homini.
1101 1793 1235 1848 Nam
1262 1795 1365 1848 etsi
1403 1794 1575 1849 bruta:
1608 1795 1917 1850 animantes
1946 1796 1997 1849 in
2031 1793 2123 1849 hn-

2242 1808 2420 1869 bbiva;
2452 1801 2729 1874 ἀνθρώπῳ
2770 1800 2917 1872 μόνῳ
2959 1796 3286 1870 προσφέρει.
3320 1795 3382 1848 Εί
3430 1793 3541 1865 γάρ
3572 1794 3667 1886 καλ.
3697 1791 3821 1845 τῶν

543 1891 634 1958 jus
666 1887 907 1941 muneris
942 1886 1385 1942 communionem
1407 1887 1669 1943 veniunt:
1701 1886 1910 1943 homini
1942 1895 2122 1942 tamen

2242 1899 2438 1967 ὶλόγων
2467 1897 2502 1968 ἡ
2536 1894 2702 1965 φύσις
2745 1889 3124 1965 παραπολαύει
3156 1891 3257 1959 τῆς
3286 1889 3496 1959 δωρεᾶς
3518 1927 3534 1951 ,
3576 1884 3687 1940 ἀλλ’
3714 1885 3822 1940 ἀν-

548 1980 922 2051 principaliter
966 1993 1154 2033 mensa
1211 1978 1423 2034 telluris
1481 1979 1749 2034 adornata
1797 1990 1903 2035 est.
1964 1981 2129 2048 quue

546 2077 717 2142 probe
769 2073 969 2144 Iyricen
1016 2071 1285 2140 Propheta
1315 2072 1494 2137 novit,
1525 2073 1652 2125 dum
1687 2074 1861 2143 tyrant
1909 2072 2125 2141 pulsat:

553 2170 879 2232 Productus,
916 2169 1112 2238 inquit,
1149 2164 1329 2237 [enu'm
1368 2168 1650 2237 jumentis,
1683 2180 1729 2223 et
1764 2169 1978 2223 herbam
2015 2184 2129 2225 ser-

549 2264 707 2317 vituli
754 2262 1025 2317 hominum
1057 2261 1126 2315 "'.
1165 2261 1471 2317 Bestiarum
1503 2276 1673 2327 genus
1705 2261 1829 2324 alit,
1862 2271 1918 2315 et
1956 2262 2131 2316 hornio

555 2352 639 2405 nis
668 2350 1031 2412 famulitium,
1070 2349 1213 2418 quod
1245 2361 1436 2403 eorum
1469 2348 1725 2402 alimenta
1766 2348 2000 2402 hominis
2021 2347 2135 2401 sint

552 2442 991 2498 bonestamenta.
1038 2439 1222 2507 Quare
1262 2440 1456 2495 horum
1489 2454 1650 2494 causa
1689 2438 1919 2509 gratiam
1977 2437 2135 2493 debet

548 2535 704 2589 solus
760 2534 943 2597 homo,
1003 2542 1059 2588 et
1107 2532 1457 2603 gratitudinis
1519 2533 1783 2587 adversus
1848 2530 2134 2587 Dominum

554 2626 701 2679 solus
759 2634 846 2679 est
898 2624 1162 2691 debitor;
1227 2622 1392 2678 multa
1455 2631 1618 2687 sunt,
1678 2622 1929 2692 inquam,
2016 2637 2138 2691 qnte

557 2719 789 2789 hymnos
868 2716 1116 2773 Creatori
1194 2715 1568 2772 concinendos
1651 2723 1971 2771 moveant:
2028 2713 2131 2785 51

556 2823 745 2863 verum
813 2808 980 2863 animi
1033 2808 1169 2862 vitio
1238 2807 1318 2872 ιιι,
1392 2816 1452 2861 ut
1516 2806 1762 2861 homines
1816 2821 1958 2877 saepe
2003 2808 2141 2863 bene

563 2910 860 2956 merentem
904 2902 1070 2957 Deum
1123 2912 1184 2957 ut
1232 2901 1607 2955 insidiatorem
1660 2911 1938 2956 accusent.
1993 2901 2141 2955 Non-

563 2992 694 3047 nulli
741 2992 1129 3047 beneliciornm
1170 3006 1367 3048 causas
1406 2990 1549 3046 idola
1598 2989 1855 3060 aﬂingnnt
1893 2992 2027 3047 :alii
2074 2991 2141 3045 ad

554 3083 708 3139 male
754 3083 1039 3140 dicendum
1085 3084 1322 3153 linguam
1369 3090 1632 3138 exsernnt
1684 3100 1699 3136 :
1750 3082 1969 3152 quidam
2018 3097 2140 3137 cum

2228 1989 2432 2064 θρώπῳ
2459 1987 2665 2058 κυρίως
2693 1988 2727 2057 ἡ
2774 1986 2874 2056 τῆς
2903 1983 3009 2054 γῆς
3044 1980 3491 2052 παρεσκεύασται
3538 1975 3819 2049 τράπεζα.

2230 2084 2340 2138 Καὶ
2361 2080 2521 2135 τοῦτο
2540 2080 2725 2150 σαφῶς
2751 2080 2779 2132 ὁ
2800 2076 3041 2150 λυρῳδὺς
3068 2076 3354 2148 προφήτης
3376 2073 3820 2143 ἀνακρουόμενος

2230 2169 2373 2227 οἶδεν
2401 2188 2416 2202 ο
2480 2158 2940 2237 Ἐξανατέλλων
2996 2166 3125 2238 γὰρ,
3192 2164 3347 2235 φησὶ,
3414 2163 3632 2233 χόρτον
3691 2161 3827 2228 τοῖς

2233 2264 2491 2334 κτήνεσι
2515 2305 2529 2329 ,
2576 2260 2672 2316 καί
2714 2262 2910 2331 χλόην
2936 2258 3012 2329 τῇ
3044 2259 3293 2326 δουλείᾳ
3318 2255 3438 2311 τῶν
3465 2255 3823 2325 ἀνθρώπων.

2245 2357 2335 2422 Ὦς
2376 2355 2663 2429 ἀνθρώπου
2699 2353 3039 2425 θεράποντας
3086 2350 3279 2422 τρέφει
3328 2348 3438 2404 τῶν
3477 2348 3695 2418 ἀλόγων
3746 2347 3829 2399 τὰ

2233 2451 2366 2522 γένη
2389 2492 2405 2516 ,
2448 2449 2524 2513 ὼς
2551 2449 2651 2519 τῆς
2681 2446 2887 2501 τούτων
2913 2444 3120 2515 τροφῆς
3172 2442 3466 2514 ἀνθρωπου
3506 2443 3828 2513 ,γινομένης

2235 2541 2423 2613 τιμῆς.
2471 2537 2773 2611 Τοιγαροῦν
2819 2538 2919 2608 τῆς
2977 2536 3119 2607 ὑπὲρ
3157 2533 3365 2589 τούτων
3417 2534 3770 2606 εὐχαριστίας
3805 2572 3827 2593 ,

2242 2634 2401 2707 μόνος
2451 2631 2736 2703 ὀφειλέτης
2769 2630 3111 2703 καθέστηκεν
3158 2628 3451 2698 ἄνθρώπος
3478 2669 3495 2693 ,
3531 2627 3627 2680 καὶ
3658 2625 3829 2696 μόνος

2240 2723 2659 2796 εὐγνωμοσύνης
2685 2720 2764 2792 τῷ
2793 2720 3039 2793 Δεσπότη
3057 2720 3368 2792 χρεώστης.
3393 2719 3571 2774 Πολλά
3598 2717 3827 2783 μενοῦν.

2240 2816 2317 2880 ὡς
2346 2817 2504 2886 ἔφην,
2529 2814 2596 2868 τά
2630 2814 2767 2885 πρὸς
2802 2812 3075 2884 ὑμνῳδίαν
3103 2811 3356 2867 κινοῦντα
3375 2810 3468 2865 τοῦ
3499 2810 3784 2873 κτίσαντος

2245 2906 2519 2980 μοχθηρίᾳ
2555 2905 2612 2960 δὲ
2644 2903 2871 2976 γνώμης
2899 2902 3175 2974 ἄνθρωποι
3212 2901 3472 2965 πολλάκις
3511 2898 3831 2970 κινούμενοι

2242 3000 2334 3053 τὸν
2376 2997 2671 3069 εὐεργέτην
2715 2996 2790 3060 ὠς
2834 2994 3117 3049 ἐπίϐουλον
3160 2993 3497 3066 μέμφονταιο
3537 2991 3715 3063 ἕτεροι
3763 2990 3835 3045 δὲ

2244 3089 2344 3153 τάς
2374 3088 2474 3160 τῆς
2501 3088 2821 3160 εὐεργεσίας
2849 3086 3151 3159 προφάσεις
3186 3085 3427 3149 εἰδώλοις
3459 3084 3792 3138 ἀνάπτουσιν
3812 3099 3830 3113 ο

564 3174 745 3230 divina
777 3175 1116 3245 providentia
1152 3174 1349 3231 bellum
1382 3182 1579 3244 gerunt
1606 3172 2134 3243 imprudentissime:

2245 3182 2394 3238 ἄλλοι
2448 3180 2587 3253 πρὸς
2642 3178 2991 3251 βλασφημίαν
3037 3178 3140 3249 τὴν
3190 3176 3434 3245 γλῶτταν
3512 3176 3785 3249 ἐγείρουσι
3816 3189 3837 3205 ⁸

567 3281 668 3321 nec
706 3266 923 3332 desunt,
964 3267 1054 3335 qui
1104 3266 1374 3321 rationum
1408 3263 1676 3321 machinis
1702 3263 1882 3319 divina
1916 3263 2144 3319 consilia

558 3359 1033 3431 comprehendere
1057 3358 1322 3413 violenter
1349 3356 1621 3413 all’ectent.
1662 3356 1721 3412 In
1770 3372 1833 3413 ea
1861 3370 1982 3428 quas
2007 3358 2150 3414 dixi-

556 3460 694 3506 "mns
735 3459 900 3506 testes
952 3449 1321 3520 proferantur,
1370 3464 1489 3519 qua:
1535 3464 1633 3520 per
1669 3447 1963 3520 Egyptum
2004 3461 2146 3516 acta,

558 3542 881 3597 Pharaonis
913 3542 965 3595 in
1016 3540 1186 3596 Deum
1220 3552 1513 3595 contumax
1553 3541 1797 3608 rebellio,
1830 3540 2026 3612 Moysis
2060 3557 2153 3613 ge-

574 3635 807 3699 neratio,
854 3649 1017 3704 quam
1064 3633 1303 3706 Egyptii
1350 3632 1493 3689 bello
1534 3634 1835 3701 consecuti,
1874 3636 2153 3705 proposito

573 3727 851 3782 excidere.
887 3724 1020 3780 Nam
1047 3726 1345 3780 admiratus
1373 3725 1500 3780 olim
1533 3725 1674 3781 Deus
1704 3727 1943 3781 animum
1980 3726 2154 3783 Abra-

560 3815 720 3873 ‘hami
770 3814 1049 3884 religionis
1107 3830 1275 3885 ergo,
1333 3832 1515 3872 tnores
1565 3826 1885 3888 compensat
1940 3819 2156 3889 generis

577 3908 860 3964 nobilitate
922 3917 977 3964 et
1030 3916 1238 3978 patrem
1308 3909 1600 3964 multorum
1664 3911 1929 3973 scribens,
1974 3924 2156 3966 arente

577 4002 748 4057 maris
791 4010 848 4057 et
885 4000 1005 4055 coeli
1047 4001 1217 4055 stellis
1256 4000 1489 4055 ﬁliorum
1526 4016 1807 4057 numerum
1836 4005 2155 4073 coaequavit,

570 4093 853 4164 promissa
896 4107 955 4147 re
989 4093 1299 4148 aﬂlrmavit.
1344 4092 1738 4149 Obsecundans
1777 4104 1957 4149 autem
1992 4093 2158 4150 Crea-

582 4186 688 4241 tori
742 4201 842 4242 suo
877 4195 1067 4241 natura
1105 4188 1609 4243 numerosissimam
1647 4186 1887 4242 sobolem
1938 4201 2159 4259 regere-

578 4278 695 4334 hat.
732 4277 998 4350 Egyptns
1036 4278 1252 4333 interim
1297 4294 1418 4334 cum
1464 4278 1575 4333 Deo
1622 4278 2062 4348 deprzeliabatur,
2107 4289 2165 4335 et

580 4374 924 4429 contentiose
949 4389 1071 4429 cum
1105 4373 1212 4428 Deo
1240 4390 1405 4445 agens
1432 4374 1646 4430 Pharao
1684 4376 1899 4445 generis
1923 4374 2161 4447 ampliﬁ-

582 4467 853 4520 cationem
906 4466 1154 4520 minuere
1199 4464 1609 4536 aggrediehatur
1650 4481 1666 4521 :
1711 4461 1910 4528 Venite,
1966 4464 2160 4535 inquit,

2248 3275 2427 3345 ἕτεροι
2457 3275 2577 3336 ταῖς
2623 3271 2796 3335 θείαις
2826 3271 3166 3341 οἰκονομίαις
3205 3268 3554 3341 πολεμοῦσιν,
3605 3270 3706 3323 οὐκ
3740 3269 3838 3322 αι-

2250 3365 2573 3437 σχυνὸμενοι
2596 3380 2610 3395 ’
2653 3364 2855 3435 ἕτεροι,
2899 3365 3166 3435 μηχαναῖς
3187 3361 3494 3433 λογισμῶν,
3528 3359 3640 3415 τῶν
3666 3359 3842 3414 θείων

2253 3456 2645 3530 βουλευμάτων
2684 3457 2955 3528 κρατῆσαι
2987 3455 3291 3527 βιάζονται.
3326 3454 3583 3527 Φερέσθω
3619 3455 3843 3525 μάρτυς

2251 3553 2386 3622 ἡμῖν
2446 3549 2557 3605 τῶν
2626 3538 2966 3621 εἰρημένων,
3024 3548 3094 3601 τά
3148 3549 3268 3602 κατ’
3326 3548 3601 3616 Αἴγυπτον
3654 3545 3845 3617 πράγ-

2258 3660 2408 3715 ματα
2430 3641 2570 3713 (58),
2601 3642 2635 3713 ἡ
2663 3640 2861 3713 Φαραὼ
2883 3641 3020 3712 πρὸς
3042 3640 3176 3694 Θεὸν
3208 3640 3531 3710 φιλονεικία,
3555 3639 3845 3702 Μωῦσέως

2256 3735 2291 3807 η
2320 3733 2594 3804 γέννησις,
2624 3726 2660 3806 ἦ
2699 3732 2791 3787 καὶ
2820 3731 3183 3803 πολεμοῦντες
3206 3729 3558 3786 πεπτώκασιν
3589 3731 3639 3784 οἱ
3664 3729 3845 3795 Αἰγύ-

2257 3844 2424 3881 πτιοι.
2455 3826 2752 3897 Θαυμάσας
2780 3824 2890 3895 γάρ
2924 3841 3053 3880 ποτε
3079 3823 3213 3888 Θεὸς
3231 3822 3327 3877 τοῦ
3368 3822 3623 3893 Ἀϐραὰμ
3641 3822 3704 3876 τὸ
3735 3821 3848 3891 τῆς

2242 3919 2486 3990 ,γνώμης
2514 3918 2782 3991 φιλόθεον,
2808 3918 3058 3988 εὐγενείᾳ
3086 3918 3301 3987 φύσεως
3327 3917 3420 3971 τὸν
3448 3916 3650 3988 τρόπον
3678 3916 3849 3986 ἀμείο

2262 4010 2451 4065 σεται·
2505 4012 2602 4065 καὶ
2651 4011 2867 4083 πατέρα
2931 4010 3142 4064 πολλῶν
3201 4009 3561 4081 ἀναγράψας,
3624 4009 3849 4081 ψάμμῳ

2261 4102 2531 4175 θαλάττης
2593 4103 2687 4157 καὶ
2710 4102 2932 4173 ἄστροις
2955 4100 3188 4174 οὐρανοῦ
3219 4103 3490 4155 συνέτεινε
3519 4101 3615 4154 τοῦ
3645 4100 3849 4170 γένους

2261 4194 2353 4249 τὸν
2392 4193 2627 4266 ἀριθμόν
2652 4210 2667 4225 ο
2719 4194 3127 4265 ὑποσχόμενος,
3170 4195 3281 4257 τοῖς
3320 4192 3502 4264 ἔργοις
3542 4192 3740 4265 ἐκύρου
3771 4192 3852 4246 τὰ

2263 4287 2677 4357 ἐπαγγέλματα.
2709 4286 2946 4339 Είκουσα
2978 4284 3035 4338 δὲ
3062 4286 3095 4356 ὴ
3127 4284 3289 4355 φύσις
3319 4282 3398 4354 τῷ
3418 4283 3656 4356 πλάστῃ,
3682 4284 3853 4337 πλουο

2267 4379 2388 4442 σίας
2435 4377 2531 4431 τοῦ
2574 4379 2769 4446 γένους
2823 4376 2922 4439 τάς
2973 4375 3275 4451 ἀντιδόσεις
3323 4374 3631 4445 εἰργάζετο.
3700 4373 3852 4427 Ἀλλ’

2266 4472 2540 4539 Αἴγυπτος
2560 4470 2984 4541 ἀντεστρατήγει
3003 4468 3142 4538 Θεῷ,
3172 4468 3264 4521 καὶ
3295 4466 3492 4538 Φαραὼ
3526 4465 3853 4535 φιλονεικῶν

584 4558 852 4626 sapienter
896 4558 1249 4626 apprimamus
1296 4573 1453 4621 eum;
1491 4560 1535 4611 si
1575 4556 1839 4612 masculus
1881 4546 2142 4626 fueritfit

2265 4531 2358 4634 τῷ.
2377 4531 2638 4635 Θεῷίτὴν
2665 4531 2976 4631 τοῦ-γένους
3003 4531 3230 4632 αὐέησιν
3252 4531 3507 4612 κολοῦοῦν
3529 4531 3809 4627 ἐπεχείρει
3835 4571 3853 4585 ·

582 4651 804 4721 [luvium
836 4652 1002 4722 jacite
1020 4669 1038 4717 ;
1067 4653 1113 4705 si
1143 4650 1363 4716 femina,
1400 4662 1658 4707 reservate
1686 4651 1769 4721 ,ατί
1794 4653 1957 4707 vitam
1978 4652 2048 4708 ⁸⁸.
2087 4648 2171 4708 ὐι

574 4836 579 4841 ·
658 4827 705 4859 ⁸⁷
738 4827 881 4883 Psal.
917 4843 1036 4893 cm,
1064 4827 1151 4883 14.
1227 4828 1274 4862 ⁸⁸
1305 4826 1475 4883 Exod.
1510 4844 1550 4895 ι,
1584 4826 1674 4894 10.
1707 4829 1797 4885 16.

2281 4656 2463 4711 Δεῦτε
2495 4653 2624 4727 γὰρ,
2655 4654 2791 4726 φησὶ
2815 4694 2831 4720 ,
2867 4650 3404 4723 κατωοφισώμεθα
3445 4649 3701 4716 αὐτοὺς,
3746 4647 3853 4701 καὶ

1810 4983 1918 5041 CL.
1961 4983 2339 5053 DAUSQUEII
2377 4985 2615 5042 NOTAE.

664 5146 785 5216 (57)
814 5143 903 5216 Γῆ
927 5142 995 5198 δὲ
1031 5143 1176 5200 ποσὶ
1201 5143 1318 5213 μὲν
1338 5141 1688 5216 ίύποϐέϐηκε
1725 5136 2167 5216 σχῆμα-Σχῆμα

596 5211 690 5272 hic
720 5211 789 5271 ab
819 5211 927 5288 ἔχω
961 5224 1042 5270 est
1068 5233 1133 5271 ea
1180 5211 1574 5288 signiﬁcantia,
1614 5228 1720 5283 qua
1766 5211 2170 5288 ὲχέμυθος,”ει

592 5287 813 5359 ὲχενηῖς
848 5281 1187 5359 retinentiam
1210 5284 1455 5359 iudicant
1485 5303 1497 5339 :
1532 5284 1611 5359 sic
1634 5281 1881 5359 prorsus,
1910 5281 2173 5359 ut_l_tomi-

606 5350 951 5427 n'nm'pcdes
1000 5366 1144 5411 terra
1202 5350 1452 5417 retineat,
1527 5350 1653 5409 sive
1712 5352 1914 5427 fulciat.
1973 5350 2175 5407 Merito

608 5423 804 5500 σχῆμα
838 5430 952 5483 sive
987 5428 1157 5495 figura
1206 5428 1625 5500 rei‘corporatte
1669 5423 2056 5500 quantitatem,
2104 5438 2179 5500 ne

607 5492 836 5553 ulterius
861 5492 1139 5562 excurrat,
1173 5514 1276 5550 non
1302 5492 1444 5549 intra
1481 5492 1703 5550 moduni
1729 5494 1910 5554 habet,
1940 5507 2004 5547 ac
2029 5492 2177 5545 ﬂuit?

605 5571 736 5624 inde
791 5584 1007 5639 quoque
1041 5577 1144 5632 est,
1195 5577 1251 5620 nt
1298 5566 1482 5639 σχῆμα
1529 5565 1774 5639 habitum
1826 5578 1922 5617 seu
1958 5572 2164 5639 vestem

607 5630 1075 5711 signitic'eftfqnze
1127 5630 1578 5711 Corporis"tnod_o
1633 5636 1941 5711 adaptatnr.
1996 5630 2177 5711 Quare

604 5701 770 5767 etiam
813 5701 1022 5777 plenior
1062 5701 1251 5762 eorum
1297 5716 1382 5761 cst
1411 5704 1611 5772 oratio,
1646 5701 1953 5774 qui'dicunt
1991 5701 2177 5772 σχῆμα

609 5782 859 5853 ἐσθῆτος.

2344 5141 2454 5212 (58)
2479 5140 2750 5212 Φερέσαω
2759 5139 2988 5210 μάρτυς
3011 5139 3158 5209 ἡμῖν
3180 5139 3251 5193 τὰ
3275 5137 3400 5192 κατ’
3420 5137 3727 5212 Αἴγυπτον
3749 5154 3855 5191 πε-

2273 5208 2646 5281 πρατμμένα.
2690 5208 2923 5281 Locutio,
2963 5208 3077 5281 haec
3117 5211 3364 5278 asperior
3393 5208 3520 5281 nulli
3556 5209 3723 5281 videri
3753 5216 3854 5261 de-

2276 5276 2616 5349 beti'habet
2652 5284 2796 5335 enim
2848 5276 3317 5347 eﬂicaciam,‘qua
3372 5278 3624 5349 delectati
3672 5276 3859 5344 plures

2278 5348 2521 5406 Romane
2545 5352 2866 5407 scribentes.
2899 5352 3083 5405 Livius
3110 5352 3203 5407 lib.
3228 5365 3317 5405 xu
3341 5366 3355 5405 :
3382 5348 3649 5417 Templum
3680 5348 3857 5403 testis.

2282 5424 2536 5477 Horatius
2565 5422 2702 5476 libro
2737 5432 2932 5491 quarto
2958 5437 2974 5475 :

2390 5514 2558 5569 Testis
2590 5514 2889 5569 Metaurum
2918 5515 3140 5584 ﬂumen.

2288 5606 2475 5663 Simile
2508 5609 2637 5662 illud
2672 5608 3021 5665 Maroneum:

2395 5700 2613 5756 Italiam
2641 5702 2786 5772 petiit
2811 5701 2938 5772 fatis
2964 5702 3286 5768 auctoribus,
3314 5712 3444 5760 esto.
