4102 6616
526 496 624 563 131

1722 488 2003 549 BASILII
2042 487 2582 549 SEI.EUC1ENSIS

3684 484 3814 551 132

522 622 657 664 vero
695 603 848 673 jussu
902 599 1119 665 infanti,
1164 595 1321 666 cujus
1368 593 1519 665 virga
1573 591 1813 648 futurqu
1857 602 1999 655 erat,
2039 600 2097 644 ut

2205 590 2528 662 σωζόμενος.
2596 591 2869 658 Ἐφείδετο
2918 593 3028 667 γὰρ
3078 594 3310 667 βρέφους
3348 597 3378 649 ὁ
3407 595 3651 667 ποταμὸς
3688 614 3812 652 κε·-

524 713 631 753 ιιοιι
658 695 826 752 quito
850 701 971 764 post
993 696 1273 746 secaretur
1298 694 1352 741 et
1386 700 1559 749 mare,
1589 684 1784 740 ﬂuvius
1811 685 2097 754 parcebat;

525 790 718 847 infanti
764 787 955 842 ﬂuvius
988 780 1280 852 parcebat,
1330 777 1486 847 cuius
1532 778 1651 848 ipse
1689 791 1907 847 quoque
1949 775 2101 843 virga

524 896 815 953 percussus
841 873 1206 943 scaturigines
1248 870 1301 925 in
1335 871 1656 940 sanguinem
1697 866 2100 924 transmutavit.

523 973 826 1042 Navigante
879 967 1045 1037 igitur
1097 973 1293 1034 praeter
1346 962 1808 1032 exspectationem
1861 959 2100 1021 infante,

523 1065 695 1133 iniqui
720 1061 898 1131 legum
926 1058 1185 1129 positoris
1216 1056 1323 1110 ﬁlia
1345 1054 1673 1127 speculatrix
1702 1053 1957 1116 mittitur,
1982 1064 2103 1120 quin

520 1165 677 1228 capta
708 1152 1020 1223 spectaculo
1053 1151 1245 1205 matris
1287 1148 1543 1204 affectum
1581 1145 1776 1207 induit,
1803 1154 1858 1198 et
1898 1142 2104 1212 absque

522 1246 747 1319 periculi
787 1244 980 1300 timore
1011 1242 1283 1297 Pharaoni
1340 1236 1750 1295 contubernalis
1784 1235 1844 1289 fit
1879 1235 2099 1289 infans:

522 1338 727 1403 Verax,
772 1338 864 1409 qui
917 1334 1308 1404 comprehendit
1360 1333 1620 1401 sapientes
1669 1330 1725 1383 in
1774 1326 1973 1382 astutia
2018 1339 2105 1379 eo-

523 1448 642 1487 rum
664 1432 732 1485 ".
781 1427 881 1495 Qui
928 1426 1139 1482 Pharao
1183 1440 1279 1494 per
1322 1424 1491 1493 legem
1519 1420 1821 1492 jugulahat,
1866 1418 1956 1489 qui
2005 1432 2102 1485 pao

525 1524 731 1579 riemes
760 1535 866 1576 non
895 1519 1107 1574 sinebat
1142 1530 1275 1571 esse
1311 1522 1513 1569 matres
1550 1512 1601 1567 ei
1628 1526 1749 1581 quae
1794 1525 1899 1566 non
1936 1524 2102 1579 pepe-

522 1622 697 1675 rerat.
727 1612 821 1667 dat
847 1624 971 1666 esse
1007 1606 1189 1664 matri.
1220 1604 1402 1661 quaus
1431 1604 1693 1668 salvatur,
1729 1601 1815 1657 lex
1854 1600 2099 1666 solvitur,

524 1708 752 1779 puerulo
804 1705 1077 1774 imperare
1120 1717 1225 1757 non
1272 1700 1409 1770 quit.
1456 1696 1501 1754 Ο
1538 1712 1792 1753 arcanam
1839 1696 2104 1751 divinam-

523 1813 631 1867 que
666 1796 956 1852 admodum
1002 1790 1341 1862 gubernandi
1388 1788 1693 1844 rationem!
1726 1787 1876 1843 Alter
1911 1798 2103 1842 contra

523 1886 811 1958 Egyptios
857 1880 1213 1938 humanitatis
1256 1878 1539 1950 legislator
1582 1877 1827 1933 alebatur
1867 1874 2098 1945 Moyses.

2208 682 2522 754 λευόμενος,
2553 678 2615 738 οὖ
2646 688 2713 757 τῇ
2742 686 2923 758 ῥάϐδῳ
2952 688 3069 758 μετ’
3098 689 3162 741 ού
3187 688 3323 742 πολύ
3350 688 3446 742 καὶ
3468 688 3529 742 τὸ
3548 690 3815 757 πέλαγος

2208 776 2563 831 ἀνεκόπτετο·
2592 778 2837 847 ἐφείδετο
2866 780 2961 833 τοῦ
3000 779 3232 853 βρέφους
3260 782 3290 834 ό
3319 781 3588 852 ποταμὸς,
3624 775 3688 836 οὗ
3718 783 3811 850 τῇ

2214 870 2397 940 ῥάϐδῳ
2424 870 2518 923 καὶ
2550 870 2714 935 αὐτὸς
2728 871 3099 944 πληττόμενος
3129 875 3207 938 είς
3238 869 3375 946 αἷμα
3393 874 3454 927 τὸ
3477 876 3628 945 νᾶμα
3659 889 3814 945 μετ-

2208 958 2423 1015 έϐαλλε.
2454 960 2716 1027 Πλέοντος
2761 958 2855 1016 οὖν
2886 964 3204 1035 παραδόξως
3228 963 3323 1018 τοῦ
3360 964 3631 1035 βρέφουςι,
3664 965 3817 1017 θεω-

2213 1052 2304 1123 pb;
2336 1055 2370 1125 ἡ
2400 1053 2495 1107 τοῦ
2527 1054 2697 1108 κακοῦ
2732 1055 3025 1126 νομοθέτου
3057 1056 3304 1127 θυγάτηρ
3345 1058 3631 1126 ἐπέμπετο
3650 1071 3663 1084 ’
3692 1054 3816 1108 καὶ

2209 1141 2417 1197 ἀλοῦσα
2443 1146 2511 1215 τῇ
2547 1143 2666 1214 θέᾳ,
2692 1143 2770 1215 τῷ
2804 1144 2954 1215 πόθῳ
2996 1147 3180 1217 μήτηρ
3205 1145 3435 1214 ἐγίνετο,
3464 1144 3559 1198 καὶ
3590 1141 3812 1214 Φαραὼ

2212 1238 2456 1289 συνοικεῖ
2479 1237 2542 1289 τὸ
2579 1236 2779 1309 βρέφος
2816 1236 3020 1308 μηκέτι
3050 1238 3384 1310 φοϐούμενον
3408 1237 3499 1291 τὸν
3525 1237 3803 1292 κίνδυνον.

2222 1329 2484 1398 uanam
2504 1370 2519 1393 .
2554 1333 2587 1385 ό
2608 1331 3022 1400 δρασσόμενος
3052 1330 3195 1398 τοὺς
3215 1330 3446 1400 σοφοὺς
3470 1332 3541 1385 ὲν
3559 1329 3634 1399 τῇ
3648 1344 3812 1383 παν-

2209 1418 2421 1487 ουργίᾳ
2460 1418 2679 1474 αὐτῶν.
2721 1420 2781 1474 '0
2807 1420 2884 1491 τῷ
2918 1422 3067 1493 νόμῳ
3093 1424 3335 1491 σφαγεὺς
3354 1462 3369 1486 ,
3392 1424 3420 1475 ό
3449 1422 3549 1486 τάς
3577 1420 3809 1475 τικτού-

2213 1526 2313 1574 σας
2344 1512 2447 1564 ούκ
2478 1511 2582 1565 ἐῶν
2611 1507 2753 1567 εἶναι
2804 1513 3051 1584 μητέρας
3072 1553 3087 1577 ,
3119 1512 3218 1583 τὴν
3252 1513 3328 1583 μὴ
3360 1512 3628 1566 τεκοῦσαν
3660 1530 3809 1567 συν·-

2210 1601 2407 1674 εχὼρει
2438 1602 2694 1670 γενέσθαι
2724 1604 2935 1675 μητέρα
2958 1619 2973 1635 ⁸
3020 1605 3117 1657 καὶ
3144 1604 3343 1675 βρέφος
3386 1604 3652 1670 ἐσώζετο,
3695 1605 3807 1659 καὶ

2210 1692 2375 1763 νόμος
2402 1693 2611 1758 ἐλύετο,
2652 1695 2865 1749 παιδίου
2900 1698 3122 1767 κρατεῖν
3150 1696 3212 1749 ού
3241 1696 3559 1767 δυνάμενος.
3599 1699 3663 1750 Ὢ
3691 1698 3806 1767 τῆς

2207 1786 2520 1859 ἀπορρήτου
2560 1787 2652 1841 καὶ
2682 1786 2833 1853 θείας
2859 1787 3032 1853 οὕτως
3062 1788 3374 1859 οἰκονομίας
3401 1792 3414 1843 !
3448 1790 3678 1861 Ἕτερος
3700 1807 3803 1843 νο-

2214 1878 2449 1948 μοθέτης
2512 1877 2923 1951 φιλανθρωπίας
2969 1880 3093 1935 κατ’
3148 1880 3465 1950 Αἰγυπτίων
3511 1881 3796 1952 ἐτρέφετο.

525 1976 724 2033 Procul
750 1986 950 2038 terror,
977 1984 1031 2027 et
1058 1980 1252 2027 contra
1284 1980 1532 2024 naturam
1558 1969 1855 2024 constituta
1875 1966 2099 2036 judicia.

2211 1968 2381 2033 Φόϐος
2413 1969 2538 2037 ἔξω,
2568 1970 2665 2025 καὶ
2689 1972 3018 2043 δικαστήρια
3048 1971 3191 2026 κατά
3218 1973 3317 2043 τῆς
3360 1972 3575 2041 φύσεως
3599 1988 3615 2004 ·
3644 1974 3739 2027 καὶ
3763 1973 3803 2025 ὁ

524 2066 698 2123 Natus
731 2065 1077 2136 puniebatur,
1126 2072 1183 2119 et
1219 2070 1533 2134 generatum
1564 2076 1686 2118 esse
1719 2060 1925 2115 crimen
1967 2068 2105 2123 erat,

524 2162 779 2230 quodque
808 2159 863 2213 in
893 2157 1122 2213 matrice
1145 2163 1511 2225 processerat,
1539 2168 1757 2224 pinnam
1788 2150 2015 2214 ferebat,
2052 2159 2108 2206 et

524 2253 610 2307 lex
633 2250 891 2322 Egyptia
922 2262 1046 2302 cum
1074 2254 1283 2300 natura:
1312 2244 1432 2315 lege
1457 2243 1729 2314 pugnabat
1758 2259 1772 2296 :
1802 2241 1947 2296 intro
1974 2254 2105 2296 vero

522 2353 776 2398 versatur
805 2340 1017 2411 Moyses
1053 2353 1240 2393 eorum
1278 2336 1420 2391 inter
1456 2334 1634 2400 ulnas,
1674 2349 1704 2389 a
1754 2334 1951 2404 quibus
1987 2342 2108 2389 erat

525 2435 628 2490 iste
660 2443 852 2496 terror,
892 2441 948 2485 et
1000 2427 1104 2498 legi
1150 2428 1217 2482 de
1274 2425 1614 2483 infanticidio
1648 2426 1813 2481 vitam
1866 2435 2107 2482 ostentat

524 2531 955 2595 repugnantem;
1007 2517 1413 2586 Pliaraonisque
1457 2515 1563 2588 53
1604 2516 1945 2588 tyrannidem
1996 2516 2109 2571 cal-

521 2633 654 2673 cans
687 2618 756 2671 ab
786 2614 876 2681 iis,
910 2612 1001 2683 qui
1036 2610 1413 2676 calcabantur,
1457 2610 1763 2665 amabatur.
1808 2609 1943 2666 Cum
1976 2624 2106 2666 vero

521 2704 884 2763 succrevisset
933 2699 1134 2766 infans,
1185 2701 1252 2753 ad
1299 2714 1428 2754 suos
1481 2698 1794 2768 transfugit,
1842 2708 1898 2754 et
1941 2699 2106 2770 regia:

524 2796 808 2869 dignitatis
865 2809 989 2866 spes
1037 2792 1322 2848 excutiens
1380 2790 1677 2846 Abrahami
1726 2790 2103 2860 cognationem

524 2887 825 2951 affectavit,
850 2885 1140 2954 impiisque
1161 2881 1367 2937 divitiis
1389 2881 1533 2951 piam
1558 2889 1933 2953 paupertatem
1950 2880 2105 2937 duxit

524 2981 816 3063 potiorem.
847 2973 1035 3047 Neque
1064 2989 1191 3030 vero
1222 2989 1288 3028 ex
1312 2973 1525 3027 vivendi
1563 2972 1903 3028 institutione
1934 2972 2102 3028 animi

520 3072 712 3127 vitium
760 3069 928 3125 traxit
966 3067 1159 3130 ullum,
1206 3073 1300 3119 aut
1331 3079 1427 3134 per
1458 3074 1671 3135 tempus
1717 3078 1900 3119 mores
1930 3064 2101 3119 alios:

524 3164 623 3221 sed
649 3176 844 3218 amans
879 3170 998 3216 erat
1020 3158 1189 3214 divini
1224 3157 1424 3221 cultus.
1446 3157 1704 3227 deditque
1741 3156 1909 3213 Paulo
1946 3173 2105 3214 occa-

523 3257 733 3312 sionem
773 3255 890 3309 baec
939 3253 1006 3308 de
1054 3266 1114 3307 se
1157 3250 1411 3321 loquendi
1441 3268 1455 3306 :
1482 3249 1659 3321 Magis
1707 3249 1903 3320 eligens
1941 3251 2101 3321 αι]ῖίρί

2208 2060 2528 2132 τικτόμενος
2556 2062 2866 2129 ἐκολάζετο,
2896 2064 3149 2135 ἔγκλημα
3177 2064 3361 2136 φέρων
3390 2066 3490 2137 τὴν
3512 2064 3800 2136 γέννησιν.

2212 2151 2295 2205 ὅτι
2329 2151 2575 2223 προῆλθε
2619 2153 2720 2223 τῆς
2761 2155 2978 2226 μήτρας
3010 2154 3422 2229 τιμωρούμενος
3449 2173 3463 2188 ο
3506 2156 3603 2210 καὶ
3626 2157 3800 2228 νόμος

2206 2243 2504 2311 Αἰγύπτιος
2535 2246 2677 2299 κατά
2708 2244 2802 2299 τοῦ
2832 2246 2996 2315 νόμου
3025 2246 3126 2317 τῆς
3153 2247 3368 2317 φύσεως
3407 2248 3793 2319 ἐστρατεύετο.

2211 2336 2401 2391 Ἐνδον
2428 2336 2486 2391 δὲ
2524 2339 2765 2409 Μωῦσῆς
2806 2341 2864 2393 ἐν
2890 2341 3014 2404 ταῖς
3042 2340 3151 2394 τῶν
3178 2339 3490 2409 φοϐούντων
3518 2340 3799 2409 ἀγκάλαις

2208 2427 2523 2499 ἐστρέφετο,
2565 2429 2644 2501 τῷ
2675 2430 3012 2502 παιδοκτόνῳ
3040 2431 3190 2503 νόμῳ
3229 2431 3378 2503 ζωὴν
3406 2432 3669 2486 δεικνύων
3692 2430 3798 2486 ἅν-

2205 2520 2433 2575 τίπαλον
2451 2537 2465 2551 °
2492 2521 2591 2577 xui.
2641 2522 2742 2594 τὴν
2771 2522 2866 2578 τοῦ
2890 2524 3090 2594 Φαραὼ
3123 2525 3414 2595 τυραννίδα
3439 2526 3649 2589 πατῶν,
3681 2525 3823 2580 ὑπὸ.

2205 2612 2315 2667 τῶν
2336 2613 2697 2684 πατουμένων
2717 2614 3026 2687 ἐστέργετο.
3049 2614 3292 2686 Αύξηθὲν
3310 2617 3367 2670 δὲ
3389 2617 3453 2670 τὸ
3474 2616 3673 2688 βρέφος
3697 2617 3795 2687 γί-

2207 2721 2357 2759 νεται
2396 2705 2534 2774 πρὸς
2563 2705 2623 2759 τὸ
2646 2704 2803 2773 γένος
2830 2706 3126 2778 αὐτόμολον
3143 2749 3158 2775 ,
3183 2708 3279 2762 καὶ⁵
3317 2707 3605 2781 βασιλικῆς
3631 2709 3794 2775 ἀξίας

2205 2795 2304 2859 τὰς
2336 2795 2559 2860 ἐλπίδας
2601 2796 3014 2868 ἀποσειόμενον,
3060 2798 3158 2871 τὴν
3200 2799 3259 2867 ἐξ
3305 2799 3556 2871 Ἀϐραὰμ
3601 2801 3793 2855 ἐπόθεε

2208 2887 2555 2956 συγγένειαν,
2588 2889 2684 2942 καὶ
2706 2889 2942 2955 ἀσεϐοῦς
2965 2889 3195 2944 πλούτου
3224 2892 3323 2961 τὴν
3352 2891 3471 2962 μετ’
3502 2891 3790 2957 εὐσεϐείας

2208 2978 2400 3033 πενίαν
2441 2979 2862 3051 προτιμωτέραν
2899 2981 3114 3053 ἐνόμιζε
3138 3001 3153 3016 ο
3184 2982 3431 3036 καὶούτε
3469 2986 3644 3055 τροφῇ
3685 2984 3790 3056 τὴν

2206 3069 2435 3141 γνώμην
2473 3071 2822 3140 μετέϐαλλεν,
2866 3072 2990 3127 οὔτε
3033 3074 3225 3146 χρόνος
3259 3075 3355 3128 τὸν
3395 3076 3599 3147 τρόπον
3654 3094 3789 3148 μετ-

2205 3162 2451 3232 έστησενο
2475 3162 2610 3216 ἀλλά
2632 3164 2729 3236 τῆς
2754 3163 2902 3228 θείας
2925 3161 2994 3237 ἦν
3014 3166 3249 3238 ἐραστὴς
3272 3167 3587 3239 θεραπείας,
3607 3167 3787 3234 διδοὺς

2205 3252 2282 3322 τῷ
2318 3253 2516 3325 Παύλῳ
2566 3256 2695 3326 περὶ
2736 3256 2902 3311 αύτοῦ
2952 3258 3071 3328 μετ’
3105 3258 3267 3312 αὐτὸν
3298 3246 3739 3329 ἀναφθέγγεσθαι
3765 3277 3780 3291 ο

520 3365 638 3403 cum
684 3346 878 3418 popqu
924 3343 1053 3408 Dei,
1100 3360 1260 3415 quant
1316 3342 1619 3411 temporalis
1668 3342 1868 3411 peccati
1914 3342 2099 3397 habere

2205 3346 2459 3400 Μᾶλλον
2484 3347 2774 3417 ἐλόμενος
2806 3350 3357 3420 συγ-κακουχεῖσθαι
3386 3352 3467 3418 τῷ
3506 3353 3637 3419 λαῷ
3673 3352 3786 3407 τοῦ

513 3436 903 3508 jucunditatein
925 3432 994 3503 ’_°.
1037 3431 1177 3486 Hinc
1226 3432 1306 3487 ira
1339 3432 1458 3503 regi
1512 3432 1692 3503 specie
1720 3432 1937 3503 pietatis
1973 3447 2099 3488 con-

2207 3436 2377 3501 Θεοῦ,
2413 3438 2451 3507 ἢ
2487 3440 2863 3508 πρόσκαιρον
2886 3441 3052 3511 ἔχειν
3088 3445 3376 3513 ἁμαρτίας
3408 3445 3782 3499 ἀπόλαυσιν.

523 3530 676 3584 nixa.
704 3525 927 3581 Interim
960 3523 1175 3596 Moyses
1204 3523 1380 3579 locum
1409 3522 1741 3591 demutabat.
1769 3539 1874 3579 non
1902 3539 2099 3581 mores.

2216 3526 2385 3597 Ὀργὴ
2414 3525 2509 3580 τοῦ
2541 3526 2805 3597 βασιλέως
2826 3529 3097 3597 ἐντεῦθεν,
3137 3532 3429 3604 ὑπόσχεσιν
3457 3525 3658 3604 ἔχουσα
3682 3536 3785 3601 τὴν

525 3619 672 3673 Oves
716 3617 769 3670 in
800 3626 983 3670 monte
1015 3614 1258 3685 pascenti
1300 3614 1628 3686 conspicuus
1656 3615 1795 3671 Deus
1824 3614 2099 3685 obiicitur.

2205 3614 2515 3676 εὐσέϐειαν.
2554 3617 2612 3671 '0
2643 3618 2699 3671 δὲ
2732 3620 2978 3691 Μωῦσῆς
3017 3617 3088 3692 ἦν
3133 3624 3191 3676 ἐν
3225 3626 3405 3695 φυγῇι,
3440 3625 3785 3695 μεταϐαίνων

519 3709 599 3764 Illi
632 3707 779 3764 enim
817 3707 1093 3762 concessit
1132 3707 1274 3763 Deus
1300 3716 1572 3779 pastorem
1603 3721 1789 3777 agere,
1821 3716 1877 3761 ut
1916 3723 1982 3763 ex
2016 3724 2099 3779 pe-

2205 3706 2325 3759 ἀντὶ⁸
2363 3706 2566 3777 τρόπου
2596 3709 2690 3762 τὸν
2735 3710 2924 3765 τόπον.
2995 3712 3373 3782 Ἐπιφαίνεται
3410 3714 3542 3778 Θεὸς
3598 3717 3656 3769 ἐν
3702 3716 3785 3787 τῷ

518 3815 706 3857 corum
740 3811 956 3871 pastore
978 3797 1193 3855 lsraelis
1221 3809 1408 3871 pastor
1436 3810 1744 3865 crearetur,
1776 3812 1943 3871 utque
1976 3810 2099 3870 post

2205 3798 2321 3868 ϐρει
2356 3800 2718 3869 ποιμαίνοντι.
2746 3802 3031 3873 Συγχωρετ
3044 3803 3152 3876 γάρ
3172 3804 3323 3877 αὐτῷ
3346 3805 3445 3859 καὶ
3471 3806 3787 3877 ποιμαίνειν

518 3899 692 3946 artem
725 3889 1065 3961 pastoritiam
1110 3887 1167 3943 in
1219 3887 1448 3943 modicis
1476 3889 1773 3945 exercitam
1818 3890 2095 3944 tribulium

519 3998 739 4040 suorum
784 3982 1151 4054 principatum
1200 3981 1248 4036 ei
1291 3980 1558 4035 crederet.
1586 3980 1784 4051 Agenti
1834 3980 1977 4037 inter
2003 3997 2097 4053 pe-

516 4084 645 4130 cora
674 4072 817 4129 Deus
845 4073 1120 4143 obiicitur,
1152 4081 1207 4128 et
1230 4071 1417 4127 invisa:
1440 4070 1665 4127 visionis
1693 4074 1973 4142 praemium
1996 4088 2094 4143 pro

524 4164 798 4235 susceptis
827 4160 1108 4233 religionis
1135 4176 1297 4218 causa
1318 4160 1599 4217 laboribus
1629 4161 1921 4218 condonat.
1958 4162 2094 4219 Ecce

518 4257 696 4325 ignem
758 4264 1024 4311 monstrat
1072 4253 1127 4308 in
1188 4254 1324 4308 rubo
1376 4254 1659 4309 ardentem
1710 4253 1849 4323 ignis
1896 4254 2092 4311 effectu

2200 3889 2357 3955 Θεὸς,
2372 3890 2460 3945 ἵνα
2483 3892 2548 3944 ἐκ
2570 3892 2828 3962 ποιμένος
2848 3893 3160 3964 προϐάτων,
3179 3896 3417 3967 ποιμένα
3435 3897 3530 3951 τοῦ
3566 3898 3783 3971 Ἰσραὴλ

2198 3980 2456 4053 ἀναδείξῃ
2483 3998 2498 4013 ’
2529 3982 2627 4036 καὶ
2658 3985 3029 4057 ποιμαντικὴν
3060 3987 3118 4040 ἐν
3149 3990 3366 4059 μικροῖς
3398 3987 3781 4061 μελετήσαντι,

2197 4073 2299 4144 τὴν
2329 4073 2439 4129 τῶν
2474 4074 2761 4146 ὁμοφύλων
2798 4078 3097 4150 ἠγεμονίαν
3133 4079 3477 4134 πιστεύσειεν
3510 4081 3646 4152 (65).
3691 4084 3783 4136 Ἐν

2197 4165 2410 4229 τούτοις
2436 4166 2493 4220 δὲ
2530 4167 2644 4222 ὄντι
2668 4168 2801 4235 Θεὸς
2828 4170 3199 4239 ἐπιφαίνεται,
3230 4167 3392 4226 ἆθλον
3427 4172 3524 4244 τὴν
3551 4173 3784 4229 ἀθέατον

2200 4257 2329 4313 θέαν
2364 4259 2504 4331 ύπέρ
2543 4261 2825 4327 εὐσεϐείας
2855 4263 3033 4319 πόνων
3075 4264 3416 4337 δωρούμενος
3445 4284 3459 4299 ·
3493 4268 3589 4320 καὶ
3627 4267 3780 4321 δείκ-

515 4347 780 4418 seposito,
814 4346 1013 4415 quippe
1037 4343 1136 4400 ﬂos
1165 4343 1289 4412 igne
1314 4353 1630 4409 coronatur,
1662 4343 1891 4414 vilisque
1912 4346 2092 4417 planta

2205 4366 2319 4404 νυσι
2351 4351 2463 4423 πῦρ
2502 4352 2595 4405 ἐπὶ
2634 4352 2798 4422 βάτου
2837 4354 3173 4426 φλεγόμενον
3200 4357 3348 4428 (64),
3381 4358 3570 4412 καὶτὰ
3607 4361 3780 4431 πυρὸς

517 4455 798 4494 ειιινοοιιεω
857 4438 1088 4493 flamma:
1150 4436 1386 4492 obsistit.
1438 4437 1548 4493 Vox
1608 4435 1919 4505 ferebatur,
1973 4454 2093 4510 quae

2205 4439 2301 4492 οὐκ
2338 4440 2736 4513 ἐργαζόμενον·
2775 4442 2936 4508 ἀνθος
2983 4446 3119 4518 πυρὶ
3168 4445 3632 4518 στεφανούμενον,
3680 4452 3779 4505 καὶ

514 4528 733 4599 Moysen
779 4538 969 4582 contra
998 4523 1288 4599 Egyptios
1328 4526 1578 4582 armabat
1619 4526 1969 4597 imperatoria
1999 4544 2097 4600 pro

2205 4529 2372 4601 φυτὸν
2402 4532 2618 4599 εὐτελὲς
2648 4532 2848 4604 φλογὸς
2893 4536 3278 4609 ἀναπτομένης
3310 4538 3622 4596 ἀντίπαλον.
3665 4540 3778 4595 Καὶ

586 4690 634 4722 ⁸⁸
660 4686 762 4742 .lob
790 4703 842 4755 v,
881 4685 987 4753 {5;
1022 4684 1040 4739 I
1069 4683 1196 4741 Cor.
1226 4700 1306 4752 tn,
1335 4686 1423 4742 i9.
1482 4687 1546 4720 "°
1578 4685 1745 4743 Hebr.
1771 4703 1849 4756 xt,
1869 4687 1959 4744 25.

1701 4827 1808 4883 CL.
1856 4826 2220 4896 DAUSQUEII
2256 4830 2490 4888 ΝΟΤᾸΞ.

537 5000 565 5067 ;_
595 4984 706 5067 (θὸ)
744 4985 875 5067 ςινςα
919 4983 1318 5067 ἑξκηίτοιμέῂος
1362 4983 1671 5067 προϐάτωγ
1710 4984 1963 5067 ποιμένα
1988 4972 2099 5067 τοῦ

2205 4986 2506 5067 §cripturm
2537 4989 3039 5067 interpretationem
3077 5010 3276 5067 sequor
3303 4999 3593 5056 comitatus
3618 4999 3775 5057 Basi-

525 5047 765 5141 Ἰσραὴλ
805 5047 1252 5141 ἀναδείξῃ,’ζαί
1294 5047 1700 5141 ξτοῲςιιςτικὴγ
1748 5047 1826 5109 si
1861 5057 2097 5141 μικροῖς

2205 5058 2278 5141 lio
2297 5098 2312 5121 ,
2335 5047 2451 5141 'gtti
2482 5072 2644 5141 vocat.

530 5127 936 5206 μελετήσαητι
968 5126 1083 5206 τὴν·
1122 5126 1241 5206 egw
1280 5126 1605 5206 όιιοφύλωζ
1632 5127 2097 5206 ,ᾐγεμογίατηπι-

2205 5126 2531 5206 ἀκανθῷδες,
2562 5133 2655 5185 καὶ⁵
2682 5126 3110 5206 ἀσθενέστατον,
3128 5139 3363 5205 plantam
3393 5126 3659 5206 spin'osam
3681 5182 3696 5204 ,
3721 5152 3775 5195 et

510 5194 847 5252 ἀτεύσειεγ.
868 5196 1012 5251 Idem
1042 5199 1108 5251 de
1148 5194 1332 5267 Moyse
1356 5198 1521 5267 sentit
1550 5194 1705 5267 Philo
1727 5194 1778 5249 iu
1811 5194 1925 5267 ejus
1948 5197 2095 5263 Vita,

513 5271 602 5323 ubi
640 5279 756 5339 pust
797 5268 961 5339 multa
993 5285 1007 5322 :
1040 5264 1382 5339 Παραλαϐὼν
1419 5264 1531 5339 τάςΔ
1560 5265 1761 5339 ἀγέλας
1803 5266 2091 5337 ἐποίμαινε

511 5337 1007 5410 προδιδασκόμενος
1046 5336 1141 5410 εἰς’
1170 5338 1270 5408 τὴν
1302 5336 1621 5410 ἠγεμονίαν.
1655 5338 1954 5410 ῌοιμενικὴ
1982 5340 2091 5408 γὰρ

587 5409 738 5479 λέτη,
766 5406 861 5464 καῖ
883 5406 1293 5479 προγύμνασμα
1314 5406 1589 5476 βασιλείας
1614 5408 1691 5478 τῷ
1718 5406 2090 5479 μέλλοντι-τῆς

588 5427 738 5479 Αετη,
766 5427 861 5464 και
883 5427 1293 5479 προγύμνασμα
1314 5427 1589 5476 pactum;
1614 5427 1691 5478 τῳ
1792 5427 1964 5460 ΛΛοντι
1991 5427 2089 5479 της

509 5427 869 5552 “temtas-qq
908 5478 1018 5552 τῶν
1046 5477 1348 5552 ἀνθρώπων
1375 5479 1688 5552 ἐπιστατεῖν
1708 5427 2089 5552 ﬁsi-rigabam:

508 5548 1016 5618 commissospauit
1049 5548 1224 5619 greges
1274 5549 1343 5601 ad
1387 5548 1743 5617 principatum
1794 5549 2079 5602 eruditur:

406 5677 410 5680 _
508 5637 633 5674 nam
659 5622 945 5686 pastoritia
979 5636 1068 5674 ars
1099 5632 1175 5674 est
1202 5619 1530 5680 exercitium,
1577 5629 1624 5672 et
1664 5619 1890 5685 primum
1933 5620 2079 5687 regni

2202 5201 2642 5280 inﬁrmissimam,
2665 5205 3005 5280 dicitnusque
3046 5201 3217 5278 Moysi
3255 5201 3429 5264 Deum
3454 5201 3775 5278 apparuisse

2204 5273 2256 5322 iu
2305 5273 2838 5350 rubo‘ardentitnon
2869 5273 2932 5330 in
2955 5273 3155 5333 rubeto.
3189 5280 3287 5346 Qui
3325 5295 3428 5334 non
3462 5273 3538 5334 ita
3565 5284 3771 5350 pridem

2202 5345 2538 5410 repugnante
2591 5344 3058 5419 quolibettextu,
3088 5359 3143 5403 et
3188 5344 3462 5411 versione,
3515 5344 3773 5419 nulloque

2198 5422 2472 5492 annuente
2501 5414 2953 5492 scriptoreﬁajrov
2986 5421 3225 5492 rubetam
3255 5430 3339 5492 est
3362 5414 3768 5492 interpretatus.

2198 5493 2229 5531 e
2276 5482 2427 5535 vanis
2486 5482 2814 5549 conjecturiit
2863 5488 3260 5543 inconsiderate
3321 5490 3470 5545 fecit.
3505 5482 3651 5545 'Nam
3708 5499 3770 5545 ut

2190 5550 2398 5631 pondus
2426 5555 2661 5631 acutulis
2690 5554 2809 5623 ejus
2835 5558 3158 5631 ratiunculis
3193 5558 3518 5627 afferamus;
3554 5562 3623 5616 sit
3647 5561 3770 5631 plu-

2192 5622 2337 5698 riunt
2360 5621 2617 5700 fruticuui
2647 5621 2769 5677 cuiu
2807 5628 2940 5700 rubo
2967 5631 3425 5700 succresceutium
3455 5621 3764 5700 congeries,

436 5702 449 5713 ’
506 5691 858 5768 rudimentum
904 5692 972 5756 ei,
1004 5691 1105 5768 _q_tti
1153 5690 1574 5768 mansuetissimi;
1622 5690 1893 5742 hominum
1937 5689 2080 5757 gregi
2188 5704 2293 5741 non
2326 5688 2445 5742 ideo
2499 5695 2736 5746 rubetam
2782 5697 2911 5768 erit,
2968 5701 3062 5753 sed
3109 5699 3432 5768 fruticetum,
3469 5688 3763 5763 dumetum,

504 5761 829 5836 prwfuturas
873 5771 972 5815 est.
1004 5760 1148 5836 Idem
1196 5760 1391 5815 astruit
1431 5772 1486 5814 et
1519 5761 1678 5824 libro,
1706 5775 1814 5829 quo
1859 5775 2077 5813 omnem
2186 5774 2470 5836 reputant,
2494 5772 2780 5836 animum,
2815 5760 2986 5823 Livio.
3016 5760 3145 5836 Quae
3178 5772 3231 5824 in
3258 5760 3435 5827 causai,
3458 5760 3769 5825 nmmum...

506 5835 736 5900 probum
764 5832 991 5887 liberum
1018 5833 1231 5901 probat.

574 5901 690 5973 (64)
730 5900 854 5972 Πῦρ
922 5896 1033 5956 sui
1080 5900 1276 5967 βάτου
1336 5900 1731 5972 φλεγόμενον.
1792 5896 2076 5968 Vulgatam

2190 5838 2301 5884 tum
2338 5830 2514 5897 aﬂ'ert,
2547 5834 2590 5889 si
2624 5833 2774 5892 locus
2804 5830 3135 5909 admitteret,
3172 5840 3330 5898 facile
3359 5842 3686 5912 disjiceretu.
