4102 6540
225 402 341 469 133

1649 406 1932 468 ORATIO
1970 408 2075 471 IX.

3393 416 3496 485 134

221 523 391 609 φωνὴ
416 520 695 595 φερομένη
718 561 734 587 ,
764 520 857 577 τὸν
888 519 1127 575 Μωῦσέα
1150 522 1268 576 κατ’
1297 521 1615 589 Αἰγυπτίων
1673 524 1811 578 καθ-

1916 523 2113 593 populo
2146 522 2269 578 data
2305 531 2535 580 tessera.
2567 524 2776 594 Quibus
2803 524 3013 599 Moyses
3041 528 3205 587 rebus
3238 531 3496 592 incitatus

220 614 466 679 ὥπλισε,
503 613 863 685 στρατηγικὸν
899 614 1041 684 ὑπὲρ
1069 611 1165 665 τοῦ
1184 611 1313 665 λαοῦ
1351 611 1566 666 διδοῦσα
1594 614 1658 667 τὸ
1691 615 1819 667 σύν-

223 705 409 777 θημα.
466 706 692 769 Τούτοις
746 703 1150 777 παρορμισθεὶς
1180 703 1299 774 (65)
1348 706 1378 757 6
1428 704 1672 775 Μωῦσῆς
1725 706 1816 759 τὸν

220 797 362 850 λαὸν
389 796 639 867 ἐξῃτεῖτο
664 813 679 827 ·
706 796 1169 866 ἀντιπράττοντος
1192 795 1249 848 δὲ
1278 795 1440 849 πάλιν
1471 795 1567 849 τοῦ
1593 795 1814 867 Φαραὼ,

222 888 522 959 θεηλάτοις
580 888 856 956 Αἴγυπτος
918 885 1282 955 ἐτιτρώσκετο
1328 886 1603 957 μάστιξιν.
1668 889 1818 941 Ἐκεῖ

224 981 479 1051 ποταμὸς
513 980 696 1051 ῥάϐδῳ
720 979 1061 1050 τυπτόμενος
1082 978 1421 1048 ὲφοινίσσετο
1440 994 1453 1007 ·
1476 980 1595 1031 ἐκεῖ
1619 977 1815 1050 βατρά-

222 1092 341 1142 χων
370 1074 570 1145 ἔνυδρα
621 1074 744 1127 κατ’
788 1071 1106 1139 Αἰγυπτίων
1154 1070 1524 1142 στρατόπεδα·
1562 1071 1620 1137 ἐξ
1651 1070 1813 1141 ἀέρος

224 1165 455 1235 ἀκρίδες
486 1164 624 1234 νέφη
648 1165 715 1233 τῇ
761 1164 956 1234 πτήσει
992 1162 1328 1233 μιμούμεναι
1358 1179 1372 1192 ·
1408 1162 1572 1215 πάλιν
1623 1162 1813 1225 σκότος

224 1258 533 1327 ἐπεκράτει
560 1257 622 1309 τὸ
652 1257 789 1325 φῶς,
814 1259 907 1309 καὶ
926 1252 995 1327 ἦν
1021 1256 1122 1326 τῆς
1146 1255 1360 1326 ἡμέρας
1390 1255 1419 1307 6
1449 1255 1659 1325 χρόνος,
1685 1273 1814 1308 νυκ-

224 1346 320 1411 τὺις
354 1348 777 1418 παρανάλωμα·
810 1348 928 1400 ἐκεῖ
972 1345 1183 1418 χάλαζα
1222 1345 1301 1416 τῷ
1332 1346 1462 1415 πυρὶ
1512 1346 1813 1415 συνεφράτ-

224 1454 374 1499 τετο,
398 1438 499 1491 καὶ
527 1438 677 1507 παρά
698 1436 861 1506 φύσιν
880 1436 1111 1507 ὼμονόει
1129 1436 1198 1489 τά
1220 1438 1290 1506 τῇ
1314 1434 1476 1503 φύσει
1502 1435 1809 1505 μαχόμενα,

224 1530 321 1582 τὸν
339 1529 446 1598 τῆς
472 1529 689 1598 φύσεως
721 1531 957 1600 πόλεμον
982 1529 1106 1583 κατ’
1133 1527 1453 1596 Αἰγυπτίων
1478 1528 1808 1597 μετάγοντα*

226 1622 350 1673 ἐκεῖ
405 1619 642 1683 θάνατος
690 1621 801 1674 τῶν
848 1621 1211 1691 πρωτοτόκων
1260 1619 1372 1673 τῶν
1416 1618 1811 1689 πρωτευόντων

228 1710 440 1763 ὠδίνων
474 1710 857 1775 κατεϐόσκετο,
880 1710 974 1763 καὶ
999 1709 1107 1762 τῶν
1130 1708 1304 1762 τόκων
1328 1710 1362 1779 ἡ
1394 1708 1548 1774 τάξις
1578 1707 1808 1761 Θανάτου

228 1804 427 1875 κλῆσις
470 1805 681 1872 ἐγίνετο
722 1804 853 1876 (66).
904 1806 1014 1858 Καὶ
1052 1802 1162 1856 τῶν
1210 1803 1489 1874 μαστίγων
1528 1802 1558 1854 6
1607 1801 1810 1873 δρόμος

1921 614 2172 683 populum
2191 615 2515 683 deposcebat
2536 617 2764 673 exsolvi.
2792 617 2899 673 Sed
2935 620 3246 676 obluctante
3272 640 3492 682 rursum

1916 706 2199 769 Pharaone
2240 707 2465 776 ﬂagellis
2492 708 2753 765 divinitus
2809 712 3069 767 immissis
3097 714 3367 786 Egyptus
3402 734 3494 772 va-

1918 798 2158 866 pulabat.
2187 797 2262 853 lbi
2282 801 2482 855 ﬂumen
2509 799 2659 869 virga
2691 816 3005 870 percussum
3029 809 3491 876 purpurascebat;

1916 891 1991 946 ibi
2019 905 2270 947 ranarum
2300 892 2561 947 undantia
2585 906 2681 961 per
2699 891 2989 963 Egyptnm
3006 898 3257 966 agmina;
3294 913 3324 954 e
3350 901 3493 955 caelo

1916 983 2138 1036 locustae
2186 982 2239 1036 in
2298 998 2503 1038 morem
2549 984 2876 1053 modumque
2928 987 3148 1041 nubium
3211 989 3485 1047 volabant.

1916 1075 2125 1130 llnrsus
2158 1074 2394 1129 tenebras
2432 1074 2611 1131 lumen
2654 1076 2996 1143 evincebant,
3029 1089 3085 1133 et
3119 1081 3315 1135 diurna
3347 1092 3492 1137 tem-

1918 1176 2099 1235 pestas
2150 1167 2324 1220 inutili
2363 1167 2541 1221 noctis
2607 1168 2879 1237 impendio
2925 1173 3365 1229 consumebatur.
3412 1176 3489 1229 lbi

1913 1257 2119 1325 grando
2156 1271 2276 1311 cum
2309 1258 2431 1327 igne
2460 1254 2700 1312 conferta
2734 1260 2945 1325 ruebat,
2977 1269 3033 1313 et
3076 1275 3197 1330 qua:
3238 1262 3306 1316 ab
3339 1263 3491 1333 inge-

1915 1349 2005 1402 nio
2034 1348 2365 1415 discordant,
2404 1349 2475 1402 ita
2525 1358 2725 1417 pnrter
2769 1359 3016 1404 naturam
3056 1354 3482 1419 concordabant,

1914 1448 1973 1491 ut
2021 1439 2322 1493 naturalem
2373 1439 2698 1493 discordiam
2753 1452 2938 1495 contra
2983 1442 3267 1513 [Egyptios
3318 1456 3489 1502 verte-

1916 1538 2057 1584 rent.
2121 1529 2195 1585 lbi
2249 1546 2396 1585 mors
2442 1532 2729 1599 primatum
2781 1534 3167 1605 priiuogcuitus
3220 1552 3323 1591 non
3372 1538 3492 1593 sine

1913 1618 2100 1672 dolore
2149 1619 2564 1688 depascebatur,
2614 1630 2670 1674 et
2726 1613 2973 1675 natorum
3022 1626 3155 1679 ordo
3202 1626 3368 1681 ﬁebat
3420 1630 3488 1681 ad

1915 1708 2199 1775 imperium
2248 1708 2458 1762 mortis.
2491 1705 2600 1762 Nec
2638 1723 2767 1762 vero
2801 1709 2959 1763 istius
3004 1712 3257 1766 vindictae
3288 1728 3484 1769 cursus

1914 1808 2039 1852 alite
2075 1798 2252 1866 potuit
2283 1799 2554 1869 abrumpi,
2596 1814 2756 1869 quam
2791 1801 2940 1870 virga
2981 1816 3293 1870 percussum
3341 1820 3491 1861 mare

231 1894 462 1964 ἐφέρετο
493 1896 599 1958 ἕως
633 1896 666 1963 ἡ
713 1893 971 1959 Θάλαττα,
1020 1892 1288 1963 πληγεῖσα
1332 1895 1399 1964 τῇ
1442 1891 1659 1963 ῥάϐδῳ,
1700 1896 1812 1957 τοῖς

1920 1888 2004 1943 his
2031 1887 2155 1955 iter,
2188 1888 2293 1945 illis
2319 1889 2625 1958 sepulcrum
2656 1889 2851 1956 fuerit;
2890 1902 2945 1945 et
2978 1908 3127 1947 mare
3159 1894 3490 1949 continentis

233 1988 335 2058 μὲν
359 1988 500 2052 όδὺς,
523 1990 637 2051 τοῖς
662 1988 716 2041 δὲ
739 1988 909 2057 τάφος
935 1985 1142 2055 ἐγίνετο
1165 2002 1178 2015 ⁸
1206 1986 1298 2040 καὶ
1320 1986 1555 2055 πέλαγος
1575 1988 1691 2049 τοῖς
1713 1985 1814 2056 μὲν

230 2078 292 2143 ἑξ
329 2079 587 2149 Ἁϐραάμ
612 2080 749 2151 πρὸς
780 2079 1010 2149 ἧπειρον
1041 2077 1443 2149 μετεπήγνυτο,
1470 2077 1597 2142 τοὺς
1622 2077 1680 2132 δὲ
1701 2078 1814 2143 τοῖς

230 2170 476 2240 κύμασιν
514 2170 851 2241 ἑσαγήνευσε
875 2186 892 2202 ο
924 2170 984 2223 τὸ
1013 2170 1309 2241 πλεόμενον
1350 2169 1639 2235 ὲπεζεύετο
1670 2210 1686 2234 ,
1716 2170 1813 2224 καὶ¹

230 2262 393 2325 πόδες
423 2261 735 2333 ἀνθρώπων
760 2261 1135 2331 κεκονισμένοι
1167 2261 1260 2316 τὸν
1289 2261 1453 2332 βυθὸν
1480 2261 1809 2315 ὲσταδίευον.

230 2355 420 2418 Οὕτως
459 2354 930 2425 ἀντιπράττοντας
970 2354 1158 2426 φέρειν
1191 2355 1292 2424 μὲν
1333 2348 1446 2407 οἶδε
1475 2355 1564 2408 διά
1602 2371 1811 2426 μακρο-

230 2446 431 2517 θυμίαν
456 2446 612 2510 Θεὸς,
643 2448 711 2518 τῇ
739 2446 839 2518 τῆς
866 2446 1139 2519 τιμωρίας
1152 2447 1450 2518 ὑπερθέσει
1472 2447 1812 2520 προθεσμίαν

226 2540 402 2603 διὼὺς
424 2542 509 2603 είς
538 2539 881 2610 μετάγνωσιν
905 2554 920 2570 ο
966 2538 1108 2611 ὁρῶν
1132 2541 1190 2594 δὲ
1220 2541 1360 2610 πρὸς
1388 2541 1450 2594 τὸ
1495 2540 1813 2610 τῆςγφιλαν-

228 2634 482 2700 θρωπίας
514 2631 616 2700 οὺχ
650 2630 976 2694 ὑπείκοντας
1007 2629 1319 2701 φάρμακον,
1366 2630 1506 2701 πρὸς
1550 2631 1811 2699 δικαστὴν

224 2726 317 2780 τὸν
348 2725 539 2797 ἰατρὸν
564 2723 908 2795 μεταϐάλλει,
938 2723 1033 2775 καὶ
1060 2721 1381 2793 σωφρονίζει
1410 2721 1663 2777 κολάσεσι
1684 2722 1811 2785 τοὺς

225 2818 325 2881 τάς
352 2815 669 2887 συμϐουλάς
698 2813 1092 2885 άτιμάσαντας.

292 2906 367 2978 γ’.
404 2906 747 2976 Αἰγυπτίους
776 2905 874 2976 μὲν
905 2900 999 2958 οὖν
1027 2902 1170 2957 οὕτω
1201 2902 1419 2967 κολάζει
1459 2901 1613 2966 Θεός.
1647 2902 1812 2955 Μωῦ-

230 3001 328 3072 σῆς
357 3001 442 3066 δὲ,
470 2998 569 3053 τοῦ
608 2997 740 3051 λαοῦ
781 2995 1075 3066 παιδευτὴς
1126 2997 1401 3057 καταστάς
1423 3032 1439 3059 ,
1468 2993 1530 3047 τὸ
1563 2994 1661 3064 τῆς
1693 2993 1806 3047 θεο·

132 3140 143 3149 .
229 3094 466 3161 γνωσίας
498 3090 835 3162 παραδίδωσι
859 3088 1109 3159 μάθημα.
1128 3087 1411 3141 Ἐϐούλετο
1438 3087 1546 3158 γὰρ
1568 3086 1812 3152 ἐξελθόν-

1431 3153 1811 3246 Αἰγυπτιακῆς

1915 3156 2117 3211 nullum
2149 3155 2444 3226 impietatis
2468 3153 2809 3226 Egyptiacae
2840 3169 3024 3209 secum
3051 3164 3339 3224 exportare
3371 3156 3491 3210 via-

228 3203 326 3248 τας
364 3183 685 3252 Αἰγύπτου,
734 3180 899 3252 μηδὲν
946 3178 1251 3248 ἐπάγεσθαι
1283 3180 1384 3249 τῆς

1918 1977 2087 2032 instar
2117 1978 2256 2032 viam
2284 1978 2658 2033 Abrahamitis
2690 1979 2965 2047 aperuerit
2990 2018 3008 2046 ,
3044 1990 3269 2054 caeteros
3296 1980 3491 2038 [luctus

1915 2068 2217 2124 hauserint.
2291 2068 2442 2137 Quod
2504 2084 2621 2125 erat
2664 2070 2969 2143 navigabile
3021 2073 3379 2140 ealcabatur,
3434 2085 3489 2130 et

1914 2160 2272 2230 pulverulenti
2321 2162 2484 2229 pedes
2528 2161 2806 2216 hominum
2854 2164 3119 2232 profunda
3161 2164 3326 2220 maris
3360 2180 3485 2233 per-

1912 2251 2225 2307 cnrrebant.
2269 2250 2379 2323 55
2418 2252 2498 2307 Ad
2555 2253 2657 2308 hoc
2699 2269 2924 2324 prorsus
2984 2256 3289 2325 exemplum
3342 2256 3485 2312 Deus

1914 2344 2162 2398 inimicos
2214 2343 2431 2398 fortiter
2474 2344 2673 2414 diuque
2742 2345 2872 2409 fert,
2927 2348 3177 2402 vindictae
3223 2349 3482 2404 dilatione

1914 2434 2235 2502 pra-finitum
2281 2434 2515 2503 spatium
2560 2435 2879 2504 pmuitudiui
2920 2436 3183 2492 tribuens.
3226 2437 3322 2492 Ubi
3356 2452 3488 2493 vero

1914 2527 2235 2581 humaniora
2294 2526 2531 2581 remedia
2583 2527 2804 2582 minime
2850 2528 3142 2583 succedere
3185 2529 3416 2593 viderit,
3457 2545 3489 2584 a

1913 2616 2123 2671 medico
2150 2626 2409 2687 provocat
2438 2617 2504 2670 ad
2528 2616 2788 2684 judicent,
2812 2628 2866 2671 et
2888 2618 3235 2673 consiliorum
3264 2634 3488 2674 suorum

1913 2718 2187 2778 Spretores
2225 2706 2504 2778 suppliciis
2534 2718 2754 2763 revocat
2781 2708 2848 2762 ad
2878 2708 3110 2778 frugem.

1982 2883 2037 2939 5.
2080 2881 2175 2938 Sic
2199 2882 2363 2952 igitur
2392 2880 2682 2951 Egyptios
2714 2880 2856 2935 Deus
2883 2879 3205 2945 ulciscitur;
3248 2890 3303 2934 at
3335 2879 3480 2952 Moy-

1912 2988 2004 3030 ses
2038 2974 2219 3044 populi
2263 2973 2521 3042 magister
2550 2981 2768 3026 creatus
2798 2971 2995 3025 divina:
3038 2970 3363 3039 cognitionis
3395 2974 3489 3025 dn-

1912 3074 2163 3120 cumenta
2204 3063 2389 3118 tradit.
2427 3062 2652 3117 Volebat
2691 3062 2836 3116 enim
2864 3076 3113 3131 egressos
3153 3062 3219 3116 de
3248 3060 3491 3133 Egypto

228 3237 489 3339 άσεϐείάς
536 3237 769 3343 ιφιδὶοᾷ.
796 3237 983 3334 Ὀὗτος
1029 3237 1239 3337 γίνεται
1433 3237 1533 3340 τῆς
1580 3237 1810 3331 κτίσεως

1915 3250 2100 3305 ticum.
2150 3247 2251 3303 llic
2292 3257 2377 3303 est
2423 3247 2763 3316 conscriptor
2812 3260 3136 3300 arcanorum
3185 3255 3487 3314 creaturae,

231 3366 564 3435 ἀπορρήτων
597 3362 972 3433 συγγραφεὺς,
1007 3362 1036 3415 6
1061 3360 1153 3414 τοῦ
1185 3360 1393 3431 κόσμου
1439 3360 1539 3431 τὴν
1568 3360 1809 3431 ποίησιν,

233 3454 434 3524 βιϐλίον
463 3453 926 3523 ἀπεργασάμενος
945 3466 959 3481 ·
986 3453 1015 3504 6
1042 3450 1142 3520 τὴν
1169 3448 1575 3518 πολυπλάνητον
1604 3450 1810 3519 στήσας

232 3546 492 3600 ἀσέϐειαν
529 3544 622 3598 διὰ
666 3542 766 3613 τῆς
804 3543 1171 3611 κοσμοποιῒας
1205 3540 1526 3595 όδεύουσαν·
1565 3542 1595 3594 6
1634 3540 1810 3603 λύσας

232 3636 573 3708 κατηγορίαν
616 3636 716 3703 τῆς
760 3634 1026 3697 κτίσεως⁶
1058 3633 1087 3685 6
1139 3632 1357 3702 πρῶτος
1403 3631 1680 3703 ἐμϐοήσας
1718 3632 1812 3684 άνο

234 3730 471 3801 θρώποις
502 3726 637 3780 Θεὸν
666 3721 803 3779 εἶναι
831 3724 924 3779 τοῦ
953 3723 1152 3785 παντὸς
1198 3721 1449 3793 ποιητὴν,
1482 3723 1577 3775 καὶ
1618 3721 1811 3787 πείσας

236 3820 310 3891 μὴ
340 3816 675 3890 μεταφέρειν
696 3816 801 3869 ἀπὸ
822 3814 916 3868 τού
944 3815 1251 3877 κτίσαντος,
1275 3812 1411 3884 πρὸς
1437 3811 1506 3865 τά
1527 3812 1812 3865 κτισθέντα

231 3912 291 3966 τὸ
319 3910 524 3974 σέϐας*
562 3911 593 3963 6
630 3906 847 3971 διδάξας
895 3905 970 3977 μὴ
1012 3906 1339 3976 προσκυνεῖν
1372 3904 1463 3955 τὸν
1500 3902 1810 3973 ὁμόδουλον,

232 4004 429 4056 εἰπών’
482 4002 582 4054 Ἐν
615 3998 775 4068 ἀρχῇ
814 3998 1107 4064 ἐποίησεν
1147 3998 1182 4050 ὀ
1216 3996 1361 4060 Θεὸς
1386 3993 1496 4047 τόν
1548 3991 1809 4061 οὐρανόν

231 4095 329 4151 καὶ
350 4096 467 4162 τὴν
495 4092 636 4163 γῆν.
670 4093 732 4146 El
756 4091 1078 4161 θαυμάζεις,
1102 4086 1376 4159 άγαπητὲ,
1410 4087 1480 4139 τά
1502 4084 1809 4149 κτισθέντα,

232 4185 532 4257 πρυσκύνει
575 4182 669 4237 τὸν
706 4182 1081 4254 ἐργασάμενον
1118 4196 1131 4211 ο
1166 4180 1216 4232 εί
1267 4177 1479 4249 χαίρεις
1520 4178 1635 4241 τοῖς
1696 4175 1811 4231 κτί-

237 4292 422 4347 σμασι,
442 4276 520 4346 μὴ
544 4274 827 4345 ἀτιμάσῃς
851 4273 943 4327 τὸν
974 4272 1251 4336 κτίσαντα,
1270 4270 1407 4341 μηδὲ
1430 4267 1523 4322 τοῦ
1552 4268 1812 4339 δημιουρ-

234 4369 329 4436 γοῦ
357 4368 520 4432 δόξαν
537 4368 655 4429 τοῖς
684 4364 935 4435 γεγονόσι
970 4361 1285 4434 περίϐαλλε.
1334 4361 1602 4429 ’Δρνεῖται
1622 4358 1730 4428 γάρ
1750 4356 1812 4409 τὸ

232 4457 327 4511 τού
355 4457 645 4519 κτίσαντος
674 4457 709 4525 ἡ
740 4454 916 4518 κτίσις
946 4451 1302 4523 ὑποδέχεσθαι
1335 4448 1531 4512 σέϐας’
1562 4450 1810 4519 φοϐεῖται

232 4551 332 4619 τὴν
358 4548 524 4620 τιμὴν
556 4548 634 4612 ὡς
678 4544 959 4609 ἀπωλείας
988 4543 1247 4597 ὑπόθεσιν
1292 4540 1403 4614 (67)
1425 4557 1440 4572 ο
1481 4540 1809 4611 προσκυνεῖν
1842 4573 1887 4628 D

235 4639 518 4707 πέφυκεν,
558 4637 623 4691 ού
665 4634 1097 4708 προσκυνεῖσθαι
1148 4631 1459 4704 μεμάθηκε.
1504 4630 1613 4682 Καὶ
1643 4629 1809 4682 πάλιν

234 4730 489 4800 ἐτέρωθι-
512 4730 733 4797 Κύριος
751 4731 784 4782 ό
814 4727 959 4793 Θεός
983 4742 1100 4780 σου
1133 4723 1271 4795 (68),
1308 4724 1521 4790 Κύριος
1547 4716 1635 4787 εἷς
1658 4721 1811 4777 ἐστι.

235 4821 537 4892 Πρόρῤιξος
575 4818 1025 4892 εἰδωλολατρείας
1049 4815 1330 4889 ἀναίρεσις
1348 4830 1364 4846 ⁸
1394 4813 1811 4885 πολυπλανήτου

303 4997 349 5030 ⁸³
383 4997 526 5055 Gen.
564 5012 603 5061 ι,
634 4998 685 5063 l,
757 4995 807 5028 “
841 4993 997 5052 Deut.
1019 5008 1069 5049 vt
1124 4992 1182 5049 ὁ.

1911 3342 2005 3411 qui
2048 3339 2232 3395 mundi
2288 3338 2664 3394 conditionem
2716 3336 2855 3392 libro
2897 3336 3206 3406 complexus
3247 3347 3360 3404 est;
3396 3341 3488 3409 qui

1912 3432 2071 3504 longe
2124 3430 2342 3501 lateque
2386 3438 2667 3499 vagantem
2699 3442 2795 3497 per
2836 3436 3117 3483 creaturas
3159 3428 3488 3499 impietatem

1911 3524 2270 3594 compescuit.
2317 3521 2408 3593 qui
2448 3521 2677 3575 crimine
2731 3529 3038 3573 creaturam
3079 3519 3356 3574 exsolvit:
3392 3523 3485 3589 qui

1911 3616 2119 3685 primus
2160 3623 2443 3668 auctorem
2496 3611 2733 3665 universi
2791 3609 2956 3663 Deum
3010 3624 3133 3664 esse
3182 3610 3492 3667 hominibus

1914 3706 2221 3761 inclamavit
2245 3744 2262 3770 ,
2292 3704 2495 3772 fuitque
2536 3713 2748 3764 auctor,
2785 3716 2849 3754 ne
2883 3719 2910 3753 ιι
2940 3700 3213 3755 Creatoris
3242 3702 3387 3755 cultu
3420 3703 3487 3754 ad

1911 3807 2222 3852 creaturam
2253 3793 2500 3851 adoratio
2545 3791 2952 3857 transferretur,
2986 3791 3076 3861 qui
3115 3806 3221 3844 non
3260 3792 3489 3846 adorare

1911 3900 2236 3941 conservrum
2286 3884 2548 3940 edocuit:
2587 3881 2655 3935 In
2695 3882 2991 3950 principio,
3036 3880 3242 3949 inquit,
3292 3884 3489 3935 crearit

1913 3980 2054 4034 Deus
2104 3977 2286 4034 caelum
2342 3985 2391 4031 et
2473 3986 2669 4029 terram
2691 3974 2759 4031 “.
2817 3974 2874 4028 Si
2918 3972 3034 4035 tibi,
3086 3987 3120 4026 o
3164 3972 3382 4038 dilecte,
3434 3974 3487 4028 in

1911 4069 2322 4128 admirationem
2360 4067 2582 4123 veniunt
2610 4075 2894 4129 creaturae,
2930 4063 3096 4117 adora
3126 4060 3480 4128 Creatorem;

1911 4165 1956 4219 si
1984 4162 2189 4233 gaudes
2212 4159 2434 4223 creatis,
2465 4157 2705 4213 Creatori
2741 4170 2807 4211 ue
2835 4156 3070 4209 dedecus
3092 4152 3327 4220 alteras;
3357 4168 3491 4208 cave

1916 4255 2111 4317 etiam,
2159 4267 2225 4307 ne
2260 4250 2571 4306 Conditoris
2614 4247 2785 4316 gloria
2842 4259 2932 4299 res
2979 4243 3210 4299 conditae
3258 4243 3489 4299 circum-

1916 4348 2106 4401 ﬂutant.
2132 4344 2378 4412 Namque
2411 4342 2625 4411 dignam
2673 4339 2931 4392 Creatore
2978 4335 3331 4390 reverentiam
3381 4349 3485 4387 non

1912 4438 2150 4493 admittit
2198 4446 2450 4491 creatura
2497 4450 2512 4489 :
2561 4440 2769 4487 tantum
2817 4430 3115 4491 honorem,
3168 4435 3225 4479 nt
3283 4437 3485 4495 pestem

1915 4532 2201 4601 capitalem
2233 4526 2630 4599 perhorrescit;
2660 4522 2896 4575 adorare
2925 4528 3050 4574 nata
3078 4527 3183 4582 est,
3212 4532 3315 4571 non
3346 4515 3485 4570 didi-

1918 4626 1995 4679 cit
2036 4621 2277 4678 adorari.
2311 4620 2377 4675 Et
2426 4618 2553 4672 alibi
2589 4629 2801 4686 quoque
2828 4631 2843 4671 :
2874 4612 3130 4691 Dominus
3162 4608 3302 4663 Deus
3343 4618 3486 4671 tatus,

1920 4715 2062 4771 Deus
2102 4730 2240 4769 unus
2278 4713 2442 4767 est".
2489 4708 2615 4763 llaec
2643 4722 2747 4761 vox
2781 4700 3137 4760 idololatria‘m
3189 4698 3487 4755 eradicitus

1920 4806 2201 4871 convellit,
2252 4798 2452 4872 datque
2498 4814 2527 4855 a
2576 4796 2873 4865 multivaga
2917 4792 3178 4850 servitute
3225 4790 3489 4845 vindictas

1430 5148 1538 5204 CL.
1561 5137 1941 5213 DAUSQUEII-
1970 5139 2203 5200 NOTAE.

304 5316 414 5386 (65)
465 5314 704 5400 Tgvirocc
752 5306 1199 5380 παρορμισθείς.
1242 5304 1632 5375 lnterpretatus
1688 5318 1808 5357 smn

330 5384 897 5530 ῗῶῧῗῦῗςτόκωνηή
930 5444 1392 5530 τάξις-θανάτου
1431 5442 1654 5525 κλῆσις
1686 5442 1809 5513 ἐτι·

239 5515 410 5581 mo;
434 5524 696 5579 Natorum
729 5515 1003 5574 ordinatio
1035 5517 1196 5571 licbat
1237 5515 1303 5569 ad
1338 5515 1624 5583 imperium
1659 5530 1810 5568 mor-

243 5599 328 5662 tis,
364 5597 467 5650 hoc
512 5603 617 5658 est,
645 5602 700 5646 ut
738 5592 827 5645 hic
878 5587 1406 5662 sit_primogen_i_tus,
1436 5594 1495 5637 ut
1526 5584 1613 5637 ille
1650 5600 1753 5662 non
1786 5598 1801 5636 :

244 5654 439 5748 multo:
482 5654 626 5720 enim
676 5654 1075 5733 primogenitos
1100 5654 1323 5713 abstulit
1356 5671 1420 5710 ea
1462 5654 1676 5726 tyranni
1708 5669 1808 5708 sa:-

243 5748 419 5880 "‘(‘;:l)
457 5803 567 5876 Ὦς
593 5800 903 5868 ἀπωλείας
932 5799 1246 5856 ὑπόθεσιν.
1284 5794 1463 5853 Pestis
1487 5797 1628 5851 cuiu:
1662 5791 1813 5866 παρᾶ

1917 5300 1979 5353 τὸ
2008 5298 2221 5360 πεσεῖν,
2250 5294 2394 5365 quod
2423 5292 2489 5345 ad
2519 5286 3003 5365 casumimpellat,
3015 5299 3171 5365 quem
3204 5283 3484 5365 insederit.

1929 5355 2219 5431 Ὑπόθεσις
2246 5355 2283 5419 τί
2308 5380 2393 5419 me
2424 5377 2530 5416 non
2573 5355 2832 5431 redditur9
2864 5355 3220 5431 qumlLatine
3248 5355 3484 5431 loquenti

1916 5442 1987 5495 sit
2024 5426 2213 5501 idemf
2236 5434 2497 5490 Adoratio
2529 5430 2652 5485 talis
2685 5438 2769 5501 est
2818 5426 3244 5501 hominipestis,
3275 5435 3325 5478 et
3358 5427 3489 5501 ado-

1916 5496 2164 5566 ratioest
2192 5521 2352 5561 causa
2384 5503 2588 5573 pestis;
2622 5500 2723 5573 etsi
2743 5496 3412 5573 _nonAphysiﬁc_e_l_oquenti.

1984 5577 2099 5650 (68)
2149 5578 2211 5650 ΪΟ
2231 5566 2405 5650 *Θεόςξ
2455 5589 2592 5626 σου.
2633 5571 2708 5624 lta
2742 5566 2993 5650 Basilius.
3029 5566 3197 5650 BibliIa
3233 5567 3488 5650 Pentch-

1914 5630 2112 5705 noiiiii's
2140 5648 2317 5717 ἡμῶν.
2351 5630 2527 5717 super
2568 5656 2683 5717 quo
2724 5642 2878 5709 plura
2922 5640 3079 5717 docte
3108 5636 3385 5717 adnotavit
3422 5630 3485 5717 Ρ,

1918 5665 2112 5705 nomns
2140 5665 2174 5717 η
2268 5665 2317 5700 ν.
2351 5665 2527 5713 nuper
2568 5665 2676 5711 qttu
2724 5665 2878 5709 plura
2922 5665 3079 5692 uuuw
3108 5665 3385 5690 auuuuvu
3422 5665 3439 5684 ι
3467 5671 3485 5687 .

1918 5720 2119 5776 Fronto
2169 5665 2393 5773 manus
2445 5714 2499 5767 in
2548 5712 2835 5781 septimum
2886 5710 3057 5767 sancti
3112 5702 3485 5777 Chrysostoiui

1922 5798 2209 5847 tractatum
2255 5804 2268 5837 :
2306 5784 2504 5843 volenti
2532 5782 2711 5854 legere
2735 5790 2837 5837 est.
3456 5791 3462 5798 ’
