4102 6556
562 434 667 501 135

1758 424 2040 485 BASILII
2080 422 2621 485 SELEUCIENSIS

3719 418 3829 490 136

560 551 614 605 in
659 548 992 609 libertatem,
1048 540 1116 597 ad
1163 539 1348 594 varios
1398 537 1701 592 daemonum
1746 536 1923 590 cultus
1968 533 2135 606 proje-

2245 532 2485 596 δουλείας
2528 532 2836 605 ὲλευθερίαο
2870 534 3007 606 πρὸς
3048 535 3305 600 ’ποικίλας
3339 535 3613 609 δαιμόνων
3660 539 3829 613 θερα-

559 647 703 695 ctam
750 637 988 691 animam
1046 633 1228 702 erigit.
1288 629 1418 682 Nam
1468 642 1591 697 qua:
1634 636 1743 681 tam
1793 628 1999 682 minuta
2054 640 2142 682 res

560 737 769 789 creata.
802 742 921 796 quae
954 740 1059 779 uon
1102 722 1174 774 sit
1219 720 1287 773 ab
1325 717 1637 774 hominibus
1676 731 1775 785 pro
1812 716 1925 771 Deo
1957 714 2144 770 culta?

562 820 651 889 qui
697 816 783 873 v'el
833 816 899 869 ad
951 811 1187 881 reptilia,
1227 821 1282 865 et
1306 810 1551 878 iumenta
1603 807 1695 863 Dei
1747 808 1950 864 cultum
1997 807 2145 876 deje-

560 923 705 972 eere,
740 917 794 960 et
828 914 1028 958 natura
1063 902 1293 957 rationis
1330 914 1529 970 expers
1561 899 1705 969 apud
1737 898 1967 955 rationis
1992 913 2145 953 com-

561 1010 715 1069 potes
731 999 821 1051 llat
848 1000 900 1049 iu
923 995 1292 1049 veneratione.
1319 994 1449 1059 Quae
1466 992 1707 1058 miseria,
1724 991 1959 1045 immane
1972 1006 2144 1060 quan-

563 1099 673 1141 tum
713 1087 854 1154 apud
883 1083 1168 1153 Egyptios
1205 1081 1451 1136 invaluit.
1494 1079 1679 1148 Neque
1715 1080 1859 1134 enim
1904 1094 1932 1132 a
1969 1079 2143 1134 conti-

561 1187 726 1233 nente
765 1180 1056 1238 duntaxat,
1082 1174 1177 1227 sed
1220 1174 1289 1227 ab
1314 1174 1468 1242 aquis
1504 1185 1718 1240 quoque
1744 1172 1874 1225 deos
1912 1170 2143 1226 mutuati

565 1279 714 1328 sunt.
755 1276 811 1321 et
852 1267 990 1335 apud
1027 1279 1126 1319 eos
1172 1264 1351 1318 omnia
1390 1263 1546 1317 Deus.
1576 1261 1728 1318 Hanc
1758 1271 1812 1316 et
1856 1261 1996 1330 apud
2038 1262 2147 1316 He-

563 1358 741 1413 braeos
757 1355 1133 1426 aegritudinem
1161 1368 1285 1408 sese.
1310 1350 1711 1406 illatebrautem
1738 1350 1949 1423 Moyses
1973 1350 2145 1404 anim-

565 1450 896 1511 advertens,
946 1447 1147 1499 malum
1205 1443 1496 1497 remoliens
1535 1442 1855 1497 clamabat:
1886 1442 2142 1496 Dominus

562 1540 706 1593 Deus
753 1549 894 1601 luas,
931 1536 1067 1589 Deus
1096 1550 1233 1588 unus
1282 1543 1379 1587 est.
1425 1530 1669 1586 Nondum
1713 1532 1979 1602 siquidem
2017 1530 2142 1585 Tri-

563 1631 785 1684 nitatem
851 1627 1195 1697 promulgare
1256 1632 1469 1692 tempus
1528 1634 1689 1686 erat,
1756 1622 1991 1676 nondum
2056 1621 2144 1674 di-

560 1722 716 1775 vinas
768 1719 1106 1790 bypostases.
1170 1713 1360 1767 Adhuc
1432 1712 1571 1767 lacte
1625 1713 1820 1767 divinae
1875 1712 2144 1783 cognitio-

561 1814 647 1867 nis
703 1811 877 1865 nutrit
944 1807 1251 1863 infantilem
1314 1804 1744 1876 intelligentiam,
1787 1803 1956 1858 solam
2010 1820 2143 1858 cou-

2244 623 2402 688 πείας
2442 624 2542 695 τὴν
2575 624 2752 695 ψυχὴν
2791 626 3130 698 ἐρριμμένην
3156 627 3429 699 ἀνίστησι.
3475 629 3542 682 Τί
3570 629 3680 701 γάρ
3710 631 3831 684 τῶν

2243 718 2341 785 τῆς
2379 716 2610 779 κτίσεως
2656 716 2840 788 μερῶν
2883 718 3096 788 ὑπῆρχε
3155 722 3268 783 τοῖς
3300 719 3610 791 ἀνθρώποις
3650 721 3827 791 ἀθρή-

2254 824 2517 871 σκευτον;
2559 808 2626 860 Οἵ
2651 826 2715 876 γε
2752 808 2909 879 ἄχρις
2942 810 3209 881 ἑρπετῶν,
3236 812 3328 865 καλ⁵
3364 811 3599 882 κτηνῶν,
3633 813 3695 866 τὸ
3725 814 3825 866 τοῦ

2248 896 2533 959 κτίσαντος
2566 898 2931 951 κατεϐίϐασαν
2961 899 3147 966 σέϐας,
3178 902 3270 954 καὶ
3300 901 3461 970 φύσις
3488 902 3679 971 ἄλογος
3710 902 3823 955 ὑπὸ

2243 987 2349 1039 τῶν
2388 986 2621 1055 λογικῶν
2664 988 3048 1059 ὲθρησκεύετο.
3100 992 3236 1056 Παρ*
3287 992 3609 1060 Αἰγυπτίοις
3657 993 3715 1047 δὲ
3761 992 3831 1045 τὸ

2244 1078 2416 1141 πάθος
2443 1072 2589 1148 εἶχεν
2620 1078 2890 1134 ἐπίτασιν.
2939 1083 3053 1134 Οὐκ
3085 1083 3353 1153 ἠρκοῦντο
3384 1085 3490 1153 γάρ
3522 1087 3635 1149 τοῖς
3663 1088 3827 1154 ἠπειο

2246 1167 2466 1237 ρώταις,
2486 1167 2623 1221 ἀλλά
2639 1169 2733 1221 καὶ
2759 1169 2909 1241 παρά
2931 1170 3023 1223 τοῦ
3048 1170 3241 1235 ὓδατος
3263 1171 3420 1237 θεοὺς
3446 1175 3785 1239 ἐδανείζοντο
3806 1193 3829 1212 ο

2244 1261 2335 1313 καὶ
2388 1259 2586 1314 πάντα
2635 1260 2778 1326 Θεὸς
2824 1260 2957 1333 παρ’
3005 1262 3255 1326 ἐκείνοις.
3294 1264 3510 1335 Ταύτην
3545 1268 3639 1320 καὶ
3689 1272 3827 1340 παρ’

2255 1348 2529 1419 Ἑϐραίοις
2549 1349 2648 1420 τὴν
2676 1349 2830 1403 νόσον
2861 1350 3004 1421 ὁρῶν
3030 1354 3057 1404 ό
3085 1353 3328 1421 Μωῡσῆς
3362 1354 3826 1423 ὴμφωλεύουσαν.

2243 1441 2590 1513 ὲκμοχλεύων
2636 1443 2698 1496 τὸ
2738 1443 2909 1507 πάθος
2948 1443 3077 1497 ὲϐόα
3102 1460 3115 1475 ο
3150 1446 3370 1512 Κύριος
3405 1450 3437 1499 ό
3479 1448 3625 1513 Θεός
3661 1463 3779 1501 σου
3808 1487 3825 1509 .

2243 1534 2447 1601 κύριος
2476 1528 2564 1598 εἷς
2597 1533 2787 1587 ἐστιν.
2824 1533 2992 1587 Οὔπω
3020 1532 3128 1605 γὰρ
3160 1534 3259 1604 τὴν
3293 1535 3499 1605 Τριάδα
3530 1535 3829 1606 κηρύττειν

2243 1623 2435 1693 καιρὸς
2455 1663 2470 1686 ,
2502 1622 2654 1676 οὑπω
2684 1624 2784 1687 τάς
2823 1624 3149 1687 ὑποστάσεις
3192 1625 3487 1696 κηρύττειν
3538 1627 3774 1697 ἠδύνατο
3805 1666 3826 1691 ,

2242 1714 2324 1766 ἔτι
2346 1714 2580 1783 γάλακτι
2596 1714 2785 1785 τρέφει
2809 1714 3139 1783 θεογνωσίας
3163 1716 3291 1779 τοὺς
3312 1717 3605 1788 νηπιώδεις
3622 1718 3721 1790 τὴν
3744 1719 3832 1772 Ev-

2243 1823 2395 1859 νοιαν
2412 1822 2427 1837 ο
2454 1805 2701 1875 ἠρκέσθη
2735 1806 2871 1877 μόνῃ
2894 1808 2959 1877 τῇ
2993 1807 3091 1877 τῆς
3114 1806 3443 1876 θεογνωσίας
3464 1809 3783 1881 διδασκαλίᾳ
3805 1849 3825 1874 ,

562 1914 744 1956 tentus
806 1901 1108 1954 divinitatis
1166 1895 1459 1967 ingessisse
1493 1873 1945 1966 vcoguitiouem;
2006 1896 2135 1965 ipsis

2244 1894 2374 1965 μίαν
2405 1894 2589 1957 αὑτοῖς
2640 1894 2800 1962 φύσιν
2842 1894 3203 1965 ὑπαγορεύων
3231 1891 3369 1948 εἶναι
3415 1895 3700 1965 θεότητος,
3738 1896 3831 1948 ἵνα.

560 1994 666 2064 55
705 1993 852 2046 enim
880 1992 1020 2044 illius
1049 1990 1355 2047 subindicat
1388 2005 1508 2045 esse
1541 1999 1808 2050 naturam,
1858 2002 1967 2056 quo
2006 1988 2138 2042 deo-

560 2098 679 2137 rum
740 2082 927 2137 turbas
962 2096 1211 2151 prorsum
1244 2097 1309 2137 ex
1364 2082 1560 2136 animis
1586 2080 1933 2134 cxterminet.
1992 2080 2137 2133 Abs-

559 2174 751 2229 tractis
794 2189 828 2229 e
868 2172 940 2227 im
986 2162 1051 2227 cx
1073 2182 1180 2227 tam
1216 2173 1409 2243 insigni
1439 2187 1625 2226 errore
1654 2170 1786 2225 satis
1837 2180 1995 2225 erant
2028 2171 2139 2240 pri-

558 2280 643 2320 tua
672 2263 977 2319 divinitatis
1004 2264 1332 2317 rudimenta.
1366 2264 1729 2329 Quamobrem
1780 2277 1904 2315 cum
1928 2270 2137 2315 natura

555 2355 831 2410 docuisset
856 2354 1140 2417 unitatem,
1200 2354 1562 2425 hypostascou
1625 2355 1850 2409 Iriadem
1871 2364 2135 2424 opportu-

555 2459 626 2500 ne
656 2445 890 2499 distulit.
924 2443 1059 2498 Nam
1090 2444 1271 2499 anima
1304 2445 1445 2499 utale
1476 2444 1665 2500 affecta
1706 2445 1758 2499 in
1804 2447 2032 2501 veritate
2060 2448 2136 2501 iu-

554 2536 798 2604 daganda
830 2534 1091 2606 perfacile
1144 2536 1360 2589 labitur.
1419 2536 1629 2606 Quippe
1675 2537 2015 2601 reformidat,
2043 2554 2135 2594 ine

553 2624 829 2680 inventam
876 2626 929 2678 in
985 2623 1199 2678 Deitate
1242 2623 1564 2679 Trinitatem
1612 2625 1866 2690 edocens,
1908 2630 2133 2683 deorum

553 2713 963 2768 multitudinem
987 2712 1131 2782 apud
1153 2711 1372 2767 iudx-os
1427 2714 1723 2782 praedicare
1777 2726 2015 2786 putetur,
2079 2726 2135 2773 et

554 2804 858 2858 auditorem
890 2804 1207 2873 ambagiosa
1234 2804 1385 2860 ducit
1429 2804 1703 2870 oratione,
1747 2822 1811 2862 ac
1877 2809 2132 2863 nonnulla

556 2897 989 2968 quiescitoblata
1015 2897 1154 2950 luce.
1182 2895 1645 2962 Quemadmodum
1709 2896 1802 2967 qui
1847 2913 1877 2951 a
1931 2901 2132 2955 recenti

556 2989 840 3045 oculorum
874 2987 1195 3058 {egritudine
1258 2988 1525 3043 relevatos
1582 2990 1777 3043 docent
1836 3004 1959 3045 cum
2015 2990 2134 3047 luce

556 3081 838 3143 dimicare,
862 3096 889 3132 a
913 3078 1180 3134 solaribus
1204 3080 1370 3135 radiis
1392 3079 1471 3135 sic
1499 3078 1717 3135 affectos
1745 3082 2061 3153 abjuugunt,
2079 3093 2135 3140 ct

2236 1987 2408 2057 δῆμον
2434 1986 2554 2040 ὅλον
2593 1985 2731 2038 θεῶν
2751 1987 2860 2056 (69)
2890 1986 2990 2057 τῆς
3016 1986 3193 2058 ψυχῆς
3226 1987 3464 2058 ἐξορίσῃ.
3494 1988 3692 2058 Ἤρκει
3714 1988 3831 2059 γάρ

2235 2083 2349 2142 τοῖς
2392 2081 2457 2133 ὲκ
2489 2080 2754 2151 τοιαύτης
2798 2080 3007 2149 πλάνης
3048 2082 3470 2151 ἀποσπωμένοις
3519 2082 3587 2136 τά
3631 2082 3831 2154 πρῶτα

2234 2175 2336 2245 τῆς
2383 2172 2712 2242 θεογνωσίας
2749 2174 3071 2244 μαθήματα.
3110 2174 3209 2228 Διά
3253 2174 3411 2227 τοῦτο
3455 2173 3672 2240 διδάξας
3720 2175 3831 2245 τὴν

2225 2268 2445 2338 ’μονάδα
2472 2266 2573 2336 τῆς
2607 2266 2842 2337 φύσεως,
2875 2268 2973 2337 τὴν
3000 2268 3195 2338 τριάδα
3225 2268 3336 2321 τῶν
3364 2258 3716 2322 ὑποστάσεων
3742 2267 3833 2320 δι-

2236 2358 2459 2412 δάσκειν
2490 2360 2633 2413 κατά
2675 2360 2866 2429 καιρὸν
2907 2359 3236 2431 ὑπερέθετο·
3270 2360 3331 2413 τὸ
3366 2359 3474 2432 γάρ
3503 2363 3602 2431 τῆς
3642 2360 3831 2431 ψυχῆς

2234 2450 2524 2515 δυσπαθὲς,
2554 2452 2853 2519 ἐπισφαλὲς
2898 2453 3035 2523 πρὸς
3080 2452 3393 2521 ἐπίγνωσιν.
3432 2453 3684 2507 Φοϐεῖται
3712 2456 3828 2523 γὰρ

2238 2541 2335 2613 μὴ,
2361 2543 2553 2613 τριάδα
2591 2544 2858 2598 διδάσκων
2900 2542 3153 2615 θεότητος
3178 2584 3193 2608 ,
3224 2544 3453 2608 πολλούς
3478 2562 3629 2608 τινας
3665 2544 3833 2609 θεοὺς

2237 2638 2366 2706 παρ’
2417 2636 2691 2701 Ἰουδαίοις
2744 2637 3036 2709 κηρύττειν
3077 2638 3385 2709 νομίζηται.
3422 2639 3714 2710 Δίνίγμασι
3763 2639 3830 2692 δὲ

2239 2728 2422 2800 μόνοις
2445 2730 2584 2792 τέως
2613 2733 2949 2801 χειραγωγεῖ
2981 2731 3110 2795 τοὺς
3147 2732 3465 2797 ἀκούοντας,
3501 2732 3594 2787 καὶ
3625 2733 3831 2805 μικρὸν

2232 2820 2323 2873 τὸν
2353 2820 2527 2891 αὑγῆς
2561 2823 2863 2891 ἑπανοίγων
2896 2822 3153 2879 ἐπαύετο.
3182 2823 3451 2896 Καθάπερ
3478 2826 3525 2877 oi
3553 2828 3680 2889 τοὺς
3694 2826 3828 2897 ἄρτι

2233 2908 2327 2963 τοῦ
2366 2913 2541 2964 νοσεῖν
2569 2911 2880 2982 ὀφθαλμοὺς
2907 2914 3296 2983 παυσαμένους
3316 2957 3332 2981 ,
3363 2916 3500 2987 πρὸς
3532 2917 3595 2970 τὸ
3617 2918 3826 2987 φέγγος

2236 3003 2622 3073 γυμνάζοντες,
2646 3004 2740 3059 τοῦ
2776 3006 2876 3077 μὲν
2907 3007 3060 3078 ήλίου
3092 3007 3193 3072 τὰς
3220 3009 3445 3073 ἀκτῖνας
3476 3012 3588 3073 τοῖς
3617 3027 3827 3063 πεπον-

2237 3094 2386 3148 θόσιν
2434 3096 2875 3167 ἀποτειχίζουσι,
2922 3098 3011 3152 διά
3042 3115 3187 3162 τινος
3229 3099 3287 3153 δὲ
3316 3100 3827 3173 παραπετάσματος

557 3187 656 3226 usu
689 3172 789 3227 veli
830 3172 1059 3240 alicujus
1093 3172 1341 3227 aliectam
1362 3182 1567 3243 partem
1613 3173 1794 3229 mitius
1827 3177 2127 3243 proritaut:

2241 3190 2366 3251 τοὺς
2398 3188 2709 3259 ὀφθαλμοὺς
2741 3190 2821 3262 τῷ
2857 3192 2999 3261 φωτὶ
3046 3192 3435 3256 ἀποκναίουσι,
3466 3191 3625 3247 τοῦτο
3652 3193 3829 3247 ποιῶν

558 3265 628 3319 ita
648 3280 745 3318 usu
774 3266 918 3319 venit
951 3266 1108 3320 beato
1130 3264 1319 3336 Moysi,
1361 3266 1477 3335 qui,
1507 3266 1633 3320 dum
1665 3266 1861 3337 pupulo
1904 3268 2131 3323 idolola-

556 3356 677 3410 tria
708 3357 936 3427 caligine
954 3357 1259 3411 czecutieuti
1287 3356 1548 3412 medelam
1598 3357 1769 3423 facit,
1835 3358 1926 3414 Dei
1987 3362 2133 3414 noti-

559 3447 688 3501 tiam
714 3448 990 3517 ingerens,
1026 3458 1193 3503 totant
1227 3463 1331 3503 non
1362 3450 1525 3504 audet
1582 3450 1910 3520 cognitionis
1956 3450 2130 3505 lucem

556 3540 917 3605 expandere;
948 3538 1295 3608 :euigmatum
1314 3537 1574 3592 sublustri
1622 3539 1743 3594 luce
1770 3556 1920 3604 usus,
1969 3555 2134 3610 prope

555 3626 843 3683 Trinitatis
871 3629 1049 3683 lumeu
1079 3629 1275 3696 aperit.
1321 3628 1460 3697 Quid
1490 3631 1634 3685 enim
1678 3631 1806 3686 ait?
1859 3632 2117 3688 Dominus

556 3719 698 3774 Deus
719 3731 862 3784 tuus,
899 3719 1039 3773 Deus
1064 3737 1203 3774 unus
1238 3731 1337 3777 est.
1372 3719 1547 3776 Unum
1576 3724 1910 3789 manifestat,
1934 3737 1989 3779 ct
2023 3735 2131 3781 ter-

558 3816 690 3869 tium
717 3826 981 3885 praeterea
1016 3817 1260 3871 nominat
1293 3833 1307 3869 :
1337 3817 1406 3872 de
1435 3833 1542 3872 uno
1584 3818 1845 3888 loquitur,
1866 3832 1922 3875 et
1940 3836 2128 3877 vocem

556 3906 902 3974 tripiicat,,in
978 3907 1339 3976 bypostaseou
1406 3910 1817 3967 testimonium:
1877 3912 2132 3970 Dominus

556 3997 860 4061 Donatum,
896 3997 1035 4051 Deus
1058 4014 1192 4052 unus
1210 4010 1311 4053 est.
1338 3997 1568 4054 Tantum
1605 4016 1714 4056 non
1764 4003 1929 4059 dicit:
1965 4004 2132 4074 Cujus

555 4103 677 4142 cum
705 4103 807 4141 una
835 4090 906 4142 sit
942 4097 1155 4153 natura,
1202 4090 1254 4145 iu
1283 4090 1457 4147 tribus
1473 4104 1558 4147 est
1595 4095 1991 4165 liypostasibus.
2020 4097 2131 4155 Nec

556 4196 661 4234 non
691 4180 849 4234 alibi:
882 4179 1167 4236 Faciamus
1216 4185 1479 4238 hominem
1529 4186 1599 4239 ad
1621 4188 1902 4259 imaginem
1924 4232 1939 4257 ,
1980 4201 2030 4245 et
2055 4192 2129 4246 si-

555 4272 903 4325 militudinem
948 4286 1183 4327 nostram
1216 4274 1287 4329 ”.
1329 4272 1493 4331 Vocis
1521 4278 1821 4348 prolalioue
1874 4282 2127 4354 byposta-

554 4376 642 4419 ses
664 4363 861 4419 innuit.
896 4364 969 4420 Ac
1006 4364 1233 4422 iterum:
1282 4366 1905 4440 Venite,descendumns,
1931 4385 1980 4428 et
2002 4393 2127 4431 con-

552 4455 845 4529 fundamus
868 4457 943 4510 ibi
975 4458 1214 4527 linguam
1239 4476 1417 4514 eorum
1447 4462 1517 4516 “.
1552 4462 1846 4535 Multisque
1879 4467 2129 4539 Scriptu-

2236 3281 2266 3333 ὁ
2301 3268 2579 3353 μακάριος
2595 3282 2838 3352 Μωῦσῆς
2860 3321 2874 3346 ,
2905 3282 3000 3336 καὶ
3026 3280 3407 3351 τυφλώττοντα
3433 3283 3511 3354 τῷ
3538 3285 3637 3355 τῆς
3668 3284 3830 3339 είὸω-

2236 3372 2552 3444 λολατρείας
2584 3373 2747 3427 πάθει
2778 3374 2870 3428 τὸν
2900 3374 3029 3427 λαὸν
3058 3374 3145 3428 διά
3184 3374 3516 3444 θεογνωσίας
3555 3376 3783 3447 ίὼμενος
3804 3417 3823 3442 ,

2234 3463 2385 3517 οὔπω
2410 3466 2606 3536 θαρρεῖ
2642 3463 2741 3536 τὴν
2769 3465 2989 3519 ἅπασαν
3016 3465 3115 3536 τῆς
3154 3465 3410 3535 γνώσεως
3436 3467 3611 3539 αὐγὴν
3655 3468 3831 3521 tunso
3921 3521 3925 3525 .
3980 3502 3983 3505 λ

2232 3556 2430 3609 τάσαιο
2478 3556 2737 3627 ἀμυδροῖς
2783 3556 2840 3610 δὲ
2888 3557 3151 3627 φθέγγεσι
3198 3558 3313 3629 (70)
3364 3562 3474 3625 τοῖς
3528 3559 3822 3630 αἰνίγμασι

2235 3646 2553 3717 χρώμενος,
2596 3645 2878 3715 ὑπανοίγει
2928 3649 3026 3717 τῆς
3070 3649 3287 3719 τριάδος
3334 3650 3397 3703 τὸ
3445 3651 3580 3719 φῶς.
3616 3651 3682 3703 Τί
3708 3651 3829 3721 γάρ

2236 3754 2405 3807 φησι;
2442 3738 2659 3805 Κύριος
2692 3741 2726 3792 ὁ
2760 3740 2904 3805 Θεός
2931 3755 3071 3806 σου,
3101 3742 3305 3809 κύριος
3343 3739 3429 3809 εἷς
3452 3742 3642 3797 ἐστιν.
3680 3745 3823 3798 Ἕνα

2238 3828 2452 3900 μηνύει,
2478 3830 2573 3882 καὶ
2600 3829 2781 3901 τρίτον
2807 3832 3155 3902 ὲπονομάζει·
3187 3833 3316 3904 περὶ
3348 3835 3467 3898 ἐνὸς
3486 3836 3819 3904 διαλέγεται,

2234 3922 2329 3976 καὶ
2375 3922 2755 3993 τριπλασιάζει
2807 3924 2906 3997 τὴν
2947 3928 3152 3998 φωνὴν,
3202 3928 3288 3981 ἴνα
3335 3929 3435 3992 τὰς
3487 3930 3822 3992 ὑποστάσεις

2238 4014 2601 4086 μαρτύρηται.
2636 4017 2852 4084 Κύριος
2881 4020 2914 4071 ὁ
2945 4021 3089 4085 Θεός
3135 4034 3271 4085 σου,
3307 4022 3508 4089 κύριος
3536 4021 3622 4086 εἷς
3660 4022 3818 4075 ἐστι·

2238 4104 2522 4174 μονονουχὶ
2543 4104 2741 4173 λέγων’
2771 4100 2852 4170 εἷς
2874 4106 2972 4178 τὴν
3005 4108 3215 4173 οὑσίαν,
3249 4109 3364 4162 ἀλλ’
3393 4112 3451 4164 έν
3479 4112 3660 4180 τρισὶν
3683 4112 3821 4165 ὑπο-

2236 4198 2479 4252 στάσεσι.
2508 4198 2619 4251 Kal.
2646 4198 2807 4252 πάλιν
2833 4199 3057 4270 ἑτέρωθι
3078 4216 3092 4229 ο
3123 4199 3476 4269 Ποιήσωμεν
3501 4202 3824 4269 ἄνθρωπον

2234 4291 2375 4346 κατ’
2401 4293 2608 4345 εἰκόνα
2637 4290 2932 4360 ἡμετέραν
2960 4290 3057 4345 καὶ
3091 4293 3221 4344 καθ’
3265 4293 3568 4361 ὁμοίωσιν.
3606 4292 3684 4362 Τῇ
3714 4294 3820 4363 τῆς

2234 4383 2418 4453 φωνῆς
2448 4382 2700 4453 προφορᾷ
2736 4382 2833 4445 τὰς
2868 4382 3196 4448 ὑποστάσεις
3221 4384 3532 4438 αίνίττεται.
3566 4385 3676 4437 Καὶ
3707 4384 3817 4438 πά-

2233 4472 2357 4525 λιν·
2390 4471 2566 4525 Δεῦτε
2630 4468 2996 4538 καταϐάντες
3050 4473 3402 4542 συγχέωμεν
3452 4473 3653 4528 αὐτῶν
3704 4476 3815 4542 τὰς

554 4562 627 4603 rze
669 4548 803 4603 locis
831 4548 1094 4616 ejusmodi
1131 4550 1416 4619 scintillas,
1459 4556 1561 4609 etsi
1598 4558 1833 4612 n’ondum
1866 4559 2131 4616 debilibus

2237 4561 2524 4631 γλώσσας
2546 4562 2680 4631 (71).
2711 4564 2819 4617 Καὶ
2851 4562 3117 4634 πολλαχοῦ
3142 4564 3241 4635 τῆς
3267 4566 3415 4630 θείας
3444 4567 3663 4638 Γραφῆς
3683 4568 3817 4631 τοὺς

552 4640 725 4693 oculis
754 4640 926 4695 lucem
962 4642 1175 4711 penitus
1212 4644 1446 4711 evolvat,
1488 4646 1844 4704 disseminat:
1873 4652 2125 4718 perfectis

552 4745 682 4784 vero
709 4731 981 4787 solidioris
994 4733 1098 4787 cibi
1124 4732 1359 4789 fructum
1389 4739 1628 4793 recondit
1647 4739 1887 4796 interim.
1905 4740 2135 4810 Verum,

555 4822 934 4877 animadverso
961 4822 1171 4889 Judato,
1210 4825 1298 4895 qui
1341 4827 1598 4897 persislat
1630 4829 1681 4884 in
1714 4833 1950 4887 amentia
1990 4835 2128 4889 mul-

554 4920 732 4965 torum
803 4928 1067 4970 annorum
1142 4932 1241 4971 usu
1302 4920 1678 4985 corroborata.
1743 4939 1812 4978 ne
1866 4926 2124 4983 mireris:

2236 4653 2509 4717 τοιούτους
2538 4652 2841 4726 διασπείρει
2869 4652 3193 4727 σπινθῆρας,
3220 4654 3373 4710 οὑπω
3404 4657 3503 4728 μὲν
3520 4658 3634 4721 τοῖς
3658 4657 3816 4712 ἀσθε-

2232 4745 2381 4799 νέσιν
2419 4744 2718 4818 ὀφθαλμοῖς
2755 4744 3078 4815 ὲξαπλώσας
3113 4748 3176 4803 τὸ
3218 4749 3453 4819 φέγγος·
3495 4753 3607 4813 τοῖς
3633 4750 3689 4805 δὲ
3720 4768 3814 4807 τε·

2230 4834 2394 4899 λείοις
2442 4836 2542 4906 τῆς
2590 4838 2819 4909 στερεᾶς
2859 4839 3067 4911 τροφῆς
3106 4840 3496 4911 ταμιευόμενος
3545 4841 3643 4912 τὴν
3674 4842 3816 4896 ἀπό-

2229 4926 2440 4984 λαυσιν.
2473 4927 2582 4983 Καὶ
2611 4928 2688 5000 μὴ
2722 4930 3009 5001 θαυμάσῃς
3051 4930 3193 5000 δρῶν
3249 4932 3498 4987 Ἰουδαῖον
3539 4933 3814 5004 έναπομέ-

552 5003 984 5072 quaudoquidem
1043 5014 1163 5075 post
1211 5006 1451 5079 Moysen,
1512 5021 1569 5065 et
1623 5014 1938 5085 prophetas,
2001 5028 2123 5086 post

2237 5038 2386 5075 νοντα
2418 5023 2485 5093 τῇ
2520 5020 2773 5075 πολυετεῖ
2793 5022 3100 5092 νηπιότητι·
3125 5024 3284 5077 όπότε
3308 5023 3448 5095 μετά
3472 5026 3694 5087 Μωσέα,
3716 5003 3816 5078 καὶ

551 5094 756 5151 Christi
790 5099 1156 5167 praesentiam,
1216 5111 1341 5172 post
1387 5116 1852 5162 sacramentorum
1898 5109 2129 5177 agnitio-

622 5280 671 5313 ’³
689 5280 826 5337 Gen.
862 5298 902 5345 l,
934 5281 1026 5338 26.
1100 5284 1146 5317 "
1170 5284 1308 5341 Gen.
1334 5302 1411 5350 si,
1434 5286 1484 5343 7.

2234 5112 2522 5184 προφήτας
2544 5154 2558 5180 ,
2598 5112 2736 5185 μετά
2774 5114 2874 5186 τὴν
2910 5112 3006 5168 τοῦ
3044 5114 3282 5199 Χριστοῦ
3313 5116 3634 5188 παρουσίαν,
3672 5119 3847 5188 μετά-

1767 5448 1873 5507 CL.
1916 5449 2283 5517 DAUSQUEII
2322 5450 2555 5509 NOTAE.

631 5601 756 5681 (691
788 5602 922 5681 '_Ira
968 5598 1160 5681 δῆέιον
1207 5603 1365 5660 ὅλων
1412 5606 1580 5661 Θεόν.
1620 5608 1913 5677 ilcscribo,
1958 5607 2129 5681 δῆμον

551 5670 686 5737 ὅλως
720 5672 890 5738 Θεῶν,
923 5677 1001 5726 vel
1037 5674 1177 5728 ὅλον.

604 5744 737 5823 ,(ῖρ)
776 5742 1086 5823 ξΑμαιξροῖς
1116 5744 1387 5823 φέγγεσι,
1431 5747 2123 5823 ΕΙΥιηοΙηβίείαΆΔμυὸρὸς

554 5816 703 5886 παρὰ
746 5813 806 5869 τθ
840 5813 1077 5886 μύδρος,
1118 5813 1159 5870 δ
1204 5813 1457 5886 σημαίνει
1484 5813 1593 5891 ,τὸν
1629 5813 2126 5892 πεπυρακτωμένοῶ

2293 5612 2352 5655 ἢν
2365 5630 2438 5655 nm

2238 5609 2474 5683 σίδηρον.

2307 5684 2418 5752 (7i)
2464 5682 2573 5748 Τὰς
2602 5680 2908 5750 γλώσσας.
2952 5683 3131 5741 Deleri
3161 5685 3260 5756 τὴν
3293 5684 3547 5755 γλῶσσαν
3572 5726 3589 5752 ,
3619 5685 3811 5744 Bibliis

2235 5756 2507 5818 omnibus,
2537 5769 2656 5823 qua:
2704 5756 2949 5814 viderim.
2990 5758 3327 5821 auctoribus,
3357 5767 3413 5812 et
3444 5760 3651 5815 ratione
3683 5760 3805 5815 suf-

2238 5825 2482 5894 fragante
2516 5840 2529 5888 ;
2564 5824 2794 5893 plurium
2821 5835 2901 5880 est
2927 5826 3069 5880 enim
3106 5827 3372 5894 conlusio,
3408 5842 3513 5884 non
3541 5830 3727 5885 ttnitts.
