4102 6568
572 421 670 487 139

1756 402 2033 462 BASILII
2076 397 2614 459 SELEUCIENSIS

3722 384 3823 448 ΗΟ

568 520 759 583 Ιέὶεῑειη
791 520 929 578 facie
957 518 1152 585 fulcilt,
1177 533 1298 572 cum
1333 514 1557 587 pedibus
1614 511 1780 582 pedes
1827 508 2130 573 contendit,

2247 508 2418 575 νεκρῷ
2471 520 2563 556 του
2610 501 2800 565 παιδὸς
2848 501 3037 555 ἑαυτὸν
3080 500 3402 570 ὲφήπλωσεν
3445 497 3675 569 σώματι.
3728 496 3823 565 Τῷ

552 610 758 693 ’ρεοιυε
810 619 1065 691 imposuit
1123 612 1352 684 pectori,
1411 608 1585 663 oculis
1609 607 1795 661 oculos
1857 602 2135 667 admovit;

568 712 758 783 paucis
774 708 1005 774 denique
1023 700 1279 758 membris
1294 697 1565 767 sigillatim
1582 696 1841 768 applicata
1862 695 2139 764 propheta:

571 802 814 857 membra
837 800 999 852 vitam
1029 790 1399 847 conferebant.
1425 789 1536 844 Cur
1556 804 1660 843 non
1673 786 1934 843 orationis
1958 784 2142 854 prasi-

569 893 660 949 dio
678 900 949 946 mortuum
974 886 1096 940 vitm
1114 883 1479 946 restituit,sed
1503 882 1735 951 seipsum
1761 879 2000 948 reliquiis
2016 877 2143 947 inje-

566 982 678 1039 cit?
694 982 799 1052 57
822 979 949 1033 "me
966 978 1019 1032 in
1049 978 1222 1047 ﬁgura
1252 975 1613 1045 contingebant
1634 973 1740 1027 illis
1760 989 1779 1027 :
1800 973 1996 1040 scripta
2021 979 2141 1026 sunt

569 1084 743 1127 autem
773 1071 841 1126 ad
877 1071 1252 1139 correptionem
1287 1077 1542 1131 nostram,
1576 1066 1629 1119 in
1662 1081 1789 1135 quos
1813 1064 1944 1132 ﬁnes
1974 1079 2141 1116 swcu-

571 1166 745 1219 lorum
772 1166 1086 1218 devenerunt
1127 1162 1167 1215 ⁸.
1201 1159 1546 1227 Quaeramus,
1584 1157 1737 1225 cujus
1782 1156 1951 1227 ﬁgura
1981 1156 2142 1233 fuerit

570 1255 818 1322 Elisaeus,
847 1252 1000 1321 cujus
1032 1250 1365 1314 Sunamitis,
1396 1258 1449 1303 et
1478 1247 1587 1316 jam
1619 1246 1971 1301 Sunamitidis
2002 1234 2143 1301 lilius

584 1355 853 1400 mortuus.
903 1343 1126 1397 Eliszeus
1179 1340 1385 1395 Christi
1433 1339 1657 1410 ﬁguram
1698 1339 1866 1407 gerit;
1918 1338 2143 1407 p0pulus

573 1444 751 1492 autem
812 1435 1049 1505 gentium
1095 1442 1212 1487 erat
1245 1432 1357 1499 ille,
1415 1440 1662 1485 mortuus
1694 1430 1741 1484 vi
1773 1438 2139 1499 peccatorum.

575 1528 738 1585 Venit
781 1524 1038 1598 spiritalis
1086 1524 1329 1589 Elisxeus,
1368 1532 1424 1577 et
1453 1522 1703 1577 universa
1750 1522 1867 1591 ejus
1901 1522 2141 1575 membra

572 1630 781 1677 mortua
800 1618 1173 1689 deprehendit,
1192 1616 1499 1682 os,oculos,
1518 1631 1731 1681 manus,
1751 1617 1936 1685 pedes,
1953 1622 2007 1669 et
2025 1614 2144 1668 uni—
2192 1637 2197 1643 ·

572 1726 729 1767 verse
747 1720 991 1765 mortuus
1003 1718 1120 1764 erat
1140 1725 1153 1761 :
1176 1716 1445 1762 mortuum
1467 1722 1550 1769 os,
1574 1708 1715 1776 quod
1735 1708 1798 1758 ad
1816 1705 2140 1760 laudandum
2170 1762 2175 1767 ,

576 1802 741 1858 Deum
770 1815 873 1856 non
901 1810 1113 1871 poterat
1140 1799 1359 1870 aperiri,
1398 1800 1490 1855 sed
1514 1798 1659 1869 ligno
1687 1798 1899 1854 dicebat
1934 1817 1947 1853 :
1983 1796 2144 1852 Pater

2240 596 2348 666 γὰρ
2395 596 2620 665 στόματι
2671 594 2767 647 τοῦ
2820 593 3009 656 παιδός
3052 593 3322 662 ἐπέθηκεν
3365 590 3428 643 τὸ
3468 586 3664 642 ἑαυτοῦ
3695 588 3820 640 στό-

2243 706 2318 759 μα
2344 686 2457 758 (76)
2478 702 2492 717 ⁸
2524 686 2615 739 τὸν
2655 686 2710 738 δὲ
2746 688 2999 756 μυκτῆρα
3045 683 3122 754 τῷ
3157 684 3399 753 μυκτῆρι
3428 680 3779 749 προσήρμοσε
3804 692 3820 703 ’

2245 782 2340 833 κα¹ι
2366 779 2445 850 τῷ
2471 778 2706 850 μετώπῳ
2746 776 2807 829 τὸ
2832 777 3084 847 μέτωπον
3126 773 3481 843 ὲπεστήριξεν
3506 787 3518 800 ·
3568 770 3663 823 καὶ
3707 770 3825 830 τοῖς

2241 873 2399 925 ποσὶν
2452 869 2815 936 συνεξέτεινεν
2854 868 2979 930 τοὺς
3008 866 3211 932 πόδας,
3244 865 3341 918 καὶ
3382 863 3447 915 τὸ
3486 860 3680 932 στῆθος
3719 860 3823 912 ιπ-

2242 962 2422 1017 έκειτο
2444 963 2522 1034 τῷ
2554 961 2760 1033 στήθει,
2786 960 2882 1013 καὶ
2912 958 3180 1029 ὀφθαλμοὶ
3196 958 3308 1019 τοῖς
3328 954 3625 1025 ὀφθαλμοῖς
3653 952 3822 1023 ἐπλη-

2245 1053 2462 1118 σίαζον·
2511 1051 2607 1106 καὶ
2649 1050 2833 1113 ἁπλῶς
2878 1049 3092 1117 ἑκάστῳ
3130 1046 3280 1117 μέλει
3325 1044 3419 1097 τοῦ
3467 1043 3657 1104 παιδὸς
3700 1045 3821 1093 ἑπι-

2241 1145 2413 1215 ψαῦον
2444 1143 2507 1197 τὸ
2534 1141 2628 1196 τοῦ
2669 1142 2946 1213 προφήτου
2985 1138 3143 1210 μέλος
3162 1177 3178 1203 ,
3206 1138 3305 1208 τὴν
3331 1136 3475 1206 ζωὴν
3503 1132 3789 1204 ἐχαρίζετο
3814 1150 3827 1160 ·

2241 1236 2329 1289 διὰ
2363 1236 2419 1287 τί
2461 1232 2556 1287 οὖν
2586 1233 2662 1305 μὴ
2696 1232 2784 1285 διὰ
2812 1229 3121 1302 προσευχῆς
3151 1227 3419 1295 ἀνέστησε
3459 1224 3549 1277 τὸν
3593 1219 3784 1291 νεκρόν
3809 1260 3829 1283 ,

2241 1324 2355 1380 ἀλλ’
2416 1323 2607 1378 ἑαυτὸν
2660 1322 2897 1392 ἐπέθηκε
2944 1320 3023 1390 τῷ
3068 1316 3350 1387 leuibus;
3387 1314 3586 1370 Ταῦτα
3635 1314 3832 1375 τύπος

2243 1417 2606 1472 συνέϐαινεν
2630 1414 2887 1479 ἐκείνοις
2905 1428 2920 1442 ·
2955 1410 3183 1481 ἐτράφη
3215 1409 3282 1461 δὲ
3325 1408 3477 1477 πρὸς
3501 1406 3835 1460 νουθεσίαν

2241 1509 2411 1580 ἡμῶν
2451 1511 2538 1576 εὶς
2566 1507 2673 1574 οὓς
2708 1507 2782 1561 τὰ
2819 1505 2961 1573 τέλη
3010 1502 3129 1558 τῶν
3155 1502 3385 1557 αἰώνων
3418 1501 3829 1568 κατήντησεν.

2244 1604 2579 1673 Ζητήσωμεν
2623 1599 2768 1662 τίνος
2806 1594 2875 1670 ἦν
2911 1598 3081 1660 τύπος
3108 1596 3135 1648 6
3194 1595 3530 1658 Ἐλισσαῖος,
3560 1592 3657 1647 καὶ
3680 1590 3832 1652 τινος

2241 1695 2275 1765 ἡ
2311 1693 2670 1763 Σουναμῐτις.
2706 1689 2801 1743 καὶ
2847 1688 3040 1752 τίνοςό
3079 1686 3194 1750 υἱὸς
3239 1686 3339 1756 τῆς
3374 1683 3759 1753 Σουναμίτιδος
3794 1682 3834 1733 ὁ

2242 1784 2540 1856 τεθνηκὼς.
2575 1783 2632 1837 '0
2670 1782 2973 1844 Ἐλισσαῖος
2994 1779 3165 1833 τύπον
3193 1779 3349 1849 φέρει
3379 1776 3614 1848 Χριστοῦ
3640 1794 3652 1805 ·
3685 1777 3713 1829 6
3740 1774 3831 1837 δὲ,

574 1910 718 1948 meus
743 1909 817 1959 es,
851 1900 902 1946 et
936 1890 1138 1959 lapidi:
1171 1888 1249 1943 Tu
1274 1906 1355 1944 me
1383 1890 1607 1959 genuisti
1638 1890 1695 1957 ';
1746 1889 1942 1943 mortui
1972 1888 2138 1953 oculi,

2247 1876 2373 1941 λαός
2404 1877 2552 1928 ἐστιν
2578 1876 2605 1928 6
2645 1875 2703 1941 ἑξ
2733 1873 2924 1928 ἐθνῶν.
2952 1865 3121 1934 Οὗτος
3157 1866 3225 1940 ἦν
3250 1869 3546 1959 νεκρωθελς
3577 1866 3683 1921 ὑπὸ
3725 1866 3834 1936 τῆς

574 1985 666 2055 qui
703 1986 753 2047 in
783 1984 950 2038 Deum
980 1981 1217 2036 universi
1247 1996 1354 2035 non
1392 1982 1735 2050 ﬁgebantur:
1769 1995 1953 2035 verum
2005 1995 2142 2049 pra:-

576 2076 827 2131 termisso
850 2073 1107 2129 Creatore
1132 2070 1379 2125 colebant
1402 2080 1741 2136 creaturam;
1774 2077 1998 2124 mortua:
2031 2084 2144 2124 ma-

576 2180 699 2229 nus,
731 2179 852 2234 qua:
905 2160 1242 2217 dannouibus
1300 2159 1507 2215 fructus
1558 2160 1892 2226 oﬂ'erebant;
1945 2157 2143 2213 mortui

578 2258 760 2327 pedes,
796 2255 913 2325 qui,
970 2264 1027 2309 ut
1092 2254 1413 2307 adoraretur
1446 2252 1709 2314 diabolus,
1763 2251 2142 2308 ﬂectebantur.

578 2347 855 2401 Putridum
917 2353 1035 2400 erat
1090 2358 1288 2413 corpus
1343 2346 1675 2409 universum,
1709 2343 1899 2413 egebat
1935 2344 2175 2400 medico

578 2446 941 2507 praepotente,
992 2435 1200 2489 medico
1240 2434 1330 2502 qui
1362 2433 1442 2487 vel
1479 2442 1721 2488 mortuos
1749 2433 1988 2489 excitare
2022 2449 2148 2503 pos-

575 2540 679 2584 set.
719 2526 878 2583 Venit
917 2526 1222 2597 exquisitus
1276 2524 1517 2578 medicus
1566 2523 1864 2594 spiritualis
1898 2522 2143 2592 Elisazus,

575 2619 823 2674 Christus
870 2618 1152 2679 Dominus,
1185 2614 1392 2669 invenit
1434 2630 1633 2685 corpus
1678 2624 1967 2670 mortuutn.
2005 2617 2145 2683 Quid

580 2707 741 2777 agat?
788 2705 1027 2776 seipsum
1084 2712 1253 2757 totum
1308 2704 1561 2772 imposuit
1595 2703 1691 2757 toti
1736 2706 1973 2774 corpori.
2008 2706 2146 2772 Quid

579 2804 664 2849 est
706 2796 847 2863 quod
888 2791 1154 2846 dicimus?
1205 2800 1313 2845 tota
1378 2791 1656 2860 plenitudo
1707 2793 1929 2848 deitatis
1976 2804 2148 2850 totum

584 2894 827 2941 nostrum
869 2885 1100 2955 gestavit
1149 2884 1422 2938 hominem
1451 2885 1505 2936 in
1535 2900 1636 2951 quo
1664 2885 1939 2952 habitavit,
1980 2898 2037 2941 ut
2070 2886 2150 2942 lo-

580 2978 768 3047 quitur
794 2956 1104 3045 Apostolus,
1144 2974 1488 3043 corporaliter
1539 2974 1711 3029 omnis
1764 2976 2031 3043 plenitudo
2061 2978 2148 3032 di-

582 3068 814 3121 vinitatis
842 3066 886 3123 ³.
919 3065 1118 3121 Oculos
1142 3066 1330 3120 habuit
1368 3080 1518 3120 more
1556 3066 1853 3130 hominum,
1896 3067 2150 3124 similiter

2246 1966 2538 2041 ἁμαρτιας,
2564 1961 2766 2019 Ἶίλθεν
2794 1966 2823 2018 6
2853 1962 3042 2035 νοητὸς
3085 1962 3389 2025 Ἐλισσαῖος
3412 2000 3427 2023 ,
3458 1952 3618 2031 εὗρεν
3658 1956 3833 2012 αὐτοῦ

2244 2058 2342 2112 ὅλα
2372 2056 2441 2111 τὰ
2471 2056 2606 2127 μέλη
2644 2054 2837 2127 νεκρὰ,
2866 2054 2926 2109 τὸ
2955 2053 3151 2124 στόμα,
3183 2054 3309 2115 τοὺς
3336 2050 3649 2120 ὀφθαλμοὺς
3671 2087 3688 2113 ,
3724 2050 3833 2111 τὰς

2247 2152 2454 2221 χεῖρας,
2508 2148 2635 2211 τοὺς
2689 2147 2875 2210 πόδας⁸
2928 2146 3022 2199 καὶ
3072 2143 3408 2211 ἁπαξαπλῶς
3445 2141 3637 2213 νεκρὸν
3665 2136 3734 2211 ἦν
3764 2141 3838 2193 τὸ

2249 2242 2436 2313 σῶμα,
2466 2242 2541 2313 μὴ
2564 2242 2912 2313 ἀνοιγόμενον
2929 2241 3067 2311 πρὸς
3094 2238 3399 2307 δοξολογίαν
3425 2236 3561 2290 Θεοῦ
3587 2235 3833 2307 (77—78),

2245 2332 2382 2386 ἀλλὰ
2431 2330 2511 2401 τῷ
2560 2330 2699 2401 ξύλῳ
2742 2331 2898 2400 λέγον
2923 2347 2938 2362 ·
2986 2330 3188 2396 Πατήρ
3215 2345 3335 2398 μου
3381 2323 3437 2380 sl
3474 2327 3588 2380 σύ*
3622 2326 3839 2391 καὶτῷ

2245 2426 2418 2491 λίθῳ,
2456 2424 2542 2477 Σύ
2572 2441 2650 2493 με
2679 2421 3036 2493 ἐγέννησας.
3076 2420 3278 2491 Νεκροὶ
3303 2415 3442 2491 ἦσαν
3481 2420 3527 2470 οἱ
3555 2418 3839 2489 ὀφθαλμοὶ

2247 2517 2326 2578 εἰς
2348 2516 2439 2569 τὸν
2458 2514 2569 2567 τῶν
2596 2514 2733 2568 ὅλων
2756 2512 2887 2566 Θεδν
2916 2516 2990 2585 μὴ
3021 2513 3380 2583 προσέχοντες
3402 2527 3416 2541 ο
3450 2509 3587 2565 ἀλλά
3612 2513 3677 2581 τῇ
3711 2510 3838 2563 κτί-

2249 2624 2334 2661 σει
2362 2606 2517 2678 παρὰ
2548 2606 2640 2660 τὸν
2674 2606 2915 2677 Κτίστην
2943 2604 3316 2676 λατρεύοντες.
3354 2604 3566 2675 Νεκραὶ
3599 2598 3738 2674 ἦσαν
3770 2604 3838 2656 αἱ

2247 2701 2425 2771 χεῖρες
2480 2698 2927 2769 καρποφοροῦσαι
2975 2699 3089 2760 τοῖς
3126 2696 3400 2765 δαίμοσιν·
3454 2695 3640 2766 νεκροὶ
3688 2691 3841 2767 ἦσαν

2246 2792 2296 2844 οἱ
2330 2790 2493 2852 πόδες
2535 2792 2614 2853 εἰς
2644 2788 3016 2859 προσκύνησιν
3047 2787 3123 2857 τῷ
3155 2786 3385 2857 διαϐόλῳ
3420 2785 3833 2856 καμπτόμενοι.

2252 2881 2409 2936 Ὄλον
2439 2877 2506 2952 ἦν
2532 2880 2593 2933 τδ
2631 2880 2789 2951 σῶμα
2818 2880 3045 2951 σαθρὸν,
3082 2879 3311 2949 ἔχρῃζεν
3340 2877 3528 2949 ἰατροῦ
3556 2876 3785 2933 δυνατοῦ
3815 2916 3837 2941 ,

2253 2971 2439 3045 ἰατροῦ
2471 2971 2767 3042 δυναμένου
2799 2970 2893 3024 καὶ
2919 2970 3043 3034 τοὺς
3075 2970 3301 3041 νεκροὺς
3332 2969 3584 3038 ἐγείρειν.
3624 2962 3839 3020 *Ηλοεν

2246 3064 2275 3116 6
2292 3062 2623 3134 ζητούμενος
2651 3061 2856 3132 ἰατρὸς,
2877 3062 2905 3113 6
2923 3059 3113 3131 νοητὸς
3154 3058 3475 3120 Ἐλισσαῖος,
3500 3056 3841 3126 όμΔεσπότης

584 3174 797 3222 manus,
866 3158 1032 3227 pedes
1085 3156 1355 3213 similiter.
1393 3157 1769 3228 Imaginarium
1820 3160 1991 3213 visum
2036 3176 2143 3216 non

2248 3154 2499 3227 Χριστός·
2536 3146 2663 3225 εὗρε
2688 3153 2750 3208 τὸ
2776 3152 2938 3223 σῶμα
2966 3152 3183 3221 νεκρόν.
3222 3150 3287 3203 Τί
3318 3152 3488 3215 ποιεῖ;
3520 3148 3678 3203 Ὀλον
3712 3149 3842 3202 ἑαυο

2286 3245 2300 3259 .
2380 3246 2393 3259 .
2464 3244 2508 3259 η.
2677 3244 2720 3259 η.
2847 3242 2873 3255 -
2966 3242 2978 3259 .
3179 3239 3361 3259 "HL,
3430 3240 3624 3259 At”.

580 3259 719 3314 erat,
754 3249 849 3305 sed
889 3264 1014 3302 vera
1037 3262 1143 3313 rcs,
1184 3263 1305 3318 qua:
1337 3248 1637 3303 videbatur.
1671 3246 1792 3303 Non
1819 3251 1958 3304 enim
2001 3252 2147 3318 rapi-

582 3356 703 3393 nam
724 3339 1018 3393 arbitratus
1029 3348 1102 3392 est
1120 3354 1229 3391 esse
1244 3354 1297 3392 se
1315 3338 1566 3408 tequidem
1589 3338 1702 3406 Dei,
1718 3342 1804 3394 sed
1820 3343 2148 3411 semetipsum

578 3426 869 3481 exinanioit
911 3424 1138 3495 formam
1182 3424 1317 3478 servi
1362 3426 1622 3491 accipiens
1652 3424 1676 3457 ⁸
1705 3441 1721 3481 :
1754 3436 1809 3480 et
1830 3426 1952 3494 ,vita
2007 3443 2151 3483 mor-

583 3526 733 3570 tuum
777 3516 1007 3584 gestavit
1055 3514 1450 3579 indumentum,
1493 3525 1550 3569 ut
1596 3516 2008 3575 immortalitate
2053 3534 2147 3575 sua

585 3614 812 3661 mortem
838 3613 1218 3661 commutaret.
1263 3604 1395 3660 Cum
1428 3618 1605 3661 autem
1644 3610 1815 3664 deitas
1845 3610 2150 3667 devenisset

583 3701 637 3755 in
678 3714 895 3768 corpus,
933 3712 1121 3753 omnes
1154 3706 1303 3751 artus
1334 3707 1517 3766 postea
1551 3700 1875 3756 sanetilicati
1909 3711 2057 3767 sunt,
2094 3711 2150 3756 et

579 3791 647 3844 ad
680 3804 835 3844 usum
870 3788 1143 3845 mizliorem
1183 3790 1437 3843 traducti.
1466 3789 1540 3845 Os
1572 3790 1787 3859 quidem
1820 3791 2038 3847 doctum
2066 3802 2151 3849 est

580 3879 764 3934 dicere
790 3892 806 3933 :
854 3877 1096 3942 Domine,
1124 3878 1264 3932 labia
1293 3895 1404 3932 mea
1429 3880 1650 3947 aperies,
1674 3887 1723 3932 et
1762 3896 1817 3933 os
1852 3896 2020 3934 meum
2051 3897 2151 3935 an-

581 3970 844 4025 nuntiabit
868 3970 1078 4025 laudem
1105 3981 1247 4023 tuam
1274 3970 1316 4021 ⁸.
1355 3968 1506 4023 Oculi
1555 3969 1645 4022 Dei
1695 3956 1906 4024 laudem
1938 3970 2145 4026 didice-

583 4071 734 4115 runt:
775 4060 931 4115 (lculi
988 4061 1221 4114 omnium
1247 4060 1302 4112 in
1336 4067 1382 4112 te
1409 4068 1639 4123 sperant,
1670 4068 1717 4111 et
1764 4070 1817 4111 tu
1848 4061 1943 4113 das
1974 4077 2146 4115 escam

580 4148 791 4201 illorum
818 4148 874 4201 in
895 4157 1123 4216 tempore
1152 4154 1441 4213 opportuno
1470 4145 1508 4199 ⁸.
1538 4146 1733 4199 Manus
1760 4145 1828 4199 ad
1865 4146 2147 4204 Dominum

659 4322 678 4332 —
702 4292 721 4348 l
749 4293 875 4349 Cor.
903 4306 960 4355 ι,
995 4292 1081 4346 li.
1158 4290 1178 4320 ²
1208 4287 1407 4345 Jerem.
1434 4304 1496 4356 ιι,
1522 4288 1611 4343 ‘27.
1691 4289 1713 4320 ³
1738 4288 1945 4347 Coloss.
1980 4308 2042 4360 ιι,
2072 4294 2125 4350 9.

2271 4296 2507 4370 Philipp.
2538 4315 2612 4368 vt,
2642 4300 2694 4355 7.

2250 3245 2343 3299 τὸν
2378 3244 2646 3316 ἐπέθηκεν
2674 3244 2781 3315 ὅλῳ
2807 3242 2883 3315 τῷ
2915 3242 3150 3314 σώματι.
3179 3239 3244 3295 Τί
3275 3243 3390 3295 ἐστι
3420 3241 3480 3294 τὸ
3501 3240 3792 3311 λεγόμενον
3816 3256 3838 3307 ;

2251 3334 2413 3387 Ὄλον
2449 3333 2511 3387 τὸ
2552 3334 2824 3405 πλήρωμα
2857 3332 2958 3404 τῆς
3001 3333 3254 3404 θεότητος
3300 3334 3419 3387 ὅλον
3451 3332 3540 3387 τὸν
3566 3333 3841 3406 ⁴ἡμέτερον

2252 3426 2511 3499 ἐφόρεσεν
2571 3425 2858 3498 ἄνθρωπον
2888 3465 2904 3492 ,
2964 3428 3066 3479 Ὃν
3119 3425 3491 3493 κατῴκησεν,
3545 3424 3621 3487 ὥς
3668 3441 3841 3494 φησιν

2248 3517 2280 3572 6
2313 3517 2655 3582 ’Δπόστολος,
2682 3517 2827 3571 ὅλον
2877 3517 2946 3570 τὸ
2991 3516 3281 3586 πλήρωμα
3328 3513 3671 3584 σωματικῶς
3721 3514 3844 3583 τῆς

2251 3609 2551 3675 θεότητος.
2600 3608 2941 3677 ὐφοαλμοὺς
2976 3605 3120 3678 εἶχεν
3164 3608 3237 3671 ὡς
3285 3606 3595 3678 ἅνθρωποι,
3644 3609 3842 3678 χεῖρας

2254 3698 2457 3771 ὁμοίως
2483 3737 2497 3761 ,
2531 3698 2694 3761 πόδας
2727 3697 2949 3768 ὁμοίως.
2990 3700 3103 3750 Ούκ
3132 3693 3200 3769 ἦν
3238 3696 3507 3765 φαντασία
3533 3696 3593 3749 τὸ
3618 3694 3844 3767 ὁρώμε-

2256 3807 2344 3844 νον
2370 3806 2385 3823 ο
2433 3788 2548 3844 ἀλλ’
2581 3789 2832 3859 ἀληθινὸν
2862 3790 2922 3843 τὸ
2951 3790 3301 3860 βλεπόμενον.
3350 3792 3432 3844 Οὐ
3483 3788 3591 3858 γὰρ
3640 3789 3839 3856 ἁρπα-

2256 3882 2410 3951 γμὸν
2453 3882 2726 3951 ἡγήσατο
2790 3882 2855 3935 τὸ
2903 3878 3055 3937 εἶναι
3094 3879 3199 3936 ἶσα
3248 3880 3387 3947 Θεῷ,
3421 3880 3557 3935 ἀλλ’
3615 3879 3843 3933 ἑαυτὸν

2253 3972 2571 4037 ἐκένωσεν,
2600 3974 2845 4042 μορφὴν
2891 3974 3117 4028 δούλου
3146 3972 3365 4029 λαϐὼν.
3405 3974 3513 4027 Καὶ
3562 3974 3594 4043 ἡ
3628 3971 3741 4041 ζωὴ
3769 3971 3843 4024 τὸ

2254 4062 2447 4135 νεκρὸν
2473 4064 2730 4133 ὲφόρεσεν
2755 4064 2979 4135 ἔνδυμα,
3009 4066 3092 4118 ἵνα
3124 4066 3203 4129 εἰς
3232 4065 3328 4136 τὴν
3356 4065 3492 4119 ἰδίαν
3518 4063 3839 4134 ἀφθαρσίαν

2257 4155 2540 4229 μεταϐάλῃ
2567 4155 2664 4225 τὴν
2704 4156 2989 4227 νέκρωσιν.
3037 4157 3421 4228 Κατελοούσης
3476 4155 3532 4210 δὲ
3578 4158 3678 4229 τῆς
3716 4154 3842 4209 θεό-

2796 4298 2819 4331 ⁸
2850 4298 2991 4355 Psal.
3016 4314 3071 4362 ιι,
3108 4298 3195 4355 l7.
3306 4299 3328 4331 ⁸
3352 4299 3497 4357 Psal.
3521 4316 3704 4367 cxuv,
3739 4300 3835 4356 i5.

1807 4427 1914 4485 CL.
1959 4430 2328 4500 DAUSQUEII
2364 4433 2600 4493 NOT/E.

580 4569 796 4638 quidem
832 4566 1045 4630 Petrus,
1077 4562 1309 4634 inquies,
1336 4564 1389 4619 in
1420 4580 1581 4638 causa
1613 4564 1870 4623 Dorcadis
1900 4567 2145 4638 oratione
2177 4574 2221 4630 D
2249 4573 2540 4629 concinnat
2566 4591 2581 4628 :

579 4634 693 4694 sola
724 4651 851 4708 usu}
871 4646 976 4708 est,
1003 4638 1261 4689 Actorum
1289 4651 1339 4708 is
1377 4650 1390 4687 :
1435 4634 1499 4689 Et
1526 4652 1800 4708 conversus
1849 4636 1917 4691 ad
1952 4655 2141 4708 corpus

579 4709 717 4762 dixit
749 4722 767 4761 :
799 4705 1046 4768 Tabitlra,
1080 4720 1252 4775 surge.
1296 4705 1613 4775 IiespOndeo
1633 4716 1941 4760 sanetormn
1978 4705 2141 4763 verba

582 4780 634 4832 in
668 4777 891 4831 edendis
919 4775 1191 4829 miraculis
1223 4774 1474 4845 propiora
1524 4774 1689 4829 luisse
1728 4791 1935 4845 preces,
1979 4794 2139 4845 quant

582 4847 848 4917 imperia:
882 4846 1041 4917 unius
1072 4846 1225 4917 enini
1244 4843 1466 4911 Christi,
1511 4856 1565 4899 et
1606 4845 1698 4899 Dei
1730 4843 2023 4915 'prOprium
2074 4864 2139 4905 ex

580 4912 905 4971 auctoritate
939 4914 1157 4967 dicere:
1188 4912 1371 4982 Surge.

650 4982 885 5056 (76)AT(,I)
920 4981 1030 5056 γὰρ
1072 4981 1317 5056 στόματι
1358 4983 1470 5056 τοῦί
1504 4982 1716 5056 παιδὸς
1754 4983 2049 5051 ἐπέθηκεν
2078 4986 2145 5039 τὸ

580 5052 799 5110 samo
840 5054 1052 5121 στόμα.
1091 5052 1406 5107 ΙΙευειιΙιεειιε
1448 5054 1755 5117 Abderites,
1809 5064 1864 5108 ut
1906 5056 2148 5110 Aristeas

584 5126 770 5187 refert,
807 5126 946 5190 apud
982 5132 1166 5189 poetas
1192 5132 1247 5177 et
1283 5121 1574 5177 historicos
1613 5123 1940 5176 voluminum
1964 5140 2148 5180 sacro-

584 5212 701 5249 rum
734 5194 1067 5260 frequentem
1109 5206 1232 5246 esse
1263 5193 1588 5247 mentionem
1636 5192 1837 5246 aiebat.
1871 5193 1933 5246 Et
1959 5191 2148 5248 Tatia-

585 5279 685 5318 uus
711 5263 980 5333 sophistas
1024 5263 1332 5333 accusabat,
1374 5261 1516 5331 quod
1547 5262 1685 5330 apud
1735 5262 1953 5333 Moysen
1988 5272 2041 5318 et
2071 5263 2149 5318 si-

586 5329 788 5387 milem'
812 5329 1133 5398 sapientiam
1162 5329 1456 5398 professos,
1485 5329 1604 5400 quae
1636 5329 1988 5400 reperissent,
2027 5348 2149 5401 per-

585 5416 767 5470 peram
800 5402 1233 5454 trauscribebaut
1258 5439 1272 5463 ,
1313 5404 1505 5469 partim
1548 5410 1605 5454 ut
1648 5402 1960 5455 viderentur
1985 5420 2046 5456 ea
2083 5406 2149 5457 de

583 5487 643 5526 se
692 5485 961 5538 proruere.
1023 5472 1218 5535 partim
1256 5478 1312 5523 ut
1354 5471 1602 5524 ascitittis
1648 5472 1920 5525 coloribus
1973 5472 2147 5524 inum-

585 5542 804 5595 brarent
833 5540 1133 5601 veritatem,
1191 5555 1352 5606 quam
1386 5541 1561 5593 minus
1602 5540 1983 5609 intelligebant.
2016 5542 2146 5607 Qua:

585 5612 709 5664 dum
738 5609 989 5679 recogito,
1022 5610 1177 5663 venio
1199 5611 1251 5663 in
1288 5624 1406 5663 eam
1444 5611 1507 5662 de
1534 5610 1724 5679 Ovidio
1761 5612 2142 5678 suSpicionem,

584 5693 643 5734 ut
675 5678 900 5749 cogitent
948 5680 1019 5732 illi
1058 5680 1250 5733 lectam
1289 5696 1320 5732 e
1360 5680 1530 5733 sacris
1562 5678 1933 5749 voluminibus
1974 5682 2143 5736 histo-

587 5754 720 5805 riam
746 5746 818 5806 ile
849 5746 1083 5819 Ειὶςιίιξοζ
1112 5764 1175 5819 ac
1204 5749 1400 5803 deinde
1445 5747 1769 5803 transfusum
1812 5751 1862 5802 in
1891 5761 2140 5819 quartum

587 5819 894 5888 Fastorum,
928 5820 1017 5876 ubi
1041 5816 1432 5890 Triptolemum
1467 5820 1629 5875 Ceres
1662 5816 1939 5886 recondat,
1970 5837 2031 5879 ac
2061 5837 2143 5877 re-

2423 4685 2658 4756 Jungere
2688 4687 2907 4755 dignata
2935 4696 3009 4741 est
3040 4703 3097 4741 os
3120 4686 3322 4755 puerile
3354 4702 3449 4739 suo

2322 4754 2512 4809 Pallor
2540 4754 2674 4816 abit.
2706 4754 3007 4825 subitasque
3040 4758 3209 4810 rident
3239 4758 3293 4808 in
3323 4772 3536 4823 corpore
3566 4758 3709 4811 vires
3735 4773 3755 4811 :

2430 4826 2628 4879 Tantus
2663 4828 2858 4879 cwlesti
2886 4828 3019 4880 venit
3050 4826 3114 4879 ab
3155 4842 3243 4879 ore
3286 4825 3473 4894 vigor!

2322 4916 2531 4986 (7-7-78)
2583 4917 2690 4969 Kal
2728 4916 3094 4983 ἁπαξαπλῶς
3114 4917 3328 4986 νεκρὸν
3352 4912 3431 4987 ἦν
3456 4916 3521 4970 τὸ
3537 4914 3727 4986 σῶμα,
3740 4936 3783 4986 μ

2250 4987 2667 5056 ἀνοιγόμενον.
2709 4988 2957 5056 Corrige,
2978 4998 3031 5040 et
3065 4989 3384 5056 interpunge
3414 4987 3478 5039 ad
3506 4989 3606 5056 huc
3641 5004 3835 5041 exeru-

2250 5052 2845 5136 ρΙυηέίἋπαξςτῂῷς
2871 5052 3068 5136 νεκρόν
3101 5052 3256 5136 ἦν’-ἐὺ
3291 5056 3474 5136 στόμια.
3497 5055 3571 5135 μὴ
3608 5057 3829 5123 ἀνοιγό-

2249 5124 2411 5251 μενον
2463 5124 2601 5209 πρὸς
2649 5124 3141 5209 δοξολογίαν’Θεοῦ
3174 5124 3230 5179 In
3263 5124 3568 5207 .Sibgllinis
3608 5142 3833 5196 quoque

2272 5198 2343 5249 th.
2374 5212 2411 5251 ι.
2451 5213 2612 5251 σῶμα
2637 5197 2866 5251 alienam
2895 5196 3076 5251 sedem
3106 5206 3301 5250 mvasrt

2319 5220 2343 5248 ι.
2374 5213 2411 5256 ι.
2451 5213 2612 5266 σωμα
2637 5213 2866 5251 alienam
2895 5213 3076 5251 senem
3106 5213 3301 5250 Invasu

2319 5265 2455 5317 Γαῖα
2483 5265 2539 5318 δέ
2572 5282 2663 5335 μοι
2694 5267 2973 5335 στήρισμα
3004 5266 3179 5318 ποδῶν
3216 5264 3344 5335 περὶ
3376 5263 3534 5334 σῶμα
3573 5261 3828 5334 κέχυται.

2250 5334 2382 5388 Nam
2423 5350 2544 5388 cum
2578 5334 2721 5390 Deus
2762 5334 2914 5389 vacet
2944 5350 3169 5404 corpore
3217 5336 3297 5388 vel
3345 5335 3410 5389 de
3438 5336 3657 5402 Sibylla:
3688 5348 3826 5389 sen-

2253 5404 2441 5468 tentia,
2483 5406 2727 5458 reseribo
2754 5422 2768 5457 :

2324 5473 2457 5525 Γαῖα
2494 5473 2550 5543 δέ
2579 5490 2666 5543 μοι
2699 5471 2963 5543 στηρικτὰ
2991 5472 3166 5543 ποδῶν
3190 5471 3547 5543 περίστρωμα
3576 5472 3831 5542 κέχυται.

2254 5542 2546 5611 Στηρικτὰ.
2582 5542 2864 5611 ίβνηιὶιεν.
2910 5574 2976 5586 -—
3018 5542 3143 5597 Mihi
3203 5542 3330 5596 vero
3385 5542 3566 5597 Basilii
3626 5544 3831 5607 locum,

2255 5627 2415 5682 quem
2436 5614 2721 5665 verborum
2744 5614 2945 5682 aliquot
2964 5615 3180 5682 delectu
3200 5613 3450 5667 laborare
3462 5612 3831 5682 crediderim,

2252 5676 2333 5735 sic
2362 5681 2539 5753 legere
2572 5676 2851 5753 arridet";
2880 5681 3215 5746 ἁπαξαπλῶς
3236 5683 3428 5753 νεκρὸν
3457 5676 3524 5753 ἦν
3553 5682 3612 5753 τὸ
3643 5676 3830 5752 σῶμαί

2252 5752 2440 5873 ἶξκρδν
2485 5747 2551 5821 ἦν
2580 5752 2639 5806 τὸ
2671 5753 2864 5825 στόμα,
2918 5753 2993 5824 μὴ
3040 5753 3125 5807 ἀν.
3175 5753 3254 5817 εἰς
3315 5747 3419 5819 δοξ.
3453 5747 3607 5807 Θεοῦ.
3662 5747 3832 5812 Eon.

2297 5836 2491 5873 Ατκοι.

2297 5836 2491 5877 Δτιιοι..
