4102 6588
474 548 578 614 14⁸1

1669 538 1947 597 BASILII
1990 534 2531 595 SELEUCIENSIS

3632 520 3735 588 148

471 673 563 725 φη
597 663 710 710 erat
742 662 1005 719 mortuus,
1030 662 1078 706 et
1130 650 1281 719 coepit
1330 647 1472 717 loqui
1503 648 1544 682 "
1581 666 1597 703 :
1632 646 1752 701 Nisi
1789 646 2043 700 Dominus
2073 684 2083 706 ε

2185 646 2218 697 D
2249 643 2441 714 νεκρὸς
2464 644 2623 715 δεῦρο
2654 641 2777 707 ἐξωο
2821 640 2936 696 ἀλλ’
2961 640 3221 712 ὀνομαστὶ
3245 637 3399 692 καλεῖ
3425 637 3517 689 τὸν
3548 635 3737 705 τεθνη-

474 743 766 813 adiuvisset
815 757 918 803 me,
970 738 1131 807 paulo
1182 735 1354 789 minus
1401 735 1689 789 habitasset
1738 734 1792 788 in
1840 734 2045 801 inferno

475 834 657 888 anima
696 848 809 886 mea
840 831 887 861 "
915 847 931 896 ;
956 829 1258 895 iterumque
1295 842 1309 880 :
1349 825 1600 879 Dominus
1642 826 1825 879 eduxit
1869 839 1951 876 me
1983 824 2048 878 de

477 924 598 977 lacu
627 921 873 982 miserias,
908 919 1045 973 etde
1071 918 1183 971 luto
1217 915 1397 985 [αεσξη
1429 925 1476 970 et
1520 916 1711 969 statuit
1748 931 1904 983 super
1956 930 2048 981 pe-

478 1024 614 1066 tram
640 1013 796 1082 pedes
844 1029 1009 1075 meos,
1063 1022 1109 1065 et
1150 1010 1342 1063 direxit
1392 1025 1601 1078 gressus
1656 1024 1798 1061 meos
1830 1008 1898 1062 ".
1944 1004 2061 1060 lloc

477 1114 533 1159 et
566 1119 666 1158 nos
706 1104 757 1158 in
806 1105 1161 1157 teutationutn
1193 1100 1309 1156 salo
1341 1099 1657 1163 clamantes,
1704 1097 1927 1168 gloriam
1956 1096 2050 1151 de-

484 1191 726 1247 feramus
760 1191 932 1258 Patri,
973 1202 1024 1247 et
1055 1190 1192 1245 Filio
1225 1202 1279 1245 et
1314 1188 1538 1258 Spiritui
1571 1197 1778 1253 sancto,
1811 1202 1975 1248 nunc,
2002 1194 2059 1241 et

483 1296 795 1354 semper,et
828 1286 880 1339 in
907 1285 1101 1341 smeula
1123 1283 1440 1339 saeculorum
1459 1281 1828 1335 interminata.
1859 1282 2050 1333 Amen.

2155 736 2307 790 κότα·
2336 734 2581 804 Λάζαρε,
2604 734 2764 803 δεῦρ’
2780 733 2914 798 ἐξω.
2931 732 3101 786 Τοῦτο
3114 728 3208 785 οὖν
3223 730 3479 802 ἐποίησεν
3508 730 3594 783 ἵνα
3610 731 3684 801 μὴ
3702 727 3739 800 ἡ

2155 824 2309 896 φωνὴ
2323 824 2417 878 τοῦ
2436 824 2878 890 Cmo66100~dvaes
2886 823 3021 895 μένη
3040 821 3265 886 πολλοὺς
3289 821 3515 893 νεκροὺς
3531 819 3737 891 ἀναστή

2153 932 2242 986 σῃ.
2272 915 2383 970 Καὶ
2412 904 2769 970 ἀνεκάθισεν
2793 918 2826 969 ό
2854 913 3218 983 νεκρὸς,.καὶ
3250 912 3473 981 ἤρξατο
3502 908 3737 966 λαλεῖν·

2154 1010 2219 1063 Et
2233 1007 2320 1077 μὴ
2334 1009 2368 1061 ὁ
2384 1008 2595 1075 Κύριος
2611 1005 2905 1075 ἐϐοήθησέ
2911 1023 3032 1076 μοι,
3053 1003 3401 1074 παραϐραχὺ
3418 1002 3745 1072 παρῴκησε

2154 1097 2234 1166 τῷ
2263 1098 2380 1167 ᾄδῃ
2417 1101 2454 1168 ἡ
2486 1099 2657 1169 ψυχή
2687 1117 2808 1170 μου
2830 1116 2843 1129 °
2876 1098 2972 1152 καὶ
3000 1097 3186 1154 πάλιν·
3216 1099 3434 1166 Κύριος
3470 1092 3741 1165 ἁνήγαγέ

2153 1206 2227 1257 με
2245 1189 2314 1242 ἐκ
2342 1189 2581 1243 λάκκου
2605 1190 3031 1258 ταλαιπωρίας,
3055 1188 3153 1242 καὶ
3174 1187 3293 1243 ἀπὸ
3316 1187 3517 1255 πηλοῦ
3546 1187 3740 1251 ἰλύος,

2155 1278 2530 1346 καίέστησεγ
2561 1279 2660 1333 ἐπὶ
2683 1280 2906 1349 πέτραν
2934 1280 3076 1347 τοὺς
3104 1279 3293 1346 πόδας
3309 1297 3450 1350 μου,
3473 1278 3576 1333 καί
3604 1294 3741 1331 κατ-

482 1374 699 1429 εύθυνε
756 1375 828 1430 τὰ
857 1375 1187 1445 διαδήματὰ
1217 1395 1358 1446 μου.
1400 1377 1571 1431 Τοῦτο
1619 1371 1711 1430 οὖν
1746 1374 1841 1428 καὶ⁸
1885 1376 2044 1446 ἡμεῖς
2094 1376 2151 1428 ὲν
2196 1379 2263 1448 τῇ
2326 1377 2435 1445 τῷν
2500 1378 2821 1450 πειρασμῶν
2872 1377 3011 1449 ζάλῃ
3073 1376 3339 1448 βοῶντες,
3395 1374 3553 1442 δόξαν
3608 1372 3745 1426 ἀνα-

486 1470 795 1541 πέμψωμεν
828 1471 906 1543 τῷ
935 1473 1111 1543 Πατρὶ
1156 1472 1251 1527 καὶ
1275 1473 1352 1546 τῷ
1381 1472 1526 1546 Υἰῷ,
1556 1474 1651 1528 καὶ
1694 1471 1772 1543 τῷ
1812 1472 1951 1544 ἁγίῳ
1992 1472 2288 1544 Πνεύματι,
2320 1472 2416 1528 νῦν
2447 1474 2542 1527 καὶ
2570 1474 2656 1527 ἀεὶ
2696 1474 2787 1527 κατ⁹
2829 1473 2909 1538 είς
2932 1473 3058 1538 τοὺς
3095 1470 3487 1542 άτελευτήτους
3510 1467 3746 1536 ,αἰῶνας

488 1565 599 1623 τῶν
623 1566 852 1624 αἰώνων.
895 1570 1084 1640 Ἀμήν.

1013 1683 1121 1753 61
1160 1680 1417 1739 onmo
1446 1680 1537 1737 XI.

863 1792 1109 1863 Ejusdem
1144 1795 1199 1847 in
1227 1802 1467 1847 sanciunt
1505 1792 1699 1848 Etiam.

570 1906 622 1959 1.
649 1888 871 1962 Beatum
892 1908 1065 1973 illum,
1085 1917 1406 1979 etmagnum
1430 1909 1600 1963 Etiam
1616 1911 1931 1980 prophetam
1965 1924 2069 1964 nu-

2776 1679 2997 1734 ΛΟΓΟΣ
3037 1678 3140 1731 1Α’.

2444 1794 2556 1849 Τοῦ
2582 1793 2767 1850 αὐτοῦ
2792 1796 2879 1861 εις
2901 1794 3009 1848 τὸν·
3033 1792 3207 1862 ἅγιον
3241 1790 3469 1845 Ἠλίαν.

2246 1909 2315 1959 α’.
2358 1904 2463 1957 Τὸν
2518 1905 2616 1976 μὲν
2644 1905 2911 1975 μακάριον
2953 1904 3160 1957 ἐκεῖνον
3207 1902 3301 1956 καὶ
3339 1902 3513 1972 μέγαν
3558 1898 3751 1952 Ἠλίαν

497 1998 659 2052 bibus
678 1998 1027 2054 excelsiorem
1055 1999 1423 2055 laudatissima
1445 2001 1530 2055 illa
1553 2001 1866 2070 vidua,quaa
1886 2001 2073 2055 farina:

2185 1997 2264 2051 τὸν
2292 2000 2601 2069 προφήτην,
2635 1998 2727 2050 τὸν
2772 1996 2911 2067 ὑπὲρ
2937 1995 3072 2065 νέφη
3102 1993 3236 2063 (οξ),
3278 1992 3480 2064 μικρὰν
3517 1990 3749 2061 ἀλεύρου

503 2089 761 2156 pugillum
784 2090 1043 2144 duntaxat
1074 2090 1404 2159 possidebat,
1433 2107 1539 2146 non
1570 2092 1746 2145 minus
1766 2064 2074 2145 lantiliari-

2185 2064 2351 2158 ΙΞρόικα
2386 2064 2611 2160 μόνηνή
2644 2064 3023 2157 πολυύμνητος
3054 2064 3409 2155 εκείνη-χήρα
3433 2080 3751 2149 κεκτημένη

506 2189 588 2231 ter
646 2193 807 2248 quam
847 2180 1145 2236 honoriﬁce
1180 2182 1409 2251 accepit,
1448 2182 1831 2252 hospitalitatis
1881 2186 2077 2239 ardore

504 2270 816 2325 arctissima
869 2280 1185 2341 paupertate
1216 2272 1478 2340 superior.
1506 2271 1659 2327 Nunc
1685 2289 1812 2328 vero
1867 2284 2074 2329 tantum

504 2360 715 2413 Domini
754 2375 968 2430 gregem
1000 2361 1158 2430 epulo
1187 2370 1404 2417 coactus
1448 2363 1718 2431 excipere,
1759 2379 1881 2418 cum
1914 2364 2087 2432 supra"

503 2448 810 2505 facultatem
855 2451 908 2506 id
938 2453 1032 2515 sit,
1065 2467 1187 2506 eum
1224 2452 1599 2521 pauperiorem
1636 2454 1838 2523 pugillo
1886 2468 2076 2509 vocem

502 2541 777 2607 genitem,
815 2541 1032 2611 qualem
1085 2541 1366 2613 explicabo
1424 2544 1712 2598 mensam?
1760 2544 2079 2614 Cujusmodi

502 2629 775 2701 leeythum
802 2641 913 2686 tam
946 2632 1165 2687 uberem
1198 2634 1483 2703 reperiam,
1508 2643 1566 2688 ut
1595 2634 1797 2691 Christi
1824 2650 2079 2706 sponsam

504 2721 558 2775 in
607 2723 894 2792 prasentia
948 2722 1285 2794 suscipiam?
1335 2725 1560 2780 Paulum
1617 2726 1782 2798 igitur
1843 2726 2082 2791 uobis,o

504 2814 663 2868 beata
698 2814 882 2877 vidua,
918 2824 1161 2869 mutuum
1186 2815 1314 2871 dato
1348 2815 1541 2871 farinae
1571 2815 1715 2870 fidei.
1741 2815 1928 2871 Potius
1953 2830 2083 2871 vero

504 2913 562 2960 tu
591 2904 729 2974 ipse,
764 2920 800 2961 o
830 2904 989 2961 beate
1026 2906 1166 2973 Elia,
1195 2907 1287 2977 qui
1315 2909 1532 2963 viduam
1561 2910 1704 2963 illam
1731 2908 1974 2963 altricem
1999 2908 2084 2961 vi-

502 2995 696 3053 cissim
750 2996 958 3064 aiebas,
984 3013 1173 3054 vocem
1201 3001 1485 3056 cltaritatis
1546 3000 1871 3056 indefectam
1929 2999 2084 3055 nobis

509 3099 762 3156 suggere.
794 3085 994 3143 Christi
1023 3090 1167 3143 enim
1214 3091 1303 3145 hic
1327 3090 1578 3161 p0pulu's,
1609 3089 1701 3161 qui
1748 3090 2084 3145 lncarnatio-

506 3191 630 3231 item
653 3192 755 3232 una
798 3193 922 3233 cum
955 3178 1136 3250 Moyse
1162 3180 1215 3235 in
1247 3192 1428 3236 monte
1464 3182 1675 3252 hymnis
1706 3191 1791 3236 est
1830 3195 2084 3251 prosecu-

506 3276 595 3323 tus
622 3284 638 3323 :
669 3284 776 3325 non
807 3270 896 3325 ille
930 3270 1131 3341 Moysis
1156 3275 1387 3344 populus
1413 3288 1574 3343 asper
1610 3275 1663 3328 in
1693 3274 1832 3328 bene
1867 3288 2084 3329 meren-

2177 2181 2332 2243 ποτὲ,
2366 2180 2667 2251 φιλοτίμως
2696 2179 3011 2262 ὑπεδέξατο,
3038 2176 3118 2248 τῷ
3146 2176 3295 2246 πόοῳ
3314 2175 3415 2245 τῆς
3443 2171 3753 2243 φιλοξενίας

2176 2271 2238 2325 τὸ
2255 2271 2419 2342 βάθος
2448 2272 2544 2342 τῆς
2571 2270 2761 2333 πενίας
2788 2270 3077 2341 νικήσασα.
3123 2266 3264 2337 Ἐγὼ
3291 2266 3347 2318 δὲ
3375 2264 3470 2319 νῦν
3499 2263 3599 2335 τὴν
3626 2278 3753 2315 τοσ-

2178 2362 2349 2431 αύτην
2380 2363 2475 2416 τοῦ
2533 2363 2804 2416 Δεσπὸτου
2850 2361 3109 2431 ποίμνην,
3174 2358 3268 2411 καὶ
3323 2355 3474 2426 παρὰ
3523 2354 3756 2423 δύναμιν

2179 2457 2364 2527 ὲστιᾷν
2401 2454 2863 2525 ἀναγκαζόμενος,
2903 2452 3101 2524 δρακλς
3129 2450 3475 2522 πτωχοτέραν
3508 2446 3753 2517 γλῶτταν

2180 2546 2595 2617 ἐπιφερόμενος,
2632 2546 2792 2598 ποίαν
2845 2544 2941 2615 μὲν
2973 2540 3210 2596 άπλώσω
3243 2538 3561 2611 τράπεζανς
3596 2540 3755 2590 ποῖον

2179 2637 2237 2693 δὲ
2293 2638 2440 2708 εὕρω
2490 2636 2807 2708 καμψάκιον
2847 2634 3164 2705 πηγάζοντα
3198 2632 3334 2702 (95),
3372 2631 3459 2684 ἴνα
3488 2629 3587 2700 τὴν
3614 2629 3755 2701 Χριο

2182 2729 2309 2784 στοῦ
2333 2729 2553 2801 νύμφην
2580 2730 2717 2800 πρὸς
2740 2729 2802 2782 τὸ
2829 2728 3003 2799 παρὸν
3024 2725 3369 2795 ὐποδέξωμαι
3389 2741 3404 2790 ;
3423 2722 3639 2793 Χρῆσον
3658 2715 3755 2773 οὖν

2179 2824 2335 2894 ήμϊν,
2361 2816 2407 2875 ὦ
2442 2820 2690 2891 μακαρία
2716 2821 2881 2891 χήρα,
2917 2818 3111 2891 μικρὸν
3140 2815 3233 2870 τοῦ
3269 2815 3498 2884 ἀλεύρου
3528 2812 3632 2882 τῆς
3660 2811 3754 2864 πί-

2184 2930 2374 2975 στεως.
2409 2911 2629 2966 Μᾶλλον
2650 2911 2707 2964 δὲ
2732 2909 2917 2975 αὐτὸς,
2954 2902 2998 2961 ὦ
3029 2906 3269 2978 μακάριε
3310 2903 3478 2967 Ἠλία,
3512 2904 3541 2956 6
3569 2900 3755 2955 κάκεί-

2181 3023 2280 3075 νην
2306 3005 2404 3075 τὴν
2446 3005 2625 3075 χήραν
2658 3002 2966 3074 διατρέφων
2993 2998 3091 3071 τήν
3135 2998 3442 3071 τρέφουσαν
3462 3037 3476 3061 ,
3524 2990 3756 3063 φθέγξαι

2184 3099 2280 3152 καὶ
2307 3099 2441 3168 ἡμῖν
2483 3098 2634 3168 ῥῆμα
2666 3092 3075 3165 φιλανθρωπίας
3106 3090 3478 3145 ἀνέκλειπτον.
3513 3083 3755 3156 Χριστοῦ

2182 3188 2293 3259 γάρ
2324 3189 2473 3240 ἐστιν
2508 3179 2662 3248 οὗτος
2687 3187 2715 3239 6
2751 3185 2879 3248 λαὸς
2912 3185 2941 3237 6
2970 3182 3108 3253 μετὰ
3144 3181 3421 3242 Μωῦσέως
3448 3180 3505 3231 ὲν
3535 3177 3609 3247 τῷ
3636 3177 3758 3247 ὀρει

2182 3280 2283 3350 τὴν
2318 3277 2733 3348 ὲνανθρὼπησιν
2768 3276 3015 3347 ὑμνήσας
3039 3290 3054 3305 ο
3092 3274 3191 3343 οὐχ
3236 3275 3263 3326 6
3308 3270 3584 3333 Μωῠσέως
3612 3271 3760 3323 ἐκεῖ·

508 3370 642 3429 tem,
678 3361 831 3430 cujus
872 3363 1277 3433 ingratitudinis
1304 3379 1493 3433 poenas
1522 3365 1774 3435 exegisti,
1815 3380 2083 3437 quemque

2187 3387 2299 3435 vo;,
2333 3371 2363 3422 6
2392 3369 2521 3439 περὶ
2549 3368 2642 3422 τὸν
2672 3367 2968 3437 εὐεργέτην
2998 3364 3314 3435 ἀχάριστος,
3345 3356 3406 3416 οὗ
3440 3363 3541 3432 τῆς
3576 3363 3760 3429 ἀγνω-

509 3453 619 3512 tuis
644 3453 923 3523 subjecisti
948 3453 1194 3522 judiciis.
1229 3452 1435 3511 Videns
1468 3456 1611 3511 enim
1643 3456 1949 3511 Judzeorum
1982 3474 2083 3527 po-

2195 3461 2433 3534 μοσύνης
2462 3459 2771 3530 είσεπράξω
2802 3458 2901 3521 τὰς
2924 3458 3101 3522 δίκας,
3122 3460 3246 3519 ταῖς
3288 3458 3409 3519 σαῖς
3437 3454 3599 3508 αὐτὸν
3636 3453 3766 3506 ἔμπο-

509 3545 697 3615 pulum
740 3544 1001 3614 pmpheta
1053 3545 1209 3601 bonis
1247 3554 1354 3600 tam
1396 3560 1427 3601 θ
1483 3547 1644 3615 ctelo,
1693 3562 1854 3617 quam
1889 3563 1921 3603 e
1971 3550 2086 3603 sols

510 3636 686 3707 partis
735 3636 1025 3692 immodice
1058 3635 1453 3704 luxuriantem,
1507 3638 1751 3694 alimenti
1809 3650 2085 3698 auctorem

512 3728 876 3797 ignorantem,
903 3736 958 3783 et
995 3727 1089 3784 Dei
1123 3744 1250 3799 erga
1278 3745 1338 3785 se
1362 3731 1681 3786 charitatem
1718 3734 1769 3786 in
1798 3734 2088 3803 impietatis

514 3819 802 3874 materiam
853 3829 1281 3885 convertentem.
1318 3822 1631 3892 cultumque
1679 3824 1791 3880 Deo
1842 3826 2083 3881 debitum

516 3908 572 3962 in
597 3907 865 3962 daemonia
911 3909 1349 3975 transferentem,
1382 3911 1463 3964 ira
1496 3912 1715 3979 pietatis
1750 3911 2087 3967 auxiliatrice

520 4006 821 4065 assumpta,
846 4013 1033 4052 vocem
1078 4000 1281 4062 emisit,
1316 4014 1422 4068 qua
1453 4000 1592 4055 cmlo
1620 4001 1790 4070 legem
1817 4001 2084 4057 siccitatis

522 4087 795 4155 imposuit,
821 4095 876 4141 et
899 4089 1222 4143 sententiam
1254 4088 1604 4159 jurejurando
1641 4089 1916 4146 aﬂirmans
1943 4092 2091 4147 clau-

521 4184 637 4229 stra
660 4174 892 4230 nubibus
917 4174 1138 4245 injecit:
1178 4175 1311 4232 Vivit
1331 4177 1610 4244 Dominus,
1633 4196 1737 4234 non
1756 4181 1852 4235 erit
1885 4198 1978 4249 per
2000 4198 2088 4238 eos

521 4278 689 4320 annos
728 4277 837 4326 ros,
870 4280 1031 4334 neque
1059 4263 1233 4332 pluvia
1272 4282 1430 4334 super
1468 4275 1663 4321 terram
1679 4270 1748 4323 “.
1779 4267 1824 4325 Ο
1856 4270 1935 4325 ira
1971 4272 2088 4341 pie-

523 4350 655 4406 tatis
710 4352 865 4422 plena
893 4355 907 4408 ι
938 4369 973 4408 o
1012 4354 1216 4422 lingua,
1267 4370 1388 4425 quae
1430 4358 1626 4412 caelum
1661 4358 1868 4416 frenas!
1912 4375 1945 4416 ο
1991 4362 2092 4417 Do-

524 4442 655 4499 mini
686 4444 738 4499 in
765 4444 1015 4501 homines
1043 4446 1317 4503 charitasi
1338 4462 1494 4503 servo
1533 4451 1813 4519 permittit,
1846 4466 1933 4507 res
1965 4467 2096 4507 con-

2192 3554 2406 3609 ϐάλλων
2448 3552 2810 3621 ἀποφάσεσιν.
2857 3549 3028 3622 Ὁρῶν
3060 3548 3169 3619 γὰρ
3202 3548 3294 3602 τὸν
3325 3547 3436 3601 τῶν
3492 3546 3765 3600 Ἰουδαίων

2191 3644 2322 3698 λαὸν
2351 3644 2379 3697 6
2410 3641 2717 3716 προφήτης,
2746 3642 2860 3702 τοῖς
2887 3639 2985 3710 μὲν
3018 3638 3075 3707 ἐξ
3109 3636 3342 3709 οὐρανοῦ
3368 3636 3462 3689 καὶ
3490 3636 3594 3707 γῆς
3624 3636 3765 3703 άγα-

2196 3734 2309 3797 Θοίς
2348 3731 2803 3803 ὐπερτρυφῶντα,
2843 3729 2935 3782 τὸν
2978 3729 3035 3783 δὲ
3065 3728 3164 3797 τῆς
3200 3728 3403 3800 τροφῆς
3463 3724 3767 3794 ἀγνοοῦντα

2192 3823 2501 3895 παραίτιον,
2548 3822 2644 3874 καὶ
2696 3820 2794 3891 τὴν
2850 3820 3002 3874 θείαν
3049 3817 3459 3889 φιλανθρωπίαν
3511 3817 3767 3881 ἀσεσείας

2200 3910 2558 3982 ποιουμένους
2584 3909 2865 3972 ὑπόθεσιν,
2897 3910 2992 3964 mi.
3022 3909 3118 3962 τοῦ
3144 3909 3379 3962 Κτίστου
3402 3908 3462 3966 τὸ
3486 3907 3650 3970 σέϐας
3679 3926 3770 3979 με·

2197 4002 2459 4066 ταθέντας
2505 4002 2599 4055 ἐπὶ
2636 4001 2763 4065 τοὺς
2809 4000 3098 4071 δαίμονας·
3149 4000 3435 4071 σύμμαχον
3484 3999 3770 4062 εὐσεϐείας

2196 4091 2289 4146 τὸν
2318 4091 2489 4162 θυμὸν
2507 4091 2977 4163 προστησάμενος,
3001 4093 3182 4162 άφῆκε
3202 4090 3405 4162 φωνὴν,
3420 4089 3582 4160 νόμον
3602 4090 3771 4159 ἀϐρο-

2196 4180 2322 4252 χίας
2343 4179 2511 4244 τιθεὶς
2538 4179 2773 4252 οὐρανῷ,
2802 4181 2896 4236 καὶ
2913 4181 3014 4251 τὴν
3043 4181 3318 4249 ἀπόφασιν
3343 4181 3489 4251 ὅρκῳ
3513 4178 3767 4248 σφίγξας,

2197 4264 2483 4344 κλείθροις*
2506 4272 2607 4336 τάς
2644 4272 2885 4341 νεφέλας
2923 4271 3163 4325 ὑπέϐαλε
3185 4289 3200 4303 ο
3252 4270 3340 4340 lii
3374 4272 3592 4339 Κύριος
3626 4270 3768 4341 (94),

2198 4365 2311 4425 οὐκ
2345 4361 2519 4417 ἔσται
2547 4363 2635 4429 εις
2664 4361 2739 4417 τὰ
2769 4362 2876 4431 ἐτη
2912 4362 3096 4417 ταῦτα
3124 4362 3367 4430 δρόσος,
3396 4362 3435 4432 ἢ
3462 4362 3639 4429 ὑετὸς
3668 4363 3770 4416 ἐπὶ

2199 4452 2311 4521 τῆς
2348 4451 2490 4524 γῆς.
2516 4453 2582 4507 Ὠ
2613 4452 2783 4525 θυμὸς
2834 4451 3146 4517 εὐσεϐείαςῐ
3185 4452 3250 4508 Ὦ
3295 4452 3519 4522 γλῶσσα
3554 4451 3774 4523 χαλινὸς

602 4621 649 4658 ¹⁹
670 4619 813 4678 Psal.
837 4636 1024 4689 uelit,
1058 4621 1143 4678 Π.
1217 4624 1261 4657 ⁸⁸
1282 4624 1427 4682 PsaL
1458 4643 1645 4693 xxxix,
1681 4630 1735 4685 '5.
1812 4628 1863 4663 η
1895 4629 1957 4685 lll
1992 4631 2126 4703 Reg.
2161 4643 2295 4696 xvu,
2326 4628 2379 4683 Ι.

1752 4789 1858 4845 CL.
1902 4787 2269 4857 DAUSQUEII
2309 4787 2538 4845 ΝΟΤΕ.

602 4964 717 5034 (9‘2)
758 4965 828 5019 Τὸ
855 4963 1007 5036 ὑπὲρ
1028 4962 1205 5035 νέφη.
1239 4965 1399 5036 Forte
1439 4966 1531 5019 τὸν
1556 4964 1856 5036 ὐπρνεφῆ.

604 5033 717 5105 (9.5)
747 5033 1481 5105 Καμψὰκιον“πηγάζοντα.
1510 5033 1863 5089 δετίιιέιιόιιιη
1892 5042 1976 5089 est
2004 5044 2098 5089 aut

535 5104 850 5175 καμψάκιον
881 5104 1147 5175 πηγάζον,
1168 5104 1261 5159 aut
1289 5105 1588 5175 καμψάκην
1616 5104 1948 5175 πηγάζοντατ
1968 5105 2100 5175 Stis-

534 5173 679 5246 pic‘io‘
727 5184 811 5246 est
859 5174 986 5227 olim
1039 5174 1203 5246 fuisse
1246 5173 1467 5246 apud:
1502 5173 2099 5246 ΙΙεεγεὶιῂιεεΚάμψα,

537 5241 701 5315 θήκη.
737 5242 1097 5315 Quareuapud
1127 5241 1343 5299 Festum
1379 5241 1393 5298 Ξ
1426 5241 1675 5314 ϐαρεωά
1709 5241 1889 5315 (ἕνωτο
1924 5241 2101 5312 appel-

537 5312 741 5377 (amur,
764 5313 857 5383 has
897 5312 977 5365 illi
996 5312 1303 5383 ίκάμπτρας
1340 5312 1542 5381 dicuni,
1581 5315 1668 5366 ubi
1697 5314 1912 5380 quidam
1947 5329 2103 5383 repo-

539 5393 677 5453 nunt
708 5382 964 5453 κύμψας.
996 5382 1096 5453 ego
1137 5383 1381 5452 κάμψας.
1441 5384 1549 5440 Imo
1582 5384 1744 5438 etiam
1784 5384 1982 5438 dictum
2012 5382 2103 5437 est

538 5451 881 5521 κάψαηηψθ
922 5451 1126 5505 Latinis
1172 5451 1277 5521 vos
1304 5455 1616 5519 permansit,
1674 5455 1977 5507 immutata.
2008 5453 2103 5508 Ci-

540 5519 666 5594 cero
696 5520 768 5575 De
790 5520 1156 5594 Divinatione:
1185 5519 1324 5585 Quid
1353 5524 1501 5589 mihi,
1530 5541 1685 5594 quam
1718 5521 1896 5575 multis
1922 5532 2102 5577 custo-

534 5592 694 5647 dibus
729 5607 857 5654 Opus
888 5591 1008 5653 erit,
1041 5591 1089 5643 si
1122 5599 1170 5643 te
1203 5594 1357 5645 semel
1412 5598 1479 5646 ad
1530 5591 1670 5647 ineas
1705 5608 1890 5658 capsas
1936 5593 2103 5646 admi-

537 5676 658 5725 pero
680 5660 872 5716 ?Patet
891 5675 955 5714 ex
974 5660 1332 5729 originatioue
1357 5678 1369 5713 :
1407 5663 1645 5717 nascitur
1674 5661 1816 5714 enint
1847 5677 1911 5714 ex
1935 5664 2099 5717 verbo

532 5732 758 5795 ηιάπτω,
786 5730 925 5798 quod
949 5740 1037 5800 est
1076 5731 1290 5799 proprie
1307 5732 1589 5798 prehendo.
1625 5731 1853 5786 Festus:
1891 5730 2096 5800 Capsit,

540 5800 898 5871 archeuderit.
930 5799 1079 5865 Quod
1103 5816 1231 5854 vero
1259 5802 1382 5871 equi
1420 5816 1450 5856 e
1483 5802 1743 5870 praesepio
1772 5799 1975 5871 fenum,
2006 5810 2099 5855 aut

544 5870 971 5943 grat_neu_pritts
999 5869 1424 5943 appreltcndant.
1456 5869 1566 5925 tum
1598 5874 1778 5933 edant,
1830 5869 2095 5943 Homerus

546 5939 702 6008 cquis
728 5939 933 6008 tribuit,
969 5939 1029 5994 τὸ
1059 5939 1248 6011 κάψαι,
1302 5939 1441 6014 qliod
1477 5958 1580 6000 non
1610 5950 1692 5997 est
1726 5948 1832 5995 tam
1875 5939 2093 6005 ἐσθίειν,

2132 4945 2177 5001 Ῑ)
2204 4983 2366 5035 quam
2392 4966 2585 5038 χανδὸν
2612 4967 2831 5023 ἐσθίειν.
2870 4968 2996 5022 Inde
3024 4982 3239 5037 quoque
3263 4978 3345 5023 est
3366 4967 3765 5038 καψιδρώτιον,

2202 5038 2355 5107 quasi
2394 5037 2576 5103 dicas,
2608 5038 3044 5107 capisudorium.’
3098 5038 3226 5093 Post
3252 5054 3337 5107 fex
3373 5037 3522 5107 κάψα
3562 5038 3762 5092 fact-itm

2203 5106 2419 5178 κάμψα,
2452 5117 2510 5161 ιιι
2537 5123 2613 5178 ex
2656 5107 2884 5178 άὸροτος
2924 5106 3213 5177 ἄμϐροτος.
3249 5106 3432 5176 Neque
3458 5106 3594 5178 :vero
3624 5108 3769 5161 absi-

2206 5125 2276 5162 κα
2322 5125 2419 5178 ψα,
2452 5125 2510 5161 ιιι
2548 5125 2613 5161 ex
2656 5125 2884 5178 αοροτος
2924 5125 3213 5177 αμοροτος.
3250 5125 3432 5176 neque
3464 5125 3593 5161 vero
3624 5125 3767 5161 3051-

2206 5125 2335 5232 miiia
2377 5192 2443 5233 ex
2483 5177 2675 5230 κάπτω
2707 5188 2886 5231 ortum
2938 5178 3139 5231 habere
3190 5178 3339 5244 capio
3367 5191 3386 5228 :
3424 5177 3689 5244 siquidem
3734 5194 3767 5229 τ

2206 5248 2407 5302 caduca
2426 5258 2509 5301 est
2529 5247 2743 5300 littera:
2774 5245 2985 5310 τύπτω,
3017 5245 3233 5300 ἐτυπον.
3254 5248 3365 5313 Qua
3398 5247 3649 5313 adempta
3680 5245 3771 5300 lit-

2212 5326 2322 5370 tera
2353 5315 2601 5385 κάπηλος
2632 5317 2755 5387 inde
2785 5331 2998 5387 quoque
3022 5317 3146 5387 duci
3190 5316 3389 5385 poterit
3435 5320 3505 5369 ob
3539 5314 3773 5387 avidita-

2208 5395 2317 5441 tem
2347 5385 2818 5456 apprelzendendi,
2850 5402 2953 5455 qua
2995 5386 3312 5456 plerumque
3353 5385 3772 5456 correpti__sunt

2208 5453 2506 5511 iustitOres.
2546 5455 2629 5509 Ab
2656 5453 2882 5513 .eadetn
2925 5455 3134 5523 origine
3159 5453 3242 5511 est
3286 5453 3631 5523 capispoculi
3671 5470 3770 5507 va-

2207 5527 2393 5580 stioris
2423 5540 2616 5595 genus,
2667 5540 2767 5595 nec
2794 5522 3375 5595 abltorretcopistrum'.
3402 5522 3651 5595 Tandem
3701 5523 3771 5575 ad

2212 5592 2448 5664 primqu
2479 5594 2677 5648 reversi
2705 5595 2943 5665 dicemus
2966 5594 3261 5665 καμψάκην
3281 5635 3296 5656 ,
3329 5594 3413 5665 vel
3455 5592 3773 5665 καμψάκιαν

2210 5661 2329 5719 esse
2356 5664 2628 5734 quodlibet
2660 5663 2864 5734 vasculi
2902 5661 3073 5734 geuus
3097 5661 3276 5723 capax
3306 5663 3433 5729 olei,
3465 5661 3598 5729 viui,
3638 5661 3773 5717 fari—

2202 5751 2298 5789 na}.
2337 5733 2596 5788 similisve
2640 5733 2737 5788 rei.
2890 5733 2918 5787 ᾖ
3748 5778 3754 5783 ,

2270 5802 2493 5875 (9ηΖῇ
2518 5803 2754 5871 Κύριος.
2804 5803 3154 5875 Pauloalitcr
3182 5818 3434 5875 expressa
3472 5814 3599 5860 sunt
3653 5802 3770 5857 haec

2204 5875 2346 5930 tertii
2384 5874 2588 5946 Regum
2620 5888 2737 5941 cap.
2771 5889 2900 5929 xm.
2930 5873 3080 5929 Vide.
