  <div class='ocr_page' id='page_1' title='image "/cluster/home/n/w/nwhite01/storage/ocr_20150623/85/hvd.32044011888864/082.png"; bbox 0 0 4102 6560; ppageno 0'>
   <div class='ocr_carea' id='block_1_1' title="bbox 316 467 423 529">
    <p class='ocr_par' dir='ltr' id='par_1_1' title="bbox 316 467 423 529">
     <span class='ocr_line' id='line_1_1' title="bbox 316 467 423 529; baseline 0.047 -6"><span class='ocrx_word' id='word_1_1' title='bbox 316 467 423 529; x_wconf 68' lang='lat'><strong>149</strong></span> 
     </span>
    </p>
   </div>
   <div class='ocr_carea' id='block_1_2' title="bbox 1724 466 2144 530">
    <p class='ocr_par' dir='ltr' id='par_1_2' title="bbox 1724 466 2144 530">
     <span class='ocr_line' id='line_1_2' title="bbox 1724 466 2144 530; baseline 0.007 -3"><span class='ocrx_word' id='word_1_2' title='bbox 1724 466 2005 527; x_wconf 81' lang='lat' dir='ltr'><strong>ORATIO</strong></span> <span class='ocrx_word' id='word_1_3' title='bbox 2040 469 2144 530; x_wconf 83' lang='lat' dir='ltr'><strong>XI.</strong></span> 
     </span>
    </p>
   </div>
   <div class='ocr_carea' id='block_1_3' title="bbox 3478 472 3577 533">
    <p class='ocr_par' dir='ltr' id='par_1_3' title="bbox 3478 472 3577 533">
     <span class='ocr_line' id='line_1_3' title="bbox 3478 472 3577 533; baseline 0.04 -3"><span class='ocrx_word' id='word_1_4' title='bbox 3478 472 3577 533; x_wconf 73' lang='lat'><strong>150</strong></span> 
     </span>
    </p>
   </div>
   <div class='ocr_carea' id='block_1_4' title="bbox 305 572 1907 650">
    <p class='ocr_par' dir='ltr' id='par_1_4' title="bbox 305 572 1888 647">
     <span class='ocr_line' id='line_1_4' title="bbox 305 572 1888 647; baseline 0.001 -20"><span class='ocrx_word' id='word_1_5' title='bbox 305 572 585 645; x_wconf 70' lang='grc' dir='ltr'>οὑρανοῦέ</span> <span class='ocrx_word' id='word_1_6' title='bbox 620 576 687 627; x_wconf 83' lang='grc' dir='ltr'>Ὢ</span> <span class='ocrx_word' id='word_1_7' title='bbox 718 573 1097 646; x_wconf 71' lang='grc' dir='ltr'><strong>φιλανθρωπία</strong></span> <span class='ocrx_word' id='word_1_8' title='bbox 1130 575 1404 632; x_wconf 86' lang='grc' dir='ltr'>Δεσπότου</span> <span class='ocrx_word' id='word_1_9' title='bbox 1431 579 1443 631; x_wconf 82' lang='lat'>!</span> <span class='ocrx_word' id='word_1_10' title='bbox 1493 576 1771 630; x_wconf 79' lang='grc' dir='ltr'>Ἐνδίδωσι</span> <span class='ocrx_word' id='word_1_11' title='bbox 1809 574 1888 647; x_wconf 83' lang='grc' dir='ltr'>τῷ</span> 
     </span>
    </p>
   </div>
   <div class='ocr_carea' id='block_1_5' title="bbox 2010 572 3577 650">
    <p class='ocr_par' dir='ltr' id='par_1_5' title="bbox 2010 578 3577 650">
     <span class='ocr_line' id='line_1_5' title="bbox 2010 578 3577 650; baseline 0.003 -19"><span class='ocrx_word' id='word_1_12' title='bbox 2010 578 2131 631; x_wconf 88' lang='lat' dir='ltr'><strong>litas</strong></span> <span class='ocrx_word' id='word_1_13' title='bbox 2154 579 2478 648; x_wconf 77' lang='lat' dir='ltr'><strong>gubernare.</strong></span> <span class='ocrx_word' id='word_1_14' title='bbox 2500 580 2785 638; x_wconf 82' lang='lat' dir='ltr'><strong>Reveritus</strong></span> <span class='ocrx_word' id='word_1_15' title='bbox 2809 579 3075 650; x_wconf 81' lang='lat' dir='ltr'><strong>siquidem</strong></span> <span class='ocrx_word' id='word_1_16' title='bbox 3095 590 3178 636; x_wconf 91' lang='lat' dir='ltr'><strong>est</strong></span> <span class='ocrx_word' id='word_1_17' title='bbox 3198 579 3446 636; x_wconf 88' lang='lat' dir='ltr'><strong>ardorem</strong></span> <span class='ocrx_word' id='word_1_18' title='bbox 3464 582 3577 650; x_wconf 74' lang='lat' dir='ltr'><strong>pie~</strong></span> 
     </span>
    </p>
   </div>
   <div class='ocr_carea' id='block_1_6' title="bbox 290 665 1899 740">
    <p class='ocr_par' dir='ltr' id='par_1_6' title="bbox 290 665 1899 740">
     <span class='ocr_line' id='line_1_6' title="bbox 290 665 1899 740; baseline 0 -21"><span class='ocrx_word' id='word_1_19' title='bbox 290 665 505 739; x_wconf 69' lang='grc' dir='ltr'><strong>⁸οἰκέτῃ</strong></span> <span class='ocrx_word' id='word_1_20' title='bbox 547 665 815 735; x_wconf 72' lang='grc' dir='ltr'><strong>διοικῆσαι</strong></span> <span class='ocrx_word' id='word_1_21' title='bbox 841 669 942 737; x_wconf 79' lang='grc' dir='ltr'>τὴν</span> <span class='ocrx_word' id='word_1_22' title='bbox 985 667 1185 721; x_wconf 79' lang='grc' dir='ltr'>κτίσιν·</span> <span class='ocrx_word' id='word_1_23' title='bbox 1230 667 1431 740; x_wconf 76' lang='grc' dir='ltr'>ᾐδέσθη</span> <span class='ocrx_word' id='word_1_24' title='bbox 1477 668 1587 737; x_wconf 82' lang='grc' dir='ltr'><strong>γὰρ</strong></span> <span class='ocrx_word' id='word_1_25' title='bbox 1617 668 1717 739; x_wconf 82' lang='grc' dir='ltr'>τῆς</span> <span class='ocrx_word' id='word_1_26' title='bbox 1746 668 1899 721; x_wconf 79' lang='grc' dir='ltr'>εὐσε-</span> 
     </span>
    </p>
   </div>
   <div class='ocr_carea' id='block_1_7' title="bbox 307 756 1900 831">
    <p class='ocr_par' dir='ltr' id='par_1_7' title="bbox 307 756 1900 831">
     <span class='ocr_line' id='line_1_7' title="bbox 307 756 1900 831; baseline 0.003 -22"><span class='ocrx_word' id='word_1_27' title='bbox 307 756 470 821; x_wconf 83' lang='grc' dir='ltr'>ϐείας</span> <span class='ocrx_word' id='word_1_28' title='bbox 502 757 599 810; x_wconf 78' lang='grc' dir='ltr'>τὸν</span> <span class='ocrx_word' id='word_1_29' title='bbox 647 758 828 827; x_wconf 78' lang='grc' dir='ltr'>ζῆλον,</span> <span class='ocrx_word' id='word_1_30' title='bbox 855 759 1083 824; x_wconf 76' lang='grc' dir='ltr'>καὶτὰς</span> <span class='ocrx_word' id='word_1_31' title='bbox 1148 759 1304 831; x_wconf 76' lang='grc' dir='ltr'>ἡνίας</span> <span class='ocrx_word' id='word_1_32' title='bbox 1350 760 1451 830; x_wconf 79' lang='grc' dir='ltr'>τῆς</span> <span class='ocrx_word' id='word_1_33' title='bbox 1491 760 1719 823; x_wconf 82' lang='grc' dir='ltr'><strong>κτίσεως</strong></span> <span class='ocrx_word' id='word_1_34' title='bbox 1760 776 1900 829; x_wconf 53' lang='grc' dir='ltr'>παρ.</span> 
     </span>
    </p>
   </div>
   <div class='ocr_carea' id='block_1_8' title="bbox 308 847 1900 920">
    <p class='ocr_par' dir='ltr' id='par_1_8' title="bbox 308 847 1900 920">
     <span class='ocr_line' id='line_1_8' title="bbox 308 847 1900 920; baseline 0.002 -20"><span class='ocrx_word' id='word_1_35' title='bbox 308 847 588 918; x_wconf 78' lang='grc' dir='ltr'>εχώρησε.</span> <span class='ocrx_word' id='word_1_36' title='bbox 610 847 694 916; x_wconf 76' lang='grc' dir='ltr'><strong><em>Ζῇ</em></strong></span> <span class='ocrx_word' id='word_1_37' title='bbox 710 849 949 918; x_wconf 82' lang='grc' dir='ltr'>Κύριος.</span> <span class='ocrx_word' id='word_1_38' title='bbox 966 849 1189 920; x_wconf 83' lang='grc' dir='ltr'>Ὀμνύει</span> <span class='ocrx_word' id='word_1_39' title='bbox 1210 849 1353 904; x_wconf 78' lang='grc' dir='ltr'>κατὰ</span> <span class='ocrx_word' id='word_1_40' title='bbox 1382 849 1477 903; x_wconf 87' lang='grc' dir='ltr'><strong>τοῦ</strong></span> <span class='ocrx_word' id='word_1_41' title='bbox 1515 850 1818 914; x_wconf 81' lang='grc' dir='ltr'><strong>κτίσαντος,</strong></span> <span class='ocrx_word' id='word_1_42' title='bbox 1834 850 1900 903; x_wconf 83' lang='grc' dir='ltr'>ἵν’</span> 
     </span>
    </p>
   </div>
   <div class='ocr_carea' id='block_1_9' title="bbox 309 940 1899 1014">
    <p class='ocr_par' dir='ltr' id='par_1_9' title="bbox 309 940 1899 1014">
     <span class='ocr_line' id='line_1_9' title="bbox 309 940 1899 1014; baseline 0.003 -22"><span class='ocrx_word' id='word_1_43' title='bbox 309 940 615 1011; x_wconf 74' lang='grc' dir='ltr'><strong>αἰδουμένη</strong></span> <span class='ocrx_word' id='word_1_44' title='bbox 644 941 738 994; x_wconf 81' lang='grc' dir='ltr'><strong>τὸν</strong></span> <span class='ocrx_word' id='word_1_45' title='bbox 770 943 931 1011; x_wconf 83' lang='grc' dir='ltr'>ὅρκον</span> <span class='ocrx_word' id='word_1_46' title='bbox 957 944 991 1013; x_wconf 90' lang='grc' dir='ltr'><strong>ή</strong></span> <span class='ocrx_word' id='word_1_47' title='bbox 1028 943 1207 1006; x_wconf 82' lang='grc' dir='ltr'><strong>κτίσις</strong></span> <span class='ocrx_word' id='word_1_48' title='bbox 1228 943 1427 1014; x_wconf 89' lang='grc' dir='ltr'>ἐπίσχῃ</span> <span class='ocrx_word' id='word_1_49' title='bbox 1461 942 1560 1014; x_wconf 87' lang='grc' dir='ltr'><strong>τὴν</strong></span> <span class='ocrx_word' id='word_1_50' title='bbox 1598 943 1899 1013; x_wconf 79' lang='grc' dir='ltr'><strong>ἐνέργειαν.</strong></span> 
     </span>
    </p>
   </div>
   <div class='ocr_carea' id='block_1_10' title="bbox 308 1028 1902 1104">
    <p class='ocr_par' dir='ltr' id='par_1_10' title="bbox 308 1028 1902 1104">
     <span class='ocr_line' id='line_1_10' title="bbox 308 1028 1902 1104; baseline 0.003 -22"><span class='ocrx_word' id='word_1_51' title='bbox 308 1028 403 1096; x_wconf 82' lang='grc' dir='ltr'><em>Ζῇ</em></span> <span class='ocrx_word' id='word_1_52' title='bbox 431 1031 675 1098; x_wconf 81' lang='grc' dir='ltr'>Κύριος.</span> <span class='ocrx_word' id='word_1_53' title='bbox 720 1031 956 1103; x_wconf 54' lang='grc' dir='ltr'>Ἐπειδὴ</span> <span class='ocrx_word' id='word_1_54' title='bbox 1000 1032 1187 1101; x_wconf 73' lang='grc' dir='ltr'>φησὶν,</span> <span class='ocrx_word' id='word_1_55' title='bbox 1226 1032 1472 1086; x_wconf 85' lang='grc' dir='ltr'>Ἰουδαῖοι</span> <span class='ocrx_word' id='word_1_56' title='bbox 1502 1032 1646 1104; x_wconf 83' lang='grc' dir='ltr'>πρὸς</span> <span class='ocrx_word' id='word_1_57' title='bbox 1661 1031 1761 1103; x_wconf 82' lang='grc' dir='ltr'>τὴν</span> <span class='ocrx_word' id='word_1_58' title='bbox 1792 1030 1902 1086; x_wconf 86' lang='grc' dir='ltr'><strong>τῶν</strong></span> 
     </span>
    </p>
   </div>
   <div class='ocr_carea' id='block_1_11' title="bbox 308 1121 1904 1196">
    <p class='ocr_par' dir='ltr' id='par_1_11' title="bbox 308 1121 1904 1196">
     <span class='ocr_line' id='line_1_11' title="bbox 308 1121 1904 1196; baseline 0.003 -23"><span class='ocrx_word' id='word_1_59' title='bbox 308 1121 554 1174; x_wconf 70' lang='grc' dir='ltr'>εἰδώλων</span> <span class='ocrx_word' id='word_1_60' title='bbox 587 1122 892 1196; x_wconf 70' lang='grc' dir='ltr'>θρησκείαν</span> <span class='ocrx_word' id='word_1_61' title='bbox 920 1124 1261 1188; x_wconf 81' lang='grc' dir='ltr'>νενεύκασιν,</span> <span class='ocrx_word' id='word_1_62' title='bbox 1290 1124 1479 1196; x_wconf 84' lang='grc' dir='ltr'>ἐπειδὴ</span> <span class='ocrx_word' id='word_1_63' title='bbox 1508 1124 1599 1178; x_wconf 82' lang='grc' dir='ltr'><strong>τὸν</strong></span> <span class='ocrx_word' id='word_1_64' title='bbox 1639 1123 1904 1189; x_wconf 81' lang='grc' dir='ltr'>ζωοποιὸν</span> 
     </span>
    </p>
   </div>
   <div class='ocr_carea' id='block_1_12' title="bbox 312 1206 1901 1286">
    <p class='ocr_par' dir='ltr' id='par_1_12' title="bbox 312 1206 1901 1286">
     <span class='ocr_line' id='line_1_12' title="bbox 312 1206 1901 1286; baseline 0 -18"><span class='ocrx_word' id='word_1_65' title='bbox 312 1214 783 1284; x_wconf 76' lang='grc' dir='ltr'>καταλείψαντες,</span> <span class='ocrx_word' id='word_1_66' title='bbox 827 1218 942 1279; x_wconf 77' lang='grc' dir='ltr'>τοῖς</span> <span class='ocrx_word' id='word_1_67' title='bbox 986 1217 1324 1285; x_wconf 81' lang='grc' dir='ltr'>νεκροποιοῖς</span> <span class='ocrx_word' id='word_1_68' title='bbox 1366 1216 1594 1279; x_wconf 76' lang='grc' dir='ltr'>ἑαυτοὺς</span> <span class='ocrx_word' id='word_1_69' title='bbox 1648 1206 1901 1286; x_wconf 79' lang='grc' dir='ltr'>παραδώ-</span> 
     </span>
    </p>
   </div>
   <div class='ocr_carea' id='block_1_13' title="bbox 310 1306 1905 1377">
    <p class='ocr_par' dir='ltr' id='par_1_13' title="bbox 310 1306 1905 1377">
     <span class='ocr_line' id='line_1_13' title="bbox 310 1306 1905 1377; baseline 0 -18"><span class='ocrx_word' id='word_1_70' title='bbox 310 1324 449 1359; x_wconf 84' lang='grc' dir='ltr'>κασι</span> <span class='ocrx_word' id='word_1_71' title='bbox 484 1307 600 1377; x_wconf 83' lang='lat'><strong>(95)</strong></span> <span class='ocrx_word' id='word_1_72' title='bbox 628 1306 865 1377; x_wconf 69' lang='grc' dir='ltr'><strong>⁵δαίμοσι</strong></span> <span class='ocrx_word' id='word_1_73' title='bbox 885 1324 897 1337; x_wconf 90' lang='grc'><strong>·</strong></span> <span class='ocrx_word' id='word_1_74' title='bbox 946 1306 1177 1361; x_wconf 82' lang='grc' dir='ltr'>πάθεσιν</span> <span class='ocrx_word' id='word_1_75' title='bbox 1208 1308 1429 1371; x_wconf 78' lang='grc' dir='ltr'>οἰκείοις</span> <span class='ocrx_word' id='word_1_76' title='bbox 1480 1307 1572 1361; x_wconf 83' lang='grc' dir='ltr'><strong>τὸν</strong></span> <span class='ocrx_word' id='word_1_77' title='bbox 1602 1306 1798 1361; x_wconf 86' lang='grc' dir='ltr'>Ζῶντα</span> <span class='ocrx_word' id='word_1_78' title='bbox 1825 1306 1905 1359; x_wconf 84' lang='grc' dir='ltr'><strong>δι-</strong></span> 
     </span>
    </p>
   </div>
   <div class='ocr_carea' id='block_1_14' title="bbox 304 1390 1905 1469">
    <p class='ocr_par' dir='ltr' id='par_1_14' title="bbox 304 1390 1905 1469">
     <span class='ocr_line' id='line_1_14' title="bbox 304 1390 1905 1469; baseline 0 -18"><span class='ocrx_word' id='word_1_79' title='bbox 304 1398 714 1452; x_wconf 74' lang='grc' dir='ltr'>δασκέσθωσαν</span> <span class='ocrx_word' id='word_1_80' title='bbox 737 1414 753 1429; x_wconf 73' lang='grc'><strong>⁸</strong></span> <span class='ocrx_word' id='word_1_81' title='bbox 778 1398 871 1451; x_wconf 81' lang='grc' dir='ltr'>καὶ</span> <span class='ocrx_word' id='word_1_82' title='bbox 905 1397 975 1451; x_wconf 85' lang='grc' dir='ltr'><strong>δι’</strong></span> <span class='ocrx_word' id='word_1_83' title='bbox 1005 1390 1081 1453; x_wconf 82' lang='grc' dir='ltr'>ὧν</span> <span class='ocrx_word' id='word_1_84' title='bbox 1108 1399 1515 1469; x_wconf 80' lang='grc' dir='ltr'>ἀποθνήσκουσι</span> <span class='ocrx_word' id='word_1_85' title='bbox 1545 1398 1637 1451; x_wconf 81' lang='grc' dir='ltr'><strong>τὸν</strong></span> <span class='ocrx_word' id='word_1_86' title='bbox 1671 1397 1905 1452; x_wconf 86' lang='grc' dir='ltr'>θάνατον</span> 
     </span>
    </p>
   </div>
   <div class='ocr_carea' id='block_1_15' title="bbox 306 1487 1906 1558">
    <p class='ocr_par' dir='ltr' id='par_1_15' title="bbox 306 1487 1906 1558">
     <span class='ocr_line' id='line_1_15' title="bbox 306 1487 1906 1558; baseline 0 -18"><span class='ocrx_word' id='word_1_87' title='bbox 306 1488 804 1543; x_wconf 71' lang='grc' dir='ltr'>παιδευὲσθωσαν*</span> <span class='ocrx_word' id='word_1_88' title='bbox 842 1487 1188 1558; x_wconf 79' lang='grc' dir='ltr'>δεχέσθωσαν</span> <span class='ocrx_word' id='word_1_89' title='bbox 1225 1490 1314 1542; x_wconf 79' lang='grc' dir='ltr'><strong>τὸν</strong></span> <span class='ocrx_word' id='word_1_90' title='bbox 1356 1488 1515 1557; x_wconf 79' lang='grc' dir='ltr'>λιμὸν</span> <span class='ocrx_word' id='word_1_91' title='bbox 1558 1487 1906 1557; x_wconf 83' lang='grc' dir='ltr'>παιδαγωγὸν</span> 
     </span>
    </p>
   </div>
   <div class='ocr_carea' id='block_1_16' title="bbox 304 1578 1903 1651">
    <p class='ocr_par' dir='ltr' id='par_1_16' title="bbox 304 1578 1903 1651">
     <span class='ocr_line' id='line_1_16' title="bbox 304 1578 1903 1651; baseline 0.001 -20"><span class='ocrx_word' id='word_1_92' title='bbox 304 1578 642 1644; x_wconf 77' lang='grc' dir='ltr'>εὐσεϐείας,</span> <span class='ocrx_word' id='word_1_93' title='bbox 700 1578 1121 1649; x_wconf 79' lang='grc' dir='ltr'>μανθανέτωσαν</span> <span class='ocrx_word' id='word_1_94' title='bbox 1165 1579 1273 1633; x_wconf 84' lang='grc' dir='ltr'>τῶν</span> <span class='ocrx_word' id='word_1_95' title='bbox 1318 1578 1544 1649; x_wconf 73' lang='grc' dir='ltr'>ὄμϐρων</span> <span class='ocrx_word' id='word_1_96' title='bbox 1588 1579 1680 1633; x_wconf 80' lang='grc' dir='ltr'><strong>τὸν</strong></span> <span class='ocrx_word' id='word_1_97' title='bbox 1735 1596 1903 1651; x_wconf 87' lang='grc' dir='ltr'>χορη-</span> 
     </span>
    </p>
   </div>
   <div class='ocr_carea' id='block_1_17' title="bbox 305 1668 1907 1741">
    <p class='ocr_par' dir='ltr' id='par_1_17' title="bbox 305 1668 1907 1741">
     <span class='ocr_line' id='line_1_17' title="bbox 305 1668 1907 1741; baseline 0 -20"><span class='ocrx_word' id='word_1_98' title='bbox 305 1669 418 1736; x_wconf 78' lang='grc' dir='ltr'><strong>γὸν</strong></span> <span class='ocrx_word' id='word_1_99' title='bbox 442 1669 558 1737; x_wconf 83' lang='lat'><strong>(96)</strong></span> <span class='ocrx_word' id='word_1_100' title='bbox 586 1669 823 1741; x_wconf 69' lang='grc' dir='ltr'>ἀϐροχία</span> <span class='ocrx_word' id='word_1_101' title='bbox 853 1670 1234 1741; x_wconf 85' lang='grc' dir='ltr'>πληττόμενοι.</span> <span class='ocrx_word' id='word_1_102' title='bbox 1279 1669 1559 1740; x_wconf 84' lang='grc' dir='ltr'>Φοϐοῦμαι</span> <span class='ocrx_word' id='word_1_103' title='bbox 1588 1670 1632 1722; x_wconf 88' lang='grc' dir='ltr'><strong>δ’</strong></span> <span class='ocrx_word' id='word_1_104' title='bbox 1659 1670 1809 1741; x_wconf 86' lang='grc' dir='ltr'>ὅμως</span> <span class='ocrx_word' id='word_1_105' title='bbox 1844 1668 1907 1722; x_wconf 81' lang='grc' dir='ltr'>τὸ</span> 
     </span>
    </p>
   </div>
   <div class='ocr_carea' id='block_1_18' title="bbox 307 1758 1907 1833">
    <p class='ocr_par' dir='ltr' id='par_1_18' title="bbox 307 1758 1907 1833">
     <span class='ocr_line' id='line_1_18' title="bbox 307 1758 1907 1833; baseline 0 -20"><span class='ocrx_word' id='word_1_106' title='bbox 307 1760 711 1830; x_wconf 75' lang='grc' dir='ltr'>φιλάνθρωπον</span> <span class='ocrx_word' id='word_1_107' title='bbox 756 1761 854 1816; x_wconf 89' lang='grc' dir='ltr'><strong>τοῦ</strong></span> <span class='ocrx_word' id='word_1_108' title='bbox 902 1762 1060 1816; x_wconf 88' lang='grc' dir='ltr'>Θεοῦ.</span> <span class='ocrx_word' id='word_1_109' title='bbox 1104 1758 1236 1817; x_wconf 77' lang='grc' dir='ltr'><strong>Οἶδα</strong></span> <span class='ocrx_word' id='word_1_110' title='bbox 1276 1761 1387 1831; x_wconf 85' lang='grc' dir='ltr'><strong>γὰρ</strong></span> <span class='ocrx_word' id='word_1_111' title='bbox 1418 1761 1652 1833; x_wconf 86' lang='grc' dir='ltr'>δάκρυσι</span> <span class='ocrx_word' id='word_1_112' title='bbox 1697 1761 1907 1832; x_wconf 82' lang='grc' dir='ltr'>ταχέως</span> 
     </span>
    </p>
   </div>
   <div class='ocr_carea' id='block_1_19' title="bbox 308 1846 1901 1922">
    <p class='ocr_par' dir='ltr' id='par_1_19' title="bbox 308 1846 1901 1922">
     <span class='ocr_line' id='line_1_19' title="bbox 308 1846 1901 1922; baseline 0 -20"><span class='ocrx_word' id='word_1_113' title='bbox 308 1850 486 1904; x_wconf 66' lang='grc' dir='ltr'>αὑτὸν</span> <span class='ocrx_word' id='word_1_114' title='bbox 517 1849 869 1922; x_wconf 82' lang='grc' dir='ltr'>πειθόμενον,</span> <span class='ocrx_word' id='word_1_115' title='bbox 910 1846 1027 1905; x_wconf 76' lang='grc' dir='ltr'>οἴδα</span> <span class='ocrx_word' id='word_1_116' title='bbox 1059 1853 1180 1915; x_wconf 85' lang='grc' dir='ltr'>ταῖς</span> <span class='ocrx_word' id='word_1_117' title='bbox 1209 1851 1442 1914; x_wconf 82' lang='grc' dir='ltr'>ἱκεσίαις</span> <span class='ocrx_word' id='word_1_118' title='bbox 1490 1850 1901 1921; x_wconf 85' lang='grc' dir='ltr'>καμπτόμενον,</span> 
     </span>
    </p>
   </div>
   <div class='ocr_carea' id='block_1_20' title="bbox 308 1915 1978 2015">
    <p class='ocr_par' dir='ltr' id='par_1_20' title="bbox 308 1915 1978 2015">
     <span class='ocr_line' id='line_1_20' title="bbox 308 1915 1978 2015; baseline 0.002 -21"><span class='ocrx_word' id='word_1_119' title='bbox 308 1937 435 1995; x_wconf 77' lang='grc' dir='ltr'>οἶδα</span> <span class='ocrx_word' id='word_1_120' title='bbox 476 1944 653 2014; x_wconf 75' lang='grc' dir='ltr'>μικρᾷ</span> <span class='ocrx_word' id='word_1_121' title='bbox 688 1915 961 2014; x_wconf 41' lang='grc' dir='ltr'>’μετανοίᾳ</span> <span class='ocrx_word' id='word_1_122' title='bbox 992 1942 1091 2006; x_wconf 84' lang='grc' dir='ltr'><strong>τάς</strong></span> <span class='ocrx_word' id='word_1_123' title='bbox 1116 1942 1386 2015; x_wconf 81' lang='grc' dir='ltr'>τιμωρίας</span> <span class='ocrx_word' id='word_1_124' title='bbox 1417 1915 1793 2007; x_wconf 68' lang='grc' dir='ltr'>συστέλλοντα,</span> <span class='ocrx_word' id='word_1_125' title='bbox 1829 1942 1904 2013; x_wconf 83' lang='grc' dir='ltr'>μὴ</span> <span class='ocrx_word' id='word_1_126' title='bbox 1937 1915 1978 1973; x_wconf 76' lang='grc' dir='ltr'><strong><em>Β</em></strong></span> 
     </span>
    </p>
   </div>
   <div class='ocr_carea' id='block_1_21' title="bbox 310 2032 1903 2105">
    <p class='ocr_par' dir='ltr' id='par_1_21' title="bbox 310 2032 1903 2105">
     <span class='ocr_line' id='line_1_21' title="bbox 310 2032 1903 2105; baseline 0.001 -20"><span class='ocrx_word' id='word_1_127' title='bbox 310 2035 572 2103; x_wconf 61' lang='grc' dir='ltr'>πρόεδρον</span> <span class='ocrx_word' id='word_1_128' title='bbox 602 2034 863 2104; x_wconf 80' lang='grc' dir='ltr'><strong>ἐπαγάγῃ</strong></span> <span class='ocrx_word' id='word_1_129' title='bbox 893 2035 991 2104; x_wconf 82' lang='grc' dir='ltr'>τῆς</span> <span class='ocrx_word' id='word_1_130' title='bbox 1015 2033 1274 2105; x_wconf 79' lang='grc' dir='ltr'>ἀϐροχίας</span> <span class='ocrx_word' id='word_1_131' title='bbox 1294 2033 1394 2103; x_wconf 80' lang='grc' dir='ltr'><strong>τὴν</strong></span> <span class='ocrx_word' id='word_1_132' title='bbox 1413 2032 1586 2099; x_wconf 85' lang='grc' dir='ltr'>λύσιν,</span> <span class='ocrx_word' id='word_1_133' title='bbox 1614 2032 1709 2087; x_wconf 68' lang='grc' dir='ltr'>καὶ</span> <span class='ocrx_word' id='word_1_134' title='bbox 1740 2033 1903 2104; x_wconf 77' lang='grc' dir='ltr'>γένη-</span> 
     </span>
    </p>
   </div>
   <div class='ocr_carea' id='block_1_22' title="bbox 311 2113 1905 2197">
    <p class='ocr_par' dir='ltr' id='par_1_22' title="bbox 311 2113 1905 2197">
     <span class='ocr_line' id='line_1_22' title="bbox 311 2113 1905 2197; baseline -0.001 -20"><span class='ocrx_word' id='word_1_135' title='bbox 311 2142 414 2177; x_wconf 82' lang='grc' dir='ltr'><strong>ται</strong></span> <span class='ocrx_word' id='word_1_136' title='bbox 434 2113 533 2195; x_wconf 82' lang='grc' dir='ltr'><strong>τῆς</strong></span> <span class='ocrx_word' id='word_1_137' title='bbox 560 2125 837 2197; x_wconf 83' lang='grc' dir='ltr'>τιμωρίας</span> <span class='ocrx_word' id='word_1_138' title='bbox 865 2125 927 2178; x_wconf 87' lang='grc' dir='ltr'><strong>τὸ</strong></span> <span class='ocrx_word' id='word_1_139' title='bbox 967 2125 1258 2195; x_wconf 84' lang='grc' dir='ltr'>φάρμακον</span> <span class='ocrx_word' id='word_1_140' title='bbox 1282 2124 1589 2197; x_wconf 81' lang='grc' dir='ltr'>ἄπρακτον,</span> <span class='ocrx_word' id='word_1_141' title='bbox 1618 2124 1714 2177; x_wconf 75' lang='grc' dir='ltr'>καὶ</span> <span class='ocrx_word' id='word_1_142' title='bbox 1746 2124 1905 2195; x_wconf 82' lang='grc' dir='ltr'>μείνῃ</span> 
     </span>
    </p>
   </div>
   <div class='ocr_carea' id='block_1_23' title="bbox 312 2214 1905 2287">
    <p class='ocr_par' dir='ltr' id='par_1_23' title="bbox 312 2214 1905 2287">
     <span class='ocr_line' id='line_1_23' title="bbox 312 2214 1905 2287; baseline 0.003 -20"><span class='ocrx_word' id='word_1_143' title='bbox 312 2216 483 2269; x_wconf 76' lang='grc' dir='ltr'>πάλιν</span> <span class='ocrx_word' id='word_1_144' title='bbox 514 2215 791 2286; x_wconf 77' lang='grc' dir='ltr'>ἀγνώμων</span> <span class='ocrx_word' id='word_1_145' title='bbox 823 2216 952 2280; x_wconf 74' lang='grc' dir='ltr'>λαὸς</span> <span class='ocrx_word' id='word_1_146' title='bbox 994 2217 1094 2286; x_wconf 81' lang='grc' dir='ltr'><strong>τῆς</strong></span> <span class='ocrx_word' id='word_1_147' title='bbox 1126 2214 1218 2269; x_wconf 89' lang='grc' dir='ltr'><strong>τοῦ</strong></span> <span class='ocrx_word' id='word_1_148' title='bbox 1242 2216 1518 2271; x_wconf 88' lang='grc' dir='ltr'>Δεσπότου</span> <span class='ocrx_word' id='word_1_149' title='bbox 1548 2216 1905 2287; x_wconf 84' lang='grc' dir='ltr'>καταφρονῶν</span> 
     </span>
    </p>
   </div>
   <div class='ocr_carea' id='block_1_24' title="bbox 311 2304 1904 2380">
    <p class='ocr_par' dir='ltr' id='par_1_24' title="bbox 311 2304 1904 2380">
     <span class='ocr_line' id='line_1_24' title="bbox 311 2304 1904 2380; baseline 0.001 -20"><span class='ocrx_word' id='word_1_150' title='bbox 311 2307 683 2378; x_wconf 71' lang='grc' dir='ltr'>ἀγαθότητος.</span> <span class='ocrx_word' id='word_1_151' title='bbox 734 2308 802 2361; x_wconf 87' lang='grc' dir='ltr'><strong>Τί</strong></span> <span class='ocrx_word' id='word_1_152' title='bbox 833 2304 929 2362; x_wconf 84' lang='grc' dir='ltr'>οὖν</span> <span class='ocrx_word' id='word_1_153' title='bbox 973 2309 1315 2379; x_wconf 83' lang='grc' dir='ltr'>ἐργάσομαι;</span> <span class='ocrx_word' id='word_1_154' title='bbox 1360 2309 1549 2380; x_wconf 83' lang='grc' dir='ltr'>Ὀρκῳ</span> <span class='ocrx_word' id='word_1_155' title='bbox 1596 2309 1690 2363; x_wconf 81' lang='grc' dir='ltr'><strong>καὶ</strong></span> <span class='ocrx_word' id='word_1_156' title='bbox 1733 2308 1904 2379; x_wconf 78' lang='grc' dir='ltr'>αὐτὴν</span> 
     </span>
    </p>
   </div>
   <div class='ocr_carea' id='block_1_25' title="bbox 309 2398 1904 2472">
    <p class='ocr_par' dir='ltr' id='par_1_25' title="bbox 309 2398 1904 2472">
     <span class='ocr_line' id='line_1_25' title="bbox 309 2398 1904 2472; baseline 0.003 -22"><span class='ocrx_word' id='word_1_157' title='bbox 309 2398 415 2452; x_wconf 85' lang='grc' dir='ltr'><strong>τοῦ</strong></span> <span class='ocrx_word' id='word_1_158' title='bbox 440 2398 579 2452; x_wconf 84' lang='grc' dir='ltr'>Θεοῦ</span> <span class='ocrx_word' id='word_1_159' title='bbox 606 2399 1019 2470; x_wconf 80' lang='grc' dir='ltr'>φιλανθρωπίαν</span> <span class='ocrx_word' id='word_1_160' title='bbox 1054 2399 1329 2470; x_wconf 85' lang='grc' dir='ltr'>βιάσομαι.</span> <span class='ocrx_word' id='word_1_161' title='bbox 1358 2400 1476 2454; x_wconf 81' lang='grc' dir='ltr'>Κᾶν</span> <span class='ocrx_word' id='word_1_162' title='bbox 1508 2401 1636 2472; x_wconf 77' lang='grc' dir='ltr'>εἴπῃ</span> <span class='ocrx_word' id='word_1_163' title='bbox 1669 2401 1804 2471; x_wconf 83' lang='grc' dir='ltr'>πρός</span> <span class='ocrx_word' id='word_1_164' title='bbox 1835 2418 1904 2471; x_wconf 91' lang='grc' dir='ltr'><strong>με</strong></span> 
     </span>
    </p>
   </div>
   <div class='ocr_carea' id='block_1_26' title="bbox 306 2490 1905 2563">
    <p class='ocr_par' dir='ltr' id='par_1_26' title="bbox 306 2490 1905 2563">
     <span class='ocr_line' id='line_1_26' title="bbox 306 2490 1905 2563; baseline 0.002 -20"><span class='ocrx_word' id='word_1_165' title='bbox 306 2491 450 2554; x_wconf 74' lang='grc' dir='ltr'>Θεὸς</span> <span class='ocrx_word' id='word_1_166' title='bbox 484 2490 616 2561; x_wconf 85' lang='grc' dir='ltr'>παρ’</span> <span class='ocrx_word' id='word_1_167' title='bbox 664 2490 845 2545; x_wconf 81' lang='grc' dir='ltr'>αὐτῶν</span> <span class='ocrx_word' id='word_1_168' title='bbox 898 2490 1283 2561; x_wconf 81' lang='grc' dir='ltr'>ίκετευόμενος</span> <span class='ocrx_word' id='word_1_169' title='bbox 1314 2491 1449 2562; x_wconf 74' lang='grc' dir='ltr'><strong>(Οἳ),</strong></span> <span class='ocrx_word' id='word_1_170' title='bbox 1507 2493 1783 2563; x_wconf 81' lang='grc' dir='ltr'>Παράσχω</span> <span class='ocrx_word' id='word_1_171' title='bbox 1813 2492 1905 2546; x_wconf 81' lang='grc' dir='ltr'><strong>τὸν</strong></span> 
     </span>
    </p>
   </div>
   <div class='ocr_carea' id='block_1_27' title="bbox 310 2581 1898 2655">
    <p class='ocr_par' dir='ltr' id='par_1_27' title="bbox 310 2581 1898 2655">
     <span class='ocr_line' id='line_1_27' title="bbox 310 2581 1898 2655; baseline 0.003 -20"><span class='ocrx_word' id='word_1_172' title='bbox 310 2581 474 2635; x_wconf 75' lang='grc' dir='ltr'>ὑετὸν</span> <span class='ocrx_word' id='word_1_173' title='bbox 494 2585 611 2646; x_wconf 86' lang='grc' dir='ltr'>τοῖς</span> <span class='ocrx_word' id='word_1_174' title='bbox 638 2582 969 2654; x_wconf 84' lang='grc' dir='ltr'>ἀνθρώποις,</span> <span class='ocrx_word' id='word_1_175' title='bbox 1017 2583 1206 2650; x_wconf 83' lang='grc' dir='ltr'>Ἦλία;</span> <span class='ocrx_word' id='word_1_176' title='bbox 1234 2585 1391 2654; x_wconf 88' lang='grc' dir='ltr'>φήσω</span> <span class='ocrx_word' id='word_1_177' title='bbox 1425 2583 1561 2655; x_wconf 83' lang='grc' dir='ltr'>πρὸς</span> <span class='ocrx_word' id='word_1_178' title='bbox 1592 2585 1774 2649; x_wconf 80' lang='grc' dir='ltr'>αὐτὸν,</span> <span class='ocrx_word' id='word_1_179' title='bbox 1800 2583 1898 2639; x_wconf 69' lang='lat' dir='ltr'><strong>OG.</strong></span> 
     </span>
    </p>
   </div>
   <div class='ocr_carea' id='block_1_28' title="bbox 306 2672 1904 2745">
    <p class='ocr_par' dir='ltr' id='par_1_28' title="bbox 306 2672 1904 2745">
     <span class='ocr_line' id='line_1_28' title="bbox 306 2672 1904 2745; baseline 0.003 -19"><span class='ocrx_word' id='word_1_180' title='bbox 306 2672 410 2740; x_wconf 75' lang='grc' dir='ltr'><strong><em>Ζῇ</em></strong></span> <span class='ocrx_word' id='word_1_181' title='bbox 439 2674 675 2743; x_wconf 80' lang='grc' dir='ltr'>Κύριος,</span> <span class='ocrx_word' id='word_1_182' title='bbox 716 2676 829 2728; x_wconf 71' lang='grc' dir='ltr'>οὐκ</span> <span class='ocrx_word' id='word_1_183' title='bbox 862 2673 1036 2729; x_wconf 78' lang='grc' dir='ltr'>ἔσται</span> <span class='ocrx_word' id='word_1_184' title='bbox 1069 2678 1159 2743; x_wconf 81' lang='grc' dir='ltr'><strong>είς</strong></span> <span class='ocrx_word' id='word_1_185' title='bbox 1201 2675 1273 2729; x_wconf 86' lang='grc' dir='ltr'>τὰ</span> <span class='ocrx_word' id='word_1_186' title='bbox 1300 2677 1405 2744; x_wconf 78' lang='grc' dir='ltr'><strong>ἐτη</strong></span> <span class='ocrx_word' id='word_1_187' title='bbox 1441 2676 1629 2730; x_wconf 84' lang='grc' dir='ltr'>ταῦτα</span> <span class='ocrx_word' id='word_1_188' title='bbox 1655 2676 1904 2745; x_wconf 84' lang='grc' dir='ltr'>δρόσος,</span> 
     </span>
    </p>
   </div>
   <div class='ocr_carea' id='block_1_29' title="bbox 309 2763 1903 2838">
    <p class='ocr_par' dir='ltr' id='par_1_29' title="bbox 309 2763 1903 2838">
     <span class='ocr_line' id='line_1_29' title="bbox 309 2763 1903 2838; baseline 0.003 -19"><span class='ocrx_word' id='word_1_189' title='bbox 309 2763 354 2831; x_wconf 77' lang='grc' dir='ltr'><em>ἦ</em></span> <span class='ocrx_word' id='word_1_190' title='bbox 396 2766 574 2830; x_wconf 74' lang='grc' dir='ltr'>ὑετὸς</span> <span class='ocrx_word' id='word_1_191' title='bbox 616 2765 720 2819; x_wconf 75' lang='grc' dir='ltr'>ἐπὶ</span> <span class='ocrx_word' id='word_1_192' title='bbox 755 2765 866 2834; x_wconf 84' lang='grc' dir='ltr'>τῆς</span> <span class='ocrx_word' id='word_1_193' title='bbox 904 2766 1039 2837; x_wconf 74' lang='grc' dir='ltr'>γῆς,</span> <span class='ocrx_word' id='word_1_194' title='bbox 1081 2770 1135 2822; x_wconf 80' lang='grc' dir='ltr'>εὶ</span> <span class='ocrx_word' id='word_1_195' title='bbox 1165 2767 1253 2838; x_wconf 78' lang='grc' dir='ltr'>μὴ</span> <span class='ocrx_word' id='word_1_196' title='bbox 1289 2767 1388 2822; x_wconf 80' lang='grc' dir='ltr'><strong>διὰ</strong></span> <span class='ocrx_word' id='word_1_197' title='bbox 1425 2769 1726 2838; x_wconf 83' lang='grc' dir='ltr'>στόματός</span> <span class='ocrx_word' id='word_1_198' title='bbox 1760 2786 1903 2838; x_wconf 80' lang='grc' dir='ltr'>μου.</span> 
     </span>
    </p>
   </div>
   <div class='ocr_carea' id='block_1_30' title="bbox 309 2857 1905 2932">
    <p class='ocr_par' dir='ltr' id='par_1_30' title="bbox 309 2857 1905 2932">
     <span class='ocr_line' id='line_1_30' title="bbox 309 2857 1905 2932; baseline 0.003 -21"><span class='ocrx_word' id='word_1_199' title='bbox 309 2858 536 2927; x_wconf 67' lang='lat' dir='ltr'><strong>Harpe!</strong></span> <span class='ocrx_word' id='word_1_200' title='bbox 574 2860 643 2929; x_wconf 76' lang='grc' dir='ltr'><strong>τῇ</strong></span> <span class='ocrx_word' id='word_1_201' title='bbox 679 2857 840 2927; x_wconf 83' lang='grc' dir='ltr'>φύσει</span> <span class='ocrx_word' id='word_1_202' title='bbox 877 2858 948 2913; x_wconf 71' lang='grc' dir='ltr'>τὰ</span> <span class='ocrx_word' id='word_1_203' title='bbox 1002 2861 1245 2932; x_wconf 78' lang='grc' dir='ltr'>ῥήματα.</span> <span class='ocrx_word' id='word_1_204' title='bbox 1291 2861 1497 2926; x_wconf 82' lang='grc' dir='ltr'>Ἔστω,</span> <span class='ocrx_word' id='word_1_205' title='bbox 1530 2860 1624 2914; x_wconf 85' lang='grc' dir='ltr'><strong>τὸν</strong></span> <span class='ocrx_word' id='word_1_206' title='bbox 1676 2858 1905 2931; x_wconf 81' lang='grc' dir='ltr'>οὐρανὸν</span> 
     </span>
    </p>
   </div>
   <div class='ocr_carea' id='block_1_31' title="bbox 309 2945 1905 3019">
    <p class='ocr_par' dir='ltr' id='par_1_31' title="bbox 309 2945 1905 3019">
     <span class='ocr_line' id='line_1_31' title="bbox 309 2945 1905 3019; baseline 0.001 -21"><span class='ocrx_word' id='word_1_207' title='bbox 309 2947 564 3017; x_wconf 75' lang='grc' dir='ltr'>ἐπέχεις,</span> <span class='ocrx_word' id='word_1_208' title='bbox 586 2947 641 3000; x_wconf 89' lang='grc' dir='ltr'><strong>τί</strong></span> <span class='ocrx_word' id='word_1_209' title='bbox 670 2947 764 3001; x_wconf 75' lang='grc' dir='ltr'>καὶ</span> <span class='ocrx_word' id='word_1_210' title='bbox 786 2949 884 3017; x_wconf 78' lang='grc' dir='ltr'>τὴν</span> <span class='ocrx_word' id='word_1_211' title='bbox 909 2947 1001 3002; x_wconf 89' lang='grc' dir='ltr'><strong>τοῦ</strong></span> <span class='ocrx_word' id='word_1_212' title='bbox 1023 2947 1159 3001; x_wconf 87' lang='grc' dir='ltr'>Θεοῦ</span> <span class='ocrx_word' id='word_1_213' title='bbox 1180 2947 1369 3016; x_wconf 81' lang='grc' dir='ltr'>φιλανθ</span> <span class='ocrx_word' id='word_1_214' title='bbox 1379 2945 1587 3019; x_wconf 89' lang='grc' dir='ltr'>ρωπίαν</span> <span class='ocrx_word' id='word_1_215' title='bbox 1616 2947 1870 3017; x_wconf 80' lang='grc' dir='ltr'>κατέχεις</span> <span class='ocrx_word' id='word_1_216' title='bbox 1889 2964 1905 3013; x_wconf 90' lang='lat'><strong>;</strong></span> 
     </span>
    </p>
   </div>
   <div class='ocr_carea' id='block_1_32' title="bbox 316 3038 1906 3111">
    <p class='ocr_par' dir='ltr' id='par_1_32' title="bbox 316 3038 1906 3111">
     <span class='ocr_line' id='line_1_32' title="bbox 316 3038 1906 3111; baseline -0.001 -19"><span class='ocrx_word' id='word_1_217' title='bbox 316 3038 533 3100; x_wconf 77' lang='grc' dir='ltr'>Ἔστω.</span> <span class='ocrx_word' id='word_1_218' title='bbox 583 3040 729 3095; x_wconf 72' lang='grc' dir='ltr'>κατὰ</span> <span class='ocrx_word' id='word_1_219' title='bbox 756 3039 865 3093; x_wconf 83' lang='grc' dir='ltr'>τῶν</span> <span class='ocrx_word' id='word_1_220' title='bbox 904 3040 1210 3111; x_wconf 84' lang='grc' dir='ltr'>ὁμοδούλων</span> <span class='ocrx_word' id='word_1_221' title='bbox 1240 3041 1499 3104; x_wconf 88' lang='grc' dir='ltr'>ἐκτείνεις</span> <span class='ocrx_word' id='word_1_222' title='bbox 1526 3039 1820 3109; x_wconf 77' lang='grc' dir='ltr'>ἀπόφασιν,</span> <span class='ocrx_word' id='word_1_223' title='bbox 1852 3038 1906 3092; x_wconf 88' lang='grc' dir='ltr'><strong>τί</strong></span> 
     </span>
    </p>
   </div>
   <div class='ocr_carea' id='block_1_33' title="bbox 314 3133 1906 3207">
    <p class='ocr_par' dir='ltr' id='par_1_33' title="bbox 314 3133 1906 3207">
     <span class='ocr_line' id='line_1_33' title="bbox 314 3133 1906 3207; baseline 0.001 -19"><span class='ocrx_word' id='word_1_224' title='bbox 314 3135 422 3188; x_wconf 68' lang='grc' dir='ltr'>καὶ</span> <span class='ocrx_word' id='word_1_225' title='bbox 444 3133 543 3188; x_wconf 83' lang='grc' dir='ltr'><strong>τοῦ</strong></span> <span class='ocrx_word' id='word_1_226' title='bbox 562 3134 836 3189; x_wconf 77' lang='grc' dir='ltr'>Δεσπότου</span> <span class='ocrx_word' id='word_1_227' title='bbox 855 3134 953 3207; x_wconf 78' lang='grc' dir='ltr'>τὴν</span> <span class='ocrx_word' id='word_1_228' title='bbox 981 3134 1230 3201; x_wconf 78' lang='grc' dir='ltr'>ἐξουσίαν</span> <span class='ocrx_word' id='word_1_229' title='bbox 1262 3134 1568 3206; x_wconf 78' lang='grc' dir='ltr'>ἁρπάζεις’;</span> <span class='ocrx_word' id='word_1_230' title='bbox 1614 3134 1906 3206; x_wconf 82' lang='grc' dir='ltr'>Ἐδέσμευ-</span> 
     </span>
    </p>
   </div>
   <div class='ocr_carea' id='block_1_34' title="bbox 2004 670 3575 742">
    <p class='ocr_par' dir='ltr' id='par_1_34' title="bbox 2004 670 3575 742">
     <span class='ocr_line' id='line_1_34' title="bbox 2004 670 3575 742; baseline 0.003 -18"><span class='ocrx_word' id='word_1_231' title='bbox 2004 670 2153 735; x_wconf 88' lang='lat' dir='ltr'><strong>tatis,</strong></span> <span class='ocrx_word' id='word_1_232' title='bbox 2185 679 2240 725; x_wconf 90' lang='lat' dir='ltr'><strong>et</strong></span> <span class='ocrx_word' id='word_1_233' title='bbox 2272 670 2401 725; x_wconf 68' lang='lat' dir='ltr'><strong>Elia:</strong></span> <span class='ocrx_word' id='word_1_234' title='bbox 2432 683 2696 727; x_wconf 73' lang='lat' dir='ltr'><strong>creatura:</strong></span> <span class='ocrx_word' id='word_1_235' title='bbox 2724 674 2965 727; x_wconf 77' lang='lat' dir='ltr'><strong>habenas</strong></span> <span class='ocrx_word' id='word_1_236' title='bbox 2988 671 3257 742; x_wconf 76' lang='lat' dir='ltr'><strong>permisit.</strong></span> <span class='ocrx_word' id='word_1_237' title='bbox 3304 671 3441 727; x_wconf 82' lang='lat' dir='ltr'><strong>Vivit</strong></span> <span class='ocrx_word' id='word_1_238' title='bbox 3466 672 3575 728; x_wconf 82' lang='lat' dir='ltr'><strong>Do-</strong></span> 
     </span>
    </p>
   </div>
   <div class='ocr_carea' id='block_1_35' title="bbox 2002 758 3579 830">
    <p class='ocr_par' dir='ltr' id='par_1_35' title="bbox 2002 758 3579 830">
     <span class='ocr_line' id='line_1_35' title="bbox 2002 758 3579 830; baseline 0.001 -16"><span class='ocrx_word' id='word_1_239' title='bbox 2002 761 2174 814; x_wconf 87' lang='lat' dir='ltr'><strong>minus</strong></span> <span class='ocrx_word' id='word_1_240' title='bbox 2196 775 2215 813; x_wconf 90' lang='lat'><strong><em>:</em></strong></span> <span class='ocrx_word' id='word_1_241' title='bbox 2241 758 2391 828; x_wconf 89' lang='lat' dir='ltr'><strong>jurat</strong></span> <span class='ocrx_word' id='word_1_242' title='bbox 2431 774 2525 830; x_wconf 90' lang='lat' dir='ltr'><strong>per</strong></span> <span class='ocrx_word' id='word_1_243' title='bbox 2555 758 2891 825; x_wconf 78' lang='lat' dir='ltr'><strong>Creatorem,</strong></span> <span class='ocrx_word' id='word_1_244' title='bbox 2914 771 2972 814; x_wconf 90' lang='lat' dir='ltr'><strong>ut</strong></span> <span class='ocrx_word' id='word_1_245' title='bbox 2994 760 3285 829; x_wconf 90' lang='lat' dir='ltr'><strong>jurameuti</strong></span> <span class='ocrx_word' id='word_1_246' title='bbox 3317 768 3482 827; x_wconf 86' lang='lat' dir='ltr'><strong>metu,</strong></span> <span class='ocrx_word' id='word_1_247' title='bbox 3513 775 3579 816; x_wconf 88' lang='lat' dir='ltr'><strong>ac</strong></span> 
     </span>
    </p>
   </div>
   <div class='ocr_carea' id='block_1_36' title="bbox 2006 850 3579 921">
    <p class='ocr_par' dir='ltr' id='par_1_36' title="bbox 2006 850 3579 921">
     <span class='ocr_line' id='line_1_36' title="bbox 2006 850 3579 921; baseline 0 -15"><span class='ocrx_word' id='word_1_248' title='bbox 2006 851 2307 907; x_wconf 87' lang='lat' dir='ltr'><strong>reverentia</strong></span> <span class='ocrx_word' id='word_1_249' title='bbox 2347 861 2600 906; x_wconf 75' lang='lat' dir='ltr'><strong>creatura</strong></span> <span class='ocrx_word' id='word_1_250' title='bbox 2634 851 2740 906; x_wconf 92' lang='lat' dir='ltr'><strong>vim</strong></span> <span class='ocrx_word' id='word_1_251' title='bbox 2776 866 2930 906; x_wconf 90' lang='lat' dir='ltr'><strong>suam</strong></span> <span class='ocrx_word' id='word_1_252' title='bbox 2966 852 3251 921; x_wconf 80' lang='lat' dir='ltr'><strong>reprimat.</strong></span> <span class='ocrx_word' id='word_1_253' title='bbox 3300 850 3435 906; x_wconf 82' lang='lat' dir='ltr'><strong>Vivit</strong></span> <span class='ocrx_word' id='word_1_254' title='bbox 3471 851 3579 906; x_wconf 82' lang='lat' dir='ltr'><strong>Do-</strong></span> 
     </span>
    </p>
   </div>
   <div class='ocr_carea' id='block_1_37' title="bbox 2003 942 3579 1013">
    <p class='ocr_par' dir='ltr' id='par_1_37' title="bbox 2003 942 3579 1013">
     <span class='ocr_line' id='line_1_37' title="bbox 2003 942 3579 1013; baseline -0.001 -14"><span class='ocrx_word' id='word_1_255' title='bbox 2003 945 2199 1006; x_wconf 87' lang='lat' dir='ltr'><strong>minus,</strong></span> <span class='ocrx_word' id='word_1_256' title='bbox 2245 943 2397 1011; x_wconf 89' lang='lat' dir='ltr'><strong>Quod</strong></span> <span class='ocrx_word' id='word_1_257' title='bbox 2430 942 2622 1008; x_wconf 79' lang='lat' dir='ltr'><strong>Judaei,</strong></span> <span class='ocrx_word' id='word_1_258' title='bbox 2649 942 2845 1013; x_wconf 83' lang='lat' dir='ltr'><strong>inquit,</strong></span> <span class='ocrx_word' id='word_1_259' title='bbox 2880 943 2935 998; x_wconf 89' lang='lat' dir='ltr'><strong>in</strong></span> <span class='ocrx_word' id='word_1_260' title='bbox 2978 945 3243 999; x_wconf 89' lang='lat' dir='ltr'><strong>idolorum</strong></span> <span class='ocrx_word' id='word_1_261' title='bbox 3275 943 3579 999; x_wconf 82' lang='lat' dir='ltr'><strong>veneratio-</strong></span> 
     </span>
    </p>
   </div>
   <div class='ocr_carea' id='block_1_38' title="bbox 2005 1032 3580 1103">
    <p class='ocr_par' dir='ltr' id='par_1_38' title="bbox 2005 1032 3580 1103">
     <span class='ocr_line' id='line_1_38' title="bbox 2005 1032 3580 1103; baseline -0.002 -13"><span class='ocrx_word' id='word_1_262' title='bbox 2005 1050 2135 1090; x_wconf 90' lang='lat' dir='ltr'><strong>nem</strong></span> <span class='ocrx_word' id='word_1_263' title='bbox 2169 1034 2519 1099; x_wconf 87' lang='lat' dir='ltr'><strong>inclinarunt,</strong></span> <span class='ocrx_word' id='word_1_264' title='bbox 2539 1032 2704 1103; x_wconf 89' lang='lat' dir='ltr'><strong>quod,</strong></span> <span class='ocrx_word' id='word_1_265' title='bbox 2742 1041 2962 1089; x_wconf 89' lang='lat' dir='ltr'><strong>auctore</strong></span> <span class='ocrx_word' id='word_1_266' title='bbox 2987 1034 3114 1089; x_wconf 74' lang='lat' dir='ltr'><strong>vita:</strong></span> <span class='ocrx_word' id='word_1_267' title='bbox 3146 1034 3356 1097; x_wconf 91' lang='lat' dir='ltr'><strong>relicto,</strong></span> <span class='ocrx_word' id='word_1_268' title='bbox 3380 1035 3580 1088; x_wconf 72' lang='lat' dir='ltr'><strong>(Immo-</strong></span> 
     </span>
    </p>
   </div>
   <div class='ocr_carea' id='block_1_39' title="bbox 2004 1124 3581 1193">
    <p class='ocr_par' dir='ltr' id='par_1_39' title="bbox 2004 1124 3581 1193">
     <span class='ocr_line' id='line_1_39' title="bbox 2004 1124 3581 1193; baseline -0.002 -11"><span class='ocrx_word' id='word_1_269' title='bbox 2004 1126 2165 1182; x_wconf 85' lang='lat' dir='ltr'><strong>nibus</strong></span> <span class='ocrx_word' id='word_1_270' title='bbox 2222 1125 2411 1180; x_wconf 90' lang='lat' dir='ltr'><strong>mortis</strong></span> <span class='ocrx_word' id='word_1_271' title='bbox 2457 1124 2769 1179; x_wconf 81' lang='lat' dir='ltr'><strong>auctoribus</strong></span> <span class='ocrx_word' id='word_1_272' title='bbox 2821 1138 2883 1180; x_wconf 88' lang='lat' dir='ltr'><strong>se</strong></span> <span class='ocrx_word' id='word_1_273' title='bbox 2939 1125 3287 1187; x_wconf 88' lang='lat' dir='ltr'><strong>dediderunt,</strong></span> <span class='ocrx_word' id='word_1_274' title='bbox 3347 1124 3581 1193; x_wconf 75' lang='lat' dir='ltr'><strong>propriis</strong></span> 
     </span>
    </p>
   </div>
   <div class='ocr_carea' id='block_1_40' title="bbox 2003 1204 3581 1288">
    <p class='ocr_par' dir='ltr' id='par_1_40' title="bbox 2003 1204 3581 1288">
     <span class='ocr_line' id='line_1_40' title="bbox 2003 1204 3581 1288; baseline -0.003 -13"><span class='ocrx_word' id='word_1_275' title='bbox 2003 1216 2181 1275; x_wconf 90' lang='lat' dir='ltr'><strong>edocti</strong></span> <span class='ocrx_word' id='word_1_276' title='bbox 2229 1216 2631 1273; x_wconf 83' lang='lat' dir='ltr'><strong>calamitatibus</strong></span> <span class='ocrx_word' id='word_1_277' title='bbox 2673 1216 2951 1272; x_wconf 82' lang='lat' dir='ltr'><strong>Viventem</strong></span> <span class='ocrx_word' id='word_1_278' title='bbox 3005 1204 3334 1285; x_wconf 78' lang='lat' dir='ltr'><strong>agnoscant,</strong></span> <span class='ocrx_word' id='word_1_279' title='bbox 3373 1218 3481 1288; x_wconf 77' lang='lat'><strong>62</strong></span> <span class='ocrx_word' id='word_1_280' title='bbox 3525 1226 3581 1271; x_wconf 89' lang='lat' dir='ltr'><strong>et</strong></span> 
     </span>
    </p>
   </div>
   <div class='ocr_carea' id='block_1_41' title="bbox 2005 1309 3580 1379">
    <p class='ocr_par' dir='ltr' id='par_1_41' title="bbox 2005 1309 3580 1379">
     <span class='ocr_line' id='line_1_41' title="bbox 2005 1309 3580 1379; baseline -0.003 -14"><span class='ocrx_word' id='word_1_281' title='bbox 2005 1309 2322 1365; x_wconf 84' lang='lat' dir='ltr'><strong>condiscant</strong></span> <span class='ocrx_word' id='word_1_282' title='bbox 2385 1323 2484 1379; x_wconf 90' lang='lat' dir='ltr'><strong>per</strong></span> <span class='ocrx_word' id='word_1_283' title='bbox 2546 1322 2666 1377; x_wconf 69' lang='lat' dir='ltr'><strong>quae</strong></span> <span class='ocrx_word' id='word_1_284' title='bbox 2727 1317 2953 1364; x_wconf 89' lang='lat' dir='ltr'><strong>mortem</strong></span> <span class='ocrx_word' id='word_1_285' title='bbox 3015 1316 3303 1377; x_wconf 89' lang='lat' dir='ltr'><strong>oppetant;</strong></span> <span class='ocrx_word' id='word_1_286' title='bbox 3355 1316 3580 1362; x_wconf 89' lang='lat' dir='ltr'><strong>utantur</strong></span> 
     </span>
    </p>
   </div>
   <div class='ocr_carea' id='block_1_42' title="bbox 2006 1399 3577 1472">
    <p class='ocr_par' dir='ltr' id='par_1_42' title="bbox 2006 1399 3577 1472">
     <span class='ocr_line' id='line_1_42' title="bbox 2006 1399 3577 1472; baseline -0.004 -14"><span class='ocrx_word' id='word_1_287' title='bbox 2006 1404 2149 1458; x_wconf 89' lang='lat' dir='ltr'><strong>fame</strong></span> <span class='ocrx_word' id='word_1_288' title='bbox 2188 1400 2466 1472; x_wconf 74' lang='lat' dir='ltr'><strong>religionis</strong></span> <span class='ocrx_word' id='word_1_289' title='bbox 2521 1400 2820 1470; x_wconf 77' lang='lat' dir='ltr'><strong>magistra;</strong></span> <span class='ocrx_word' id='word_1_290' title='bbox 2856 1400 2980 1471; x_wconf 86' lang='lat' dir='ltr'><strong>quis</strong></span> <span class='ocrx_word' id='word_1_291' title='bbox 3005 1400 3260 1454; x_wconf 89' lang='lat' dir='ltr'><strong>imbrium</strong></span> <span class='ocrx_word' id='word_1_292' title='bbox 3298 1399 3577 1468; x_wconf 90' lang='lat' dir='ltr'><strong>piucerua,</strong></span> 
     </span>
    </p>
   </div>
   <div class='ocr_carea' id='block_1_43' title="bbox 2006 1490 3577 1561">
    <p class='ocr_par' dir='ltr' id='par_1_43' title="bbox 2006 1490 3577 1561">
     <span class='ocr_line' id='line_1_43' title="bbox 2006 1490 3577 1561; baseline -0.003 -12"><span class='ocrx_word' id='word_1_293' title='bbox 2006 1494 2220 1549; x_wconf 87' lang='lat' dir='ltr'><strong>discant</strong></span> <span class='ocrx_word' id='word_1_294' title='bbox 2243 1494 2508 1550; x_wconf 87' lang='lat' dir='ltr'><strong>siccitatis</strong></span> <span class='ocrx_word' id='word_1_295' title='bbox 2538 1492 2681 1548; x_wconf 91' lang='lat' dir='ltr'><strong>malo</strong></span> <span class='ocrx_word' id='word_1_296' title='bbox 2708 1492 2984 1549; x_wconf 87' lang='lat' dir='ltr'><strong>concussi.</strong></span> <span class='ocrx_word' id='word_1_297' title='bbox 3027 1491 3096 1546; x_wconf 81' lang='lat' dir='ltr'><strong>At</strong></span> <span class='ocrx_word' id='word_1_298' title='bbox 3128 1505 3450 1561; x_wconf 85' lang='lat' dir='ltr'><strong>propensam</strong></span> <span class='ocrx_word' id='word_1_299' title='bbox 3482 1490 3577 1545; x_wconf 82' lang='lat' dir='ltr'><strong>Dei</strong></span> 
     </span>
    </p>
   </div>
   <div class='ocr_carea' id='block_1_44' title="bbox 2006 1580 3580 1651">
    <p class='ocr_par' dir='ltr' id='par_1_44' title="bbox 2006 1580 3580 1651">
     <span class='ocr_line' id='line_1_44' title="bbox 2006 1580 3580 1651; baseline -0.003 -10"><span class='ocrx_word' id='word_1_300' title='bbox 2006 1585 2061 1641; x_wconf 93' lang='lat' dir='ltr'><strong>in</strong></span> <span class='ocrx_word' id='word_1_301' title='bbox 2093 1585 2339 1641; x_wconf 85' lang='lat' dir='ltr'><strong>homines</strong></span> <span class='ocrx_word' id='word_1_302' title='bbox 2391 1583 2826 1639; x_wconf 79' lang='lat' dir='ltr'><strong>benevolentiam</strong></span> <span class='ocrx_word' id='word_1_303' title='bbox 2878 1592 3079 1639; x_wconf 88' lang='lat' dir='ltr'><strong>metuo.</strong></span> <span class='ocrx_word' id='word_1_304' title='bbox 3113 1580 3292 1651; x_wconf 84' lang='lat' dir='ltr'><strong>ipsum</strong></span> <span class='ocrx_word' id='word_1_305' title='bbox 3336 1582 3487 1647; x_wconf 90' lang='lat' dir='ltr'><strong>novi,</strong></span> <span class='ocrx_word' id='word_1_306' title='bbox 3521 1590 3580 1637; x_wconf 90' lang='lat' dir='ltr'><strong>ut</strong></span> 
     </span>
    </p>
   </div>
   <div class='ocr_carea' id='block_1_45' title="bbox 2006 1672 3580 1747">
    <p class='ocr_par' dir='ltr' id='par_1_45' title="bbox 2006 1672 3580 1747">
     <span class='ocr_line' id='line_1_45' title="bbox 2006 1672 3580 1747; baseline -0.003 -16"><span class='ocrx_word' id='word_1_307' title='bbox 2006 1676 2115 1731; x_wconf 88' lang='lat' dir='ltr'><strong>cito</strong></span> <span class='ocrx_word' id='word_1_308' title='bbox 2142 1676 2399 1747; x_wconf 85' lang='lat' dir='ltr'><strong>lacrymis</strong></span> <span class='ocrx_word' id='word_1_309' title='bbox 2429 1675 2775 1739; x_wconf 87' lang='lat' dir='ltr'><strong>concilietur,</strong></span> <span class='ocrx_word' id='word_1_310' title='bbox 2808 1676 2933 1729; x_wconf 90' lang='lat' dir='ltr'><strong>novi</strong></span> <span class='ocrx_word' id='word_1_311' title='bbox 2988 1683 3047 1728; x_wconf 92' lang='lat' dir='ltr'><strong>ut</strong></span> <span class='ocrx_word' id='word_1_312' title='bbox 3094 1672 3580 1743; x_wconf 83' lang='lat' dir='ltr'><strong>supplicationibus</strong></span> 
     </span>
    </p>
   </div>
   <div class='ocr_carea' id='block_1_46' title="bbox 2004 1762 3577 1831">
    <p class='ocr_par' dir='ltr' id='par_1_46' title="bbox 2004 1762 3577 1831">
     <span class='ocr_line' id='line_1_46' title="bbox 2004 1762 3577 1831; baseline -0.004 -9"><span class='ocrx_word' id='word_1_313' title='bbox 2004 1766 2273 1831; x_wconf 81' lang='lat' dir='ltr'><strong>ﬂectatur,</strong></span> <span class='ocrx_word' id='word_1_314' title='bbox 2304 1767 2425 1821; x_wconf 89' lang='lat' dir='ltr'><strong>novi</strong></span> <span class='ocrx_word' id='word_1_315' title='bbox 2457 1774 2516 1820; x_wconf 90' lang='lat' dir='ltr'><strong>ut</strong></span> <span class='ocrx_word' id='word_1_316' title='bbox 2557 1765 2767 1820; x_wconf 70' lang='lat' dir='ltr'><strong>modica</strong></span> <span class='ocrx_word' id='word_1_317' title='bbox 2816 1764 3030 1820; x_wconf 88' lang='lat' dir='ltr'><strong>consilii</strong></span> <span class='ocrx_word' id='word_1_318' title='bbox 3070 1762 3263 1818; x_wconf 90' lang='lat' dir='ltr'><strong>factive</strong></span> <span class='ocrx_word' id='word_1_319' title='bbox 3318 1771 3577 1817; x_wconf 82' lang='lat' dir='ltr'><strong>retracta-</strong></span> 
     </span>
    </p>
   </div>
   <div class='ocr_carea' id='block_1_47' title="bbox 2007 1853 3579 1927">
    <p class='ocr_par' dir='ltr' id='par_1_47' title="bbox 2007 1853 3579 1927">
     <span class='ocr_line' id='line_1_47' title="bbox 2007 1853 3579 1927; baseline -0.004 -13"><span class='ocrx_word' id='word_1_320' title='bbox 2007 1860 2156 1914; x_wconf 89' lang='lat' dir='ltr'><strong>tione</strong></span> <span class='ocrx_word' id='word_1_321' title='bbox 2212 1873 2403 1927; x_wconf 73' lang='lat' dir='ltr'><strong>pmnas</strong></span> <span class='ocrx_word' id='word_1_322' title='bbox 2448 1859 2759 1921; x_wconf 88' lang='lat' dir='ltr'><strong>contrahat,</strong></span> <span class='ocrx_word' id='word_1_323' title='bbox 2820 1873 2888 1911; x_wconf 90' lang='lat' dir='ltr'><strong>ue</strong></span> <span class='ocrx_word' id='word_1_324' title='bbox 2938 1864 3324 1927; x_wconf 76' lang='lat' dir='ltr'><strong>praunaturum</strong></span> <span class='ocrx_word' id='word_1_325' title='bbox 3370 1853 3461 1909; x_wconf 90' lang='lat' dir='ltr'><strong>det</strong></span> <span class='ocrx_word' id='word_1_326' title='bbox 3509 1854 3579 1909; x_wconf 87' lang='lat' dir='ltr'><strong>ab</strong></span> 
     </span>
    </p>
   </div>
   <div class='ocr_carea' id='block_1_48' title="bbox 2006 1949 3580 2012">
    <p class='ocr_par' dir='ltr' id='par_1_48' title="bbox 2006 1949 3580 2012">
     <span class='ocr_line' id='line_1_48' title="bbox 2006 1949 3580 2012; baseline -0.005 -5"><span class='ocrx_word' id='word_1_327' title='bbox 2006 1952 2262 2007; x_wconf 90' lang='lat' dir='ltr'><strong>imbrium</strong></span> <span class='ocrx_word' id='word_1_328' title='bbox 2298 1950 2535 2005; x_wconf 86' lang='lat' dir='ltr'><strong>carentia</strong></span> <span class='ocrx_word' id='word_1_329' title='bbox 2576 1949 2964 2011; x_wconf 75' lang='lat' dir='ltr'><strong>laxamentum,</strong></span> <span class='ocrx_word' id='word_1_330' title='bbox 2996 1954 3219 2012; x_wconf 86' lang='lat' dir='ltr'><strong>metuo;</strong></span> <span class='ocrx_word' id='word_1_331' title='bbox 3270 1952 3453 2002; x_wconf 88' lang='lat' dir='ltr'><strong>metuo</strong></span> <span class='ocrx_word' id='word_1_332' title='bbox 3510 1958 3580 1999; x_wconf 80' lang='lat' dir='ltr'><strong>ne</strong></span> 
     </span>
    </p>
   </div>
   <div class='ocr_carea' id='block_1_49' title="bbox 2005 2036 3580 2115">
    <p class='ocr_par' dir='ltr' id='par_1_49' title="bbox 2005 2036 3580 2115">
     <span class='ocr_line' id='line_1_49' title="bbox 2005 2036 3580 2115; baseline -0.007 -14"><span class='ocrx_word' id='word_1_333' title='bbox 2005 2045 2250 2115; x_wconf 83' lang='lat' dir='ltr'><strong>supplicii</strong></span> <span class='ocrx_word' id='word_1_334' title='bbox 2284 2045 2733 2100; x_wconf 87' lang='lat' dir='ltr'><strong>medicamentum</strong></span> <span class='ocrx_word' id='word_1_335' title='bbox 2792 2041 3046 2096; x_wconf 86' lang='lat' dir='ltr'><strong>reddatur</strong></span> <span class='ocrx_word' id='word_1_336' title='bbox 3100 2036 3373 2101; x_wconf 82' lang='lat' dir='ltr'><strong>inefficax,</strong></span> <span class='ocrx_word' id='word_1_337' title='bbox 3399 2047 3454 2093; x_wconf 90' lang='lat' dir='ltr'><strong>et</strong></span> <span class='ocrx_word' id='word_1_338' title='bbox 3496 2036 3580 2092; x_wconf 83' lang='lat' dir='ltr'><strong>in-</strong></span> 
     </span>
    </p>
   </div>
   <div class='ocr_carea' id='block_1_50' title="bbox 2006 2130 3576 2207">
    <p class='ocr_par' dir='ltr' id='par_1_50' title="bbox 2006 2130 3576 2207">
     <span class='ocr_line' id='line_1_50' title="bbox 2006 2130 3576 2207; baseline -0.006 -16"><span class='ocrx_word' id='word_1_339' title='bbox 2006 2146 2189 2207; x_wconf 80' lang='lat' dir='ltr'><strong>gratus</strong></span> <span class='ocrx_word' id='word_1_340' title='bbox 2212 2136 2439 2207; x_wconf 88' lang='lat' dir='ltr'><strong>populus</strong></span> <span class='ocrx_word' id='word_1_341' title='bbox 2458 2136 2713 2207; x_wconf 87' lang='lat' dir='ltr'><strong>perduret</strong></span> <span class='ocrx_word' id='word_1_342' title='bbox 2737 2135 2789 2189; x_wconf 92' lang='lat' dir='ltr'><strong>in</strong></span> <span class='ocrx_word' id='word_1_343' title='bbox 2815 2130 3279 2188; x_wconf 52' lang='lat' dir='ltr'><strong>bonitatis‘divina:</strong></span> <span class='ocrx_word' id='word_1_344' title='bbox 3295 2138 3576 2197; x_wconf 89' lang='lat' dir='ltr'><strong>contemp-</strong></span> 
     </span>
    </p>
   </div>
   <div class='ocr_carea' id='block_1_51' title="bbox 2009 2221 3577 2298">
    <p class='ocr_par' dir='ltr' id='par_1_51' title="bbox 2009 2221 3577 2298">
     <span class='ocr_line' id='line_1_51' title="bbox 2009 2221 3577 2298; baseline -0.007 -14"><span class='ocrx_word' id='word_1_345' title='bbox 2009 2230 2173 2284; x_wconf 86' lang='lat' dir='ltr'><strong>tione.</strong></span> <span class='ocrx_word' id='word_1_346' title='bbox 2206 2228 2344 2297; x_wconf 86' lang='lat' dir='ltr'><strong>Quid</strong></span> <span class='ocrx_word' id='word_1_347' title='bbox 2373 2243 2527 2298; x_wconf 82' lang='lat' dir='ltr'><strong>agam</strong></span> <span class='ocrx_word' id='word_1_348' title='bbox 2557 2227 2809 2281; x_wconf 86' lang='lat' dir='ltr'><strong>tandem?</strong></span> <span class='ocrx_word' id='word_1_349' title='bbox 2832 2226 2922 2281; x_wconf 90' lang='lat' dir='ltr'><strong>Dei</strong></span> <span class='ocrx_word' id='word_1_350' title='bbox 2949 2223 3203 2279; x_wconf 87' lang='lat' dir='ltr'><strong>charitati</strong></span> <span class='ocrx_word' id='word_1_351' title='bbox 3222 2221 3577 2293; x_wconf 89' lang='lat' dir='ltr'><strong>jurejurando</strong></span> 
     </span>
    </p>
   </div>
   <div class='ocr_carea' id='block_1_52' title="bbox 2005 2311 3575 2384">
    <p class='ocr_par' dir='ltr' id='par_1_52' title="bbox 2005 2311 3575 2384">
     <span class='ocr_line' id='line_1_52' title="bbox 2005 2311 3575 2384; baseline -0.008 -9"><span class='ocrx_word' id='word_1_352' title='bbox 2005 2320 2115 2375; x_wconf 89' lang='lat' dir='ltr'><strong>vim</strong></span> <span class='ocrx_word' id='word_1_353' title='bbox 2145 2319 2408 2375; x_wconf 74' lang='lat' dir='ltr'><strong>alierum?</strong></span> <span class='ocrx_word' id='word_1_354' title='bbox 2436 2316 2503 2372; x_wconf 85' lang='lat' dir='ltr'><strong>Et</strong></span> <span class='ocrx_word' id='word_1_355' title='bbox 2525 2319 2570 2373; x_wconf 92' lang='lat' dir='ltr'><strong>si</strong></span> <span class='ocrx_word' id='word_1_356' title='bbox 2617 2316 2759 2372; x_wconf 86' lang='lat' dir='ltr'><strong>dicat</strong></span> <span class='ocrx_word' id='word_1_357' title='bbox 2792 2316 2919 2371; x_wconf 86' lang='lat' dir='ltr'><strong>mihi</strong></span> <span class='ocrx_word' id='word_1_358' title='bbox 2955 2315 3096 2371; x_wconf 90' lang='lat' dir='ltr'><strong>Deus</strong></span> <span class='ocrx_word' id='word_1_359' title='bbox 3118 2314 3185 2369; x_wconf 88' lang='lat' dir='ltr'><strong>ab</strong></span> <span class='ocrx_word' id='word_1_360' title='bbox 3208 2313 3337 2384; x_wconf 88' lang='lat' dir='ltr'><strong>ipsis</strong></span> <span class='ocrx_word' id='word_1_361' title='bbox 3372 2311 3575 2382; x_wconf 86' lang='lat' dir='ltr'><strong>suppli-</strong></span> 
     </span>
    </p>
   </div>
   <div class='ocr_carea' id='block_1_53' title="bbox 2006 2403 3579 2477">
    <p class='ocr_par' dir='ltr' id='par_1_53' title="bbox 2006 2403 3579 2477">
     <span class='ocr_line' id='line_1_53' title="bbox 2006 2403 3579 2477; baseline -0.008 -7"><span class='ocrx_word' id='word_1_362' title='bbox 2006 2414 2145 2470; x_wconf 89' lang='lat' dir='ltr'><strong>citer</strong></span> <span class='ocrx_word' id='word_1_363' title='bbox 2166 2421 2458 2468; x_wconf 80' lang='lat' dir='ltr'><strong>exoratus:</strong></span> <span class='ocrx_word' id='word_1_364' title='bbox 2485 2410 2762 2466; x_wconf 80' lang='lat' dir='ltr'><strong>Effundam</strong></span> <span class='ocrx_word' id='word_1_365' title='bbox 2797 2409 3030 2477; x_wconf 81' lang='lat' dir='ltr'><strong>pluviam</strong></span> <span class='ocrx_word' id='word_1_366' title='bbox 3064 2406 3394 2471; x_wconf 88' lang='lat' dir='ltr'><strong>hominibus,</strong></span> <span class='ocrx_word' id='word_1_367' title='bbox 3424 2403 3535 2458; x_wconf 86' lang='lat' dir='ltr'><strong>Elia</strong></span> <span class='ocrx_word' id='word_1_368' title='bbox 3554 2405 3579 2457; x_wconf 86' lang='lat'><strong>?</strong></span> 
     </span>
    </p>
   </div>
   <div class='ocr_carea' id='block_1_54' title="bbox 2005 2498 3579 2575">
    <p class='ocr_par' dir='ltr' id='par_1_54' title="bbox 2005 2498 3579 2575">
     <span class='ocr_line' id='line_1_54' title="bbox 2005 2498 3579 2575; baseline -0.008 -14"><span class='ocrx_word' id='word_1_369' title='bbox 2005 2506 2053 2562; x_wconf 91' lang='lat' dir='ltr'><strong>ei</strong></span> <span class='ocrx_word' id='word_1_370' title='bbox 2108 2504 2483 2575; x_wconf 88' lang='lat' dir='ltr'><strong>respondebo:</strong></span> <span class='ocrx_word' id='word_1_371' title='bbox 2538 2501 2916 2572; x_wconf 85' lang='lat' dir='ltr'><strong>Nequaquam.</strong></span> <span class='ocrx_word' id='word_1_372' title='bbox 2970 2498 3107 2555; x_wconf 84' lang='lat' dir='ltr'><strong>Vivit</strong></span> <span class='ocrx_word' id='word_1_373' title='bbox 3155 2499 3434 2562; x_wconf 78' lang='lat' dir='ltr'><strong>Dominus,</strong></span> <span class='ocrx_word' id='word_1_374' title='bbox 3474 2513 3579 2550; x_wconf 86' lang='lat' dir='ltr'><strong>non</strong></span> 
     </span>
    </p>
   </div>
   <div class='ocr_carea' id='block_1_55' title="bbox 2005 2590 3577 2664">
    <p class='ocr_par' dir='ltr' id='par_1_55' title="bbox 2005 2590 3577 2664">
     <span class='ocr_line' id='line_1_55' title="bbox 2005 2590 3577 2664; baseline -0.01 -12"><span class='ocrx_word' id='word_1_375' title='bbox 2005 2599 2104 2653; x_wconf 81' lang='lat' dir='ltr'><strong>erit</strong></span> <span class='ocrx_word' id='word_1_376' title='bbox 2145 2612 2238 2664; x_wconf 79' lang='lat' dir='ltr'><strong>per</strong></span> <span class='ocrx_word' id='word_1_377' title='bbox 2273 2595 2365 2648; x_wconf 82' lang='lat' dir='ltr'><strong>hos</strong></span> <span class='ocrx_word' id='word_1_378' title='bbox 2401 2610 2568 2647; x_wconf 85' lang='lat' dir='ltr'><strong>annos</strong></span> <span class='ocrx_word' id='word_1_379' title='bbox 2606 2609 2713 2655; x_wconf 85' lang='lat' dir='ltr'><strong>ros,</strong></span> <span class='ocrx_word' id='word_1_380' title='bbox 2751 2606 2916 2660; x_wconf 88' lang='lat' dir='ltr'><strong>neque</strong></span> <span class='ocrx_word' id='word_1_381' title='bbox 2970 2590 3149 2659; x_wconf 81' lang='lat' dir='ltr'><strong>pluvia</strong></span> <span class='ocrx_word' id='word_1_382' title='bbox 3190 2604 3348 2657; x_wconf 83' lang='lat' dir='ltr'><strong>super</strong></span> <span class='ocrx_word' id='word_1_383' title='bbox 3384 2596 3577 2639; x_wconf 78' lang='lat' dir='ltr'><strong>terram</strong></span> 
     </span>
    </p>
   </div>
   <div class='ocr_carea' id='block_1_56' title="bbox 2006 2674 3575 2753">
    <p class='ocr_par' dir='ltr' id='par_1_56' title="bbox 2006 2674 3575 2753">
     <span class='ocr_line' id='line_1_56' title="bbox 2006 2674 3575 2753; baseline -0.009 -12"><span class='ocrx_word' id='word_1_384' title='bbox 2006 2688 2107 2741; x_wconf 89' lang='lat' dir='ltr'><strong>nisi</strong></span> <span class='ocrx_word' id='word_1_385' title='bbox 2137 2701 2228 2753; x_wconf 81' lang='lat' dir='ltr'><strong>per</strong></span> <span class='ocrx_word' id='word_1_386' title='bbox 2252 2700 2309 2737; x_wconf 89' lang='lat' dir='ltr'><strong>os</strong></span> <span class='ocrx_word' id='word_1_387' title='bbox 2336 2699 2528 2737; x_wconf 83' lang='lat' dir='ltr'><strong>meum.</strong></span> <span class='ocrx_word' id='word_1_388' title='bbox 2557 2680 2871 2738; x_wconf 89' lang='lat' dir='ltr'><strong>Orationem</strong></span> <span class='ocrx_word' id='word_1_389' title='bbox 2922 2687 3128 2732; x_wconf 70' lang='lat' dir='ltr'><strong>natura:</strong></span> <span class='ocrx_word' id='word_1_390' title='bbox 3184 2674 3575 2731; x_wconf 87' lang='lat' dir='ltr'><strong>accommodat.</strong></span> 
     </span>
    </p>
   </div>
   <div class='ocr_carea' id='block_1_57' title="bbox 2006 2766 3581 2841">
    <p class='ocr_par' dir='ltr' id='par_1_57' title="bbox 2006 2766 3581 2841">
     <span class='ocr_line' id='line_1_57' title="bbox 2006 2766 3581 2841; baseline -0.01 -8"><span class='ocrx_word' id='word_1_391' title='bbox 2006 2778 2154 2839; x_wconf 84' lang='lat' dir='ltr'><strong>Esto,</strong></span> <span class='ocrx_word' id='word_1_392' title='bbox 2190 2773 2385 2831; x_wconf 56' lang='lat' dir='ltr'><strong>caelum</strong></span> <span class='ocrx_word' id='word_1_393' title='bbox 2414 2772 2729 2836; x_wconf 88' lang='lat' dir='ltr'><strong>remoraris,</strong></span> <span class='ocrx_word' id='word_1_394' title='bbox 2760 2770 2890 2841; x_wconf 91' lang='lat' dir='ltr'><strong>quid</strong></span> <span class='ocrx_word' id='word_1_395' title='bbox 2920 2767 3015 2824; x_wconf 88' lang='lat' dir='ltr'><strong>Dei</strong></span> <span class='ocrx_word' id='word_1_396' title='bbox 3059 2766 3359 2837; x_wconf 87' lang='lat' dir='ltr'><strong>compescis</strong></span> <span class='ocrx_word' id='word_1_397' title='bbox 3391 2766 3581 2819; x_wconf 88' lang='lat' dir='ltr'><strong>huma-</strong></span> 
     </span>
    </p>
   </div>
   <div class='ocr_carea' id='block_1_58' title="bbox 2009 2856 3580 2929">
    <p class='ocr_par' dir='ltr' id='par_1_58' title="bbox 2009 2856 3580 2929">
     <span class='ocr_line' id='line_1_58' title="bbox 2009 2856 3580 2929; baseline -0.01 -6"><span class='ocrx_word' id='word_1_398' title='bbox 2009 2866 2275 2924; x_wconf 78' lang='lat' dir='ltr'><strong>nitatem?</strong></span> <span class='ocrx_word' id='word_1_399' title='bbox 2309 2865 2460 2929; x_wconf 87' lang='lat' dir='ltr'><strong>Esto,</strong></span> <span class='ocrx_word' id='word_1_400' title='bbox 2491 2864 2572 2918; x_wconf 92' lang='lat' dir='ltr'><strong>vel</strong></span> <span class='ocrx_word' id='word_1_401' title='bbox 2604 2863 2892 2918; x_wconf 90' lang='lat' dir='ltr'><strong>adversum</strong></span> <span class='ocrx_word' id='word_1_402' title='bbox 2926 2871 3219 2916; x_wconf 87' lang='lat' dir='ltr'><strong>conservos</strong></span> <span class='ocrx_word' id='word_1_403' title='bbox 3271 2856 3446 2911; x_wconf 90' lang='lat' dir='ltr'><strong>edicta</strong></span> <span class='ocrx_word' id='word_1_404' title='bbox 3481 2869 3580 2908; x_wconf 78' lang='lat' dir='ltr'><strong>ex-</strong></span> 
     </span>
    </p>
   </div>
   <div class='ocr_carea' id='block_1_59' title="bbox 2007 2945 3579 3030">
    <p class='ocr_par' dir='ltr' id='par_1_59' title="bbox 2007 2945 3579 3030">
     <span class='ocr_line' id='line_1_59' title="bbox 2007 2945 3579 3030; baseline -0.011 -14"><span class='ocrx_word' id='word_1_405' title='bbox 2007 2954 2213 3025; x_wconf 79' lang='lat' dir='ltr'><strong>trahas.</strong></span> <span class='ocrx_word' id='word_1_406' title='bbox 2245 2958 2374 3030; x_wconf 74' lang='lat' dir='ltr'><strong>Quid</strong></span> <span class='ocrx_word' id='word_1_407' title='bbox 2413 2956 2621 3011; x_wconf 89' lang='lat' dir='ltr'><strong>Domini</strong></span> <span class='ocrx_word' id='word_1_408' title='bbox 2645 2962 2968 3025; x_wconf 88' lang='lat' dir='ltr'><strong>potestatem</strong></span> <span class='ocrx_word' id='word_1_409' title='bbox 2996 2951 3142 3022; x_wconf 87' lang='lat' dir='ltr'><strong>rapis</strong></span> <span class='ocrx_word' id='word_1_410' title='bbox 3163 2950 3187 3003; x_wconf 75' lang='grc' dir='ltr'><strong><em>τ</em></strong></span> <span class='ocrx_word' id='word_1_411' title='bbox 3211 2945 3392 3002; x_wconf 83' lang='lat' dir='ltr'><strong>Nubes</strong></span> <span class='ocrx_word' id='word_1_412' title='bbox 3418 2960 3579 3001; x_wconf 90' lang='lat' dir='ltr'><strong>coer-</strong></span> 
     </span>
    </p>
   </div>
   <div class='ocr_carea' id='block_1_60' title="bbox 2006 3038 3578 3120">
    <p class='ocr_par' dir='ltr' id='par_1_60' title="bbox 2006 3038 3578 3120">
     <span class='ocr_line' id='line_1_60' title="bbox 2006 3038 3578 3120; baseline -0.013 -8"><span class='ocrx_word' id='word_1_413' title='bbox 2006 3054 2201 3120; x_wconf 80' lang='lat' dir='ltr'><strong>cttisti;</strong></span> <span class='ocrx_word' id='word_1_414' title='bbox 2238 3063 2291 3108; x_wconf 89' lang='lat' dir='ltr'><strong>at</strong></span> <span class='ocrx_word' id='word_1_415' title='bbox 2319 3048 2564 3107; x_wconf 82' lang='lat' dir='ltr'><strong>Creatori</strong></span> <span class='ocrx_word' id='word_1_416' title='bbox 2587 3049 2669 3104; x_wconf 90' lang='lat' dir='ltr'><strong>vel</strong></span> <span class='ocrx_word' id='word_1_417' title='bbox 2693 3046 2976 3117; x_wconf 87' lang='lat' dir='ltr'><strong>imperium</strong></span> <span class='ocrx_word' id='word_1_418' title='bbox 3010 3042 3320 3100; x_wconf 90' lang='lat' dir='ltr'><strong>committe.</strong></span> <span class='ocrx_word' id='word_1_419' title='bbox 3358 3038 3578 3108; x_wconf 79' lang='lat' dir='ltr'><strong>Nequa-</strong></span> 
     </span>
    </p>
   </div>
   <div class='ocr_carea' id='block_1_61' title="bbox 2007 3129 3581 3213">
    <p class='ocr_par' dir='ltr' id='par_1_61' title="bbox 2007 3129 3581 3213">
     <span class='ocr_line' id='line_1_61' title="bbox 2007 3129 3581 3213; baseline -0.008 -18"><span class='ocrx_word' id='word_1_420' title='bbox 2007 3156 2190 3211; x_wconf 89' lang='lat' dir='ltr'><strong>quam.</strong></span> <span class='ocrx_word' id='word_1_421' title='bbox 2222 3139 2359 3195; x_wconf 84' lang='lat' dir='ltr'><strong>Vivit</strong></span> <span class='ocrx_word' id='word_1_422' title='bbox 2395 3138 2651 3193; x_wconf 75' lang='lat' dir='ltr'><strong>Dominus</strong></span> <span class='ocrx_word' id='word_1_423' title='bbox 2676 3151 2694 3190; x_wconf 93' lang='lat'><strong><em>:</em></strong></span> <span class='ocrx_word' id='word_1_424' title='bbox 2721 3135 2824 3189; x_wconf 87' lang='lat' dir='ltr'><strong>nisi</strong></span> <span class='ocrx_word' id='word_1_425' title='bbox 2852 3149 2945 3205; x_wconf 77' lang='lat' dir='ltr'><strong>per</strong></span> <span class='ocrx_word' id='word_1_426' title='bbox 2975 3150 3032 3188; x_wconf 88' lang='lat' dir='ltr'><strong>os</strong></span> <span class='ocrx_word' id='word_1_427' title='bbox 3062 3146 3262 3213; x_wconf 63' lang='lat' dir='ltr'><strong>meum.</strong></span> <span class='ocrx_word' id='word_1_428' title='bbox 3279 3129 3581 3200; x_wconf 73' lang='lat' dir='ltr'><strong>Religionis</strong></span> 
     </span>
    </p>
   </div>
   <div class='ocr_carea' id='block_1_62' title="bbox 314 3223 1907 3312">
    <p class='ocr_par' dir='ltr' id='par_1_62' title="bbox 314 3225 1907 3300">
     <span class='ocr_line' id='line_1_62' title="bbox 314 3225 1907 3300; baseline 0.001 -20"><span class='ocrx_word' id='word_1_429' title='bbox 314 3244 424 3289; x_wconf 80' lang='grc' dir='ltr'><strong>σας</strong></span> <span class='ocrx_word' id='word_1_430' title='bbox 452 3229 520 3279; x_wconf 75' lang='grc' dir='ltr'>σὺ</span> <span class='ocrx_word' id='word_1_431' title='bbox 554 3225 657 3290; x_wconf 79' lang='grc' dir='ltr'>τὰς</span> <span class='ocrx_word' id='word_1_432' title='bbox 694 3227 947 3296; x_wconf 83' lang='grc' dir='ltr'>νεφέλας,</span> <span class='ocrx_word' id='word_1_433' title='bbox 988 3227 1127 3281; x_wconf 83' lang='grc' dir='ltr'>ἀλλὰ</span> <span class='ocrx_word' id='word_1_434' title='bbox 1151 3227 1230 3299; x_wconf 82' lang='grc' dir='ltr'>τῷ</span> <span class='ocrx_word' id='word_1_435' title='bbox 1262 3228 1466 3300; x_wconf 77' lang='grc' dir='ltr'>Ποιητῇ</span> <span class='ocrx_word' id='word_1_436' title='bbox 1501 3229 1607 3282; x_wconf 82' lang='grc' dir='ltr'><strong>κᾶν</strong></span> <span class='ocrx_word' id='word_1_437' title='bbox 1641 3228 1702 3282; x_wconf 84' lang='grc' dir='ltr'><strong>τὸ</strong></span> <span class='ocrx_word' id='word_1_438' title='bbox 1729 3228 1907 3297; x_wconf 80' lang='grc' dir='ltr'>λέγειν</span> 
     </span>
    </p>
   </div>
   <div class='ocr_carea' id='block_1_63' title="bbox 2010 3223 3578 3312">
    <p class='ocr_par' dir='ltr' id='par_1_63' title="bbox 2010 3223 3578 3304">
     <span class='ocr_line' id='line_1_63' title="bbox 2010 3223 3578 3304; baseline -0.01 -16"><span class='ocrx_word' id='word_1_439' title='bbox 2010 3233 2349 3304; x_wconf 81' lang='lat' dir='ltr'><strong>magistrum,</strong></span> <span class='ocrx_word' id='word_1_440' title='bbox 2390 3230 2586 3301; x_wconf 83' lang='lat' dir='ltr'><strong>inquit,</strong></span> <span class='ocrx_word' id='word_1_441' title='bbox 2633 3240 2721 3282; x_wconf 88' lang='lat' dir='ltr'><strong>me</strong></span> <span class='ocrx_word' id='word_1_442' title='bbox 2772 3225 2971 3298; x_wconf 90' lang='lat' dir='ltr'><strong>populo</strong></span> <span class='ocrx_word' id='word_1_443' title='bbox 3007 3223 3259 3289; x_wconf 86' lang='lat' dir='ltr'><strong>emisisti,</strong></span> <span class='ocrx_word' id='word_1_444' title='bbox 3298 3223 3578 3277; x_wconf 87' lang='lat' dir='ltr'><strong>doctorem</strong></span> 
     </span>
    </p>
   </div>
   <div class='ocr_carea' id='block_1_64' title="bbox 314 3316 1908 3390">
    <p class='ocr_par' dir='ltr' id='par_1_64' title="bbox 314 3316 1908 3390">
     <span class='ocr_line' id='line_1_64' title="bbox 314 3316 1908 3390; baseline 0.001 -19"><span class='ocrx_word' id='word_1_445' title='bbox 314 3316 638 3390; x_wconf 68' lang='grc' dir='ltr'>ἐπίτρεψον.</span> <span class='ocrx_word' id='word_1_446' title='bbox 672 3317 747 3373; x_wconf 71' lang='lat' dir='ltr'><strong>Oli</strong></span> <span class='ocrx_word' id='word_1_447' title='bbox 774 3334 789 3348; x_wconf 87' lang='grc'><strong>·</strong></span> <span class='ocrx_word' id='word_1_448' title='bbox 830 3318 917 3389; x_wconf 77' lang='grc' dir='ltr'><strong>Ζῇ</strong></span> <span class='ocrx_word' id='word_1_449' title='bbox 950 3320 1166 3388; x_wconf 80' lang='grc' dir='ltr'>Κύριος</span> <span class='ocrx_word' id='word_1_450' title='bbox 1190 3336 1207 3351; x_wconf 75' lang='grc'><strong>⁸</strong></span> <span class='ocrx_word' id='word_1_451' title='bbox 1248 3322 1302 3374; x_wconf 80' lang='grc' dir='ltr'>εὶ</span> <span class='ocrx_word' id='word_1_452' title='bbox 1345 3319 1434 3389; x_wconf 78' lang='grc' dir='ltr'>μὴ</span> <span class='ocrx_word' id='word_1_453' title='bbox 1480 3319 1580 3373; x_wconf 79' lang='grc' dir='ltr'><strong>διὰ</strong></span> <span class='ocrx_word' id='word_1_454' title='bbox 1608 3320 1908 3389; x_wconf 84' lang='grc' dir='ltr'>στόματός</span> 
     </span>
    </p>
   </div>
   <div class='ocr_carea' id='block_1_65' title="bbox 310 3410 1907 3484">
    <p class='ocr_par' dir='ltr' id='par_1_65' title="bbox 310 3410 1907 3484">
     <span class='ocr_line' id='line_1_65' title="bbox 310 3410 1907 3484; baseline 0.001 -21"><span class='ocrx_word' id='word_1_455' title='bbox 310 3428 458 3478; x_wconf 76' lang='grc' dir='ltr'>μου.</span> <span class='ocrx_word' id='word_1_456' title='bbox 485 3411 841 3480; x_wconf 82' lang='grc' dir='ltr'>Παιδαγωγόν</span> <span class='ocrx_word' id='word_1_457' title='bbox 887 3430 978 3483; x_wconf 88' lang='grc' dir='ltr'><strong>με,</strong></span> <span class='ocrx_word' id='word_1_458' title='bbox 1016 3412 1173 3483; x_wconf 78' lang='grc' dir='ltr'>φησὶ,</span> <span class='ocrx_word' id='word_1_459' title='bbox 1200 3411 1279 3483; x_wconf 86' lang='grc' dir='ltr'><strong>τῷ</strong></span> <span class='ocrx_word' id='word_1_460' title='bbox 1305 3411 1418 3484; x_wconf 88' lang='grc' dir='ltr'>λαῷ</span> <span class='ocrx_word' id='word_1_461' title='bbox 1450 3410 1762 3475; x_wconf 89' lang='grc' dir='ltr'>θεοσεϐείας</span> <span class='ocrx_word' id='word_1_462' title='bbox 1795 3412 1907 3465; x_wconf 84' lang='grc' dir='ltr'><strong>ἀπ-</strong></span> 
     </span>
    </p>
   </div>
   <div class='ocr_carea' id='block_1_66' title="bbox 318 3502 1907 3574">
    <p class='ocr_par' dir='ltr' id='par_1_66' title="bbox 318 3502 1907 3574">
     <span class='ocr_line' id='line_1_66' title="bbox 318 3502 1907 3574; baseline 0.001 -19"><span class='ocrx_word' id='word_1_463' title='bbox 318 3502 604 3568; x_wconf 72' lang='grc' dir='ltr'>έστειλας,</span> <span class='ocrx_word' id='word_1_464' title='bbox 638 3504 958 3558; x_wconf 80' lang='grc' dir='ltr'>διδάσκαλον</span> <span class='ocrx_word' id='word_1_465' title='bbox 1000 3503 1322 3567; x_wconf 82' lang='grc' dir='ltr'>ἀσεϐοῦντος</span> <span class='ocrx_word' id='word_1_466' title='bbox 1366 3503 1606 3574; x_wconf 83' lang='grc' dir='ltr'>πλήθους</span> <span class='ocrx_word' id='word_1_467' title='bbox 1633 3504 1907 3573; x_wconf 78' lang='grc' dir='ltr'>κατέστη-</span> 
     </span>
    </p>
   </div>
   <div class='ocr_carea' id='block_1_67' title="bbox 322 3590 1905 3667">
    <p class='ocr_par' dir='ltr' id='par_1_67' title="bbox 322 3590 1905 3667">
     <span class='ocr_line' id='line_1_67' title="bbox 322 3590 1905 3667; baseline 0.001 -20"><span class='ocrx_word' id='word_1_468' title='bbox 322 3594 611 3657; x_wconf 78' lang='grc' dir='ltr'>σας.δίδου</span> <span class='ocrx_word' id='word_1_469' title='bbox 643 3595 739 3648; x_wconf 73' lang='grc' dir='ltr'><strong>καὶ</strong></span> <span class='ocrx_word' id='word_1_470' title='bbox 770 3598 869 3666; x_wconf 82' lang='grc' dir='ltr'>τῆς</span> <span class='ocrx_word' id='word_1_471' title='bbox 898 3594 1170 3667; x_wconf 84' lang='grc' dir='ltr'>τιμωρίας</span> <span class='ocrx_word' id='word_1_472' title='bbox 1203 3594 1301 3667; x_wconf 79' lang='grc' dir='ltr'><strong>τὴν</strong></span> <span class='ocrx_word' id='word_1_473' title='bbox 1320 3595 1601 3662; x_wconf 82' lang='grc' dir='ltr'>ἐξουσίαν·</span> <span class='ocrx_word' id='word_1_474' title='bbox 1632 3590 1751 3648; x_wconf 82' lang='grc' dir='ltr'>οῐδα</span> <span class='ocrx_word' id='word_1_475' title='bbox 1780 3595 1905 3648; x_wconf 82' lang='grc' dir='ltr'>κατ’</span> 
     </span>
    </p>
   </div>
   <div class='ocr_carea' id='block_1_68' title="bbox 324 3686 1909 3757">
    <p class='ocr_par' dir='ltr' id='par_1_68' title="bbox 324 3686 1909 3757">
     <span class='ocr_line' id='line_1_68' title="bbox 324 3686 1909 3757; baseline 0 -16"><span class='ocrx_word' id='word_1_476' title='bbox 324 3686 489 3752; x_wconf 80' lang='grc' dir='ltr'>ἀξίαν</span> <span class='ocrx_word' id='word_1_477' title='bbox 524 3688 650 3756; x_wconf 83' lang='grc' dir='ltr'>ἐγὼ</span> <span class='ocrx_word' id='word_1_478' title='bbox 694 3688 807 3750; x_wconf 86' lang='grc' dir='ltr'>τοῖς</span> <span class='ocrx_word' id='word_1_479' title='bbox 853 3686 1112 3741; x_wconf 85' lang='grc' dir='ltr'>ἀσεϐοῦσι</span> <span class='ocrx_word' id='word_1_480' title='bbox 1141 3687 1240 3756; x_wconf 84' lang='grc' dir='ltr'><strong>τῆς</strong></span> <span class='ocrx_word' id='word_1_481' title='bbox 1268 3686 1545 3750; x_wconf 87' lang='grc' dir='ltr'>κολάσεως</span> <span class='ocrx_word' id='word_1_482' title='bbox 1584 3686 1805 3757; x_wconf 83' lang='grc' dir='ltr'>μέτρον.</span> <span class='ocrx_word' id='word_1_483' title='bbox 1838 3688 1909 3741; x_wconf 73' lang='lat' dir='ltr'><strong>El</strong></span> 
     </span>
    </p>
   </div>
   <div class='ocr_carea' id='block_1_69' title="bbox 318 3775 1906 3847">
    <p class='ocr_par' dir='ltr' id='par_1_69' title="bbox 318 3775 1906 3847">
     <span class='ocr_line' id='line_1_69' title="bbox 318 3775 1906 3847; baseline -0.001 -16"><span class='ocrx_word' id='word_1_484' title='bbox 318 3778 410 3847; x_wconf 74' lang='grc' dir='ltr'>μὴ</span> <span class='ocrx_word' id='word_1_485' title='bbox 432 3778 533 3833; x_wconf 82' lang='grc' dir='ltr'><strong>διὰ</strong></span> <span class='ocrx_word' id='word_1_486' title='bbox 558 3780 749 3846; x_wconf 74' lang='grc' dir='ltr'>λόγου</span> <span class='ocrx_word' id='word_1_487' title='bbox 774 3778 1077 3846; x_wconf 79' lang='grc' dir='ltr'>στόματός</span> <span class='ocrx_word' id='word_1_488' title='bbox 1099 3794 1242 3846; x_wconf 82' lang='grc' dir='ltr'>μου.</span> <span class='ocrx_word' id='word_1_489' title='bbox 1264 3776 1462 3831; x_wconf 83' lang='grc' dir='ltr'>Δίδωσι</span> <span class='ocrx_word' id='word_1_490' title='bbox 1496 3775 1780 3846; x_wconf 74' lang='grc' dir='ltr'>συσχεθεὶς</span> <span class='ocrx_word' id='word_1_491' title='bbox 1808 3775 1906 3847; x_wconf 81' lang='grc' dir='ltr'>τὴν</span> 
     </span>
    </p>
   </div>
   <div class='ocr_carea' id='block_1_70' title="bbox 324 3865 1908 3938">
    <p class='ocr_par' dir='ltr' id='par_1_70' title="bbox 324 3865 1908 3938">
     <span class='ocr_line' id='line_1_70' title="bbox 324 3865 1908 3938; baseline -0.001 -18"><span class='ocrx_word' id='word_1_492' title='bbox 324 3867 583 3933; x_wconf 78' lang='grc' dir='ltr'>ἐξουσίαν</span> <span class='ocrx_word' id='word_1_493' title='bbox 620 3866 698 3937; x_wconf 83' lang='grc' dir='ltr'>τῷ</span> <span class='ocrx_word' id='word_1_494' title='bbox 730 3865 887 3936; x_wconf 79' lang='grc' dir='ltr'>Ἠλίᾳ</span> <span class='ocrx_word' id='word_1_495' title='bbox 922 3866 1057 3930; x_wconf 86' lang='grc' dir='ltr'>Θεός</span> <span class='ocrx_word' id='word_1_496' title='bbox 1078 3883 1092 3897; x_wconf 73' lang='grc'><strong><em>⁸</em></strong></span> <span class='ocrx_word' id='word_1_497' title='bbox 1118 3867 1405 3937; x_wconf 83' lang='grc' dir='ltr'>οἰκτείρων</span> <span class='ocrx_word' id='word_1_498' title='bbox 1454 3866 1553 3938; x_wconf 80' lang='grc' dir='ltr'><strong>μὲν</strong></span> <span class='ocrx_word' id='word_1_499' title='bbox 1583 3866 1712 3929; x_wconf 77' lang='grc' dir='ltr'>τοὺς</span> <span class='ocrx_word' id='word_1_500' title='bbox 1740 3865 1908 3930; x_wconf 80' lang='grc' dir='ltr'>ἀξίως</span> 
     </span>
    </p>
   </div>
   <div class='ocr_carea' id='block_1_71' title="bbox 326 3955 1909 4031">
    <p class='ocr_par' dir='ltr' id='par_1_71' title="bbox 326 3955 1909 4031">
     <span class='ocr_line' id='line_1_71' title="bbox 326 3955 1909 4031; baseline 0 -20"><span class='ocrx_word' id='word_1_501' title='bbox 326 3957 760 4027; x_wconf 73' lang='grc' dir='ltr'>κολαζομένους,</span> <span class='ocrx_word' id='word_1_502' title='bbox 810 3956 1206 4031; x_wconf 76' lang='grc' dir='ltr'>ἐντρεπόμενος</span> <span class='ocrx_word' id='word_1_503' title='bbox 1251 3956 1310 4010; x_wconf 81' lang='grc' dir='ltr'>δὲ</span> <span class='ocrx_word' id='word_1_504' title='bbox 1342 3956 1436 4012; x_wconf 90' lang='grc' dir='ltr'><strong>τοῦ</strong></span> <span class='ocrx_word' id='word_1_505' title='bbox 1488 3957 1767 4029; x_wconf 85' lang='grc' dir='ltr'>προφήτου</span> <span class='ocrx_word' id='word_1_506' title='bbox 1818 3955 1909 4011; x_wconf 75' lang='grc' dir='ltr'>τὸν</span> 
     </span>
    </p>
   </div>
   <div class='ocr_carea' id='block_1_72' title="bbox 327 4046 1909 4121">
    <p class='ocr_par' dir='ltr' id='par_1_72' title="bbox 327 4046 1909 4121">
     <span class='ocr_line' id='line_1_72' title="bbox 327 4046 1909 4121; baseline 0 -19"><span class='ocrx_word' id='word_1_507' title='bbox 327 4050 511 4119; x_wconf 75' lang='grc' dir='ltr'>ζῆλον.</span> <span class='ocrx_word' id='word_1_508' title='bbox 567 4048 691 4118; x_wconf 83' lang='grc' dir='ltr'><strong>Ὑφ’</strong></span> <span class='ocrx_word' id='word_1_509' title='bbox 734 4047 1011 4119; x_wconf 81' lang='grc' dir='ltr'>ἑκατέρων</span> <span class='ocrx_word' id='word_1_510' title='bbox 1054 4048 1112 4102; x_wconf 85' lang='grc' dir='ltr'><strong>δὲ</strong></span> <span class='ocrx_word' id='word_1_511' title='bbox 1142 4049 1501 4121; x_wconf 87' lang='grc' dir='ltr'>συνεχόμενος</span> <span class='ocrx_word' id='word_1_512' title='bbox 1534 4050 1562 4103; x_wconf 85' lang='grc' dir='ltr'>ὁ</span> <span class='ocrx_word' id='word_1_513' title='bbox 1605 4047 1717 4102; x_wconf 83' lang='grc' dir='ltr'>τῶν</span> <span class='ocrx_word' id='word_1_514' title='bbox 1770 4046 1909 4102; x_wconf 80' lang='grc' dir='ltr'>ὅλων</span> 
     </span>
    </p>
   </div>
   <div class='ocr_carea' id='block_1_73' title="bbox 328 4140 1908 4215">
    <p class='ocr_par' dir='ltr' id='par_1_73' title="bbox 328 4140 1908 4215">
     <span class='ocr_line' id='line_1_73' title="bbox 328 4140 1908 4215; baseline -0.001 -20"><span class='ocrx_word' id='word_1_515' title='bbox 328 4145 633 4212; x_wconf 80' lang='grc' dir='ltr'>Δεσπότης,</span> <span class='ocrx_word' id='word_1_516' title='bbox 674 4140 727 4195; x_wconf 86' lang='grc' dir='ltr'><strong>τί</strong></span> <span class='ocrx_word' id='word_1_517' title='bbox 780 4143 957 4206; x_wconf 86' lang='grc' dir='ltr'>ποιεῖ;</span> <span class='ocrx_word' id='word_1_518' title='bbox 1005 4140 1207 4209; x_wconf 86' lang='grc' dir='ltr'>Σοφίας</span> <span class='ocrx_word' id='word_1_519' title='bbox 1257 4141 1555 4213; x_wconf 86' lang='grc' dir='ltr'>ἀγαθότητι</span> <span class='ocrx_word' id='word_1_520' title='bbox 1608 4140 1771 4215; x_wconf 81' lang='grc' dir='ltr'>μίξας</span> <span class='ocrx_word' id='word_1_521' title='bbox 1809 4140 1908 4213; x_wconf 83' lang='grc' dir='ltr'>τὴν</span> 
     </span>
    </p>
   </div>
   <div class='ocr_carea' id='block_1_74' title="bbox 328 4231 1910 4306">
    <p class='ocr_par' dir='ltr' id='par_1_74' title="bbox 328 4231 1910 4306">
     <span class='ocr_line' id='line_1_74' title="bbox 328 4231 1910 4306; baseline 0 -20"><span class='ocrx_word' id='word_1_522' title='bbox 328 4234 524 4305; x_wconf 74' lang='grc' dir='ltr'>χρείαν</span> <span class='ocrx_word' id='word_1_523' title='bbox 554 4231 1016 4303; x_wconf 81' lang='grc' dir='ltr'>μεταχειρίζεται.</span> <span class='ocrx_word' id='word_1_524' title='bbox 1050 4232 1242 4286; x_wconf 88' lang='grc' dir='ltr'>Δίδωσι</span> <span class='ocrx_word' id='word_1_525' title='bbox 1284 4233 1382 4303; x_wconf 84' lang='grc' dir='ltr'>μὲν</span> <span class='ocrx_word' id='word_1_526' title='bbox 1410 4234 1520 4305; x_wconf 86' lang='grc' dir='ltr'>γὰρ</span> <span class='ocrx_word' id='word_1_527' title='bbox 1543 4233 1623 4305; x_wconf 83' lang='grc' dir='ltr'>τῷ</span> <span class='ocrx_word' id='word_1_528' title='bbox 1653 4234 1910 4306; x_wconf 80' lang='grc' dir='ltr'>προφήτῃ</span> 
     </span>
    </p>
   </div>
   <div class='ocr_carea' id='block_1_75' title="bbox 329 4323 1909 4396">
    <p class='ocr_par' dir='ltr' id='par_1_75' title="bbox 329 4323 1909 4396">
     <span class='ocr_line' id='line_1_75' title="bbox 329 4323 1909 4396; baseline 0.001 -18"><span class='ocrx_word' id='word_1_529' title='bbox 329 4325 433 4395; x_wconf 80' lang='grc' dir='ltr'><strong>τῆς</strong></span> <span class='ocrx_word' id='word_1_530' title='bbox 462 4324 729 4396; x_wconf 83' lang='grc' dir='ltr'>ἀϐροχίας</span> <span class='ocrx_word' id='word_1_531' title='bbox 758 4325 854 4395; x_wconf 84' lang='grc' dir='ltr'><strong>τὴν</strong></span> <span class='ocrx_word' id='word_1_532' title='bbox 883 4323 1152 4389; x_wconf 80' lang='grc' dir='ltr'>ἐξουσίαν,</span> <span class='ocrx_word' id='word_1_533' title='bbox 1180 4324 1469 4395; x_wconf 80' lang='grc' dir='ltr'>μαλάττων</span> <span class='ocrx_word' id='word_1_534' title='bbox 1506 4324 1565 4378; x_wconf 85' lang='grc' dir='ltr'><strong>δὲ</strong></span> <span class='ocrx_word' id='word_1_535' title='bbox 1593 4323 1759 4379; x_wconf 79' lang='grc' dir='ltr'>αὑτοῦ</span> <span class='ocrx_word' id='word_1_536' title='bbox 1809 4323 1909 4395; x_wconf 81' lang='grc' dir='ltr'>τὴν</span> 
     </span>
    </p>
   </div>
   <div class='ocr_carea' id='block_1_76' title="bbox 330 4416 1910 4489">
    <p class='ocr_par' dir='ltr' id='par_1_76' title="bbox 330 4416 1910 4489">
     <span class='ocr_line' id='line_1_76' title="bbox 330 4416 1910 4489; baseline 0.001 -20"><span class='ocrx_word' id='word_1_537' title='bbox 330 4418 527 4489; x_wconf 75' lang='grc' dir='ltr'>ὀργὴν,</span> <span class='ocrx_word' id='word_1_538' title='bbox 555 4416 822 4487; x_wconf 80' lang='grc' dir='ltr'>μεριστὴν</span> <span class='ocrx_word' id='word_1_539' title='bbox 843 4417 1005 4470; x_wconf 78' lang='grc' dir='ltr'>αὐτὸν</span> <span class='ocrx_word' id='word_1_540' title='bbox 1034 4417 1135 4487; x_wconf 83' lang='grc' dir='ltr'>τῆς</span> <span class='ocrx_word' id='word_1_541' title='bbox 1162 4416 1432 4489; x_wconf 87' lang='grc' dir='ltr'>τιμωρίας</span> <span class='ocrx_word' id='word_1_542' title='bbox 1470 4416 1786 4487; x_wconf 82' lang='grc' dir='ltr'>ἐργάζεται,</span> <span class='ocrx_word' id='word_1_543' title='bbox 1813 4416 1910 4471; x_wconf 61' lang='grc' dir='ltr'><strong>καὶ⁹</strong></span> 
     </span>
    </p>
   </div>
   <div class='ocr_carea' id='block_1_77' title="bbox 334 4507 1909 4583">
    <p class='ocr_par' dir='ltr' id='par_1_77' title="bbox 334 4507 1909 4583">
     <span class='ocr_line' id='line_1_77' title="bbox 334 4507 1909 4583; baseline -0.001 -22"><span class='ocrx_word' id='word_1_544' title='bbox 334 4507 797 4577; x_wconf 76' lang='grc' dir='ltr'>συγκαταδικάξει</span> <span class='ocrx_word' id='word_1_545' title='bbox 824 4508 1038 4583; x_wconf 85' lang='grc' dir='ltr'>τῷλαῷ</span> <span class='ocrx_word' id='word_1_546' title='bbox 1064 4508 1156 4563; x_wconf 76' lang='grc' dir='ltr'><strong>τὸν</strong></span> <span class='ocrx_word' id='word_1_547' title='bbox 1178 4510 1489 4580; x_wconf 84' lang='grc' dir='ltr'>προφήτην,</span> <span class='ocrx_word' id='word_1_548' title='bbox 1519 4508 1724 4562; x_wconf 85' lang='grc' dir='ltr'>πείθων</span> <span class='ocrx_word' id='word_1_549' title='bbox 1744 4508 1909 4561; x_wconf 79' lang='grc' dir='ltr'>αὐτὸν</span> 
     </span>
    </p>
   </div>
   <div class='ocr_carea' id='block_1_78' title="bbox 334 4594 1908 4671">
    <p class='ocr_par' dir='ltr' id='par_1_78' title="bbox 334 4594 1908 4671">
     <span class='ocr_line' id='line_1_78' title="bbox 334 4594 1908 4671; baseline -0.001 -18"><span class='ocrx_word' id='word_1_550' title='bbox 334 4597 429 4653; x_wconf 73' lang='grc' dir='ltr'><strong>καὶ</strong></span> <span class='ocrx_word' id='word_1_551' title='bbox 458 4598 666 4653; x_wconf 76' lang='grc' dir='ltr'>ἄκοντα</span> <span class='ocrx_word' id='word_1_552' title='bbox 708 4597 964 4670; x_wconf 81' lang='grc' dir='ltr'>γενέσθαι</span> <span class='ocrx_word' id='word_1_553' title='bbox 991 4598 1282 4669; x_wconf 81' lang='grc' dir='ltr'>ὁμοφύλοις</span> <span class='ocrx_word' id='word_1_554' title='bbox 1328 4594 1731 4671; x_wconf 79' lang='grc' dir='ltr'>φιλάνθρωπον.</span> <span class='ocrx_word' id='word_1_555' title='bbox 1771 4598 1908 4652; x_wconf 83' lang='grc' dir='ltr'>Ἀλλ’</span> 
     </span>
    </p>
   </div>
   <div class='ocr_carea' id='block_1_79' title="bbox 2009 3314 3580 3392">
    <p class='ocr_par' dir='ltr' id='par_1_79' title="bbox 2009 3314 3580 3392">
     <span class='ocr_line' id='line_1_79' title="bbox 2009 3314 3580 3392; baseline -0.009 -13"><span class='ocrx_word' id='word_1_556' title='bbox 2009 3324 2188 3392; x_wconf 73' lang='lat' dir='ltr'><strong>impia:</strong></span> <span class='ocrx_word' id='word_1_557' title='bbox 2219 3320 2582 3376; x_wconf 89' lang='lat' dir='ltr'><strong>multitudinis</strong></span> <span class='ocrx_word' id='word_1_558' title='bbox 2618 3333 2703 3375; x_wconf 86' lang='lat' dir='ltr'><strong>me</strong></span> <span class='ocrx_word' id='word_1_559' title='bbox 2734 3316 3098 3377; x_wconf 87' lang='lat' dir='ltr'><strong>constituisti:</strong></span> <span class='ocrx_word' id='word_1_560' title='bbox 3128 3315 3193 3369; x_wconf 87' lang='lat' dir='ltr'><strong>da</strong></span> <span class='ocrx_word' id='word_1_561' title='bbox 3229 3314 3358 3369; x_wconf 90' lang='lat' dir='ltr'><strong>mihi</strong></span> <span class='ocrx_word' id='word_1_562' title='bbox 3389 3322 3441 3368; x_wconf 91' lang='lat' dir='ltr'><strong>et</strong></span> <span class='ocrx_word' id='word_1_563' title='bbox 3476 3327 3580 3381; x_wconf 83' lang='lat' dir='ltr'><strong>pu-</strong></span> 
     </span>
    </p>
   </div>
   <div class='ocr_carea' id='block_1_80' title="bbox 2010 3404 3581 3481">
    <p class='ocr_par' dir='ltr' id='par_1_80' title="bbox 2010 3404 3581 3481">
     <span class='ocr_line' id='line_1_80' title="bbox 2010 3404 3581 3481; baseline -0.007 -14"><span class='ocrx_word' id='word_1_564' title='bbox 2010 3413 2189 3468; x_wconf 89' lang='lat' dir='ltr'><strong>nieudi</strong></span> <span class='ocrx_word' id='word_1_565' title='bbox 2216 3419 2561 3481; x_wconf 89' lang='lat' dir='ltr'><strong>potestatem.</strong></span> <span class='ocrx_word' id='word_1_566' title='bbox 2603 3408 2737 3463; x_wconf 82' lang='lat' dir='ltr'><strong>Novi</strong></span> <span class='ocrx_word' id='word_1_567' title='bbox 2784 3423 2885 3478; x_wconf 75' lang='lat' dir='ltr'><strong>ego</strong></span> <span class='ocrx_word' id='word_1_568' title='bbox 2913 3408 3034 3479; x_wconf 90' lang='lat' dir='ltr'><strong>quis</strong></span> <span class='ocrx_word' id='word_1_569' title='bbox 3064 3406 3244 3476; x_wconf 89' lang='lat' dir='ltr'><strong>impiis</strong></span> <span class='ocrx_word' id='word_1_570' title='bbox 3280 3404 3581 3475; x_wconf 69' lang='lat' dir='ltr'><strong>condignus</strong></span> 
     </span>
    </p>
   </div>
   <div class='ocr_carea' id='block_1_81' title="bbox 2008 3496 3579 3573">
    <p class='ocr_par' dir='ltr' id='par_1_81' title="bbox 2008 3496 3579 3573">
     <span class='ocr_line' id='line_1_81' title="bbox 2008 3496 3579 3573; baseline -0.004 -14"><span class='ocrx_word' id='word_1_571' title='bbox 2008 3505 2081 3559; x_wconf 85' lang='lat' dir='ltr'><strong>sit</strong></span> <span class='ocrx_word' id='word_1_572' title='bbox 2134 3502 2431 3573; x_wconf 83' lang='lat' dir='ltr'><strong>punitionis</strong></span> <span class='ocrx_word' id='word_1_573' title='bbox 2472 3500 2681 3555; x_wconf 90' lang='lat' dir='ltr'><strong>modus.</strong></span> <span class='ocrx_word' id='word_1_574' title='bbox 2739 3500 2861 3554; x_wconf 86' lang='lat' dir='ltr'><strong>Nisi</strong></span> <span class='ocrx_word' id='word_1_575' title='bbox 2902 3515 2995 3569; x_wconf 85' lang='lat' dir='ltr'><strong>per</strong></span> <span class='ocrx_word' id='word_1_576' title='bbox 3039 3498 3250 3553; x_wconf 67' lang='lat' dir='ltr'><strong>verbum</strong></span> <span class='ocrx_word' id='word_1_577' title='bbox 3299 3496 3406 3551; x_wconf 82' lang='lat' dir='ltr'><strong>oris</strong></span> <span class='ocrx_word' id='word_1_578' title='bbox 3459 3497 3579 3552; x_wconf 86' lang='lat' dir='ltr'><strong>mei.</strong></span> 
     </span>
    </p>
   </div>
   <div class='ocr_carea' id='block_1_82' title="bbox 2010 3589 3584 3666">
    <p class='ocr_par' dir='ltr' id='par_1_82' title="bbox 2010 3589 3584 3666">
     <span class='ocr_line' id='line_1_82' title="bbox 2010 3589 3584 3666; baseline -0.005 -14"><span class='ocrx_word' id='word_1_579' title='bbox 2010 3594 2329 3666; x_wconf 88' lang='lat' dir='ltr'><strong>Compulsus</strong></span> <span class='ocrx_word' id='word_1_580' title='bbox 2382 3594 2509 3648; x_wconf 77' lang='lat' dir='ltr'><strong>Elia:</strong></span> <span class='ocrx_word' id='word_1_581' title='bbox 2556 3601 2876 3663; x_wconf 89' lang='lat' dir='ltr'><strong>potestatem</strong></span> <span class='ocrx_word' id='word_1_582' title='bbox 2936 3591 3066 3646; x_wconf 92' lang='lat' dir='ltr'><strong>facit</strong></span> <span class='ocrx_word' id='word_1_583' title='bbox 3117 3590 3280 3655; x_wconf 91' lang='lat' dir='ltr'><strong>Deus,</strong></span> <span class='ocrx_word' id='word_1_584' title='bbox 3317 3589 3584 3645; x_wconf 85' lang='lat' dir='ltr'><strong>miserans</strong></span> 
     </span>
    </p>
   </div>
   <div class='ocr_carea' id='block_1_83' title="bbox 2009 3681 3580 3758">
    <p class='ocr_par' dir='ltr' id='par_1_83' title="bbox 2009 3681 3580 3758">
     <span class='ocr_line' id='line_1_83' title="bbox 2009 3681 3580 3758; baseline -0.003 -18"><span class='ocrx_word' id='word_1_585' title='bbox 2009 3687 2226 3758; x_wconf 86' lang='lat' dir='ltr'><strong>quidem</strong></span> <span class='ocrx_word' id='word_1_586' title='bbox 2260 3700 2376 3749; x_wconf 87' lang='lat' dir='ltr'><strong>eos,</strong></span> <span class='ocrx_word' id='word_1_587' title='bbox 2426 3683 2517 3753; x_wconf 83' lang='lat' dir='ltr'><strong>qui</strong></span> <span class='ocrx_word' id='word_1_588' title='bbox 2546 3683 2705 3753; x_wconf 77' lang='lat' dir='ltr'><strong>digne</strong></span> <span class='ocrx_word' id='word_1_589' title='bbox 2756 3681 3071 3751; x_wconf 85' lang='lat' dir='ltr'><strong>puniuntur,</strong></span> <span class='ocrx_word' id='word_1_590' title='bbox 3103 3681 3371 3736; x_wconf 85' lang='lat' dir='ltr'><strong>reveritus</strong></span> <span class='ocrx_word' id='word_1_591' title='bbox 3400 3688 3580 3735; x_wconf 87' lang='lat' dir='ltr'><strong>tamen</strong></span> 
     </span>
    </p>
   </div>
   <div class='ocr_carea' id='block_1_84' title="bbox 2010 3772 3579 3848">
    <p class='ocr_par' dir='ltr' id='par_1_84' title="bbox 2010 3772 3579 3848">
     <span class='ocr_line' id='line_1_84' title="bbox 2010 3772 3579 3848; baseline -0.004 -15"><span class='ocrx_word' id='word_1_592' title='bbox 2010 3779 2285 3848; x_wconf 71' lang='lat' dir='ltr'><strong>prophetae</strong></span> <span class='ocrx_word' id='word_1_593' title='bbox 2316 3776 2512 3831; x_wconf 87' lang='lat' dir='ltr'><strong>zelum.</strong></span> <span class='ocrx_word' id='word_1_594' title='bbox 2547 3774 2699 3839; x_wconf 65' lang='lat' dir='ltr'><strong>Eliaa,</strong></span> <span class='ocrx_word' id='word_1_595' title='bbox 2751 3781 2807 3828; x_wconf 89' lang='lat' dir='ltr'><strong>et</strong></span> <span class='ocrx_word' id='word_1_596' title='bbox 2847 3772 2953 3828; x_wconf 89' lang='lat' dir='ltr'><strong>illis</strong></span> <span class='ocrx_word' id='word_1_597' title='bbox 2990 3772 3295 3835; x_wconf 86' lang='lat' dir='ltr'><strong>devinctus,</strong></span> <span class='ocrx_word' id='word_1_598' title='bbox 3345 3772 3579 3828; x_wconf 87' lang='lat' dir='ltr'><strong>universi</strong></span> 
     </span>
    </p>
   </div>
   <div class='ocr_carea' id='block_1_85' title="bbox 2012 3862 3583 3939">
    <p class='ocr_par' dir='ltr' id='par_1_85' title="bbox 2012 3862 3583 3939">
     <span class='ocr_line' id='line_1_85' title="bbox 2012 3862 3583 3939; baseline -0.004 -13"><span class='ocrx_word' id='word_1_599' title='bbox 2012 3870 2270 3926; x_wconf 90' lang='lat' dir='ltr'><strong>Dominus</strong></span> <span class='ocrx_word' id='word_1_600' title='bbox 2344 3868 2472 3939; x_wconf 89' lang='lat' dir='ltr'><strong>quid</strong></span> <span class='ocrx_word' id='word_1_601' title='bbox 2528 3865 2692 3935; x_wconf 74' lang='lat' dir='ltr'><strong>agat?</strong></span> <span class='ocrx_word' id='word_1_602' title='bbox 2741 3864 3033 3936; x_wconf 64' lang='lat' dir='ltr'><strong>Sapientiae</strong></span> <span class='ocrx_word' id='word_1_603' title='bbox 3086 3862 3419 3934; x_wconf 74' lang='lat' dir='ltr'><strong>benignitate</strong></span> <span class='ocrx_word' id='word_1_604' title='bbox 3488 3879 3583 3919; x_wconf 85' lang='lat' dir='ltr'><strong>ne-</strong></span> 
     </span>
    </p>
   </div>
   <div class='ocr_carea' id='block_1_86' title="bbox 2009 3944 3580 4026">
    <p class='ocr_par' dir='ltr' id='par_1_86' title="bbox 2009 3944 3580 4026">
     <span class='ocr_line' id='line_1_86' title="bbox 2009 3944 3580 4026; baseline -0.004 -11"><span class='ocrx_word' id='word_1_605' title='bbox 2009 3959 2317 4017; x_wconf 86' lang='lat' dir='ltr'><strong>cessitatem</strong></span> <span class='ocrx_word' id='word_1_606' title='bbox 2365 3944 2693 4026; x_wconf 74' lang='lat' dir='ltr'><strong>temperans,</strong></span> <span class='ocrx_word' id='word_1_607' title='bbox 2753 3956 2900 4025; x_wconf 90' lang='lat' dir='ltr'><strong>quod</strong></span> <span class='ocrx_word' id='word_1_608' title='bbox 2939 3970 3068 4010; x_wconf 92' lang='lat' dir='ltr'><strong>usus</strong></span> <span class='ocrx_word' id='word_1_609' title='bbox 3104 3953 3363 4025; x_wconf 87' lang='lat' dir='ltr'><strong>postulat,</strong></span> <span class='ocrx_word' id='word_1_610' title='bbox 3390 3968 3580 4025; x_wconf 75' lang='lat' dir='ltr'><strong>aggre-</strong></span> 
     </span>
    </p>
   </div>
   <div class='ocr_carea' id='block_1_87' title="bbox 2010 4046 3580 4118">
    <p class='ocr_par' dir='ltr' id='par_1_87' title="bbox 2010 4046 3580 4118">
     <span class='ocr_line' id='line_1_87' title="bbox 2010 4046 3580 4118; baseline -0.005 -13"><span class='ocrx_word' id='word_1_611' title='bbox 2010 4051 2176 4105; x_wconf 91' lang='lat' dir='ltr'><strong>ditur.</strong></span> <span class='ocrx_word' id='word_1_612' title='bbox 2237 4048 2339 4103; x_wconf 88' lang='lat' dir='ltr'><strong>Dat</strong></span> <span class='ocrx_word' id='word_1_613' title='bbox 2397 4048 2540 4102; x_wconf 91' lang='lat' dir='ltr'><strong>enim</strong></span> <span class='ocrx_word' id='word_1_614' title='bbox 2600 4048 2880 4118; x_wconf 75' lang='lat' dir='ltr'><strong>prophetat</strong></span> <span class='ocrx_word' id='word_1_615' title='bbox 2914 4046 3175 4102; x_wconf 84' lang='lat' dir='ltr'><strong>siccitatis</strong></span> <span class='ocrx_word' id='word_1_616' title='bbox 3222 4054 3580 4116; x_wconf 83' lang='lat' dir='ltr'><strong>potestatem;</strong></span> 
     </span>
    </p>
   </div>
   <div class='ocr_carea' id='block_1_88' title="bbox 2009 4136 3579 4214">
    <p class='ocr_par' dir='ltr' id='par_1_88' title="bbox 2009 4136 3579 4214">
     <span class='ocr_line' id='line_1_88' title="bbox 2009 4136 3579 4214; baseline -0.006 -16"><span class='ocrx_word' id='word_1_617' title='bbox 2009 4158 2120 4214; x_wconf 91' lang='lat' dir='ltr'><strong>quo</strong></span> <span class='ocrx_word' id='word_1_618' title='bbox 2167 4148 2347 4197; x_wconf 86' lang='lat' dir='ltr'><strong>tamen</strong></span> <span class='ocrx_word' id='word_1_619' title='bbox 2378 4141 2495 4211; x_wconf 86' lang='lat' dir='ltr'><strong>ejus</strong></span> <span class='ocrx_word' id='word_1_620' title='bbox 2525 4142 2663 4195; x_wconf 84' lang='lat' dir='ltr'><strong>iram</strong></span> <span class='ocrx_word' id='word_1_621' title='bbox 2699 4139 2925 4206; x_wconf 89' lang='lat' dir='ltr'><strong>molliat,</strong></span> <span class='ocrx_word' id='word_1_622' title='bbox 2982 4138 3303 4209; x_wconf 84' lang='lat' dir='ltr'><strong>prephetam</strong></span> <span class='ocrx_word' id='word_1_623' title='bbox 3334 4136 3579 4209; x_wconf 88' lang='lat' dir='ltr'><strong>supplicii</strong></span> 
     </span>
    </p>
   </div>
   <div class='ocr_carea' id='block_1_89' title="bbox 2010 4231 3580 4310">
    <p class='ocr_par' dir='ltr' id='par_1_89' title="bbox 2010 4231 3580 4310">
     <span class='ocr_line' id='line_1_89' title="bbox 2010 4231 3580 4310; baseline -0.006 -18"><span class='ocrx_word' id='word_1_624' title='bbox 2010 4236 2325 4310; x_wconf 89' lang='lat' dir='ltr'><strong>participem</strong></span> <span class='ocrx_word' id='word_1_625' title='bbox 2352 4234 2502 4301; x_wconf 84' lang='lat' dir='ltr'><strong>facit,</strong></span> <span class='ocrx_word' id='word_1_626' title='bbox 2529 4233 2794 4303; x_wconf 89' lang='lat' dir='ltr'><strong>simulque</strong></span> <span class='ocrx_word' id='word_1_627' title='bbox 2817 4248 2940 4288; x_wconf 90' lang='lat' dir='ltr'><strong>cum</strong></span> <span class='ocrx_word' id='word_1_628' title='bbox 2973 4232 3172 4303; x_wconf 93' lang='lat' dir='ltr'><strong>populo</strong></span> <span class='ocrx_word' id='word_1_629' title='bbox 3212 4231 3537 4286; x_wconf 88' lang='lat' dir='ltr'><strong>condemnat</strong></span> <span class='ocrx_word' id='word_1_630' title='bbox 3563 4246 3580 4295; x_wconf 87' lang='lat'><strong>;</strong></span> 
     </span>
    </p>
   </div>
   <div class='ocr_carea' id='block_1_90' title="bbox 2010 4319 3582 4398">
    <p class='ocr_par' dir='ltr' id='par_1_90' title="bbox 2010 4319 3582 4398">
     <span class='ocr_line' id='line_1_90' title="bbox 2010 4319 3582 4398; baseline -0.008 -14"><span class='ocrx_word' id='word_1_631' title='bbox 2010 4338 2174 4398; x_wconf 87' lang='lat' dir='ltr'><strong>atque</strong></span> <span class='ocrx_word' id='word_1_632' title='bbox 2231 4342 2294 4382; x_wconf 89' lang='lat' dir='ltr'><strong>ea</strong></span> <span class='ocrx_word' id='word_1_633' title='bbox 2336 4325 2547 4382; x_wconf 89' lang='lat' dir='ltr'><strong>ratione</strong></span> <span class='ocrx_word' id='word_1_634' title='bbox 2585 4322 2983 4379; x_wconf 87' lang='lat' dir='ltr'><strong>contribulibus</strong></span> <span class='ocrx_word' id='word_1_635' title='bbox 3026 4320 3303 4384; x_wconf 92' lang='lat' dir='ltr'><strong>conciliat,</strong></span> <span class='ocrx_word' id='word_1_636' title='bbox 3353 4319 3582 4374; x_wconf 80' lang='lat' dir='ltr'><strong>amicio-</strong></span> 
     </span>
    </p>
   </div>
   <div class='ocr_carea' id='block_1_91' title="bbox 2011 4409 3584 4488">
    <p class='ocr_par' dir='ltr' id='par_1_91' title="bbox 2011 4409 3584 4488">
     <span class='ocr_line' id='line_1_91' title="bbox 2011 4409 3584 4488; baseline -0.009 -13"><span class='ocrx_word' id='word_1_637' title='bbox 2011 4432 2234 4488; x_wconf 89' lang='lat' dir='ltr'><strong>remque</strong></span> <span class='ocrx_word' id='word_1_638' title='bbox 2257 4431 2318 4472; x_wconf 89' lang='lat' dir='ltr'><strong>se</strong></span> <span class='ocrx_word' id='word_1_639' title='bbox 2348 4415 2622 4479; x_wconf 76' lang='lat' dir='ltr'><strong>exhibeat,</strong></span> <span class='ocrx_word' id='word_1_640' title='bbox 2657 4411 2741 4467; x_wconf 83' lang='lat' dir='ltr'><strong>vel</strong></span> <span class='ocrx_word' id='word_1_641' title='bbox 2802 4412 2969 4467; x_wconf 85' lang='lat' dir='ltr'><strong>invito</strong></span> <span class='ocrx_word' id='word_1_642' title='bbox 3015 4411 3323 4481; x_wconf 88' lang='lat' dir='ltr'><strong>persuadet.</strong></span> <span class='ocrx_word' id='word_1_643' title='bbox 3359 4409 3488 4471; x_wconf 88' lang='lat' dir='ltr'><strong>Sed,</strong></span> <span class='ocrx_word' id='word_1_644' title='bbox 3515 4424 3584 4462; x_wconf 88' lang='lat' dir='ltr'><strong>ne</strong></span> 
     </span>
    </p>
   </div>
   <div class='ocr_carea' id='block_1_92' title="bbox 2010 4497 3581 4577">
    <p class='ocr_par' dir='ltr' id='par_1_92' title="bbox 2010 4497 3581 4577">
     <span class='ocr_line' id='line_1_92' title="bbox 2010 4497 3581 4577; baseline -0.007 -17"><span class='ocrx_word' id='word_1_645' title='bbox 2010 4506 2130 4577; x_wconf 89' lang='lat' dir='ltr'><strong>pius</strong></span> <span class='ocrx_word' id='word_1_646' title='bbox 2156 4521 2279 4561; x_wconf 88' lang='lat' dir='ltr'><strong>cum</strong></span> <span class='ocrx_word' id='word_1_647' title='bbox 2312 4502 2489 4574; x_wconf 90' lang='lat' dir='ltr'><strong>impiis</strong></span> <span class='ocrx_word' id='word_1_648' title='bbox 2518 4499 2741 4571; x_wconf 54' lang='lat' dir='ltr'><strong>adaeque</strong></span> <span class='ocrx_word' id='word_1_649' title='bbox 2773 4498 2913 4555; x_wconf 83' lang='lat' dir='ltr'><strong>fante</strong></span> <span class='ocrx_word' id='word_1_650' title='bbox 2941 4498 3230 4567; x_wconf 90' lang='lat' dir='ltr'><strong>dispereat,</strong></span> <span class='ocrx_word' id='word_1_651' title='bbox 3270 4497 3581 4551; x_wconf 88' lang='lat' dir='ltr'><strong>alimentum</strong></span> 
     </span>
    </p>
   </div>
   <div class='ocr_carea' id='block_1_93' title="bbox 2016 4587 3579 4668">
    <p class='ocr_par' dir='ltr' id='par_1_93' title="bbox 2016 4587 3579 4668">
     <span class='ocr_line' id='line_1_93' title="bbox 2016 4587 3579 4668; baseline -0.006 -14"><span class='ocrx_word' id='word_1_652' title='bbox 2016 4599 2118 4668; x_wconf 90' lang='lat' dir='ltr'><strong>ipsi</strong></span> <span class='ocrx_word' id='word_1_653' title='bbox 2152 4595 2503 4666; x_wconf 87' lang='lat' dir='ltr'><strong>suppeditans</strong></span> <span class='ocrx_word' id='word_1_654' title='bbox 2552 4592 2783 4649; x_wconf 88' lang='lat' dir='ltr'><strong>latenter</strong></span> <span class='ocrx_word' id='word_1_655' title='bbox 2804 4606 2928 4647; x_wconf 88' lang='lat' dir='ltr'><strong>eum</strong></span> <span class='ocrx_word' id='word_1_656' title='bbox 2977 4590 3045 4646; x_wconf 91' lang='lat' dir='ltr'><strong>de</strong></span> <span class='ocrx_word' id='word_1_657' title='bbox 3073 4589 3342 4647; x_wconf 88' lang='lat' dir='ltr'><strong>sententia</strong></span> <span class='ocrx_word' id='word_1_658' title='bbox 3377 4587 3579 4658; x_wconf 85' lang='lat' dir='ltr'><strong>dejicit.</strong></span> 
     </span>
    </p>
   </div>
   <div class='ocr_carea' id='block_1_94' title="bbox 1564 4769 2348 4842">
    <p class='ocr_par' dir='ltr' id='par_1_94' title="bbox 1564 4769 2348 4842">
     <span class='ocr_line' id='line_1_94' title="bbox 1564 4769 2348 4842; baseline -0.005 -11"><span class='ocrx_word' id='word_1_659' title='bbox 1564 4774 1668 4831; x_wconf 88' lang='lat' dir='ltr'><strong>CL.</strong></span> <span class='ocrx_word' id='word_1_660' title='bbox 1711 4772 2079 4842; x_wconf 81' lang='lat' dir='ltr'><strong>DAUSQUEII</strong></span> <span class='ocrx_word' id='word_1_661' title='bbox 2115 4769 2348 4828; x_wconf 70' lang='lat' dir='ltr'><strong>NOT/E.</strong></span> 
     </span>
    </p>
   </div>
   <div class='ocr_carea' id='block_1_95' title="bbox 314 4974 1762 5118">
    <p class='ocr_par' dir='ltr' id='par_1_95' title="bbox 314 4974 1762 5118">
     <span class='ocr_line' id='line_1_95' title="bbox 314 4974 1762 5118; baseline -0.003 -85"><span class='ocrx_word' id='word_1_662' title='bbox 314 5012 326 5024; x_wconf 75' lang='grc' dir='ltr'><strong><em>ο</em></strong></span> <span class='ocrx_word' id='word_1_663' title='bbox 404 4974 523 5118; x_wconf 71' lang='lat'><strong>(95)</strong></span> <span class='ocrx_word' id='word_1_664' title='bbox 554 4976 1008 5057; x_wconf 65' lang='lat' dir='ltr'><strong>ngaddmao&#39;tr.</strong></span> <span class='ocrx_word' id='word_1_665' title='bbox 1041 4976 1255 5042; x_wconf 79' lang='lat' dir='ltr'><strong>Scribe,</strong></span> <span class='ocrx_word' id='word_1_666' title='bbox 1288 4974 1762 5047; x_wconf 84' lang='grc' dir='ltr'>παραδεδώκασιν.</span> 
     </span>
     <span class='ocr_line' id='line_1_96' title="bbox 408 5045 1762 5118; baseline -0.003 -16"><span class='ocrx_word' id='word_1_667' title='bbox 408 5047 498 5115; x_wconf 85' lang='lat'><strong>(96</strong></span> <span class='ocrx_word' id='word_1_668' title='bbox 554 5051 680 5118; x_wconf 72' lang='grc' dir='ltr'>Των</span> <span class='ocrx_word' id='word_1_669' title='bbox 704 5047 935 5115; x_wconf 77' lang='grc' dir='ltr'>ὄμϐρων</span> <span class='ocrx_word' id='word_1_670' title='bbox 955 5046 1065 5100; x_wconf 84' lang='grc' dir='ltr'>τὸν</span> <span class='ocrx_word' id='word_1_671' title='bbox 1094 5048 1373 5117; x_wconf 80' lang='grc' dir='ltr'>χορηγόν.</span> <span class='ocrx_word' id='word_1_672' title='bbox 1413 5045 1668 5118; x_wconf 82' lang='lat' dir='ltr'><strong>Itnbrium</strong></span> <span class='ocrx_word' id='word_1_673' title='bbox 1694 5046 1762 5114; x_wconf 87' lang='lat' dir='ltr'><strong>pit</strong></span> 
     </span>
    </p>
   </div>
   <div class='ocr_carea' id='block_1_96' title="bbox 408 5045 1906 5117">
    <p class='ocr_par' dir='ltr' id='par_1_96' title="bbox 408 5045 1906 5117">
     <span class='ocr_line' id='line_1_97' title="bbox 408 5045 1906 5117; baseline 0.001 -15"><span class='ocrx_word' id='word_1_674' title='bbox 408 5045 522 5117; x_wconf 78' lang='lat'><strong>(96)</strong></span> <span class='ocrx_word' id='word_1_675' title='bbox 558 5046 680 5101; x_wconf 78' lang='grc' dir='ltr'><strong>Τῶν</strong></span> <span class='ocrx_word' id='word_1_676' title='bbox 704 5047 935 5115; x_wconf 77' lang='grc' dir='ltr'>ὄμϐρων</span> <span class='ocrx_word' id='word_1_677' title='bbox 955 5046 1065 5100; x_wconf 84' lang='grc' dir='ltr'>τὸν</span> <span class='ocrx_word' id='word_1_678' title='bbox 1094 5045 1385 5117; x_wconf 57' lang='grc' dir='ltr'>χορηγόν(</span> <span class='ocrx_word' id='word_1_679' title='bbox 1413 5045 1668 5117; x_wconf 86' lang='lat' dir='ltr'><strong>Itnbrium</strong></span> <span class='ocrx_word' id='word_1_680' title='bbox 1694 5046 1906 5114; x_wconf 59' lang='lat' dir='ltr'><strong>pincerv</strong></span> 
     </span>
    </p>
   </div>
   <div class='ocr_carea' id='block_1_97' title="bbox 340 5116 1910 5188">
    <p class='ocr_par' dir='ltr' id='par_1_97' title="bbox 340 5116 1910 5188">
     <span class='ocr_line' id='line_1_98' title="bbox 340 5116 1910 5188; baseline 0.003 -21"><span class='ocrx_word' id='word_1_681' title='bbox 340 5116 510 5171; x_wconf 54' lang='lat' dir='ltr'><strong>nam;</strong></span> <span class='ocrx_word' id='word_1_682' title='bbox 547 5117 760 5171; x_wconf 84' lang='lat' dir='ltr'><strong>Elatum</strong></span> <span class='ocrx_word' id='word_1_683' title='bbox 816 5117 885 5172; x_wconf 88' lang='lat' dir='ltr'><strong>ad</strong></span> <span class='ocrx_word' id='word_1_684' title='bbox 954 5116 1260 5188; x_wconf 79' lang='lat' dir='ltr'><strong>exemplum</strong></span> <span class='ocrx_word' id='word_1_685' title='bbox 1310 5131 1570 5188; x_wconf 87' lang='lat' dir='ltr'><strong>perquam</strong></span> <span class='ocrx_word' id='word_1_686' title='bbox 1641 5116 1910 5187; x_wconf 73' lang='lat' dir='ltr'><strong>ingeniosi</strong></span> 
     </span>
    </p>
   </div>
   <div class='ocr_carea' id='block_1_98' title="bbox 342 5198 553 5255">
    <p class='ocr_par' dir='ltr' id='par_1_98' title="bbox 342 5198 553 5255">
     <span class='ocr_line' id='line_1_99' title="bbox 342 5198 553 5255; baseline -0.014 -11"><span class='ocrx_word' id='word_1_687' title='bbox 342 5198 553 5255; x_wconf 77' lang='lat' dir='ltr'><strong>poetae:</strong></span> 
     </span>
    </p>
   </div>
   <div class='ocr_carea' id='block_1_99' title="bbox 552 5296 1579 5368">
    <p class='ocr_par' dir='ltr' id='par_1_99' title="bbox 552 5296 1579 5368">
     <span class='ocr_line' id='line_1_100' title="bbox 552 5296 1579 5368; baseline 0.004 -14"><span class='ocrx_word' id='word_1_688' title='bbox 552 5300 866 5354; x_wconf 80' lang='lat' dir='ltr'><strong>Nimborutts</strong></span> <span class='ocrx_word' id='word_1_689' title='bbox 890 5300 1139 5368; x_wconf 83' lang='lat' dir='ltr'><strong>pincema</strong></span> <span class='ocrx_word' id='word_1_690' title='bbox 1174 5296 1370 5354; x_wconf 87' lang='lat' dir='ltr'><strong>Notus.</strong></span> <span class='ocrx_word' id='word_1_691' title='bbox 1405 5336 1422 5353; x_wconf 92' lang='lat'><strong>.</strong></span> <span class='ocrx_word' id='word_1_692' title='bbox 1461 5336 1478 5354; x_wconf 90' lang='lat'><strong>.</strong></span> <span class='ocrx_word' id='word_1_693' title='bbox 1516 5338 1533 5356; x_wconf 90' lang='lat'><strong>.</strong></span> <span class='ocrx_word' id='word_1_694' title='bbox 1561 5338 1579 5358; x_wconf 84' lang='lat'><strong>.</strong></span> 
     </span>
    </p>
   </div>
   <div class='ocr_carea' id='block_1_100' title="bbox 410 5389 1912 5464">
    <p class='ocr_par' dir='ltr' id='par_1_100' title="bbox 410 5389 1912 5464">
     <span class='ocr_line' id='line_1_101' title="bbox 410 5389 1912 5464; baseline 0 -17"><span class='ocrx_word' id='word_1_695' title='bbox 410 5392 525 5461; x_wconf 88' lang='lat'><strong>(97)</strong></span> <span class='ocrx_word' id='word_1_696' title='bbox 566 5391 1027 5464; x_wconf 67' lang='lat' dir='ltr'><strong>&#39;Ixstevdysroc.</strong></span> <span class='ocrx_word' id='word_1_697' title='bbox 1063 5389 1160 5445; x_wconf 88' lang='lat' dir='ltr'><strong>Est</strong></span> <span class='ocrx_word' id='word_1_698' title='bbox 1204 5391 1252 5447; x_wconf 88' lang='lat' dir='ltr'><strong>is</strong></span> <span class='ocrx_word' id='word_1_699' title='bbox 1286 5389 1523 5464; x_wconf 69' lang='lat' dir='ltr'><strong>proprie,</strong></span> <span class='ocrx_word' id='word_1_700' title='bbox 1568 5391 1656 5447; x_wconf 87' lang='lat' dir='ltr'><strong>cui</strong></span> <span class='ocrx_word' id='word_1_701' title='bbox 1700 5392 1912 5464; x_wconf 85' lang='lat' dir='ltr'><strong>suppli-</strong></span> 
     </span>
    </p>
   </div>
   <div class='ocr_carea' id='block_1_101' title="bbox 342 5459 1912 5531">
    <p class='ocr_par' dir='ltr' id='par_1_101' title="bbox 342 5459 1912 5531">
     <span class='ocr_line' id='line_1_102' title="bbox 342 5459 1912 5531; baseline 0.003 -17"><span class='ocrx_word' id='word_1_702' title='bbox 342 5459 730 5526; x_wconf 57' lang='lat' dir='ltr'><strong>eium&#39;datur,</strong></span> <span class='ocrx_word' id='word_1_703' title='bbox 782 5462 988 5531; x_wconf 86' lang='lat' dir='ltr'><strong>quique</strong></span> <span class='ocrx_word' id='word_1_704' title='bbox 1032 5469 1241 5518; x_wconf 89' lang='lat' dir='ltr'><strong>oratur.</strong></span> <span class='ocrx_word' id='word_1_705' title='bbox 1287 5459 1527 5531; x_wconf 77' lang='lat' dir='ltr'><strong>Reposui</strong></span> <span class='ocrx_word' id='word_1_706' title='bbox 1574 5459 1912 5518; x_wconf 68' lang='lat' dir='ltr'><strong>tamen&#39;ex-</strong></span> 
     </span>
    </p>
   </div>
   <div class='ocr_carea' id='block_1_102' title="bbox 345 5540 922 5601">
    <p class='ocr_par' dir='ltr' id='par_1_102' title="bbox 345 5540 922 5601">
     <span class='ocr_line' id='line_1_103' title="bbox 345 5540 922 5601; baseline 0.002 -17"><span class='ocrx_word' id='word_1_707' title='bbox 345 5543 521 5585; x_wconf 82' lang='lat' dir='ltr'><strong>oratus</strong></span> <span class='ocrx_word' id='word_1_708' title='bbox 550 5546 651 5601; x_wconf 89' lang='lat' dir='ltr'><strong>pro</strong></span> <span class='ocrx_word' id='word_1_709' title='bbox 680 5546 741 5587; x_wconf 89' lang='lat' dir='ltr'><strong>re</strong></span> <span class='ocrx_word' id='word_1_710' title='bbox 772 5540 922 5601; x_wconf 83' lang='lat' dir='ltr'><strong>nata.</strong></span> 
     </span>
    </p>
   </div>
   <div class='ocr_carea' id='block_1_103' title="bbox 412 5599 1911 5671">
    <p class='ocr_par' dir='ltr' id='par_1_103' title="bbox 412 5599 1911 5671">
     <span class='ocr_line' id='line_1_104' title="bbox 412 5599 1911 5671; baseline 0.003 -18"><span class='ocrx_word' id='word_1_711' title='bbox 412 5600 524 5669; x_wconf 78' lang='lat'><strong>(98)</strong></span> <span class='ocrx_word' id='word_1_712' title='bbox 551 5599 686 5656; x_wconf 82' lang='grc' dir='ltr'>Ἵνα</span> <span class='ocrx_word' id='word_1_713' title='bbox 712 5600 801 5671; x_wconf 82' lang='grc' dir='ltr'>μὴ</span> <span class='ocrx_word' id='word_1_714' title='bbox 834 5601 874 5670; x_wconf 82' lang='grc' dir='ltr'><strong><em>ἠ</em></strong></span> <span class='ocrx_word' id='word_1_715' title='bbox 911 5600 1083 5670; x_wconf 74' lang='grc' dir='ltr'>φωνή</span> <span class='ocrx_word' id='word_1_716' title='bbox 1114 5600 1221 5671; x_wconf 81' lang='grc' dir='ltr'><strong>τοῦ</strong></span> <span class='ocrx_word' id='word_1_717' title='bbox 1247 5599 1534 5661; x_wconf 78' lang='grc' dir='ltr'>ζ’ωοὸότου</span> <span class='ocrx_word' id='word_1_718' title='bbox 1575 5601 1911 5671; x_wconf 81' lang='grc' dir='ltr'>ἀναθεμένη</span> 
     </span>
    </p>
   </div>
   <div class='ocr_carea' id='block_1_104' title="bbox 347 5670 1910 5740">
    <p class='ocr_par' dir='ltr' id='par_1_104' title="bbox 347 5670 1910 5740">
     <span class='ocr_line' id='line_1_105' title="bbox 347 5670 1910 5740; baseline 0.003 -18"><span class='ocrx_word' id='word_1_719' title='bbox 347 5671 608 5738; x_wconf 72' lang='grc' dir='ltr'>πολλοὺς</span> <span class='ocrx_word' id='word_1_720' title='bbox 633 5670 893 5740; x_wconf 70' lang='grc' dir='ltr'>νεκροὺς</span> <span class='ocrx_word' id='word_1_721' title='bbox 927 5670 1273 5738; x_wconf 79' lang='grc' dir='ltr'>ἀναστήσῃ.</span> <span class='ocrx_word' id='word_1_722' title='bbox 1295 5671 1455 5726; x_wconf 73' lang='lat' dir='ltr'><strong>Docet</strong></span> <span class='ocrx_word' id='word_1_723' title='bbox 1484 5672 1604 5726; x_wconf 87' lang='lat' dir='ltr'><strong>ideo</strong></span> <span class='ocrx_word' id='word_1_724' title='bbox 1634 5670 1910 5727; x_wconf 84' lang='lat' dir='ltr'><strong>Christum</strong></span> 
     </span>
    </p>
   </div>
   <div class='ocr_carea' id='block_1_105' title="bbox 349 5740 1917 5809">
    <p class='ocr_par' dir='ltr' id='par_1_105' title="bbox 349 5740 1917 5809">
     <span class='ocr_line' id='line_1_106' title="bbox 349 5740 1917 5809; baseline 0.002 -17"><span class='ocrx_word' id='word_1_725' title='bbox 349 5742 659 5795; x_wconf 82' lang='lat' dir='ltr'><strong>uoutinatim</strong></span> <span class='ocrx_word' id='word_1_726' title='bbox 691 5741 961 5796; x_wconf 84' lang='lat' dir='ltr'><strong>Lazarum</strong></span> <span class='ocrx_word' id='word_1_727' title='bbox 997 5740 1374 5809; x_wconf 83' lang='lat' dir='ltr'><strong>compeltasse,</strong></span> <span class='ocrx_word' id='word_1_728' title='bbox 1398 5752 1452 5796; x_wconf 90' lang='lat' dir='ltr'><strong>et</strong></span> <span class='ocrx_word' id='word_1_729' title='bbox 1492 5742 1671 5797; x_wconf 72' lang='lat' dir='ltr'><strong>viduae</strong></span> <span class='ocrx_word' id='word_1_730' title='bbox 1699 5741 1809 5796; x_wconf 83' lang='lat' dir='ltr'><strong>lilio</strong></span> <span class='ocrx_word' id='word_1_731' title='bbox 1834 5743 1917 5797; x_wconf 58' lang='grc' dir='ltr'><strong>(Ιὶ.</strong></span> 
     </span>
    </p>
   </div>
   <div class='ocr_carea' id='block_1_106' title="bbox 350 5809 1914 5879">
    <p class='ocr_par' dir='ltr' id='par_1_106' title="bbox 350 5809 1914 5879">
     <span class='ocr_line' id='line_1_107' title="bbox 350 5809 1914 5879; baseline 0.002 -19"><span class='ocrx_word' id='word_1_732' title='bbox 350 5809 505 5873; x_wconf 76' lang='lat' dir='ltr'><strong>xisse,</strong></span> <span class='ocrx_word' id='word_1_733' title='bbox 527 5809 644 5864; x_wconf 86' lang='lat' dir='ltr'><strong>Tibi</strong></span> <span class='ocrx_word' id='word_1_734' title='bbox 667 5812 811 5875; x_wconf 80' lang='lat' dir='ltr'><strong>dico,</strong></span> <span class='ocrx_word' id='word_1_735' title='bbox 834 5826 901 5867; x_wconf 91' lang='lat' dir='ltr'><strong>nc</strong></span> <span class='ocrx_word' id='word_1_736' title='bbox 929 5811 1133 5866; x_wconf 88' lang='lat' dir='ltr'><strong>Christi</strong></span> <span class='ocrx_word' id='word_1_737' title='bbox 1165 5811 1286 5864; x_wconf 59' lang='lat' dir='ltr'><strong>vitae</strong></span> <span class='ocrx_word' id='word_1_738' title='bbox 1317 5810 1586 5879; x_wconf 78' lang='lat' dir='ltr'><strong>largitoris</strong></span> <span class='ocrx_word' id='word_1_739' title='bbox 1615 5828 1714 5865; x_wconf 80' lang='lat' dir='ltr'><strong>vox</strong></span> <span class='ocrx_word' id='word_1_740' title='bbox 1744 5812 1914 5878; x_wconf 73' lang='lat' dir='ltr'><strong>expli-</strong></span> 
     </span>
    </p>
   </div>
   <div class='ocr_carea' id='block_1_107' title="bbox 352 5879 1914 5947">
    <p class='ocr_par' dir='ltr' id='par_1_107' title="bbox 352 5879 1914 5947">
     <span class='ocr_line' id='line_1_108' title="bbox 352 5879 1914 5947; baseline 0.003 -16"><span class='ocrx_word' id='word_1_741' title='bbox 352 5882 513 5935; x_wconf 85' lang='lat' dir='ltr'><strong>catior</strong></span> <span class='ocrx_word' id='word_1_742' title='bbox 546 5882 725 5947; x_wconf 81' lang='lat' dir='ltr'><strong>plures</strong></span> <span class='ocrx_word' id='word_1_743' title='bbox 761 5890 1004 5939; x_wconf 86' lang='lat' dir='ltr'><strong>mortuos</strong></span> <span class='ocrx_word' id='word_1_744' title='bbox 1032 5881 1153 5936; x_wconf 65' lang='lat' dir='ltr'><strong>vita:</strong></span> <span class='ocrx_word' id='word_1_745' title='bbox 1178 5879 1451 5937; x_wconf 83' lang='lat' dir='ltr'><strong>redderet.</strong></span> <span class='ocrx_word' id='word_1_746' title='bbox 1484 5879 1596 5937; x_wconf 74' lang='lat' dir='ltr'><strong>Non</strong></span> <span class='ocrx_word' id='word_1_747' title='bbox 1627 5883 1772 5936; x_wconf 84' lang='lat' dir='ltr'><strong>enim</strong></span> <span class='ocrx_word' id='word_1_748' title='bbox 1816 5879 1914 5936; x_wconf 91' lang='lat' dir='ltr'><strong>du-</strong></span> 
     </span>
    </p>
   </div>
   <div class='ocr_carea' id='block_1_108' title="bbox 2017 4972 3586 5047">
    <p class='ocr_par' dir='ltr' id='par_1_108' title="bbox 2017 4972 3586 5047">
     <span class='ocr_line' id='line_1_109' title="bbox 2017 4972 3586 5047; baseline -0.001 -17"><span class='ocrx_word' id='word_1_749' title='bbox 2017 4977 2179 5047; x_wconf 80' lang='lat' dir='ltr'><strong>bitari</strong></span> <span class='ocrx_word' id='word_1_750' title='bbox 2228 4984 2404 5047; x_wconf 88' lang='lat' dir='ltr'><strong>potest</strong></span> <span class='ocrx_word' id='word_1_751' title='bbox 2448 4973 2606 5047; x_wconf 88' lang='lat' dir='ltr'><strong>quin,</strong></span> <span class='ocrx_word' id='word_1_752' title='bbox 2648 4974 2694 5029; x_wconf 90' lang='lat' dir='ltr'><strong>si</strong></span> <span class='ocrx_word' id='word_1_753' title='bbox 2748 4974 3017 5047; x_wconf 86' lang='lat' dir='ltr'><strong>Cbristus_</strong></span> <span class='ocrx_word' id='word_1_754' title='bbox 3045 4972 3310 5047; x_wconf 71' lang='lat' dir='ltr'><strong>plurativo</strong></span> <span class='ocrx_word' id='word_1_755' title='bbox 3359 4988 3586 5029; x_wconf 90' lang='lat' dir='ltr'><strong>numero</strong></span> 
     </span>
    </p>
   </div>
   <div class='ocr_carea' id='block_1_109' title="bbox 2018 5042 3584 5114">
    <p class='ocr_par' dir='ltr' id='par_1_109' title="bbox 2018 5042 3584 5114">
     <span class='ocr_line' id='line_1_110' title="bbox 2018 5042 3584 5114; baseline -0.002 -13"><span class='ocrx_word' id='word_1_756' title='bbox 2018 5046 2213 5103; x_wconf 88' lang='lat' dir='ltr'><strong>fuisset</strong></span> <span class='ocrx_word' id='word_1_757' title='bbox 2230 5042 2383 5111; x_wconf 80' lang='lat' dir='ltr'><strong>usus,</strong></span> <span class='ocrx_word' id='word_1_758' title='bbox 2413 5042 2483 5101; x_wconf 83' lang='lat' dir='ltr'><strong>ad</strong></span> <span class='ocrx_word' id='word_1_759' title='bbox 2534 5046 2698 5099; x_wconf 89' lang='lat' dir='ltr'><strong>vitam</strong></span> <span class='ocrx_word' id='word_1_760' title='bbox 2731 5059 2944 5114; x_wconf 86' lang='lat' dir='ltr'><strong>quoque</strong></span> <span class='ocrx_word' id='word_1_761' title='bbox 2969 5042 3153 5114; x_wconf 77' lang='lat' dir='ltr'><strong>plures</strong></span> <span class='ocrx_word' id='word_1_762' title='bbox 3174 5042 3383 5114; x_wconf 66' lang='lat' dir='ltr'><strong>fuisset</strong></span> <span class='ocrx_word' id='word_1_763' title='bbox 3425 5059 3584 5114; x_wconf 84' lang='lat' dir='ltr'><strong>revu-</strong></span> 
     </span>
    </p>
   </div>
   <div class='ocr_carea' id='block_1_110' title="bbox 2019 5112 3582 5176">
    <p class='ocr_par' dir='ltr' id='par_1_110' title="bbox 2019 5112 3582 5176">
     <span class='ocr_line' id='line_1_111' title="bbox 2019 5112 3582 5176; baseline -0.003 -4"><span class='ocrx_word' id='word_1_764' title='bbox 2019 5126 2279 5172; x_wconf 88' lang='lat' dir='ltr'><strong>caturus:</strong></span> <span class='ocrx_word' id='word_1_765' title='bbox 2321 5131 2443 5169; x_wconf 89' lang='lat' dir='ltr'><strong>nam</strong></span> <span class='ocrx_word' id='word_1_766' title='bbox 2470 5123 2529 5169; x_wconf 94' lang='lat' dir='ltr'><strong>ut</strong></span> <span class='ocrx_word' id='word_1_767' title='bbox 2566 5115 2643 5168; x_wconf 88' lang='lat' dir='ltr'><strong>ait</strong></span> <span class='ocrx_word' id='word_1_768' title='bbox 2687 5112 2935 5170; x_wconf 83' lang='lat' dir='ltr'><strong>oratione</strong></span> <span class='ocrx_word' id='word_1_769' title='bbox 2977 5113 3003 5167; x_wconf 83' lang='grc'><strong>1</strong></span> <span class='ocrx_word' id='word_1_770' title='bbox 3045 5112 3297 5176; x_wconf 88' lang='lat' dir='ltr'><strong>Basilius,</strong></span> <span class='ocrx_word' id='word_1_771' title='bbox 3342 5112 3449 5167; x_wconf 91' lang='lat' dir='ltr'><strong>Deo</strong></span> <span class='ocrx_word' id='word_1_772' title='bbox 3505 5113 3582 5167; x_wconf 86' lang='lat' dir='ltr'><strong>lo-</strong></span> 
     </span>
    </p>
   </div>
   <div class='ocr_carea' id='block_1_111' title="bbox 2019 5182 3584 5257">
    <p class='ocr_par' dir='ltr' id='par_1_111' title="bbox 2019 5182 3584 5257">
     <span class='ocr_line' id='line_1_112' title="bbox 2019 5182 3584 5257; baseline -0.001 -17"><span class='ocrx_word' id='word_1_773' title='bbox 2019 5196 2242 5257; x_wconf 83' lang='lat' dir='ltr'><strong>quente,</strong></span> <span class='ocrx_word' id='word_1_774' title='bbox 2285 5184 2568 5240; x_wconf 77' lang='grc' dir='ltr'>ἀκολουθεῖ</span> <span class='ocrx_word' id='word_1_775' title='bbox 2609 5184 2671 5237; x_wconf 81' lang='grc' dir='ltr'><strong>τὸ</strong></span> <span class='ocrx_word' id='word_1_776' title='bbox 2711 5183 2877 5257; x_wconf 73' lang='grc' dir='ltr'>ἔργον</span> <span class='ocrx_word' id='word_1_777' title='bbox 2937 5182 3016 5254; x_wconf 84' lang='grc' dir='ltr'>τῷ</span> <span class='ocrx_word' id='word_1_778' title='bbox 3048 5182 3313 5254; x_wconf 79' lang='grc' dir='ltr'>νεύματιο</span> <span class='ocrx_word' id='word_1_779' title='bbox 3362 5197 3425 5237; x_wconf 88' lang='lat' dir='ltr'><strong>ac</strong></span> <span class='ocrx_word' id='word_1_780' title='bbox 3464 5182 3584 5238; x_wconf 84' lang='lat' dir='ltr'><strong>ideo</strong></span> 
     </span>
    </p>
   </div>
   <div class='ocr_carea' id='block_1_112' title="bbox 2020 5254 3585 5311">
    <p class='ocr_par' dir='ltr' id='par_1_112' title="bbox 2020 5254 3585 5311">
     <span class='ocr_line' id='line_1_113' title="bbox 2020 5254 3585 5311; baseline -0.003 -1"><span class='ocrx_word' id='word_1_781' title='bbox 2020 5254 2110 5311; x_wconf 82' lang='lat' dir='ltr'><strong>ubi</strong></span> <span class='ocrx_word' id='word_1_782' title='bbox 2142 5272 2361 5311; x_wconf 85' lang='lat' dir='ltr'><strong>causam</strong></span> <span class='ocrx_word' id='word_1_783' title='bbox 2389 5254 2752 5309; x_wconf 69' lang='lat' dir='ltr'><strong>servatarum&#39;</strong></span> <span class='ocrx_word' id='word_1_784' title='bbox 2773 5254 2802 5309; x_wconf 86' lang='lat' dir='ltr'><strong>a</strong></span> <span class='ocrx_word' id='word_1_785' title='bbox 2835 5254 3038 5310; x_wconf 79' lang='lat' dir='ltr'><strong>Noemo</strong></span> <span class='ocrx_word' id='word_1_786' title='bbox 3071 5263 3441 5309; x_wconf 88' lang='lat' dir='ltr'><strong>creaturarum</strong></span> <span class='ocrx_word' id='word_1_787' title='bbox 3500 5268 3585 5307; x_wconf 88' lang='lat' dir='ltr'><strong>re-</strong></span> 
     </span>
    </p>
   </div>
   <div class='ocr_carea' id='block_1_113' title="bbox 2022 5322 3584 5395">
    <p class='ocr_par' dir='ltr' id='par_1_113' title="bbox 2022 5322 3584 5395">
     <span class='ocr_line' id='line_1_114' title="bbox 2022 5322 3584 5395; baseline -0.003 -14"><span class='ocrx_word' id='word_1_788' title='bbox 2022 5334 2333 5395; x_wconf 61' lang='lat' dir='ltr'><strong>praesentat,</strong></span> <span class='ocrx_word' id='word_1_789' title='bbox 2360 5324 2552 5381; x_wconf 91' lang='lat' dir='ltr'><strong>statuit</strong></span> <span class='ocrx_word' id='word_1_790' title='bbox 2578 5324 2662 5395; x_wconf 75' lang='lat' dir='ltr'><strong>vel</strong></span> <span class='ocrx_word' id='word_1_791' title='bbox 2712 5323 2805 5395; x_wconf 83' lang='lat' dir='ltr'><strong>Dei</strong></span> <span class='ocrx_word' id='word_1_792' title='bbox 2841 5323 3063 5395; x_wconf 85' lang='lat' dir='ltr'><strong>verbulo</strong></span> <span class='ocrx_word' id='word_1_793' title='bbox 3093 5322 3349 5395; x_wconf 82' lang='lat' dir='ltr'><strong>mundum</strong></span> <span class='ocrx_word' id='word_1_794' title='bbox 3392 5322 3584 5395; x_wconf 63' lang='lat' dir='ltr'><strong>rediit:</strong></span> 
     </span>
    </p>
   </div>
   <div class='ocr_carea' id='block_1_114' title="bbox 2023 5390 3583 5467">
    <p class='ocr_par' dir='ltr' id='par_1_114' title="bbox 2023 5390 3583 5467">
     <span class='ocr_line' id='line_1_115' title="bbox 2023 5390 3583 5467; baseline -0.002 -18"><span class='ocrx_word' id='word_1_795' title='bbox 2023 5390 2220 5467; x_wconf 78' lang='lat' dir='ltr'><strong>iegrari</strong></span> <span class='ocrx_word' id='word_1_796' title='bbox 2253 5390 2497 5467; x_wconf 76' lang='lat' dir='ltr'><strong>potuisse</strong></span> <span class='ocrx_word' id='word_1_797' title='bbox 2528 5392 2957 5467; x_wconf 24' lang='grc' dir='ltr'>ελΦθεγξαμένου</span> <span class='ocrx_word' id='word_1_798' title='bbox 2987 5394 3096 5467; x_wconf 77' lang='grc' dir='ltr'><strong>γὰρ</strong></span> <span class='ocrx_word' id='word_1_799' title='bbox 3138 5392 3298 5467; x_wconf 79' lang='grc' dir='ltr'>μόνον</span> <span class='ocrx_word' id='word_1_800' title='bbox 3316 5390 3420 5467; x_wconf 34' lang='grc' dir='ltr'>,τοῦ</span> <span class='ocrx_word' id='word_1_801' title='bbox 3440 5392 3583 5467; x_wconf 72' lang='grc' dir='ltr'>Θεοῦ</span> 
     </span>
    </p>
   </div>
   <div class='ocr_carea' id='block_1_115' title="bbox 2021 5459 3585 5536">
    <p class='ocr_par' dir='ltr' id='par_1_115' title="bbox 2021 5459 3585 5536">
     <span class='ocr_line' id='line_1_116' title="bbox 2021 5459 3585 5536; baseline -0.001 -18"><span class='ocrx_word' id='word_1_802' title='bbox 2021 5459 2333 5529; x_wconf 74' lang='grc' dir='ltr'>πᾶιδοποὶὸς</span> <span class='ocrx_word' id='word_1_803' title='bbox 2355 5463 2515 5536; x_wconf 78' lang='grc' dir='ltr'>πάλιν</span> <span class='ocrx_word' id='word_1_804' title='bbox 2546 5463 2580 5533; x_wconf 82' lang='grc' dir='ltr'><strong>ή</strong></span> <span class='ocrx_word' id='word_1_805' title='bbox 2603 5459 3122 5536; x_wconf 67' lang='grc' dir='ltr'>κτίσιςηὺρίσκετο,</span> <span class='ocrx_word' id='word_1_806' title='bbox 3140 5459 3248 5536; x_wconf 73' lang='grc' dir='ltr'>’καὶ</span> <span class='ocrx_word' id='word_1_807' title='bbox 3277 5462 3375 5536; x_wconf 70' lang='grc' dir='ltr'>τὴν</span> <span class='ocrx_word' id='word_1_808' title='bbox 3400 5459 3585 5536; x_wconf 70' lang='grc' dir='ltr'>ἐκτοῦ</span> 
     </span>
    </p>
   </div>
   <div class='ocr_carea' id='block_1_116' title="bbox 2020 5532 3584 5616">
    <p class='ocr_par' dir='ltr' id='par_1_116' title="bbox 2020 5532 3584 5616">
     <span class='ocr_line' id='line_1_117' title="bbox 2020 5532 3584 5616; baseline -0.003 -27"><span class='ocrx_word' id='word_1_809' title='bbox 2020 5534 2406 5616; x_wconf 50' lang='grc' dir='ltr'>κατακλμσμοῦ</span> <span class='ocrx_word' id='word_1_810' title='bbox 2464 5532 2761 5616; x_wconf 52' lang='grc' dir='ltr'>διαφορὰνη</span> <span class='ocrx_word' id='word_1_811' title='bbox 2786 5532 3032 5616; x_wconf 75' lang='grc' dir='ltr'>ἐνίκησεν</span> <span class='ocrx_word' id='word_1_812' title='bbox 3076 5533 3146 5587; x_wconf 74' lang='grc' dir='ltr'><strong>ἂν</strong></span> <span class='ocrx_word' id='word_1_813' title='bbox 3187 5534 3238 5616; x_wconf 25' lang='grc' dir='ltr'><strong>ἡ.</strong></span> <span class='ocrx_word' id='word_1_814' title='bbox 3276 5532 3394 5616; x_wconf 50' lang='grc' dir='ltr'>Ξοῦ.</span> <span class='ocrx_word' id='word_1_815' title='bbox 3424 5532 3584 5616; x_wconf 84' lang='grc' dir='ltr'>λόγου</span> 
     </span>
    </p>
   </div>
   <div class='ocr_carea' id='block_1_117' title="bbox 2021 5601 3581 5675">
    <p class='ocr_par' dir='ltr' id='par_1_117' title="bbox 2021 5601 3581 5675">
     <span class='ocr_line' id='line_1_118' title="bbox 2021 5601 3581 5675; baseline -0.002 -17"><span class='ocrx_word' id='word_1_816' title='bbox 2021 5606 2183 5675; x_wconf 82' lang='grc' dir='ltr'>φορά.</span> <span class='ocrx_word' id='word_1_817' title='bbox 2224 5601 2393 5675; x_wconf 87' lang='lat' dir='ltr'><strong>Hujus</strong></span> <span class='ocrx_word' id='word_1_818' title='bbox 2412 5601 2692 5675; x_wconf 71' lang='lat' dir='ltr'><strong>sententia:</strong></span> <span class='ocrx_word' id='word_1_819' title='bbox 2731 5601 3129 5675; x_wconf 81' lang='lat' dir='ltr'><strong>ﬁrmamentum</strong></span> <span class='ocrx_word' id='word_1_820' title='bbox 3163 5601 3246 5675; x_wconf 77' lang='lat' dir='ltr'><strong>est</strong></span> <span class='ocrx_word' id='word_1_821' title='bbox 3272 5601 3581 5675; x_wconf 63' lang='lat' dir='ltr'><strong>Scriptura.</strong></span> 
     </span>
    </p>
   </div>
   <div class='ocr_carea' id='block_1_118' title="bbox 2022 5669 3585 5740">
    <p class='ocr_par' dir='ltr' id='par_1_118' title="bbox 2022 5669 3585 5740">
     <span class='ocr_line' id='line_1_119' title="bbox 2022 5669 3585 5740; baseline -0.001 -12"><span class='ocrx_word' id='word_1_822' title='bbox 2022 5669 2165 5730; x_wconf 73' lang='lat' dir='ltr'><strong>Psal.</strong></span> <span class='ocrx_word' id='word_1_823' title='bbox 2208 5669 2444 5729; x_wconf 56' lang='lat' dir='ltr'><strong>ch&#39;vtu:</strong></span> <span class='ocrx_word' id='word_1_824' title='bbox 2492 5673 2667 5740; x_wconf 74' lang='lat' dir='ltr'><strong>Dixit,</strong></span> <span class='ocrx_word' id='word_1_825' title='bbox 2717 5683 2763 5727; x_wconf 88' lang='lat' dir='ltr'><strong>et</strong></span> <span class='ocrx_word' id='word_1_826' title='bbox 2818 5674 2959 5740; x_wconf 78' lang='lat' dir='ltr'><strong>facta</strong></span> <span class='ocrx_word' id='word_1_827' title='bbox 2991 5681 3132 5725; x_wconf 86' lang='lat' dir='ltr'><strong>sunt.</strong></span> <span class='ocrx_word' id='word_1_828' title='bbox 3188 5671 3319 5726; x_wconf 75' lang='lat' dir='ltr'><strong>Vide</strong></span> <span class='ocrx_word' id='word_1_829' title='bbox 3357 5669 3495 5740; x_wconf 81' lang='lat' dir='ltr'><strong>Cen.</strong></span> <span class='ocrx_word' id='word_1_830' title='bbox 3542 5685 3585 5727; x_wconf 82' lang='grc' dir='ltr'>ι.</span> 
     </span>
    </p>
   </div>
   <div class='ocr_carea' id='block_1_119' title="bbox 2022 5738 3585 5815">
    <p class='ocr_par' dir='ltr' id='par_1_119' title="bbox 2022 5738 3585 5815">
     <span class='ocr_line' id='line_1_120' title="bbox 2022 5738 3585 5815; baseline -0.002 -18"><span class='ocrx_word' id='word_1_831' title='bbox 2022 5743 2203 5799; x_wconf 82' lang='lat' dir='ltr'><strong>Verbo</strong></span> <span class='ocrx_word' id='word_1_832' title='bbox 2233 5760 2440 5815; x_wconf 90' lang='lat' dir='ltr'><strong>quoque</strong></span> <span class='ocrx_word' id='word_1_833' title='bbox 2478 5738 2786 5801; x_wconf 80' lang='lat' dir='ltr'><strong>universum</strong></span> <span class='ocrx_word' id='word_1_834' title='bbox 2818 5738 2995 5813; x_wconf 65' lang='lat' dir='ltr'><strong>genus</strong></span> <span class='ocrx_word' id='word_1_835' title='bbox 3050 5751 3294 5798; x_wconf 83' lang='lat' dir='ltr'><strong>nostrum</strong></span> <span class='ocrx_word' id='word_1_836' title='bbox 3336 5738 3466 5794; x_wconf 89' lang='lat' dir='ltr'><strong>oliut</strong></span> <span class='ocrx_word' id='word_1_837' title='bbox 3515 5740 3585 5794; x_wconf 89' lang='lat' dir='ltr'><strong>ad</strong></span> 
     </span>
    </p>
   </div>
   <div class='ocr_carea' id='block_1_120' title="bbox 2022 5815 3579 5871">
    <p class='ocr_par' dir='ltr' id='par_1_120' title="bbox 2022 5815 3579 5871">
     <span class='ocr_line' id='line_1_121' title="bbox 2022 5815 3579 5871; baseline -0.003 -3"><span class='ocrx_word' id='word_1_838' title='bbox 2022 5816 2188 5871; x_wconf 87' lang='lat' dir='ltr'><strong>vitam</strong></span> <span class='ocrx_word' id='word_1_839' title='bbox 2226 5815 2514 5871; x_wconf 86' lang='lat' dir='ltr'><strong>revocabit.</strong></span> <span class='ocrx_word' id='word_1_840' title='bbox 3576 5856 3579 5857; x_wconf 39' lang='grc' dir='ltr'><strong>ν</strong></span> 
     </span>
    </p>
   </div>
  </div>
