4102 6624
462 504 559 565 151

1655 494 1934 553 BASILH
1968 492 2507 553 SELEUCIENSIS

3611 481 3715 546 152

463 610 599 664 Eum
643 607 788 663 enim
836 608 1010 665 nutrit
1056 621 1220 677 opera
1270 616 1579 669 corvorum,
1636 614 1693 656 ut
1745 602 2039 657 immundae

2160 604 2226 658 να
2256 604 2331 674 μὴ
2363 603 2477 666 τοῖς
2504 600 2761 655 ἀσεϐέσιν
2787 600 2817 652 6
2836 596 3066 668 εὐσεϐὴς
3095 597 3289 667 ἐπίσης
3304 592 3449 666 λιμῷ
3468 593 3714 663 διαφθεί-

465 701 651 756 bestia:
701 702 877 756 cibum
933 699 1273 754 abominatus
1336 695 1512 749 solvat
1583 694 1737 749 famis
1795 694 2034 749 decreta.

466 790 755 861 Coroiaque
796 790 1039 859 prmepi,
1070 786 1261 856 inquit,
1305 795 1361 839 ut
1393 795 1608 853 pascant
1634 795 1680 838 te
1697 785 1762 836 ”.
1789 786 1867 839 Ac
1910 784 2038 838 mihi

468 882 590 937 vide
610 881 847 935 divinam
899 877 1244 945 sapientiam.
1270 876 1591 930 Traducitur
1621 875 1760 942 apud
1814 875 2042 944 scripto-

471 987 558 1023 res
586 984 769 1023 sacros
791 983 1007 1031 corvus,
1036 977 1092 1021 ut
1118 967 1315 1020 animal
1343 968 1466 1018 odio
1502 965 1730 1019 tiliorum
1760 963 2038 1020 laborans.

468 1060 576 1130 63
605 1059 734 1111 Nam
763 1073 883 1112 cum
922 1057 1088 1112 letum
1117 1057 1467 1121 excluserint,
1498 1055 1807 1125 repudiam,
1844 1054 2041 1121 reiecta

471 1165 566 1202 cos
594 1148 900 1202 nutricandi
932 1164 1083 1201 cura.
1117 1146 1221 1202 Sed
1252 1162 1369 1215 quae
1406 1146 1602 1200 rertrix
1633 1143 1872 1199 universi
1914 1158 2044 1213 pro-

471 1240 709 1293 videntia
758 1238 851 1293 Dei
898 1239 1043 1293 circa
1092 1252 1311 1292 omnem
1362 1246 1661 1304 occupatur
1711 1244 2041 1300 creaturam,

474 1330 556 1383 vel
588 1330 745 1396 pullis
765 1344 1051 1383 corvorum
1085 1328 1295 1384 occulta
1344 1331 1575 1397 quadam
1607 1327 1818 1383 ratione
1865 1327 2043 1382 cibum

473 1419 713 1488 suggerit
746 1420 946 1473 minuta
994 1421 1236 1487 quaedam
1283 1417 1823 1484 auimalcula.Quam
1863 1418 2047 1488 provi-

474 1510 711 1563 dentiam
762 1511 1077 1564 collaudans
1110 1512 1369 1578 propheta
1426 1508 1590 1565 David
1630 1510 1776 1565 canit
1830 1510 2046 1565 melos:

476 1598 545 1653 Et
593 1600 751 1666 pullis
784 1616 1056 1669 corvorum
1094 1601 1454 1654 invocantibus
1495 1616 1613 1653 eum
1630 1600 1701 1654 “.
1735 1630 1805 1642 —
1832 1599 2047 1654 Corvin-

477 1707 578 1761 συθ
603 1693 843 1759 ιπαιι-ερὲ,
898 1691 1091 1759 inquit,
1127 1701 1183 1744 ut
1213 1702 1430 1759 pascant
1466 1702 1515 1746 te
1536 1693 1602 1746 ".
1632 1691 1894 1747 Filiorum
1923 1706 2048 1763 pro-

480 1784 702 1847 ditores,
763 1784 855 1839 tibi
914 1794 1077 1839 sunto
1152 1783 1392 1838 alimenti
1444 1784 1897 1853 suppeditatores.
1967 1782 2047 1840 Ne

482 1873 643 1943 igitur
680 1874 869 1929 durior
916 1875 1081 1930 fueris
1115 1876 1292 1930 corvis
1321 1875 1588 1944 pullorum
1642 1878 1916 1941 osoribus,
1980 1891 2052 1932 ne

482 1963 725 2017 innatum
753 1965 818 2019 iis
844 1965 898 2019 in
925 1965 1097 2034 pullos
1119 1967 1299 2020 odium
1330 1966 1575 2031 imiteris,
1598 1982 1730 2022 neve
1759 1967 1812 2021 in
1840 1966 2053 2023 Judaaos

485 2053 779 2109 transferas
808 2072 823 2121 ;
857 2056 987 2124 quin
1019 2055 1231 2111 imitare
1263 2057 1446 2126 potius
1472 2072 1658 2112 eorum
1687 2058 1737 2112 in
1765 2068 1817 2112 te
1841 2074 2051 2114 curam.

487 2142 547 2198 Hi
567 2146 907 2200 commodato
935 2146 1035 2200 tibi
1051 2147 1311 2216 obsequio
1332 2159 1579 2204 naturam
1601 2149 1871 2204 vicerunt:
1890 2158 2052 2218 tuque

483 2232 787 2289 Jutlazorum
839 2237 1133 2305 nequitiam
1187 2238 1525 2293 humanitate
1571 2237 1851 2303 convince,
1900 2252 1967 2291 ne
1996 2237 2050 2291 in

485 2326 810 2383 contribules
842 2329 1021 2384 corvis
1056 2328 1224 2386 fueris
1254 2329 1617 2385 inhumanior.
1654 2329 1889 2387 Revince
1927 2346 2052 2386 coro

484 2432 581 2471 vos
606 2417 955 2475 humanitatis
980 2434 1140 2475 causa
1170 2420 1397 2492 legatos.

2145 712 2331 767 ρηται,
2363 691 2619 764 χορηγῶν
2653 690 2801 761 αὐτῷ
2833 691 2932 761 τὴν
2957 689 3184 761 τροφὴν,
3219 687 3589 750 λανθανόντωτ
3614 685 3715 757 τὴν

2142 784 2367 855 γνώμην
2408 784 2673 853 βιάζεται.
2715 782 2918 852 Τρέφει
2949 778 3059 851 γὰρ
3099 778 3262 832 αὑτὸν
3296 777 3384 833 διὰ
3438 778 3718 848 κοράκων,

2141 874 2211 929 ’ἐν’
2242 874 2432 944 ὥσπερ
2465 872 2778 943 ἀκαθάρτου
2806 871 2945 935 ζώου
2982 870 3084 940 τὴν
3131 870 3337 941 τροφὴν
3378 868 3720 939 μυσαττόμε-

2143 984 2252 1031 νος,
2280 965 2415 1037 λύσῃ
2437 964 2531 1018 τοῦ
2555 963 2714 1034 λιμοῦ
2734 965 2831 1032 τὴν
2852 961 3148 1031 ἀπόφασιν.
3182 958 3567 1028 Ἕντελοῦμαι
3586 956 3718 1028 γὰρ,

2145 1055 2303 1125 φησὶ,
2339 1054 2463 1119 τοῖς
2508 1052 2718 1121 κόραξι
2749 1051 2857 1105 τοῦ
2891 1050 3231 1118 διατρέφειν
3278 1064 3373 1101 σει
3408 1046 3583 1100 Βλέπε
3630 1062 3721 1114 μοι

2143 1147 2246 1219 τὴν
2286 1147 2437 1199 Θείαν
2470 1145 2682 1214 σοφίαν.
2738 1144 2824 1207 Ὠς
2862 1141 3177 1213 μισότεκνον
3202 1140 3264 1193 τὸ
3311 1138 3448 1203 ζῶον
3494 1139 3523 1190 6
3552 1134 3725 1205 κόραξ

2151 1236 2306 1308 παρὰ
2327 1239 2394 1307 τῇ
2428 1235 2619 1306 Γραφῇ
2642 1233 3010 1303 διαϐέϐληται.
3031 1231 3319 1293 Τίκτοντες
3347 1229 3457 1297 γὰρ
3490 1225 3722 1297 ἀρνοῦν-

2146 1346 2237 1381 ται
2263 1326 2361 1398 τὴν
2390 1327 2576 1396 γονὴν,
2613 1326 2711 1395 τῆς
2747 1324 2855 1377 τῶν
2894 1325 3102 1377 τέκνων
3141 1320 3348 1393 τροφῆς
3393 1320 3451 1385 96
3498 1315 3721 1389 φροντί-

2148 1421 2352 1485 ζοντες.
2390 1416 2532 1471 Ἀλλ’
2558 1419 2591 1487 ἡ
2619 1416 2748 1486 περὶ
2773 1417 2954 1469 πᾶσαν
2974 1412 3073 1483 τὴν
3108 1412 3284 1466 κτίσιν
3307 1410 3428 1464 θεία
3440 1408 3722 1463 διοικοῦσα

2151 1510 2377 1580 πρόνοια
2408 1509 2543 1577 (99),
2579 1509 2670 1561 καὶ
2697 1509 2811 1569 τοῖς
2837 1506 3076 1568 νεοσσοῖς
3092 1504 3422 1575 ἀπορρήτως
3446 1500 3536 1553 διά
3559 1512 3723 1551 τινων

2150 1600 2304 1664 ζώων
2357 1600 2567 1671 μικρῶν
2599 1599 2836 1669 γεωργεῖ
2858 1599 2958 1665 τὴν
2998 1596 3205 1666 τροφήν
3238 1594 3335 1665 (l).
3377 1594 3486 1646 Καὶ
3518 1590 3724 1661 ταύτην

2149 1693 2248 1746 ἀνυ
2257 1691 2405 1763 μνῶν
2430 1694 2459 1745 6
2481 1692 2766 1762 προφήτης
2782 1688 2945 1742 Δαυῒδ
2965 1686 3193 1759 μελῳδεῖ
3213 1703 3225 1715 ο
3258 1684 3367 1741 Καὶ
3393 1682 3519 1747 τοῖς
3548 1694 3725 1735 νεοσ-

2151 1783 2285 1849 σοῖς
2324 1782 2445 1837 τῶν
2494 1781 2767 1849 κοράκων
2814 1780 2940 1844 τοῖς
2971 1776 3466 1846 ἐπικαλουμένοις
3513 1772 3722 1828 αὐτόν.

2169 1870 2555 1940 Ἐντελοῦμιιι
2578 1870 2678 1940 (‘2),
2704 1869 2864 1939 φησὶ,
2882 1867 3007 1931 τοῖς
3030 1866 3236 1935 κόραξι
3256 1866 3361 1920 τοῦ
3390 1864 3729 1933 διατρέφειν

2157 1975 2251 2014 σε.
2280 1961 2342 2013 0i
2376 1958 2485 2012 τῶν
2511 1958 2719 2011 τέκνων
2750 1957 3031 2028 προδόται,
3063 1956 3163 2026 τῆς
3197 1955 3295 2027 σῆς
3316 1955 3521 2027 τροφῆς
3552 1969 3727 2023 γεωρ-

2156 2053 2263 2122 γοί.
2296 2051 2388 2123 Μὴ
2419 2051 2598 2105 τοίνυν
2630 2052 2835 2122 γενήσῃ
2876 2049 3074 2121 χείρων
3109 2048 3219 2101 τῶν
3262 2047 3592 2119 μισοτέκνων
3631 2065 3726 2101 κοο

2160 2145 2363 2216 ράκων,
2405 2144 2480 2215 μὴ
2514 2144 2730 2214 μιμήσῃ
2763 2142 2862 2211 τὴν
2880 2139 3088 2196 τούτων
3115 2142 3245 2210 περὶ⁵
3272 2140 3398 2203 τοὺς
3441 2137 3729 2200 Ἰουδαίους

2159 2235 2528 2309 μισοτεκνίαν,
2563 2235 2703 2288 ἀλλὰ
2733 2233 2974 2305 μίμησαι
2997 2235 3096 2306 τὴν
3132 2232 3338 2287 τούτων
3373 2231 3503 2302 περὶ
3536 2230 3598 2283 σὲ
3636 2228 3730 2282 θε-

2161 2328 2413 2400 ραπείαν.
2466 2326 2761 2397 Ἐνίκησαν
2785 2320 2931 2380 οὗτοι
2958 2326 3057 2396 τὴν
3088 2324 3249 2394 φύσιν
3275 2325 3339 2396 τῇ
3375 2323 3503 2394 περί
3533 2338 3592 2375 σε
3615 2321 3730 2373 λει-

2160 2420 2391 2494 τουργίᾳ
2411 2436 2425 2451 ·
2460 2419 2686 2492 νίκησον
2726 2420 2820 2474 καὶ
2844 2419 3007 2483 αὐτὸς
3038 2415 3417 2489 φιλανθρωπία
3443 2414 3543 2486 τὴν
3600 2413 3731 2466 Ἰου-

483 2509 648 2565 δαίων
673 2511 893 2575 κακίαν,
929 2513 1003 2585 μὴ
1034 2513 1170 2588 γίνῃ
1224 2516 1331 2570 τῶν
1394 2516 1649 2589 κοράκων
1708 2516 1837 2591 περὶ
1873 2516 1999 2583 τοὺς
2022 2514 2330 2591 ὁμοφύλους
2431 2516 2961 2589 ἀπανθρωπότερος’
3033 2513 3313 2586 αἰδέσθητι
3387 2506 3732 2583 πρεσϐευτὰς

487 2604 898 2675 φιλανθρωπίας
924 2617 1241 2676 γινομένους
1270 2608 1397 2672 τοὺς
1434 2608 1697 2679 κόρακας.

559 2697 823 2752 2.Verum
849 2710 906 2752 ut
927 2700 1067 2754 Deus
1088 2700 1259 2755 Eliam
1277 2703 1407 2757 vidit
1439 2702 1850 2770 inexorabilem,
1869 2720 2061 2761 corvos

2238 2702 2302 2775 β’.
2351 2702 2493 2757 Ἀλλ’
2525 2702 2603 2765 ὡς
2639 2697 2781 2756 εἶδεν
2812 2704 2841 2756 6
2876 2701 3010 2765 Θεὸς
3045 2700 3138 2755 τὸν
3191 2700 3375 2755 Ἠλίαν
3428 2699 3731 2767 ἀνένδστον,

489 2788 795 2844 ministerio
834 2789 991 2857 jubet
1026 2790 1321 2857 abstinere,
1360 2804 1524 2864 utque
1574 2809 1606 2848 a
1660 2796 1930 2850 sententia
1963 2808 2057 2864 per

2165 2793 2329 2849 παύει
2361 2793 2460 2863 μὲν
2492 2791 2871 2857 διακονοῦντας
2898 2792 3158 2857 ἐκείνους,
3193 2792 3378 2863 ἐπέχει
3401 2790 3457 2844 δὲ
3482 2791 3581 2861 τήν
3636 2806 3734 2861 φα-

490 2880 597 2934 vim
634 2879 886 2946 deducat,
924 2881 1044 2937 cibo
1077 2884 1279 2952 privat.
1301 2884 1417 2938 Etsi
1443 2899 1571 2939 vero
1611 2885 1728 2941 sine
1783 2885 2057 2956 prophetae

2162 2886 2291 2956 φὴν,
2321 2885 2407 2938 ἵνα
2432 2883 2530 2956 τὴν
2564 2882 2790 2955 γνώμην
2834 2883 3111 2954 βιάσηται.
3147 2882 3340 2936 Καίτοι
3369 2881 3460 2934 καὶ
3485 2880 3578 2934 τοῦ
3606 2897 3736 2951 προ-

503 2985 728 3025 assensu
767 2972 876 3027 Deo
913 2973 1183 3042 perfacilis
1228 2966 1480 3030 imbrium
1541 2976 1721 3044 datio;
1760 2976 1933 3031 noluit
1979 2988 2057 3031 ιε·

2164 2980 2339 3049 φήτου
2380 2977 2549 3049 χωρὶς
2577 2976 2808 3048 εὐχερὴς
2834 2974 2914 3045 τῷ
2949 2974 3070 3046 Θεῷ
3098 2974 3207 3028 τῶν
3240 2974 3463 3045 ὄμϐρων
3492 2975 3526 3044 ἡ
3564 2972 3739 3037 δόσις,

496 3077 617 3116 men
656 3065 797 3116 servi
828 3065 1063 3121 amantis
1098 3066 1419 3136 edictionem
1450 3067 1684 3133 solvere,
1716 3070 1811 3124 sed
1850 3067 2057 3123 Judaeu-

2163 3072 2279 3125 ἀλλ’
2312 3072 2414 3125 οὐκ
2444 3069 2695 3123 ἐϐούλετο
2724 3068 2872 3123 λύειν
2896 3069 3104 3123 οίκὲτου
3130 3066 3411 3137 φιλοῦντος
3439 3066 3733 3134 ἀπόφασιν,

497 3167 613 3207 rum
649 3155 1171 3211 animadversionem
1203 3157 1275 3212 ita
1315 3158 1602 3213 miseratus
1634 3169 1737 3225 est,
1763 3168 1820 3213 ut
1852 3159 1919 3214 ab
1949 3158 2057 3213 Elia

2164 3162 2280 3217 ἀλλ’
2320 3161 2563 3225 ἐκείνους
2608 3160 3010 3231 κολαζομένους
3059 3160 3347 3228 οἰκτείρων
3398 3157 3490 3211 τὸν
3547 3155 3737 3209 Ἠλίαν

498 3244 749 3315 injuriam
801 3247 1135 3315 abetineret;
1168 3248 1306 3303 viam
1342 3249 1639 3318 prudentim
1674 3250 1889 3319 plenam
1936 3265 2057 3305 cum

2161 3256 2259 3323 οὐχ
2287 3253 2496 3325 ὕϐριζε.
2529 3253 2718 3322 Σοφῶς
2747 3252 2804 3305 δὲ
2841 3252 2909 3306 τὰ
2952 3252 3092 3304 κατὰ
3120 3251 3211 3304 τὸν
3255 3249 3542 3321 προφήτην
3570 3246 3737 3317 ἐμεθ-

497 3336 755 3403 propheta
782 3337 954 3393 inivil.
990 3338 1062 3395 Ut
1088 3340 1255 3406 ειιὶιιι,
1284 3341 1424 3407 quod
1468 3340 1697 3406 aiebam,
1726 3339 1856 3394 nihil
1883 3339 2067 3395 remit-

500 3436 701 3483 tentem
750 3428 904 3493 Vidit,
958 3439 1013 3484 et
1066 3430 1378 3486 esuritionis
1434 3430 1742 3486 violentiam
1783 3431 2067 3487 sententia

499 3520 681 3589 rigore
761 3519 1193 3589 pervincentem.
1258 3533 1350 3575 aut
1397 3522 1595 3593 potius,
1645 3533 1705 3577 ut
1778 3523 2066 3593 impiorum

499 3612 758 3682 supplicia
786 3612 917 3667 vidit
944 3611 1073 3667 Elia:
1105 3613 1157 3667 in
1189 3613 1396 3670 deliciis
1423 3630 1567 3681 esse,
1588 3630 1711 3669 eum
1746 3614 1866 3671 loco
1890 3614 2066 3672 locum

504 3716 713 3760 mutare
757 3705 933 3775 jubet,
985 3717 1138 3777 urget
1170 3707 1557 3776 profectionem
1610 3707 1661 3762 in
1713 3708 1963 3779 Sarepta,
2014 3718 2069 3764 et

502 3812 621 3851 eum
664 3799 730 3852 ad
767 3798 1044 3855 mulierem
1079 3799 1294 3854 viduam
1337 3801 1522 3863 mittit,
1559 3800 1649 3869 qui
1688 3814 1820 3856 voce
1857 3812 2069 3856 creatu-

504 3904 617 3943 ram
639 3889 815 3960 pluvia
856 3892 1119 3946 viduarat.
1144 3890 1378 3961 Prwcepi
1398 3895 1536 3947 enim
1554 3892 1625 3944 ibi
1650 3892 1865 3946 mulieri
1879 3893 2068 3957 vidule,

502 3990 559 4034 ut
587 3990 763 4045 pascat
800 3990 847 4033 te
870 3981 935 4034 “.
964 3982 1193 4036 Tantum
1223 3998 1328 4037 non
1358 3984 1488 4036 dixit
1510 4003 1525 4039 z
1552 3982 1608 4037 Si
1635 3993 1687 4038 te
1707 3984 1815 4039 cibi
1843 4000 1949 4040 non
1976 4001 2072 4055 pu-

502 4069 903 4134 det,inccnsam
933 4070 1065 4124 iram
1103 4088 1167 4138 ne
1200 4074 1535 4129 restinxeris.
1568 4072 1816 4142 Viduam,
1849 4085 1904 4130 et
1934 4090 2069 4144 pau-

504 4174 711 4229 perem,
743 4175 808 4214 ac
841 4170 1103 4228 praeterea
1148 4164 1403 4232 gentilem
1448 4165 1717 4230 nominat,
1758 4177 1818 4221 ut
1846 4167 1928 4221 vel
1954 4169 2071 4234 ejus

507 4250 848 4305 mendicitate
872 4265 1297 4318 commoveatur,
1322 4256 1402 4309 vel
1429 4265 1488 4311 ut
1510 4256 1726 4326 gentilis
1755 4257 2069 4315 alimentum

503 4352 803 4406 aversetur,
838 4357 902 4398 ac
936 4344 1017 4399 vel
1046 4345 1243 4400 invitus
1272 4347 1464 4402 evadat
1492 4349 1781 4415 humanus,
1814 4362 1865 4405 et
1903 4351 2072 4407 nubes

504 4435 719 4489 silentio
772 4435 1094 4491 constrictas
1141 4437 1332 4493 solvat.
1388 4440 1493 4495 Sed
1552 4443 1627 4495 ad»
1654 4443 1868 4497 viduam
1922 4443 2073 4498 adire

506 4542 617 4581 non
654 4537 869 4583 recusat
913 4526 1077 4583 Elias.
1111 4529 1206 4585 Illa
1245 4531 1428 4585 habitu
1454 4546 1824 4604 paupertatem
1858 4538 2068 4605 prodit:

2168 3348 2386 3403 ώδευεν.
2405 3348 2493 3411 Ὠς
2517 3346 2624 3417 γὰρ
2645 3344 2800 3410 εἶδεν,
2824 3346 2852 3398 δ
2871 3345 3028 3416 ἔφην,
3060 3344 3159 3398 οὐκ
3181 3343 3470 3408 ἐνδιδόντα,
3497 3340 3740 3395 νικῶντὰ

2166 3454 2225 3491 τε
2253 3436 2355 3507 τῆς
2379 3436 2568 3505 πείνης
2595 3436 2692 3506 τὴν
2723 3436 2843 3506 βίαν
2869 3434 2946 3505 τῷ
2965 3435 3105 3505 τόνῳ
3124 3434 3225 3504 τῆς
3245 3431 3468 3503 γνώμης
3487 3447 3501 3463 ⁸
3537 3430 3740 3502 μᾶλλον
3848 3508 3851 3509 ν

2167 3529 2223 3584 δὲ
2253 3528 2329 3594 ὡς
2357 3524 2497 3583 εἶδεν
2523 3528 2814 3600 τρυφῶντα
2857 3530 2924 3598 τῇ
2953 3526 3065 3581 τῶν
3094 3525 3307 3580 ἀσεϐῶν
3347 3524 3610 3596 τιμωρίᾳ,
3650 3522 3740 3575 τό·

2169 3637 2307 3686 πους
2330 3621 2495 3677 αὐτὸν
2527 3622 2593 3674 ἐκ
2638 3621 2819 3675 τόπων
2850 3620 3099 3691 ἀμείϐειν
3140 3618 3595 3688 παρακελεύεται,
3644 3615 3740 3669 καὶ

2170 3713 2306 3784 πρὸς
2336 3711 2599 3785 Σαραφϐὰ
2641 3711 2875 3781 βαδίζειν
2905 3711 3217 3780 ὲπείγεται’
3262 3710 3354 3764 καὶ
3389 3709 3523 3780 πρὸς
3564 3709 3741 3778 χήραν

2169 3803 2489 3859 ἀποστέλλει
2537 3804 2771 3872 γυναῖκα
2813 3802 2905 3855 τὸν
2947 3804 3121 3873 χήραν
3163 3801 3262 3873 τὴν
3299 3801 3475 3854 κτίσιν
3507 3799 3594 3853 διὰ
3638 3798 3742 3866 τῆς

2172 3898 2355 3966 φωνῆς
2391 3896 2791 3966 ἐργασάμενον.
2837 3893 3246 3963 Ἐντελοῦμαι,
3300 3893 3455 3962 φησὶ,
3500 3890 3741 3960 γυναικὶ

2171 3988 2329 4059 χήρᾳ
2359 3989 2467 4043 τοῦ
2493 3988 2830 4058 διατρέφειν
2858 4002 2951 4043 σε.
2993 3986 3294 4056 Μονονουχὶ
3333 3984 3532 4050 λέγων,
3564 3982 3629 4036 Ei
3664 3980 3741 4051 μὴ

2171 4079 2405 4153 αἰσχύνῃ
2436 4079 2536 4151 τὴν
2581 4079 2808 4151 τροφὴν,
2849 4079 2923 4151 μὴ
2973 4078 3175 4149 σϐέσῃς
3215 4076 3313 4148 τὴν
3349 4076 3739 4145 ἀγανάκτησιν.

2174 4173 2362 4243 Χήραν
2385 4170 2481 4224 καὶ
2513 4170 2796 4241 πενιχρὰν,
2823 4172 2917 4223 καὶ
2963 4171 3100 4241 πρὸς
3120 4168 3332 4230 τούτοις
3370 4164 3588 4233 ὲθνικὴν
3622 4164 3743 4216 ἑπι-

2173 4260 2391 4326 λὲγεται
2416 4276 2430 4290 ·
2462 4258 2550 4313 ἵνα
2587 4260 2621 4330 ἢ
2668 4259 2767 4331 τὴν
2792 4259 2984 4314 πενίαν
3026 4257 3295 4331 οίκτείρῃ,
3334 4255 3367 4324 ἢ
3417 4255 3493 4320 ὡς
3524 4252 3743 4316 ἐθνικῆς

2172 4354 2466 4424 ἀπογραφῇ
2488 4336 2591 4418 (2⁸)
2610 4352 2707 4423 τὴν
2735 4352 2966 4424 τροφὴν,
2988 4352 3083 4404 καὶ
3096 4351 3321 4419 γένηται
3342 4347 3435 4402 καὶ
3454 4347 3600 4402 ἄκων
3619 4343 3744 4414 φιλ-

2173 4445 2476 4517 άνθρωπος,
2513 4446 2607 4499 καὶ
2639 4444 2777 4518 λύσῃ
2807 4444 3036 4514 νεφέλας
3063 4446 3241 4513 σιωπῇ
3270 4441 3583 4511 δεδεμένας.
3603 4435 3745 4490 Ἀλλ’

2172 4539 2233 4591 ού
2292 4539 2639 4609 παραιτεῖται
2694 4536 2930 4607 βαδίζειν
2984 4536 3061 4600 ὡς
3121 4536 3260 4606 πρὸς
3289 4534 3387 4605 τὴν
3431 4535 3607 4605 χήραν
3661 4530 3741 4602 (3)

506 4618 733 4685 parabat
780 4619 925 4674 enim
969 4621 1171 4687 cibum,
1204 4636 1429 4691 qua-que
1455 4624 1523 4678 ad
1567 4626 1897 4694 sepulturam
1936 4642 2057 4697 opus

2190 4630 2400 4694 Ἠλίας.
2424 4631 2487 4684 Ἥ
2505 4630 2563 4684 δὲ
2596 4629 2674 4701 τῷ
2714 4634 2953 4702 σχήματι
2978 4629 3078 4701 τὴν
3109 4628 3300 4683 πενίαν
3328 4628 3561 4699 ἐλέγχει.
3592 4626 3743 4697 Παρο

579 4756 624 4790 ³³
661 4757 723 4811 lll
758 4760 887 4831 Reg.
918 4775 1050 4825 xvn,
1079 4760 1134 4815 ι.
1209 4760 1263 4793 ’⁸
1291 4760 1435 4817 Psal.
1473 4779 1649 4827 cum,
1679 4766 1731 4820 9.
1810 4767 1855 4798 "
1896 4764 1957 4819 111
1997 4765 2057 4820 Rt

2160 4783 2291 4834 xvii,
2320 4769 2374 4823 4.
2451 4770 2499 4801 ’⁸
2540 4769 2669 4825 ibid.
2698 4768 2751 4824 9.

1728 4898 1834 4954 CL.
1877 4900 2252 4968 DAUSQUEII
2290 4902 2522 4958 NOTAE.

579 5037 691 5108 (99)
710 5040 866 5112 _Ge(a
895 5038 1207 5095 διοικοῦσα
1253 5043 1522 5112 πρόνοια,
1574 5041 1629 5097 Si
1666 5058 1771 5111 quo
1804 5044 2064 5112 explenda

510 5108 781 5185 lacunula,
806 5110 877 5185 ita
912 5121 1088 5185 potest
1128 5130 1142 5166 :
1177 5108 1451 5185 διοικοῦσα
1490 5108 1713 5185 κόσμον,
1749 5115 1836 5185 vel
1867 5108 2065 5168 πάντα.

584 5179 662 5244 (it
711 5178 999 5252 Kai_toi¢
1035 5182 1317 5252 νεοσσοῖς
1360 5178 1708 5252 ἀπορρήξως
1742 5180 1841 5237 διά
1890 5200 2069 5238 τινων

511 5247 669 5309 ζώων
684 5246 914 5321 μικρῶν
942 5248 1181 5319 γεωργεῖ
1203 5250 1319 5319 τὴν
1336 5246 1587 5321 τροςᾰῆνζ
1605 5246 1979 5308 Nazianzenus
2001 5254 2070 5309 de

513 5320 718 5391 «ξιιμιυί
753 5335 817 5372 cx
852 5319 1024 5375 alieno
1068 5319 1405 5391 incommodo
1439 5319 1533 5376 sua
1572 5332 1753 5391 captat
1784 5324 2065 5379 commoda

515 5389 651 5470 dixit
695 5392 957 5470 γεωργεῖν
1012 5390 1333 5470 συμφοράςε.
1371 5389 1709 5470 Ρτοὴεὺὶιίρτ
1741 5402 1824 5470 est
1887 5402 2065 5470 autem

518 5458 639 5532 huic
680 5458 865 5525 Opinio
919 5460 985 5513 de
1028 5458 1367 5515 animalculis
1427 5462 1693 5532 suggestis
1764 5464 1817 5518 in
1880 5463 2059 5517 cibum

515 5527 673 5599 pullis
709 5542 1026 5599 corvorum,
1061 5544 1220 5598 quam
1270 5545 1459 5585 eorum
1479 5527 1630 5599 [qui
1676 5548 1805 5587 aura
1858 5533 2063 5588 roscida

517 5597 663 5651 Vesci
720 5604 928 5666 putant.
974 5597 1085 5654 Nec
1139 5600 1282 5653 enim
1330 5597 1582 5655 animalia
1627 5604 1951 5666 caruivora,
2012 5610 2067 5656 et

518 5668 585 5721 ab
635 5668 850 5737 ingenio
899 5668 1238 5735 praefervida,
1282 5680 1574 5725 vescuntur
1600 5687 1730 5725 aura
1781 5675 2061 5728 duntaxat.

517 5737 647 5801 Quae
681 5747 860 5791 autem
890 5739 999 5794 sint
1025 5741 1138 5793 hare
1166 5740 1486 5796 animalcula
1528 5758 1631 5795 non
1664 5744 1836 5799 habeo
1866 5741 2067 5799 aliinite

518 5805 699 5890 dicere
724 5824 740 5860 :
770 5809 986 5890 quidam
1016 5824 1239 5890 muscas
1265 5819 1476 5881 putant,
1508 5810 1598 5866 alii
1643 5814 1983 5874 vermiculos,
2014 5821 2069 5867 et

519 5876 734 5946 quidem
761 5876 797 5933 e’
834 5878 1081 5949 primults
1131 5876 1317 5937 eorum
1369 5891 1540 5950 natos,
1600 5891 1692 5937 aut
1734 5896 1765 5937 e
1792 5893 2067 5952 congesto.

2174 5045 2403 5101 Consule
2420 5045 2693 5105 Valesium
2719 5044 2795 5099 De
2813 5060 2966 5099 sacra
2982 5041 3333 5113 philosophia,
3350 5055 3402 5095 c.
3428 5038 3523 5105 55,
3552 5046 3606 5094 et
3636 5036 3741 5093 Ge-
3773 5018 3779 5026 ’

2177 5114 2521 5178 uebrardurn.
2556 5118 2609 5170 in
2642 5115 2779 5181 psal.
2810 5129 2990 5170 cxcvt.

2246 5184 2321 5255 (2)
2364 5177 2772 5256 Ἐντελοῦμαι.
2818 5184 2988 5238 Biblia
3050 5181 3246 5252 quibus
3288 5187 3443 5244 utor,
3485 5177 3742 5232 ἐντέταλ-

2177 5271 2297 5325 μαι.

2253 5324 2769 5397 ίὲἽ-Ἀποῃοαερῇ
2815 5323 3122 5392 Legendum
3153 5320 3364 5375 videtur
3391 5318 3742 5388 ἀποστραφῇ.

2174 5394 2348 5452 Eois.
2366 5394 2608 5451 PATBOL‘.

2240 5467 2317 5537 (5)
2338 5468 2419 5521 Οὐ
2444 5463 2805 5537 παραιτεῖται
2818 5458 3087 5537 ,ϐαδίζειν
3106 5460 3363 5537 ὡςβρρς
3386 5457 3500 5525 τὴν
3526 5457 3743 5526 χήραν.

2171 5527 2345 5601 Τὸίὒς
2366 5527 2591 5591 venuste
2630 5535 2771 5588 vices
2797 5534 2942 5587 subit
2976 5530 3071 5583 τοῦ
3104 5527 3263 5602 πρόςζ
3282 5527 3469 5602 Poeta:
3499 5538 3737 5602 lcruma

2174 5594 2482 5662 ximilocos
2511 5615 2594 5660 est
2630 5605 2697 5658 ab
2734 5602 3023 5657 Aristotele
3049 5594 3248 5657 citatus
3282 5599 3377 5654 lib.
3419 5612 3519 5653 vut
3571 5594 3739 5650 Nico-

2171 5697 2438 5761 machion,
2470 5695 2559 5749 ubi
2590 5694 2655 5749 de
2675 5692 2911 5747 amicitia
2956 5706 2971 5743 :

2184 5786 2281 5855 Ὧς
2309 5788 2423 5842 ale!
2459 5784 2567 5841 τόν
2593 5784 2799 5855 σ’μοῖον
2827 5783 2955 5855 ἄγει
2993 5780 3127 5847 θεὸς
3160 5779 3240 5846 ὡς
3266 5778 3372 5835 τὸν
3407 5776 3635 5848 ὁμοῖον.

2180 5881 2355 5948 Quare
2381 5878 2441 5934 τὸ
2477 5878 2612 5947 πρός
2643 5887 2701 5934 ut
2726 5877 2986 5948 glossema
3012 5872 3201 5943 repuli.
