4144 6560
592 568 801 625 cuerat,
824 572 884 616 se
910 558 1115 615 vidisse
1151 565 1207 613 et
1234 565 1381 613 recte
1408 555 1691 626 loquentes
1714 556 1931 611 audisse
1961 572 2025 612 ac
2052 572 2164 611 rem

594 663 801 709 tantam
842 652 1094 708 miratum
1120 666 1246 707 esse
1284 658 1518 704 testatur
1540 649 1679 721 (17).
1707 645 1876 716 llujus
1917 648 2054 702 adeo
2087 649 2167 702 in-

595 749 772 817 gentis
820 747 1063 802 miraculi
1118 746 1273 801 tcstis
1302 744 1541 815 locuples
1571 744 1707 797 alter
1751 742 1960 797 accedit
1982 740 2169 796 Victor

599 838 858 903 Vitensis,
882 838 1068 891 eodem
1114 844 1355 903 tempore
1377 834 1557 887 clarus
1589 847 1695 901 quo
1725 842 1910 886 noster
1941 831 2167 897 Encas,

597 910 817 984 Zenone
862 928 1117 982 nimirum
1158 926 1467 994 imperante
1494 926 1629 993 :qui
1680 926 1745 977 de
1793 923 1985 978 iisdem
2037 938 2170 978 con-

600 1019 902 1076 fessoribus
948 1018 1111 1101 verba
1144 1014 1374 1079 faciens,
1430 1017 1544 1070 haec
1589 1014 1751 1101 habet
1775 1012 1887 1084 (18)
1919 1032 1932 1068 :
1962 1013 2167 1083 Spiritu

488 1094 501 1109 ’
538 1114 541 1115 ⁷
601 1121 782 1166 sancto
830 1094 1108 1177 praestante
1145 1108 1217 1161 ita
1253 1107 1414 1162 locuti
1456 1116 1576 1160 sunt
1611 1099 1659 1159 et
1708 1104 2012 1174 loquuntur,
2040 1121 2170 1175 quo-

602 1204 757 1257 modo
793 1211 948 1256 antea
978 1201 1342 1270 loquebantur.
1383 1198 1486 1253 Sed
1521 1198 1568 1251 si
1586 1196 1725 1266 quis,
1766 1196 1970 1260 subdit,
1998 1196 2175 1249 incre-

602 1294 760 1348 dulus
809 1309 919 1347 esse
964 1292 1203 1355 voluerit,
1247 1299 1423 1359 pergat
1470 1304 1607 1343 nunc
1645 1285 2165 1354 ConstantinOpolim,

604 1396 652 1439 et
684 1385 754 1438 ibi
787 1383 1001 1451 reperiet
1050 1397 1211 1434 unum
1264 1381 1326 1434 de
1367 1379 1498 1442 illis,
1528 1378 1894 1432 subdiaconem
1938 1375 2173 1445 Repara-

606 1486 736 1542 tum,
765 1488 1024 1527 sermones
1050 1472 1241 1541 politos
1265 1471 1378 1525 sine
1406 1468 1516 1522 ulla
1548 1466 1833 1536 o/fensione
1854 1464 2169 1535 loquentem.

608 1564 688 1620 0b
719 1580 873 1636 quant
897 1579 1110 1616 causam
1156 1561 1461 1616 venerabilis
1495 1560 1716 1612 nimium
1760 1556 1813 1609 in
1841 1556 2043 1623 palatio
2076 1555 2176 1612 Ze-

609 1655 761 1709 nonis
793 1655 1123 1721 imperatoris
1164 1651 1402 1715 habetur,
1449 1661 1495 1704 et
1525 1649 1784 1718 prwcipue
1813 1649 1994 1716 regina
2040 1649 2177 1704 mira

609 1758 727 1798 eum
750 1742 1038 1795 reverentia
1078 1751 1371 1795 veneratur.
1419 1738 1540 1791 Alia
1583 1735 1691 1790 duo
1728 1747 1983 1806 praeterea
2014 1738 2081 1792 de
2117 1753 2176 1791 re

587 1841 784 1897 ~tanta,
829 1831 1075 1900 quamvis
1114 1830 1261 1884 omni
1313 1829 1418 1883 [ide
1455 1827 1698 1897 probata,
1751 1827 1928 1896 placet
1972 1827 2173 1883 addere

611 1920 947 1993 testimonia,
986 1918 1195 1974 scilicet
1230 1916 1526 1973 Marcellini
1554 1918 1772 1973 comitis
1809 1926 1859 1972 et
1886 1917 2171 1986 Procopii,

609 2027 839 2084 quorum
869 2020 1099 2079 uterque
1136 2010 1323 2062 iisdem
1349 2005 1756 2063 confessoribus
1783 2008 1961 2064 adhuc
1987 2010 2175 2066 viven-

610 2100 755 2155 tibus
776 2098 911 2153 vixit
937 2111 1000 2150 ac
1032 2098 1131 2149 sub
1160 2096 1463 2150 lustiuiano
1495 2095 1822 2164 imperatore
1866 2097 2081 2153 claruit.
2110 2099 2177 2154 Et

610 2187 953 2243 Marcellinus
976 2187 1193 2255 quidem
1220 2186 1271 2239 iu
1306 2184 1580 2240 Chronico
1611 2187 1676 2239 ad
1707 2203 1906 2241 annum
1936 2188 2062 2253 484,
2094 2190 2176 2243 in-

610 2280 741 2334 dict.
794 2293 895 2340 vn,
937 2276 1272 2331 Theodorico
1308 2286 1363 2331 et
1400 2277 1666 2333 Venantio
1711 2294 1851 2333 coss.
1880 2280 1992 2351 (19)
2022 2299 2037 2338 :
2075 2281 2178 2336 Το-

612 2380 741 2435 tam,
787 2370 979 2439 inquit,
1017 2384 1108 2437 per
1142 2370 1376 2439 Africam
1411 2368 1639 2423 crudelis
1682 2368 1936 2424 Ilunerici
1975 2369 2181 2426 Vanda-

616 2464 789 2516 lorum
831 2463 965 2531 regis
996 2463 1049 2514 in
1092 2470 1294 2515 nostros
1326 2461 1611 2515 catholicos
1658 2465 1951 2529 persecutio
1987 2465 2181 2533 impor-

618 2563 733 2607 tata
780 2563 875 2608 est.
955 2553 1094 2607 Nam
1161 2552 1413 2605 exsulatis
1479 2553 1854 2622 di/fugatisque
1906 2555 2182 2624 plusquam

608 2658 878 2699 cccxxxm
901 2643 1314 2696 orthodoxorum
1339 2643 1615 2709 episcopis,
1643 2644 1972 2712 ecclesiisque
2002 2661 2182 2700 eorum

611 2735 828 2799 clausis,
853 2734 992 2804 plebs
1020 2734 1255 2802 ﬁdelium
1295 2735 1454 2787 variis
1485 2734 1700 2787 subacta
1734 2736 2027 2805 suppliciis,
2061 2736 2183 2791 bea-

613 2838 723 2879 tum
753 2826 1127 2879 consummavit
1153 2840 1392 2894 agonem.
1419 2823 1613 2891 Nempe
1643 2834 1768 2878 tunc
1789 2827 1924 2880 idem
1952 2844 2041 2881 rex
2068 2828 2185 2882 Hu-

612 2918 842 2981 nericus,
881 2917 1037 2970 unius
1077 2915 1319 2967 catholici
1354 2914 1697 2968 adolescentis
1734 2917 1892 2969 vitam
1923 2935 1953 2970 a
1994 2919 2183 2972 nativi-

614 3017 724 3063 tute
759 3024 854 3062 sua
889 3009 1000 3061 sine
1035 3007 1141 3060 ullo
1172 3021 1408 3059 sermone
1452 3006 1716 3070 ducentis,
1765 3007 2001 3078 linguam
2046 3024 2185 3077 pra:-

613 3099 746 3167 cepit
798 3098 1011 3161 excidi;
1063 3096 1302 3164 idemque
1358 3106 1559 3159 mutus,
1608 3097 1745 3165 quod
1799 3099 1910 3152 sine
1956 3100 2184 3153 huntano

614 3189 800 3243 auditu
829 3188 1040 3242 Christo
1092 3187 1306 3240 credens
1340 3186 1444 3254 ﬁde
1485 3187 1765 3253 didicerat,
1808 3204 1929 3243 mox
1965 3192 2187 3259 prazcisa

614 3283 711 3337 sibi
765 3282 944 3350 lingua
996 3280 1202 3333 locutus
1246 3289 1342 3340 est,
1394 3278 1716 3348 gloriamque
1768 3279 1873 3333 Deo
1922 3281 1974 3345 in
2018 3283 2187 3351 primo

614 3375 751 3429 vocis
795 3390 907 3428 suae
957 3373 1174 3426 exordio
1220 3372 1382 3426 dedit.
1426 3370 1658 3440 Denique
1701 3387 1766 3424 ea:
1809 3371 1906 3426 hoc
1951 3374 2187 3441 ﬁdelium

619 3466 959 3521 contubernio
982 3465 1277 3533 aliquantos
1300 3479 1393 3533 ego
1417 3464 1836 3533 religiosissimos
1861 3466 2020 3531 viros,
2046 3482 2185 3534 prte-

615 3558 737 3611 cisis
785 3558 1002 3626 linguis,
1058 3557 1302 3609 manibus
1354 3556 1635 3622 truncatis,
1681 3556 1820 3623 apud
1869 3556 2185 3625 Byzantinus

614 3655 824 3723 integra
870 3668 988 3707 voce
1040 3654 1287 3720 conspexi
1334 3653 1628 3720 loquentes.
1683 3652 1813 3707 Herc
1866 3654 2186 3708 Arianorum

616 3746 900 3800 crudelitas
938 3745 991 3796 in
1037 3744 1311 3814 religiosos
1342 3743 1538 3798 Citriin
1581 3746 1807 3798 cultores
1852 3761 2012 3813 supra
2054 3746 2187 3798 scri-

616 3836 715 3905 ptis
746 3851 878 3888 coss.
912 3850 1085 3889 mense
1128 3833 1425 3888 Februario
1469 3835 1619 3901 cwpit
1654 3834 1846 3902 inﬂigi.
1884 3833 2008 3888 Haec
2050 3833 2189 3887 Mar-

616 3927 863 3983 cellinus.
910 3924 1205 3995 Procopius
1238 3940 1369 3980 vero
1399 3925 1512 3994 (20)
1545 3943 1560 3979 :
1596 3925 1923 3978 Christianos
1969 3925 2184 3993 Africa',

540 4058 545 4061 μ
617 4020 714 4083 ait,
740 4030 846 4071 tant
861 4017 1147 4071 crudeliter
1168 4028 1379 4084 tamque
1401 4015 1594 4083 injuste
1616 4031 1761 4068 nemo
1785 4016 2004 4078 vexavit,
2030 4032 2185 4084 quam

619 4108 939 4163 liunericus.
973 4107 1100 4160 Cum
1124 4107 1264 4159 enim
1293 4104 1414 4158 illos
1443 4105 1513 4157 ad
1538 4112 1729 4158 sectam
1762 4104 2013 4157 Arianam
2044 4122 2187 4157 cont-

618 4200 867 4270 pelleret,
904 4211 1237 4266 quoscunque
1264 4211 1453 4264 parum
1497 4194 1980 4278 atwbsequenduut
2013 4211 2185 4261 prom-

617 4308 732 4367 ptos
773 4292 1202 4362 deprehendebat,
1253 4292 1369 4360 igne
1417 4290 1640 4358 aliisque
1687 4288 1960 4357 suppliciis
2000 4305 2184 4344 excru-

618 4391 782 4442 ciatos
810 4383 1046 4437 necabat.
1082 4379 1265 4433 Multis
1307 4380 1540 4449 linguam
1569 4380 1802 4448 faucium
1829 4389 1978 4433 tenus
2014 4381 2187 4435 absci-

616 4479 718 4541 dit,
768 4475 856 4544 qui
898 4482 1078 4525 nostra
1123 4470 1287 4523 etiam
1343 4479 1494 4524 (etate
1534 4471 1841 4538 superstites
1902 4470 2181 4541 Byzantii,

617 4568 891 4636 explanate
928 4562 1294 4631 loquebantur,
1336 4559 1537 4615 nullum
1570 4562 1831 4631 capientes
1878 4579 2083 4618 sensum
2123 4564 2187 4619 il-

619 4663 721 4714 lius
750 4673 936 4727 plenae.
978 4654 1249 4710 llacteuus
1274 4651 1587 4721 ProcOpius,
1628 4668 1788 4724 quem
1832 4655 1997 4711 etiam
2030 4672 2184 4713 asse-

615 4762 798 4807 ctatur
826 4747 1089 4819 Evagrius
1116 4746 1249 4819 (2|).

670 4865 775 4920 λιν.
818 4865 924 4919 Sed
960 4875 1254 4933 quorsum,
1309 4858 1555 4930 inquies,
1594 4860 1709 4915 hac
1763 4860 1981 4915 testium
2019 4859 2190 4917 nubes

617 4961 838 5015 inducta
869 4957 936 5012 de
979 4963 1130 5009 tanto
1166 4950 1429 5007 miraculo
1470 4959 1581 5005 toto
1619 4950 1728 5017 jam
1768 4954 1903 5007 orbe
1930 4950 2187 5018 vulgato?

618 5051 907 5115 Nimirum,
952 5062 1059 5117 quo
1108 5046 1455 5112 impotentem
1507 5038 1723 5096 obscuri
1770 5042 1948 5097 critici
1990 5057 2187 5097 censu-

620 5157 735 5198 ram
765 5140 1128 5204 conl'utemus,
1148 5136 1416 5207 simulque
1436 5135 1606 5191 nostri
1637 5133 1822 5191 Iliaeae
1843 5134 2021 5191 Gaztei
2048 5134 2186 5191 alio-

692 5323 802 5393 (l7)
837 5321 965 5377 IEn.
1000 5321 1129 5393 Ga__z.
1163 5320 1199 5373 ι.
1227 5334 1426 5393 capag.
1457 5317 1562 5373 665
1597 5314 1728 5393 (col:
1764 5314 1903 5393 1902
1934 5316 2021 5393 Αλτ

695 5383 805 5464 (18)
864 5389 1196 5464 γίοιεργἰῑη
1227 5383 1401 5464 Hist:
1428 5383 1623 5464 persec.
1683 5383 1913 5439 Vandal.
1972 5383 2065 5439 lib.
2113 5403 2177 5451 ν,

621 5456 739 5532 cap.
765 5456 818 5527 6,
851 5475 972 5532 pag.
995 5460 1084 5532 76,
1114 5460 1243 5532 edit.
1270 5458 1441 5512 Paris.
1475 5456 1721 5532 Quinam.

621 5587 626 5590 ,
690 5526 811 5601 (19)
847 5526 1079 5601 Marce“.
1110 5526 1626 5601 Chronapagl350.

693 5595 806 5671 (20)
846 5600 1094 5671 Procop._
1125 5599 1200 5671 De
1254 5595 1387 5652 bello
1421 5595 1675 5653 'Vandal.
1733 5596 1823 5650 lib.
1873 5611 1913 5661 ι,
1962 5609 2081 5664 cap.
2124 5596 2178 5660 8,

622 5667 745 5743 pag.
771 5667 888 5743 {96A
900 5669 1029 5723 edit.
1064 5667 1234 5743 Paris.

698 5734 811 5811 (21)
851 5740 1045 5811 Evang
1075 5736 1216 5811 Hist.
1239 5737 1435 5811 eccles.
1465 5738 1558 5793 lib.
1590 5752 1665 5801 tv,
1692 5734 1933 5811 ca_p._14.

848 5803 1212 5865 Acthrudit.
1239 5804 1500 5877 Lipsiens.
1534 5822 1659 5861 ann.
1706 5806 1864 5871 1714,
1894 5820 2015 5887 pag.
2047 5803 2173 5887 ξδε.

1887 444 2149 505 AENEAS
2184 444 2512 506 GAZAEUS.

3737 441 3845 505 868

2278 572 2511 626 rumque
2537 555 2862 625 scriptorum
2899 554 2998 623 ipsi
3032 568 3332 609 coaevorum
3370 553 3746 610 auctoritatem
3773 559 3847 612 ab

2274 648 2530 702 insolenti
2581 647 2847 701 calumnia
2892 647 3247 701 vindicemus.
3278 644 3387 700 lste
3434 660 3669 716 namque
3705 662 3847 701 ano-

2274 754 2468 809 nymus
2517 739 2774 793 Decadesn
2818 738 3247 794 dissertationunt
3301 738 3847 809 historico-theologi-

2274 846 2457 884 carum
2520 845 2848 895 recensens,
2913 830 2981 885 ab
3032 829 3239 884 Joanne
3282 829 3499 884 Andrea
3564 828 3845 885 Scbmidio

2274 940 2418 979 anno
2447 923 2585 978 17M
2636 922 2948 980 Helmstadii
2980 922 3311 994 evulgatani,
3344 938 3569 992 quarum
3613 925 3844 994 septima

2276 1016 2596 1071 inscribitur
2624 1029 2641 1070 :
2665 1016 2742 1071 De
2767 1015 3046 1086 elinguatis
3074 1017 3382 1085 mysterium
3415 1014 3688 1070 Trinitatis
3706 1031 3847 1086 pra:-

2274 1105 2595 1171 dicantibus,
2626 1106 2766 1159 haud
2801 1106 3006 1160 veritus
3053 1114 3137 1160 est
3181 1105 3479 1160 istiusmodi
3523 1106 3685 1160 verba
3754 1104 3844 1159 in-

2278 1198 2579 1250 verecunde
2622 1196 2816 1251 litteris
2869 1196 3080 1251 tradere
3119 1193 3276 1267 (22):
3322 1212 3340 1246 ι
3369 1193 3579 1248 Profert
3630 1194 3847 1265 Schmi-

2277 1287 2426 1351 dius,
2451 1287 2647 1357 inquit,
2667 1296 2933 1356 quotquot
2960 1294 3320 1342 occurrerunt
3349 1285 3510 1355 hujus
3538 1285 3613 1340 rei
3643 1294 3843 1350 testes;

2278 1377 2525 1446 interque
2575 1391 2670 1432 eos
2724 1377 3021 1446 principem
3070 1376 3247 1431 locum
3301 1376 3489 1431 tribuit
3537 1375 3849 1432 Justiniano

2278 1466 2626 1535 imperatori,
2677 1467 2831 1535 cujus
2874 1469 2987 1522 haec
3034 1478 3161 1522 sunt
3211 1467 3373 1520 verba
3415 1466 3569 1537 (25):
3606 1466 3847 1522 Vidimus

2278 1558 2595 1612 venerabiles
2626 1558 2781 1621 viros,
2817 1558 2906 1626 qui
2945 1558 3191 1611 abscissis
3221 1559 3475 1611 radicitus
3514 1558 3707 1629 linguis
3740 1577 3849 1625 pa:-

2279 1661 2375 1700 nas
2422 1663 2546 1702 suas
2591 1647 2957 1701 miserabiliter
3011 1646 3376 1715 loquebantur.
3427 1647 3504 1703 Ne
3551 1651 3673 1717 quis
3716 1666 3848 1707 vero

2280 1737 2421 1793 hanc
2464 1740 2829 1795 narrationem
2874 1739 2927 1793 in
2963 1740 3186 1794 dubium
3221 1750 3396 1806 vocet,
3444 1742 3846 1808 historicorum,

2273 1827 2366 1896 qui
2401 1842 2521 1882 eam
2553 1828 2819 1893 referunt,
2846 1827 3005 1883 lldem
3036 1838 3091 1884 et
3122 1830 3415 1884 candorem
3446 1829 3705 1886 vindicat.
3745 1829 3848 1887 Hic

2276 1926 2454 1972 tamen
2484 1933 2617 1988 pace
2649 1918 2721 1977 cl.
2766 1919 3029 1975 Scbmidii
3066 1920 3336 1986 addimus,
3369 1936 3490 1977 esse
3534 1925 3679 1980 viros
3712 1941 3850 1980 nou-

2276 2007 2453 2065 nullos
2506 2010 2597 2079 qui
2636 2011 2773 2067 hanc
2818 2010 3101 2067 historiam
3151 2011 3204 2065 in
3256 2012 3572 2079 fabellarum
3628 1997 3847 2071 censum

2277 2100 2536 2156 referant.
2590 2104 2667 2157 Ac
2711 2103 2963 2158 videntur
3011 2118 3144 2158 sane
3190 2117 3310 2173 quae
3356 2104 3654 2160 all‘eruntur
3708 2106 3851 2162 bant.

2279 2192 2331 2247 iu
2375 2207 2491 2248 rem
2523 2194 2833 2250 testimonia
2878 2192 3197 2249 labefactari
3243 2210 3422 2265 posse,
3467 2198 3511 2251 si
3564 2198 3685 2267 quis
3732 2200 3843 2253 cri-

2280 2284 2420 2338 ticcn
2496 2284 2753 2341 adbibere
2825 2284 2972 2340 velit.
3051 2284 3211 2340 Certe
3300 2288 3619 2357 palmariqu
3721 2289 3846 2344 illud

2279 2373 2571 2431 Justiniaui
2602 2376 2943 2445 imperatoris
2974 2378 3338 2433 testimonium
3377 2392 3439 2434 ut
3471 2381 3702 2435 alienum
3726 2396 3851 2438 esse

2281 2477 2557 2537 appareat,
2590 2467 2847 2521 mediocri
2879 2469 3079 2523 mentis
3110 2471 3406 2527 attentione
3429 2488 3564 2542 opus
3590 2482 3693 2528 est.
3731 2474 3850 2528 Sci-

2281 2557 2407 2613 licet
2436 2559 2732 2628 imperator
2766 2568 2929 2615 acuto
2962 2563 3231 2616 sermonis
3269 2578 3466 2633 genere
3498 2579 3627 2619 usus
3649 2565 3850 2636 signiﬁ-

2283 2659 2391 2715 cat,
2431 2664 2523 2705 eos
2570 2650 2766 2722 lingua:
2808 2666 2906 2705 usu
2929 2653 3167 2722 privatos
3210 2656 3506 2713 miserabili
3540 2673 3669 2712 voce
3698 2660 3849 2730 quasi

2282 2742 2494 2798 locutos
2542 2758 2664 2799 esse
2710 2744 2985 2799 miseriam
3018 2761 3195 2804 suam.
3231 2746 3381 2802 Unde
3439 2763 3535 2804 nec
3583 2751 3714 2805 dicit
3757 2766 3851 2806 eos

2284 2834 2351 2888 de
2397 2833 2667 2887 Triuitate
2705 2834 2915 2889 locutos
2962 2850 3105 2901 esse,
3150 2837 3241 2890 sed
3291 2838 3491 2892 locutos
3534 2855 3644 2893 esse
3677 2856 3851 2907 paruas

2284 2939 2445 2985 suas;
2479 2939 2578 2978 nec
2605 2937 2697 2979 eos
2722 2924 2922 2980 diserte
2954 2926 3208 2997 clareque
3243 2927 3472 2994 locutos,
3504 2930 3595 2983 sed
3632 2931 3853 2984 misera-

2288 3014 2482 3068 biliter.
2505 3014 2627 3069 Pari
2654 3018 2920 3072 sermonis
2942 3017 3107 3088 figura
3135 3034 3261 3073 usus
3286 3018 3477 3073 Cicero
3503 3023 3677 3090 inquit
3699 3020 3809 3092 (24)
3835 3040 3849 3075 :

2287 3107 2387 3163 Res
2416 3107 2649 3179 loquitur
2674 3110 2809 3177 ipsa.
2834 3110 2976 3164 Idem
3008 3110 3137 3164 alibi
3164 3110 3276 3181 (Ξὸ)
3307 3129 3319 3164 :
3347 3110 3454 3165 Cur
3486 3113 3670 3178 nolint,
3695 3115 3854 3166 etiam

2286 3201 2332 3254 si
2363 3210 2593 3264 taceant,
2631 3202 2757 3254 satis
2794 3201 2993 3254 dicunt.
3040 3200 3132 3255 Sic
3181 3209 3236 3257 et
3273 3200 3496 3257 Ovidius
3541 3202 3651 3274 (26)
3695 3222 3708 3257 :
3759 3202 3855 3256 Di-

2286 3292 2408 3362 gitis
2434 3308 2568 3359 sazpe
2610 3302 2683 3346 est
2713 3302 2944 3362 nutuque
2986 3292 3213 3347 locutus.
3250 3293 3471 3348 Scilicet
3516 3297 3763 3351 eumdem
3799 3297 3851 3351 in

2287 3384 2505 3439 modum
2561 3384 2637 3439 illi
2688 3400 2715 3438 a
2769 3383 3078 3441 lustiuiano
3121 3387 3405 3441 memorati
3453 3387 3843 3458 loquebantur,

2289 3474 2434 3528 nullo
2477 3475 2765 3541 miraculo,
2815 3476 2909 3530 sed
2961 3478 3131 3546 ligura
3174 3478 3469 3534 rhetorica.
3502 3497 3521 3532 ι
3580 3478 3853 3535 Hactenus

2287 3579 2588 3634 anonytuus
2613 3564 2929 3635 Lipsiensis.

2358 3676 2423 3730 ν.
2467 3676 2664 3745 Ecquis
2686 3692 2846 3744 porro
2875 3694 3020 3733 sanae
3058 3681 3252 3736 mentis
3281 3684 3547 3751 patienter
3574 3686 3719 3743 ferat
3755 3689 3852 3744 ho-

2290 3768 2455 3861 minis
2497 3767 2713 3836 ingenio
2771 3768 3041 3823 abutentis
3084 3770 3531 3840 intemperantem
3580 3781 3849 3848 criticen,

2288 3859 2377 3925 qui
2416 3857 2526 3910 r'em
2563 3857 2697 3909 adeo
2731 3857 3030 3913 luculenter
3069 3869 3341 3929 testatum,
3379 3870 3579 3923 nedum
3612 3872 3851 3939 dubiam,

2288 3947 2380 4000 sed
2414 3946 2575 3998 etiam
2615 3945 3011 4013 incredibilem,
3044 3949 3173 4018 quin
3213 3960 3269 4006 et
3302 3954 3411 4008 risu
3447 3958 3661 4027 dignam
3690 3972 3851 4032 atque

2288 4036 2426 4089 inter
2479 4035 2791 4105 fabellarum
2841 4055 3050 4093 censunt
3100 4043 3427 4110 referendam
3477 4048 3687 4106 ell‘utit?
3735 4054 3849 4109 Non

2286 4127 2419 4181 vidit
2462 4127 2547 4181 vir
2599 4128 2990 4198 κριτικὼτατος
3031 4131 3386 4192 Justinianeaa
3443 4143 3851 4201 constitutionis

2289 4228 2490 4274 textum
2535 4220 2819 4276 manifeste
2861 4234 3209 4294 corruptum;
3262 4231 3404 4298 quod
3452 4247 3583 4289 sane
3622 4241 3852 4305 pervidit

2290 4310 2631 4366 doctissimus
2652 4310 3027 4369 Tillemontius
3047 4316 3183 4387 (27),
3204 4321 3318 4388 qui,
3349 4322 3435 4377 ubi
3460 4327 3613 4396 vulgo
3643 4332 3851 4387 misera-

2292 4403 2467 4458 biliter
2491 4405 2706 4476 legitur,
2735 4407 3143 4464 rescribendum
3174 4414 3627 4488 mirabiliterjure
3647 4428 3853 4493 Optimo

2292 4495 2585 4550 existimat.
2650 4495 2819 4562 Quam
2876 4497 3090 4566 quidem
3152 4502 3543 4559 restitutionem
3607 4527 3712 4565 non
3770 4526 3853 4570 est

2292 4585 2566 4640 enimvero
2596 4602 2694 4640 cur
2719 4587 2840 4657 quis
2870 4590 3063 4644 merito
3094 4590 3398 4661 improbare
3422 4596 3631 4665 valeat;
3654 4607 3853 4674 quippe

2290 4693 2409 4748 qua:
2443 4678 2805 4735 Justinianum
2848 4682 3225 4752 imperatorem
3269 4686 3493 4757 reliquis
3531 4693 3854 4762 antiquiori-

2291 4770 2390 4826 bus
2419 4771 2649 4826 oculatis
2682 4774 2929 4839 testibus,
2955 4783 3010 4828 et
3042 4774 3123 4828 vel
3164 4774 3265 4845 ipsi
3291 4776 3551 4846 Procopio
3589 4797 3685 4837 suo
3721 4801 3852 4841 con-

2290 4875 2484 4915 sonum
2534 4862 2745 4917 reddat.
2802 4864 2953 4931 Quod
2996 4877 3282 4935 propterea
3330 4879 3387 4921 ut
3446 4870 3599 4939 plane
3642 4886 3851 4943 pateat,

2289 4968 2477 5007 eorum
2511 4955 2672 5009 verba
2702 4955 2756 5009 in
2792 4956 3023 5011 medium
3067 4958 3420 5016 adducantur.
3468 4961 3663 5019 Noster
3688 4966 3851 5035 igitur

2289 5043 2491 5099 Aiucas
2514 5043 2739 5101 Gazazus
2760 5046 2872 5118 (28)
2902 5066 2916 5100 :
2946 5046 3040 5099 Illi
3073 5065 3191 5103 vero
3218 5049 3628 5124 (confessores),
3652 5058 3847 5126 inquit,

2289 5137 2353 5190 de
2381 5136 2565 5206 quibus
2608 5140 2752 5192 nobis
2792 5148 2868 5192 est
2914 5154 3105 5205 sermo,
3151 5157 3241 5195 nec
3278 5142 3427 5211 peplo
3471 5161 3598 5212 opus
3641 5147 3849 5217 habent,

2365 5316 2477 5387 (25)
2518 5316 2814 5392 Justiniam
2840 5315 2969 5373 Cod.
3003 5316 3099 5392 lib.
3124 5334 3176 5392 At,
3200 5318 3402 5392 tit._27_,
3452 5321 3525 5375 De
3558 5324 3688 5392 ofﬁc.
3722 5341 3854 5392 prte-

2292 5385 2893 5461 fect_.-pra'tor._‘Afric.,
2920 5389 3185 5461 pa_g._HO
3212 5389 3341 5442 edit.
3356 5385 3616 5461 Lugduni

2360 5458 2472 5527 (21)
2511 5456 2624 5511 Cic.
2652 5457 2809 5527 Orat.
2843 5473 2936 5523 pro
2970 5456 3158 5527 Milon.
3194 5471 3315 5527 cap.
3345 5459 3435 5513 20.

2362 5525 2473 5597 (25)
2516 5527 2593 5597 id.
2627 5526 2864 5597 Divyinat.
2888 5528 2942 5579 in
2986 5525 3220 5582 Verrem.

2358 5594 2471 5665 (26)
2511 5594 2665 5651 Ovid.
2700 5595 2861 5651 Trist.
2886 5612 2945 5661 ll,
2976 5596 3101 5651 455.

2356 5667 2468 5739 (27)
2509 5666 2721 5739 ᾘΙΙθΨ.
2749 5665 2910 5739 Mem.
2938 5668 3067 5739 eccl.
3102 5678 3233 5722 tom.
3268 5666 3404 5739 XVI,
3440 5683 3559 5739 pag.
3585 5671 3708 5725 579.

2357 5736 2469 5809 (98)
2507 5736 2779 5794 EtLGaz.
2804 5737 2914 5809 l.,c.
2955 5737 3093 5793 infra
3132 5752 3250 5807 past.
3281 5738 3385 5793 665
3405 5742 3457 5808 b,
3479 5736 3606 5809 (col.
3634 5740 3741 5796 999
3764 5739 3852 5811 Β).
