4144 6624
267 545 372 613 869

271 660 359 713 sed
388 657 555 727 ipsius
594 665 800 712 natura:
830 658 1153 715 conditorem
1195 662 1504 731 implorant,
1540 662 1629 731 qui
1672 679 1849 717 recen-

272 752 454 804 tiorem
502 749 579 804 eis
629 758 879 803 naturam
933 752 1016 804 die
1055 753 1212 808 tertia
1262 764 1376 822 post
1426 755 1656 824 largitur
1697 772 1849 810 :non

271 842 396 894 dato
423 839 635 909 quidem
668 839 884 894 alterius
919 840 1134 911 linguae,
1180 845 1269 898 sed
1297 844 1569 914 facultatis
1603 847 1716 901 sine
1740 847 1849 900 lin-

273 953 376 1004 gua
421 934 766 989 articulatius
798 949 960 1004 quam
1012 951 1252 1006 unquam
1297 948 1458 994 antea
1485 941 1623 1009 quod
1666 939 1850 995 uellent

276 1027 563 1095 eloquendi
615 1025 1104 1096 munere.-——Ipse
1143 1045 1262 1098 ego,
1321 1031 1525 1098 subdit,
1574 1031 1668 1084 hos
1711 1032 1852 1084 viros

277 1119 404 1181 vidi,
434 1128 481 1171 et
510 1123 776 1186 loquentes
805 1120 1006 1185 audivi,
1037 1129 1087 1174 et
1122 1136 1310 1176 vocem
1343 1123 1477 1178 adeo
1511 1123 1851 1178 articulatam

279 1222 400 1262 esse
435 1222 592 1275 posse
630 1208 859 1263 miratus
889 1225 1006 1264 sum
1038 1212 1484 1266 :instrumentum
1507 1216 1645 1268 vocis
1675 1215 1855 1282 inqui-

281 1300 459 1354 rebant
493 1315 512 1354 :
548 1309 596 1353 et
641 1301 859 1355 auribus
913 1318 1016 1356 non
1058 1307 1310 1369 credens,
1359 1305 1526 1359 oculis
1570 1305 1854 1375 judicandi

285 1407 474 1444 munus
507 1392 703 1454 remisi,
742 1403 898 1458 atque
920 1410 1007 1448 ore
1035 1405 1216 1464 aperto
1247 1396 1483 1466 linguam
1522 1405 1685 1450 totam
1713 1400 1858 1450 radi-

284 1483 418 1536 citus
443 1482 675 1536 evulsam
706 1485 836 1548 vidi,
873 1502 934 1538 ac
964 1486 1287 1555 stupefactus
1315 1488 1570 1551 mirabar,
1600 1505 1701 1542 non
1731 1505 1858 1543 sane

284 1590 386 1642 quo
419 1584 570 1641 pacto
603 1591 776 1628 vocem
821 1577 1237 1645 conformarent,
1284 1581 1372 1632 sed
1405 1597 1506 1650 quo
1539 1581 1695 1634 modo
1730 1597 1857 1634 con-

284 1664 473 1715 servati
525 1673 716 1716 essent.
771 1663 896 1720 Haec
930 1664 1154 1722 Encas.
1198 1667 1316 1723 Jam
1364 1684 1492 1723 vero
1532 1671 1692 1739 paulo
1735 1680 1862 1726 ante

287 1751 558 1806 Victorem
604 1754 874 1810 Vitensem
920 1767 1208 1814 testantem
1257 1761 1582 1826 audivimus,
1628 1761 1863 1832 Repara-

286 1854 396 1896 tum
442 1847 812 1902 subdiaconem
848 1848 1316 1920 Constantinopoli
1354 1852 1628 1907 exstitisse
1670 1869 1863 1907 sermo-

288 1951 377 1987 nes
407 1937 597 2002 politos
625 1939 736 1992 sine
773 1939 881 1993 ulla
918 1942 1202 2009 offensione
1236 1942 1548 2013 loquentem.
1575 1942 1712 2009 Quid
1736 1958 1862 1999 vero

289 2022 638 2081 Marcellinus
660 2030 878 2083 comes?
904 2029 1037 2084 Eum
1058 2032 1184 2084 item
1213 2032 1326 2085 haec
1347 2043 1677 2087 asserentem
1705 2035 1864 2088 modo

293 2116 654 2173 intelleximus
684 2121 1031 2184 :Aliquantos
1060 2139 1175 2193 ego,
1211 2124 1405 2192 inquit,
1440 2124 1862 2194 religiosissimos

290 2208 453 2274 viros,
510 2212 740 2275 prtrcisis
769 2211 966 2282 linguis
1108 2216 1248 2283 apud
1298 2214 1616 2285 Byzantium
1657 2216 1864 2287 integra

292 2312 424 2353 voce
457 2304 701 2370 conspexi
749 2303 1058 2373 loquentes.
1095 2305 1393 2376 Procopius
1427 2308 1679 2376 denique,
1716 2305 1864 2360 Mul-

294 2391 383 2455 tis,
430 2392 525 2458 ait,
574 2393 808 2465 linguam
872 2397 1110 2465 faucium
1143 2408 1293 2452 tenus
1348 2401 1572 2452 abscidit
1611 2399 1870 2457 “lunari--

295 2482 413 2569 cus)
439 2485 527 2553 qui
554 2497 730 2541 nostra
758 2489 916 2542 etiam
959 2499 1114 2544 celate
1153 2492 1456 2560 superstites
1483 2490 1747 2560 Byzantii,
1779 2507 1872 2546 ex-

297 2570 511 2638 planate
542 2575 919 2645 loquebantur,
951 2581 1153 2636 nullunt
1194 2585 1454 2650 capientes
1483 2599 1693 2637 sensum
1725 2583 1870 2638 illius

297 2678 478 2729 ῃωηιε.
528 2665 766 2731 Quorum
802 2669 959 2740 plane
1018 2671 1314 2727 illustrium
1370 2673 1587 2728 testium
1617 2672 1872 2744 loquendi

299 2755 536 2810 rationes
579 2756 856 2828 ﬂagitant,
911 2776 1016 2816 non
1067 2764 1382 2830 postulant,
1426 2764 1478 2818 in
1533 2764 1872 2819 Justinianea

301 2846 694 2905 constitutione
725 2853 1042 2907 mirabiliter
1066 2856 1495 2911 rescribendum.
1524 2855 1698 2911 Abeat
1728 2869 1872 2910 nunc

302 2934 470 3004 igitur
497 2953 798 3010 anonymus
827 2944 1053 3001 criticus
1088 2945 1405 3014 Lipsiensis,
1437 2955 1491 3001 et
1510 2948 1624 3002 suis
1651 2960 1876 3017 persus-

303 3027 428 3082 deat
457 3029 574 3086 illos
605 3036 946 3092 venerabiles
985 3037 1132 3092 viros
1161 3053 1298 3108 quos
1328 3038 1670 3094 Justinianus
1708 3039 1879 3107 impe-

305 3128 452 3174 rator
490 3135 549 3175 se
577 3124 775 3180 vidisse
807 3135 1058 3195 testatur,
1089 3146 1193 3184 non
1228 3132 1422 3184 diserte
1453 3131 1695 3194 clareque
1732 3129 1880 3182 locu-

304 3221 401 3276 tos,
438 3213 530 3266 sed
572 3217 980 3283 miserabiliter;
1015 3222 1144 3289 quin
1192 3230 1246 3275 et
1275 3235 1368 3276 eos
1415 3221 1561 3276 nullo
1597 3220 1879 3286 miraculo,

305 3302 394 3356 sed
425 3304 601 3374 figura
631 3307 890 3363 rhetorica
927 3309 1090 3378 fuisse
1121 3310 1346 3365 locutos.

376 3415 464 3471 Vl.
511 3437 531 3470 ‹
563 3418 736 3478 Habes
797 3423 1001 3494 itaque,
1032 3432 1089 3478 ut
1131 3426 1197 3479 de
1235 3424 1356 3480 aliis
1405 3433 1610 3478 taceam
1643 3423 1886 3496 (Baronii

317 3509 416 3562 viri
468 3512 689 3568 maximi
720 3513 836 3584 (29)
887 3517 1068 3572 verbis
1101 3516 1269 3586 utor),
1301 3518 1538 3586 quinque
1581 3517 1670 3586 qui
1699 3515 1884 3570 eadem

303 3615 429 3668 qua:
459 3602 711 3658 viderunt
742 3614 797 3659 et
841 3607 1155 3672 audierunt,
1204 3608 1534 3677 scriptorum
1569 3620 1889 3660 monumen-

308 3692 402 3756 tis,
441 3695 674 3762 posteris
721 3697 1200 3763 commendarunt,
1238 3711 1431 3764 nempe
1462 3697 1736 3750 Victorem
1782 3695 1892 3764 epi-

302 3797 531 3854 scopum
585 3785 891 3843 Uticensem
925 3790 983 3859 (l.
1020 3789 1347 3855 Vitensem),
1391 3788 1756 3844 Justiniauum
1789 3787 1890 3842 im-

304 3889 644 3946 peratorem,
666 3878 898 3935 Aineam
927 3882 1206 3947 Gazmum,
1241 3881 1611 3938 Marcellinum
1639 3880 1890 3948 comitem

309 3979 478 4038 atque
531 3970 856 4042 Proc0pium
900 3993 914 4029 :
951 3975 1150 4044 quibus
1208 3983 1359 4029 tanta
1417 3973 1663 4044 prodigia
1720 3973 1894 4027 voluit

307 4060 460 4117 Deus
497 4063 670 4146 reddi,
697 4063 847 4118 omni
893 4063 997 4118 ﬁde
1037 4072 1236 4119 testata
1278 4065 1639 4132 omnibusque
1687 4061 1897 4133 perspi-

310 4167 438 4222 cua,
469 4163 527 4209 ut
550 4157 788 4225 posteris
821 4156 1034 4213 cunctis
1057 4157 1426 4213 innotesceret
1468 4171 1662 4212 curare
1711 4165 1895 4211 nostra

391 4359 504 4433 (29)
544 4359 742 4415 Baron.
777 4363 844 4417 ad
885 4377 1013 4416 ann.
1041 4361 1167 4428 484,
1198 4361 1256 4433 §§
1282 4361 1434 4433 9§_et
1463 4376 1577 4433 seq.

389 4430 502 4500 (30)
544 4433 849 4486 Casaubon.
878 4447 998 4501 pag.
1029 4433 1091 4485 l7
1139 4430 1268 4487 edit.
1302 4430 1484 4485 Wollii
1510 4430 1703 4485 Hamb.
1734 4430 1892 4486 l7l0.

417 4503 506 4573 ’51)
548 4501 766 4573 Fabric.
798 4501 874 4573 De
907 4502 1056 4573 verit,
1098 4503 1252 4573 retig.
1283 4502 1481 4556 Clu-ist.
1513 4519 1636 4573 pag.
1668 4502 1791 4556 lO'l.

416 4571 506 4643 52)
545 4572 767 4628 Auctar.
811 4572 950 4628 Bibl.
985 4571 1091 4630 PP.
1131 4571 1265 4628 Duc.
1316 4581 1446 4627 tom.
1486 4571 1549 4638 ll,
1596 4588 1719 4643 pug.
1768 4572 1897 4638 575,

1717 541 2052 613 ΝΟΤΙΤΙᾹί

3412 544 3522 610 870

1952 664 2151 726 Deum;
2193 675 2313 714 cum
2361 668 2470 714 tam
2514 674 2710 730 magno
2756 659 3038 727 miraculo,
3062 659 3174 729 jam
3223 659 3445 713 subacta
3489 672 3520 712 a

1951 752 2206 807 Vandalis
2259 750 2464 816 Africa,
2511 751 2773 805 catholica
2827 750 2961 804 iides
3007 764 3318 818 pressuram
3363 762 3521 818 passa

1950 855 2078 899 tunc
2112 844 2177 899 de
2202 843 2497 897 victoribus
2526 841 2908 910 triumpharet,
2941 840 3029 894 ubi
3068 839 3336 907 exstingui
3368 839 3522 907 peni-

1952 946 2038 993 tus
2085 945 2368 1007 putaretur
2402 953 2416 990 :
2448 935 2636 1001 sicque
2685 943 2857 998 certa,
2908 933 3011 986 lida
3057 941 3280 1000 tutaque
3331 929 3521 984 semita

1955 1035 2372 1092 monstraretur,
2422 1040 2516 1094 per
2544 1042 2704 1093 quam
2753 1023 2938 1077 ﬁdeles
2966 1022 3145 1076 cuncti
3185 1022 3391 1088 absque
3432 1034 3524 1072 er-

1955 1135 2078 1174 rore
2107 1119 2414 1188 periculove
2437 1118 2639 1177 securi,
2672 1131 2778 1183 quo
2815 1114 3060 1174 tendunt,
3092 1113 3144 1166 in
3175 1110 3369 1164 cmlum
3399 1123 3527 1176 per-

1959 1212 2196 1266 veniant.
2227 1209 2303 1264 Ex
2343 1209 2544 1279 quibus
2567 1223 2671 1262 non
2703 1207 2844 1260 illius
2872 1214 3078 1259 tantmn
3112 1202 3370 1272 temporis
3407 1214 3529 1254 cor-

1959 1303 2056 1372 rigi
2098 1311 2153 1356 et
2205 1301 2484 1356 emendari
2532 1299 2830 1353 valuissent
2883 1296 3144 1359 hmretici,
3202 1295 3295 1349 sed
3343 1305 3530 1346 omnes

1958 1393 2049 1463 qui
2076 1401 2257 1462 postea
2294 1406 2590 1456 emersere,
2622 1391 2786 1459 quive
2837 1391 2940 1444 hoc
2986 1387 3358 1458 perditissimo
3395 1394 3532 1439 tem.

1960 1500 2090 1554 pure
2125 1495 2381 1553 tanquam
2415 1498 2561 1538 rana:
2596 1482 2648 1536 in
2685 1480 2923 1552 Egypto
2961 1478 3281 1534 ebullientes
3302 1473 3535 1530 catholi-

1961 1592 2080 1631 cam
2125 1576 2407 1631 veritatem
2443 1573 2723 1628 infestant.

2034 1685 2144 1741 γη.
2192 1705 2210 1737 ‹
2249 1685 2459 1739 Etenim
2501 1698 2637 1752 quos
2687 1681 2827 1736 Deus
2877 1688 3023 1734 tanto
3066 1679 3253 1747 signo,
3297 1685 3374 1730 tot
3420 1675 3538 1729 sine

1963 1778 2142 1847 lingua
2174 1778 2495 1832 testantibus
2527 1776 2754 1829 vocibus
2804 1772 2988 1826 docuit
3031 1785 3154 1824 esse
3200 1766 3536 1828 catholicos;

1964 1879 2018 1922 et
2046 1867 2205 1922 ﬁdem
2234 1867 2390 1936 cujus
2425 1879 2586 1917 causa
2625 1861 2873 1915 subirent
2913 1858 3258 1928 martyrium,
3298 1869 3420 1909 esse
3448 1869 3541 1906 ve-

1964 1975 2116 2026 ram;
2152 1958 2309 2029 plane
2334 1967 2389 2011 et
2415 1955 2714 2010 Ecclesiam
2752 1953 2805 2006 in
2834 1967 2938 2022 qua
2974 1959 3173 2012 essent,
3200 1948 3306 2002 dici
3338 1947 3535 2001 debere

1966 2049 2306 2110 catholicam,
2341 2047 2625 2116 perspicue
2653 2042 3068 2098 demonstravit.
3098 2040 3168 2092 At
3198 2041 3265 2093 ab
3289 2054 3350 2093 ea
3373 2051 3537 2106 quam

1968 2142 2127 2211 longe
2158 2139 2338 2193 absint
2366 2147 2653 2191 novatores
2686 2135 2778 2204 qui
2815 2149 2874 2189 se
2905 2133 3064 2187 hodie
3092 2129 3390 2185 catholicos
3414 2141 3539 2196 pro-

1972 2235 2193 2288 ﬁtentur
2244 2229 2516 2293 haeretici,
2567 2229 2721 2282 lectis
2764 2241 2883 2295 qua:
2938 2225 3054 2294 ipse
3101 2223 3285 2278 Victor
3323 2230 3376 2274 et
3419 2233 3542 2272 mox

1977 2333 2097 2395 post
2131 2323 2304 2392 ipsum
2338 2320 2673 2390 Fulgentius,
2701 2317 2786 2371 vel
2814 2317 2901 2369 alii
2929 2314 3087 2382 hujus
3120 2312 3376 2380 temporis
3402 2308 3547 2361 Afri-

1977 2411 2096 2466 uani
2144 2411 2393 2464 doctores
2436 2409 2726 2476 scripsere,
2775 2405 3058 2474 perSpicue
3102 2402 3258 2462 satis,
3298 2401 3342 2453 si
3389 2397 3548 2452 modo

1979 2505 2165 2570 velint,
2206 2502 2509 2571 intelligere
2562 2508 2813 2568 possunt.
2865 2497 3064 2551 Contra
3104 2508 3232 2548 vero
3276 2507 3398 2546 cum
3449 2503 3550 2542 nos

1975 2596 2218 2652 eamdem
2261 2611 2381 2647 cum
2435 2593 2540 2648 illis
2583 2600 2858 2647 sectemur
2895 2589 3075 2651 ﬁdem,
3116 2587 3416 2652 eademque
3449 2581 3550 2635 lia-

1975 2691 2197 2746 beamus
2241 2688 2550 2744 communia
2585 2695 2951 2747 sacramenta,
2990 2697 3084 2753 per
3124 2680 3416 2746 onmiaque
3454 2676 3554 2730 do-

1974 2784 2208 2838 ctrinam
2260 2781 2528 2846 similem;
2578 2778 2880 2834 catholicos
2927 2790 3024 2830 nos
3076 2789 3183 2828 non
3235 2787 3375 2838 esse,
3412 2769 3554 2824 haud

1975 2874 2156 2928 dicere
2197 2881 2456 2941 possunt,
2516 2869 2793 2941 redarguti
2838 2868 2906 2923 ab
2953 2867 3020 2922 iis
3064 2865 3156 2935 qui
3199 2864 3408 2933 linguas
3450 2876 3555 2913 non

1981 2965 2283 3027 habentes,
2336 2977 2433 3031 pro
2486 2962 2640 3016 nobis
2700 2959 2962 3014 altissima
3014 2971 3146 3010 voce
3183 2954 3417 3008 clamant
3455 2956 3559 3004 :ut

1981 3057 2138 3128 plane
2162 3071 2256 3126 per
2277 3066 2596 3110 consecrata
2629 3051 2700 3106 illi
2733 3067 2798 3105 ex
2837 3050 2958 3104 fidei
2987 3046 3325 3102 confessione
3351 3054 3556 3110 organa

1981 3147 2266 3204 benedicta
2300 3145 2417 3215 ipse
2444 3145 2590 3199 Deus
2625 3143 2767 3212 loqui
2794 3140 3152 3209 intelligatur.
3185 3156 3205 3189 ι
3245 3135 3361 3190 Huc
3387 3147 3561 3202 usque

1985 3253 2217 3309 magnus
2248 3235 2540 3291 Annalium
2569 3231 3066 3288 ecclesiasticormn
3097 3242 3313 3298 parens.

2055 3329 2166 3385 VII.
2208 3328 2360 3395 Quod
2393 3336 2662 3398 superest,
2687 3324 2940 3393 Dialogus
2962 3319 3150 3374 Enen:
3171 3316 3372 3382 Gazaai,
3404 3328 3562 3384 quem

1986 3418 2251 3478 eruditum
2298 3429 2347 3474 et
2404 3419 2691 3490 elegantem
2740 3416 3048 3484 scriptorem
3092 3420 3248 3465 vocat
3294 3408 3565 3462 Casaubo-

1989 3530 2092 3571 nus
2119 3514 2257 3586 ('50),
2300 3527 2442 3582 saepe
2484 3510 2627 3582 typis
2677 3508 3026 3576 consignatus
3069 3503 3318 3556 habetur.
3379 3497 3566 3551 Varias

1989 3609 2108 3679 ejus
2163 3607 2432 3663 editiones
2480 3599 3068 3669 interpretationesque
3121 3592 3448 3660 diligenter,
3511 3595 3569 3639 ut

1992 3699 2216 3764 assolet,
2246 3704 2491 3751 recenset
2513 3691 2797 3748 Fabricius
2822 3688 2957 3759 (51).
2991 3687 3094 3739 Eas
3133 3685 3271 3737 inter
3311 3680 3456 3734 illam
3485 3688 3569 3748 ty-

1993 3791 2077 3862 pis
2123 3788 2442 3843 tradendam
2483 3785 2816 3846 curavimus,
2853 3795 2974 3849 quae
3023 3779 3316 3843 interprete
3363 3770 3571 3825 Joanne

1993 3859 2190 3937 Wolﬁo
2240 3879 2441 3950 prodiit
2497 3878 2550 3932 in
2615 3874 2858 3929 auctario
2901 3871 3168 3925 Ducaeano
3201 3865 3336 3938 (ὅθι),
3402 3859 3570 3917 semel

1997 3976 2302 4041 iterumque
2342 3969 2570 4039 repetita
2617 3968 2670 4021 in
2703 3963 3002 4019 Parisiensi
3042 3957 3377 4014 Bibliotheca
3420 3961 3572 4006 vete-

1999 4081 2117 4122 rum
2148 4063 2366 4118 Patrum
2411 4057 2884 4129 Morelliana(35).
2919 4049 3426 4122 lnterpretationem
3468 4042 3570 4097 ali—

1998 4154 2120 4211 cubi
2150 4149 2542 4208 recensuituus.

2008 4357 2137 4412 edit.
2171 4371 2299 4409 ann.
2337 4353 2494 4409 1624.

2013 4406 2499 4550 "(semetra
2531 4422 2703 4479 Paris.
2739 4437 2867 4476 ann.
2907 4417 3064 4484 ιδιά,
3100 4415 3260 4480 test,
3296 4421 3428 4468 tom.
3461 4406 3577 4474 xu,

2006 4511 2127 4567 pag.
2269 4535 2284 4548 .
