4144 6558
147 5649 200 5676 tam.

585 399 693 461 8'15
1965 395 2154 456 IENE.

2258 396 2488 456 ΒΑΖᾺΕῘ
3745 411 3858 475 876

586 503 881 568 consentit,
926 516 1026 556 nec
1063 501 1282 555 siuistcr
1316 511 1420 565 cst,
1472 503 1564 556 sed
1607 505 1877 574 gratiosus
1925 515 1979 558 et
2024 521 2155 557 amt-

2271 523 2464 570 σκαιος
2513 505 2580 576 ἦν
2615 510 2641 561 ὀ
2689 508 2908 581 ἄνεμος,
2944 512 3060 566 ἀλλ’
3099 513 3322 586 εὔχαρίς
3369 535 3425 569 τε
3456 517 3548 570 καὶ
3577 517 3652 588 τῷ
3689 519 3858 591 ἔρωτι

587 600 730 653 citiae
778 603 974 650 nostra:
1009 594 1217 647 anticus
1283 604 1473 648 ventus
1504 635 1518 660 ,
1570 596 1660 664 qui
1702 596 1937 650 amicum
1985 597 2164 651 amico

586 685 970 742 transmiserit.
1038 683 1242 740 Verum
1309 687 1395 740 dic
1443 687 1576 740 mihi
1641 703 1766 740 num
1819 687 1996 741 adhuc
2055 686 2165 740 sint

585 779 725 849 apud
759 791 854 831 nos
914 775 1125 845 aliqui,
1182 779 1273 846 qui
1321 777 1546 846 perinde
1596 788 1655 832 ut
1697 777 1974 833 Hierocles
2023 793 2163 847 prae-

585 879 776 939 ceptor
821 877 1005 923 noster
1045 877 1407 922 consueverat
1440 906 1454 932 ,
1481 867 1858 938 philosophiae
1909 868 2165 939 mysteria

585 963 857 1027 doceant,
898 969 953 1013 et
992 967 1173 1012 utrum
1214 973 1401 1012 eorum
1445 959 1660 1014 scholas
1709 960 1902 1014 adeant
1957 960 2165 1014 nobiles

585 1051 748 1121 aliqui
787 1060 839 1104 et
876 1048 1002 1104 boni
1058 1046 1434 1103 adolescentes
1460 1089 1476 1113 ,
1531 1048 1832 1120 cuiusmodi
1873 1061 1990 1104 erat
2029 1049 2164 1104 Pro-

588 1151 806 1214 tagoras
830 1140 920 1196 ille
955 1140 1176 1212 Lycius,
1215 1139 1309 1209 qui
1351 1139 1482 1193 mihi
1515 1150 1677 1196 aetate
1703 1139 1921 1209 quidem
1956 1156 2055 1211 par
2089 1152 2165 1196 at-

585 1248 692 1303 que
729 1233 956 1304 aequalis
983 1231 1102 1296 fuit,
1135 1231 1232 1287 sed
1253 1247 1338 1288 me
1372 1241 1656 1287 venustate
1693 1241 1745 1288 et
1769 1231 1988 1304 ingenio
2007 1233 2165 1304 longe

585 1325 898 1396 superabat.

658 1440 940 1497 IEGYPT.
977 1439 1116 1495 Olim
1137 1440 1353 1510 quidem
1392 1438 1757 1509 vigebanthic
1781 1441 2037 1509 praeclara
2076 1439 2162 1494 illa

582 1532 750 1603 630
765 1532 1122 1586 humanitatis
1137 1531 1338 1593 studia,
1361 1544 1550 1584 verum
1568 1529 1680 1596 jam
1705 1529 1918 1599 periere
1943 1545 2164 1600 prorsus

583 1637 639 1682 et
666 1626 924 1682 dissoluta
957 1634 1102 1680 sunt.
1149 1623 1279 1678 Nam
1311 1625 1400 1693 qui
1436 1624 1488 1676 itt
1518 1639 1745 1678 numero
1771 1623 2162 1692 discipulorum

585 1727 736 1784 snt,
767 1717 801 1771 ii
827 1731 1051 1786 prorsus
1075 1716 1373 1771 abhorrent
1401 1730 1429 1768 a
1453 1716 1694 1769 discendi
1719 1717 1925 1770 studio:
1957 1714 2047 1782 qui
2074 1731 2165 1767 ve-

584 1825 646 1863 ro
671 1811 954 1865 doctorum
978 1822 1241 1878 personas
1260 1807 1557 1876 suscipiunt
1582 1817 1742 1874 atque
1768 1817 1984 1877 gerunt,
2010 1807 2042 1859 ii
2071 1807 2164 1860 do-

2265 600 2450 669 φίλος,
2499 601 2615 670 εἴγε
2643 603 2720 674 τῷ
2761 606 2966 677 ἐραστῇ
3013 611 3378 680 παραπέμπει
3427 612 3517 664 τὸν
3552 613 3854 684 ἐρώμενον.

2278 693 2419 746 Ἀλλ’
2465 694 2586 748 εἰπέ
2629 713 2754 765 μοι,
2801 696 2883 751 ἔτι
2936 699 3068 770 παρ’
3120 702 3251 771 ἡμῖν
3295 703 3407 773 (21)
3468 706 3607 759 εἰσιν
3650 709 3702 760 οἱ
3750 709 3857 780 τῆς

2265 783 2585 855 φιλοσοφίας
2607 787 2913 853 δεικνύντες
2937 789 3036 854 τὰς
3059 793 3301 861 τελετὰς,
3330 789 3438 858 οἷο,
3469 791 3538 868 ἦν
3573 798 3857 870 Ἱεροκλῆς

2263 878 2292 930 ὁ
2336 877 2686 962 διδάσκαλοςς
2743 883 2863 937 Ἔτι
2913 884 2969 938 δὲ
3023 887 3281 955 φοιτῶσιν
3325 892 3435 943 νέοι
3478 891 3634 945 καλοὶ
3673 894 3855 962 κάγα-

2264 964 2386 1017 θοί·
2435 959 2544 1029 οἷος
2585 963 2656 1039 ἦν
2701 970 3074 1044 Πρωταγόρας
3123 977 3328 1041 ἐκεῖνος
3380 978 3581 1042 Λύκιος
3618 959 3772 1052 (22),
3820 984 3854 1036 ὁ

2263 1055 2388 1123 ἐμοὶ
2441 1057 2556 1131 (2'5)
2609 1075 2710 1132 μεν
2760 1063 3088 1136 ἢλικιώτης,
3143 1068 3327 1122 κάλλει
3387 1070 3441 1124 δὲ
3496 1071 3591 1126 καὶ
3649 1074 3856 1147 εὐφυΐᾳ

2264 1149 2547 1220 προήκων.

2336 1446 2614 1502 ΑΙΓΥΠΤ.
2653 1449 2827 1502 Πάλαι
2868 1451 2966 1522 μὲν
2998 1447 3066 1524 ἦν
3106 1453 3176 1508 τὰ
3211 1470 3350 1510 καλα
3373 1497 3388 1520 ,
3431 1456 3527 1511 νῦν
3551 1459 3607 1513 δὲ
3639 1459 3850 1531 οἴχεται

2265 1535 2361 1589 καὶ
2410 1537 2740 1594 διαλέλυται.
2797 1541 2855 1595 Ὀ
2893 1543 2992 1612 μὲν
3037 1543 3146 1614 γὰρ
3188 1547 3288 1612 οὐκ
3315 1548 3485 1602 ἐθέλει
3520 1551 3848 1620 μανθάνειν.

2265 1629 2344 1690 εἰς
2381 1631 2507 1692 τοὺς
2543 1631 2790 1702 μαθητὰς
2838 1635 3288 1707 ἐγγεγραμμένος
3334 1639 3446 1708 (2i)
3473 1657 3486 1670 ·
3538 1644 3567 1694 ὁ
3598 1642 3654 1695 δὲ
3701 1642 3852 1696 διδά-

2268 1735 2420 1773 σκειν
2483 1722 2581 1774 οὐκ
2634 1723 2779 1788 οἶδε,
2830 1725 2921 1779 τὸν
2980 1731 3341 1798 μυσταγωγὸν
3396 1733 3846 1803 ὑποκρινόμενος.

2281 1811 2589 1884 Ὀρχήστρα
2637 1815 2737 1884 μὲν
2773 1816 2990 1888 εὐθηνεῖ
3022 1819 3118 1872 καὶ
3153 1820 3521 1894 ἱπποδρομία,
3558 1825 3850 1894 φιλοσοφία

581 1900 738 1956 ceudi
766 1900 910 1953 viam
943 1915 1006 1953 ac
1050 1900 1318 1965 rationem
1363 1913 1588 1968 prorsus
1619 1913 1836 1950 omnem
1882 1898 2155 1964 ignorant.

2260 1901 2317 1954 δὲ
2345 1903 2438 1954 καὶ
2464 1905 2533 1957 τὰ
2570 1907 2795 1973 μουσεῖα
2831 1907 2911 1970 εἰς
2935 1906 3114 1980 δεινὴν
3144 1911 3384 1984 ἐρημίαν
3417 1915 3665 1983 ἀφῖκται.

582 1995 874 2047 Orchestra
903 1991 1120 2060 quidem
1145 2000 1200 2044 et
1229 1990 1414 2044 circus
1479 1991 1757 2042 abundant
1794 1989 2071 2042 hominum
2133 1989 2439 2060 frequentia
2491 2009 2554 2050 ac
2596 1997 2810 2051 turbis:
2845 2008 2898 2052 at
2952 2001 3392 2072 philosophorum
3477 2006 3746 2060 auditoria
3787 2019 3844 2062 et

583 2091 754 2143 tunsis
788 2101 944 2141 saera
975 2085 1092 2141 loca
1114 2093 1241 2140 sunt
1275 2084 1328 2138 in
1357 2095 1564 2137 vastam
1601 2093 1767 2152 atque
1801 2096 2046 2152 asperam
2082 2083 2429 2139 solitudinem
2463 2089 2705 2144 redacta.
3438 2095 3443 2100 ‘

654 2177 892 2232 AXITH.
925 2176 1124 2232 Eadem
1151 2178 1266 2246 ipse
1300 2189 1514 2246 quoque
1555 2177 1884 2244 suspicatus,
1918 2175 2151 2246 {Egyptt'

579 2270 876 2339 praeterita,
903 2268 1142 2322 Athenas
1175 2269 1596 2331 contendebant,
1636 2267 1976 2336 exploratum
2010 2268 2160 2322 vide-

579 2365 728 2426 licet,
757 2377 827 2416 an
855 2361 1074 2430 sapiens
1103 2359 1302 2429 aliquis
1325 2362 1466 2429 apud
1497 2358 1861 2415 Atheuienses
1905 2375 2158 2430 superes-

2327 2180 2506 2235 ΑΞΙΘ.
2531 2181 2720 2236 Ταῦτα
2751 2185 2844 2237 καὶ
2872 2185 3035 2250 αὐτὸς
3064 2187 3410 2256 ὑποπτεύων,
3436 2190 3535 2254 τὴν
3569 2192 3845 2260 Αἴγυπτον

2257 2267 2610 2338 περιδραμὼν
2643 2269 2756 2341 (25)
2776 2314 2791 2337 ,
2821 2273 2922 2337 τὰς
2970 2275 3202 2347 Ἀθήνας
3235 2278 3459 2352 ἐζήτουν
3507 2281 3619 2353 (2³3)
3641 2300 3653 2312 ο
3683 2283 3739 2335 εἴ
3760 2283 3845 2345 τίς

2255 2375 2359 2412 που
2393 2360 2559 2431 σοφὸς
2593 2365 2746 2433 παρᾶ
2796 2365 2911 2435 (27)
2969 2367 3275 2440 Ἀθηναίοις
3309 2371 3679 2429 ὑπολείπεται.
3713 2375 3848 2428 Βού-

577 2465 680 2509 set.
721 2453 774 2508 Id
803 2453 948 2508 enim
982 2452 1141 2506 velim
1181 2453 1251 2507 ab
1292 2466 1358 2507 eo
1394 2453 1660 2508 sciscitari
1688 2492 1704 2517 ,
1745 2453 1888 2522 quod
1929 2463 1984 2508 et
2017 2455 2155 2524 apud

2258 2451 2419 2523 λομαι
2452 2455 2560 2527 γὰρ
2595 2457 2861 2512 πυθέσθαι
2889 2462 3018 2532 παρ’
3043 2463 3228 2527 αὐτοῦ,
3259 2465 3289 2518 ὅ
3321 2468 3434 2531 τοῖς
3457 2485 3514 2521 τε
3547 2469 3716 2523 πάλαι
3743 2471 3844 2524 καὶ

577 2547 787 2616 priscos
814 2555 870 2598 et
915 2543 1057 2613 apud
1107 2553 1324 2600 nostros
1365 2546 1612 2601 homines
1656 2560 1802 2617 saepe
1833 2556 1889 2602 et
1924 2546 2149 2601 multum

580 2642 632 2692 itt
662 2639 1018 2706 quaestionem
1066 2636 1259 2691 venit:
1298 2647 1355 2691 at
1397 2639 1535 2692 adeo
1587 2638 1810 2692 dubium
1863 2647 1918 2692 et
1970 2639 2151 2693 incer-

577 2741 688 2785 tum
733 2729 874 2794 fuit,
915 2737 973 2784 ιιι
1009 2729 1078 2785 de
1123 2745 1190 2785 eo
1241 2729 1400 2784 aliter
1447 2742 1611 2801 atque
1663 2729 1822 2785 aliter
1865 2731 1938 2785 sit
1972 2731 2148 2785 disce-

575 2833 804 2893 ptatum.
1837 2841 1874 2870 α

649 2931 920 2989 ΑΞΟΥΡΤ.
980 2930 1157 2987 llabes
1219 2931 1345 2997 hic,
1405 2948 1440 2988 ο
1497 2935 1732 2988 amicum
1771 2941 1952 3004 caput,
2001 2933 2150 3003 ipsas

575 3026 856 3091 Athenas;
885 3023 938 3077 ni
968 3023 1148 3089 malis,
1171 3039 1352 3079 arcem
1379 3033 1472 3078 aut
1504 3024 1906 3094 propugnacula
1933 3032 2028 3076 aut
2052 3036 2154 3076 na.

575 3117 736 3182 vaiia,
755 3132 916 3188 quam
945 3120 1246 3187 sapientem
1279 3116 1455 3170 virum
1480 3117 1684 3170 videre.
1711 3114 1929 3184 Appftlit
1959 3114 2062 3168 huc
2086 3113 2153 3168 ad

2258 2549 2372 2611 τοῖς
2406 2549 2502 2602 νῦν
2532 2550 2733 2624 πολλὴν
2768 2555 2998 2627 παρέχει
3042 2556 3142 2629 τὴν
3180 2560 3416 2630 ἀπορίαν
3453 2561 3603 2631 (εδ),
3632 2563 3708 2626 ὡς
3745 2563 3845 2619 ἆλ-

2259 2638 2377 2692 λοτε
2408 2641 2542 2694 ἄλλα
2573 2643 2669 2698 καὶ
2698 2645 2827 2715 περ)¹
2858 2648 3022 2702 αὐτοῦ
3049 2649 3416 2720 διαλέγεσθαι.

2327 2927 2607 2981 ΑΙΓΥΠΤ.
2648 2929 2868 2998 Ἔχεις,
2919 2948 2964 2984 ω
2998 2931 3224 3005 φιλότης
3252 2940 3365 3007 (εδ)
3386 2975 3402 3000 ,
3431 2949 3533 3002 τας
3572 2936 3800 3009 Ἀθήνας
3823 2957 3840 2972 ⁸

2259 3020 2309 3073 εἱ
2353 3020 2463 3092 γὰρ
2506 3022 2642 3092 μήτε
2691 3022 2792 3092 τὴν
2833 3023 3168 3096 ἀκρόπολιν,
3216 3028 3352 3099 μήτε
3392 3029 3461 3083 τὰ
3495 3033 3842 3101 προπύλαια,

2262 3115 2400 3185 μήτε
2438 3114 2507 3168 τὰ
2535 3113 2736 3186 νεώρια
2768 3115 2949 3187 βούλει
2988 3117 3215 3189 θεωρεῖν
3236 3164 3250 3186 ,
3286 3122 3402 3176 ἀλλ’
3431 3123 3602 3193 ἄνδρα
3643 3128 3838 3195 σοφόν·

577 3226 674 3265 nos
699 3225 892 3278 magna
921 3209 1260 3263 Athenarum
1289 3206 1482 3278 gloria,
1514 3205 1942 3276 Theophrastus,
1965 3215 2022 3260 et
2046 3215 2153 3259 ter-

2260 3207 2497 3276 κατῆρεν
2521 3207 2657 3276 ἡμῖν
2685 3208 2746 3260 τὸ
2779 3209 2923 3278 μέγα
2948 3210 3105 3275 κλέος
3141 3212 3384 3284 Ἀθηνῶν
3408 3215 3522 3288 (50)
3549 3219 3578 3270 ὁ
3597 3218 3842 3290 θεόφρα-

577 3305 710 3359 tium
756 3303 843 3357 hic
888 3301 999 3371 jam
1041 3300 1153 3370 agit
1178 3300 1342 3353 diem.
1372 3297 1478 3352 Sed
1515 3296 1740 3368 agedum
1783 3296 1958 3365 ipsum
1987 3311 2147 3351 acce-

576 3397 790 3448 damus.
822 3393 904 3448 Ab
934 3393 1025 3448 illo
1069 3392 1251 3446 disces
1285 3389 1544 3459 quidquid
1579 3389 1886 3461 rogaveris;
1930 3389 2013 3443 sin
2046 3389 2150 3442 nti—

577 3503 677 3542 nus
704 3529 718 3550 ,
749 3488 851 3542 hoc
885 3465 1066 3541 (fiscos
1101 3497 1320 3547 tamen,
1357 3483 1484 3538 illud
1514 3484 1687 3553 ipsum
1719 3483 1787 3538 ab
1824 3482 2043 3536 homine
2083 3497 2150 3536 ne

573 3579 742 3650 quaeri
777 3579 998 3649 quidem
1023 3589 1298 3647 oportere.
1333 3575 1518 3645 Neque
1548 3576 1692 3631 enim
1727 3572 1844 3629 ﬁeri
1887 3583 2061 3644 potest
2093 3582 2152 3627 ut

575 3673 658 3726 vel
694 3672 922 3726 Athenis
952 3671 1033 3725 vel
1067 3671 1281 3741 uspiam
1319 3669 1482 3732 alibi,
1515 3666 1895 3738 Theophrasto
1937 3667 2152 3737 sapien-

578 3767 767 3819 tiorem
803 3765 1075 3818 hominem
1101 3762 1341 3818 nancisci
1378 3775 1567 3831 queas.

643 3897 882 3956 AXITH.
947 3897 1198 3952 Divinum
1235 3895 1492 3967 quiddam
1539 3910 1606 3949 ac
1644 3908 1776 3948 sane
1832 3905 1994 3962 quam
2054 3905 2152 3945 au-

574 3990 836 4061 spicatum
869 4003 1094 4043 narras:
1117 3987 1335 4057 quando
1357 4001 1524 4056 penes
1549 3984 1722 4039 Nilum
1750 3981 2150 4053 philosophiam

581 4085 816 4137 Atticam
865 4081 1119 4145 invenio;
1172 4094 1237 4134 ac
1267 4088 1574 4146 propterea,
1621 4086 1681 4130 ut
1730 4076 1871 4130 hanc
1900 4075 2149 4142 discam,

647 4284 761 4352 (21)
784 4282 950 4337 Codd.
980 4281 1109 4352 παρ’
1134 4281 1283 4352 ὑμῖν.

649 4345 763 4426 (22)
787 4345 1210 4426 Ωιιιιιιιειλιιέ.
1247 4348 1453 4412 ἐκεῖνος
1486 4349 1516 4401 ὁ
1547 4345 1772 4409 Λύκιος.

645 4423 755 4497 (25)
792 4423 1104 4497 Age-€94:-
1229 4493 1244 4497 _
1339 4489 1350 4497 .
1458 4488 1472 4497 .
1794 4487 1810 4497 .

649 4485 762 4565 (24')
806 4485 911 4565 Ei}
956 4485 1096 4565 τοὺς
1127 4489 1397 4565 μαθητὰς
1447 4487 1937 4565 ἐγγεγραμμένος.
1993 4485 2155 4565 Vides

576 4557 788 4621 tabulas
835 4562 1002 4616 fuisse
1047 4557 1457 4629 discipulorum,
1487 4557 1566 4613 ut
1617 4558 1882 4629 militum,
1937 4557 2156 4629 nomina

574 4637 914 4695 referentes,
964 4643 1019 4687 et
1094 4627 1334 4700 tempora
1390 4645 1510 4684 cum
1563 4627 1836 4699 magistris
1887 4643 1947 4682 se
1989 4627 2151 4681 dede-

574 4713 717 4762 rent.
744 4705 838 4758 ΒΑ.

647 4775 761 4846 (25)
806 4772 977 4846 Codd.
1027 4769 1422 4842 παραδραμὼν.
1481 4768 1668 4822 Barth.
1727 4767 1866 4824 male
1914 4767 2079 4823 vertit
2131 4782 2144 4819 :

581 4864 599 4896 ι
643 4844 876 4916 Aie-ymo
903 4844 1336 4916 circutttveL‘taLt

637 4908 906 4986 (26)"qu
953 4914 1195 4986 Ἀθήνας
1238 4909 1506 4986 ἐζήτουν.
1553 4911 1746 4986 Sedeat
1774 4908 2024 4986 videlicet
2059 4921 2148 4986 sa-

573 4979 808 5052 piéut‘im.
852 4979 979 5036 Nam
1007 4986 1134 5037 urbs
1173 4985 1290 5052 Ita-c7
1332 4999 1428 5052 pro
1461 4983 1576 5049 ipsa
1624 4982 1833 5049 capitur
1862 4979 2147 5052 sapientia,

573 5049 833 5108 Martialis
859 5054 952 5106 lib.
994 5068 1066 5116 γι,
1104 5067 1188 5119 ep.
1230 5051 1299 5104 (ἰὰ
1336 5049 1348 5100 ὲ
1380 5050 1482 5104 Sed
1524 5053 1619 5103 tibi
1660 5053 1776 5118 plus
1817 5049 2025 5110 mentis,
2055 5049 2150 5099 tibi

572 5142 663 5176 cor
692 5125 906 5178 (intente
937 5120 1173 5175 Minerva
1207 5121 1419 5184 Acrius,
1448 5131 1493 5173 et
1543 5132 1721 5173 tenues
1766 5121 2031 5184 [imperum
2063 5133 2152 5184 pe-

572 5206 685 5246 ctus
737 5195 972 5247 Athenw.
1028 5194 1117 5245 Sic
1165 5207 1286 5244 mox
1336 5189 1528 5245 Noster
1571 5209 1584 5243 :
1621 5191 1806 5258 Ἔχεις
1854 5189 1951 5252 τὰς
1992 5187 2153 5256 Ἀθή-

571 5281 688 5327 νας.
716 5264 809 5319 ΒΑ.

647 5334 756 5404 (‘27)
784 5335 953 5388 timid.
995 5332 1186 5387 meiius
1213 5331 1374 5404 Δπαρ’
1404 5329 1512 5404 -Αθ.

647 5397 1034 5470 (28)Πο.1λὴν
1077 5397 1470 5471 παρέχει-τὴν
1500 5399 1775 5471 ἀπορίαν.
1811 5397 1954 5471 Sane
1999 5411 2147 5471 vero.

571 5473 629 5528 lu
657 5468 773 5528 hoc
814 5468 1430 5541 enim'negotto'omnis
1467 5470 1742 5538 sapientiae
1797 5469 1962 5523 cardo
1989 5468 2151 5520 verti-

571 5553 682 5608 tur,
729 5545 906 5598 omnis
954 5544 1198 5598 doctrina
1249 5557 1396 5605 vera,
1441 5551 1493 5595 et
1545 5541 1781 5591 animant
1827 5541 2149 5608 contingens

407 5647 444 5684 Ζ
489 5669 500 5676 ,
523 5615 932 5684 βηθηειιυθ,
966 5613 1243 5684 concurrit
1268 5624 1430 5681 atque
1459 5610 1774 5684 absolvitur.
1803 5609 1898 5663 ΒΑ.

639 5679 756 5757 (99)
785 5679 853 5737 Ὦ
896 5683 1169 5753 φιλότης.
1199 5679 1477 5757 Frequens
1511 5681 1720 5757 _Gra:cis
1755 5679 1999 5757 locutio:
2028 5692 2150 5757 per-

570 5749 947 5811 lecte'atnaus
976 5763 1031 5807 et
1071 5763 1270 5815 amate,
1313 5749 1466 5820 Quasi
1511 5751 1622 5814 ipsa
1670 5753 1746 5803 sls
1789 5749 2026 5805 dilectio.
2058 5749 2149 5820 Sic

577 5827 847 5885 hominem
891 5823 1178 5884 virtutibus
1221 5819 1537 5879 instructum
1585 5821 1840 5875 virtutem
1873 5821 2043 5889 ipsam
2073 5819 2150 5872 di-

2260 3313 2418 3360 στος,
2469 3296 2564 3348 καὶ⁹
2605 3297 2796 3369 τρίτην
2833 3297 2956 3367 ἄγει
2995 3300 3203 3372 ταύτην
3249 3303 3464 3376 ἡμέραν
3497 3307 3632 3376 (5i).
3683 3308 3842 3364 Ἀλλὰ

2257 3389 2389 3460 παρ’
2431 3389 2594 3442 αὑτὸν
2625 3389 2796 3460 ἴωμεν
2830 3391 2943 3461 ('52)
2964 3410 2978 3424 ·
3010 3395 3139 3464 παρ’
3166 3395 3377 3451 ἐκείνου
3407 3398 3601 3469 μάθοις
3633 3400 3701 3455 ἂν
3736 3403 3764 3456 ὃ
3788 3421 3840 3457 τι

2257 3480 2460 3551 ζητεῖς,
2508 3479 2540 3551 ἢ
2588 3481 2778 3551 μάθοις
2823 3484 2890 3537 ἂν
2924 3485 3001 3548 ὼς
3041 3485 3160 3538 οὐδὲ
3200 3488 3334 3559 παρ’
3379 3489 3682 3560 ἀνθρώπων
3722 3493 3838 3558 (33)

2255 3570 2415 3624 τοῦτο
2430 3573 2698 3644 προσήκει
2729 3573 2930 3644 ζητεῖν.
2953 3577 3026 3629 Οὐ
3051 3578 3162 3648 γὰρ
3188 3577 3336 3634 ἐστιν
3357 3579 3478 3634 οὕτε
3507 3585 3641 3656 πιρ’
3678 3584 3838 3656 Ἀθη-

2258 3664 2452 3729 ναίοις,
2476 3663 2598 3717 οὔτε
2624 3665 2752 3735 παρ’
2775 3665 2956 3732 ἄλλοις
2981 3667 3332 3741 Θεοφράστου
3362 3676 3688 3750 σοφωτέροις
3721 3679 3836 3749 (56)

2259 3757 2591 3827 περιτυχεῖν.

2328 3889 2508 3948 ΑΞΙΘ.
2542 3891 2814 3964 Ἐρμαιον
2865 3893 2982 3964 (55)
3021 3895 3233 3964 λέγεις·
3278 3899 3328 3954 ei
3372 3901 3522 3971 παρὰ
3567 3901 3660 3955 τὸν
3709 3903 3838 3956 Νεῖ-

2257 3982 2348 4036 λον
2372 3982 2482 4054 (36)
2514 3983 2772 4056 εὕροιμεν
2799 3985 2865 4040 ἂν
2890 3987 2992 4057 τὴν
3015 3988 3124 4044 τῶν
3157 3989 3458 4061 Ἀθηναίων
3479 3993 3797 4064 φιλοσοφίαν
3818 4012 3830 4024 ·

2256 4073 2332 4138 ὡς
2366 4075 2501 4146 μήτε
2533 4075 2743 4147 μεγάλα
2773 4077 2985 4150 πελάγη
3015 4079 3350 4151 διατέμνειν,
3381 4085 3475 4138 καὶ
3504 4085 3673 4138 ταῦτα
3699 4103 3834 4156 μαν-

2255 4275 2751 4350 gitntts._Vitle_ad
2781 4276 3021 4350 Mallium
3063 4277 3340 4333 Claudiani
3381 4277 3471 4350 [an
3528 4283 3596 4335 ad
3637 4297 3685 4336 ν.
3734 4282 3835 4339 HO

2257 4346 2387 4400 Belli
2447 4347 2663 4402 Getici?
2703 4347 2792 4402 ubi
2844 4348 3148 4415 explicatur
3197 4346 3528 4418 periphrasis
3587 4370 3604 4403 ι
3649 4353 3832 4408 Vittus

2257 4418 2523 4500 Scipiadae
2561 4437 2580 4470 ι
2619 4433 2716 4499 [πρ
2750 4418 3245 4500 ipspAScipiadel..t

2329 4487 2441 4566 (30)
2477 4487 2614 4558 Aug.
2649 4487 2759 4541 τῶν
2803 4486 3065 4557 Ἀθηνῶν,
3110 4486 3266 4545 codd.
3297 4487 3468 4544 Paris.
3499 4492 3608 4544 τῶν
3671 4493 3833 4566 Ἀθη-

2256 4558 2443 4696 “mi
2474 4627 2580 4682 Καὶ
2615 4628 2824 4699 τρίτην
2855 4627 2982 4699 ἄγει
3015 4628 3245 4699 ταύτην
3283 4628 3532 4699 ἡμέραν.
3565 4632 3829 4688 Scribas:

2182 4684 2225 4738 ο
2257 4684 2350 4770 κα).
2378 4684 2568 4768 τρίτην
2605 4684 2725 4766 ἄγει
2747 4684 3001 4770 κένταῧθα
3036 4684 3273 4770 ἡμέραν.
3308 4684 3424 4755 Etsi
3471 4684 3598 4758 usus
3612 4684 3833 4758 ἶὸὲυίεὲ

2253 4769 2347 4821 καὶ
2372 4769 2494 4822 talis
2517 4783 2622 4820 non
2660 4768 2936 4836 insipidus.
2966 4768 3059 4821 ΒΑ.

2326 4838 2440 4909 (52)
2489 4839 2630 4906 Hap‘
2658 4839 2867 4909 ,αὐτὸν
2917 4839 3113 4906 ἴωμεν.
3163 4839 3472 4898 Artiﬁciose
3521 4857 3830 4897 sermonem

2257 4906 2555 4975 abrutttpit,
2593 4906 2736 4961 velut
2764 4977 2774 4980 _
2800 4909 3020 4974 gavisus
3060 4910 3203 4963 bono
3243 4914 3400 4980 amici
3444 4915 3656 4980 capitis,
3710 4922 3831 4966 tau-

2258 4990 2368 5033 tttttt
2396 4980 2718 5045 quantocius
2744 4977 3020 5032 doctorem
3064 4979 3253 5032 visuri.
3287 4979 3385 5039 ΒΛ.

2330 5049 2445 5117 (55)
2475 5046 2626 5100 Οὐδὲ
2669 5047 2802 5115 παρ’
2842 5047 3186 5116 ἀνθρώπων.
3225 5049 3505 5106 Divinilati
3558 5054 3829 5108 hominem

2259 5120 2534 5179 admovet,
2569 5118 2811 5188 utrsolet
2846 5133 3005 5170 omne
3048 5134 3216 5187 genus
3259 5124 3625 5188 sophistarum
3661 5141 3676 5176 :
3718 5126 3830 5178 vise

2261 5189 2505 5253 singulas
2534 5187 2749 5254 paginas
2775 5186 2997 5255 Euuapii
3034 5186 3087 5242 et
3119 5186 3368 5246 aliorum.
3396 5191 3492 5246 Ba.

2329 5259 2440 5328 (54)
2477 5256 2666 5329 Melius
2701 5259 2908 5310 scribes
2939 5258 3266 5329 σοφώτερον.
3306 5261 3372 5315 Ει
3415 5265 3492 5316 sic
3529 5264 3718 5329 legisse
3751 5263 3832 5316 vi-

2258 5327 2353 5382 des
2388 5338 2617 5394 veterem
2657 5327 3022 5394 interpretem
3055 5327 3397 5384 Ambrosium
3450 5327 3828 5387 Cantaldulen-

2258 5413 2454 5472 settt_.“t
2615 5393 2944 5472 (ΣοιΙόξΡει-ις.
2977 5407 3027 5451 cl
3070 5402 3220 5472 Attg._
3245 5403 3562 5472 σοφωτέρῳ.

2335 5467 2447 5534 (55)
2478 5467 2778 5533 Ἕρμαιον.
2813 5467 2851 5518 Α
2884 5467 3145 5522 Mercurio
3164 5467 3439 5534 objectqu
3466 5467 3701 5526 'lu'crum.
3735 5469 3834 5525 lle-

2259 5539 2478 5612 sycltitts
2499 5554 2513 5590 :
2532 5537 2787 5612 ἕρμαιον,
2809 5535 3082 5612 εἴρρῃμαῇ
3107 5539 3318 5610 κέρδος.
3349 5539 3515 5596 Suida
3540 5558 3552 5593 :
3578 5541 3828 5612 ἕρμαιον,

2259 5555 2284 5593 s
2326 5554 2513 5591 cuius:
2539 5554 2562 5587 ε
2609 5554 2787 5605 μαιον,
2809 5554 3030 5608 ευρημα
3051 5554 3082 5608 η
3107 5556 3141 5592 κ

2256 5554 2318 5662 si
2348 5554 2752 5678 ἀπροσδορκητον
2804 5605 3011 5678 κέρδος.

2328 5677 2440 5746 (56)
2471 5676 2775 5750 Παρὰ-τὸτί
2793 5676 3032 5730 Νεῖλον.
3062 5677 3249 5750 Graeco
3282 5678 3444 5744 fastu,
3487 5695 3647 5750 quem
3698 5695 3831 5732 suo-

2255 5745 2450 5802 sannat
2499 5746 2679 5799 simul.
2736 5745 2882 5800 chs
2919 5750 3062 5802 enim
3108 5749 3254 5805 fatue
3303 5745 3540 5807 [τιδιυοεῇ
3569 5751 3831 5806 barbaras

2255 5831 2442 5873 omnes
2473 5816 2608 5869 alias
2641 5816 2884 5871 vocabat.
2913 5815 3009 5872 ΒΑ.
