4144 6544
386 396 489 460 877

1726 395 2032 455 ΤΙΙΕΟΡΗ
2041 395 2348 454 RASTUS.

3532 396 3636 461 878

389 512 572 566 θάνειν
592 524 604 539 °
639 506 754 562 ἀλλ’
778 508 964 578 ἴωμεν·
996 507 1096 577 ἠδη
1124 507 1233 578 γάρ
1267 524 1333 577 με
1362 506 1705 577 Θεοφράστου
1737 507 1963 558 rce-mir-

2070 504 2331 558 immensa
2368 502 2535 558 maria
2569 518 2886 573 percurrere
2910 519 3015 559 non
3051 518 3272 560 necesse
3308 506 3501 561 habeo.
3531 510 3636 565 Sed

390 620 490 667 κας
519 601 755 673 ἐραστήν

463 781 735 837 ΑΙΓΥΠΤ.
760 782 921 835 ’Ἥκω
941 797 1023 833 σοι
1046 797 1137 833 τον
1177 778 1414 844 Ἀξίθεον
1435 778 1584 847 ἄγων
1607 774 1961 849 ἀντεραστὴν.

389 869 436 929 ὦ
465 875 804 946 Θεόφραστεσ
834 871 941 943 ἐρᾷ
969 870 1077 941 γάρ
1108 872 1200 925 καὶ
1230 872 1393 934 αὐτὸς
1418 869 1753 939 φιλοσοφίας.

458 1137 654 1189 ΘΕΟΦ.
684 1132 759 1189 Ἦ
802 1136 945 1206 μάλα
979 1154 1070 1208 μοι
1100 1135 1326 1199 παλαιὸς
1353 1135 1465 1206 (57)
1492 1134 1643 1204 φίλος
1674 1134 1787 1205 (58)
1827 1133 1967 1198 Ἀξί-

390 1230 531 1295 θεος,
567 1230 679 1298 εῖγε
705 1228 1019 1299 φιλοσοφίας
1049 1229 1305 1299 ἐραστής.
1338 1229 1516 1283 Καλὸν
1558 1229 1665 1299 γὰρ
1701 1228 1795 1281 καὶ
1824 1228 1964 1281 σπά-

389 1337 501 1374 νιον
526 1319 585 1373 τὺ
615 1320 806 1390 χρῆμα
827 1335 842 1351 ·
870 1320 995 1372 ἐπεὶ
1023 1320 1119 1373 καὶ
1151 1322 1282 1391 παρ’
1323 1319 1649 1390 Ἀθηναίοις,
1700 1319 1828 1372 ἔνθα
1860 1319 1965 1390 μά-

389 1412 549 1466 λιστα
581 1412 809 1481 διεφάνη
856 1411 1177 1481 φιλοσοφία,
1224 1412 1507 1476 παντελῶς
1547 1412 1825 1481 ἄγνωστος
1871 1413 1965 1465 καὶ

388 1507 449 1569 ἐς
474 1505 533 1558 τὸ
562 1506 730 1576 μηδὲν
754 1506 1094 1577 ἀπέρριπται
1122 1506 1255 1576 (59).

462 1687 633 1742 ΔΞΙΘ.
683 1687 880 1757 Μάτην
921 1686 1032 1757 ἄρα
1064 1686 1201 1757 πρὸς
1241 1685 1557 1756 Ἀθηναίους
1592 1688 1961 1759 ἐκομιςόμην,

391 1782 439 1833 εἰ
473 1779 676 1849 μηδένα
704 1779 807 1849 φὴς
834 1779 1133 1850 ἀξιόχρεων
1162 1778 1484 1832 καταλιπεῖν
1516 1778 1629 1849 (40)
1662 1780 1723 1834 τὸ
1752 1780 1965 1852 ἐρωτώ-

2066 607 2254 647 eamus
2280 592 2347 647 ad
2374 592 2520 646 illum
2551 611 2565 647 :
2590 593 2702 663 jam
2736 595 2883 650 enim
2909 595 3136 652 effecisti
3162 612 3248 652 me
3274 596 3635 669 Theophrasti

2066 682 2207 738 illius
2246 683 2703 739 amantissimum.

2134 772 2414 830 IEGYPT.
2452 774 2618 831 Venio
2642 814 2659 841 ,
2688 776 3079 846 Theophraste,
3126 794 3335 835 mecum
3368 784 3639 841 adducens

2065 868 2354 922 Axitheum
2396 867 2583 930 illum,
2642 869 2797 937 quasi
2827 872 3113 938 quemdam
3168 872 3389 927 rivalem
3438 891 3638 941 meum,

2064 959 2156 1027 qui
2208 957 2562 1026 philosophia:
2602 960 2775 1012 studia
2826 959 3048 1028 perinde
3096 969 3258 1028 atque
3299 977 3398 1032 ego
3438 966 3639 1035 ample-

2066 1050 2249 1103 ctitur.

2135 1140 2433 1197 TllEOPll.
2467 1141 2675 1197 Veteris
2698 1142 2855 1197 amici
2889 1141 3008 1198 loco
3034 1143 3163 1197 mih.
3195 1158 3330 1199 sane
3357 1145 3525 1200 fuerit
3555 1145 3642 1199 hic

2064 1232 2352 1296 Axitheus,
2392 1232 2610 1302 quando
2648 1232 3000 1303 philosophiae
3043 1233 3222 1290 studio
3253 1234 3485 1290 ducitur.
3517 1233 3642 1290 llaec

2066 1324 2211 1376 enim
2262 1334 2313 1377 et
2355 1324 2611 1392 praeclara
2652 1334 2707 1377 et
2751 1339 2872 1378 rara
2906 1326 3149 1394 quaedam
3182 1340 3268 1381 res
3297 1328 3643 1397 est:quippe

2064 1425 2184 1479 quae
2222 1410 2482 1476 Athenis,
2516 1426 2622 1479 qua
2675 1412 2726 1464 in
2775 1412 2907 1467 urbe
2936 1412 3209 1482 quondam
3255 1412 3482 1469 illustris
3518 1412 3641 1480 fuit,

2061 1503 2169 1574 jam
2218 1516 2441 1572 prorsus
2481 1511 2562 1557 est
2617 1504 2906 1557 obscurata
2969 1512 3134 1572 atque
3181 1503 3235 1558 in
3293 1503 3517 1558 nihilum
3557 1520 3644 1562 re-

2065 1593 2243 1647 dacta.

2171 1608 2243 1647 ta.

2135 1608 2376 1738 ίᾹΧΙΤΗ.
2412 1682 2581 1752 Igitur
2607 1684 2808 1739 frustra
2833 1683 3074 1738 Athenas
3106 1683 3343 1751 ferebar,
3370 1685 3417 1741 si
3449 1700 3630 1751 nemo,

2065 1777 2521 1846 quemadmodum
2552 1776 2667 1845 ipse
2713 1777 2913 1845 aperis,
2948 1776 3109 1832 isthic
3150 1787 3416 1847 superest,
3448 1778 3539 1847 qui
3573 1781 3638 1833 ad

396 1889 555 1941 μενον
582 1872 993 1942 ἀποκρίνεσθαι.
1037 1870 1112 1924 Οὐ
1158 1872 1334 1941 μάτην
1368 1871 1425 1924 δὲ
1458 1871 1839 1942 προκατέλυσα
1873 1872 1964 1925 τὸν

2069 1868 2399 1938 propositam
2416 1870 2773 1936 quaestionem
2796 1883 3068 1938 quamque
3094 1868 3267 1938 possit
3290 1870 3640 1939 respondere;

394 1961 593 2025 πλοῦν,
643 1963 691 2013 εἰ
745 1962 885 2015 κατὰ
939 1962 1049 2031 (41)
1122 1962 1302 2025 Θεῖον,
1348 1962 1439 2015 τὸν
1500 1963 1786 2034 φιλοσοφίᾳ
1833 1981 1968 2035 προ-

392 2062 613 2120 ήκοντα,
646 2054 739 2106 καὶ
765 2053 872 2105 τῶν
910 2052 1208 2123 Ἀθηναίων
1238 2054 1327 2106 τὸν
1358 2054 1671 2123 κράτιστον,
1701 2056 1854 2125 παρὰ
1877 2057 1967 2109 τὸν

392 2146 584 2199 Νεῖλον
612 2146 872 2217 εὑρίσκω.
912 2146 1051 2199 Ἀλλ’
1079 2147 1199 2199 εἰπέ
1232 2163 1352 2216 μοι·
1388 2146 1534 2214 λέγει
1579 2147 1688 2217 γὰρ
1734 2150 1762 2200 ὁ
1802 2148 1968 2216 Λίγυ-

393 2255 525 2302 τττος
558 2239 633 2301 ὡς
673 2239 771 2291 οὐκ
799 2238 948 2291 ἐστιν
985 2238 1206 2292 ἄλλοθεν
1247 2239 1280 2309 ἢ
1316 2240 1467 2309 παρὰ
1510 2239 1601 2292 σοῦ
1639 2239 1927 2309 μανθάνειν
1950 2257 1963 2270 ’

392 2328 602 2391 ἔξεστιν
630 2329 839 2399 ἐρωτᾷν
868 2330 897 2382 δ
926 2347 975 2382 τι
1004 2328 1099 2383 καὶ
1130 2328 1428 2399 βούλομαι;

464 2602 657 2655 ΘΕΟΦ.
702 2600 911 2673 Ἐρώτα
952 2601 1017 2673 δὴ
1060 2604 1217 2673 εἰπερ
1255 2620 1346 2675 μοι
1383 2603 1565 2675 βούλει
1603 2604 1961 2674 χαρίζεσθαι·

392 2696 566 2758 οὐδεὶς
607 2695 715 2766 γάρ
772 2712 837 2759 με
887 2694 1097 2749 πολλῶν
1144 2695 1281 2751 ὲτῶν
1329 2695 1583 2769 ἠρώτηκε
1640 2697 1825 2751 καινὸν
1876 2699 1967 2751 οὐ-

392 2788 483 2841 δέν
514 2788 647 2860 (ﬂ).

465 2880 640 2934 ΑΞΙΘ.
677 2881 1026 2953 Εὐτυχοῦμεν
1055 2883 1169 2951 εῖγε
1206 2880 1499 2952 μανθάνειν
1529 2881 1736 2947 ἔξεστι,
1771 2880 1864 2935 καὶ
1892 2880 1970 2952 τῷ

393 2973 764 3027 ἐκδιδάσκοντι
788 2974 898 3045 (45)
924 2973 1265 3045 χαρίζεσθαι.
1294 2974 1565 3045 Πρότερον
1594 2973 1705 3044 (44)
1736 2971 1970 3026 ἐνταῦθα

394 3066 767 3136 προὸεὸίωκεν
822 3069 855 3137 ὴ
904 3066 1088 3138 ψυχὴ,
1132 3068 1223 3121 καὶ
1284 3066 1447 3122 πάλιν
1484 3066 1775 3137 βιώσεται;
1811 3067 1844 3138 ἢ
1882 3066 1969 3121 τὸν

395 3157 639 3228 παρόντα
661 3157 772 3229 βίον
802 3158 1117 3228 βεϐιωκυῖα,
1140 3159 1248 3213 τῶν
1272 3160 1399 3232 τῇδε
1426 3159 1764 3230 πραγμάτων
1793 3158 1970 3230 ἀπηλ-

466 3425 661 3478 ΘΕΟΦ.
717 3425 1066 3496 Προδεὸίωκε
1096 3426 1209 3498 (45)
1242 3444 1333 3481 και
1364 3426 1617 3497 βιώσεται
1640 3445 1653 3459 ’
1684 3429 1835 3482 τουτὶ
1865 3430 1973 3501 γάρ

400 3534 469 3586 με
490 3516 760 3572 διδάσκειν
788 3516 1062 3575 ἐθέλουσιν
1090 3519 1140 3572 oi
1178 3519 1347 3574 πάλαι
1386 3519 1559 3575 σοφοί.

464 3696 640 3752 ᾹΞΙΘ.
678 3697 871 3766 Λέγεις
904 3698 981 3760 ὼς
1014 3696 1276 3761 πολλάκις
1307 3698 1339 3747 ιλ
1376 3696 1516 3768 αὑτὴ
1548 3695 1696 3768 ψυχὴ
1732 3697 1973 3763 κάτεισιν

394 3792 477 3852 είς
509 3790 656 3843 τόνδε
684 3788 776 3843 τὸν
807 3789 950 3843 ϐίον*

468 3971 663 4023 ΘΕΟΦ.
714 3970 872 4037 Λέγω
910 3970 1017 4039 γάρ
1051 3970 1152 4040 μὲν
1190 3968 1284 4022 οὖν
1316 3968 1462 4039 (46),
1509 3970 1557 4022 εί
1601 3971 1674 4041 μή
1715 3987 1764 4023 τι
1800 3970 1973 4040 σοφώ-

394 4080 551 4133 τερον
579 4063 776 4131 λέγεις.

468 4155 644 4208 ΑΞΙΘ.
680 4155 837 4220 Ἥξει
864 4155 918 4206 δὲ
950 4154 1112 4208 πάλιν
1145 4153 1258 4225 (47)
1294 4154 1516 4215 ἑκοῦσα,
1544 4154 1577 4225 ἦ
1611 4153 1669 4220 ἐξ
1692 4153 1970 4224 ἀνάγκης;

467 4328 662 4383 θΕΟΦ.
708 4328 849 4396 Ἐγώ
884 4346 964 4381 σοι
1003 4328 1295 4396 διανοίγειν
1332 4327 1522 4399 ὥσπερ
1563 4330 1621 4381 ἐν
1662 4330 1827 4399 ἱεροῖς
1860 4329 1972 4398 (48)

397 4420 733 4491 πειράσομαι
784 4420 855 4473 τά
908 4420 1020 4473 τῶν
1074 4420 1320 4473 παλαιῶν
1370 4420 1679 4490 ἀπόρρητα.
1759 4420 1818 4473 '0
1876 4420 1974 4489 μὲν

396 4512 508 4584 γὰρ
545 4512 896 4584 Ἡράκλειτος
921 4511 1034 4584 (49)
1064 4512 1314 4582 διαδοχὴν
1337 4511 1642 4581 ἀναγκαίαν
1669 4512 1972 4584 τιθέμενος,

2068 1958 2403 2028 minimeque
2436 1958 2633 2013 frustra
2677 1959 3074 2029 navigationem
3125 1960 3389 2029 interrupi
3424 1975 3639 2025 meam,

2068 2051 2282 2119 quando
2320 2050 2449 2104 mihi
2476 2065 2574 2106 ceu
2602 2049 2713 2106 Deo
2737 2052 2803 2105 ad
2833 2051 3228 2122 philosophiam
3256 2052 3390 2110 duce
3415 2054 3642 2124 ,praaci-

2070 2157 2233 2209 puum
2276 2141 2687 2196 Atheniensium
2724 2144 2899 2197 virum
2939 2145 3006 2198 ad
3044 2143 3241 2200 ﬂuenta
3267 2144 3372 2200 Nili
3407 2148 3640 2215 reperio.

2071 2231 2176 2287 Sed
2198 2247 2381 2302 quaeso
2410 2241 2481 2299 te,
2506 2234 2762 2303 quoniam
2790 2234 2921 2290 dicit
2939 2233 3227 2307 Egyptus,
3244 2251 3348 2292 non
3373 2252 3533 2307 posse
3559 2255 3645 2294 me

2069 2340 2134 2379 ex
2163 2340 2440 2396 quoquam
2500 2327 2692 2382 melius
2725 2329 2870 2396 quod
2916 2327 3078 2382 velim
3106 2370 3121 2396 ,
3160 2344 3323 2398 quam
3351 2345 3420 2385 ex
3465 2341 3515 2387 te
3544 2348 3640 2387 co-

2069 2431 2331 2488 gnoscere
2371 2434 2386 2471 :
2424 2432 2564 2473 anne
2624 2417 2754 2473 mihi
2814 2417 2943 2475 licet
3009 2434 3334 2490 quacunque
3372 2422 3438 2477 de
3478 2436 3540 2478 re
3581 2422 3647 2478 li-

2073 2510 2252 2565 buerit
2289 2519 2340 2563 te
2370 2512 2680 2580 percontari
2700 2511 2723 2565 2

2140 2598 2442 2656 ΤΗΕΟΡΗ.
2470 2600 2611 2668 Quin
2648 2613 2993 2673 percontare,
3020 2606 3063 2661 si
3107 2606 3324 2675 quidem
3351 2607 3482 2662 mihi
3513 2607 3647 2663 velis

2068 2699 2282 2761 gratum
2335 2692 2538 2749 facere.
2587 2690 2769 2762 Neque
2810 2693 2954 2750 enim
2984 2695 3295 2765 quisquam,
3326 2696 3508 2752 multis
3533 2697 3644 2766 jam

2070 2784 2262 2850 annis,
2298 2785 2419 2839 novi
2456 2785 2753 2856 quidquam
2799 2800 2863 2842 ex
2898 2801 2985 2842 me
3024 2788 3292 2857 quaesivit.

2144 2873 2382 2930 AXlTll.
2421 2877 2667 2933 Perbeati
2700 2879 2859 2935 nobis
2878 2878 3125 2935 videmur
3156 2894 3296 2945 esse,
3324 2879 3523 2951 quibus
3547 2880 3647 2937 da-

2073 2973 2244 3019 tur-et
2269 2966 2478 3023 discere
2499 3007 2515 3033 ,
2541 2976 2597 3023 et
2628 2968 2732 3024 hoc
2792 2968 2910 3039 ipso
2951 2969 3095 3040 quod
3138 2970 3353 3028 discere
3376 2970 3644 3037 volumus,

2072 3056 2281 3113 doctori
2312 3067 2525 3128 gratum
2561 3059 2761 3116 facere.
2809 3058 2982 3131 Igitur
3014 3075 3219 3131 quaero,
3245 3077 3375 3118 nutu
3404 3062 3496 3119 hic
3522 3064 3645 3119 viva

2072 3148 2223 3217 prius
2266 3150 2541 3206 exstiterit
2571 3151 2777 3220 anima,
2802 3162 2858 3209 et
2886 3162 3006 3224 post
3052 3152 3248 3209 iterum
3279 3154 3354 3211 sit
3378 3155 3589 3212 victura
3626 3174 3643 3211 :

2000 3244 2045 3305 ρ
2077 3251 2146 3289 an
2180 3237 2344 3292 etiam
2388 3248 2607 3307 peracto
2654 3240 2778 3297 vita:
2814 3242 3100 3311 praesentis
3130 3256 3315 3308 cursu,
3355 3243 3517 3301 rebus
3551 3246 3647 3301 bu-

2077 3326 2251 3380 manis
2272 3326 2449 3383 soluta
2479 3344 2543 3383 ac
2573 3329 2743 3385 libera
2772 3330 2845 3386 sit
2883 3329 3087 3385 futura.

2152 3415 2451 3473 THEOPll.
2489 3420 2557 3473 Et
2587 3421 2722 3475 vixit
2760 3431 2941 3487 antea,
2968 3432 3025 3478 et
3071 3433 3155 3480 est
3182 3424 3405 3491 omnino
3451 3427 3647 3482 iterum

2076 3507 2287 3563 victura
2314 3551 2327 3574 ,
2363 3510 2408 3565 si
2434 3511 2652 3579 quidem
2687 3526 2876 3568 venum
2900 3522 2983 3569 est
3007 3514 3151 3583 quod
3187 3515 3462 3585 sapientes
3483 3517 3647 3586 prisci

2077 3595 2208 3650 nnihi
2239 3596 2601 3651 tradiderunt.

2144 3685 2385 3743 AXITH.
2440 3687 2523 3741 An
2578 3689 2774 3756 statuis
2832 3690 3076 3745 eamdem
3136 3690 3373 3747 animam
3435 3693 3489 3749 in
3549 3696 3651 3749 hu-

2079 3791 2294 3833 manam
2330 3778 2471 3834 hanc
2504 3778 2671 3833 vitam
2726 3779 2922 3835 iterum
2970 3789 3133 3852 atque
3180 3783 3375 3837 iterum
3422 3784 3651 3841 descen-

2076 3870 2205 3925 dere
2225 3870 2249 3923 ἲ

2147 3960 2444 4017 THEOPII.
2476 3963 2620 4018 Sane
2646 3962 2865 4033 quidem
2894 3963 2998 4020 hoc
3048 3964 3224 4035 ipsum
3254 3965 3374 4021 dico
3401 4006 3416 4032 ,
3444 3966 3545 4021 nisi
3592 3978 3646 4021 tu

2076 4056 2205 4124 quid
2233 4056 2533 4124 sapientius
2567 4055 2833 4126 proferas.

2146 4146 2379 4202 AXITH.
2424 4147 2529 4202 Sed
2580 4156 2734 4204 estne
2793 4161 2891 4203 sua
2949 4155 3162 4218 sponte,
3216 4162 3281 4202 an
3329 4150 3649 4205 necessitate

2076 4240 2306 4308 quadam
2335 4249 2454 4294 acta
2494 4241 2779 4295 reditura?

2151 4331 2450 4388 TllEOPll.
2472 4333 2583 4404 Ego
2599 4334 2691 4388 tibi
2708 4344 2949 4389 veterum
2962 4347 3182 4399 arcana,
3206 4334 3361 4405 quasi
3390 4349 3441 4387 tn
3466 4348 3651 4388 sacra-

2078 4424 2159 4478 rio
2184 4425 2416 4493 quodam
2445 4425 2661 4487 sedens,
2686 4425 2939 4493 pandam.
2964 4423 3269 4481 Heraclitus
3287 4426 3468 4497 igitur,
3483 4425 3642 4497 631

2077 4515 2166 4584 qui
2190 4514 2331 4569 idem
2358 4515 2760 4569 successionem
2784 4529 2904 4571 esse
2926 4517 3293 4572 necessariam
3323 4516 3513 4581 voluit,
3537 4519 3650 4571 ani-

472 4688 585 4760 (37)
614 4688 877 4754 Παλαιὸς
910 4689 1109 4760 φίλος.
1155 4685 1313 4760 Velut
1356 4701 1453 4739 usu
1494 4686 1611 4760 ipso
1661 4686 1919 4755 probatus
1957 4702 1969 4736 :

2081 4755 2110 4760 _
2152 4685 2264 4756 (45)
2295 4688 2718 4756 Προϐεϐίωκεν.
2751 4689 2892 4743 Ante
2925 4691 3063 4745 hanc
3093 4703 3244 4744 suam
3276 4689 3442 4745 vitam
3488 4692 3641 4748 vixit.

400 4757 537 4814 adeo
565 4760 780 4830 egregia
804 4769 856 4813 et
882 4757 1030 4830 omni
1055 4758 1373 4827 exceptione
1395 4757 1641 4825 superior
1665 4772 1749 4810 res
1773 4766 1856 4811 est
1879 4772 1973 4811 no-

398 4840 512 4884 stra
549 4828 661 4883 lucc
686 4828 969 4898 sapientia.
998 4828 1096 4884 ΒΑ.

473 4898 584 4969 (38)
624 4898 795 4954 Codd.
827 4898 1002 4969 Paris.
1035 4900 1083 4953 ὁ.

471 4967 583 5044 (δελ)
628 4972 733 5044 _Elq
761 4968 1057 5044 r_d__;tn6er_
1088 4968 1461 5037 ἀπέρῤιπται.
1487 4967 1720 5044 Locutio
1750 4980 1972 5044 prover-

402 5036 585 5103 bialis,
623 5039 688 5093 In
722 5036 947 5093 vti/tilum
980 5039 1171 5108 rejecta
1204 5036 1309 5104 res,
1350 5042 1601 5094 omnibus
1633 5038 1745 5091 fere
1772 5036 1977 5108 linguis

404 5122 567 5178 atque
594 5109 881 5164 idiotismis
913 5106 1215 5163 familiaris.
1252 5109 1348 5163 ΒΑ.
1393 5109 1464 5163 cf.
1496 5126 1547 5176 p.
1583 5108 1635 5170 7.
1675 5108 1728 5161 9.
1760 5106 1850 5172 69,
1884 5108 1967 5160 70.

477 5177 589 5250 (40)
625 5179 894 5250 Legerunt
935 5182 1257 5246 interpretes
1291 5177 1733 5235 καταλείπεσθαι.

475 5248 588 5319 (41)
620 5249 785 5303 Codd.
825 5248 997 5303 Paris.
1031 5250 1171 5301 κατά
1198 5268 1251 5302 τι
1279 5250 1443 5306 θεῖον.

478 5317 589 5389 (42)
613 5319 837 5373 Καινὸν
861 5318 1059 5373 οὐδέν.
1100 5322 1294 5374 Omnia
1326 5320 1517 5387 innuit,
1548 5334 1667 5389 qum
1696 5317 1799 5372 sub
1827 5332 1972 5389 quite-

403 5388 639 5444 stibnem
681 5391 899 5451 cadant,
929 5389 1030 5444 sibi
1074 5402 1193 5443 esse
1223 5391 1487 5444 solutione
1523 5388 1720 5443 facilia.
1748 5388 1969 5453 Καινὸν,

404 5463 474 5515 ad
511 5462 654 5529 quod
691 5469 910 5527 stupere
941 5467 1034 5513 aut
1080 5458 1382 5514 deliberare
1421 5475 1550 5516 usus
1578 5472 1823 5528 opusque
1857 5458 1977 5512 fue-

406 5533 499 5585 rit.
532 5532 630 5586 BA.

478 5600 593 5672 (45)
621 5599 789 5655 Codd.
823 5599 993 5672 Paris.
1026 5599 1106 5672 τῷ
1152 5602 1519 5659 ὲκδιδάσκοντί
1553 5617 1604 5653 τι
1637 5597 1977 5672 χαρίζεσθαι.

404 5673 471 5797 gl;
491 5669 653 5741 ‘Ang.
703 5685 864 5741 supra
901 5670 979 5740 τῷ
1026 5670 1393 5728 ὲκδιδάσκοντι
1447 5669 1647 5743 legitur
1661 5669 1787 5722 τοῦ
1836 5669 1979 5722 ἐκδι-

478 5758 647 5795 σκειν.

438 5744 647 5797 άσκειν.

478 5812 593 5883 (44)
623 5811 792 5867 Codd.
823 5811 998 5869 Paris.
1028 5814 1273 5885 πότερον.

2076 4755 2171 4808 ΒΑ.

2169 4827 2259 4899 46)
2285 4826 2454 4899 Codd.
2490 4827 2664 4899 Paris.
2696 4826 2946 4899 λέγωμεν
2968 4824 3082 4883 οὖν.

2169 4830 2251 4879 46⁸
2285 4830 2454 4881 Codd.
2490 4830 2664 4883 Paris.
2696 4830 2755 4880 λέ
2795 4846 2868 4899 top

2147 4830 2260 4964 (47)
2288 4896 2458 4951 Codd.
2489 4897 2661 4951 Paris.
2691 4846 2868 4960 αὖθις.

2305 4968 2532 5036 Ὥσπερ
2587 4969 2656 5021 ἐν
2702 4968 2896 5036 ίεροῗς.
2950 4967 3085 5022 Nam
3133 4972 3385 5039 mysteria
3447 4973 3645 5028 indicia

2076 5048 2232 5090 erant
2267 5052 2585 5091 arcanarum
2614 5054 2819 5096 rerum.
2852 5039 2959 5094 Res
2984 5040 3127 5108 ipsas
3161 5042 3513 5107 docebantur,
3546 5045 3649 5099 hoc

2076 5118 2160 5179 est
2188 5110 2627 5179 qummtuysteriis
2674 5109 3051 5164 iudicabantur
3075 5150 3089 5173 ,
3142 5111 3233 5179 qui
3268 5111 3647 5167 iuitiabantur.

2079 5174 2269 5251 Omnis
2304 5174 2748 5251 illar'arcanorum
2773 5180 2943 5234 series
2970 5174 3291 5248 theologiam
3321 5184 3647 5251 complectev

2081 5249 2262 5315 batur,
2291 5249 2467 5314 qualis
2506 5260 2624 5303 erat
2667 5250 2719 5302 in
2771 5252 2931 5305 caecis
2971 5251 3279 5305 hominibus
3318 5249 3550 5318 diversa,
3591 5264 3643 5307 et

2079 5333 2221 5392 saape
2251 5320 2561 5392 criminosis
2600 5320 2959 5392 obscenisque
2994 5318 3155 5375 factis
3194 5321 3463 5392 dictisque
3505 5324 3650 5377 vela-

2078 5388 2237 5442 batur
2266 5396 2319 5442 et
2349 5390 2648 5445 constabat.
2678 5389 2771 5444 ΒΑ.

2150 5459 2260 5528 (49)
2296 5458 2687 5531 ᾘράκλειτος.
2716 5460 3010 5531 Opiniones
3037 5471 3091 5515 et
3118 5461 3251 5516 scita
3279 5463 3649 5518 tenebrionum

2078 5530 2200 5603 vide
2233 5529 2592 5603 inl’lutarchi
2625 5529 2862 5603 Placi'tis,
2887 5534 2938 5586 in
2976 5532 3172 5587 Stobaai
3197 5531 3463 5603 Physicis,
3493 5534 3652 5587 Laer-

2083 5601 2180 5671 tio,
2213 5599 2401 5671 aliisve
2429 5600 2872 5671 philos0phorum
2903 5604 3121 5658 eclectis
3143 5612 3198 5658 et
3226 5599 3553 5671 biographis.
3579 5604 3652 5656 De

2081 5668 2340 5743 Heracliti
2376 5670 2477 5743 hoc
2508 5668 2945 5743 scitoﬁtobzeus,
2974 5674 3157 5743 Eclog.
3185 5668 3348 5743 Phys'.
3376 5668 3495 5740 cap.
3522 5671 3651 5743 περὶ

2079 5739 2199 5813 “iam
2217 5740 2510 5810 ἐνεργειῶν
2538 5740 2635 5809 τῆς
2666 5741 2844 5810 ψμχῆς
2877 5741 3069 5813 [eclog.
3104 5739 3151 5808 ἰ,
3184 5759 3231 5796 c.
3269 5739 3362 5808 5’2,
3403 5739 3454 5812 p.
3497 5739 3648 5813 906].

2082 5808 2351 5864 Otlllssulll
2390 5828 2510 5865 mox
2546 5808 3133 5884 aliquid‘s‘uspicamur.
3177 5814 3271 5868 Ba.

2171 4897 2236 4949 47

2149 4967 2239 5036 (48
