4144 6612
555 556 661 621 883

1938 560 2177 622 AENEAS
2216 560 2455 620 GAZ/El

3727 567 3834 631 884

555 669 757 739 quietis
787 667 961 723 locum
997 682 1119 723 cum
1151 668 1385 738 aliquem
1410 669 1672 739 inveniat,
1708 670 1761 724 iu
1800 670 1940 725 hanc
1969 671 2133 725 vitam

2252 670 2583 743 ἰπέρριψεν;
2620 672 2651 743 ἢ
2682 671 2757 743 τῷ
2790 672 3037 729 Πλάτωνι
3076 675 3301 747 μᾶλλον,
3333 676 3393 742 ὃς
3420 678 3516 732 νῦν
3556 685 3659 750 μὲν
3692 682 3834 735 κατὰ

554 759 707 830 quasi
739 759 1031 832 confugere
1063 775 1079 814 :
1109 775 1178 817 an
1209 759 1521 830 Empedocli
1566 760 1842 817 assentiar
1865 801 1880 826 ,
1911 760 2004 832 qui
2041 775 2141 831 pu-

556 864 633 909 tat
669 855 951 918 animam,
1002 865 1062 909 ut
1112 862 1461 925 peccatorum
1512 864 1673 909 antea
1721 854 2138 911 commissorum

554 956 748 1013 ptrnas
783 942 917 1008 luat,
976 943 1031 998 in
1081 944 1221 999 lianc
1261 945 1427 999 vitam
1475 945 1713 1016 ablegari
1748 963 1762 999 :
1802 954 1896 999 aut
1927 943 2139 999 Platoni

556 1034 738 1103 potius
764 1033 1046 1105 astipuler,
1103 1034 1198 1104 qui
1226 1035 1386 1091 modo
1422 1035 1634 1101 statuit,
1683 1035 1922 1090 animam
1946 1035 2014 1091 ad
2039 1050 2141 1089 ex-

558 1127 819 1182 solveuda
856 1126 1155 1197 supplicia,
1196 1128 1358 1184 modo
1395 1127 1526 1183 dicit
1575 1130 1822 1183 eamdem
1852 1167 1869 1194 ,
1903 1136 1961 1181 ut
2006 1126 2139 1182 illud

557 1220 701 1288 quod
738 1219 1052 1276 universum
1093 1221 1361 1286 dicimus,
1411 1221 1751 1291 perliciatur,
1781 1220 1945 1290 idque
1979 1221 2139 1276 modo

558 1327 657 1367 sua
688 1321 902 1382 sponte,
930 1313 1089 1369 modo
1116 1322 1360 1370 coactam
1387 1352 1404 1381 ,
1435 1313 1548 1382 jam
1579 1313 1800 1369 aliunde
1823 1315 2139 1378 excitatam,

552 1420 666 1491 jam
713 1419 815 1461 suo
872 1405 1043 1474 ipsius
1082 1417 1230 1462 motu
1277 1407 1499 1477 proprio
1539 1407 1713 1463 emitti
1754 1406 2140 1477 (Aristotelem

2247 766 2411 827 τίσιν,
2442 763 2539 816 νῦν
2560 763 2617 816 δὲ
2638 764 2775 835 πρὸς
2803 766 2866 818 τὸ
2893 766 3098 821 τέλειον
3128 764 3271 824 εἶναι
3303 768 3425 824 τόδε
3458 771 3517 825 τὸ
3538 773 3647 826 πᾶν
3677 772 3789 844 (72)
3814 790 3827 805 ο

2249 858 2345 911 καὶ
2400 855 2496 910 νῦν
2538 857 2639 927 μὲν
2678 858 2956 920 ἄκουσαν,
2991 861 3088 914 νῦν
3134 861 3193 915 δὲ
3234 863 3495 918 ἑκοῦσαν·
3531 866 3626 919 καὶ
3658 866 3829 921 ἐνίοτε

2252 947 2353 1018 μὲν
2387 947 2526 1018 πρὸς
2557 948 2681 1020 βίαν
2703 988 2719 1013 ,
2748 949 2918 1004 ἐνίοτε
2948 950 3003 1003 δὲ
3029 952 3399 1025 αὐτοκινήτως
3432 956 3539 1028 ὅπη
3583 956 3832 1027 βούλεται

2246 1035 2347 1101 τὴν
2409 1031 2590 1103 ψυχὴν
2659 1032 3046 1103 ἐκπέμπεσθαι
3099 1036 3118 1101 (
3131 1037 3223 1091 τὸν
3277 1039 3388 1111 γὰρ
3449 1041 3831 1116 Ἀριστοτέλην

2249 1125 2602 1195 σιωπήσομαι
2622 1166 2637 1193 ,
2663 1124 2723 1189 ὃς
2750 1125 2817 1178 δι’
2841 1126 3151 1199 ὑπερόολὴν
3182 1132 3376 1200 σοφίας
3399 1132 3499 1204 τὴν
3526 1135 3626 1205 τῆς
3652 1135 3828 1205 ψυχῆς

2248 1216 2552 1272 ἀθανασίαν
2576 1216 2872 1289 ἀφείλετο)·
2898 1217 2969 1271 τὰ
2994 1218 3246 1289 ἀλλήλων
3271 1221 3500 1277 ἔκαστοι
3528 1224 3830 1280 καταλύον-

2248 1325 2361 1373 τες,
2401 1308 2497 1363 καὶ
2542 1310 2656 1373 τοῖς
2690 1308 2873 1372 ἄλλοις
2912 1309 3008 1363 καὶ
3041 1311 3258 1376 ἑαυτοῖς
3313 1314 3576 1369 τάναντία
3610 1315 3831 1385 φιλοσο-

2250 1416 2499 1471 φουντες.

559 1496 731 1562 enim,
763 1499 854 1567 qui
887 1499 1052 1553 nimia
1089 1500 1323 1569 quadam
1368 1515 1466 1555 sua
1517 1510 1685 1571 atque
1738 1502 2093 1571 intemperata
2154 1495 2420 1567 sapientia
2481 1493 2677 1559 falsus,
2708 1494 3018 1549 animarum
3071 1495 3537 1552 immortalitatem
3577 1513 3608 1554 e
3653 1498 3831 1555 medio

559 1604 778 1645 omnem
811 1589 955 1659 tulit,
993 1591 1213 1647 silentio
1260 1593 1571 1664 prmtereo).
1634 1593 1848 1664 Reliqui
1879 1595 2135 1662 deinceps
2172 1592 2278 1646 hoc
2342 1600 2534 1644 omnes
2577 1595 2777 1658 agunt,
2817 1596 2875 1641 ut
2921 1587 3012 1641 alii
3074 1588 3309 1643 aliorum
3364 1591 3666 1647 sententias
3732 1591 3830 1647 de-

562 1695 777 1741 struant
799 1696 963 1756 atque
993 1687 1305 1744 convellant
1337 1708 1352 1745 :
1383 1704 1491 1760 quo
1533 1691 1591 1744 lit
1630 1700 1688 1745 ut
1724 1700 1778 1745 et
1809 1691 1931 1746 aliis
1954 1702 2008 1746 et
2029 1690 2131 1745 sibi
2170 1686 2303 1758 ipsis
2336 1683 2649 1740 contrarias
2671 1683 2959 1753 Opiniones
2985 1686 3241 1755 prodant.

635 1819 935 1876 TllEOPH.
988 1820 1252 1889 Equidem
1319 1822 1371 1877 in
1436 1822 1538 1879 hoc
1573 1823 1801 1879 miriﬁce
1851 1837 1971 1879 sese
2033 1832 2144 1877 tor-

2322 1821 2517 1877 ΘΕΟΦ.
2554 1819 2848 1874 Βούλονται
2883 1819 2982 1890 μὲν
3024 1820 3073 1872 oi
3130 1819 3190 1885 ἐξ
3236 1820 3573 1891 Ἀκαδημίας
3599 1820 3828 1886 πείθειν,

562 1922 732 1986 quent
781 1913 1131 1977 Academici,
1192 1924 1252 1969 ut
1281 1914 1535 1969 omnibus
1579 1914 1977 1983 persuadeant,
2020 1912 2144 1968 Pla-

2252 1914 2327 1978 ὡς
2358 1913 2419 1967 οὐ
2454 1912 2717 1981 διαφωνεῖ
2747 1912 2859 1981 (75)
2892 1910 3119 1966 Πλάτων
3144 1912 3309 1975 αὐτὸς
3337 1911 3519 1983 ἑαυτῷ
3545 1929 3557 1943 ·
3587 1914 3829 1985 νοήματα

564 2016 745 2061 tonem
782 2021 965 2062 secum
992 2006 1168 2075 ipsum
1194 2006 1417 2061 minime
1461 2007 1765 2073 dissidere,
1800 2008 2027 2079 ideoque
2053 2022 2146 2063 so-

566 2098 678 2154 lent
700 2097 819 2166 ejus
846 2105 900 2152 et
924 2097 1226 2154 sententias
1250 2108 1303 2153 et
1326 2099 1616 2165 dictiones,
1650 2114 1979 2170 quocunque
2012 2099 2141 2168 pla-

566 2199 676 2257 cet,
707 2190 1035 2259 detorquere
1058 2230 1075 2255 ,
1108 2189 1252 2259 haud
1283 2204 1440 2247 secus
1465 2205 1529 2246 ac
1577 2191 1668 2261 qui
1710 2191 1893 2245 divina
1922 2191 2143 2247 oracula

566 2298 631 2336 ex
665 2282 831 2336 animi
883 2282 967 2337 sui
1007 2281 1278 2337 sententia
1323 2290 1620 2351 exponunt.
1670 2282 1742 2336 At
1792 2282 1868 2336 illi
1907 2283 2036 2337 mihi
2068 2282 2148 2335 vi-

565 2376 762 2429 dentur
793 2373 1076 2431 Platonem
1107 2374 1280 2444 ipsum
1306 2373 1500 2442 injuria
1532 2372 1766 2429 afﬁcere.
1787 2376 1974 2445 Neque
1999 2375 2144 2430 enim

566 2468 855 2536 quisquam
888 2475 984 2522 aut
1015 2466 1118 2521 l'uit
1142 2476 1236 2521 aut
1259 2465 1474 2523 futurus
1508 2476 1613 2533 est,
1641 2468 1732 2539 qui
1757 2458 1996 2537 potuerit
2024 2467 2147 2522 Pla-

475 2586 496 2605 ς
567 2569 695 2615 Ione
719 2558 932 2630 plenius
956 2574 1022 2615 ac
1054 2558 1268 2627 melius,
1298 2575 1421 2630 qua:
1447 2560 1697 2623 voluerit,
1728 2561 1908 2617 verbis
1930 2560 2144 2617 efferre.

566 2653 672 2708 Alii
701 2667 839 2723 quos
865 2653 1050 2708 itidem
1082 2653 1250 2723 pudet
1289 2652 1461 2708 videri
1488 2653 1761 2710 diversum
1790 2654 2045 2722 quiddam
2080 2654 2148 2709 ab

568 2743 687 2814 ejus
710 2744 981 2800 sententia
1008 2744 1229 2808 docere,
1260 2743 1362 2800 hoc
1405 2744 1524 2814 ipso
1548 2744 1689 2814 quod
1729 2744 1849 2816 ejus
1877 2744 2149 2801 defensio-

569 2850 693 2891 nem
724 2834 1065 2905 suscipiunt,
1111 2850 1310 2889 novum
1344 2834 1393 2890 ei
1437 2835 1643 2891 crimen
1685 2836 2011 2907 impingunt.
2044 2836 2150 2892 Ant

570 2931 717 2985 enim
775 2930 1047 2989 obscurus
1094 2937 1398 2999 praeceptor
1426 2938 1509 2983 est
1529 2928 1906 2998 philosophus,
1935 2938 2029 2983 aut
2060 2928 2148 2983 in-

568 3022 715 3076 vidia
738 3023 975 3091 quadam
1009 3021 1244 3091 agitatus
1284 3030 1522 3077 mentem
1554 3029 1609 3075 et
1635 3020 1960 3076 sententiam
1992 3036 2145 3076 suam

570 3112 639 3168 de
662 3112 930 3168 industria
960 3112 1295 3170 ohscuravit.
1319 3111 1428 3167 Aut
1452 3121 1647 3168 neutro
1676 3112 1870 3168 horum
1892 3112 2147 3169 vitiorum

570 3203 724 3260 Plato
755 3215 940 3261 noster
971 3205 1243 3261 laboravit
1265 3246 1283 3274 ,
1309 3207 1590 3276 magisque
1615 3206 1668 3261 hi
1699 3206 1800 3275 ipsi
1826 3206 1942 3277 ejus
1978 3206 2148 3261 inter-

2248 2008 2345 2061 καὶ
2382 2006 2622 2078 ὀνόματα
2666 2006 2743 2071 ὡς
2791 2008 2858 2061 ἂν
2903 2005 3133 2060 ἐθέλωσι
3180 2008 3598 2077 μετατιθέντες·
3644 2009 3830 2082 ὥσπερ

2246 2101 2297 2154 οἱ
2329 2100 2454 2163 τοὺς
2511 2100 2797 2170 χρησμοὺς
2844 2099 2984 2170 πρὸς
3027 2097 3129 2168 τὴν
3164 2099 3376 2153 ἑαυτῶν
3420 2098 3675 2170 βούλησιν
3716 2101 3829 2171 (74)

2248 2192 2667 2266 ἑρμηνεύοντες.
2730 2193 2959 2247 Δοκοῦσι
3010 2193 3065 2247 δέ
3116 2211 3209 2264 μοι
3258 2192 3540 2259 παντελῶς
3613 2194 3820 2264 ὑϐρίζε-

2248 2286 2373 2340 σθαι
2401 2286 2534 2355 (75).
2564 2286 2704 2341 Οὔτε
2738 2286 2846 2359 γὰρ
2888 2287 3132 2357 γέγονεν,
3163 2287 3274 2341 οὐδ’
3302 2287 3370 2342 ἂν
3393 2287 3603 2356 γένοιτο
3632 2287 3830 2358 μᾶλλον

2246 2376 2342 2431 τοῦ
2396 2376 2685 2440 Πλάτωνος
2749 2377 2934 2443 ἱκανὸς
2987 2378 3329 2450 ἑρμηνεῦσαι
3388 2378 3578 2449 σαφῶς
3633 2381 3743 2434 πᾶν
3802 2380 3831 2434 ὃ

2247 2485 2300 2521 τι
2340 2467 2501 2541 ἐθέλῃ
2544 2468 2677 2539 (76).
2724 2470 2786 2524 Ol
2842 2469 2900 2522 δὲ
2946 2470 3331 2542 αἰσχυνόμενοι
3378 2470 3441 2525 τὸ
3493 2471 3672 2525 δοκεῖν
3718 2471 3828 2525 δια-

2248 2561 2469 2631 φωνεῖν,
2499 2561 2694 2633 ἑτέραν
2720 2561 2780 2627 ὲξ
2808 2561 3106 2631 ἀπολογίας
3128 2562 3278 2634 αὐτῷ
3304 2564 3642 2635 κατηγορίαν
3674 2563 3832 2634 ὲφέλ·

2248 2670 2458 2709 κονται.
2485 2653 2557 2707 Ἦ
2585 2653 2695 2723 γὰρ
2723 2652 2939 2725 ἀσαφὴς
2972 2652 3082 2726 (77)
3110 2654 3431 2718 διδάσκαλος
3454 2658 3482 2710 ὁ
3516 2655 3829 2724 φιλόσοφος,

2247 2744 2281 2815 ἢ
2314 2743 2493 2813 φθόνῳ
2526 2744 2626 2814 τὴν
2648 2744 2887 2798 διάνοιαν
2908 2736 3277 2814 ἀποκρύπτει,
3314 2745 3612 2819 Οὕδέτερον
3642 2746 3697 2800 δὲ
3732 2746 3832 2799 πέ-

2250 2836 2447 2892 πονθεν
2476 2837 2505 2890 ὁ
2540 2837 2801 2906 Πλάτων,
2834 2836 2971 2892 ἀλλὰ
2996 2838 3123 2902 τοὺς
3152 2839 3403 2893 τάκείνου
3442 2838 3833 2910 σοφιζομένους

2248 2928 2439 2999 λέληθε
2466 2970 2481 2990 ,
2518 2929 2620 2998 τὴν
2663 2928 2771 2984 τῶν
2809 2928 3092 2983 Χαλδαίων
3130 2930 3226 2983 καὶ
3263 2930 3580 2999 Αίγυπτίων
3616 2929 3830 2993 (78-79)

2248 3020 2568 3090 φιλοσοφίαν
2594 3020 2864 3090 εἰσφέρων
2884 3024 2947 3093 τῇ
2987 3021 3203 3077 Ἐλλάδι
3226 3038 3240 3054 ο
3274 3024 3369 3077 καὶ
3402 3022 3472 3077 τὰ
3507 3023 3829 3093 Πυθαγόρου

2246 3116 2347 3185 καὶ
2376 3116 2738 3186 Ἡρακλείτου
2769 3117 2864 3171 καὶ
2905 3118 3335 3189 Ἐμπεδοκλέους
3365 3118 3674 3184 ἐπιδεικνύς
3695 3119 3827 3191 (80).

2249 3208 2413 3262 Ὅθεν
2444 3208 2633 3261 ἄλλοτε
2675 3209 2851 3264 ἄλλων
2879 3210 3055 3279 λόγων
3082 3212 3263 3278 ἐστὶν,
3305 3213 3381 3276 ὡς
3409 3211 3477 3266 ἂν
3526 3212 3691 3282 μηδὲν
3721 3213 3829 3267 τῶν

570 3309 755 3370 pretes
799 3299 1139 3367 ignoratione
1191 3299 1549 3372 philosophia:
1603 3299 1894 3355 Platonica:
1933 3299 2146 3353 labora-

2252 3301 2529 3371 πανταχοῦ
2577 3302 2759 3371 σοφῶς
2803 3302 3122 3375 εὑρημένων
3158 3304 3405 3359 διαλάθοι
3446 3305 3558 3376 (81)
3600 3308 3728 3370 τοὺς
3773 3307 3833 3359 ὲν

572 3401 722 3448 runt.
750 3391 802 3450 Is
825 3391 968 3449 enim
1001 3393 1053 3447 in
1085 3407 1203 3450 eam
1237 3408 1424 3449 curam
1459 3409 1522 3448 ac
1565 3392 1944 3464 cogitationem
1978 3392 2149 3464 potis-

537 3605 543 3616 ⁸
641 3622 755 3693 (7‘2)
776 3620 1013 3693 ’τέλειον
1030 3616 1190 3693 εἶναι
1203 3618 1344 3693 τόδε
1356 3617 1419 3671 τὸ
1453 3615 1598 3693 striis.
1647 3614 1848 3693 Nequa
1872 3632 1998 3685 pars
2028 3616 2149 3670 uui-

570 3687 715 3749 versi
737 3687 909 3757 ’ἄθεος
935 3701 1102 3748 esset.
1136 3689 1226 3744 Sic
1261 3689 1404 3744 enim
1452 3688 1599 3757 intra
1626 3687 1909 3757 ,Axitlieus
1964 3698 2150 3757 noster

574 3766 714 3820 hanc
738 3756 1057 3819 sententiam
1086 3759 1328 3814 declarat
1349 3757 1477 3829 [σοι.
1507 3756 1634 3827 964)
1659 3775 1671 3810 :
1704 3757 1829 3829 Τὴν
1847 3757 1902 3829 δὲ
1934 3756 2147 3829 ἀνθρω-

573 3835 736 3903 πίνην
765 3832 943 3905 ψυχὴν
971 3826 1578 3905 τὴνᾼγῆνρλιακασμεῖν,
1622 3829 1719 3905 6),;
1733 3826 1939 3905 μῃδένα
1983 3826 2149 3905 τόπον

572 3896 732 3959 ἄθεόν
766 3896 1181 3975 παρέωριῖσθαιζ
1216 3899 1347 3975 Vide
1374 3896 1635 3975 ganeum
1673 3897 1807 3968 Περὶ
1841 3898 2043 3960 παντός
2069 3896 2142 3968 [c.

572 3977 628 4030 4.
665 3975 740 4030 Π.
772 3968 867 4028 ΒΑ.
910 3968 1129 4027 Τέλειον
1160 3970 1316 4024 codd.
1347 3968 1548 4022 τέλεον.

654 4040 757 4109 ξ73)
788 4044 957 4100 Codd.
993 4042 1069 4103 ὼς
1095 4040 1374 4109 διαφωνεῖ.

647 4103 761 4185 (74)
790 4112 947 4182 Πρὸς
980 4111 1096 4185 τὴν
1118 4103 1349 4163 ἐαὺτῶν
1379 4107 1708 4185 βούνζῃσιν.
1740 4106 1883 4185 Sane
1915 4106 2147 4161 versutia

575 4178 711 4242 satis
742 4178 945 4238 'crassa
982 4183 1326 4249 deceptorum
1373 4193 1441 4230 eo
1475 4178 1721 4247 adigebat
1751 4178 1977 4240 stultos,
2026 4192 2148 4249 cum

575 4254 794 4311 oracula
824 4246 1135 4316 ederentur,
1184 4264 1301 4317 qum
1322 4249 1387 4301 ad
1422 4246 1586 4301 suum’
1615 4249 1845 4318 quisque
1876 4246 2149 4318 negotium

574 4334 761 4395 posset
797 4324 1082 4395 deducere.
1114 4316 1430 4395 Exemplum
1460 4316 1657 4395 videas
1687 4317 1825 4395 apud
1866 4316 2148 4395 Apuleium

578 4387 792 4452 lihrOIx
830 4394 907 4464 (p.
937 4390 1081 4464 181).
1135 4392 1189 4464 in
1222 4387 1305 4443 his
1339 4388 1576 4464 sortibus
1630 4404 1644 4440 :
1702 4388 1832 4464 Ideo
1884 4387 2151 4464 conjuncti

578 4479 770 4521 terram
802 4457 1139 4531 proscindunt
1171 4461 1341 4523 boves,
1373 4457 1445 4531 Ut
1466 4460 1521 4511 in
1546 4458 1787 4526 futurum
1815 4457 1934 4511 lwta
1954 4458 2153 4531 germi-

578 4546 700 4591 nent
731 4528 865 4589 sata.
903 4532 977 4585 Ea
1006 4531 1272 4586 sententia
1306 4530 1554 4597 ambigua
1593 4536 1751 4581 erant
1786 4528 2041 4595 oracula;
2091 4536 2152 4581 ut

578 4606 721 4676 quod
752 4602 1060 4676 trifurcifer
1080 4600 1386 4676 Alexander
1437 4599 1585 4676 dedit
1628 4598 1809 4676 Marco
1833 4598 1890 4676 in
1935 4597 2153 4676 Quados

2270 3392 2579 3465 Ἀκαδημίᾳ
2655 3394 3105 3464 φιλοσοφοῦντας.
3176 3389 3303 3449 Οἷον
3373 3396 3469 3450 καὶ
3531 3396 3661 3468 περὶ
3734 3395 3831 3466 τῆς

2255 3615 2354 3672 Cu.
2396 3617 2707 3685 Pompeium
2738 3617 3065 3672 scribentem
3092 3616 3119 3687 ς
3143 3616 3198 3673 2.
3228 3617 3303 3672 ΒΑ

2328 3690 2439 3750 (77)
2489 3687 2779 3756 Ἀσαφής.
2836 3686 2981 3742 Sane
3025 3686 3202 3743 studio
3240 3689 3364 3743 talis
3391 3696 3497 3751 cst,
3532 3691 3577 3743 si
3622 3698 3726 3757 cst,
3766 3705 3830 3746 ac

2255 3756 2449 3811 divinae
2476 3773 2561 3812 res
2591 3759 2786 3827 popqu
2813 3757 3156 3812 vilescerent.
3198 3759 3317 3825 Quo
3348 3773 3508 3813 sensu
3538 3762 3703 3814 etiam
3738 3762 3829 3815 alis

2256 3842 2317 3882 se
2365 3829 2594 3881 obscure
2638 3828 2872 3895 scriptos
2916 3828 3345 3898 commentarios
3403 3828 3586 3885 Dianae
3637 3831 3831 3898 templo

2253 3898 2665 3970 commendasse
2690 3898 2868 3970 lerunt
2911 3896 3243 3970 ﬂeraclitum
3273 3899 3408 3970 (vid.
3447 3898 3604 3968 Diog.
3648 3896 3830 3956 Lacrt.

2258 3981 2336 4040 [τ.
2368 3966 2420 4029 6,
2454 3967 2542 4040 ulti
2593 3965 2851 4035 Μαίης)
2897 3968 3049 4040 Sane
3088 3965 3473 4040 exigendorum
3510 3965 3831 4036 scriptorum

2258 4034 2469 4109 Platoni
2513 4047 2722 4108 tempus
2745 4034 2850 4091 non
2878 4037 3068 4109 defuit.
3101 4034 3384 4109 Ocloginta
3418 4041 3562 4109 enim
3602 4034 3829 4105 Dialugis

2258 4105 2375 4175 ejus
2440 4105 2636 4180 annos
2673 4109 2850 4180 aiunt“
2877 4107 3173 4180 impensus.
3216 4105 3503 4180 Dionysius
3543 4111 3698 4180 idem
3759 4111 3828 4164 De

2258 4177 2664 4245 compositione,
2690 4193 2741 4233 c.
2785 4178 2877 4241 25,
2927 4177 2979 4245 ρ.
3012 4179 3164 4234 406ε
3204 4177 3471 4234 Isocrates
3523 4179 3829 4236 Orationem

2260 4246 2674 4320 Panegyricum,
2732 4248 3174 4318 quemadmodum
3233 4254 3515 4320 scriptores
3566 4260 3828 4313 asserunt,

2257 4320 2345 4386 qui
2393 4316 2472 4370 illi
2501 4316 2865 4390 brevissimum
2911 4329 3109 4390 tempus
3138 4316 3434 4390 assignant,
3465 4323 3636 4375 decem
3676 4325 3829 4375 annis

2259 4389 2583 4460 composuit;
2608 4388 2765 4442 Plato
2791 4405 2908 4443 vero
2937 4389 3191 4460 Dialogos
3211 4388 3418 4445 comens
3442 4401 3490 4445 et
3513 4392 3829 4445 calamistris

2258 4458 2489 4531 inurens
2523 4475 2585 4531 ac
2626 4460 3042 4531 veluti_coronis
3083 4458 3372 4531 incingens,
3407 4463 3671 4528 octoginta
3704 4464 3829 4531 ipsis

2260 4529 2412 4581 annis
2443 4528 2755 4583 elaboravit.
2788 4529 2888 4597 Qui
2926 4547 3184 4585 numerus
3223 4528 3354 4585 inihi
3394 4541 3574 4586 tamen
3611 4528 3828 4587 uno'vi-

2261 4601 2456 4671 cennio
2484 4601 3024 4671 abundarevidetur,
3054 4601 3155 4656 nisi
3189 4601 3511 4656 tricennium
3538 4603 3709 4671 ipsum
3742 4618 3827 4653 vs-

578 4668 866 4748 moventih:
903 4673 1148 4748 leonibus
1196 4673 1249 4724 in
1284 4669 1585 4748 Danubium
1619 4669 1899 4748 proiectis,
1934 4668 2017 4748 vel
2054 4669 2152 4748 ipsi
2189 4693 2230 4748 ι)
2265 4668 3187 4748 rittsdigf‘riﬁpazlﬁrrorelaborat
3210 4668 3825 4748 Barthiiinterpretatio.

576 4746 661 4799 vel
689 4746 934 4800 hostibus
954 4744 1311 4799 obventuram
1340 4738 1645 4794 victoriam.
1672 4739 1847 4806 Quod,
1866 4750 1921 4792 et
1949 4738 2052 4793 alia
2088 4743 2153 4793 ad

579 4824 749 4872 totum
778 4818 877 4871 hoc
900 4829 1068 4883 genus
1096 4812 1416 4883 spectantia,
1442 4811 1563 4866 vide
1585 4811 1637 4865 in
1670 4809 1896 4864 Luciaui
1919 4808 2155 4864 Pseudo-

578 4900 758 4941 mante
795 4902 844 4940 c.
874 4887 963 4941 48.
997 4884 1093 4939 ΒΑ.

650 4960 666 5024 (
676 4958 763 5022 75)
802 4957 969 5014 Codd.
1012 4953 1381 5019 ἐκϐιάζεσθαι.

649 5019 761 5099 (76)
791 5028 964 5099 Codd.
989 5026 1247 5099 Paris.__et
1276 5026 1411 5099 Aug.
1437 5021 1640 5099 addunt
1665 5023 1749 5099 liv.
1790 5019 2153 5099 ξΕρμηνεῦσαι

580 5093 766 5169 σαφῶς
796 5100 905 5151 πᾶν
940 5098 1052 5169 ὅτι
1086 5096 1264 5169 ἐθέλῃ.
1324 5093 1587 5148 Platonici
1620 5093 1759 5169 styli
1794 5093 1975 5169 laudat
2029 5107 2152 5169 per-

579 5162 946 5237 spicuitatem.
977 5162 1343 5237 Pertinethuc
1366 5178 1586 5234 prorsus
1618 5163 1759 5237 quod
1805 5165 1860 5237 _in
1902 5162 2153 5237 omnibus

580 5233 722 5294 bona
776 5239 978 5295 oratori
1040 5233 1377 5292 necessariis
1411 5249 1532 5288 eum
1587 5233 1911 5287 excelluisse
1964 5233 2155 5287 scribit

579 5309 966 5373 Quintilianus,
999 5308 1091 5363 lib.
1125 5324 1163 5372 t,
1197 5322 1247 5362 c.
1270 5305 1361 5360 20.
1387 5305 1485 5370 Qui
1512 5313 1690 5356 tamen
1716 5304 1912 5357 abltiuc
1937 5304 2151 5370 paulum

580 5381 807 5445 recedit,
866 5379 1009 5433 velut
1055 5380 1237 5431 divino
1270 5377 1527 5430 instinctu
1570 5373 1872 5445 loquentem
1913 5375 2148 5445 iaciens,

580 5450 652 5504 Μ)
686 5468 739 5515 x,
774 5444 823 5504 e.
860 5450 884 5505 1
919 5467 932 5502 :
971 5447 1433 5515 PliilosOpltorum,
1465 5461 1528 5498 ea:
1570 5444 1756 5515 quibus
1786 5460 1841 5497 se
1865 5444 2148 5515 plurimum

578 5512 801 5590 traxisse
842 5520 1150 5590 eloquentia:
1176 5512 1255 5571 Μ.
1291 5516 1494 5590 Tullius
1525 5514 1822 5590 conﬁtetur,
1857 5515 1975 5590 quis
2000 5512 2153 5590 dubi-

578 5604 646 5645 tet
696 5585 967 5643 Platonem
1006 5606 1115 5643 esse
1160 5589 1502 5654 prwcipunnt,
1538 5588 1658 5659 sive
1709 5587 1951 5659 acumine
1994 5585 2152 5659 disse;

579 5663 749 5723 rendi,
778 5661 882 5714 sive
907 5652 1183 5727 eloquendi
1212 5652 1463 5727 facultate
1491 5657 1665 5729 divina
1692 5656 1922 5729 quadam
1948 5664 1996 5708 et
2036 5652 2149 5706 Ησέ

576 5732 814 5787 merica?
853 5725 1074 5785 Multum
1109 5725 1246 5783 enim
1298 5744 1455 5795 supra
1507 5725 1718 5795 prosam
1766 5725 2053 5778 orationem
2101 5733 2149 5777 et

576 5822 733 5871 quam
767 5804 1053 5869 pedestrem
1098 5799 1270 5854 Gram"
1317 5810 1505 5871 meant
1554 5799 1741 5871 surgit,
1792 5805 1845 5871 ut
1880 5795 2009 5846 nti/ti
2046 5811 2148 5848 non

577 5867 799 5927 hominis
831 5873 1059 5941 ingenio,
1091 5872 1180 5925 sed
1206 5870 1434 5941 quoidam
1470 5868 1718 5941 Delphico
1758 5867 2007 5941 videatur
2029 5881 2149 5917 ora-

577 5945 696 5999 culo
733 5936 1029 5997 instinctus.
1070 5942 1144 5996 De
1179 5936 1456 5995 luciditate
1507 5938 1743 5993 Platonis
1793 5937 1910 5989 vide
1954 5936 2149 6004 Di0ny-

578 6015 718 6072 sium
747 6013 1232 6072 Halicarnassazum
1265 6012 1330 6066 de
1380 6010 1707 6081 reprehenso
1753 6008 1868 6077 ejus
1913 6005 2049 6079 stylo
2079 6007 2147 6060 ad

2330 4738 2537 4807 (78-79)
2558 4810 2566 4811 ί
2584 4738 2706 4811 Τῶν
2732 4740 3043 4795 Χαλδαίων
3084 4741 3181 4795 καὶ
3202 4742 3553 4811 Αἰγυπτίων.
3579 4738 3714 4796 lude
3745 4743 3828 4795 illa

2258 4822 2379 4861 cum
2429 4810 2599 4881 sacris
2649 4808 2869 4866 Litteris
2917 4808 3287 4881 congruentia.
3346 4812 3496 4879 Apud
3545 4813 3643 4866 has
3686 4815 3829 4866 enim

2258 4889 2445 4945 gentes
2479 4878 2725 4935 Mosaicae
2747 4893 2799 4933 et
2823 4878 3197 4935 Abraltaiuicat
3219 4878 3495 4947 sapientiae
3524 4893 3678 4936 erant
3708 4882 3831 4935 reli-

2257 4950 2417 5016 quim.
2451 4948 2783 5017 Lactantius,
2818 4952 2911 5004 lib.
2949 4967 3023 5014 tv,
3056 4967 3105 5005 c.
3146 4951 3182 5003 2
3217 4971 3229 5006 :
3268 4952 3422 5005 Soleo
3455 4952 3640 5004 mirari
3668 4956 3828 5017 quod,

2258 5035 2374 5090 cum
2425 5019 2753 5090 Pythagoras
2795 5031 2844 5075 et
2889 5032 3067 5083 postea
3103 5021 3283 5084 Plato,
3309 5038 3485 5074 antore
3514 5023 3828 5090 indaganda:

2256 5089 2493 5145 veritatis
2537 5089 2759 5155 incensi,
2806 5094 2873 5145 ad
2910 5091 3191 5161 zEgyptios
3219 5103 3266 5145 et
3320 5091 3505 5162 Magos
3555 5103 3602 5145 et
3640 5089 3829 5146 Persas

2256 5174 2417 5227 usque
2449 5172 2821 5227 penetrassent.
2858 5169 2913 5213 ut
2945 5178 3125 5214 earum
3161 5164 3393 5232 gentium
3426 5165 3560 5217 ritus
3600 5172 3649 5216 et
3677 5180 3829 5215 sacra

2256 5242 2619 5298 cognoscerent
2651 5232 3092 5299 (suspicabantur
3121 5236 3257 5285 enim
3282 5233 3596 5299 sapientiam
3626 5235 3678 5286 in
3706 5234 3830 5286 reti-

2291 5300 2407 5371 i_one
2440 5303 2631 5355 versari
2656 5302 2671 5371 )
2696 5343 2709 5366 ,
2748 5304 2815 5355 ad
2849 5300 3068 5354 Judrros
3120 5313 3293 5358 tamen
3339 5318 3441 5355 non
3492 5306 3825 5357 accesserint.

2301 5369 2516 5423 latonicl
2547 5369 2725 5424 autem
2765 5373 2882 5424 libri
2910 5372 3036 5439 quid
3068 5374 3246 5426 minus
3276 5376 3445 5426 sacris
3474 5371 3697 5427 Litteris
3733 5375 3829 5426 Ita-

2255 5439 2415 5493 beant
2445 5442 2566 5494 vide
2613 5444 2751 5506 apud
2790 5441 2850 5497 Β.
2887 5441 3241 5507 Augustinum
3287 5444 3378 5496 lib.
3414 5459 3487 5497 νιι
3520 5441 3824 5509 Confessio-

2254 5525 2400 5633 οἶιηῖι,
2428 5525 2478 5564 c.
2508 5512 2599 5633 ἕο,
2630 5510 2720 5575 21,
2752 5524 2859 5567 etc.
2900 5510 3049 5566 Multi
3088 5511 3306 5567 Patrum
3342 5512 3513 5568 Graeci
3550 5523 3604 5567 et
3648 5512 3824 5567 Latini

2254 5597 2317 5632 te
2366 5596 2466 5633 IOC.
2547 5599 2597 5633 Α.

2252 5596 2317 5632 ue
2348 5596 2466 5636 IIOC.
2508 5596 2597 5635 HA.

2327 5650 2439 5722 (80)
2473 5651 2864 5722 Ἐπιδεικνιᾷς.
2891 5652 3163 5722 Reseratis.
3198 5653 3404 5722 Sirpius
3435 5655 3504 5705 ita
3535 5656 3703 5707 utitur
3729 5660 3831 5709 hoc

2253 5719 2449 5785 vcrbo';
2492 5732 2548 5777 ut
2582 5735 2765 5793 postea
2791 5719 2862 5795 [c.
2894 5720 3048 5791 889):
3081 5725 3108 5776 ὁ
3147 5724 3203 5775 δὲ
3235 5719 3299 5795 δῆ
3340 5724 3564 5795 Πλάτων
3596 5724 3686 5775 τὸν
3741 5726 3830 5777 Tl-

2245 5810 2426 5859 μαιον
2459 5795 2764 5857 ἐπιδεικνὺς
2810 5794 2909 5856 τὰς
2946 5798 3055 5845 τῶν
3099 5795 3307 5866 ἀνδρῶν
3343 5794 3442 5864 ἔφη
3483 5794 3658 5866 ψυχὰς
3695 5797 3829 5852 ἁνα-

2251 5865 2459 5919 6ιῶναι.
2498 5866 2589 5919 ΒΑ.

2324 5936 2432 6009 (81)
2464 5938 2632 5993 Codd.
2668 5935 2907 6008 διαλάθῃ.
