4144 6548
568 384 667 450 891

1958 391 2191 451 AENEAS
2232 392 2475 451 ΕΑΖΑΞΙ

3740 375 3841 438 892

571 497 723 551 Ilium
757 509 976 559 venere,
1013 494 1380 564 turpissimus,
1413 497 1505 567 qui
1555 494 1822 552 Achillem
1874 512 1978 550 non
2014 499 2137 567 qui-

2268 498 2616 566 τολεμουντα,
2646 497 2763 551 ἀλλ’
2806 496 3145 560 ὀνειδίζοντα
3186 492 3264 563 τῷ
3307 491 3702 562 ’Λγαμὲμνονι,
3745 492 3841 544 καὶ

571 591 693 644 tletn
745 588 797 641 in
848 587 986 640 bello
1031 588 1245 641 fortiter
1284 589 1612 660 pugnando,
1660 589 1752 644 sed
1790 590 2127 658 Agamemno

581 696 704 735 nem
738 679 1086 749 reliquosque
1122 680 1325 736 heroas
1372 681 1636 736 conviciis
1684 681 1916 749 petendo
1949 680 2150 734 imitari

570 771 878 835 consuevit,
935 771 987 824 in
1059 770 1273 825 simiam
1332 771 1751 827 transformatus
1820 780 1922 836 cst,
1989 780 2154 841 atque

572 862 871 916 etiamnum
902 862 1177 918 hominem
1225 864 1441 918 videtur
1488 864 1659 934 magis
1704 863 1932 929 imitari,
1987 878 2150 933 quam

575 961 836 1023 praestare
864 969 1047 1022 posse.

646 1042 885 1097 AXlTll.
917 1043 1056 1109 Quid
1084 1044 1267 1116 igitur,
1295 1058 1328 1096 o
1357 1042 1552 1106 amice,
1586 1040 1833 1097 Platonis
1870 1055 2150 1095 sacrorum

575 1135 831 1190 custodes
866 1145 922 1190 et
969 1135 1345 1204 interpretes?
1381 1135 1586 1189 nihilne
1619 1135 1671 1188 in
1698 1134 1803 1199 bis,
1841 1133 2067 1203 perinde
2093 1143 2155 1187 ut

578 1226 755 1282 solent
787 1228 838 1281 in
867 1227 988 1283 aliis
1013 1227 1129 1297 ejus
1158 1229 1391 1298 placitis,
1429 1226 1706 1282 subtiliter
1727 1235 1781 1281 et
1809 1237 1965 1280 acute
1991 1240 2157 1282 exco-

577 1318 768 1389 gitanl,
802 1327 895 1374 aut
917 1321 1138 1374 nomina
1174 1326 1561 1389 tranSponuut,
1585 1326 1678 1372 aut
1700 1317 2007 1373 sententias
2023 1315 2157 1371 alias

555 1408 698 1461 ‘aliis
732 1406 1112 1463 confundunt?

654 1499 954 1555 THEOPH.
980 1500 1148 1556 Prisci
1176 1501 1395 1570 quidem
1421 1501 1615 1557 borum
1640 1516 1919 1557 sacrorum
1941 1502 2158 1557 antisti-

583 1603 689 1661 tes,
726 1609 914 1649 eortuu
959 1608 1079 1662 quae
1115 1602 1244 1648 sunt
1274 1595 1420 1648 dicta
1467 1595 1600 1648 nihil
1628 1610 1729 1649 suo
1765 1594 1885 1651 loco
1917 1604 2158 1659 moveut,

582 1688 783 1756 quippe
825 1686 1024 1755 quibus
1075 1685 1357 1755 explorate
1387 1686 1457 1740 sit
1501 1687 1800 1755 cognitum,
1854 1686 2157 1751 Platonem,

584 1784 870 1844 pestquam
914 1774 1293 1845 [Egyptiorum
1322 1775 1621 1844 discipulus
1652 1777 1995 1842 exstitisset,
2042 1776 2161 1830 illo-

591 1843 824 1936 rumque
869 1843 1047 1921 verbis
1090 1881 1253 1921 aures
1298 1843 1615 1936 implesset,
1660 1868 1763 1922 hoc
1797 1869 1970 1938 ipsum
2015 1868 2160 1937 quod
2194 1843 2233 1898 Β

581 1960 764 2014 anima
796 1960 1030 2015 ltumaua
1061 1960 1113 2015 in
1139 1975 1302 2016 omne
1318 1976 1488 2031 genus
1511 1961 1869 2015 animantium
1897 1969 2157 2021 transeat,

582 2064 683 2120 per
706 2064 899 2105 omnes
926 2049 1094 2106 libros
1121 2063 1253 2107 suos
1281 2053 1572 2119 sparsisse.
1611 2051 1863 2107 Plotinus
1910 2052 2075 2119 igitur
2107 2059 2163 2105 et

583 2140 999 2211 ilarpocration,
1056 2142 1295 2212 itemque
1346 2141 1583 2199 Boethus
1624 2154 1788 2214 atque
1834 2142 2152 2204 Numenius.

584 2233 829 2291 Platonis
863 2234 1110 2300 milvum,
1145 2233 1364 2304 qualem
1412 2244 1784 2305 acceperunt,
1842 2233 1965 2291 aliis
1996 2233 2161 2289 tradi-

582 2328 781 2383 derunt
809 2326 1032 2382 milvum
1062 2343 1077 2381 :
1106 2334 1163 2382 et
1186 2324 1397 2395 lupum,
1426 2327 1608 2398 lupum
1637 2346 1652 2383 :
1686 2337 1743 2383 et
1775 2326 2012 2391 asinum,
2050 2325 2161 2381 asi-

584 2435 717 2475 num
750 2435 764 2473 :
794 2433 895 2474 nec
933 2418 1095 2474 simia
1144 2417 1438 2488 quidquam
1465 2419 1613 2474 aliud
1643 2428 1727 2476 est
1750 2420 1832 2474 eis
1879 2435 2043 2491 quam
2094 2419 2165 2474 si-

584 2511 717 2576 mia,
768 2526 868 2566 nec
901 2526 1109 2581 cygnus
1158 2512 1302 2567 aliud
1333 2526 1494 2581 quam
1526 2527 1752 2582 cygnus.
1786 2510 1854 2566 Et
1896 2512 2160 2577 animam,

583 2605 735 2658 aiunt
748 2604 844 2669 illi,
861 2605 1174 2676 priusquam
1190 2622 1312 2661 cum
1327 2604 1510 2675 aliquo
1527 2620 1753 2675 corpore
1766 2603 2154 2675 coniungatur,

584 2711 745 2766 posse
761 2694 927 2768 634
963 2713 1152 2753 eorum
1175 2713 1295 2765 qua:
1320 2698 1529 2753 ratione
1553 2706 1766 2764 carent,
1799 2698 2163 2751 animantium

582 2788 995 2843 similitudinem
1036 2803 1317 2844 assumere
1353 2806 1366 2843 :
1420 2796 1476 2842 at
1514 2787 1824 2855 cuicunque
1853 2786 2048 2842 similis
2078 2787 2162 2842 l'a-

654 2923 768 2993 (Π)
798 2922 968 2995 Codd.
1014 2923 1188 2995 Paris.
1220 2922 1519 2995 (ιϐοηιϐι)
1552 2922 1735 2995 αὐτῶν
1778 2922 2152 2995 μεταϐάλλων,

579 2994 937 3064 (ἷι)ι1.(1054)
987 2993 1168 3048 αὐτῶν
1221 2993 1572 3066 μεταϐαλὼνς
1623 2993 1947 3066 ΟυιΙζΑιιε.
2005 2993 2158 3065 αὐτῷ

584 3064 924 3130 μεταϐαλών.

2254 589 2379 652 τοὺς
2407 588 2595 658 ἥρωας
2632 589 2969 659 μιμούμενος
2990 628 3004 652 ,
3038 586 3117 649 εἰς
3152 585 3385 654 πίθηκον
3433 582 3841 653 μετασχηματί-
3932 625 3948 635 .

2256 680 2430 744 ζεται,
2460 680 2555 733 καὶ
2584 680 2903 750 ὲκμιμεῖται
2941 678 3011 731 τὰ
3042 677 3150 730 τῶν
3181 674 3488 744 ἀνθρώπων
3520 673 3840 745 πράγματα,

2254 771 2315 826 τὸ
2344 769 2503 837 εἶδος,
2534 772 2594 825 οὐ
2618 770 2676 825 τὸ
2699 766 2830 843 ἦθος
2867 769 3014 842 αὐτῷ
3056 767 3412 839 μεταϐάλλων
3446 765 3583 835 (17).

2328 1037 2504 1094 ΑΞῙΘ.
2549 1036 2616 1090 Τί
2655 1036 2768 1096 οὖν.
2803 1030 2849 1091 ὧ
2890 1036 3115 1108 φιλότης
3152 1035 3287 1105 (18),
3332 1037 3379 1088 οἱ
3419 1035 3527 1089 τῶν
3559 1035 3846 1097 Πλατωνος

2259 1129 2460 1199 ὀργίων
2496 1128 2849 1201 μυσταγωγοί
2873 1145 2887 1193 ;
2925 1128 3045 1182 οὐδὲ
3086 1128 3146 1181 ἐν
3174 1127 3386 1190 τούτοις
3419 1126 3610 1197 ὥσπερ
3642 1128 3700 1179 ὲν
3732 1128 3847 1189 τοῖς

2261 1221 2442 1285 ἄλλοις
2470 1220 2801 1289 σοφίζονται,
2822 1221 2943 1276 οὐδὲ
2963 1222 3054 1275 τὸν
3088 1219 3297 1274 πλατὺν
3324 1218 3538 1287 γέλωτα
3572 1216 3847 1287 συγκαλύ-

2260 1332 2521 1381 πτουσιν,
2553 1315 2794 1387 ὀνόματα
2833 1312 3252 1385 μετακινοῦντες
3293 1312 3387 1366 καὶ
3440 1312 3689 1383 νοήματα
3718 1328 3847 1378 συγ-

2261 1405 2478 1478 χέοντες
2501 1423 2517 1472 ;

2331 1497 2526 1553 ΘΕΟΦ.
2563 1499 2626 1551 υἱ
2676 1497 2775 1568 μὲν
2815 1498 3034 1552 παλαιοὶ
3086 1498 3440 1567 μυσταγωγοὶ
3474 1495 3584 1549 τῶν
3619 1495 3853 1564 λεγομέ-

2262 1608 2368 1645 νων
2414 1590 2781 1661 μετεκίνησαν
2823 1591 3006 1645 οὐδέν·
3057 1586 3117 1645 εὖ
3166 1590 3366 1655 εἰδότες
3406 1590 3489 1644 ὅτι
3536 1588 3647 1642 τῶν
3685 1589 3854 1656 Αἰγυ-

2264 1685 2436 1738 πτίων
2452 1687 2479 1738 ὁ
2496 1683 2719 1738 Πλάτων
2747 1683 2992 1755 μαθητὴς
3012 1683 3325 1754 γενόμενος,
3350 1683 3443 1736 κα)⁵
3471 1682 3604 1752 παρ’
3625 1681 3853 1735 ἐκείνων

2263 1774 2789 1846 διατεθρυλλημένος
2820 1774 2930 1840 (19)
2964 1774 3033 1827 τὰ
3061 1768 3201 1834 ὦτα,
3242 1774 3321 1837 ὡς
3345 1774 3378 1840 ἡ
3410 1773 3520 1826 τῶν
3543 1771 3851 1841 ἀνθρώπιον

2263 1867 2411 1937 ψυχὴ
2461 1867 2636 1921 πάντα
2669 1866 2786 1931 ζῶα
2828 1866 3142 1937 μεταϐαίνει
3170 1919 3180 1931 ,
3216 1864 3495 1935 πανταχοῦ
3528 1863 3639 1917 τῶν
3674 1862 3851 1932 λόγων

2264 1959 2569 2029 διασπείρει
2596 1958 2658 2011 τὸ
2694 1958 2891 2028 δόγμα.
2936 1959 3208 2021 Πλωτῖνος
3236 1956 3369 2027 γοῦν
3403 1957 3500 2010 καὶ
3535 1954 3854 2028 Ἀρποκραο

2266 2052 2397 2106 τίων
2424 2050 2537 2120 (20)
2564 2050 2757 2121 ἀμέλει
2782 2050 2876 2103 καὶ
2911 2049 3113 2119 Βοηθὸς
3144 2049 3258 2121 (21)
3292 2050 3387 2102 καὶ
3414 2048 3730 2119 Νουμήνιος
3758 2046 3855 2100 τὸν

2267 2143 2362 2197 τοῦ
2416 2143 2700 2206 Πλάτωνος
2752 2142 2955 2197 ἴκτινον
3002 2141 3419 2213 παραλαϐόντες
3444 2181 3459 2205 ,
3498 2140 3701 2193 ἴκτινον
3734 2138 3853 2210 (22)

2270 2236 2678 2309 παραδιδόασιν,
2732 2235 2826 2288 καὶ
2876 2233 2969 2287 τδν
3016 2233 3179 2287 λύκον
3210 2234 3398 2296 λύκον,
3451 2232 3547 2286 καὶ
3594 2231 3690 2285 τὸν
3734 2231 3859 2284 ὄνον

2266 2331 2387 2384 ὄνον
2412 2346 2424 2357 '
2455 2329 2553 2383 mi.
2577 2330 2605 2382 ὁ
2635 2327 2865 2396 πίθηκος
2900 2326 3085 2389 αὐτοῖς
3115 2326 3215 2379 οὐκ
3252 2325 3382 2380 ἄλλο
3411 2325 3443 2395 ἢ
3472 2323 3631 2378 τοῦτο
3659 2340 3671 2353 ·
3705 2321 3799 2375 καὶ
3828 2322 3858 2375 ό

2268 2422 2467 2486 κύκνος
2508 2421 2610 2474 οὐκ
2655 2419 2783 2474 ἄλλο
2817 2418 2850 2491 ἢ
2903 2418 3103 2483 κύκνος
3140 2417 3443 2488 νομίζεται.
3480 2416 3591 2471 Καὶ
3625 2415 3732 2487 πρὸ
3760 2412 3858 2468 τοῦ

2272 2515 2525 2585 σώματος
2552 2515 2664 2586 (25)
2691 2513 3073 2585 ἐμπίπλασθαι
3098 2512 3198 2584 τὴν
3217 2510 3421 2583 ψυχὴν.
3449 2510 3675 2564 δυνατὸν
3708 2505 3855 2563 εἶναι

2269 2605 2512 2674 λέγουσι,
2569 2605 2664 2659 καὶ
2713 2607 2826 2668 τοῖς
2878 2604 3097 2673 ἀλόγοις
3160 2603 3581 2669 ἐξεικάζεσῢαιι
3631 2596 3675 2671 ᾧ
3721 2600 3858 2670 γοῦν

2270 2696 2556 2767 ὡμοιώθη,
2592 2695 2733 2749 κατὰ
2759 2693 2919 2750 τοῦτο
2952 2696 3201 2766 φέρεται.
3231 2695 3368 2766 ἄλλη
3398 2695 3527 2751 ἄλλο
3556 2696 3695 2761 ζῶον
3720 2695 3858 2749 ὐπο-

2270 2789 2428 2844 δῦσα.
2470 2788 2880 2859 Ἐπιγενόμενοι
2912 2788 2971 2843 δὲ
2998 2788 3310 2861 Πορφύριός
3341 2805 3401 2842 τε
3433 2790 3524 2842 καὶ
3553 2787 3665 2860 (24)
3710 2788 3859 2858 Ἷάμο

2264 2928 2395 2981 citet
2428 2924 2774 2997 Porphyrius.
2802 2933 2860 2978 ut
2888 2924 2942 2980 in
2971 2923 3369 2997 commentario
3394 2924 3550 2980 Antri
3576 2923 3853 2997 Nympha—

2266 3013 2409 3062 rum,
2437 3012 2485 3051 c.
2513 2995 2621 3056 21(
2641 3006 2695 3050 et
2722 2996 2871 3058 alibi,
2896 3007 2951 3049 et
2981 2996 3192 3051 Plotino
3219 2997 3556 3065 superiorem
3596 2995 3662 3051 eo
3694 2995 3857 3050 modo

2267 3067 2551 3133 ostendat,
2591 3067 2735 3136 quod
2792 3067 2936 3121 hunc
2972 3066 3139 3121 libros
3176 3064 3321 3121 illius
3367 3065 3470 3136 sibi
3520 3064 3659 3136 clam
3692 3080 3857 3136 usur-

653 3129 854 3206 (18)*1]
882 3136 1157 3204 φιλότης.
1185 3134 1276 3188 Sic
1302 3135 1499 3199 saepius
1531 3133 1756 3189 all'ectns
1782 3149 1880 3203 pro
1905 3136 2159 3201 homine;
2189 3147 2232 3206 ε
2266 3153 2429 3205 posse
2457 3129 2730 3191 rumorem
2772 3137 2938 3206 fuisse
2974 3152 3223 3206 sparsmu
3256 3135 3461 3189 scribat
3494 3138 3546 3191 in
3577 3134 3694 3189 Vita
3728 3134 3858 3189 Plo-

580 3223 640 3260 ιι.
670 3205 1121 3279 Latina‘seqtuot;
1136 3216 1266 3260 tetas
1290 3206 1516 3275 affectus
1540 3215 1798 3277 cognatos
1829 3218 2165 3279 agitatusque

581 3291 710 3334 suos
734 3275 1053 3329 nominavit.
1089 3275 1179 3328 BA.

652 3344 673 3417 (
682 3348 700 3418 ε
711 3346 765 3405 9)
785 3344 953 3418 Codd.
974 3345 1159 3418 Paris.
1188 3347 1297 3401 duo
1320 3346 1713 3418 διατεθρυλημ.

653 3413 765 3483 (20)
799 3413 1282 3487 ιιλωτῖνοςίγοῦν
1306 3417 1403 3471 καὶ
1446 3413 1909 3487 Ἁρποκρατίων.
1944 3418 2018 3472 De
2043 3416 2165 3473 Plo-

583 3488 699 3559 tino
734 3493 857 3540 nota
887 3486 1088 3559 omnia.
1117 3486 1192 3542 De
1220 3490 1645 3559 Harpocratioue
1680 3491 1953 3559 platonico
1986 3488 2165 3555 philo-

581 3556 754 3628 sopbo
797 3570 863 3608 ex
900 3554 1112 3628 Photio,
1161 3559 1283 3614 cod.
1335 3554 1460 3621 167,
1509 3573 1564 3628 p.
1607 3554 1732 3625 572,
1780 3562 1869 3625 50,
1910 3568 1964 3613 et
1990 3554 2163 3615 Suida

582 3625 913 3682 mentionem
948 3625 1078 3681 facit
1104 3628 1245 3683 Phil.
1268 3628 1382 3683 Jac.
1414 3625 1747 3696 Maussacus,
1776 3631 1939 3687 homo
1964 3629 2166 3685 doctis-

582 3697 1336 3771 simus_et_ingeniosissimus,
1371 3698 1600 3754 Dissert.
1633 3700 1701 3755 de
1736 3698 2167 3771 llarpocratione

584 3766 706 3841 init.
749 3766 928 3841 Sui'lm
975 3769 1133 3841 verba
1181 3781 1307 3825 sunt
1346 3787 1359 3823 :
1402 3766 1862 3841 Ἀρποκριτίωεί
1894 3773 2163 3841 ’Λργεῖος,

583 3836 926 3911 Πλατωνικὸς
942 3838 1251 3911 φιλόσοφος,
1276 3836 1591 3911 συμϐιιὶἰτης
1608 3836 1907 3910 Καίσαρος·
1926 3836 2165 3911 ἔγραψεν

582 3907 884 3977 ὑπόμνημα
919 3909 997 3971 εἰς
1025 3907 1289 3964 Πλάτωνα
1326 3907 1383 3964 ὲν
1416 3907 1639 4034 βιϐλίοις
1678 3912 1778 3975 κδ’,
1799 3907 2167 3993 ’λέξειςῖῐλάτ

582 3994 753 4034 τωνος
791 3979 848 4029 ἐν
898 3977 1126 4034 βιϐλίοις
1173 3981 1345 4034 δυσίν.
1392 3981 1408 4034 l
1442 3996 1489 4034 te
1525 3980 1704 4034 Stude:
1743 3991 1930 4034 uttuue
1987 3982 2164 4034 No~trt

582 3994 753 4040 τωνος
791 3979 848 4029 ἐν
894 3977 1126 4101 Γιὸλίοις
1173 3981 1345 4035 δυσίν.
1392 3977 1489 4034 llic
1525 3980 1704 4034 Suidtn
1743 3983 1930 4049 utique
1987 3982 2164 4035 N0~tri

585 4047 742 4101 istius
767 4058 852 4101 est
918 4047 1285 4101 larnocration
1334 4052 1574 4101 Platonis
1602 4062 1967 4101 CXOEBIQSZBI
2019 4052 2164 4101 locus

585 4047 742 4122 istius
767 4058 852 4122 est
894 4047 1285 4116 Ilarpocration
1334 4052 1574 4122 Platonis
1602 4047 1885 4122 cxcgctcs;
1912 4062 1967 4105 et
2019 4052 2167 4105 locus

584 4118 870 4190 scriptoris
911 4134 1019 4172 non
1052 4132 1201 4175 caret
1236 4122 1451 4176 mendo.
1486 4120 1541 4175 Si
1594 4118 1738 4174 enim
1779 4121 2165 4190 llarpocration

586 4186 692 4266 iste
722 4187 951 4266 caesaris
978 4198 1219 4266 tempore
1244 4192 1444 4266 lloruit,
1477 4186 2167 4266 quomodo-illumPlotino

585 4257 676 4313 hic
705 4260 999 4329 subjungit,
1028 4262 1300 4326 prioribus
1332 4257 1720 4329 interpretibus
1744 4262 1980 4318 Platonis
2008 4257 2165 4328 sepol

586 4330 707 4383 sitis
736 4328 939 4383 Aiueas
975 4330 1195 4384 uoster?
1223 4332 1307 4386 cui
1343 4328 1613 4387 consentit
1641 4330 1887 4388 Stobzeus
1919 4334 1972 4385 in
2006 4330 2164 4387 Eclo-

584 4400 669 4475 gis
694 4398 1225 4475 PhysicisNuuteuio
1259 4402 1859 4475 ettmdetu_sttbjic_iens,
1884 4404 2166 4475 capqtspl.

589 4470 788 4543 μέτρου
813 4470 1011 4541 ψυχῆς,
1044 4471 1135 4526 lib.
1168 4487 1205 4533 l.
1241 4487 1289 4527 c.
1328 4472 1416 4536 52,
1445 4471 1471 4543 §
1501 4471 1589 4534 56,
1620 4489 1672 4541 p.
1697 4472 1803 4527 912
1835 4493 1847 4528 ;
1875 4470 1990 4527 Οὐκ
2016 4470 2166 4543 ἔχον-

586 4526 790 4624 τεςδξ,
826 4526 1021 4624 inquit,
1044 4526 1276 4624 -σκοπὸν
1312 4526 1416 4624 τῆς
1446 4526 1845 4624 διαφορότητος
1878 4546 1961 4624 eli;
2000 4526 2167 4624 τέυτδ

590 4611 881 4681 συγχέουσι
914 4613 1010 4674 τὰς
1040 4611 1457 4681 ὲνσωματώσεις
1494 4611 1773 4667 τῶνήὸλων
1799 4615 1975 4678 κακὰς
2002 4632 2062 4667 τε
2089 4612 2167 4667 εἶ-

590 4682 903 4757 ῃι-πᾲσας
939 4682 1381 4757 διισχᾼιξρίζονται,
1428 4684 1524 4739 καὶ
1550 4684 1917 4757 διαφερόντως
1957 4686 2006 4737 οἰ
2040 4687 2167 4757 περὶ

591 4752 821 4826 Κρόνιόν
858 4770 916 4826 τε
946 4752 1375 4826 καὶΝουμήνιον
1405 4757 1499 4809 καὶ
1548 4752 2017 4825 ’Λρποκρατίωνα.
2051 4752 2168 4822 Quo

590 4832 748 4899 pacto
771 4823 978 4899 iisdcm_
986 4823 1235 4899 eumdem
1249 4823 1572 4899 stipatorem
1592 4823 1811 4899 datiine
1825 4827 2017 4899 capitis
2033 4828 2168 4899 περὶ

589 4890 699 4943 τῶν
728 4893 1018 4968 ἐνεργειῶν
1058 4895 1157 4966 τῆς
1179 4890 1387 4967 ψυχῆς,
1418 4897 1551 4953 ibid.
1600 4895 1741 4968 §55,
1774 4912 1827 4966 p.
1860 4890 1982 4953 896.
2027 4890 2170 4953 Sane

588 4973 805 5032 oportet
824 4962 1053 5020 Caesare
1096 4962 1457 5023 recentiorem
1490 4984 1559 5023 ex
1602 4962 1709 5022 hoc
1756 4962 1875 5022 esse
1918 4968 2170 5022 sodalitio

594 5038 736 5106 hunc
772 5034 1101 5106 sophistam.
1133 5046 1189 5092 et
1235 5038 1287 5092 in
1340 5040 1521 5094 Suidtn
1566 5039 1744 5092 verbis
1788 5040 1971 5106 utique
2023 5039 2168 5092 vocis

591 5105 750 5177 unius
771 5103 960 5159 lacuna
988 5114 1089 5177 est.
1114 5122 1233 5176 quae
1256 5109 1529 5164 Caesarum
1558 5103 1911 5177 posteriorem
1935 5109 2165 5177 aliquem

590 5176 972 5249 nominaverit.
1018 5175 1192 5249 Meam
1226 5194 1382 5249 opem
1416 5182 1459 5233 si
1509 5175 1632 5247 quis
1667 5189 1875 5247 poscat.
1916 5175 2169 5232 audacter

587 5245 887 5321 etuaculeut
946 5265 961 5301 :
1035 5245 1445 5321 ’ᾼρποκρατίων
1502 5245 1785 5321 Ἁργεῖος,
1829 5249 2168 5321 Πλατωνικὸς

590 5315 899 5391 φιλόσοφος,
942 5315 1257 5391 συμΰιὼτηζ
1295 5315 1578 5391 Καίσαρος
1607 5315 1819 5391 Οὑῄρου
1845 5336 1859 5349 ·
1908 5318 2163 5389 ἔγραψεν.

591 5387 666 5440 De
697 5402 762 5440 eo
791 5390 989 5460 mentio
1016 5392 1155 5456 apud
1192 5387 1549 5460 Capitolinum
1583 5393 1633 5442 ιιι
1686 5387 1922 5460 νὺιυνε.
1953 5387 2006 5451 2,
2042 5387 2166 5444 licet

592 5458 995 5531 grammaticam
1055 5458 1282 5529 operam
1333 5462 1644 5531 praestiterit
1696 5463 1742 5517 is
1790 5459 1861 5516 illi
1916 5463 2161 5529 principi.

590 5525 709 5593 Quo
738 5528 916 5602 olIicio
943 5525 1187 5586 summos
1220 5525 1355 5587 alios
1390 5525 1736 5602 pbilOsopbos
1774 5525 1991 5585 all‘uissc
2018 5525 2165 5601 priu-

590 5615 769 5670 cipum
824 5600 1011 5656 liberis
1064 5602 1307 5669 exempla
1365 5600 1806 5670 p'ossuut’multa
1867 5600 2163 5670 corro’gari.

593 5666 981 5743 llarpocratiOIt
1009 5685 1137 5739 ergo
1163 5666 1248 5743 hic
1274 5666 1457 5728 uoster
1483 5671 1834 5743 philosophus
1857 5666 2167 5727 Platonicus

591 5738 833 5818 ﬂoruerit
866 5739 984 5794 Vcri
1021 5738 1280 5818 principis
1319 5760 1456 5808 aevo,
1483 5738 1563 5798 'ab
1594 5738 2031 5818 NutiICItii__:ct:tte
2055 5758 2165 5818 non

593 5812 765 5877 magis
820 5824 980 5879 quam
1035 5812 1278 5867 doctrina
1333 5824 1605 5881 remotus,
1658 5829 1782 5870 cum
1838 5812 2165 5870 Numenium

2271 3208 2390 3272 tini,
2418 3224 2469 3276 ι),
2508 3208 2596 3277 10,
2630 3206 2671 3260 Ε
2699 3225 2712 3261 :
2894 3207 2939 3260 δ’
2969 3205 3211 3277 ἁπδντῆςγ
3241 3206 3495 3270 Ἑλλάδος
3533 3207 3604 3277 τὰ
3633 3206 3861 3277 Νουμη-

2268 3278 2384 3331 νίου
2431 3276 2596 3333 αὐτὸν
2641 3276 3042 3331 ὑποϐάλλεσοαι
3088 3276 3356 3345 λεγόντων
3404 3318 3465 3345 ...
3503 3276 3780 3347 γέγραφεν
3829 3276 3862 3347 ό

2281 3348 2529 3419 Ἀμέλιος
2563 3347 2785 3419 βιϐλίον,
2820 3350 2849 3401 ό
2878 3346 3281 3419 ἐπεγράψαμεν
3306 3348 3443 3418 Περὶ
3476 3347 3587 3419 τῆς
3614 3346 3760 3401 κατὰ
3788 3346 3862 3401 τὰ

2266 3417 2513 3489 δόγματα
2529 3418 2622 3472 τοῦ
2651 3419 2925 3472 Πλωτίνου
2956 3417 3093 3489 πρὸς
3118 3418 3208 3471 τὸν
3233 3417 3544 3489 Ιξῐονμήνιον
3569 3417 3856 3489 διαφορᾶς.

2270 3487 2511 3544 Plotinus
2566 3498 2743 3544 autem
2792 3487 3011 3543 decimo
3055 3503 3200 3542 anno
3237 3487 3449 3543 Galieni
3500 3489 3694 3555 agebat
3737 3487 3859 3542 sua:

2268 3562 2450 3616 aetatis
2478 3560 3010 3630 quinquagesimum
3037 3573 3237 3613 nonum
3268 3599 3285 3624 ,
3337 3560 3525 3630 eodem
3560 3556 3862 3630 Porpltyrio

2272 3639 2442 3697 teste,
2477 3628 2607 3685 ibid.
2630 3628 2694 3697 ip.
2724 3630 2778 3695 3,
2808 3630 2888 3694 E;
2925 3629 3121 3698 quibus
3169 3637 3314 3682 retro
3348 3628 3630 3684 subductis
3663 3628 3859 3683 natalis

2270 3698 2467 3755 Plotini
2504 3701 2652 3754 venit
2678 3701 2731 3755 in
2772 3699 2935 3756 Urbis
2966 3700 3197 3752 conditre
3236 3698 3342 3754 956
3376 3714 3600 3753 annum.
3629 3698 3747 3752 .lam
3781 3701 3852 3763 si,

2269 3773 2410 3836 quod
2443 3781 2648 3824 certuut
2680 3782 2763 3825 est
2790 3810 2806 3835 ,
2834 3770 3137 3823 Numenius
3167 3778 3463 3837 praeceptor
3497 3769 3597 3823 fuit
3631 3770 3852 3833 Plotini,

2275 3840 2396 3894 Veri
2432 3841 2616 3908 utique
2646 3850 2805 3894 actate
2847 3840 3001 3904 vixit,
3036 3840 3125 3909 qui
3171 3842 3306 3894 obiit
3346 3856 3489 3895 anno
3530 3839 3693 3896 Urbis
3726 3840 3853 3895 922.

2272 3910 2407 3966 Hinc
2435 3927 2564 3980 ergo
2586 3911 2938 3965 couclmlctur
2964 3910 3463 3978 llarpocrationem,
3497 3909 3762 3965 Numcnio
3785 3912 3856 3966 ab

2270 3980 2441 4035 Enen
2482 3990 2537 4035 et
2569 3981 2787 4035 Stobzeo
2822 3981 3192 4049 conjunctum,
3227 3995 3347 4035 esse
3379 3996 3500 4035 eum
3538 3981 3694 4050 cujus
3741 3996 3856 4035 me-

2271 4053 2430 4106 minit
2460 4052 2512 4105 itt
2550 4052 2684 4105 Vero
2712 4052 3049 4121 Capitolinus
3071 4092 3085 4115 ,
3116 4061 3167 4103 ct
3193 4052 3265 4104 ita
3312 4051 3532 4105 Suidam
3569 4066 3673 4105 uou
3719 4051 3863 4107 male

2270 4122 2489 4191 corrigi.
2528 4121 2654 4175 Scio
2678 4121 2792 4191 jam
2828 4122 3069 4191 urgendo
3104 4121 3441 4188 grammatici
3478 4123 3630 4175 titulo
3672 4121 3854 4175 immi-

2270 4208 2401 4247 nere
2425 4192 2663 4255 criticos,
2693 4207 2852 4261 quem
2878 4208 2976 4247 suo
3004 4192 3074 4245 illi
3103 4191 3440 4259 Capitolinus
3468 4192 3694 4247 ascribit
3718 4208 3732 4256 ;
3760 4193 3854 4247 sed

2270 4265 2554 4330 utriusque
2603 4261 2800 4316 nttllam
2844 4262 2971 4316 mibi
3015 4261 3139 4317 ideo
3190 4277 3397 4317 moram
3437 4271 3618 4317 nectet
3662 4262 3854 4330 illatio,

2268 4334 2410 4402 quod
2446 4344 2500 4388 ct
2538 4332 2772 4388 ollicium
2804 4332 2910 4388 tale
2954 4333 3256 4402 praestitum
3291 4348 3320 4386 a
3354 4333 3581 4387 summis
3609 4333 3853 4400 philoso-

2271 4401 2392 4473 phis
2444 4403 2783 4459 meminerim
2826 4401 3014 4458 liberis
3072 4401 3410 4473 principum,
3452 4414 3509 4459 et
3559 4402 3852 4471 Capitolini

2273 4472 2378 4529 non
2416 4483 2564 4528 tanta
2594 4474 2665 4529 sit
2697 4474 2782 4528 vel
2824 4474 3120 4545 diligentia,
3153 4472 3235 4525 vel
3263 4475 3567 4545 emendatae
3609 4473 3855 4545 lectionis

2272 4546 2601 4609 constantia,
2637 4554 2697 4599 ut
2727 4543 3053 4599 sententiam
3081 4558 3146 4597 co
3170 4543 3390 4599 nomine
3419 4554 3631 4598 mutare
3655 4543 3852 4599 debea-

2271 4631 2413 4671 mus.
2446 4614 2728 4682 Vulgalam
2758 4626 2940 4668 autem
2973 4616 3039 4668 de
3073 4612 3289 4668 Caesare
3317 4614 3629 4683 opinionem
3661 4612 3859 4683 rel:utat

2270 4688 2431 4740 etiam
2460 4684 2725 4755 Diogenes
2750 4684 3016 4755 Laertius.
3053 4684 3145 4753 qui
3166 4698 3332 4755 ,cum
3358 4682 3695 4755 Epictetum,
3730 4682 3857 4737 Pitt-

2270 4758 2519 4812 tarcbum
2551 4752 2607 4809 et
2637 4752 2772 4810 'ilios
2817 4752 3147 4810 recentiores
3192 4753 3377 4808 laudet
3402 4752 3427 4818 ,⁷
3469 4755 3851 4823 Harpocratio-

2271 4842 2394 4881 nem
2436 4826 2619 4894 utique
2654 4833 3011 4880 memorasset
3044 4825 3205 4878 etiam
3237 4862 3252 4889 ,
3301 4824 3349 4878 si
3386 4834 3591 4880 tantam
3641 4832 3853 4879 attatetu

2272 4896 2572 4951 habuisset.
2615 4895 2708 4950 ΒΑ.

2344 4966 2459 5037 (21)
2504 4964 2735 5037 fabae:
2768 4964 2864 5021 καὶ
2890 4964 3134 5037 Βοηθόςε
3166 4962 3575 5021 Emettdantlum
3611 4964 3859 5035 Ἀμέλιος

2269 5038 2366 5089 καὶ
2395 5036 2455 5091 B.
2493 5036 2684 5092 Amclii
2735 5053 2913 5091 rerum
2974 5036 3336 5105 cognitionem
3392 5037 3591 5091 habere
3630 5038 3853 5105 cupiens

2272 5106 2894 5178 legatcommeutarium
2944 5105 3104 5160 modo
3146 5105 3422 5178 laudatum
3479 5106 3760 5178 Porphyrii
3792 5106 3859 5160 de

2271 5175 2395 5231 Vita
2456 5177 2672 5233 Plotini.
2727 5178 3038 5232 Geutiliauo
3105 5178 3254 5245 prius
3306 5176 3611 5231 Romanum
3662 5175 3858 5229 nomen

2271 5245 2393 5313 fuit,
2426 5248 2714 5320 (Porpltyr.
2753 5248 2895 5320 p._‘5,
2943 5248 3028 5315 Β).
3070 5246 3332 5320 Boethum
3382 5250 3552 5301 citant
3589 5259 3699 5299 tum
3742 5247 3857 5320 alii,

2274 5328 2385 5371 tum
2419 5317 2662 5372 Laertius
2710 5322 2759 5372 in
2795 5317 3039 5382 Zenone,
3078 5319 3226 5382 M3;
3265 5320 3356 5371 sed
3408 5321 3551 5372 hunc
3588 5317 3858 5387 posterio-

2274 5402 2387 5443 rem
2413 5392 2579 5444 alium
2609 5390 2881 5443 existimo.
2913 5389 3011 5445 ΒΛ.

2342 5459 2453 5531 (22)
2486 5460 2653 5531 Codd.
2689 5459 2860 5531 Paris.
2897 5460 3107 5522 melius,
3142 5459 3358 5531 ίκτῖνον.

2342 5529 2456 5599 (25)
2488 5530 2569 5586 Ex
2595 5531 2761 5586 Codd.
2798 5529 2966 5583 Paris.
2997 5530 3353 5599 supplendum
3388 5544 3610 5589 κακιας.

2344 5598 2456 5672 (24)
2488 5602 2861 5672 Ροιριιδτὶἰᾷοι
2896 5598 3186 5672 .latttbliclti
3240 5614 3326 5652 res
3366 5599 3528 5672 habes
3572 5598 3719 5672 apud
3770 5612 3862 5672 ea-

2270 5665 2394 5729 ncm
2437 5665 2754 5741 Euuapiu'm.
2789 5670 2911 5724 Non
2934 5674 3078 5725 enim
3117 5669 3223 5741 alio
3266 5670 3481 5724 nomine
3510 5668 3754 5724 veritatis
3782 5665 3861 5721 la-

2275 5752 2539 5801 tratorem
2568 5739 2882 5813 nuncupare
2914 5741 3077 5797 sulco.
3118 5739 3210 5793 ΒΑ.
