4144 6572
563 422 669 491 839

1918 410 2157 471 AENEAS
2199 408 2443 468 GAZEI

3640 390 3647 393 ’
3733 405 3843 470 900

566 536 733 607 gitttn.
788 531 996 588 Etenim
1028 546 1092 586 ea
1142 530 1229 583 cui
1265 528 1500 581 astricta?
1555 534 1731 591 erant,
1778 525 1957 576 anima
2003 537 2136 577 con-

2273 519 2306 569 έί
2334 518 2429 582 ae;
2466 520 2513 569 εί
2548 519 2667 580 ταῖς
2708 518 2908 587 ἀφύαις
2945 518 3055 587 (60)
3090 517 3395 572 συθδεθεῖεν
3434 516 3569 589 (61),
3599 520 3841 589 εὖπράτ-

568 628 709 683 feeta
741 636 905 695 alque
928 624 1162 687 sublata,
1195 621 1324 687 ipsa:
1345 632 1560 688 quoque
1595 617 1893 669 liberentur
1920 626 2144 668 necesse

566 725 652 772 est
680 733 692 769 :
722 711 1161 784 quandoquidem
1194 708 1339 763 haud
1367 714 1615 760 statuunt
1642 704 1808 757 etiam
1847 702 2059 755 brutam
2083 714 2146 753 ac

570 808 783 861 ratione
839 812 1115 858 carentem
1144 801 1382 854 animam
1426 811 1547 852 esse
1580 795 1967 850 immortalem.
2004 792 2144 861 Quid

570 906 776 957 autem,
809 895 853 947 si
889 893 1126 963 piscibus
1156 889 1259 943 illa:
1294 887 1599 957 conjuncta:
1638 885 1859 951 fuerint,
1890 886 2148 953 divesque

570 986 639 1041 sit
699 1000 761 1040 ac
807 985 962 1055 plena
1014 984 1349 1053 piscatorum
1394 978 1641 1051 sagena?
1691 994 1757 1033 an
1800 994 1905 1033 non
1952 978 2056 1033 illa:
2088 991 2147 1032 se

571 1076 840 1146 supplicio
893 1090 993 1129 suo
1051 1073 1337 1127 liberatum
1381 1072 1446 1125 iri
1493 1086 1616 1125 eum
1668 1070 1779 1125 risu
1825 1069 2149 1138 excipient?

569 1167 703 1221 Nam
742 1166 971 1235 piscium
1018 1163 1331 1234 captivitas,
1365 1160 1655 1213 animabus
1684 1157 1909 1213 exsistit
1950 1157 2148 1215 libera-

572 1262 687 1315 tio:
724 1269 778 1313 et
807 1257 1036 1327 piscium
1066 1252 1308 1315 venatio,
1343 1260 1429 1306 est
1472 1250 1724 1305 humanis
1751 1248 2045 1304 animabus
2077 1248 2146 1302 li-

573 1350 775 1404 bertas.
807 1347 926 1401 Jam
956 1356 1013 1400 et
1043 1360 1203 1414 apum
1250 1342 1509 1408 ministri,
1539 1341 1923 1397 delicieutibus
1958 1339 2149 1410 apibus

577 1440 687 1497 tale
712 1438 972 1511 quiddam
1011 1436 1435 1491 machinantur:
1480 1432 1671 1488 bovem
1722 1440 1869 1487 arcta
1920 1432 2150 1486 domun-

573 1532 691 1588 cula
732 1530 1048 1586 conclusum
1100 1525 1341 1581 fustibus
1402 1525 1673 1594 tantisper
1709 1525 1966 1589 caedunt,
2022 1524 2149 1577 dttm

573 1624 809 1678 animam
855 1620 1076 1677 exhalet
1123 1618 1267 1688 :qui
1332 1619 1375 1671 si
1428 1618 1502 1671 ita
1551 1616 1936 1671 miserabiliter
1989 1615 2152 1670 isthic

573 1726 881 1786 prostratus
906 1715 1110 1785 jaceat,
1146 1712 1220 1766 illi
1251 1712 1325 1766 ita
1354 1720 1612 1765 accurate
1639 1719 1695 1763 ut
1726 1708 1868 1762 lllllia
1902 1724 1965 1763 ex
2000 1717 2152 1776 parte

574 1811 658 1865 vel
694 1810 827 1865 levis
867 1824 999 1863 aura
1034 1813 1302 1875 penetret,
1340 1804 1542 1858 clausis
1568 1802 1777 1872 ~januis.
1818 1802 2105 1855 discedunt
2135 1816 2149 1853 :

2246 626 2329 663 τοι
2360 609 2475 680 (62)
2505 609 2561 662 δὲ
2591 610 2684 663 καὶ
2715 609 2827 662 τῶν
2859 607 3243 663 άσπαλιευτῶν
3275 610 3310 680 ἡ
3350 610 3564 680 σαγήνη
3589 650 3603 675 ,
3630 609 3761 665 ἄλλο
3784 629 3841 666 τι

2248 699 2281 769 ἢ
2332 698 2578 751 λυθεῖσαι
2628 698 2729 768 τῆς
2775 699 3051 770 τιμωρίας
3098 696 3576 766 καταγελάσουσιν
3606 715 3623 765 ;
3654 702 3684 754 ὁ
3732 699 3841 771 γὰρ

2249 790 2359 843 τῶν
2395 790 2594 861 ίχθύων
2631 791 2832 861 δεσμὸς
2862 790 2972 843 τῶν
2999 790 3191 861 ψυχῶν
3238 790 3393 856 λύσις
3435 792 3578 856 ἐστὶ,
3611 794 3843 848 καὶτῶν

2250 881 2441 952 ἀφύων
2474 884 2507 954 ἡ
2537 883 2681 953 θήρα
2708 885 2828 945 ταῖς
2875 882 3256 954 ἀνθρωπίναις
3294 883 3500 954 ψυχαῖς
3546 884 3839 955 ἐλευθερία

2249 975 2519 1043 γίγνεται.
2551 975 2691 1044 Ἤδη
2723 974 2781 1028 δὲ
2828 975 3212 1045 μελιττουργοὶ
3256 975 3357 1045 τῆς
3402 974 3673 1047 μελίσσης
3711 977 3847 1031 ἀπο-

2250 1067 2547 1139 λειπούσης
2578 1066 2695 1141 (65)
2748 1067 3106 1139 μηχανῶνται
3148 1067 3360 1123 τοιόνδε
3396 1067 3510 1139 (64)
3541 1086 3555 1099 ·
3589 1069 3671 1133 είς
3704 1070 3845 1124 οἰκί-

2254 1176 2385 1212 σκον
2414 1158 2540 1229 βοῦν
2566 1159 2970 1224 εἰσελάσαντες,
3000 1160 3220 1214 παίουσι
3249 1159 3425 1225 ξύλοις
3454 1160 3806 1225 ἕωςάπείποι
3827 1178 3844 1195 ο

2251 1250 2347 1303 καὶ
2375 1251 2403 1304 ὁ
2431 1251 2529 1321 μὲν
2558 1250 2808 1314 ἐλεεινῶς
2862 1250 3073 1303 ἔκειτοο
3103 1252 3150 1304 oi
3180 1251 3235 1304 δὲ
3265 1252 3367 1315 τὰς
3384 1252 3557 1324 θύρας
3591 1252 3846 1323 ἀκριϐῶς

2255 1339 2676 1407 συγκλείσαντες
2698 1381 2711 1403 ,
2734 1339 2814 1403 ὡς
2852 1338 3170 1411 μηδαμόθεν
3219 1342 3482 1396 είσδύνειν
3501 1343 3562 1397 τὸ
3592 1342 3845 1415 πνεῦμα,

2256 1433 2388 1485 ποτὲ
2429 1432 2530 1503 μὲν
2555 1432 2822 1504 ἀπῆλθον.
2870 1434 3304 1505 ’Δριθμήσαντες
3327 1436 3384 1489 δὲ
3419 1437 3632 1509 ἡμέρας
3654 1455 3847 1493 τεττα-

2258 1524 2498 1595 ράκοντα
2544 1524 2680 1595 (65),
2726 1525 2819 1578 καὶ
2854 1524 3087 1597 ὕστερον
3136 1527 3529 1593 διανοίξαντες,
3568 1528 3847 1601 σεσηπότα

2257 1616 2358 1686 μὲν
2395 1614 2485 1668 τὸν
2519 1614 2659 1686 βοῦν
2695 1617 3012 1689 εὑρίσκουσι
3040 1634 3054 1648 ·
3102 1619 3276 1691 μυρία
3323 1618 3380 1672 δὲ
3430 1621 3547 1675 ἀνθ’
3577 1620 3696 1686 ἐνὸς
3730 1622 3848 1687 ζῶα

2256 1709 2666 1779 περιιπτάμενα
2696 1725 2709 1739 ³
2768 1710 3035 1780 μελιττῶν
3070 1710 3201 1779 γοῦν
3242 1712 3506 1783 ἐξαίφνης
3552 1713 3769 1786 πλήρης
3817 1715 3847 1765 ό

2257 1795 2409 1863 οἶκος
2439 1800 2637 1871 ἐφάνη,
2671 1800 2726 1853 αἳ
2756 1800 2851 1854 τοῦ
2884 1800 3005 1871 βοὸς
3036 1801 3353 1871 ἐξεγένοντο
3375 1820 3390 1835 ·
3428 1807 3523 1858 καὶ
3550 1808 3846 1877 τραφεῖσαι

576 1910 689 1955 tum
717 1898 1012 1969 praeteritis
1043 1896 1233 1951 diebus
1254 1894 1636 1964 quadraginta,
1667 1893 1847 1961 januis
1875 1892 2154 1953 reseratis,

2273 1892 2523 1963 Βοτρυδὸν
2572 1896 2688 1958 τοῖς
2720 1895 2942 1964 πτεροῖς
2994 1898 3322 1967 ἐχρήσαντο.
3369 1895 3608 1961 Τούτους
3652 1897 3764 1967 (66)
3796 1898 3848 1950 oi

581 1994 773 2046 bovem
805 1991 1022 2059 quidem
1055 1986 1443 2057 putrefactum,
1479 1995 1534 2037 at
1571 1983 1690 2051 ejus
1724 1983 1883 2035 unius
1916 1982 2034 2035 loco
2072 1982 2153 2035 in-

577 2098 802 2137 numera
832 2079 1089 2135 animalia
1131 2071 1583 2133 circumvolanfia
1638 2077 1936 2144 reperiunt.
1978 2075 2153 2144 Apum

574 2176 723 2232 enim
753 2190 874 2244 qua:
912 2188 978 2227 ex
1022 2172 1161 2227 bove
1207 2180 1337 2225 sunt
1374 2179 1572 2234 enatae,
1610 2176 1664 2221 ct
1716 2169 1889 2221 insmr
1929 2182 2153 2221 uvarum

577 2284 860 2342 passurum
894 2267 1162 2336 jacentes,
1216 2264 1328 2317 alas
1375 2260 1615 2326 movent,
1661 2264 1854 2315 domus
1904 2271 2013 2316 tota
2069 2277 2155 2315 re-

576 2371 739 2433 pente
785 2359 929 2413 facta
983 2366 1065 2412 est
1114 2356 1293 2425 plena.
1334 2352 1430 2408 llis
1462 2368 1623 2422 apum
1665 2369 1729 2408 ac
1783 2351 1956 2407 mellis
1986 2351 2159 2405 admi-

580 2453 741 2508 nistri
767 2449 1005 2520 sumptis
1038 2461 1202 2517 atque
1228 2447 1459 2512 curatis,
1489 2446 1669 2501 mellis
1706 2460 1844 2514 cpus
1883 2462 1989 2500 non
2041 2446 2160 2501 sine

577 2546 723 2603 bona
769 2544 926 2614 fruge
975 2542 1389 2612 aggrediuntur.
1430 2538 1551 2595 Jam
1596 2553 1803 2609 quaero,
1858 2555 1985 2593 num
2042 2540 2155 2594 haec

578 2652 686 2692 una
718 2635 874 2690 bovis
907 2633 1093 2687 anima
1128 2631 1434 2685 minutatim
1484 2630 1703 2685 concisa
1742 2631 1795 2683 in
1828 2630 1949 2685 illas
2001 2629 2159 2684 innu—

579 2744 761 2783 meras
785 2736 869 2781 est
905 2722 1120 2788 ditiusa,
1148 2738 1283 2792 quas
1325 2726 1423 2778 bos
1458 2737 1600 2777 unus
1641 2734 1862 2779 coactas
1909 2738 2159 2794 compre-

580 2820 769 2876 hendit
802 2838 816 2874 :
850 2834 918 2872 an
946 2832 1076 2871 vero
1112 2816 1236 2886 ipsa
1269 2814 1457 2871 multis
1485 2815 1590 2871 illis
1622 2816 1724 2871 sibi
1756 2817 1808 2871 in
1836 2816 2158 2872 societatem

582 2911 792 2977 ascitis,
825 2910 939 2964 haec
966 2922 1129 2977 apum
1158 2907 1411 2961 exatnina
1442 2904 1680 2975 collegit,
1704 2913 1867 2974 atque
1901 2909 1955 2960 in
1991 2923 2159 2961 unum

582 2999 990 3073 congregavit?
1030 2997 1212 3068 Atque
1246 2997 1362 3052 baac
1402 2996 1535 3051 mibi
1584 2996 1841 3052 videntur
1867 2998 2159 3054 admodum

585 3092 814 3150 ridicula
847 3112 861 3148 :
895 3091 993 3147 tibi
1027 3105 1157 3144 vero
1181 3103 1287 3144 non
1315 3087 1484 3143 item?
1514 3087 1620 3143 Sed
1644 3087 1879 3145 fortasse
1919 3090 2159 3154 venient,

583 3187 678 3259 qui
706 3186 790 3242 vel
820 3194 1019 3255 quarto
1041 3197 1237 3237 novum
1262 3179 1523 3251 quiddam
1556 3180 1900 3236 comminisci
1928 3181 2160 3250 possint.

2266 1984 2649 2058 μελιττουργοὶ
2679 1987 3090 2059 παραλαϐόντες
3120 1990 3215 2043 καὶ
3255 1989 3715 2061 θεραπεύσαντες,
3749 1991 3849 2061 τὴν

2260 2078 2355 2130 τοῦ
2394 2078 2611 2150 μέλιτος
2655 2081 2920 2152 ἐργασίαν
2969 2082 3032 2136 εὖ
3067 2083 3333 2155 πράττειν
3382 2084 3673 2154 ἐποίησαν.
3724 2084 3850 2154 Ἀρ*

2263 2169 2355 2223 οὖν
2394 2173 2428 2241 ἡ
2478 2172 2577 2241 μία
2620 2172 2769 2243 ψυχὴ
2803 2174 3236 2244 κερματισθεῖσα
3269 2178 3349 2241 εἰς
3397 2177 3497 2242 τὰς
3542 2178 3742 2250 μυρίας
3774 2178 3851 2231 δι-

2265 2262 2608 2328 εσκέδασται,
2627 2262 2694 2328 ἃς
2716 2263 2977 2330 συλλέξας
3004 2268 3032 2319 ὁ
3056 2265 3182 2337 βοῦς
3208 2268 3367 2340 μόνος
3394 2273 3666 2340 κατεῖχεν
3690 2272 3724 2342 ἢ
3753 2271 3852 2334 τὰς

2264 2352 2466 2417 πολλὰς
2500 2354 2717 2419 ὲκείνας
2763 2356 3259 2431 προσκαλεσαμένη
3299 2361 3400 2424 τὰς
3431 2361 3539 2413 τῶν
3572 2362 3852 2431 μελισσῶν

2266 2444 2466 2511 ἀγέλας
2500 2447 2859 2512 συνέταττεν;
2895 2448 3085 2502 Ταῦτά
3120 2468 3211 2519 μοι
3242 2450 3627 2520 καταγέλαστα
3661 2454 3851 2522 φαίνε-

2264 2553 2375 2601 ται,
2410 2538 2493 2589 σοὶ
2522 2538 2581 2590 δὲ
2604 2538 2701 2608 οὐχ
2726 2538 2899 2603 οὕτως
2923 2556 2939 2603 ;
2977 2541 3130 2613 Τάχα
3163 2542 3221 2596 δὲ
3246 2542 3436 2613 ἥξουσι
3464 2544 3557 2597 καὶ
3587 2544 3851 2618 τέταρτον

2266 2630 2804 2701 νεωτεροποιοῦντες.
2859 2632 3002 2686 Ἀλλ’
3055 2635 3157 2706 ὅση
3211 2634 3322 2690 τῶν
3367 2637 3541 2707 λόγων
3582 2640 3617 2710 ἡ
3661 2641 3848 2710 μάχη,

2267 2721 2503 2793 τοσαύτη
2532 2723 2643 2776 τῶν
2681 2723 2971 2796 δογμάτων
3000 2728 3033 2798 ἡ
3066 2726 3246 2799 πλάνη
3276 2728 3413 2799 (67).
3446 2732 3548 2785 Ποῖ
3578 2730 3813 2803 φέρεσθε
3834 2772 3850 2796 ,

2267 2806 2312 2866 ὦ
2352 2812 2627 2884 Ἀθηναῖοι
2658 2816 2795 2889 (68),
2829 2819 2878 2871 οί
2906 2817 2986 2889 τῷ
3015 2819 3409 2891 μυθολογοῦντι
3444 2822 3557 2894 (69)
3596 2823 3855 2893 πειθόμε-

2268 2926 2384 2976 νοι;
2432 2911 2600 2983 Ὁρᾷς
2644 2914 2755 2986 γὰρ
2785 2915 2862 2979 ὡς
2896 2915 3060 2979 αὐτὸς
3103 2916 3281 2988 ἑαυτῷ
3326 2917 3794 2991 προστριϐόμενος
3825 2917 3857 2970 ό

2268 3000 2446 3071 λόγος,
2476 2998 2590 3058 οἷον
2623 3006 2673 3060 oi
2708 3007 3009 3078 πυροφόροι
3065 3008 3175 3062 τῶν
3220 3008 3387 3063 λίθων
3433 3009 3547 3081 (70)
3606 3009 3721 3079 φῶς
3769 3008 3856 3075 ἐξ·

2269 3093 2501 3165 έλαμψε,
2532 3100 2628 3151 καὶ
2652 3100 2721 3153 τὰ
2746 3100 2806 3153 ὲν
2837 3100 3020 3153 σκότει
3048 3101 3185 3165 τέως
3206 3102 3539 3157 λανθάνοντα
3565 3101 3853 3172 διελέγχει,

2271 3189 2366 3242 καὶ
2409 3189 2595 3243 οὐκέτι
2646 3196 2927 3265 συγχωρεῖ
2965 3195 3406 3266 προϐεϐιωκέναι
3438 3195 3537 3268 τὴν
3569 3194 3748 3267 ψυχὴν
3775 3195 3856 3248 lo-

585 3280 690 3336 Sed
723 3289 927 3350 quanto
967 3276 1089 3348 plus
1122 3275 1285 3329 verba
1317 3272 1570 3330 faciendo
1599 3286 1786 3328 secum
1818 3272 1919 3343 ipsi
1950 3286 2156 3344 pugna.

2273 3282 2587 3353 χυρίζεσθαι
2609 3328 2623 3351 ,

587 3377 722 3444 rint,
751 3384 904 3432 tanto
923 3373 1093 3446 magis
1112 3370 1280 3443 636
1307 3368 1549 3426 docendo
1573 3366 1765 3425 fallent
1785 3379 1836 3424 et
1860 3370 2144 3429 errabant.
2174 3373 2291 3441 Quo
2317 3377 2621 3441 ferimiui.o
2642 3382 3134 3454 Athenienses,qui
3164 3394 3270 3440 tam
3300 3383 3547 3441 fabulosa
3575 3383 3855 3453 referenti,

589 3485 699 3529 tam
771 3478 1050 3541 promptas
1100 3481 1263 3521 aures
1314 3462 1639 3534 porrigitis?
1695 3462 1863 3521 Vides
1910 3465 2055 3520 enim
2101 3476 2160 3520 ut
2202 3469 2386 3528 istbaec
2417 3474 2532 3543 ipsa
2561 3489 2749 3530 secum
2778 3477 2965 3533 collisa
3012 3480 3171 3545 ratio,
3246 3478 3419 3535 instar
3474 3475 3705 3549 igniferi
3776 3478 3856 3535 si-

588 3566 714 3625 licis
761 3564 988 3620 multum
1036 3560 1178 3617 lucis
1222 3558 1553 3624 reddiderit,
1601 3566 1658 3613 et
1716 3571 1837 3628 qua:
1887 3559 1940 3613 in
1994 3560 2235 3617 tenebris
2279 3563 2538 3622 hactenus
2600 3567 2864 3635 latebant,
2910 3580 3125 3640 arguat,
3176 3571 3507 3641 minimeque
3556 3569 3837 3639 permittat

591 3669 651 3716 ut
692 3658 930 3714 animam
973 3664 1133 3709 antea
1212 3652 1434 3716 vixisse,
1474 3651 1528 3705 in
1578 3659 1859 3722 posterum
1901 3651 2189 3722 quisquam
2226 3656 2564 3713 confidenter
2589 3659 2908 3714 assereret?

666 3747 968 3806 TllEOPlI.
1007 3747 1210 3804 Eadem
1254 3747 1387 3803 mibi
1416 3761 1633 3818 quoque
1673 3750 1823 3816 prius
1854 3762 2016 3818 quam
2067 3748 2173 3803 hoc

592 3860 658 3902 ex
693 3852 746 3901 te
791 3842 1060 3907 audirem,
1089 3841 1275 3897 animo
1328 3840 1610 3907 sederunt,
1661 3850 2008 3911 mentemque
2047 3840 2172 3896 inde

666 4017 780 4093 (60)
844 4018 1083 4093 ᾎςρυαις
1125 4013 1495 4093 συνδεθεῖεν.
1547 4012 1795 4082 Speciem
1837 4026 1934 4083 pro
1982 4027 2179 4093 genere

597 4084 821 4165 posui't;
871 4084 1032 4156 idque
1085 4096 1307 4165 propter
1340 4086 1605 4165 vilitatem
1639 4097 1924 4165 apuarum,
1972 4084 2179 4163 piscis,

597 4152 708 4234 qui
732 4152 838 4234 non
889 4152 959 4213 ex'
974 4152 1326 4234 _coricubitu_,
1361 4155 1454 4208 sed
1497 4152 2174 4234 ,l‘itnunuvulgoyrognasci

599 4221 936 4304 perhibetur.
967 4227 1241 4304 Oppianus
1254 4222 1474 4304 ACyneg.
1716 4239 1729 4276 :
1777 4221 1914 4304 Ἤδη
2066 4222 2176 4274 διε-

602 4291 773 4374 ᾢῖσιν
803 4299 860 4374 εν
882 4291 1531 4374 ργρότὲόροιρβαλῇσης
1560 4291 1814 4374 Βενθεσιν
1841 4292 2177 4374 αὺιτόρρεκτα

602 4361 727 4442 ipost
751 4370 846 4424 καὶ
871 4361 1125 4442 ἀμῆ-τορᾲ
1150 4363 1313 4442 φῦλα,
1342 4364 1624 4442 Ὀστιρεον,
1648 4361 1916 4442 ἠπεδαναί
1940 4361 1986 4415 τ⁶
2003 4361 2171 4442 ἀφύαι

603 4432 809 4513 κόχλων
844 4432 1185 4513 τε’γένεθλα,
1211 4435 1495 4513 ’ρστρακά
1518 4448 1579 4513 τε
1619 4432 1985 4513 στρόμϐοιςτες
2012 4436 2092 4513 τά.
2112 4452 2171 4513 τε

2352 3749 2548 3805 ΘΕΟΦ.
2591 3751 2780 3807 Ταῦτά
2815 3770 2906 3822 μοι
2939 3754 3033 3807 καὶ
3061 3756 3329 3825 πρότερον
3357 3754 3700 3823 ὲφιζάνοντα,
3731 3754 3863 3807 πελ-

2279 3839 2434 3904 λάκις
2468 3840 2772 3913 ἀνέστρεφε
2803 3843 2902 3914 τὴν
2932 3844 3191 3901 διάνοιαν.
3228 3845 3350 3899 Τῶν
3379 3845 3437 3899 δὲ
3464 3845 3720 3916 πατέρων
3746 3846 3862 3915 (71)

2280 4015 2663 4094 epiphonema.
2706 4016 2919 4094 veritas
2947 4018 3092 4094 enim
3127 4018 3616 4090 disceptationibus
3640 4037 3866 4094 prorsus

2284 4085 2501 4157 tandem
2536 4086 3005 4157 interstinguitur.
3049 4088 3148 4144 BA.

2352 4154 2463 4237 (68)
2495 4156 2607 4209 Ποῖ
2648 4154 2928 4237 φέρεσθε,
2956 4154 3004 4214 ὦ
3065 4160 3387 4237 Ἀθηνςαῖρμ
3428 4160 3767 4237 Exclamatio
3799 4178 3861 4218 ex

2276 4231 2539 4362 {mittimus
2573 4233 2811 4296 gentium
2840 4240 3060 4286 oratore
3085 4242 3180 4286 aut
3214 4231 3578 4289 declamatore
3607 4236 3863 4305 quopiam

2374 4313 2384 4349 ι
2417 4314 2466 4350 a.
2543 4315 2595 4351 Α.

2314 4309 2466 4350 etlta.
2501 4309 2595 4351 UA.

2279 4438 2307 4492 ὁ
2354 4366 2468 4488 (ἓξ)
2500 4368 2667 4424 Codd.
2698 4367 2850 4424 Paris
2874 4370 2983 4442 ὅτῳ
3011 4371 3143 4440 γοῦν
3166 4371 3555 4451 μυθολογοῦντι
3579 4372 3701 4429 eod.
3726 4375 3864 4445 Aug.

2310 4455 2385 4492 τω
2419 4456 2501 4492 υν.

2310 4454 2501 4507 τῳουν.

604 4503 905 4584 ιψαμάθοισι
947 4503 1201 4584 φύονται.
1244 4504 1374 4559 Vide
1416 4506 1666 4559 eumdem
1706 4504 1815 4559 line
1863 4504 1982 4559 libri
2016 4505 2162 4576 prim

2357 4503 2471 4584 (70)
2513 4503 2656 4563 Οἶον
2684 4511 2737 4565 οἱ
2759 4512 3053 4580 πυρφόροι
3079 4511 3196 4584 τῶν
3223 4512 3425 4584 λίθων.
3459 4526 3687 4584 egregia
3714 4529 3867 4571 cout-

604 4575 1047 4642 Halieuticoruin,
1080 4575 1173 4630 Ba.

676 4652 786 4724 (6|)
830 4649 905 4724 Ex
940 4650 1107 4704 Codd.
1141 4644 1316 4701 Paris.
1347 4647 1404 4700 at
1432 4646 1541 4700 τῶν
1570 4643 1875 4715 ἀνθρώπων
1904 4643 2076 4716 ψυχαὶ
2102 4644 2188 4700 hic

607 4722 971 4780 inserendum.

677 4793 791 4865 (ϐῆ)
861 4792 994 4847 Cod.
1045 4788 1183 4862 Aug.
1232 4782 1291 4841 εὖ
1348 4787 1601 4859 πράττοι.
1661 4786 1829 4842 Codd.
1893 4786 2065 4842 Paris.
2127 4780 2186 4839 εὖ

609 4865 863 4919 πράττει.

655 4882 863 4938 ραττει.

685 4936 797 5005 (65)
837 4933 1007 4988 Codd.
1044 4929 1443 5005 ἀπολιπούσης.

687 4997 1012 5077 (64),Αρλιιιιι
1041 4997 1600 5077 Ιιιιηελςριιΐεςιίοῃριιι
1633 4997 1871 5077 celebrat
1903 4999 2064 5077 etiam
2089 4999 2191 5054 sub

615 5070 790 5132 finem
813 5070 1040 5144 Dialogi,
1078 5089 1130 5142 p.
1187 5070 1282 5144 65,
1333 5071 1419 5125 17.
1452 5070 1586 5124 Nota
1618 5086 1681 5125 ea
1719 5085 1787 5144 es
1818 5070 2001 5144 divino
2029 5084 2192 5139 opere

613 5148 907 5215 Georgicon
933 5140 1144 5212 Virgilii
1198 5143 1426 5215 ejusque
1472 5140 1879 5215 interpretibus.
1903 5141 2188 5215 AAec‘urata

612 5235 735 5274 eum
755 5209 1095 5286 'priimisrhzée
1126 5224 1206 5268 est
1230 5209 1428 5286 Eheu:
1459 5211 1975 5286 nostri_de_scriptio.
2009 5209 2106 5286 ΒΑ.

683 5280 797 5358 (65)
846 5285 1090 5356 Ἡμέρας
1119 5281 1598 5351 τεσσαράκοντα.
1632 5280 1802 5358 Hujus
1824 5283 2192 5358 _nuineri_tna~

615 5350 789 5430 guum'
806 5350 1050 5430 usuin'in
1069 5371 1250 5409 rerum
1282 5364 1487 5430 natura
1504 5363 1557 5406 et
1585 5353 1755 5430 sacris
1775 5350 1991 5411 Litteris
2014 5350 2195 5430 obser-

618 5423 809 5482 vamus
862 5429 915 5481 iu
969 5427 1377 5481 commentariis
1424 5423 1894 5489 adversariorum,
1942 5433 1996 5476 et
2044 5424 2190 5476 alibi.

618 5502 715 5555 ΒΑ.
757 5497 858 5553 Hic
891 5499 1040 5553 locus
1088 5496 1244 5551 valde
1276 5504 1558 5562 corruptus
1596 5508 1662 5546 ex
1711 5494 1870 5546 codd.
1907 5490 2081 5562 Paris.
2115 5494 2193 5547 sic

617 5570 967 5638 cotrigendus
992 5587 1004 5621 :
1030 5566 1137 5628 ἕως
1163 5565 1350 5638 avom.
1390 5561 1483 5638 καὶ
1506 5566 1534 5616 ὁ
1566 5563 1663 5638 μὲν
1688 5562 1831 5638 οὕτω
1854 5561 2035 5638 πεσῲν
2060 5579 2195 5638 προ-

625 5631 915 5694 τίθετᾶι....
944 5638 1017 5700 ὡς
1053 5638 1117 5692 ἂν
1153 5636 1279 5707 μηδ.
1308 5635 1543 5688 είσδύνοι
1569 5631 1643 5686 τὸ
1671 5631 1911 5702 πνεῦμα,
1949 5633 2066 5685 τότε
2098 5631 2195 5703 μὲν

619 5710 864 5780 ἀπῆλθον
869 5750 882 5763 .

692 5776 802 5849 (66)
832 5779 1001 5834 Codd.
1037 5776 1213 5849 Paris.
1236 5788 1288 5830 et
1308 5778 1453 5849 (Aug.
1468 5776 1703 5849 ταύτας.

695 5844 807 5923 (67)
851 5850 1119 5917 Τοσαύτη
1147 5848 1264 5902 τῶν
1292 5844 1600 5917 δογμάτων
1628 5849 1665 5913 1)
1695 5844 1914 5914 πλάνη.
1954 5846 2197 5902 Notabile

2288 4580 2526 4653 paratio,
2557 4595 2717 4653 quam
2754 4594 2957 4650 ponunt
3000 4592 3055 4638 et
3093 4582 3336 4638 alludunt
3385 4580 3696 4653 freqienier
3738 4586 3865 4640 boni

2290 4648 2605 4724 scriptores.
2649 4648 3225 4724 (Exstatjnischedis
3269 4648 3541 4724 veteribus
3578 4654 3721 4724 apud
3767 4670 3868 4709 nos

2290 4720 2625 4793 epigrannna
2647 4722 2788 4793 istud
2812 4737 2831 4776 :
2856 4720 3041 4776 Collisi
3065 4723 3228 4776 silicis
3252 4722 3520 4793 chalybem
3543 4720 3690 4792 υἱάσιν
3714 4732 3869 4793 urget

2292 4790 2344 4842 in
2376 4793 2564 4863 ignem.
2616 4790 2707 4862 [Et
2743 4792 3012 4863 ﬂammam
3060 4794 3196 4846 inter
3230 4808 3284 4846 se
3307 4790 3499 4863 quassa
3537 4790 3747 4847 metalla
3781 4790 3867 4863 ivu-

2293 4857 2461 4914 munl.
2487 4857 2753 4936 [Dufities
2774 4865 2888 4936 vita:
2916 4862 3242 4931 fortunaque
3271 4857 3509 4936 improba
3533 4866 3715 4936 tirtus.
3748 4862 3871 4936 [νὲ-

2296 4940 2401 5005 tam
2431 4932 2765 5005 emendantes
2798 4934 2893 4985 scit
2925 4949 3417 5005 generare_preces.
3448 4933 3565 5005 [Sic
3609 4932 3785 4987 anima
3815 4936 3870 4987 in

2294 5002 2393 5073 uiui
2421 5002 2703 5073 scintillas?
2726 5004 2911 5073 entt'cat
2938 5003 3097 5072 ignis,
3145 5002 3239 5073 [Et
3266 5020 3361 5056 sua
3392 5002 3490 5071 fert
3527 5005 3640 5057 miti
3674 5004 3870 5056 damna

2296 5071 2513 5124 levanda
2542 5074 2658 5142 eteo.
2696 5070 2811 5142 [Sic
2835 5070 3038 5142 quoque
3084 5070 3289 5127 natum
3320 5084 3564 5141 generant
3600 5075 3872 5126 contraria

2295 5142 2480 5215 lucem,
2516 5140 2784 5214 (Facturi:
2815 5140 3025 5215 pateant
3056 5154 3109 5195 ut
3135 5140 3470 5215 monumenta
3501 5144 3606 5198 dei.
3637 5143 3750 5215 [Sic
3780 5160 3871 5215 rae

2295 5212 2367 5263 tio
2394 5228 2502 5268 sese
2518 5210 3025 5284 'peecantemfernit
3054 5215 3109 5266 in
3152 5230 3273 5279 usu,
3304 5210 3582 5284 [Admonet
3613 5210 3659 5267 ei
3699 5214 3873 5283 superi

2295 5283 2388 5334 tua:
2417 5285 2650 5347 peritura
2681 5283 2806 5350 poli.
2841 5282 2936 5336 ΒΑ.
3306 5282 3324 5284 “
3362 5332 3365 5335 ,

2370 5354 2480 5421 (7|)
2510 5354 2684 5409 Aliam
2718 5354 3002 5408 lectionem
3034 5353 3243 5408 videtur
3271 5361 3490 5409 secutus
3521 5353 3868 5417 Ambrosius,

2297 5424 2389 5490 qui
2438 5426 2511 5477 ita
2552 5426 2652 5477 hoc
2700 5426 3044 5477 commatium
3076 5424 3303 5480 reddidit
3344 5444 3356 5479 :
3415 5423 3528 5477 Ista
3574 5425 3699 5476 mihi
3739 5439 3876 5490 sirpe

2298 5504 2453 5547 antea
2487 5494 2841 5547 consideranti
2873 5495 2944 5547 ita
2967 5510 3078 5548 esse
3104 5495 3269 5549 uideri
3294 5493 3528 5548 solebant
3559 5503 3877 5558 mentemque

2299 5566 2367 5616 ad
2399 5581 2453 5618 se
2475 5566 2739 5632 rapiebant
2766 5567 2895 5629 ;sed
2927 5567 3114 5633 partim
3138 5566 3507 5633 magistrorum
3542 5565 3873 5624 rereeundia,

2297 5635 2491 5701 partim
2525 5636 2653 5689 socii
2698 5646 2745 5688 et
2776 5638 3036 5703 comparis
3056 5675 3070 5699 ,
3098 5636 3305 5698 quicum
3343 5637 3447 5688 ista
3475 5634 3833 5703 conquirerent
3860 5674 3874 5697 ,

2299 5707 2637 5769 desideratio,
2656 5719 3014 5774 properantem
3041 5722 3101 5758 ac
3110 5706 3337 5773 Jamjam
3367 5708 3729 5774 assentientem
3757 5719 3880 5755 con-

2300 5778 2477 5828 tinuit.
2538 5775 2687 5845 Legit
2720 5772 2807 5829 ille
2836 5775 3019 5843 utique
3056 5776 3472 5844 κατείργουσαν,
3520 5772 3620 5845 τὴν
3644 5772 3881 5845 διάνοιαν

2302 5847 2586 5912 videlicet;
2616 5844 2732 5915 qua:
2765 5863 2869 5901 non
2904 5847 3080 5914 inepta
3111 5855 3195 5901 est
3224 5856 3509 5902 sententia.
3546 5844 3738 5900 Vertas
3766 5844 3836 5895 ita
3862 5856 3874 5893 :
