4144 6556
363 384 467 449 933

362 524 461 576 μη.
529 499 791 573 Προνοίας
852 498 981 570 γὰρ,

358 595 629 667 abstini)
667 591 802 664 προς
834 591 895 644 τὸ
917 589 1229 643 λυσιτελοῦν
1265 589 1327 643 τδ
1362 589 1621 661 διάφορον
1654 589 1766 661 ἔχει
1798 591 1935 661 (78),

360 688 455 743 καὶ
507 684 852 758 μετατίθεται
893 682 968 745 ὡς
1021 681 1087 737 ἂν
1115 681 1193 751 τῷ
1245 681 1625 735 ὲπιστατοῦντι
1672 682 1783 735 τῶν
1802 681 1940 735 ὅλων

357 777 510 845 δοκῇ.
552 773 614 827 Ei
669 773 725 825 δέ
767 788 853 833 τις
880 773 960 834 είς
998 769 1175 841 γῆρας
1208 768 1483 838 ἀφίκοιτο,
1527 771 1774 835 κίνδυνος
1812 770 1934 841 μὲν,

360 865 623 939 μειζόνων
648 863 705 917 δὲ
770 861 872 915 τῶν
900 862 1076 916 ἄθλων
1110 860 1449 932 ἀπήλαυσεν,
1498 862 1548 914 εί
1579 862 1647 915 τὰ
1674 878 1934 933 προειρη-

360 959 498 1031 μένα
554 955 741 1029 μαθὼν
803 955 897 1008 καὶ
945 953 1210 1023 ποιήσας,
1270 952 1452 1005 πᾶσάν
1502 969 1561 1005 τε
1603 954 1795 1021 σοφίαν
1844 954 1938 1005 καὶ

356 1049 671 1119 ἀπιστήμην
720 1047 814 1099 καὶ
857 1046 1053 1115 τέχνην
1086 1041 1400 1111 εἰσαγαγὼν
1431 1043 1507 1114 τῷ
1546 1042 1647 1113 βίῳ
1671 1058 1684 1070 ⁵
1735 1043 1830 1097 καὶ
1862 1042 1937 1113 μὴ

360 1142 524 1215 μόνον
562 1137 775 1199 ἑαυτὸν,
810 1136 946 1190 ἀλλὰ
986 1136 1078 1189 καὶ
1110 1134 1210 1206 τὴν
1254 1134 1359 1205 γῆν
1391 1136 1608 1190 ἃπασαν
1635 1127 1939 1205 διαδίοσμή-

358 1246 461 1294 σας
486 1230 599 1301 (79)
657 1226 921 1282 ἀπέλθοι·
970 1227 1032 1279 οὐ
1087 1225 1196 1297 γὰρ
1257 1224 1366 1278 ἔδει
1403 1224 1494 1278 τὸν
1543 1224 1705 1279 αὐτὸν
1748 1224 1937 1296 χρόνον

357 1324 531 1379 ἅπασι
586 1319 935 1393 διορίζεσθαι.
979 1316 1057 1372 Ἦ
1106 1319 1213 1389 γάρ
1239 1316 1305 1372 ἂν
1356 1316 1613 1389 ἀσελγείᾳ
1670 1317 1910 1387 συζήσαν

357 1433 450 1480 τες
482 1414 597 1487 (80)
652 1413 955 1485 ἄνθρωποι,
1037 1406 1363 1483 σωφροσύνῃ
1418 1410 1569 1481 παρά
1588 1411 1687 1480 τὴν
1746 1409 1938 1465 πολιάν

358 1505 702 1578 ἑπερείδοντο
760 1503 872 1575 (Si)
907 1520 921 1535 ο
988 1504 1084 1558 καὶ
1120 1504 1177 1556 ὲν
1229 1501 1420 1573 ἡλικίᾳ.
1476 1504 1588 1564 τοῖς
1636 1498 1937 1572 ἀλλοτρίοις

357 1596 830 1669 ἀντρυφήσαντες,
865 1592 960 1646 τοῦ
1010 1591 1198 1663 γήρως
1241 1591 1342 1660 τὴν
1374 1588 1718 1662 δικαιοσύνην
1763 1589 1936 1660 προὺ-

355 1689 632 1744 6ἀλ).οντο.
654 1687 715 1740 Ei
750 1685 860 1756 γάρ
889 1684 982 1737 νῦν
1011 1681 1307 1737 ἀκολασίαν
1337 1682 1430 1736 διαὶ
1460 1678 1770 1746 πλεονεξίαν
1796 1681 1937 1734 οὕτω

358 1782 534 1851 ῥᾷστα
565 1774 874 1837 διώκουσιν,
905 1774 1005 1827 οὐκ
1041 1772 1243 1835 εἰδότες
1271 1772 1320 1823 εί
1372 1772 1535 1841 μέχρι
1561 1770 1659 1841 τῆς
1694 1769 1935 1841 ἑσπέρας

1648 384 2284 451 THEOPHRASTUS.

1072 497 1133 552 οὐ
1182 497 1423 568 φύσεως,
1480 496 1659 551 τοῦτο.
1731 498 1929 571 Διόπερ

2049 516 2111 555 ac
2152 511 2358 569 tempus
2386 500 2502 569 ejus
2545 502 2791 557 terminis
2832 504 2945 558 suis
2982 503 3254 571 definiret,
3283 515 3447 577 atque
3483 510 3621 566 adeo

3518 394 3625 464 934

2036 580 2183 641 illam
2225 587 2396 657 ipsam
2446 589 2856 659 suppeditaret:
2884 605 2983 644 nec
3031 600 3211 646 utrum
3254 596 3445 649 melius
3475 600 3621 652 dete-

2040 678 2220 731 riusve
2284 686 2469 743 esset,
2528 670 3197 750 inagnopere‘laboraret.
3262 682 3621 743 Providentia:

2038 782 2190 833 vero,
2235 783 2338 822 nort
2389 778 2594 822 natura:
2627 785 2820 824 munus
2856 771 2955 826 hoc
3007 782 3112 827 est.
3154 774 3308 830 Unde
3351 777 3514 831 etiam
3556 793 3619 833 ea

2038 859 2331 913 sectmdnm
2376 871 2559 913 nostra
2614 857 2928 925 commoda,
2981 862 3228 917 diversos
3280 865 3445 920 ltosce
3495 870 3622 923 vitre

2040 962 2238 1005 nOstra:
2287 951 2547 1005 terminos
2602 952 2740 1021 figit,
2789 967 2991 1022 eosque
3040 964 3095 1007 ιιι
3156 970 3335 1010 rerum
3379 959 3619 1012 omniuut

2041 1043 2366 1096 moderatori
2412 1042 2582 1094 visum
2622 1042 2750 1109 erit,
2783 1042 2891 1098 huc
2921 1043 3157 1113 illucque
3197 1048 3475 1103 transfert.
3518 1050 3618 1103 Sin

2040 1143 2217 1187 autem
2252 1133 2449 1203 aliquis
2486 1134 2552 1187 ad
2584 1134 2825 1189 ultimam
2865 1146 3203 1192 senectutem
3229 1141 3530 1207 perveniat,
3556 1155 3622 1193 eo

2040 1225 2307 1295 majorum
2353 1224 2570 1295 quidem
2625 1226 2983 1280 certaminum
3014 1228 3311 1297 periculum
3355 1230 3497 1286 erit:
3527 1229 3620 1284 sed

2039 1318 2081 1372 si
2113 1332 2233 1386 qum
2274 1317 2548 1387 pr0posita
2596 1328 2745 1383 sunt,
2792 1318 3043 1373 didicerit
3087 1334 3148 1374 ac
3177 1319 3369 1376 fecertt
3410 1323 3619 1389 omnia,

2037 1425 2366 1480 Omnemque
2398 1410 2560 1463 etiam
2593 1410 2912 1479 sapientiam
2944 1421 2996 1466 et
3026 1412 3310 1468 scientiam
3344 1425 3399 1469 et
3443 1426 3617 1470 artem

2040 1500 2091 1555 in
2130 1514 2286 1554 usum
2326 1501 2577 1555 humana:
2612 1501 2735 1556 vita:
2775 1502 3137 1557 introduxerit
3170 1525 3179 1559 :
3212 1504 3301 1558 hic
3336 1518 3621 1578 postquam

2042 1608 2146 1646 non
2188 1594 2346 1646 modo
2394 1592 2497 1648 sibi
2554 1594 2679 1663 ipsi,
2724 1608 2908 1647 verum
2946 1596 3110 1649 etiam
3161 1598 3427 1653 universa:
3457 1609 3623 1655 terra:

2040 1698 2251 1736 stuumo
2297 1693 2617 1740 ornamento
2653 1683 2862 1749 fuisset,
2895 1702 2924 1739 e
2964 1686 3098 1740 vivis
3134 1689 3478 1744 excessisset.
3513 1689 3620 1745 Ne-

2040 1789 2145 1844 que
2172 1774 2315 1828 enim
2353 1774 2593 1839 oportuit
2627 1774 2813 1829 iisdem
2851 1777 3095 1832 terminis
3122 1786 3286 1846 atque
3310 1780 3499 1849 spatiis
3533 1781 3619 1843 de,

356 1867 642 1941 βιώσονται
672 1864 807 1938 (8‘2),
843 1864 893 1918 τί
931 1863 996 1917 ἂν
1054 1860 1286 1933 ἔδρασαν
1309 1856 1365 1914 εὖ
1403 1861 1601 1924 εἰδότες
1624 1862 1698 1924 ὡς
1720 1862 1798 1925 είς
1828 1861 1930 1933 γῆ-

2036 1865 2239 1919 linitqu
2269 1864 2432 1937 645
2453 1866 2574 1919 vitae
2599 1875 2808 1935 tempus
2831 1867 3079 1925 omnibus
3110 1870 3223 1925 dari
3247 1888 3260 1923 :
3286 1872 3498 1940 quando
3516 1872 3620 1927 hoc

358 1976 456 2032 ρας
523 1956 840 2027 ἀφίξονταις
890 1954 983 2027 Μὴ
1044 1952 1101 2007 δέ
1146 1970 1231 2017 τις
1275 1951 1755 2023 φιλοχρηματείτω
1808 1969 1934 2006 παι-

354 2051 482 2105 δίων
507 2050 620 2120 (85)
683 2048 868 2109 ἕνεκα,
926 2045 1121 2116 ἄδηλον
1147 2044 1389 2115 νομίζων
1420 2045 1469 2097 εί
1519 2043 1646 2115 πρὶν
1691 2040 1784 2096 ἐπὶ
1844 2040 1935 2096 τὸν

354 2141 557 2213 κλῆρον
581 2139 777 2202 ἐλθεῖν,
806 2135 1271 2207 διαφθαρήσονται
1293 2152 1308 2166 ·
1352 2135 1445 2189 καὶ
1471 2135 1569 2206 μὲν
1591 2134 1654 2207 δὴ
1678 2134 1820 2200 Θεῖος
1842 2136 1936 2190 καὶ

353 2228 510 2297 οὗτος
539 2232 702 2302 νόμος
722 2231 776 2301 (8
788 2230 831 2299 ί)
865 2229 973 2300 πρὸ
998 2228 1099 2297 τῆς
1124 2227 1272 2299 ὥρας
1300 2226 1477 2290 ὲνίους
1507 2227 1763 2281 ἀπελθεῖν
1787 2242 1802 2257 ⁸
1841 2228 1936 2281 καὶ

356 2323 500 2393 πέρα
523 2323 649 2394 ὅρου
688 2320 879 2391 βιῶναι
912 2318 1004 2371 τὸν
1028 2318 1250 2389 ἄριστον
1278 2317 1414 2388 (85),
1446 2317 1496 2370 εί
1527 2318 1719 2390 καιρὸς
1742 2318 1932 2390 καλοίη

355 2416 450 2469 καὶ
474 2412 667 2487 χρεία(
698 2410 960 2483 Προνοίας
988 2408 1102 2480 γάρ
1127 2408 1263 2480 πρδς
1290 2408 1351 2462 τὸ
1384 2408 1546 2462 καλὸν
1569 2409 1810 2477 τιθέναι,
1840 2410 1936 2463 καὶ

355 2507 492 2579 πρὸς
515 2506 575 2559 τὸ
613 2503 900 2559 κάλλιστον
932 2502 1282 2574 μετατιθέναι
1302 2518 1316 2531 ·
1347 2503 1395 2554 εί
1423 2501 1481 2555 δὲ
1509 2502 1723 2571 παγίως
1751 2505 1778 2557 ὀ
1811 2503 1934 2574 ὄρος

354 2590 537 2668 ιδρυτο
571 2596 706 2665 (86),
760 2594 1027 2663 ἀνάγκης,
1066 2592 1128 2646 οὐ
1172 2592 1460 2664 Προνοίας,
1490 2592 1686 2647 ἐδόκει.
1723 2593 1838 2647 Νῦν
1877 2593 1934 2646 δὲ

354 2687 545 2743 τοῦτον
590 2688 654 2758 ἑᾷ
686 2684 1144 2756 παραϐαίνεσθαι,
1182 2685 1308 2748 τοὺς
1339 2684 1574 2738 συνιέναι
1603 2684 1935 2755 δυναμένους

356 2778 765 2837 ἐκδιδάσκουσα,
790 2777 872 2831 ὅτι
906 2774 1045 2847 πρὸς
1091 2774 1360 2841 ἐξουσίαν,
1389 2775 1451 2829 οὐ
1482 2775 1617 2846 πρὸς
1657 2776 1927 2847 ἀνάγκην,

357 2872 440 2934 είς
462 2870 614 2934 τάξιν
630 2869 840 2923 ἕκαστα
864 2867 1070 2939 τίθησι,
1103 2867 1196 2920 καὶ
1226 2866 1363 2937 πρὸς
1384 2867 1444 2920 τὸ
1474 2867 1749 2937 βέλτιστον
1770 2886 1936 2939 μετα-

356 2962 561 3031 τίθησι,
603 2961 693 3014 καὶ
726 2962 871 3013 κατά
904 2958 1049 3022 νοῦν,
1072 2958 1132 3011 οὐ
1156 2958 1353 3029 μάτην,
1387 2958 1479 3011 καὶ
1516 2957 1651 3031 πρὸς
1682 2959 1934 3015 διδασκα-

352 3050 494 3115 λίαν,
522 3050 583 3103 ob
619 3051 757 3121 πρδς
781 3049 902 3120 βίαν
932 3048 1146 3119 ἀφίησι,
1184 3047 1276 3100 καὶ
1304 3048 1405 3101 οὐκ
1424 3047 1640 3118 ἀφίησι.
1667 3048 1854 3101 Ταῦτα
1877 3049 1933 3103 δὲ

351 3139 657 3210 δυνάμεως,
672 3140 772 3192 οὐκ
792 3138 1096 3203 ἀσθενείας,
1118 3136 1213 3191 καὶ
1232 3136 1571 3207 ἐπιμελείας,
1593 3136 1693 3191 οὐκ
1712 3138 1930 3209 ἀργίας,

355 3232 601 3304 σύμϐολα
630 3230 871 3300 γίγνεται
884 3271 897 3285 .

2034 1959 2181 2023 dato,
2217 1972 2283 2012 eo
2320 1973 2407 2012 res
2453 1956 2855 2024 delaberentur,
2904 1970 2963 2013 ut
2994 1959 3241 2016 ltOtnines
3276 1962 3443 2017 multo
3501 1962 3620 2017 tui-

2036 2066 2137 2105 nus
2183 2050 2378 2120 pudice
2415 2051 2581 2104 vitam
2618 2060 2863 2117 agerent,
2904 2066 2967 2105 ac
3008 2053 3398 2108 continentiam
3432 2070 3605 2125 usque

2035 2142 2087 2196 in
2140 2151 2354 2197 aetatem
2399 2142 2645 2197 ultimam
2694 2141 3016 2198 differrent:
3050 2144 3250 2213 quique
3286 2146 3409 2199 dum
3455 2144 3617 2201 ﬂore-

2036 2243 2155 2289 rent
2204 2242 2390 2300 aetate,
2446 2233 2611 2288 rebus
2640 2232 2833 2288 alienis
2872 2233 2974 2289 frui
3024 2235 3464 2302 consuevissent;
3503 2236 3614 2305 jam

2035 2342 2193 2382 senes
2226 2326 2377 2391 facti,
2411 2328 2497 2381 vix
2529 2328 2652 2381 dum
2672 2328 2939 2399 justitiam
2981 2339 3280 2385 servarent.
3312 2331 3391 2386 Ac
3430 2332 3475 2386 si
3502 2332 3613 2401 jam

2034 2417 2425 2486 impudicitiam
2472 2428 2635 2487 atque
2679 2419 2962 2472 avaritiam
3022 2419 3157 2474 adeo
3204 2420 3365 2476 facile
3424 2436 3613 2491 perse-

2034 2516 2293 2578 quuntur,
2329 2524 2451 2563 cum
2481 2510 2727 2564 nesciunt
2753 2524 2923 2579 usque
2950 2509 3015 2564 ad
3049 2522 3323 2565 senectam
3360 2512 3610 2567 ultimam

2033 2614 2154 2655 sese
2204 2610 2592 2670 perventuros;
2637 2601 2787 2671 quid,
2821 2602 2864 2656 si
2912 2613 3062 2657 certe
3101 2602 3327 2668 scirent,
3371 2602 3618 2661 facturos

2038 2692 2238 2761 putes?
2266 2689 2329 2746 Et
2355 2708 2419 2747 ne
2443 2692 2563 2762 quis
2594 2692 2885 2747 liberorum
2917 2707 3138 2748 suorum
3170 2695 3341 2763 gratia
3376 2696 3615 2764 pecuniis

2032 2783 2422 2839 coacervandis
2448 2784 2690 2854 jnimium
2729 2787 2995 2851 studeret,
3042 2804 3106 2842 ac
3136 2788 3316 2858 potius
3342 2788 3612 2857 cogitaret
3652 2822 3659 2829 -

2034 2873 2299 2929 incertum
2335 2888 2473 2941 esse,
2505 2890 2569 2931 an
2598 2878 2748 2947 prius
2790 2878 3083 2946 intereant,
3117 2895 3278 2950 quam
3319 2879 3615 2935 hatredita-

2036 2974 2141 3021 tem
2188 2969 2340 3022 adire
2370 2968 2579 3039 possint
2612 2986 2625 3023 :
2657 2971 2770 3025 haec
2804 2986 3021 3041 quoque
3051 2972 3315 3026 divinitus
3360 2971 3608 3026 introdu-

2034 3067 2119 3112 cta
2157 3056 2242 3113 lex
2266 3068 2370 3125 est,
2402 3069 2459 3115 ttt
2485 3070 2609 3115 ante
2639 3071 2850 3132 tempus
2878 3078 2909 3117 e
2948 3062 3085 3118 vivis
3110 3062 3375 3117 excedant
3400 3062 3569 3131 aliqui
3596 3079 3611 3116 :

2037 3164 2099 3203 ac
2136 3165 2347 3215 rursus,
2381 3152 2424 3205 si
2458 3158 2668 3222 tempus
2693 3162 2747 3207 et
2783 3168 2869 3209 res
2903 3152 3099 3221 ferant,
3153 3154 3291 3208 ultra
3322 3155 3612 3209 terminum

1964 3220 2008 3280 C
2040 3238 2272 3305 Optimus
2302 3240 2533 3309 quisque
2564 3220 2727 3297 vivat.
2766 3242 2913 3297 Solet
2942 3220 3091 3297 enim
3126 3242 3467 3298 Providentia
3506 3257 3611 3297 non

354 3326 531 3381 solum
573 3327 710 3379 bene
743 3338 835 3379 res
877 3321 1233 3388 constituere,
1277 3334 1468 3375 verum
1537 3321 1703 3376 etiam
1746 3324 1970 3392 οριίιηθ,
2012 3341 2133 3396 qua:
2194 3332 2497 3386 constituta
2544 3334 2776 3396 fuerant,
2827 3350 3147 3404 quocunque
3178 3351 3275 3404 par
3306 3345 3411 3401 cst,
3441 3344 3612 3389 trans"

356 3420 523 3477 ferre.
556 3418 873 3474 Terminum
913 3419 1055 3471 enim
1091 3431 1192 3472 suo
1244 3415 1361 3471 loco
1389 3416 1554 3470 fixum
1606 3431 1846 3474 manere.
1907 3420 2120 3476 videtur
2155 3439 2278 3480 esse
2331 3427 2696 3493 necessitatis,
2742 3443 2850 3483 non
2912 3426 3296 3485 Providentiae.
3336 3426 3609 3482 Interdum

356 3524 565 3580 autem,
600 3522 657 3566 ut
693 3512 855 3565 fixum
930 3511 1217 3565 terminum
1267 3509 1574 3564 transiliant
1641 3510 1828 3579 aliqui,
1900 3515 2188 3581 permittit,
2259 3534 2451 3589 nempe
2493 3528 2551 3572 ut
2594 3535 2688 3575 eos
2718 3520 2807 3589 qui
2854 3520 3069 3589 ingenio
3117 3520 3321 3585 valent,
3361 3520 3607 3579 edoceat,

355 3609 533 3664 solere
585 3619 729 3668 sese,
771 3619 836 3659 ex
888 3602 1057 3657 libera
1105 3599 1337 3671 quadam
1399 3614 1462 3656 ac
1515 3600 1678 3656 nullis
1722 3601 1929 3673 legibus
2000 3607 2221 3661 astricta
2260 3618 2551 3677 potestate,
2594 3624 2698 3664 non
2767 3620 2947 3665 autem
2979 3609 3085 3664 ulla
3121 3618 3369 3665 coactam
3408 3623 3608 3666 neces-

353 3704 537 3768 sitate,
586 3702 637 3757 iu
673 3701 920 3755 ordinem
960 3706 1187 3762 rectum,
1227 3712 1347 3768 qua:
1381 3696 1537 3760 ﬁunt,
1566 3711 1781 3767 cogere,
1827 3708 1994 3769 atque
2055 3704 2122 3757 ad
2152 3704 2205 3758 id
2236 3706 2377 3773 quod
2447 3704 2709 3773 optimum
2736 3705 2826 3771 sit,
2894 3704 3192 3761 transferre
3226 3722 3240 3757 :
3302 3705 3464 3773 idque
3489 3720 3608 3774 pru-

356 3796 570 3857 denter,
594 3802 648 3848 et
676 3792 962 3849 adductam
999 3788 1180 3858 aliqua
1211 3787 1465 3843 ratione:
1495 3801 1600 3842 non
1636 3795 1837 3843 temere
1865 3798 1921 3844 et
1959 3790 2185 3857 frustra,
2212 3804 2268 3848 ut
2334 3795 2550 3857 doceat,
2606 3810 2710 3849 non
2751 3804 2809 3849 ut
2837 3804 3015 3864 cogat,
3050 3795 3130 3849 vel
3173 3794 3491 3861 concedere,
3523 3796 3607 3850 vel

359 3905 465 3943 non
504 3885 827 3943 concedere.

357 3980 541 4036 habet.

486 4051 540 4118 7)
563 4045 669 4118 QC.
696 4046 758 4118 Ρ.
783 4044 944 4118 αὐτῇ.

452 4115 542 4187 78)
568 4117 675 4187 CQ.
710 4115 770 4187 l’_.
803 4117 967 4184 ἴσχει.

425 4184 543 4270 (79)
571 4185 704 4270 Γῆν
733 4184 1171 4270 massam;an
1198 4184 1731 4270 batieltocrespectu
1751 4184 1924 4270 etiam

359 4252 801 4319 taliumariium,
838 4252 1226 4314 doctrinarum,
1257 4252 1719 4307 artificiorumaue
1741 4264 1930 4310 aucto-

358 4347 445 4386 res
470 4330 523 4383 in
545 4328 672 4381 deos
707 4323 859 4379 relati
896 4334 1021 4377 sunt
1049 4323 1365 4391 antiquitus.
1402 4320 1498 4376 BA.

428 4400 540 4472 (80)
794 4393 1261 4472 συνακμάσαντες.

449 4472 507 4523 8t
523 4476 541 4536 )
567 4466 672 4521 cc.
702 4465 767 4536 p,
790 4465 956 4534 ὲπηρ.

449 4474 541 4536 81)
567 4474 672 4521 CG.
702 4474 762 4520 Ρ.
790 4474 956 4534 επηρ.

427 4474 542 4609 (82)
579 4540 645 4609 Et
686 4534 871 4609 μέχρι
914 4532 1024 4609 (ἧς
1052 4531 1313 4609 ἐςπέίας
1362 4531 1710 4609 βιώσονται.
1742 4531 1933 4587 Cicero

356 4604 565 4666 Catone
598 4606 820 4675 Maiore,
848 4620 897 4657 c.
932 4604 996 4675 id

359 4682 431 4735 eis
459 4679 526 4731 sit
558 4672 878 4736 adolescens,
913 4674 998 4725 cui
1035 4674 1099 4726 sit
1129 4672 1457 4737 exploratum
1483 4688 1535 4724 se
1564 4672 1632 4723 ad
1666 4688 1927 4741 vesperam

357 4767 467 4804 esse
499 4746 793 4801 victurum?
824 4741 967 4797 Idem
997 4742 1092 4797 lib.
1145 4757 1205 4802 tt,
1244 4742 1318 4794 De
1359 4742 1549 4809 finibus
1572 4781 1588 4804 ,
1619 4757 1668 4795 c.
1702 4739 1780 4796 8':
1818 4739 1929 4795 Ne-

358 4820 487 4871 mini
528 4815 859 4884 exploratum
890 4822 1052 4884 potest
1091 4828 1222 4874 esse,
1258 4812 1518 4884 quomodo
1536 4812 1595 4863 se
1628 4810 1929 4864 habiturum

359 4890 425 4942 sit
465 4882 676 4948 corpus,
718 4900 820 4936 non
858 4883 976 4934 dico
1016 4884 1083 4934 ad
1120 4897 1339 4945 annum,
1384 4882 1474 4933 sed
1521 4885 1588 4932 ad
1643 4896 1926 4944 vesperum.

361 4956 648 5025 Euripides
679 4955 818 5025 apud
854 4952 1146 5025 Stobaaum,
1172 4948 1342 5005 Serm.
1382 4954 1444 5003 de
1474 4962 1656 5005 morte.
1685 4949 1781 5004 BA.

427 5021 540 5097 (83)
791 5021 1016 5097 παίᾷων.

425 5091 538 5163 (84)
569 5093 676 5163 CC.
700 5091 762 5163 ΡΑ.
800 5093 828 5143 ὁ
862 5093 1043 5163 νόμος2

427 5158 540 5237 (85)
573 5158 980 5237 Tér‘dgtoitoi'.
1006 5159 1510 5237 Vitautlongtevam
1546 5158 1820 5230 Scriptura
1845 5160 1924 5211 di-

358 5232 479 5289 vina
512 5232 731 5287 infinitis
761 5233 893 5285 locis
933 5232 1154 5300 prternio
1188 5233 1445 5284 honorum
1479 5246 1707 5300 morum
1733 5246 1928 5298 propn-

361 5307 469 5371 nit;
501 5314 555 5356 et
588 5316 683 5371 pro
711 5318 901 5368 magna
935 5299 994 5354 re
1035 5318 1223 5355 omnes
1246 5317 1372 5371 eam
1417 5310 1611 5355 vovent
1647 5299 1771 5371 sibi.
1810 5302 1924 5366 Qua

358 5377 423 5430 de
456 5369 512 5428 re
544 5369 763 5425 memini
800 5372 993 5425 veteris
1037 5382 1205 5439 poetze
1240 5370 1504 5424 Drositltei
1551 5370 1629 5423 vel
1670 5369 1920 5424 [)orotltei
1982 5434 1985 5437 _

360 5449 457 5499 ltoc
497 5444 828 5511 cpigratuuta
885 5442 1079 5509 lugere,
1129 5441 1391 5494 hactenus
1440 5440 1654 5508 quidem
1704 5439 1922 5493 ἀνέκδο-

354 5531 483 5578 τον,
536 5510 784 5580 qualibus
829 5522 1036 5564 scatent
1086 5511 1283 5564 scrinia
1336 5519 1634 5580 nostrarum
1686 5524 1845 5577 opum
1905 5528 1917 5564 :

358 5578 587 5638 Fortiter
626 5582 681 5634 in
732 5582 835 5635 vita
876 5593 1090 5633 mortem
1140 5590 1463 5633 contemnere
1498 5578 1731 5647 jactaut,
1781 5581 1921 5643 Quos

357 5656 572 5724 fortuna
599 5652 709 5706 suis
733 5650 1106 5724 pulverulentat
1140 5651 1280 5724 equis
1304 5664 1323 5703 :
1352 5649 1414 5724 rit
1456 5649 1643 5724 quibus
1670 5649 1788 5724 alba
1812 5650 1921 5724 dies

356 5718 583 5791 procedit
612 5722 819 5791 tramite.
854 5721 1009 5781 ltrta,
1051 5720 1265 5772 Dulcius
1300 5719 1520 5791 art/terea
1562 5718 1635 5769 nil
1674 5722 1770 5772 sibi
1810 5721 1923 5791 luce

359 5788 553 5849 ierunt.
602 5789 791 5844 Omnia
823 5792 910 5842 sed
933 5806 1100 5856 passm
1128 5804 1263 5842 nunc
1305 5788 1419 5854 hoc,
1458 5802 1592 5841 nunc
1612 5799 1836 5857 tempore
1869 5790 1921 5842 in

910 3882 1041 3949 Quze
1089 3897 1178 3936 res
1265 3880 1554 3952 potentite,
1615 3894 1719 3936 non
1768 3879 2205 3953 imbecillitatis,
2268 3885 2590 3952 industrios,
2665 3903 2769 3942 non
2827 3886 3086 3943 socordite
3153 3887 3603 3956 significationem

2028 4045 2159 4107 illo,
2215 4042 2492 4098 Communi
2547 4061 2763 4111 superos
2830 4062 2971 4099 mens
3021 4062 3170 4113 prece
3217 4056 3404 4099 cuncta
3450 4050 3599 4111 petit.

2032 4113 2298 4183 Quidquid
2336 4116 2392 4168 in
2427 4118 2651 4183 hospitio
2692 4121 2935 4168 sttrcettat
2992 4116 3221 4183 corporis
3255 4116 3375 4180 isto,
3418 4117 3604 4173 Sidere

2030 4184 2106 4238 vel
2136 4195 2276 4238 retro
2305 4196 2420 4238 vota
2471 4185 2668 4251 ferente
2692 4186 2868 4246 cadat,
2907 4183 3073 4238 Unius
3115 4186 3330 4238 ambitio
3377 4204 3480 4240 non
3525 4201 3599 4243 est

2028 4256 2232 4322 expleta
2264 4266 2517 4318 seneclw,‘
2563 4253 2778 4308 Centum
2810 4272 2975 4308 annos
3010 4255 3162 4307 etiam
3199 4256 3367 4319 prima
3384 4256 3601 4324 juventa

2031 4325 2190 4393 cupit.
2223 4324 2289 4375 At
2318 4326 2405 4377 cui
2434 4326 2649 4377 canities
2698 4328 2885 4386 sparsit
2909 4324 3023 4393 jam
3055 4339 3171 4376 sera
3216 4328 3454 4390 capillos,
3499 4328 3601 4382 De-

2027 4392 2212 4460 ﬁciunt
2238 4406 2345 4448 tato
2393 4411 2540 4459 quem
2569 4410 2662 4447 sua
2699 4392 2925 4448 membra
2953 4396 3139 4462 gradu,
3178 4393 3317 4448 Sena
3339 4397 3455 4449 licet
3483 4399 3601 4452 vita:

2033 4466 2261 4516 ricennia
2285 4468 2560 4527 compleat,
2590 4475 2765 4529 aptat,
2819 4466 3007 4530 Sperat
3068 4476 3116 4517 et
3163 4475 3368 4517 ttstates
3405 4468 3598 4522 addere

2028 4548 2175 4603 posse
2210 4535 2421 4597 decem;
2469 4533 2582 4603 Has
2612 4549 2813 4603 quoque
2859 4536 2903 4585 si
2931 4534 3211 4595 addiderit,
3255 4550 3459 4600 semper
3488 4538 3596 4590 sitit

1029 4620 1042 4656 :
1084 4602 1213 4667 Quis
1254 4613 1326 4653 rst
1377 4613 1481 4653 tam
1506 4602 1718 4661 stultus.
1745 4619 1929 4670 quam—
1961 4613 2004 4669 ι)
2032 4601 2244 4671 insuper
2282 4619 2475 4665 unam;
2522 4601 2667 4655 Unas
2710 4608 2763 4656 in
2798 4604 3096 4665 immensos,
3143 4604 3190 4655 si
3221 4615 3397 4671 queut,
3428 4620 3597 4659 anuus

2033 4680 2140 4726 eat.
2180 4670 2347 4726 Nemo
2401 4684 2552 4726 satur
2582 4674 2703 4725 vita:
2746 4688 2923 4724 mensa
2973 4674 3191 4724 discedit
3236 4672 3299 4723 ab
3340 4676 3477 4734 ista;
3504 4672 3599 4725 ln-

2035 4751 2219 4793 cusant
2250 4759 2424 4795 omnes
2470 4743 2604 4809 fata,
2644 4751 2883 4809 retroque
2926 4741 3121 4809 vident.
3181 4742 3249 4792 At
3287 4744 3411 4806 quia
3450 4745 3594 4795 nul'a

2035 4813 2166 4869 dies,
2197 4828 2306 4873 ars,
2337 4808 2497 4864 rirtus
2518 4852 2533 4880 ,
2565 4808 2810 4880 prorogat
2844 4813 2992 4876 istas,
3043 4808 3155 4862 Hoc
3190 4811 3395 4877 patitur
3427 4812 3596 4865 meriti

2037 4881 2209 4932 nescia
2246 4882 2345 4933 vita
2384 4882 2489 4933 sui.
2520 4879 2613 4933 ΡΑ.

2107 4950 2218 5019 (8ϋ)
2249 4950 2478 5018 Παγίως
2512 4952 2545 5003 ό
2577 4949 2716 5016 ὅρος
2747 4949 2971 5016 ἵδρυτο.
3003 4948 3155 5016 Quod
3202 4956 3444 5004 statuunt
3488 4950 3595 5004 cla-

2037 5031 2292 5090 mantque
2332 5019 2653 5090 philosophi.
2693 5019 2927 5090 __Seneca,
2972 5022 3084 5072 site
3124 5020 3245 5086 quis
3275 5020 3434 5090 alius,
3460 5019 3593 5074 Her-

2033 5088 2149 5141 cule
2186 5086 2433 5150 Furente,
2484 5089 2585 5144 188
2621 5109 2635 5143 :
2678 5087 2831 5143 Certo
2871 5090 3077 5142 veniunt
3128 5091 3310 5142 ordine
3368 5089 3591 5155 Purcte;

2034 5155 2185 5240 [γυιιὶ
2217 5160 2367 5240 iusso
2400 5175 2600 5240 cessare
2658 5159 2813 5240 licet;
2860 5156 3334 5240 Nat/inscripttt‘nt‘
3360 5161 3589 5240 proferre

2031 5226 2188 5281 diem.
2220 5226 2394 5284 Verus
2427 5230 2653 5293 Seneca,
2681 5230 2836 5281 Cons.
2883 5229 2951 5281 ad
2998 5226 3174 5283 Marc.
3196 5228 3284 5291 20,
3309 5229 3341 5283 9
3376 5247 3388 5283 :
3422 5226 3590 5283 Fia‘us

2029 5308 2102 5350 est
2133 5301 2316 5366 cuique
2351 5300 2639 5363 terminus;
2659 5300 2885 5351 manebit
2914 5313 3112 5366 semper
3142 5300 3229 5351 ubi
3267 5301 3469 5364 positus
3493 5312 3590 5365 est,

2030 5383 2120 5420 nec
2149 5370 2297 5421 illum
2330 5370 2544 5424 ulterius
2588 5369 2861 5437 diligentia
2907 5380 2998 5437 aut
3047 5369 3219 5437 gratia
3256 5370 3589 5435 promovebit.

2032 5438 2321 5511 liierocles,
2348 5441 2398 5493 in
2427 5441 2566 5511 Aur.
2595 5436 2772 5491 Carm.
2812 5455 2863 5511 ρ,
2908 5436 2976 5490 90
3014 5456 3035 5511 _:
3066 5438 3338 5511 ΓινιὶισκειΔ
3367 5440 3472 5511 γὰρ
3516 5438 3588 5511 ὡς

2022 5506 2201 5561 Θανεῖν
2232 5510 2513 5579 πέπρωται
2543 5509 2737 5571 ἅπασι,
2763 5509 2855 5561 καί
2889 5526 2969 5570 τις
2998 5507 3299 5579 ὡρισμένος
3323 5506 3587 5579 ὲστῖχρόε

2020 5595 2108 5650 νος
2142 5579 2276 5648 πρὸς
2313 5573 2576 5649 διαμονὴν
2612 5580 2723 5650 τοῖς
2766 5579 2980 5650 ονητοῖς
3023 5573 3588 5650 σώμασινίὴμῶνῖοῦ

2020 5649 2301 5719 ἐνστάντος
2337 5648 2540 5719 οὺνδεῖί
2579 5648 2955 5719 χαλεπαίνειν,
3007 5648 3121 5702 ἀλλ’
3156 5649 3231 5713 ὡς
3275 5648 3403 5719 Θείῳ
3442 5649 3586 5718 νόμῳ

2020 5718 2241 5782 ἑκόντας
2270 5718 2517 5773 ἕπεσθαι.
2546 5718 2640 5772 Bs.
