4144 6556
337 464 444 529 945

1622 464 2225 524 THEOPHRASTUS

3495 445 3600 511 946

337 579 498 628 οοντα
525 577 638 637 τοίς
687 575 915 644 καρποῖς
936 586 949 602 ⁸
983 575 1108 637 τοὺς
1137 576 1195 628 δὲ
1230 577 1400 647 μήπω
1456 576 1777 646 γενομένους
1809 573 1930 626 ὡδίο

2037 591 2246 644 qmeras
2276 594 2287 627 :
2321 589 2444 646 cum
2472 573 2516 627 is
2543 573 2656 640 ipse
2683 577 2771 639 qut
2801 579 3074 625 certamen
3100 568 3202 620 hoc
3225 562 3482 625 instituit,
3507 576 3600 614 eus

336 682 516 719 νοντα.
545 665 716 717 Ὅταν
747 664 804 717 δὲ
837 665 999 719 πάλιν
1019 667 1209 736 καιρὸς
1231 668 1367 739 καλῇ
1402 668 1538 738 (48),
1570 667 1815 720 πείθεται
1843 665 1920 735 τῷ

2037 680 2209 720 )mnes
2245 674 2511 727 accersat,
2554 666 2762 734 hocque
2797 662 2916 730 ejus
2951 661 3184 715 edictum
3225 670 3358 724 opus
3394 663 3602 708 naturae

340 755 688 825 κηρύγματι,
730 756 824 808 καὶ
871 755 1056 824 ἐξάγει
1117 759 1212 810 καὶ
1255 759 1616 827 ὑπεκφαίνει,
1649 759 1743 810 καὶ
1785 757 1922 818 ὅλως

338 847 555 908 τελέους
588 846 880 899 ἀποδίδωσι
913 849 1040 912 τοὺς
1088 851 1362 921 καρποὺς,
1411 852 1509 920 τῆς
1543 849 1824 919 δυνάμεως
1853 848 1918 901 δι’

337 931 408 1008 ἧς
436 937 496 990 τὸ
549 937 749 1007 πρῶων
778 936 891 1008 (49)
932 939 1300 1008 ἀπεγέννησεν
1332 940 1474 993 ἔνδον
1509 938 1795 1010 μενούσης,
1827 940 1921 992 καὶ

341 1028 504 1081 πάλιν
548 1028 642 1079 καὶ
691 1027 950 1090 πολλάκις
1000 1029 1108 1082 τῶν
1149 1029 1378 1099 καρπῶν
1427 1029 1688 1098 ἀφθονία·
1727 1029 1825 1100 τῆς
1859 1029 1925 1082 δὲ,

343 1118 500 1188 ῥίζης
541 1117 693 1170 οὐδὲν
727 1116 1047 1182 ἁλίσκεται,
1098 1117 1180 1170 ὅτι
1226 1117 1302 1189 μὴ
1347 1119 1441 1172 καὶ
1487 1117 1805 1188 βεϐαιοτέρα
1833 1115 1918 1184 γί-

2021 760 2204 814 statim
2247 757 2372 810 fiat?
2408 757 2605 811 Eodem
2646 754 2874 808 consilio
2913 765 3137 820 superas
3176 748 3292 802 illas
3334 755 3512 799 mente
3546 753 3602 799 et

2021 847 2370 916 intelligentia
2401 845 2654 914 prreditas
2686 842 2972 896 facultates
3001 839 3277 907 produxit.
3309 849 3485 904 neque
3510 849 3602 888 ea-

2026 953 2140 990 rum
2170 937 2300 1000 ulla,
2329 936 2596 990 undenam
2625 943 2795 998 esset,
2822 945 2947 985 ausa
2973 939 3054 983 est
3078 927 3366 981 sciscitari.
3396 923 3595 977 Eodem

2027 1028 2184 1083 modo
2215 1028 2410 1084 ccelum
2447 1027 2647 1097 pariter
2677 1039 2741 1077 ae
2771 1033 2969 1076 terram
3004 1019 3129 1074 fecit
3163 1036 3174 1071 :
3208 1029 3434 1085 quorum
3472 1014 3601 1068 illud

2025 1118 2206 1179 astris,
2250 1117 2388 1171 hanc
2429 1114 2628 1183 plantis
2671 1110 2908 1165 ornavit.
2947 1106 3111 1161 Vides
3154 1105 3318 1158 etiam
3367 1101 3599 1169 plantas,

341 1225 550 1278 γνεται.
596 1207 662 1261 Τί
708 1202 800 1261 οὖν
848 1208 929 1262 ἔτι
979 1209 1331 1280 θαυμάζομεν
1391 1211 1440 1262 εί
1497 1210 1526 1262 ὁ
1581 1207 1922 1279 Δημιουργὸς

2037 1208 2217 1263 )artim
2258 1207 2431 1261 enatis
2460 1205 2572 1274 jam
2615 1201 2878 1257 fructibus
2916 1206 3188 1268 gravatas,
3231 1193 3428 1263 partim
3469 1204 3604 1280 non-

345 1302 558 1356 ἅπαντα
585 1302 904 1371 περιείληφε
932 1301 1001 1355 τὰ
1022 1279 1287 1373 γενόμενα
1308 1303 1421 1372 (50)
1446 1303 1539 1357 καὶ
1562 1303 1630 1356 τὰ
1660 1302 1922 1373 μέλλοντα

2037 1299 2146 1352 lum
2181 1305 2333 1351 natos
2367 1295 2638 1366 parturire
2670 1311 2683 1346 :
2717 1300 2826 1346 tum
2862 1289 2952 1344 ubi
2987 1297 3199 1355 tempus
3242 1281 3440 1345 fuerit,
3477 1279 3604 1335 huic

345 1391 604 1458 ἐσεσθαι;
641 1392 871 1446 ἕκαστον
919 1393 975 1445 δὲ
1021 1389 1132 1446 οἷον
1156 1372 1331 1447 έϐέλει
1371 1396 1466 1448 κα)⁹
1497 1395 1588 1448 ὅτε
1615 1372 1880 1463 προσήκει
1903 1430 1920 1454 ,

2043 1399 2214 1441 terum
2252 1385 2429 1440 edicto
2465 1383 2712 1450 obsequi,
2750 1391 2803 1436 et
2842 1380 3004 1434 flores
3041 1375 3382 1446 protrudere,
3417 1382 3475 1429 et
3517 1372 3601 1426 vi-
3685 1384 3692 1392 '

347 1485 440 1535 καὶ
469 1482 545 1545 ὡς
575 1482 640 1536 ἀν
669 1482 932 1536 κάλλιστα
963 1482 1098 1552 ἔχοι,
1133 1483 1292 1554 σοφίᾳ
1329 1485 1423 1538 καὶ
1451 1483 1615 1554 τέχνῃ
1647 1460 1760 1553 (51)
1780 1460 1921 1552 -προ-

2037 1489 2164 1540 "ere,
2193 1484 2250 1529 et
2280 1473 2494 1528 tandem
2527 1471 2794 1541 perfectos
2824 1467 3032 1523 fructus
3062 1466 3222 1519 edere
3256 1481 3268 1516 :
3302 1464 3352 1517 vi
3386 1462 3476 1516 illa
3512 1460 3602 1514 fa-

346 1575 523 1645 φέρει.
2021 1565 2330 1634 cultateque
2351 1563 2608 1628 naturali,
2630 1576 2735 1631 qua
2760 1559 2998 1630 praedita:
3019 1559 3250 1628 primum
3279 1561 3601 1622 genuerant,

348 1665 495 1723 intus
523 1675 792 1735 manente,
821 1679 1067 1736 sepeque
1096 1676 1152 1721 et
1181 1665 1376 1720 iterum
1409 1666 1681 1720 fructuum
1748 1660 1958 1733 copiam
1998 1655 2393 1726 suppeditante,
2425 1655 2497 1708 ita
2557 1662 2616 1706 ut
2645 1652 2795 1706 radix
2827 1665 2932 1704 non
2965 1647 3121 1736 modo
3155 1662 3260 1701 non
3288 1659 3606 1736 corrumpa-

349 1764 459 1822 tur,
485 1772 670 1812 verum
695 1734 859 1812 etiam
889 1734 1095 1812 firmior
1115 1771 1180 1812 ac
1199 1755 1428 1810 validior
1449 1755 1562 1812 fiat.
1590 1754 1729 1821 Quid
1758 1752 1922 1822 igitur
1956 1747 2184 1808 mirum,
2218 1745 2263 1800 si
2332 1757 2618 1812 supremus
2647 1739 2739 1795 ille
2807 1753 2987 1794 rerum
3017 1734 3207 1802 Opifex
3226 1775 3241 1800 ,
3273 1735 3452 1790 omnia
3485 1749 3607 1803 quae

347 1861 404 1907 et
430 1852 612 1907 futura
638 1860 780 1917 sunt,
807 1861 862 1907 et
884 1850 998 1922 jam
1029 1851 1156 1906 olim
1184 1850 1351 1917 facta,
1409 1848 1953 1919 comprehendatzet
2026 1855 2216 1897 eorum
2267 1833 2726 1908 unumquodque,
2775 1833 3147 1904 qualecunque
3189 1829 3338 1897 vult,
3388 1841 3605 1900 quoque

350 1955 594 2014 tempore
619 1945 888 2012 convenit,
915 1959 1131 2014 quaque
1162 1944 1334 1999 forma
1366 1941 1788 2016 pulcherrimum
1816 1949 1922 2004 est,
1961 1944 2078 1990 arte
2105 1944 2159 1988 et
2191 1930 2454 2000 sapientia
2485 1943 2582 1984 sua
2615 1926 2856 1996 profert?

419 2037 613 2093 ΘΕΟΦ.
668 2038 829 2091 Ἀλλά
877 2038 931 2092 τί
978 2038 1178 2108 δήποτε
1226 2038 1326 2101 τὰς
1371 2039 1470 2109 μὲν
1504 2036 1670 2098 ἄλλας
1701 2033 1923 2102 λογικὰς

2096 2024 2393 2082 TllEOPll.
2435 2024 2550 2091 Qua
2591 2037 2721 2077 vero
2761 2023 2827 2077 de
2865 2037 3028 2077 causa
3070 2023 3210 2076 Deus
3246 2020 3364 2075 illas
3403 2018 3603 2074 alteras

348 2129 606 2199 δυνάμεις
632 2130 726 2182 καί
755 2144 1164 2200 προυπεστησεν
1200 2127 1313 2200 (52)
1346 2131 1374 2182 ὁ
1400 2129 1533 2192 Θεὸς
1559 2129 1654 2182 καὶ
1683 2125 1924 2198 διώρισε*

2037 2126 2215 2175 mente
2243 2125 2299 2172 et
2333 2115 2542 2170 ratione
2574 2113 2826 2185 praeditas
2861 2113 3166 2177 facultates,
3199 2123 3252 2166 et
3284 2111 3440 2166 initio
3470 2124 3601 2179 pro-

348 2220 448 2282 τὰς
479 2219 535 2274 δὲ
585 2219 692 2273 τῶν
721 2220 1024 2292 ἀνθρώπων
1071 2220 1248 2292 ψυχὰς
1279 2220 1504 2290 λογικὰς
1539 2218 1704 2282 οὖσας
1729 2217 1808 2271 ἔτι
1835 2217 1929 2270 καὶ

2037 2208 2257 2274 ereavit,
2286 2217 2340 2262 et
2371 2215 2519 2261 certo
2550 2221 2778 2261 numero
2811 2204 3051 2259 definivit
3080 2221 3095 2258 :
3129 2205 3390 2258 humanas
3420 2213 3601 2257 autem

350 2307 447 2364 νῦν
473 2309 834 2380 προϐάλλεται
853 2328 871 2376 ;

2037 2300 2265 2361 animas,
2302 2314 2422 2367 quae
2457 2308 2512 2352 et
2550 2298 2677 2367 ipsa:
2713 2297 2910 2352 mentis
2945 2305 3069 2350 sunt
3105 2304 3160 2350 et
3197 2295 3421 2349 rationis
3454 2309 3601 2349 com-

2031 2402 2209 2462 p0tes,
2241 2389 2472 2444 subinde
2501 2389 2677 2443 adhuc
2708 2386 2989 2456 producit?

422 2483 599 2538 ΑΞΙΘ.
667 2485 726 2538 '0
761 2485 964 2554 ἀγαθὸς
1011 2487 1308 2558 νομοθέτης
1352 2488 1464 2559 (55)
1514 2488 1616 2540 οὐκ
1665 2486 1929 2556 ἀναμένει

352 2576 511 2629 πάντ’
560 2575 863 2647 ἀνθρώπων
907 2579 973 2632 τά
1021 2579 1202 2650 πάθη⁶
1236 2578 1490 2633 δικαστοῦ
1523 2577 1634 2647 (54)
1681 2576 1790 2648 γὰρ
1825 2577 1927 2646 ἢδη

352 2665 512 2717 τοῦτο
540 2682 601 2733 γε
623 2682 636 2696 ·
669 2666 802 2720 ἀλλά
836 2669 994 2738 μόνον
1025 2668 1138 2738 (55)
1168 2669 1266 2739 τὴν
1301 2669 1475 2740 ἀρχὴν
1509 2666 1762 2735 γενέσθαι
1793 2683 1929 2738 προ-

353 2749 524 2817 λέγει.
565 2752 717 2804 Ἐπεὶ
750 2755 844 2805 καὶ
875 2755 973 2818 τὰς
1022 2754 1181 2819 πόας,
1214 2756 1309 2810 καὶ
1347 2757 1413 2809 τὰ
1444 2757 1614 2809 πολλὰ
1639 2757 1927 2828 φάρμακα,

355 2843 451 2894 καὶ
487 2843 656 2906 ἰάσεις
679 2843 784 2913 πρὸ
806 2844 914 2898 τῶν
939 2845 1262 2916 νοσημάτων
1280 2848 1346 2916 τῇ
1378 2849 1448 2917 γῇ
1481 2863 1678 2918 προευτ
1691 2846 1930 2916 ρεπίζειν

354 2932 590 2986 κελεύει.
641 2936 751 2987 Καὶ
794 2934 887 2988 νῦν
933 2936 1181 3006 προεῖδεν
1224 2937 1253 2990 ὁ
1285 2938 1414 3001 Θεὸς
1461 2938 1542 2991 ὅτι
1576 2939 1675 3000 τὰς
1705 2936 1931 3005 λογικὰς

354 3021 617 3094 δυνάμεις
662 3025 1039 3096 θαυμάσαντες
1084 3028 1360 3100 ἄνθρωποι
1412 3029 1681 3099 ἁνάρχους
1724 3045 1784 3080 τε
1835 3027 1930 3080 καὶ

356 3115 686 3185 ἀγεννήτους
723 3117 1066 3185 νομίσαντες,
1113 3119 1210 3171 καὶ
1256 3117 1456 3181 πολλὰς
1487 3119 1662 3188 ἀρχὰς
1703 3118 1797 3172 καὶ
1830 3133 1931 3187 μυ-

359 3205 507 3274 ρίους
554 3207 708 3269 θεοὺς
757 3207 1072 3273 ποιοῦντες,
1117 3207 1486 3279 δημοκρατίαν
1530 3209 1762 3263 ἄτακτον
1810 3207 1932 3260 ἀντὶ

355 3297 456 3366 τῆς
499 3299 840 3369 τεταγμένης
887 3299 1182 3370 μοναρχίας
1223 3300 1567 3364 είσοίσουσιν,
1619 3301 1665 3352 οἱ
1718 3298 1931 3351 καὶτὸν

2103 2479 2338 2535 AXITII.
2385 2478 2634 2549 Optimus
2669 2479 2758 2532 ille
2796 2478 3090 2548 legislator,
3134 2491 3236 2531 non
3273 2490 3462 2531 omnes
3501 2475 3602 2529 ho-

2033 2573 2237 2627 minum
2288 2575 2537 2638 morbos,
2586 2571 2712 2625 dum
2761 2578 3081 2639 erumpant,
3125 2577 3404 2635 exspectat
3444 2581 3460 2620 :
3504 2567 3606 2623 hoc

2031 2666 2172 2720 enim
2204 2674 2348 2718 esset
2377 2663 2516 2732 ejus,
2544 2661 2636 2732 qui
2666 2661 3003 2717 solummodo
3029 2659 3226 2728 judicis
3257 2657 3494 2727 fungitur
3520 2657 3605 2711 of-

2033 2756 2157 2810 ficio
2191 2773 2205 2810 :
2242 2764 2448 2809 tantum
2485 2762 2664 2807 autem
2703 2751 3024 2822 principium
3061 2761 3215 2804 ortus
3246 2763 3432 2802 eorum
3469 2762 3606 2816 prte-

2031 2848 2179 2903 dicit.
2214 2845 2346 2900 Nam
2381 2859 2434 2900 et
2464 2844 2684 2908 herbas,
2715 2853 2770 2898 et
2803 2843 2966 2897 multa
2998 2843 3312 2912 pharmaca,
3346 2849 3399 2894 et
3431 2852 3606 2891 reme-

2029 2938 2139 3004 dia,
2171 2945 2456 3006 antequam
2486 2934 2576 2989 ulli
2608 2943 2789 2989 essent
2819 2934 3014 3000 morbi,
3045 2942 3203 2989 terrae
3233 2940 3289 2984 ut
3319 2929 3604 2999 proferret,

2033 3027 2331 3083 mandavit.
2373 3027 2633 3095 Equidem
2677 3025 2922 3096 pratvidit
2967 3024 3132 3089 Deus,
3172 3023 3315 3093 quod
3357 3020 3608 3088 deinceps

2031 3119 2319 3182 accidit,ut
2340 3119 2585 3173 homines
2609 3116 2884 3186 illasipsas
2911 3116 3116 3170 ratione
3149 3112 3401 3182 przetlitas
3434 3110 3604 3165 facul-

2034 3221 2172 3266 tates
2198 3209 2481 3273 admirari,
2508 3219 2562 3264 et
2593 3207 2796 3262 nullum
2830 3208 2910 3264 sui
2943 3205 3260 3276 principium
3289 3201 3508 3266 habere,
3553 3209 3608 3253 et

2031 3313 2305 3367 nunquam
2321 3308 2474 3352 natas
2485 3297 2990 3352 esseexistimarent
3005 3313 3016 3348 :
3034 3294 3267 3362 itemque
3287 3291 3444 3345 multa
3460 3290 3611 3359 prin-

357 3387 615 3458 αίσθητὸν
647 3389 852 3459 κόσμον
879 3391 1285 3454 ἐπαινέσαντες,
1322 3393 1413 3445 καὶ
1443 3391 1500 3443 ὲν
1527 3389 1675 3461 αὐτῷ
1707 3390 1931 3453 στάντες

2037 3389 2173 3458 cipia
2195 3397 2250 3442 et
2275 3387 2584 3443 innumeros
2604 3386 2732 3440 deos
2749 3392 3072 3446 statuerent,
3102 3399 3274 3450 eoque
3293 3383 3407 3452 ipso
3424 3381 3610 3436 demo-

356 3475 490 3530 Θεὸν
519 3477 753 3547 ἄναρχον
780 3478 876 3530 καὶ
911 3479 1204 3550 ἀγέννητον
1230 3475 1368 3532 εἶναι
1397 3480 1512 3550 (56)
1535 3495 1547 3509 ·
1577 3479 1671 3532 καὶ
1705 3479 1755 3532 οί
1787 3480 1930 3532 πάνυ

360 3567 647 3639 φιλοσοφίᾳ
675 3567 1030 3639 σφριγῶντες,
1059 3572 1140 3634 είς
1164 3570 1465 3639 φαντασίαν
1490 3570 1681 3637 ἄλογον
1711 3566 1935 3635 ἐξώκει-

360 3657 477 3711 λαν.
499 3657 599 3710 Διά
615 3674 696 3710 τοι
716 3657 872 3710 τοῦτο
891 3659 990 3721 τὰς
1011 3659 1179 3728 ἡμετέ
1188 3674 1286 3731 ρας
1303 3658 1480 3730 ψυχὰς
1502 3657 1724 3725 λογικὰς
1747 3655 1806 3710 οὗ
1816 3673 1934 3721 σας,

361 3747 442 3803 ἔτι
473 3749 568 3802 καὶ
596 3748 690 3801 νῦν
723 3749 1083 3820 προϐάλλεται
1139 3751 1490 3821 παράδειγμα
1517 3750 1618 3820 τῆς
1645 3748 1809 3802 αὑτοῦ
1845 3749 1935 3801 δυ‹

362 3838 600 3907 νάμεως,
633 3841 725 3892 καὶ
754 3840 1101 3895 διδασκαλίαν
1128 3841 1234 3894 τῶν
1263 3839 1757 3910 προῦφεστηκότων
1798 3839 1932 3911 (57),

360 3929 436 3992 ὡς
480 3929 538 3994 ἐξ
581 3930 698 3993 ἐνὸς
740 3931 1084 4001 Δημιουργοῦ
1129 3933 1336 3999 πάντα,
1371 3933 1463 3985 καὶ
1496 3933 1561 3985 ὲκ
1597 3933 1728 4001 μιᾶς
1761 3931 1934 4002 ἀρχῆς

363 4022 513 4074 πᾶσα
551 4021 743 4092 λογικη
774 4023 870 4075 καὶ
897 4023 1060 4094 νοερὰ
1088 4023 1319 4093 δύναμις
1352 4023 1444 4076 κα).
1486 4023 1644 4076 οὐσία
1676 4023 1934 4094 προῆλθε,

363 4114 457 4164 καὶ
483 4114 563 4166 ὅτι
595 4113 707 4184 (58)
747 4113 962 4184 πρόεισι
996 4115 1128 4184 (59).
1173 4115 1263 4186 Μὴ
1292 4115 1631 4185 ἀπιστήσητε
1671 4115 1750 4178 είς
1791 4116 1936 4184 ὑμᾶς

364 4201 559 4266 αὐτοὺς
583 4203 779 4256 νεωστὶ
800 4205 1102 4275 φυομένους
1119 4203 1542 4268 ἀποόλέποντες,
1563 4204 1613 4258 οἳ
1649 4207 1772 4269 ταῖς
1812 4222 1939 4274 προ⁶

437 4375 549 4447 (48)
585 4379 798 4461 Κᾳιρὸς
1029 4378 1215 4435 Melius
1232 4377 1376 4461 forte
1399 4379 1616 4461 ¹καιρόν.
1649 4378 1780 4433 Nam
1813 4394 1933 4432 cum

367 4447 470 4500 hoc
494 4451 738 4516 ieiunium
772 4447 1155 4516 perfectionem
1193 4457 1248 4503 et
1279 4447 1686 4516 productionem
1737 4463 1934 4515 provo-

367 4515 649 4590 t'thDeUS.
691 4515 836 4590 Nihil
884 4530 1060 4573 tamen
1116 4515 1292 4590 muto.
1341 4517 1434 4572 BA.
1489 4517 1596 4574 Nec
1640 4520 1933 4590 quidquam

370 4585 561 4638 melius
599 4589 911 4640 mutandum
943 4590 1176 4642 videtur.
1215 4589 1370 4642 Eot'r.

439 4656 554 4727 (59)
589 4656 998 4727 Εοηβπρῶτον.

441 4725 555 4800 (ξι-1)
586 4725 663 4800 Eat
693 4725 892 4800 {10.}.
921 4726 1374 4800 hicinserendnm
1411 4727 1504 4779 καὶ
1525 4728 1592 4780 τὰ
1617 4727 1931 4800 γιγνόμενα.

441 4795 559 4930 (51ς
579 4793 686 4848 CC.
716 4795 776 4848 P.
805 4795 971 4865 Σοφίᾳ
1000 4797 1086 4848 ἀεὶ
1121 4798 1214 4850 καὶ
1246 4797 1430 4867 τέχνῃ.

444 4865 535 4928 (5'2
581 4865 687 4917 CC.
718 4865 777 4917 P.
807 4866 1018 4930 Προῦπ.

444 4865 559 4928 (52)
581 4865 687 4917 CC.
718 4865 777 4917 P.
807 4866 1018 4928 Προῦπ.

443 4935 558 5004 (55)
593 4934 697 5008 Ο(ἶί
730 4934 961 5008 P._N_op._.
989 4936 1286 5008 ἐπιστήμῃ,
1311 4936 1411 5008 ουκ
1435 4936 1716 5008 ἐμπειρίᾳ,
1741 4954 1940 5007 προγι-

371 5002 572 5125 νώσέκεέ
624 5003 734 5056 τῶν
791 5002 1097 5074 ἀνθρώπων
1132 5002 1203 5058 τᾶ
1241 5002 1435 5074 ”πάοη,
1468 5002 1571 5058 ’καὶ
1608 5002 1698 5060 ἀν.
1757 5002 1945 5063 πάντα

371 5090 470 5125 γεν
504 5089 534 5124 σ
570 5090 646 5125 αι.

371 5089 646 5142 γενεσυαι,

447 5142 560 5216 (ὅβ)
590 5141 807 5216 λιιιιόίοῑε
850 5150 934 5216 est
976 5153 1296 5216 exspectare
1325 5145 1453 5212 quid
1491 5154 1709 5200 acturus
1748 5147 1818 5201 sit
1847 5162 1944 5216 per

373 5213 553 5284 omnia
588 5213 768 5284 homo,
804 5220 857 5266 et
889 5213 960 5265 ita
997 5213 1283 5270 imminere
1312 5216 1436 5284 pejus
1466 5219 1646 5271 rebus.
1679 5219 1748 5269 At
1788 5213 1942 5270 heni-

373 5297 512 5352 guns
538 5280 817 5350 legislator
837 5291 1060 5351 peccata
1080 5284 1243 5338 etiam
1268 5280 1413 5338 illius
1444 5285 1695 5338 nonnulla
1723 5287 1938 5350 avertit,

375 5351 446 5406 ne
468 5351 599 5404 ﬁant
622 5366 882 5420 unquam,
903 5353 1242 5422 occasionem
1271 5355 1552 5408 erroribus
1575 5355 1939 5422 praecidendo,

376 5431 670 5544 atiteguam
721 5422 1020 5491 impingere
1047 5424 1100 5476 in
1132 5421 1254 5478 illos
1294 5421 1602 5479 mortalium
1631 5426 1784 5481 labor
1817 5439 1939 5495 pos-

377 5504 424 5543 ει
459 5531 472 5542 .
548 5507 598 5542 Α.

377 5504 472 5543 ειι.
503 5504 598 5543 ΒΑ.

449 5560 563 5628 (55)
737 5558 798 5613 P.
819 5559 993 5629 Μηδέ.

451 5629 568 5694 (56)
593 5628 654 5698 C.
693 5628 751 5682 P.
782 5628 927 5682 addit
966 5631 1236 5698 Ἐιρασαν.

451 5698 568 5767 (5'7)
599 5697 706 5752 CC.
739 5699 800 5752 P.
844 5697 1305 5767 Προῦιρεστώτων.

453 5767 566 5836 (58)
591 5768 698 5822 CC.
734 5767 794 5822 Ρ.
824 5769 931 5820 Καὶ
961 5769 1060 5823 ἔτι.

452 5838 568 5896 (59)
594 5838 704 5893 Καὶ
731 5839 820 5892 ὅτι
845 5839 1101 5906 πρόεισι.
1135 5837 1246 5896 Nec
1275 5839 1388 5897 hate
1419 5840 1552 5897 satis
1588 5841 1765 5897 facilia
1793 5849 1935 5896 sunt.

2030 3478 2256 3532 cratiam
2287 3475 2754 3547 quamdameﬁs
2779 3475 3137 3529 inordinatam
3168 3473 3568 3526 introducerent
3590 3508 3607 3532 ,

2031 3571 2121 3624 illa
2153 3571 2403 3625 videlicet
2433 3568 2636 3638 Optime
2670 3568 2914 3623 instituta
2948 3565 3264 3622 monarchia
3303 3563 3606 3633 repudiata.

2033 3662 2134 3727 Qui
2172 3661 2335 3715 etiam
2372 3662 2516 3717 hunc
2552 3661 2726 3730 ipsum
2763 3663 2851 3731 qui
2894 3660 3094 3715 nostris
3130 3669 3214 3714 est
3245 3656 3521 3725 expositus
3555 3664 3611 3710 et

2035 3749 2335 3819 percipitur
2363 3750 2642 3814 sensibus,
2677 3750 2932 3804 mundum
2965 3747 3160 3802 divinis
3191 3745 3438 3798 laudibus
3468 3742 3611 3797 cele-

2045 3841 2288 3904 brarunt,
2317 3849 2371 3893 et
2401 3839 2566 3895 Deum
2594 3840 2684 3910 qui
2715 3840 2784 3896 sit
2812 3839 2879 3893 ab
2905 3850 3131 3902 aeterno,
3160 3852 3256 3891 nec
3283 3850 3517 3903 unquam
3544 3850 3609 3889 ex

2041 3945 2313 4000 quoquam
2341 3941 2520 3994 natus,
2543 3946 2663 3986 esse
2686 3941 2994 3985 statuerunt
3021 3947 3036 3984 :
3064 3929 3205 3983 unde
3228 3937 3282 3980 et
3304 3926 3393 3996 qui
3419 3927 3473 3980 in
3497 3927 3610 3995 phi-

2041 4021 2285 4091 losophia
2308 4021 2595 4092 plurimum
2617 4021 2910 4091 pollebant,
2929 4020 2980 4074 in
3002 4020 3282 4089 Opiniones
3303 4034 3432 4074 sane
3452 4033 3613 4087 quam

2043 4112 2306 4168 absurdae
2335 4115 2694 4183 impegerunt.
2719 4111 2832 4179 Qua
2862 4113 2926 4166 de
2951 4126 3112 4165 causa
3147 4119 3356 4164 nostras
3384 4110 3612 4172 animas,

2042 4203 2144 4259 etsi
2180 4203 2408 4260 rationis
2440 4212 2720 4272 compotes
2752 4213 2954 4269 essent,
2993 4203 3345 4258 nihilominus
3378 4202 3617 4257 quotidie

2044 4380 2172 4437 lnde
2202 4390 2354 4454 ortas
2383 4391 2546 4454 atque
2581 4396 2650 4436 ex
2677 4395 2783 4436 uno
2804 4381 2964 4454 fonte
2995 4395 3186 4454 omnes
3221 4381 3342 4454 illas
3375 4390 3614 4454 potesta-

2045 4462 2126 4504 tes
2167 4453 2425 4506 oriundas
2458 4451 2597 4506 'esse
2619 4493 2632 4514 ,
2675 4452 2946 4506 neminem
2980 4451 3227 4506 videlicet
3262 4452 3424 4504 ullam
3463 4453 3615 4519 prin-

2040 4522 2181 4588 cipio
2219 4536 2422 4584 carere,
2477 4522 2674 4575 exinde
2721 4522 2905 4575 videre
2936 4523 3184 4589 potestis.
3234 4523 3379 4589 quod
3425 4521 3618 4572 anima:

2041 4599 2233 4670 vestrae
2277 4591 2484 4670 pariter
2519 4591 2623 4643 illis
2669 4591 2734 4643 ad
2791 4591 2962 4660 prima
3016 4591 3314 4670 pervenire
3345 4589 3616 4656 principia

2040 4659 2326 4728 cogitando
2345 4659 2585 4728 possint;
2619 4674 2751 4728 qua-
2789 4670 2990 4720 tamen,
3017 4659 3068 4711 in
3098 4661 3236 4712 hanc
3269 4660 3430 4710 vitam
3477 4673 3614 4728 cum

2044 4727 2357 4790 mittuntur,
2386 4737 2564 4781 ortum
2614 4727 2771 4781 suum
2810 4728 3056 4795 indipisci
3093 4729 3287 4794 cuique
3330 4743 3426 4780 sua
3468 4727 3618 4778 testi-

2044 4799 2279 4850 monium
2309 4797 2492 4851 dicere
2535 4798 2764 4865 cogitur.
2798 4797 3004 4850 Sensus
3052 4808 3227 4850 tamen
3275 4806 3329 4849 et
3363 4797 3451 4850 hic
3497 4809 3617 4848 esse

2043 4867 2213 4932 possit
2241 4885 2254 4920 :
2280 4880 2412 4919 neve
2433 4866 2733 4920 statueritis
2754 4866 3058 4920 inconsulto
3087 4868 3238 4934 prius
3262 4881 3383 4919 esse
3404 4865 3616 4917 animas

2041 4951 2204 5003 quam
2246 4949 2475 5003 corpora
2530 4935 2967 5002 ingrederentur,
2997 4952 3132 5002 quas
3185 4935 3442 4990 videretis
3471 4945 3617 4989 trans

2043 5005 2225 5076 omnia
2263 5003 2724 5076 immortalitatem
2759 5005 3064 5076 intelligere
3107 5020 3287 5076 posse.
3320 5035 3391 5076 -έ
3426 5003 3614 5074 Παρά-

2043 5074 2241 5144 δειγμα
2270 5073 2346 5144 μὴ
2392 5073 2724 5143 ἀπιστήσετε
2753 5075 2834 5126 ὅτι
2869 5073 3420 5142 πρόεισιζδοηιθιιιία
3449 5073 3614 5144 etiam

2046 5143 2176 5198 esse
2209 5143 2387 5213 potest
2417 5162 2432 5196 ε
2460 5144 2841 5196 documentum
2881 5144 3045 5197 etiam
3080 5161 3145 5200 ne
3171 5145 3396 5200 credere
3428 5143 3612 5198 nolitis

2043 5215 2256 5282 priores
2283 5213 2564 5283 animabus
2591 5213 2792 5283 vestris
2813 5220 3026 5283 creatas
3075 5215 3192 5270 illas
3221 5228 3343 5270 esse
3371 5222 3614 5283 potestaf

2046 5279 2126 5338 ies
2148 5324 2162 5347 ,
2192 5300 2314 5338 cum
2356 5283 2504 5350 paria
2534 5280 2717 5336 facere
2763 5282 2884 5336 illas
2942 5284 3027 5336 his
3066 5299 3222 5350 posse
3252 5279 3521 5339 videritis.
3553 5279 3615 5334 Ei

2044 5355 2120 5407 rei
2148 5353 2274 5408 data
2297 5362 2378 5407 est
2399 5353 2552 5421 origo
2575 5352 2771 5422 anima:
2793 5353 2844 5405 in
2864 5351 2966 5404 hac
2982 5367 3077 5406 sua
3099 5354 3292 5421 cuique
3311 5355 3419 5408 vita
3447 5369 3615 5422 agno-

2043 5425 2266 5478 scenda.
2305 5422 2397 5475 Vel
2441 5423 2673 5490 scriptor
2696 5421 2850 5491 ipse,
2877 5435 3032 5491 more
3063 5423 3412 5491 optimorum,
3439 5421 3616 5490 parcit

2047 5493 2210 5547 nimis
2236 5491 2503 5547 interdum
2528 5489 2740 5557 verbis;
2771 5490 2852 5543 vel
2880 5489 3109 5554 librarii,
3131 5493 3196 5547 de
3223 5489 3616 5547 consuetudine

2042 5562 2424 5630 pessimorum,
2466 5561 2769 5630 omiserunt
2813 5575 3202 5630 nonnunquam
3255 5561 3506 5616 facientia
3546 5561 3613 5614 ad

2043 5629 2328 5686 Sententia
2365 5629 2689 5684 claritatem.
2723 5629 2904 5703 Potest
2929 5643 2990 5703 et
3022 5629 3081 5684 τὸ
3110 5633 3324 5703 πρόεισι
3347 5634 3411 5685 ad
3441 5639 3612 5686 tomm

2043 5716 2278 5770 sequens
2335 5715 2545 5754 comma
2603 5701 2872 5769 protendi.
2925 5699 3165 5768 Sequere
3217 5711 3457 5758 nostram
3500 5707 3616 5754 tra-

2042 5773 2369 5826 ductionem.
2402 5769 2496 5823 BA.

2083 5782 2369 5827 ucttoncm.
2402 5782 2472 5823 ω
2485 5811 2496 5823 .

3577 5860 3636 5904 ἶλι
