4144 6584
498 418 603 486 947

1886 431 2122 492 [ΕΝΕᾹΞ
2160 434 2403 495 ϐΑΖᾹΞΙ

3671 428 3799 489 948

499 542 677 597 adhuc
711 551 880 607 creat,
919 542 1169 598 videlicet
1209 543 1465 598 indicium
1511 543 1679 614 ipsius
1719 550 1994 617 potentiae,
2032 560 2087 604 et

2205 547 2568 619 ὀπηργμέναις
2596 547 2807 610 οὐσίαις
2830 545 3030 616 ὁμοίως
3056 544 3195 616 ὑπὲρ
3224 544 3316 596 τὸν
3358 542 3588 614 οὐρανὸν
3613 541 3755 612 βαδί
3774 570 3799 579 -

498 639 879 691 documentum
901 636 1013 706 jam
1039 635 1166 689 olim
1194 644 1603 705 procreatarum
1628 636 1944 693 facultatum
1969 640 2080 695 ori-

494 726 635 797 ginis
671 744 684 780 :
721 741 882 796 quam
920 726 1002 780 hae
1039 740 1135 780 seu
1176 725 1408 790 ratione,
1441 740 1537 781 seu
1577 737 1760 784 mente
1794 738 1846 784 et
1885 730 2081 785 intelli-

495 816 677 887 gentia
716 817 954 885 praedita:
992 815 1283 870 facultates
1319 826 1373 871 et
1408 817 1745 886 substantiae,
1783 834 1849 874 ex
1888 822 2080 876 eodem

494 923 683 963 omnes
711 904 936 978 Opifice,
962 917 1126 978 atque
1149 922 1214 961 ex
1243 908 1433 963 eodem
1462 924 1650 963 omnes
1678 910 1943 979 principio
1971 920 2081 965 tra-

495 1000 646 1053 hant.
681 998 757 1050 Ae
788 997 925 1064 quod
960 996 1088 1050 hinc
1122 995 1224 1050 illa:
1255 1011 1470 1066 quoque
1504 999 1885 1067 provenerint,
1922 999 2079 1056 facile

493 1089 748 1150 credetis,
779 1087 821 1140 si
857 1089 907 1140 in
943 1101 1035 1141 vos
1065 1086 1212 1154 ipsos
1243 1100 1433 1140 recens
1463 1096 1676 1141 creatos
1710 1090 1920 1145 animos
1947 1107 2079 1145 con-

493 1176 769 1230 vertet-itis
794 1193 805 1229 :
834 1176 1030 1246 quippe
1054 1176 1143 1246 qui
1172 1175 1395 1244 perinde
1423 1186 1481 1229 ut
1510 1176 1611 1230 illa:
1632 1177 1742 1244 jam
1770 1179 1895 1233 olim
1926 1181 2080 1237 facta:

495 1267 831 1333 substantiae,
858 1282 1021 1337 supra
1051 1266 1357 1320 mortalium
1390 1282 1570 1321 rerum
1600 1284 1785 1323 curam
1814 1271 1867 1324 in
1896 1273 2068 1340 ipsum

495 1359 690 1413 caelum
727 1358 1078 1418 contenditis.
1114 1366 1276 1427 atque
1304 1357 1467 1411 etiam
1500 1359 1565 1411 ad
1600 1360 1921 1430 principium
1958 1365 2069 1432 pri-

497 1465 644 1502 mum
693 1463 864 1517 usque
913 1448 1228 1504 ascenditis.
1274 1447 1428 1514 Quod
1475 1457 1625 1504 certe
1671 1450 1721 1504 in
1772 1452 2085 1510 cmlestihus

496 1540 816 1609 corporibus
852 1540 1037 1593 itidem
1079 1539 1222 1594 fecit.
1258 1540 1441 1597 Solam
1477 1544 1619 1597 enim
1654 1561 1719 1599 ex
1755 1546 1901 1599 onmi
1938 1546 2084 1600 side-

498 1649 616 1686 rum
657 1646 884 1686 numero
919 1631 1124 1696 lunam,
1162 1632 1331 1687 voluit
1373 1633 1545 1690 lucem
1586 1650 1741 1690 suam
1784 1638 1942 1692 modo
1983 1637 2085 1691 ιιιὶ-

498 1737 665 1777 nuere
706 1733 760 1777 et
802 1723 1098 1788 remittere,
1142 1726 1301 1779 modo
1342 1736 1674 1794 restaurare,
1717 1729 1981 1797 quasique
2021 1728 2088 1782 ad

2186 638 2330 703 ζετε,
2365 640 2460 691 καὶ
2496 638 2663 709 μέχρι
2690 640 2788 709 τῆς
2818 637 3042 709 πρώτης
3072 634 3252 707 ἀρχῆς
3285 633 3634 687 ἀναϐαίνετε*
3662 625 3801 685 οἷον

2184 729 2381 799 ἀμέλει
2432 731 2535 782 κάν
2579 732 2693 793 τοῖς
2741 729 3012 799 οὐρανίοις
3051 726 3266 797 σώμασι
3315 724 3607 793 πεποίηκε.
3660 722 3800 790 Τὴν

2188 818 2420 890 σελήνην
2459 820 2629 890 μόνην
2652 818 2897 888 ἀστέρων
2926 817 3143 888 παρῆκε
3185 814 3392 883 φθίνειν
3426 812 3520 866 καὶ
3550 811 3798 878 ἀφιέναι

2185 909 2246 963 τὸ
2270 910 2408 978 φῶς,
2431 911 2528 962 κα)⁵
2551 908 2713 962 πάλιν
2738 908 3024 979 ἄρχεσθαι,
3053 906 3145 959 καὶ
3172 905 3443 975 νεωτέραν
3464 902 3793 972 γίγνεσθαιο

2184 1009 2260 1072 ὡς
2292 1008 2359 1062 ἂν
2416 1007 2584 1079 μηδὲν
2615 1006 2723 1061 τῶν
2754 1006 2868 1061 ἀνω
2905 1004 3174 1076 σωμάτων
3204 1001 3500 1071 ἀγέννητον
3537 999 3795 1067 ὑπονοή-

2186 1118 2401 1165 σαντες,
2441 1101 2535 1154 ὐπ’
2560 1099 2785 1169 ἀλογίας
2818 1116 2870 1153 τι
2897 1097 3171 1167 πάθοιμεν
3192 1112 3207 1125 ⁸
3245 1094 3436 1162 ὥσπερ
3458 1087 3550 1146 οὖν
3584 1092 3647 1143 ἐκ
3676 1086 3793 1141 τοῦ

2185 1190 2415 1260 ἐσχάτου
2446 1190 2554 1243 τῶν
2592 1189 2839 1262 ἀστέρων
2868 1188 2994 1258 ἄρτι
3026 1186 3285 1256 φανέντος
3313 1183 3407 1236 καὶ
3440 1177 3794 1251 ἀφανιζομέ-

2183 1297 2298 1347 νου,
2354 1282 2449 1334 καὶ
2490 1282 2552 1335 τὸ
2602 1281 2862 1352 ἀνωτέρω
2902 1279 3018 1351 (60)
3067 1276 3322 1346 γενέσθαι
3378 1270 3788 1340 παιδευόμεθα,

2180 1371 2354 1434 οὕτως
2392 1373 2458 1425 ὲκ
2488 1375 2587 1443 τῆς
2613 1370 2928 1434 τελευταίας
2956 1369 3183 1439 λογικῆς
3220 1365 3407 1429 οὐσίας
3439 1364 3537 1433 τῆς
3561 1361 3792 1432 ἀνθρω-

2184 1460 2349 1522 πείας
2398 1459 2579 1531 ψυχῆς
2628 1460 2825 1514 νεωστὶ
2873 1456 3339 1528 προϐαλλομένης,
3389 1454 3483 1506 καὶ
3522 1451 3622 1513 τὰς
3665 1448 3793 1518 πρὸ

2184 1552 2358 1620 αὐτῆς
2388 1551 2610 1620 λογικὰς
2647 1552 2907 1621 δυνάμεις
2938 1551 3001 1603 ὲκ
3031 1548 3124 1602 τοῦ
3158 1543 3502 1617 Δημιουργοῦ
3528 1541 3627 1613 τὴν
3668 1540 3789 1610 ἀρ-

2186 1642 2287 1713 χὴν
2312 1642 2594 1713 εἰληφέναι
2628 1643 2811 1706 καλῶς
2837 1645 2865 1696 ὁ
2894 1641 3051 1710 λόγος
3088 1640 3436 1709 κατείληφεν.
3472 1634 3635 1689 Οὐδὲν
3663 1632 3792 1704 γὰρ

2185 1736 2381 1806 ἀργὸν,
2419 1736 2542 1789 οὐδὲ
2572 1735 2851 1808 περιττὸν,
2882 1735 3003 1789 οὐδὲ
3027 1736 3202 1806 μάτην
3235 1732 3549 1805 ἐργάζεται.

493 1815 774 1883 juventam
814 1814 993 1868 denuo
1034 1814 1255 1869 reverti.
1327 1815 1529 1884 Nempe
1568 1826 1627 1872 ut
1665 1818 1969 1887 cogitarent
2009 1820 2255 1878 homines
2280 1825 2647 1895 superiorum:
2690 1824 2906 1882 illorum
2969 1839 3254 1893 corporum
3323 1820 3527 1875 nullum
3554 1827 3791 1887 prorsus

499 1921 624 1961 esse
650 1907 793 1977 quod
825 1920 929 1960 non
960 1904 1032 1959 sit
1065 1915 1269 1974 natum,
1300 1907 1512 1977 quodve
1544 1917 1730 1979 suapte
1760 1920 1953 1980 sponte
2018 1914 2247 1969 exsistat
2274 1933 2288 1970 :
2350 1917 2561 1986 hocque
2615 1917 2851 1973 absurdo
2910 1930 3097 1973 errore
3126 1915 3555 1978 abstineremus;
3587 1924 3650 1964 ac
3681 1922 3793 1978 po—

499 2001 607 2053 tius
633 2016 698 2056 ex
727 2002 910 2061 intimo
936 2008 1026 2064 illo
1051 2010 1246 2075 sidere,
1273 2013 1416 2081 quod
1442 2012 1740 2067 etiamnum
1770 2015 1930 2068 modo
1994 2017 2187 2085 magis,
2214 2018 2374 2071 modo
2404 2017 2584 2073 minus
2650 2017 2833 2074 lucere
2893 2016 3186 2078 cernimus,
3249 2010 3529 2082 superiora
3560 2017 3791 2077 quoque

500 2092 589 2148 illa
617 2092 757 2151 facta
786 2113 907 2153 esse
932 2101 1332 2172 colligeremus.
1364 2102 1565 2157 Eodem
1592 2103 1774 2166 modo,
1803 2118 1869 2159 ex
1933 2103 2114 2160 anima
2191 2106 2457 2174 humana,
2502 2107 2593 2163 illa
2629 2108 2882 2164 videlicet
2922 2107 3111 2160 ultima
3154 2120 3219 2161 ac
3258 2116 3429 2172 nuper
3460 2106 3791 2169 procreata,

499 2201 620 2255 quae
658 2190 883 2246 rationis
919 2202 1003 2247 est
1048 2195 1348 2266 particeps,
1389 2196 1552 2250 etiam
1586 2196 1702 2266 ipsa
1747 2196 2076 2263 substantia,
2118 2213 2212 2254 eas
2237 2201 2399 2255 etiam
2463 2214 2585 2271 qua:
2610 2208 2736 2255 sunt
2794 2208 2920 2254 ante
2944 2198 3118 2268 ipsam
3143 2203 3373 2260 creatae,
3403 2191 3608 2245 ratione
3637 2200 3795 2255 pra-

501 2281 644 2337 ditas
679 2281 985 2351 facultates,
1023 2302 1089 2342 ex
1128 2289 1317 2343 eodem
1358 2290 1551 2360 epilice
1591 2298 1814 2345 exet-tas
1852 2305 1993 2357 esse,
2030 2301 2088 2346 ut
2128 2291 2478 2363 colligamus,
2512 2293 2630 2364 ipsa
2696 2293 2838 2348 ratio
2872 2292 3083 2347 suadet.
3116 2288 3262 2343 Nihil
3330 2286 3473 2340 enim
3510 2283 3597 2337 ille
3630 2281 3792 2335 otio-

498 2389 642 2442 sum,
674 2376 809 2431 nihil
840 2376 1195 2448 superfluum,
1229 2380 1363 2435 nihil
1394 2381 1593 2436 frustra
1627 2381 1776 2436 facit.

573 2468 667 2523 Sin
703 2470 919 2537 demus,
950 2486 1071 2526 cum
1110 2488 1248 2528 unus
1280 2474 1440 2529 homo
1476 2474 1691 2541 fuisset,
1724 2491 1887 2530 unam
1922 2476 2086 2531 etiam

2262 2472 2325 2525 El
2355 2470 2412 2524 δὲ
2440 2471 2558 2534 ἑνὸς
2589 2470 2699 2541 (61)
2726 2471 2879 2534 ὄντος
2915 2471 3010 2523 τοῦ
3041 2467 3333 2539 ἀνθρώπου
3372 2458 3471 2537 τὴν
3519 2467 3647 2536 μίαν
3671 2463 3794 2534 ψυ-

502 2558 739 2612 animam
778 2558 890 2626 jam
938 2571 1065 2615 ante
1104 2561 1415 2628 exstitisse,
1459 2578 1659 2633 corpus
1704 2576 1884 2619 autent
1929 2566 2091 2636 longo

2205 2562 2296 2636 χὴν
2323 2563 2721 2635 προῦπάρχειν,
2748 2561 2928 2633 πολλῷ
2949 2562 2993 2614 δ’
3020 2561 3144 2614 ὐστε
3154 2578 3243 2632 ρον
3286 2560 3347 2611 τὸ
3381 2557 3540 2629 σῶμα
3571 2573 3793 2626 συμπε-

504 2660 625 2719 post
662 2660 909 2722 tempore
944 2652 1179 2707 ellietum
1215 2670 1229 2708 :
1262 2655 1436 2710 otiosa
1472 2654 1716 2726 profecto
1752 2657 1852 2711 fuit
1883 2660 2091 2723 anima,

2205 2657 2437 2711 πλᾶσθαι
2469 2656 2903 2727 φήσομεν,ἀργῆ
2934 2672 3020 2718 τις
3053 2653 3163 2723 (62)
3204 2649 3270 2723 ἦν
3306 2653 3434 2724 πρὶν
3477 2650 3793 2719 καταϐῆναι

505 2743 657 2812 prius
694 2759 857 2812 quam
896 2744 949 2799 in
986 2748 1184 2814 corpus
1221 2746 1601 2813 descenderet;
1638 2756 1693 2803 et
1731 2757 1839 2801 tam
1876 2749 1964 2802 diu
2000 2763 2094 2803 su-

2205 2749 2297 2801 καὶ
2330 2766 2393 2800 πε
2404 2747 2559 2819 ριττὴ
2582 2749 2773 2818 χρόνον
2800 2746 3053 2800 τοσοῦτον
3070 2747 3104 2816 ἡ
3131 2744 3297 2815 ψυχὴ,
3323 2743 3416 2798 καὶ
3445 2743 3545 2795 οὐκ
3580 2740 3791 2805 ἔδειξεν

507 2834 742 2905 perﬂua,
778 2850 873 2891 seu
916 2834 1117 2891 frustra
1156 2838 1407 2903 condita,
1444 2854 1544 2893 nec
1583 2840 1755 2907 potuit
1791 2839 1933 2895 vires
1967 2854 2095 2895 suas

2205 2839 2454 2909 ἐνεργείᾳ
2501 2838 2602 2909 τὴν
2644 2837 2896 2909 δύναμιν,
2923 2836 3045 2890 οὐδὲ
3082 2837 3225 2905 ἔγνω
3256 2835 3391 2905 ὅπερ
3429 2828 3573 2903 εἶχε·
3608 2831 3791 2885 ταῦτα

508 2942 787 2994 exserere,
817 2941 993 2997 neque
1019 2928 1148 2997 quid
1177 2937 1506 2998 quantumve
1531 2939 1731 2999 posset,
1764 2931 1876 2999 ipsa
1908 2931 2048 2986 scire
2077 2948 2091 2985 :

508 3034 630 3088 qua:
668 3018 882 3084 omnia,
924 3028 1209 3089 postquam
1254 3020 1613 3087 descenderit,
1654 3021 1868 3075 demum
1908 3021 2096 3090 acqui-

508 3111 603 3165 rit.
637 3110 711 3163 Ea
745 3123 904 3174 vero,
936 3124 1098 3180 quam
1128 3125 1225 3164 vos
1257 3110 1623 3180 incorruptam
1654 3125 1718 3166 ac
1749 3125 1937 3166 recens
1968 3110 2097 3167 effe—

511 3211 655 3255 ctam
706 3199 1020 3271 appellatis,
1073 3201 1246 3256 otiosa
1296 3201 1475 3270 potius
1521 3201 1623 3255 erit
1671 3216 1831 3270 quam
1885 3202 2025 3256 bona
2078 3218 2092 3255 ε

512 3292 729 3363 quando
770 3292 1017 3362 corporis
1053 3308 1209 3349 usum
1253 3293 1402 3363 prius
1442 3307 1545 3347 non
1585 3302 1668 3347 est
1705 3302 1959 3361 experta,
2003 3294 2098 3350 sed

510 3384 621 3454 jam
670 3382 902 3452 primum
952 3393 1074 3436 nata
1116 3383 1249 3436 vivit
1292 3400 1304 3434 :
1346 3381 1646 3450 cujusmodi
1694 3381 1893 3438 Bacchi
1937 3392 2098 3454 atque

518 3472 768 3530 ilerculis
795 3473 996 3530 Thebis
1032 3474 1199 3529 fuisse
1233 3473 1431 3529 ferunt.
1465 3474 1572 3529 Sed
1604 3474 1646 3529 si
1679 3491 1799 3546 qua:
1831 3477 1968 3547 apud
2002 3492 2097 3532 su-

518 3579 678 3633 peros
709 3573 865 3619 antea
890 3573 1129 3629 versata,
1156 3563 1356 3632 aliquid
1387 3564 1548 3620 isthic
1577 3565 1708 3636 egit,
1734 3577 1856 3635 post
1887 3567 1973 3621 ubi
2002 3567 2097 3622 de-

517 3656 817 3718 scenderit.
842 3670 1094 3721 vacuam,
1124 3656 1393 3710 desertam
1422 3665 1478 3711 et
1507 3656 1559 3711 in
1590 3657 1704 3711 otio
1734 3658 1916 3713 sedem
1946 3673 2097 3713 suam

2201 2932 2311 3002 γὰρ
2358 2929 2626 2984 κατιοῦσα
2676 2930 2973 2999 κερδαίνει.
3039 2928 3341 2999 Ἀργοτέρα
3392 2927 3449 2980 δὲ
3499 2924 3702 2994 μᾶλλον
3752 2925 3793 2994 ἡ

2208 3022 2438 3093 ἀρίστη,
2485 3021 2552 3093 ἣν
2584 3022 2744 3092 ὑμεῖς
2776 3020 3104 3091 ἀδιάφθορον
3131 3018 3241 3091 (6'5)
3291 3018 3387 3071 καὶ
3432 3016 3650 3086 νεοτελῆ
3680 3034 3791 3068 κα-

2200 3114 2366 3178 λεῖτε,
2408 3113 2442 3184 ἢ
2477 3113 2553 3184 μὴ
2589 3113 2857 3185 πρότερον
2897 3108 3165 3182 ἐπειράθη
3198 3108 3450 3180 σώματος
3484 3105 3616 3176 (64),
3648 3104 3795 3157 ἀλλὰ

2203 3205 2427 3278 πρώτην
2479 3206 2691 3274 γένεσιν
2724 3205 2853 3277 τῇδε
2903 3203 3166 3274 βιοτεύειο
3228 3198 3427 3273 οἷάπερ
3457 3199 3567 3269 (65)
3602 3199 3637 3269 ἠ
3687 3195 3790 3250 τοῦ

2203 3299 2462 3351 Διονύσου
2510 3298 2605 3351 καὶ
2659 3295 2993 3368 ’Ἡρακλέους
3026 3297 3083 3347 ἐν
3123 3293 3329 3365 Θήϐαις
3366 3291 3581 3359 λέγεται
3624 3288 3790 3357 γενέ⁴

2207 3390 2352 3444 σθαι.
2390 3390 2453 3443 Εἰ
2483 3389 2529 3443 δ’
2574 3388 2689 3443 ἀνω
2733 3406 2816 3452 τις
2863 3386 3197 3459 διωρισμένη
3243 3384 3382 3455 αὐτὴ
3409 3383 3519 3455 (66)
3562 3398 3794 3453 προειρ-

2204 3478 2438 3547 γάζετο,
2474 3477 2721 3549 ὕστερον,
2768 3476 2954 3548 ἐπειδὴ
2989 3476 3225 3547 κατέϐη,
3265 3473 3426 3544 κενὴν
3457 3473 3550 3526 καὶ
3579 3471 3793 3543 ἔρημον

2207 3569 2301 3621 καὶ
2333 3571 2390 3621 ὲν
2432 3568 2635 3639 ἀργείᾳ
2667 3568 2780 3638 (67)
2805 3568 2905 3637 τὴν
2932 3568 3131 3638 ἑαυτῆς
3154 3564 3339 3637 χώραν
3372 3564 3790 3619 καταλέλοιπεν.

2206 3660 2272 3712 Αἱ
2302 3659 2400 3729 μὲν
2446 3659 2556 3726 γὰρ
2603 3658 2760 3713 ἄλλαι
2799 3658 3079 3727 δυνάμεις,
3124 3658 3240 3727 ἅμα
3286 3673 3346 3710 τε
3392 3654 3663 3726 προῆλθον
3694 3653 3795 3706 καὶ

522 3746 834 3818 reliquerit,
867 3734 1090 3803 necesse
1118 3760 1220 3803 εει.
1249 3746 1494 3817 Reliqua:
1521 3748 1666 3802 enim
1698 3746 2010 3816 facultates,
2043 3757 2099 3801 ut

2206 3749 2516 3819 ἐτάχθησαν
2538 3742 2599 3801 οὐ
2632 3747 2713 3800 δεῖ
2755 3747 3026 3813 ἑκάστηνο
3059 3746 3154 3798 καὶ
3196 3746 3276 3799 ὃτι
3304 3746 3411 3814 χρὴ
3450 3745 3795 3815 λειτουργεῖν

522 3838 757 3908 primum
803 3838 1074 3907 prodiere,
1114 3849 1169 3895 et
1212 3854 1318 3909 quo
1365 3838 1483 3894 loco
1525 3838 1788 3908 Oportuit,
1829 3838 2099 3892 collocata:

2209 3839 2303 3893 καὶ
2340 3838 2608 3891 διακονεῖν
2647 3837 2741 3891 καὶ
2769 3837 3083 3905 ὑπηρετεῖν,
3112 3836 3207 3888 καὶ
3241 3833 3526 3903 φυλάττειν
3547 3850 3560 3862 ·
3594 3835 3694 3903 τὴν
3733 3833 3795 3885 δὲ

525 3939 674 3995 sunt,
715 3939 768 3984 et
809 3943 968 3984 suum
1009 3945 1237 4001 quaeque
1278 3945 1470 3985 munus
1507 3930 1661 3985 obire
1697 3938 1751 3983 et
1791 3928 2099 3982 ministrare

2209 3928 2556 3998 ἀνθρωπίνην
2603 3926 2782 3997 ψυχὴν
2834 3927 3041 3996 μακρόν
3089 3941 3213 3978 τινα
3278 3925 3467 3996 χρόνον
3512 3925 3571 3978 ἐν
3615 3925 3795 3994 ἀργίᾳ

525 4031 580 4076 et
605 4021 914 4077 subservire
937 4031 992 4077 et
1019 4036 1211 4077 curare
1237 4021 1423 4092 iussae.
1451 4021 1750 4075 Humanam
1778 4027 1955 4073 autem
1983 4018 2104 4072 ani-

608 4158 723 4231 (60)
882 4159 949 4231 _P.
982 4158 1127 4231 :l‘obc
1157 4160 1437 4231 ἀνωτέρω.

599 4228 712 4298 (61)
743 4229 847 4284 CC.
880 4228 943 4284 Ρ.
970 4229 1033 4283 Ei.
1055 4231 1099 4283 δ’
1127 4230 1269 4291 ἑνός.

603 4300 716 4372 (62)
882 4298 958 4372 ῌΡ.
989 4300 1179 4372 λ’ᾲΑργή
1214 4316 1325 4362 τις.

603 4316 716 4372 (0‘2)
752 4316 861 4356 bu.
899 4316 958 4354 ι’.
1014 4316 1179 4421 ’ΛρΣη
1214 4316 1325 4362 τις.

602 4373 715 4440 (65)
742 4369 849 4425 CC.
880 4368 939 4423 Ρ.
981 4370 1100 4440 ,Ἀδι
1145 4384 1331 4440 φορον.

608 4436 719 4514 (64)
754 4439 1068 4514 ἘπειράΑθη
1095 4436 1569 4514 σώματοςτ-ριιοά
1604 4449 1859 4514 non_essc
1891 4436 2120 4514 credent:

536 4506 664 4568 tlttitt
693 4506 855 4580 éttpra
886 4506 1155 4577 probavit,
1184 4518 1239 4560 et
1279 4507 1411 4560 nihil
1454 4510 1558 4560 huc
1600 4506 1831 4580 pertinet
1854 4508 2114 4580 ;“cliatnsi

536 4585 605 4640 de
626 4584 731 4636 alio
764 4575 926 4647 quam
982 4584 1244 4644 prmsente
1292 4591 1521 4645 corpore
1570 4578 1802 4645 ceperis.
1858 4575 1992 4628 Nam
2046 4580 2111 4630 de

540 4655 722 4723 primo
745 4648 988 4723 omnium
1012 4660 1195 4723 εει-ιιὲο
1216 4657 1320 4711 est,
1358 4656 1485 4699 ante
1515 4650 1655 4714 quod
1683 4647 1921 4699 animam
1950 4648 2115 4714 ipsam

540 4714 820 4778 exstitisse
854 4716 1109 4770 dixerint.
1138 4714 1233 4768 BA.

616 4790 739 4862 (65)_
767 4784 1213 4862 incorruptibilis
1253 4785 1461 4862 scilicet
1513 4795 1894 4862 atque_recens
1932 4786 2115 4862 facta.

2211 4017 2557 4081 καθίσαντες,
2581 4016 2677 4086 ὀψέ
2698 4034 2825 4070 ποτε
2845 4016 3116 4088 δεσμῶτιν
3131 4018 3211 4079 είς
3238 4016 3388 4087 σῆμα
3409 4015 3471 4068 τὸ
3489 4015 3647 4085 σῶμα
3672 4015 3793 4077 (68)

2215 4155 2353 4209 tiore
2407 4156 2726 4224 corporibus
2779 4155 2832 4210 vi
2894 4156 3138 4225 prmditi;
3177 4156 3272 4209 sed
3325 4154 3451 4209 illuc
3500 4168 3606 4209 non
3656 4154 3795 4225 satis

2216 4226 2380 4279 etiam
2417 4227 2687 4295 congruit.
2720 4226 2894 4291 Quam
2930 4242 3056 4280 vero
3100 4226 3509 4291 trajectionihus
3543 4224 3792 4295 macula-

2219 4305 2304 4349 tus
2337 4295 2408 4349 sit
2446 4293 2700 4350 aureolus
2732 4297 2820 4351 hic
2868 4297 3022 4361 liber,
3068 4297 3148 4349 vel
3181 4295 3454 4349 Ambrosii
3505 4293 3793 4348 translatio

2216 4366 2415 4430 docet;
2449 4374 2504 4419 ut
2538 4375 2591 4421 et
2623 4367 2676 4420 in
2721 4375 2867 4420 textu
2904 4367 3008 4420 isto
3039 4382 3143 4419 una
3176 4380 3262 4419 res
3300 4365 3572 4419 frustatim
3621 4364 3794 4418 variis

2220 4435 2355 4489 locis
2394 4436 2623 4489 intrusa.
2664 4437 2907 4491 Bacchus
2957 4448 3135 4489 autem
3166 4445 3221 4489 et
3266 4434 3542 4497 llercules,
3586 4449 3691 4487 non
3717 4433 3793 4489 ob

2220 4505 2454 4574 patriam
2484 4515 2690 4560 tantum
2722 4521 3088 4569 communem,
3119 4507 3213 4559 sed
3236 4514 3291 4559 et
3320 4506 3538 4557 virtutis
3557 4505 3794 4571 paritate

2212 4576 2367 4644 jungi
2427 4585 2671 4644 possunt.
2731 4575 3013 4631 Herculem
3065 4585 3248 4628 notum
3304 4577 3499 4628 multas
3544 4575 3794 4641 regiones

2218 4648 2661 4710 circumvectum,
2693 4658 2751 4700 ut
2779 4656 3050 4701 terrarum
3073 4644 3259 4698 orbem
3297 4644 3456 4697 malis
3483 4644 3795 4697 hominibus

2219 4726 2569 4770 exoneraret.
2625 4716 2768 4771 Idem
2825 4719 2893 4770 de
2943 4715 3153 4769 Baccho
3206 4715 3484 4769 scribitur.
3527 4714 3796 4767 Diodorus

2222 4785 2439 4840 Siculus
2469 4784 2606 4840 libro
2653 4800 2802 4847 Iv,c.
2850 4786 2887 4839 Ξ
2941 4803 2953 4838 :
3013 4784 3382 4854 Περιάγεσθαι
3421 4783 3466 4836 δ’
3509 4783 3671 4835 αὐτὸν
3698 4783 3797 4854 καὶ

542 4853 660 4916 Non
695 4853 849 4911 video
910 4865 1086 4908 tamen
1146 4870 1299 4909 nsum
1348 4853 1640 4910 verborum
1692 4858 1882 4910 horum
1932 4859 2039 4921 hic,
2071 4874 2099 4911 e

2225 4854 2591 4926 στρατόπεδον
2612 4857 2674 4909 οὐ
2710 4856 2871 4925 μόνον
2913 4853 3147 4925 ἀνδρῶν,
3182 4854 3319 4908 ἀλλά
3357 4854 3457 4926 καὶ.
3494 4853 3794 4926 γυναικῷν.

546 4928 705 4985 facile
771 4926 1103 4995 persuadear
1161 4926 1377 4980 aliunde
1414 4927 1801 4995 esseintrusa.
1847 4926 2122 4991 Dicasita,

2220 4919 2265 4995 ᾧ
2289 4919 2417 4989 τοὺς
2450 4925 2672 4995 ἀδίκους
2706 4919 2803 4979 καὶ
2849 4919 3069 4988 ἀσεϐεῖς
3116 4926 3227 4977 τῶν
3279 4919 3588 4995 ἀνθρώπων
3630 4922 3797 4976 κολὰ-

546 4990 891 5066 trattspositis
937 4996 1139 5061 verbis,
1194 4996 1477 5063 scripsisse
1526 4994 1758 5049 [Eneam
1794 5013 1807 5051 :
1838 4997 1884 5066 εί
1920 4999 1963 5050 δ’
2011 4997 2099 5050 ἀνι

2227 4990 2359 5061 ζειν.
2394 4994 2632 5066 Βληδεῤ
2658 4999 2836 5050 minus
2863 5006 3027 5049 recte.
3060 4996 3212 5066 Eutr.
3245 4995 3349 5049 CC.
3383 4990 3441 5047 Ρ.
3466 4990 3555 5066 aiat
3588 4994 3716 5065 περὶ
3741 5010 3795 5048 τ.

547 5085 635 5149 τις
703 5060 1081 5149 ξδιωρισμένη.
1116 5060 1255 5149 αὐτῇ
1306 5060 1755 5149 ’προειργάξετολ
1819 5060 2016 5149 οἷάπερ

543 5139 639 5193 τοῦ
693 5138 947 5191 Διονύσου
1000 5137 1093 5189 καὶ
1156 5136 1486 5206 Ἡρακλέους
1532 5139 1588 5188 ἐν
1640 5136 1846 5205 Θήϐαις
1898 5136 2115 5205 λέγεται

545 5208 805 5278 γενέσθαι
832 5223 847 5239 ο
882 5206 1108 5275 ὓστερον
1138 5203 1395 5278 ἐπειδὴ...
1443 5203 1647 5260 Tamen
1677 5203 1776 5261 nec
1811 5203 2117 5262 isthicido-

548 5275 683 5334 nens
751 5294 944 5333 sensus
976 5279 1201 5331 snberit.
1254 5275 1403 5330 levis
1453 5292 1584 5330 sane
1617 5277 1831 5331 soboles
1864 5277 1945 5331 ha:
2002 5282 2118 5332 dna:

549 5349 746 5403 anima:
796 5347 1072 5403 Thebanis
1119 5347 1500 5409 censebantur,
1549 5346 1680 5401 solis
1722 5362 1841 5401 eam
1891 5346 2117 5416 gloriam

550 5419 783 5488 adeptis,
825 5428 885 5472 ut
919 5419 971 5470 in
1011 5432 1074 5471 ea
1102 5418 1321 5488 civitate
1357 5419 1494 5488 deos
1541 5418 1883 5488 pepererinth
1906 5416 2121 5488 feminae

551 5486 827 5544 mortales.
859 5488 1156 5556 Sophocles
1184 5486 1322 5555 apud
1349 5487 1717 5541 Dicaearchum
1742 5488 1794 5540 in
1829 5486 1943 5540 Vita
1969 5486 2118 5556 (ἔταξε

552 5560 651 5614 eia:
691 5577 705 5613 :
733 5558 916 5627 Θήὸας
937 5550 1130 5625 ’λέγεις
1159 5550 1249 5627 μοι
1281 5557 1380 5620 τὰς
1422 5556 2021 5627 πύλαςέπταστόμους.
2047 5550 2122 5611 Οὐ

552 5629 620 5700 δὴ
657 5626 818 5701 μόνον
856 5630 1132 5681 τίκτουσιν
1164 5626 1219 5680 αἱ
1256 5626 1448 5698 θνηταὶ
1497 5626 1675 5690 θεούς.
1708 5628 1834 5701 Mihi
1871 5626 2123 5701 videntttr

556 5698 772 5754 aliutnle
804 5702 966 5754 verba
996 5701 1203 5752 intrusa
1238 5713 1380 5764 esse,
1407 5707 1459 5754 et
1491 5700 1830 5752 commodum
1882 5698 2123 5753 locandis

559 5772 733 5824 locum
769 5771 1137 5840 quaerendum.
1176 5766 1320 5823 lufra
1354 5768 1600 5821 meminit
1634 5783 1841 5828 eorum,
1874 5768 1965 5836 qui
2014 5768 2120 5823 vivi

564 5852 827 5896 terrarum
855 5842 1039 5897 orbem
1076 5847 1453 5911 peragrarunt,
1490 5847 1611 5905 post
1662 5848 1890 5893 mortem
1933 5848 2122 5907 poten~

2079 5055 2199 5121 ἀῐ)

2298 5066 2411 5136 (66)
2438 5065 2545 5120 CC.
2579 5065 2651 5136 Ρ.
2690 5067 2750 5118 Εἰ
2775 5066 2821 5119 δ’
2863 5066 2978 5119 ἄνω
3000 5065 3432 5134 τιδιωρισμένον
3448 5064 3610 5133 αὐτῇ.

2295 5134 2407 5207 (67)
2434 5136 2539 5189 CC.
2576 5134 2655 5207 Ρ.
2671 5136 2859 5207 ἀργίᾳ.

2295 5203 2551 5288 (68).
2577 5203 2747 5288 (ζῆμὰ
2776 5203 2844 5288 τὸ
2876 5204 3254 5287 σζῶμα.-Ρι³ιρ
3278 5206 3328 5259 in
3360 5204 3597 5288 Gratylo,
3692 5204 3757 5256 57
3782 5220 3796 5257 :

2225 5275 2363 5331 lien.
2392 5275 2531 5331 ἀλλὰ
2566 5275 2626 5329 τὸ
2676 5277 2814 5346 μετά
2842 5276 3001 5329 τοῦτο
3026 5275 3143 5346 πῶς
3178 5275 3369 5346 φῶμεν
3405 5276 3587 5346 ἔχειν;
3634 5275 3797 5346 Socn.

2222 5346 2466 5419 tbAotha
2482 5344 2858 5419 léyetciilen.
2882 5345 3019 5419 Ναί.
3056 5345 3215 5419 ὃοοιι.
3251 5344 3501 5415 Πολλαχῆ
3530 5362 3619 5419 μοι
3649 5344 3800 5419 δοκεῖ

2222 5415 2509 5485 τοῦτϐγε,
2542 5420 2608 5470 ἂν
2655 5417 2753 5487 μὲν
2807 5418 2903 5470 καὶ
2956 5417 3192 5486 σμικρόν
3232 5433 3317 5487 τις
3352 5415 3662 5487 παρακλίνῃ
3704 5417 3800 5487 καὶ

2226 5482 2511 5572 ,Ξάνυιιεαὶ
2530 5488 2639 5572 γιάρ
2656 5482 2811 5572 ῆμά
2833 5486 2978 5571 1τινές
2995 5482 3166 5572 φασιν
3179 5486 3313 5540 αὐτὸ
3333 5482 3472 5572 εἶνάέ
3499 5485 3599 5572 τῆς
3624 5482 3805 5572 ψυχῆς

2225 5557 2300 5620 ὡς
2329 5556 2679 5628 τεθαμμένης
2715 5556 2774 5611 ὲν
2802 5559 2879 5628 τῷ
2908 5557 3002 5610 νῦν
3025 5558 3278 5628 παρόντι,
3310 5558 3405 5610 καὶ
3435 5556 3570 5628 διότι
3587 5556 3654 5609 αὐ
3684 5558 3805 5628 τού-

2226 5575 2300 5620 ως
2329 5575 2679 5681 τευαμμενὲς
2715 5575 2774 5611 εν
2802 5575 2879 5628 τῳ
2908 5576 3002 5610 νυν
3025 5575 3103 5610 πα
3141 5575 3278 5619 οντι,
3310 5575 3405 5610 και
3435 5575 3654 5609 οιοτιαυ
3684 5575 3805 5635 τορ-

2226 5645 2304 5701 τῳ
2335 5628 2591 5701 σημαίνει
2612 5698 2625 5701 _
2683 5628 2749 5681 ἀν
2770 5629 3005 5701 σημήνῃ
3040 5575 3263 5701 atrum,
3292 5627 3386 5679 καὶ
3433 5626 3605 5697 ταύτῃ
3627 5625 3805 5701 ὀρθως

2228 5696 2717 5767 σ’ἡμακαλεῖσθαι.
2766 5696 3352 5767 υθλιιιιῖθηειιίοιιιυυβ
3397 5696 3642 5767 corporis
3692 5696 3797 5750 huc

2226 5766 2551 5827 facientibus
2575 5768 2777 5825 multas
2804 5768 2929 5824 alibi
2958 5766 3292 5840 Collegimus.
3316 5766 3415 5821 ΒΑ.
