4144 6554
369 415 474 482 953

1633 425 2259 491 THEOPHRASTUS.

3512 440 3619 505 954
3656 464 3659 466 ·

368 527 469 579 οὐκ
494 524 737 579 ἐθέλουσι
769 524 881 598 (95)
916 542 1216 601 συγχωρειν
1238 571 1254 596 ,
1287 528 1322 584 ἃ
1350 532 1459 595 τοῖς
1497 530 1711 601 σώμασι
1741 532 1939 603 ῥᾳδίως

2046 536 2369 598 servandus,
2393 538 2609 603 quando
2632 542 2775 608 quod
2802 542 2878 596 uti
2906 552 3088 613 queat,
3116 563 3222 604 non
3251 548 3370 605 ideo
3394 556 3620 620 prorsus

370 617 703 687 χαρίζονται.

2045 625 2288 679 comburi
2338 628 2528 693 possit.
2556 627 2678 682 .lam
2711 629 2989 689 Platonem
3036 643 3450 703 commendant,
3496 639 3621 693 licet

371 723 584 804 asserat
627 730 855 804 corpora
893 716 1032 772 facta
1067 717 1280 787 quidem
1316 732 1459 785 esse,
1491 733 1598 774 non
1659 728 1837 773 autem
1890 719 2113 776 dissolvi
2144 738 2161 776 :
2199 732 2390 777 contra
2451 725 2737 782 animabus
2796 730 2981 786 nolunt
3019 734 3204 800 tribui,
3237 736 3379 804 quod
3428 748 3621 802 corpo-

372 803 524 861 ribus
554 802 712 858 facile
730 805 1055 860 concedunt.

439 894 633 948 ΘΕΟΦ.
684 895 802 948 Οὐκ
848 894 997 949 ἔστιν
1044 894 1119 967 μὴ
1159 895 1280 968 οὐχὶ
1326 897 1537 962 τούτοις
1576 899 1935 955 συνέπεσθαι·

367 984 427 1038 ἓν
452 985 512 1037 δὲ
553 986 702 1054 ἡμᾶς
736 986 1128 1056 παρέδραμεν,
1163 987 1246 1040 ὅτι
1281 988 1381 1052 τὰς
1416 990 1517 1059 μὲν
1550 990 1717 1054 ἄλλας
1748 991 1940 1061 νοερᾶς

367 1076 464 1128 καὶ
501 1074 728 1144 λογικὰς
768 1074 959 1139 οὐσίας
988 1077 1171 1149 μέτρῳ
1216 1078 1501 1150 διωρίσθαι
1533 1080 1766 1151 λέγομεν
1790 1099 1805 1113 ·
1840 1082 1941 1147 τὰς

366 1166 424 1219 δὲ
462 1166 812 1236 ἀνθρωπίνας
842 1168 925 1231 είς
964 1168 1233 1240 ἀμετρίαν
1274 1170 1588 1239 ἐξάγεσθαι.
1626 1173 1690 1225 Et
1725 1173 1801 1245 μὴ
1840 1174 1940 1243 τὴν

365 1260 541 1330 αὐτὴν
571 1258 748 1330 ψυχὴν
792 1261 890 1313 ἐπὶ
923 1260 1099 1315 πολλὰ
1125 1261 1359 1333 σώματα
1402 1262 1753 1334 μεταϐαίνειν
1813 1282 1941 1321 συν·-

364 1352 648 1426 ιχώρησεν
673 1355 705 1410 ό
723 1353 901 1424 λόγος.

436 1638 615 1696 ΔΞΙΘ.
658 1639 781 1695 Τῶν
810 1641 1170 1713 ἀνθρωπίνων
1214 1643 1402 1714 ψυχῶν
1447 1642 1509 1697 τὸ
1554 1641 1757 1713 πλῆθος
1801 1642 1941 1710 πρὸς

366 1729 518 1799 ἡμᾶς
546 1732 647 1801 μὲν
670 1732 897 1803 ἄπειρον
916 1749 929 1763 ’
953 1734 1033 1803 τῷ
1060 1734 1115 1786 δὲ
1143 1732 1470 1804 Δημιουργῷ
1498 1732 1934 1803 πεπερασμένον,

2119 896 2418 954 THEOPH.
2456 896 2574 953 Non
2594 912 2881 966 possumus
2910 916 3013 956 non
3048 904 3148 958 bas
3184 907 3423 962 rationes
3442 911 3616 979 sequi.

2047 990 2154 1045 Sed
2185 1004 2347 1043 unum
2381 1004 2481 1043 nos
2519 989 2696 1044 adhuc
2724 990 2897 1061 fugit,
2933 995 3076 1060 quod
3112 1008 3232 1049 cum
3265 1008 3494 1053 caeteras
3528 1016 3617 1053 ra-

2047 1081 2196 1136 tione
2220 1088 2384 1149 alque
2415 1078 2772 1150 intelligentia
2819 1083 3073 1150 praeditas
3104 1084 3440 1142 substantias
3465 1100 3618 1144 certo

2046 1171 2280 1242 quodam
2338 1172 2498 1227 modo
2525 1185 2861 1240 nmneroqne
2903 1174 3349 1243 circumscriptae
3400 1192 3618 1232 assera—

2046 1275 2169 1314 mus
2208 1274 2224 1313 :
2264 1258 2531 1313 humanas
2550 1267 2733 1313 autem
2764 1260 2976 1314 animas
3017 1262 3248 1318 dicimus
3270 1302 3287 1330 ,
3314 1274 3468 1319 extra
3502 1281 3618 1320 mo-

2044 1354 2172 1404 dum
2223 1365 2617 1419 numerumque
2665 1364 2883 1405 omnem
2924 1354 3217 1420 provenire
3259 1372 3276 1409 :
3319 1356 3420 1410 nisi
3464 1372 3619 1411 eam-

2044 1439 2165 1493 dem
2212 1438 2449 1492 animam
2508 1437 2561 1492 in
2599 1438 2766 1493 multa
2809 1453 3038 1508 corpora
3077 1442 3441 1512 commigrare
3478 1459 3620 1501 con-

2041 1525 2322 1583 cedamus.

2111 1637 2351 1694 AXl’l‘ll.
2386 1637 2705 1691 Animarum
2753 1636 3119 1691 humanarum
3168 1639 3455 1696 multitudo
3492 1654 3618 1694 on:-

2044 1730 2150 1793 nis,
2179 1728 2335 1784 nobis
2369 1726 2586 1798 quidem
2639 1727 2695 1782 in
2738 1728 3063 1783 immensum
3100 1731 3369 1786 excrescit
3402 1749 3415 1785 :
3448 1740 3504 1784 at
3549 1746 3614 1785 ea

365 1820 557 1892 ὥσπερ
591 1823 687 1876 καὶ
728 1823 886 1876 ἄλλαι
923 1823 1034 1876 τῶν
1069 1823 1307 1891 λογικῶν
1355 1823 1554 1877 οὐσίαι.
1599 1824 1699 1886 ’Δς
1736 1823 1802 1876 σὺ
1844 1823 1942 1892 μὲν

2046 1834 2209 1890 penes
2232 1819 2408 1889 ipsum
2431 1817 2680 1886 opillcem
2706 1831 2857 1886 teque
2877 1827 2961 1873 est
2993 1818 3143 1873 flnita
3173 1834 3237 1875 ac
3258 1831 3429 1888 certa,
3457 1832 3619 1889 atque

365 1913 468 1968 οὐκ
491 1914 854 1985 ἁριθμήσεις,
899 1914 1030 1978 Θεὸς
1065 1914 1123 1967 δὲ
1169 1914 1283 1984 (96)
1320 1914 1423 1967 ὅσα
1448 1930 1507 1967 τε
1551 1912 1903 1984 περιείληφεν
1924 1950 1940 1977 ,

366 2004 502 2074 ἡμῖν
543 2003 644 2074 μὲν
680 2004 949 2074 ἀόριστα,
990 2005 1068 2073 τῷ
1096 2003 1153 2057 δὲ
1191 2004 1541 2074 περιλαϐόντι
1586 2002 1939 2074 διωρισμένα.

367 2095 480 2151 Καὶ
517 2095 679 2159 αὐτὸς
704 2096 889 2159 αὐτοῖς
928 2095 1128 2165 μέτρον
1157 2094 1369 2162 γίνεται
1398 2095 1541 2165 (97),
1574 2087 1648 2148 ὧν
1682 2093 1942 2162 περιέλα-

367 2184 466 2239 ϐεν
493 2183 626 2253 (98).
679 2185 767 2237 Ἐν
798 2184 856 2237 δὲ
888 2188 1010 2246 ταῖς
1046 2185 1236 2247 eam;
1273 2185 1366 2237 καὶ
1407 2184 1652 2250 λογικῶς
1697 2182 1941 2247 οὐσίαις,

366 2275 435 2330 οὐ
482 2275 815 2347 στενοχωρία
853 2275 914 2329 τὸ
963 2275 1203 2344 πλῆθος·
1242 2275 1300 2328 ἓν
1339 2275 1447 2345 γὰρ
1493 2274 1563 2329 τὰ
1598 2274 1816 2327 πάντα·
1847 2274 1941 2327 καὶ

366 2364 600 2421 ἕκαστον
647 2366 769 2420 ὅλον
818 2365 1106 2436 ἐπλήρωσε
1159 2364 1304 2435 (99),
1358 2365 1454 2419 καὶ
1503 2364 1683 2418 πάντα
1717 2362 1779 2417 τὸ
1820 2361 1944 2415 ὅλον

366 2454 724 2524 ὑποδέχεταιο
765 2454 859 2507 καὶ
888 2456 988 2508 οὐκ
1023 2455 1280 2526 ἐμπόδιον
1321 2453 1448 2509 ἄλλο
1486 2451 1943 2523 ἄλλῳ,“καθάπερ

365 2546 436 2601 τὰ
462 2544 627 2600 ἐνυλα
673 2545 923 2616 σώματα.
979 2546 1134 2599 Ἐπεὶ
1166 2547 1270 2600 κάν
1317 2547 1432 2608 τοῖς
1469 2547 1660 2614 φυτοῖς
1696 2543 1805 2596 τῶν
1846 2542 1941 2595 νῦν

365 2633 675 2704 λεγομένων
712 2634 911 2688 εἷδωλα
954 2634 1227 2703 φαίνεται.
1282 2633 1372 2699 Ἐξ
1411 2635 1530 2697 ἑνὸς
1577 2634 1687 2704 γὰρ
1722 2632 1941 2702 δένδρου

368 2724 724 2797 βλαστήματα
774 2726 873 2797 μὲν
910 2727 1082 2797 μυρία
1132 2728 1421 2796 τέμνεται,
1452 2725 1684 2779 ἕκαστον
1728 2723 1787 2777 δὲ
1829 2722 1941 2776 τῶν

366 2817 859 2888 ἀποτεμνομένων,
904 2816 966 2869 τὸ
1000 2818 1120 2872 ὅλον
1147 2819 1246 2888 τῆς
1287 2816 1432 2887 ζωῆς
1460 2816 1576 2886 ἔχει
1596 2834 1611 2849 ο
1651 2816 1726 2880 ὡς
1756 2818 1824 2885 τῇ
1867 2818 1939 2887 γῇ

364 2908 519 2963 δοθὲν
556 2908 874 2979 βλαστάνειν
894 2925 909 2939 ⁸
945 2910 1040 2963 καὶ
1078 2913 1177 2980 τῆς
1207 2909 1352 2979 ζωῆς
1380 2908 1442 2961 τὸ
1461 2908 1581 2961 ὅλον
1604 2906 1680 2977 τῷ
1718 2908 1940 2978 μεγάλῳ

365 2997 566 3068 δένδρῳ
615 2997 817 3068 ὁμοίως
861 2997 1255 3070 ἐμμεμένηκε·
1303 2997 1407 3062 κάξ
1453 2996 1572 3061 ἑνὸς
1622 2997 1828 3067 ἄπειρα
1868 2996 1941 3049 τὰ

365 3089 696 3161 γιγνόμενα,
732 3091 827 3143 καὶ
877 3090 934 3143 ἓν
966 3090 1143 3144 πάντα
1162 3128 1178 3155 ,
1216 3089 1313 3143 καὶ
1345 3088 1453 3142 τῶν
1493 3088 1553 3155 ἐξ
1582 3087 1747 3141 αὐτοῦ
1779 3104 1938 3156 γενο-

370 3181 547 3252 μένων
592 3181 743 3235 οὐδὲν
790 3180 867 3252 (Ι)
929 3182 1106 3234 ἐκεῖνο
1156 3180 1235 3249 (2)
1291 3178 1353 3245 ἐξ
1416 3172 1477 3233 οὗ
1535 3179 1603 3233 τὰ
1648 3180 1934 3250 γενόμενα.

366 3270 484 3327 Κᾶν
516 3272 592 3344 (5)
632 3273 711 3335 είς
747 3272 1003 3341 ἀπειρίαν
1030 3273 1163 3342 ἡμῖν
1192 3270 1504 3341 προϐαίνειν
1536 3271 1668 3342 δοκῇ
1706 3270 1807 3343 (4),
1845 3272 1938 3325 καὶ

364 3364 618 3435 ἀόριστον
650 3365 825 3418 οὐδέν.
874 3364 1018 3435 Πρὸς
1049 3364 1107 3417 δὲ
1143 3366 1391 3427 τούτοις,
1428 3365 1537 3417 πᾶν
1570 3362 1631 3427 ἐξ
1668 3364 1939 3434 ἀνομοίων

365 3453 656 3517 σύνθετον,
695 3454 871 3525 χρόνῳ
912 3454 1043 3507 ποτὲ
1074 3454 1169 3507 καὶ
1208 3453 1504 3508 διαλύεται.
1542 3454 1796 3519 Τοιοῦτος
1844 3456 1941 3511 καὶ

364 3547 394 3600 ὁ
446 3544 706 3615 αἰσθητὸς
751 3543 956 3615 κόσμος
980 3562 994 3577 ·
1038 3545 1135 3598 καὶ
1177 3538 1239 3597 οὗ
1273 3545 1342 3599 τὰ
1389 3545 1531 3617 μέρη
1567 3545 1849 3617 φθείρεται
1883 3546 1944 3613 ἐξ

364 3628 439 3692 ὧν
468 3636 530 3690 τὸ
558 3635 680 3689 ὅλον
724 3634 800 3707 (5)
820 3676 834 3700 .
872 3636 1086 3708 ἀνάγκη
1115 3635 1177 3690 τδ
1217 3637 1340 3691 ὅλον
1367 3638 1482 3701 τοῖς
1522 3637 1747 3709 μέρεσιν
1776 3637 1837 3704 ἐξ
1867 3634 1942 3693 ὧν

364 3728 649 3799 συνετέθη,
678 3727 851 3781 ταῦτα
879 3728 1190 3793 πείσεσθαι,
1224 3729 1331 3793 ἕως
1357 3730 1423 3783 ἂν
1448 3730 1509 3783 τὸ
1536 3730 1806 3785 ἀθάνατον
1843 3748 1944 3784 κα-

366 3818 548 3891 θαρῶς
576 3820 751 3874 λάόοι.
784 3821 899 3883 Πᾶς
927 3820 987 3873 δὲ
1013 3821 1202 3890 χρόνος
1235 3820 1354 3891 Θεῷ
1386 3822 1486 3892 μὲν
1528 3821 1767 3893 βραχύς’
1814 3822 1944 3893 θνη-

364 3911 477 3973 τοῖς
506 3908 564 3962 δὲ
620 3910 983 3981 μακρότατος.
1033 3910 1273 3975 Οὐκοῦν,
1327 3912 1379 3964 εί
1425 3912 1589 3983 μέχρι
1618 3912 1810 3966 τούτου
1860 3914 1938 3982 (6)

364 4000 436 4055 τὰ
470 4001 551 4070 (7)
583 3999 811 4070 σώματα
843 4000 1166 4071 διορίζεται,
1196 4001 1295 4054 οὐκ
1319 4003 1400 4064 είς
1430 4001 1690 4073 ἀπειρίαν
1713 4002 1814 4065 τὰς
1839 4002 1941 4072 ψυ-

365 4088 469 4159 χὰς
507 4089 773 4159 ἐξάγομεν
798 4106 813 4117 ·
858 4088 994 4144 ἀλλὰ
1039 4090 1300 4160 στήσεται
1327 4091 1439 4143 τῶν
1481 4091 1668 4161 ψυχῶν
1705 4093 1938 4163 ἡφορὰ,

364 4181 499 4238 ὅταν
532 4182 633 4253 στῇ
670 4179 731 4235 τὸ
756 4179 1030 4251 δεόμενον,
1061 4180 1156 4235 καὶ
1193 4180 1610 4253 ὑποδεχόμενον.
1643 4182 1807 4238 ’Ὥστε
1839 4184 1939 4254 μέ..

2045 1911 2273 1964 aliarutn
2329 1910 2591 1963 rationem
2649 1909 2963 1965 habentium
3017 1909 3471 1965 substantiarum.
3512 1914 3618 1968 Eas

2045 2002 2159 2071 ipse
2195 2001 2415 2070 quidem
2435 2002 2660 2057 minime
2687 2000 2849 2056 facile
2902 2003 3316 2056 numeraveris:
3351 2001 3495 2057 Deus
3522 2018 3619 2055 au-

2046 2104 2153 2148 tem
2180 2092 2456 2147 facillime.
2493 2092 2562 2146 Et
2595 2106 2939 2163 quaecunque
2970 2092 3086 2161 ipse
3117 2092 3616 2161 comprehenderit,

2042 2197 2105 2236 ea
2138 2182 2295 2235 nobis
2344 2182 2563 2251 quidem
2627 2182 2839 2237 inﬁnita
2884 2191 3011 2237 sunt
3071 2184 3253 2238 omnia
3288 2183 3433 2252 :ipsi
3488 2198 3621 2239 vero

2042 2274 2417 2342 complcctenti
2446 2273 2536 2328 illa
2578 2273 2687 2328 Deo
2719 2289 2943 2343 prorsus
2983 2274 3159 2329 ﬁnita.
3194 2272 3403 2344 Ilioque
3425 2286 3510 2331 est
3536 2278 3621 2330 eis

2043 2364 2257 2428 modus,
2286 2377 2447 2432 quem
2470 2362 2583 2419 vult
2613 2362 2702 2433 qui
2732 2364 3166 2431 comprehendit.
3203 2364 3257 2417 In
3284 2366 3621 2433 incorporeis

2042 2464 2223 2509 autem
2266 2466 2322 2508 et
2347 2454 2611 2509 rationem
2647 2454 2971 2509 habentibus
2987 2454 3305 2510 substantiis
3338 2455 3621 2509 multitudo

2043 2561 2151 2600 non
2184 2544 2336 2607 facit,
2367 2555 2427 2598 ut
2449 2545 2504 2598 in
2534 2544 2666 2615 ipsis
2697 2544 3018 2600 substantiis
3059 2545 3240 2614 aliqua
3273 2545 3489 2600 accidat
3519 2560 3618 2598 an-

2042 2634 2242 2703 gustia.
2276 2634 2457 2690 Unum
2507 2634 2653 2689 enim
2689 2643 2821 2689 sunt
2863 2634 3043 2688 omnia
3070 2676 3085 2698 ,
3114 2644 3169 2690 et
3199 2635 3407 2704 singula
3448 2644 3621 2687 totum

2041 2725 2261 2793 explent
2282 2764 2298 2789 ,
2328 2733 2383 2780 et
2407 2726 2591 2779 omnia
2622 2734 2793 2784 totum
2825 2726 3131 2795 suscipiunt
3156 2741 3171 2778 :
3200 2742 3298 2779 nec
3324 2725 3622 2793 impellitur

2041 2824 2133 2870 aut
2162 2817 2425 2885 premitur
2449 2815 2677 2870 alterum
2712 2818 2779 2870 ab
2806 2816 2998 2881 altero,
3024 2816 3475 2886 quemadmodum
3498 2832 3623 2869 cor-

2042 2924 2170 2979 pora
2201 2909 2304 2964 alia
2331 2910 2452 2964 aliis
2474 2909 2859 2975 impedimento
2879 2924 3001 2965 esse
3028 2918 3277 2979 possunt.
3310 2909 3445 2963 Nam
3473 2918 3527 2964 et
3556 2908 3610 2962 in

2041 2999 2261 3069 plantis,
2292 3014 2479 3055 eorum
2501 2999 2667 3070 650
2693 3014 2813 3070 quae
2829 3000 2940 3069 jam
2970 3000 3112 3054 dicta
3137 3007 3282 3064 sunt,
3300 2998 3452 3069 quasi
3477 3012 3625 3067 quae-

2042 3092 2163 3146 dam
2192 3092 2481 3147 simulacra
2510 3100 2827 3147 cernuntur.
2853 3092 3221 3161 Amputantnr
3246 3092 3391 3145 enim
3422 3104 3491 3144 ex
3514 3104 3622 3143 una

2047 3184 2226 3254 aliqua
2276 3186 2475 3239 arbore
2517 3184 2717 3239 surculi
2766 3198 2931 3253 prope
2964 3184 3267 3249 innumeri,
3305 3184 3395 3251 qui
3444 3192 3622 3236 tamen

2038 3275 2153 3345 jam
2180 3276 2441 3345 amputati
2468 3316 2483 3341 ,
2524 3277 2687 3330 vitam
2724 3276 2777 3329 in
2824 3290 2883 3329 se
2910 3283 3074 3328 totam
3112 3273 3316 3342 quique
3371 3270 3615 3325 habent:

2046 3370 2119 3422 ita
2147 3376 2207 3422 ut
2241 3376 2399 3422 terra;
2434 3367 2670 3422 mandati
2717 3367 3023 3437 germinent
3052 3404 3068 3429 ,
3098 3380 3271 3434 eoque
3300 3364 3413 3433 ipso
3436 3372 3623 3417 osten-

2044 3462 2178 3515 dant
2229 3462 2332 3516 sibi
2379 3478 2482 3517 non
2531 3463 2708 3517 minus
2738 3476 2899 3531 quam
2956 3474 3159 3528 magnae
3211 3458 3392 3512 arbori
3454 3458 3621 3509 vitam

2042 3550 2190 3603 intus
2217 3548 2476 3606 adfuisse.
2505 3552 2678 3618 Atque
2706 3565 2772 3603 ex
2806 3563 2913 3603 uno
2965 3548 3056 3601 illo
3096 3547 3335 3615 germine
3370 3546 3504 3599 liuut
3542 3546 3625 3597 in-

2042 3652 2293 3701 numera,
2325 3649 2379 3693 et
2420 3654 2586 3693 unum
2612 3638 2795 3692 omnia
2820 3678 2837 3702 ,
2867 3649 2922 3690 et
2945 3652 3133 3691 eorum
3168 3651 3287 3705 qua;
3319 3650 3384 3690 ex
3409 3649 3473 3689 eo
3494 3643 3625 3686 sunt

2042 3738 2200 3793 nata,
2224 3728 2426 3782 nullum
2461 3739 2544 3784 est
2595 3729 2647 3783 id
2689 3731 2864 3799 ipsum
2908 3745 2971 3783 ex
3006 3742 3113 3796 quo
3158 3737 3282 3779 sunt
3321 3736 3515 3779 euatze.
3543 3726 3623 3776 Ac

2042 3837 2350 3891 quanquam
2402 3823 2558 3876 nobis
2589 3822 2703 3876 hanc
2748 3822 2801 3875 itt
2850 3820 3121 3875 infinitum
3164 3817 3354 3873 deduci
3395 3818 3619 3870 videan—

2049 3921 2156 3975 tur,
2191 3922 2369 3967 tatnen
2406 3914 2674 3967 inllnitnm
2722 3927 2911 3969 eorum
2952 3920 3035 3967 est
3076 3910 3306 3965 nullum.
3334 3907 3430 3962 llis
3458 3907 3618 3970 adde,

2048 4004 2190 4072 quod
2231 4018 2351 4074 quae
2386 4019 2451 4058 ex
2505 4005 2803 4074 imparibus
2845 4002 3145 4072 composita
3184 4010 3344 4063 sunt,
3381 4010 3624 4067 tempore

2047 4108 2147 4147 suo
2169 4093 2542 4147 dissolvantur
2570 4109 2790 4149 necesse
2816 4100 2919 4148 est.
2960 4094 3135 4161 Atque
3169 4089 3431 4158 ejusmodi
3474 4106 3624 4144 mun-

2046 4185 2149 4241 dus
2194 4186 2286 4241 hic
2312 4196 2399 4242 est
2457 4186 2549 4242 oui
2574 4187 2842 4242 cernitur.
2879 4184 2936 4240 Si
2962 4183 3090 4254 quid
3128 4184 3201 4239 sit
3248 4182 3400 4252 cujus
3435 4191 3621 4253 partes

443 4385 553 4460 (95)
593 4386 651 4442 In
685 4386 865 4445 verbis
914 4387 984 4460 ab
1013 4386 1304 4444 Ambrosio
1336 4387 1706 4459 interpretatis
1742 4390 1794 4446 in
1830 4390 1935 4446 hoc
1968 4397 2011 4453 ι)
2041 4391 2366 4447 Anastasius
2414 4391 2621 4448 Sinaita
2646 4431 2662 4455 ,
2714 4391 2853 4446 linro
2905 4405 2990 4445 am
3036 4388 3237 4460 sapius
3277 4396 3575 4460 memorato
3594 4405 3619 4460 ,ε

368 4458 556 4513 codice
585 4460 897 4526 praeteritis.
921 4458 1019 4510 BA.

466 4527 556 4597 96)
578 4528 656 4583 Ex
676 4527 785 4583 CC.
808 4528 870 4583 P.
893 4529 982 4584 hic
1001 4527 1150 4583 locus
1183 4527 1264 4583 sic
1291 4528 1689 4586 restituendus:
1720 4529 1854 4594 Θεὸς
1883 4530 1943 4585 δὲ

466 4596 691 4651 θιιησεν.
724 4598 884 4651 Ὅσα.

582 4614 691 4651 σεν.
724 4598 884 4652 Ὅσα.

366 4597 691 4719 ἠρίθμησεν.
724 4598 884 4652 Ὅσα.

407 4739 414 4740 7
442 4666 496 4734 (9
535 4669 554 4740 )
594 4667 703 4740 Kal
734 4668 940 4735 αὐτοῖς
981 4671 1198 4740 μέτρον
1221 4669 1464 4740 γίνεται.
1499 4671 1636 4739 Quia
1662 4669 1944 4724 voluntate

368 4739 487 4810 eius
517 4737 770 4810 deﬁnitus
802 4749 886 4794 est
936 4737 1003 4795 iis
1047 4737 1325 4796 ttitttierus.
1362 4737 1548 4810 Itaque
1599 4741 1714 4809 ipsc
1756 4749 1839 4810 est
1876 4741 1944 4795 iis

372 4808 492 4863 loco
548 4807 798 4872 numeri,
865 4810 955 4877 qui
1000 4827 1285 4865 numerum
1356 4807 1542 4865 earum
1587 4807 1682 4863 sua
1750 4808 1945 4865 volun-

377 4890 484 4932 tate
533 4879 963 4948 comprebendit.
996 4880 1318 4936 Ambrosius
1358 4882 1522 4935 vertit
1554 4898 1569 4936 :
1611 4878 1775 4935 Nobis
1814 4881 1943 4948 qui-

372 4952 490 5002 dem
550 4947 793 5020 inﬁnito,
843 4949 943 5020 illi
971 4961 1145 5005 autem
1194 4951 1565 5016 comprehensa
1613 4947 1943 5020 atqueidefi-

374 5021 486 5091 nitu
529 5027 687 5081 sunt;
720 5018 865 5091 isque
906 5018 1013 5091 illis
1049 5020 1234 5091 modus
1280 5020 1498 5091 edicitur
1523 5018 1870 5091 quent'jgtbet‘
1900 5019 1946 5073 is

373 5088 464 5158 qui
514 5103 603 5141 eas
637 5090 1045 5158 comprehendit.
1096 5089 1226 5157 Qua:
1281 5088 1660 5158 interpretatio
1711 5089 1948 5143 deiicere

377 5157 561 5225 aliqua
591 5157 767 5227 arguit
802 5166 1003 5211 textum
1036 5170 1281 5214 nostrum
1314 5157 1587 5215 Graecum.
1621 5158 1763 5221 Non,
1790 5168 1945 5225 puto,

376 5228 669 5353 insliusBex
712 5226 859 5283 facili
898 5229 1150 5296 verteris,
1180 5245 1342 5301 quam
1372 5240 1556 5287 nostra
1582 5238 1740 5286 sonat
1771 5238 1949 5283 trans-

397 5313 424 5349 a
456 5314 527 5351 ιο.
604 5313 657 5351 Α.

397 5307 527 5351 atto.
562 5307 657 5351 ΒΑ.

448 5368 558 5441 (98)
599 5365 703 5441 90-
736 5364 792 5420 Ρ·
822 5361 1047 5441 ὧνπξρο

449 5440 562 5508 (99)
605 5438 914 5492 Ἐκαστον
957 5438 1104 5493 ὅλον
1133 5439 1418 5507 ἐπλήρωσ-

379 5509 514 5562 tioni
548 5521 657 5571 res,
692 5518 747 5562 et
798 5518 976 5561 tamen
1010 5524 1157 5563 vera.
1194 5510 1478 5577 Specimen
1512 5509 1724 5564 dederit
1768 5510 1947 5563 anima

377 5579 540 5632 etiam
567 5578 823 5642 humana,
853 5593 992 5647 quae,
1021 5594 1140 5632 cum
1186 5579 1236 5631 iu
1269 5594 1493 5646 corpore
1524 5580 1632 5643 sit,
1668 5580 1755 5634 ubi
1807 5581 1859 5633 in
1892 5593 1951 5632 30

376 5648 450 5703 sit
470 5663 574 5703 non
606 5656 781 5717 potest
803 5646 927 5711 dici,
953 5649 1050 5703 nisi
1072 5649 1221 5702 dicas
1257 5651 1397 5717 quod
1428 5658 1534 5703 tota
1564 5658 1647 5704 est
1682 5649 1735 5703 iu
1763 5659 1871 5703 toto
1900 5658 1955 5702 et

381 5728 490 5770 tuta
524 5720 707 5773 itidem
740 5719 790 5771 in
822 5718 1064 5786 quolibet
1089 5719 1206 5787 ejus
1232 5718 1382 5783 loco;
1419 5734 1523 5786 qua
1560 5733 1626 5772 ex
1662 5734 1719 5773 re
1753 5720 1947 5772 divini-

380 5788 506 5844 tatis
560 5787 859 5845 similitudo
903 5788 957 5844 in
1003 5804 1067 5845 ea
1110 5788 1413 5845 clarissime
1461 5788 1700 5858 conspici
1748 5799 1942 5858 potest.

1420 5457 1469 5494 ε.
1509 5438 1641 5493 Mira
1684 5453 1816 5495 sane
1865 5453 1953 5493 ra-

2041 4462 2311 4546 ᾉωρποιὸς
2338 4463 2454 4544 ,καὶ
2509 4460 2808 4546 συστατικὴ
2862 4461 2959 4541 καὶ
3008 4456 3621 4546 προνοητιξὴμή-ιῐξρρίῂ

2040 4532 2276 4612 ὑπαρχει
2305 4530 2405 4612 τῇς
2427 4527 2809 4612 τετραστοίχού
2837 4530 2930 4610 τοῦ
2956 4527 3209 4612 σώματος
3238 4527 3473 4595 φύσεως,
3498 4542 3603 4612 κατ

2039 4595 2225 4656 εἰκόνα
2246 4595 2495 4657 θεοῧγτοῦ
2524 4595 2889 4673 προνοητικοῦ
2922 4595 3104 4668 πάσης
3137 4599 3235 4717 vi;
3276 4595 3621 4674 estpaz'mpd-

2039 4689 2133 4717 του
2178 4672 2275 4717 καὶ
2304 4672 2405 4717 τῆς
2445 4670 2559 4717 ἄνω
2589 4671 2817 4717 κτίσεως
2836 4688 2848 4699 ·
2878 4669 3069 4717 διόπεο
3094 4667 3186 4717 οὐδ
3247 4664 3336 4716 τὸν
3364 4680 3459 4715 του
3496 4663 3620 4716 θεοῦ

2037 4689 2133 4725 του
2178 4672 2275 4725 καὶ
2304 4672 2405 4741 τῆς
2445 4670 2559 4741 ἄνω
2574 4663 2817 4732 ’κτίσεως
2836 4688 2848 4699 ·
2878 4663 3070 4741 διόπερ
3094 4663 3217 4741 οὐδὲ
3247 4664 3336 4716 τὸν
3364 4663 3620 4741 τοῦθεοῦ

2040 4743 2204 4812 τόπον
2231 4732 2478 4812 ἔγνωμεν
2502 4740 2633 4812 ἔνθα
2656 4740 2920 4812 κατοικεῖ,
2949 4732 3086 4812 ἀλλὰ
3110 4736 3269 4812 μόνον
3293 4732 3622 4812 πιστεύομεν

2045 4810 2128 4864 ὅτι
2152 4800 2329 4880 πάντη
2351 4800 2499 4865 ἐστίν
2523 4826 2538 4841 ο
2579 4809 2703 4863 οὔτε
2729 4809 2833 4880 μὴν
2859 4800 2953 4862 τόν
2970 4800 3139 4880 τόπον
3155 4804 3263 4880 ,τῆς
3286 4801 3463 4880 ψυχῆς
3493 4800 3622 4880 ἔνκθα

2047 4883 2188 4934 οἰκεῖ
2212 4882 2270 4933 ὲν
2296 4872 2512 4950 σώματι
2539 4872 2901 4949 ἐπιστάμεθα,
2932 4878 3066 4950 ene
3102 4874 3260 4950 μόνον
3288 4872 3508 4950 οίδαμλεν
3528 4873 3621 4950 ἔτι

2048 4953 2108 5023 εν
2136 4950 2216 5021 τῷ
2252 4942 2421 5023 παντὶ
2450 4942 2823 5023 σώματί-ἔστι
2865 4949 2967 5023 ’καὶ
3003 4942 3250 5023 ενεργεῖ,
3278 4949 3399 5023 οἰοῖ.
3424 4942 3495 5023 ρο
3528 4942 3619 5023 Dei

2048 5020 2154 5075 hac
2187 5012 2408 5093 ratione
2442 5012 2625 5093 videas
2671 5018 2939 5093 Xictorini
2973 5012 3205 5093 rhetoris
3251 5021 3305 5065 et
3350 5012 3620 5093 dialectici

2049 5106 2173 5145 eum
2204 5091 2397 5159 primis
2430 5090 2628 5144 nobilis
2670 5088 2841 5142 libros
2870 5096 3059 5159 contra
3082 5083 3336 5159 Arrium;
3360 5089 3423 5159 _et
3456 5079 3629 5159 Plotia

2053 5175 2183 5215 num
2206 5150 2489 5215 'Enneadis
2520 5162 2575 5228 6,
2622 5159 2717 5214 lib.
2751 5173 2801 5224 ν,
2838 5156 3096 5228 peculiari
3132 5154 3236 5208 huc
3265 5150 3489 5221 scripto.
3522 5151 3621 5207 BA.

2125 5228 2201 5301 (i)
2237 5230 2316 5301 Ex
2348 5229 2458 5301 CC.
2486 5226 2779 5299 P.'Supp.;
2805 5226 3082 5291 ἀπεοικός.

2124 5300 2199 5371 (2)
2239 5300 2342 5371 CC.
2374 5300 2435 5371 Ρ.
2463 5301 2675 5371 ἐκείνῳ.

2123 5370 2201 5441 (5)
2235 5370 2339 5426 CC.
2373 5370 2432 5441 Ι).
2469 5371 2579 5425 καί.

2126 5376 2179 5441 (5
2235 5376 2339 5426 CC.
2373 5376 2432 5424 Ρ.
2469 5376 2579 5425 καί.

2126 5376 2203 5512 (ι)
2242 5442 2345 5512 Cll.
2383 5439 2442 5512 Ρτ
2475 5440 2637 5494 δοκεῖ.

2252 5510 2325 5564 Τὰ
2367 5510 2518 5580 μέρη
2572 5513 2673 5579 φο.
2726 5509 2795 5573 ἐξ
2828 5500 2911 5581 (ἓν
2960 5509 3023 5564 τὸ
3069 5508 3238 5567 ὅλον.
3289 5504 3623 5565 Esscutiaiel

2052 5579 2236 5652 partes
2267 5579 2450 5652 dicunt
2482 5581 2813 5652 sclnulastici.
2852 5579 2946 5636 BA.

2123 5652 2200 5720 (6)
2234 5652 2341 5706 CC.
2376 5649 2438 5705 P:
2470 5649 2585 5703 τοῦ.

2123 5655 2178 5720 (6
2234 5655 2341 5706 CC.
2378 5655 2438 5705 1’:
2470 5655 2585 5703 τοῦ.

2122 5655 2200 5796 ('7)
2233 5722 2338 5779 CC.
2375 5720 2434 5777 Ρ.
2466 5722 2589 5778 add.
2624 5720 2812 5791 θνητά.
