4144 6544
312 452 418 517 957

1593 451 2207 513 THEOPHRASTUS.
3466 450 3571 515 958
3621 440 3624 444 ’

316 568 494 622 εἰπεῖν
543 562 689 637 (ΥΙ),
720 565 1102 636 ἀδαμαντίνοις
1129 565 1353 620 δέδεται.
1406 567 1465 619 Ei
1511 567 1555 620 δ’
1606 568 1665 620 ὲν
1704 566 1895 636 χιλίοτς

2004 584 2126 635 ceps
2155 582 2391 633 unquam
2435 565 2548 621 fore
2583 574 2642 619 ut
2691 565 2742 619 in
2774 566 2913 620 hanc
2942 566 3106 619 vitam
3140 564 3324 619 redeat
3352 564 3527 616 anima
3552 603 3567 625 ,

315 658 493 711 ἐτεσιν
528 656 712 721 ἅπαξ,
749 656 913 727 φησὶν
958 659 987 710 ὁ
1016 658 1109 711 τοῦ
1160 657 1417 726 Φαίδρου
1449 660 1748 729 Σωκράτης
1800 657 1899 727 τὴν

2004 659 2255 714 videlicet
2310 658 2397 711 hic
2432 659 2626 711 iterum
2657 657 2863 710 victura
2899 674 2913 710 :
2946 672 3065 711 cum
3101 657 3217 711 haec
3246 656 3424 709 omnia
3465 655 3574 708 sint

314 749 498 819 ψυχην
530 749 770 818 ἑκάστην
799 747 1012 819 σώματι
1041 751 1339 814 κοινωνεῖν,
1372 749 1467 801 κα)¹
1494 751 1574 812 είς
1604 765 1900 820 μυριοστην

2004 750 2105 819 iam
2133 759 2291 802 antea
2323 748 2601 802 confutata
2622 789 2638 812 ,
2669 747 2770 800 etsi
2800 746 3018 813 quidem
3052 745 3275 814 juvenili
3334 745 3570 814 quodam

317 839 568 912 περίοδον
614 839 723 894 τῶν
763 840 953 911 ψυχῶν
1000 840 1061 892 τὸ
1107 841 1304 913 μέτρον
1343 840 1598 911 ἐξαρκεῖν
1644 841 1897 908 λέγεται,

2009 843 2170 897 modo
2218 839 2437 911 gloriari
2483 839 2940 912 libeatkvineulis
2982 837 3340 891 adamantinis
3388 837 3567 907 ligata.

317 931 480 1000 ἡμεῖς
532 929 830 983 ἐλαττόνων
863 929 1049 1000 ψυχῶν
1091 929 1417 999 δεησόμεθα.
1451 931 1525 983 Ού
1554 931 1661 1001 γὰρ
1705 933 1783 993 εἰς
1811 947 1901 982 το-

2004 930 2115 985 lam
2167 933 2209 986 si
2248 930 2391 984 mille
2430 930 2589 983 annis
2642 928 2809 983 semel
2845 928 2942 995 (ut
2990 928 3067 980 ait
3110 928 3162 979 in
3212 925 3437 979 Plio:er
3470 926 3572 979 So-

320 1018 511 1072 σοῦτον
543 1020 734 1090 χρόνον
768 1019 838 1072 τὰ
875 1019 1046 1090 θνητά
1077 1019 1306 1090 σώματά
1352 1037 1534 1091 φαμεν
1571 1020 1896 1092 παρατείνε-

318 1111 476 1164 σθαι·
506 1110 647 1164 ὥστε
679 1113 810 1181 παρ’
833 1111 955 1182 ἐμοὶ
986 1112 1185 1183 μᾶλλον
1218 1112 1251 1166 ἢ
1289 1113 1441 1166 παρὰ
1465 1112 1548 1165 σοὶ
1585 1113 1770 1175 μέτοω
1794 1114 1894 1175 τὰς

314 1201 499 1271 ψυχὰς
529 1202 879 1273 διορίζεσθαι.

2002 1020 2236 1091 crates)
2306 1032 2645 1088 unaquaeque
2703 1017 2884 1071 anima
2941 1015 3384 1070 consuetudinem
3452 1031 3573 1069 cum

2001 1125 2228 1179 corpore
2282 1110 2502 1173 habeat,
2556 1108 2603 1163 ei
2655 1108 2706 1161 in
2764 1107 2949 1163 decem
3013 1106 3242 1159 millium
3307 1121 3573 1159 annorum

1999 1203 2262 1256 ambitum
2314 1201 2506 1256 modus
2572 1200 2873 1253 animarum
2950 1199 3196 1252 sullicere
3251 1206 3521 1250 statuatur
3555 1235 3572 1260 ,

319 1308 421 1348 nos
479 1293 638 1362 longe
696 1296 905 1349 minore
957 1310 1183 1348 numero
1258 1296 1563 1349 animarum
1621 1293 1922 1362 egebimus.
1962 1290 2150 1361 Neque
2183 1291 2325 1345 enim
2366 1290 2418 1344 in
2466 1298 2575 1343 tam
2659 1289 2873 1357 longum
2923 1298 3131 1357 tempus
3174 1287 3418 1341 mortalia
3457 1303 3575 1342 cor-

320 1402 453 1455 pora
492 1388 716 1457 produci
761 1388 861 1457 ipsi
906 1389 1215 1443 statuimus.
1281 1391 1399 1457 Quo
1438 1391 1494 1444 lit
1545 1398 1603 1443 ut
1647 1382 1778 1442 mihi
1824 1387 2028 1456 potius
2068 1386 2372 1440 animarum
2440 1398 2722 1439 numerum
2754 1393 2918 1453 atque
2977 1384 3192 1437 modum
3230 1382 3439 1436 finitum
3467 1393 3579 1436 sta-

323 1470 492 1535 tuenti
520 1519 535 1545 ,
567 1494 730 1551 quam
773 1482 867 1535 tibi
899 1481 1170 1537 diversum
1212 1484 1568 1551 existimanti,
1602 1484 1672 1539 sit
1700 1483 2132 1538 assentiendum.

387 1591 583 1646 ΘΕΟΦ.
634 1593 826 1662 Ψυχῆς
876 1594 975 1664 μὲν
1028 1589 1123 1649 οὖν
1152 1596 1303 1667 ¹πέρι
1352 1596 1503 1650 οὐδὲν
1534 1596 1889 1666 ἀμφισϐήτη-

322 1700 409 1736 σιν
459 1683 572 1754 (28)
620 1684 934 1749 ἀπολείπεις
979 1687 1093 1755 (29)
1119 1705 1134 1719 ο
1182 1687 1285 1741 οἴει
1313 1688 1372 1741 δὲ
1408 1689 1504 1742 κσι)⁵
1544 1687 1639 1741 τὸν
1684 1688 1893 1758 κόσμον

320 1774 498 1845 χρόνῳ
525 1775 655 1828 ποτὲ
680 1774 1024 1843 διαλύεσθαι;

2068 1580 2366 1651 ΤΙΙΕΟΡΗ.
2403 1596 2477 1649 De
2498 1597 2680 1651 anima
2713 1595 2931 1666 quidem
2960 1595 3162 1648 nullum
3197 1595 3327 1648 mihi
3352 1593 3573 1648 dubium

1998 1684 2423 1755 reliquisti;sed
2471 1695 2627 1753 putas
2657 1699 2723 1739 ne
2755 1682 2870 1738 fore
2908 1681 3196 1749 aliquando
3242 1690 3300 1733 ut
3346 1683 3578 1732 mundus

1998 1776 2091 1831 hic
2120 1776 2449 1832 dissolvatur
2474 1776 2498 1830 ?

389 1884 567 1942 ΑΞΙΘ.
617 1887 791 1960 Εἴπερ
817 1889 1001 1943 ἔνυλον
1050 1890 1306 1961 γέγονεν,
1344 1886 1390 1946 ὧ
1423 1893 1647 1964 ἑταῖρε,
1681 1891 1777 1946 καὶ
1821 1888 1895 1960 μὴ

2067 1888 2303 1944 ΑΧΙἸἮ.
2332 1889 2425 1944 Sic
2461 1903 2594 1944 sane
2621 1906 2637 1941 :
2675 1886 2726 1941 id
2752 1886 2919 1949 enim,
2953 1899 3076 1938 cum
3105 1882 3339 1937 mundus
3369 1880 3483 1949 ipse
3505 1887 3576 1931 sit

320 1977 629 2048 αὐτόματον
658 1978 720 2032 τὸ
771 1980 936 2034 καλὸν
975 1983 1127 2035 τουτ)⁸
1157 1983 1355 2053 θέαμα.
1397 1985 1523 2047 Πῶς
1578 1984 1794 2050 λέγεις;
1835 1982 1899 2034 Ei

320 2065 431 2119 τῶν
451 2066 724 2137 σωμάτων
747 2068 929 2140 (ἳ9⁶)ή
964 2071 1177 2139 γένεσις
1211 2065 1300 2125 οἷα
1322 2071 1385 2142 δὴ
1403 2071 1617 2140 κίνησις
1633 2066 1770 2123 οὖσα
1805 2069 1901 2138 μέ-

322 2174 439 2223 νειν
484 2158 584 2211 οὐκ
628 2157 805 2211 ἐθέλει
844 2158 979 2230 (50),
1025 2161 1204 2214 ἀεὶδὲ
1234 2160 1329 2215 τοῦ
1376 2161 1582 2214 τελείου
1629 2162 1726 2216 καὶ
1756 2159 1897 2226 ἐνὸς,
1970 2147 1980 2157 ’

323 2249 448 2303 ὅθεν
506 2248 796 2320 προῆλθεν,
827 2249 1117 2321 ὀρέγεται,
1163 2253 1256 2305 καὶ
1307 2252 1445 2322 πρὸς
1492 2253 1673 2306 ἐκεῖνο
1726 2251 1901 2305 σπεύ-

326 2356 413 2392 σει
450 2341 559 2411 (51)
598 2339 691 2392 καὶ
730 2340 1054 2408 ὲπείγεταις
1106 2342 1182 2395 ού
1226 2342 1335 2410 γὰρ
1377 2342 1553 2413 μάτην
1594 2344 1629 2413 ἡ
1663 2343 1900 2412 κίνησις,

323 2430 582 2483 οὐδέποτε
608 2429 719 2498 ἄρα
752 2431 1013 2500 στήσεται
1036 2432 1140 2493 ἓως
1168 2430 1234 2485 ἂν
1261 2431 1320 2483 τὸ
1349 2430 1684 2500 ποθούμενον
1713 2431 1864 2501 εὖροι
1884 2448 1897 2463 ’
1946 2440 1953 2445 “

324 2522 550 2591 εὑρήσει
577 2520 655 2582 δὲ,
683 2522 811 2574 ὅταν
839 2522 867 2573 ὁ
897 2522 1240 2593 Δημιουργὸς
1272 2522 1434 2585 αὐτὸς
1464 2521 1708 2592 βούλοιτο
1746 2522 1858 2594 (52)
1884 2537 1899 2554 ⁸

327 2614 649 2686 βουλήσεται
672 2615 750 2681 δὲ,
778 2618 908 2671 ὅταν
939 2616 1242 2685 ἐπιτήδειον
1352 2614 1508 2668 Μετὰ
1540 2614 1647 2685 γὰρ
1670 2615 1768 2684 τὴν
1794 2614 1901 2668 τῶν

324 2704 516 2776 ψυχῶν
565 2708 929 2779 δοκιμασίαν,
977 2708 1071 2760 καὶ
1121 2706 1211 2758 τὸν
1258 2706 1514 2776 προφανῆ
1555 2707 1658 2775 τῆς
1702 2707 1903 2768 κακίας

326 2798 570 2870 ἔλεγχον,
618 2800 676 2853 τὸ
706 2799 963 2867 αἰσθητὸν
997 2799 1117 2852 ὅλον
1155 2798 1248 2849 ἐπὶ
1292 2797 1354 2850 τὸ
1396 2797 1664 2851 ἀθάνατον
1701 2797 1900 2867 μεταλ-

324 2887 475 2953 λάξει
499 2905 514 2919 ο
557 2889 699 2943 ὥστε
733 2889 979 2959 συνᾴδειν
1012 2890 1075 2959 τῇ
1106 2888 1212 2941 τῶν
1255 2886 1557 2959 ἀνθρώπων
1589 2887 1899 2958 ἀθανασίᾳο

325 2981 422 3034 καὶ
468 2980 631 3034 πάλιν
678 2981 880 3033 οἰκεῖον
914 2977 1175 3047 γενέσθαι
1213 2979 1305 3031 τὸν
1348 2979 1535 3043 τόπον,
1579 2982 1646 3048 τῇ
1676 2977 1786 3031 τῶν
1819 2979 1899 3029 oi-

325 3070 567 3125 κούντων
596 3070 932 3140 εὐδαιμονία.
972 3071 1119 3123 Ἔδει
1152 3068 1260 3138 γὰρ
1300 3068 1478 3138 θνητῷ
1520 3070 1710 3139 κόσμῳ
1731 3108 1746 3133 ,
1779 3069 1901 3137 θνη-

323 3160 418 3215 τὸν
465 3160 605 3223 ζῶον
656 3160 1061 3214 ἐνδιαιτᾶσθαι·
1101 3159 1355 3230 ἀθανάτῳ
1399 3161 1457 3213 δὲ
1487 3160 1548 3213 τὸ
1589 3159 1896 3214 ἀθάνατον·

2000 1996 2293 2051 corporeus
2313 2021 2330 2048 ,
2363 1990 2417 2037 et
2456 1995 2551 2035 sua
2583 1986 2776 2048 sponte
2810 1987 2974 2046 atque
3000 1990 3065 2028 ex
3116 1989 3174 2028 se
3206 1973 3324 2041 ipso
3353 1970 3576 2025 minime

2000 2075 2159 2146 65],
2196 2074 2445 2138 exsistat,
2475 2071 2635 2126 facile
2663 2078 2745 2123 est
2776 2069 3229 2123 demonstratmn.
3255 2064 3395 2130 Quid
3427 2058 3573 2116 enim

2002 2164 2229 2221 dicas?si
2260 2176 2546 2232 corporum
2564 2159 2838 2230 generatio
2865 2173 2984 2226 qum
3006 2159 3117 2225 ipsa
3154 2166 3329 2210 motus
3355 2154 3574 2224 quidam

2001 2266 2084 2313 est
2106 2256 2375 2318 videlicet,
2425 2267 2646 2307 manere
2671 2265 2776 2305 uno
2808 2251 2860 2304 in
2887 2250 3003 2303 loco
3038 2249 3191 2312 nolit,
3225 2263 3289 2300 ac
3312 2248 3491 2314 potius
3510 2245 3574 2297 ad

2003 2364 2167 2403 unum
2216 2356 2272 2402 et
2312 2345 2441 2400 illud
2466 2342 2765 2413 perfectum
2814 2356 2879 2395 ex
2912 2355 3018 2409 quo
3059 2338 3343 2408 provenit,
3374 2334 3578 2402 princi—

2004 2438 2151 2508 pium
2210 2436 2433 2499 tendat,
2472 2440 2729 2502 properet
2776 2440 2939 2499 atquc
2995 2429 3159 2482 etiam
3212 2422 3577 2496 propellatur?

2004 2543 2177 2599 neque
2205 2528 2348 2583 enim
2374 2527 2493 2580 sine
2523 2539 2687 2579 causa
2725 2522 2794 2576 ali
2813 2537 2919 2591 qua
2945 2523 3008 2576 lit
3036 2529 3234 2586 motus,
3268 2534 3443 2587 neque
3477 2533 3540 2570 us
3560 2546 3573 2556 -

2002 2623 2145 2689 piam
2174 2618 2422 2680 sistitur,
2483 2624 2775 2682 antequam
2806 2614 2859 2668 id
2886 2614 3026 2683 quod
3070 2612 3431 2667 desideratum
3459 2616 3593 2671 est,

2003 2712 2281 2765 inventum
2307 2708 2376 2763 sit
2415 2726 2429 2761 :
2466 2708 2773 2761 invenietur
2830 2720 2960 2760 vero
2988 2745 3003 2770 ,
3050 2705 3269 2773 quando
3295 2716 3578 2771 supremus

2003 2802 2091 2856 ille
2130 2816 2309 2855 rerum
2351 2800 2532 2869 opifex
2578 2799 2809 2853 voluerit
2840 2841 2855 2862 ,
2886 2797 3029 2853 volet
3074 2806 3254 2850 autem
3305 2795 3425 2857 ille,
3453 2808 3575 2848 cum

2001 2894 2049 2953 ci
2087 2894 2258 2945 visum
2291 2891 2453 2945 fuerit
2478 2901 2860 2959 Opportunum.
2897 2889 3108 2942 Etenim
3136 2885 3278 2940 facta
3306 2883 3432 2955 ‘jam
3461 2883 3580 2963 ani-

2003 2999 2211 3038 marum
2244 2984 2582 3052 probatione,
2606 2991 2661 3037 et
2685 2981 2966 3051 perspicua
2989 2990 3151 3050 atque
3171 2978 3421 3032 onmibus
3451 2984 3577 3030 nota

2003 3077 2220 3130 malitia:
2250 3075 2671 3144 reprehensione
2697 3092 2710 3128 :
2746 3074 2847 3129 hoc
2871 3086 3031 3128 omne
3056 3071 3200 3141 quod
3221 3072 3475 3125 sensibus
3495 3074 3580 3122 est

2003 3167 2308 3232 expositum
2337 3206 2353 3231 ,
2390 3165 2442 3219 in
2489 3165 2541 3221 id
2567 3166 2711 3232 quod
2754 3162 3061 3218 immortale
3096 3170 3177 3217 est
3223 3170 3386 3230 atque
3417 3170 3580 3213 aater-

326 3250 427 3317 μία
460 3250 569 3320 γὰρ
596 3250 691 3304 τοῦ
723 3252 925 3315 παντὸς
968 3250 1264 3321 σύμπνοια,
1314 3245 1548 3305 ἄτακτον
1576 3250 1749 3315 οὐδὲν,
1777 3249 1899 3303 οὐδὲ

2007 3273 2157 3321 num,
2200 3265 2550 3310 eonvertetur
2587 3274 2599 3308 :
2645 3255 2863 3323 quando
2909 3253 3242 3309 conveniens
3278 3259 3364 3307 est
3402 3250 3578 3303 homi-

324 3339 680 3410 ἀσύμφωνον,
709 3341 824 3394 ἀλλ’
855 3342 965 3410 (55)
1012 3343 1228 3411 ἑκάστῳ
1275 3343 1450 3411 φίλιόν
1478 3360 1538 3395 τε
1585 3344 1680 3395 καὶ
1710 3342 1899 3412 ἐπιτή-

2011 3362 2137 3397 uum
2172 3344 2594 3411 immortalitati,
2634 3354 2692 3397 ut
2720 3344 2868 3398 locus
2891 3355 3051 3411 aptus
3078 3353 3241 3411 atque
3267 3354 3580 3395 accommo-

322 3430 464 3485 δειον
486 3449 501 3464 ο
535 3434 629 3487 κα)⁵
655 3435 754 3507 τὴν
778 3435 869 3488 τοῦ
899 3435 1249 3506 Δημιουργοῦ
1280 3436 1534 3505 βούλησιν
1554 3477 1568 3502 ,
1604 3437 1900 3505 πεποίηται

2006 3435 2105 3489 dus
2149 3433 2243 3487 ﬁat
2298 3434 2594 3488 incolarum
2638 3433 2902 3488 felicitati.
2935 3432 3184 3501 Oportuit
3245 3432 3388 3485 enim
3431 3431 3581 3483 ineo

325 3525 488 3594 φύσιν
505 3527 640 3598 (54)·
658 3527 824 3597 σοφοῦ
846 3528 903 3580 δὲ
929 3522 1085 3599 οἶμαι
1108 3531 1202 3581 καὶ
1230 3528 1453 3581 δυνατοῦ
1474 3528 1543 3581 τὰ
1572 3528 1710 3582 αὐτὰ
1732 3527 1902 3597 θνητὰ

2006 3525 2096 3594 qui
2132 3525 2408 3593 periturus
2436 3534 2541 3589 est,
2566 3527 2786 3589 mundo,
2817 3524 3047 3580 mortale
3074 3538 3288 3592 quoque
3313 3536 3408 3576 seu
3455 3536 3581 3588 pen-

324 3618 424 3672 καὶ
474 3619 721 3673 ἀθάνατα
757 3622 1093 3689 μεταποιεῖν.
1144 3620 1245 3683 Ἢ,
1292 3618 1467 3688 πόσης
1497 3619 1780 3689 δυνάμεως
1809 3617 1903 3671 καὶ

2008 3618 2205 3672 iturum
2235 3617 2485 3671 animans
2512 3631 2654 3681 esse,
2676 3631 2741 3670 ac
2772 3632 2965 3670 rursus
2992 3617 3047 3671 in
3080 3614 3172 3668 illo
3203 3624 3407 3667 aeterno
3422 3619 3580 3664 :eter-

328 3711 521 3778 σοφξας
550 3710 696 3782 (55),
732 3713 870 3783 μήτε
896 3711 958 3765 τὸ
994 3710 1187 3767 θνητὸν
1215 3713 1364 3765 ἡμᾶς
1395 3713 1641 3770 ἀγνοεῖν.
1673 3711 1812 3768 μήτε
1844 3710 1904 3764 ἐν

2009 3725 2137 3763 num
2179 3719 2343 3776 atque
2389 3708 2715 3763 immortale.
2752 3707 3006 3763 Omnium
3060 3706 3203 3759 enim
3254 3719 3432 3758 rerum
3474 3716 3578 3755 una

327 3801 477 3871 αὐτῷ
515 3802 789 3873 διαμένειν
804 3822 819 3871 ;

2010 3801 2251 3869 qumdam
2284 3810 2367 3854 est
2391 3802 2678 3855 concordia
2706 3819 2718 3853 :
2751 3814 2851 3855 nec
2877 3807 2962 3853 est
2985 3798 3373 3856 inordinatum,
3396 3803 3488 3845 aut
3512 3792 3582 3846 ab

328 3893 429 3949 hac
468 3896 757 3950 concordia
814 3894 1113 3953 deﬂectens
1150 3895 1485 3966 quidquam:
1533 3894 1629 3950 sed
1690 3893 1899 3962 singula
1964 3892 2193 3963 singulis
2265 3900 2392 3946 sunt
2439 3892 2635 3955 amica,
2661 3901 2786 3957 apta
2817 3899 2980 3960 atque
3011 3889 3222 3942 idonea.
3262 3885 3435 3953 Atque
3467 3884 3581 3937 tunc

328 3991 568 4058 supremi
599 3990 912 4046 Conditoris
944 3991 1195 4047 voluntas
1225 4000 1310 4046 est
1340 3992 1452 4059 ipsa
1503 4000 1718 4045 natura.
1758 3987 1892 4042 Nam
1933 3996 1985 4041 et
2017 3986 2282 4054 sapientis
2309 3995 2363 4039 et
2418 3986 2768 4053 praepotentis
2821 3999 2940 4038 esse
3000 3992 3150 4051 puto,
3178 3995 3265 4034 res
3284 3979 3501 4033 easdem
3525 3987 3584 4032 et

327 4081 589 4137 mortales
638 4081 822 4136 facere
849 4091 903 4136 et
928 4082 1287 4137 immortales.
1316 4084 1524 4147 Quanta
1557 4082 1700 4135 enim
1726 4080 1964 4149 potentia
2021 4088 2077 4131 et
2132 4077 2395 4145 sapientia
2463 4075 2540 4138 tit,
2599 4086 2735 4130 etut
2805 4078 3047 4130 mortalis
3096 4084 3302 4127 natura:
3344 4087 3448 4125 non
3482 4085 3582 4125 ex-

328 4184 510 4244 pertes
540 4184 703 4244 atque
738 4175 1049 4244 ignorantes
1088 4175 1259 4229 simus
1284 4215 1298 4239 ,
1331 4186 1384 4229 et
1416 4176 1468 4229 in
1506 4175 1594 4229 illa
1638 4176 1752 4244 ipsa
1788 4176 1901 4244 jam
1940 4174 2219 4243 esplorata
2256 4188 2359 4224 non
2393 4170 2745 4223 maneamus?

332 4346 337 4351 1
395 4285 591 4341 ΘΕΟΦ.
625 4287 690 4339 Τί
718 4286 807 4354 δέ;
847 4288 948 4340 οὐκ
976 4286 1271 4358 ἀγέννητος
1306 4289 1336 4340 ὁ
1363 4288 1566 4355 κόσμος
1598 4287 1691 4342 κα)¹
1731 4286 1900 4357 ἄναρ-

2079 4282 2376 4338 ΊΗΕΟΡΙΙ.
2396 4281 2531 4348 Quid
2558 4282 2718 4336 vero?
2760 4280 2952 4334 Annon
2981 4282 3066 4334 hic
3094 4281 3323 4334 inundus
3347 4291 3403 4333 ct
3442 4295 3581 4333 nun-

326 4394 448 4450 χοςς
474 4378 509 4449 ἢ
546 4378 662 4442 πῶς
689 4379 1034 4449 Δημιουργὸς
1066 4379 1094 4431 ὁ
1112 4379 1454 4450 Δημιουργὸς
1479 4420 1493 4445 ,
1527 4381 1578 4433 εἰ
1607 4381 1799 4450 χρόνος
1832 4375 1901 4449 ἦν

2008 4389 2167 4443 quam
2208 4386 2366 4427 natus
2400 4381 2511 4437 est,
2548 4381 2601 4426 et
2627 4371 2896 4440 principio
2926 4373 3072 4424 omni
3108 4370 3290 4422 caret?
3313 4370 3420 4422 Aut
3446 4384 3582 4437 quo—

327 4468 419 4525 ὂτε
450 4470 525 4541 μὴ
557 4470 624 4522 τὰ
657 4469 822 4524 αὑτοῦ
858 4469 1182 4540 εἰργάζετο;
1508 4492 1511 4495 ι

2009 4466 2168 4520 modo
2196 4464 2389 4534 Opifex
2425 4464 2513 4519 ille
2537 4472 2620 4518 est
2645 4463 2836 4533 Opit'ex
2863 4505 2877 4525 ,
2914 4462 2957 4516 si
2990 4463 3208 4531 quidem
3244 4472 3452 4529 tempus
3482 4462 3582 4513 fuit

1998 4562 2187 4624 ullum,
2219 4578 2325 4631 quo
2350 4576 2570 4616 suarum
2603 4575 2785 4614 rerum
2811 4560 2943 4613 nihil
2974 4560 3301 4629 peragebat?

398 4666 576 4722 ΑΞΙΘ.
630 4672 827 4725 Ἄκουε
857 4672 922 4743 δὴ
955 4672 1112 4739 φασὶ,
1153 4671 1299 4742 μάλα
1352 4672 1519 4725 καλοῦ
1548 4672 1706 4741 λόγου
1750 4673 1860 4742 (56)
1884 4687 1902 4704 ⁶

2081 4673 2314 4730 ΑΧΙΉΙ.
2344 4673 2401 4727 ld
2444 4674 2619 4743 ipsum
2653 4674 2869 4736 audias,
2893 4687 3077 4740 quaeso
3106 4690 3119 4725 :
3156 4672 3386 4725 reddunt
3434 4669 3577 4724 enim

340 4759 401 4817 '0
431 4764 649 4819 πάντων
687 4764 950 4829 Βασιλεὺς
979 4765 1039 4830 ἐξ
1067 4759 1128 4819 οὗ
1160 4765 1230 4817 τὰ
1268 4765 1467 4830 πάντα,
1513 4766 1545 4835 ἡ
1590 4766 1699 4818 τῶν
1734 4764 1903 4819 ὄντων

2011 4767 2274 4819 rationem
2323 4779 2455 4820 sane
2496 4781 2660 4835 quam
2708 4765 2926 4819 bonam.
2979 4764 3279 4832 Supremos
3328 4763 3416 4816 ille
3463 4762 3579 4816 Rex

546 4987 842 5070 Νεαγικὸγ
878 4985 1407 5070 sixei’r.“:l.actantia
1447 4983 1669 5070 juvenili
1756 4988 1903 5070 Ada-

332 5057 579 5111 mantina
639 5058 849 5112 vincula
909 5057 1246 5125 insolubilia,
1310 5058 1595 5127 proverbio
1649 5062 1901 5125 quodam,

331 5137 475 5207 sunt,
501 5128 571 5182 ob
587 5142 729 5207 sum
767 5127 995 5196 lapidem
1027 5128 1267 5182 omnium
1317 5127 1657 5182 metallorum
1706 5127 1905 5181 tirmiso

333 5200 554 5252 simum.
585 5196 685 5250 BA.

405 5267 516 5337 (28)
557 5267 664 5337 QC.
694 5266 755 5320 Ρ.
783 5268 1288 5337 ἀμφισϐητήσιμον.

406 5335 519 5406 (29)
562 5336 635 5389 Ex
673 5338 778 5406 Ci}.
809 5335 1059 5406 P.Vsupp.
1093 5335 1338 5403 Εὑξίθεε.

426 5406 541 5477 29‘)
581 5407 687 5461 CC.
725 5405 787 5459 P.
816 5476 821 5477 ν
846 5405 1057 5477 verba.
1090 5407 1212 5470 [Ιῶς
1250 5407 1465 5476 λέγεις;
1519 5406 1905 5477 Theophrasto

334 5479 383 5531 εἱ
411 5475 530 5529 τῶν
552 5493 694 5546 σωμ.
728 5476 959 5546 Axitheo
996 5476 1262 5531 tribuunt.

831 5547 891 5601 P.
953 5547 1293 5603 inserendum
1344 5548 1511 5617 (mla
1550 5546 1658 5623 γὰρ
1689 5549 1902 5620 κίνησις

340 5617 521 5688 μένειν
552 5617 724 5669 ἐθέλει
750 5625 786 5683 ).

432 5687 520 5755 51)
562 5686 664 5740 (EC.
695 5687 752 5739 P.
786 5684 1024 5740 σπεύδει.

432 5757 521 5824 3:2)
564 5756 838 5825 βούληται.

438 5828 525 5897 55)
568 5828 639 5880 Ex
674 5826 758 5880 CC.
808 5826 866 5881 Ρ.
903 5843 1024 5898 sum

2076 4986 2188 5055 (54)
2234 4984 2352 5052 Τὴν
2390 4985 2497 5040 τοῦ
2528 4984 2891 5054 δημιουργοῦ
2919 4983 3229 5055 βούλησιν
3250 4982 3581 5055 πεποίηται.

2004 5054 2213 5125 φύσιν.
2254 5057 2518 5122 Superius
2561 5058 2699 5110 dixit
2746 5056 3077 5110 voluntatem
3111 5054 3423 5125 Conditoris
3456 5068 3581 5125 esse

2008 5124 2287 5190 naturam;
2316 5126 2417 5178 hoc
2437 5127 2781 5181 estordinem
2808 5126 3047 5179 omnium
3077 5138 3252 5176 rerum
3278 5124 3577 5176 viventium

2006 5197 2167 5248 istum
2199 5210 2265 5248 ex
2301 5209 2423 5249 sese
2460 5210 2672 5264 semper
2705 5210 2824 5249 esse
2854 5205 3156 5264 urgentem,
3182 5208 3287 5264 quo
3312 5208 3580 5260 generan-

2007 5275 2095 5316 tur
2123 5274 2519 5333 servanturque
2549 5262 2733 5319 omnia
2772 5282 2785 5317 :
2816 5262 2990 5317 Αὑτοῦ
3021 5264 3130 5332 γὰρ
3155 5262 3248 5333 τὸν
3277 5263 3466 5330 ἀγῶνα
3494 5279 3579 5313 τι·

2007 5334 2191 5395 θέντος
2224 5332 2489 5405 κήρυγμα
2531 5334 2695 5403 φύσις
2723 5335 2970 5402 γίγνεται
2994 5348 3008 5363 ·
3033 5344 3088 5387 et
3113 5332 3284 5405 alibi;
3299 5333 3475 5387 Possis
3500 5340 3583 5384 ta-

2004 5419 2125 5459 men
2158 5418 2263 5458 non
2284 5402 2481 5470 inepte
2507 5402 2621 5458 htee
2649 5406 2901 5457 mutanda
2928 5403 3213 5470 suspicari.
3252 5402 3349 5456 ΒΑ.

2230 5473 2335 5552 QC.
2368 5471 2425 5525 P.
2466 5474 2644 5552 [Ιόσης
2676 5472 2996 5552 σοφίαςικαὶ
3037 5471 3339 5552 δυνάμεως.

2081 5540 2194 5612 {56)
2232 5544 2434 5596 Ἄκουε
2455 5542 2563 5612 δὴ,
2600 5540 2774 5609 ⁷εραονὶ,
2803 5541 2970 5608 μάλα
3002 5540 3193 5595 καλοῦ
3225 5543 3433 5611 λόγου.
3475 5540 3577 5594 Fa-

2012 5610 2275 5667 bulatoris
2305 5610 2531 5681 alicujus
2574 5613 2813 5665 solemne
2852 5616 3134 5666 exordium
3181 5628 3301 5667 esse
3347 5611 3577 5665 videtur.

2014 5686 2110 5737 llic
2134 5698 2282 5745 _vero
2322 5697 2499 5734 sermo
2532 5680 2706 5748 palam
2749 5681 2937 5749 incipit
2966 5683 3236 5736 hominem
3265 5683 3576 5736 Christiana

2013 5754 2241 5807 veritate
2294 5749 2555 5804 imbuere.
2611 5749 2794 5817 Itaque
2841 5752 3049 5806 merito
3081 5765 3386 5805 sermonem
3426 5763 3575 5803 coin-

432 5757 521 5829 52)
564 5756 838 5829 βούληται..
1091 5827 1108 5829 η
2013 5756 2241 5829 veritate
2294 5756 2585 5829 imbuere."

2017 5823 2231 5878 mendat
2262 5819 2707 5892 pulchritudinis,
2741 5821 2787 5878 si
2812 5820 2977 5877 alium
3006 5836 3361 5893 quemquam.
3391 5820 3492 5874 BA.

438 5828 525 5897 55)
568 5828 639 5880 Ex
674 5826 758 5880 CC.
808 5826 866 5881 Ρ.
903 5843 1054 5898 supp.
1088 5827 1331 5881 ἕκαστον.
