4144 6584
345 445 446 511 961

1621 439 2242 502 THEOPHRASTUS.

347 555 535 613 παντί.
576 554 811 624 Ἐγείρει
843 570 902 607 τε
933 553 1028 608 καὶ
1063 550 1425 622 συναρμόττει
1457 552 1568 622 (55)
1609 554 1704 605 καὶ
1735 555 1915 608 τάττει

2024 555 2264 632 potentia
2311 552 2465 620 facit,
2518 555 2910 626 materiamque
2963 560 3126 616 rebus
3167 559 3422 618 omnibus
3474 564 3592 635 ipse

347 651 444 705 καὶ
476 651 799 719 διακοσμείο
834 649 894 700 οὑ
926 649 1035 718 γὰρ
1069 649 1363 717 ἀγέννητος
1401 646 1514 716 (54)
1549 647 1657 700 οὐδ’
1687 645 1921 717 ἄναρχος

345 745 381 812 ἡ
433 740 557 810 ὕλη.
603 739 779 793 Τοῦτό
829 755 890 791 σε
929 739 1024 793 καὶ
1072 738 1327 792 Χαλδαῖοι
1373 738 1715 802 διδάσκουσι,
1751 739 1848 791 καὶ
1893 741 1922 792 ὁ

347 834 681 904 Πορφύριος.
736 832 1064 901 Ἐπιγραφει
1100 831 1158 883 δὲ
1202 829 1344 884 Καθ’
1392 827 1541 882 ὅλον
1581 828 1693 902 (55)
1723 829 1786 882 τὸ
1836 828 1921 899 βι-

348 923 519 990 ϐλίον,
559 924 587 976 ὃ
617 924 696 986 εἰς
731 922 892 992 μέσον
923 921 1154 993 προάγει
1188 919 1295 973 τῶν
1323 919 1606 974 Χαλδαίων
1639 921 1714 994 τά
1739 921 1918 988 λόγια,

347 1020 408 1072 ὲν
433 1013 514 1082 οἷς
543 1017 826 1086 γεγονέναι
858 1016 958 1087 τὴν
987 1014 1120 1085 ὕλην
1151 1014 1510 1083 ἰσχυρίζεται.
1543 1015 1654 1068 Καὶ
1680 1013 1741 1067 τὸ
1769 1015 1921 1066 Πλω-

345 1110 498 1164 τίνου
546 1108 829 1176 διανοίγων
873 1105 1077 1177 βιϐλίον
1102 1121 1117 1135 ⁸
1155 1104 1278 1158 ὅθεν
1321 1104 1391 1157 τὰ
1435 1105 1577 1158 κατὰ
1611 1105 1772 1173 φύσιν
1815 1121 1919 1156 που

346 1203 559 1270 λέγων,
599 1201 862 1268 ἀγένητον
913 1198 970 1250 δὲ
1000 1193 1139 1250 εἶναι
1170 1196 1268 1268 τὴν
1301 1196 1431 1267 ὕλην
1474 1196 1586 1264 (56)
1605 1236 1620 1259 ,
1655 1196 1748 1248 καὶ
1774 1195 1834 1247 τὸ
1862 1196 1920 1248 ἐν

347 1293 545 1363 ἀρχαῖς
587 1289 822 1352 τιθέναι,
866 1289 942 1352 ὡς
981 1287 1139 1341 ἄθεον
1169 1287 1381 1357 δόγμα,
1424 1287 1810 1358 παραιτητέον.
1853 1287 1918 1340 Ei

344 1383 526 1435 τοίνυν
576 1383 610 1450 ἡ
658 1379 759 1450 ὕλη
805 1378 1045 1449 γενητὴ,
1093 1379 1188 1432 καὶ
1235 1379 1335 1431 οὐκ
1382 1377 1556 1449 ἀρχὴ,
1589 1377 1704 1430 ἀλλ’
1755 1377 1919 1447 ἔσχα-

347 1471 582 1543 τον(57),
617 1470 732 1533 πῶς
769 1471 798 1522 ὁ
827 1469 1085 1540 αἰσθητὸς
1114 1468 1319 1538 κόσμος
1379 1469 1639 1538 ἀγένητος
1678 1467 1712 1538 ἢ
1748 1467 1917 1538 ἄναρ-

346 1581 475 1636 χος,
510 1564 543 1634 ἢ
585 1563 692 1634 πρὸ
722 1562 817 1616 τοῦ
856 1561 1086 1632 χρόνου;
1126 1562 1199 1613 Οὐ
1243 1561 1351 1631 γὰρ
1384 1559 1490 1628 πρὸ
1518 1560 1613 1630 τῆς
1643 1558 1776 1628 ὕλης
1806 1558 1916 1629 (58)

346 1657 582 1727 ποίημα.
615 1655 785 1719 Αὐτὸς
816 1655 873 1708 δὲ
911 1655 1040 1724 ἡμῖν
1067 1654 1096 1705 ὁ
1126 1653 1350 1706 Πλάτων
1391 1652 1665 1722 μέμνηται
1715 1649 1827 1721 (59)
1860 1652 1918 1704 ὲν

352 1750 567 1818 Τιμαίῳ
592 1788 606 1814 ,
652 1747 770 1811 πῶς
817 1747 972 1800 οὐδὲν
1015 1743 1489 1816 σχηματιζόμενος
1529 1743 1914 1812 ἀποφαίνεται.

345 1841 621 1913 Πρότερον
670 1839 924 1910 ἐρωτῶν,
981 1839 1210 1908 πότερον
1260 1837 1482 1905 γέγονεν
1518 1839 1546 1890 ὁ
1597 1837 1836 1907 κόσμος,
1881 1835 1915 1906 ἢ

344 1934 408 1986 οὐ
460 1912 721 2001 γέγονεν·
756 1927 856 1984 εἷθ’
901 1931 934 2001 ἡ
989 1929 1138 1983 αἰτία
1187 1929 1674 1999 προσγέγραπται·
1724 1929 1919 1998 ὁρατός
1949 1912 1990 1967 Β

344 2041 406 2077 τε
434 2025 544 2094 γάρ
573 2026 720 2076 ἐστιν
745 2039 759 2052 ·
788 2021 951 2084 αὑτός
978 2021 1036 2074 τέ
1066 2023 1181 2074 ἐστι
1214 2020 1325 2092 (60)
1354 2020 1452 2073 τοῦ
1478 2018 1711 2090 οὐρανοῦ
1736 2020 1797 2073 τὸ
1820 2037 1918 2089 χα-

348 2115 666 2185 ριέστατον,
711 2115 762 2168 οἱ
808 2114 1071 2182 ἀστέρεςε
1107 2113 1226 2166 ἀλλ’
1257 2113 1407 2182 ὅμως
1450 2113 1544 2164 καὶ
1578 2104 1724 2164 οὗτοι
1759 2111 1920 2180 γεγό-

345 2222 523 2260 νασιν.
575 2206 701 2258 Αἴτε
739 2205 846 2275 γάρ
901 2204 1244 2275 μετοικήσεις
1281 2203 1374 2257 καὶ
1420 2205 1609 2275 δρόμοι
1657 2204 1752 2258 καὶ
1785 2204 1918 2256 ὑπο-

349 2297 599 2366 στροφαὶ,
635 2297 730 2348 καὶ
759 2296 818 2348 ai
848 2296 985 2366 πρὸς
1017 2296 1078 2348 τὸ
1109 2295 1317 2365 βόρειον
1355 2294 1682 2358 ἀναϐάσεις,
1719 2293 1814 2347 καὶ
1860 2292 1918 2347 ai

347 2390 484 2460 πρὸς
507 2388 599 2441 τὸν
627 2387 777 2441 νότον
808 2387 1042 2451 κάθοδοι,
1073 2386 1224 2457 ἡλίου
1249 2403 1308 2439 τε
1339 2387 1435 2440 καὶ
1473 2386 1705 2455 σελήνης
1735 2385 1914 2438 ἐκλεί-

343 2481 497 2550 ψεις,
532 2478 766 2550 αἰσθητὰ
793 2479 1004 2534 πάντα*
1049 2477 1086 2531 ὃ.
1118 2477 1399 2547 γίγνεσθαι
1444 2479 1542 2546 μὲν
1575 2478 1722 2531 δοκεῖ
1772 2477 1918 2530 Πλά-

341 2591 474 2629 τωνι
494 2613 509 2637 ,
538 2569 674 2627 εἶναι
705 2572 762 2625 δὲ
793 2570 1022 2642 βεϐαίως
1049 2571 1325 2628 οὐδέποτε.

2022 655 2262 716 praestat,
2295 647 2594 702 exsuscitat
2617 686 2632 710 ,
2661 660 3031 719 coagmentat,
3062 654 3371 719 concinnat,
3408 668 3589 714 ornat.

2022 738 2209 808 Neque
2252 740 2399 794 enim
2442 739 2771 795 credendum
2803 750 2890 796 est
2942 745 3224 799 materiam
3269 761 3374 801 non
3417 750 3589 814 nasci,

2021 831 2392 902 principioque
2418 846 2622 888 carere.
2653 833 2805 900 Quod
2825 842 2878 889 te
2909 834 3141 890 Chaldaei
3163 840 3355 893 docent
3386 858 3398 894 :
3433 840 3591 894 item-

2020 938 2126 994 que
2154 923 2486 995 Porphyrius
2511 924 2562 978 in
2593 939 2658 979 eo
2688 938 2848 995 quem
2873 924 3006 979 Καθ’
3019 925 3137 978 ὅλον
3155 929 3400 984 inscribit
3426 930 3586 995 libro,

2020 1028 2142 1068 cum
2177 1015 2414 1068 rationes
2443 1013 2818 1069 Chaldaaorum
2848 1015 2900 1068 in
2929 1015 3163 1069 medium
3197 1032 3386 1072 omnes
3408 1019 3587 1085 alien,

2022 1107 2087 1161 iis
2117 1106 2400 1160 materiam
2445 1119 2567 1161 esse
2617 1113 2800 1160 natam
2843 1104 3114 1162 aliirmat:
3148 1116 3258 1162 tum
3293 1107 3487 1163 Plotini
3519 1111 3588 1165 li-

2020 1195 2174 1250 brum
2204 1197 2478 1265 explicans
2496 1198 2645 1263 dicit,
2668 1198 2981 1253 existimare
3006 1200 3298 1253 secundum
3335 1210 3587 1256 naturam

2020 1296 2086 1337 ac
2117 1291 2264 1336 recte
2293 1284 2434 1348 dici,
2475 1285 2756 1339 materiam
2803 1301 2908 1341 non
2970 1296 3189 1352 natam,
3231 1296 3286 1343 et
3324 1297 3580 1360 tanquam

2022 1387 2200 1428 rerum
2221 1374 2540 1444 principium
2575 1378 2722 1444 poni,
2747 1377 2907 1445 plane
2937 1387 2997 1432 ut
3022 1379 3238 1447 impiam
3269 1381 3580 1450 opinionem

2020 1465 2366 1519 minuendam
2395 1480 2459 1520 ac
2488 1468 2901 1536 exitlodendam.
2934 1471 2990 1524 Si
3020 1470 3187 1541 igitur
3227 1474 3453 1528 materia
3499 1483 3584 1530 est

2019 1565 2168 1622 nata,
2203 1571 2303 1613 nec
2337 1559 2581 1612 habenda
2620 1575 2718 1628 pro
2754 1561 2926 1628 primo
2953 1576 3130 1615 rerum
3158 1565 3396 1618 omnium
3420 1566 3575 1636 prin-

2017 1651 2181 1720 cipio.
2218 1651 2312 1706 sed
2343 1650 2535 1704 ultimo
2577 1662 2759 1706 creata
2788 1671 2800 1707 :
2833 1652 3104 1722 quomodo
3138 1655 3391 1710 sensibus
3424 1670 3588 1726 expo-

2017 1742 2157 1797 situs
2179 1740 2269 1796 ille
2300 1741 2532 1795 mundus
2558 1741 2760 1809 poterit
2788 1756 2894 1795 non
2926 1751 3085 1798 natus
3105 1757 3247 1808 esse,
3274 1755 3365 1798 aut
3388 1746 3586 1814 princi-

2019 1836 2105 1904 pio
2131 1849 2341 1900 carere,
2365 1843 2459 1888 aut
2477 1835 2623 1888 omni
2657 1843 2897 1903 tempore
2930 1835 3079 1904 prior
3105 1837 3419 1893 exstitisse?
3442 1839 3588 1908 Opus

2019 1927 2162 1981 enim
2190 1926 2362 1993 ipsum
2394 1940 2500 1979 non
2528 1934 2704 1996 potest
2742 1939 2864 1980 esse
2889 1926 3040 1996 prius
3073 1937 3165 1981 aut
3185 1929 3458 1998 antiquius
3488 1945 3584 1985 sua

2019 2019 2268 2072 materia.
2318 2015 2461 2072 Idem
2509 2017 2664 2072 nobis
2707 2018 2871 2072 etiam
2914 2017 3585 2089 Plato,quemadmodum

2020 2111 2135 2180 ipse
2167 2125 2271 2165 non
2295 2110 2540 2181 ignoras,
2568 2111 2620 2164 in
2656 2109 2875 2176 Timaeo,
2906 2111 3052 2166 nullo
3084 2113 3268 2168 colore
3299 2113 3584 2168 verborum

2020 2219 2168 2268 usus,
2201 2204 2453 2259 aliirmat.
2485 2203 2561 2256 Ac
2581 2205 2813 2273 primum
2859 2204 3004 2258 sitne
3035 2203 3231 2271 factus,
3261 2220 3327 2258 an
3358 2205 3587 2260 infectus

2021 2295 2109 2349 hic
2138 2295 2371 2348 mundus
2392 2335 2406 2359 ,
2434 2297 2668 2366 quaerit:
2708 2305 2817 2348 tum
2856 2311 3021 2350 causa
3057 2297 3379 2361 ascribitur;
3411 2307 3587 2366 potest

2020 2384 2166 2438 enim
2191 2384 2340 2438 cerni
2369 2398 2385 2437 :
2429 2385 2650 2453 ipsaque
2674 2384 2795 2440 οωιί
2825 2385 3144 2440 suavissima
3178 2386 3374 2456 portio,
3407 2389 3584 2441 sidera

2021 2474 2206 2529 itidem
2253 2474 2395 2529 facta
2450 2485 2594 2529 sunt.
2630 2476 2873 2544 Ipsorum
2917 2476 3062 2531 enim
3109 2479 3588 2548 commigrationcs

2020 2567 2138 2620 sive
2165 2576 2364 2631 motus,
2399 2574 2454 2620 et
2477 2567 2759 2631 decursus,
2787 2578 2842 2622 et
2871 2568 3274 2633 conversiones,
3299 2578 3352 2622 et
3379 2571 3580 2624 adver-

343 2680 440 2720 sus
483 2665 707 2719 Boream
739 2678 1034 2729 ascensus,
1081 2672 1138 2718 et
1209 2665 1262 2718 in
1308 2670 1550 2718 austrum
1605 2661 1948 2718 descensus:
1991 2658 2230 2728 solisque
2269 2667 2325 2713 et
2403 2657 2544 2713 lunae
2592 2659 2958 2726 defectiones,
2989 2669 3043 2715 et
3086 2661 3347 2731 quidquid
3392 2678 3588 2722 sensus

344 2775 451 2814 non
488 2769 572 2813 est
596 2771 810 2827 expers,
846 2756 987 2826 gigni
1016 2757 1230 2826 quidem
1261 2756 1468 2810 Platoni
1499 2755 1770 2820 videntur,
1811 2769 2000 2810 verum
2031 2766 2151 2807 esse
2179 2751 2332 2806 ﬁrma
2363 2766 2426 2806 ac
2446 2752 2618 2807 solida
2649 2768 2944 2823 nunquam.

413 2852 606 2905 ΘΕΟΦ.
645 2852 707 2904 Οἱ
756 2849 852 2902 τοῦ
899 2851 1183 2914 Πλάτωνος
1231 2851 1623 2920 μυσταγωγοὶ,
1674 2850 1772 2913 τὸ,
1816 2849 1913 2918 τέ-

342 2961 522 3015 fore?
549 2943 681 3013 (6i),
710 2942 951 3011 λέγουσι,
981 2942 1118 2996 ἀλλὰ
1148 2944 1270 2997 κατ’
1303 2945 1484 2997 αἰτίαν
1515 2943 1738 3011 γέγονεν
1776 2941 1913 3012 (6‘2).

344 3033 468 3091 Οἶον
487 3037 587 3106 τῆς
614 3036 751 3107 ἐμῆς
779 3036 937 3098 σκιᾶς
963 3033 1160 3100 αἴτιον,
1193 3034 1288 3087 τοῦ
1314 3036 1411 3105 μὲν
1442 3034 1554 3105 (65)
1591 3033 1772 3105 σῶμα,
1801 3032 1916 3086 ἀλλ’

343 3129 443 3182 οὐκ
470 3129 600 3181 αὐτὸ
629 3127 930 3197 πεποίηκεν
953 3125 1146 3198 αὐτὴν,
1175 3125 1290 3180 ἀλλ’
1323 3126 1508 3195 ἐκείνη
1540 3123 1716 3195 τούτῳ
1779 3138 1908 3175 συν-

343 3218 731 3289 ηκολούθησεν.

413 3397 592 3451 ΑΞΙΘ.
627 3396 741 3451 Οὐκ
771 3396 881 3467 ἄρα
912 3390 1241 3465 δημιουργὸς
1284 3390 1313 3442 ὁ
1343 3387 1717 3461 Δημιουργὸς,
1752 3388 1800 3439 εί
1841 3386 1916 3458 μὴ

346 3491 665 3561 βουλόμενος
693 3489 724 3542 ὃ
768 3487 1089 3557 πεποίηκεν,
1121 3483 1480 3557 δημιουργεῖο
1516 3478 1633 3532 ἀλλ’
1675 3479 1916 3547 αὐτόμα-

341 3600 434 3635 τον
461 3582 580 3634 τόδε
612 3579 672 3633 τὸ
720 3581 864 3643 πᾶν,
919 3580 969 3631 εί
1005 3577 1080 3648 μὴ
1125 3577 1369 3644 γέγονεν.
1423 3568 1802 3624 Ἀντιστατοῦν
1837 3567 1915 3637 τῷ

343 3673 477 3743 ἡλίῳ
524 3672 586 3724 τὸ
629 3671 819 3742 σῶμα,
869 3669 930 3723 οὐ
962 3668 1239 3738 συγχωρεῖ
1271 3663 1504 3718 κατόπιν
1527 3659 1782 3729 γενέσθαι
1815 3659 1913 3729 τὴν

344 3763 692 3834 λαμπηδόνα·
730 3762 827 3815 καὶ
878 3760 1036 3814 τοῦτο
1078 3761 1112 3829 ἡ
1161 3757 1290 3810 σκιά
1332 3754 1466 3826 (64).
1503 3753 1666 3806 Ὅθεν
1709 3745 1820 3804 οἷον
1848 3752 1910 3804 τὸ

346 3856 541 3925 σῶμα,
586 3854 814 3924 τοιαύτη
856 3852 1236 3923 διαγράφεται.
1305 3849 1365 3900 '0
1421 3846 1479 3900 δὲ
1536 3841 1906 3915 Δημιουργὸς,

344 3949 664 4020 ἀσώματος,
712 3949 992 4019 ἀόριστος,
1042 3943 1173 3998 αὐτὸ
1210 3941 1273 3996 τὸ
1313 3940 1425 4009 φῶς
1467 3937 1576 4008 (65)
1611 3937 1906 4006 ὑπάρχωνο

345 4040 460 4102 πῶς
491 4035 584 4093 οὖν
611 4039 644 4108 ἢ
671 4039 834 4092 πόθεν
866 4036 1215 4108 συμϐέϐηκεν
1247 4034 1282 4104 ἡ
1327 4031 1490 4097 σκιάς
1521 4028 1645 4092 Πῶς
1670 4028 1727 4080 δὲ
1755 4025 1911 4096 ἀμεί-

345 4147 450 4185 νων
499 4127 567 4201 ἦν
608 4131 701 4183 καὶ
749 4130 823 4193 ὡς
874 4127 1093 4198 άληθῶς
1123 4123 1501 4196 Δημιουργὸς,
1536 4121 1697 4183 αὐτὸς
1743 4119 1913 4172 ποιῶν

345 4220 440 4273 καὶ
479 4217 836 4292 συναρμόζων
870 4212 904 4292 ᾗ
944 4215 1220 4287 βούλοιτο;
1271 4213 1305 4283 ἢ
1356 4211 1515 4276 σκιᾶς
1563 4209 1625 4274 ἐξ
1667 4208 1913 4296 ἀνάγκης

417 4370 530 4439 (53)
794 4362 1143 4439 συναρμόζει.

424 4436 536 4507 (Si)
576 4437 681 4492 CC.
712 4436 773 4491 Ρ.
805 4436 1086 4507 ἀγένητος.

417 4504 530 4583 (⁷55)
571 4508 674 4583 (Ξίῖο
708 4507 778 4583 Ρο.
811 4504 1139 4583 κρὲβόλουο..
1256 4570 1268 4582 .
1335 4567 1348 4580 .

417 4570 529 4653 (56)
587 4577 805 4653 Plotini_
829 4575 970 4653 illius
1009 4570 1380 4653 celeberrimi,
1449 4581 1586 4653 prae!
1619 4580 1744 4653 quo
1779 4579 1906 4653 sane

345 4637 531 4708 verum
570 4657 654 4703 est
696 4644 1044 4714 philosophos
1071 4638 1386 4717 cajterusju
1426 4637 1619 4717 ’,Ὄφις
1644 4637 1910 4717 magi?“

346 4705 631 4794 gﬁirituum
668 4705 887 4793 umbras
910 4705 1064 4794 esse,
1097 4707 1653 4794 discipulus'insignis
1678 4705 1911 4794 fuitis-te

350 4776 882 4860 P'orphyrius,_cujus
906 4782 1153 4860 castita-in
1191 4776 1343 4860 [loliis
1367 4776 1728 4860 eleganter-et
1747 4789 1912 4860 accu-

348 4845 472 4917 rate-
515 4845 877 4923 conscriptam
914 4850 1154 4923 reliquit.
1182 4847 1427 4923 -Utinam
1465 4845 1792 4923 Christianis
1821 4858 1911 4923 ca:

349 4913 676 4987 lu‘tvnniaudis
732 4913 1100 4994 abstinuisset.
1179 4915 1375 4994 Libros
1430 4913 1910 4994 sane_Porplty-r_ii

345 4985 662 5070 cupressini
693 5003 882 5070 contra
915 4992 1198 5070 yeritatcm
1230 4989 1458 5070 scriptos
1495 4985 1912 5070 adducit-testi:

348 5056 528 5124 monio
547 5076 598 5121 et
615 5064 744 5118 dira:
764 5061 1108 5137 blasphemiae
1133 5057 1308 5137 arguit
1326 5056 1694 5137 Theodoretus
1721 5061 1911 5137 contra

346 5123 563 5194 Graecos
594 5135 687 5189 lib.
720 5148 781 5196 ll,
833 5123 899 5185 ut-
947 5141 1001 5184 et
1044 5123 1382 5182 Justiniianus
1410 5127 1723 5194 imperator.
1757 5123 1911 5196 Spri-

346 5193 453 5278 psit
512 5208 669 5278 idem‘
724 5193 1104 5278 philosoithiea:
1161 5193 1908 5278 Historiae“commentarios,

344 5260 518 5334 Eidem
551 5260 826 5336 laudat-os;
870 5260 958 5336 qui
986 5266 1298 5336 utinamvel
1332 5264 1430 5336 soli
1473 5273 1770 5336 exstarent.
1811 5260 1908 5336 Bs.

343 5349 452 5403 CC.
523 5347 585 5400 P.
639 5342 760 5397 ὅθεν
809 5333 962 5393 Stoici
1010 5357 1028 5390 ι
1073 5335 1206 5408 φησί
1257 5351 1360 5387 που
1405 5333 1667 5402 ἀγένητον
1715 5343 1770 5388 et
1831 5333 1913 5386 sic

343 5419 505 5472 infra.

438 5487 526 5560 δῖ)
565 5483 674 5560 ρίξο
711 5484 772 5560 ἓ·
809 5480 1057 5560 έςκατοξ·
1101 5545 1123 5560 .

441 5543 530 5614 58)
571 5553 677 5608 CC.
712 5552 772 5606 P.
806 5543 956 5603 τδὲκ
976 5549 1072 5616 τῆς
1100 5545 1232 5615 ὕλης
1261 5543 1494 5613 ποίημα.

440 5625 532 5696 59)
564 5623 641 5676 Ex
810 5620 868 5673 Ρ.
902 5618 1212 5696 εμρρκγάρ.
1233 5685 1246 5696 ο
1347 5681 1359 5696 .
1559 5679 1613 5696 Π.

440 5679 530 5765 60)
566 5693 798 5765 Uttlriillo
836 5679 1179 5765 scribendum
1223 5681 1400 5765 ἁπτός,
1439 5698 1519 5735 τε.
1559 5679 1650 5734 Sic
1690 5692 1905 5765 supra:

343 5750 536 5833 ὁρατὸν
563 5762 670 5833 γὰρ
695 5761 824 5815 ὄντα
870 5760 964 5811 καὶ
998 5755 1166 5833 ἁπτὸν
1204 5755 1297 5833 καὶ
1333 5753 1531 5833 πάντη..
1541 5750 1903 5833 σωματοειδῆ.

394 5836 520 5891 ertit
541 5821 673 5903 ergo
702 5841 872 5898 recte,
898 5839 955 5884 ut
980 5841 1099 5890 nos,
1141 5824 1476 5879 Ambrosius.
1507 5821 1620 5875 Non
1648 5829 1727 5875 est
1757 5835 1907 5873 asse-

1941 4681 1988 4740 ι)
2015 4640 2177 4740 -..ἓξὲξ

2086 2844 2390 2902 TllEOPH.
2423 2846 2494 2901 At
2523 2846 2767 2902 Platonis
2803 2849 3190 2920 mysteriorum
3231 2849 3593 2921 interpretes,

2015 2937 2347 3005 τὸ,γέγονεν,
2375 2937 2426 2991 ld
2451 2947 2554 3002 est,
2589 2936 2792 2992 factum
2827 2947 2930 3004 est,
2961 2953 3068 2993 non
3097 2941 3414 3010 simpliciter
3441 2945 3585 2998 acci-

2016 3031 2193 3099 piunt,
2212 3029 2305 3084 sed
2325 3029 2546 3098 perinde
2568 3044 2630 3084 ac
2661 3029 2708 3084 si
2737 3029 3008 3085 diceretur
3037 3033 3334 3086 secundum
3364 3049 3581 3089 causam

2017 3119 2244 3183 factum,
2275 3129 2576 3188 exponunt.
2612 3117 2682 3173 Ut
2708 3120 2913 3175 umbra:
2939 3133 3072 3174 meat
3101 3134 3339 3184 causam,
3367 3121 3470 3177 mei
3499 3123 3581 3194 ip-

2018 3213 2132 3267 sius
2160 3226 2358 3282 corpus
2386 3213 2471 3266 aio
2508 3229 2522 3268 :
2558 3221 2614 3265 at
2638 3227 2701 3266 ea
2729 3227 2924 3282 corpus
2957 3227 3136 3267 meum
3169 3227 3275 3267 non
3309 3213 3463 3281 fecit,
3489 3215 3584 3272 sed

1939 3272 1983 3331 ω
2015 3304 2131 3359 base
2161 3305 2333 3372 ipsum
2365 3313 2549 3358 secuta
2577 3314 2681 3360 est.

2082 3393 2319 3449 AXlTll.
2358 3395 2496 3464 Ergo
2521 3394 2786 3449 Conditor
2821 3409 2927 3449 non
2957 3403 3040 3449 est
3069 3394 3341 3460 conditor,
3375 3396 3422 3450 si
3458 3397 3593 3466 qui-'

2011 3485 2132 3540 dem
2173 3500 2294 3555 qua:
2323 3485 2474 3550 fecit,
2501 3487 2722 3540 minime
2752 3500 2848 3539 sua
2871 3485 3145 3539 voluntate
3178 3484 3309 3540 fecit
3339 3502 3354 3540 :
3389 3495 3442 3540 et
3463 3487 3584 3541 uni-

2011 3589 2230 3630 versum
2267 3577 2390 3643 hoc,
2423 3576 2682 3646 quidquid
2714 3585 2818 3643 est,
2847 3586 3038 3646 Sponte
3059 3591 3157 3631 sua
3183 3585 3346 3646 atque
3381 3593 3450 3632 ex
3490 3593 3582 3632 se-

2009 3679 2069 3721 se
2097 3665 2332 3721 exsistit.
2364 3666 2433 3720 Et
2479 3666 2580 3720 nisi
2630 3666 2702 3720 sit
2739 3665 2940 3720 factum
2986 3665 3096 3734 jam
3131 3664 3349 3735 aliquod
3380 3681 3586 3736 corpus

2014 3755 2158 3822 quod
2183 3763 2287 3809 stet
2317 3770 2348 3810 e
2385 3754 2604 3824 regione
2643 3755 2792 3820 solis,
2826 3771 2930 3810 non
2971 3757 3222 3811 concedit
3268 3766 3329 3812 ut
3367 3772 3398 3812 a
3434 3767 3587 3829 tergo

2014 3843 2103 3898 lux
2150 3843 2296 3897 ﬁat:
2345 3843 2507 3912 idque
2545 3844 2716 3912 ipsum
2771 3854 2858 3900 est
2911 3845 3122 3902 umbra.
3167 3847 3321 3904 Unde
3367 3857 3424 3903 et
3464 3850 3584 3904 talis

2013 3942 2098 3988 est
2141 3935 2330 3989 umbra
2355 3974 2371 3999 ,
2397 3934 2556 4002 quale
2603 3950 2802 4004 corpus
2847 3935 2972 3990 illud
3009 3939 3241 3993 exsistit.
3268 3939 3338 3993 At
3379 3939 3584 3994 Condi-

2015 4035 2100 4080 tor
2128 4034 2214 4081 est
2244 4026 2596 4097 incorporeus
2635 4039 2688 4083 et
2723 4030 3058 4096 immensus,
3093 4039 3147 4085 et
3188 4031 3280 4086 lux
3333 4034 3580 4102 quaedam

2008 4126 2211 4172 acterna
2248 4135 2263 4173 :
2309 4121 2579 4187 quomodo
2629 4121 2814 4190 igitur,
2847 4131 2941 4175 aut
2971 4125 3235 4178 undenam
3267 4126 3459 4180 umbra
3491 4141 3584 4180 ac-

2008 4212 2215 4267 cessit?
2259 4210 2540 4277 Quomodo
2594 4226 2725 4267 vero
2780 4213 3257 4281 praestantissimus
3309 4224 3364 4270 ct
3419 4230 3587 4271 verus

2013 4369 2168 4416 cutus
2194 4362 2446 4429 Wollius,
2482 4365 2671 4420 vitiato
2700 4364 2880 4420 codici
2908 4364 3194 4419 addictior.
3234 4365 3331 4420 ΒΑ.

2081 4431 2192 4504 (6i)
2233 4434 2334 4487 ΕΟ.
2370 4433 2428 4488 P.
2459 4434 2517 4486 τὸ
2545 4435 2768 4502 γέγονεν
2791 4437 2854 4488 οὐ
2884 4435 3073 4504 γέγονε
3112 4436 3226 4503 γέν.

2084 4501 2195 4569 (62)
2239 4503 2343 4556 CC.
2380 4504 2438 4557 P.
2468 4501 2702 4571 ἐγένετο.

2086 4572 2198 4710 (65)
2375 4572 2435 4626 Ρ.
2465 4575 2669 4643 τούμὸν
2705 4574 2883 4642 σῶμα.

2087 4640 2177 4707 (64
2248 4641 2429 4695 Τοῦτο
2459 4643 2497 4710 ἡ
2551 4643 2716 4696 σκιά.
2756 4644 2832 4696 De
2873 4659 2883 4696 ι

2248 4641 2429 4695 Τοῦτο
2459 4643 2497 4710 ἡ
2551 4641 2716 4696 auaui.
2756 4641 2832 4696 De
2873 4645 3058 4697 umbra
3091 4645 3317 4700 miriﬁca
3350 4653 3399 4699 et
3431 4648 3580 4702 serio

2014 4711 2228 4776 quidem
2255 4712 2543 4783 commenti
2565 4723 2689 4783 sunt
2713 4722 2768 4783 et
2792 4723 3159 4783 mentoraruut
3184 4715 3415 4783 antiqui.
3448 4715 3580 4771 Vide

2007 4783 2302 4845 elegantem
2336 4780 2528 4834 librum
2582 4780 2806 4836 Joannis
2860 4782 3137 4847 Wowerii,
3191 4784 3278 4836 cui
3317 4780 3573 4840 titulus:

2010 4848 2133 4924 [)ies
2164 4852 2363 4924 (rstica,
2397 4851 2524 4924 sive
2548 4852 2831 4924 de_umbra
2862 4853 3100 4920 pwgm’on
3121 4853 3333 4924 ,jucujus
3371 4854 3582 4924 insigne

2011 4917 2296 4986 ingenium,
2318 4920 2480 4972 vitam
2515 4920 2671 4975 isthic
2702 4917 2916 4975 omnem
2942 4917 3094 4974 suam
3128 4917 3458 4976 illustrandae
3479 4917 3580 4978 3n-

2013 4987 2245 5057 tiquitati
2301 4989 2610 5057 impendere
2661 4990 2920 5051 debebat,
2972 4991 3106 5042 adeo
3135 4990 3184 5042 ei
3244 4991 3320 5044 rei
3377 4992 3580 5048 factum

2012 5056 2183 5112 fuisse
2206 5056 2442 5130 videtur.
2463 5058 2582 5130 Sed
2609 5059 2880 5130 abstulere
2909 5060 3139 5112 fructum
3178 5059 3320 5130 hunc
3338 5063 3580 5130 tempori

2015 5129 2289 5193 praeterito
2329 5126 2600 5183 ambitiosi
2633 5129 2853 5196 spiritus
2887 5139 2937 5183 et
2985 5129 3284 5183 inconsulta
3331 5126 3578 5196 juventa.

2016 5197 2168 5270 Quod
2195 5213 2316 5250 cum
2341 5198 2743 5270 adoiesceutulo
2768 5198 2894 5270 olim
2923 5198 3050 5251 mihi
3083 5209 3418 5270 quereretur,
3451 5217 3571 5270 gra-

2023 5267 2258 5338 titicatus
2297 5282 2413 5321 sum
2448 5267 2642 5323 Poema
2689 5267 2787 5334 ipsi
2834 5268 2901 5322 de
2929 5269 3359 5337 peregrinatione
3385 5267 3575 5338 juien-

2023 5338 2153 5390 tutis
2201 5337 2557 5401 Germaniae,
2607 5339 2747 5406 quod
2798 5339 3031 5392 revisunt
3081 5349 3136 5392 et
3184 5339 3249 5390 ad
3307 5351 3574 5394 momenta

2021 5408 2316 5476 prudentia:
2339 5423 2441 5460 non
2469 5408 2671 5476 inutilia
2698 5406 2970 5460 redactum
2999 5407 3576 5476 aliquandoediturum

2011 5473 2288 5544 polliceor.
2343 5476 2449 5530 Sed
2497 5479 2607 5531 haec
2647 5473 2800 5530 ὂύδὲν
2842 5476 2981 5546 πρὸς
3019 5473 3223 5545 ταῦτην
3251 5475 3348 5547 τὴν
3394 5480 3574 5543 σκιάν,

2009 5547 2168 5614 cujus
2220 5547 2421 5614 mentio
2466 5547 2554 5599 hic
2600 5549 2761 5602 etiam
2820 5562 2923 5600 non
2981 5556 3065 5602 est
3113 5562 3218 5601 non
3269 5547 3571 5602 umbrosior

2008 5611 2183 5736 aelq'uo.
2233 5611 2366 5737 \I’lide
2399 5617 2618 5671 omnino
2659 5616 3019 5686 Zachariam,
3050 5616 3127 5673 De
3158 5618 3355 5672 mundo
3386 5632 3445 5686 p.
3474 5617 3574 5671 105

2008 5700 2036 5737 c
2096 5700 2188 5737 sua
2288 5701 2339 5737 Α.

2008 5695 2056 5739 Cl
2096 5700 2188 5739 ςαα
2245 5695 2339 5738 ΒΑ.

2371 5753 2429 5808 P.
2461 5754 2725 5824 αὑτοφῶς.

3487 447 3596 512 962
3669 496 3672 500 λ
