4144 6550
1527 288 1557 301 κ

335 422 444 488 965

1613 410 2236 471 THEOPHRASTUS.

3478 413 3583 478 966
3627 459 3631 463 ν

336 539 474 607 κίνῳ
502 534 599 589 τοῦ
626 531 833 603 κόσμου
860 529 957 601 τὴν
982 527 1166 601 ὦρανς
1191 525 1328 581 ἀλλὰ
1354 526 1445 579 καὶ
1484 524 1757 577 Ἀπόλλων
1780 524 1910 576 ποτὲ

2024 538 2112 579 cur
2145 538 2251 579 non
2281 522 2521 579 rideatur
2554 521 2677 589 ille.
2702 524 2792 593 qui
2818 539 2915 581 nec
2941 524 3317 596 Egyptiorum
3361 529 3577 586 vatibus

337 625 679 698 χρησμῳδῶν
704 622 957 692 γενέσθαι
988 619 1084 673 καὶ
1110 621 1231 682 τοὺς
1264 617 1520 688 δαίμονας
1547 616 1663 687 ᾄδει
1688 614 1782 668 καὶ
1803 615 1911 684 πρὸ

336 718 431 772 τοῦ
484 714 778 786 ἀνθρώπου
828 711 1101 782 γενέσθαι,
1140 710 1236 763 καὶ
1282 708 1389 779 πρὸ
1426 707 1525 777 τῆς
1557 706 1650 759 τοῦ
1701 706 1908 767 κόσμου

339 805 720 874 κατασκευῆς,
769 803 863 856 καὶ
919 802 1057 873 πρὸς
1109 799 1297 870 χρείαν
1345 797 1634 868 ἀνθρώπου
1678 794 1755 865 τῷ
1804 797 1910 864 Δη-

342 894 586 965 μιουργῷ
628 894 912 946 διακονεῖν.
955 893 1014 944 Ὀ
1041 891 1098 944 δὲ
1134 890 1399 961 χρησμός’
1438 906 1456 940 t
1511 887 1764 957 Ἐκτίσθη
1804 886 1911 958 πρὸ

344 987 495 1056 ἡμῶν
541 984 651 1054 (72)
688 984 836 1047 θείας
866 984 960 1037 τοῦ
996 984 1200 1051 κόσμου
1239 980 1405 1050 γονῆς
1456 979 1708 1049 ἄφθαρτα
1750 978 1914 1032 πνεύ-

343 1093 490 1147 ματα
534 1077 612 1139 είς
662 1075 933 1145 ἡμετέρας
964 1072 1175 1143 χρείας.
1219 1090 1237 1122 ι
1275 1071 1399 1134 Πῶς
1431 1066 1523 1123 οὖν
1557 1071 1607 1123 οἱ
1637 1070 1731 1122 τοῦ
1773 1069 1915 1122 Πλά-

349 1185 508 1229 τωνος
536 1166 886 1238 μυσταγωγο).
914 1164 985 1218 τά
1007 1181 1066 1216 τε
1101 1162 1273 1231 νοητὰ
1308 1163 1404 1215 καὶ
1432 1162 1501 1215 τὰ
1532 1161 1765 1231 αἰσθητὰ
1799 1161 1916 1230 ἅμα

343 1261 525 1313 πάντα
577 1256 1011 1328 παραγαγόντες,
1068 1255 1169 1307 οὐκ
1218 1252 1438 1306 ἐναντία
1488 1250 1798 1320 σοφίζονται
1834 1251 1914 1321 τῷ

354 1348 651 1401 Ἀπόλλωνι
701 1348 796 1399 καὶ
843 1345 923 1415 τῷ
968 1344 1248 1407 Πλάτωνι;
1303 1342 1378 1396 Οὐ
1427 1341 1536 1411 γὰρ
1589 1341 1655 1411 δὴ
1688 1338 1804 1409 ἅμα
1849 1339 1914 1410 δὴ

345 1437 542 1490 πάντα.
589 1435 704 1487 Νῦν
749 1433 843 1485 τοῦ
898 1432 1088 1502 θέρους
1137 1430 1340 1501 ήῶρα,
1381 1428 1475 1481 καὶ
1518 1430 1588 1482 τὰ
1626 1428 1772 1496 φυτὰ
1807 1430 1916 1490 τοῖς

344 1529 578 1598 καρποῖς
609 1523 1098 1593 ἐγκαλλωπίζεται,
1129 1520 1284 1574 οὔπω
1311 1521 1369 1573 δὲ
1395 1520 1601 1591 χειμὼν
1632 1522 1915 1593 καταρρή-

345 1635 577 1686 γνυται;
619 1612 743 1688 Ἀρ⁹
770 1614 864 1668 οὖν
896 1614 990 1667 τοῦ
1023 1614 1124 1685 μὲν
1159 1613 1353 1683 θέρους
1379 1612 1497 1665 ἐστὶ
1532 1612 1783 1681 ποιητὴς,
1819 1612 1912 1665 τοῦ

344 1711 402 1762 δὲ
440 1708 711 1778 χειμῶνος
755 1706 971 1772 οὐκέτι;
1008 1706 1130 1758 Οὐδ’
1183 1699 1339 1767 οὗτος
1377 1703 1492 1769 bat;
1523 1703 1634 1756 οὐδ’
1677 1705 1759 1765 είς
1789 1720 1916 1775 καρ-

347 1800 607 1868 πογονίαν
655 1795 1073 1869 προευτρεπίζει
1116 1795 1215 1867 τὴν
1245 1796 1381 1866 γῆν;
1413 1797 1496 1849 ὃτι
1538 1796 1614 1866 μὴ
1653 1795 1714 1847 τὸ
1756 1794 1913 1864 θέρος

2013 628 2292 668 assensum
2328 615 2598 683 praebeat,
2633 615 2725 683 qui
2764 629 2885 669 cum
2927 618 3113 671 mundi
3160 618 3369 673 initium
3402 636 3573 691 gene-

2013 704 2388 770 rationemque
2416 713 2727 772 exponunt,
2766 720 2965 760 cancro
3006 718 3216 776 tempus
3253 712 3430 766 aetatis
3459 718 3577 782 ejus

2011 794 2331 849 ascribunt?
2379 793 2485 849 Sed
2547 804 2602 849 et
2650 794 2843 863 Apollo
2896 798 3127 864 quodam
3170 802 3393 856 oraculo
3430 805 3577 857 edito

2013 885 2325 953 respondit:
2364 884 2506 940 Ante
2538 885 2816 939 hominum
2879 887 3173 956 mundique
3224 894 3576 961 creationem,

2014 975 2284 1031 dremones
2317 976 2489 1032 factos
2519 992 2659 1042 esse,
2690 977 2781 1046 qui
2823 977 3099 1034 Conditori
3147 982 3376 1038 salutem
3409 984 3580 1040 homi-

2017 1066 2100 1121 nis
2153 1068 2363 1122 curanti
2406 1067 2793 1123 subservirent.
2829 1068 3119 1125 Oraculum
3174 1082 3351 1127 autem
3402 1075 3576 1144 ipsum

2015 1159 2095 1213 sic
2118 1159 2280 1213 habet
2304 1178 2317 1213 :
2349 1158 2568 1214 Couditi
2590 1169 2718 1215 sunt
2751 1169 2873 1216 ante
2902 1177 3001 1216 nos
3030 1163 3370 1233 divinumque
3394 1167 3579 1221 mundi

2017 1250 2422 1319 generationem
2449 1291 2464 1314 ,
2495 1251 2830 1306 immortales
2857 1253 3080 1321 spiritus
3122 1254 3175 1307 in
3202 1264 3440 1309 nostram
3479 1256 3586 1309 uti-

2017 1340 2247 1396 litatem.
2290 1342 2391 1408 Qui
2419 1343 2477 1396 lit
2529 1344 2690 1412 igitur
2740 1354 2798 1398 ut
2844 1342 3083 1399 Platonis
3130 1347 3476 1414 interpretes,
3529 1358 3585 1403 et

2019 1441 2253 1487 mentem
2291 1442 2348 1488 et
2376 1448 2591 1488 sensum
2630 1434 2882 1489 habentia
2923 1437 3084 1490 simul
3113 1438 3296 1491 oumia
3340 1439 3582 1493 introdu—

2018 1524 2182 1580 cant?
2211 1539 2388 1578 anuou
2421 1526 2754 1579 contrariam
2786 1525 3064 1594 Apollini,
3094 1529 3196 1597 ipsi
3244 1530 3409 1584 etiam
3451 1531 3582 1585 Pla-

2018 1618 2128 1672 toni
2176 1616 2570 1685 philosophiam
2609 1617 2710 1671 hoc
2750 1618 2866 1686 ipso
2895 1618 3173 1673 elliciunt?
3214 1620 3401 1691 Neque
3434 1624 3578 1679 enim

2019 1704 2201 1760 omnia
2230 1704 2391 1758 simul
2424 1706 2717 1763 exsistunt.
2748 1704 2864 1759 Jam
2901 1708 3105 1762 aastatis
3130 1718 3339 1778 tempus
3366 1721 3482 1776 est,
3531 1722 3586 1767 et

2018 1796 2215 1866 planta:
2250 1795 2515 1851 fructibus
2548 1806 2754 1851 ornatae
2788 1798 3015 1853 mirifice
3043 1798 3143 1853 sibi
3176 1800 3388 1869 placent
3417 1819 3431 1856 :
3466 1820 3586 1858 uec-

346 1892 465 1963 ἅμα
498 1890 577 1962 τῷ
618 1889 849 1961 χειμῶνι
881 1888 1271 1959 συμφύρεται;
1318 1887 1457 1941 Ἀλλ’
1502 1888 1601 1940 οὐκ
1631 1887 1916 1952 ἀσθενείας

2024 1888 2143 1943 dum
2169 1888 2342 1944 hiems
2373 1903 2470 1943 nos
2491 1890 2692 1944 obruit.
2718 1889 2854 1944 Num
2887 1905 3016 1961 ergo
3043 1891 3133 1945 ille
3155 1893 3328 1946 solum
3355 1895 3582 1958 aestatis,

344 1985 453 2038 οὐδ’
484 1983 739 2050 ἀταξίας,
790 1981 927 2035 ἀλλὰ
972 1980 1178 2046 τάξεως
1222 1981 1313 2034 καὶ
1355 1980 1636 2051 δυνάμεως
1667 1979 1780 2049 (75)
1812 1998 1912 2051 ση-

348 2076 522 2143 μεῖον.
577 2074 639 2125 Ἡ
680 2072 871 2142 σιωπὴ
916 2072 1011 2125 τοῦ
1062 2070 1378 2141 Πυθαγόρου
1438 2072 1501 2123 τὸ
1544 2071 1757 2142 δόγμα*
1797 2070 1912 2124 ἀλλ’

344 2165 493 2234 ὅμως
524 2164 737 2233 λογικὸς
778 2166 889 2236 (74)
917 2160 1005 2234 ἦν,
1046 2164 1094 2216 εί
1139 2165 1231 2218 καὶ
1269 2165 1388 2217 τότε
1422 2165 1632 2235 σιωπᾷν
1663 2162 1910 2232 ἐγνώκει.

356 2256 423 2308 Ἥ
452 2257 508 2309 δὲ
546 2257 1006 2327 ἀγαλματοποιία,
1040 2255 1134 2310 τοῦ
1164 2256 1371 2309 Φειδίου
1400 2257 1560 2327 τέχνη
1578 2296 1593 2319 ,
1623 2255 1738 2309 ἀλλ’
1765 2257 1914 2325 ὅμως

343 2350 674 2421 δημιουργὸς
700 2347 768 2421 ἦν
793 2366 807 2382 ·
839 2352 888 2404 εί
927 2351 1020 2404 καὶ
1050 2350 1125 2420 μὴ
1154 2349 1271 2420 ἅμα
1292 2350 1354 2402 τὸ
1386 2351 1442 2403 ὲν
1475 2347 1769 2419 ἀκροπόλει
1800 2347 1912 2419 (75)

344 2444 439 2496 καὶ
468 2446 525 2497 ὲν
572 2444 844 2515 Ὀλυμπίᾳ
876 2443 1177 2515 πεποίηκεν
1196 2443 1439 2513 ἄγαλμα.

2019 1995 2083 2034 ac
2137 1995 2239 2035 non
2274 1980 2437 2034 etiam
2495 1980 2689 2035 hiemis
2741 1989 2824 2036 est
2859 1982 3117 2036 creator?
3159 1999 3287 2037 num
3340 1985 3427 2039 ille
3478 2001 3583 2040 nou

2021 2071 2187 2142 pluit?
2220 2088 2286 2126 an
2333 2088 2458 2126 vero
2502 2071 2744 2126 tellurem
2797 2085 3075 2143 pr0pterea
3135 2090 3240 2130 non
3286 2077 3373 2132 ltic
3423 2078 3583 2131 etiam

2021 2163 2372 2233 procreandis
2410 2163 2657 2234 frugibus
2706 2173 2886 2233 aptam
2931 2176 3095 2235 atque
3147 2167 3396 2222 idoneam
3432 2170 3582 2234 facit,

2020 2256 2145 2325 quia
2196 2269 2319 2310 cum
2369 2254 2547 2309 hieme
2602 2269 2705 2309 non
2746 2255 3025 2313 confundit
3056 2260 3334 2313 aestatem?
3368 2262 3437 2315 At
3486 2263 3587 2316 hoc

2020 2361 2194 2415 neque
2236 2346 2624 2403 imbecillitatis
2662 2362 2837 2418 neque
2883 2350 3113 2418 neglecti
3144 2350 3384 2415 ordinis,
3414 2353 3506 2405 sed
3534 2363 3589 2407 et

2020 2440 2222 2495 servati
2255 2440 2461 2495 ordinis
2486 2448 2540 2496 et
2578 2456 2805 2496 summa:
2842 2442 3093 2510 potentite
3136 2442 3585 2512 signiﬁcationem

2018 2532 2199 2588 habet.
2237 2531 2524 2586 Silentium
2552 2532 2771 2602 quidem
2806 2531 3123 2603 Pythagorae
3153 2533 3428 2588 decretum
3466 2534 3584 2603 fuit,

350 2639 405 2684 et
437 2638 610 2683 tamen
636 2626 986 2683 nihilominus
1010 2628 1236 2683 rationis
1264 2641 1485 2696 compos
1514 2636 1655 2693 erat,
1680 2635 1738 2679 ut
1763 2625 1812 2680 ei
1855 2634 1982 2681 tunc
2015 2626 2303 2681 tacendum
2339 2624 2631 2679 videretur.
2672 2624 3008 2680 Statuariam
3038 2634 3212 2679 artem
3243 2625 3461 2683 Phidias
3485 2644 3587 2684 no.

346 2726 701 2786 verat,atque
727 2716 889 2770 etiam
926 2714 1099 2771 bonus
1131 2723 1249 2770 erat
1280 2715 1471 2770 artifex
1498 2733 1512 2770 :
1551 2717 1653 2770 etsi
1694 2731 1796 2769 non
1828 2715 1881 2769 in
1913 2730 2039 2771 arce
2070 2715 2483 2771 Atheniensium
2507 2716 2669 2772 simul
2694 2717 2750 2772 in
2781 2715 3029 2788 Olympia
3053 2727 3264 2774 statuas
3286 2720 3549 2790 erigeret.

418 2807 611 2859 ΘΕΟΦ.
643 2804 878 2857 Πότερον
903 2798 995 2857 οὖν
1025 2804 1209 2858 κακῶς
1249 2804 1367 2858 τόδε
1400 2805 1462 2858 τὸ
1491 2806 1600 2859 πᾶν
1630 2803 1915 2883 συνεδέθης

416 2985 591 3038 ΑΞΙΘ.
623 2983 904 3054 Οὐμενοῦν
920 2979 988 3055 ἦν
1015 2983 1236 3053 ἄμεινον
1268 2984 1402 3055 (76).

417 3079 610 3131 ΘΕΟΦ.
639 3077 761 3141 Πῶς
789 3072 882 3131 οὖν
912 3077 1236 3147 λυθήσεται;

418 3168 593 3225 ΑΞΙΘ.
629 3170 754 3222 Ὅτι
793 3168 853 3222 τὸ
882 3168 1156 3232 συντεθὲν,
1209 3167 1308 3238 οὐχ
1364 3167 1587 3224 ἁπλοῦν.
1623 3167 1785 3221 ’Λλλο
1809 3167 1918 3238 γὰρ

290 3318 297 3333 τ
350 3261 495 3332 ἄλλῳ
528 3261 897 3331 συμπλέκεται
927 3260 1062 3332 (77).
1111 3260 1187 3312 Τὸ
1226 3259 1283 3313 δὲ
1328 3260 1392 3312 ὲκ
1436 3257 1646 3312 πολλῶν
1673 3258 1769 3312 καὶ
1797 3260 1920 3312 ἀνο-

353 3354 521 3425 μοίων
550 3356 644 3407 καὶ
674 3354 929 3407 ἐναντίων
961 3351 1238 3414 συντεθὲν.
1296 3348 1355 3405 εὖ
1400 3351 1712 3404 διαλύεταιθ
1751 3350 1812 3403 τὸ
1864 3349 1920 3402 δὲ

349 3443 575 3513 δύναμιν
596 3444 705 3514 (78)
724 3444 857 3515 πρὸς
869 3443 1110 3496 διάλυσιν
1128 3441 1250 3513 ἕχον
1272 3440 1601 3512 ἐπιτηδείαν,
1636 3440 1923 3510 ἐνεργήσει

350 3534 483 3586 ποτὲ
508 3534 665 3587 τοῦτο
687 3535 820 3603 ὅπερ
857 3535 892 3605 ἡ
912 3534 1142 3601 δύναμις
1168 3531 1343 3585 ὥδινε.

2084 2803 2383 2861 THEOPII.
2404 2806 2487 2861 An
2513 2821 2641 2877 ergo
2672 2808 2982 2863 universam
3009 2810 3150 2865 hanc
3176 2812 3359 2864 mundi
3391 2812 3592 2867 machi-

2020 2914 2141 2964 nam
2169 2898 2306 2952 male
2336 2910 2674 2968 compactam
2706 2900 2933 2955 censes?
3442 2970 3445 2973 _

2086 2987 2324 3043 AXlTil.
2350 2989 2466 3045 Non
2497 2999 2583 3046 est
2609 2991 2754 3045 aliud
2780 2992 2881 3045 hoc
2913 2990 3133 3061 Opilicio
3182 2992 3373 3046 melius
3399 2993 3585 3049 ullmn.

1946 3103 1988 3160 ο
2090 3078 2387 3133 TllEUPll.
2417 3079 2534 3146 Quo
2561 3090 2718 3150 pacto
2750 3082 2910 3152 igitur
2942 3083 3143 3151 poterit
3178 3083 3447 3136 dissolvi?

2095 3170 2328 3226 AXl'l‘ll.
2369 3170 2503 3237 Quia
2532 3173 2633 3227 hoc
2662 3189 2796 3243 opus
2815 3188 2920 3227 non
2944 3173 3172 3241 simplex
3203 3184 3305 3238 est,
3330 3176 3422 3228 sed
3444 3189 3593 3228 com-

2026 3264 2296 3333 positum:
2331 3265 2528 3334 quippe
2560 3264 2752 3334 inquo
2789 3264 3020 3320 alterum
3062 3280 3185 3319 cum
3246 3265 3417 3319 altero
3457 3281 3592 3319 con-

2020 3352 2300 3422 iungatur.
2336 3355 2407 3408 At
2434 3356 2696 3425 quidquid
2719 3365 2802 3411 est
2826 3371 2890 3410 ex
2921 3356 3103 3410 multis
3127 3367 3179 3410 et
3208 3356 3589 3421 dissimilibus,

2029 3443 2204 3514 iisque
2238 3446 2400 3500 etiam
2435 3447 2574 3501 inter
2610 3461 2670 3502 se
2710 3447 3001 3501 contrariis
3035 3451 3193 3502 rebus
3225 3457 3589 3516 compactum,

2030 3534 2083 3589 id
2113 3548 2241 3590 vero
2291 3534 2451 3591 facile
2490 3536 2707 3591 dissolvi
2737 3545 2930 3605 potest.
2965 3536 3234 3605 Quidquid
3266 3545 3445 3592 autem
3483 3537 3588 3591 vim

351 3634 409 3680 et
438 3634 685 3677 naturam
716 3636 893 3692 aptam
919 3625 986 3677 ad
1016 3621 1100 3677 sui
1167 3620 1573 3705 dissolutionem
1613 3630 1773 3691 atque
1806 3620 2087 3681 interitum
2145 3626 2330 3692 habet,
2358 3626 2412 3682 id
2474 3627 2764 3697 aliquando
2822 3628 2925 3683 hoc
2965 3630 3137 3698 ipsum
3161 3641 3301 3699 aget,
3327 3633 3394 3684 ad
3424 3630 3589 3699 quod.

352 3715 422 3769 ab
450 3730 545 3768 sua
576 3724 767 3768 natura
800 3723 1047 3769 vocatur.

421 3802 615 3857 ΘΕΟΦ.
632 3803 698 3856 Τί
722 3803 854 3856 δὲτὸ
871 3801 1050 3866 καλῶς
1071 3802 1321 3857 συντεθὲν
1343 3803 1436 3857 καὶ
1450 3802 1723 3874 ἁρμοσθὲν
1745 3801 1915 3871 λύειν,

356 3895 547 3963 σοφίας
571 3892 710 3950 εἷναί
745 3912 825 3947 σοι
852 3894 1024 3947 δοκεῖ’

426 4074 598 4129 ΑΞΙΘ.
652 4076 715 4128 Εἰ
770 4075 837 4129 τὰ
899 4074 1040 4146 μέρη
1100 4074 1271 4146 θνητὰ
1314 4075 1693 4140 καταλέλοιπε,
1723 4075 1818 4129 καὶ
1862 4075 1925 4130 τδ

354 4168 474 4221 ὅλον
504 4166 736 4222 διαλύειν
782 4165 1162 4238 προδιώρισεν.
1208 4166 1300 4232 Ἐξ
1341 4168 1565 4221 ἐκείνων
1590 4167 1699 4239 γὰρ
1734 4166 1925 4221 τοῦτο’

436 4321 545 4394 (72)
584 4321 733 4394 B_ast.
779 4321 967 4394 (mihi).
1001 4319 1260 4394 Homines
1300 4323 1486 4391 utique
1534 4322 1796 4394 allocutus
1843 4332 1930 4379 est

355 4391 801 4463 Apollu._ltaque
823 4391 980 4463 nihil
1013 4391 1215 4463 certius
1244 4400 1510 4463 estquam
1552 4393 1921 4463 scribendum,

359 4458 468 4534 πρὸ
496 4461 671 4531 ὑμῶν,
702 4458 755 4515 et
783 4476 903 4514 mox
936 4461 1015 4522 εἰς
1040 4458 1311 4530 ὑμετέρας
1335 4458 1545 4532 χρείας.
1581 4462 1686 4515 Alii
1718 4463 1920 4530 legunt,

361 4534 465 4558 --λ
488 4531 644 4558 Δ...“...
673 4531 763 4558 ναὶ
794 4530 894 4558 _.“.'.-
923 4528 976 4558 £1
1007 4527 1074 4558 τοι
1137 4528 1348 4558 [ὶηιὶηιη
1404 4531 1465 4558 Ι).

2032 4466 2207 4558 Ξργων
2244 4468 2343 4558 τοιΞ
2367 4458 2606 4558 ’ξῡειδίου

359 4527 468 4605 πρὸ
488 4527 644 4655 gitti»:
673 4531 767 4584 καὶ
794 4530 904 4609 ’τῆς⁵
923 4528 978 4582 δέ
1006 4527 1098 4601 [ηζ
1137 4527 1500 4597 ΟριίιυέῙΒΑ.
1589 4560 1595 4568 -

431 4603 483 4655 l7
529 4605 544 4655 l
582 4600 688 4655 CC.
725 4599 786 4655 P.
813 4615 972 4652 τουτο
1002 4612 1158 4655 suun.

431 4598 544 4673 (73)
582 4600 688 4656 CC.
723 4599 786 4673 _P.
813 4598 972 4673 τοῦτο
1002 4598 1158 4673 su‘pp.

433 4666 545 4744 (74)
588 4673 667 4725 Ad
690 4666 1176 4744 eloquium_ma_h_tit
1207 4666 1549 4744 interpretari
1584 4670 1925 4744 Ambrosius.

365 4736 678 4797 Saite'vero
704 4748 759 4794 et
795 4736 993 4793 rationi
1040 4736 1322 4791 videbatur
1348 4736 1625 4793 adversari
1659 4748 1770 4793 tam
1811 4741 1931 4795 diu-

369 4824 581 4866 'urnum
610 4809 904 4864 silentium.
934 4806 1024 4861 Ille
1049 4815 1227 4877 autem
1256 4806 1385 4877 legit
1406 4807 1606 4877 λόγιος.
1640 4807 1740 4862 ΒΑ.

436 4882 551 4953 (75)
589 4880 762 4932 Ambo
794 4878 908 4953 hate
940 4877 1067 4953 fecit
1097 4874 1347 4953 Phidias;
1396 4874 1501 4953 non
1536 4881 1713 4953 minus
1748 4888 1931 4934 tamen

368 4945 559 5008 fuisset
610 4948 925 5011 statuarius,
961 4947 1005 5001 si
1030 4961 1134 5000 non
1170 4945 1401 5018 fecisset.
1436 4946 1633 5003 Neuter
1665 4949 1932 5018 interpres

358 5019 504 5087 §satis
545 5032 763 5074 sensum
795 5025 1077 5087 assecutus
1107 5025 1209 5087 est.
1245 5014 1526 5087 Olympius
1560 5029 1740 5074 autem
1779 5014 1932 5086 Jupi-

368 5102 453 5146 ter
486 5102 752 5144 sumtnum
789 5086 1077 5141 artiﬁcium
1108 5086 1465 5140 humanarum
1509 5104 1784 5143 manuum.
1825 5088 1931 5144 Va-

370 5162 534 5216 lerius
584 5157 848 5226 Maximus
900 5158 1037 5209 libro
1068 5169 1151 5220 tu,
1201 5170 1250 5209 c.
1282 5155 1336 5219 7,
1366 5158 1510 5226 (ext.
1556 5158 1621 5224 ι)
1655 5175 1669 5212 :
1711 5156 1930 5212 Phidias

405 5244 569 5299 Itaque
608 5225 1082 5299 Homerigversibus
1104 5226 1313 5299 egregio
1347 5225 1484 5279 dicto
1514 5227 1715 5299 allusit.
1747 5226 1930 5282 Simu-

390 5293 513 5357 ucrb
556 5297 693 5351 enim
717 5295 863 5349 lovis
904 5293 1135 5364 Olympii
1162 5293 1414 5364 perfecto.
1449 5312 1549 5365 quo
1578 5296 1780 5350 nullum
1802 5313 1933 5365 pra:-

366 5369 592 5424 stamius
618 5376 706 5419 aut
735 5366 1096 5417 admirabilius
1122 5366 1365 5434 humana:
1387 5366 1658 5434 fabricata:
1679 5375 1799 5421 sunt
1822 5384 1934 5420 ma-

372 5457 494 5503 nus,
525 5448 629 5492 etc.
662 5434 943 5505 Acropolis
970 5435 1110 5505 κατ’
1143 5432 1332 5505 ἐξοχὴν
1366 5432 1769 5505 Atheniensium
1809 5452 1929 5493 arx.

371 5508 429 5562 In
466 5524 527 5563 ea
573 5504 837 5574 Apollinis
862 5521 889 5557 a
926 5504 1110 5574 Phidia
1154 5504 1413 5557 elaborati
1446 5504 1692 5558 meminit
1724 5504 1931 5561 Pausa-

372 5578 495 5633 nias
524 5580 575 5632 iu
624 5572 817 5628 Atticis
848 5574 972 5644 (24,
1010 5572 1203 5644 8),ret
1240 5574 1456 5644 quidem
1480 5575 1655 5644 noxia
1710 5577 1933 5643 regione

376 5650 579 5702 insecta
607 5642 945 5712 expelletttis.
980 5645 1085 5697 Sed
1119 5643 1260 5696 haud
1291 5644 1449 5697 dubie
1477 5642 1726 5699 Minervae
1762 5642 1933 5701 simu-

373 5719 577 5771 lucrum
634 5716 809 5768 innuit
856 5714 1060 5767 Aiueas
1107 5712 1470 5783 interhomuia
1528 5713 1727 5768 Phidiae
1770 5732 1931 5783 opera

376 5787 883 5859 praeclarissimum.
912 5785 1051 5854 quod
1089 5780 1295 5838 Lemnii
1324 5782 1655 5850 dedicarunt,
1694 5794 1747 5839 ut
1790 5780 1929 5842 idem

2092 3800 2389 3857 THEOPH.
2420 3802 2503 3857 An
2556 3817 2686 3857 vero
2723 3811 2776 3857 tu
2814 3803 3075 3873 sapientis
3117 3819 3237 3858 esse
3290 3815 3479 3875 putas,
3538 3809 3591 3864 id

2024 3892 2168 3962 quod
2208 3891 2348 3945 bene
2372 3900 2708 3961 compactum
2738 3900 2825 3948 est
2861 3904 2917 3949 et
2964 3892 3232 3948 concinne
3258 3909 3596 3965 coagmenta-

2011 3970 2165 4047 ‘tum,
2196 3982 2534 4039 dissolvere?

2100 4074 2339 4130 AXITH.
2397 4075 2455 4132 Si
2504 4076 2725 4147 quidem
2778 4087 2834 4133 et
2883 4088 3065 4149 partes
3109 4080 3227 4151 ejus
3284 4084 3595 4141 interiturus

2035 4166 2205 4225 fecit:
2234 4177 2291 4225 et
2316 4176 2375 4225 ut
2400 4178 2572 4226 totum
2601 4169 2777 4241 ipsum
2807 4172 3158 4241 dissolvatur,
3175 4172 3288 4243 jam
3318 4187 3474 4233 antea
3503 4180 3595 4234 de-

2027 4325 2335 4403 ?ausauias
2355 4339 2640 4403 memorat;
2663 4329 3075 4403 Δύομδὲνίιιιιιιῑι
3096 4332 3181 4403 ((1,
3218 4333 3309 4396 28,
3336 4334 3426 4403 2).
3455 4334 3595 4387 ἄλλα

2031 4396 2180 4449 ἐστὶν
2208 4397 2552 4468 ἀναθήματα,
2599 4402 2670 4453 Πε
2715 4400 2870 4471 ικλῆς
2901 4404 2929 4454 ό
2975 4396 3316 4466 Ξανθίππου,
3348 4396 3442 4456 καὶ
3487 4404 3596 4456 τῶν

2032 4466 2207 4523 ἔργων
2244 4468 2340 4520 τοῦ
2395 4469 2606 4523 Φειδίου
2664 4418 2790 4523 (féac
2840 4472 3073 4523 ιιάλιστα
3125 4472 3295 4523 ἄξιον.
3362 4474 3594 4523 Ἀθηνᾶς

2696 4470 2790 4542 ea;
2828 4470 3073 4541 italiam
3125 4472 3295 4538 ἄξιον,
3362 4474 3594 4542 Ἀθηνᾶς

2031 4535 2276 4613 ἐγαλμα,
2310 4537 2419 4590 ἀπὸ
2450 4535 2904 4613 τῶν-ἀναθέντων
2945 4535 3285 4613 καλουμένης
3326 4535 3595 4612 Λημνίαςζ

2030 4605 2309 4678 Olympius
2357 4622 2485 4660 vero
2530 4607 2777 4678 ejusdem
2830 4612 3056 4667 artilicis
3110 4605 3321 4678 Jupi'ter
3383 4605 3593 4664 [autum

2032 4676 2401 4749 testimonium
2455 4676 2663 4745 habuit,
2717 4688 2774 4732 ιιι
2802 4679 2901 4748 ipsi
2953 4683 3117 4736 etiam
3172 4676 3280 4735 Deo
3339 4681 3599 4749 probatus

2031 4745 2403 4830 perhibeatur,
2453 4748 2529 4830 uti
2580 4745 2846 4829 memorat
2880 4751 3035 4830 Iidem
3091 4745 3350 4830 scriptor'
3379 4751 3593 4830 lily...“

2035 4813 2302 4879 Tradunt,
2361 4815 2560 4883 inquit,
2632 4819 2796 4886 ipsius
2855 4821 2939 4873 dei
3017 4813 3333 4874 auctoritate
3390 4817 3602 4873 Phidiae

2032 4895 2196 4936 arteut
2246 4888 2656 4957 ‘comprobatam
2705 4902 2723 4941 :
2789 4905 2910 4942 nam
2975 4907 3134 4957 cum,
3199 4889 3429 4953 expolita
3480 4891 3599 4957 jam

2032 4969 2201 5026 opere,
2228 4954 2420 5026 Jovem
2437 4966 2665 5026 rogasset
2690 4954 3129 5026 signiﬁcationem
3160 4974 3213 5012 ut
3242 4960 3340 5013 sibi
3368 4954 3599 5026 aliquam

2033 5024 2176 5077 daret
2222 5023 2642 5097 nunquidAilludr
2674 5023 2775 5095 ipsi
2811 5023 3079 5095 acceptum
3125 5039 3253 5083 esset
3297 5038 3344 5082 et
3397 5023 3602 5097 gratum

2033 5107 2185 5156 opus,
2217 5111 2330 5147 eam
2367 5094 2646 5159 pauimenti
2669 5094 2875 5161 partem
2920 5094 2984 5153 de
3022 5099 3148 5152 caelo
3183 5110 3377 5152 tactam
3401 5094 3602 5150 inemo-

2033 5169 2175 5237 rant_,
2207 5179 2308 5237 quo
2339 5164 2453 5217 loco
2488 5181 2624 5237 arua
2662 5176 2816 5221 (etate
2836 5184 2950 5222 mea
2979 5185 3045 5222 ea:
3070 5186 3194 5233 tere,
3220 5171 3356 5237 quod
3383 5168 3486 5221 loci
3519 5184 3601 5221 es-

2032 5242 2108 5306 set
2147 5233 2382 5306 insigne,
2409 5236 2583 5302 posita
2618 5248 2714 5291 est.
2752 5238 3054 5306 Acropolis,
3083 5240 3184 5294 etsi
3221 5233 3407 5292 uotum
3440 5240 3606 5291 Athe-

2034 5301 2309 5373 niensium
2334 5301 2476 5359 areis
2528 5306 2868 5373 vocabulum,
2892 5301 3235 5362 duas'tamen
3278 5307 3442 5362 etiam
3472 5306 3605 5359 civi-

2034 5378 2174 5448 tates
2226 5372 2429 5448 iudicat
2468 5375 2749 5448 diversas,
2807 5377 3034 5431 alteram
3105 5377 3325 5448 Libyae,
3384 5374 3606 5448 (Ertoliae

2032 5439 2279 5519 alteram.
2330 5443 2589 5519 Stephani
2629 5439 2915 5519 correptor
2957 5464 2970 5501 :
3019 5439 3338 5519 ’Λκρότξολις
3365 5446 3598 5516 Λιϐύης·

2034 5509 2151 5563 ἔστι
2179 5510 2236 5563 δὲ
2265 5512 2360 5565 καὶ
2384 5509 2673 5578 Α’ίτωλίας.
2701 5509 2793 5571 BA.

2108 5581 2218 5657 (Ῐρ)
2250 5583 2353 5657 (ξιξ.
2392 5582 2455 5657 [ᾖ.
2487 5584 2749 5657 οῠμενουν
2773 5583 2841 5657 ἦν
2874 5588 2972 5657 ἄμ.
3005 5585 3105 5643 Hic
3130 5597 3282 5643 certa
3318 5587 3534 5642 lacuna.

2107 5652 2219 5723 (77)
2261 5651 2365 5706 CC.
2407 5653 2463 5707 Ρ.
2499 5651 2936 5723 συμπέπλεκταῄ

2108 5721 2219 5792 (78)
2259 5724 2360 5778 CC.
2396 5723 2455 5780 Ρ.
2484 5721 2789 5781 εὐδιάλυτον
2820 5731 2884 5800 τῇ
2913 5728 3161 5799 δυνάμει,
3188 5727 3250 5780 τὸ
3272 5727 3327 5780 δὲ
3348 5725 3399 5779 δ.
