4144 6550
381 402 492 465 9Ἰ3

1688 409 2315 473 THEOPHRASTUS.

3542 421 3651 487 974

382 511 485 581 τῆς
535 511 946 585 φιλανθρωπίας
994 514 1088 568 καὶ
1124 512 1281 584 νίκης
1327 511 1588 586 (5)..οίδε
1632 515 1730 588 τὴν
1763 516 1970 589 φθορὰν

2073 519 2311 587 institize,
2334 520 2783 586 mansuetudinis,
2803 536 3079 592 proiiensa:
3098 539 3225 595 erga
3248 524 3542 581 humanum
3559 542 3648 596 ge-

380 604 591 677 ταύτην
626 606 655 659 ὁ
678 607 926 672 Πλάτων,
952 607 1002 660 εί
1030 606 1124 659 καὶ
1158 607 1256 677 τὴν
1284 605 1589 659 ἀθανασίαν
1615 606 1715 678 τὴν
1735 608 1969 679 μέλλου-

384 713 488 751 σαν
518 697 805 772 ἠγνόησεν.
840 699 915 751 υύ
950 697 1057 768 γὰρ
1086 697 1185 767 τῆς
1215 697 1320 767 γῆς
1363 697 1546 768 μόνον,
1577 699 1716 755 ἀλλά
1748 698 1843 753 καί
1874 700 1969 755 τοῦ

383 786 616 859 ούρανοῦ
644 788 853 860 φθοράν
883 788 1071 859 σαφῶς
1091 789 1379 858 ἐπεισάγει
1413 790 1646 859 Τιμαίῳ,
1672 791 1878 859 λέγων,
1906 792 1972 847 ὲκ

381 881 484 950 τῆς
515 879 724 943 οἰκείας
746 878 954 951 φθορᾶς
973 879 1066 933 τὸν
1097 878 1328 951 οὐρανὸν
1348 878 1669 951 τρέφεσθαι.
1700 882 1764 935 Εί
1787 882 1972 936 τοίνυν

381 972 557 1042 τροφὴ
578 974 672 1026 καὶ
698 974 732 1043 ἡ
755 970 953 1043 φθορά.
988 971 1092 1025 πού
1112 971 1173 1024 τὸ
1203 971 1507 1037 ἀθάνατον;
1537 973 1588 1025 ει
1620 972 1696 1044 μὴ
1718 972 1817 1045 τὴν
1843 973 1973 1043 φθο-

384 1062 487 1131 ρὰν
526 1062 556 1114 ὁ
585 1062 932 1134 Δημιουργὸς
967 1062 1290 1132 μεταλλάξει
1332 1062 1428 1115 τού
1473 1063 1706 1136 ούρανοῦ
1740 1065 1835 1118 καὶ
1870 1065 1973 1135 τῆς

380 1155 506 1224 γῆς,
539 1154 599 1208 τὸ
633 1154 754 1209 ὅλον
790 1155 871 1219 εἰς
899 1154 1194 1208 ἀθανασίαν
1243 1155 1676 1225 ἀναδυσάμενος,
1731 1156 1854 1226 μεθ’
1904 1159 1973 1229 ἢν

379 1246 484 1298 οὐκ
530 1243 610 1299 ἔτι
657 1245 905 1317 τελευτὴ,
949 1244 1072 1299 οὐδὲ
1113 1244 1316 1309 κακίας
1366 1244 1759 1313 ἐπανάστασις,
1808 1248 1868 1300 ού
1897 1247 1971 1319 (6)

384 1334 577 1405 θνητὸν
612 1333 799 1398 ούδένς
834 1336 959 1399 Τοῖς
990 1334 1048 1388 δὲ
1084 1335 1192 1389 άπὸ
1231 1336 1333 1405 τῆς
1376 1336 1547 1400 Στοᾶς
1599 1336 1799 1401 ἐδόκει,
1852 1339 1974 1393 πολ-

382 1425 540 1489 λάκις
567 1426 668 1495 μὲν
696 1426 1014 1497 φθείρεσθαι
1050 1426 1144 1481 τὸν
1171 1427 1405 1499 οὐρανὸν
1431 1428 1527 1482 κα)⁴
1558 1427 1660 1501 τὴν
1685 1430 1810 1501 γῆν,
1842 1429 1973 1484 πολ-

382 1517 540 1580 λάκις
578 1517 635 1570 δὲ
675 1516 1075 1592 ἀνανεοῦσθαι..Δ
1120 1518 1263 1572 Ἀλλ’
1329 1519 1379 1572 εἰ
1430 1520 1595 1575 πάλιν
1651 1520 1972 1592 φθείρεσθαι

386 1610 593 1680 μέλλοι,
629 1611 1018 1681 μεταλλάττειν
1059 1586 1384 1683 διτερίεργον.
1440 1586 1905 1685 Οὔκουν-ἄμεινον
1937 1615 1972 1686 ἠ

381 1703 620 1770 εἰσάπαξ
654 1704 949 1775 μεταϐολὴ,
999 1704 1118 1777 μεθ’
1163 1705 1232 1776 ἢν
1266 1705 1455 1759 ούκέτι
1490 1707 1794 1779 μεταϐολή;
1825 1708 1920 1762 καὶ
1943 1706 1973 1760 ὁ

382 1796 670 1867 ἄνθρωπος
710 1794 1097 1860 ἀναϐιώσεται,
1149 1797 1248 1867 ούχ
1297 1795 1439 1850 ὥστε
1486 1796 1650 1851 πάλιν
1695 1798 1970 1854 τεθνάναι.

2075 627 2176 666 nus
2197 611 2506 677 vuluntatis,
2529 622 2689 683 atque
2712 615 2873 668 etiam
2898 617 3157 673 victoria}.
3186 615 3299 674 [loc
3323 628 3502 674 autem
3528 635 3652 675 cor-

2076 703 2340 772 ruptionis
2373 718 2542 772 genus
2604 704 2765 759 etiam
2802 704 2954 760 Plato
2988 708 3138 772 vidit,
3177 709 3300 765 licet
3334 710 3651 766 immortali-

2076 803 2237 848 tatem
2276 794 2508 849 futuram
2545 795 2832 865 ignoravit.
2862 796 3046 866 Neque
3078 800 3221 854 enim
3259 810 3417 857 terra:
3452 802 3648 868 solum,

2075 899 2258 939 verum
2284 886 2446 940 etiam
2476 887 2597 942 cmli
2630 887 2906 942 interitum
2936 888 3068 943 satis
3098 890 3261 946 claris
3286 900 3339 945 et
3369 893 3568 962 apertis
3596 893 3649 947 in

2077 975 2272 1031 Timazo
2305 978 2484 1032 verbis
2518 979 2832 1045 introduxit,
2868 980 3074 1044 dicens,
3107 981 3302 1037 coelum
3332 998 3403 1038 ex
3437 1000 3536 1040 sua
3572 985 3652 1056 ip-

2073 1069 2186 1123 sius
2212 1070 2421 1139 propria
2446 1071 2795 1139 corruptione
2820 1072 2973 1142 quasi
3004 1073 3404 1141 quodammodo
3431 1077 3649 1131 nutriri.

2075 1158 2215 1229 Ergo
2251 1160 2296 1214 si
2338 1160 2613 1229 corruptio
2648 1148 2892 1231 qumdam
2935 1164 3158 1217 nutritio
3202 1165 3653 1235 conservatioquc

2072 1258 2156 1304 est
2180 1267 2195 1304 :
2225 1250 2309 1305 ubi
2336 1250 2575 1307 locorum
2600 1252 2703 1308 erit
2729 1252 3128 1318 immortalitas,
3156 1255 3257 1310 nisi
3284 1256 3508 1311 Creator
3531 1271 3653 1310 cor-

2074 1342 2377 1410 ruptionem
2419 1344 2540 1400 coeli
2584 1354 2849 1415 ternaque
2886 1345 2966 1400 sic
3007 1362 3232 1416 prorsus
3272 1362 3486 1403 omnem
3527 1364 3654 1404 eou-

2074 1439 2278 1499 vertat,
2317 1432 2504 1502 sicque
2545 1433 2730 1488 induat
2768 1436 3203 1501 immortalitate,
3243 1446 3301 1491 ut
3342 1452 3460 1492 eam
3508 1437 3650 1491 nulla

2073 1524 2305 1594 amplius
2330 1540 2496 1591 mors,
2526 1526 2672 1580 nulla
2703 1528 2920 1581 malitia:
2946 1528 3239 1594 insultatio,
3267 1529 3397 1583 nihil
3423 1529 3655 1599 denique

2075 1619 2302 1673 mortale
2327 1620 2728 1688 consequatur?
2751 1620 2949 1675 Stoicis
2977 1632 3153 1676 autem
3178 1623 3376 1677 cwluin
3406 1623 3561 1677 simul
3590 1637 3653 1676 ac

2076 1720 2216 1764 terra
2263 1726 2407 1781 smpe
2452 1711 2675 1768 interire
2721 1728 2971 1783 smpequc
3017 1716 3263 1769 renovari
3310 1716 3650 1770 videbantur.

2077 1801 2184 1858 Sed
2213 1804 2256 1859 si
2286 1815 2412 1859 sunt
2443 1806 2635 1861 iterum
2667 1804 2975 1869 interitura,
3005 1806 3213 1862 inutilis
3238 1807 3317 1862 cis
3344 1808 3449 1862 erit
3477 1818 3531 1862 et
3560 1823 3654 1862 su-

382 1888 549 1939 Oloév
579 1886 688 1959 γὰρ
713 1887 866 1942 ἔσται
891 1887 1104 1959 θνητόν.
1137 1889 1299 1943 Ἀλλά
1328 1889 1510 1944 πάντα
1541 1889 1703 1944 καινά
1732 1891 1827 1944 καὶ
1849 1892 1970 1946 ἀθά-

2082 1911 2414 1965 pervacanea
2452 1898 2697 1952 mutatio.
2727 1898 2808 1952 An
2846 1915 2952 1954 non
2990 1910 3272 1969 praestaret
3301 1901 3536 1969 ejusdem
3571 1916 3656 1955 sc-

381 1995 537 2041 νατα,
563 1981 655 2033 καὶ
676 1981 703 2033 ὁ
731 1980 839 2042 πᾶς
868 1972 1023 2042 οὗτος
1044 1978 1249 2049 κόσμος
1288 1980 1383 2033 καὶ
1406 1982 1434 2033 ὁ
1454 1980 1759 2052 ἄνθρωπος.

2084 1988 2185 2041 inel
2218 1988 2334 2043 fieri
2369 1994 2741 2057 mutationem,
2769 2006 2929 2061 quam
2962 1992 3187 2046 mutatio
3217 1992 3322 2047 alia
3354 1993 3494 2046 nulla
3524 2008 3655 2047 con-

382 2070 679 2139 sequatur?
714 2069 912 2140 Estque
951 2073 1173 2125 omnino
1211 2071 1290 2127 sic
1332 2073 1636 2127 revicturus
1679 2074 1869 2139 boum,
1909 2082 1967 2126 ut
2001 2091 2105 2131 non
2140 2079 2331 2133 iterum
2396 2082 2678 2136 moriatur.
2709 2082 2855 2137 Nihil
2882 2084 3025 2140 enim
3085 2087 3189 2141 erit
3220 2084 3273 2139 in
3307 2099 3373 2141 eo
3402 2088 3650 2142 mortale-

382 2159 491 2215 Sed
526 2169 581 2215 τι
616 2164 799 2227 Ιιοειιο,
829 2173 881 2217 et
918 2172 1062 2217 tutus
1091 2162 1181 2218 hic
1216 2166 1470 2227 mundus,
1504 2175 1558 2218 et
1591 2164 1816 2217 omnino
1845 2164 2027 2220 omnia
2061 2167 2191 2225 lieut
2222 2187 2358 2225 nova
2391 2184 2555 2244 atque
2585 2182 2807 2229 mterna.

452 2255 643 2308 ΘΕΟΦ.
679 2254 916 2326 Πότερον
942 2255 999 2308 δὲ
1031 2255 1170 2325 μετά
1208 2255 1301 2331 τού
1343 2254 1596 2327 σώματος
1625 2258 1656 2310 ὁ
1686 2256 1974 2328 ἄνθρωπος

382 2343 772 2408 ἁναϐιὼσεται,
808 2346 842 2417 ἢ
872 2345 931 2397 ού
964 2346 1102 2416 μετά
1124 2345 1217 2405 τοῦ
1249 2344 1501 2417 σώματος
1527 2363 1542 2413 ;

455 2437 632 2490 ΑΞΙΘ.
670 2430 858 2510 ᾟπερ
892 2438 970 2508 (7)
1009 2438 1317 2510 ἄνθρωπος,
1348 2438 1496 2511 ψυχὴ
1524 2440 1719 2513 λογικὴ
1751 2441 1829 2513 (8)
1875 2440 1975 2495 σώ-

386 2546 523 2598 ματι
547 2531 802 2602 χρωμένη
826 2547 841 2595 ;

455 2623 649 2676 ΘΕΟΦ.
684 2622 844 2676 Ποίου
875 2623 931 2675 δὲ
962 2621 1236 2692 σώματος,
1288 2622 1384 2676 τοῦ
1446 2623 1760 2690 αὖτοειδοῦς
1795 2625 1894 2697 (9),
1938 2625 1971 2697 ἢ

381 2712 477 2765 τοῦ
513 2712 808 2785 ἀερώδους,
841 2713 987 2785 ἢτοῦ
1018 2714 1384 2785 ὀστρεώδουςς
1422 2714 1697 2769 Τοιούτων
1742 2718 1851 2788 γάρ
1878 2716 1976 2770 καὶ

382 2790 653 2859 τοσούτων
695 2806 728 2876 ἡ
757 2805 904 2877 ψυχὴ
934 2806 1202 2877 σωμάτων
1239 2806 1603 2879 ἐμπίπλαται,
1626 2807 1693 2862 δι’
1716 2809 1858 2863 ὅσων
1883 2807 1976 2862 καί

381 2894 511 2949 οἴων
539 2896 756 2967 χωρίων
784 2896 1142 2968 παρέρχεται.

454 2988 633 3046 ΑΞίΘ.
662 2991 928 3045 Ποικίλων
963 2992 1234 3061 σωμάτων
1262 2990 1485 3062 φορτίον
1515 2992 1627 3063 (10)
1666 2991 1850 3060 λέγεις
1876 2991 1977 3064 τὴν

2149 2263 2445 2321 ΤΙΙΕΟΡΗ.
2480 2266 2583 2321 Sed
2616 2276 2793 2321 utrum
2826 2283 2947 2324 cum
2979 2283 3206 2340 corpore
3239 2267 3529 2327 reviviscet
3558 2271 3656 2325 lio-

2078 2368 2185 2420 mo,
2217 2370 2284 2409 au
2304 2356 2437 2414 sine
2467 2357 2735 2426 corpore?

2145 2445 2379 2502 AXITII.
2413 2448 2686 2518 Siquidem
2714 2449 2923 2519 integer
2942 2459 3024 2505 est
3051 2449 3212 2505 homo
3236 2468 3253 2506 :
3279 2452 3457 2508 anima
3486 2452 3651 2508 ratio-

2076 2552 2197 2593 nem
2229 2538 2434 2593 habens
2464 2540 2785 2609 corporique
2818 2542 3148 2608 conjuncta?

2147 2625 2445 2682 TllEOPli.
2491 2628 2648 2697 Quali
2723 2645 2851 2684 vero
2907 2632 3172 2700 corpore!
3216 2632 3410 2688 liuicne
3457 2634 3655 2698 simili.

2074 2720 2243 2783 aerio,
2277 2731 2373 2775 aut
2404 2727 2570 2775 ostrei
2608 2723 2808 2777 simili?
2840 2723 3117 2794 Ejusmodi
3154 2725 3299 2779 enim
3334 2728 3653 2797 corporibus

2073 2812 2359 2882 conjuncta
2382 2806 2473 2868 est
2502 2814 2705 2879 anima,
2741 2831 2835 2885 per
2863 2830 2983 2886 quae
3015 2816 3303 2888 qualiaque
3336 2816 3450 2873 ioca
3483 2819 3651 2874 venit.

2146 2991 2378 3048 AXITII.
2411 2993 2553 3049 Dicis
2580 3002 2632 3047 tu
2660 2992 2875 3064 quidem
2904 2995 3138 3049 animam
3168 2993 3457 3050 multorum
3486 3004 3541 3051 et
3561 3012 3653 3050 va-

382 3082 565 3155 ψυχὴν
604 3082 947 3156 περιφέρειν.
998 3083 1111 3137 Καὶ
1152 3083 1345 3155 ὥσπερ
1377 3084 1445 3138 τὰ
1491 3082 1665 3156 μικρά
1705 3083 1822 3148 ζῶα
1862 3086 1970 3149 τοῖς

2082 3085 2283 3141 riorum
2337 3101 2624 3156 corporum
2674 3099 2811 3139 onus
2859 3085 3021 3141 ferre.
3073 3086 3150 3141 Ac
3199 3088 3650 3157 quemadmodum

383 3177 665 3247 ἀραχνίοις
707 3176 1020 3247 ἐμπεσόντα
1059 3175 1222 3241 εὐθὺς
1262 3176 1650 3248 περιϐάλλεται
1683 3178 1777 3231 καὶ
1816 3176 1979 3247 τεθή-

386 3288 569 3341 ραται·
588 3270 784 3335 οὕτως,
808 3271 884 3334 ὡς
908 3269 1107 3336 ἔοικεν,
1138 3272 1171 3342 ἡ
1200 3270 1520 3341 ἀνθρωπεία
1545 3270 1692 3342 ψυχὴ
1728 3289 1978 3342 προεπε-

383 3362 620 3428 λάζουσα
674 3361 910 3433 σώμασι,
953 3360 1054 3415 κᾶν
1104 3361 1338 3433 διάφορα
1369 3358 1435 3436 ᾗ,
1467 3362 1680 3433 ταχέως
1728 3363 1975 3417 ἐνδύεται

386 3457 482 3509 καὶ
508 3456 791 3509 ἁλίσκεται
816 3470 831 3484 °
879 3454 984 3509 κᾶν
1030 3453 1122 3509 τὸν
1153 3456 1385 3526 ούρανὸν
1414 3455 1689 3527 διαϐαίνῃ,
1721 3458 1975 3529 οὐράνιον

386 3548 448 3600 τὴ
502 3547 661 3616 σῶμα
720 3546 1152 3618 παρεσπάσατο’
1214 3548 1265 3600 εἰ
1315 3547 1374 3600 δὲ
1434 3547 1525 3601 διά
1577 3548 1687 3602 τῶν
1733 3548 1979 3620 ἄστρων,-

386 3638 729 3711 ἀστροειδέςο
781 3639 829 3691 εί
881 3638 939 3705 δὲ
981 3637 1069 3692 διὰ
1115 3638 1335 3710 αίθὲρος
1367 3641 1400 3711 ἡ
1437 3637 1694 3710 πάροδος,
1747 3639 1975 3712 αἰθερίῳ

389 3732 603 3804 σώματι
632 3730 1130 3802 περιστοιχίζεται*
1167 3729 1272 3784 κᾶν
1318 3730 1401 3793 εἰς
1442 3729 1586 3803 ἀέρα
1630 3730 1865 3802 καταϐῇ,
1897 3729 1975 3802 τῷ

321 3866 337 3879 .
387 3826 613 3898 ἀερώδει
647 3827 1016 3896 περιαιρεῖται
1046 3822 1199 3895 (11)⁸
1229 3825 1278 3877 εἰ
1303 3824 1348 3877 δ’
1377 3824 1471 3877 ἐπὶ
1496 3824 1596 3892 τῆς
1626 3825 1729 3894 γῆς
1755 3822 1971 3896 ὀφθείη,

386 3920 572 3989 γήϊνον
604 3918 743 3988 αὐτῇ
777 3916 838 3970 τὸ
882 3915 1042 3986 σῶμα
1096 3918 1502 3987 συμπήγνυται.
1539 3914 1604 3969 Εἰ
1636 3915 1821 3969 τοίνυν
1864 3915 1974 3969 τῶν

387 4011 563 4064 ἄλλων
588 4009 869 4081 στοιχείων
898 4009 1041 4062 οὕτω
1067 4010 1266 4081 ῥᾳδίως
1298 4007 1669 4079 ἐμπίπλαται,
1688 4007 1746 4063 τί
1773 4008 1973 4063 κωλύει

388 4100 491 4156 κᾶν
518 4103 595 4166 εἰς
629 4101 742 4173 πῦρ
794 4100 1045 4171 ἐμπέσοι,
1098 4100 1313 4172 πυρίνῳ
1362 4101 1578 4172 σώματι
1625 4101 1974 4174 περιλάμπε-

389 4192 549 4259 σθαις
578 4192 679 4246 κᾶν
707 4192 812 4247 ὑπὸ
844 4191 1116 4265 θαλάττης
1164 4192 1575 4258 κατακλύζοιτο,
1616 4192 1831 4247 ὑδάτιον
1859 4192 1974 4264 (12)

385 4283 686 4354 ἀνιμᾶσθαι
717 4284 778 4337 τὸ
823 4284 1017 4355 σῶμα;
1051 4283 1231 4354 βούλει
1264 4284 1374 4336 τῶν
1402 4282 1663 4337 τοιούτων
1698 4283 1973 4354 σωμάτων

386 4377 580 4446 πεῖραν
602 4375 925 4446 λαμϐάνειν,
956 4368 1001 4427 ὦ
1024 4374 1269 4443 Αἴγυπτε
1293 4375 1447 4445 (15);.

2077 3192 2241 3248 parva
2284 3178 2372 3231 illa
2420 3177 2741 3232 auimalcnla
2782 3179 2833 3233 in
2880 3192 3200 3233 aranearum
3246 3178 3382 3234 telas
3426 3179 3650 3249 illapsa.

2077 3269 2257 3325 statim
2291 3269 2641 3325 involvuntur
2663 3279 2719 3324 et
2745 3269 3035 3338 capiuntur
3062 3286 3076 3322 :
3106 3269 3186 3324 sic
3218 3278 3274 3323 tu
3307 3269 3500 3326 statuis
3534 3270 3655 3323 ani-

2078 3378 2219 3416 mam
2265 3364 2581 3425 humanam,
2624 3363 2711 3417 ubi
2752 3362 2961 3430 corpori
3002 3362 3129 3418 licet
3170 3362 3396 3417 multum
3440 3363 3654 3418 diversa

2076 3454 2603 3524 appmpinquaverit,
2631 3470 2695 3509 eo
2722 3455 2840 3522 ipso
2869 3456 3050 3510 statim
3082 3456 3227 3509 indui
3259 3464 3314 3510 et
3342 3457 3482 3524 capi,
3514 3467 3572 3510 ut
3598 3457 3649 3510 si

2077 3559 2173 3612 per
2189 3555 2332 3598 astra
2357 3546 2552 3599 habeat
2578 3548 2698 3608 iter,
2724 3557 2993 3601 astrorum
3013 3546 3175 3601 simili
3202 3563 3216 3600 :
3245 3545 3289 3603 si
3315 3560 3408 3614 per
3426 3545 3648 3609 aathera.

2076 3637 2313 3691 mthereo
2339 3652 2565 3707 corpore
2596 3640 2858 3693 vestiatur
2884 3656 2898 3695 :
2929 3638 3012 3693 sin
3040 3640 3333 3692 descendat
3362 3637 3416 3691 in
3446 3651 3646 3698 aerem.

2075 3725 2441 3781 circumdatur
2474 3728 2621 3782 aerio
2654 3745 2668 3783 :
2703 3728 2786 3781 sin
2820 3742 2946 3781 vero
2981 3726 3034 3779 in
3070 3724 3230 3780 terris
3262 3725 3353 3789 sit,
3386 3739 3509 3779 cum
3545 3734 3653 3778 ter-

2077 3835 2208 3873 reno
2241 3833 2469 3889 corpore
2500 3819 2873 3891 conjungatur.
2912 3817 2969 3874 Si
3012 3817 3174 3889 igitur
3207 3816 3328 3871 aliis
3364 3815 3651 3871 elementis

2075 3912 2209 3967 adeo
2245 3910 2400 3967 facile
2444 3914 2821 3984 conjungitur,
2859 3913 2987 3983 quid
3026 3910 3299 3983 prohibet,
3334 3908 3464 3980 quin
3512 3907 3557 3965 si
3598 3907 3649 3962 in

2076 4003 2252 4072 ignem
2304 4004 2576 4067 inciderit,
2628 4005 2786 4074 igneo
2837 4019 3065 4073 corpore
3128 4001 3448 4065 amicialur;
3497 4000 3652 4071 sique

2077 4093 2243 4148 maris
2275 4094 2433 4149 undis
2462 4095 2746 4161 obruatur,
2777 4107 3009 4162 aqneum
3040 4090 3144 4147 sibi
3173 4106 3371 4162 corpus
3402 4090 3651 4145 hauriat?

2077 4192 2262 4260 Visne,
2289 4188 2540 4263 Aigypte,
2579 4185 2881 4258 huiusmodi
2910 4199 3197 4258 corporum
3220 4181 3649 4257 experimentum

2076 4296 2290 4338 sumere
2309 4281 2332 4334 ἲ
2824 4302 2827 4305 ν

456 4444 729 4521 ᾸΙΓΥΠΤ.
762 4465 876 4519 Οὐκ
909 4467 1023 4519 ἔστι
1067 4482 1159 4535 μοι
1192 4464 1357 4537 σχολὴ
1396 4463 1815 4530 κατακαίεσθαι,
1845 4463 1969 4518 οὐδὲ

2145 4455 2420 4516 ᾹΞΕΥΡΤ.
2453 4453 2580 4509 ΜΗιί
2610 4468 2713 4508 non
2742 4460 2824 4507 est
2852 4450 2948 4505 otii
2981 4458 3208 4517 tantum,
3237 4457 3295 4506 ut
3322 4448 3409 4505 vel
3438 4449 3654 4520 ignibus

386 4556 475 4629 ὑφ’
508 4558 716 4612 ὑδάτων
742 4556 1165 4628 ἀποπνίγεσθαι.

458 4787 536 4857 (5)
562 4786 669 4843 CC.
694 4784 760 4857 Ρ.
795 4800 901 4857 non
935 4783 1138 4857 habent
1166 4781 1263 4840 καὶ
1290 4779 1468 4852 νίκης.

479 4853 532 4927 6)
563 4857 671 4913 CC.
704 4856 764 4927 Ρ.
794 4853 1027 4927 ούδὲθν.
1054 4853 1139 4908 ού.

479 4861 532 4927 6)
563 4861 671 4913 CC.
704 4861 764 4911 P.
794 4861 915 4908 οὐδὲ
943 4861 1027 4907 θν.
1054 4861 1139 4908 οὐ.

456 4861 533 4996 (7)
571 4927 679 4981 CC.
724 4924 1028 4996 P._verba_
1051 4922 1190 4996 μετά
1245 4920 1343 4996 τοῦ
1404 4921 1701 4996 σώματος.-
1730 4918 1964 4996 ᾼκξιίιθο

388 4988 649 5053 tribuunt.
678 4993 854 5050 ΑΞΙΘ.
879 4988 1164 5048 Μετά’τοῦ
1192 4991 1466 5063 σώματος,
1488 4988 1655 5063 ἐἰπερ
1678 4991 1708 5043 ὁ
1732 4988 1853 5045 άνθ.

458 5067 532 5151 ἓξ)
562 5065 667 5151 ἓὲο
704 5065 768 5151 ,ξ’
802 5063 1332 5151 ὀρῖανὶκῷσίέιὲῖη.
1446 5139 1550 5151 .-_
1586 5130 1656 5151 ᾤ.

458 5129 535 5207 (9)
568 5135 671 5190 CC.
702 5134 763 5207 Ρ.
792 5129 1333 5207 αὐγοειδούςηίῗοιθει
1357 5139 1555 5207 ut_t_arn
1586 5130 1723 5185 mira
1756 5129 1962 5207 ﬁngent

389 5198 476 5263 tis'
504 5198 797 5259 Socratica:
828 5198 1109 5272 sapientiae
1139 5202 1226 5257 hic
1267 5202 1465 5271 aliquid
1505 5201 1783 5272 immatur,
1814 5198 1961 5269 quod

387 5292 490 5332 nos
513 5289 621 5330 non
659 5271 1017 5344 inquirimus;
1043 5287 1156 5344 non
1178 5271 1655 5344 reuiuiscribimus
1683 5285 1961 5344 commen-

386 5348 558 5401 tarios
588 5340 761 5415 vulgo.
792 5345 862 5398 At
890 5342 1072 5415 scribi
1088 5343 1279 5415 melius
1307 5341 1466 5415 video
1495 5355 1677 5415 posse,
1708 5340 1959 5415 άστροει-

380 5416 529 5480 δούς.
552 5415 646 5469 Sic
671 5409 812 5470 énim
840 5428 962 5468 mox
993 5430 1007 5466 :
1032 5412 1150 5466 Κᾶν
1176 5412 1266 5468 τὸν
1283 5409 1513 5481 οὐρανὸν
1537 5409 1780 5481 διαϐαίη.
1801 5409 1962 5479 οὐρά-

382 5504 494 5540 νιον
523 5487 585 5539 τὸ
616 5484 775 5554 σῶμα
808 5483 1203 5554 παρεσπάσατο
1223 5497 1235 5510 ’
1263 5484 1312 5554 εί
1346 5480 1403 5554 δὲ
1435 5480 1525 5554 διά
1567 5482 1679 5554 τῶν
1703 5480 1956 5554 ἄστρων,

383 5548 714 5628 ἀστροειδέςῖ
744 5557 792 5609 εἰ
818 5548 985 5628 δεςδιὰ
1016 5551 1233 5628 αἰθέρος
1254 5553 1289 5621 ἡ
1319 5550 1572 5628 πάροδος,
1599 5548 1828 5628 αἰθερίῳ
1858 5548 1964 5628 σώέ

387 5620 520 5707 ματί
566 5623 1053 5697 περιστοιχίζεται.
1089 5620 1233 5676 sane
1264 5620 1411 5703 ergo
1453 5621 1534 5675 sic
1566 5620 1863 5702 scribatur,
1910 5627 1965 5675 et

386 5704 461 5749 ita
528 5710 624 5750 nos
676 5696 1058 5756 traduximus,
1110 5700 1308 5761 spretis
1360 5693 1767 5761 interpretibus.
1828 5689 1963 5744 Nam

386 5765 737 5826 Ambrosius.
796 5765 919 5819 loco
974 5763 1078 5818 hoc
1136 5760 1318 5816 inultis
1381 5770 1528 5815 retro
1586 5760 1797 5829 paginis
1847 5761 1965 5815 col-

387 5835 561 5891 locato
607 5835 663 5893 in
725 5834 913 5891 folium
984 5832 1240 5889 nimirum
1290 5830 1558 5887 decimum
1621 5846 1650 5884 a
1703 5830 1965 5887 vicesimo

2073 4553 2314 4608 comburi
2343 4549 2525 4615 velim,
2551 4546 2635 4601 vel
2664 4542 3123 4616 aquis‘suﬂoeari.

2107 4779 2300 4851 uartol,
2358 4778 2437 4851 ita
2510 4775 2711 4840 vertit,
2780 4782 2841 4829 ut
2905 4787 3012 4851 non
3071 4770 3406 4851 intellexisse
3462 4783 3648 4825 vocem

2107 4795 2300 4851 uarto],
2358 4795 2431 4834 lla
2510 4795 2711 4840 vertlt,
2780 4795 2841 4829 ut
2906 4795 3012 4828 non
3071 4795 3406 4825 uttcucussu
3466 4795 3647 4825 vmtctll

2066 4795 2327 4915 ?ateatur,
2357 4848 2440 4902 vel
2484 4855 2661 4910 certe,
2716 4842 3009 4915 exemplari
3054 4843 3274 4915 vitiato,
3328 4840 3508 4909 legere
3541 4855 3647 4893 non

2071 4912 2331 4992 potuisse}
2363 4917 2625 4992 Sic_c_nim
2658 4915 2735 4970 ait
2762 4932 2777 4970 :
2803 4912 3137 4992 Cuiusmodi
3161 4926 3406 4992 corpore...
3433 4926 3651 4992 qumo;

2069 4979 2307 5061 Ejusdem
2328 4989 2541 5061 speciei,
2565 5004 2635 5041 an
2656 5002 2809 5048 ωηο,
2837 4979 2914 5061 vel
2940 4982 3160 5061 alterius
3191 4979 3470 5061 cujuslibet
3497 4996 3652 5049 gene-

2069 5052 2160 5115 r'is.
2188 5052 2422 5114 Wolli'us
2466 5070 2646 5111 autem
2687 5073 2700 5109 :
2737 5054 2901 5110 estrei
2941 5052 3166 5108 similem
3197 5052 3458 5106 audacter
3496 5066 3648 5105 suam

2067 5130 2229 5185 istam
2261 5129 2497 5183 animam
2526 5127 2671 5182 fecit.
2700 5125 2794 5179 ΒΑ.

2139 5200 2250 5272 (10)
2287 5198 2555 5272 Φορτίον.
2592 5197 2825 5272 βγιὶΙΙιιε
2857 5193 3111 5263 Magister
3143 5192 3195 5246 in
3233 5190 3490 5272 Classis:
3526 5207 3653 5272 φορσ

2066 5259 2179 5324 τίον
2200 5286 2212 5299 ·
2234 5259 2418 5336 ὀιιιιὶ,
2470 5259 2654 5338 fascis;
2684 5281 2911 5338 merces,
2943 5259 3110 5338 item,
3144 5261 3377 5316 sarcina.
3405 5259 3521 5315 Non
3573 5266 3652 5314 in-

2065 5342 2344 5408 eleganter
2370 5332 2589 5393 nieicem
2619 5335 2944 5390 traduxeris.
2985 5332 3082 5387 ΒΑ.

2169 5411 2251 5477 ΙΙ)
2279 5409 2384 5465 C(I.
2424 5409 2481 5462 P.
2512 5408 2879 5478 περιρῤεἰται.

2169 5412 2251 5477 Η)
2279 5412 2384 5465 C(I.
2424 5412 2481 5462 P.
2512 5412 2879 5478 περιρρείτω.

2138 5412 2252 5549 (12)
2281 5478 2389 5549 βο.
2424 5478 2482 5549 Ρ.
2515 5477 2781 5549 ὑδάτινον.
2803 5544 2833 5549 __
2890 5544 2891 5547 η

2136 5539 2247 5621 (15)
2279 5546 2354 5606 Ὦ
2398 5548 2679 5621 Αζγυπτε.
2714 5543 2945 5600 Ridiculi
2985 5544 3133 5599 velut
3167 5541 3339 5621 gratia
3372 5539 3644 5621 hominem

2062 5609 2371 5691 cui‘npéllat.
2432 5609 2497 5672 Εἰ
2531 5609 3369 5691 uomensane_eorsum_'(ictum
3410 5609 3643 5691 videtur,

2062 5678 2202 5747 cuin'
2221 5690 2531 5760 religionem
2559 5678 3359 5760 ridiculosissiuns'liction‘ibus
3390 5678 3641 5760 Egyptia

2066 5776 2200 5830 gens
2248 5748 2537 5825 ell‘udcrit;
2565 5758 2631 5814 de
2660 5757 2855 5829 quibus
2904 5753 3105 5811 ali‘atim
3140 5753 3453 5823 scripsimus
3493 5748 3641 5805 alibi.

2067 5831 2170 5888 Ba.
