4144 6490
504 368 611 430 975

1890 359 2129 418 1ENE.E
2168 358 2410 417 GAZJEI

3684 359 3786 425 ωδ

571 473 808 531 ΑΧΙΤΙΙ.
834 474 911 529 Ac
934 487 1094 529 omne
1115 487 1311 541 corpus
1350 470 1849 543 aitThcophrastus
1896 473 2088 527 animae

2264 472 2439 527 ΛΞΙΘ.
2487 471 2645 525 ’Δλλά
2674 472 2779 525 πᾶν
2816 471 2975 541 σῶμα
3026 470 3192 542 φησὶν
3232 473 3259 526 ό
3301 472 3655 562 Θεόφραστος
3688 476 3788 547 ἀρ·

501 569 727 640 perinde
760 579 825 622 a‘c
858 575 1061 621 vestem
1096 566 1388 620 convenire
1426 584 1440 621 :
1481 581 1811 636 quamquam
1848 581 1967 622 eam
2004 567 2089 621 vel

507 662 728 733 triplam
773 660 858 714 vel
901 658 1257 730 quadruplain
1291 673 1434 724 esse,
1461 662 1575 727 :nos
1615 660 1877 715 hactenus
1909 658 2089 713 latuit.

569 752 737 824 656
793 750 1092 807 THEOPH.
1167 749 1333 806 Rides
1394 760 1448 805 tu
1512 752 1759 821 quidem,
1818 750 2088 816 Axithee,

500 846 679 917 prisca
717 846 996 915 mysteria.

570 935 806 992 AXITH.
829 935 909 991 Tn
940 952 1087 1001 vero,
1118 936 1524 1005 Theophraste,
1559 938 1702 991 serio
1730 936 1896 992 doces
1927 935 2040 990 hanc
2076 954 2089 990 :

501 1025 835 1096 minimeque
858 1024 1141 1080 ridiculum
1162 1026 1373 1081 videtur
1393 1025 1485 1079 tibi
1516 1026 1898 1097 incorporeum
1923 1026 2084 1096 quid-

501 1120 624 1175 dam
652 1134 775 1174 cum
808 1132 1136 1189 quocunque
1164 1133 1391 1188 corpore
1422 1117 1696 1188 conjungi,
1733 1118 1989 1189 aliudque
2018 1119 2088 1173 ali

499 1224 556 1268 et
597 1212 908 1267 coalescere
947 1220 1002 1265 et
1047 1210 1259 1277 consui,
1303 1210 1580 1281 multaque
1625 1226 1853 1281 corpora
1900 1211 2089 1267 eodem

501 1303 829 1359 vestimento
869 1302 998 1374 tegi.
1042 1301 1138 1358 Sin
1181 1309 1363 1357 autem
1405 1302 1643 1357 animata
1685 1305 1794 1358 sint
1833 1316 2088 1373 corpora,

502 1402 561 1450 tu
605 1394 772 1448 multa
814 1393 1069 1449 animalia
1113 1409 1279 1449 uuam
1320 1393 1561 1448 animam
1606 1395 1759 1465 quasi
1800 1396 2089 1466 quemdam

503 1495 855 1557 cognatorum
888 1500 1146 1556 pecorum
1174 1500 1390 1556 gregem
1422 1486 1559 1542 dicis
1591 1486 1887 1557 impellere,
1918 1496 1975 1543 et
2001 1503 2092 1543 or-

502 1580 686 1635 dinem
726 1579 780 1635 in
818 1593 941 1634 sese
976 1578 1381 1634 ascendentium
1420 1578 1737 1634 animalium
1777 1579 1940 1634 simul
1980 1589 2089 1635 tra-

504 1671 655 1726 here.

574 1758 875 1817 THEOPII.
923 1760 1169 1815 Absurda
1213 1761 1431 1830 quidem
1478 1763 1725 1819 videntur
1768 1765 1883 1819 haec
1928 1777 2086 1828 esse,

2202 564 2382 635 μόδιον
2422 560 2561 618 εἶναι
2593 564 2765 635 ψυχῇ,
2803 564 3061 636 καθάπερ
3092 564 3344 635 ἱμάτιον·
3388 568 3482 619 καὶ
3521 560 3789 638 τριπλοῦς

2198 673 2285 719 τις
2315 655 2391 709 ὢν
2422 655 2520 709 καὶ
2547 654 2886 726 τετραπλοῦς
2910 656 3057 724 ἡμᾶς
3079 653 3359 708 ἐλάνθανε.

2265 746 2460 801 ΘΕΟΦ.
2519 744 2765 813 Παίζεις,
2810 747 2893 800 σὺ
2968 746 3197 813 Ἀξίθεε,
3243 748 3309 799 τὲ
3367 747 3475 801 τῶν
3530 746 3781 802 παλαιῶν

2194 835 2509 907 ἀπόρρητα.
2605 900 2625 915 .

2263 929 2441 985 ΑΞΙΘ.
2492 930 2563 984 Συ
2612 930 2671 984 δὲ
2722 930 3064 995 σπουδάζεις,
3127 924 3172 984 ὦ
3206 930 3547 1002 Θεόφραστε,
3594 932 3691 986 καὶ
3724 932 3787 986 ού

2193 1024 2400 1093 γελοῖον
2449 1019 2590 1078 εἷναί
2619 1042 2699 1079 σοι
2730 1025 2879 1079 δοκεῖ
2896 1025 2957 1078 τὸ
2987 1024 3282 1096 ἀσώματον
3311 1028 3497 1082 ὁτιοῦν
3520 1028 3635 1101 (16)
3676 1028 3783 1081 σώ-

2197 1132 2327 1186 ματι
2370 1115 2569 1187 ῥᾳδίως
2619 1115 3052 1186 συμπλέκεσθαι,
3101 1117 3196 1170 καὶ
3248 1116 3643 1170 ἐπισυνάπτειν
3687 1117 3787 1168 καὶ

2195 1207 2531 1279 συρράπτειν
2584 1207 2713 1262 ἀλλο
2766 1206 2929 1278 ἄλλῳ,
2992 1208 3086 1261 καὶ
3138 1207 3310 1262 πολλά
3375 1208 3492 1278 ἅμα
3554 1207 3788 1274 σώματα

2193 1299 2589 1368 ἑπενδύεσθαι;
2621 1300 2685 1356 Εἰ
2740 1299 2796 1354 δὲ
2843 1301 2937 1354 καὶ
2995 1300 3214 1372 ἔμψυχα
3256 1302 3325 1355 τὰ
3381 1300 3610 1372 σώματα
3649 1302 3784 1373 (15),

2194 1392 2367 1447 πολλά
2406 1392 2521 1459 ζῶα
2562 1392 2661 1465 τὴν
2694 1392 2823 1465 μίαν
2859 1393 3060 1464 ψυχὴν,
3103 1393 3294 1466 ὥσπερ
3328 1395 3533 1467 ἀγέλην
3574 1411 3788 1465 συμπε-

2195 1486 2445 1554 φυκότων
2473 1486 2838 1558 βοσκημάτων
2863 1487 2966 1559 φὴς
2997 1487 3268 1553 ἐλαύνειν,
3288 1488 3383 1541 καὶ
3413 1488 3658 1559 ὁρμαθὸν
3688 1488 3785 1543 ἀλ-

2193 1575 2379 1648 λήλοις
2406 1578 2795 1650 ὲμόεὸηκότων
2824 1578 2978 1644 ζώων
3007 1578 3303 1651 συναίρειν.

2266 1758 2463 1814 ΘΕΟΦ.
2500 1761 2685 1813 Ἔοικε
2730 1761 2832 1830 μὲν
2879 1761 3058 1815 ἄτοπα
3086 1761 3261 1815 ταῦτα
3300 1756 3463 1825 εἶναι,
3505 1761 3601 1815 καὶ
3632 1761 3785 1815 οὐδὲν

507 1853 754 1925 nihilque
781 1853 897 1924 ipse
923 1869 1029 1909 non
1058 1852 1393 1908 conl‘ntatum
1423 1846 1712 1925 reliquisti.
1766 1853 1874 1911 Sed
1903 1871 2083 1911 annon

2197 1853 2287 1924 ὲᾷς
2316 1852 2665 1920 ἀνέλεγκτον.
2722 1851 2865 1905 Ἀλλ’
2907 1852 3129 1917 ἀκούεις
3175 1847 3263 1907 οἷα
3287 1853 3355 1908 τὰ
3383 1853 3515 1924 περὶ
3542 1855 3611 1908 τά
3644 1856 3785 1926 μνή-

504 1947 660 2001 audis
683 1946 849 2001 etiam
874 1945 1017 2000 circa
1041 1943 1287 2014 sepulcra
1312 1944 1481 1999 videri
1511 1945 1730 2001 umbras
1755 1960 1819 2001 ac
1844 1954 2084 2016 spectra,

504 2054 626 2108 qua:
651 2039 892 2108 profecto
916 2046 1042 2093 sunt
1067 2038 1156 2093 illa
1184 2038 1331 2093 aeria
1358 2037 1660 2092 animarum
1689 2044 1942 2110 corpora,
1968 2053 2089 2109 qua:

506 2131 798 2186 simulacra
830 2131 1067 2186 vocant?

574 2223 812 2280 AXlTll.
836 2223 1109 2294 Numquid
1145 2225 1245 2278 hoc
1276 2223 1523 2294 ignoras,
1551 2223 1643 2294 qui
1672 2225 1892 2296 cognita
1925 2223 2091 2278 habes

504 2318 710 2381 omnia,
750 2317 865 2371 haec
905 2325 1118 2386 spectra
1161 2329 1284 2371 esse
1321 2315 1459 2369 mala
1499 2316 1786 2382 daemonia,
1826 2317 2091 2371 humanas

505 2409 718 2464 animas
761 2407 1245 2479 repraesentanda;
1281 2408 1533 2477 quodque
1568 2407 1603 2463 ii
1636 2408 1728 2478 qui
1764 2408 2091 2463 incantatio-

506 2503 662 2556 nibus
692 2515 909 2570 operam
943 2509 1173 2564 navant,
1206 2513 1373 2568 seque
1408 2514 1566 2570 posse
1600 2500 1946 2570 proﬁtentur,
1976 2500 2088 2568 jam

505 2593 632 2647 olim
664 2591 976 2647 defunctum
1003 2606 1233 2648 evocare
1261 2609 1276 2646 :
1311 2607 1415 2646 non
1450 2593 1723 2647 hominem
1757 2593 2091 2650 carminibus

507 2688 622 2741 suis
647 2686 948 2750 attrahunt,
975 2686 1066 2740 sed
1093 2685 1418 2741 daamoniuin
1450 2684 1669 2755 aliquod
1698 2685 1919 2753 malum,
1945 2686 2089 2757 quod

506 2775 855 2832 simulacrum
883 2777 1123 2832 hominis
1148 2776 1384 2848 efﬁngat,
1414 2788 1576 2847 atque
1604 2786 1664 2831 ut
1691 2778 1953 2848 imponat,
1987 2779 2085 2832 mi-

448 2922 451 2925 .
511 2868 689 2923 ranula
720 2868 879 2923 simul
910 2882 975 2922 ac
1002 2856 1294 2922 humanam
1325 2884 1510 2924 vocem
1537 2868 1695 2923 edat?
1722 2868 1873 2935 Quod
1907 2880 2087 2925 tamen

507 2971 783 3032 spectrum
827 2968 952 3015 orto
993 2959 1108 3016 sole
1147 2961 1330 3016 statim
1368 2962 1644 3016 evanescit
1682 2979 1696 3015 :
1736 2975 1858 3015 cum
1901 2963 2092 3018 verisi-

506 3056 634 3112 mile
662 3057 733 3111 sit
761 3055 957 3126 ipsum,
988 3054 1033 3110 si
1061 3064 1207 3110 esset
1240 3054 1472 3109 hominis
1499 3053 1701 3120 anima,
1731 3054 1896 3109 etiam
1926 3055 2091 3109 inter-

2196 1961 2345 2015 ματα
2382 1944 2623 2015 σκιοειδῆ
2665 1944 3068 2015 φαντάσματα;
3110 1944 3287 2001 ταῦτά
3309 1947 3427 2000 ἐστι
3465 1946 3533 2001 τὰ
3568 1947 3784 2019 ἀερὼδη

2190 2039 2301 2093 τῶν
2322 2037 2509 2110 ψυχῶν
2539 2036 2791 2109 σώματα,
2822 2038 2858 2093 ἀ
2887 2037 2951 2110 δὴ
2981 2037 3177 2093 εἴδωλα
3212 2038 3473 2093 καλοῦσιν
3504 2040 3656 2112 (16);

2260 2218 2438 2274 ΑΞΙΘ.
2493 2216 2661 2272 Ούπω
2708 2216 3039 2289 μεμάθηκας
3084 2220 3113 2272 ό
3171 2217 3353 2275 πάντα
3407 2218 3597 2291 μαθὼν
3645 2220 3782 2292 (17),

2190 2312 2274 2365 ὅτι
2306 2309 2417 2380 (18)
2460 2307 2714 2379 δαιμόνια
2740 2308 3021 2380 κακόεργα
3052 2308 3148 2363 καὶ
3174 2309 3337 2363 ἐνυλα
3366 2310 3466 2374 τὰς
3503 2311 3782 2383 ἀνθρωπί-

2190 2418 2289 2466 νας
2320 2400 2499 2471 ψυχὰς
2541 2399 2935 2469 ὑποκρίνεταιο
2992 2399 3086 2453 καὶ
3134 2400 3184 2453 οἱ
3237 2400 3523 2473 γοητεύειν
3575 2403 3785 2473 σοφιζό-

2195 2511 2372 2566 μενοι,
2399 2494 2497 2547 καὶ
2539 2492 2632 2546 τδν
2679 2492 2847 2548 πάλαι
2888 2492 3196 2563 τεθνηκότα
3227 2494 3414 2548 καλεῖν
3450 2496 3785 2565 ἐπαγγελλό-

2195 2604 2370 2658 μενοι,
2398 2585 2501 2639 οὐκ
2526 2585 2814 2657 ἄνθρωπον
2836 2588 2957 2649 ταῖς
2978 2586 3238 2658 ὲπῳδίαις
3264 2587 3533 2652 ἕλκουσιν,
3568 2589 3706 2644 ἀλλά
3729 2607 3783 2643 τι

2190 2677 2489 2747 δαιμόνιον,
2531 2676 2560 2729 ὃ
2605 2675 2701 2729 τοῦ
2748 2675 3038 2748 ἀνθρώπου
3085 2676 3184 2747 τὴν
3222 2678 3408 2732 εἰκόνα
3451 2681 3516 2733 τὸ
3564 2679 3783 2734 εἴδωλον

2195 2765 2615 2839 σγηματίζεται,
2650 2765 2745 2821 καί
2791 2784 2845 2819 τι
2888 2766 3026 2839 πρὸς
3053 2766 3272 2840 ἀπάτην
3297 2770 3649 2840 τερατεύεται
3689 2773 3784 2825 καὶ

2192 2861 2488 2930 φθέγγεται
2513 2878 2527 2926 ς
2578 2860 2717 2913 Ἀλλ’
2743 2860 2772 2912 ὁ
2793 2858 2947 2931 ἥλιος
2978 2860 3189 2931 ἀνίσχει
3216 2860 3355 2933 (19),
3383 2862 3479 2917 καὶ
3507 2862 3569 2917 τὸ
3591 2865 3784 2935 φάσμα

2190 2952 2498 3007 διαλέλυται
2517 2969 2532 2984 ο
2556 2956 2607 3006 εἰ
2636 2953 2693 3006 δὲ
2722 2950 2789 3024 ἦν
2812 2952 3129 3024 ἀνθρωπίνη
3163 2952 3328 3026 ψυχὴ,
3355 2954 3451 3009 καὶ
3495 2957 3553 3009 ἐν
3596 2959 3782 3029 ἡμέρᾳ

2190 3050 2304 3112 τοῖς
2330 3047 2606 3117 φιλτάτοις
2652 3045 2763 3117 (20)
2816 3045 2962 3117 μάλα
3010 3046 3182 3117 ἡδέως
3228 3048 3665 3125 προσδιελέγετο,
3688 3052 3783 3106 καὶ

508 3148 629 3215 diu,
659 3163 795 3219 quos
822 3147 1179 3203 charissimos
1207 3146 1393 3213 habet,
1423 3146 1664 3202 suaviter
1690 3148 2049 3203 allocutnrum
2069 3186 2084 3212 ,
2117 3187 2159 3246 ϐ
2198 3140 2451 3210 συνδιῆγε
2473 3139 2607 3211 (21).

508 3254 723 3310 unaque
752 3239 1017 3295 futurum.

579 3330 880 3388 TllEOPll.
912 3332 1084 3402 Quem
1121 3332 1287 3403 igitur
1317 3332 1497 3387 anima
1531 3330 1587 3387 in
1618 3333 1837 3388 modum
1870 3334 2089 3390 crucia-

511 3436 597 3480 tus
624 3424 758 3480 ullos
786 3425 984 3481 sentiet
1009 3433 1175 3496 atque
1202 3424 1363 3495 feret,
1389 3426 1434 3481 si
1463 3440 1658 3496 corpus
1684 3426 1889 3482 aerium
1917 3442 1950 3483 e
1975 3442 2090 3483 me-

509 3518 599 3572 dio
642 3516 930 3573 tollamus?
972 3515 1160 3589 Neque
1207 3519 1353 3573 enim
1394 3519 1673 3574 cruciatus
1716 3518 1856 3575 ullos
1896 3519 2094 3575 sentiet

511 3624 744 3680 corpore
771 3610 1055 3666 destituta.

579 3702 817 3760 AXlTll.
856 3703 1022 3762 Recte
1052 3705 1271 3776 quidem
1310 3711 1423 3763 haec
1454 3707 1611 3771 dicis,
1645 3707 1787 3763 illam
1819 3709 1937 3764 sine
1967 3724 2093 3763 cor-

510 3812 642 3867 pore
669 3798 873 3853 sentire
904 3797 1119 3853 dolores
1149 3798 1324 3855 nullos
1356 3814 1538 3869 posse.
1573 3799 1680 3855 Sed
1710 3816 1908 3871 corpus
1937 3816 2093 3855 suum

513 3889 686 3959 ipsius
717 3899 940 3962 repetet,
972 3906 1081 3961 quo
1103 3892 1217 3961 jam
1251 3903 1412 3947 antea
1444 3893 1657 3963 publice
1689 3904 1853 3963 atque
1882 3892 1933 3946 in
1963 3907 2095 3946 con-

512 3992 703 4053 spectu
734 3982 1012 4039 hominum
1041 3993 1124 4040 est
1154 3999 1248 4041 usa
1276 4002 1291 4040 :
1321 3986 1482 4055 idque
1513 3994 1641 4040 tunc
1673 3983 1785 4050 ﬁet,
1814 3999 1936 4039 cum
1967 3984 2096 4038 deli-

512 4076 685 4131 nitum
712 4074 900 4145 judicii
934 4086 1146 4143 tempus
1175 4077 1481 4148 postularit.
1506 4075 1697 4146 Neque
1724 4076 1869 4131 enim
1899 4074 2013 4141 ﬁet,
2041 4086 2097 4129 ut

512 4184 635 4223 cum
666 4170 772 4223 alio
800 4169 1126 4240 voluptatem
1157 4170 1384 4237 ceperit,
1413 4184 1534 4223 cum
1567 4167 1673 4223 alio
1699 4183 1829 4224 vero
1858 4166 2095 4224 dolorem

513 4275 858 4317 communem
887 4262 1066 4331 capiat
1094 4279 1109 4316 :
1140 4276 1314 4331 neque
1342 4276 1538 4331 corpus
1568 4261 1712 4315 aliud
1744 4261 1939 4316 anima:
1968 4261 2097 4316 sub-

512 4355 783 4421 servierit,
814 4354 959 4409 aliud
995 4368 1186 4410 rursus
1214 4362 1439 4409 vocetur
1468 4353 1520 4408 iu
1548 4353 1835 4425 judicium.

588 4444 889 4503 THEOPH.
924 4446 1004 4501 An
1034 4459 1165 4518 ergo
1196 4453 1474 4501 terrenum
1502 4446 1606 4502 hoc
1635 4460 1835 4515 corpus
1864 4447 2098 4501 resusci-

2263 3335 2457 3392 ΘΕΟΦ.
2504 3337 2629 3401 Πῶς
2685 3331 2779 3391 οὖν
2845 3337 3074 3410 ἀλγήσει
3136 3337 3285 3410 ψυχὴ
3340 3302 3777 3415 ,τιμωρουμένψ

2192 3431 2241 3482 εἰ
2266 3430 2326 3482 τὸ
2351 3429 2537 3501 ἀέριον
2570 3429 2859 3501 ἀνέλοιμεν
2883 3430 3076 3502 σῶμα;
3122 3432 3185 3487 οὐ
3230 3432 3340 3505 γὰρ
3368 3433 3496 3487 ἄνευ
3526 3433 3779 3504 σώματος

2192 3521 2442 3596 ἀλγήσει.

2269 3720 2446 3778 ΑΞΙΘ.
2506 3720 2581 3777 ἾΙ
2651 3724 2831 3789 καλῶς
2901 3727 3102 3794 λέγεις,
3161 3728 3268 3781 οὐκ
3310 3728 3442 3782 ἄνευ
3503 3728 3772 3799 σώματος.

2208 3814 2369 3868 Ἀλλά
2405 3814 2466 3867 τὸ
2498 3816 2697 3869 οἰκεῖον
2745 3818 3105 3890 ἀναλήψεται,
3134 3823 3228 3873 καὶ
3259 3813 3304 3889 ᾧ
3335 3820 3583 3892 φανερῶς
3616 3822 3780 3893 ἐχρή-

2199 3922 2348 3967 σατο,
2378 3909 2509 3962 ὅταν
2550 3910 2579 3961 ό
2628 3911 2964 3981 τεταγμένος
2997 3912 3097 3983 τῆς
3148 3913 3382 3983 κρίσεως
3430 3914 3622 3984 χρόνος
3676 3932 3776 3968 κα·-

2197 3998 2428 4068 λοίη.ού
2460 3999 2570 4071 γὰρ
2597 4001 2727 4055 ἀλλο
2766 4003 2867 4073 μὲν
2903 4003 3068 4075 ἥσθη,
3112 4003 3242 4058 ἄλλο
3284 4006 3341 4059 δὲ
3382 4006 3637 4078 ἀλγήσει·
3672 4006 3778 4059 οὐδ’

2198 4091 2327 4145 ἄλλο
2387 4091 2487 4162 μὲν
2532 4092 2793 4164 διηκόνει,
2854 4096 2979 4150 ἀλλο
3026 4097 3083 4150 δὲ
3151 4097 3286 4169 πρὸς
3336 4100 3520 4170 κρίσιν
3577 4100 3783 4168 ὑπάγει

2197 4198 2290 4236 ται
2325 4182 2460 4255 (22).
3714 4219 3721 4223 -

2270 4445 2559 4513 ΘΕυΦ.Τὸ
2581 4447 2771 4517 γήϊνον
2810 4447 3025 4519 λέγεις;
3062 4449 3205 4520 μέγα
3244 4450 3433 4524 θαῦμα
3469 4467 3482 4482 ’
3534 4452 3630 4506 καὶ
3680 4452 3786 4522 μὴν

516 4527 684 4595 totum
714 4538 780 4593 iri
810 4538 1012 4609 putas?
1038 4548 1095 4593 at
1122 4538 1178 4594 id
1207 4537 1453 4593 miraculi
1482 4536 1659 4593 simile
1691 4537 1854 4593 fuerit
1883 4555 1898 4592 :
1927 4554 2092 4608 quan-

2204 4537 2510 4592 διαλέλυται
2544 4540 2638 4593 καὶ
2662 4539 3068 4594 διεσκέδασται·
3107 4543 3203 4596 καὶ
3248 4543 3311 4597 τὸ
3363 4543 3485 4615 μὲν,
3534 4544 3639 4597 ὑπὸ
3680 4544 3785 4597 τῶν

612 4739 699 4794 Ml
738 4735 844 4793 CC.
884 4737 944 4792 P.
977 4735 1207 4791 ότωοῦν.

612 4739 676 4794 14
738 4739 844 4793 CC.
884 4739 944 4792 P.
977 4739 1207 4791 ὁτωοῦν.

612 4739 705 4893 15).
748 4807 825 4893 Εξι
856 4805 962 4863 CC.
996 4805 1056 4860 P.
1089 4805 1287 4893 suppl.
1302 4806 1526 4893 πάντως
1550 4804 1609 4859 δὲ
1652 4801 1877 4878 ἔμψυχα
1914 4806 2100 4878 ψυχῆς

515 4875 602 4950 Ti
652 4875 720 4932 τὰ
742 4876 820 4929 σώ
867 4894 1000 4941 ατα,
1033 4894 1093 4930 π.
1122 4875 1238 4940 ζῶα,
1268 4884 1374 4932 εις,
1686 4875 1699 4878 ν
1809 4875 1835 4876 η
1931 4875 1939 4877 ἡ

586 4897 699 5021 ὃὸ)
734 4895 989 5028 Εῐέῳλα.
1018 4945 1269 5028 _S_pe_ctra_.
1324 4946 1743 5028 Due-daemonum
1776 4962 1942 5028 censu
1984 4949 2101 5028 tege

515 5016 970 5088 ευιίιιιίθιιιιιιὶυλιη
1015 5016 1296 5088 Michaelis
1345 5016 1535 5084 Pselli,
1586 5033 1615 5071 a
1663 5020 1972 5088 praestantis
2002 5016 2099 5074 do-

516 5091 706 5146 ctrinae
738 5089 858 5159 viro
889 5086 1451 5159 GilbertoGaulmino
1474 5086 2098 5159 nuperipromulgatuin.

517 5160 725 5214 Εἶδωλα
762 5158 942 5214 larvas
972 5157 1185 5228 proprie
1204 5156 1395 5212 Latine
1428 5156 1805 5227 interpretere,
1839 5156 1981 5215 sicut
2004 5175 2103 5213 no-

518 5232 600 5303 bis
650 5228 1074 5303 notat‘Cyrillus
1106 5228 1622 5303 glossographorum
1678 5229 1957 5300 magister.
2001 5228 2103 5285 Ba.

516 5301 624 5355 CC.
661 5300 717 5354 P.
750 5299 936 5353 καλείτ
947 5305 1027 5356 αι.

587 5371 699 5441 (17)
743 5370 806 5424 '0
839 5371 1034 5424 πάντα
1054 5369 1281 5440 μαθών.
1320 5369 1520 5438 lronia,
1554 5384 1716 5441 quam
1746 5386 1852 5426 non
1884 5372 2097 5426 illibcn-

519 5451 603 5496 ter
635 5452 840 5507 tamen,
871 5443 1034 5512 etiam
1065 5444 1332 5507 sentiens,
1368 5442 1419 5495 in
1460 5456 1610 5494 suam
1641 5444 1949 5512 arrogantis
1983 5444 2096 5495 lau-

516 5513 895 5637 ύθέιῖἑῖξιᾶξτὶι
916 5511 1323 5582 Theophrastus
1352 5512 1549 5582 aliquis
1574 5511 1901 5593 hujusmodi.
1928 5513 2024 5566 BA.

810 5600 858 5637 ς.

743 5586 996 5711 ’ίέῂυλω
1053 5651 1171 5725 Non
1204 5649 1333 5725 pura
1356 5653 1505 5725 ,_sed_
1537 5663 1853 5709 concretum
1896 5654 2100 5723 aliquid

519 5723 850 5783 cletncntare
882 5723 1175 5780 trahentia.
1206 5723 1339 5777 Vide
1371 5723 1626 5778 Psellum.
1662 5725 1887 5780 Animas
1920 5726 2098 5778 homi-

520 5810 647 5853 num
688 5800 876 5852 eodem
918 5797 1075 5851 modo
1130 5795 1274 5856 vitiis
1318 5794 1525 5849 deditas
1572 5795 1846 5865 inquinari
1904 5796 2099 5851 docent

2198 4735 2483 4812 Platonici.
2530 4736 3140 4812 'Evulov’malerialem
3189 4743 3578 4812 interpretatur
3629 4746 3786 4801 Ono-

2199 4808 2466 4887 tnastjcon
2507 4809 3073 4887 priscum._’:_t_vdi_toog
3105 4808 3558 4887 angelos'swpius
3581 4816 3788 4887 Aappel-

2200 4834 2466 4864 luasucuu
2509 4834 2768 4878 priscum.
2834 4834 3073 4875 ιινυΛους
3105 4834 3324 4883 angelos
3363 4834 3558 4872 saeuus
3609 4834 3786 4887 appet-

2200 4877 2278 4950 lat
2322 4876 2563 4950 Joannes
2603 4881 2800 4949 praesul
2840 4881 3238 4937 Euchaitensis.
3277 4883 3387 4950 ΒΑ.
3433 4834 3509 4940 kx
3565 4885 3673 4942 CC.
3728 4886 3786 4940 l‘.

2207 4948 2299 5028 hic
2331 4948 2936 5028 locus_sicirestitnitu_r
2980 4972 3012 5028 :_
3042 4952 3163 5028 ἀλλ’
3190 4955 3219 5006 ὀ
3253 4948 3405 5025 ἥλιος
3435 4958 3548 5011 ᾶνω
3590 4974 3790 5028 προσε-

2202 5018 2550 5093 λαύνῳν-τὴν
2583 5019 2737 5093 κάτω
2766 5022 2957 5093 στενὴν
2988 5022 3217 5078 διαλύει.

2277 5090 2391 5168 (29)
2418 5089 2822 5168 Noctuadesse
2850 5089 3074 5168 animas
3094 5098 3384 5151 cbaroruni
3408 5108 3463 5152 et
3500 5098 3677 5154 visere
3696 5116 3791 5155 co-

2204 5162 2402 5239 gnatos
2438 5162 3001 5239 credebant‘veteres.
3039 5165 3121 5239 Pe
3150 5176 3330 5239 statua
3370 5168 3660 5223 Domitiani
3711 5172 3791 5239 ip-

2207 5230 2322 5288 sius
2356 5233 2547 5311 vicem,
2578 5230 2832 5311 Papinius
2859 5232 3013 5311 liquo
3037 5233 3131 5299 M.,
3169 5235 3305 5311 Silv.
3344 5241 3396 5305 1,
3434 5240 3485 5304 1,
3508 5238 3577 5293 94
3609 5230 3791 5311 ευίίισ

2206 5314 2253 5356 et
2285 5304 2379 5357 sub
2437 5311 2583 5379 nocte
2606 5303 2824 5379 silenti,
2859 5303 3016 5375 [Cum
3047 5309 3250 5379 superis
3301 5303 3505 5362 terrena
3543 5303 3750 5379 placent
3774 5351 3791 5376 ,

2208 5385 2302 5449 tua
2356 5371 2722 5449 trtrhqfelicto
2754 5371 3008 5449 [quetur
3046 5371 3195 5442 eicio,
3237 5371 3573 5449 miscebitque
3611 5371 3791 5435 osculu

2199 5446 2396 5521 iugata;
2447 5442 2576 5515 [Ibit
2616 5445 2671 5497 in
2712 5442 2986 5521 amplexus
3039 5456 3193 5521 natus
3235 5442 3503 5521 fraterque
3542 5460 3795 5521 palerth

2209 5512 2302 5596 [la't
2357 5512 2547 5638 ﬁeri";
2588 5527 2693 5568 una
2753 5512 2926 5570 lo'cum
2991 5517 3167 5572 cervix
3216 5512 3658 5592 dabit_bmni'bus
3702 5512 3789 5576 ὶιι-

2209 5597 2323 5638 tm.
2402 5602 2453 5638 Α.
2682 5620 2694 5638 κ

2209 5597 2323 5640 (1'18.
2357 5597 2453 5640 DA.
2682 5620 2695 5645 κ

2280 5657 2392 5727 (ει)
2428 5655 2503 5710 Ex
2537 5657 2641 5713 CC.
2678 5657 2740 5712 P.
2785 5658 2873 5713 hic
2907 5658 3277 5719 inserendum.

2281 5728 2393 5800 (2‘2)
2424 5728 2528 5784 CC.
2564 5729 2621 5783 Ι).
2659 5729 2951 5799 ἀπάγεται.
