4144 6578
400 374 405 377 ’
475 405 583 475 979

1852 407 2089 472 ᾸΞΝΕέΕ
2129 406 2371 471 ῧΑΖᾸΞΙ

3632 409 3740 473 980

477 533 581 574 Ima
613 533 736 574 cum
768 515 933 589 junco
966 515 1249 573 del'odiunt
1283 531 1295 572 ;
1337 530 1436 573 nec
1468 519 1639 573 multo
1671 526 1829 588 post,
1858 520 1925 573 ad
1960 535 2059 573 nu-

2171 516 2260 571 καὶ
2290 517 2429 588 πρὸς
2462 516 2664 589 μέτρον
2688 514 2797 571 τῶν
2828 519 3221 591 κεγχραμίδων
3249 517 3368 593 (30)
3396 521 3567 574 συκαῖ
3597 521 3740 575 κατὰ

476 625 684 666 mermn
713 608 980 664 seminum
1031 608 1168 663 licus
1207 607 1432 664 arbores
1471 609 1660 662 eodem
1695 607 1888 663 ordine
1929 606 2050 662 sitae

476 710 760 771 apparent.
786 700 948 770 Atqui
975 713 1160 755 semen
1192 714 1356 769 quam
1386 714 1574 769 parva,
1604 712 1877 769 propeqne
1911 698 2052 751 indi-

482 796 671 859 vidua,
708 804 763 848 et
808 794 992 864 puncti
1024 792 1219 849 similis
1252 807 1340 848 res
1377 800 1461 846 est
1507 805 1523 846 :
1558 798 1613 845 et
1640 799 1818 844 tamen
1849 789 2052 859 protri~

480 899 593 940 tum
633 893 915 956 postquam
961 884 1098 951 fuit,
1138 884 1274 939 adeo
1310 898 1556 952 magnam
1589 884 1841 936 arborem
1887 880 2050 949 parit.

478 968 546 1033 Et
574 978 750 1048 palma
786 977 948 1032 arbor
974 977 1100 1033 licet
1136 991 1258 1032 osse
1286 976 1579 1031 durissimo
1608 984 1725 1029 orta
1751 1015 1765 1036 ,
1800 988 1969 1043 usque
2002 973 2053 1027 in

480 1069 762 1124 sublimem
796 1082 975 1122 aerem
1012 1067 1303 1122 exaltatur.
1347 1065 1443 1120 llis
1487 1066 1623 1120 adde
1655 1074 1710 1119 et
1757 1064 2053 1118 humanam

481 1158 626 1214 illam
662 1170 831 1214 artem
861 1157 1013 1229 cujus
1042 1157 1202 1230 paulo
1228 1166 1354 1212 ante
1383 1154 1753 1218 meminimus,
1779 1167 1900 1226 quae
1929 1169 2057 1225 apes
2134 1153 2139 1159 ’

480 1249 636 1305 facit.
673 1248 954 1315 Quomodo
989 1262 1118 1301 vero
1143 1261 1272 1316 apes
1304 1246 1417 1301 hanc
1461 1243 1637 1300 facit?
1674 1244 1862 1299 Solent
1892 1258 2053 1313 apum

482 1340 949 1411 producendarum
977 1339 1223 1404 studiosi,
1257 1347 1470 1392 taurum
1497 1335 1730 1391 fustibus
1761 1346 2054 1391 mactatum

483 1443 548 1488 ac
580 1442 873 1499 mortuum,
912 1432 965 1486 in
1005 1431 1188 1502 aliqua
1219 1445 1367 1497 casa,
1397 1445 1567 1499 pauca
1608 1428 1935 1493 terra,'dum
1973 1437 2055 1483 to-

486 1536 572 1580 tus
617 1533 973 1579 consumatur
1002 1537 1067 1577 ac
1117 1528 1553 1590 computrescat,
1592 1518 1863 1576 delossum
1897 1533 2057 1575 accu-

487 1627 603 1672 rate
629 1616 899 1671 claudere.
933 1614 1006 1670 lbi
1040 1624 1150 1669 tum
1184 1624 1381 1680 praeter
1414 1613 1655 1668 omnium
1683 1626 1866 1681 spem,
1898 1610 2057 1667 unius

487 1710 626 1764 tauri
675 1708 952 1778 corruptio
991 1716 1043 1762 et
1094 1705 1457 1775 ptttrefactio,
1505 1704 1857 1773 plurimarum
1899 1719 2057 1774 apum

486 1811 640 1854 ortus
677 1802 897 1869 vitaque
944 1797 1178 1853 exsistit.
1236 1795 1301 1850 Et
1350 1795 1569 1867 plttenix
1624 1793 1739 1849 avis
1788 1794 1959 1848 fertur
2003 1794 2055 1849 in

2162 608 2347 679 στίχον
2377 608 2631 680 κείμεναι
2680 609 3035 683 διεφάνησαν.
3079 612 3275 666 Καίτοι
3314 613 3510 684 μικρόν
3545 630 3600 666 τι
3643 612 3767 666 καὶ,

2157 698 2360 770 ἄτομον
2381 701 2476 755 καὶ
2493 694 2606 754 οἷον
2629 704 2857 773 σημεῖον
2876 704 2909 773 ἡ
2932 703 3263 774 κεγχραμίς·
3292 704 3408 757 ἀλλ’
3430 705 3579 775 ὅμως
3605 721 3741 773 προ-

2157 791 2553 863 διαφθαρεῖσα,
2594 794 2649 848 τί
2684 794 2797 867 (51)
2838 796 2983 867 μέγα
3020 796 3238 868 δένδρον
3283 796 3498 857 ὼδίνει;
3543 798 3653 851 Καὶ
3679 796 3746 850 τὸ

2159 882 2379 956 δένδρον
2407 886 2435 939 6
2460 884 2635 955 φοίνιξ
2669 888 2749 951 είς
2775 887 2914 958 ἀέρα
2952 888 3374 959 μετεωρίζεται,
3408 887 3523 941 ἀλλ’
3552 887 3743 942 ὁστέον

2160 975 2511 1047 ἀπεσκληκδς
2532 974 2631 1049 τῆς
2664 978 2934 1057 γενέσεως
2965 980 3000 1050 ἡ
3046 979 3347 1049 πρόφασις.
3396 979 3519 1033 Ἔτι
3550 978 3605 1032 δὲ
3646 978 3746 1031 καὶ

2161 1066 2478 1139 ἀνθρωπεία
2518 1070 2684 1141 τέχνη
2734 1065 2804 1142 ἦς
2838 1072 2935 1125 καὶ
2988 1072 3256 1141 πρότερον
3299 1071 3676 1143 ἐμνήσθημεν,
3708 1070 3747 1141 ἢ

2164 1158 2427 1230 μελίσσας
2477 1154 2790 1233 ἐργάζεται.
2847 1159 2971 1227 Πῶς
3019 1159 3116 1217 οὖν
3162 1163 3497 1234 ἐργάζει-αις
3539 1162 3747 1233 ταῦρον

2162 1249 2445 1316 ἀνελόντες
2483 1252 2535 1306 οί
2568 1253 2677 1307 τῶν
2726 1250 3000 1324 μελισσῶν
3040 1256 3303 1327 ἐρασταὶ,
3339 1257 3435 1309 καὶ
3464 1256 3659 1326 νεκρὸν
3686 1258 3746 1310 ὲν

2163 1341 2297 1412 οἴκῳ
2347 1341 2769 1413 καταχώσαντες
2823 1344 3059 1415 μετρίως
3086 1386 3103 1411 ,
3163 1349 3259 1399 καὶ
3321 1346 3747 1414 συγκλείσαντες

2164 1433 2429 1504 ἀκριϐῶς,
2463 1433 2702 1506 ἔως(55)
2724 1435 3142 1508 διαφθείρεσθαι
3172 1438 3265 1491 καὶ
3300 1436 3747 1507 κατασήπεσθαι.

2166 1526 2276 1578 Καὶ
2306 1524 2367 1578 τὸ
2392 1525 2719 1594 παράδοξον,
2742 1528 2777 1598 ἡ
2812 1525 2912 1579 τοῦ
2942 1527 3060 1591 ἐνὸς
3083 1527 3258 1599 φθορὰ
3289 1528 3402 1599 (34)
3434 1530 3529 1582 καὶ
3562 1528 3747 1599 σῆψις,

2169 1615 2380 1688 μυρίων
2409 1616 2677 1686 μελισσῶν
2704 1617 2919 1686 γένεσις
2950 1618 3047 1671 καὶ
3076 1618 3193 1689 ζωὴ
3220 1620 3316 1672 καὶ
3353 1618 3467 1689 βίος
3504 1618 3745 1687 ἐγένετοα

2165 1707 2276 1761 Καὶ
2324 1706 2386 1760 τὸ
2415 1706 2603 1779 ὄρνεον
2638 1707 2668 1761 6
2704 1707 2882 1777 φοίνιξ
2920 1708 3000 1773 είς
3031 1709 3367 1764 πεντακόσια
3413 1708 3511 1779 ἐτη
3552 1708 3751 1780 βιῶναι

2165 1794 2417 1863 λέγεταιο
2453 1795 2789 1867 τελευτήσας
2825 1796 2881 1851 δὲ
2918 1798 3010 1851 καὶ
3053 1800 3194 1861 ὅλως
3220 1799 3497 1871 διαχυθεὶς
3523 1840 3539 1866 ,
3586 1794 3749 1863 αὖθις

487 1892 811 1960 qulngentos
862 1904 1034 1945 annos
1086 1888 1250 1942 vitam
1293 1888 1589 1956 producere
1632 1904 1646 1940 :
1702 1895 1817 1939 tum
1872 1885 2066 1941 deinde

2171 1885 2448 1941 ἀνεϐίωσε.
2483 1888 2594 1940 Καὶ
2621 1889 2843 1959 ἐπιρρεῖ
2871 1888 3078 1958 πλῆθος
3112 1888 3266 1954 ζώων
3303 1891 3367 1943 ἐκ
3401 1890 3608 1961 φθορᾶς
3650 1894 3749 1943 λα-

493 1993 706 2035 mortna
745 1990 964 2050 totaque
1032 1988 1356 2050 consumpta
1400 1977 1743 2032 reviviscere.
1784 1974 2064 2031 Succurrit

488 2076 652 2128 etiam
685 2073 872 2143 ingens
904 2072 1215 2127 animalium
1242 2070 1417 2139 copia,
1450 2084 1569 2140 quae
1597 2083 1660 2122 ex
1686 2069 1915 2121 aliorum
1946 2068 2065 2120 ani-

491 2164 754 2218 mantium
784 2163 1006 2218 interitu
1031 2170 1340 2232 generatur.
1374 2158 1479 2214 Sed
1510 2159 1701 2213 horum
1724 2156 1857 2212 nihil
1878 2155 2061 2210 Theo-

492 2255 746 2324 plirastns
798 2254 1103 2310 admiratur
1154 2270 1169 2308 :
1223 2250 1509 2319 solumque
1565 2249 1799 2306 hominis
1864 2262 2061 2317 corpus

494 2347 815 2402 reviviscere
848 2356 902 2401 et
932 2344 1309 2401 admirandum
1342 2352 1397 2397 et
1430 2358 1536 2396 non
1578 2341 1903 2396 credendum
1947 2341 2063 2408 opi-

493 2451 651 2494 untur
696 2439 826 2508 :qui
858 2446 1041 2492 tamen
1074 2434 1497 2490 Atheniensibus
1532 2432 1813 2499 indigenas
1847 2446 1905 2485 se
1940 2445 2063 2484 esse

490 2530 795 2588 dicentibus
831 2529 987 2583 ﬁdem
1021 2528 1203 2583 habet.
1238 2526 1344 2582 Sed
1378 2533 1627 2579 naturam
1663 2524 1801 2577 hanc
1832 2523 1899 2576 ad
1943 2537 2063 2575 creo

491 2624 726 2681 dendmn
754 2624 889 2677 adeo
925 2621 1217 2685 diﬂiciletn,
1248 2620 1501 2674 conditor
1529 2631 1594 2671 eo
1622 2618 1736 2684 ipso
1760 2615 1872 2684 jam
1908 2628 2064 2669 antea

491 2712 732 2778 sustulit,
755 2712 898 2783 quod
932 2720 1078 2766 tanta
1106 2708 1364 2765 miracula
1397 2708 1524 2762 lmic
1559 2707 1659 2776 ipsi
1691 2704 1867 2759 aliinia
1896 2706 2062 2770 dedit,

494 2816 552 2860 ut
574 2806 704 2860 illud
738 2800 1344 2873 deincepsincredibile
1365 2799 1539 2857 videri
1575 2811 1920 2867 nequaquam
1953 2812 2073 2866 pos-

2164 1979 2370 2051 χόντων
2395 1980 2491 2051 τὴν
2518 1979 2751 2048 γένεσιν.
2808 1981 2970 2035 Ἀλλὰ
2994 1983 3200 2035 τούτων
3226 1984 3324 2053 μὲν
3358 1982 3513 2036 οὐδὲν
3549 1985 3577 2036 6
3608 1981 3748 2035 Θεό-

2165 2085 2407 2143 φραστος
2447 2071 2757 2141 θαυμάζειλ
2794 2073 2856 2125 El
2897 2072 2942 2125 δ’
2968 2073 3217 2144 ἀναϐιῴη
3245 2072 3339 2126 τοῦ
3370 2072 3660 2145 ἀνθρώπου
3684 2071 3752 2126 τὸ

2166 2162 2348 2233 σῶμα,
2374 2161 2531 2215 τοῦτο
2558 2163 2872 2235 τεθαύμακε
2903 2164 2996 2217 καὶ
3042 2167 3291 2230 ἀπιστεῖ,
3321 2168 3348 2219 6
3386 2168 3512 2228 τοὺς
3542 2163 3750 2237 προγό-

2165 2272 2289 2317 νους
2333 2254 2657 2326 Ἀθηναίους
2687 2256 3017 2327 αὐτόχθονας
3067 2255 3180 2328 (55)
3226 2254 3366 2312 εἶναι
3404 2257 3750 2328 πειθόμενος.

2165 2346 2276 2398 Καὶ
2309 2345 2418 2416 μὴν
2445 2345 2651 2418 ταύτην
2675 2349 2774 2419 τὴν
2802 2349 3065 2402 ἀπιστίαν
3094 2348 3207 2419 (⁸56)
3235 2348 3550 2419 προανελὼν
3582 2350 3613 2403 6
3641 2351 3751 2419 Δη-

2164 2436 2453 2507 μιουργδς,
2502 2436 2739 2491 τοσαῦτα
2788 2437 3047 2510 θαύματα
3094 2440 3457 2511 παραπλήσια
3500 2440 3739 2506 δίδωσιν,

2160 2528 2236 2591 ὠς
2269 2527 2336 2581 ἂν
2367 2528 2489 2598 μηδ’
2531 2531 2706 2583 ἐκεῖνο
2736 2529 2963 2600 ὕστερον
3005 2533 3240 2587 ἄπιστον
3268 2531 3482 2602 ὀφθείη.
3512 2530 3623 2584 Καὶ
3650 2530 3750 2600 τὴν

2160 2618 2265 2687 γῆν
2293 2617 2509 2686 ἐξάγειν
2540 2619 2773 2685 κελεύει,
2801 2620 2973 2673 πολλὰ
2998 2621 3098 2690 μὲν
3128 2620 3264 2685 ζῶα,
3287 2620 3457 2673 πολλά
3488 2620 3544 2674 δὲ
3573 2620 3748 2688 φυτά.

2179 2709 2350 2779 μυρία
2375 2709 2435 2763 δὲ
2469 2711 2762 2781 σπέρματα
2796 2710 3202 2783 προγυμνάζων
3233 2713 3315 2774 εἰς
3344 2711 3540 2776 τόκον;
3578 2710 3655 2773 ὡς
3683 2708 3755 2764 ἂν

2178 2800 2256 2871 μὴ
2285 2801 2472 2856 καινὸν
2512 2801 2627 2873 (58)
2678 2803 2818 2874 αὐτῇ
2853 2803 2980 2875 δόξῃ
3028 2804 3091 2856 τὸ
3136 2803 3488 2874 πρόσταγμα.
3530 2802 3593 2855 El
3643 2800 3757 2871 γὰρ

492 2895 584 2951 sit.
616 2890 829 2949 Etenim
866 2891 1046 2948 telluri
1093 2890 1348 2953 mandat,
1381 2898 1441 2942 ut
1481 2887 1678 2941 multas
1709 2887 1969 2954 producat
2021 2895 2069 2941 et

2178 2892 2359 2956 ζῶντα
2386 2892 2613 2963 σώματα
2647 2894 2741 2947 καὶ
2765 2894 2983 2966 ἔμψυχα
3005 2895 3241 2960 δίδωσιν,
3267 2895 3366 2948 οὐκ
3398 2895 3465 2948 ἂν
3486 2893 3567 2947 ἔτι
3600 2892 3753 2957 ξένον

494 2984 710 3053 plantas
752 2993 807 3040 et
840 2983 1045 3040 bestias
1067 3025 1081 3049 ,
1116 2983 1234 3055 ipse
1273 2982 1480 3036 interea
1514 2979 1581 3033 ad
1612 2977 1917 3032 uberiorem
1954 2992 2081 3046 par-

2179 2983 2373 3055 ὀφθείη
2397 3024 2413 3051 ,
2462 2985 2603 3039 αὑτά
2644 2986 2796 3057 μόνα,
2826 2986 2936 3039 τῶν
2981 2985 3289 3058 ἀνθρώπων
3333 2984 3646 3041 ἀποδιδόναι
3684 2983 3755 3036 τά

494 3086 610 3133 tum
654 3077 935 3132 innumera
974 3073 1183 3130 semina
1233 3084 1563 3143 praeparans,
1601 3077 1660 3123 ut
1700 3082 1769 3123 ne
1802 3083 2000 3123 novum
2028 3070 2079 3125 ei
2183 3073 2435 3146 σώματα.

494 3169 743 3225 videatur
785 3169 890 3224 hoc
954 3167 1210 3235 deinceps
1277 3161 1595 3231 imperium.
1657 3157 1794 3213 Nam
1826 3160 1888 3225 ,εἰ
1924 3159 2042 3214 viva
2090 3172 2257 3234 atque
2335 3170 2572 3223 animata
2621 3184 2850 3241 corpora
2902 3169 3154 3235 dederit,
3201 3183 3306 3223 non
3353 3167 3458 3222 erit
3501 3166 3759 3238 deinceps

497 3271 698 3313 novum
729 3256 1042 3326 quidquam,
1072 3253 1117 3309 si
1148 3254 1264 3309 haec
1298 3251 1485 3308 eadem
1522 3248 1804 3305 hominum
1835 3263 2065 3319 corpora
2107 3255 2283 3310 solum
2316 3260 2529 3315 reddat.

569 3346 869 3406 THEOPH.
902 3348 1055 3403 Licet
1086 3347 1189 3402 hoc
1238 3344 1372 3400 mihi
1422 3344 1755 3414 persuadeas
1806 3360 1821 3398 :

497 3460 696 3514 corpus
726 3444 780 3499 in
824 3455 888 3495 ea
920 3455 1080 3509 quam
1125 3452 1269 3493 nunc
1294 3435 1457 3492 habet
1502 3435 1674 3490 forma
1713 3433 2075 3504 perduraret,

502 3537 645 3594 haud
690 3532 1011 3591 incredibile
1049 3530 1181 3586 mibi
1239 3529 1517 3585 videretur
1542 3568 1560 3595 ,
1605 3527 1841 3582 animam
1876 3528 2077 3582 iterum

501 3633 557 3687 in
602 3629 656 3684 id
703 3628 878 3698 ipsum
920 3624 1075 3695 quasi
1116 3622 1407 3693 quamdam
1450 3629 1687 3676 statuam
1738 3620 1944 3675 subire.
1982 3618 2079 3675 Sin

501 3731 684 3777 autem
733 3721 805 3776 sit
840 3717 1025 3773 multis
1055 3716 1167 3787 jam
1201 3715 1360 3770 annis
1386 3713 1502 3769 haec
1533 3713 1783 3783 corporis
1813 3712 2079 3767 constitu-

506 3815 583 3869 tio
612 3809 1000 3882 proportioque
1026 3805 1202 3862 soluta
1227 3846 1245 3872 ,
1285 3819 1393 3875 quo
1421 3813 1577 3874 pacto
1600 3803 1704 3857 hoc
1736 3803 1852 3871 ipso
1883 3803 2081 3857 iterum

503 3904 727 3963 utetur?

571 3992 852 4052 ASGYPT.
891 3993 963 4047 At
1008 4001 1159 4048 certe
1188 4001 1373 4045 nostra
1417 4005 1644 4059 corpora
1683 3986 1839 4041 facile
1880 3984 2081 4038 revivi-

508 4094 683 4149 scent,
716 4083 933 4153 quando
952 4083 1130 4150 lacent
1167 4081 1307 4135 belle
1348 4080 1588 4144 condita,
1629 4086 1792 4145 atque
1817 4074 1884 4129 ad
1906 4074 2080 4130 susci-

503 4174 756 4247 piendam
790 4174 1027 4227 animam
1058 4179 1381 4243 prmparata.

576 4264 815 4321 AXITH.
845 4265 1018 4332 Quam
1062 4263 1269 4332 lepidus
1303 4270 1388 4316 est
1416 4259 1719 4332 [Egyptusl

580 4359 995 4427 TheOphrastus
1027 4365 1211 4410 autem
1246 4353 1481 4408 nondum
1522 4348 1907 4404 animadvertit
1933 4349 2081 4417 parvi

392 4508 395 4512 .
506 4454 737 4516 referre,
765 4449 1096 4506 diﬁ'usumne
1145 4445 1217 4500 sit
1262 4444 1515 4509 cadaver,
1552 4458 1619 4496 an
1666 4441 1843 4496 adhuc
1865 4455 2081 4508 compa-

434 4588 438 4592 Α
507 4558 655 4603 etum
685 4562 700 4600 :
727 4556 882 4613 aque
908 4540 1056 4596 enim
1088 4539 1141 4594 in
1174 4535 1439 4592 ambobus
1455 4547 1715 4603 compago
1736 4531 2083 4600 compositio-

1876 3343 1970 3399 Sed
2023 3343 2072 3399 Si
2098 3356 2140 3414 C
2242 3350 2438 3407 ΘΕΟΦ.
2469 3355 2676 3419 Ἔστιν,
2703 3353 2736 3425 ἦ
2760 3352 2969 3418 πείθεις
2988 3352 3122 3425 (59).
3157 3350 3293 3405 Ἀλλ’
3310 3353 3359 3405 εί
3388 3350 3487 3422 μὲν
3512 3349 3576 3405 τὸ
3595 3349 3754 3421 σῶμα

2179 3445 2615 3515 μεμορφωμένον
2666 3445 2974 3515 διέμεινεν,
3025 3444 3127 3498 οὐκ
3168 3443 3434 3496 ἀπίθανον
3480 3436 3550 3515 ἦν
3600 3438 3757 3506 αὖθις

2176 3531 2368 3605 ὥσπερ
2395 3536 2475 3598 είς
2500 3535 2721 3607 ἄγαλμα
2740 3534 2839 3607 τὴν
2860 3534 3038 3605 ψυχὴν
3059 3532 3340 3588 ὑποδῦναι.
3374 3534 3436 3586 El
3456 3533 3514 3587 δὲ
3542 3530 3756 3585 πολλῶν

2177 3626 2373 3697 ὲτῶνή
2405 3626 2500 3680 τοῦ
2532 3625 2787 3698 σώματος
2817 3624 3053 3697 ἁρμονία
3079 3624 3318 3691 λέλυται,
3350 3623 3469 3689 πῶς
3500 3622 3570 3681 ἀν
3598 3622 3759 3677 ὓστε-

2183 3735 2274 3789 ρον
2305 3718 2455 3789 αὺτῷ
2480 3720 2745 3790 χρήσεται
2774 3717 2855 3771 ἔτι
2879 3717 3025 3789 (40);

2255 3979 2531 4036 ΑΙΓΥΙΙΤ.
2562 3978 2747 4036 *Ηπου
2781 3982 2889 4055 ἄρα
2922 3983 2989 4037 τὰ
3031 3986 3161 4056 παρ’
3196 3986 3327 4055 ἡμῖν
3359 3983 3589 4055 σώματα
3648 3984 3760 4055 (Η)

2187 4073 2383 4145 ῥᾳδίως
2416 4074 2799 4128 ἀναϐιώσεταιο
2833 4077 3011 4128 κεῖται
3041 4075 3151 4146 γὰρ
3179 4075 3633 4147 τεταριχευμένα,
3664 4076 3763 4131 καὶ

2186 4164 2325 4236 πρὸς
2358 4164 2622 4237 ὑποδοχὴν
2654 4166 2833 4237 ψυχῆς
2858 4166 3069 4237 ἕτοιμα.

2257 4256 2434 4314 ΑΞΙΘ.
2477 4256 2565 4319 Ὦς
2597 4254 2820 4328 εὔχαρις
2843 4258 2955 4327 (42)
2990 4260 3018 4311 6
3042 4259 3352 4327 Αἵγυπτοςῐ

2266 4352 2327 4403 ’0
2347 4350 2404 4403 δὲ
2432 4350 2773 4421 Θεόφραστος
2810 4349 2963 4403 οὔπω
2995 4352 3324 4421 κατενόησεν
3358 4349 3432 4414 ὡς
3464 4350 3616 4404 οὐδὲν
3644 4351 3759 4404 δια-

2187 4441 2343 4511 φέρει
2374 4440 2568 4512 νεκρδς
2597 4440 2871 4511 διαχυθεὶς
2894 4442 2989 4494 καὶ
3013 4440 3094 4494 ἔτι
3124 4440 3503 4514 συμπεπηγώς
3521 4460 3535 4473 ·
3562 4443 3763 4511 ὁμοίως

2188 4533 2298 4602 γὰρ
2339 4531 2397 4583 ὲν
2440 4530 2774 4602 ἀμφοτέροις
2816 4530 2851 4600 ἡ
2900 4530 3136 4600 ἁρμονία
3174 4529 3501 4586 διαλέλυται.
3535 4531 3611 4585 Οὐ
3654 4531 3762 4600 γὰρ

509 4654 613 4709 que
640 4636 1010 4692 membrorum
1041 4629 1216 4686 soluta
1241 4637 1345 4684 est.
1385 4627 1573 4698 Neque
1601 4625 1749 4680 enim
1793 4639 1823 4678 a
1856 4636 2069 4693 corport

2191 4621 2257 4677 ἃν
2313 4622 2586 4690 ἀποσταίη
2636 4620 2960 4694 σώματοςή
3010 4621 3179 4693 ψυχὴ,
3231 4623 3306 4694 μὴ
3349 4623 3448 4695 τῆς
3501 4623 3764 4694 ἁρμονίας

584 4841 695 4911 (30)
725 4837 883 4911 Πρὸς
899 4833 1128 4911 ,μέτρον
1149 4828 1499 4911 τῷνέεγκρ·
1532 4823 1773 4911 55.98"“?
1798 4822 2095 4911 ξεν-ἓξὲξ

521 4892 693 4966 minis,
735 4892 977 4973 singulas
1013 4892 1217 4973 'enasci
1274 4892 1692 4973 limisjtraditnr
1746 4892 2092 4973 agriculturae

515 4963 895 5051 scriptoribus.
951 4972 1356 5051 Vide_P_etrum
1412 4966 1785 5051 Cresce'ntium
1842 4963 1979 5017 libro
2025 4977 2085 5025 ιι,

514 5035 643 5120 cap:
661 5050 717 5120 2.
733 5047 957 5120 _C;etera
982 5043 1185 5099 nemini
1214 5042 1395 5111 ignota
1425 5045 1568 5091 sunt.
1600 5035 1696 5089 BA.

585 5116 669 5190 (at
731 5116 825 5171 Τό.

588 5118 702 5259 (σεξ
730 5186 838 5259 cc.
871 5185 932 5259 ξ.
963 5182 1083 5259 eg.
1107 5182 1164 5235 δὲ
1196 5181 1311 5235 καί.

589 5253 701 5327 (δε)
732 5257 836 5327 cc.
876 5254 938 5327 ι’.
971 5253 1124 5327 eam;

589 5316 695 5398 (δι’
731 5326 839 5381 CC.
874 5325 935 5378 P.
967 5326 1002 5395 ἡ
1034 5323 1129 5377 τοῦ
1155 5321 1271 5384 ἑνὸς
1306 5320 1582 5390 ἀναίρεσις
1618 5316 1714 5371 καὶ

592 5330 704 5470 (ὅδὲ
756 5394 1098 5470 ᾍθητᾳίομυς
1135 5393 1526 5470 αᾲτόχθογας.
1575 5388 1714 5470 Lege

592 5315 696 5398 l5"
731 5326 839 5381 CC.
874 5325 935 5378 P.
967 5326 1002 5395 ἡ
1034 5323 1129 5377 τοῦ
1155 5321 1271 5384 ἑνὸς
1306 5320 1582 5390 ἀναίρεσις
1618 5316 1714 5371 καὶ
1756 5315 1950 5439 (ρΐθορά,

592 5330 704 5469 (55;
756 5394 1098 5469 ‘40ntfqlovg
1135 5393 1526 5469 αιΰτόχθοτας.
1575 5388 1739 5469 Lege_
1817 5388 1950 5469 lrucy

1817 5382 2098 5454 lttlt'yditlis

2190 4830 2238 4874 et
2275 4818 2721 4872 incredulitatem.

2265 4888 2379 4959 (37)
2402 4888 2509 4959 CQ.
2544 4887 2609 4959 Ρ.
2651 4886 2922 4959 θεάματα.

2287 4955 2376 5024 38)
2406 4958 2511 5013 CC.
2544 4955 2604 5011 P.
2639 4955 2814 5011 κενόν.

2286 5018 2375 5101 59)
2408 5028 2556 5083 Varii
2587 5029 2736 5081 varie
2765 5027 2950 5099 legunt
2982 5043 2997 5082 :
3033 5022 3278 5101 Ἔστινῇ
3312 5042 3373 5082 π.
3405 5028 3555 5080 ἐστιν
3655 5021 3773 5077 πεί-

2195 5100 2307 5163 θεις
2334 5099 2475 5153 ἔστω
2502 5101 2600 5153 ἀπ.

2265 5170 2378 5240 (40)
2408 5169 2513 5224 CC.
2548 5169 2609 5223 P.
2635 5168 2939 5240 Χρήσαιτο.

2266 5236 2375 5309 (ll)
2412 5240 2490 5293 Τὰ
2527 5236 2845 5309 ampli)er
2890 5238 3154 5307 σώματα.
3189 5239 3578 5294 Admirandam
3623 5236 3768 5290 illam

2197 5306 2549 5364 nuncetiam
2608 5306 2991 5378 Egyptioruni
3052 5311 3393 5364 condituram
3448 5309 3770 5378 cadaverum

2192 5379 2572 5450 jactat_homo
2627 5375 3047 5450 Alexandrinus.
3100 5381 3229 5450 Eam
3279 5380 3607 5450 descriptam
3651 5375 3773 5450 vide

524 5446 1231 5541 prinm'tnlcf‘lj.Athenis
1275 5446 1415 5541 quod
1469 5446 2096 5541 essetﬁriun't‘hts'pgya
2193 5446 2716 5541 aputa‘lnﬂgmdotum
2771 5450 2854 5520 (It,
2910 5447 2999 5521 86)
3068 5459 3125 5503 et
3174 5446 3473 5505 Diodorum
3526 5446 3769 5502 Siculum

525 5526 903 5610 Eppovéovtauet
933 5526 1093 5610 initio
1127 5526 1420 5610 introduxit
1451 5546 1605 5586 suum
1638 5531 1783 5583 hunc
1809 5526 2098 5585 Platonica:

524 5602 798 5679 sapientia
833 5605 1178 5679 histrionem.
1211 5602 1302 5655 Bt.

595 5664 709 5751 {36)
767 5676 1093 5751 Ἀπιστίξιγ.
1140 5672 1489 5751 Occasionem
1530 5670 1629 5740 ipsi
1685 5683 1792 5751 non
1839 5664 2091 5751 credendi

525 5736 848 5809 ob‘arduam
875 5746 953 5801 rei
985 5744 1143 5798 ﬁdem
1172 5736 1678 5810 conditionemqne.
1696 5739 1875 5803 Quare
1901 5736 2094 5810 melius

531 5808 795 5887 verteris,
830 5815 1077 5875 credendi
1099 5812 1475 5883 diﬁlcultatem.
1501 5808 1600 5865 BA.
1638 5808 1885 5865 Verterat
1927 5808 2037 5876 ipse
2078 5824 2087 5835 ·

2196 5518 2808 5661 (¹’(ἓὲέ’⁹¹.ῗὶέ’ἐῦχαρις.
2849 5588 2921 5645 Ut
2945 5589 3171 5645 delicias
3208 5589 3363 5643 facit!
3400 5587 3592 5642 Sermo
3624 5593 3774 5639 notat

2202 5662 2475 5743 imminent
2497 5661 2844 5743 ,7per_jocu.m
2878 5662 2979 5743 ista
3015 5661 3348 5732 loquentem,
3382 5673 3486 5713 non
3524 5672 3645 5713 esse
3684 5671 3775 5708 ru-

2200 5736 2319 5788 dem
2348 5729 2590 5789 veritatis
2617 5729 2899 5788 dcctrinte.
2932 5729 3030 5785 BA.
