4144 6562
364 401 468 467 931

1671 414 2295 479 THEOPHRASTUS.

3529 412 3638 480 982
3680 466 3682 469 .

365 513 641 584 λυθείσης,
675 512 815 568 ὥστε
843 515 937 569 τοῦ
967 520 1356 591 γεγραμμένου
1382 523 1410 576 6
1427 522 1621 594 νεκρδς
1645 524 1954 597 ἄνθρωπος,

2085 527 2290 582 Iiscedit
2313 525 2517 595 anima,
2551 528 2654 584 nisi
2681 530 3074 602 compositione
3100 531 3312 599 soluta;
3343 545 3453 603 quo
3480 532 3542 586 ilt
3569 541 3636 586 ut

368 605 526 659 οὐδὲν
556 606 778 677 ἄμεινον
813 607 946 678 (45),
979 611 1028 663 εί
1059 610 1134 681 μὴ
1166 613 1260 664 καὶ
1291 608 1702 686 ἀᾶθενέστερος.
1762 616 1820 670 '0
1857 618 1956 687 μὲν

366 697 476 765 γὰρ
504 694 732 765 εΰχρους
754 713 812 749 τε
842 697 939 750 καὶ
973 701 1033 753 έν
1056 700 1227 772 ὥραις
1255 703 1366 774 (44)
1384 704 1439 757 δὲ
1461 705 1794 776 ἀπηνθηκὼς
1822 706 1958 778 (45),

369 787 464 840 καὶ
508 785 629 848 ὅλος
657 786 880 858 ἔξωρος.
940 791 1012 842 Ἢ
1058 792 1241 846 τοίνυν
1279 793 1348 846 τὰ
1389 793 1658 865 χρώματα
1692 797 1785 848 καὶ
1832 797 1960 859 τοὺς

377 879 774 950 εἰργασμένους
806 880 990 945 λίθους
1019 884 1098 946 είς
1124 884 1389 956 ὑποδοχὴν
1413 887 1593 956 ψυχῆς
1624 887 1820 958 νεκροῦ
1853 887 1959 940 σὼ-

383 987 554 1039 ματος
591 972 698 1041 χρὴ
749 973 1108 1044 προτιμᾷν,ἢ
1159 976 1310 1028 οὐδὲν
1352 978 1631 1048 διαφέρειν
1677 979 1960 1049 ὁμολογεῖν

377 1065 458 1125 εἰς
487 1063 776 1116 κοινωνίαν
797 1065 979 1135 ψυχῆς
999 1066 1059 1120 τὸ
1091 1068 1419 1139 συνεστηκὸς
1452 1070 1612 1140 σῶμα
1638 1070 1728 1124 τοῦ
1754 1071 1960 1124 διεσκε-

374 1151 668 1222 δασμένου.
703 1155 855 1208 Ἐπεὶ
877 1156 974 1210 καὶ
1003 1157 1098 1210 νῦν
1126 1159 1533 1231 ἀφικνουμένης
1555 1161 1664 1231 (46)
1690 1163 1750 1215 οὗ
1779 1163 1960 1215 τέλεον

376 1246 624 1317 εὑρίσκει
660 1249 723 1301 τὸ
759 1248 941 1319 σῶμα,
976 1249 1090 1304 ἀλλ’
1132 1251 1381 1323 ἄμορφον
1417 1252 1479 1306 τὸ
1513 1254 1757 1325 σπέρμα.
1818 1255 1961 1308 Ἀλλ’

376 1337 503 1391 οὔτε
544 1339 656 1410 (47)
689 1340 1016 1412 φαινόμενον
1063 1342 1306 1415 ίσχυρὸν,
1359 1343 1474 1398 ἀλλ’
1505 1347 1538 1417 ὴ
1575 1345 1724 1400 ἔνδον
1766 1345 1963 1402 λανθά-

380 1447 547 1483 νουσα
577 1431 830 1502 δύναμις.

2060 617 2278 672 homine
2311 617 2456 686 picto
2501 619 2673 675 nihilo
2714 631 2960 692 przestct,
3000 624 3182 694 sitque
3235 621 3413 694 potius
3467 622 3638 677 imbeo

2057 706 2256 762 cillior.
2282 703 2376 762 llle
2405 708 2550 762 enim
2577 710 2803 780 pulchro
2825 712 3006 767 colore
3047 725 3304 770 venustus
3324 755 3340 780 ,
3373 721 3429 767 et
3467 712 3520 767 in
3537 727 3639 768 suo

2061 800 2217 869 quasi
2270 797 2404 854 ﬂore
2446 809 2532 855 est
2563 815 2576 852 :
2611 801 2700 855 hic
2749 811 2928 857 autem
2963 801 3159 858 ﬂorere
3189 803 3414 858 omnino
3445 802 3632 868 desiit,

2059 900 2253 959 estque
2278 899 2426 944 totus
2456 889 2723 946 exoletus.
2747 890 2914 960 Igitur
2949 900 3042 946 aut
3069 893 3280 948 colores
3309 903 3364 947 et
3393 893 3641 948 elabora-

2069 992 2155 1036 tos
2201 982 2410 1051 lapides
2432 982 2497 1036 ad
2527 982 2935 1052 suscipiendum
2967 985 3202 1039 animam
3226 985 3464 1054 aptiores
3494 998 3637 1050 esse,

2067 1088 2230 1143 quam
2255 1073 2325 1127 sit
2351 1073 2586 1128 hominis
2611 1072 2857 1129 defuncti
2916 1089 3116 1143 corpus
3175 1075 3637 1130 existimandum:

2060 1176 2153 1218 aut
2197 1165 2562 1219 conﬁtendum
2602 1175 2707 1231 est,
2767 1168 3106 1221 consortium
3173 1166 3402 1232 animat,
3468 1166 3540 1220 sit
3573 1180 3643 1221 ne

2060 1265 2403 1324 compactum
2452 1269 2520 1309 an
2585 1254 2840 1309 diﬂ‘nsum
2898 1271 3145 1326 corpus,
3205 1254 3337 1310 nihil
3397 1254 3640 1310 aﬂ‘erre:

2061 1346 2278 1415 quando
2335 1345 2512 1398 anima
2565 1360 2632 1400 ne
2697 1361 2844 1399 nunc
2899 1346 3117 1415 quidem
3178 1344 3232 1399 in
3285 1357 3484 1413 corpus
3535 1343 3640 1397 mi-

2063 1452 2227 1506 grans
2255 1437 2422 1508 658
2453 1438 2625 1505 ipsum
2650 1481 2663 1503 ,
2702 1438 3000 1505 perfectum
3049 1448 3212 1506 atque
3243 1436 3498 1491 omnibus
3524 1435 3640 1489 suis

381 1527 631 1595 partibus
668 1528 977 1584 absolutum
1014 1545 1214 1600 corpus
1243 1572 1258 1596 ,
1301 1532 1393 1587 sed
1447 1533 1680 1589 informe
1723 1548 1908 1589 semen
1947 1533 2176 1589 invenit.
2232 1532 2373 1600 Quin
2432 1531 2560 1588 illud
2610 1532 2782 1603 ipsum
2829 1533 2992 1587 etiam
3042 1529 3158 1599 ejus
3215 1530 3379 1585 robur
3407 1527 3644 1584 nondum

383 1617 661 1683 cernitur,
726 1622 1006 1692 magisque
1057 1622 1203 1677 intus
1263 1624 1438 1681 latens
1490 1626 1574 1680 vis
1629 1637 1714 1682 est
1786 1627 1961 1695 ipsum
2001 1627 2240 1698 erigens.

455 1710 649 1765 ΘΕΟΦ.
703 1710 890 1778 Ὅπως
937 1713 1050 1785 (48)
1087 1710 1180 1769 οὖν
1226 1715 1431 1788 ἑκάστη
1469 1716 1614 1790 ψυχὴ
1663 1719 1724 1772 τὸ
1766 1719 1968 1791 ἑαυτῆς

383 1801 720 1875 ἀναλήψεται
752 1804 910 1875 σῶμα
930 1823 945 1872 ;

459 1894 638 1950 ΑΞΙΘ.
681 1895 774 1961 Ἐξ
801 1896 934 1968 ὕλης
964 1897 1058 1952 καὶ
1091 1899 1264 1964 εἴδους
1293 1900 1355 1954 τὸ
1400 1902 1582 1972 σῶμα.
1631 1899 1701 1956 Ἥ
1737 1901 1838 1974 μὲν
1873 1901 1967 1958 οὖν

384 1985 489 2055 ὕλη
523 1987 805 2058 φθείρεται
849 1991 945 2043 καὶ
970 1991 1280 2045 διαλύεται·
1322 1993 1474 2062 μένει
1513 1993 1570 2047 δὲ
1599 1996 1627 2047 6
1660 1996 1846 2061 ἄνισος
1873 1994 1967 2049 τοῦ

389 2080 566 2144 είδους
591 2082 618 2133 6
649 2079 805 2148 λόγος
828 2081 964 2152 (49).
1003 2083 1072 2136 Ἢ
1100 2084 1198 2154 οὐχ
1223 2086 1356 2156 δρᾷς
1387 2086 1467 2138 ὅτι
1498 2086 1592 2140 καὶ
1616 2085 1647 2139 6
1688 2088 1831 2151 σῖτος
1856 2086 1969 2158 (50)

387 2171 524 2225 ὅταν
544 2171 706 2225 αὑτὸν
731 2173 782 2225 οἱ
800 2173 1076 2244 ἄνθρωποι
1095 2175 1412 2247 σπείροντες
1436 2176 1548 2248 (51)
1574 2180 1644 2248 γῇ
1666 2176 1968 2249 κρύψωσιν,

389 2261 556 2326 αὐτὸς
587 2264 686 2333 μὲν
728 2264 941 2335 ἐφθάρη
986 2267 1080 2320 καὶ
1118 2267 1346 2339 ἐξεχύθη
1382 2270 1476 2322 καὶ
1523 2269 1816 2341 τέθνηκεν·
1850 2270 1878 2323 6
1915 2271 1973 2324 δὲ

389 2352 722 2424 δημιουργὸς
753 2353 865 2424 (52)
904 2353 1069 2408 αὑτοῦ
1111 2355 1301 2425 λόγος,
1348 2357 1674 2429 ἀδιάφθορος
1720 2360 1834 2431 (55)
1880 2360 1974 2412 καὶ

397 2447 930 2519 συγκεκροτημένος,
951 2448 1045 2502 καὶ
1071 2443 1182 2502 οἷον
1207 2449 1504 2516 ἀθάνατος;
1543 2453 1639 2514 Ὃς
1665 2452 1975 2524 ὲρῥωμένος

393 2538 669 2609 διαμένων
701 2539 836 2610 (54),
867 2542 961 2593 καὶ
986 2539 1086 2612 τὴν
1114 2542 1171 2594 έν
1201 2541 1388 2613 κύκλῳ
1414 2542 1504 2596 τοῦ
1532 2543 1841 2614 σπέρματος
1870 2544 1976 2614 γῆν

397 2627 693 2697 συλλέγων,
719 2630 816 2682 καὶ
843 2629 903 2682 τὸ
934 2631 1362 2702 περικεχυμένον
1390 2631 1556 2704 ὑγρὸν
1582 2633 1847 2700 ἐφέλκων,
1883 2636 1978 2688 καὶ

397 2721 465 2789 τῇ
483 2718 659 2790 Θέρμῃ
681 2720 1034 2788 περιθάλπων
1055 2722 1422 2793 ἀναζωπυρεῖ,
1437 2723 1529 2775 καὶ
1550 2723 1845 2778 σϐεσθέντα
1862 2725 1976 2798 (55)

397 2810 489 2863 τὸν
528 2813 706 2876 σῖτον,
751 2812 847 2865 καὶ
888 2813 1043 2882 ῥίζαν
1073 2813 1186 2884 (56)
1230 2815 1601 2887 ὲγκατέπηξε,
1640 2818 1735 2870 καὶ
1781 2817 1980 2886 φύλλον

397 2899 629 2971 ἐξέφυγε
661 2902 796 2974 (57),
835 2905 931 2958 καὶ
972 2903 1070 2974 τὴν
1104 2904 1359 2976 καλάμην
1399 2905 1663 2978 διήγειρε,
1711 2908 1807 2962 καὶ
1855 2909 1981 2972 τοὺς

404 2994 606 3065 στάχυς
640 2994 753 3066 (58)
779 2993 1058 3066 ἐξέθρεψε,
1087 2996 1179 3049 καὶ
1202 2997 1389 3061 ἁπλῶς
1414 2998 1527 3051 ἀνω
1547 2998 1636 3050 τὸν
1663 3001 1813 3053 κάτω
1835 3002 1980 3054 σῖτον

402 3082 562 3150 αὖθις
597 3089 896 3143 ἀναϐιῶναι
930 3089 1252 3159 πεποίηκεν.
1297 3091 1406 3144 Καὶ
1439 3091 1467 3143 6
1505 3091 1615 3147 τῶν
1653 3092 1862 3165 όλύρων
1895 3091 1982 3145 λό-

401 3196 497 3247 γος
529 3178 730 3251 ὀλύρας
749 3181 995 3246 διέσωσε,
1024 3181 1118 3235 καὶ
1143 3183 1172 3234 6
1202 3181 1310 3234 τῶν
1334 3182 1559 3251 κυάμων
1588 3185 1855 3255 κυάμουςο
1885 3184 1980 3238 καὶ

402 3271 631 3326 ἄπιστον
661 3271 866 3326 τούτων
891 3273 1066 3328 οὐδέν.
1099 3274 1160 3326 Ei
1186 3274 1242 3326 δὲ
1269 3274 1378 3328 δέοι
1413 3274 1505 3328 τὸν
1528 3275 1814 3346 ἄνθρωπον
1845 3278 1982 3330 ἀνα-

404 3363 869 3433 σωθῆναι,φθόνος
883 3365 1158 3437 δαιμόνων
1176 3364 1379 3431 κα).ζάνο
1388 3364 1587 3435 ρώπων
1601 3365 1828 3420 ἀπιστία
1847 3366 1979 3438 (59).

407 3453 472 3505 Εί
492 3454 671 3508 τοίνυν
694 3457 751 3508 ὲν
774 3459 887 3520 τοῖς
914 3457 1128 3528 θνητοῖς
1149 3457 1177 3509 6
1197 3457 1292 3509 τοῦ
1317 3457 1490 3518 εἴδους
1514 3455 1670 3526 λόγος
1698 3458 1985 3526 ἀθάνατος,

407 3539 550 3614 ἦπού
574 3563 638 3614 γε
671 3546 772 3616 τῆς
810 3549 1081 3602 ἀθανάτου
1111 3548 1292 3620 ψυχῆς
1315 3548 1582 3612 ἀθάνατος
1609 3549 1638 3602 6
1676 3548 1853 3618 λόγος,
1891 3551 1985 3604 καὶ

407 3635 603 3690 οὕποτε
639 3639 816 3710 χρόνῳ
849 3640 1158 3705 διόλλυται,
1200 3639 1316 3694 ἀλλ’
1345 3642 1404 3693 ὲν
1449 3639 1599 3712 αύτῷ
1636 3640 1749 3713 (60)
1783 3641 1981 3710 μένων,

407 3727 600 3799 ὃτανὴ
653 3730 930 3802 προθυμία
975 3731 1087 3802 (61)
1135 3734 1281 3802 παρῇ
1333 3729 1546 3802 [Πάντα
1590 3732 1699 3802 γὰρ
1740 3728 1800 3787 εὖ
1838 3733 1986 3805 μάλα

410 3822 768 3891 προείρηται,
797 3823 894 3877 καὶ
935 3823 1218 3877 τέτακται.
1247 3822 1268 3896 ]
1308 3823 1567 3895 διεγείρει
1590 3824 1690 3895 τὴν
1735 3825 1866 3896 ὓλην
1897 3827 1992 3881 καὶ

411 3913 608 3981 κοσμεῖ
628 3913 770 3964 κατά
791 3911 888 3983 τὴν
915 3912 1114 3970 ἑαυτοῦ
1139 3912 1369 3983 δύναμιν
1396 3913 1486 3966 τὸν
1514 3915 1744 3985 ἀρχαῖον
1767 3915 1987 3987 τρόπον·

413 4001 553 4056 ὥστε
581 4006 648 4075 τῇ
676 4002 819 4075 ψυχῇ
856 4003 1284 4075 γνωριμώτατον
1315 4001 1457 4059 εἶναι
1493 4005 1555 4060 τὸ
1581 4002 1742 4072 εἶδος.

414 4097 621 4164 Optimo
652 4096 844 4152 ordine
885 4095 1174 4168 collocata)
1204 4096 1487 4152 materiam
1516 4107 1683 4152 totam
1715 4099 2057 4171 exsuscitat;

2144 1715 2444 1772 'l‘llEOPll.
2459 1718 2539 1772 An
2564 1717 2728 1788 igitur
2747 1731 2901 1771 suum
2926 1730 3153 1787 qumque
3172 1715 3349 1770 anima
3369 1715 3645 1784 proprium

1997 1795 2040 1851 Β
2065 1823 2261 1877 corpus
2288 1808 2556 1877 recipiet?

2141 1899 2376 1954 AXlTll.
2425 1900 2635 1968 Corpus
2677 1898 2915 1955 hominis
2955 1907 3178 1954 matona
3215 1907 3269 1952 et
3295 1896 3464 1952 forma
3511 1912 3646 1952 con-

2069 1999 2198 2044 stat.
2225 1988 2344 2043 .lam
2379 1989 2602 2044 materia
2633 1989 2848 2059 quidem
2873 1989 3241 2058 corrmnpitur
3265 1997 3428 2056 atque
3455 1985 3648 2041 dissol-

2074 2081 2216 2136 vitur
2247 2099 2260 2136 :
2295 2081 2550 2136 immunis
2596 2091 2774 2136 autem
2839 2082 2906 2136 ab
2957 2081 3182 2136 interittt
3238 2078 3427 2133 formae
3483 2093 3646 2133 causa

2073 2182 2167 2228 aut
2195 2174 2332 2228 ratio
2368 2174 2548 2230 omnis
2580 2183 2782 2229 manet.
2815 2175 2896 2228 An
2931 2186 3063 2228 vero
3103 2189 3209 2227 non
3249 2173 3418 2238 vides,
3454 2180 3513 2225 nt
3547 2169 3649 2224 tri-

2076 2267 2242 2321 ticum
2269 2267 2412 2336 quod
2459 2267 2550 2336 qui
2604 2275 2904 2321 sementem
2949 2264 3152 2318 faciunt
3196 2262 3465 2327 homines,
3498 2259 3650 2315 humi

2076 2356 2320 2412 condunt
2355 2375 2370 2410 :
2409 2357 2585 2426 ipsum
2616 2355 2832 2425 quidem
2861 2365 3032 2410 totum
3065 2353 3248 2424 periit,
3277 2351 3530 2408 diffusum
3559 2357 3648 2406 est

2076 2457 2132 2506 et
2159 2458 2427 2504 mortuum
2468 2459 2566 2504 :at
2613 2450 2853 2505 etIiciens
2901 2448 3018 2516 ejus
3078 2462 3240 2501 causa
3290 2446 3605 2513 incorrupta
3633 2481 3650 2507 ,

2077 2543 2441 2608 inconcussa,
2501 2540 2765 2611 quasique
2820 2539 3141 2596 immortalis
3200 2536 3455 2592 exsistit?
3522 2537 3653 2602 Qua:

2078 2634 2244 2690 etiam
2290 2633 2439 2688 salva
2494 2648 2823 2704 permanens
2874 2640 2929 2686 et
2960 2645 3175 2686 omnem
3211 2629 3416 2684 circum
3460 2642 3519 2682 se
3552 2629 3657 2681 hn-

2083 2742 2227 2781 mum
2254 2726 2535 2795 colligens,
2570 2727 2962 2794 humoremque
2990 2724 3335 2793 undiqnaque
3358 2717 3657 2776 circumfu-

2079 2833 2198 2874 sum
2217 2819 2498 2872 attrahens
2526 2827 2582 2873 et
2610 2817 2794 2873 calore
2825 2817 3036 2882 fovens,
3057 2815 3390 2871 exstinctum
3413 2811 3527 2880 jam
3558 2809 3658 2864 tri-

2081 2911 2244 2966 ticum
2283 2911 2576 2966 resuscitat
2601 2951 2614 2975 ,
2646 2919 2700 2965 et
2732 2909 2948 2964 radices
2990 2907 3155 2963 altius
3203 2905 3346 2974 figit,
3384 2913 3439 2959 et
3470 2902 3657 2956 ﬂorem

2083 3002 2284 3057 emittit
2311 3043 2326 3066 ,
2351 3011 2407 3056 et
2438 3002 2653 3056 culmen
2690 3001 2880 3071 erigit,
2909 3008 2966 3054 et
3005 2999 3203 3054 aristas
3235 2995 3446 3062 nutrit,
3477 2991 3661 3048 omni-

2088 3109 2262 3164 noque
2314 3095 2631 3149 defunctum
2694 3094 2937 3147 triticum
3003 3100 3065 3146 ut
3114 3088 3441 3154 reviviscat,
3503 3083 3658 3140 facit.

2090 3187 2401 3255 Eodemque
2448 3185 2608 3240 modo
2651 3184 2884 3255 siliginis
2934 3197 3095 3237 causa
3142 3180 3412 3246 siliginem
3441 3216 3457 3242 ,
3493 3176 3662 3229 fabae-

2089 3293 2195 3346 que
2227 3277 2378 3333 fabas
2408 3279 2515 3333 huc
2548 3292 2719 3348 usque
2765 3283 3158 3331 conscrvarunt
3194 3292 3208 3328 :
3237 3287 3338 3327 nec
3368 3279 3664 3326 esteorum

2093 3369 2411 3425 incredibile
2455 3370 2770 3439 quidquam.
2821 3368 2920 3423 Sin
2974 3383 3063 3424 res
3109 3367 3347 3436 postulet
3386 3362 3664 3418 hominem

2094 3460 2300 3516 salvum
2347 3460 2700 3524 conservari,
2731 3462 3035 3514 daemonum
3087 3458 3284 3513 invidia
3342 3454 3576 3520 accidit,
3607 3459 3667 3506 ut

2092 3554 2160 3607 ab
2192 3569 2258 3608 eo
2318 3568 2600 3608 assensum
2657 3551 3030 3606 cohibeamus.
3067 3549 3123 3605 Si
3158 3549 3320 3616 igitur
3368 3546 3421 3600 in
3449 3544 3667 3599 caducis

2091 3644 2519 3716 mortalibusque
2539 3645 2700 3700 rebus
2721 3643 2906 3700 formae
2924 3640 3296 3698 conservatrix
3323 3651 3482 3692 causa
3507 3634 3670 3690 fuerit

2099 3735 2456 3806 immortalis,
2494 3736 2665 3792 multo
2692 3736 2864 3806 magis
2912 3732 3237 3790 immortalis
3269 3730 3465 3785 anima:
3502 3743 3668 3785 causa

2097 3827 2261 3884 fuerit
2290 3828 2640 3895 immortalis,
2672 3845 2772 3884 nec
2802 3827 2907 3883 ullo
2937 3834 3182 3896 tempore
3209 3822 3522 3878 dissolvitur
3541 3839 3555 3876 :
3574 3819 3672 3876 sed

2097 3921 2153 3976 in
2183 3937 2244 3978 se
2269 3923 2381 3993 ipsa
2413 3937 2674 3990 manens,
2703 3937 2824 3978 cum
2856 3921 3076 3978 libuerit
3096 3931 3151 3975 et
3181 3924 3545 3989 opportunum
3586 3914 3672 3968 vi-

2097 4029 2218 4069 sum
2242 4016 2367 4082 erit,
2400 4017 2549 4087 (sunt
2573 4016 2717 4072 enim
2745 4015 2925 4071 omnia
2945 4014 3183 4085 perbene
3199 4011 3490 4068 constituta
3509 4015 3674 4078 atque

2097 4112 2158 4160 ut
2185 4120 2282 4162 sua
2317 4106 2369 4161 in
2387 4107 2673 4178 pristinum
2708 4113 2908 4163 statum
2939 4105 3181 4160 restituit
3218 4114 3382 4172 atque
3418 4105 3671 4156 exornat.

415 4187 534 4254 Quo
576 4187 652 4251 lit,
719 4195 778 4241 ut
805 4202 900 4242 sua
926 4188 1120 4242 animae
1142 4188 1404 4258 cujusque
1445 4188 1620 4243 forma
1672 4189 1742 4243 sit
1771 4191 1984 4259 cognitu
2032 4193 2310 4252 facillima.

491 4277 601 4332 Καὶ
628 4275 792 4340 αὐτὸς
821 4277 848 4330 6
879 4275 1166 4345 συγκαλῶν
1195 4277 1327 4340 Θεὸς
1368 4277 1606 4348 ἑκάστην
1645 4276 1826 4349 ψυχὴν
1859 4279 1997 4352 πρὸς

2178 4288 2284 4344 Sed
2312 4297 2367 4344 et
2395 4289 2536 4345 Deus
2561 4288 2676 4360 ipse
2697 4288 2789 4360 qui
2828 4288 2881 4343 in
2922 4302 3087 4342 unum
3125 4285 3334 4342 animas
3362 4300 3552 4340 omnes
3579 4300 3677 4339 vo-

418 4369 480 4422 τὺ
509 4371 708 4421 οίκεῖον
752 4368 1027 4440 ἐκπέμπει
1061 4370 1156 4422 καὶ
1198 4369 1510 4441 διαχωρίζει
1533 4409 1547 4433 ,
1583 4370 1676 4423 κα)⁵
1718 4370 1964 4443 διανέμει

2106 4387 2215 4443 eat,
2247 4381 2316 4435 ad
2339 4396 2492 4436 suam
2523 4380 2799 4451 propriam
2845 4379 3075 4434 {ornum
3107 4378 3272 4433 etiam
3310 4391 3675 4445 unamquam-

421 4464 672 4534 καθάπερ
712 4464 842 4532 παρ’
889 4463 1022 4533 ἡμῖν
1067 4465 1116 4516 οἱ
1170 4463 1368 4530 ἀγαθοὶ
1414 4465 1629 4532 νομεῖς,
1686 4463 1736 4517 οἳ
1787 4465 1997 4537 μυρίων

427 4555 598 4608 δντων
629 4554 996 4625 βοσκημάτων
1031 4554 1163 4625 (62),
1195 4555 1534 4628 διακρίνουσι
1573 4554 1775 4626 ῥᾳδίως
1802 4557 1851 4609 εί
1885 4557 1996 4630 (65)

424 4648 531 4720 χρὴ
555 4648 786 4713 ἕκαστα,
818 4648 912 4701 καὶ
937 4648 996 4700 οὐ
1024 4647 1142 4711 δέος
1174 4649 1246 4719 μή
1278 4664 1409 4700 ποτε
1437 4647 1860 4720 συνταραχθείη.
1884 4647 1997 4701 Καὶ

769 4764 826 4850 1ξὶ
853 4765 1092 4850 ἀμείνων
1118 4765 1206 4818 ὅτε
1237 4767 1310 4837 μὴ
1338 4765 1431 4818 καὶ
1459 4763 1582 4818 ἀσθ.

501 4834 613 4906 (ιιι)
645 4835 753 4891 cc.
787 4834 846 4888 ι).
881 4834 1018 4906 ὥρᾳ.

875 4852 1352 4978 ’ἀπηνθηκὼς
1372 4904 1475 4978 καὶ
1501 4905 1657 4968 ὅλως.

532 4975 616 5048 16)
881 4976 944 5048 (1.
979 4978 1045 5048 Α.
1077 4975 1476 5048 ἀφικνουμένη.

506 5046 616 5116 (47)
887 5047 948 5100 ού
987 5046 1055 5099 τὰ
1083 5063 1232 5116 φαιν.

506 5115 617 5181 (48)
653 5115 758 5171 (LC.
798 5115 856 5175 Ρ.
885 5116 1025 5180 πῶς.

435 5184 620 5310 MSS)
651 5184 756 5240 CC.
794 5184 856 5242 P.
895 5204 958 5258 μ.
1006 5185 1064 5240 δὲ
1114 5187 1252 5251 σῶος
1294 5187 1388 5240 καὶ
1428 5185 1588 5251 αὐτὸς
1627 5184 1722 5240 τοῦ
1758 5185 1930 5251 εἴδους
1981 5186 2009 5239 6

537 5272 614 5316 ος.

656 5325 848 5398 Σῖτρς.
893 5324 1074 5381 Utitur
1108 5326 1466 5383 similitudine
1496 5327 1792 5396 Scriptura!
1820 5329 2015 5398 exqui-

435 5395 540 5450 site
575 5405 719 5464 apta.
753 5395 848 5452 ΒΑ.
957 5421 961 5424 λ

533 5467 621 5534 51)
648 5465 776 5537 CC._
791 5465 848 5520 Ρ.
877 5465 942 5523 C.
979 5468 1043 5520 A.
1079 5466 1420 5537 σπείραντες.

531 5537 620 5609 52)
648 5536 734 5609 ᾳ,
748 5534 816 5609 Ρ.
837 5533 1251 5609 δημιουργικδς,
1281 5533 1352 5592 (ἐξ
1376 5538 1442 5592 A.
1473 5535 1883 5609 δημιουργηκός

532 5605 622 5677 55)
653 5606 758 5662 cc.
794 5607 852 5660 ι).
889 5605 1173 5677 πεπηγώς.

881 5677 975 5751 καὶ
997 5676 1109 5751 οἷον
1136 5676 1224 5731 ἀθ.
1257 5677 1686 5751 καὶᾲὲνρρωμὲνος
1714 5679 1866 5751 διαμ.

511 5747 623 5814 (55)
651 5747 760 5802 (lC.
786 5747 848 5800 Ρ.
879 5747 942 5801 C.
981 5748 1047 5804 Α.
1079 5747 1533 5801 κατασϐεσθέντα.

509 5816 621 5887 (56)
650 5816 758 5871 cc.
795 5817 854 5872 ιν.
889 5817 951 5872 c.
984 5820 1046 5871 A.
1085 5818 1257 5886 ῥίζας.

2104 4455 2210 4539 que
2245 4472 2482 4528 animam
2540 4473 2754 4528 mittit:
2802 4481 2858 4527 et
2904 4480 3119 4540 separat
3163 4469 3297 4523 alias
3344 4469 3412 4522 ab
3451 4467 3593 4534 aliis,
3623 4477 3680 4522 et

2106 4563 2386 4621 distribuit
2409 4568 2628 4636 praemia
2662 4582 2727 4622 ae
2749 4581 2959 4635 poenas.
2988 4563 3152 4634 quue
3182 4561 3321 4618 haud
3344 4574 3503 4615 secus
3524 4559 3678 4624 facit,

2103 4669 2168 4711 ac
2201 4656 2295 4725 qui
2339 4658 2481 4727 apud
2526 4673 2624 4713 nos
2667 4668 2796 4714 sunt
2851 4656 2978 4713 boni
3023 4664 3308 4721 pastores,
3353 4651 3528 4706 solent
3578 4664 3678 4706 sua

2463 4772 2526 4845 Ρ.
2649 4774 2712 4826 Α.
2746 4772 2992 4845 ἐξέφυσε.

2183 4841 2294 4913 (58)
2330 4843 2433 4898 CC.
2460 4843 2520 4897 P.
2554 4841 2616 4913 C7.
2643 4845 2708 4896 A.
2740 4844 2997 4912 στάχυας.

2183 4907 2295 4984 (59)
2322 4914 2547 4978 Φθόνος
2577 4907 2875 4982 δαιμόνωῦ
2911 4912 3015 4984 καί
3045 4907 3372 4984 ἁγθρῴπων
3408 4907 3680 4984 ἀπιστίᾳ.

2113 4978 2348 5037 Verbum
2396 4978 2942 5038 excidisse'videtur.
2987 4980 3306 5033 Ambrosius
3357 4979 3565 5032 vertit:
3616 4978 3682 5032 Si

2111 5069 2230 5107 vero
2257 5057 2453 5107 seruari
2491 5053 2755 5107 hominem
2783 5053 3097 5120 persuadeat
3127 5050 3263 5101 ratio
3291 5088 3306 5112 ,
3334 5048 3533 5120 invidia
3571 5049 3686 5120 da:-

2115 5139 2327 5177 moaum
2353 5124 2585 5177 homines
2611 5135 2665 5175 ut
2687 5116 2900 5176 credunt
2923 5121 3101 5174 induci
3119 5121 3207 5173 vix
3226 5128 3462 5189 possunt.
3489 5116 3645 5186 Legit
3668 5136 3683 5172 :

2112 5194 2308 5258 Φθόνος
2330 5193 2598 5264 δαιμόνων
2629 5193 2929 5263 ἀνθρώπων
2958 5189 3484 5264 ἀπιστίανμείσάγει.
3511 5190 3576 5243 Ut
3607 5192 3689 5241 itt-

2117 5267 2255 5319 vidia
2288 5258 2590 5319 daemonum
2632 5258 2878 5317 homines
2911 5262 3093 5330 adigat
3122 5261 3187 5313 ad
3225 5258 3686 5330 incredulitatem,

2114 5352 2233 5403 quae
2260 5345 2345 5389 est
2373 5336 2486 5402 ipsa
2511 5334 2710 5388 veritas
2733 5326 3033 5387 sententias:
3067 5334 3133 5384 Et
3161 5333 3240 5384 sic
3263 5330 3459 5399 sacpius
3479 5326 3685 5383 Encas

2115 5404 2505 5474 loquiturslSA.

2185 5471 2297 5545 (60)
2325 5473 2431 5531 CC.
2469 5474 2527 5545 1).
2558 5471 2757 5545 ἐαυτῷ.

2188 5541 2300 5618 (61)
2335 5547 2439 5618 QQ.
2473 5544 2535 5618 P_.
2571 5541 2903 5618 προθεσμία-ο

2196 5560 2300 5618 (δι)
2335 5560 2439 5601 UU.
2473 5560 2535 5599 I’.
2571 5560 2903 5666 προυεσμια.
3377 5608 3403 5621 η

2196 5618 2304 5687 (62)
2348 5613 2453 5670 CC.
2493 5613 2554 5668 P.
2585 5631 2613 5666 ο
2668 5630 2731 5669 π.
2766 5615 2823 5688 ἠ.
2862 5611 3078 5685 ἀγαθοί.
3122 5610 3290 5667 ὄντων
3335 5625 3444 5662 των
3486 5608 3691 5680 βοσκη-

2124 5689 2328 5757 μάτων.

2193 5757 2303 5829 (65)
2332 5757 2437 5814 CC.
2468 5755 2528 5814 P.
2613 5757 2739 5830 χρή.
