4144 6566
352 433 463 501 £89

1656 433 2287 501 THEOPHRASTUS.

348 545 651 609 νικώτατος
675 543 773 598 ὢν.
808 543 881 597 Τὸ
901 542 959 597 δέ
987 542 1369 615 ἀληθέστερον,
1398 545 1477 609 εἰς
1505 542 1771 600 ἀθάνατον
1796 549 1926 601 ἀνα-

2029 556 2177 603 esset
2202 545 2555 605 redeundum.
2586 544 2776 605 lnanes
2796 557 2976 607 autem
2995 558 3049 606 ct
3067 548 3371 607 fabularum
3394 549 3603 625 similes

349 637 608 691 ϐιώσεται
648 636 761 707 βίον
779 677 794 703 ,
822 636 936 699 τοῖς
966 635 1066 706 μὲν
1102 634 1326 705 ἀγαθοῖς
1355 636 1522 691 πάλαι
1548 635 1882 707 ποθούμενον
1906 676 1921 702 ,

347 728 580 800 φοϐερὸν
605 728 663 783 δέ
682 729 795 792 τοῖς
817 726 969 781 οὐδὲν
998 727 1355 797 φοϐουμένοις
1384 727 1479 782 τὸν
1508 727 1623 799 βίον
1649 728 1784 799 (92).

2029 653 2150 694 esse
2193 637 2437 694 rationes
2475 638 2629 706 istas,
2670 640 2783 711 jam
2816 650 2975 697 antea
3018 643 3151 697 satis
3191 642 3356 715 660
3389 649 3474 697 est
3507 642 3600 696 de-

2032 737 2413 784 monstratum.
2447 726 2634 798 Neque
2663 730 2808 785 enim
2836 730 3083 787 oblivisci
3119 732 3331 787 illarum
3358 732 3600 802 potuisti,

346 823 440 891 qui
488 821 749 877 memoria
799 820 969 890 polles
1021 822 1276 876 maxima.
1347 820 1482 876 Illud
1526 824 1709 892 potius
1786 835 1868 879 est
1900 836 2120 888 verum,
2168 823 2222 876 in
2278 822 2444 877 vitam
2500 823 2857 880 immortalem
2922 841 3019 881 nos
3088 827 3392 881 revictnros
3440 841 3598 881 esse:

348 925 579 979 eumque
608 910 766 965 bouis
803 910 1020 980 quidem
1053 910 1165 978 jam
1221 912 1423 967 dudum
1471 923 1733 982 optatam,
1774 914 1931 968 malis
1967 923 2145 969 autem
2215 924 2272 970 et
2295 915 2382 972 iis
2409 916 2501 986 qui
2543 917 2670 973 dum
2741 918 2793 973 in
2824 917 2959 973 vivis
2991 925 3177 974 essent
3216 919 3482 974 nullarum
3518 935 3602 974 rc-

351 1018 471 1056 rnm
510 1011 653 1057 metu
689 1001 930 1056 coerceri
964 1010 1235 1071 poterant,
1272 1003 1494 1057 omnino
1520 1003 1816 1058 terribilem
1852 1018 1916 1056 ac
1956 1005 2322 1059 metuendam.

417 1098 655 1154 ΘΕΟΦΡ.
688 1099 804 1151 Οὐκ
833 1097 1074 1167 ἀγεννῶς
1106 1098 1378 1171 ἐπεξέρχῃ
1408 1099 1486 1170 τῷ
1508 1099 1671 1170 λόγῳ.
1714 1100 1854 1152 Ἀλλ’
1879 1100 1929 1153 εί

344 1190 416 1244 τὰ
447 1188 677 1259 σώματα
706 1188 795 1242 διὰ
826 1189 924 1259 τὴν
946 1190 1045 1259 τῆς
1072 1188 1250 1259 ψυχῆς
1277 1188 1561 1242 κοινωνίαν
1593 1187 1931 1242 ἀπαθανατί-

347 1282 523 1346 ζεται,
558 1280 652 1334 καὶ
684 1281 797 1351 (95)
828 1279 938 1334 τῶν
967 1280 1191 1357 ἀλόγων
1211 1278 1388 1345 ζώων,
1435 1280 1511 1345 ὼς
1540 1278 1738 1345 ἔοικεν,
1772 1277 1927 1333 ἔσται

346 1374 572 1427 τοιαῦτα
593 1390 606 1402 ·
642 1372 875 1444 μετέσχε
903 1371 1013 1443 γὰρ
1044 1374 1271 1427 κάκεῖνα
1299 1372 1477 1443 ψυχῆς
1504 1371 1640 1444 (94).

420 1559 596 1614 ΑΞΙΘ.
639 1558 800 1613 Ἀλλά
822 1558 1019 1628 ἀλόγου
1046 1558 1138 1612 καὶ
1165 1557 1365 1629 θνητῆς
1394 1555 1439 1612 ὦ
1461 1556 1819 1630 σοφώτατε,ἢ
1846 1558 1925 1630 τῷ

348 1648 563 1719 σώματι
610 1650 977 1704 συνεδιελύετο
1022 1651 1157 1720 (95).
1210 1652 1273 1704 Ei
1321 1651 1500 1704 τοίνυν
1537 1649 1850 1704 ἐκλέλοιπεν
1890 1652 1923 1721 ή

2107 1098 2355 1157 THEOP.
2393 1101 2623 1175 Egregie
2669 1111 2724 1158 tu
2754 1103 2971 1173 quidem
3001 1104 3117 1159 inec
3144 1104 3390 1158 oratione
3434 1102 3603 1173 expli-

2035 1192 2192 1247 easti.
2227 1192 2332 1248 Sed
2369 1194 2413 1249 si
2445 1209 2707 1264 corporea
2742 1196 2806 1249 ad
2843 1194 3095 1249 tuendum
3145 1210 3299 1249 suam
3329 1210 3450 1249 cum
3486 1195 3574 1247 ani

2036 1283 2228 1339 mabns
2272 1285 2585 1342 societatem
2627 1294 2826 1343 aeterna
2858 1287 3029 1355 fiunt;
3085 1289 3298 1343 videtur
3330 1287 3602 1357 profccto,

2034 1373 2313 1429 brutorum
2359 1378 2714 1433 animantium
2748 1393 2997 1448 corpora,
3047 1383 3162 1449 Ipsa
3195 1393 3408 1448 quoque
3460 1393 3600 1433 sem-

2034 1466 2244 1536 piterna
2277 1467 2391 1523 fore
2418 1485 2433 1524 :
2463 1470 2660 1540 quippe
2684 1486 2803 1541 qua:
2830 1480 2884 1526 et
2915 1472 3029 1542 ipsa
3063 1487 3190 1527 suas
3236 1472 3446 1526 animas
3477 1472 3605 1526 ade-

2031 1568 2121 1629 pta
2150 1559 2281 1614 sint.

2101 1647 2335 1705 AXITH.
2390 1648 2614 1707 Animas
2662 1651 2923 1721 quidem,
2976 1653 3070 1709 sed
3127 1652 3350 1707 rationis
3408 1668 3605 1723 expcr~

344 1744 515 1816 ψυχὴ,
548 1744 841 1816 περίεργον
870 1744 1159 1816 διεγείρειν
1187 1744 1248 1799 τὸ
1277 1744 1459 1815 σῶμα·
1492 1742 1556 1796 οὐ
1584 1744 1693 1814 γὰρ
1721 1742 1926 1797 ἑαυτῶν

2040 1748 2119 1795 tes
2161 1752 2216 1795 et
2251 1742 2525 1808 mortales,
2568 1752 2622 1797 et
2652 1758 2772 1812 qute
2819 1745 2975 1799 simul
3011 1759 3133 1799 cum
3169 1744 3487 1814 corporibus
3515 1745 3604 1799 in-

347 1837 536 1897 ἓνεκα.
565 1836 701 1890 ἀλλά
735 1836 872 1905 πρὸς
902 1836 1064 1907 χάριν
1096 1839 1196 1907 τῆς
1227 1836 1405 1907 ψυχῆς
1428 1835 1498 1889 τὰ
1521 1834 1752 1905 σώματα
1785 1835 1926 1889 διαν¹

2039 1841 2269 1887 tereant.
2305 1831 2424 1886 Jam
2478 1834 2521 1887 si
2577 1834 2839 1890 deiecerit
2892 1837 3095 1902 anima,
3145 1850 3602 1904 supervacaneum

352 1930 590 1985 ίσταται.
617 1931 741 1992 Τοῖς
777 1929 873 1999 μὲν
895 1925 989 1981 οὖν
1027 1927 1244 1996 ἀλόγοις
1268 1928 1422 1982 οὐδὲν
1443 1926 1712 1981 ἀθάνατον
1732 1927 1930 1995 ἐγκατ-

347 2022 648 2095 έσπαρται·
692 2021 815 2075 ἐπεὶ
842 2020 937 2075 καὶ
976 2023 1076 2092 τῆς
1116 2020 1341 2074 ἐκείνων
1372 2020 1551 2092 ψυχῆς
1592 2019 1860 2091 κρείττων
1899 2020 1928 2072 ὁ

348 2114 598 2177 θάνατος.
616 2115 678 2167 Ἠ
707 2112 764 2166 δὲ
792 2112 1034 2185 ἡμετέρα
1066 2111 1211 2183 ψυχὴ
1247 2112 1537 2183 (ἀθάνατος
1571 2110 1726 2182 γὰρ),
1759 2111 1839 2174 είς
1869 2109 1927 2163 ἓν

346 2205 579 2261 ἐλθοῦσα
600 2204 677 2276 τῷ
714 2205 926 2275 σώματι
949 2246 963 2267 ,
989 2204 1291 2269 ἀθανασίας
1322 2205 1473 2276 αύτῷ
1499 2204 1723 2275 σπέρμα
1750 2220 1925 2257 κατα⁹

344 2295 571 2349 λέλοιτε.
606 2296 717 2349 Καὶ
756 2295 818 2349 τὸ
864 2296 1157 2366 μέγιστον,
1203 2295 1372 2351 αύτοῦ
1404 2294 1499 2349 τοῦ
1528 2291 1861 2365 δημιουργοῦ
1899 2294 1928 2346 ό

343 2387 633 2457 ἄνθρωπος
656 2380 767 2439 οἷον
801 2386 1049 2456 γέννημα
1081 2387 1175 2440 καὶ
1217 2387 1430 2458 ποίημα
1450 2402 1464 2417 ’
1511 2385 1666 2440 ούδέν
1694 2385 1787 2438 οὖν
1831 2385 1928 2438 ἀν-

345 2477 626 2549 θρωπίνης
680 2477 869 2541 οὐσίας
922 2478 1032 2547 (96)
1089 2478 1372 2543 παντελῶς
1413 2477 1607 2550 θνητὸν
1654 2477 1928 2548 διαμένειν

344 2569 598 2641 ἠδύνατο.
625 2569 828 2624 Τῶν.δέ
857 2570 1069 2639 ἀλόγων
1092 2570 1247 2636 ζώων
1272 2571 1372 2641 τὴν
1401 2570 1616 2640 γένεσιν
1642 2572 1754 2632 τοῖς
1785 2586 1928 2623 στοι-

344 2662 513 2734 χείοις
538 2660 754 2729 ἐξάγειν
784 2662 1101 2727 ἐξέταττενο
1148 2662 1244 2716 καὶ
1270 2662 1332 2715 τὸ
1374 2661 1726 2732 πρόσταγμα,
1762 2658 1927 2728 φύσις

343 2748 413 2823 ἦν
444 2752 540 2807 καὶ
566 2752 791 2823 δύναμις
814 2765 828 2779 ·
859 2745 949 2805 οἷα
978 2751 1043 2823 δὴ
1071 2751 1135 2804 ἐκ
1162 2750 1417 2804 τοιούτων
1450 2748 1701 2819 πατέρων
1733 2747 1927 2818 προελ-

345 2838 509 2893 θόντα
557 2838 665 2911 (98)
703 2838 981 2902 παντελῶς
1025 2836 1317 2892 διαλύεται.
1367 2837 1443 2891 Οὐ
1489 2837 1599 2907 γάρ
1646 2853 1775 2890 ποτε
1825 2834 1927 2905 τῆς

344 2930 645 2995 ἀθανασίας
684 2929 977 2999 ἐγεύσατο·
1008 2929 1070 2983 τὸ
1100 2928 1157 2983 δέ
1202 2926 1541 3000 ἀνθρώπειον
1576 2927 1737 2998 σῶμα
1779 2925 1924 2997 ψυχῇ

345 3020 814 3094 συνεργαζόμενον
837 3019 1091 3091 ἀθανάτῳ
1119 3020 1515 3091 παρετρέφετο,
1539 3019 1634 3074 καὶ
1660 3018 1797 3091 πρὸς
1819 3018 1926 3071 πᾶ-

344 3131 445 3168 σαν
464 3114 661 3186 τέχνην
681 3113 999 3184 ἐπιτηδείως
1029 3114 1124 3167 καὶ
1154 3113 1297 3184 μάλα
1318 3112 1616 3185 χαριέντως
1643 3110 1927 3180 συγκινού-

2029 1923 2414 1992 fueritcorpus
2458 1924 2743 1990 suscitare,
2791 1926 3007 1992 quando
3054 1941 3157 1981 non
3204 1942 3301 1979 sua
3335 1926 3600 1995 ipsorum,

2029 2025 2218 2066 verum
2286 2013 2481 2066 animas
2533 2014 2706 2083 gratia
2762 2029 2992 2084 corpora
3048 2016 3403 2070 suscitantur.
3462 2013 3605 2084 Ergo

2026 2106 2201 2162 brutis
2232 2108 2598 2163 animantibus
2637 2109 2771 2162 nihil
2799 2110 3023 2164 insitum
3058 2119 3162 2176 est,
3208 2112 3349 2179 quod
3401 2110 3471 2164 sit
3500 2107 3606 2162 im-

2029 2199 2275 2254 mortale.
2324 2197 2456 2253 Nam
2500 2210 2552 2255 et
2607 2200 2818 2255 illorum
2869 2202 3106 2255 animam
3155 2218 3300 2256 mors
3336 2210 3599 2272 superat:

2028 2300 2215 2347 nostra
2282 2306 2413 2346 vero
2481 2293 2661 2346 anima
2730 2308 2850 2363 qua:
2904 2303 2989 2348 est
3044 2293 3367 2348 immortalis
3442 2294 3649 2361 ipsa,‘

2029 2385 2119 2439 ubi
2176 2384 2228 2438 in
2281 2400 2442 2437 unam
2502 2400 2623 2438 cum
2675 2399 2906 2452 corpore
2963 2385 3297 2441 societatem
3329 2385 3601 2450 coiverit,

2030 2476 2458 2531 immortalitatis
2478 2477 2526 2531 ei
2559 2492 2745 2532 semen
2777 2478 2931 2548 quasi
2960 2477 3357 2548 quodammodo
3385 2477 3600 2532 infudit;

2026 2570 2103 2623 Ac
2123 2568 2375 2637 quoniam
2404 2569 2567 2622 homo
2589 2570 2828 2638 supremi
2882 2569 3025 2624 illius
3062 2569 3283 2639 Opilicis
3306 2569 3601 2622 maximum

2027 2659 2176 2729 quasi
2202 2674 2419 2729 germen
2445 2668 2605 2728 atque
2630 2676 2765 2727 opus
2816 2661 2923 2714 sit:
2950 2676 3049 2715 nec
3092 2661 3466 2722 conveniebat,
3502 2673 3605 2713 nec

2027 2760 2235 2822 poterat
2268 2750 2404 2814 ﬂeri,
2426 2760 2483 2805 ut
2513 2752 2759 2806 humanae
2783 2752 3102 2807 substantia:
3131 2751 3426 2823 quidquam
3453 2765 3608 2820 pror-

2026 2857 2121 2896 sus
2177 2840 2405 2896 mortale
2452 2850 2814 2911 permaneret.
2864 2840 2969 2897 Sed
3003 2842 3259 2911 quoniam
3314 2842 3603 2897 hrutorum

2026 2932 2383 2987 animantium
2420 2942 2602 2987 ortum
2630 2948 2695 2988 ex
2722 2933 3011 2989 elementis
3039 2932 3192 2989 educi
3222 2932 3406 3003 jussit,
3443 2934 3603 3001 idque

2026 3041 2148 3097 ejus
2178 3026 2431 3083 .edictum
2466 3026 2536 3081 sit
2574 3026 2685 3096 jam
2718 3027 2831 3095 ipsa
2872 3033 3077 3082 natura:
3120 3026 3202 3081 vis
3233 3035 3287 3081 et
3317 3024 3553 3093 petentia
3586 3042 3602 3079 :
3714 3082 3717 3087 ς

2026 3129 2089 3169 ea
2139 3114 2337 3170 talibus
2382 3124 2603 3184 tamque
2661 3114 2822 3169 ﬂuxis
2864 3114 3027 3169 rebus
3070 3115 3226 3188 quasi
3278 3113 3600 3180 parentibus

346 3223 532 3277 μενον,
560 3204 863 3269 ἀθανασίας
892 3221 946 3258 τι
975 3206 1398 3276 παρεσπάσατο,
1425 3204 1520 3257 καὶ
1546 3201 1641 3257 τοῦ
1667 3202 1923 3274 νέκταρος

2028 3215 2143 3261 orta
2168 3246 2183 3272 ,
2216 3207 2328 3277 ipsa
2359 3221 2576 3277 quoque
2606 3206 2975 3261 dissolvantur
3007 3215 3171 3277 atque
3202 3207 3471 3260 intereant
3503 3219 3603 3259 ne-

342 3299 405 3353 εὐ
437 3298 716 3361 παντελῶς
756 3296 1055 3367 ἄγευστονο
1106 3297 1209 3351 οὐκ
1253 3297 1362 3368 ἄρα
1406 3296 1571 3349 πεσὸν
1607 3295 1721 3367 (99)
1753 3295 1926 3349 εἰσαεὶ

343 3392 610 3446 κείσεται.
642 3391 705 3444 Εἰ
737 3389 844 3463 γὰρ
869 3388 1022 3460 ἡλίου
1054 3388 1488 3461 προσπίπτοντος
1524 3387 1677 3443 ὕδατι
1708 3386 1922 3458 ψυχρῷ,

344 3480 523 3551 θέρμη
544 3496 605 3533 τε
622 3479 933 3547 ἐπεγένετο,
956 3477 1053 3531 καὶ
1074 3476 1291 3532 ἀπὸτοῦ
1313 3475 1507 3541 ὓδατος
1527 3476 1639 3548 πῦρ
1656 3478 1823 3547 ἀνῆκε
1847 3477 1925 3548 (l)

343 3572 439 3626 καὶ
473 3570 682 3641 φλόγα,
724 3572 810 3633 τίς
840 3568 906 3624 ἂν
936 3570 1288 3640 ἀπιστήσειεν
1318 3570 1366 3622 εί
1398 3566 1493 3621 τοῦ
1542 3567 1832 3640 ἀνθρώπου
1865 3568 1926 3621 τὸ

347 3664 508 3735 σῶμα
550 3662 728 3734 ψυχὴν
767 3662 897 3733 ὃλην
942 3661 1215 3716 ἀθάνατον
1259 3661 1666 3734 εἰσδεξάμενον,
1700 3661 1926 3732 δύναμιν

346 3756 441 3809 καὶ
464 3756 659 3809 ἀκτῖνα
684 3755 785 3825 τῆς
818 3754 1116 3817 ἀθανασίας
1148 3754 1414 3825 ἐκτήσατο
1433 3796 1448 3821 ,
1479 3748 1607 3807 Οἷον
1635 3754 1707 3823 γῆ
1740 3770 1928 3823 πυρω-

348 3847 503 3902 θεῖσα
529 3845 590 3900 τὸ
636 3846 798 3899 θεῖονο
835 3847 869 3917 ἣ
902 3845 1037 3909 τέως
1070 3846 1171 3905 μέν
1222 3846 1400 3897 κεῖται
1435 3843 1620 3915 ψυχρά
1648 3843 1727 3914 τῷ
1761 3843 1927 3896 ἀπτο-

350 3937 496 4009 μένῳ
514 3937 607 3991 καὶ
630 3937 855 4006 ἄτυφος·
876 3936 1096 3989 ἐπειδάν
1116 3936 1172 3990 δὲ
1204 3935 1376 4006 πυρὸς
1394 3935 1563 4005 ἐγγὺς
1580 3934 1807 4005 γένηται
1823 3934 1923 4007 (2),

346 4030 506 4085 τοῦτο
537 4030 736 4101 ῥᾳδίως
765 4030 1075 4101 ἀνήρπασε,
1107 4028 1243 4100 πρὸς
1270 4028 1299 4080 ὃ
1331 4027 1392 4081 τὸ
1422 4026 1636 4098 πρῶτον
1665 4026 1741 4098 (5)
1770 4026 1927 4081 ἐλάν-

349 4122 508 4177 θανεν
535 4121 754 4193 ἔχουσα,
789 4120 885 4175 καὶ
914 4120 1122 4190 ταχέως
1154 4116 1382 4190 ἐξήφθη,
1415 4120 1510 4172 καὶ
1547 4118 1797 4189 ἐνεργείᾳ
1828 4118 1928 4190 τὴν

346 4215 574 4285 δύναμιν
596 4213 784 4280 ἔδειξε,
806 4213 902 4266 καὶ
923 4214 1001 4276 είς
1024 4211 1122 4282 τὴν
1143 4210 1237 4264 τοῦ
1260 4210 1430 4280 πυρὸς
1443 4209 1596 4277 τάξιν
1622 4210 1922 4278 ἐπείγεται·

346 4306 491 4361 οὕτω
527 4306 592 4379 δὴ
625 4306 737 4360 τῶν
768 4306 1070 4375 ἀνθρώπων
1106 4303 1175 4358 τὰ
1224 4302 1453 4374 σώματα
1496 4305 1563 4374 τῇ
1606 4302 1707 4372 τῆς
1749 4301 1927 4373 ψυχῆς

346 4400 618 4471 ἀθανασίᾳ
650 4397 1015 4470 συμμίξαντα,
1047 4396 1138 4451 τὸν
1168 4397 1264 4468 μὲν
1305 4394 1462 4451 ἄλλον
1506 4395 1697 4465 χρόνον
1740 4395 1928 4468 ψυχρὰ

347 4495 440 4547 καὶ
478 4494 712 4565 ἀκίνητα
744 4491 1022 4555 παντελῶς
1051 4492 1413 4562 ἀπέρριπταιο
1448 4490 1595 4561 ψυχῇ
1629 4488 1686 4542 δὲ
1729 4506 1925 4543 κοινω-

2026 3312 2179 3353 cesse
2206 3307 2310 3353 est.
2337 3296 2524 3369 Neque
2555 3299 2699 3353 enim
2730 3299 3054 3354 mtcruitatis
3085 3299 3199 3353 sive
3222 3307 3462 3367 gustum,
3492 3296 3608 3351 sive
3694 3366 3707 3371 ξ

2026 3390 2264 3445 fructum
2306 3390 2476 3446 ullum
2517 3400 2812 3459 ceperunt:
2844 3391 3148 3445 humanum
3173 3401 3355 3443 autem
3377 3404 3596 3455 corpus,

2026 3484 2281 3551 quoniam
2314 3499 2438 3537 cum
2472 3483 2649 3537 anima
2683 3482 2843 3536 simul
2873 3484 3024 3552 egit,
3055 3481 3351 3536 immortali
3391 3494 3609 3549 quoque

2029 3577 2290 3631 alimento
2328 3578 2487 3646 quasi
2535 3578 2729 3631 nutriri
2762 3577 2948 3646 cmpit,
2978 3584 3033 3630 et
3076 3575 3141 3627 ad
3175 3589 3392 3628 omnem
3426 3582 3605 3627 artem

2027 3676 2153 3733 ante
2178 3675 2231 3721 et
2262 3669 2502 3722 suaviter
2535 3668 2821 3722 incitatum
2844 3675 2949 3733 est,
2987 3666 3199 3735 hocque
3222 3665 3339 3734 ipso
3370 3665 3470 3719 sibi
3505 3665 3610 3718 im-

2028 3759 2371 3815 mortalitatis
2400 3759 2600 3830 aliquid
2630 3761 2741 3830 jam
2784 3760 3047 3825 attraxit,
3079 3773 3178 3814 nec
3228 3773 3417 3828 parum
3464 3756 3610 3811 illius

2028 3850 2264 3905 nectaris
2292 3851 2560 3920 gustavit:
2595 3868 2703 3921 qua
2728 3856 2794 3906 de
2823 3867 2989 3907 causa
3011 3849 3312 3919 collapsum
3342 3865 3445 3903 non
3481 3862 3607 3917 per-

2027 3954 2192 4011 petuo
2219 3941 2444 4012 jacebit.
2478 3942 2690 3997 Etenim
2721 3943 2766 3999 si
2794 3943 2909 3998 sole
2930 3943 2979 3996 vi
3011 3940 3211 3997 caloris
3237 3939 3322 3994 sui
3358 3939 3411 3992 in
3447 3937 3608 4008 frigi-

2028 4036 2148 4089 dam
2166 4050 2362 4104 aquam
2399 4044 2611 4106 agente,
2643 4050 2783 4106 aqua
2816 4035 2934 4105 ipsa
2963 4033 3226 4098 calescit,
3258 4043 3422 4102 atque
3452 4045 3517 4085 ex
3550 4046 3613 4085 se

2028 4127 2182 4196 quasi
2213 4129 2389 4198 ignem
2409 4126 2794 4196 ﬂammamque
2827 4127 3030 4182 emittit
3064 4144 3078 4181 :
3113 4126 3358 4196 quisnon
3392 4122 3610 4184 credat,

2028 4220 2323 4275 humanum
2344 4236 2543 4291 corpus
2566 4260 2582 4286 ,
2619 4229 2871 4292 suscepta
2917 4220 3099 4274 anima
3143 4228 3254 4273 tota
3285 4216 3609 4278 immortali,

2028 4311 2139 4365 vim
2186 4311 2435 4382 ignemve
2478 4310 2800 4367 aeternitatis
2851 4310 2957 4365 sibi
3008 4324 3230 4381 quoque
3279 4304 3616 4361 vindicasse?

2027 4399 2205 4456 Veluti
2233 4401 2460 4471 sulphur
2485 4402 2614 4472 quid
2646 4409 2730 4456 est
2757 4399 2902 4455 aliud
2934 4414 3099 4470 quam
3131 4407 3274 4452 terra
3298 4395 3455 4465 quasi
3485 4392 3613 4461 igne

2028 4508 2322 4559 succensa;
2354 4509 2418 4548 ea
2450 4504 2632 4548 tamen
2676 4492 2825 4563 jacet
2869 4500 3062 4560 estque
3088 4497 3144 4543 et
3176 4487 3386 4542 videtur
3418 4483 3469 4538 ei
3519 4482 3615 4551 qui

346 4591 456 4641 νεῖν
484 4586 786 4659 ἐπιτήδεια,
816 4586 916 4639 κᾶν
942 4600 1073 4637 ποτε
1101 4579 1259 4645 αὖθις
1287 4581 1549 4652 σύμμιξις
1574 4580 1670 4651 (4),
1695 4581 1926 4650 ἑτοίμως

2031 4584 2235 4655 tangit,
2270 4584 2463 4655 frigida
2496 4592 2551 4640 et
2577 4583 2788 4654 ahjccta
2817 4600 2830 4637 :
2881 4591 2937 4636 at
2968 4582 3145 4651 ignem
3174 4592 3334 4649 quem
3368 4574 3613 4630 occulta-

347 4679 740 4750 περιθάλπεται
770 4678 865 4731 καὶ
892 4676 1252 4740 διανίσταται,
1285 4674 1379 4727 καὶ
1412 4674 1582 4744 ήδέως
1610 4672 1924 4739 συνέπεται,

347 4775 443 4824 καὶ
471 4769 606 4843 πρὸς
630 4767 931 4824 ἀθανασίαν
959 4767 1256 4839 ἀνέδραμε.

2027 4685 2142 4729 tum
2175 4675 2318 4729 intra
2365 4689 2426 4730 se
2456 4675 2641 4742 habet,
2691 4672 2995 4729 adhibitum
3043 4671 3201 4726 facile
3244 4676 3299 4724 et
3341 4663 3616 4734 extemplo

2025 4768 2238 4837 arripit,
2286 4767 2647 4837 celeriterque
2697 4764 3018 4831 succendit,
3076 4763 3297 4833 vimque
3351 4772 3506 4813 suam
3557 4768 3616 4808 re

352 4868 467 4935 ipsa
497 4874 786 4931 monstrat,
814 4876 981 4935 atque
1010 4864 1062 4919 in
1090 4862 1336 4917 ordinem
1364 4875 1461 4917 seu
1493 4869 1745 4915 naturam
1775 4859 1915 4930 ignis
1953 4876 2184 4932 propere
2217 4861 2429 4918 transit.
2500 4859 2617 4917 Hoc
2654 4861 2819 4916 modo
2877 4875 3012 4916 sane
3040 4860 3325 4915 hominum
3357 4865 3611 4927 corpora,

353 4967 635 5030 postquam
663 4976 788 5016 cum
833 4960 1027 5015 animae
1056 4957 1347 5013 immortali
1384 4967 1577 5012 natura
1619 4956 1913 5027 conjuncta
1952 4956 2156 5014 fuerint
2207 4967 2390 5029 atque
2413 4958 2719 5022 eommista,
2754 4957 2891 5013 alias
2950 4957 3169 5028 quidem
3202 4955 3395 5026 frigida
3426 4962 3479 5008 et
3505 4953 3611 5007 im-

426 5146 537 5217 (92)
569 5145 672 5202 CC.
703 5147 767 5203 P.
795 5143 1024 5217 φοϐερὸν
1054 5144 1113 5198 δέ
1158 5144 1269 5206 τοῖς
1301 5143 1363 5196 ού
1391 5140 1658 5214 πρότερον
1681 5140 1928 5212 πεφοϐη-

357 5219 541 5290 μένοις
565 5217 787 5290 κακίαν.

425 5288 517 5356 (93
561 5286 665 5342 CC.
706 5285 769 5342 Ρ.
800 5284 895 5338 κα)⁸
926 5284 996 5337 τὰ
1026 5285 1135 5338 τῶν
1170 5285 1259 5338 ἀλ.

425 5291 537 5430 (94)
572 5355 1196 5430 Ψυχῆςηιὶομειειιᾴίιιη
1226 5371 1259 5430 ν)

424 5359 513 5431 (94

353 5418 470 5501 tror
493 5418 561 5501 in!
578 5418 935 5501 responsione
952 5426 1166 5501 Axithei
1195 5443 1208 5477 :
1234 5418 1699 5501 ψυχῆς.ἈΧΙΤῌ.
1718 5420 1929 5501 Ψυχῇς’

348 5499 487 5555 ἀλλά
513 5495 733 5568 ἀλόγου.
765 5500 841 5555 Ita
860 5498 1089 5565 erigitur
1118 5500 1328 5568 oratio;
1370 5503 1424 5546 et
1449 5495 1662 5546 servavi
1709 5506 1809 5561 ego
1852 5495 1936 5547 in-

354 5565 742 5650 terpretatione
774 5570 1147 5650 insertionem.
1186 5565 1281 5619 BA.

444 5636 534 5708 95)
558 5640 661 5695 CC.
696 5638 756 5693 P.
791 5636 1153 5691 συνδιελύετο.

444 5710 532 5779 96)
561 5711 665 5765 CC.
690 5711 751 5763 P.
777 5708 928 5762 οὐδὲν
955 5707 1048 5759 οὖν
1079 5706 1178 5776 τῆς
1207 5702 1328 5759 ἀνθ.
1358 5703 1475 5758 ούσ.

447 5781 538 5878 222
800 5779 1375 5878 Ἶξοῗῗῖαιῖἷειξηητι..ηι
1411 5845 1588 5878 δυεῖν,
1630 5842 1710 5878 ..ἐς

448 5851 537 5923 98)
575 5851 649 5905 Ex
682 5848 787 5904 CC.
820 5845 881 5903 Ρ.
919 5850 1003 5904 hic
1036 5845 1376 5904 inserendum
1411 5845 1591 5900 ἐκεῖνα
1629 5845 1751 5916 μέν.

572 5355 803 5427 Ψυχῆς.
835 5356 1196 5427 Repetendam
1226 5368 1407 5427 vocent
1438 5352 1934 5427 βοείῃ-ερεξητηῴί-

2103 5139 2215 5210 (99)
2246 5139 2463 5193 Πεσόν.
2501 5138 2892 5206 Procumbens,
2917 5137 3214 5210 cadens,_id
3241 5146 3325 5210 est
3347 5135 3608 5210 moriens.

2030 5206 2240 5264 Cadere
2271 5212 2416 5264 enim
2454 5211 2588 5263 ttiuri
2609 5251 2625 5273 ,
2650 5212 2794 5264 unde
2816 5212 3100 5263 cadavera.
3134 5206 3326 5262 Notavi
3363 5206 3609 5275 plurimis

2033 5282 2182 5344 alibi,
2207 5282 2434 5335 Advers.
2461 5281 2514 5346 7,
2542 5281 2638 5347 i9;
2661 5280 2751 5344 44,
2781 5278 2873 5346 29,
2903 5294 2967 5333 ex
3004 5277 3362 5342 Tertulliano,
3411 5276 3487 5331 De
3526 5294 3612 5330 rc-

2034 5367 2177 5404 δια-ι’.
2206 5366 2255 5404 c.
2284 5350 2370 5415 18,
2405 5351 2656 5419 aliisque.
2683 5349 2780 5405 ΒΑ.

2108 5420 2183 5490 (l)
2209 5420 2336 5489 Πῦρ
2360 5417 2572 5489 ἀνῆκε.
2607 5419 2693 5474 Fit
2722 5422 2825 5490 hoc
2854 5418 3102 5489 plurimis
3131 5417 3324 5474 modis.
3360 5418 3612 5490 Et_sum-

2041 5488 2186 5571 mum
2226 5488 2459 5545 calorem
2502 5501 2680 5560 potest
2715 5488 2992 5544 ﬂammam
3040 5490 3155 5544 sive
3203 5490 3382 5558 ignem
3436 5488 3611 5559 ipsum

2046 5576 2346 5617 nominare.

2116 5630 2191 5699 (2)
2222 5629 2329 5682 CC.
2363 5629 2423 5684 P.
2458 5629 2689 5698 γένοιτο.

2111 5698 2189 5773 (ξ)
2222 5700 2296 5773 βξ
2321 5699 2426 5773 QC.
2457 5700 2520 5754 Ρ.
2548 5699 2890 5773 inserendum
2917 5698 3262 5773 ἐπιτηδείως.

2112 5708 2169 5771 (5
2222 5708 2296 5753 Ex
2321 5708 2426 5756 CC.
2457 5708 2520 5754 Ρ.
2548 5708 2696 5754 ἰηεενι

2112 5708 2189 5843 (4)
2215 5769 2317 5825 CQ.
2343 5771 2402 5827 P.
2428 5768 2696 5845 συμμίξῃ.

3499 438 3605 504 990
3720 502 3723 505 .
