4144 6566
336 429 444 495 983

1649 412 2277 505 THEOPHRASTUS.

335 540 503 603 νικῶς
545 534 879 607 διαμάχεσθε
911 536 1019 606 (15)
1047 576 1060 599 ,
1093 535 1138 588 οἱ
1185 532 1255 585 τὰ
1301 530 1481 602 ἀφανῆ
1517 529 1610 583 καὶ
1645 528 1712 581 τὰ
1749 528 1926 582 ἄτοπα

2038 528 2324 597 pueriliter
2352 527 2666 597 disceptatis
2694 567 2708 592 ,
2743 529 3045 597 prazscrtim
3079 530 3169 601 qui
3208 538 3262 585 et
3290 532 3535 589 obscura
3558 547 3610 591 et

340 631 487 701 μάλα
517 628 687 699 ἡδέως
714 628 1097 697 προσιέμενοι;
1126 624 1314 694 Ὑμεῖς
1339 622 1449 692 γὰρ
1479 623 1528 673 εἰ
1557 619 1649 673 τὸν
1680 618 1925 673 Γλαῦκον

333 724 430 776 τὸν
460 722 676 783 Μίνωος
708 717 1077 785 ἀποπνιγέντα
1100 716 1178 787 τῷ
1210 714 1424 785 μέλιτι,
1450 709 1739 774 Πολύδειος
1773 711 1882 781 (14)
1910 753 1924 775 ,

338 816 368 867 6
400 814 595 884 μάντις
623 810 683 876 ἐξ
717 812 953 881 Ἀργους
996 810 1075 872 είς
1105 807 1332 877 Κρήτην
1378 805 1713 874 ἀφικόμενος
1747 847 1759 869 ,
1792 804 1927 856 ἀνα-

343 903 542 973 στῆσαι
570 902 801 970 λέγοιτο,
833 899 1008 970 ,παρά
1036 896 1128 951 τοῦ
1162 896 1456 968 δράκοντος
1489 894 1589 966 τὴν
1639 895 1779 948 πόαν
1818 911 1925 964 μα-

341 994 451 1049 θὼν
491 994 635 1064 (15),
682 991 1064 1053 ἀϐασανίστως
1112 989 1367 1059 δέχεσθε⁶
1421 989 1518 1042 καὶ
1562 988 1643 1041 ὅτι
1685 986 1777 1040 τόν
1816 986 1927 1040 Ἰπ-

340 1086 571 1139 πόλυτον
611 1085 639 1136 ὁ
698 1084 1060 1154 Ἀσκληπιὸς,
1107 1081 1139 1151 ἢ
1191 1081 1281 1133 τὸν
1334 1078 1675 1151 Τυνδάρειον·
1709 1077 1927 1146 λέγεται

340 1179 453 1247 γὰρ
500 1175 814 1229 καὶτοῦτο·
859 1176 952 1228 καὶ
999 1176 1077 1238 ὼς
1120 1172 1219 1245 τὴν
1254 1173 1553 1242 ’Ἄλκηστιν
1614 1171 1925 1241 Ἡρακλῆς,

342 1270 439 1323 καὶ
467 1269 556 1322 τὸν
581 1267 782 1338 Θησέα,
814 1268 905 1319 καὶ
930 1266 1188 1336 Τίμωνα,
1212 1266 1307 1318 καὶ
1340 1264 1509 1317 Λυδὸν
1535 1264 1669 1333 (ιο),
1705 1265 1799 1317 καὶ
1829 1264 1925 1315 Τι-

345 1361 614 1433 μοσθένην
667 1361 758 1413 τδν
818 1360 1119 1429 Ἀθηναῖον,
1171 1358 1386 1428 Εὐδόξῳ
1415 1357 1527 1428 (17)
1580 1356 1648 1408 τὰ
1704 1355 1927 1411 τοιαῦτα

344 1454 717 1523 συγγράφοντι
753 1449 1007 1504 πείθεσθε
1030 1491 1044 1514 ,
1077 1449 1343 1519 Πίνδαρος
1373 1448 1428 1500 δὲ
1457 1448 1485 1498 6
1515 1446 1754 1516 Θηϐαῖος
1779 1485 1794 1509 ,
1833 1444 1929 1499 καὶ

353 1544 646 1615 Ἡρόδοτος
703 1542 1186 1614 Ἀλικαρνασσεὺς,
1237 1539 1488 1609 Ἀριστέα
1522 1537 1632 1609 (t8)
1664 1539 1798 1606 φασὶ
1834 1536 1928 1590 τὸν

343 1638 745 1707 Προκοννήσιον
789 1635 1101 1689 εἰσελθόντα
1137 1632 1288 1705 παρά
1317 1632 1408 1686 τὸν
1439 1631 1653 1700 κναφέα
1690 1631 1749 1683 ἐν
1782 1631 1927 1698 Προ·

341 1730 611 1800 κοννήσῳ,
646 1731 763 1782 ἐκεῖ
789 1728 884 1781 καὶ
914 1728 1169 1781 τεθνάναι
1194 1741 1211 1759 ⁸
1241 1727 1335 1781 καὶ
1364 1724 1729 1793 ἀφανισθέντα
1761 1721 1929 1787 Κυζι-

342 1824 532 1885 att-vei;
560 1822 807 1892 φανερῶς
832 1820 1198 1889 διαλέγεσθαι’
1234 1819 1329 1872 καὶ
1378 1817 1673 1880 διακοσίοις
1700 1816 1927 1887 ὕστερον

344 1914 491 1969 ἔτεσι
530 1916 624 1967 κα)⁸
673 1914 1082 1984 τεσσαράκοντα
1138 1913 1196 1965 ὲν
1250 1910 1468 1981 Ἰταλίᾳ⁴
1503 1907 1930 1970 Μεταποντίνοις
1960 1898 2003 1954 Β
2033 1912 2217 1958 culum
2273 1918 2394 1958 esse
2435 1919 2450 1956 :

341 2004 597 2074 ὀφθῆναι,
626 2004 719 2057 καὶ
752 2002 997 2057 κελεύειν
1027 2002 1220 2055 ἑαυτὸν
1254 2000 1465 2064 θυσίαις
1491 2000 1677 2071 τιμᾷν,
1713 1998 1811 2053 καί¹
1838 1999 1931 2053 τὸν

355 2097 699 2153 Ἀπόλλωνω
743 2116 761 2148 ι
802 2098 1086 2149 συνείπετο
1109 2094 1221 2166 (19)
1263 2094 1407 2165 γὰρ,
1446 2093 1572 2164 ἔφη,
1606 2093 1684 2163 τῷ
1732 2093 1929 2147 Ἀπόλ-

343 2189 473 2242 λωνι
505 2188 626 2241 τότε
658 2187 868 2260 κόραξ,
907 2186 1170 2259 ὑπάρχων
1199 2187 1229 2239 6
1263 2183 1359 2239 νῦν
1406 2184 1689 2257 ’Δριστεύς
1738 2183 1872 2255 (20).
1908 2203 1926 2237 ι

345 2283 457 2336 Καὶ
510 2282 634 2345 τοὺς
681 2280 1124 2342 Μεταποντίνους
1176 2277 1501 2349 πέμψαντας
1561 2276 1643 2340 είς
1693 2276 1933 2346 Δελφοὺς

343 2373 553 2444 ἐρωτᾷν
578 2371 689 2444 (21)
718 2372 809 2425 τὸν
847 2371 1182 2435 Ἀπόλλωνα,
1213 2372 1261 2423 εί
1289 2369 1396 2440 χρὴ
1420 2367 1499 2440 τῷ
1540 2368 1781 2439 ’Δριστέῖ
1813 2365 1929 2419 πεί-

344 2463 534 2516 θεσθαι
558 2479 573 2492 ⁸
600 2464 694 2516 καὶ
727 2462 825 2535 τὴν
854 2461 1060 2517 Πυθίαν
1081 2462 1282 2531 χρῆσαι
1306 2458 1382 2523 ὡς
1404 2458 1750 2528 πειθομένοις
1777 2458 1934 2530 ἄμει-

344 2574 432 2610 νον
462 2555 635 2610 ἔσται.
668 2556 776 2609 Καὶ
810 2553 907 2608 νῦν
939 2552 1162 2624 ἀνδριὰς
1189 2552 1421 2622 ἔστηκεν
1445 2550 1739 2621 ἐπωνυμίᾳ
1780 2550 1931 2620 Ἀρι-

346 2647 526 2710 στεῦς,
553 2647 681 2717 παρ’
712 2645 859 2717 αὐτῷ
884 2646 963 2716 τῷ
986 2643 1262 2715 ἀγάλματι
1293 2644 1385 2697 τοῦ
1429 2642 1787 2706 Ἀπόλλωνος.
1820 2642 1931 2696 Καὶ

343 2736 421 2800 ὡς
472 2736 615 2801 θεοῖς
650 2734 979 2807 ἀμφοτέροις
1014 2735 1047 2805 ἡ
1083 2731 1245 2787 θυσία
1285 2732 1439 2805 κοινὴ
1477 2732 1756 2803 νομίζεται
1792 2731 1925 2803 (22).

346 2828 457 2881 Καὶ
478 2827 685 2891 τούτοις
710 2826 1131 2899 ἀπερισκέπτως
1156 2824 1475 2888 συνέπεσθε,
1507 2824 1761 2896 καθάπερ
1791 2823 1929 2894 πρὸς

347 2919 509 2972 θαλὺν
538 2919 649 2990 (25)
696 2919 767 2972 τὰ
814 2917 1145 2990 θρέμματα,
1186 2916 1283 2970 καὶ
1328 2916 1581 2987 ἀλλήλοις
1632 2915 1926 2987 συνήδεσθε

344 3008 807 3080 κορυϐαντιῶντες
828 3010 960 3081 (21).
995 3009 1184 3073 Οὐδεὶς
1230 3008 1339 3081 γὰρ
1371 3008 1483 3080 (25)
1509 3007 1769 3062 τάναντία
1797 3010 1929 3077 γρέι-

347 3121 467 3172 φειν
495 3104 726 3175 ἀντῆρεν
751 3102 884 3174 (26).

2033 620 2270 674 absurda
2309 632 2417 675 tam
2466 620 2698 675 libenter
2741 621 3073 679 admittitis?
3120 622 3228 681 Vos
3270 627 3415 682 enim
3464 631 3610 698 quod

2031 710 2294 768 Glaucum
2325 712 2520 769 Minois
2546 714 2726 768 tilium
2758 754 2772 778 ,
2811 730 2932 769 eum
2968 715 3058 784 qui
3107 717 3268 772 melle
3308 719 3611 775 suffocatus

2030 814 2168 869 erat,
2196 803 2451 875 Polydius
2474 814 2623 859 vates
2650 805 2807 868 Argis
2842 802 2895 857 in
2924 802 3143 859 Cretam
3181 806 3458 874 profectus
3494 808 3611 863 fer-

2031 899 2120 945 tur
2159 896 2477 955 suscitasse,
2534 891 2699 947 herba
2750 890 3005 945 videlicet
3052 908 3148 961 per
3189 893 3478 950 draconem
3515 912 3608 950 co-

2029 985 2201 1053 gnita.
2246 985 2387 1039 nulla
2422 985 2526 1039 alia
2582 985 2654 1039 rei
2689 982 3008 1054 probatione
3043 984 3303 1053 requisita
3343 987 3605 1057 recipitis.

2029 1073 2098 1127 Et
2149 1075 2290 1143 quod
2343 1074 2528 1128 itidem
2590 1074 2783 1139 fertur,
2834 1073 3178 1143 Hippolytum
3236 1085 3397 1144 atque
3439 1093 3604 1131 unum

2030 1164 2271 1234 Tyndari
2308 1164 2475 1218 filium
2508 1163 2877 1234 IEsculapius,
2918 1165 3171 1234 quodque
3221 1164 3485 1221 Hercules
3512 1168 3605 1222 Al-

2030 1267 2254 1322 cestem,
2284 1255 2574 1324 Theseum,
2601 1256 2907 1320 Timonem,
2928 1257 3172 1327 Lydum,
3199 1256 3605 1314 Tiinosthenetn

2032 1348 2420 1404 Atheniensem
2452 1350 2789 1414 suscitarint,
2826 1348 3047 1404 Eudoxo
3067 1363 3151 1404 res
3184 1349 3448 1419 ejusmodi
3479 1367 3608 1404 con-

2028 1440 2289 1495 scribeuti
2332 1440 2491 1495 tidem
2526 1441 2757 1495 habetis.
2786 1440 3054 1496 Pindarus
3081 1451 3134 1497 et
3161 1440 3468 1497 llerodotus
3497 1441 3603 1495 ila-

2029 1531 2417 1597 licarnasseus,
2473 1533 2749 1587 Aristenm
2802 1532 2950 1586 illum
2992 1532 3414 1589 Proconnesium
3448 1534 3604 1587 aiunt

2028 1624 2083 1679 in
2133 1624 2245 1693 ipsa
2280 1623 2628 1679 Proconneso
2660 1626 2727 1678 ad
2781 1624 3035 1679 fullonem
3073 1627 3360 1695 quemdam
3395 1628 3606 1697 ingres-

2030 1732 2148 1773 sum
2183 1716 2344 1772 isthic
2380 1726 2610 1771 mortem
2658 1717 2894 1771 obiisse:
2928 1731 3163 1787 cumque
3206 1718 3599 1788 aliquantisper

2030 1810 2303 1876 latuisset,
2344 1809 2632 1881 Cyzicenis
2675 1809 2934 1879 deinceps
2980 1811 3278 1878 oppressis,
3306 1811 3482 1866 verbis
3530 1812 3610 1867 lo-

2508 1913 2618 1956 ιιιιιι
2672 1903 2921 1957 ducentis
2978 1905 3205 1973 posthac
3245 1904 3606 1975 quadraginta

2029 1996 2188 2051 annis
2215 1996 2267 2051 in
2297 1995 2447 2051 Italia
2478 1996 2863 2066 Metapontinis
2888 1997 3243 2067 apparuisse:
3283 1998 3459 2068 iisque
3484 1999 3607 2069 jus-

2030 2087 2188 2154 sisse,
2220 2087 2296 2142 uti
2341 2089 2518 2159 ipsum
2550 2100 2605 2143 et
2638 2088 2939 2157 Apollinem
2978 2088 3137 2144 simul
3179 2089 3464 2145 sacrificiis
3497 2090 3600 2146 ho-

2030 2179 2373 2249 noribuSque
2400 2179 2595 2233 divinis
2636 2189 3117 2249 prosequerentur.
3149 2178 3279 2234 Erat
3309 2182 3479 2246 enim,
3524 2184 3608 2236 in-

2030 2269 2170 2340 quit,
2220 2278 2356 2325 tunc
2405 2284 2628 2332 corvus,
2670 2278 2724 2323 et
2768 2271 3101 2339 sequebatur
3145 2270 3472 2339 Apollinem,
3512 2273 3605 2341 qui

2028 2375 2173 2416 nunc
2222 2360 2419 2415 iterum
2461 2368 2547 2414 est
2604 2360 2874 2414 Aristeas.
2929 2357 3030 2414 Ubi
3083 2376 3209 2416 vero
3247 2358 3605 2431 Metapontini

2026 2451 2266 2522 Delphos
2324 2450 2601 2506 misissent
2680 2450 2771 2521 qui
2838 2452 3185 2507 consulerent
3250 2450 3605 2522 Apollinem,

2026 2553 2207 2599 utrum
2256 2544 2472 2598 Aristeo
2519 2541 2680 2597 fidem
2726 2542 3032 2597 habendam
3084 2556 3352 2612 censeret,
3398 2544 3606 2614 Apolli-

2028 2654 2173 2705 nem,
2207 2638 2252 2693 si
2288 2637 2507 2707 quidem
2539 2635 2719 2691 verbis
2753 2635 2871 2707 ejus
2898 2635 3057 2691 fidem
3088 2636 3407 2692 habuissent
3443 2648 3610 2707 atque

2031 2730 2521 2800 obtemperassent,
2563 2729 2723 2784 saluti
2781 2730 2833 2783 id
2884 2728 3023 2795 fore,
3070 2729 3435 2799 respondiSSe.
3479 2729 3604 2800 Quo

2029 2824 2232 2879 factum
2266 2835 2375 2888 est,
2411 2832 2468 2877 ut
2497 2832 2676 2876 statua
2713 2823 2912 2877 Arislei
2959 2839 3151 2879 nomen
3204 2823 3431 2889 habens,
3469 2840 3609 2892 pone

2030 2917 2383 2973 simulacrum
2433 2916 2701 2987 Apollinis
2742 2925 2923 2971 erecta
2960 2914 3071 2983 jam
3125 2917 3394 2981 videatur,
3432 2916 3608 2985 quod-

2031 3025 2137 3080 que
2181 3021 2239 3064 ttt
2270 3010 2398 3074 diis,
2445 3008 2707 3064 ambobus
2746 3008 2965 3063 victima
3013 3010 3317 3063 communis
3346 3010 3609 3064 decerna-

2034 3110 2140 3153 tur.
2177 3098 2357 3168 Atque
2386 3098 2499 3152 hazc
2535 3113 2629 3151 vos
2658 3098 2867 3163 omnia,
2902 3098 3042 3151 nulla
3076 3113 3257 3154 rerum
3301 3099 3483 3153 habita
3519 3114 3608 3152 ra-

349 3201 519 3265 tione,
551 3199 775 3269 perinde
806 3196 1124 3267 sequimini,
1194 3207 1253 3251 ut
1320 3196 1567 3251 fruticem
1635 3196 1890 3265 pecudes,
1960 3195 2224 3265 vobisque
2279 3194 2514 3250 invicem
2570 3194 2743 3249 instar
2803 3194 3174 3267 Corybantum
3222 3196 3608 3255 insanientium

346 3290 693 3361 applauditis.
756 3289 865 3344 Nec
920 3299 1107 3344 contra
1152 3289 1443 3359 quisquam
1494 3305 1731 3359 unquam
1778 3287 2019 3358 scripsit.

417 3356 478 3432 Ci
510 3380 567 3437 δὲ
596 3380 758 3444 αὐτὸς
781 3380 810 3433 6
837 3356 1187 3452 Δημιουργὸς
1207 3356 1462 3452 ἀθανάτῳ
1482 3356 1629 3453 ipsi?)
1662 3356 1929 3434 ἀθάνατον

2107 3378 2382 3435 Caeterum
2434 3382 2478 3436 si
2528 3356 2795 3437 Conditor
2832 3383 3120 3438 immortali
3148 3384 3360 3439 animae
3410 3398 3610 3453 corpus

346 3474 517 3545 αὐτῆς
548 3475 642 3527 καὶ
678 3473 740 3527 τὸ
772 3473 934 3546 σῶμα
965 3478 1138 3528 ποιεῖν
1168 3474 1565 3543 ἐπαγγέλλεται
1590 3516 1605 3540 ,
1641 3474 1778 3546 πρὸς
1803 3475 1927 3530 τοῦ·

345 3582 439 3618 τον
468 3564 731 3619 ἄσπονδόν
762 3564 1000 3636 πόλεμον
1040 3565 1131 3618 καὶ
1160 3565 1473 3635 ἀκήρυκτον
1503 3564 1614 3633 (27)
1638 3562 1928 3635 διεγείρειν

346 3658 597 3730 ἀλλήλοις
660 3657 1116 3730 παρακελεύεσθε.
1178 3656 1372 3710 Καίτοι
1424 3657 1522 3709 καὶ
1567 3656 1791 3709 Πλάτων
1850 3657 1929 3729 τῷ

350 3751 564 3823 σώματι
587 3749 677 3804 τὸν
718 3748 1003 3821 ’Δρμόνιον
1024 3748 1135 3819 128)
1167 3748 1227 3813 ἐξ
1247 3747 1376 3821 ᾅδου
1408 3748 1544 3818 πρὸς
1568 3748 1695 3813 τοὺς
1719 3746 1929 3816 ζῶντας

446 3953 531 4023 15)
559 3951 666 4008 CC.
797 3949 1182 4023 ἀντιμάχεσθε.

420 4003 529 4095 (li)
570 4003 902 4095 Claudianus
925 4003 1275 4095 ᾍξεξῖρ-ζῑειὶεο
1298 4037 1317 4076 :
1350 4020 1631 4093 [Cretaque
1650 4062 1663 4087 ,
1691 4021 1737 4074 si
1770 4037 1926 4095 verax

354 4089 602 4147 narratur
628 4093 833 4164 fabula,
856 4092 982 4164 vidit
1009 4089 1276 4164 [Iliacum
1305 4089 1456 4164 rupto
1472 4089 1691 4159 puerum
1715 4092 1927 4161 prodire

350 4163 609 4247 sepulcro,
630 4161 819 4242 [Quem
843 4161 1023 4243 senior
1038 4170 1177 4214 uates
1198 4164 1369 4216 avium
1391 4162 1648 4242 clangore.
1662 4172 1925 4247 reip'ertlunt

352 4231 908 4304 [Gramine—restituit;
936 4234 1084 4304 mira:
1120 4247 1241 4304 nam
1270 4248 1480 4304 munere
1516 4231 1926 4304 sorti§_[Dutcia

2032 4232 2206 4304 ᾇγριοι
2232 4273 2247 4297 ,
2274 4232 2486 4304 ἐχθροὶ,
2513 4234 2606 4286 καὶ
2638 4250 2677 4301 μ

350 4299 503 4356 {uella
536 4317 732 4365 necem,
768 4301 1101 4371 vitamudedit
1144 4302 1387 4354 horridus
1417 4302 1625 4371 anguis.
1656 4299 1786 4357 Vide
1818 4302 1924 4356 Pa-

350 4374 636 4440 hephatum
657 4387 778 4439 cap.
809 4372 901 4435 27,
930 4369 1199 4442 Hyginum
1230 4371 1361 4425 Fab.
1387 4369 1508 4433 156,
1536 4372 1919 4441 Apollodorum

350 4460 473 4497 cum
504 4443 692 4510 primis
723 4443 861 4497 libro
889 4458 972 4507 ιιι,
1005 4444 1082 4511 (5,
1109 4442 1172 4507 1;
1204 4442 1291 4503 10,
1318 4442 1396 4511 5).
1429 4442 1683 4511 Reliquas
1712 4442 1923 4497 fabulas

351 4508 609 4568 excutere
652 4514 868 4569 animus
899 4508 1022 4567 non
1054 4523 1158 4567 est.
1208 4508 1403 4565 Mirum
1449 4508 1601 4575 vero,’
1643 4513 1923 4581 ignorasse

354 4589 637 4653 plerasque
662 4582 929 4653 Hyginum
948 4620 963 4646 ,
988 4583 1079 4651 qui
1095 4593 1271 4653 caput
1302 4582 1403 4636 251
1437 4583 1561 4636 hinc
1583 4593 1793 4650 poterat
1820 4584 1921 4637 sibi

353 4650 510 4707 Suum
549 4650 773 4709 auctius
810 4650 1029 4722 ponere.
1071 4650 1257 4708 {Encas
1288 4667 1503 4707 summa
1550 4653 1783 4707 eruditio
1809 4653 1921 4722 jatn

2033 3473 2197 3526 etiam
2228 3474 2536 3529 immortale
2563 3490 2622 3529 se
2651 3474 2919 3529 facturum
2951 3476 3310 3545 polliceatur,
3347 3477 3610 3533 adversus

2032 3578 2157 3617 eum
2190 3574 2348 3618 atrox
2400 3573 2458 3619 et
2522 3565 2763 3619 subitum
2817 3563 3014 3619 bellum
3068 3576 3124 3620 ut
3177 3574 3477 3641 moveatur,
3512 3568 3607 3621 alii

2035 3656 2169 3710 alios
2209 3656 2471 3711 incitatis.
2507 3661 2684 3726 Atque
2746 3655 2896 3709 Plato
2932 3656 3106 3711 fertur
3157 3656 3509 3711 Harmoniam
3540 3673 3604 3712 ex

2042 3746 2234 3803 inferis
2268 3763 2373 3802 una
2403 3762 2530 3804 cum
2564 3762 2797 3818 corpore
2827 3748 3124 3805 reduxisse.
3153 3748 3475 3805 Zoroastres
3511 3764 3608 3804 aus

2020 3962 2143 4019 cap.
2183 3950 2271 4005 54.
2303 3948 2400 4003 BA.

2095 4018 2208 4091 (25)
2241 4020 2345 4075 CC.
2376 4020 2442 4091 P.
2478 4018 2653 4083 οὐδεὶς
2684 4020 2832 4089 γοῦν.

2094 4090 2205 4159 (26)
2233 4091 2342 4146 CC.
2370 4090 2432 4146 P.
2468 4091 2731 4161 ἀνταίρει.

2097 4162 2224 4232 (27)-
2248 4161 2597 4249 ’τιςπανδοις
2627 4162 2915 4249 πόλεμον.
2952 4163 3250 4249 Hesychius
3273 4164 3599 4249 36¢rr_ov§or

2029 4234 2206 4302 ἄγριοι
2232 4273 2247 4297 ,
2274 4234 2479 4316 ὲχθζροὶ.
2513 4234 2606 4286 καὶ
2638 4234 3179 4358 μῦἓμνημονεύοντες
3209 4235 3391 4305 φιλίας
3421 4236 3454 4307 ἢ
3478 4237 3600 4322 ῥιαο

2029 4302 2233 4366 θέσεως
2258 4342 2273 4367 ,
2319 4303 2664 4374 ἀοιάλλακτοι
2748 4307 2891 4359 utda.
2926 4336 2997 4348 —-
3046 4307 3422 4374 Ἀκήρυκτον.
3458 4312 3602 4361 bane

2028 4389 2190 4429 secus
2229 4388 2473 4429 censeas.
2507 4372 2641 4426 Nam
2674 4390 2736 4428 ex
2769 4376 3011 4443 professo
3044 4372 3187 4430 velut
3232 4378 3430 4431 bellum
3462 4378 3601 4431 indi-

2028 4455 2173 4498 ctum
2200 4445 2458 4517 gerebant
2481 4445 2739 4517 sophista:
2764 4446 2869 4517 lioc
2889 4448 3010 4500 deo.
3042 4445 3205 4501 Forte
3228 4449 3441 4512 melius,
3466 4448 3603 4517 ἀκήν

2030 4513 2222 4586 ρυτον,
2245 4513 2389 4583 quod
2425 4514 2696 4586 μέγακαὶ
2734 4515 3086 4570 ἀδιάλλακτον
3118 4518 3257 4570 idem
3295 4513 3598 4586 Hesychius

2029 4583 2436 4652 interpretatur.
2485 4583 2589 4639 Sed
2616 4586 2924 4656 ἀκήρυκτον
2958 4599 3119 4640 etta.n
3157 4583 3450 4655 legationes
3492 4602 3602 4641 non

2030 4656 2343 4708 admittens.
2379 4654 2475 4708 ΒΑ.

2030 4666 2343 4708 admittens.
2379 4666 2475 4708 UA.

356 4726 480 4805 hinc
518 4733 774 4805 apparet,
824 4726 915 4793 qtti
959 4724 1176 4805 intimas
1216 4724 1378 4777 etiam
1396 4733 1481 4805 “et
1536 4722 1923 4791 vulgoparum
1960 4746 2006 4802 υ
2095 4722 2385 4805 _(28).Non
2435 4724 2637 4778 mirum
2686 4726 2751 4779 de
2800 4724 3023 4805 Platone
3070 4726 3186 4805 haec
3214 4726 3381 4805 ﬁngi,
3438 4743 3600 4805 quem

359 4797 513 4849 tritas
544 4792 768 4863 fabellas
800 4792 1011 4863 noverit
1041 4794 1360 4863 producere.
1392 4792 1491 4848 BA.

429 4865 540 4935 (15)
569 4864 676 4920 CC.
793 4862 1105 4935 μαθὼντὴν
1136 4865 1324 4935 πόανιῄ
1472 4924 1475 4929 ι

430 4933 539 5005 (Ib)
567 4935 671 4991 CC.
707 4934 764 4987 P.
798 4933 893 4988 καὶ
922 4933 1160 5005 Τύμωνα
1186 4933 1377 4987 Λυδόν.

434 5003 539 5075 ‘17)
566 5005 641 5075 De
674 5005 894 5075 Eudoxo
922 5004 1188 5069 Laertius,
1222 5020 1337 5071 Vttt,
1368 5006 1458 5071 90,
1495 5004 1605 5059 alii.
1633 5003 1727 5057 BA.

430 5074 541 5145 (18)
575 5074 681 5131 CC.
834 5074 1137 5146 Ἀριστέαν.

428 5144 541 5216 (19)
580 5147 685 5201 CC.
719 5144 779 5199 Ρ.
818 5144 1148 5215 Συνέπομαι.

431 5218 543 5289 (20)
822 5216 1126 5289 Ἀριστέας.
1216 5260 1227 5267 κ

431 5286 545 5361 ei)
577 5286 682 5361 «ac.
717 5286 1115 5361 Ρς,επερωττιινο

429 5356 543 5431 (22)
592 5356 718 5431 Vide
756 5358 1089 5431 Herodotum
1138 5373 1214 5431 iv,
1263 5359 1364 5431 MV;
1418 5356 1770 5431 Plutarchum
1820 5356 1929 5409 Ro-

356 5427 525 5495 mulo,
556 5444 604 5484 c.
624 5427 726 5493 28;
761 5428 1102 5497 Apollonium
1135 5427 1365 5483 Mirabil.
1397 5444 1446 5483 c.
1474 5431 1537 5495 2;
1569 5440 1676 5483 etc.
1708 5427 1932 5481 Poetatn

358 5505 505 5557 hunc
535 5502 808 5553 hominem
834 5500 1001 5553 fuisse
1030 5500 1290 5551 discimus
1312 5516 1377 5551 ex
1400 5508 1593 5553 Λιιιοιε
1620 5498 1925 5561 Pausaniw,

356 5587 405 5626 c.
437 5572 528 5634 24,
555 5571 609 5634 6,
638 5570 881 5623 carmina
913 5566 1032 5635 ejus
1052 5570 1119 5621 de
1145 5570 1409 5638 gryphum
1446 5570 1670 5624 historia
1696 5584 1933 5622 comme-

358 5642 639 5696 morantis.
680 5639 751 5693 ΒΑ
764 5679 778 5692 .

427 5714 539 5782 (25)
567 5710 672 5765 CC.
698 5713 757 5765 Ρ.
794 5709 1062 5782 Καθᾴπερ
1096 5708 1232 5782 πρὸς
1263 5707 1453 5762 θαλλὸν
1478 5710 1547 5764 τά
1580 5709 1741 5779 θρέμ.

429 5780 540 5852 (24)
574 5780 1106 5852 Κορυϐαντιῶνςες.
1136 5780 1419 5852 Parentes.
1448 5784 1610 5852 Schol
1635 5791 1779 5837 astes
1806 5785 1931 5839 Αι-Ῑ-

362 5848 637 5922 stophanis
661 5852 847 5921 Vcspis
875 5852 942 5917 8;
977 5850 1139 5905 Suida
1166 5848 1465 5921 Hesychius
1488 5851 1712 5915 Plinius,
1740 5854 1829 5909 lib.
1868 5871 1930 5922 tt,

2036 4797 2199 4849 etiam
2231 4795 2283 4867 in
2314 4795 2540 4867 deorum
2577 4810 2868 4867 numerum
2901 4800 3033 4867 (imo
3060 4795 3400 4851 semideoritm
3424 4795 3597 4864 {vide

2036 4866 2351 4934 Augustin.,
2391 4864 2464 4917 De
2493 4863 2635 4935 civit.
2671 4865 2784 4927 Dei,
2827 4882 2886 4932 tt,
2912 4863 3015 4933 '14;
3047 4868 3101 4934 8,
3140 4869 3226 4935 15)
3279 4863 3502 4923 relatum
3534 4885 3601 4925 ex

2036 4935 2288 4989 Labeone
2328 4935 2519 4989 scribit
2576 4934 2636 4989 Β.
2704 4936 3072 5006 Augustinus,
3122 4934 3244 4991 cunt
3303 4939 3443 4993 nulla
3494 4957 3599 4993 non

2038 5007 2455 5077 sectamaxjina
2493 5006 2743 5061 certatim
2759 5023 3002 5077 quasque
3040 5013 3105 5063 de
3134 5023 3234 5061 suo
3268 5011 3490 5063 mentita
3530 5012 3601 5063 sit

2038 5076 2299 5149 principe.
2339 5073 2614 5149 Yidequw
2654 5078 2723 5132 de
2752 5073 3055 5149 Pythagora
3094 5079 3443 5149 latnblichus,
3478 5080 3601 5147 alii;

2033 5149 2101 5203 de
2127 5147 2387 5216 sophistis
2417 5148 2532 5201 suis
2562 5147 3053 5217 paratragtediatur
3082 5148 3380 5218 Eunapius.
3417 5149 3597 5205 Plato-

2034 5234 2155 5272 nem
2187 5233 2217 5271 e
2250 5220 2352 5272 deo
2379 5219 2544 5271 etiam
2585 5220 2823 5287 genitum
2858 5218 3171 5283 credidere,
3223 5228 3282 5272 ut
3337 5232 3605 5275 testantur

2034 5287 2336 5359 Hesychius
2390 5287 2647 5353 lllustris,
2704 5289 2969 5358 Diogenes
3027 5288 3294 5354 Laertius,
3346 5292 3607 5359 Apuleius

2033 5357 2166 5430 ιιινει
2216 5373 2343 5412 vero
2397 5358 2575 5430 fabula
2609 5397 2624 5421 ,
2675 5357 2841 5430 quani
2880 5360 2948 5413 de
3000 5360 3311 5415 Christiano
3363 5357 3601 5430 quodam

2032 5428 2313 5483 Platonem
2370 5428 2710 5484 conviciarf
2745 5429 2906 5485 solito
2973 5431 3137 5485 refert
3188 5428 3397 5484 Sinaita
3460 5431 3607 5485 Ana-

2042 5500 2267 5565 stasius,
2314 5500 2358 5554 si
2416 5500 2481 5571 is
2514 5511 2629 5571 est,
2682 5510 2874 5571 quaast.
2908 5500 3029 5567 111,
3072 5515 3193 5571 qua:
3227 5516 3351 5571 cum
3389 5499 3607 5556 Christo

2042 5572 2405 5625 resurrexissc
2436 5568 2814 5640 philosophum
2841 5570 3037 5626 dOcere
3069 5568 3202 5626 v'ult.
3222 5568 3606 5641 Nequaquam,

2040 5642 2241 5710 inquit,
2272 5642 2404 5694 diris
2436 5643 2706 5695 devovebis
2739 5642 2998 5695 hominem
3039 5652 3159 5696 ante
3196 5640 3394 5696 Christi
3415 5640 3610 5694 adven-

2039 5722 2153 5763 tum
2184 5714 2482 5778 delunctum
2496 5727 2529 5781 ;f
2545 5728 2666 5765 nam
2692 5724 2740 5766 et
2763 5713 2831 5764 ad
2858 5713 3053 5781 inferos
3086 5714 3393 5780 praedicatio
3417 5710 3608 5764 Salva-

2040 5785 2167 5834 toris
2202 5786 2452 5851 pervenit.
2485 5780 2671 5834 Fertur
2709 5780 2926 5853 antiqua
2948 5783 3167 5837 traditio
3195 5784 3259 5837 de
3297 5782 3608 5853 scltolastico

2038 5852 2285 5921 quodam,
2316 5853 2408 5922 qui
2434 5853 2600 5905 multa
2623 5857 2810 5923 probra
2853 5854 2905 5907 in
2940 5853 3206 5908 Platonem
3232 5852 3596 5923 pliilosOpltuiu

3506 418 3610 483 994
3699 485 3701 487 ,
