4144 6576
553 392 661 458 995

1892 430 1901 439 -
1926 392 2167 455 IENEZE
2205 393 2446 455 ΟΛΖᾸΞΙ

3710 398 3821 461 996

555 517 664 561 tem
701 504 1026 560 vaticinatur
1050 502 1170 561 fore
1204 515 1437 575 tempus,
1468 518 1576 575 quo
1598 504 1671 560 sit
1695 504 1937 559 omnium
1981 521 2119 559 inor-

2231 508 2445 574 ἀνάγει.
2503 505 2562 558 '0
2590 503 2647 558 δὲ
2689 506 3054 578 Ζωροάστρης
3084 505 3199 577 (ίὶθ)
3252 507 3511 579 προλέγει
3540 509 3618 573 ὼς
3664 510 3821 566 ἔσται

558 609 777 652 tuorum
813 597 1143 653 resurrectio
1175 597 1380 653 futura.
1411 597 1585 653 Scivit
1617 599 1782 653 etiam
1818 596 2125 668 Theopom—

555 702 657 755 pus
686 686 827 756 quod
853 687 1003 753 dico,
1036 688 1198 758 idque
1223 690 1397 760 ipsqu
1429 689 1565 744 alios
1585 703 1801 758 quoque
1826 689 2000 743 docet.
2019 687 2125 741 Sed

551 777 660 833 illis
694 779 996 847 priscorum
1024 783 1330 849 sapientum
1362 796 1524 837 nemo
1559 782 1854 851 quidquam
1905 790 2125 836 contra-

552 871 709 926 dixit.
736 870 847 925 Soli
876 872 1216 927 recentiores
1243 873 1379 928 adeo
1412 884 1537 928 sunt
1566 871 1842 937 audaculi,
1874 881 1930 924 ut
1959 872 2124 927 verbo

548 962 736 1017 divino
764 963 1165 1032 repugnandum
1212 965 1529 1021 existiment
1564 966 1807 1034 :quippe
1844 962 1935 1033 qui
1978 979 2009 1017 a
2036 964 2123 1018 via

548 1068 644 1108 seu
676 1054 792 1109 acie
820 1055 1000 1109 divina
1030 1056 1283 1127 digressi,
1310 1056 1534 1111 multum
1563 1057 1757 1120 hrutae,
1790 1064 1845 1109 et
1872 1054 1989 1125 ejus
2005 1068 2125 1124 quae

554 1146 782 1201 rationis
826 1149 1004 1202 omnis
1030 1158 1114 1202 est
1143 1162 1338 1218 expers
1384 1148 1611 1202 natura?
1637 1161 1821 1202 secum
1859 1148 2121 1202 trahunt:

554 1255 661 1293 non
713 1239 888 1295 solum
929 1255 1132 1310 corpus
1166 1250 1427 1311 perpetuo
1479 1242 1708 1295 mortale
1752 1255 1872 1296 esse
1913 1242 2120 1308 sinunt,

548 1331 645 1385 sed
669 1341 722 1386 et
758 1332 928 1401 ipsam
957 1333 1191 1386 animam
1227 1349 1322 1386 sna
1356 1333 1486 1387 victi
1520 1332 1776 1397 stultitia,
1799 1333 1933 1387 mori
1965 1333 2121 1402 quasi

550 1424 949 1492 quodammodo
982 1434 1200 1495 cogunt.
1233 1422 1464 1479 Virtutis
1508 1423 1650 1479 enim
1694 1422 1998 1493 ignorantia
2035 1437 2122 1476 rc-

548 1529 674 1569 vera
726 1516 919 1571 anima:
969 1531 1116 1571 mors
1156 1524 1262 1571 est.
1306 1515 1375 1569 At
1432 1514 1784 1570 Hebraeorum
1844 1515 2120 1582 vaticinia,

549 1621 670 1674 qua:
695 1606 941 1675 profecto
972 1608 1085 1677 ipsa
1113 1621 1331 1678 quoque
1362 1606 1637 1661 nonnullis
1678 1606 1948 1677 Apollinis
1989 1622 2116 1661 ora-

2234 598 2365 651 ποτὲ
2398 597 2590 669 χρόνος
2609 636 2624 659 ,
2658 598 2716 650 ὲν
2751 589 2795 664 ᾧ
2825 598 3042 652 πάντων
3077 598 3289 671 νεκρῶν
3316 600 3617 667 ἀνάστασις
3637 603 3820 661 ἕσται.

2234 685 2392 742 Οἶδεν
2435 690 2465 741 6
2505 682 2830 760 Θεόπομπος
2860 689 2889 742 ὃ
2920 689 3100 760 λέγω,
3131 693 3227 745 καὶ
3255 692 3385 758 τοὺς
3424 695 3622 761 ἄλλους
3652 698 3826 763 αὐτὸς

2230 779 2560 834 ἐκδιδάσκει.
2605 779 2766 834 Ἀλλά
2794 780 2903 853 γὰρ
2932 780 3070 852 πρὸς
3091 782 3336 849 ἐκείνους
3368 785 3468 857 μὲν
3496 789 3609 842 τῶν
3645 790 3824 845 πάλαι

2231 872 2414 941 σοφῶν
2444 873 2699 927 ἀντεῖπεν
2734 872 2932 936 οὐδείς.
2966 874 3031 927 Ui
3064 874 3124 927 δὲ
3154 875 3265 929 νέοι
3298 875 3684 948 θρασύνονται,
3720 881 3825 935 καὶ

2231 965 2363 1037 θείῳ
2392 965 2535 1038 λόγῳ
2564 966 2821 1039 πολεμεῖν
2848 968 3191 1040 ἐπαίρονται,
3225 964 3313 1024 οἶα
3336 972 3400 1043 δὴ
3431 972 3584 1036 θείας
3620 975 3822 1046 μοίρας

2229 1058 2637 1130 ἀφεστηκότες,
2686 1061 2782 1115 καὶ
2814 1059 2949 1114 πολὺ
2983 1061 3045 1116 τὸ
3084 1063 3279 1132 ἄλογον
3322 1064 3705 1137 ἐπισύροντες.
3740 1068 3821 1121 Οὐ

2233 1150 2404 1221 μόνον
2432 1151 2494 1205 τὸ
2530 1151 2691 1222 σῶμα
2719 1151 2912 1223 θνητὸν
2940 1154 3022 1218 εἰς
3055 1154 3143 1208 ἀεὶ
3190 1156 3637 1225 καταλείπουσιν,
3678 1160 3821 1214 ἀλλὰ

2225 1240 2320 1294 καὶ
2346 1241 2517 1312 αὐτὴν
2541 1240 2640 1313 τὴν
2668 1241 2848 1313 ψυχὴν
2897 1243 3003 1297 ὑπὸ
3030 1244 3253 1316 ἀλογίας
3283 1248 3536 1303 τεθνάναι
3568 1268 3817 1321 προσαν-

2223 1332 2549 1400 αγκάζουσι.
2574 1332 2817 1397 Θάνατος
2842 1333 2953 1406 γὰρ
2971 1334 3149 1407 ψυχῆς
3177 1338 3211 1408 η
3238 1338 3336 1409 τῆς
3359 1340 3562 1411 ἀρετῆς
3592 1342 3813 1411 ἄγνοια.

2232 1424 2305 1478 [ἀ
2333 1423 2390 1477 δὲ
2431 1423 2704 1495 Ἐϐραίων
2756 1424 2952 1495 λόγια,
2987 1424 3024 1480 δι
3059 1426 3129 1480 τὰ
3171 1427 3268 1482 τοῦ
3334 1430 3671 1494 ’Λπόλλωνος
3717 1435 3817 1487 ἀνι

2225 1514 2433 1585 ύμνησε
2462 1514 2619 1583 λόγια
2651 1514 2787 1585 (50),
2819 1516 2882 1570 ού
2910 1515 3007 1571 τοῦ
3044 1518 3333 1590 ἀνθρώπου
3370 1522 3433 1576 τὸ
3462 1522 3653 1595 μέρος,
3677 1525 3818 1580 ἀλλά

2221 1608 2343 1662 ὅλον
2373 1607 2676 1662 ἀναϐιῶναι
2704 1607 2797 1663 τὸν
2825 1609 3135 1682 ἄνθρωπον.

547 1700 686 1754 culis
732 1700 1224 1768 commendantur,
1285 1715 1387 1754 non
1422 1715 1584 1754 unam
1629 1709 1838 1755 tantum
1886 1700 2122 1757 hominis
2154 1711 2391 1770 partem,
2422 1701 2518 1757 sed
2595 1700 2869 1757 hominem
2936 1703 3115 1775 ipsum
3138 1713 3309 1760 totum
3342 1716 3507 1777 atque
3539 1708 3811 1779 integrum

547 1796 673 1849 vita:
708 1793 977 1850 redditum
1012 1796 1075 1850 iri
1106 1795 1450 1868 pollicentur.

622 1963 763 2018 Sunt
790 1973 969 2019 autem
998 1964 1177 2020 adhuc
1220 1964 1387 2036 aliqui
1428 1980 1550 2020 cum
1584 1965 1725 2036 apud
1774 1964 1967 2039 Syros,
2002 1976 2116 2022 tum

2290 1957 2407 2014 Νῦν
2439 1958 2576 2029 γοῦν
2615 1956 2697 2013 ἔτι
2730 1956 2884 2030 παρὰ
2922 1958 3038 2023 τοῖς
3069 1957 3264 2030 Σύροις
3302 1957 3441 2024 εἰσὶ,
3493 1959 3587 2012 καὶ
3624 1959 3809 2017 ἄλλοθι

551 2054 721 2126 aliqui
745 2071 959 2126 quoque
990 2055 1258 2123 homines,
1281 2058 1372 2128 qui
1404 2059 1471 2113 ab
1501 2059 1723 2115 ineunte
1764 2069 1925 2117 aetate
1950 2075 2121 2131 usque

551 2148 619 2202 ad
653 2156 927 2202 senectam
956 2148 1199 2203 ultimam
1222 2189 1239 2217 ,
1276 2160 1664 2219 temperantem
1704 2153 2122 2223 'modestamque

551 2239 715 2293 vitam
749 2250 974 2309 egerunt
1004 2258 1019 2294 :
1050 2250 1212 2312 atque
1234 2242 1397 2297 etiam
1426 2244 1667 2298 animum
1698 2246 1765 2299 ad
1797 2245 2118 2310 caelestium,

548 2331 844 2386 ctomnino
862 2331 1104 2387 omnium
1133 2347 1254 2402 qua:
1278 2344 1459 2388 mente
1485 2345 1539 2389 et
1568 2336 1917 2406 intelligentia
1942 2337 2123 2406 perci-

548 2423 792 2492 piuntur,
812 2438 992 2477 rerum
1010 2425 1520 2494 contemplationem
1540 2430 1892 2484 adverterunt
1916 2447 1928 2483 :
1956 2427 2121 2500 662

549 2521 608 2568 ut
644 2523 700 2568 et
737 2514 787 2567 ei
831 2529 1028 2584 corpus
1061 2502 1279 2586 quoque
1322 2517 1676 2586 subserviret,
1709 2532 2032 2590 coegerunt,
2067 2529 2121 2574 et

548 2604 766 2675 hymnis
800 2603 970 2659 Deum
1012 2606 1364 2661 celebrarunt
1411 2624 1428 2663 :
1478 2610 1665 2679 sicque
1703 2618 1759 2665 et
1802 2612 2012 2681 agendo
2065 2619 2122 2665 et

546 2696 970 2766 contemplando
1034 2699 1100 2751 ad
1163 2714 1433 2753 sunnnum
1492 2700 1847 2775 philosophia:
1904 2700 2117 2756 culmen

548 2789 943 2843 ascenderunt.
980 2786 1046 2843 lli
1092 2805 1201 2859 quo
1245 2806 1398 2845 suam
1426 2806 1545 2861 qua:
1570 2804 1685 2846 erat
1715 2793 1795 2848 eis
1833 2808 1957 2848 cum
1989 2792 2117 2857 Deo,

547 2877 929 2947 cognationem
978 2894 1037 2933 re
1088 2881 1202 2949 ipsa
1254 2884 1699 2952 comprobarent,
1751 2900 1884 2954 pura
1938 2894 2120 2939 mente

549 2968 721 3025 Deum
755 2972 927 3041 ipsum
967 2973 1196 3042 precati,
1240 2984 1297 3027 ιιι
1336 2976 1495 3029 morti
1532 2977 1939 3042 reviviscerent,
1987 2975 2122 3031 επε-

550 3075 699 3116 cere.
742 3060 1002 3131 llancque
1031 3064 1167 3119 satis
1197 3062 1406 3120 ﬁrmam
1439 3066 1603 3137 hujus
1633 3068 1896 3123 doctrinm
1924 3069 2123 3140 proba-

548 3153 752 3208 tionem
789 3156 1107 3211 attulerunt.
1136 3156 1349 3212 Nullum
1379 3158 1523 3213 enim
1551 3161 1693 3229 apud
1719 3176 1816 3216 eos
1844 3171 2118 3233 receptum

552 3253 638 3299 est
671 3246 888 3315 dogma,
918 3248 1061 3316 quod
1104 3248 1233 3302 solis
1270 3251 1451 3304 verbis
1478 3260 1714 3315 constet,
1764 3268 1829 3308 ac
1872 3269 1978 3307 non
2020 3269 2120 3323 po-

550 3339 658 3391 tius
687 3352 755 3391 ex
788 3338 923 3408 ipsis
957 3338 1120 3394 rebus
1148 3341 1317 3412 gestis
1346 3341 1529 3396 statim
1580 3343 1738 3398 (idem
1775 3344 1879 3399 sibi
1918 3355 2118 3401 sumat.

550 3427 616 3481 Et
645 3428 736 3498 qni
781 3428 1034 3483 miraculi
1080 3439 1357 3499 spectator
1391 3439 1515 3497 est,
1561 3432 1608 3487 is
1642 3433 1810 3487 etiam
1856 3434 2120 3488 doctrinae

550 3519 774 3573 minime
804 3520 999 3575 dubius
1026 3532 1120 3575 aut
1154 3522 1444 3592 perplexus
1466 3524 1694 3582 auditor
1725 3526 1859 3581 abit.
1893 3524 2005 3580 Nec
2035 3526 2118 3579 la-

550 3610 688 3666 bulze
737 3622 865 3666 sunt
918 3611 1063 3681 quod
1108 3613 1369 3682 dicimus,
1416 3631 1515 3671 nec
1548 3631 1578 3671 e
1626 3617 1784 3688 longa
1831 3618 2119 3675 vetustatis

550 3704 815 3760 memoria
847 3707 1158 3775 repetitum,
1184 3708 1276 3761 sed
1302 3707 1403 3763 hac
1432 3716 1751 3778 tempestate
1777 3710 1976 3764 factum
2012 3711 2116 3765 tui-

548 3797 815 3853 raculntn.
849 3796 958 3866 Ego
985 3798 1099 3865 ipse
1142 3798 1248 3852 vidi
1289 3813 1497 3864 senem,
1540 3806 1596 3855 et
1644 3800 1861 3871 egregie
1890 3801 2113 3865 bonum,

544 3899 602 3944 et
633 3887 743 3945 Deo
772 3902 892 3944 cum
922 3889 1112 3957 primis
1141 3889 1390 3943 charum.
1437 3887 1499 3942 Ei
1529 3888 1815 3944 familiaris
1845 3898 1963 3944 erat
1992 3889 2117 3959 qui-

546 3981 668 4032 dam
701 3980 937 4048 agricola
970 3979 1052 4033 vir
1082 3979 1345 4050 simplicis
1391 3979 1617 4051 ingenii,
1658 3989 1713 4034 et
1750 3988 1905 4048 pater
1956 3979 2118 4033 unius

550 4080 760 4125 tantum
794 4073 1005 4140 pueruli
1040 4090 1055 4127 :
1094 4088 1216 4127 cum
1262 4087 1371 4141 quo
1419 4087 1586 4142 puero
1620 4072 1702 4125 vir
1748 4071 1837 4125 ille
1886 4070 2119 4125 rusticus

545 4175 732 4219 senem
770 4163 917 4216 illurn
956 4163 1277 4233 frequenter
1311 4166 1520 4229 adibat,
1547 4166 1733 4219 volens
1763 4162 1966 4232 aliquid
1993 4161 2116 4215 boni

542 4361 785 4431 iaciebat.
848 4370 913 4425 Ei
986 4368 1268 4425 seetmdum
1326 4368 1547 4436 quietem
1617 4368 1859 4436 apparuit
1915 4363 2105 4436 Plato,

541 4460 759 4514 eumque
817 4446 892 4496 sic
938 4441 1140 4508 allatas
1180 4435 1369 4514 :Ileus
1402 4450 1503 4514 tu__,
1537 4438 1714 4514 desine
1752 4435 2109 4514 a‘nialedictis

2224 2052 2501 2125 ἄνθρωποι
2533 2050 2645 2122 (51)
2672 2051 2736 2104 ὲκ
2761 2048 2953 2115 παιδὸς
2987 2051 3067 2114 είς
3097 2050 3273 2121 γῆρας
3300 2052 3807 2124 σεσωφρονηκότες,

2223 2161 2292 2197 πε
2303 2143 2356 2216 pl.
2390 2143 2490 2213 τὴν
2519 2141 2698 2213 ψυχὴν
2727 2140 2864 2212 πρὸς
2892 2139 2961 2195 τὰ
2988 2141 3159 2213 νοητὰ
3206 2142 3663 2213 μετεωρίσαντες·
3713 2145 3809 2199 καὶ

2223 2234 2283 2287 τὸ
2314 2232 2473 2304 σῶμα
2501 2230 2775 2286 δουλεύειν
2816 2232 2978 2303 αὐτῇ,
3010 2231 3115 2285 κάν
3143 2232 3257 2295 τοῖς
3289 2228 3482 2302 ὕμνοις
3525 2231 3638 2301 (52)
3673 2231 3811 2285 ἀνα-

2227 2324 2556 2390 πείσαντες,
2604 2323 2703 2377 καὶ
2747 2321 2947 2394 πράξει
2989 2321 3085 2376 καὶ
3116 2321 3322 2395 θεωρίᾳ
3361 2322 3685 2393 φιλοσοφίας
3728 2324 3812 2387 εἰς

2223 2418 2393 2489 ἄκρον
2435 2414 2828 2487 ἀφικνούμενοι
2862 2415 2976 2487 (55)
3001 2455 3018 2481 ,
3048 2415 3147 2487 τὴν
3191 2414 3285 2469 τοῦ
3321 2414 3457 2469 Θεοῦ
3502 2415 3813 2480 δεικνύντες

2227 2510 2573 2579 συγγένειαν,
2626 2508 2723 2562 καὶ
2771 2507 2934 2562 αὐτὸν
2988 2508 3244 2579 καθαρῶς
3295 2507 3810 2581 προσκαλούμενοι,

2224 2604 2453 2674 νεκροὺς
2478 2601 2778 2656 ἀναϐιῶναι
2820 2602 3193 2672 πεποιήκασι,
3218 2599 3424 2670 ταύτην
3452 2602 3644 2673 ἱκανὴν
3670 2601 3812 2655 ἀπό-

2223 2696 2388 2760 δειξιν
2413 2693 2509 2749 τοῦ
2543 2695 2812 2766 δόγματος
2834 2692 3306 2766 προεισφέροντες.
3343 2692 3509 2747 Οὐδὲν
3533 2693 3643 2766 γὰρ
3674 2692 3813 2766 παρ’

2222 2789 2407 2853 αὐτοῖς
2440 2787 2620 2859 δόγμα
2669 2787 2833 2859 μέχρι
2879 2787 2992 2840 τῶν
3033 2786 3210 2856 λόγων
3253 2786 3510 2852 ἵσταται,
3545 2786 3661 2840 ἀλλ’
3697 2786 3812 2841 ἀπὸ

2220 2879 2331 2932 τῶν
2376 2878 2556 2950 ἔργων
2600 2878 2765 2941 εὐθὺς
2813 2877 3088 2949 λαμϐάνει
3116 2876 3215 2948 τὴν
3264 2877 3466 2932 πίστιν,
3499 2876 3611 2931 Καὶ
3648 2877 3678 2930 6
3709 2875 3810 2931 τοῦ

2223 2968 2502 3039 θαύματος
2538 2968 2770 3039 θεατὴς,
2803 2967 3016 3040 ἀπῆλθε
3062 2966 3155 3021 τοῦ
3198 2966 3470 3038 δόγματος
3497 2967 3597 3021 ούκ
3629 2968 3808 3038 ἀμφίο

2222 3059 2378 3123 ϐολος
2419 3060 2718 3130 ἀκροατής.
2766 3059 2875 3112 Καὶ
2921 3061 2984 3112 οὑ
3035 3058 3205 3129 μῦθος
3246 3060 3307 3113 τὸ
3342 3059 3653 3129 λεγόμενον,
3684 3060 3809 3116 ούδὶ

2223 3150 2442 3221 παλαιῷ
2494 3150 2681 3221 θαῦμα
2726 3150 2841 3223 (54)
2900 3153 3191 3221 γενόμενον
3255 3152 3435 3223 χρόνῳ
3485 3151 3811 3222 διακατέχε-

2220 3259 2312 3296 ται
2336 3242 2470 3312 (55)·
2499 3241 2618 3296 ἀλλ’
2646 3238 2786 3296 εἶδον
2818 3241 2930 3311 ἐγὼ
2960 3242 3272 3315 πρεσϐύτην
3299 3244 3408 3315 (56)
3446 3244 3592 3315 μάλα
3619 3244 3807 3309 καλὸν,

2223 3336 2319 3391 καὶ
2361 3336 2422 3389 τὸ
2462 3334 2582 3389 ὅλον
2625 3335 2746 3407 Θεῷ
2783 3336 3202 3407 κεχαρισμένον·
3252 3334 3426 3407 τούτῳ
3466 3335 3706 3407 συνήθης
3736 3331 3809 3408 ἦν

2223 3429 2504 3501 γεωργὸς,
2534 3427 2744 3492 ἁπλοῦς
2775 3427 2935 3499 ἀνὴρ,
2972 3429 3064 3482 καὶ
3104 3428 3221 3494 ἑνὸς
3252 3429 3540 3500 παιδαρίου
3584 3431 3769 3500 πατήρ
3789 3443 3804 3457 ⁸

2223 3515 2377 3584 οὗτος
2414 3520 2553 3591 μετά
2587 3519 2680 3574 τοῦ
2715 3520 2901 3584 παιδὸς
2938 3520 3055 3591 ἅμα
3084 3519 3197 3592 (57)
3231 3521 3382 3593 παρά
3418 3521 3493 3592 τῷ
3521 3520 3807 3595 πρεσϐύτῃ

2222 3613 2448 3685 ἐφοίτα,
2483 3612 2721 3684 χρηστόν
2771 3630 2824 3667 τι
2860 3616 3033 3666 ποιεῖν
3083 3616 3180 3668 καὶ
3214 3613 3404 3683 μαθεῖν
3453 3614 3801 3684 βουλόμενος.

2222 3703 2334 3758 Kal.
2360 3702 2469 3757 τῶν
2501 3704 2734 3775 καρπῶν
2766 3704 2864 3769 τὰς
2896 3704 3153 3775 ἀπαρχὰς
3179 3704 3371 3776 ὥσπερ
3397 3706 3477 3770 εἰς
3513 3706 3657 3776 ἱερὸν
3688 3705 3809 3760 ἐκεῖ

2221 3795 2522 3865 διεκόμιζε.
2570 3796 2777 3866 Χρόνος
2813 3796 3051 3868 βραχὺς,
3082 3797 3177 3851 καὶ
3213 3800 3241 3851 6
3268 3800 3400 3861 παῖς
3424 3798 3680 3869 νοσήσας,
3714 3814 3805 3851 τεο

2221 3886 2386 3958 λευτᾷ
2410 3886 2501 3941 τὸν
2529 3885 2666 3958 βίον,
2687 3888 2782 3939 καὶ
2812 3888 3001 3958 ἐπειδὴ
3029 3887 3325 3955 ἀπέθανεν,
3353 3889 3414 3941 ού
3446 3891 3514 3960 γῇ
3543 3888 3799 3960 κρύπτει,

2223 3980 2478 4051 καθάπερ
2506 3980 2534 4033 6
2577 3980 2739 4050 νόμος
2776 3979 2986 4033 κελεύει
3010 4019 3024 4044 ,
3058 3980 3196 4035 ἀλλά
3228 3981 3446 4053 σπυρίδι
3488 3982 3744 4043 καταθεὶς
3771 3981 3801 4032 6

2222 4072 2425 4143 πατὴρ,
2469 4074 2582 4135 τοῖς
2616 4072 2835 4141 φύλλοις
2862 4072 3266 4142 συγκαλύπτει,
3296 4076 3391 4130 καὶ
3423 4073 3517 4130 ἐπὶ
3541 4075 3631 4128 τὸν
3651 4067 3800 4145 ὦμον

2222 4165 2529 4236 ἀράμενος,
2563 4165 2714 4237 παρά
2749 4164 2841 4221 τὸν
2872 4166 3187 4239 πρεσϐύτην
3225 4167 3555 4239 εἰσέρχεταιο
3598 4168 3693 4221 καὶ
3737 4166 3799 4220 τὸ

2229 4366 2394 4424 ιίαηεε
2434 4378 2752 4440 sanctorum
2789 4367 3069 4440 historian
3118 4366 3231 4425 Nec
3274 4370 3795 4440 ascripseristcum

2228 4440 2485 4493 omnibus
2549 4441 2657 4493 sint
2704 4438 3053 4520 ,debeautque
3121 4454 3242 4522 esse
3299 4438 3548 4522 cognitas:
3618 4439 3794 4522 Unam

545 4520 599 4571 in
648 4506 727 4569 me
768 4506 1054 4574 vibranti-is,
1090 4527 1151 4563 ne
1201 4509 1325 4580 quid
1369 4508 1494 4582 mali
1546 4509 1642 4561 tibi
1681 4506 1969 4582 conficias;
1994 4523 2118 4582 pec-1
2152 4519 2197 4577 ι)
2226 4522 2348 4582 non
2380 4524 2634 4582 ρυεευηιΔ
2658 4509 2907 4582 transire,
2959 4506 3118 4582 quam
3174 4506 3440 4582 Georgius
3484 4511 3796 4567 Elmacinus

545 4599 696 4641 calor
726 4585 824 4655 fui,
849 4600 947 4636 non
980 4598 1105 4655 nego
1147 4596 1165 4634 :
1198 4576 1731 4655 eit'terutit',__qttaitdo
1753 4577 2013 4655 _Cl_t_r_istus
2048 4576 2118 4631 ad
2154 4576 2159 4577 ⁷
2225 4576 2389 4655 ponit
2412 4649 2424 4655 _
2448 4580 2502 4633 in
2529 4648 2539 4655 .
2562 4578 2803 4633 Historia
2849 4576 3204 4655 Sardeen‘ica,
3262 4576 3346 4648 pf
3376 4581 3515 4655 [7],
3565 4598 3796 4655 qua:un

545 4648 743 4727 inferos
779 4648 1065 4727 descendit,
1103 4661 1225 4704 ante
1249 4648 1425 4704 ontnes
1451 4648 1583 4703 alios
1618 4664 1709 4719 ego
1748 4648 1802 4701 in
1824 4648 1973 4701 illum
2004 4663 2121 4702 cre-

542 4724 691 4791 didi;
722 4736 827 4781 etc.
862 4724 957 4779 ΒΑ.

612 4786 725 4869 (29)
780 4794 1101 4869 Addendum
1154 4786 1837 4869 fragittentis_Zoroastris,
1872 4796 1927 4843 et
1954 4788 2023 4843 de
2052 4801 2122 4843 eo

541 4859 825 4923 doctorum
854 4864 1184 4933 scriptorum
1216 4859 1429 4933 elogiis.
1460 4859 1559 4913 ΒΑ.

616 4934 734 5008 (50),
764 4936 841 4990 Ex
869 4927 982 5008 CG;
1010 4932 1082 5008 PL
1123 4927 1471 5008 inserendum
1516 4929 1794 5008 πάνταχοῦ
1844 4927 2119 5008 προλέγει.

543 4999 833 5061 Oraculum
861 5005 1010 5074 ponit
1046 5004 1360 5074 Eumbius,
1388 5002 1535 5074 Dent.
1566 4999 1785 5074 Epang,
1814 4999 1971 5074 util).
2009 5000 2077 5074 (f7
2103 5013 2119 5054 :

542 5075 746 5151 Μοῦνοι
794 5069 1048 5151 Χαλδαῖοι
1102 5074 1310 5151 σοφίην.
1349 5072 1513 5151 λάχον
1557 5069 1640 5151 ἡδί
1849 5069 2119 5151 ’ξϐραξομ

543 5146 933 5220 ᾼύτογένεθλον
975 5138 1191 5220 ἄνακτα
1215 5138 1589 5220 σεϐαςόμενοι
1612 5138 1963 5220 θεδνάγνῶςί
1993 5138 2124 5220 Ῡίᾀᾳ

541 5208 926 5272 (ἱιοιίΑιιιιοΙ.
971 5217 1037 5271 ad
1069 5217 1105 5270 l.
1137 5231 1210 5280 tv,
1244 5231 1296 5283 ι).
1330 5208 1429 5275 88,
1452 5209 1529 5283 De
1554 5212 1700 5262 verit.
1724 5213 1869 5279 relig.
1900 5208 2119 5283 Christ.)

542 5288 907 5358 Sequentibus
955 5278 1316 5342 auacltoret'as
1342 5279 1624 5353 populares
1644 5278 1988 5335 commendat
2019 5280 2120 5350 Sy-

540 5375 636 5414 rus
661 5358 945 5414 Axitheus.
974 5359 1069 5412 BA.

613 5428 724 5498 (51)
754 5429 862 5485 CC.
887 5428 951 5492 P,
995 5445 1052 5498 π.
1080 5442 1133 5479 τ.
1166 5424 1359 5498 Σύροις
1389 5423 1518 5498 είσ“ι,
1551 5422 1644 5476 καὶ
1679 5420 1862 5477 ἄλλοθι
1899 5420 2020 5476 ἄνθ.

613 5429 696 5498 (51
754 5429 862 5485 CC.
887 5428 951 5492 P,
995 5445 1052 5483 π.
1080 5442 1133 5479 τ.
1166 5428 1359 5494 Σύροις
1389 5428 1518 5486 εἰσὶ,
1551 5428 1641 5476 καὶ

613 5428 857 5572 issi-ce,
893 5498 953 5572 ιζ.
990 5497 1091 5572 κάν
1115 5496 1229 5572 τοῖς
1254 5494 1444 5558 ὕπνοις
1474 5494 1641 5547 ἀναπ.

637 5566 728 5640 55)
758 5569 863 5640 ορ.
902 5569 961 5640 Β.
998 5566 1343 5640 ἀφικόμενοι.

750 5639 873 5694 .CC.
906 5637 971 5707 Ρ.
998 5633 1251 5691 πάλαιτὸ
1280 5633 1488 5707 θαῦμα.

637 5712 728 5765 55)
765 5708 870 5765 CC.
900 5706 962 5762 P.
984 5707 1356 5761 διακόπτεται.

639 5713 706 5765 55
765 5713 870 5765 CC.
901 5713 962 5762 Ρ.
984 5713 1356 5761 διακόπτεται.

639 5713 731 5853 56)
779 5777 991 5835 lntlnita
1044 5777 1171 5834 talia
1232 5777 1478 5850 exempla
1541 5777 1883 5850 suppediant
1933 5775 2119 5831 Chris-

2225 4648 2641 4720 contigitrcirca
2699 4664 2904 4720 annum
2963 4649 3337 4706 Christianum
3390 4651 3494 4706 854
3546 4648 3795 4706 ι’Μαὶτο

2224 4716 2644 4781 ραιτὶᾱτσΙιαιιιηι
2692 4716 3065 4773 Jacobitarum
3123 4720 3461 4776 Alexandria:
3512 4724 3791 4785 obtinente,

2223 4799 2334 4842 erat
2363 4790 2638 4859 prtefectus
2665 4788 2880 4859 quidam
2909 4792 3117 4845 nomine
3159 4789 3379 4846 Μοίρι-α
3422 4808 3450 4846 e
3495 4792 3751 4846 Nabrubo
3775 4834 3792 4859 ,

2222 4860 2312 4929 qui
2338 4858 2699 4933 patriareltam
2725 4862 3041 4933 rogavit,_ut
3072 4862 3125 4914 in
3158 4865 3369 4914 domum
3393 4861 3505 4932 ejus
3530 4858 3793 4933 ingressus

2222 4928 2413 5002 panem
2448 4928 2561 5002 ejus
2604 4929 2911 5002 comedent.
2949 4929 3079 4983 Erat
3109 4943 3280 4985 autem
3311 4928 3430 5002 jani
3444 4928 3793 5002 tunt'nactus

2222 5000 2413 5067 lilium.
2448 4999 2514 5054 Et
2560 5000 2866 5070 patriarcha
2903 5017 3102 5055 morem
3123 5003 3170 5055 ei
3209 4999 3385 5068 gessit.
3438 5000 3562 5059 Post
3596 5019 3792 5070 paucos

2224 5079 2401 5123 autent
2430 5070 2542 5123 dies
2576 5069 2711 5145 obiit
2746 5070 2895 5145 [ilius
2916 5070 3149 5145 pra'fecti
3191 5070 3447 5145 Musam,
3472 5069 3792 5145 qui,ferens

2223 5155 2338 5212 eum
2367 5155 2523 5208 super
2547 5140 2789 5212 manibus
2818 5143 2946 5203 suis,
2989 5143 3168 5195 attulit
3209 5158 3328 5195 eum
3381 5144 3450 5197 ad
3475 5140 3672 5212 patrem
3699 5161 3795 5211 pa-

2222 5210 2527 5265 triarcliam.
2555 5212 2723 5279 Atque
2754 5211 2838 5263 hic
2866 5228 2983 5266 eunt
3025 5212 3220 5281 accepit
3259 5223 3305 5281 et
3328 5212 3383 5266 in
3425 5210 3598 5268 sinum
3638 5210 3794 5267 suum

2222 5281 2708 5353 posuit,goravitque
2737 5297 2892 5353 super
2918 5298 2976 5335 eo
2994 5291 3039 5335 et
3066 5280 3226 5351 ﬂeuit.
3260 5280 3490 5353 Cumque
3518 5284 3786 5339 revixisset

2221 5367 2369 5423 puer,
2392 5351 2534 5404 dedit
2554 5365 2673 5423 eum
2696 5352 2834 5423 patri
2861 5367 2978 5416 suo,
3005 5355 3183 5405 dicens
3201 5367 3221 5407 :
3251 5351 3436 5423 Accipe
3451 5355 3621 5422 ﬁlium
3645 5365 3793 5407 tuum

2216 5421 2339 5492 jam
2366 5422 2553 5492 vivum.
2592 5418 2925 5492 (’rociditque
2974 5424 3026 5475 in
3077 5429 3271 5475 terram
3299 5418 3694 5492 me'tu'magno,
3744 5434 3793 5492 et

2223 5485 2429 5562 tertiam
2471 5489 2786 5562 facultatum
2834 5485 3049 5544 suarum
3101 5501 3297 5559 partem
3333 5485 3647 5562 pauperibus
3681 5485 3795 5546 dis-'-

2222 5561 2425 5624 tribuit,
2464 5560 3159 5631 misitqueHierosolymam,
3186 5570 3232 5614 et
3274 5560 3535 5618 exstruxit
3568 5564 3641 5617 ibi
3670 5575 3796 5616 tem-

2219 5631 2361 5702 plum
2386 5629 2997 5702 rdisjinatunt/Egyptits
3022 5631 3148 5702 illuc
3176 5646 3228 5683 se
3252 5632 3661 5702 conferentibus.
3692 5631 3791 5689 Bs.

2291 5699 2403 5778 (_37)
2708 5698 2861 5778 θαμᾶ
2896 5720 2957 5757 π.
3001 5700 3090 5754 τὸν
3121 5698 3434 5775 πρεσϐύτην
3475 5706 3562 5774 ἐφ.
3603 5721 3693 5778 χρ.
3738 5719 3794 5760 τι

2222 5771 2353 5840 μαθ.
2382 5769 2475 5826 κα)⁵
2504 5773 2675 5825 ποιεῖν
2704 5769 2849 5843 βούλ.
