4144 6602
340 409 445 477 ΕΥΠ

1655 393 2287 454 THEOPHRASTUS.

3390 391 3677 471 .998,

342 515 564 589 φορτίον
597 510 959 583 ἀποθέμενος,
997 509 1092 563 καὶ
1121 501 1232 560 οἷον
1264 503 1443 557 εἰώθει
1469 501 1805 574 προσειπὼν,
1837 503 1933 555 καὶ

2046 503 2217 558 facere
2245 512 2300 558 et
2327 501 2537 558 discere
2563 521 2578 570 ;
2610 502 2846 573 illucque
2873 518 3095 561 suarum
3129 521 3346 578 quoque
3392 508 3609 580 frugum

343 607 620 680 πεπηγόσι
664 608 778 669 τοῖς
827 603 1129 673 ὀφθαλμοῖς
1172 599 1480 670 καθήμενος
1523 595 1696 666 μικρὰ
1736 593 1929 660 είπὼν,

343 703 438 757 καὶ
477 698 738 762 ἀκούσας,
774 695 932 759 αὖθις
965 692 1210 764 ἀπῆλθε,
1243 690 1305 743 τὸ
1342 688 1558 744 παιδίον
1583 687 1660 751 ὼς
1688 681 1803 758 εἶχε
1833 704 1934 741 κα-

342 789 609 856 ταλιπὼν,
635 789 710 853 ὡς
729 790 836 841 τῶν
861 786 1104 857 βοτρύων
1121 783 1220 848 τὰς
1244 782 1522 854 ἀπαρχάς.
1559 780 1619 834 Ὀ
1639 779 1790 850 ἣλιος
1819 778 1931 850 (58)

344 887 459 950 ἔδυ,
501 885 593 938 καὶ
627 883 654 935 6
687 879 1005 953 πρεσϐύτης
1047 873 1521 948 προσευξάμενος,
1572 872 1778 944 ἤμελλε
1824 868 1935 924 τῶν

348 977 576 1048 καρπῶν
605 973 873 1029 ἅπτεσθαι
896 988 911 1003 ο
943 971 1040 1026 καὶ
1068 968 1140 1022 τὰ
1183 968 1357 1039 φύλλα
1388 965 1715 1035 μετακινῶν,
1747 963 1807 1016 οὑ
1844 962 1936 1034 βό-

345 1089 478 1142 τρυς
507 1069 644 1123 ἀλλά
675 1067 869 1141 νεκρὸν
903 1065 1148 1136 εὑρίσκει
1182 1062 1275 1116 τὸν
1305 1061 1490 1116 παῖδα.
1537 1059 1880 1130 Ἐθαὺμασεν
1906 1058 1936 1110 6

346 1165 524 1234 γέρων
549 1162 735 1231 ἡλίκον
760 1162 789 1213 6
806 1156 996 1229 Πατὴρ
1024 1155 1358 1227 ἧλπισε.Καὶ
1383 1153 1519 1225 πρὸς
1541 1153 1601 1205 τὸ
1617 1152 1772 1204 Θεῖον
1801 1166 1935 1222 μετ-

347 1254 583 1324 εωρίσας
656 1253 748 1304 τὸν
794 1249 920 1303 νοῦν
969 1249 1063 1302 ἐπὶ
1123 1247 1200 1301 ·ὸν
1262 1246 1426 1301 παῖδα
1474 1241 1824 1309 καταπεσὼν,
1872 1242 1934 1295 οὑ

347 1347 614 1417 πρότερον
647 1343 777 1415 έστη
813 1344 862 1396 εἰ
897 1340 1063 1414 μὴτὸ
1106 1340 1396 1410 παιδάριον
1436 1338 1659 1409 ἀνέστη’
1694 1337 1836 1390 οὑτω
1871 1335 1935 1405 δὴ

346 1439 440 1490 τὸν
494 1437 592 1508 μὲν
634 1435 960 1489 ἀποστέλλει
1010 1433 1162 1505 παρά
1211 1432 1301 1485 τὸν
1347 1429 1617 1500 φύσαντα.
1662 1429 1834 1491 Αὑτδς
1880 1427 1937 1480 δὲ

347 1531 529 1600 φυγᾲς
563 1529 991 1592 ἀπαλλάττεται,
1018 1527 1093 1590 ὡς
1124 1526 1191 1580 ἃν
1228 1525 1304 1596 μὴ
1335 1522 1602 1593 ἐνοχλοῖεν
1631 1519 1937 1591 θαυμάζον-

347 1641 440 1688 τες
468 1622 768 1694 ἄνθρωποι.
801 1620 975 1674 Τοῦτο
1003 1617 1115 1690 (59)
1143 1619 1204 1671 τὸ
1232 1617 1391 1688 ἔργον
1419 1613 1635 1685 συνᾴδει
1663 1611 1741 1682 τῷ
1770 1612 1933 1682 λόγῳ.

348 1717 461 1770 Καὶ
498 1716 598 1768 οὑκ
641 1715 709 1768 ἂν
755 1713 1010 1767 τοσοῦτον
1059 1711 1266 1772 ἐκεῖνος
1311 1707 1642 1779 εἰργάσατο,
1687 1705 1736 1757 εἰ
1780 1703 1936 1768 δόξαν

347 1807 520 1878 ψευδῆ
549 1806 906 1877 παρεδέξατο.
956 1803 1119 1856 Ἀλλά
1152 1801 1302 1873 παρὰ
1334 1798 1471 1854 Θεοῦ
1501 1798 1594 1852 τὸν
1634 1797 1791 1866 λόγον
1829 1813 1934 1868 μα-

349 1897 480 1963 θὼν,
522 1900 603 1962 είς
633 1897 793 1970 ἔργον
845 1895 986 1968 μετά
1035 1894 1131 1948 τοῦ
1165 1891 1302 1947 Θεοῦ
1333 1892 1598 1964 προφέρει
1639 1890 1730 1945 τὸν
1756 1889 1934 1958 λόγον.

349 1991 546 2044 Τουτο).
572 1989 684 2060 (40)
718 1989 776 2042 δὲ
810 1987 1067 2060 μέγιστον
1097 1981 1233 2049 εῐδος
1262 1984 1520 2054 ἐλέγχου,
1555 1983 1730 2036 ποιεῖν
1760 1981 1936 2034 ἐκεῖνο

348 2082 487 2152 ὅπερ
521 2082 759 2151 ὑπισχνῇ
790 2077 1017 2132 δυνατὸν
1049 2072 1189 2130 εἶναι
1219 2072 1498 2144 γενέσθαι.

2037 595 2331 663 primitias,
2383 602 2638 664 tanquam
2682 595 2749 649 ad
2789 594 2974 650 fanum
3012 597 3286 667 quoddam
3321 599 3611 656 afferebat.

2034 686 2248 740 Accidit
2279 686 2419 740 haud
2455 687 2530 740 ita
2573 685 2743 742 multo
2774 695 2920 756 post,
2951 697 3010 742 ttt
3052 703 3184 757 puer
3216 691 3368 760 gravi
3423 693 3616 748 morbo

2036 786 2343 847 correptus,
2377 777 2546 832 vitam
2599 791 2722 830 cum
2785 787 2967 834 morte
3026 791 3410 838 commutaret.
3476 783 3612 839 Eum

2033 869 2146 939 jam
2193 868 2507 924 defunctum
2549 878 2724 940 pater,
2770 884 2878 925 non
2920 870 2996 925 uti
3036 869 3119 927 lex
3165 875 3476 942 mandabat,
3524 893 3615 932 sc-

2037 960 2227 1032 pulcro
2264 959 2475 1026 condit,
2521 961 2618 1016 sed
2662 970 2862 1032 sportae
2912 962 3250 1033 impositum,
3285 966 3429 1022 foliis
3457 969 3614 1023 obte-

2037 1061 2208 1117 ctum,
2237 1062 2400 1122 atque
2430 1053 2483 1108 in
2515 1053 2776 1110 humeros
2822 1053 3118 1121 sublatum,
3163 1064 3386 1127 portans
3423 1059 3492 1113 ad
3525 1075 3614 1115 se-

2038 1157 2163 1199 nem
2193 1144 2366 1214 ipsum
2404 1143 2574 1198 intrat
2602 1161 2618 1199 :
2649 1145 2906 1214 deinceps
2929 1155 3110 1201 autem
3144 1148 3394 1218 deposito
3425 1164 3613 1216 onere,

2036 1250 2244 1301 senem,
2279 1236 2355 1290 uti
2387 1244 2772 1299 consueverat,
2824 1235 3068 1292 affatus:
3122 1253 3246 1293 eum
3299 1240 3351 1294 ei
3394 1241 3617 1296 intentis

2039 1326 2095 1382 itt
2131 1326 2310 1397 ipsum
2345 1327 2522 1382 oculis
2549 1329 2865 1396 assedisset,
2905 1344 3183 1401 paucaque
3216 1339 3269 1386 et
3298 1333 3525 1387 dixisset
3561 1344 3617 1389 et

2039 1420 2315 1486 audisset;
2341 1434 2534 1489 puero,
2565 1430 2624 1476 ut
2671 1421 2926 1487 habebat,
2962 1437 3062 1477 ceu
3097 1438 3325 1479 uvarum
3358 1427 3616 1495 primitiis

2040 1509 2151 1566 illic
2185 1511 2400 1576 relicto,
2441 1511 2717 1567 discessit.
2753 1511 2826 1566 At
2876 1495 2968 1568 ubi
3013 1513 3095 1568 sol
3137 1513 3250 1582 jam
3298 1516 3614 1583 occidisset,

2040 1604 2183 1660 facta
2215 1606 2376 1662 solita
2419 1608 2736 1676 precatione
2775 1622 2966 1676 senex,
3021 1607 3232 1665 fructus
3281 1611 3403 1666 illos
3448 1622 3620 1666 attra-

2040 1709 2254 1763 cturus,
2305 1699 2450 1754 foliis
2495 1701 2740 1765 remotis,
2779 1716 2886 1756 non
2917 1716 3050 1758 uvas
3095 1703 3191 1757 sed
3228 1710 3504 1758 mortuum
3537 1705 3622 1758 in.

2040 1791 2226 1856 venit,
2261 1807 2324 1846 ac
2358 1801 2615 1860 quantam
2643 1803 2797 1861 pater
2837 1807 2990 1862 spem
3019 1793 3293 1864 fidemque
3321 1795 3619 1858 habuisset,

2043 1890 2130 1939 est
2167 1884 2491 1938 admiratus.
2527 1883 2667 1950 Ergo
2695 1900 2818 1939 eum
2859 1886 3044 1941 animo
3088 1885 3142 1942 in
3193 1887 3359 1942 Deum
3410 1887 3622 1943 intento

2044 1990 2209 2044 super
2258 1989 2486 2044 puerum
2547 1975 2907 2042 incubuisset,
2972 1977 3125 2046 prius
3199 1992 3305 2033 non
3357 1977 3620 2044 surrexit,

2043 2081 2204 2135 quam
2240 2081 2467 2136 puerum
2501 2068 2908 2123 resuscitasset.
2947 2069 3126 2138 Atque
3167 2069 3248 2126 sic
3278 2085 3404 2126 eum
3441 2071 3619 2126 susci-

353 2190 524 2236 tatum
557 2180 624 2232 ad
671 2185 883 2248 patrem
916 2173 1063 2229 misit
1093 2190 1107 2227 :
1143 2173 1258 2242 ipse
1291 2185 1418 2226 vero
1444 2169 1499 2223 in
1536 2166 1791 2224 exsilium
1820 2164 1938 2228 ivit,
1972 2177 2040 2219 ne
2079 2163 2442 2218 admiratione
2491 2163 2606 2232 ejus
2641 2165 2892 2222 homines
2960 2168 3153 2237 perciti
3190 2166 3354 2225 nimis
3404 2169 3623 2226 molesti

350 2277 609 2345 deinceps
663 2281 870 2330 essent.
938 2268 1117 2340 Atque
1168 2269 1272 2324 hoc
1305 2281 1444 2337 opus
1469 2279 1592 2321 cum
1626 2277 1881 2320 sermone
1904 2260 2187 2326 convenit,
2223 2274 2344 2314 cum
2377 2258 2431 2313 id
2486 2259 2575 2316 ille
2625 2274 2733 2315 non
2780 2261 3054 2332 potuisset
3100 2277 3342 2334 unquam
3386 2265 3623 2332 efﬁcere,

355 2371 404 2425 si
474 2370 667 2425 falsam
735 2367 919 2423 animo
990 2364 1306 2436 opinionem
1365 2360 1623 2432 cepisset.
1667 2359 1774 2416 Sed
1833 2369 1893 2415 ut
1926 2358 2151 2414 verbum
2183 2355 2488 2413 bocaDeo
2532 2358 2764 2428 accepit,
2829 2357 3057 2415 verbum
3133 2360 3188 2416 in
3228 2375 3367 2431 opus
3426 2363 3629 2418 auxilio

357 2463 447 2520 Dei
499 2464 769 2536 producit.
844 2462 940 2520 Est
1000 2470 1182 2516 autem
1239 2457 1445 2530 Optima
1532 2455 1842 2527 argumenti
1902 2456 2076 2512 forma
2133 2469 2194 2512 re
2251 2467 2383 2510 vera
2431 2463 2715 2524 praestare,
2772 2457 2922 2528 quod
2967 2455 3126 2513 facile
3196 2460 3445 2530 praestitu
3508 2459 3628 2531 pol-

354 2558 622 2705 Ιωέῗδί».
662 2643 975 2720 Παράδοξον
1013 2643 1138 2715 μὲν,
1184 2641 1378 2716 ἀληθεῖ
1415 2641 1474 2696 δὲ
1520 2639 1687 2712 Θεατῇ
1736 2639 1934 2712 ῥᾳδίως

357 2746 609 2812 ἀπιστεῖν
634 2743 696 2797 οὑ
728 2740 910 2812 θέμις.

427 2923 606 2978 ΑΞΙΘ.
670 2921 820 2992 Ἒχω
875 2919 930 2974 δέ
978 2936 1062 2972 σοι
1104 2916 1198 2972 καὶ
1243 2915 1433 2988 ἕτερόν
1474 2932 1528 2969 τι
1576 2913 1777 2984 λέγειν,
1827 2910 1943 2966 ἀλλ’

357 3019 546 3084 ἄκουε,
570 3019 709 3086 ὅπερ
737 3012 849 3083 ἐγὼ
877 3012 1165 3084 τεθέαμαι.
1207 3009 1425 3079 ’Δνδρὸς
1454 3005 1661 3077 ἀγαθοῦ
1697 3005 1946 3077 μαθητὴς

2117 2643 2418 2704 THEOPlI.
2462 2647 2802 2718 ln0pinatum
2826 2651 2883 2700 et
2915 2659 3102 2700 rarum
3132 2644 3238 2700 hoc
3265 2653 3350 2700 est
3381 2644 3627 2715 quidem,

2047 2736 2142 2792 sed
2169 2739 2217 2794 ei
2251 2741 2341 2810 qui
2390 2740 2596 2796 factum
2639 2739 2857 2806 viderit,
2900 2738 3064 2795 fidem
3112 2752 3224 2794 non
3258 2738 3480 2804 habere,
3515 2753 3617 2793 nec

2051 2829 2217 2885 facile
2250 2847 2350 2887 nec
2383 2831 2465 2887 fas
2498 2842 2602 2887 est.

2124 2923 2367 2980 AXl'l'll.
2413 2925 2510 2980 Est
2559 2924 2726 2979 etiam
2768 2921 2917 2978 aliud
2972 2922 3118 2991 quod
3147 2921 3244 2976 tibi
3291 2932 3631 2976 commemo-

2052 3031 2167 3072 rem
2199 3035 2214 3073 :
2249 3018 2414 3088 idque
2446 3017 2622 3086 ipsum
2654 3015 2914 3086 quoniam
2959 3014 3042 3069 his
3071 3013 3246 3069 oculis
3278 3013 3409 3080 vidi,
3445 3023 3503 3067 ut
3532 3027 3633 3066 au-

358 3114 420 3165 οὑ
450 3109 650 3180 φαῦλος
676 3106 943 3179 ὑπῆρχεν,
975 3105 1111 3160 ἀλλά
1136 3103 1198 3157 τὸ
1221 3102 1324 3174 τῆς
1349 3100 1529 3172 ψυχῆς
1556 3098 1753 3162 κάλλος
1783 3097 1944 3169 έχων,

2051 3110 2168 3165 dias
2210 3125 2470 3180 perquam
2516 3109 2700 3164 velim.
2743 3102 2870 3162 Fuit
2914 3106 3040 3161 boni
3090 3106 3371 3176 cujusdam
3405 3109 3508 3164 viri
3551 3109 3630 3164 di-

360 3203 469 3257 τῶν
520 3197 818 3270 ὀφθαλμῶν
865 3195 1130 3268 ἐστέρητο
1190 3195 1325 3266 (41)⁶
1372 3193 1559 3264 ἐπειδὴ
1605 3191 1662 3245 δὲ
1691 3191 1783 3244 τὸν
1831 3191 1946 3261 βίον

366 3292 753 3366 μεταλλάττειν
801 3287 1028 3361 ἔμελλεν
1054 3286 1166 3358 (ιε)
1201 3288 1229 3340 6
1267 3284 1622 3349 διδάσκαλος,
1659 3281 1947 3354 παρεστὼς

360 3389 390 3440 6
422 3385 653 3456 τυφλὸς,
688 3385 858 3438 ἐδεῖτο
898 3381 1116 3453 βοηθεῖν
1162 3377 1312 3450 αὐτῷ
1339 3379 1367 3432 ὃ
1388 3396 1443 3431 τι
1476 3377 1609 3449 έχοι.
1651 3377 1708 3430 '0
1735 3375 1792 3430 δὲ
1818 3374 1946 3447 ἔφη’

363 3481 427 3534 El
454 3479 660 3550 ἀληθὴς
685 3477 809 3549 ἐμοὶ
835 3476 960 3541 δόξα
986 3473 1099 3547 (45)
1121 3515 1137 3539 ,
1169 3472 1281 3527 εῐθε
1307 3471 1545 3542 εὑμενὴς
1579 3468 1713 3542 (44),
1747 3467 1949 3540 ἐϐδόμῃ

363 3572 549 3642 ἡμέρα
573 3570 670 3641 τῆς
690 3568 887 3639 ἀχλύος
911 3566 1279 3638 διαλυθείσης,
1303 3563 1516 3619 τουτονὶ
1542 3563 1838 3634 θεωρήσεις
1857 3560 1950 3614 τὸν

363 3664 540 3732 ἥλιον.
568 3661 834 3716 Τοσοῦτον
867 3660 1038 3713 εἰπὼν
1072 3661 1100 3713 6
1129 3658 1305 3729 γέρων
1347 3655 1684 3709 ἀπέπνευσε.
1716 3653 1825 3706 Καὶ
1850 3653 1950 3705 οὑκ

367 3757 546 3828 ἀπέϐη
575 3755 752 3819 ἄλλως
785 3754 932 3826 αὑτῷ
958 3769 972 3784 ·
1003 3752 1120 3808 ἀλλ’
1155 3753 1362 3824 ἡμέραι
1393 3750 1506 3820 (45)
1535 3749 1695 3802 ἐπτά’
1719 3748 1748 3800 6
1777 3747 1834 3802 δέ
1858 3763 1951 3799 τυ-

369 3848 498 3918 φλὸς
522 3849 731 3910 ἐκεῖνος
755 3846 891 3910 τέως
917 3843 1433 3918 χειραγωγούμενος
1452 3881 1467 3907 ,
1501 3841 1764 3912 ἐξαίφνης
1789 3837 1948 3893 ἐθαύι

372 3957 512 4012 μασε
557 3940 650 3994 τοῦ
681 3938 830 4011 ἡλίου
863 3937 963 4010 τὴν
998 3939 1212 3992 ἁκτίνα’
1257 3936 1353 3990 καὶ
1399 3935 1466 3989 ἂν
1513 3933 1696 3989 λαϐὼν
1727 3931 1841 4004 (46)
1881 3929 1953 3984 τὰ

368 4033 555 4100 λόγια,
600 4033 695 4085 καὶ
721 4031 991 4099 ἀναγνοὺς
1035 4029 1272 4100 δημοσίᾳ⁴
1321 4026 1645 4099 κατεπλήγη
1696 4025 1810 4096 (47)
1860 4023 1952 4076 τὸν

371 4123 592 4194 θεατὴν,
622 4126 716 4177 καὶ
744 4124 921 4176 πείθει
945 4122 1246 4192 φιλόνεικον
1273 4120 1574 4192 ἀκροατὴν,
1606 4121 1699 4173 καὶ
1721 4119 1797 4182 ὼς
1825 4117 1956 4173 ἀθά-

369 4235 528 4281 νατος
561 4220 592 4288 ἡ
625 4216 773 4288 ψυχὴ
797 4257 814 4283 ,
852 4217 948 4270 καὶ
971 4218 1050 4270 ὅτι
1086 4216 1222 4287 μετά
1251 4214 1422 4285 καλῆς
1451 4214 1661 4286 τροφῆς
1703 4213 1794 4266 καὶ
1828 4229 1954 4264 παι-

369 4311 516 4369 δείας
546 4310 893 4373 ἀπελθοῦσα.
942 4310 1003 4363 τὸ
1034 4308 1299 4380 τεθνηκὸς
1350 4306 1446 4361 τοῦ
1519 4305 1772 4377 σώματος
1802 4303 1952 4359 διαν-

382 4403 617 4476 ίστησιν.

443 4684 635 4738 ΘΕΟΦ.
677 4683 964 4753 Εὐδαίμων
1003 4678 1088 4750 εί,
1121 4681 1215 4736 καί
1266 4699 1350 4737 σοι
1375 4682 1489 4755 (48)
1524 4681 1618 4737 τοῦ
1671 4680 1829 4750 λόγου
1860 4682 1957 4736 καὶ

375 4775 472 4846 τῆς
512 4774 638 4839 θέας
669 4775 992 4846 συνήδομαι.

455 5019 568 5092 (58)
603 5020 678 5092 Ex
709 5019 820 5077 CC.
861 5018 1206 5092 inserendum
1238 5019 1315 5085 ὡς
1341 5010 1455 5073 οὑν.

455 5089 566 5160 (59)
596 5090 701 5146 CC.
743 5092 804 5149 P.
836 5089 980 5144 οὕτω
1005 5091 1065 5144 τὸ
1097 5089 1279 5161 ἔργον.

456 5161 570 5232 (40)
603 5161 708 5216 CC.
740 5161 802 5217 P.
845 5161 993 5215 τουτὶ
1022 5161 1103 5218 δέ.

461 5227 572 5304 (ei)
605 5232 881 5304 Summam
910 5232 1153 5304 corporis
1188 5229 1583 5304 deformitatem
1604 5227 1856 5304 collocat
1902 5228 1954 5283 itt

383 5299 663 5358 oculorum
695 5299 1022 5372 privatione.
1062 5302 1225 5356 Multa
1257 5306 1362 5357 huc
1397 5301 1679 5372 facientia”
1708 5299 1835 5372 alibi
1870 5316 1959 5372 ito-

385 5375 636 5429 tavimus.
678 5369 783 5442 l'psi
817 5374 975 5427 morti
1007 5375 1306 5442 caecitatem
1336 5381 1618 5441 comparat
1652 5369 1954 5439 Sophocles

382 5443 590 5514 (Εάίρο
624 5441 894 5514 Colonaio,
933 5443 1022 5497 ubi
1058 5444 1131 5514 ait
1155 5441 1431 5514 (Edipus,
1464 5443 1950 5514 egltiiilalelttéilzilil

382 5508 679 5589 deploi‘ans
696 5512 860 5589 [ΗΟ]
884 5531 897 5568 :
925 5513 1235 5589 Οἰκτείρατξ
1263 5508 1454 5589 ἀνδρδς
1480 5510 1705 5589 Οξδίπου
1730 5508 1956 5589 τρδξᾶθ-

381 5581 496 5640 λιον
531 5581 783 5640 Εῐδωλῗοψ
810 5581 871 5637 ῶὺ
892 5585 1000 5654 γὰρ
1024 5583 1089 5656 δὴ
1120 5581 1229 5656 τόδ’
1260 5581 1487 5653 ἀρχαῖον
1517 5581 1710 5652 δέμας.
1743 5581 1958 5656 Amisso

385 5656 525 5720 visu,
562 5672 668 5711 non
701 5671 760 5712 se
784 5651 1102 5725 jatn’suum',
1128 5651 1560 5725 ltaberecorpus
1584 5651 1958 5725 ’a‘niutnatnti-

387 5726 646 5780 serrimus
669 5766 684 5787 .
717 5720 812 5781 sed
842 5739 964 5780 esse
1000 5724 1246 5778 umbram
1277 5720 1690 5788 solam—pristini
1726 5736 1783 5774 se
1820 5720 1962 5776 illius

385 5793 599 5866 (Edipi.
633 5796 700 5851 Et
735 5798 817 5852 sic
847 5794 1111 5866 UEdipum
1136 5794 1408 5866 eumdem
1443 5791 1639 5866 ablatis
1673 5806 1792 5866 sese
1827 5806 1960 5845 ocu-

389 5866 454 5922 tis
478 5861 745 5924 occidisse
773 5866 906 5923 dicit
929 5861 1049 5936 ca‘p.
1083 5864 1190 5919 242
1244 5862 1504 5933 Hyginus.
1543 5861 1656 5919 Non
1690 5861 1834 5916 enim
1870 5875 1964 5915 vc.

2047 3201 2290 3271 scipulus
2316 3202 2540 3258 minime
2575 3200 2774 3256 malus.
2807 3199 2859 3255 Is
2885 3199 3063 3259 animi
3096 3209 3380 3254 venustate
3407 3195 3634 3270 praestas

2049 3293 2402 3363 batquidem,
2442 3293 2537 3350 sed
2560 3292 2844 3350 oculorum
2890 3306 3054 3347 sensu
3105 3293 3345 3346 carebat.
3384 3292 3634 3364 lgiturut

2050 3387 2313 3456 magister
2340 3386 2453 3457 jam
2485 3386 2650 3440 vitam
2682 3401 2807 3441 cum
2841 3394 3017 3440 morte
3062 3396 3498 3442 comtnutatut-us
3538 3403 3630 3443 es-

2049 3486 2154 3545 set,
2184 3492 2363 3533 ctecus
2393 3477 2662 3532 assistens
2689 3475 2787 3541 illi,
2826 3475 3078 3545 rogabat,
3125 3476 3203 3529 uti
3249 3477 3350 3530 sibi
3389 3477 3456 3530 ad
3491 3478 3632 3532 reci-

2050 3569 2306 3639 piendum
2338 3569 2513 3623 visum
2539 3583 2697 3639 opem
2726 3567 2915 3623 ferret.
2950 3566 3043 3622 llle
3066 3581 3218 3634 vero,
3239 3567 3283 3622 si
3310 3581 3498 3627 verum
3524 3577 3629 3635 est,

2051 3660 2252 3730 inquit,
2287 3659 2432 3730 quod
2462 3674 2563 3730 ego
2619 3659 2749 3714 mihi
2790 3659 3114 3730 persuadeo,
3147 3660 3334 3730 sicque
3363 3659 3502 3715 Deus
3530 3660 3637 3716 erit

2051 3752 2325 3824 propitius
2361 3770 2374 3808 :
2407 3753 2638 3823 septimo
2685 3752 2888 3808 abhinc
2947 3753 3056 3820 die,
3100 3752 3276 3807 soluta
3318 3753 3419 3808 hac
3451 3751 3637 3824 caligi-

2053 3861 2141 3911 ne,
2177 3855 2330 3901 certe
2393 3845 2566 3901 solem
2623 3844 2854 3901 videbis.
2908 3844 3143 3901 Tantum
3194 3844 3390 3900 eﬂ‘atus
3441 3861 3630 3909 senex,

2053 3935 2290 3990 animam
2322 3935 2614 3992 exhalavit.
2645 3934 2758 3993 Nec
2786 3951 2945 3993 secus
2969 3951 3056 3993 res
3079 3936 3281 4001 evenit,
3304 3951 3466 4006 quam
3491 3937 3634 4005 quod

2054 4028 2144 4084 die
2172 4028 2401 4098 septima
2432 4041 2609 4084 caecus
2641 4027 2730 4083 ille
2765 4029 2856 4099 qui
2883 4028 3148 4085 hactenus
3178 4043 3340 4082 manu
3373 4029 3638 4082 ductaba-

2057 4129 2166 4188 tur,
2204 4130 2428 4190 repente
2468 4121 2600 4176 solis
2621 4121 2845 4189 .radios,
2887 4121 3035 4176 dictu
3072 4122 3290 4186 mirum,
3317 4121 3547 4191 aSpexit,
3583 4131 3638 4175 et

2055 4215 2254 4270 librum
2286 4222 2560 4284 sumptum
2594 4214 2810 4284 publice
2848 4215 2979 4285 legit
3009 4233 3022 4269 :
3057 4229 3230 4284 eoque
3273 4214 3327 4269 in
3358 4223 3638 4285 stuporem

2054 4309 2295 4362 omnium
2328 4309 2542 4364 animos
2572 4309 2880 4375 convertit;
2910 4317 2964 4363 et
2994 4307 3224 4363 auditori
3273 4308 3637 4374 contentioso,

2057 4401 2200 4470 quod
2235 4399 2414 4454 anima
2457 4400 2528 4454 sit
2566 4401 2914 4465 immortalis,
2951 4402 3202 4470 quodque
3237 4400 3375 4455 bene
3405 4400 3494 4455 hic
3542 4415 3642 4454 nu-

1992 4466 2033 4521 D
2065 4466 2190 4546 trita
2220 4500 2382 4562 atque
2410 4493 2657 4559 educata,
2690 4508 2754 4548 ac
2784 4466 3041 4563 deinceps
3067 4466 3193 4547 hinc
3222 4493 3490 4563 digressa,
3516 4506 3643 4547 cor-

2063 4599 2165 4655 pus
2199 4594 2444 4638 mutuum
2477 4583 2550 4639 sit
2578 4586 2930 4651 suscitatura,
2981 4585 3142 4640 facile
3170 4583 3460 4654 persuasit.

2135 4676 2436 4732 THEOPH.
2472 4677 2733 4748 Equidem
2786 4687 2839 4734 te
2870 4679 3080 4734 felicem
3111 4677 3316 4747 judico,
3359 4674 3562 4744 tibique
3589 4683 3647 4731 et

2067 4771 2134 4825 de
2158 4784 2222 4825 ea
2254 4779 2344 4824 tua
2392 4769 2748 4840 persuasione
2785 4782 2840 4828 et
2871 4773 2936 4826 de
2977 4785 3042 4826 eo
3075 4769 3218 4842 quod
3270 4769 3374 4825 hoc
3404 4767 3642 4836 videris,

2066 4857 2326 4930 gratulor.

2064 5031 2184 5072 rum
2213 5024 2297 5072 est
2318 5029 2442 5072 eum
2472 5014 2573 5071 sibi
2611 5030 2802 5072 manus
2835 5017 3101 5074 intulisse.
3141 5017 3238 5074 BA.

2134 5086 2248 5227 (42)
2279 5087 2385 5143 CC.
2419 5086 2480 5142 P.
2513 5086 2768 5157 ἤμελλεν.

2159 5158 2248 5227 45)
2291 5160 2356 5212 El
2387 5157 2626 5225 ἀληθὴς
2663 5157 2768 5227 ἐμο

2159 5158 2248 5228 45)
2291 5160 2356 5212 El
2387 5157 2626 5225 ἀληθὴς
2663 5157 2794 5228 ἐμοὶ
2825 5159 2999 5226 δόξα.
3031 5160 3277 5216 Gloriam
3325 5173 3478 5215 suam
3515 5161 3648 5218 dicit

2064 5229 2538 5302 conversationem
2573 5241 2810 5302 amorte
2859 5247 2982 5286 cum
3030 5232 3207 5287 beatis
3233 5271 3248 5295 ,
3283 5229 3436 5298 cujus
3471 5233 3646 5302 gratia

2065 5299 2247 5352 omnia
2280 5302 2466 5354 vivens
2503 5299 2664 5354 isthic
2693 5311 2991 5369 spreverat.
3039 5302 3206 5367 Δόξαν
3242 5302 3404 5354 etiam
3441 5299 3648 5356 doctri-

2066 5385 2222 5451 natnn
2236 5369 2558 5451 simpliciter
2584 5385 2779 5439 capere
2809 5374 3005 5451 possis,
3046 5383 3103 5426 ut
3123 5372 3259 5451 Δδοξτιι
3276 5371 3646 5451 _Arrianprn_nt

2066 5438 2149 5510 in;
2185 5438 2444 5510 Procopii,
2491 5455 2617 5494 mox
2654 5438 3050 5498 iascr'ibendis.
3106 5443 3173 5496 At
3208 5438 3342 5496 τῶν
3401 5439 3651 5496 παλαιῶν

2061 5508 2213 5574 δόξαι
2253 5508 2412 5579 supra
2437 5549 2453 5575 ,
2478 5519 2592 5579 etc.
2623 5510 2720 5566 ΒΑ.

2131 5579 2244 5654 (μ)
2279 5578 2482 5654 90-}:-
2521 5578 2698 5654 ειθξδς
2727 5582 2987 5654 εὐμενής.

2131 5651 2244 5725 (i5)
2276 5650 2363 5725 [sit
2386 5650 2490 5725 C9.
2528 5649 2588 5725 Ρ.
2624 5649 2974 5725 inserendum
3011 5652 3132 5725 μέν.

2139 5719 2253 5781 (46)
2281 5721 2386 5777 CC.
2425 5719 2483 5776 P.
2529 5721 2840 5777 ἀναλαϐών.

2145 5724 2231 5781 [46
2281 5724 2386 5777 CC.
2425 5724 2483 5776 P.
2529 5724 2840 5777 ἀναλαδών.

2145 5724 2255 5865 (47)
2281 5790 2386 5865 ρο.
2405 5789 2478 5865 Ρ.
2495 5793 2888 5865 καταπλήττει.

2140 5859 2251 5934 (48)
2286 5862 2363 5916 Ex
2395 5860 2499 5918 CC.
2536 5859 2596 5919 P.
2631 5859 2975 5923 inserendum
3015 5866 3114 5938 τῆς
3134 5866 3282 5931 θέας.
