4144 6570
355 477 499 546 1013

1349 482 1802 544 DISPUTATIO
1837 481 1932 539 DE
1972 480 2221 540 MUNDI
2261 482 2611 546 OPIFICIO.

3462 484 3597 549 1014
3661 489 3664 492 ’

356 614 538 668 μενος.
566 594 736 663 Οὗτος
769 599 971 670 ἤρξατό
1001 616 1114 652 τισι
1133 599 1242 652 τῶν
1275 601 1511 669 ἑταίρων
1542 600 1643 663 τὰς
1686 599 1926 669 Ἐλληνι-

2034 609 2197 652 retur.
2229 596 2278 653 Is
2306 615 2428 654 cum
2468 601 2723 667 cmpisset
2750 603 3073 671 quibusdam
3115 602 3471 660 familiaribus
3499 620 3597 673 pa-

352 689 456 754 κὰς
485 689 578 743 τοῦ
605 689 928 744 διδασκάλου
954 690 1083 760 περὶ
1111 689 1206 744 τοῦ
1237 690 1445 761 κόσμου
1496 689 1803 762 προτείνειν
1833 689 1926 744 ἀν·-

351 957 419 997 ac
446 939 785 1012 celeberrimi
808 941 1050 1012 theologi
1087 942 1413 999 Parisiensis
1435 953 1490 999 et
1527 945 1658 1009 regii
1709 942 1918 1012 profes-

353 1012 496 1067 soris
524 1010 749 1064 Gilberti
793 1010 1124 1068 Gcnebrarili
1172 1015 1510 1081 interpretis;
1561 1017 1654 1068 sed
1702 1010 1823 1068 cum
1854 1013 1920 1066 ad

353 1096 479 1152 eam
509 1090 737 1149 utraque
766 1081 944 1149 lingua
987 1085 1180 1148 publici
1214 1085 1351 1152 juris
1381 1085 1680 1139 faciendam
1723 1082 1920 1136 auxilia

356 1151 602 1220 undique
624 1152 1096 1220 conquirerentur,
1123 1151 1345 1208 missum
1383 1163 1467 1209 est
1487 1156 1553 1209 ad
1584 1152 1921 1208 Parisienses

357 1219 674 1292 bibliopolas
718 1219 1137 1292 maiiuscriptum
1186 1224 1549 1292 apograplmm
1593 1238 1657 1277 ex
1711 1221 1920 1292 Anglia,

357 1292 412 1344 in
445 1290 583 1357 quod
617 1299 669 1343 et
698 1290 877 1345 varias
911 1291 1170 1348 lectiones
1196 1290 1250 1348 et
1279 1290 1620 1361 conjecturas
1649 1308 1774 1346 suas
1802 1290 1919 1346 ‘viri

356 1361 502 1414 docti
535 1371 942 1428 congesserant,
979 1364 1174 1430 quibus
1220 1365 1492 1431 regiorum
1543 1363 1783 1416 codicum
1823 1377 1922 1415 au-

358 1431 584 1484 ctoritas
632 1431 870 1497 tidesque
901 1432 1210 1486 conﬁrmari
1252 1443 1434 1498 pOSset
1467 1442 1520 1486 et
1555 1432 1731 1487 omnis
1759 1445 1922 1501 gene-

362 1501 438 1553 ris
483 1501 696 1553 testium
739 1503 1042 1568 patrocinio
1090 1503 1288 1556 fulciri.
1329 1502 1462 1556 Cum
1510 1517 1638 1557 vero
1685 1501 1919 1554 tardiora

361 1570 470 1624 sint
491 1570 836 1638 grandiorum
866 1570 1126 1635 ejusmodi
1147 1573 1441 1627 editionum
1462 1572 1762 1636 molimina,
1781 1586 1918 1638 prie-

362 1640 509 1712 venit
545 1641 684 1712 hanc
721 1649 960 1712 nostr_ain
995 1642 1159 1696 altera
1202 1643 1529 1712 diligentior,
1561 1653 1614 1694 et
1640 1658 1760 1694 cuin
1798 1640 1920 1696 Ori-

363 1709 517 1782 genis
544 1708 833 1782 Philocalia
858 1708 1376 1782 zacliarire‘quoq'ue
1404 1711 1828 1778 Disputatiouem
1852 1726 1924 1782 ett-

365 1781 518 1850 libris
553 1781 713 1850 regiis
746 1780 1341 1850 cuiniuterpretatione
1365 1797 1458 1835 sua
1489 1783 1698 1835 curavit
1727 1780 1919 1834 excudi

363 1850 450 1903 vir
478 1847 819 1905 doctissimus
849 1847 1081 1905 Joannes
1108 1851 1340 1906 Tarinus
1379 1850 1719 1918 Andegavus,
1746 1851 1835 1918 qui
1865 1857 1920 1905 et

365 1930 522 1973 notas
552 1933 681 1974 suas
712 1921 960 1975 attexuit.
995 1920 1356 1987 Quamobrem
1397 1936 1517 1974 cum
1547 1920 1769 1975 Gallicis
1809 1921 1918 1973 An-

365 1988 630 2057 glicisqne
663 1990 938 2044 codicibus
962 1993 1340 2046 conferendam
1373 1992 1525 2044 nobis
1549 1991 1800 2043 duximus
1833 2006 1928 2042 an-

372 2060 658 2130 tiquiorem
689 2061 1222 2130 interpretationem;
1252 2077 1410 2130 quam
1447 2067 1631 2127 utpote
1661 2077 1690 2114 a
1723 2062 1929 2113 charis-

367 2131 504 2184 sinio
526 2129 675 2184 socio
722 2141 775 2183 et
804 2129 1005 2198 collega
1052 2148 1149 2184 suo
1177 2129 1510 2186 elaboratam
1545 2131 1774 2185 libenter
1819 2145 1929 2199 prie

367 2201 568 2253 exteris
597 2200 846 2254 omnibus
879 2200 1243 2268 amplexurnin
1273 2199 1437 2255 fuisse
1461 2200 1820 2269 Margarinum
1847 2199 1929 2252 Bi-

368 2285 574 2337 gnaanm
607 2269 902 2324 existimari
952 2287 1048 2339 par
1088 2281 1208 2338 est;
1241 2283 1293 2324 et
1324 2286 1510 2324 eorum
1550 2286 1668 2339 quae
1710 2287 1736 2321 a
1773 2269 1929 2339 nobis

371 2349 648 2392 immutata
691 2339 774 2393 vel
816 2338 994 2394 addita
1041 2353 1165 2394 sunt
1219 2341 1478 2394 rationein
1525 2338 1578 2393 in
1613 2340 1753 2393 notis
1779 2338 1928 2393 hisce

369 2409 713 2462 reddendam.
743 2409 894 2474 Quod
930 2412 994 2463 ad
1033 2427 1225 2464 nomen
1251 2419 1304 2465 et
1329 2411 1702 2464 auctoritatem
1739 2411 1931 2463 attinet

367 2479 652 2544 Scriptoris
691 2478 851 2547 hujus
887 2480 1269 2541 ecclesiastici,
1303 2495 1423 2532 cum
1461 2496 1564 2533 non
1600 2480 1754 2532 modo
1780 2478 1930 2532 scho-

367 2549 581 2601 lasticus
615 2549 665 2602 iu
701 2550 856 2602 titulo
880 2551 1092 2603 dicatur
1111 2549 1466 2610 Christianus,
1491 2550 1583 2604 sed
1624 2550 1784 2602 etiam
1819 2549 1930 2612 epi-

367 2635 555 2682 scopus
587 2618 880 2689 Mitylenes,
904 2619 954 2672 id
987 2621 1144 2674 simul
1174 2621 1398 2689 digitum
1437 2620 1662 2674 intendit
1691 2621 1757 2670 ad
1792 2627 1931 2672 tem-

367 2703 468 2755 pus
493 2705 599 2773 qiio
619 2704 746 2773 eum
774 2688 1021 2770 ﬂoruisse
1048 2688 1359 2773 possumus.
1391 2691 1652 2773 suspicari
1677 2730 1692 2754 ,
1723 2704 1844 2768 cum
1863 2691 1929 2773 _in

368 2759 578 2828 synodo
616 2757 1237 2828 Constantinopolitana,
1281 2759 1380 2814 sub
1413 2758 1562 2814 Mena
1615 2758 1928 2812 Patriarcba

371 2829 573 2891 habita,
606 2828 821 2898 actione
850 2845 888 2892 ι,
918 2832 1276 2898 reperiantur,
1309 2841 1429 2896 post
1454 2829 1760 2898 apostolica:
1787 2829 1932 2883 sedis

373 2899 630 2951 Humana:
661 2897 884 2964 legatos,
915 2896 1100 2955 Petrus
1134 2896 1582 2964 JustinianOpolis
1632 2900 1931 2964 iiietmpolis

373 2917 630 2951 noinaiia:
661 2917 884 2964 icgaios,
915 2917 1100 2955 reirus
1134 2917 1445 2953 .tusttniano
1489 2917 1582 2953 ous
1632 2917 1931 2964 nietroporis

366 2967 611 3021 secunda:
645 2969 926 3036 prouincia:
955 2968 1333 3039 Cappadocus,
1362 2978 1410 3022 et
1440 2917 1728 3039 Zacharias
1764 2968 1932 3039 Mity-

369 3039 651 3090 lenmorunt
697 3037 1150 3106 ntetropolitanus,
1182 3040 1444 3093 Harduin.
1485 3050 1524 3094 t.
1570 3037 1632 3103 II,
1668 3054 1720 3106 p.
1771 3038 1928 3092 H88.

372 3107 540 3178 l‘iirro
581 3116 764 3160 coacta
807 3119 890 3161 est
931 3111 1181 3178 Synoilus
1227 3110 1313 3163 illa
1354 3107 1815 3175 Constantinopoli
1866 3124 1928 3162 cx

371 3177 720 3248 vicinioribiis
767 3177 1057 3248 episcopis,
1090 3189 1181 3233 aut
1233 3181 1299 3233 iis
1326 3179 1414 3248 qui
1470 3189 1580 3232 tum
1613 3179 1664 3231 in
1711 3193 1772 3231 ea
1803 3179 1933 3231 urbe

371 3247 751 3306 versabantur,
786 3247 1128 3315 imperatoris
1151 3247 1437 3302 .lustiniani
1460 3248 1811 3317 temporibus,
1833 3251 1932 3303 hoc

370 3295 456 3370 ea“
472 3295 639 3369 ἒῆἷιῖιῖ
650 3295 728 3370 iii.
739 3295 853 3387 ἰοιξίι
864 3295 1096 3384 satis;
1105 3295 1471 3387 "diiiiiiii'iiiiii
1484 3295 1821 3387 ’βέἱέέὶῗίὲίιζιᾷἶι
1833 3295 1937 3372 ".‘e:
1961 3295 2006 3354 C

371 3402 625 3454 quamnr.
655 3387 738 3440 vel
769 3386 897 3453 556,
937 3391 982 3444 si
1017 3385 1303 3444 Baroninm
1349 3388 1702 3442 cardinalcm.
1740 3385 1937 3440 Verum

372 3458 489 3511 hac
534 3457 770 3526 synodus
799 3460 988 3527 quinta
1031 3474 1135 3514 non
1174 3460 1294 3522 l'uit,
1336 3469 1394 3510 ιιι
1436 3473 1717 3524 perperam
1747 3473 1775 3508 a
1805 3473 1939 3510 non-

376 3527 538 3599 nullis
559 3527 878 3599 appellatur,
927 3544 1100 3599 neque
1127 3529 1486 3592 tecumenica,
1519 3527 1611 3599 sed
1650 3527 1939 3599 partit-ula-

376 3597 472 3662 ris,
499 3606 558 3650 ut
588 3606 733 3650 recte
764 3595 1029 3654 admonet
1069 3597 1424 3654 Bellariniiius
1464 3595 1757 3650 cardinalis
1797 3596 1888 3649 lib.
1921 3611 1937 3649 ι

375 3667 454 3721 De
487 3666 746 3728 conciliis,
786 3682 836 3721 c.
883 3669 938 3723 5.
976 3669 1281 3723 Antecessit
1327 3677 1508 3720 autem
1551 3666 1937 3718 mituiiienicain

375 3740 635 3809 quintam,
684 3737 838 3803 cujus
870 3748 1082 3809 tempus
1125 3740 1177 3792 in
1221 3753 1418 3791 annum
1465 3735 1664 3789 Christi
1701 3734 1941 3809 rejicitur

377 3807 504 3870 555,
537 3810 809 3860 communi
833 3807 1284 3878 chronologorum
1317 3823 1617 3878 consensu,
1639 3808 1826 3878 et__sub
1847 3822 1939 3859 eo-

377 3875 1177 3961 deni-imperatore_.lustiiiiaiio
1204 3893 1268 3932 ac
1300 3878 1551 3961 pontiﬁce
1582 3875 1939 3961 Vigiliolcon-

381 3947 545 4002 venit.
575 3945 670 3999 Est
717 3957 771 4000 et
823 3950 965 4003 aliud
1016 3949 1272 4003 indicium
1303 3945 1613 4017 temporis,
1651 3948 1791 4014 quod
1827 3947 1938 4016 ipsa

380 4018 537 4071 nobis
564 4017 736 4070 series
775 4019 1154 4086 disputationis
1199 4016 1526 4086 suppeditat.
1561 4016 1650 4070 Sic
1679 4017 1822 4069 enim
1865 4018 1940 4070 ait

379 4105 433 4153 p.
461 4087 530 4141 85
554 4086 845 4142 Zacharias
873 4090 941 4144 de
968 4089 1284 4144 adversario
1314 4104 1412 4142 suo
1436 4103 1666 4154 quocum
1703 4088 1940 4154 disputat

377 4159 664 4231 Aiinnonio
699 4175 712 4211 :
751 4157 939 4212 Ἢκων
983 4163 1131 4231 παρὰ
1160 4158 1253 4231 τοῦ
1279 4158 1590 4231 φιλοςόφου,
1644 4156 1843 4231 μᾶλλρν
1892 4156 1938 4209 δ’

376 4227 703 4295 ἀφιλοσόφου
738 4244 796 4280 τε
829 4232 921 4282 καὶ
947 4227 1171 4299 ἁσόῲου.
1202 4227 1318 4296 Quo
1345 4230 1395 4282 iii
1425 4228 1540 4281 loco
1581 4243 1675 4294 per
1704 4228 1940 4292 philoso-

380 4301 541 4367 phum
572 4299 716 4350 illum
767 4299 1034 4369 intelligit,
1067 4311 1124 4354 ut
1155 4303 1412 4366 scriptum
1441 4299 1636 4369 luit‘ad
1658 4312 1816 4369 oram
1848 4313 1942 4369 co-

377 4365 514 4422 dicis
536 4369 867 4423 Geuebrardi
894 4365 1209 4438 et'Anglici,
1251 4365 1499 4424 Proclum
1540 4365 1761 4436 Lycium
1805 4367 1938 4421 insi-

378 4455 534 4507 gnem
572 4438 1012 4494 mathematicum
1044 4451 1096 4494 et
1131 4440 1526 4508 philosophum,
1559 4446 1744 4508 contra
1778 4452 1936 4506 quem

378 4510 598 4580 scripsit
637 4508 702 4560 de
752 4509 850 4580 hoc
902 4511 1018 4578 ipso
1063 4507 1404 4580 argumento,
1449 4507 1630 4580 mundi
1681 4507 1936 4580 nimirum

378 4578 702 4648 aeternitate,
754 4575 1081 4648 Philoponus
1117 4575 1253 4634 Bibl.
1301 4579 1398 4633 Gr.
1449 4587 1487 4630 t.
1522 4575 1589 4639 Χ,
1626 4594 1676 4644 p.
1709 4576 1937 4648 (illam

2033 703 2199 759 ganas
2245 691 2517 745 Aminonii
2557 692 2625 746 de
2675 693 2873 747 mundo
2919 695 3219 751 antithescs
3259 709 3599 765 pr0ponere,

2028 957 2184 998 veras
2214 961 2232 996 τι
2261 943 2465 1000 Plinius
2508 946 2601 1002 lib.
2635 966 2694 1014 ll,
2724 951 2882 1017 epist.
2919 951 2953 1005 3
2987 969 3000 1006 :
3033 950 3213 1004 Adhuc
3257 947 3597 1003 scholasticus

2032 1023 2236 1069 tantum
2262 1027 2337 1069 est
2356 1033 2375 1079 ;
2396 1033 2496 1086 quo
2531 1035 2714 1083 genere
2737 1022 3004 1073 hominum
3037 1019 3169 1072 nihil
3190 1029 3280 1072 aut
3309 1017 3596 1077 simplicius

2028 1093 2122 1137 aut
2168 1086 2442 1140 sincerius.
2491 1087 2791 1142 Conﬁrmat
2835 1091 2935 1143 hoc
2982 1090 3144 1144 etiam
3193 1089 3306 1142 .lac.
3349 1087 3597 1152 Cuiacius

2031 1153 2175 1217 leges
2204 1155 2406 1211 codicis
2448 1155 2808 1213 Theodosiani
2841 1161 3015 1215 citans
3043 1168 3097 1213 et
3128 1159 3372 1212 scribens
3405 1157 3458 1208 iii
3487 1155 3598 1210 No-

2031 1223 2225 1296 vcl_la_m
2255 1224 2342 1278 70.
2365 1226 2549 1281 Dictus
2579 1240 2663 1284 est
2685 1230 2846 1283 etiam
2870 1228 3224 1285 scholasticus
3241 1229 3325 1280 vir
3339 1228 3598 1296 eloquens

2031 1292 2230 1360 quivis,
2258 1296 2360 1348 etsi
2395 1310 2494 1349 nec
2517 1314 2711 1354 causas
2738 1300 2893 1354 ﬁctas
2921 1308 3126 1365 ageret,
3161 1307 3218 1349 ut
3245 1292 3597 1365 declamator,

2031 1377 2132 1436 nec
2164 1377 2341 1436 veras.
2385 1374 2463 1436 ut_
2492 1369 2820 1433 advocatus;
2852 1364 3081 1436 talisque
3124 1368 3322 1420 dicitur
3346 1383 3374 1421 a
3407 1364 3598 1418 Wala-

2030 1429 2172 1485 lrido
2205 1432 2401 1487 Strabo
2432 1434 2505 1489 Dc
2537 1438 2690 1492 rebus
2755 1429 3126 1494 ecclesiasticis
3150 1453 3201 1491 c.
3233 1436 3325 1498 25,
3360 1445 3420 1490 ut
3452 1443 3599 1489 recte

2029 1502 2284 1556 observat
2316 1504 2381 1560 Β.
2418 1508 2476 1562 P.
2503 1507 2817 1562 Heribertiis
2849 1509 3149 1562 Rosveidus
3188 1507 3393 1561 ordinis
3426 1504 3595 1560 nostri

2029 1570 2311 1644 theologus
2349 1578 2399 1628 in
2426 1579 2775 1633 Onomastico
2802 1580 2866 1632 ad
2903 1578 3053 1632 Vitas
3076 1578 3317 1640 Patrum,
3347 1593 3399 1644 p.
3433 1574 3597 1629 1040.

2027 1640 2105 1692 lta
2142 1639 2404 1712 Serapion
2470 1647 2613 1718 apud
2647 1647 3032 1718 Hieronymum
3081 1648 3133 1700 in
3185 1639 3436 1711 Catalogo
3465 1643 3598 1718 scri-

2029 1722 2240 1784 piorum
2290 1718 2471 1770 eccles.
2506 1732 2556 1772 c.
2591 1717 2660 1770 99
2696 1735 2709 1772 :
2743 1715 3004 1784 Serapion
3049 1719 3110 1769 ob
3160 1717 3476 1782 elegantiam
3511 1715 3565 1767 in
3587 1741 3599 1754 ο

2025 1782 2162 1846 genii
2195 1799 2476 1848 cognomen
2523 1788 2820 1841 scholastici
2866 1782 3074 1841 meruit.
3108 1787 3428 1841 Paschasius
3459 1785 3496 1837 Ι.
3524 1798 3595 1836 VII

2030 1849 2105 1924 pe
2127 1852 2247 1924 uitis
2284 1854 2528 1912 Patrum.
2560 1871 2609 1909 c.
2647 1859 2732 1921 l9,
2764 1874 2904 1910 num.
2929 1858 2963 1911 '5
2995 1873 3008 1909 :
3045 1855 3142 1910 llic
3172 1856 3424 1924 Eulogius
3450 1853 3598 1924 scho-

1956 1956 2001 2012 Β
2029 1918 2421 2012 l‘usg‘culs'erat:
2447 1918 2787 2012 circularist
2821 1927 3008 2012 litteris
3027 1927 3284 2012 eruditus.
3309 1918 3599 2012 'Pallad‘itts

2031 2005 2081 2042 c.
2111 1989 2181 2063 26
2217 1991 2356 2047 Hist.
2390 1994 2552 2050 Laus.
2596 2011 2645 2051 c.
2681 1999 2792 2052 ‘27:
2826 1993 2995 2060 Οὗτος
3033 1999 3061 2050 ὁ
3107 1995 3361 2062 Εὑλὸγιος
3401 1992 3597 2063 σχολᾳ·

2034 2061 2491 2136 ςτικδςᾼὺῖτῆρχεν
2533 2068 2597 2119 ὲκ
2624 2067 2732 2119 τῶν
2771 2068 3071 2136 ἐγκυκλίων
3101 2061 3510 2133 παιδέυμάτωυ,
3540 2061 3600 2126 ὃς

2031 2128 2621 2206 ἔρωτι-θείῳᾶληγείς
2651 2137 2751 2190 llic
2781 2128 3038 2203 Eulogius
3065 2136 3166 2204 fuit
3197 2128 3598 2206 disciplinarum

2030 2198 2328 2275 liberalium
2363 2198 2729 2271 scholasticus,
2763 2208 2854 2275 qui
2881 2198 3260 2260 divino'antore
3301 2198 3595 2275 sauciatus.

2037 2268 2105 2344 l_]t
2150 2270 2316 2339 igitur
2365 2277 2669 2344 philosophi
2717 2268 3040 2331 dicebantur
3088 2277 3227 2327 inter
3275 2274 3600 2344 gentilesret

2030 2337 2252 2414 Graecos
2278 2337 2377 2410 qui
2412 2337 2795 2414 pliilosopliicis
2832 2355 2986 2400 erant
3027 2337 3332 2411 disciplinis
3361 2343 3595 2414 exculti,

2032 2411 2110 2482 sic
2132 2411 2444 2469 scholastici
2479 2416 2568 2477 qui
2601 2411 2853 2470 oratoriae
2896 2415 3165 2469 facultatis
3207 2425 3260 2469 et
3290 2413 3597 2482 politiorum

2033 2479 2336 2537 litterarum
2359 2485 2554 2539 studiis
2580 2486 2977 2552 crtiiliti.Qnam
3005 2486 3073 2538 ob
3090 2479 3331 2541 causam.
3360 2482 3599 2552 utAthe-

2036 2566 2249 2625 nagora:
2277 2552 2500 2623 Legatio
2527 2555 2726 2625 dicitur
2774 2551 3136 2625 ’Λῖληναγὸρου
3189 2551 3599 2625 Ἀθηνῴαίουλφι-

2032 2619 2259 2689 λοσόφου
2287 2619 2612 2696 Χριστιανοῦ
2630 2619 2901 2696 Πρεσόεῖά
2925 2619 3426 2696 πέρϊΧριστιαύᾦυ.
3451 2621 3604 2696 Aliter

2037 2707 2251 2759 ungoru:
2305 2689 2636 2749 Atheniensis
2683 2689 3010 2762 'pliilosoplii'
3053 2689 3341 2747 Christiani
3387 2689 3601 2762 Legatio

2033 2777 2128 2825 pro
2162 2761 2497 2827 christianis;
2528 2765 2608 2819 sic
2648 2759 2928 2818 zacharim
2975 2763 3293 2831 Disputatio,
3331 2759 3599 2831 Ζαχαρίου

2035 2831 2388 2904 ᾳχολαᾳτικοῦ
2421 2834 2743 2904 Χριστιανοῦ
2789 2835 2882 2886 τοῦ
2931 2827 3223 2904 γενομένου
3266 2827 3601 2904 asseasse

2033 2898 2330 2974 sistendum:
2382 2898 2694 2974 Μιέυλήνης
2722 2905 2751 2956 ὁ
2779 2898 3073 2974 molitor—0;,
3093 2898 3376 2974 zachariae
3403 2898 3601 2974 schola-

2032 2974 2151 3042 stici
2182 2971 2503 3042 Christiani,
2527 2971 2706 3042 postea
2747 2975 2973 3042 episcopi
3008 2971 3302 3041 Mitylenes,
3348 2971 3598 3042 Disputaf

2035 3041 2131 3096 tio.
2173 3041 2469 3098 Posteriori
2507 3039 2722 3113 quoque
2771 3039 3072 3097 ilicti'sunt
3110 3039 3230 3094 ΞΒνο
3286 3039 3596 3093 scholastici

2035 3113 2177 3165 inter
2217 3115 2530 3175 canonicos,
2571 3117 2661 3182 qui
2709 3114 2908 3168 scholis
2952 3115 3294 3182 episcopatus
3331 3115 3597 3182 lii-icerant

2036 3192 2092 3235 et
2117 3183 2427 3252 erudiendzc
2447 3179 2748 3249 juventutis
2784 3199 2970 3236 curam
2990 3179 3270 3252 gerebant
3271 3197 3298 3252 _;
3331 3190 3388 3252 ut
3417 3179 3603 3252 videro

2037 3261 2121 3306 est
2154 3251 2205 3307 in
2235 3247 2508 3306 historicis
2547 3269 2724 3306 rerum
2760 3247 3216 3307 Alemaniéarum.
3254 3249 3316 3303 Et
3339 3249 3391 3302 in
3421 3247 3604 3301 cccle-

2039 3321 2136 3377 siis
2172 3323 2573 3377 catheilralibus
2602 3323 2864 3390 hodieque
2892 3337 3082 3375 nomen
3116 3329 3199 3375 est
3223 3317 3604 3390 ecclesiasticas

2041 3392 2336 3459 dignitatis.
2371 3393 2498 3447 Duc.
2524 3423 2595 3432 —
2620 3388 3120 3445 ΣΧυᾹΑΣΤΙΚΟΥ.
3156 3388 3478 3459 Scliolastici
3517 3401 3600 3459 ro-

2041 3457 2214 3514 manis
2240 3462 2480 3515 moribus
2506 3464 2869 3516 exercitantes
2914 3461 3275 3528 eloquentiam
3321 3459 3372 3510 in
3401 3457 3603 3511 scholis

2040 3532 2337 3594 rhetorum,
2374 3533 2534 3594 unde,
2570 3531 2712 3585 velut
2752 3547 2818 3584 ex
2854 3531 3044 3584 umbra
3080 3532 3134 3582 in
3183 3529 3376 3591 lucem,
3419 3528 3601 3592 prodi-

2040 3608 2161 3653 rent
2195 3601 2247 3654 iii
2272 3601 2467 3664 lorum,
2500 3616 2785 3655 causarum
2813 3600 3046 3668 patroni,
3074 3613 3181 3666 quo
3206 3595 3508 3668 patrocinio
3533 3596 3601 3649 ad

2039 3685 2277 3724 summos
2305 3671 2534 3725 honores
2572 3671 2750 3724 aditus
2781 3665 3104 3734 constabat;
3141 3665 3448 3735 eloquentia
3482 3679 3602 3735 om-

2041 3755 2161 3792 nem
2207 3740 2480 3806 politicain
2523 3741 2822 3794 doctrinam
2877 3734 3293 3805 complectente.
3346 3734 3600 3806 Exempla

2039 3804 2218 3870 obvia,
2245 3821 2298 3863 et
2324 3811 2624 3863 docuerunt
2661 3809 2905 3863 nonnihil
2945 3804 3226 3861 doctorum
3260 3804 3504 3858 diatriba:
3534 3805 3602 3857 ad

2038 3878 2384 3943 Petronium,
2439 3878 2869 3945 Quintilianum,
2921 3877 3260 3938 Ciceronem,
3313 3874 3598 3928 Senecam.

2039 3949 2365 4003 Christianis
2394 3950 2655 4004 doctrina:
2685 3949 2892 4013 titulus,
2926 3960 2985 4018 ut
3011 3949 3101 4018 qui
3134 3946 3380 4018 quotidie
3414 3953 3470 3995 ut
3503 3945 3600 3995 ilo-

2039 4020 2177 4073 ctior
2210 4022 2361 4073 lieret
2405 4019 2695 4084 laboraret,
2737 4035 2910 4085 neque
2947 4017 3048 4071 sibi
3094 4017 3371 4070 videretur
3419 4024 3600 4068 tamen

2039 4091 2325 4152 excellere,
2362 4090 2717 4144 scholasticus
2763 4091 3053 4150 diceretur,
3086 4088 3258 4140 forum
3300 4086 3480 4138 adhuc
3504 4099 3602 4135 nov

2041 4161 2157 4214 lens
2205 4171 2258 4214 et
2304 4161 2493 4213 salutis
2541 4159 2800 4214 doctrina:
2848 4169 2990 4211 totus
3043 4163 3288 4220 devotus,
3341 4169 3500 4223 quam
3546 4152 3598 4210 io

2038 4230 2266 4284 ecclesia
2296 4229 2589 4284 erudienda
2625 4231 2839 4283 ileiniiiu
2875 4227 3312 4294 ilel'cudeiidaque
3352 4225 3597 4294 sistebat.

2040 4300 2256 4371 Sicubi
2303 4315 2482 4354 sermo
2507 4300 2726 4371 elegans
2767 4297 3175 4371 cultuni‘aniiui
3218 4292 3415 4371 stipat3
3441 4292 3599 4371 scho-

2040 4370 2255 4424 lasticos
2300 4365 2918 4439 perbibere’scriptores
2961 4369 3306 4439 dictatoresve
3369 4365 3593 4439 videbis.

2039 4440 2172 4494 Nam
2221 4433 2545 4495 scholastica
2594 4433 2836 4493 doctrina
2872 4438 3174 4492 accessoria
3233 4435 3478 4489 salutari.
3517 4433 3594 4487 Ex

2039 4511 2346 4565 eruditione
2396 4511 2630 4563 lmmaua
2678 4508 2740 4563 Β.
2792 4507 3046 4561 Paulinus
3090 4510 3155 4559 ad
3205 4506 3262 4559 S.
3314 4507 3598 4565 Severum,

2038 4581 2195 4647 epist.
2225 4581 2278 4643 9,
2309 4595 2360 4648 p.
2392 4579 2534 4634 “5:
2569 4578 2628 4633 Si
2659 4579 2746 4631 ille
2781 4579 2976 4630 hiantis
3013 4577 3249 4630 historiae
3272 4591 3460 4648 causas
3497 4588 3602 4648 non

377 4647 600 4700 Proclus
623 4646 846 4701 ﬂorebat
874 4641 974 4704 sub
1013 4651 1301 4704 Anastasio
1333 4641 1693 4718 imperatore,
1727 4641 1811 4700 cui
1839 4645 1935 4700 Ju-
1966 4643 2009 4698 D
2037 4641 2430 4718 edideritfqui
2469 4660 2514 4703 et
2573 4649 2902 4702 scholasticis
2952 4659 3001 4700 et
3051 4646 3378 4700 salutaribus
3402 4644 3599 4718 litteris

377 4717 562 4786 stiniis
601 4720 884 4783 successit,
923 4729 975 4773 et
1000 4720 1213 4774 Justino
1255 4719 1611 4774 .Instiiiianus.
1645 4717 1712 4768 At
1754 4719 1933 4786 regius

379 4787 514 4842 liber
539 4785 714 4840 Procli
752 4803 943 4843 nomen
973 4806 1037 4843 ex
1068 4791 1306 4858 margine
1324 4791 1375 4844 in
1409 4797 1612 4858 textum
1635 4785 1930 4858 transtulit,

380 4873 539 4924 quem
572 4858 737 4911 editio
772 4858 957 4911 'l‘arini
997 4857 1325 4914 secuta’est.
1359 4859 1527 4912 Porro
1566 4857 1934 4911 Scholasticus

380 4927 721 4980 Christianus
748 4929 1054 4997 appellatur
1111 4928 1431 4992 Zacharias;
1472 4943 1574 4994 qua
1618 4941 1746 4980 voce
1790 4925 1934 4979 desi-

383 4997 533 5061 gnari
579 4997 897 5052 advocatum
941 5010 998 5053 et
1046 5015 1332 5054 causarum
1380 5001 1431 5050 in
1478 4998 1598 5051 l'oro
1647 5006 1930 5065 patronum

381 5075 590 5118 constat
619 5081 682 5118 ex
710 5068 916 5121 Zonara
959 5070 1009 5122 iii
1049 5069 1449 5122 Commentario
1478 5069 1528 5121 in
1566 5080 1828 5119 caiioiicm
1869 5067 1934 5119 10

381 5135 570 5210 synodi
623 5137 959 5210 Sardicensis
997 5157 1049 5210 p.
1094 5141 1230 5204 574,
1272 5142 1297 5192 1
1342 5153 1356 5191 :
1401 5137 1519 5192 Κᾶν
1563 5135 1932 5210 σχολαστικὸςν

381 5205 626 5280 contecti.
649 5207 774 5280 napi
800 5205 1308 5279 λόγους’σχολὰζων⁶
1342 5210 1574 5280 quamvis
1591 5207 1932 5280 scholasticus

381 5277 476 5339 sit,
502 5278 598 5328 hoc
631 5287 722 5349 est
743 5278 947 5331 dicendi
984 5277 1161 5349 studio
1187 5277 1397 5349 operam
1423 5277 1758 5349 impendens;
1789 5287 1845 5349 et
1877 5278 1930 5329 in

381 5363 504 5420 can.
535 5349 603 5399 96
638 5345 785 5420 “Oti,
831 5365 881 5416 p.
912 5348 1038 5420 486]
1076 5345 1390 5417 Carthagin.
1426 5347 1575 5420 ελνΤοῦ
1593 5345 1930 5420 καῖᾳστῆσαι

378 5415 624 5486 ἐκδίκους
641 5415 1037 5486 ὀχολειάτικούξ
1051 5437 1064 5452 ο
1091 5415 1406 5473 constituere
1437 5417 1606 5469 litium
1638 5416 1932 5483 defensores

377 5485 741 5557 scholasticas.
775 5491 1104 5557 Augustinus
1132 5491 1182 5542 iii
1210 5490 1470 5543 Joannem
1500 5501 1551 5540 c.
1583 5487 1634 5550 1,
1681 5495 1836 5540 tract.
1876 5486 1927 5546 7,

385 5559 438 5609 ll
482 5576 494 5609 ε
533 5554 636 5618 Qui
669 5554 1094 5612 habent'causam
1136 5568 1184 5611 et
1220 5563 1396 5612 volunt
1431 5558 1724 5623 supplicare
1764 5558 1931 5623 impe-

379 5626 569 5688 ratori,
595 5637 836 5693 quierunt
885 5631 1108 5697 aliquem
1146 5628 1513 5682 scholasticam
1547 5624 1929 5697 jurisperituin,

378 5714 411 5749 α
435 5713 538 5763 quo
565 5698 665 5748 sibi
695 5712 870 5764 preces
908 5695 1304 5766 componantur.
1336 5698 1439 5751 Sed
1461 5712 1526 5750 eo
1548 5695 1765 5766 tioiiiiiie
1793 5696 1932 5749 desi-

377 5766 524 5834 gnati
555 5779 683 5819 sunt
731 5769 961 5834 primum
997 5764 1259 5831 rhetores,
1299 5777 1356 5820 ut
1394 5767 1555 5820 Corn.
1589 5764 1806 5818 Tacitus
1837 5780 1931 5818 no-

382 5845 456 5887 tat
482 5837 532 5887 in
567 5835 660 5888 lib.
683 5836 756 5888 De
786 5840 1103 5902 oratoribus,
1127 5855 1175 5892 c.
1204 5837 1362 5903 15,et
1389 5836 1780 5890 declamatores
1801 5849 1930 5889 can-

381 5919 567 5962 saruin
593 5907 861 5963 lictat'um.
904 5911 1102 5965 Deinde
1134 5924 1162 5962 ει
1198 5909 1340 5962 lictis
1385 5907 1569 5959 litibus
1611 5906 1821 5960 transiit
1863 5909 1928 5960 ad

2039 4715 2386 4788 Grazcejuxta
2407 4737 2468 4772 ac
2483 4719 2672 4772 Latine
2688 4720 2829 4770 dives
2853 4727 2952 4782 est,
2980 4733 3154 4770 uereor
3181 4733 3242 4768 ne
3273 4715 3410 4788 apud
3435 4715 3601 4788 alium

2039 4791 2091 4843 in
2143 4782 2242 4844 his-
2279 4789 2824 4859 regionibusfrustra
2856 4789 3234 4859 _requiramus.
3291 4782 3600 4859 Gennadius

2038 4874 2088 4928 ς.
2118 4860 2188 4913 45
2218 4853 2454 4928 CataIOgi
2491 4860 2556 4912 de
2586 4853 2798 4928 Iuliano
2843 4853 3118 4925 Cap‘uaiio,
3151 4853 3594 4928 postlncretico:

2037 4927 2308 4990 Julianus,
2342 4923 2616 4995 episcopus
2664 4923 2966 4993 Capuauus,
3007 4929 3086 4979 vir
3125 4941 3245 4995 acer
3279 4923 3504 4995 ingenio,
3543 4925 3610 4975 in.

2039 5000 2230 5052 divinis
2283 4993 2575 5065 Scripturis
2623 4999 2838 5058 doctus,
2877 4996 3063 5050 (ἑταίρα
3086 5007 3133 5047 et
3183 4994 3368 5065 Latina
3397 4993 3597 5065 tinguit

2038 5069 2378 5122 scholasticus
2405 5063 2423 5121 ἓ
2460 5071 2607 5134 prius
2627 5083 2746 5136 ergo
2778 5083 2934 5133 quam
2966 5068 3277 5136 impietatem
3315 5063 3511 5136 Pelagii
3545 5066 3608 5115 inv

2037 5155 2092 5192 se
2129 5140 2572 5200 aperiret,clarus
2602 5139 2652 5189 in
2685 5133 2985 5188 doctoribus
3008 5135 3255 5187 Ecclesia:
3286 5134 3406 5200 luit.
3453 5133 3604 5186 Ideni.

2039 5213 2106 5262 de
2134 5207 2328 5262 Must
2356 5207 2698 5270 Massiliensi,
2725 5222 2843 5273 cap.
2868 5207 2935 5260 79
2959 5222 2972 5256 :
3007 5206 3258 5266 Musteus,
3303 5203 3610 5255 Massilieii-.

2037 5281 2110 5332 sis
2135 5280 2384 5332 Ecclesia:
2422 5282 2706 5346 presbyter,
2749 5272 2826 5329 vir
2857 5278 2908 5328 in
2953 5276 3142 5328 divinis
3174 5272 3460 5339 Seripturis
3490 5277 3596 5346 tio-

2037 5361 2172 5413 ctus,
2205 5358 2252 5401 et
2284 5350 2340 5402 in
2368 5365 2547 5402 earum
2580 5344 2826 5400 sensibus
2851 5346 3190 5398 subtilissima
3234 5344 3597 5400 exercitatione

2037 5419 2279 5481 limatus,
2301 5419 2482 5486 lingua
2507 5432 2709 5486 quoque
2728 5416 3091 5469 scholasticus.
3127 5415 3191 5467 Et
3214 5419 3276 5467 de
3306 5413 3594 5486 Prospero,

2037 5503 2160 5555 cap.
2192 5488 2261 5542 84
2302 5507 2315 5541 :
2359 5484 2795 5552 Praepenhomo
2841 5486 3140 5554 Aquiluttitt'
3185 5484 3439 5555 regionis,
3485 5498 3596 5535 scr-

2039 5554 2188 5612 nwne
2213 5559 2577 5620 scholasticus,
2598 5567 2644 5609 et
2676 5557 3052 5608 assertionibus
3079 5569 3338 5609 nervosus.
3370 5554 3594 5622 Elegan-

2040 5629 2128 5681 tia:
2159 5629 2355 5695 ingenii
2393 5627 2602 5680 titulum
2630 5630 2772 5679 hunc
2801 5627 3044 5694 agnoscit
3087 5627 3339 5695 tributum
3375 5622 3593 5695 B._l_lic-

2040 5690 2299 5766 ronynfus
2326 5697 2500 5751 Catal.
2531 5712 2652 5764 cap.
2683 5696 2752 5750 99
2780 5713 2792 5748 :
2823 5690 3097 5766 Serapion,
3132 5693 3387 5766 ’l'hinueos
3418 5690 3594 5758 digg-

2036 5771 2110 5837 pti
2141 5763 2282 5819 urbis
2307 5763 2712 5835 εριδεομιυίιμιὲ
2757 5766 2819 5818 ob
2844 5765 3154 5837 elegantiam
3179 5763 3370 5837 ingenii
3402 5775 3594 5837 cogno-

2040 5853 2152 5890 men
2187 5837 2480 5890 scholastici
2512 5839 2714 5890 nteruit.
2754 5836 3141 5897 Scholasticus,
3177 5836 3335 5886 homo
3370 5835 3590 5896 probus,

2041 5909 2314 5977 cordatus,
2351 5912 2400 5963 in
2432 5908 2626 5965 studiis
2655 5908 2920 5972 assiduus,
2954 5906 3174 5960 Leontio
3208 5902 3428 5971 Spliisru
3456 5901 3594 5954 Ara-
