4154 6584
462 499 482 510 .
577 406 711 472 1007

1595 396 1999 458 ΖΑΟΗΑΒΙᾸΞ
2039 394 2173 454 MIT

2278 390 2374 450 EN
2383 391 2472 450 ES
2509 392 2632 449 EPI
2642 392 2846 452 SCOPI
3000 400 3008 407 '
3739 383 3877 447 1068

644 516 916 573 CIIR‘IST.
951 513 1248 583 Respondi,
1277 511 1544 579 Quoniam
1586 512 1652 563 ad
1682 508 2020 578 operandam
2077 521 2156 558 ra-

2325 502 2762 555 ΧΡΙΣΊΊΑΝΟΣ.
2798 503 2884 563 Ὠς
2911 501 3073 570 ἔχων,
3095 497 3163 572 ἦν
3185 501 3228 552 δ’
3259 499 3367 568 ἐγὼ
3385 543 3400 568 ,
3426 501 3571 562 τοὺς
3596 498 3878 569 δημιουρο

579 612 749 667 tiones
785 611 922 662 intra
978 621 1037 660 se
1076 612 1332 674 perpetuo
1386 603 1546 654 habet
1601 600 1761 660 Dens,
1811 613 2026 666 semper
2064 605 2148 649 est

2278 594 2438 656 ἰκοὺς
2477 592 2667 661 λόγους
2693 594 2752 645 ἐν
2802 592 3018 662 ἐαυτῷ,
3069 592 3158 644 ἀεὶ
3205 591 3550 661 δημιουργὸς
3621 591 3654 641 ὀ
3708 588 3876 650 Θεός.

576 699 775 769 opifex.
812 694 1274 761 Quemadmodum
1310 702 1364 744 et
1389 690 1628 742 medicus
1667 689 1805 756 apud
1838 702 1897 741 se
1945 687 2148 739 habens

2281 687 2468 756 Ωσπερ
2496 687 2590 738 καὶ
2625 688 2653 739 ό
2693 686 2874 755 ἰατρὸς
2907 686 3044 755 ἔχων
3075 685 3200 746 τοὺς
3235 685 3518 754 ἱατρικοὺς
3564 681 3783 748 λόγους
3821 681 3880 733 ἐν

581 768 825 846 medendi
873 786 1132 847 rationes,
1159 783 1402 836 medicus
1434 790 1518 833 est
1547 788 1600 833 et
1625 779 1840 844 dicitur.
1879 777 2030 842 Quod
2059 791 2151 829 eo-

2278 777 2454 847 αυτῷ,
2494 776 2678 847 ίατρδς
2721 777 2838 829 ἐστι
2872 793 2931 828 τε
2965 777 3060 828 καὶ
3087 775 3328 842 λέγεται.
3375 776 3497 827 Ἔτι
3551 773 3604 826 δ’
3649 768 3730 825 αὖ
3780 775 3881 826 καὶ

576 883 697 935 dent
765 879 921 932 modo
977 874 1318 929 sentiendum
1363 873 1429 926 de
1480 870 1631 924 fabro
1683 870 2029 932 materiai-io,
2060 870 2153 921 de

2278 866 2644 928 ιτεκτονικὸς,
2679 866 2773 918 καὶ
2809 867 2838 918 ὁ
2883 864 3261 934 οἰκοδομικὸς,
3293 864 3389 917 xui.
3435 865 3463 916 ό
3508 861 3877 933 ῥητορικός·

578 967 769 1022 aedium
795 973 1090 1024 strnctore,
1117 960 1183 1013 de
1230 960 1471 1013 rhetore.
1506 957 1642 1010 Num
1671 958 1719 1010 id
1763 957 1857 1009 tibi
1905 955 2150 1008 videtur?

2278 958 2290 1028 ᾗ
2315 974 2396 1008 σοι
2421 958 2482 1009 οὐ
2514 957 2796 1024 φαίνονται
2816 973 2833 1022 ;

650 1054 953 1110 MEDICUS
988 1051 1280 1108 DOCTOR.
1318 1050 1568 1113 lllaximc,
1611 1050 1702 1102 sed
1757 1063 1823 1100 an
1887 1047 2150 1100 medicum

2326 1048 2787 1100 ΙΑΤΡΟΣΟΦΙΣΤ.
2830 1047 2977 1100 Πάνυ
3007 1062 3093 1114 γε.
3121 1044 3258 1098 Ἀλλ’
3281 1045 3381 1100 οὐκ
3407 1045 3492 1113 ἂν,
3532 1042 3575 1118 ἦ
3620 1046 3672 1099 δ’
3699 1047 3784 1109 ὃς,
3813 1048 3888 1100 ία-

579 1148 965 1218 appellahimus
1002 1143 1468 1197 nominabimusve
1505 1155 1626 1194 cum
1661 1141 1753 1208 qui
1817 1154 1923 1192 non
1957 1138 2155 1192 sanat?

2278 1136 2383 1206 ;ρὸν
2416 1137 2801 1206 καλέσαιμενῆ
2851 1137 3224 1205 ὀνομάσαιμεν
3265 1136 3358 1190 τὸν
3401 1139 3473 1208 μὴ
3511 1138 3881 1206 ὑγιὰζοντα;

581 1239 945 1293 Materiarium
983 1235 1196 1287 fabrum
1244 1240 1337 1284 ant
1395 1231 1590 1282 azdinm
1631 1227 2009 1281 fabricatorem
2062 1243 2156 1282 eos

2278 1227 2380 1280 ιιδτ
2403 1225 2468 1280 αὖ
2482 1227 2836 1298 τεκτονικδνῆ
2853 1228 3188 1297 οἰκοδομικὸν
3211 1227 3300 1281 τὸν
3320 1229 3395 1300 μὴ
3411 1231 3508 1300 τὴν
3534 1228 3885 1298 τεκτονικὴν

583 1331 674 1400 qui
701 1338 873 1382 artem
900 1323 1198 1379 fabricandi
1234 1331 1354 1376 actu
1401 1338 1505 1374 non
1538 1319 1834 1374 exercent?
1866 1318 1956 1374 Uti
1986 1334 2158 1386 neque

2278 1315 2293 1386 ᾗ
2323 1314 2680 1385 οἰκοδομικὴν
2711 1317 2777 1384 τῇ
2815 1317 3067 1386 ἐνεργείᾳ
3106 1314 3450 1385 προάγοντα;
3486 1317 3729 1386 ’Ὠσπερ
3759 1318 3883 1370 οὐδὲ

583 1421 853 1475 musicqu
873 1431 996 1471 eum
1014 1417 1104 1485 qui
1125 1416 1307 1468 fidium
1328 1412 1478 1482 pulsu
1495 1413 1753 1465 musicam
1773 1426 1878 1463 non
1901 1410 2156 1474 ostendit,

2278 1405 2521 1459 ιουσικδν
2543 1404 2633 1458 τὸν
2665 1403 2740 1476 μὴ
2768 1408 2881 1468 τοῖς
2906 1405 3181 1476 κρούμασι
3207 1406 3492 1461 δεικνύντα
3521 1409 3640 1479 τὴν
3676 1425 3884 1477 μουσι-

584 1509 746 1582 273
783 1521 956 1578 neque
989 1515 1346 1560 concenluum
1396 1503 1671 1556 harmonia
1705 1501 1904 1554 mulcet
1941 1499 2161 1554 audien—

2278 1497 2384 1568 (ὴν,
2415 1497 2508 1551 καὶ
2545 1500 2611 1568 τῇ
2645 1497 2753 1550 τῶν
2797 1497 3127 1568 κρουμάτων
3166 1499 3407 1571 ἁρμονίᾳ
3450 1499 3740 1567 θέλγοντα
3782 1501 3882 1563 τὰς

585 1602 719 1655 tium
742 1599 975 1659 animos,
1017 1610 1190 1664 neque
1240 1593 1450 1647 illorum
1483 1604 1638 1644 aures
1676 1589 1876 1642 titillat.
1914 1588 2018 1642 Sed
2062 1605 2160 1642 nec

2278 1589 2369 1640 εῶν
2399 1588 2697 1640 ἐπαϊόντων
2721 1587 2918 1658 ψυχὰς,
2947 1588 3042 1640 καὶ
3068 1587 3486 1657 κατακηλοῦντα
3515 1589 3754 1642 τούτων
3782 1591 3882 1653 τὰς

587 1691 858 1746 rhetorem
898 1686 1148 1751 dicimus,
1200 1683 1290 1752 qtti
1329 1695 1501 1749 neque
1554 1690 1694 1743 orat,
1735 1693 1908 1748 neque
1954 1679 2005 1732 in
2046 1679 2162 1732 foro

2278 1680 2450 1744 ικοάς.
2490 1680 2648 1734 Ἀλλὰ
2687 1680 2792 1750 μὴν
2826 1679 2950 1732 οὔτε
2985 1681 3274 1752 ῥητορικὸν
3305 1681 3539 1752 λέγομεν
3589 1682 3697 1734 τὸν
3738 1683 3878 1753 μήτε

583 1781 874 1850 jndicibus,
911 1777 993 1831 vel
1048 1777 1100 1830 in
1132 1785 1318 1830 senatu
1346 1773 1729 1850 _senatoribtts,
1782 1771 1864 1824 vel
1907 1771 1958 1823 in
2019 1787 2162 1825 con-

2278 1769 2711 1842 ιτανηγυρίζοντα
2745 1770 2892 1842 (60),
2945 1771 3084 1840 μήτε
3132 1772 3244 1834 τοῖς
3275 1770 3455 1840 λόγοις
3491 1772 3780 1825 πείθοντα
3822 1775 3879 1824 ἐν

588 1842 744 1926 eione
775 1842 1252 1922 concionatoribus
1289 1842 1446 1916 fidem
1465 1860 1644 1914 verbis
1672 1858 1818 1912 facit.
1851 1857 1966 1911 Non
1999 1859 2162 1927 igitur

2278 1862 2600 1932 Ξικαστηρίῳ
2619 1861 2901 1924 δικαστὰς,
2926 1860 3020 1914 καὶ
3047 1862 3103 1913 ἐν
3133 1860 3504 1933 βουλευτηρίῳ
3526 1863 3877 1934 βουλευτάς,

588 1962 770 2034 opifex
808 1963 933 2026 erit,
981 1958 1073 2028 qui
1134 1956 1256 2012 actu
1305 1953 1440 2007 nihil
1496 1961 1771 2020 operatur,
1823 1962 1880 2006 et
1929 1951 2166 2006 rationes

588 2052 848 2125 operandi
885 2063 1022 2121 quas
1067 2048 1251 2110 habet,
1279 2046 1333 2099 in
1384 2054 1630 2114 apertum
1688 2059 1792 2097 non
1844 2043 2071 2113 profert,
2114 2054 2170 2099 et

569 2144 875 2198 'informem
921 2138 1204 2194 materiam
1237 2137 1290 2191 in
1319 2135 1548 2190 formam
1580 2142 1633 2187 et
1661 2134 1896 2203 speciem
1939 2149 2042 2188 non
2075 2133 2167 2186 ad-

591 2234 738 2290 ducit
763 2239 815 2286 et
845 2239 1016 2300 aptat.

660 2413 931 2470 ClllllS’l‘.
976 2414 1162 2468 Recte.
1196 2409 1302 2466 Sed
1341 2408 1488 2474 audi,
1527 2407 1598 2460 mi
1625 2405 1977 2476 philosOphe,
2006 2417 2167 2472 quam

592 2513 716 2571 apte
746 2502 811 2555 de
838 2499 948 2554 Deo
981 2500 1310 2553 disseramus
1334 2505 1388 2549 et
1415 2494 1727 2564 opinemur.
1758 2493 1998 2548 Dicimus
2025 2492 2167 2546 enim

591 2593 758 2646 Deum
777 2605 992 2658 semper
1014 2591 1181 2644 fuisse
1205 2587 1478 2656 opificem,
1504 2595 1690 2655 utpote
1713 2584 2002 2638 habentem
2038 2584 2091 2637 in
2113 2600 2172 2638 sc

589 2680 854 2737 efﬁciendi
885 2679 1142 2740 rationes,
1170 2687 1224 2731 et
1252 2678 1684 2746 quandocunque
1714 2673 1843 2728 velit
1863 2667 2170 2742 producen-

593 2783 723 2828 tcm.
761 2768 950 2838 Neque
981 2770 1128 2823 enim
1163 2768 1374 2822 inertia:
1414 2767 1580 2820 Deum
1608 2765 1717 2819 ullo
1757 2765 1916 2818 modo
1947 2778 2172 2819 accusa-

595 2875 735 2927 mus,
768 2873 944 2922 neque
977 2874 1098 2911 cum
1149 2857 1282 2910 nihil
1314 2855 1501 2918 efﬁcit,
1532 2855 1743 2924 opificis
1768 2869 1963 2909 nomen
1991 2855 2039 2908 ei
2072 2854 2170 2908 de-

596 2949 892 3013 trahimus;
939 2948 1035 3001 sed
1092 2962 1156 3001 ex
1210 2946 1274 3000 iis
1324 2960 1444 3013 qua:
1491 2943 1683 2999 effecta
1729 2955 1873 3010 sunt,
1924 2944 2169 3013 opificem

595 3048 978 3109 agnoscentes,
1006 3037 1073 3090 ab
1099 3038 1246 3091 omni
1280 3036 1620 3102 habitudine,
1655 3045 1709 3090 et
1737 3036 2083 3100 necessitate,
2119 3043 2174 3088 et

597 3127 906 3200 tyrannide,
955 3127 1154 3196 quippe
1188 3126 1278 3195 qui
1312 3126 1478 3193 Deus,
1507 3135 1560 3180 et
1603 3141 1770 3179 unum
1806 3125 1898 3188 sit,
1939 3125 2169 3178 liberum

2266 1957 2362 2008 καὶ
2407 1956 2466 2008 ἐν
2515 1954 2787 2026 ἐκκλησίᾳ
2836 1953 3262 2024 ἐκκλησιαστάς.
3314 1955 3523 2009 Οὐκοῦν
3579 1955 3726 2010 οὒτε
3779 1957 3879 2026 δη-

2269 2046 2527 2116 μιουργὸς
2557 2046 2622 2099 ἂν
2650 2047 2734 2116 εἴη
2777 2048 2804 2099 ὁ
2839 2045 2915 2117 μὴ
2952 2047 3018 2116 τῇ
3051 2045 3303 2117 ἐνεργείᾳ
3331 2045 3738 2119 δημιουργῶν,
3782 2048 3879 2101 καὶ

2265 2137 2392 2199 τοὺς
2425 2136 2616 2204 λόγους
2647 2136 2742 2200 οὓς
2773 2136 2887 2206 ἔχει
2913 2138 2991 2200 εἰς
3032 2136 3344 2206 τούμφανὲς
3371 2141 3684 2211 προφέρων
3711 2155 3726 2170 ’
3773 2143 3872 2194 καὶ

2265 2225 2364 2297 τὴν
2385 2227 2620 2281 ἀνείδεον
2642 2227 2774 2298 ὓλην
2811 2228 2890 2291 είς
2913 2222 3051 2290 εἶδος
3082 2228 3176 2281 καὶ
3199 2228 3386 2299 σχῆμα
3423 2231 3880 2300 μετασκευάζων

2269 2336 2327 2371 τε
2353 2319 2448 2372 καὶ
2475 2319 2887 2390 μεθαρμόττων.

2339 2411 2566 2484 ΧΡ1ΣΤ.
2588 2411 2805 2476 Καλῶς,
2829 2407 2896 2482 ἦν
2913 2410 2958 2463 δ’
2983 2408 3113 2480 ἐγώ.
3149 2411 3292 2464 Ἀλλ’
3314 2412 3497 2476 ἄκουε,
3518 2407 3566 2467 ὧ
3593 2415 3874 2485 μακάριε,

2269 2501 2419 2563 ὅπως
2467 2500 2736 2572 ὀρθότατα
2786 2502 2881 2554 τοῦ
2914 2501 3051 2555 Θεοῦ
3107 2503 3234 2574 πέρι
3283 2503 3747 2576 διαλαμϐάνομεν
3779 2507 3877 2557 καὶ

2268 2591 2585 2662 δοξάζομεν.
2618 2593 2802 2663 Φαμὲν
2832 2593 2943 2663 γὰρ
2973 2594 3066 2649 τὸν
3117 2595 3249 2649 Θεὸν
3279 2597 3365 2650 ἀεὶ
3390 2596 3764 2667 δημιουργὸν,
3803 2597 3878 2658 ὡς

2271 2682 2464 2753 ἔχοντα
2509 2685 2641 2748 τοὺς
2671 2684 3100 2755 δημιουργικοὺς
3145 2686 3334 2755 λόγους
3382 2688 3439 2739 ἐν
3493 2688 3709 2758 ἐαυτῷ,
3776 2689 3873 2740 καὶ

2272 2772 2401 2824 ὅταν
2437 2771 2595 2843 ἐθέλῃ
2637 2773 2970 2842 προάγοντα.
3007 2775 3081 2828 Οὐ
3116 2775 3225 2846 γὰρ
3257 2776 3455 2845 ἀργίαν
3493 2778 3742 2830 καθόλου
3777 2776 3872 2828 τοῦ

2272 2862 2406 2916 Θεοῦ
2433 2851 2872 2935 κατηγοροῦμεν,
2911 2863 3023 2918 οὔτ’
3075 2867 3262 2939 ἐπειδή
3293 2886 3422 2922 ποτε
3468 2869 3544 2938 μὴ
3588 2869 3870 2940 δημιουρ-

2273 2955 2379 3020 γεῖ,
2409 2954 2740 3024 δημιουργὸν
2765 2951 2906 3009 εἶναι
2929 2957 3114 3010 τοῦτον
3136 2958 3451 3029 ἀρνούμεθα
3469 2975 3484 2989 ·
3512 2959 3634 3012 ἀλλ’
3669 2961 3739 3013 ἐκ
3760 2959 3871 3012 τῶν

2273 3046 2573 3112 γεγονότων
2601 3046 2932 3118 δημιουργὸν
2974 3049 3347 3120 ἐπιστάμενοι,
3399 3051 3581 3121 πάσης
3623 3051 3872 3121 σγέσεως

2277 3131 2441 3183 αὐτὸν
2479 3133 2575 3184 καὶ
2617 3133 2864 3202 ἀνάγκης
2898 3136 2993 3188 καὶ
3038 3137 3375 3206 τυραννίδος,
3405 3139 3481 3202 ὼς
3525 3139 3666 3193 Θεὸν
3713 3139 3868 3199 ὄντα,

599 3232 724 3274 esse
761 3218 1112 3271 arbitramur.
1148 3216 1312 3271 Beata
1345 3218 1487 3271 enim
1525 3227 1577 3272 et
1629 3218 1802 3272 soluta
1831 3227 2024 3271 natura
2066 3233 2169 3271 non

2278 3224 2371 3275 mi.
2387 3222 2467 3290 ἓν,
2483 3221 2767 3295 ἐλεύθερον
2785 3221 2923 3279 εἶναι
2944 3227 3383 3298 ὑποτοπάζομεν.
3408 3231 3482 3282 Οὐ
3505 3231 3616 3300 γὰρ
3644 3231 3869 3301 ἀνάγκη

599 3311 711 3381 agit
743 3310 1102 3374 necessitate,
1142 3323 1316 3379 neque
1347 3311 1565 3380 quando
1588 3327 1693 3364 non
1722 3311 1853 3380 agit,
1891 3310 2004 3363 sive
2026 3310 2173 3363 inur-

602 3395 807 3468 d'inale,
841 3404 958 3458 sive
988 3405 1148 3459 simul
1181 3406 1382 3470 omnia,
1407 3404 1519 3474 jam
1561 3406 1724 3460 etiam
1757 3414 1989 3473 ponetur
2023 3415 2173 3459 extra

602 3496 809 3565 opificis
854 3506 1122 3550 naturam.
1171 3496 1357 3550 Nonne
1394 3497 1491 3550 tibi
1539 3497 1692 3550 valde
1738 3496 2057 3561 absurdum,
2104 3499 2174 3549 mi

603 3587 942 3655 philosophe,
994 3587 1228 3652 ridetur,
1277 3589 1666 3654 confitendum,
1713 3603 1835 3642 esse
1884 3589 2177 3652 medicum,

601 3678 691 3748 qui
724 3677 1020 3733 instructus
1044 3689 1126 3732 est
1150 3689 1266 3732 arte
1295 3680 1524 3743 medica,
1554 3694 1668 3732 eam
1697 3679 1884 3733 habittt
1916 3681 2178 3749 possidet,

601 3779 656 3822 et
687 3769 741 3822 in
792 3784 851 3823 se
886 3772 1003 3837 ipso
1029 3767 1570 3834 circumfert,unum
1607 3780 1787 3824 autem
1823 3780 1917 3824 aut
1949 3771 2176 3826 alterum

601 3873 829 3928 corpore
860 3859 1193 3914 laborantem
1242 3871 1296 3914 et
1323 3860 1745 3928 periclitantem,
1783 3877 1850 3916 ne
1881 3861 2174 3916 elemento-

604 3964 721 4006 rum
769 3963 1026 4019 compage
1079 3949 1424 4015 dissolvatur,
1481 3951 1702 4005 medica:
1735 3951 1870 4006 artis
1913 3950 2178 4008 beneficio

605 4168 825 4221 nemque
865 4157 1154 4220 majorum,
1200 4151 1311 4218 ejus
1367 4152 1776 4204 communionem
1826 4148 2180 4204 indissolubili

600 4223 847 4278 societate
904 4224 971 4274 ad
1016 4221 1124 4272 Iure
1173 4237 1330 4286 usque
1376 4231 1608 4286 tempora
1655 4238 1944 4283 servemus,
1998 4231 2170 4271 tamen

602 4295 658 4344 id
698 4307 1048 4359 nosecramus.
1082 4289 1219 4342 Inter
1248 4291 1364 4358 ejus
1396 4290 1702 4359 singulares
1732 4291 1908 4343 cultus
1940 4290 2169 4342 habeba-

609 4373 695 4413 tur
725 4358 1022 4428 frequentia
1056 4358 1541 4413 consecrandaruin
1572 4359 1678 4412 Deo
1707 4362 1966 4428 virginum
1999 4361 2172 4426 copia,

605 4445 725 4497 quae
760 4439 903 4481 tanta
936 4429 1226 4498 quotannis
1264 4438 1400 4495 erat,
1444 4438 1504 4481 ut
1535 4428 1761 4482 aliorum
1791 4430 2031 4484 locorum
2071 4445 2166 4480 nn»

607 4513 815 4569 merum
859 4499 1016 4569 longe
1059 4508 1428 4569 exsuperaret.
1464 4498 1667 4552 Auctor
1706 4499 1866 4552 trium
1914 4499 2171 4551 librorum

604 4569 680 4623 De
702 4567 1008 4637 virginibus,
1037 4568 1210 4621 cidem
1234 4567 1522 4620 Ambrosm
1539 4571 1919 4636 ascriptornm,
1947 4569 2041 4620 lib.
2075 4583 2130 4619 ιιι
2155 4585 2168 4620 :

605 4639 666 4691 Si
706 4641 822 4708 quis
858 4647 1010 4707 putat
1060 4639 1448 4691 conservatione
1494 4639 1751 4706 virginum
1797 4639 1963 4690 minui
2010 4653 2172 4708 genus

603 4706 914 4772 htmtanuin,
964 4709 1252 4761 consideret
1284 4709 1430 4775 quia.
1473 4708 1560 4760 ubi
1591 4723 1772 4776 paqu
1813 4709 2033 4776 rirgines
2058 4748 2072 4770 ,
2100 4706 2173 4758 ibi

603 4780 758 4832 etiam
787 4779 1059 4844 pauciores
1081 4776 1354 4839 homines;
1394 4777 1480 4830 ubi
1512 4779 1821 4847 virginitatis
1857 4776 2032 4847 studia
2065 4792 2176 4828 cre-

603 4849 777 4900 briora
797 4886 812 4912 ,
842 4848 911 4900 ibi
935 4863 1204 4901 numerum
1231 4863 1431 4916 quoque
1456 4846 1726 4900 hominum
1761 4864 1870 4900 esse
1899 4846 2170 4914 majorem.

607 4915 801 4969 Discite
851 4927 1076 4986 quantas
1132 4915 1488 4969 Alexandrina
1541 4918 1796 4986 totiusque
1853 4916 2081 4970 Orientis
2125 4924 2174 4967 et

604 4985 869 5054 Africana
900 4985 1137 5039 Ecclesia
1190 5003 1399 5039 sacrare
1447 4985 1727 5051 quotannis
1759 4989 2113 5040 consueverint
2158 5000 2175 5036 :

603 5057 875 5120 pauciores
924 5056 1005 5108 hic
1038 5056 1269 5109 homines
1305 5059 1580 5120 prodeunt,
1621 5072 1773 5124 quant
1814 5055 1924 5109 itlic
1952 5055 2174 5123 virgines

601 5136 996 5178 consecrantur.
1023 5123 1102 5178 Ro
1128 5144 1278 5178 uanae
1297 5126 1512 5194 quidem
1541 5123 1793 5180 Eculesia:
1811 5125 2174 5179 Alexandrina

607 5210 777 5262 usque
796 5196 856 5248 ad
889 5195 1748 5264 gloriationem-conjnngebatnr.
1767 5195 1960 5248 Beatus
1983 5195 2175 5246 Hiero—

608 5279 822 5334 nymus,
853 5268 1009 5335 epist.
1041 5265 1106 5317 68
1135 5284 1145 5316 :
1172 5264 1246 5317 Tu
1279 5265 1407 5318 scito
1435 5266 1580 5317 nobis
1615 5265 1742 5316 nihil
1772 5281 1878 5318 esse
1911 5266 2175 5335 antiquius

604 5333 761 5402 quam
793 5333 986 5389 Christi
1004 5337 1133 5404 jura
1154 5350 1383 5397 servare,
1409 5349 1498 5404 nec
1520 5345 1729 5401 patrum
1761 5333 2051 5404 transferre
2071 5346 2176 5384 ler-

604 5408 794 5469 minus,
818 5407 905 5458 sed
924 5402 1124 5472 semper
1146 5405 1435 5457 meminisse
1461 5402 1747 5456 Romanam
1770 5403 1928 5471 ﬁdem
1963 5405 2179 5466 Aposto—

607 5476 708 5528 lico
739 5491 827 5529 ore
867 5474 1161 5538 laudatam,
1191 5474 1341 5542 cujus
1367 5489 1422 5527 se
1464 5489 1574 5525 esse
1602 5473 1909 5540 participem
1949 5475 2179 5526 Alexan-

604 5545 763 5600 drina
798 5545 1034 5598 Eccfesia
1075 5543 1354 5612 gloriittur.
1391 5542 1698 5597 l'eculiares
1727 5544 1968 5612 ejusdem
2006 5543 2179 5598 Eccle-

605 5617 700 5669 siae
734 5614 1152 5669 consuetudines
1173 5651 1187 5673 ,
1218 5621 1274 5665 ut
1308 5613 1584 5666 sedentem
1627 5614 1934 5682 episcopum
1966 5616 2180 5668 audisse

603 5685 708 5756 legi
741 5684 1023 5756 Evangelia
1047 5696 1292 5756 eumque
1307 5684 1482 5756 solum
1501 5684 1815 5756 concionari
1834 5686 2180 5756 consuet'isse

597 5753 759 5816 notat
807 5753 1140 5822 Nic-ephorus
1182 5753 1468 5818 Callistus,
1502 5753 1594 5809 lib.
1633 5769 1729 5820 xu,
1758 5770 1806 5812 c.
1851 5755 1940 5811 5t.
1988 5756 2037 5810 ιδ
2065 5757 2180 5825 epi-

2282 3315 2612 3385 δημιουργεῖ
2670 3317 2704 3387 ἡ
2753 3315 3014 3389 ἐλευθέρα
3061 3320 3154 3372 καὶ
3208 3320 3454 3390 μακαρία
3508 3320 3712 3391 φύσις,
3757 3321 3868 3373 οὔτ’

2280 3405 2465 3475 ἐπειδή
2502 3423 2631 3460 ποτε
2662 3408 2736 3478 μὴ
2785 3409 3145 3479 δημιουργεῖ,
3197 3411 3331 3481 μηδὲ
3381 3413 3659 3480 ἀτάκτως,
3721 3413 3858 3483 μηδὲ

2280 3496 2397 3567 ἅμα
2423 3499 2620 3563 πάντα,
2665 3499 2766 3570 ἤδη
2807 3501 2903 3554 καὶ
2926 3501 3019 3554 τοῦ
3067 3500 3206 3556 εἶναι
3237 3503 3570 3574 δημιουργὸς
3606 3507 3720 3573 ἔξω
3751 3506 3867 3558 κεί.

2288 3603 2458 3640 σεται.
2490 3589 2561 3641 ’Ἡ
2587 3589 2686 3642 οὑκ
2724 3589 2987 3654 ἐπιεικῶς
3014 3591 3216 3644 ἄτοπόν
3262 3610 3364 3658 σοι,
3397 3586 3441 3645 ὦ
3475 3594 3652 3662 φίλος,
3690 3613 3866 3647 κατα-

2280 3677 2552 3744 φαίνεται,
2591 3679 2775 3745 ἰατρδν
2809 3681 3017 3733 ἐκεῖνον
3053 3683 3253 3737 εἰδέναι
3299 3685 3395 3737 κοιλ¹
3444 3685 3738 3755 ὁμολογεῖν
3775 3685 3867 3737 τὸν

2285 3771 2385 3837 τῆς
2417 3770 2665 3840 ἰατρικῆς
2685 3770 3092 3842 ἐπειλημμένον
3129 3774 3347 3846 τέχνης,
3374 3777 3466 3829 καὶ
3495 3779 3554 3830 ἐν
3586 3778 3702 3844 ἔξει
3735 3774 3868 3828 ταῦ-ι

2282 3875 2381 3930 της
2415 3861 2706 3928 γεγονότα,
2745 3863 2838 3915 καὶ
2878 3863 3086 3934 ταύτην
3138 3865 3196 3918 ἐν
3225 3866 3404 3938 ἐαυτῷ
3453 3870 3862 3940 περιφέροντα·

2283 3951 2378 4003 ἕνα
2411 3950 2470 4003 δέ
2503 3968 2606 4005 που
2644 3953 2678 4025 ἢ
2705 3953 2956 4026 δεύτερον
2989 3955 3050 4008 τὸ
3095 3956 3255 4029 σῶμα
3283 3959 3529 4029 καμόντα
3552 3961 3650 4014 καὶ
3681 3958 3865 4014 κινδυ-

2289 4163 2476 4220 copas,
2505 4161 2628 4221 post
2661 4154 2878 4208 tertium
2922 4154 3251 4225 Ephesinnm
3299 4159 3582 4223 consilium
3605 4199 3620 4223 ,
3666 4170 3722 4214 et
3755 4161 3858 4215 mi-

2283 4231 2422 4306 tram
2454 4225 2657 4305 recepit
2689 4237 2744 4306 et
2770 4226 2932 4306 ξἐιρᾶξ-
2957 4227 3058 4306 δώ]
3095 4228 3850 4306 atppellalimtctnfinditzavit,

2281 4302 2335 4362 et
2383 4295 2619 4362 universi
2667 4295 2814 4348 orbis
2839 4295 3002 4362 judex
3036 4295 3255 4352 habitus
3294 4309 3397 4361 est,
3437 4301 3480 4352 si
3517 4298 3653 4355 fidus
3688 4303 3855 4354 tradi—

2287 4361 2520 4439 tionibus
2545 4363 2786 4431 ejusdem
2814 4361 3105 4433 Nicepltori
3136 4367 3230 4421 lib.
3263 4382 3374 4434 xlv,
3421 4384 3470 4422 c.
3524 4370 3611 4431 54.
3642 4387 3698 4439 p.
3735 4370 3851 4424 181).

2209 4444 2252 4498 ο
2285 4429 2382 4482 ΒΑ.

2351 4500 2460 4571 (60)
2489 4500 2650 4580 Mnes
2679 4503 3172 4580 πανηγυρίζοντα.
3228 4504 3283 4580 lu
3337 4507 3565 4562 coetibus
3597 4503 3698 4563 non
3734 4526 3854 4580 per-

2277 4580 2545 4624 orantem.
2597 4571 2654 4624 lu
2688 4576 3040 4646 conventibus
3091 4576 3407 4643 populorum
3465 4593 3562 4646 per
3608 4571 3854 4634 civitates

2277 4649 2448 4709 artem
2505 4657 2656 4694 suam
2708 4644 3035 4698 exercebant
3075 4648 3337 4709 rhetores,
3383 4644 3546 4704 variis
3605 4655 3766 4705 motis
3820 4669 3846 4702 ιι

2278 4708 2513 4776 quolibet
2561 4712 2970 4777 quaestionibus.
3029 4713 3120 4768 Sic
3156 4708 3489 4771 somniorum
3544 4722 3845 4774 doctrinam

2279 4788 2332 4858 _e_t_
2357 4778 2687 4858 judiciaqper
2722 4796 3023 4858 panegyres
3059 4782 3280 4858 Grieciae
3314 4790 3771 4858 seseiexplorasse
3799 4799 3850 4843 et

2279 4848 2431 4902 libris
2461 4856 2646 4916 postea
2695 4848 2977 4906 mandasse
3022 4855 3213 4906 scribit
3244 4848 3621 4914 Artemidorus
3666 4859 3848 4913 l’rom-

2283 4920 2389 4994 mio
2423 4917 2636 4994 ἱΤοζιτο
2683 4919 2739 4972 δὲ
2772 4921 2867 4994 καὶ
2905 4922 3110 4994 σφόδρα
3155 4923 3597 4994 διαϐεϐλημένων
3643 4929 3752 4982 τῶν
3793 4931 3848 4980 ἐν

2280 4986 2458 5066 αγορᾷ
2482 4991 2763 5066 μάντεων,
2787 4989 2878 5066 οὓς
3013 4986 3277 5063 τέροῒκτας
3310 5011 3369 5047 τε
3400 4986 3501 5048 ’καὶ
3529 4997 3730 5066 γόητας
3761 4999 3848 5052 καὶ

2282 5055 2625 5136 βωμολόχους
2651 5058 2907 5136 καλοῦσιν
2937 5055 2985 5114 οἱ
3015 5055 3598 5134 σεμνοπροσιυποῦντες
3617 5055 3727 5122 ’καί
3755 5074 3848 5129 τὰς

2278 5127 2450 5210 oppr);
2501 5130 2905 5210 ἀνεσπακότες,
2958 5127 3530 5210 καταφρονήσας-φῆς
3574 5127 3847 5210 εισὸοὶ-ῆςζ

2279 5197 2424 5270 ἔτεσι
2463 5197 2676 5270 πολλοῖς
2705 5200 2981 5270 ὡμίλησα,
3019 5197 3200 5255 καῖὲν
3256 5197 3466 5258 Ἑλλάδι
3488 5197 3635 5260 ⁷κατὰ
3670 5197 3846 5269 πόλεις

2280 5266 2373 5346 καὶ
2408 5266 2783 5350 πανηγύρεις,
2818 5266 2923 5350 καὶ).¹
2960 5275 3017 5323 ἐν
3069 5274 3243 5350 Ἀσία,
3279 5276 3374 5350 καὶ
3407 5278 3470 5350 ἐν
3527 5279 3727 5350 Ἰταλίᾳ
3760 5266 3847 5331 καὶ

2278 5338 2386 5417 τῶν
2418 5338 2758 5417 itﬁuium—mi;
2799 5340 3081 5417 μεγίσταις
3115 5338 3842 5417 καίξπολυανθρωπίοτᾶταις.

2282 5407 2569 5484 timuiiter
2598 5407 2832 5484 ἀκουειν-
2848 5409 3106 5484 παλαιοὺς
3131 5407 3371 5484 ὀνείρους
3401 5407 3496 5469 καῖ
3524 5416 3727 5471 τούτων
3752 5407 3843 5479 τάς

2283 5477 2604 5556 ἀποϐάσεις.
2631 5479 2795 5533 Multa
2822 5480 2936 5556 l0£3
2966 5482 3070 5535 huc
3097 5477 3391 5556 pertinent,
3420 5487 3650 5556 hincque
3674 5477 3841 5541 lnrcai

2283 5549 2521 5627 capiunt,
2548 5562 2824 5628 oratorum
2856 5549 3166 5628 Grecorum
3197 5555 3297 5607 sub
3328 5549 3578 5628 Romani;
3602 5559 3839 5628 imperio.

2283 5621 2552 5685 praecipue
2600 5619 2843 5694 aniani.
2889 5617 3048 5673 Varia
3087 5632 3275 5694 autem
3312 5626 3635 5694 significatio
3671 5617 3840 5689 iet-bi;

2282 5702 2403 5740 nam
2443 5698 2587 5767 recte
2634 5698 2688 5742 et
2735 5692 2878 5767 festa
2917 5700 2972 5744 et
3011 5693 3314 5767 spectacula
3369 5692 3657 5767 et__laudes
3707 5699 3840 5767 ipsas

2283 5759 2578 5829 panegvrin
2601 5761 2880 5829 coaipiecti
2896 5771 3045 5816 notat
3060 5763 3405 5821 doctissimus
3420 5759 3741 5837 Hesychius:
3753 5767 3839 5826 Bst
