4154 6562
365 378 500 440 1009

1374 378 1826 437 DISPUTATIO
1867 379 1965 438 DE
2006 379 2255 438 MUNDI
2296 380 2646 439 OPIFIClO.

368 488 624 559 (summa
655 488 755 557 τῆς
791 486 900 543 τῶν
945 488 1225 558 στοιχείων
1282 488 1545 558 ἁρμονίας
1587 488 1926 555 διαλυθῆναι,

2032 498 2210 551 curat,
2246 504 2421 557 neque
2454 491 2663 543 interea
2696 491 2840 543 circa
2876 492 3198 547 medicinam
3226 506 3484 565 perpetuo
3517 516 3610 553 oc-

297 578 305 585 ’
355 581 444 634 διὰ
478 580 577 650 τῆς
634 580 885 651 ἰατρικῆς
943 578 1382 649 εὐεργετήσαντα
1436 578 1653 648 τέχνης,
1708 578 1809 632 κᾶν
1860 579 1934 651 μὴ

364 670 496 743 περὶ
526 671 624 743 τὴν
652 670 897 742 ἰατρικὴν
926 671 985 734 ἐς
1028 671 1116 723 ἀεὶ
1153 671 1353 739 ἐνεργῇ
1378 686 1393 701 ο
1447 671 1537 721 τὸν
1580 670 1637 722 δὲ
1685 670 1817 723 Θεὸν
1856 672 1932 741 μὴ

361 762 695 833 δημιουργὸν
760 762 1146 828 ὑποτοπάζειν,
1216 763 1343 815 ὃταν
1427 763 1608 835 ἐθέλῃ,
1675 764 1935 835 δημιουρ-
1990 806 1995 807 ν

360 853 591 922 γοῦντα;

431 946 559 998 ΙΛΤ.
598 945 744 997 Πάνυ
778 962 865 1013 γε.

427 1036 655 1090 ΧΡΙΣΤ.
712 1037 897 1108 Αὐτὰρ
929 1036 1021 1087 καὶ¹
1056 1035 1147 1089 τὸν
1185 1039 1495 1092 τεκτονικὸν
1534 1040 1627 1091 καὶ
1660 1040 1932 1110 οἰκοδομι-

356 1126 451 1178 κὸν
472 1167 486 1190 ,
531 1127 788 1195 μουσικόν
816 1143 875 1179 τε
916 1122 983 1179 αὖ
1024 1126 1118 1178 καὶ
1149 1128 1463 1197 ῥητορικὸν,
1487 1129 1637 1182 οὐδὲν
1669 1129 1733 1182 ἂν
1756 1129 1933 1199 λωϐή-

358 1230 510 1265 σαιτο
544 1215 573 1283 ἡ
621 1213 678 1265 ἐν
715 1231 820 1267 τινι
853 1215 1029 1285 χρόνῳ
1066 1214 1192 1285 περὶ
1232 1214 1299 1268 τά
1347 1216 1703 1287 πραττόμενα
1746 1218 1931 1280 αὐτοῖς

354 1304 542 1372 ἀργία.

425 1395 559 1447 ΙΑΤ.
593 1396 666 1448 Οὐ
706 1396 836 1464 γάρ.

425 1488 651 1541 ΧΡΙΣΤ.
673 1483 818 1550 Εἶεν,
835 1484 900 1559 ἧν
920 1488 965 1539 δ’
990 1488 1124 1558 ἐγὼ,
1141 1488 1364 1553 τούτους
1385 1490 1482 1560 μὲν
1499 1490 1766 1555 ἅπαντας,
1784 1491 1930 1544 ἐλευ-

358 1577 515 1650 θερίᾳ
551 1596 611 1631 τε
666 1580 1016 1650 γεραίρομεν,
1051 1581 1287 1650 ἀφετούς
1320 1599 1379 1634 τε
1429 1582 1524 1634 καὶ
1572 1582 1926 1650 αὐτονόμους,

332 1669 451 1722 ’καὶ
479 1672 659 1740 πάσης
689 1673 933 1742 ἀνάγκης
977 1674 1135 1737 ἐκτὸς
1185 1670 1326 1728 εἶναι
1360 1674 1603 1744 τίθεμεν,
1662 1677 1792 1744 περὶ
1829 1675 1928 1747 τὴν

353 1762 463 1815 τῶν
485 1765 700 1817 οἰκείων
730 1766 935 1835 τεχνῶν
967 1767 1250 1838 ἐνέργειαν
1269 1783 1283 1796 ⁸
1318 1767 1409 1820 τὸν
1438 1768 1494 1819 δὲ
1530 1768 1751 1821 πάντων
1776 1768 1929 1838 βασι-

354 1854 449 1907 λέα
477 1856 564 1908 τὸν
593 1856 752 1925 μόνον
784 1857 1090 1928 ἐλεύθερον,
1122 1859 1216 1911 καὶ
1253 1859 1354 1929 τῆς
1392 1860 1559 1921 ὅντως
1597 1858 1766 1929 οὔσης
1785 1860 1932 1913 ὲλευ-
1966 1864 2005 1918 Β

356 1947 543 2018 θερίας
564 1950 676 2010 τοῖς
701 1949 877 2012 ἄλλοις
911 1950 1165 2021 χορηγὸν,
1188 1951 1283 2005 καὶ
1305 1951 1585 2021 διανομέα,
1611 1954 1679 2022 τῇ
1714 1953 1930 2006 πάντων

353 2039 466 2091 τῶν
510 2041 566 2093 ὲν
621 2039 835 2109 γενέσει
875 2041 971 2093 καὶ
1013 2041 1189 2113 φθορᾷ
1241 2041 1519 2113 κρατούσῃ
1561 2041 1930 2112 ύποζεύξομεν

355 2130 593 2203 ἀνάγκη,
637 2131 730 2184 καὶ
752 2131 920 2203 ταύτῃ
951 2131 1226 2186 δουλεύειν
1260 2135 1356 2186 καὶ
1398 2133 1563 2186 αὑτὸν
1590 2133 1931 2203 ύποτοπήσο-

359 2239 488 2292 μεν’
525 2224 590 2275 ἵν’
622 2223 654 2293 ἢ
716 2224 791 2294 μὴ
844 2223 1176 2295 δημιουργὸς
1214 2225 1530 2299 όμολογοίτο
1590 2225 1728 2297 πρὸς
1759 2225 1915 2296 ἡμῶν

358 2313 641 2384 ἐλευθερίᾳ
666 2316 1051 2386 τετιμημένος,
1099 2316 1298 2387 καὶμὴ
1345 2318 1795 2388 ἀναγκαζόμενος
1839 2307 1932 2387 δη-

356 2406 673 2471 μιουργεῐν;
700 2404 853 2473 Μήτε
887 2405 978 2473 ὑφ’
1023 2404 1243 2458 ἑαυτοῦ.
1294 2405 1430 2459 Οὔτε
1471 2406 1581 2479 γὰρ
1615 2408 1802 2471 στάσις
1837 2407 1931 2461 καὶ

356 2493 505 2563 μάχη
542 2496 670 2565 περὶ
698 2495 796 2568 τὴν
834 2498 1204 2551 ἀστασίαστον
1234 2499 1327 2551 καὶ
1360 2498 1644 2569 ἀμάχητον
1675 2502 1767 2553 καὶ
1795 2502 1929 2570 ἡρε-

358 2582 563 2652 μοῦσαν
614 2586 708 2638 καὶ
739 2586 1045 2656 είρηναίαν,
1102 2586 1306 2655 μᾶλλον
1341 2586 1398 2639 δὲ
1429 2588 1785 2660 αύτοειρήνην
1817 2589 1929 2659 (61)

352 2678 727 2746 τυγχάνουσαν
748 2677 899 2731 θείαν
932 2681 1116 2747 φύσιν.
1148 2679 1366 2749 Ἐπειδὴ
1392 2680 1540 2735 πᾶσα
1560 2681 1795 2750 ἁπλότης
1818 2680 1930 2752 (62)

354 2768 451 2820 καὶ
495 2768 627 2820 αὐτὸ
667 2768 728 2820 τὸ
775 2768 854 2831 ἓν,
902 2768 997 2820 καὶ
1046 2766 1297 2831 σύνθεσις
1351 2768 1609 2837 οὐδαμοῦ,
1655 2771 1792 2838 μήτε
1825 2770 1932 2823 ὑπό

355 2876 468 2912 του.
511 2860 586 2913 Οὐ
633 2859 742 2930 γάρ
785 2859 880 2913 τοῦ
925 2860 1145 2913 πάντων
1181 2857 1441 2929 βασιλέως
1472 2860 1587 2912 ὲστί
1630 2877 1682 2913 τι
1728 2862 1932 2916 ἐπανα-

357 2946 616 3018 ϐεϐηκός·
662 2949 694 3019 ἢ
745 2950 793 3002 εί
856 2948 1188 3021 δημιουργὸς
1245 2946 1661 3016 ύποτοπάζοιτο,
1713 2950 1931 3019 δεσμοῖς

357 3038 601 3110 ἀνάγκης
658 3040 846 3093 τοῦτον
901 3040 1251 3111 δημιουργεῖν
1284 3040 1395 3111 (65)
1452 3040 1750 3113 νομίσομεν
1781 3040 1921 3112 (64).

431 3219 561 3275 ΙΛΤ.
593 3218 788 3283 Καλῶς
816 3218 1015 3287 λέγεις.

429 3310 652 3364 ΧΡΙΣΤ.
684 3305 760 3362 Ἦ
787 3310 886 3363 οὐκ
936 3307 1108 3369 οἶσθα.
1161 3302 1206 3361 ὧ
1264 3307 1390 3378 φίλη
1445 3308 1678 3379 κεφαλὴ,
1728 3308 1803 3371 ὡς
1834 3308 1935 3361 οὐκ

358 3401 574 3471 ἀνάγκη
601 3442 617 3467 ,
647 3400 783 3454 ἀλλά
814 3400 949 3471 μόνη
1000 3399 1293 3469 ἀγαθότης,
1324 3400 1422 3468 τῆς
1451 3399 1809 3469 δημιουργίας
1841 3400 1934 3451 καὶ

364 3495 633 3563 ποιήσεως
655 3492 808 3546 τοῦδε
838 3492 933 3545 τοῦ
980 3492 1183 3555 παντὸς
1231 3492 1612 3560 καθηγήσατο,
1644 3492 1738 3544 καὶ
1764 3509 1933 3561 προσ-

356 3584 542 3636 τάττει
587 3585 679 3635 καὶ
724 3581 1081 3653 ήγεμονεύει;
1116 3582 1224 3636 Καὶ
1270 3583 1317 3634 εί
1353 3581 1578 3651 βούλει,
1625 3582 1787 3635 ἄκουε
1841 3584 1935 3633 καὶ

358 3674 452 3727 τοῦ
479 3675 744 3746 ὑμετέρου
790 3675 1073 3737 Πλάτωνος
1104 3673 1309 3744 ταύτην
1342 3673 1436 3747 καὶ
1465 3673 1633 3742 μόνην
1656 3672 1835 3724 αἰτίαν
1863 3668 1928 3723 εἷ-

361 3784 448 3821 ναι
478 3767 727 3836 λέγοντος
757 3770 855 3835 τῆς
886 3766 991 3819 τῶν
1021 3766 1156 3819 ὅλων
1201 3765 1548 3827 συστάσεως’
1596 3764 1671 3827 ὡς
1718 3763 1809 3816 τὸν
1840 3764 1926 3818 Τί-

353 3874 534 3926 μαιον
574 3858 860 3921 συντιθεὶς,
891 3851 993 3910 ὧδέ
1027 3872 1179 3927 φησι·
1227 3856 1485 3925 Λέγωμεν
1522 3855 1622 3925 τὴν
1651 3854 1829 3909 αἰτίαν
1861 3854 1928 3907 δι’

359 3949 426 4019 ἠν
459 3956 486 4001 ὀ
533 3949 786 4012 συνιστὰς
827 3950 946 4001 τόδε
992 3949 1052 4001 τὸ
1083 3950 1191 4001 πᾶν
1253 3949 1620 4018 συνεστήσατο
1646 3964 1659 3977 ·
1726 3946 1929 4015 ἀγαθὸς

360 4035 429 4109 ἦν
460 4057 472 4069 ·
508 4040 699 4110 ἀγαθῷ
734 4039 790 4093 δὲ
828 4039 1000 4102 οὐδεὶς
1037 4038 1290 4091 οὐδέποτε
1326 4038 1457 4108 περὶ
1499 4037 1711 4102 οὐδενὸς
1746 4036 1813 4091 ἂν
1840 4036 1929 4108 γέ-

364 4147 505 4182 νοιτο
529 4130 719 4199 φθόνος
745 4146 761 4161 ο
790 4129 925 4200 πρὸς
963 4127 1040 4195 δὲ,
1072 4125 1169 4181 καὶ
1195 4123 1351 4179 τοῦτο
1384 4124 1558 4197 ἄθρει.
1694 4114 1703 4119 ’

434 4223 565 4275 lAT.
590 4221 663 4275 Τὸ
685 4224 835 4274 ποῖον
861 4220 923 4290 δή
950 4236 964 4285 ;

434 4375 545 4443 tot)
572 4371 991 4441 Αὑτοειρήνην.
1021 4370 1111 4426 Dei
1141 4371 1425 4443 imperium
1448 4380 1500 4425 et
1525 4368 1783 4437 majestas
1809 4369 1919 4438 ipsa

363 4458 463 4517 pax
488 4442 592 4507 εει,
619 4459 779 4517 quam
817 4458 920 4517 non
955 4451 1178 4517 tangunt
1210 4442 1469 4495 tumultus
1498 4448 1918 4517 qualescunque.

2040 578 2270 646 cupatur
2301 596 2314 632 :
2345 579 2510 633 Deum
2565 590 2744 634 autem
2804 582 3049 650 upilit-em
3103 599 3224 640 esse
3272 589 3607 658 negandum,

2038 673 2181 740 quod
2238 672 2454 727 nonnisi
2487 687 2608 726 cum
2648 672 2779 728 velit
2811 675 3105 743 Operetur?

2108 933 2273 990 MED.
2316 934 2565 990 Minume.
3376 974 3377 981 η

2106 1022 2377 1079 CllRlST.
2422 1023 2486 1075 Et
2524 1037 2649 1077 vero
2684 1022 2897 1077 fabrum
2946 1031 3003 1077 et
3058 1023 3434 1089 architectum,
3476 1040 3608 1080 catt-

2034 1115 2374 1183 sidicnmque
2414 1125 2467 1167 et
2504 1115 2776 1167 rhetorem
2829 1112 2962 1166 nihil
2994 1112 3197 1169 lmserit
3225 1152 3241 1180 ,
3269 1114 3315 1169 si
3358 1116 3608 1184 aliquan-

2034 1204 2122 1255 diu
2153 1204 2220 1257 ab
2256 1205 2343 1270 iis,
2380 1206 2523 1258 circa
2552 1220 2672 1274 qua:
2709 1214 2957 1260 versatur
2996 1220 3187 1260 eorum
3219 1218 3333 1272 ars,
3364 1207 3605 1262 desistet.

2105 1377 2269 1431 MED.
2310 1377 2545 1431 Minime.

2101 1468 2374 1524 CHRIST.
2415 1468 2677 1538 Agedum,
2726 1470 2826 1524 hos
2870 1470 3090 1539 quidem
3136 1484 3324 1526 omnes
3355 1469 3609 1527 libertate

2030 1560 2353 1613 decoramus
2396 1560 2624 1626 solutos,
2680 1571 2733 1613 et
2779 1561 2858 1613 sui
2894 1560 3050 1629 juris,
3098 1577 3161 1615 ac
3198 1572 3351 1617 extra
3389 1577 3606 1617 onmem

2033 1650 2416 1704 necessitatem
2449 1650 2719 1718 ponimus,
2751 1651 2893 1719 quod
2936 1651 3131 1705 attinet
3161 1652 3227 1706 ad
3263 1654 3604 1723 propriarum

2029 1742 2229 1794 artium
2255 1741 2598 1795 eﬂicientiam
2632 1759 2644 1793 :
2679 1736 2920 1795 omnium
2950 1754 3128 1797 autem
3169 1759 3351 1812 regem
3386 1748 3475 1815 qui
3510 1762 3604 1800 so-

2032 1830 2113 1884 lus
2145 1840 2228 1884 est
2258 1832 2415 1896 liber,
2451 1847 2515 1886 ac
2547 1847 2727 1884 veram
2778 1831 3081 1887 libertatem
3117 1836 3370 1891 omnibus
3420 1851 3610 1905 suppe-

2033 1923 2171 1976 ditat
2218 1931 2274 1977 et
2322 1923 2622 1991 dispensat,
2674 1923 2986 1976 necessitati
3032 1938 3151 1990 quae
3197 1924 3506 1979 dominatur
3553 1926 3602 1979 in

2030 2014 2281 2069 omnibus
2310 2015 2409 2069 sub
2433 2026 2611 2069 ortum
2644 2026 2696 2068 et
2732 2016 3013 2069 interitum
3060 2016 3394 2081 Cadenlibus,
3442 2017 3608 2088 subji-

2031 2107 2263 2172 ciemus,
2312 2122 2375 2161 ac
2407 2108 2454 2161 ei
2502 2107 2796 2176 mancipari
2848 2108 3014 2159 etiam
3048 2106 3221 2174 ipsum
3271 2108 3604 2164 existimabis

2034 2215 2182 2266 mus;
2232 2209 2293 2253 ut
2343 2214 2449 2253 non
2497 2199 2681 2267 Opifex
2734 2198 3029 2252 aﬂirmelur
3071 2214 3103 2252 a
3160 2200 3314 2255 nobis
3356 2200 3607 2257 libertate

2031 2300 2277 2355 ornatus,
2312 2301 2364 2343 et
2398 2306 2500 2342 non
2538 2291 2867 2345 necessitate
2901 2298 3124 2343 coactus
3152 2291 3217 2343 ad
3245 2306 3331 2345 res
3360 2294 3601 2347 conden-

2033 2384 2165 2437 das?
2191 2382 2375 2451 Neque
2427 2400 2454 2434 ιι
2488 2400 2545 2436 se
2577 2383 2712 2451 ipso.
2760 2382 2944 2451 Neque
2991 2383 3133 2436 enim
3176 2394 3261 2437 est
3294 2386 3489 2440 seditio
3522 2386 3603 2439 vel

2033 2491 2207 2543 pugna
2243 2475 2389 2527 circa
2438 2474 2671 2527 divinam
2703 2484 2978 2539 nauitam,
3026 2475 3204 2528 omnis
3248 2478 3609 2545 repugnantia:

2031 2576 2085 2618 et
2127 2564 2485 2619 dissensionis
2532 2574 2831 2633 expertem,
2877 2576 2930 2618 et
2960 2567 3200 2633 quietam
3251 2574 3305 2617 et
3338 2576 3604 2634 pacatam,

2033 2656 2141 2709 into
2166 2670 2294 2710 vero
2324 2654 2654 2723 ipsissimam
2687 2669 2899 2724 pacem.
2926 2657 3397 2727 'Quandoquidem
3432 2661 3609 2715 omnis

2030 2745 2351 2813 simplicitas
2406 2742 2570 2797 etiam
2629 2742 2807 2811 ipsum
2857 2760 3021 2797 unum
3067 2756 3173 2809 est,
3204 2756 3259 2799 et
3286 2748 3607 2815 compositio

2037 2850 2332 2905 nusquam,
2366 2849 2541 2903 neque
2572 2834 2641 2889 ab
2670 2835 2853 2903 aliquo
2889 2836 2937 2889 ei
2976 2836 3215 2892 advenit.
3250 2836 3435 2906 Neque
3462 2838 3605 2892 enim

2033 2927 2409 2982 universorum
2443 2926 2552 2995 regi
2601 2927 2890 2995 quidquam
2939 2927 3174 2991 accidit;
3214 2937 3305 2981 aut
3348 2929 3392 2983 si
3426 2928 3605 2998 opifex

2032 3019 2399 3080 existimetur,
2428 3019 2653 3070 vnn-uiis
2679 3020 3019 3072 necessitatis
3048 3022 3402 3076 constrictum
3431 3022 3605 3092 ipsum

2033 3112 2269 3165 condere
2296 3112 2706 3163 arbitrabimur.

1958 3216 1999 3273 ο
2102 3200 2267 3255 MED.
2308 3200 2542 3255 Pulchre
2569 3201 2729 3255 dicis.

2101 3292 2373 3348 CHRIST.
2422 3296 2503 3346 An
2553 3294 2775 3359 nescis,
2819 3294 3205 3348 cliarl’ssitnum
3255 3307 3451 3364 caput,
3498 3314 3604 3352 non

2032 3388 2430 3451 necessitatem,
2467 3390 2559 3439 sed
2584 3385 2755 3439 solam
2793 3387 3089 3440 bonitatem
3136 3387 3337 3455 opilicii
3377 3399 3433 3441 et
3474 3388 3605 3444 effe-

2032 3476 2226 3531 ctionis
2265 3475 2419 3542 hujus
2458 3476 2835 3529 universitatis
2869 3477 3058 3530 duceni
3104 3475 3296 3539 fuisse,
3329 3486 3382 3532 et
3415 3479 3603 3545 praesi-

2032 3568 2174 3631 dem,
2210 3575 2264 3619 et
2293 3566 2749 3635 gubernatorem?
2776 3566 2829 3619 Si
2864 3568 2962 3629 vis,
3001 3566 3126 3619 audi
3154 3576 3391 3619 vestrum
3420 3567 3596 3623 Plato-

2035 3674 2180 3721 nem,
2206 3658 2343 3712 hanc
2370 3658 2539 3713 solam
2564 3672 2682 3711 esse
2706 3672 2924 3711 causam
2957 3657 3391 3725 pronuntiantem
3418 3660 3603 3714 mundi

2034 3751 2418 3805 constituendi.
2450 3748 2543 3805 llle
2586 3749 2839 3803 Tinneum
2879 3749 3248 3813 conscribens,
3280 3748 3359 3803 sic
3390 3749 3602 3819 inquit:

2037 3842 2272 3897 [ﬁdamus
2300 3857 2546 3909 causam,
2582 3850 2983 3911 propterquam
3014 3842 3279 3896 Conditor
3316 3842 3457 3896 hanc
3486 3843 3602 3897 uni-

2038 3937 2349 3990 versitatent
2401 3935 2686 3991 condidit:
2716 3935 2898 3989 Bonus
2945 3943 3085 4000 erat,
3135 3935 3275 3989 bono
3328 3949 3601 4004 nunquam

2037 4028 2141 4082 ulla
2176 4029 2241 4084 de
2278 4043 2334 4083 re
2384 4029 2524 4083 inest
2570 4028 2796 4083 invidia.
2836 4027 3103 4082 Praeterea
3151 4027 3312 4082 etiam
3342 4026 3484 4084 istud
3516 4028 3599 4086 in-

2034 4119 2200 4189 spice.
3244 4121 3251 4127 “

2106 4212 2267 4267 MED.
2309 4211 2612 4278 Quidnam?

2028 4378 2134 4423 cat.
2164 4367 2432 4431 Lucanus,
2461 4368 2551 4423 lib.
2582 4384 2616 4422 It
2650 4387 2661 4422 :
2690 4365 3155 4440 [Pacentsutntna
3175 4380 3366 4423 tenent.
3396 4371 3597 4427 Seneca

2032 4442 2170 4505 apud
2200 4440 2536 4493 Lactantium
2566 4440 2659 4493 lib.
2694 4454 2765 4502 vr,
2789 4455 2840 4491 c.
2871 4439 2941 4491 25
2974 4455 2988 4490 :
3019 4439 3243 4491 vultisne
3263 4457 3369 4497 eos.
3403 4442 3597 4508 inquit,

366 4500 527 4569 Docet
551 4500 742 4566 n'ut'nrn
765 4500 1090 4566 beatissimi:
1112 4520 1336 4573 naturae,
1360 4500 1533 4578 neque
1557 4512 1733 4563 minus
1754 4500 1926 4563 sacris
1962 4500 2000 4551 Ῐ)
2037 4500 2199 4562 Deum
2221 4512 2450 4575 cogitare
2480 4526 2722 4577 magnum
2754 4500 2804 4560 vel
2833 4509 3099 4573 placidum
3124 4519 3170 4561 et
3200 4500 3598 4577 tnajestate'leni

362 4584 719 4651 scriptoribus
745 4590 1075 4651 agnoverunt
1104 4581 1393 4651 gentiliutn'
1417 4580 1678 4632 nonnulli.
1714 4578 1929 4651 Cassio-

363 4648 549 4718 dorus,
596 4652 671 4705 De
721 4648 920 4715 anima,
954 4666 1003 4702 c.
1054 4649 1119 4704 16
1160 4666 1174 4700 :
1218 4650 1444 4702 Serenus
1490 4659 1764 4711 coruscat;
1807 4648 1928 4718 pius

364 4717 645 4791 fultitiitat;
684 4722 793 4775 ima
822 4735 1126 4787 summaque
1160 4719 1447 4791 sapientia:
1479 4734 1589 4791 sua:
1618 4720 1725 4784 lege
1754 4717 1929 4791 inade-

365 4787 559 4845 ratur:
599 4792 795 4845 scilicet
829 4806 952 4857 quta
992 4796 1046 4840 in
1083 4787 1451 4856 gubernatione
1480 4787 1593 4855 ejus
1636 4789 1926 4857 consistunt

366 4862 565 4924 omnia,
594 4877 697 4913 non
729 4861 782 4913 in
816 4856 909 4911 suo
941 4872 1089 4926 posse
1120 4857 1300 4909 relicta
1327 4871 1344 4917 ,'
1374 4857 1624 4909 irascitur
1659 4856 1928 4919 blandus;

360 4932 568 5000 judicat
605 4931 952 4998 tranquillus;
979 4938 1023 5000 et
1065 4927 1178 4980 sine
1222 4926 1709 5000 mutabilitateejns
1743 4941 1927 5000 proce-

372 4995 476 5051 niet
504 5001 641 5068 quod
671 4995 1291 5068 delinquentiumreatus
1311 4998 1550 5061 excipiet.
1578 4995 1928 5068 Philosophos

372 5064 530 5123 nemo
566 5070 754 5123 nescit.
783 5068 1039 5136 Papinius
1076 5066 1143 5119 de
1170 5064 1623 5136 Jove‘sutttinoet
1652 5064 1926 5136 Platonico

373 5138 647 5191 nntninum
688 5132 935 5198 numine,
970 5136 1061 5190 lib.
1106 5150 1162 5187 ιιι
1200 5132 1380 5197 Tlteb.,
1412 5135 1501 5200 qui
1536 5134 1756 5189 Martem
1790 5134 1925 5185 allo-

371 5208 556 5273 quitur
590 5226 602 5261 :
634 5206 648 5276 [
694 5207 841 5276 Rape
864 5205 1186 5276 cunctantes,
1235 5214 1280 5255 et
1306 5203 1705 5276 rfwderauturba
1748 5200 1927 5276 [Qum

371 5271 646 5339 dedimus}
690 5278 781 5329 tibi
816 5275 898 5343 fus
945 5276 1080 5342 ipsos
1129 5275 1400 5326 incendere
1442 5273 1574 5343 bello
1605 5272 1621 5343 j
1655 5271 1923 5326 Creticolas

370 5363 648 5414 paremque
692 5341 880 5400 meant.
921 5341 1063 5397 Ideni
1095 5344 1321 5397 linetltb.
1350 5358 1379 5393 χ
1404 5360 1424 5414 _:
1459 5341 1755 5414 [fluitanem
1789 5345 1924 5395 taci-

372 5411 478 5467 tam
510 5411 793 5483 furibunda
840 5415 1047 5466 silentia
1092 5422 1361 5480 torquent;
1404 5411 1423 5483 [
1452 5411 1570 5483 Non
1606 5423 1779 5483 tamen
1814 5414 1925 5464 lucc

374 5481 582 5538 turbant
621 5502 799 5555 pacein
831 5483 1376 5555 lovis».‘(}lat_tdia_i_tns.
1407 5481 1571 5555 [l’axr
1594 5482 1797 5549 majora
1836 5484 1926 5534 de-

372 5566 541 5609 cet....
574 5548 660 5609 sed
699 5565 750 5608 ut
780 5555 919 5606 altus
950 5551 1156 5620 Olympi
1189 5549 1201 5611 Ι
1243 5548 1452 5612 νενιρὲ,
1487 5554 1575 5619 qui
1601 5548 1769 5618 spatio
1804 5568 1924 5605 ven-

371 5626 765 5695 toshtemesque
792 5623 1057 5695 relinquit,
1085 5621 1099 5692 ι
1127 5620 1613 5695 l’erpetuumutulla
1643 5633 1924 5695 teitteratus

372 5694 505 5745 nube
547 5689 804 5754 serenum,
845 5689 1099 5762 [Ge/sior
1130 5692 1359 5762 exsurgit
1403 5689 1623 5758 pluviis,
1678 5694 1924 5757 auditque

374 5774 575 5818 ruentes
603 5763 748 5835 [Sub
770 5760 985 5829 pedibus
1016 5760 1237 5826 nimbos,
1271 5770 1317 5813 et
1345 5775 1504 5813 rauca
1535 5762 1764 5814 tonitrua
1796 5764 1921 5813 cal-

2034 4579 2330 4641 rerendum,
2383 4580 2611 4632 anticum
2648 4588 2694 4632 et
2737 4594 2933 4642 semper
2980 4580 3037 4629 in
3082 4580 3366 4642 proximo?
3396 4580 3450 4631 in
3503 4596 3597 4634 suo

2030 4651 2215 4718 cuique
2235 4650 2620 4701 consecrandus
2643 4657 2718 4700 est
2740 4662 2963 4714 pectore.
2995 4645 3127 4718 Vide
3154 4663 3273 4700 emn
3299 4648 3597 4715 sapientem

2032 4717 2184 4771 libris
2242 4719 2510 4787 plerisque
2563 4720 2833 4775 omnibus,
2870 4717 3151 4787 praecipue
3197 4732 3263 4771 eo
3309 4730 3469 4785 quem
3522 4719 3598 4773 De

2034 4785 2437 4851 tranquillitate
2460 4788 2622 4840 animi
2657 4789 2824 4840 dedit.
2866 4785 2960 4839 ΒΑ.

2101 4857 2210 4924 (62)
2247 4855 2420 4911 Πᾶσα
2444 4858 2736 4923 ἁπλότης.
2768 4860 2904 4907 licus
2931 4855 3384 4924 sitttplicissitntts.
3417 4854 3594 4919 Plato,

2032 4926 2063 4979 Ι.
2103 4921 2137 4978 ιι
2176 4921 2249 4979 De
2274 4943 2380 4995 rep.
2407 4943 2425 4981 :
2458 4921 2671 4997 Κομιδῇ
2697 4926 2803 4996 ἄρα
2828 4928 2855 4977 ὁ
2885 4925 3004 4997 Geo;
3037 4921 3242 4997 ἁπλοῦν
3277 4926 3374 4997 καί
3397 4925 3594 4997 ἀληθὲς

2028 4998 2086 5046 ἒν
2121 5013 2180 5048 τε
2213 4993 2362 5065 ἔργῳ
2390 4998 2484 5049 καὶ
2514 4993 2571 5049 ὲν
2598 4993 2757 5065 λόγῳ,
2793 4997 2884 5048 καὶ
2911 4993 3033 5046 οὔτε
3057 4994 3219 5056 αὐτὸς
3252 4993 3591 5061 μεθίσταται.

2028 5068 2152 5117 οὕτε
2183 5064 2376 5128 ἄλλους
2421 5064 2863 5136 ἐξαπατᾷ,⁷οὓτε
2913 5064 3052 5116 κατά
3099 5066 3442 5136 φαντασίας,
3470 5064 3593 5118 οὔτε

2028 5135 2171 5189 κατὰ
2192 5136 2403 5205 λόγους,
2428 5135 2550 5188 οὔτε
2573 5134 2711 5190 κατὰ
2734 5135 2975 5205 σημείων
3006 5134 3248 5204 πομπάς,
3282 5134 3395 5187 οὗθ’
3420 5134 3590 5207 ὕπαρ,

2028 5204 2135 5257 οὐδ’
2163 5206 2316 5259 δναο.
2346 5206 2445 5259 Bs.

2027 5222 2133 5257 ouo
2163 5222 2316 5274 οναρ.
2346 5222 2445 5260 ns.

2098 5275 2209 5399 (67:1)
2238 5272 2640 5345 Δημιουρτεῖν,
2668 5289 2863 5337 creare,
2900 5273 3139 5327 condere.
3174 5273 3247 5329 De
3281 5275 3384 5329 hoc
3423 5274 3588 5337 enim,

2102 5362 2132 5399 ιι
2209 5363 2238 5399 e
2285 5348 2475 5399 uuavis
2530 5345 2740 5397 actione
2792 5357 2971 5395 seruio
3025 5345 3110 5396 hic
3157 5351 3256 5398 est.
3324 5345 3588 5399 ’Δνάγκην

2028 5361 2132 5399 ιιοιι
2171 5345 2238 5399 de
2285 5348 2475 5413 quavis
2530 5345 2755 5414 actione
2792 5357 2971 5414 seruio
3025 5345 3110 5396 hic
3157 5351 3256 5398 est.
3324 5345 3591 5414 ’Δνάγκην

2027 5432 2172 5484 saepe
2199 5412 2328 5469 Jove
2351 5416 2705 5484 omnibusque
2730 5412 2830 5465 diis
2860 5412 3116 5477 majorem
3146 5415 3348 5468 faciunt
3376 5412 3591 5484 tragici.

2028 5483 2120 5537 Dei
2152 5486 2267 5552 ejus
2316 5487 2511 5538 throno
2554 5483 2703 5534 Pluto
2754 5491 3001 5553 extremo
3030 5519 3045 5544 ,
3106 5484 3200 5535 lib.
3260 5500 3288 5538 κ
3355 5485 3427 5538 De
3469 5483 3568 5553 rep

2028 5551 2258 5609 tlrcandi
2286 5564 2341 5609 et
2368 5556 2642 5622 condendi
2663 5553 2881 5606 verbum
2905 5551 3069 5607 etiam
3099 5556 3455 5622 sequentibus
3477 5551 3588 5610 elli-

2027 5627 2198 5679 ciendi
2230 5640 2357 5679 voce
2387 5624 2593 5677 malim.
2628 5621 2723 5675 BA.

2098 5695 2209 5766 (lii)
2239 5696 2295 5750 ϐ.
2327 5694 2384 5748 Ρ.
2412 5692 2747 5763 νομίσοιμεν.

3478 386 3609 451 1070
3686 452 3688 454 ,
