4154 6590
581 438 714 504 1087
1594 404 2161 539 “omnium”

2264 442 2458 501 ENES
2496 440 2837 501 EPISCOPI
3734 429 3873 496 1038

578 553 670 607 lud
706 551 942 606 vicissim
991 567 1258 622 opponam
1286 593 1301 618 ,
1330 562 1384 610 et
1429 564 1648 612 vestras
1708 558 1863 613 vobis
1922 557 2154 627 ineptias

2263 555 2577 624 βλασφημία
2607 553 2920 625 περιφανής
2945 553 3089 623 (39);
3124 552 3283 608 Οὕτω
3316 552 3417 623 μὲν
3444 545 3551 606 οὗν
3585 548 3655 605 τὸ
3689 550 3874 620 παρά.-

579 643 880 698 ostendam.
913 643 1029 707 Qua
1087 644 1233 698 enim
1271 646 1483 700 ratione
1527 647 1709 701 dicitis
1750 647 1885 702 nihil
1934 647 2051 701 lardi
2088 649 2153 701 ad

2263 647 2453 717 δειγμα
2471 647 2699 700 καθόλου
2718 648 3061 717 ἀνάρμοστον
3080 647 3190 719 (40)
3210 648 3303 699 καὶ
3318 646 3629 699 ἀνοίκειον.
3648 641 3800 710 Ἐγὼ
3815 642 3872 694 δδ

581 752 717 805 opus
771 736 984 797 ducem,
1020 737 1101 792 sic
1166 753 1298 793 sane
1345 749 1400 792 et
1452 739 1594 793 Deus
1652 740 1783 793 nihil
1868 755 2023 794 noxae
2064 747 2158 791 aut

582 828 763 883 damni
797 829 1032 897 patietur
1063 838 1122 883 ut
1159 830 1231 884 sit
1273 832 1452 900 opifex
1506 840 1562 885 et
1614 832 1808 894 bonus,
1845 847 1968 884 cum
2015 832 2159 886 hunc

582 920 842 991 mundum
873 922 1284 976 transformabit
1317 935 1373 978 et
1422 922 1649 977 mutabit
1698 930 1752 976 et
1803 932 2155 990 corrumpet:

584 1028 689 1065 non
729 1013 872 1066 enim
907 1014 1050 1068 hunc
1093 1014 1147 1067 in
1180 1026 1446 1069 reternqu
1491 1013 1905 1068 transformabit
1940 999 1955 1067 ἐ
1986 1029 2159 1082 neque

584 1122 797 1160 rursum
846 1106 891 1160 si
923 1109 988 1158 ah
1015 1117 1221 1161 arterno
1270 1108 1446 1177 ipsum
1483 1123 1587 1160 non
1633 1106 1871 1162 elfecerit
1896 1105 2160 1175 (faciebat

582 1196 725 1250 enim
779 1196 1233 1267 intellectualem)
1268 1215 1281 1251 :
1316 1198 1394 1252 sic
1448 1213 1556 1250 non
1607 1198 1661 1250 in
1714 1197 1826 1249 otio
1863 1197 2162 1265 permansit

586 1287 725 1345 Deus
756 1299 882 1344 ante
917 1304 1097 1343 rerum
1140 1303 1260 1357 quae
1302 1290 1401 1343 sub
1444 1303 1662 1343 sensum
1695 1289 1924 1349 cadunt,
1955 1288 2157 1342 consti-

586 1383 890 1447 tutionem,
943 1384 1035 1436 sed
1091 1391 1241 1436 recto
1288 1382 1478 1435 ordine
1525 1391 1793 1447 procreat.
1829 1381 1963 1436 Nam
2018 1383 2159 1450 quod

586 1474 950 1529 inordinatum
977 1484 1083 1539 est,
1119 1489 1224 1527 non
1254 1473 1620 1542 proficiscitur
1641 1488 1670 1525 a
1699 1473 1828 1539 Deo,
1859 1475 1953 1528 sed
1987 1490 2015 1527 a
2047 1473 2162 1528 for-

587 1573 749 1627 tuna;
774 1574 825 1617 et
849 1562 976 1616 dum
1001 1562 1235 1616 destruit
1267 1563 1412 1617 hunc
1441 1562 1748 1618 sensibilem
1780 1572 1834 1619 et
1858 1573 2161 1631 spectatmn

587 1658 866 1721 mundum,
900 1655 1074 1708 bonus
1096 1663 1200 1717 est,
1234 1665 1633 1724 permanetque
1661 1654 1714 1708 in
1748 1655 2015 1710 bonitate.
2043 1654 2159 1711 Non

584 1748 728 1803 enim
748 1746 960 1815 penitus
978 1746 1142 1809 delet,
1163 1760 1338 1815 neque
1360 1744 1605 1813 perfecto
1624 1744 1791 1799 exitio
1807 1746 2007 1800 addicit
2024 1746 2164 1800 hanc

586 1834 1017 1894 universitatem.
1052 1834 1146 1889 sed
1181 1835 1234 1887 in
1263 1833 1453 1888 melius
1475 1833 1672 1887 alterat
1700 1844 1754 1889 et
1772 1844 2089 1899 commutat,
2109 1843 2163 1889 et

2257 738 2385 805 ὑμῖν
2415 736 2576 790 τοῦτό
2602 754 2666 806 γε
2693 736 3136 807 ἀντιπεριτρὲψω
3161 776 3175 799 ,
3214 736 3309 789 καὶ
3340 734 3401 787 τὸ
3429 733 3724 805 ὑμέτερον
3753 731 3871 801 ὴλίο

2258 826 2370 880 θιον
2401 827 2512 897 (41)
2545 829 2678 897 ἡμῖν
2713 824 3116 897 προϐαλοῦμαι.
3150 818 3222 895 ’ᾯ
3254 824 3364 896 γὰρ
3389 824 3544 893 λόγῳ
3572 822 3723 890 φατὲ
3755 820 3869 889 (42)

2256 920 2331 985 ὡς
2361 921 2514 973 οὐδὲν
2537 920 2790 990 ἠδίκηται
2819 919 2955 989 πρὸς
2982 919 3042 972 τὸ
3070 918 3232 989 ἔργον
3258 920 3288 971 ό
3316 915 3645 989 στρατηγὸς
3670 954 3685 977 ,
3723 911 3871 966 οὕτω

2258 1011 2321 1081 δὴ
2349 1012 2441 1064 καὶ
2469 1012 2497 1065 δ
2525 1011 2658 1073 Θεὸς
2692 1012 2752 1063 οὗ
2777 1011 3082 1081 λωϐἡσεται
3115 1011 3147 1081 ἢ
3173 1009 3602 1080 ζημιωθήσεται
3637 1005 3704 1059 τὸ
3723 1001 3870 1057 εἷναι

2259 1102 2594 1174 δημιουργὸς
2615 1103 2710 1155 καὶ
2738 1101 2964 1170 ἀγαθὸς,
2990 1102 3141 1155 τόνδε
3164 1101 3257 1154 τδν
3285 1101 3493 1173 κόσμον
3534 1096 3871 1170 μεταποιῶν

2261 1194 2356 1247 καὶ
2392 1193 2823 1265 μετασκευάζων
2868 1194 2966 1247 καὶ
2994 1194 3263 1267 φθείρωνῆ
3302 1194 3403 1247 οὐκ
3442 1195 3502 1257 ἐς
3556 1192 3742 1246 ἀΐδιον
3773 1208 3873 1261 με-

2260 1287 2663 1357 τασχηματίσει
2693 1287 2803 1358 γὰρ
2844 1285 3054 1341 τοῦτον.
3090 1287 3212 1341 Οὐδ’
3244 1286 3314 1340 αὖ
3345 1286 3405 1351 ἐξ
3437 1285 3627 1341 ἀϊδίου
3667 1282 3749 1355 μὴ
3780 1282 3873 1353 δη-

2266 1378 2541 1447 μιουργῶν
2570 1377 2733 1431 αὐτόν
2758 1395 2771 1408 ο
2804 1378 2979 1431 ἐποίει
3011 1377 3121 1447 γὰρ
3151 1377 3241 1431 τὸν
3266 1377 3458 1448 νοητόν
3490 1376 3640 1448 (45).
3681 1374 3871 1438 Οὕτως

2263 1466 2364 1520 οὐκ
2393 1468 2451 1520 ὲν
2475 1467 2645 1539 ἀργία
2667 1468 2919 1537 διέμενεν
2948 1470 2977 1522 ό
3006 1467 3158 1533 Θεὸς,
3189 1467 3297 1539 πρὸ
3318 1468 3419 1538 τῆς
3439 1468 3558 1521 τῶν
3584 1464 3872 1537 αἰσθητῶν

2263 1561 2681 1632 διακοσμήσεως
2704 1602 2719 1626 ,
2753 1562 2890 1617 ἀλλὰ
2922 1562 3061 1633 μετὰ
3100 1561 3310 1627 τάξεως
3355 1562 3468 1632 (44)
3498 1562 3870 1632 δημιουργεῖ.

2264 1652 2338 1705 Τὸ
2360 1652 2468 1722 γὰρ
2497 1652 2731 1707 ἄτακτον
2765 1654 2825 1706 οὐ
2858 1652 2995 1706 Θεοῦ
3019 1694 3034 1719 ,
3061 1653 3196 1708 ἀλλὰ
3252 1653 3344 1707 τοῦ
3380 1653 3716 1724 αὐτομάτου
3738 1669 3753 1683 ·
3781 1652 3871 1705 καὶ

2267 1743 2505 1814 φθείρων
2533 1744 2590 1796 δὲ
2638 1745 2731 1798 τὸν
2780 1746 3039 1817 αἰσθητὸν
3085 1746 3274 1801 τοῦτον
3308 1747 3402 1800 καὶ
3430 1745 3733 1818 δρώμενον
3777 1746 3867 1797 κό-

2267 1852 2425 1905 σμον,
2470 1836 2618 1889 ἐστὶν
2649 1836 2850 1904 ἀγαθὸς
2881 1837 2978 1891 καὶ
3020 1837 3265 1907 διαμένει
3308 1840 3366 1891 ὲν
3413 1836 3760 1906 ἁγαθὸτητι.
3796 1835 3871 1888 Οὐ

585 1927 1012 1997 praestantiorem
1032 1924 1214 1981 ellicit.
1234 1924 1411 1980 Novos
1432 1927 1573 1981 enim
1597 1925 1764 1980 ctelos
1781 1935 1835 1981 et
1851 1942 2044 1981 novam
2069 1936 2161 1981 ter-

2264 1924 2381 1997 ’γὰρ
2411 1926 2582 1997 ἄρδην
2610 1929 2885 1998 ἀφανίζει,
2917 1927 3042 1982 οὔτε
3085 1929 3365 2000 ἀναιρέσει
3420 1930 3673 1999 πάμπαν
3708 1944 3875 1981 κατα-

584 2035 698 2075 ram
716 2026 1143 2075 commemorant
1156 2018 1335 2078 divina
1349 2018 1565 2073 oracula
1582 2018 1621 2071 ³.
1642 2019 1792 2085 Quod
1814 2029 1993 2073 autem
2007 2033 2163 2088 opor-

585 2120 693 2167 teat
722 2111 899 2178 perire
931 2110 1072 2164 hanc
1093 2110 1532 2175 universitatem,
1559 2111 1640 2165 vel
1673 2125 1737 2164 ex
1769 2109 1890 2179 ejus
1913 2111 2166 2181 partibus

583 2217 702 2274 quae
716 2201 954 2271 quotidie
972 2202 1263 2265 intereunt,
1282 2201 1586 2270 intelligere
1609 2213 1689 2257 est
1704 2201 2162 2273 perfacile.Cujus

580 2293 723 2346 enim
761 2301 943 2361 partes
977 2291 1282 2354 intereunt,
1316 2290 1459 2345 illius
1502 2301 1672 2347 totum
1707 2293 2016 2347 necessario
2043 2304 2163 2346 tan-

581 2383 700 2438 dem
739 2384 928 2437 iisdem
957 2382 1333 2438 aﬂ‘ectionibus
1361 2384 1557 2453 quibus
1586 2396 1765 2453 partes
1793 2386 1949 2455 ipsae.
1989 2386 2155 2455 subji-

580 2476 757 2531 cietur
785 2476 862 2531 uti
912 2478 1072 2531 docet
1107 2475 1345 2532 Basilius
1374 2478 1623 2548 egregius
1666 2488 1722 2533 et
1749 2479 1988 2535 divinus.
2023 2478 2153 2535 Suf-

581 2568 866 2640 fragantur
903 2578 1083 2623 autem
1117 2569 1244 2624 huic
1301 2570 1495 2624 rationi
1541 2572 1705 2625 etiam
1735 2570 1926 2627 Stoici.
1956 2572 2023 2627 Et
2050 2574 2154 2627 ista

582 2664 722 2717 ratio
753 2666 819 2718 de
852 2664 1037 2717 mundi
1072 2660 1295 2718 interitu
1321 2671 1406 2717 est
1449 2674 1504 2717 et
1532 2665 1837 2719 necessaria
1882 2675 1939 2719 et
1981 2665 2155 2720 inelu-

580 2756 798 2811 ctabilis
828 2777 840 2811 :
868 2754 1327 2826 geometricisque
1357 2756 1783 2812 necessitatibus
1810 2767 1867 2812 et
1899 2758 2155 2825 vinculis,

582 2850 656 2903 uti
688 2852 973 2920 proverbio
998 2851 1194 2912 fertur,
1220 2848 1604 2918 implicamini,
1629 2851 1756 2906 dum
1796 2868 1901 2909 non
1931 2853 2159 2923 potestis

582 2931 895 2998 ﬁrmitatem
929 2953 983 2999 et
1009 2944 1121 2998 vim
1142 2942 1669 3001 demonstrationum
1698 2956 1859 3016 atque
1883 2948 2155 3003 rationum

654 3101 675 3134 ³
704 3101 808 3157 lsa.
849 3117 971 3170 va,
1002 3102 1105 3169 l7;
1140 3101 1182 3155 ll
1204 3100 1355 3157 Petr.
1384 3116 1468 3168 tu,
1499 3101 1587 3157 15.

654 3258 767 3332 (59)
798 3256 894 3332 Μὴ
923 3258 1020 3312 καὶ
1056 3258 1247 3328 λῆρος
1276 3252 1315 3331 ᾖ
1344 3260 1444 3314 καὶ
1475 3264 1712 3329 βλασφ.
1731 3259 1910 3332 _lmpia
1942 3261 2162 3331 nugaci-

582 3329 673 3386 tas
691 3338 744 3384 et
769 3330 1080 3401 blasphema
1104 3329 1353 3386 stultitia.
1375 3334 1433 3385 In
1461 3333 1708 3389 versione
1730 3329 1913 3384 Tarini
1942 3329 2158 3401 negatio

584 3402 821 3470 neglecta
852 3410 952 3470 est.
990 3400 1081 3453 ΒΛ.

657 3469 767 3543 (40)
811 3469 1201 3543 ξΑγνάρμοστον,
1227 3472 1606 3543 incongruum.
1642 3471 1735 3526 ΒΑ.

655 3541 766 3617 (4.1)
815 3541 1429 3617 ’ῌαίίθιονηῌρδγοίιίιιῤ
1467 3564 1480 3599 :
1513 3546 1773 3617 Μάταιον,
1809 3545 2155 3617 ἀναίσθητον,

589 3613 791 3683 μωρόν,
819 3610 1047 3683 ἀνόητον
1066 3654 1080 3677 ,
1108 3610 1341 3683 ἄφρονα.
1373 3613 1486 3669 Utta
1523 3631 1652 3667 voce
1680 3616 1899 3682 pulchre
1926 3610 2161 3671 reddidit

585 3680 1292 3755 Cyrillus_gloSsographus.
1329 3686 1558 3739 brutum.
1604 3680 1700 3739 Ba.

659 3750 1015 3824 (42)Ε;ιι1‹ξιιι
1073 3750 1215 3808 enim
1277 3756 1487 3810 ratione
1570 3772 1673 3824 qua
1724 3755 2006 3818 allirmatis
2055 3771 2158 3811 ιιοιι

588 3823 932 3895 prmvarit'ttri
963 3823 1139 3877 ollicin
1179 3841 1276 3878 suo
1312 3823 1692 3893 imperatorem
1719 3866 1732 3889 ,
1763 3827 1950 3880 eadem
1984 3842 2161 3895 neque

593 3899 731 3949 licus
765 3894 1076 3965 traducetur
1101 3904 1191 3948 aut
1222 3896 1549 3965 eulpabitnr,
1574 3898 1704 3965 quin
1737 3896 1806 3949 sit
1832 3906 1885 3949 et
1913 3894 2162 3949 cauditor

587 3978 641 4019 ι·ι
673 3966 881 4026 boans,
920 3963 1158 4018 alterans
1186 3976 1241 4033 et
1279 3963 1329 4018 in
1367 3967 1527 4020 aliam
1562 3963 1790 4018 fortnam
1826 3965 2162 4019 transferens

591 4034 867 4097 mundum,
917 4034 1024 4085 imo
1054 4044 1109 4086 et
1158 4035 1408 4100 perdens.
1451 4033 1566 4089 Non
1615 4035 1757 4088 enim
1800 4036 1851 4086 in
1897 4046 2160 4087 aeternum

587 4122 708 4157 enim
739 4102 1223 4167 tt‘ansl‘tgurabitutt
1243 4120 1417 4172 neque
1437 4107 1502 4159 ab
1525 4114 1727 4158 arterno
1750 4117 1871 4155 eum
1897 4104 2159 4156 condidit.

589 4176 688 4230 llic
720 4181 804 4225 est
847 4184 1132 4225 accuratus
1168 4178 1358 4227 horum
1412 4174 1699 4228 verborum
1736 4187 1925 4226 sensus
1949 4212 1964 4236 ,
2002 4187 2160 4240 quem

589 4242 975 4298 obnubilarunt
1014 4242 1292 4307 nonnihil,
1335 4243 1473 4297 alter
1511 4242 1674 4296 etiam
1720 4255 1854 4309 pene
1881 4243 2163 4309 exstinxit,

593 4316 938 4379 interpretes.
995 4309 1279 4365 [lationem
1332 4328 1461 4366 vero
1505 4312 1665 4365 istam
1719 4327 1824 4365 non
1876 4312 2161 4366 admodum

562 4381 872 4453 ιυιιμὲιειιθιιι
902 4382 1203 4453 essedocet
1230 4384 1435 4453 creatio
1459 4383 1760 4435 animarum
1791 4393 1848 4438 et
1874 4385 2162 4453 spirituum

592 4449 901 4511 in'mnndo,
947 4451 1036 4518 qui
1079 4465 1210 4505 sane
1240 4451 1576 4506 immortales
1605 4453 1773 4507 creati
1805 4449 1949 4519 sunt,
1987 4463 2044 4505 ut
2076 4470 2166 4506 sa-

595 4525 713 4576 nior
739 4520 1002 4587 theologia
1028 4521 1226 4587 docet;
1257 4524 1506 4590 quamvis
1538 4537 1642 4575 non
1693 4524 1935 4591 ignorem
1981 4526 2165 4578 Arno-

593 4594 737 4717 :iinm
765 4600 833 4714 [et
876 4591 1012 4645 alios
1055 4605 1214 4647 secus
1255 4607 1378 4648 esse
1421 4593 1735 4649 arbitratos.
1781 4595 1853 4649 De
1908 4610 2015 4664 quo
2069 4608 2167 4649 suo

614 4677 729 4716 oro.
807 4678 859 4715 Α.

614 4677 729 4716 ⁸100.
765 4677 859 4715 UA.

2262 2018 2474 2082 δικάζει
2531 2018 2645 2089 (45)
2674 2020 2792 2073 τόδε
2814 2021 2876 2073 τὸ
2905 2023 3035 2088 πᾶν,
3060 2021 3197 2076 ἀλλὰ
3221 2021 3321 2090 τὴν
3345 2022 3480 2092 πρὸς
3509 2021 3579 2074 τὸ
3613 2022 3873 2091 κρεῖττον

2264 2117 2553 2174 ἀλλοίωσιν
2583 2121 2679 2176 καὶ
2714 2123 3017 2195 μεταόολὴν
3064 2125 3399 2195 ὲργάζεταιο
3438 2125 3540 2177 καὶ
3579 2139 3874 2194 μετασχη-

2271 2213 2550 2283 ματισμδν
2599 2215 2865 2285 ἀμείνονα
2895 2220 3135 2270 ποιεῖται
3178 2216 3315 2287 (46).
3356 2217 3609 2280 Καινοὺς
3636 2215 3756 2285 γὰρ
3782 2216 3873 2267 οὐ-

2268 2305 2466 2372 ρανοὺς
2511 2307 2607 2359 καὶ
2666 2306 2859 2378 καινὴν
2889 2307 2996 2378 γῆν
3026 2325 3161 2378 φησι
3185 2309 3255 2362 τὰ
3284 2308 3403 2361 θεῖα
3428 2308 3617 2376 λόγια.
3655 2308 3789 2361 Ὀτι
3815 2307 3872 2360 δὲ

2262 2394 2477 2465 ἀνάγκη
2510 2396 2791 2467 φθαρῆναι
2831 2397 2949 2451 τόδε
2985 2398 3045 2451 τὸ
3091 2400 3202 2453 πᾶν
3227 2439 3242 2463 ,
3274 2398 3367 2452 καὶ
3410 2401 3474 2453 ἐκ
3517 2400 3640 2452 τῶν
3670 2398 3870 2451 τούτου

2266 2486 2466 2558 μερῶν,
2509 2490 2783 2561 ὁσημέραι
2807 2491 3207 2565 φθειρομένων,
3234 2492 3349 2545 ἔστι
3373 2492 3576 2564 ῥᾳδίοις
3602 2508 3870 2560 καταμα-

2260 2582 2393 2637 θεῖν.
2428 2576 2504 2637 Ub
2538 2583 2648 2655 γὰρ
2677 2586 2747 2639 τὰ
2780 2586 2924 2658 μέρη
2957 2588 3263 2659 φθείρεται,
3293 2588 3484 2640 τούτου
3516 2585 3622 2639 καὶ
3651 2584 3721 2637 τὸ
3745 2583 3869 2637 ὅλον

2259 2677 2473 2748 ἀνάγκη
2514 2679 2643 2731 ποτὲ
2669 2678 2738 2733 τὰ
2782 2681 2923 2734 αὐτὰ
2958 2681 3261 2753 παθήματα
3287 2684 3401 2744 τοῖς
3432 2679 3666 2743 οίκείοις
3701 2678 3868 2750 μέρε-

2260 2785 2346 2821 σιν
2383 2769 2708 2839 ὑποστῆναι,
2740 2770 2815 2835 ὥς
2855 2788 2987 2843 φησι
3018 2772 3117 2842 μὲν
3147 2772 3428 2835 Βασίλειος
3454 2773 3481 2826 ό
3519 2768 3749 2833 κλεινὸς
3774 2771 3868 2820 καὶ

2261 2861 2550 2925 θεσπέσιος
2583 2864 2714 2934 (47).
2742 2865 2996 2918 Τίθενται
3025 2865 3081 2918 δὲ
3123 2864 3201 2935 τῷ
3230 2864 3374 2935 λόγῳ
3404 2864 3499 2917 καὶ
3525 2863 3576 2916 οἱ
3621 2860 3742 2916 ἀπὸ
3761 2858 3867 2928 τῆς

2262 2951 2432 3014 Στοᾶς
2465 2950 2604 3023 (48).
2638 2953 2750 3006 Καὶ
2776 2946 2936 3017 οὗτος
2956 2956 2990 3029 ό
3021 2952 3181 3021 λόγος
3209 2954 3310 3024 τῆς
3343 2952 3438 3006 τοῦ
3472 2954 3695 3020 κόσμου
3734 2949 3869 3021 φθο-

2269 3262 2570 3335 doctrinam
2622 3263 2851 3321 rationis
2902 3272 2958 3321 et
3008 3262 3158 3319 Pauli
3206 3262 3586 3335 apostolicam.
3653 3260 3860 3318 Eadem

2267 3333 2473 3389 fEncas
2494 3345 2699 3389 noster.
2724 3335 2821 3388 Ba.
3243 3333 3256 3335 ⁷
3704 3343 3721 3356 ’

2335 3403 2447 3473 (46)
2497 3404 2915 3460 lnlellectualem
2974 3419 3167 3473 nempe
3213 3403 3472 3457 mundum
3532 3403 3705 3473 faciet
3763 3418 3860 3471 pro

2264 3472 2527 3530 sensibili.
2567 3475 2676 3530 lloc
2710 3477 2925 3530 dicebat
2968 3472 3149 3544 supra.
3192 3474 3389 3528 Eadem
3424 3476 3561 3543 apud
3614 3472 3852 3528 Aﬁneam

2264 3546 2327 3597 ad
2369 3545 2527 3599 linem
2577 3545 2803 3614 Dialogi,
2835 3547 2927 3615 qui
2959 3562 3024 3600 ex
3060 3555 3288 3613 argento
3322 3555 3375 3597 et
3421 3556 3618 3596 stanno
3654 3560 3851 3615 aurum

2263 3630 2358 3668 Sua
2385 3625 2543 3669 mlate
2574 3617 2795 3682 produci
2834 3614 3099 3682 potuisse,
3136 3616 3189 3669 in
3219 3614 3525 3678 exemplum
3563 3615 3618 3667 in
3651 3614 3850 3667 melius

2264 3686 2632 3739 tranlm-eudi'a
2666 3686 2766 3737 dco
2800 3686 3007 3748 mundi,
3038 3694 3322 3738 memorat.
3354 3684 3450 3737 Ba.

2338 3756 2448 3823 (47)
2494 3756 2817 3817 Βασίλειος
2863 3757 2897 3805 ὁ
2948 3756 3190 3823 κλειζὸς
3242 3752 3341 3806 καὶ
3396 3753 3757 3819 θεσπέσιος.
3801 3752 3854 3807 In

2264 3817 2524 3908 ῌέίιιηιξιιι.
2556 3823 2749 3908 homil.
2790 3825 2842 3885 l,
2873 3838 2924 3877 c.
2964 3824 3018 3887 3,
3054 3817 3130 3907 ῼῦ
3167 3817 3243 3877 τὰ
3285 3817 3722 3908 μέρηϋφθοραῖς
3760 3822 3854 3908 καὶ

2264 3892 2615 3946 ἁλλοιὼσεσιν
2647 3892 2955 3958 ὑπόκειται,
2989 3892 3180 3945 τούτου
3214 3896 3308 3947 καὶ
3335 3892 3396 3947 τὸ
3421 3893 3560 3949 ὅλον.
3594 3892 3749 3959 ’θιοη
3779 3893 3850 3946 ιιιί

2265 3978 2450 4031 Supra.
2484 3962 2620 4015 Tan.
2652 3963 2945 4016 Adnotavit
2969 3961 3142 4015 locum
3177 3962 3361 4017 Basilii
3390 3964 3759 4017 Montacntius
3788 3978 3850 4016 ex

2267 4034 2423 4103 boni.
2449 4033 2470 4085 1
2508 4034 2560 4085 in
2590 4033 2854 4103 Hexaetn.
2888 4051 2900 4085 :
2934 4032 3087 4101 Μηδὲ
3115 4032 3367 4103 τοσοῦτον
3391 4033 3724 4103 δυνηθέντες
3766 4035 3851 4086 ἐν·

2265 4100 2558 4189 νοηθῆναι,
2592 4096 2771 4187 ὅτι.οὗ
2804 4102 2873 4156 τὰ
2911 4096 3321 4189 μέρὴκξρθοραῖς
3362 4105 3457 4157 καὶ
3494 4096 3852 4189 ἆλλοιῴσεριν

2265 4172 2587 4238 ὑπόκειται,
2617 4172 2808 4226 τούτου
2840 4171 2933 4226 καὶ
2960 4171 3022 4226 τὸ
3042 4171 3173 4226 ὅλον
3197 4171 3420 4243 ’ἀνάγκη
3448 4175 3579 4227 ποτὲ
3610 4176 3682 4227 τὰ
3716 4174 3850 4225 αὐτὰ

2266 4244 2569 4313 παθήματα
2596 4246 2709 4308 τοῖς
2730 4244 2959 4308 οἰκείοις
2991 4243 3217 4313 μέρεσιν
3250 4245 3552 4314 ὑποστῆναι
3573 4258 3591 4275 ·
3625 4244 3734 4299 Sed
3760 4258 3847 4295 nec

2266 4325 2473 4367 tantum
2509 4315 2869 4385 intelligentia:
2902 4316 3236 4380 habuerunt,
3267 4328 3322 4368 ut
3372 4315 3847 4385 animadverterent

2266 4385 2404 4456 quod
2432 4385 2598 4451 ipsum
2628 4383 2818 4452 totum,
2850 4385 3000 4451 cujus
3029 4394 3205 4456 partes
3236 4385 3563 4456 corruptioni
3596 4383 3844 4456 mutatio-

2268 4453 2420 4523 nique
2443 4456 2820 4525 subjiciuntur,
2844 4458 3052 4508 easdem
3071 4454 3394 4523 aﬂectiones,
3422 4453 3614 4519 quibus
3643 4464 3691 4507 et
3722 4453 3845 4525 ipsa:

2267 4535 2439 4592 partes
2496 4526 2832 4594 uﬂiciuntur,
2879 4525 3055 4578 subire
3108 4529 3319 4579 tandem
3355 4525 3712 4594 necessarium
3744 4524 3840 4594 (sit.

2273 4596 2399 4665 Duc.
2430 4591 2654 4655 κλεινὸς
2682 4596 2779 4648 καὶ
2805 4595 3112 4665 θεσπέσιος,
3144 4594 3375 4665 inclytus
3394 4605 3459 4665 et
3493 4591 3840 4665 venerabilis.

2273 4664 2466 4718 Mirum
2496 4681 2593 4719 cur
2622 4665 2757 4720 alios
2787 4665 2973 4719 titulos
2996 4664 3198 4718 Basilio
3221 4664 3468 4719 dederint
3492 4664 3836 4730 interpretes.

663 4733 774 4803 (45)
810 4732 1028 4786 Ἑποίει
1048 4732 1158 4803 γὰρ
1178 4733 1282 4787 τὸν
1302 4734 1544 4802 νοητόν.
1566 4732 1691 4789 Haec
1714 4734 1998 4803 perspicue
2018 4749 2161 4789 men-

2274 4736 2415 4787 (Litat
2443 4750 2569 4789 vero
2601 4736 2745 4789 hunc
2773 4744 2826 4789 et
2862 4733 3003 4788 infra
3035 4749 3089 4802 p.
3117 4735 3239 4797 159,
3270 4734 3356 4797 l3,
3387 4726 3839 4804 μέγαν-ἀληθείας

593 4804 720 4857 dosa
763 4815 927 4867 sunt,
980 4819 1151 4871 neque
1204 4806 1466 4860 rationem
1513 4804 1790 4860 Zachariae
1838 4806 2165 4874 propositam

597 4886 814 4928 tuentur
838 4887 931 4927 aut
959 4876 1266 4928 absolvunt.
1297 4874 1543 4930 Allirmat
1564 4877 1706 4929 enim
1739 4891 1843 4928 non
1872 4876 1939 4927 ab
1962 4885 2166 4928 aeterno

594 4944 766 4998 autin
806 4956 1067 4998 aeternum
1115 4948 1453 4999 durationent
1508 4951 1768 5000 ιιιιιιιιιιιιιι
1817 4962 1845 4998 8
1893 4944 1999 5000 D60
2046 4959 2167 4999 esse

595 5013 980 5087 constitutum;
1037 5016 1638 5087 transl'urmarehigitur
1686 5031 1806 5069 eum
1853 5024 1907 5069 et
1955 5016 2165 5087 penitus

596 5083 811 5138 abolere
846 5100 950 5137 non
982 5100 1101 5138 esse
1130 5096 1317 5139 contra
1348 5083 1746 5140 ordinationem
1777 5083 2037 5148 divina—tn,
2070 5085 2163 5139 setl

595 5168 717 5206 eum
745 5155 1076 5209 conclusisse
1100 5158 1590 5223 transligurandnm
1614 5158 1863 5210 eumdem
1889 5171 1918 5208 e
1944 5156 2160 5210 mortali

597 5224 918 5293 quandoque
950 5226 1003 5277 in
1049 5226 1431 5280 immortalem.
1468 5226 1616 5280 Hanc
1647 5226 2011 5279 necessariam
2045 5242 2171 5280 sen-

600 5294 822 5353 tentiam
867 5293 1057 5348 reddes
1089 5297 1294 5363 optimo
1341 5297 1588 5357 auctori,
1641 5306 1845 5348 mutata
1889 5311 1994 5348 una
2039 5309 2171 5348 voce

600 5364 825 5432 legendo
854 5381 868 5417 :
908 5365 1121 5434 ποιήσει
1153 5365 1282 5435 γάρ.
1316 5364 1422 5420 Sed
1454 5375 1508 5420 et
1540 5367 1764 5423 alterum
1800 5376 1948 5419 recte
1993 5375 2174 5420 muta-

603 5435 682 5486 bis
724 5437 984 5508 εποιήσει
1020 5435 1130 5503 γὰρ
1163 5437 1325 5489 αὑτὸν
1372 5436 1585 5508 νοητόν.
1635 5436 1766 5489 Vide
1814 5437 2037 5490 omnino
2088 5452 2174 5489 se-

597 5504 818 5573 quentia
849 5520 991 5560 mox.
1030 5509 1125 5559 Ita.

670 5575 781 5645 (44)
813 5575 968 5629 Μετὰ
994 5575 1220 5641 τάξεως,
1248 5587 1466 5631 servato
1494 5577 1787 5631 constituto
1819 5576 1921 5630 sibi
1949 5576 2159 5639 ordine,

602 5654 659 5697 ut
682 5647 793 5714 jam
819 5647 1073 5700 diximus.
1104 5649 1457 5717 Δημιουργεί,
1492 5661 1774 5717 operatur;
1802 5660 1981 5701 servat
2015 5646 2163 5700 ordi-

601 5731 721 5786 nem
749 5726 799 5770 et
836 5718 1203 5785 prosequitur,
1239 5734 1398 5781 quem
1433 5720 1485 5771 in
1517 5720 1789 5772 creatione
1833 5718 2003 5786 prima
2037 5732 2163 5771 cou-

601 5785 811 5849 atitnit;
851 5801 957 5839 non
994 5787 1217 5842 otiatur.
1260 5787 1356 5842 BA.

673 5858 785 5929 (45')
843 5857 1058 5913 Οὔτε...
1110 5856 1360 5929 πάμπαν
1417 5857 1804 5920 καταδικάζει.
1863 5858 2168 5912 Secundum

2263 4804 2585 4858 διδάσκαλον
2638 4820 2977 4874 nuncupans,
3015 4812 3073 4857 nt
3103 4816 3154 4858 et
3190 4802 3835 4874 GregoriumNazianzeo

2264 4890 2412 4941 num,
2432 4875 2530 4946 τὸν
2554 4872 2834 4946 ἡμέτερον
2847 4874 3095 4946 θεολόγον
3126 4872 3405 4946 vocansp.
3433 4872 3556 4946 150,
3574 4872 3651 4946 _l_8
3674 4892 3686 4929 ;
3714 4872 3833 4946 item

2264 4961 2315 5014 p.
2356 4939 2477 5008 ΗΞ,
2509 4939 2607 5009 26,
2633 4939 2742 4999 ubi.
2764 4946 2967 5012 pariter
3001 4939 3177 5014 μέγαν
3218 4939 3476 5013 ἀληθείας
3516 4939 3836 5014 διδάσκαλον

2263 5012 2533 5084 appellat;
2563 5030 2629 5069 ne
2664 5015 2913 5069 videlicet
2939 5012 3117 5069 minus
3136 5012 3324 5085 gloriae
3353 5016 3507 5067 alteri
3536 5029 3600 5067 ex
3631 5012 3835 5064 duobus

2262 5086 2750 5140 contubernalibus
2801 5086 3103 5149 tribueret,
3137 5100 3273 5153 quos
3326 5085 3536 5145 ambos,
3588 5085 3834 5151 adjuncto

2261 5155 2655 5227 Cbrysostomo
2684 5166 2740 5209 et
2770 5155 2978 5227 duobus
3010 5154 3462 5227 aliisWGregoriis,
3493 5155 3833 5227 tierelincom-

2270 5224 2540 5295 parabiles
2579 5228 2826 5295 doctores
2858 5225 3099 5295 Ecclesia
3127 5226 3315 5279 Graeca
3354 5225 3563 5295 habuit.
3597 5224 3693 5276 BA.

2342 5298 2453 5366 (ίὸ)
2497 5297 2757 5350 Τίθενται
2783 5293 2851 5347 δὲ
2896 5294 2975 5359 τῷ
3008 5296 3168 5364 λόγῳ
3199 5297 3252 5366 οἱ
3298 5292 3417 5348 ἀπὸ
3467 5292 3574 5361 τῆς
3626 5288 3829 5366 Στοᾶς.

2272 5363 2416 5421 Idem
2438 5366 2800 5420 Montacutius
2817 5379 2870 5419 et
2892 5363 3286 5418 testetnlaudat
3316 5366 3633 5419 Ciceronem
3658 5363 3747 5415 lib.
3793 5373 3827 5410 ιι

2274 5436 2440 5489 Acad.
2473 5446 2685 5504 qua-st.,
2710 5438 2775 5488 de
2800 5435 3104 5488 Stoicorum
3136 5436 3400 5489 sententia
3432 5437 3497 5489 de
3530 5434 3708 5487 mundi
3744 5432 3825 5504 in-

2278 5508 2433 5559 teritu
2471 5502 2493 5559 :7
2522 5505 2636 5558 Erit
2665 5521 2971 5573 persuasum
3003 5505 3159 5557 etiam
3194 5506 3374 5566 solem,
3419 5504 3623 5565 iuuant,
3659 5502 3827 5554 stellas

2271 5593 2470 5635 omnes,
2496 5587 2711 5641 terram,
2732 5591 2897 5637 utare,
2919 5578 3038 5628 deos
3061 5591 3191 5636 esse,
3218 5576 3355 5644 quod
3376 5574 3615 5643 quwdant
3635 5573 3827 5624 aninm-

2272 5649 2336 5698 ιιι
2383 5648 2723 5710 intelliqemia
2759 5661 2848 5712 per
2881 5646 3057 5698 omnia
3091 5648 3182 5697 illa
3227 5656 3447 5713 permeet
3488 5658 3534 5697 et
3577 5648 3825 5713 transeat;

2276 5717 2385 5780 {ore
2433 5730 2621 5785 tamen
2656 5711 2943 5785 aliquando
2976 5725 3030 5767 ut
3079 5711 3246 5785 omnis
3277 5713 3362 5767 hic
3391 5716 3616 5767 mundus
3652 5711 3828 5785 ardore

2274 5788 2549 5855 deﬂagret.
2585 5784 2721 5839 llinc
2746 5783 2840 5838 lux
2870 5783 3087 5855 (Justitto
3121 5783 3367 5855 Martyri,
3403 5786 3542 5847 apud
3591 5796 3743 5853 quem
3776 5783 3823 5827 in

2279 5854 2503 5928 Apolng.
2536 5860 2593 5922 ‘2,
2627 5856 2791 5910 Stoici
2818 5854 3152 5910 atlirmantur
3173 5854 3369 5910 docere
3397 5855 3561 5908 Deum
3598 5858 3716 5920 igne
3744 5864 3823 5901 suo
