4154 6532
682 378 808 443 1091

1696 371 2097 433 ZAClIARI/E
2135 370 2568 430 MlTYLENES
2607 368 2943 428 EPISCOPI

3788 369 3907 435 1092

678 502 828 545 certe
874 503 1034 542 omne
1088 486 1325 540 vinctum
1395 482 1531 537 solvi
1587 490 1788 551 potest.
1824 501 1840 533 ι
1869 482 1937 535 Ει
1990 498 2245 536 rursum:

2296 494 2322 545 κ
2356 482 2527 533 ποιεῖ’
2558 497 2576 529 ί
2619 479 2745 531 Θεολ.
2773 479 2909 531 θεῶν
2936 472 3009 531 ὧν
3044 479 3154 546 ἐγὼ
3175 480 3525 549 δημιουργὸς,
3559 480 3748 534 άλυτοί
3777 483 3905 548 ἐστε,

685 601 704 634 ι
746 580 978 634 Proinde
1023 577 1151 646 quia
1186 576 1313 631 facti
1368 575 1503 629 estis
1529 612 1545 636 ,
1569 589 1672 627 non
1720 573 1853 627 estis
1890 572 2244 634 immortales,

683 687 858 741 neque
905 667 1310 723 indissolubiles
1352 667 1592 737 penitus.
1623 666 1877 718 Attamen
1914 678 2019 717 non
2056 662 2249 716 dissol-

674 762 903 823 vemini,
938 776 1111 829 neque
1135 758 1538 827 consequemini
1577 756 1768 809 mortis
1812 758 1980 809 fatum
2009 771 2024 820 ;
2052 754 2249 824 quippe

678 868 852 907 meam
884 852 1237 916 voluntatem,
1258 850 1429 917 majus
1449 847 1721 901 vinculum
1747 856 1800 899 et
1827 846 2098 915 potentius
2120 846 2250 898 ade-

677 944 776 1011 pti,
802 957 958 1009 quam
980 940 1253 993 vinculum
1279 939 1490 992 illorum
1510 936 1709 1005 quibus
1730 952 1850 990 cum
1875 934 2246 1000 cliiceremini,

676 1031 907 1099 colligati
939 1030 1331 1097 constrictique
1361 1028 1546 1081 estis.)
1585 1026 1660 1079 Te
1690 1041 1773 1089 ne,
1804 1025 1874 1078 mi
1909 1027 2135 1087 medice,
2170 1026 2251 1078 his

676 1122 857 1175 verbis
892 1120 1246 1182 medicantur,
1275 1129 1329 1173 et
1361 1118 1571 1171 tandem
1603 1116 1986 1185 persuademus
2024 1116 2246 1184 potabili

676 1212 923 1265 oratione
957 1212 1148 1264 falsum
1184 1209 1423 1262 auditum
1446 1211 1518 1258 ἰιι
1552 1220 1817 1273 expurges
1862 1205 1884 1257 ?
1913 1203 2116 1257 Tuisue
2153 1220 2252 1257 au-

681 1300 828 1353 ribus
853 1310 1063 1368 oportet
1092 1298 1243 1366 plnra
1274 1292 1653 1349 insusurrare?
1680 1291 1853 1345 Cerne
1880 1296 2022 1345 enim
2053 1302 2106 1345 ut
2139 1293 2252 1360 ipse

678 1390 830 1444 Plato
859 1404 1035 1444 ortum
1070 1389 1211 1441 norit
1238 1387 1458 1447 coelum,
1491 1394 1544 1438 et
1574 1392 1838 1453 quatenus
1867 1392 2043 1435 ortum
2082 1383 2253 1435 disso-

679 1482 870 1536 lutioni
899 1491 951 1534 et
983 1479 1219 1534 interitui
1254 1479 1546 1533 obnoxium
1581 1495 1594 1530 :
1626 1474 1769 1544 quod
1804 1474 2111 1527 necessario
2143 1474 2253 1527 dis—

682 1574 881 1628 solutio
928 1574 1372 1641 compositiOncm
1434 1568 1817 1636 subsequatur.
1885 1566 2056 1620 Omne
2109 1567 2250 1620 enim

680 1665 1037 1734 compositum
1074 1662 1289 1717 dissolvi
1322 1661 1486 1714 etiam
1520 1669 1709 1713 natura
1742 1659 1898 1711 solet.
1927 1656 2009 1710 Nil
2043 1672 2167 1710 vero
2205 1668 2254 1711 te

681 1757 989 1819 conturbet,
1026 1756 1166 1823 quod
1200 1752 1396 1818 adjecit
1428 1750 1580 1804 Plato
1617 1767 1630 1804 :
1674 1768 1693 1801 ‹
1724 1748 1777 1802 Si
1815 1748 2030 1817 quidem
2065 1763 2251 1800 eorum

2355 571 2487 641 ἐμοῦ
2526 588 2590 639 γε
2634 570 2940 634 ἐθέλοντοςο
2986 572 3044 623 τὸ
3080 571 3179 640 μὲν
3226 571 3289 641 δὴ
3338 571 3490 623 δεθὲν
3522 573 3634 624 πᾶν
3668 571 3837 629 λυτόν.
3887 594 3902 627 ι

2355 665 2467 717 Καὶ
2501 662 2699 717 πάλινο
2735 682 2752 714 ι
2810 663 2900 715 Διὸ
2950 663 3182 734 ἐπείπερ
3216 662 3500 731 ἐγένεσθε,
3529 665 3631 716 οὐκ
3674 664 3909 719 ἀθάνατοι

2360 755 2461 825 μὲν
2493 756 2615 807 ἐστε
2638 771 2651 783 ·
2685 754 2810 807 οὐδὲ
2842 753 3027 806 ἀλυτοι
3070 755 3385 824 τοπάμπαν,
3425 753 3548 807 οὔτε
3579 772 3644 823 γε
3681 758 3784 826 μὴν
3830 758 3910 809 λυ-

2360 845 2623 917 θήσεσθε,
2651 846 2772 899 οὐδὲ
2802 845 3062 909 τεύξεσθε
3099 847 3331 900 θανάτου
3371 846 3565 916 μοίρας
3591 888 3607 912 ,
3643 851 3743 917 τῆς
3786 849 3909 919 ἐμῆς

2360 938 2665 1008 βουλήσεως
2694 980 2707 1003 ,
2767 939 3014 1008 μείζονος
3067 938 3147 991 ἔτι
3193 938 3399 1007 δεσμοῦ
3452 939 3547 991 xui
3591 940 3910 1010 κυριωτέρας

2358 1030 2609 1100 λαχόντες
2634 1029 2858 1083 ἐκείνων
2874 1025 2955 1095 οἷς
2979 1031 3065 1083 ὅτε
3086 1030 3363 1099 ἐγγίνεσθε
3393 1030 3525 1099 (55),
3551 1032 3866 1085 συνεὸεἰσθε.
3891 1052 3907 1084 ι

2357 1114 2423 1172 ’Δ
2434 1122 2503 1191 ρά
2521 1138 2579 1172 σε
2609 1119 3179 1191 καταφαρμακεύομεν
3198 1119 3333 1188 (56),
3365 1113 3410 1171 ὦ
3430 1118 3603 1187 φίλος,
3620 1120 3734 1181 τοῖς
3754 1119 3911 1186 λόγοις

2358 1212 2585 1276 τούτοις,
2636 1210 2731 1263 xui.
2783 1211 2882 1279 ὀψὲ
2930 1210 3190 1279 πείθομεν
3226 1210 3441 1279 ποτίμῳ
3488 1209 3635 1279 λόγῳ
3686 1209 3912 1279 ἁλμυρὰν

2357 1304 2526 1373 ἀκοὴν
2560 1302 2971 1356 ἀποκλύσασθαι
2998 1302 3109 1371 (57)
3136 1320 3148 1367 ;
3175 1302 3208 1374 ἢ
3241 1301 3321 1353 δεῖ
3350 1318 3443 1355 σου
3467 1302 3790 1373 κατεπᾴδειν
3817 1303 3910 1372 (58)

2361 1393 2715 1463 μακρότερα;
2750 1395 2852 1462 ὅρα
2886 1391 2994 1461 γάρ
3036 1391 3181 1454 ὅπως
3216 1391 3379 1454 αὐτὸς
3408 1393 3436 1443 ό
3461 1391 3693 1445 Πλάτων
3722 1399 3813 1444 καὶ
3839 1408 3913 1458 γε·

2358 1486 2513 1553 νητὺν
2543 1481 2649 1536 οἶδε
2679 1485 2769 1536 τὸν
2798 1484 3046 1553 οὐρανὸν,
3081 1484 3176 1535 καὶ
3204 1484 3252 1534 εί
3279 1483 3390 1551 (59)
3423 1484 3639 1552 γέγονε,
3678 1483 3912 1553 λυόμενόν

2296 1640 2305 1647 ἢ
2359 1595 2416 1628 τε
2447 1578 2541 1628 xui.
2577 1575 2955 1646 φθειρόμενον,
2992 1573 3197 1636 λύσεως
3224 1572 3283 1637 ἐξ
3312 1573 3555 1644 ἀνάγκης
3587 1576 3654 1643 τῇ
3691 1574 3912 1627 συνθέσει

2360 1668 2775 1738 παρεπομένης.
2849 1667 2964 1719 Πᾶν
3008 1664 3114 1735 γὰρ
3168 1664 3418 1717 σύνθετον
3472 1664 3570 1717 καὶ
3624 1664 3911 1718 διαλύεσθαι

2362 1760 2594 1828 πέφυκε.
2630 1758 2723 1828 Μὴ
2751 1757 2813 1829 δή
2844 1774 2903 1809 σε
2932 1755 3352 1827 μορμολυττέτω
3378 1755 3488 1827 (60)
3517 1756 3714 1824 λέγων,
3750 1774 3767 1806 ι
3803 1758 3912 1807 ’Λν-

682 1845 861 1914 aliqua
897 1846 989 1897 liat
1021 1842 1346 1906 dissolutio;
1387 1859 1405 1892 ι
1437 1849 1490 1894 et
1517 1840 1709 1893 iterum
1736 1854 1749 1890 :
1778 1853 1799 1890 ι
1821 1838 1930 1889 Non
1955 1852 2251 1905 conseque-

2296 1844 2324 1896 Β
2355 1866 2460 1921 περ
2501 1848 2607 1919 ἄρα
2634 1848 2789 1910 λύσις
2819 1847 2997 1900 αὐτῶν
3037 1846 3284 1915 γένηται.
3332 1865 3350 1896 ›
3385 1846 3496 1898 Καὶ
3532 1846 3609 1908 ὡς
3644 1865 3661 1896 ι
3695 1846 3766 1897 Οὐ
3805 1846 3914 1898 τεύ-

682 1934 815 1987 mini
850 1934 1041 1987 mortis
1072 1931 1275 1997 fatum;
1308 1948 1324 1981 ι
1358 1945 1479 1982 eum
1517 1929 1814 1998 praesertim
1850 1926 2043 1979 dixerit
2074 1942 2087 1979 :
2124 1944 2143 1977 ι
2180 1927 2251 1979 Ac

2358 1938 2513 2004 ξεσθε
2540 1938 2767 1991 θανάτου
2811 1937 3022 2007 μοίρας.
3056 1954 3073 1987 ι
3112 1937 3255 2006 Ἔφη
3284 1936 3414 2005 γὰρ,
3442 1956 3460 1986 ‹
3492 1937 3566 1988 Τὸ
3607 1936 3707 2006 μὲν
3734 1935 3794 2002 δὴ
3822 1938 3912 1988 πᾶν

681 2023 899 2094 quidem
919 2030 1068 2077 certe
1098 2032 1255 2074 omne
1278 2019 1516 2071 vinetum
1532 2014 1666 2070 solvi
1680 2022 1916 2085 potest»
1934 2025 1987 2071 et
2012 2031 2251 2072 rursum:

2355 2029 2506 2082 δεθὲν
2531 2028 2707 2081 λυτόν.
2748 2048 2768 2081 ι
2800 2028 2911 2081 Καὶ
2938 2028 3013 2091 ὡς
3042 2047 3059 2078 ι
3092 2028 3165 2080 Οὐ
3194 2030 3425 2096 πάμπαν
3449 2027 3635 2081 ἄλυτοι
3664 2026 3857 2082 ἔσεσθε.
3891 2047 3907 2079 ι

687 2129 709 2163 ι
744 2109 858 2164 Non
893 2108 1024 2163 estis
1058 2108 1269 2178 penitus
1304 2104 1729 2160 indissolubiles.
1768 2123 1789 2157 ι
1831 2105 1970 2173 Quin
2005 2114 2060 2160 et
2093 2121 2123 2160 e
2162 2122 2251 2160 sua

2358 2121 2471 2173 Kui.
2527 2121 2591 2172 ὲκ
2622 2120 2722 2189 τῆς
2775 2119 2983 2182 οἰκείας
3015 2119 3071 2171 δὲ
3128 2119 3336 2189 φθορᾶς
3380 2119 3472 2171 τὸν
3528 2118 3759 2187 οὐρανόν
3797 2136 3913 2189 φησι

2356 2211 2652 2282 τρέφεσθαι
2677 2211 2826 2281 αὑτῴ
2848 2212 3065 2282 Τιμαίῳ
3094 2210 3582 2280 προδιαλεγόμενος
3613 2210 3744 2280 (tit),
3776 2210 3912 2273 φύσει

2358 2317 2418 2353 τε
2452 2300 2671 2372 φθαρτά
2726 2303 2987 2372 χρήματα
3038 2302 3218 2354 πάντα
3279 2301 3451 2354 ταῦτα
3480 2301 3781 2369 γινώσκει,
3833 2303 3912 2354 καὶ

2357 2390 2584 2444 δεκτικὰ
2634 2391 2843 2455 λύσεως
2878 2388 3055 2455 οἶδεν,
3094 2392 3282 2461 ἐπειδὴ
3331 2393 3424 2444 καὶ
3476 2392 3723 2461 γέγονεν.
3771 2392 3829 2443 Εἰ
3867 2391 3913 2443 δὲ

2360 2481 2613 2553 βουλήσει
2635 2484 2727 2535 τοῦ
2751 2484 3095 2555 Δημιουργοῦ
3125 2484 3367 2537 ἀθάνατα
3390 2483 3560 2537 ταῦτα
3579 2480 3721 2538 εἶναί
3746 2501 3912 2553 φησιν,

2358 2574 2643 2645 ἀσχάλλων
2672 2576 2755 2629 ὃτι
2786 2577 2881 2630 καὶ
2921 2578 3146 2647 φήσειεν
3185 2576 3572 2645 ὲναντιολογῶν
3613 2594 3672 2630 τε
3709 2578 3799 2631 καὶ
3832 2594 3914 2628 κα-

2360 2662 2537 2735 θάπερ
2565 2666 2621 2717 ὲν
2651 2665 2989 2736 νυκτομαχίᾳ
3022 2667 3326 2736 μαχόμενος
3354 2666 3465 2736 (6'2)
3487 2666 3688 2736 ἑαυτῷ.
3726 2666 3788 2719 Ἦ
3821 2668 3912 2737 γὰρ

2359 2754 2675 2825 ἀνθρωπίνη
2721 2756 2883 2823 σοφία
2904 2794 2919 2817 ,
2950 2756 3130 2824 ὀλίγου
3161 2757 3303 2819 τινός
3332 2757 3479 2809 ἐστιν
3506 2757 3637 2821 ἀξία
3672 2756 3761 2810 xui.
3786 2755 3911 2809 3-55:-

2358 2846 2447 2910 νός
2475 2845 2608 2917 (63),
2639 2847 2777 2910 τέως
2804 2849 2869 2917 τῇ
2902 2845 3062 2916 φύσει
3088 2848 3266 2901 αὐτῶν
3297 2848 3835 2919 προσμεμαρτύρηιςι
3859 2845 3913 2901 τὸ

2358 2940 2617 2993 δύνασθαι
2658 2939 2951 3010 φθαρῆναι,
2982 2940 3170 3011 ἐπειδὴ
3192 2941 3285 2995 καὶ
3323 2941 3565 3010 γέγονεν.
3596 2943 3670 2996 Ἥ
3698 2940 3785 3009 ob;

682 2203 805 2255 tabe
837 2202 1033 2254 caelum
1068 2200 1223 2253 docet
1256 2198 1359 2263 ali,
1393 2197 1516 2250 dum
1553 2211 1675 2251 cum
1708 2195 1909 2251 Tinueo
1945 2198 2255 2265 disputans,

680 2300 871 2344 natura
893 2304 1080 2343 omnes
1103 2288 1404 2341 istiusmodi
1430 2302 1516 2341 res
1539 2287 1781 2342 interitui
1804 2288 2067 2341 obnoxias
2088 2303 2258 2358 agno-

681 2383 787 2437 scit
816 2392 975 2450 atque
1004 2379 1375 2433 dissolutionis
1406 2378 1718 2447 participes,
1747 2378 1946 2447 quippe
1975 2394 2093 2445 qu:e
2124 2378 2253 2432 eﬂ'e-

678 2484 780 2528 ctre
810 2474 937 2527 sint.
967 2472 1118 2539 Quod
1152 2471 1197 2526 si
1232 2470 1506 2525 voluntate
1535 2468 1756 2539 Opiﬁcis
1788 2470 2110 2522 immortalia
2144 2470 2258 2522 han:

677 2580 801 2619 esse
836 2573 1063 2629 asserat,
1099 2563 1351 2616 nimirum
1384 2569 1690 2615 commotus
1724 2561 1838 2614 htec
1872 2561 2088 2624 dixerit,
2123 2562 2255 2615 sibi-

678 2669 784 2724 que
815 2654 1040 2721 loquens
1068 2652 1370 2715 contraria,
1404 2660 1459 2704 et
1493 2659 1748 2718 tanquam
1787 2649 1839 2702 in
1878 2662 2142 2703 nocturna
2173 2651 2257 2705 di-

682 2744 971 2798 micatione
995 2757 1176 2797 secum
1204 2757 1468 2811 pugnans.
1495 2739 1740 2794 Humana
1766 2742 1963 2810 quippe
1988 2741 2255 2810 sapientia

680 2832 838 2903 pauci
866 2842 949 2886 est
978 2832 1259 2893 facienda,
1292 2841 1452 2895 atque
1482 2828 1600 2880 ideo
1631 2826 1780 2879 nihili
1814 2844 1827 2879 :
1862 2828 2064 2881 etenim
2097 2826 2257 2895 paulo

678 2932 803 2978 ante
834 2933 1027 2977 natura
1057 2938 1151 2975 sua
1185 2936 1341 2989 posse
1369 2919 1620 2984 interire,
1650 2917 1791 2987 quod
1821 2916 2011 2972 etl‘ecta
2043 2926 2257 2976 essent.

680 3024 911 3069 testatus
939 3027 1043 3068 est.
1073 3012 1303 3067 Nonne?

752 3105 916 3160 MED.
953 3104 1198 3160 Videtur.

2431 3115 2564 3169 ιΑΤ.
2597 3114 2869 3170 Φαίνεται.

646 3266 651 3269 _
751 3195 1027 3254 CHRIST.
1063 3197 1118 3250 Si
1159 3196 1321 3266 igitur
1357 3195 1470 3249 haec
1509 3192 1832 3247 naturaliter
1870 3193 2112 3248 interitui
2151 3193 2249 3247 ob-

2296 3178 2323 3236 ΓΞ
2427 3207 2601 3261 χΡιΣ,
2640 3207 2701 3259 Εἰ
2727 3206 2791 3278 δὴ
2814 3205 2971 3274 φύσει
2992 3204 3208 3276 φθαρτά
3230 3202 3424 3269 ταῦτα,
3453 3204 3618 3277 σχολῇ
3647 3207 3696 3275 γ’
3716 3206 3780 3259 ἂν
3801 3206 3911 3268 τοὺς

682 3291 841 3345 noxia
875 3299 1027 3351 sunt,
1062 3288 1367 3340 nullatenus
1394 3301 1487 3339 eos
1516 3284 1608 3354 qui
1639 3294 1830 3338 natura
1865 3285 2087 3339 interire
2125 3299 2251 3353 pos-

680 3389 832 3444 sunt,
876 3380 1007 3433 deos
1050 3377 1314 3447 suspicari
1362 3384 1594 3447 oportet.
1638 3376 1718 3429 An
1765 3377 1860 3430 tibi
1903 3376 2117 3429 videtur
2155 3376 2255 3429 iste

683 3472 913 3524 mundus
948 3470 1089 3523 Deus
1123 3484 1265 3536 esse,
1295 3484 1417 3521 cum
1451 3470 1522 3522 sit
1552 3467 1726 3522 factus
1753 3478 1808 3521 et
1841 3476 2033 3521 natura
2065 3467 2255 3521 interi-

684 3563 763 3616 tui
797 3563 1095 3624 obnoxius,
1132 3560 1585 3631 quemadmodum
1626 3558 1767 3614 ratio
1803 3560 2163 3624 demonstrat,
2199 3568 2255 3613 et

682 3653 835 3710 Plato
863 3652 1117 3706 tradidit?

754 3744 913 3798 MED.
948 3744 1083 3804 Ouid
1113 3743 1335 3798 debeam
1363 3742 1544 3796 dicere
1573 3742 1774 3796 nescio.

751 3833 1019 3890 CllRlS‘l‘.
1069 3835 1487 3905 Progrediamur
1529 3849 1658 3901 ergo
1707 3843 1951 3887 oratione
1994 3832 2059 3887 ad
2108 3832 2253 3903 leges

682 3926 1041 3981 ratiocinandi
1074 3925 1539 3980 accommodatius
1570 3938 1585 3976 :
1614 3925 1772 3978 stude
1799 3937 1978 3977 autem
2009 3926 2250 3990 assequi.

680 4014 816 4069 Nam
852 4026 903 4069 te
930 4016 1070 4069 istud
1102 4016 1310 4083 facere,
1343 4032 1463 4071 cum
1491 4017 1575 4070 vir
1604 4019 1678 4072 sis
1712 4019 1899 4071 doctus
1929 4026 1983 4071 et
2012 4018 2252 4083 philoso-

684 4106 845 4175 plms,
881 4106 1059 4173 cupio.
1096 4105 1305 4161 Fateris
1343 4122 1411 4160 nc
1453 4107 1615 4175 igitur
1651 4105 1816 4160 Deum
1856 4108 2251 4175 incorporeum,

686 4201 1011 4259 increatum,
1043 4196 1438 4266 incorruptum,
1470 4214 1498 4250 a
1530 4197 1651 4252 tabe
1678 4197 1936 4263 alienum,
1968 4214 1997 4251 a
2025 4213 2250 4253 concre-

683 4286 832 4339 tione
859 4286 1127 4339 liberum?

2357 3304 2519 3369 φύσει
2552 3300 2825 3369 φθαρτοὺς
2855 3298 3011 3361 θεοὺς
3045 3298 3447 3368 ὑποτοπητέον·
3482 3299 3516 3371 ἧ
3550 3316 3633 3352 σοι
3663 3300 3803 3354 δοκεῖ
3828 3298 3910 3351 κόν

2360 3408 2495 3458 σμος
2526 3390 2658 3452 Θεὸς
2688 3385 3106 3458 εἶναιιγενητὸς
3135 3387 3209 3440 ὢν
3239 3389 3334 3441 xui.
3364 3388 3524 3457 φύσει
3553 3388 3816 3461 φθαρτός·
3843 3388 3910 3453 ὡς

2354 3483 2382 3535 ὁ
2408 3482 2562 3549 λόγος
2595 3479 2864 3545 ἀπέδειξε,
2900 3479 2996 3531 xui
3023 3480 3050 3531 ό
3083 3477 3311 3531 Πλάτων
3342 3478 3592 3546 τίθεταις

2430 3742 2565 3795 ΙΑΤ.
2608 3743 2721 3794 Οὐκ
2748 3738 2864 3794 οἶδα
2897 3742 2924 3794 ὅ
2951 3758 3003 3793 τι
3029 3760 3083 3811 φ(

2429 3837 2610 3888 ΧΡΙΣ.
2647 3834 2855 3888 Οὐκοῦν
2897 3834 3031 3904 φέρε
3078 3832 3635 3906 συλλογιστικώτερον
3677 3835 3753 3908 τῷ
3784 3835 3912 3907 λόγῳ

2361 3927 2658 3999 προΐωμεν.
2711 3924 3101 3996 Προθυμήθητι
3131 3925 3184 3978 δὲ
3214 3925 3388 3997 τούτῳ
3416 3928 3907 3999 παρακολουθῆσαι·

2355 4019 2515 4071 τοῦτο
2556 4018 2664 4088 γάρ
2703 4032 2762 4068 σε
2798 4019 2971 4069 ποιεῖν
3003 4016 3182 4084 λόγιον
3224 4017 3352 4070 ὄντα
3396 4020 3491 4071 καὶ
3537 4020 3713 4089 φίλιον
3747 4021 3909 4091 γλίχο-

2360 4128 2478 4181 μαι.
2512 4111 2614 4164 Τδν
2646 4110 2776 4164 Θεὸν
2805 4107 3094 4179 ἀσώματον
3130 4111 3223 4162 καὶ
3255 4112 3539 4183 ἀγένητον,
3572 4115 3840 4185 ἄφθαρτόν
3858 4130 3908 4167 τε

2359 4206 2453 4258 καὶ
2481 4201 2807 4274 ἀνώλεθρον,
2838 4203 2932 4255 καὶ
2962 4202 3266 4265 συνθέσεως
3299 4204 3585 4277 ἐλεύθερον
3622 4206 3907 4280 ὁμολογεῖς,

2358 4295 2526 4369 ῆοῦς

756 4416 870 4487 (55)
906 4415 996 4470 Sic
1034 4417 1189 4484 vulgo
1220 4417 1525 4486 ὲγγίνεσθε.
1572 4417 1734 4473 Forte
1781 4428 1927 4473 certe
1975 4420 2243 4488 ὲγίνεσθε.

2296 4436 2322 4488 )
2354 4426 2583 4481 hrardns
2637 4427 2725 4481 hic
2778 4428 3089 4483 intricatins
3146 4429 3307 4484 vertit
3344 4429 3535 4485 altero.
3582 4429 3679 4486 BA.
3728 4427 3907 4482 Tuisne

682 4486 819 4541 Tan.

752 4556 864 4626 (56)
899 4558 1533 4625 Καταφαρμακεύομεν.
1584 4557 1761 4610 llludit
1795 4558 2112 4626 professioni
2155 4561 2252 4613 lto-

682 4628 841 4681 tninis
870 4630 1085 4687 mediet,
1114 4630 1202 4693 qui
1258 4629 1329 4678 sit
1357 4630 1525 4681 instar
1566 4637 1741 4681 mente
1775 4630 1937 4696 capti,
1970 4639 2024 4681 et
2057 4631 2253 4682 habent

683 4712 905 4752 necesse
936 4696 1095 4749 simul
1117 4696 1437 4763 potionibus
1458 4708 1514 4751 et
1545 4698 1889 4750 sermonibus
1916 4701 2120 4751 curari.
2150 4697 2248 4753 Bt.

775 4767 863 4834 Ξῖ)
905 4765 1209 4837 ξΛλμυράκ
1227 4765 1420 4832 ἀκοὴν
1439 4768 1884 4822 ἀπολύσασθαι·
1912 4767 2209 4837 Hesychius
2233 4787 2248 4823 :

690 4835 957 4908 ’ᾼλμυρὰ,
1013 4835 1245 4905 χαλεπὰ,
1295 4837 1487 4905 πικράν
1523 4854 1552 4890 a
1586 4840 1760 4908 ntari.
1818 4839 1959 4890 Idem
2009 4835 2252 4908 ἁλμυρὸν

680 4906 865 4958 ἁλικὸν
898 4908 1142 4973 exponit,
1166 4920 1271 4973 qua
1305 4920 1435 4959 voce
1462 4907 1597 4959 mari
1629 4909 1788 4960 vicini
1818 4918 1909 4961 aut
1939 4906 2136 4961 accola:
2162 4906 2251 4961 hn-

2356 4500 2577 4569 anribus
2608 4508 2819 4565 Oportet
2852 4499 3001 4565 plura
3028 4499 3415 4569 insusurrare?
3438 4499 3639 4556 Gnaeo.
3670 4499 3725 4554 In
3757 4498 3906 4569 pluri-

2358 4568 2455 4617 bus
2493 4568 2851 4619 inrantandus
2894 4570 2988 4622 es?
3024 4568 3161 4623 Tan.

2427 4636 2538 4710 (7.59)
2575 4636 2682 4710 QC.
2726 4637 2785 4691 Ρ.
2824 4633 2883 4707 ἦ,
2914 4633 2949 4708 ἦ
2982 4641 3067 4693 vel
3109 4642 3162 4710 ἡ.
3198 4640 3399 4695 ϐεκειι.

2429 4705 2779 4781 (βυλΜορμτ,
2809 4705 3141 4781 absterreat:
3161 4710 3460 4781 llesychius
3490 4730 3504 4766 :
3540 4708 3904 4781 μορμολύττει,

2355 4776 2650 4846 φοόερίζει·
2689 4776 2912 4848 μόρμοι,
2939 4780 3114 4848 φόϐοι.
3145 4782 3186 4833 Α
3220 4776 3383 4834 larvis
3411 4776 3756 4848 tragico'riun.
3795 4778 3905 4831 \lidc

2354 4851 2685 4919 ennulem_et
2718 4846 3111 4919 Etytnnliigum.
3151 4850 3257 4903 Nos
3292 4846 3609 4919 supraaBA.

2426 4917 2536 4990 ((SI)
2575 4913 3030 4990 {Encas'Gazmus
3070 4937 3084 4990 ξ
3119 4920 3343 4972 Πλάτων
3361 4913 3429 4973 ὀὐ
3475 4922 3577 4990 τῆς
3605 4920 3711 4987 τῆς
3744 4918 3905 4989 μόνον.

682 4974 939 5060 ξιιίρηυεείιι
971 4976 1338 5060 Peloponneso
1361 4976 1703 5060 dicebantur.
1734 4978 1951 5057 κυρίως
1972 4978 2183 5060 τίθεται
2216 4981 2247 5049 ἡ

2352 4974 2488 5060 ἀλλὰ
2644 4984 2740 5037 τοῦ
2766 4988 2998 5060 οὐρανοῦ
3030 4989 3237 5060 φθορὰν
3287 4990 3474 5057 σαφῶς
3512 4974 3793 5056 ε’πεὶσάγει
3834 4974 3905 5060 ΤξᾸ

678 5042 2250 5143 £5,539.19:$5313.raeafaazrzfiesia.5535“
2348 5057 2523 5143 Wa
2558 5042 2942 5141 λέῖτων.έκ“τῆς
2968 5042 3175 5143 οε.›έείσές
3205 5042 3414 5143 eosic
3436 5042 3526 5138 έιν
3556 5042 3782 5143 ρίιρειγδν
3801 5054 3907 5125 τρέο

680 5113 1040 5185 εκχεομένωψ
1062 5117 1265 5167 Auctor
1296 5113 1526 5183 Etymtil.
1555 5134 1567 5167 :
1594 5116 1815 5185 Κρίνειν
1845 5113 2050 5185 χυμοὺς
2086 5118 2249 5184 ὀξεῖς,

678 5182 913 5254 ᾄριμείς.
948 5183 1334 5254 ὀδαξιστικοὺς,
1368 5182 1617 5254 πικροὺς,
1652 5182 1962 5254 ἁλμυροὺς,
1991 5182 2247 5249 ἀλυκούςζ

680 5235 912 5305 Πλάτωιῖ
944 5235 1072 5330 γάρ’
1085 5254 1181 5305 καὶ
1236 5235 1533 5330 affulsit;

680 5323 1103 5390 χρηταιηριιειιι
1145 5328 1391 5390 sequitur
1434 5327 1534 5377 hoc
1564 5322 1680 5388 loco
1726 5322 2045 5383 Zacharias.
2089 5331 2249 5380 Ἀπο-

680 5381 981 5443 κλίσασσαῖ
1001 5432 1016 5453 ,
1043 5381 1289 5454 abluere,
1315 5394 1517 5447 eluere.
1555 5392 1649 5447 ΒΑ.

752 5461 863 5531 (58)
889 5462 1278 5529 Κατεπᾲδειν.
1309 5462 1487 5515 Manet
1521 5464 1573 5517 in
1611 5462 1830 5517 homine
1867 5463 2091 5517 insania:
2121 5481 2250 5517 exa-

680 5532 924 5600 gitanda.
956 5535 1199 5586 alludens
1224 5541 1277 5585 et
1306 5532 1635 5589 medicorum
1665 5534 1897 5601 ineptias
1917 5574 1933 5598 ,
1968 5536 2054 5599 qui
2087 5538 2249 5587 multa

686 5605 953 5672 cantando
987 5602 1166 5655 curari
1199 5604 1520 5668 credebant;
1553 5606 1620 5656 de
1664 5620 1772 5672 quo
1801 5619 1863 5656 ex
1914 5605 2253 5670 antiquitatis

2354 5124 2566 5201 (psallat:
2597 5127 2847 5201 sitoivuv
2861 5124 3041 5201 τροφὴ
3064 5130 3156 5181 xui.
3180 5124 3371 5201 φθορὰ,
3399 5129 3501 5182 ποῦ
3531 5131 3591 5182 τὸ
3620 5124 3903 5189 auom-.0»;

2357 5194 2449 5247 ΒΑ.
2482 5196 2587 5248 CC.
2625 5195 2682 5251 P.
2712 5198 2902 5265 προσδ.

2425 5265 2539 5334 (62)
2720 5269 3093 5335 νυκτομαχίᾳ
3134 5267 3495 5337 μαχόμενος.
3550 5268 3902 5322 Proverbitnn.

2356 5333 2539 5408 Latini
2566 5333 3401 5408 dicunt,Atulabatarnni"more
3424 5333 3685 5408 pugnare.
3713 5341 3782 5408 De
3810 5349 3904 5403 qu”

2355 5408 2473 5456 vide
2511 5405 2736 5457 doctiss.
2776 5406 3011 5473 Lipsinm
3047 5410 3137 5461 lib.
3172 5426 3206 5461 ll
3242 5405 3521 5461 Saturnal:
3550 5424 3599 5462 c.
3637 5408 3721 5464 12.
3753 5406 3839 5459 ΒΑ.

2427 5474 2680 5543 (65)Νυιι
2709 5471 3083 5529 ειιιιίυιιιιιίιιυ
3109 5495 3238 5531 sana
3272 5479 3384 5530 haec
3420 5479 3603 5531 verba.
3637 5476 3834 5538 Scribe,
3861 5471 3903 5523 ti

2356 5542 2443 5611 μὴ
2483 5542 2715 5607 οὐδενός.
2770 5543 3002 5600 Pulchre
3034 5561 3213 5599 autem
3264 5548 3368 5601 ista
3414 5549 3821 5607 concluduntur,
3855 5550 3902 5592 ιιι

2356 5614 2537 5664 animo
2572 5617 2845 5687 exigatur_
2874 5616 2958 5670 vel
3003 5620 3162 5671 deum
3203 5616 3286 5671 vel
3334 5618 3536 5687 aliquid
3587 5619 3688 5673 deo
3742 5612 3901 5671 simile

680 5670 929 5724 ontnibus
968 5673 1083 5725 fere
1118 5672 1435 5729 condituriis
1481 5674 1632 5728 alibi.
1684 5670 1763 5727 De
1836 5675 2001 5727 verbo
2042 5690 2251 5725 κατεπ-

2352 5696 2474 5736 esse
2508 5670 2785 5737 mundum.
2816 5684 2911 5738 ΒΑ.

677 5740 823 5829 ἀδειν
855 5740 1174 5811 Hesychius,
1207 5740 1399 5794 Pollux
1435 5743 1523 5798 lib.
1557 5760 1631 5810 tv,
1666 5759 1715 5798 c.
1752 5744 1805 5808 ti,
1836 5744 2052 5797 Suidas.
2082 5743 2249 5799 Gene-
