4154 6536
268 404 400 470 1093

336 522 471 575 ΙΑΤ.
502 520 632 574 Ναί.

333 613 561 666 XPILT.
581 613 640 665 '0
668 612 724 664 δὲ
757 611 960 682 κόσμος
987 610 1244 683 αἰσθητὸς
1269 611 1444 679 ἐφάνη
1475 608 1569 661 καὶ
1597 606 1849 676 γενητὸς,

264 702 520 765 σύνθετός
557 720 616 755 τε
647 696 734 755 οἷα
773 701 833 766 ἐξ
867 702 999 771 ὐλης
1044 704 1141 754 καὶ
1186 702 1361 763 εἴδους
1393 701 1485 753 κα).
1513 698 1621 752 τῶν
1653 699 1851 752 τεσσά-

264 812 379 864 ρων
407 795 684 863 στοιχείων
721 794 1101 863 συγκείμενος,
1136 793 1277 846 κατὰ
1308 792 1571 846 Πλάτωνα
1593 834 1607 858 ,
1644 792 1737 844 καὶ
1762 789 1849 843 διὰ

264 883 423 935 τοῦτο
456 882 773 935 διαλύεσθαι
802 882 1068 944 πεφυκώς
1107 883 1243 953 (64).

336 974 471 1027 ΙΛΤ.
520 974 746 1044 Ἑφάνη.

336 1064 562 1118 ΧΡΙΣΤ.
602 1065 662 1117 Εἰ
692 1063 806 1127 οὖν,
839 1058 883 1117 ὧ
918 1064 1178 1135 μακάριε,
1207 1066 1235 1116 6
1266 1064 1362 1134 μὲν
1382 1063 1513 1126 Θεὸς
1532 1064 1628 1133 οὐχ
1653 1062 1844 1126 οὕτως,

262 1157 292 1205 6
332 1154 388 1208 δὲ
425 1155 630 1227 κόσμος
659 1156 833 1218 οὕτως
857 1172 871 1187 ’
908 1156 1007 1209 οὐκ
1027 1156 1136 1225 ἄρα
1164 1154 1297 1217 Θεὸς
1329 1155 1413 1207 ὅδε
1449 1154 1672 1223 κόσμος.
1704 1155 1764 1206 Ιὲἱ
1790 1154 1846 1207 δὲ

266 1249 342 1317 μὴ
373 1247 509 1310 Θεὸς
530 1242 682 1309 οὗτος
705 1289 719 1311 ,
751 1247 875 1302 οὔτε
911 1266 964 1301 τι
991 1247 1097 1300 τῶν
1145 1246 1336 1299 τούτου
1389 1245 1569 1316 μερῶν
1595 1262 1608 1275 ο
1653 1243 1847 1297 ούκουν

263 1339 370 1409 ἄρα
402 1340 532 1402 Θεὸς
561 1341 589 1393 6
627 1339 797 1408 ἥλιος,
837 1338 959 1392 οὔτε
999 1340 1032 1408 ἠ
1070 1338 1300 1408 σελήνη,
1338 1335 1461 1389 οὔτε
1495 1354 1547 1389 τι
1576 1336 1683 1388 τῶν
1723 1337 1845 1389 κατ’

261 1428 493 1499 οὐρανὸν
535 1429 877 1499 κινουμένων
906 1445 921 1459 ο
959 1427 1102 1497 μέρη
1145 1424 1255 1493 γὰρ
1284 1423 1457 1477 ταῦτα
1503 1420 1598 1476 τοῦ
1646 1422 1847 1486 παντὸς

262 1520 360 1572 καὶ
392 1520 858 1589 δημιουργήματα
884 1516 977 1571 τοῦ
1016 1513 1150 1570 Θεοῦ
1185 1514 1320 1582 (65).

336 1600 466 1663 ΙΛΤ.
507 1606 576 1662 Εὖ
612 1610 811 1677 λέγεις.

333 1702 560 1753 ΧΡΙΣΤ.
595 1702 657 1752 Εἰ
689 1701 873 1753 τοίνυν
912 1699 1052 1770 μέρη
1083 1697 1261 1752 ταῦτα
1304 1694 1398 1749 τοῦ
1458 1694 1659 1757 παντὸς
1682 1734 1695 1756 ,
1735 1694 1843 1746 ἀπ-

262 1789 484 1861 εδείχθη
511 1790 567 1843 δὲ
600 1790 658 1843 τὸ
699 1791 809 1842 πᾶν
841 1790 1067 1867 γενητὸν
1097 1790 1192 1842 καὶ
1219 1786 1530 1841 διαλύεσθαι
1556 1784 1799 1853 πεφυκὸς
1827 1826 1840 1848 ,

1290 404 1746 465 DlSPUTATIO
1778 404 1878 462 DE
1919 403 2171 462 MUNDI
2211 402 2563 465 OPIFICIO.

1870 522 1913 576 Α
2015 515 2180 569 ΜΕΙ).
2210 516 2424 570 Fateor.

3398 399 3535 467 1094

2022 605 2297 661 (ΞίΠὶῐΞΤ.
2326 605 2429 659 Hic
2451 612 2632 658 autem
2662 606 2894 661 mundus
2919 607 3196 663 sensibilis
3220 608 3454 670 videtur,
3482 617 3536 662 et

1955 698 2149 762 factus,
2177 706 2575 765 concretusque
2601 712 2631 751 e
2657 699 2906 763 materia,
2933 714 2996 754 ac
3025 698 3199 754 forma
3224 709 3277 754 et
3304 711 3535 768 quatuor

1950 790 2235 843 elementis
2276 787 2629 856 compositus,
2674 785 2917 842 Platonis
2958 788 3190 856 judicio.
3234 799 3289 844 et
3332 791 3535 846 idcirco

1951 878 2017 933 ad
2052 877 2462 933 dissolutionem
2496 885 2689 931 natura
2716 887 3091 947 comparatus.

2026 967 2189 1021 MED.
2222 966 2468 1023 Videtur.

2019 1056 2295 1111 CHRIST.
2325 1057 2384 1113 Si
2414 1056 2600 1130 igitur,
2631 1058 2703 1113 mi
2736 1059 2966 1123 medice,
2997 1060 3140 1116 Deus
3166 1062 3324 1118 aliter
3348 1075 3429 1119 est
3456 1066 3537 1121 ef-

1951 1145 2161 1214 fectus,
2209 1149 2369 1202 aliter
2412 1150 2646 1205 mundus
2692 1167 2706 1204 :
2754 1164 2861 1226 non
2911 1150 3075 1220 igitur
3114 1151 3255 1207 Deus
3301 1166 3383 1208 est
3429 1157 3531 1211 iste

1950 1240 2203 1294 mundus.
2243 1240 2397 1306 Quod
2440 1242 2484 1295 si
2525 1259 2628 1295 non
2666 1251 2749 1296 est
2787 1240 2960 1309 Deus,
3002 1257 3176 1313 neque
3211 1245 3388 1315 aliqua
3428 1248 3532 1302 ulla

1948 1332 2065 1401 ejus
2092 1346 2219 1400 pars
2248 1349 2261 1386 :
2293 1348 2466 1403 neque
2493 1349 2621 1404 ergo
2649 1335 2727 1389 sol
2760 1333 2900 1389 Deus
2930 1344 3035 1399 est,
3066 1352 3240 1405 neque
3266 1338 3412 1401 luna,
3440 1357 3536 1393 nc-

1948 1436 2052 1488 que
2084 1423 2377 1491 quidquam
2414 1439 2600 1477 eorum
2638 1441 2757 1493 qum
2793 1427 2844 1480 in
2883 1428 3020 1482 cmlo
3057 1441 3338 1483 moventur
3373 1449 3385 1484 :
3424 1432 3537 1487 haec

1947 1517 2088 1569 enin:
2120 1526 2245 1569 sunt
2275 1518 2509 1571 universi
2542 1528 2744 1583 partes.
2779 1520 2892 1574 hazc
2924 1520 3014 1574 Dei
3045 1521 3283 1591 Opilicia.
3338 1524 3341 1529 ’

2018 1606 2187 1663 MED.
2222 1610 2409 1663 Recte.

2022 1698 2298 1754 CllRlST.
2334 1698 2392 1753 Si
2427 1700 2590 1768 igitur
2618 1701 2732 1756 hare
2763 1700 2890 1755 sunt
2926 1712 3104 1772 partes
3139 1705 3375 1761 universi
3399 1746 3412 1770 ,
3449 1722 3537 1761 re-

1946 1799 2139 1858 cteque
2155 1792 2578 1847 demonstratum
2598 1795 2848 1849 universo
2859 1810 2906 1847 nt
2926 1793 3123 1849 factum
3141 1813 3259 1851 esse
3273 1810 3326 1852 et
3352 1811 3536 1855 natum

259 1884 337 1945 ὡς
366 1883 619 1936 σύνθετον
660 1881 718 1935 δν
756 1881 850 1935 καὶ
878 1880 1128 1950 γενητὸν,
1169 1880 1228 1933 τὸ
1274 1879 1331 1931 δὲ
1364 1877 1539 1941 οὕτως
1583 1877 1705 1948 ἕχον
1738 1876 1843 1942 ἔξω

1953 1881 2011 1933 ad
2036 1881 2471 1950 dissolutionem,
2495 1892 2677 1953 utpote
2720 1897 3028 1941 concretum
3054 1896 3106 1942 et
3130 1889 3327 1944 factum
3358 1910 3367 1943 :
3396 1894 3537 1961 quod

260 1992 366 2028 που
401 1973 613 2028 κεῖσθαι
645 1974 743 2044 τῆς
776 1958 1053 2044 μακαρίας
1083 1970 1178 2025 τοῦ
1216 1970 1352 2024 Θεοῦ
1383 1971 1599 2039 φύσεως
1631 1969 1840 2022 δίκαιον

260 2067 439 2138 ἐφάνη
462 2083 478 2098 ο
526 2066 626 2119 οὐκ
666 2065 775 2137 ἄρα
822 2064 1174 2135 θεολογητέον
1215 2062 1340 2116 οὔτε
1374 2063 1465 2116 τὸν
1495 2062 1645 2133 ἣλιον
1667 2101 1682 2125 ,
1718 2060 1840 2113 οὔτε

260 2163 361 2233 τὴν
393 2160 643 2232 σελήνην,
675 2160 798 2213 οὐτε
828 2160 939 2214 τῶν
962 2159 1138 2215 ἄλλων
1166 2158 1458 2232 πλανητῶν
1484 2158 1696 2212 οὐδένα.

334 2253 470 2307 ΙΑΤ.
504 2254 578 2306 Οὐ
614 2254 744 2323 γάρ.
1670 2298 1675 2305 .

334 2347 559 2401 ΧΡΙΣΤ.
597 2344 1005 2416 Συναπεδείχθη
1054 2340 1147 2398 οὖν
1200 2346 1311 2416 ἄρα
1357 2345 1416 2397 τὸ
1461 2343 1536 2415 μὴ
1567 2342 1658 2396 τὸν
1691 2341 1844 2412 ἥλιόν

259 2454 406 2500 τινος
443 2428 581 2490 εἶναι
606 2437 964 2507 δημιουργὸν,
995 2435 1157 2506 εἴπερ
1190 2437 1265 2507 μὴ
1289 2435 1421 2498 Θεὸς
1451 2434 1798 2505 ὁμολογεῖται
1828 2450 1841 2463 ·

260 2526 653 2597 δημιούργημα
680 2527 736 2580 δὲ
763 2526 920 2581 Θεοῦ.
951 2526 1130 2588 Μόνος
1150 2525 1258 2596 γὰρ
1281 2527 1309 2578 6
1331 2525 1461 2588 Θεὸς
1488 2523 1845 2595 δημιουργὸς,

261 2619 340 2682 ὡς
365 2619 427 2672 οὐ
455 2618 589 2689 πρὸς
622 2618 810 2689 ἑτέρου
840 2615 1289 2689 δημιουργηθείς.

339 2711 474 2764 IAT.
526 2709 725 2775 Καλῶς
764 2710 985 2778 λέγεις’
1038 2709 1175 2763 ἀλλὰ
1231 2708 1386 2762 τοῦτό
1442 2726 1534 2780 μοι
1583 2710 1645 2762 τὸ
1700 2709 1841 2763 ἁπό-

270 2819 421 2874 ρημα
456 2799 565 2868 (66)
604 2801 785 2854 λῦσον.
892 2863 904 2874 _

338 2893 558 2947 ΧΡΙΣΤ.
590 2893 662 2946 Τὸ
697 2895 850 2946 ποῖον
881 2893 981 2965 δή;

336 2982 468 3036 IAT.
507 2982 567 3034 El
592 2982 691 3037 οὐκ
720 2978 787 3054 ἦν
817 2985 845 3036 6
882 2984 1089 3053 κόσμος
1135 2982 1302 3045 ποτὲ,
1331 2982 1449 3043 πῶς
1470 2979 1538 3054 ἦν
1571 2985 1598 3036 6
1624 2984 1755 3046 Θεὸς
1789 2985 1848 3035 ὲν

263 3074 345 3146 τῷ
365 3075 558 3128 ἑαυτοῦ
584 3076 728 3128 κατὰ
760 3075 960 3146 τρόπον
994 3075 1113 3145 ἤθει
1143 3074 1290 3143 (67);
1329 3074 1446 3138 πῶς
1475 3075 1530 3127 δὲ
1561 3076 1730 3145 χωρὶς
1756 3074 1848 3127 τοῦ

266 3164 467 3229 παντὸς
498 3161 636 3218 εἶναι
660 3164 922 3231 δύναται;
966 3166 1083 3227 πῶς
1108 3165 1151 3218 δ’
1183 3167 1249 3219 ἂν
1292 3167 1376 3237 εἴη
1408 3166 1731 3237 εὐεργέτης,
1770 3167 1844 3238 μὴ

1946 1988 2073 2027 tero
2092 1974 2171 2028 sic.
2192 1989 2249 2029 se
2274 1976 2451 2044 habet,
2473 1984 2530 2030 ut
2551 1977 2844 2033 collocetur
2858 1990 3012 2035 extra
3037 1981 3246 2036 beatam
3270 1982 3360 2038 Dei
3388 1996 3541 2040 nutu-

1946 2081 2079 2125 ram,
2099 2066 2470 2137 279justmn
2486 2068 2695 2124 videtur
2717 2070 2825 2124 :sol
2840 2071 3001 2140 igitur
3020 2087 3123 2127 non
3143 2084 3225 2128 est
3245 2074 3296 2129 in
3314 2075 3441 2129 deos
3462 2093 3540 2131 re-

1948 2155 2215 2220 ferendus,
2235 2173 2407 2227 neque
2422 2157 2567 2224 luna,
2582 2174 2756 2228 neque
2784 2159 3010 2215 aliorum
3027 2162 3360 2231 planetarum
3378 2166 3534 2236 ullus.

2016 2247 2178 2302 MED.
2216 2248 2459 2305 Minime.

2018 2337 2293 2394 CllRlST.
2338 2340 2524 2410 Itaque
2559 2341 2721 2395 simul
2766 2342 3193 2399 demonstratum
3240 2356 3325 2402 est
3367 2349 3535 2401 solem

1950 2431 2177 2501 alicujus
2222 2432 2298 2487 rei
2347 2449 2451 2487 non
2502 2448 2621 2489 esse
2668 2434 3005 2500 eﬂ'ectorem.
3045 2439 3087 2492 si
3133 2440 3349 2508 quidem
3399 2442 3539 2494 Deus

1952 2540 2053 2576 non
2102 2524 2452 2591 concedatur,
2497 2530 2591 2581 sed
2643 2528 2734 2582 Dei
2781 2529 3078 2597 opiﬁcium.
3125 2530 3289 2586 Solus
3336 2548 3536 2603 quppe

1953 2615 2094 2667 Deus
2127 2616 2307 2685 opifex
2340 2628 2442 2683 est,
2477 2629 2530 2672 ut
2566 2635 2670 2674 non
2706 2624 2998 2689 productus
3029 2623 3097 2675 ab
3128 2624 3255 2680 alio.

1970 2744 1979 2751 .
2025 2704 2187 2760 MED.
2225 2706 2497 2764 Praeclare
2529 2708 2790 2780 loqueris,
2823 2715 2917 2768 sed
2952 2714 3085 2771 mihi
3124 2714 3283 2770 istam
3321 2716 3540 2772 dubita-

1956 2797 2156 2851 tionem
2178 2798 2357 2853 'solve.

2023 2888 2299 2945 CHRIST.
2334 2892 2675 2958 Quamnam?

2021 2979 2185 3034 MED.
2234 2985 2288 3035 Si
2330 2984 2513 3051 aliquo
2561 2997 2801 3055 tempore
2848 3002 2952 3041 non
2998 2988 3098 3042 fuit
3138 2993 3391 3056 mundus,
3432 3010 3540 3062 quo

1906 3137 1911 3141 ο
1954 3084 2112 3142 pacto
2153 3084 2270 3128 erat
2318 3075 2458 3129 Deus
2500 3077 2550 3129 in
2599 3092 2696 3131 suo
2740 3095 2838 3147 pro
2879 3095 3032 3135 more
3073 3084 3385 3139 domicilio?
3422 3086 3539 3152 Quo

1956 3174 2113 3233 pacto
2147 3180 2396 3219 seorsum
2432 3167 2500 3220 ab
2536 3169 2787 3222 universo
2826 3185 2946 3225 esse
2985 3174 3200 3241 potest?
3239 3192 3345 3243 quo
3384 3190 3540 3245 pacto

264 3258 437 3311 ὄντων
469 3255 579 3311 τῶν
606 3256 1117 3329 εὐεργετουμένων;
1150 3256 1295 3320 τίνος
1325 3230 1383 3310 δὲ
1415 3230 1519 3311 καὶ.
1538 3230 1622 3329 εἴη
1660 3230 1793 3321 Θεὸς

1958 3257 2063 3310 erit
2091 3257 2387 3321 beneﬁcus,
2412 3260 2501 3313 ubi
2529 3276 2633 3314 non
2660 3272 2817 3315 erunt
2847 3279 2907 3316 ea
2938 3278 3062 3333 erga
3091 3281 3210 3335 qua:
3235 3268 3540 3324 beneﬁcen-

265 3348 436 3414 Θεόςς

335 3443 564 3497 ΧΡΙΣΤ.
614 3443 830 3505 Ἐοικάς
863 3458 954 3513 μοι
982 3481 998 3507 ,
1049 3436 1094 3495 ὧ
1130 3442 1392 3513 μακάριε,
1418 3438 1485 3513 ἦν
1511 3442 1553 3495 δ’
1580 3442 1712 3510 ἐγὼ,
1743 3440 1848 3495 ὥσ.

268 3548 375 3604 περ
427 3532 486 3599 ἐξ
532 3532 703 3587 ὕπνου
763 3532 1055 3595 διαναστὰς
1091 3533 1200 3603 (68)
1248 3533 1599 3603 ἐπιλελῆσθαι
1641 3533 1740 3603 μὲν
1771 3528 1847 3586 ὧν

268 3623 461 3695 πρώην
497 3624 758 3694 ἐλέγομεν
793 3620 938 3694 (69)λ’
978 3624 1070 3676 τὸν
1100 3624 1157 3676 δὲ
1188 3624 1468 3693 κολοφῶνα
1509 3625 1620 3695 (70)
1654 3624 1844 3696 ὥσπερ

266 3717 374 3770 οίει
412 3716 520 3770 τῶν
547 3716 882 3787 ζητημάτων
908 3716 1003 3769 σὺν
1027 3717 1160 3786 ἡμῖν
1185 3716 1557 3786 διαφερόντως
1588 3721 1848 3787 προῖσχε-

271 3808 395 3863 σθαι
414 3824 428 3838 ⁸
466 3809 560 3862 καὶ
585 3808 647 3861 οὐ
672 3808 863 3881 λογίζῃ
888 3810 970 3862 ὅτι
997 3807 1127 3870 Θεὸς
1153 3808 1479 3878 εὐεργετῶν,
1509 3808 1609 3861 οὐκ
1638 3808 1851 3879 ἀνάγκῃ

269 3901 591 3971 εὐεργετεῖ,
624 3900 880 3971 καθάπερ
926 3899 1051 3953 οὐτε
1085 3902 1437 3971 δημιουργεῖν
1464 3900 1576 3969 (7t)
1606 3899 1851 3968 ἀναγκά-

268 3993 443 4058 ζεται,
475 3989 664 4061 ὥσπερ
691 3990 952 4060 ἐλέγομεν
973 3991 1105 4061 (72).
1133 3991 1287 4061 Μόνη
1338 3990 1504 4061 γὰρὴ
1537 3989 1657 4043 θεία
1690 3990 1854 4059 φύσις

268 4080 517 4152 ἀνάγκης
549 4082 698 4134 ὲστὶν
723 4081 1009 4153 ἐλευθέρα.
1049 4080 1237 4151 Ὑμεῖς
1266 4080 1322 4133 δέ
1349 4097 1440 4151 μοι
1464 4080 1554 4133 τὸν
1591 4080 1723 4133 Θεὸν
1753 4081 1853 4133 οὐκ

343 4215 451 4285 (64)
481 4216 836 4270 Διαλύεσθαι
866 4213 1165 4284 πεφυκώς,
1196 4215 1446 4285 conditus
1490 4222 1549 4267 ut
1586 4216 1848 4269 dissolve-

274 4283 447 4339 retur.
477 4286 607 4338 Eam
641 4289 968 4340 sententiam
998 4287 1190 4339 melius
1221 4283 1428 4337 Tarino
1453 4287 1723 4352 expressit
1746 4285 1853 4339 Ge-

274 4357 600 4409 nebrardus.
648 4355 884 4412 Tarinus
933 4356 1162 4409 debebat
1198 4356 1512 4408 meminisse
1548 4356 1665 4417 ejus
1707 4358 1851 4421 quod

273 4426 437 4493 paulo
495 4435 619 4479 ante
660 4438 806 4480 recte
838 4426 1071 4479 reddidit
1103 4441 1116 4477 :
1168 4425 1283 4478 Πᾶν
1326 4425 1436 4493 γὰρ
1475 4423 1726 4477 σύνθετον
1762 4426 1856 4477 πέ-

1958 3349 2089 3401 tiam
2123 3350 2415 3403 exerceat?
2446 3360 2705 3417 przetcrea
2739 3354 3017 3421 cujnsnam
3052 3358 3156 3410 erit
3189 3358 3367 3414 Deus?

2025 3434 2298 3491 CllRlST.
2325 3436 2537 3491 Videris
2569 3440 2730 3505 mihi,
2762 3442 2829 3494 mi
2864 3444 3099 3509 medice,
3125 3445 3271 3500 velut
3294 3462 3324 3500 e
3350 3463 3537 3505 somno

1952 3527 2382 3596 expergefactus,
2428 3528 2628 3583 oblitus
2675 3545 2860 3584 eorum
2912 3548 3030 3587 esse
3077 3550 3197 3603 qua:
3249 3537 3407 3592 modo
3456 3540 3535 3592 di-

1953 3623 2238 3683 cebamus,
2294 3621 2751 3689 colophonentque
2805 3626 3161 3691 qumstionum
3219 3628 3533 3694 nobiscuin,

1956 3710 2116 3764 veluti
2151 3720 2339 3781 putas,
2374 3722 2425 3766 te
2457 3714 2673 3781 egregie
2708 3730 3034 3783 prOponerc;
3071 3732 3168 3771 ncc
3199 3721 3406 3788 cogitas
3441 3721 3536 3775 be-

1952 3806 2181 3859 neticum
2219 3819 2418 3860 numen
2461 3822 2566 3860 non
2609 3810 2917 3862 necessario
2956 3810 3090 3864 bene
3128 3809 3536 3881 facerc,que.n-

1954 3898 2245 3952 admodum
2287 3914 2462 3967 neque
2500 3898 2715 3954 cmi-ere
2755 3904 2983 3970 cogitur,
3032 3903 3187 3957 sicuti
3230 3904 3530 3959 docuimus.

1954 3990 2077 4045 Sola
2113 3992 2256 4045 enim
2292 3991 2469 4045 divina
2506 4003 2694 4045 natura
2733 3993 2903 4046 soluta
2939 4004 3022 4048 est
3052 3997 3398 4051 necessitate.
3423 3997 3533 4052 Vos

1962 4095 2140 4135 autem
2176 4082 2342 4137 Deum
2379 4085 2479 4139 sibi
2515 4084 2613 4155 ipsi
2648 4085 3024 4148 sullicientem,
3059 4087 3260 4143 nullius
3292 4090 3530 4162 indigum

1954 4216 2101 4294 κίας.
2136 4217 2355 4294 Τρόπον
2384 4235 2396 4249 ’
2432 4220 2572 4294 forte
2602 4222 2765 4275 τόπον
2787 4242 2800 4276 :
2824 4222 2947 4275 ἐπεὶ
2976 4221 3136 4286 αὐτὸς
3162 4223 3341 4294 ἑαυτῷ
3370 4225 3535 4289 τόπος

1965 4287 2059 4367 κα).
2089 4288 2251 4367 αὐτὸς
2281 4290 2489 4367 ἑαυτοῦ.
2515 4291 2729 4367 πλήρης
2760 4294 2877 4367 καλ-
2897 4294 3079 4367 ἱκανὸς
3105 4295 3264 4367 αὐτὸς
3289 4287 3465 4367 ὲάυτῴ
3504 4287 3533 4348 6

1966 4356 2119 4431 θεός·
2176 4359 2314 4431 idem
2364 4356 2925 4431 Delegifailegoriir.
2986 4363 3121 4418 Tan.
3175 4356 3532 4420 Domissin'ius

1968 4425 2199 4502 'l‘arinns
2228 4430 2413 4502 _':6':tov
2448 4425 2699 4486 maluerit
2729 4425 2925 4501 l'egeie.
2990 4436 3100 4502 Ego
3133 4434 3266 4488 duas
3316 4438 3533 4491 voculas

272 4512 415 4563 φυκε
449 4494 765 4580 διαλύεσθαι
802 4514 815 4550 :
857 4495 1022 4578 ane
1066 4496 1203 4580 enim
1248 4495 1599 4580 compositura
1637 4496 1847 4580 Idisaolv:

1967 4498 2107 4578 κατὰ
2141 4499 2343 4580 τρόπον
2380 4518 2444 4580 ex
2473 4504 2649 4571 glossa
2684 4494 2942 4580 marginis
2971 4494 3066 4580 aui
3108 4505 3439 4580 inte_rlme_ar_i
3477 4508 3529 4559 in

272 4576 458 4618 natum
484 4575 581 4619 est.
622 4564 820 4619 Peccat
848 4567 927 4619 sic
964 4577 1019 4618 et
1052 4566 1212 4632 paulo

276 4636 538 4688 lutiouem
571 4651 600 4688 a
632 4646 821 4706 natura
854 4645 1224 4706 comparatus.

274 4705 589 4759 obnoxium.
617 4705 751 4760 ΤΑΒ.

347 4774 466 4845 (65)
494 4774 609 4828 Νοιι
641 4774 915 4831 concludit
976 4776 1081 4830 hoc
1130 4776 1272 4843 quod
1305 4784 1494 4830 auctor
1524 4775 1724 4830 dictum
1756 4792 1851 4831 vo-

276 4844 398 4899 luit.
430 4844 543 4899 Etsi
572 4849 714 4900 enim
739 4846 950 4914 opilicia
978 4845 1094 4908 Dei,
1132 4856 1314 4899 tamen
1357 4857 1601 4914 poterant
1626 4846 1852 4900 immor-

278 4916 406 4968 talia
454 4926 681 4985 esse,itit
736 4925 861 4969 sunt
918 4918 1134 4977 animm,
1181 4916 1514 4985 spiritusque
1550 4916 1767 4970 humani
1797 4927 1851 4970 et

277 4984 508 5055 angelici
580 4984 685 5040 Sed
727 4987 847 5039 ideo
882 4985 1015 5039 dicit
1044 4987 1290 5039 mortalia
1323 4984 1465 5050 esse,
1499 4987 1624 5055 quia
1657 4997 1841 5055 partes

277 5066 406 5109 sunt
439 5054 594 5123 hujus
617 5071 646 5108 a
680 5057 785 5111 Deo
822 5056 1057 5110 conditae
1090 5056 1335 5110 mortalis
1375 5054 1667 5110 machinae.
1705 5054 1852 5111 Red-

277 5126 696 5197 diderisvcram
752 5127 956 5179 homini
1008 5128 1331 5181 sententiam
1387 5129 1719 5195 reponendo,
1751 5128 1847 5197 δη-

282 5195 715 5265 μιουργήματος,
748 5212 910 5265 quam
962 5211 1096 5251 sane
1150 5211 1327 5249 veram
1361 5212 1481 5251 esse
1524 5195 1849 5265 scripturam

280 5264 555 5337 existimo.
591 5264 953 5320 Consentium
982 5270 1282 5337 sequentia.
1316 5265 1411 5321 ΒΑ.

354 5333 468 5403 (66)
536 5336 856 5405 Ἀπόρημα,
916 5333 1329 5399 dubitationem,
1402 5339 1848 5393 incertitudinem.

278 5403 495 5475 JEstutn
535 5403 838 5475 elegantius
863 5407 1038 5460 Latini
1072 5409 1279 5460 dicunt.
1313 5405 1411 5461 ΒΑ.

350 5473 463 5545 (67)
529 5473 644 5530 Ἐνῖ
671 5475 752 5542 τῷ
800 5476 1018 5546 ἑαυτοῦ
1057 5476 1209 5531 κατὰ
1244 5480 1469 5544 τρόπον
1521 5478 1669 5546 ἤθει.
1702 5477 1852 5532 Scri-

280 5556 428 5615 ptum
457 5557 577 5600 erat
604 5548 784 5618 ἑαυτῷ
807 5545 887 5617 [id
920 5546 1392 5630 uullibiOscriptum
1440 5548 1657 5669 γενεή).
1690 5550 1850 5629 Κατὰ

280 5615 499 5669 τρόπον’
539 5615 677 5669 Deus
731 5618 871 5669 anud
902 5633 957 5669 se
994 5616 1298 5669 habitabat.
1340 5618 1478 5669 auud
1509 5635 1560 5669 se
1627 5620 1848 5669 tabual:

279 5615 499 5685 τρόπον’
539 5615 677 5671 Deus
731 5615 871 5685 apart
902 5633 957 5669 se
994 5616 1298 5681 habitabat,
1340 5618 1478 5683 apud
1509 5635 1560 5671 se
1610 5615 1848 5685 imbuat;

277 5686 419 5757 apud
442 5702 499 5740 se
523 5698 665 5748 erat:
685 5689 824 5753 apud
845 5704 898 5739 se
919 5697 995 5740 est
1019 5705 1037 5742 :
1058 5688 1390 5757 Augustinus
1422 5690 1472 5740 in
1505 5689 1641 5757 psal.
1676 5704 1844 5743 cun.

283 5756 550 5829 Καθάπερ
580 5758 689 5829 γὰρ
718 5758 909 5828 ἀνδρὸς
945 5758 1120 5822 ἑστία,
1154 5757 1248 5811 καὶ
1277 5756 1371 5829 νῦν
1398 5756 1554 5826 λόγος
1584 5760 1851 5829 ἐνδιαίτη-

285 5843 382 5895 μα.
412 5826 578 5882 υιειιιιι
612 5826 672 5885 m’
697 5826 841 5899 λόγῳ
873 5830 1121 5884 habitare
1149 5829 1321 5884 credit
1359 5828 1514 5884 l’hdo
1548 5830 1673 5899 περὶ
1697 5826 1852 5883 ἀποι-

1302 4649 1457 4689 εινεο.
1500 4635 1849 4690 Dissolutioni

1305 4575 1406 4617 ost.
1438 4563 1530 4618 BA.
1569 4565 1648 4618 Ad
1686 4566 1857 4618 disso-

1964 4569 2159 4644 sei'iem
2192 4571 2453 4644 orationis
2481 4569 2826 4644 'rorrepsisse
2857 4576 3129 4627 existimo.
3184 4574 3270 4627 Ἐν
3305 4574 3380 4644 τῷ
3409 4576 3531 4629 ὲαυυ

1954 4636 2049 4712 τού
2076 4637 2245 4712 ἦοειη
2271 4642 2320 4691 in
2377 4643 2611 4695 naturali
2649 4636 2741 4695 sua
2782 4646 3172 4698 consortudine
3202 4655 3292 4697 aut
3335 4636 3531 4712 pcrpc-

1957 4709 2151 4781 t_uitate
2202 4709 2441 4777 ejusdem
2502 4714 2670 4765 moris
2732 4726 2786 4767 et
2855 4716 3198 4773 consunntiae,
3257 4709 3527 4781 designat.

1955 4776 2136 4829 Τόπον
2180 4776 2357 4833 tamen
2396 4781 2545 4850 legit,
2581 4793 2634 4835 et
2666 4783 2998 4836 domicilium
3036 4788 3197 4836 vertit
3228 4776 3531 4840 etiaitiGc-

1956 4850 2254 4920 nehrardus
2278 4867 2292 4915 ;
2317 4868 2414 4905 nec
2431 4862 2514 4905 est
2538 4854 2756 4907 homine
2779 4852 3059 4907 idololatra
3084 4853 3299 4920 indigna
3323 4870 3386 4907 ca
3406 4871 3529 4911 vox.

1955 4914 2285 4990 Meotamen
2305 4924 2487 4975 animo
2519 4934 2746 4990 utraque
2778 4938 2878 4975 vox
2908 4922 3097 4975 melius
3123 4914 3317 4977 aberit.
3354 4923 3449 4979 BA.
3516 4970 3519 4973 .

2026 4986 2136 5058 (68)
2180 4987 2275 5053 Ἐξ
2304 4990 2494 5045 ὕπνου
2531 4986 2882 5058 διακαστάς.
2916 4991 3204 5046 l’artnmia.
3237 4992 3332 5047 ΒΑ.

2027 5058 2137 5131 (69)
2169 5059 2298 5131 Qua:
2332 5077 2530 5131 (nuper
2580 5064 2723 5117 dicta
2765 5077 2890 5117 sunt
2922 5066 3161 5114 omnium
3206 5065 3529 5119 oblivionem

1957 5126 2180 5183 habere.
2215 5126 2545 5184 Ebrietatem
2608 5134 2896 5202 quamdam
2952 5132 3180 5194 homini,
3214 5142 3269 5186 et
3296 5150 3416 5189 eum
3449 5152 3534 5190 se-

1955 5209 2138 5251 Cttlttttt
2167 5216 2411 5253 crassum
2442 5218 2691 5256 somnum
2739 5203 3013 5256 insimulat
3046 5203 3115 5255 ei.
3153 5203 3250 5257 BA.

2022 5266 2140 5346 (70)
2174 5270 2522 5347 Κολοφῶνα.
2552 5276 2876 5347 Δδιιιιιιιιιίιιη,
2910 5273 2985 5347 τὸ
3023 5272 3172 5337 τέλος
3220 5276 3313 5347 καὶ
3358 5276 3532 5347 πέρας

1955 5340 2049 5415 τού
2111 5340 2465 5415 τράγματοςο
2523 5344 2847 5414 Hesychius.
2909 5344 3046 5397 lulra
3126 5362 3181 5415 p.
3244 5346 3363 5409 126.
3423 5340 3529 5413 ἑ6;

1957 5409 2080 5466 151,
2116 5409 2197 5463 l5.
2229 5409 2326 5464 BA.

2028 5480 2139 5553 ll!)
2171 5483 2562 5553 ᾼημιουργειν,
2597 5486 2833 5552 nperaii.
2873 5485 2970 5537 ΒΑ.

2026 5549 2403 5624 (72)“Ὤο’περ’
2430 5549 2737 5624 ἐλέγομεν.
2774 5554 2864 5606 Sic
2886 5555 3159 5624 utistatint
3197 5558 3529 5617 dicebamus.

1957 5618 2094 5703 Tan.
2126 5620 2191 5676 Ut
2218 5618 2485 5679 diximus.
2510 5618 2637 5703 lion
2659 5628 2794 5677 bene
2813 5623 2999 5703 vocula
3023 5627 3198 5703 statim
3225 5631 3288 5681 de
3321 5648 3374 5685 re
3399 5648 3534 5703 prm-

1959 5692 2114 5763 terita
2155 5708 2310 5747 usum
2348 5704 2476 5763 puto
2510 5694 2795 5749 Tarinum.
2854 5694 2965 5748 Etsi
2998 5698 3143 5749 enim
3169 5692 3531 5758 concedamus

1957 5761 2197 5840 aliquem
2238 5778 2305 5818 ex
2339 5761 2617 5820 t'cteribus
2664 5767 2745 5840 sic
2773 5780 2842 5840 ea,
2899 5764 3199 5837 aliquando
3254 5786 3435 5840 usum,
3472 5784 3531 5828 ut

1958 5832 2198 5889 insolens
2225 5846 2403 5891 tamen
2432 5853 2590 5892 aures
2623 5836 2785 5896 radit.
2814 5838 2905 5893 BA.
