4154 6580
628 395 762 457 1395

1636 384 2038 445 ZACHARI/E
2078 380 2504 442 MITYLENES
2542 377 2884 438 EPISCOPI

3755 374 3893 439 1006

626 521 787 576 atque
818 505 1109 565 perfectum
1140 515 1244 555 non
1274 497 1637 561 arbitramini,
1667 498 1994 564 minimeque
2018 497 2197 562 aliquo

2315 491 2552 560 ιύτάρκη
2584 486 2723 541 εἶναι
2754 488 2931 541 οἴεσθε
2957 528 2971 553 ,
3003 487 3096 541 καὶ
3128 489 3355 541 ἀνενδεᾶ
3382 488 3473 540 καὶ
3512 487 3764 552 τέλειον,
3798 487 3893 541 καὶ

624 611 810 651 eorum
847 607 963 662 quae
1003 589 1280 660 produxit,
1316 594 1584 656 egentem.
1618 582 1752 638 Nam
1790 585 1834 638 si
1872 599 1975 637 non
2020 593 2186 650 potest

624 687 888 741 exsistere
919 696 1159 736 seorsum
1195 680 1262 732 ab
1299 679 1400 733 hoc
1436 676 1711 738 universo,
1746 675 2035 728 maximam
2072 688 2195 742 par-

628 789 764 839 tem,
799 785 891 829 aut
926 775 1155 827 fortasse
1189 781 1353 825 totam
1389 769 1559 837 ipsiam
1596 766 1888 821 exsistendi
1929 766 2193 818 rationcnt

630 872 742 922 haec
776 866 1101 920 universitas
1135 864 1308 932 ipsius
1342 858 1701 914 subsistentia:
1734 857 1958 924 largitur
1987 872 2001 908 :
2035 865 2198 921 alque

628 959 727 1011 hac
760 956 965 1009 ratione
999 952 1319 1005 universitas
1348 950 1514 1016 ipsius
1544 956 1628 1001 est
1659 960 1843 1006 causa,
1879 958 1982 997 non
2018 952 2195 995 autem

630 1048 744 1114 ipse
772 1042 1161 1097 universitatis.
1190 1039 1339 1106 Quod
1372 1037 1515 1091 enim
1547 1036 1715 1087 altero
1744 1032 1943 1101 indiget
1971 1031 2036 1082 ad
2069 1044 2200 1082 con-

630 1136 1000 1193 stitutionem,
1037 1132 1180 1185 illius
1216 1141 1299 1184 est
1334 1128 1587 1191 eﬂ'cctus,
1623 1133 1677 1179 et
1714 1139 1818 1178 non
1860 1138 2043 1178 causa.
2084 1121 2200 1187 Quo

633 1229 796 1297 igilur
819 1227 975 1279 modo
1000 1225 1111 1291 ipse
1136 1221 1415 1277 constituit
1440 1223 1577 1273 hanc
1600 1214 2044 1271 universitatem?
2064 1211 2199 1266 Nam

633 1320 677 1372 si
707 1333 824 1372 eam
852 1315 1151 1378 constituit,
1179 1322 1237 1366 ut
1263 1311 1437 1381 inquit
1464 1310 1635 1372 Plato,
1662 1309 1977 1378 priusquam
2003 1304 2204 1360 consti-

638 1421 877 1465 tueretur
917 1407 1049 1479 (illa)
1091 1420 1196 1459 non
1239 1412 1377 1459 erat.
1417 1401 1602 1472 Neque
1644 1398 2057 1462 animadvertit,
2098 1410 2204 1464 quo

638 1510 792 1567 pacto
826 1498 1040 1559 dicere,
1104 1492 1246 1563 quod
1283 1499 1503 1560 propter
1532 1489 1768 1557 seipsum
1805 1502 2023 1557 suaeque
2056 1485 2203 1539 utili-

640 1591 762 1650 tatis
787 1601 948 1641 causa
975 1600 1094 1640 eam
1124 1582 1433 1649 constituit,
1460 1580 1608 1634 tollat
1633 1579 1857 1633 alteram
1885 1578 2207 1647 propositio-

640 1697 793 1746 nem,
822 1692 1011 1747 nempe
1036 1676 1443 1730 universitatem
1474 1673 1564 1727 Dei
1595 1672 1832 1725 bonitate
1861 1685 1982 1723 esse
2007 1668 2208 1722 consti-

643 1770 849 1826 tutam?
878 1767 1030 1835 Quod
1064 1774 1240 1820 vestra
1271 1764 1447 1818 oratio
1497 1776 1712 1816 sursum
1745 1760 1994 1814 deorsum
2030 1765 2209 1811 movet

2294 580 2498 650 ἥκιστά
2529 596 2675 643 τινος
2708 579 2815 632 τῶν
2854 579 2991 650 πρὸς
3032 579 3201 633 αὑτοῦ
3234 580 3545 647 γεγονότων
3588 579 3889 648 δεόμενον.

2296 673 2356 725 Ei
2405 672 2515 742 γὰρ
2567 673 2643 742 μὴ
2677 670 2902 725 δύναται
2936 671 3109 742 χωρὶς
3146 667 3284 725 εἷναι
3312 671 3466 725 τοῦδε
3493 672 3587 725 τοῦ
3643 671 3891 737 παντὸς,

2298 763 2560 834 μεγίστην
2591 763 2755 815 αὑτοῦ
2799 766 2995 833 μοῖραν
3036 766 3103 834 τῇ
3134 763 3402 834 ὑπάρξει,
3440 763 3474 833 ἢ
3510 764 3654 833 τάχα
3681 764 3748 816 τὸ
3770 764 3892 817 ὃλην

2298 855 2395 906 καὶ
2442 854 2575 906 αὐτὸ
2610 854 2669 907 τὸ
2717 850 2858 907 εἶναι
2887 854 3006 907 τόδε
3032 854 3093 907 τὸ
3124 856 3233 907 πᾶν
3267 854 3552 925 χαρίζεται
3593 854 3719 924 (73)
3741 869 3758 883 °
3796 858 3892 909 καὶ

2300 943 2464 996 αὐτοῦ
2499 943 2677 1013 τούτῳ
2720 960 2783 1011 γε
2836 943 2915 1014 τῷ
2970 944 3115 1015 λόγῳ
3164 946 3225 998 τὸ
3258 947 3366 999 πᾶν
3402 946 3603 1011 αἴτιον,
3654 946 3760 999 καὶ
3789 947 3891 1000 οὐκ

2301 1036 2464 1098 αὐτὸς
2492 1035 2587 1088 τοῦ
2644 1036 2869 1098 παντός.
2910 1037 2982 1089 Τὸ
3007 1038 3115 1106 γάρ
3142 1053 3287 1100 τινος
3315 1034 3568 1107 δεόμενον
3609 1035 3759 1107 πρὸς
3796 1036 3889 1090 σύ·

2306 1144 2519 1190 στασιν,
2550 1126 2759 1179 ἐκείνου
2796 1129 2862 1181 ἂν
2888 1126 2975 1197 εἴη
3004 1128 3263 1191 αἰτιατὺν,
3295 1133 3387 1181 καὶ
3412 1129 3513 1181 ούκ
3543 1130 3727 1181 αἴτιον
3755 1129 3886 1198 (74).

2304 1220 2430 1282 Πῶς
2460 1219 2639 1273 τοίνυν
2674 1219 2835 1281 αὐτὸς
2864 1220 3231 1291 συνεστήσατο
3255 1220 3376 1273 τόδε
3399 1220 3460 1272 τὸ
3496 1221 3636 1285 xiv;
3672 1220 3743 1272 Ei
3784 1221 3891 1289 γὰρ

2307 1312 2673 1380 συνεστήσατο
2697 1310 2849 1374 αὐτὸ,
2883 1311 2959 1373 ὥς
2988 1327 3155 1381 φησιν
3184 1311 3212 1363 ὁ
3240 1309 3487 1373 Πλάτων,
3518 1312 3651 1380 πρὶν
3684 1311 3889 1380 συστῆ-

2306 1417 2395 1452 ναι
2442 1402 2542 1453 οὐκ
2577 1397 2668 1470 ἦν.
2700 1403 2815 1454 Οὐκ
2853 1401 3024 1453 ἔννοεῖ
3068 1400 3181 1468 (75)
3215 1400 3271 1453 δὲ
3301 1401 3384 1453 ὅτι
3437 1401 3663 1471 ἀναιρεῖ
3715 1399 3781 1453 τὸ
3825 1401 3890 1455 δι’

2306 1489 2618 1557 ἀγαθότητα
2653 1488 2747 1542 τοῦ
2772 1489 2908 1542 Θεοῦ
2941 1491 3221 1559 συστῆναι,
3253 1488 3315 1542 τὸ
3345 1490 3524 1558 λέγειν
3555 1490 3627 1553 ὡς
3662 1489 3739 1543 δι’
3769 1491 3895 1543 ἑαυ-

2306 1580 2398 1632 τὸν
2439 1580 2532 1632 καὶ
2565 1581 2752 1650 χρείας
2807 1578 2996 1632 ἕνεκεν
3043 1580 3252 1643 οἰκείας
3281 1579 3441 1632 τοῦτο
3487 1581 3886 1651 συνεστήσατο.

2311 1668 2484 1740 Ὅπερ
2525 1671 2553 1722 ό
2585 1670 2847 1742 ὑμέτερος
2899 1671 3011 1723 ἄνω
3049 1671 3142 1723 καὶ
3175 1671 3327 1723 κάτω
3363 1670 3777 1735 κατασκευάζει
3806 1671 3895 1723 καὶ

2308 1762 2545 1830 διακυκᾷ
2576 1760 2688 1832 (76)
2722 1760 2913 1829 λόγος,
2945 1762 3104 1833 εἴπερ
3147 1762 3318 1832 χωρὶς
3356 1761 3511 1815 τοῦδε
3551 1761 3648 1816 τοῦ
3693 1762 3895 1825 παντὸς

642 1874 802 1930 atque
825 1855 1114 1913 construit.
1143 1852 1198 1907 Si
1229 1853 1443 1922 quidem
1469 1865 1710 1905 seorsum
1738 1849 1806 1903 ab
1832 1848 1932 1903 hoc
1959 1847 2211 1902 universo

2315 1850 2452 1907 εἶναι
2480 1853 2576 1923 οὐχ
2601 1849 2713 1905 οἷόν
2743 1868 2805 1906 τε
2833 1848 2922 1924 ἦν.
2956 1854 3020 1907 Et
3040 1852 3086 1906 δ’
3122 1852 3328 1922 ἀγαθὸς
3351 1853 3428 1906 ὣν
3459 1853 3594 1925 (77),
3624 1854 3896 1923 ἐϐουλήθη

646 1966 767 2007 esse
795 1965 902 2004 non
935 1955 1165 2017 poterat.
1200 1943 1256 1999 Si
1287 1954 1466 1998 autem
1500 1957 1621 1996 cum
1655 1949 1799 1997 esset
1826 1940 2016 2004 bonus,
2050 1939 2214 1994 voluit

647 2060 735 2100 res
763 2043 1036 2101 exsistere.
1054 2038 1182 2109 ipsis
1212 2052 1314 2091 non
1346 2050 1510 2107 egens
1571 2045 1631 2090 ut
1655 2034 1943 2090 exsisteret
1970 2036 2217 2105 (antece-

645 2137 802 2188 debat
825 2133 965 2187 enim
989 2144 1051 2184 ea
1076 2137 1133 2184 ιιι
1154 2127 1456 2198 perfectus,
1484 2123 2036 2197 nulloque~ittdigens)
2066 2143 2079 2180 :
2106 2126 2217 2195 ipse

645 2243 765 2279 cum
801 2226 871 2279 sit
904 2223 1152 2277 universa
1187 2219 1543 2286 suﬁicientia,
1578 2234 1681 2272 non
1715 2226 1799 2272 est
1834 2217 2080 2286 profecto
2113 2231 2211 2271 ne-

647 2333 797 2373 cesse
826 2326 884 2369 ut
909 2315 1157 2369 eﬁ‘ectum
1188 2314 1258 2367 sit
1285 2327 1523 2367 cozevum
1552 2309 1813 2365 eﬁ‘ectori.
1841 2308 1977 2363 Nam
2005 2316 2218 2379 oportet

645 2394 1338 2475 «Hectorem.antiquiorem
1367 2417 1489 2458 esse
1515 2401 1735 2466 eﬁ‘cctu,
1763 2410 1817 2456 et
1846 2400 2074 2471 Opiﬁciis
2100 2399 2218 2467 Opi-

648 2501 820 2555 ﬁcem.
864 2495 1138 2567 Siquidem
1186 2495 1237 2549 id
1279 2494 1421 2563 quod
1468 2494 1548 2557 ﬁt,
1591 2494 1883 2547 secundmn
1924 2501 2008 2547 est
2046 2491 2114 2544 ab
2153 2505 2218 2545 eo

646 2592 787 2660 quod
819 2590 998 2656 eﬁicit,
1028 2603 1188 2643 causa
1224 2595 1279 2642 ct
1311 2596 1574 2655 tempore.
1608 2585 1710 2639 nisi
1741 2600 1901 2639 causa
1933 2584 2113 2639 futura
2147 2584 2218 2637 sit

648 2681 1025 2744 involuntaria,
1066 2688 1121 2733 et
1164 2693 1270 2731 non
1317 2676 1525 2730 ratione
1568 2674 1903 2743 consilioque
1943 2674 2164 2743 praedita
2201 2689 2216 2726 :

647 2770 1095 2842 quemadmodum
1121 2767 1324 2821 umbra:
1348 2780 1544 2835 corpus
1594 2774 1649 2818 et
1674 2764 1972 2834 splendoris
2000 2764 2049 2817 id
2077 2764 2218 2832 quod

652 2863 810 2915 lucet.
850 2858 1127 2926 Quomodo
1162 2858 1305 2911 enim
1340 2871 1585 2910 summus
1619 2854 1795 2924 opifex
1833 2864 1976 2909 esset
2008 2854 2216 2924 opifex,

652 2954 752 3006 nisi
775 2952 957 3006 volens
982 2951 1032 3004 id
1059 2948 1313 3016 elﬁccret,
1338 2950 1478 3019 quod
1505 2949 1669 3004 facit?
1693 2949 1785 3004 Sin
1813 2950 2012 3014 minus,
2033 2964 2220 3017 quem-

652 3045 937 3097 admodum
961 3058 1157 3110 corpus
1180 3042 1389 3104 umbra,
1414 3042 1490 3097 sic
1509 3042 1728 3096 omnino
1752 3042 1998 3111 opiﬁcem
2024 3056 2219 3111 seque-

655 3147 804 3188 retur
844 3138 957 3187 haec
999 3133 1325 3187 universitas
1365 3133 1667 3188 subsistens
1710 3134 1930 3188 fortuito
1971 3143 2026 3189 et
2069 3149 2218 3188 casu.

656 3226 770 3279 Erit
798 3236 973 3278 autem
1008 3225 1145 3279 Deus
1179 3224 1475 3292 beneﬁcus,
1528 3226 1737 3281 etiamsi
1772 3227 2004 3281 nondum
2033 3228 2220 3281 consi—

656 3326 802 3372 stant
831 3333 890 3370 ea
923 3316 1122 3386 quibus
1152 3318 1223 3370 sit
1254 3317 1728 3380 benefaciendnm,
1756 3319 1902 3372 velut
1933 3319 2134 3374 habens
2170 3319 2219 3371 itt

657 3423 776 3463 sese
819 3422 881 3461 ea
926 3408 1119 3478 quibus
1167 3409 1425 3462 benelicia
1476 3410 1845 3475 transferenda
1891 3411 2019 3476 sint,
2059 3412 2219 3464 etiam

583 3570 597 3591 ἱ
659 3511 943 3569 antequam
977 3499 1043 3553 ad
1077 3499 1473 3554 subsistentiam
1507 3505 1751 3567 veniant,
1784 3511 1839 3555 et
1871 3504 2129 3557 accedant
2160 3519 2223 3557 ea

657 3591 851 3659 quibus
882 3592 1017 3644 bene
1049 3591 1159 3645 ﬁeri
1190 3600 1418 3661 oportet.
1452 3591 1688 3662 Exempli
1722 3595 1924 3663 gratia,
1955 3594 2223 3664 genimiua

658 3683 886 3736 dicimus
918 3698 978 3736 ea
1016 3698 1134 3752 quae
1168 3684 1233 3737 ad
1269 3684 1592 3753 gignendum
1632 3694 1755 3739 nata
1792 3693 1946 3750 sunt,
1979 3685 2225 3753 quamvis

657 3790 718 3826 ea
751 3789 870 3842 qua:
901 3773 1212 3843 gignuntur,
1244 3775 1478 3827 nondum
1515 3774 1802 3828 exsistant.
1832 3771 1966 3826 Nam
2001 3773 2079 3826 sic
2112 3774 2228 3840 opi-

662 3867 813 3919 ticem
845 3867 1006 3919 etiam
1040 3865 1347 3919 dicebamus
1376 3879 1498 3919 esse
1531 3866 1725 3928 Deum,
1761 3865 1972 3918 tametsi
2007 3864 2223 3933 opiﬁcia

661 3957 803 4009 nulla
838 3966 1138 4020 exstarent,
1176 3955 1317 4024 quod
1361 3956 1411 4008 in
1449 3969 1507 4009 se
1547 3954 1771 4009 haberet
1808 3952 2101 4009 eﬁ‘ectrices
2138 3968 2226 4007 ra-

659 4037 850 4111 tiroés,
887 4055 940 4100 et
975 4056 1191 4116 paratus
1228 4054 1372 4100 esset
1409 4055 1530 4098 actu
1576 4044 1807 4099 efﬁcere.
1843 4043 2047 4113 Quippe
2084 4044 2223 4114 apud

663 4141 825 4191 licum
868 4136 1081 4190 beatum
1121 4146 1174 4190 et
1212 4136 1528 4206 perfectura,
1565 4136 1655 4205 qui
1693 4146 1746 4190 et
1787 4146 2043 4204 perpetuo
2081 4137 2226 4191 solus

658 4228 889 4292 c-xsistit,
917 4237 971 4281 et
1002 4228 1193 4289 bonus,
1224 4243 1284 4281 ea
1321 4242 1437 4295 qua:
1471 4227 1705 4279 nondum
1739 4234 1864 4280 sunt
1896 4240 2067 4295 neque
2098 4224 2225 4281 υσε-

611 4370 618 4376 ,
659 4332 742 4371 uta
779 4327 922 4382 sunt,
954 4318 1094 4388 quod
1132 4317 1303 4371 futura
1339 4317 1466 4382 sint,
1501 4316 1640 4371 velut
1671 4332 1788 4386 qua:
1819 4317 1928 4389 jam
1963 4318 2226 4373 exsistant

733 4510 843 4580 (75)
877 4508 1206 4580 Xapté'ezat,
1229 4507 1459 4577 indulget
1492 4511 1611 4577 ipsi.
1647 4512 1740 4567 BA.

732 4578 842 4648 (74)
874 4580 981 4632 Καὶ
1010 4582 1119 4632 οὐκ
1145 4578 1354 4631 αἴτιον·
1384 4582 1496 4633 Οὐκ
1525 4596 1620 4649 pro
1644 4584 1705 4635 ού
1737 4583 2050 4638 ascivimus.
2080 4583 2218 4638 ΤΑῐι.

661 4681 730 4692 -—
759 4652 912 4703 Verte
951 4651 1029 4703 sic
1064 4666 1076 4703 :
1125 4650 1274 4713 Quod
1319 4652 1459 4703 enim
1514 4652 1581 4705 ad
1614 4656 2014 4707 subsistentiam
2068 4670 2219 4708 suam

665 4722 893 4792 :l_liQtljllS
948 4721 1168 4785 indiget,
1232 4718 1437 4773 fat-tura
1477 4723 1642 4786 ipsius
1704 4726 1807 4776 erit
1841 4741 2000 4792 quant
2030 4724 2218 4779 factor.

667 4790 957 4845 Cuttsntum
1009 4792 1155 4842 dicas
1199 4807 1318 4841 cttnt
1362 4792 1705 4847 scholasticis
1742 4790 2073 4848 doctoribus.
2112 4792 2223 4845 Fa-

664 4869 868 4912 rturam
893 4870 1002 4911 tum
1024 4858 1108 4910 alii
1138 4858 1346 4921 dicunt,
1373 4871 1481 4912 tum
1503 4876 1672 4928 poeta:
1698 4866 1843 4917 chris
1874 4865 1999 4916 iani.
2033 4863 2225 4915 Faclor

665 4930 732 4982 ab
764 4930 958 5002 iisdem
981 4941 1289 5002 usurpatur.
1321 4942 1373 4982 et
1408 4933 1642 5002 asolnto
1671 4936 1928 4994 numeris,
1962 4947 2221 5002 perpetuo

668 5009 843 5051 tamen
893 4998 1126 5067 alioquin
1196 5008 1369 5065 poeta,
1424 5001 1774 5057 Tertulliano.
1843 4998 2228 5056 Onoinaéticon

665 5077 840 5130 vetus,
856 5069 1002 5141 quod
1021 5067 1106 5120 alti
1132 5068 1354 5141 GlosSas
1377 5070 1548 5141 Servii
1576 5085 1800 5126 vocant:
1836 5071 2055 5137 Factor,
2077 5088 2230 5141 ποιη-

666 5140 806 5209 τήςνε
846 5135 1104 5209 Factum,
1133 5138 1367 5209 ποίησις.
1401 5139 1495 5194 ΒΑ.

738 5208 847 5276 (75)
885 5208 1125 5267 'Errost'.
1156 5208 1292 5276 Lege
1321 5213 1540 5273 ἐννοεῖς.
1575 5209 1711 5264 Tan.

740 5280 849 5345 (76)
902 5276 1180 5350 Διᾳκυκᾷ.
1226 5280 1575 5350 Hesychius:
1630 5280 1982 5345 διακυκῶσιν,
2043 5277 2227 5331 διατα-

670 5347 941 5417 ράττουσι.
975 5348 1067 5401 ΒΛ.
1336 5347 1350 5350 ’
1666 5382 1669 5387 ν

739 5417 1267 5487 (77)7Εὶδ’ἀγαθὸς
1329 5418 1432 5473 ὢν.
1495 5417 1676 5486 Neque
1733 5420 1845 5471 lucc
1899 5419 2031 5475 satis
2082 5436 2211 5475 sana

665 5486 812 5560 sunt.
858 5486 1036 5539 Malim
1089 5486 1285 5557 legere.
1338 5487 1457 5540 εἶτα
1492 5488 1792 5560 κάγαθός...
1834 5506 1941 5558 quo
1997 5503 2214 5560 receptu

668 5558 859 5612 melius
885 5569 1236 5610 cunnectetur
1267 5559 1559 5611 sententia.
1594 5559 1692 5611 ΒΑ.

737 5626 848 5698 (78)
897 5624 1071 5698 Πᾶσα
1114 5626 1454 5698 αὐτάρκεια.
1502 5628 1596 5682 Sui
1633 5632 1682 5682 in
1713 5644 1831 5683 sese
1872 5629 2131 5696 perfectio
2163 5642 2217 5688 et

665 5696 953 5751 absolutio.
981 5696 1078 5750 BA.
1134 5696 1252 5764 Ipse
1297 5712 1418 5751 cum
1448 5698 1519 5752 sit
1571 5701 1821 5753 universa
1872 5701 2213 5758 suﬁicientia.

666 5767 799 5821 Tan.
842 5768 943 5832 Qui
998 5776 1079 5820 cst
1115 5767 1228 5835 ipsa
1275 5767 1534 5822 bonorum
1581 5771 1819 5823 omnium
1854 5782 1911 5825 se
1966 5782 2217 5827 contenta

2315 1940 2560 1999 εἶναιτὰ
2606 1945 2759 2011 ὄντα,
2810 1944 2872 1997 ού
2911 1945 3166 2016 δεόμενος
3212 1945 3392 2000 αὐτῶν
3434 1946 3576 2017 πρὸς
3635 1947 3703 1998 τὸ
3759 1943 3898 1999 εἶναι

2318 2031 2429 2107 (ἦν
2478 2034 2587 2108 γὰρ
2635 2035 2774 2108 πρὸς
2809 2034 3018 2089 τούτων
3046 2036 3122 2099 ὡς
3163 2036 3370 2099 τέλειος
3401 2038 3495 2091 καὶ
3532 2037 3759 2101 οὐδενὸς
3786 2037 3898 2090 δεό-

2319 2130 2532 2200 μενος),
2568 2128 2733 2192 αὐτὸς
2773 2128 2850 2183 ὢν
2882 2130 3099 2199 ηπᾶσα
3134 2129 3249 2200 (78)
3279 2131 3612 2201 αὐτάρκεια,
3655 2130 3763 2184 οὐκ
3796 2130 3899 2201 ἄρα

2316 2220 2529 2291 ἀνάγκη
2577 2219 2846 2273 συναῒδιον
2878 2216 3018 2274 εἶναι
3065 2219 3142 2290 τῷ
3195 2222 3519 2293 πεποιηκότι
3561 2222 3624 2274 τὸ
3658 2222 3893 2292 ποίημα.

2315 2313 2407 2365 Δεῖ
2439 2311 2548 2383 γὰρ
2577 2310 2952 2383 πρεσϐύτερον
2992 2307 3133 2365 εἶναι
3160 2311 3253 2365 τοῦ
3282 2315 3583 2383 ποιήματος
3606 2314 3704 2365 τὸν
3745 2330 3898 2383 ποιη-

2316 2404 2436 2475 τὴν,
2460 2403 2554 2458 καὶ
2576 2404 2685 2457 τῶν
2708 2404 2769 2472 δη
2780 2403 3209 2474 μιουργημάτων
3238 2403 3328 2456 τὸν
3351 2404 3711 2475 δημιουργὸν,
3742 2404 3898 2473 εἴπερ

2317 2496 2377 2549 τὸ
2404 2495 2726 2565 ποιούμενον
2754 2496 3005 2569 δεύτερόν
3040 2495 3272 2550 ἐστιποῦ
3297 2496 3595 2560 ποιοῦντος,
3619 2497 3780 2566 αἰτία
3808 2496 3897 2547 καὶ

2318 2589 2516 2659 χρόνῳ,
2553 2590 2600 2641 εὶ
2630 2588 2818 2659 μέλλει
2855 2590 2931 2660 μὴ
2974 2588 3271 2659 ἀϐούλητος
3299 2588 3447 2642 αἰτία
3474 2590 3775 2659 τυγχάνειν
3805 2588 3898 2642 καὶ

2318 2681 2380 2732 ού
2409 2680 2768 2751 λελογισμένη
2794 2695 2807 2709 ⁸
2844 2680 3037 2751 ὥσπερ
3062 2681 3161 2750 τῆς
3193 2682 3349 2743 σκιᾶς
3387 2680 3449 2733 τὸ
3487 2681 3646 2750 σῶμα
3680 2680 3896 2749 καὶτῆς

2318 2768 2661 2840 λαμπηδόνος
2689 2771 2749 2823 τὸ
2779 2770 3100 2839 ἀπαυγὰςον
3125 2771 3259 2844 (79).
3296 2772 3417 2844 ῌῶς
3439 2773 3763 2847 γὰρᾶνᾌῖη
3804 2773 3895 2847 δη-

2324 2858 2584 2930 μιουργὸς
2614 2861 2640 2912 ό
2671 2859 3022 2932 δημιουργός,
3060 2864 3107 2914 εἰ
3159 2862 3234 2933 μὴ
3265 2863 3585 2934 βουλόμενος
3613 2866 3641 2918 ὃ
3669 2866 3894 2935 πεποίη-

2323 2965 2417 3001 κεν
2449 2950 2535 3019 εἴη
2565 2949 2901 3020 δημιουργός
2927 2968 2941 3018 ;
2972 2952 3044 3003 Ἦ
3068 2952 3116 3003 εἰ
3139 2952 3327 3023 ὥσπερ
3358 2954 3435 3025 τῷ
3463 2954 3676 3024 σώματι
3712 2958 3744 3025 ἡ
3771 2955 3897 3008 σκιὰ

2320 3036 2492 3101 οὕτως
2524 3039 2709 3103 ἁπλῶς
2738 3040 2832 3093 καὶ
2868 3041 2947 3112 τῷ
2973 3042 3289 3115 δημιουργῷ
3318 3045 3805 3117 παρηκολούθησεν
3833 3045 3895 3098 ἐκ

2321 3132 2664 3200 ταυτομάτου
2718 3135 3075 3203 παρυποστὰν
3103 3137 3222 3189 τόδε
3268 3137 3329 3191 τὺ
3375 3140 3504 3192 πᾶν.
3544 3139 3641 3209 Εξη
3674 3138 3719 3190 δ’
3764 3137 3829 3192 ἂν
3869 3137 3895 3189 ὁ

2320 3223 2451 3285 Θεὸς
2491 3223 2785 3294 εὐεργέτης
2817 3225 2910 3276 καὶ
2941 3225 3165 3295 μηδέπω
3191 3227 3516 3297 ὑφεστώτων
3544 3228 3652 3281 τῶν
3673 3229 3895 3297 εὐεργεο

2326 3314 2626 3383 τουμένων,
2652 3314 2727 3378 ὡς
2762 3314 2901 3384 ἔχων
2933 3318 2988 3367 ὲν
3017 3318 3193 3388 ἐαυτῷ
3226 3320 3293 3372 τὰ
3332 3320 3739 3389 εύεργετεῖσθαι
3771 3318 3895 3390 μέλ-

2326 3406 2509 3469 λοντα,
2550 3409 2642 3461 καὶ
2667 3410 2796 3480 πρὶν
2826 3411 2858 3480 ἢ
2889 3409 3025 3481 πρὸς
3057 3411 3291 3481 ὓπαρξιν
3328 3413 3503 3466 ἐλθεῖν
3538 3414 3631 3466 καὶ
3655 3414 3799 3466 αὐτὰ
3831 3412 3894 3465 τὰ

2328 3499 2759 3569 εύεργετούμενα
2782 3514 2796 3529 ⁸
2823 3500 3013 3571 ὥσπερ
3042 3503 3287 3572 γέννημα
3313 3505 3424 3574 (80)
3454 3505 3685 3575 λέγομεν
3708 3504 3777 3558 τὰ
3810 3520 3897 3557 πι-

2330 3591 2541 3656 φυκότα
2579 3593 2795 3663 γεννᾷν,
2848 3593 2953 3646 κᾶν
2986 3595 3210 3663 μηδέπω
3250 3589 3380 3666 ﬁcit
3405 3594 3721 3666 γεννώμενα
3760 3595 3888 3663 (81).

2330 3685 2486 3739 Οὕτω
2510 3685 2618 3755 γὰρ
2652 3686 2748 3738 καὶ
2782 3687 3117 3757 δημιουργον
3149 3687 3411 3756 ἐλέγομεν
3449 3682 3587 3741 εἶναι
3612 3686 3707 3740 τὸν
3739 3686 3889 3749 Θεὸν,

2328 3777 2422 3826 καὶ
2454 3775 2530 3844 μὴ
2564 3774 2732 3826 ὄντων
2758 3774 2865 3828 τῶν
2897 3774 3419 3846 δημιουργημάτων.
3450 3775 3523 3839 ὦς
3550 3775 3747 3845 ἔχοντα
3776 3776 3893 3837 τοὺς

2325 3860 2750 3930 δημιουργικοὺς
2785 3861 2977 3929 λόγους
3017 3864 3126 3934 (82)
3172 3866 3229 3916 ἐν
3274 3864 3446 3933 ἑαυτῷ
3503 3866 3598 3917 καὶ
3647 3864 3893 3935 ἐνεργείᾳ

2326 3948 2679 4021 δημιουργεῖν
2720 3952 3000 4021 μέλλοντα.
3048 3956 3204 4026 Παρὰ
3241 3955 3350 4026 γὰρ
3381 3955 3456 4025 τῷ
3492 3957 3751 4027 μακαρίῳ
3781 3955 3892 4025 Θεῷ

2331 4042 2425 4094 καὶ
2445 4043 2653 4113 τελείῳ,
2678 4044 2771 4096 καὶ
2801 4045 2887 4098 ἀεὶ
2914 4046 3027 4099 ὄντι
3060 4048 3204 4117 μόνῳ
3230 4048 3323 4101 καὶ
3353 4048 3544 4117 ἀγαθῷ
3572 4050 3637 4100 τὰ
3670 4049 3890 4119 μηδέπω

2331 4134 2458 4186 ὅντα
2490 4135 2622 4204 μηδὲ
2653 4141 2911 4205 γεγονότα
2948 4138 3025 4208 τῷ
3061 4139 3277 4208 μέλλειν
3302 4140 3517 4194 ἔσεσθαι
3548 4141 3621 4205 ὡς
3646 4141 3774 4194 ὄντα
3804 4139 3890 4194 καὶ

2330 4226 2593 4294 γεγονότα
2657 4227 2966 4296 λογίζεται·
3021 4231 3112 4283 καὶ
3162 4229 3240 4301 τῷ
3288 4231 3546 4285 δύνασθαι
3594 4230 3785 4285 τοῦτον
3836 4231 3888 4281 ὲν

2334 4321 2532 4389 στιγμῇ
2567 4320 2759 4391 χρόνον
2790 4322 2883 4375 καί
2913 4322 3181 4394 ἁκαριαίᾳ
3210 4324 3349 4393 ῥοπῇ
3382 4324 3490 4393 (83)
3517 4326 3693 4377 πάντα
3722 4321 3889 4393 παρά-

2251 4524 2295 4578 ι)
2326 4515 2621 4573 afﬂuentia.
2653 4518 2856 4574 GENEB.

2397 4589 2509 4661 (79)
2537 4590 2775 4661 liasilius
2807 4588 2929 4661 cod.
2985 4590 3092 4661 Καὶ
3125 4589 3296 4644 αἴτιον
3339 4592 3438 4660 μὲν
3500 4591 3664 4647 αὐτοῦ
3699 4591 3883 4661 ὁμολο-

2323 4658 2481 4731 γοῦσι
2494 4658 2591 4711 τὸν
2616 4658 2961 4731 Θεὸν,λαῖτιον
2983 4660 3038 4711 δὲ
3071 4658 3470 4730 ἀπροαιρέτως,
3506 4662 3581 4723 ὡς
3606 4661 3704 4731 τῆς
3736 4658 3885 4721 σκιᾶς

2324 4728 2382 4779 τὸ
2408 4728 2567 4795 σῶμα
2596 4730 2690 4780 καὶ
2722 4729 2822 4796 τῆς
2857 4728 3198 4798 λαμπηδόνος
3222 4728 3287 4783 τὸή
3308 4728 3818 4798 ἁπαυγάζονζΤΑΒ.

2402 4772 2706 4866 (goria-".2,
2732 4772 3278 4866 ’γὲἷιζεῖαῗἻίτῇἱῗζ
3296 4772 3486 4853 ἕέὶἷῦἑ
3498 4772 3648 4854 7.1.1:;
3670 4772 3881 4861 ὖὲτῖἶιο,

2328 4865 2518 4938 ὥσπερ
2547 4866 2743 4937 γόνιμα
2778 4878 2879 4938 :_ut
2920 4868 3143 4938 genitiva
3173 4869 3415 4930 dicimus,
3448 4870 3527 4922 vel
3556 4879 3609 4922 ut
3638 4884 3883 4938 generan-

2331 4939 2431 4996 tia.
2485 4936 2727 5005 fecunda.
2779 4936 2987 5001 Quibus
3017 4941 3097 5005 yis
3140 4941 3432 5006 generandi
3467 4940 3610 4994 inest
3637 4936 3883 4992 dicuntur

2330 5007 2577 5067 iecuuda,
2635 5007 2715 5060 vel
2768 5009 2999 5076 genitiva
3060 5010 3220 5062 etiam
3260 5013 3575 5071 priusquam
3611 5017 3879 5076 generem,

2327 5091 2448 5146 cum
2493 5079 2662 5128 solunt
2704 5093 2960 5145 generare
3000 5079 3106 5131 sint
3138 5079 3333 5131 habilia
3378 5089 3473 5131 aut
3502 5079 3759 5146 potentia.
3796 5079 3877 5133 Sic

2326 5145 2526 5218 γόνιμα
2572 5150 2797 5218 [ecnuda
2825 5149 3042 5218 c_xponit
3066 5149 3319 5217 Cyrinus,
3352 5157 3406 5201 et
3440 5145 3661 5218 γόνιμον
3692 5147 3880 5216 εὔκαρ-

2324 5232 2424 5285 πον
2486 5215 2806 5285 ΙΙοδγεΙιίιις.
2841 5214 3147 5283 l’roIi/icwn
3184 5234 3287 5271 non
3327 5214 3461 5270 male
3497 5214 3660 5271 etiam
3718 5214 3876 5272 dicas.

2326 5284 2457 5356 Male
2476 5284 2736 5355 gemmiua
2776 5286 3161 5352 interpretatur
3188 5299 3240 5341 et
3261 5290 3467 5356 accepit
3486 5287 3874 5342 Genebrardus.

2326 5355 2418 5409 ΒΔ.
2445 5356 2547 5409 LC.
2590 5356 2646 5407 l'.
2687 5355 2954 5423 γέννημα.

2398 5428 2532 5547 (ξςιέ
2556 5425 2630 5478 Τὰ
2664 5426 3021 5495 γεινονώμενα,
3085 5444 3201 5496 qua:
3252 5444 3317 5483 ex
3357 5424 3486 5496 ipsis
3519 5426 3877 5498 progignenda

2406 5518 2460 5546 ι.
2536 5512 2584 5547 Α.

2319 5505 2460 5547 Sunt.
2492 5505 2584 5549 ΒΛ.

2385 5565 2493 5635 (82)
2509 5566 3224 5637 Δημιουργικοὺςλόγους,
3241 5569 3523 5637 potentiam
3543 5569 3777 5623 creandi.
3792 5563 3886 5620 BA.

2385 5639 2494 5705 (85)
2559 5636 2851 5703 Ἀκιιριιιίᾳ
2880 5636 3082 5705 porci]g
3128 5648 3397 5691 momento
3440 5649 3543 5690 tam
3577 5639 3791 5705 exipuu.
3830 5643 3881 5685 ιιι

2317 5706 2481 5759 dividi
2510 5706 2650 5779 ultra
2686 5726 2801 5779 ttutt
2821 5710 2983 5776 possit
3011 5725 3026 5773 ;
3058 5717 3313 5761 extrema:
3338 5710 3647 5775 exiguitatis
3681 5710 3888 5779 spatiu,;

2317 5794 2424 5846 quo
2456 5778 2670 5832 brevius
2696 5778 2899 5831 nullum
2930 5794 3030 5833 nec
3064 5780 3290 5847 cogitari
3317 5778 3631 5852 possitnﬂa.
