4154 6542
364 382 498 448 1097

1379 381 1834 443 DISPUTATIO
1872 381 1971 440 DE
2010 380 2261 441 MUNDI
2306 383 2657 445 OPIFICIO.

361 514 481 565 γειν
510 496 651 566 πρὸς
675 497 910 566 γένεσιν.
948 498 1291 567 Συνάναρχον
1313 498 1420 569 γὰρ
1450 500 1544 553 καὶ
1572 500 1843 554 συναῒδιον
1869 498 1933 567 τῇ

2042 504 2204 562 atque
2237 494 2424 549 cli'ecla
2459 498 2589 558 sint,
2626 497 3007 553 existimantur
3040 512 3054 552 :
3089 508 3143 554 ct
3177 499 3320 568 quod
3356 501 3526 569 possit
3559 502 3614 555 in

366 586 618 658 μακαρίᾳ
652 586 833 655 φύσει,
858 585 959 657 τὴν
981 585 1242 654 περὶτῶν
1269 584 1783 656 εὐεργετησομένων
1824 582 1935 653 (84)

364 677 457 728 καὶ
500 675 953 748 δημιουργεῖσθαι
1005 675 1307 748 μελλόντων
1341 677 1607 745 ἐκέκτητο
1655 675 1934 747 βούλησιν.

366 768 670 839 Παρήγαγε
700 768 778 833 δὲ,
818 769 905 822 ὅτε
934 770 1203 821 συνοίσειν
1232 767 1425 838 ἔμελλε
1456 770 1569 832 τοῖς
1596 767 1934 837 γενομένοις,

361 860 456 910 καὶ
485 861 514 911 6
550 859 707 928 λόγος
741 859 837 913 καὶ
865 861 898 930 ἡ
929 858 1082 924 τάξις
1113 858 1395 930 ἠϐούλετο.
1451 859 1608 913 Οὕτω
1638 877 1696 913 τε
1735 861 1769 929 ἡ
1807 857 1938 928 περ).

360 952 471 1006 τῶν
504 953 676 1007 ὄντων
713 953 809 1007 τοῦ
848 953 983 1009 Θεοῦ
1020 953 1273 1025 βούλησις
1305 956 1397 1009 κα).
1432 955 1717 1027 εὐεργεσία
1742 954 1845 1008 οὐκ
1878 956 1937 1007 ὲν

364 1046 571 1117 χρόνῳ,
606 1045 799 1117 ὥσπερ
837 1046 930 1099 καὶ
963 1046 995 1115 ἡ
1039 1045 1203 1116 φύσις
1234 1046 1437 1101 αὐτῶν.
1480 1048 1591 1100 Καὶ
1633 1046 1787 1099 οὐδὲν
1827 1044 1939 1099 τῶν

365 1136 665 1205 γεγονότων
691 1137 1097 1207 ἀναφανήσεταί
1117 1154 1248 1190 ποτε
1277 1138 1598 1209 ὐφαρπάζον
1627 1138 1808 1210 ἑαυτῷ
1842 1138 1939 1193 καὶ

362 1230 647 1284 ὐποσυλῶν
687 1230 749 1283 τὸ
784 1231 947 1301 μόνου
978 1228 1073 1283 τοῦ
1111 1232 1457 1303 Δημιουργού
1506 1234 1600 1286 κα)⁵
1633 1233 1933 1304 ἐξαίρετον.

362 1322 534 1377 Τοῦτο
559 1323 604 1376 δ’
630 1322 697 1376 ἂν
735 1324 818 1395 εἴη
850 1324 907 1376 τὸ
938 1323 1028 1376 ἀεὶ
1068 1319 1230 1377 εἶναι.
1268 1325 1338 1377 Ἦ
1368 1325 1486 1389 πῶς
1515 1324 1580 1378 ἂν
1613 1326 1699 1396 εἴη
1734 1326 1937 1395 ἀμφοῖν

361 1418 457 1469 καὶ
486 1418 604 1485 ἅμα
648 1417 818 1469 ὄντων
855 1417 949 1468 καὶ
994 1417 1079 1469 ἀεὶ
1106 1455 1122 1480 ,
1152 1415 1271 1487 Θεῷ
1304 1417 1364 1469 τέ
1401 1433 1543 1488 φημι
1588 1418 1684 1471 καὶ
1721 1419 1933 1489 κόσμῳ,

359 1507 437 1579 τῷ
468 1510 567 1578 μὲν
608 1508 944 1579 δημιουργὸς
969 1550 983 1575 ,
1017 1508 1095 1580 τῷ
1134 1510 1224 1574 δὲ,
1258 1511 1691 1582 δημιούργημα;
1732 1511 1764 1583 ἢ
1792 1513 1931 1582 τίςή

360 1602 744 1674 ἀποκλήρωσις
768 1601 903 1673 (85),
924 1601 1018 1655 τοῦ
1039 1603 1131 1657 τὸν
1156 1601 1256 1673 μὲν
1274 1606 1465 1666 ποιεῖν,
1494 1602 1585 1656 τὸν
1607 1604 1663 1656 δὲ
1682 1604 1931 1674 πάσχειν;

360 1694 456 1757 Τίς
485 1694 541 1747 δὲ
570 1694 599 1746 6
644 1694 801 1762 λόγος
829 1692 940 1764 (86)
983 1693 1076 1747 τοῦ
1111 1694 1185 1765 μὴ
1217 1693 1525 1765 τοῦμπαλιν
1570 1695 1933 1759 ὐποτοπάζειν

357 1783 494 1849 ὅπερ
541 1783 635 1836 καὶ
663 1781 987 1837 διανοεῖσθαι
1025 1783 1087 1836 οὐ
1132 1783 1289 1854 Θέμις
1315 1801 1330 1816 ο
1365 1785 1413 1837 εί
1448 1786 1702 1839 συναῖδίω
1736 1787 1925 1856 ἄμφω,

2040 596 2239 654 puncto
2279 588 2559 656 temporis,
2598 598 2653 643 ct
2695 600 2968 645 momento
3007 590 3280 646 individuo
3319 592 3502 647 omnia
3546 593 3615 647 ad

2038 689 2216 732 ortum
2253 678 2541 733 adducere.
2573 677 2821 734 Possidet
2854 681 2997 735 enim
3033 682 3193 736 simul
3229 682 3524 753 ingenitam
3559 692 3617 739 et

2037 784 2269 825 corevam
2298 772 2464 826 beata:
2488 770 2641 842 (sum)
2669 780 2874 827 natura:
2895 773 3225 829 voluntatem
3251 789 3377 845 erga
3403 790 3464 829 ea
3494 792 3616 847 quae

2037 871 2090 918 et
2121 863 2460 933 producenda
2490 874 2645 931 sunt,
2676 874 2730 919 ct
2759 865 3036 920 beneﬁciis
3065 867 3411 922 cumulanda.
3443 867 3618 925 ϐαδιε-
3648 928 3649 931 η

2038 969 2156 1009 rum
2180 955 2431 1025 produxit
2448 970 2570 1011 cum
2595 957 2932 1025 profuturum
2959 958 3025 1012 iis
3047 974 3166 1027 qua:
3187 960 3441 1027 producta
3466 973 3613 1026 sunt,

2037 1046 2192 1114 vidit,
2229 1055 2393 1118 atque
2427 1047 2569 1102 ratio
2602 1056 2660 1104 et
2689 1049 2824 1104 ordo
2858 1050 3182 1119 postulabat.
3221 1050 3313 1107 Sic
3349 1055 3493 1108 circa
3531 1070 3617 1110 res

2038 1139 2134 1193 Dei
2154 1139 2405 1195 voluntas
2419 1150 2474 1194 et
2497 1140 2848 1196 beneﬁcentia
2874 1150 3074 1197 aeterna
3094 1152 3199 1207 est,
3221 1159 3327 1198 non
3352 1154 3409 1199 ut
3429 1161 3614 1201 earum

2038 1239 2229 1285 natura
2264 1231 2316 1285 in
2355 1241 2614 1301 tempore.
2650 1231 2903 1301 Nihilque
2936 1248 3123 1288 eorum
3161 1250 3282 1305 qua:
3302 1236 3468 1307 280
3487 1253 3616 1306 pro-

2039 1330 2219 1376 creata
2254 1331 2403 1386 sunt,
2437 1324 2707 1379 videbitur
2737 1324 3026 1393 aliquando
3058 1326 3160 1381 sibi
3198 1328 3301 1398 ipsi
3334 1312 3531 1400 rapere
3562 1340 3620 1387 et

2039 1409 2320 1464 attrahere
2352 1410 2667 1480 dignitatem
2704 1413 2868 1469 unius
2904 1417 3099 1470 summi
3137 1417 3370 1486 Opiﬁcis,
3404 1435 3526 1490 quae
3561 1422 3615 1478 in

2036 1513 2104 1555 eo
2138 1516 2352 1571 semper
2382 1504 2703 1560 cohaerendi)
2736 1507 2912 1574 posita
2946 1516 3052 1563 est.
3091 1509 3148 1562 Id
3184 1524 3312 1565 vero
3344 1521 3428 1567 est
3464 1527 3613 1569 sem-

2037 1605 2135 1659 per
2159 1605 2299 1647 esse.
2328 1593 2609 1660 Quomodo
2641 1607 2819 1651 autem
2850 1599 3166 1654 conveniret
3194 1610 3287 1654 aut
3314 1602 3613 1671 ambobus,

2035 1691 2090 1736 et
2112 1682 2275 1737 simul
2299 1687 2661 1752 exstantibus,
2684 1697 2737 1743 et
2766 1704 3001 1760 semper,
3026 1690 3138 1747 Deo
3163 1693 3287 1748 dico
3312 1705 3365 1749 et
3393 1699 3612 1762 mundo,

2040 1774 2115 1829 illi
2148 1783 2205 1828 ut
2235 1775 2307 1830 sit
2333 1776 2538 1846 cpifex,
2572 1780 2718 1845 huic,
2751 1788 2809 1835 ut
2837 1781 3149 1851 Opiﬁcium;
3186 1794 3281 1840 aut
3308 1797 3428 1856 qua:
3457 1789 3616 1845 attri-

360 1877 455 1929 καὶ
484 1875 582 1946 οὐχ
603 1875 631 1927 6
673 1874 774 1945 μὲν
805 1874 959 1939 Θεὸς,
993 1875 1083 1928 ἀεί
1108 1891 1168 1927 τε
1190 1852 1284 1929 καὶ
1308 1877 1562 1948 ἄναρχος,
1593 1879 1621 1930 6
1639 1877 1698 1931 δὲ
1725 1852 1929 1949 κόσμος

2039 1867 2189 1920 butio
2215 1868 2465 1932 duorum,
2492 1883 2723 1938 quorum
2753 1888 2919 1927 unum
2947 1874 3077 1944 agit,
3106 1852 3340 1931 alterum
3367 1880 3616 1948 patitur?

360 1963 562 2035 ἤρξατο
592 1964 686 2017 καὶ
714 1966 815 2017 οὐκ
839 1964 928 2017 ἀεὶ
961 1959 1066 2035 ἧνς
1098 1963 1239 2034 αὐτη
1273 1966 1381 2037 γὰρ
1414 1965 1569 2030 τάξις
1595 1965 1932 2037 δημιουργοῦ

358 2072 417 2108 τε
444 2059 535 2109 καὶ
551 2057 1059 2128 δημιουργήματος,
1078 2056 1143 2108 ἵν’
1167 2056 1386 2127 ἔχοιμεν
1414 2059 1508 2112 καὶ
1528 2060 1691 2130 ἡμεῖς
1712 2059 1930 2127 εἰδέναι,

360 2149 456 2203 κα).
486 2150 602 2220 μεθ’
628 2149 783 2220 ἡμῶν
814 2148 948 2212 εἴτις
996 2147 1129 2219 ἄλλη
1155 2148 1349 2219 λογικὴ
1394 2149 1578 2221 φύσις,
1610 2151 1662 2203 τί
1696 2151 1798 2221 μὲν
1841 2150 1934 2221 δη-

364 2242 625 2313 μιουργὸς
671 2244 762 2296 καὶ
819 2246 1088 2317 ποιητής’
1142 2242 1193 2296 τί
1231 2243 1289 2297 δὲ
1332 2243 1792 2315 δημιουργήματα
1838 2244 1934 2297 καὶ

360 2336 661 2405 ποιήματα.
720 2335 830 2388 Καὶ
858 2337 910 2389 τί
942 2337 1042 2407 μὲν
1082 2338 1117 2407 ἡ
1162 2335 1477 2407 τελειοτάτη
1525 2338 1617 2389 καὶ
1656 2338 1930 2407 αὐταρκεο

361 2424 530 2496 στάτη
569 2425 663 2478 καὶ
697 2426 913 2485 πάντων
949 2426 1283 2497 διαφέρουσα
1307 2426 1471 2495 φύσις
1493 2428 1585 2480 καὶ
1612 2410 1923 2482 δεσποτεία’

357 2514 410 2567 τί
446 2515 502 2569 δὲ
536 2520 606 2570 τὰ
650 2518 932 2587 γινόμενα,
972 2518 1071 2573 καὶ
1119 2518 1219 2588 τῆς
1260 2517 1356 2577 τοῦ
1399 2519 1748 2590 Δημιουργοῦ
1774 2520 1935 2574 δυνά-

362 2622 510 2676 μεως
555 2609 650 2661 καὶ
696 2608 1006 2680 βουλήσεως
1043 2610 1393 2681 ἐξηρτημένα
1420 2650 1434 2676 ,
1485 2612 1579 2664 καὶ
1628 2611 1721 2666 ὐπ’
1763 2610 1931 2673 αὐτοῦ

360 2699 836 2770 συγκρατούμενα,
868 2700 966 2753 καὶ
996 2699 1164 2753 αὐτοῦ
1203 2702 1365 2771 μόνου
1392 2699 1647 2770 δεόμενα,
1673 2700 1931 2753 κάκείνου

358 2788 543 2842 δοῦλα.
574 2791 638 2844 Et
664 2791 772 2861 γὰρ
803 2790 919 2862 ἅμα
941 2790 1019 2862 τῷ
1041 2789 1367 2863 Δημιουργῷ
1398 2791 1486 2844 ἀεὶ
1515 2791 1708 2851 πάντα.
1740 2791 1843 2844 ποῦ
1874 2792 1935 2845 τὸ

359 2885 608 2953 κρεῖττον
630 2883 724 2938 τοῦ
753 2886 1095 2957 Δημιουργοῧ
1120 2901 1135 2949 ;
1179 2885 1321 2945 κατὰ
1352 2885 1414 2943 τὸ
1443 2884 1561 2955 ἅμα
1590 2880 1729 2938 εἶναι
1759 2884 1933 2956 τούτῳ

358 2976 427 3028 τά
460 2975 636 3029 πάντα
663 2976 760 3037 καὶ
788 2976 891 3031 ἀεί.
919 2975 1042 3039 Πῶς
1069 2976 1113 3028 δ’
1148 2975 1212 3029 ἂν
1239 2976 1324 3047 εἴη
1354 2975 1451 3028 καὶ
1470 2975 1803 3049 δημιουργὸς
1824 2976 1932 3029 τῶν

362 3067 479 3138 ἅμα
504 3068 673 3123 ὄντων
705 3070 792 3123 ἀεὶ
831 3070 924 3122 καὶ
971 3068 1407 3139 συμπεφυκότων
1436 3068 1621 3139 αὐτῷ;
1654 3068 1758 3121 ποῦ
1795 3069 1841 3122 δ’
1863 3068 1933 3125 ἂν

342 3160 446 3230 εἴη
484 3160 542 3213 ἐν
575 3165 688 3224 τοίς
718 3160 1004 3231 ὁμοτίμοις
1046 3159 1366 3230 κατατολμᾷ
1398 3156 1539 3213 εἶναι
1564 3162 1658 3214 καὶ
1679 3160 1766 3214 ἀεί
1797 3161 1930 3231 (87).

358 3250 436 3305 Ἦ
464 3268 526 3303 τε
552 3251 840 3305 δεσποτεία
869 3252 962 3305 καὶ
990 3253 1023 3321 ή
1050 3250 1267 3303 δουλεία
1299 3250 1395 3305 καὶ
1418 3250 1479 3315 τὸ
1508 3254 1565 3305 ὲν
1598 3253 1732 3305 πᾶσι
1762 3253 1933 3322 προῦ-

358 3362 453 3415 χον
482 3344 576 3398 τοῦ
608 3343 743 3397 Θεοῦ
771 3344 866 3397 κα).
893 3343 1350 3415 τιμαλφέστερον.
1394 3342 1549 3397 Οὐτω
1589 3344 1688 3414 μὲν
1720 3340 1813 3397 οὖν
1843 3346 1933 3399 ἀεὶ

358 3436 687 3507 δημιουργὸς
717 3439 744 3490 6
780 3437 932 3500 Θεὸς,
964 3438 1058 3489 καὶ
1084 3436 1403 3505 εὐεργέτης,
1430 3437 1531 3489 οὐκ
1565 3438 1650 3489 ἀεὶ
1671 3436 1728 3489 δὲ
1749 3436 1817 3492 τὰ
1837 3436 1932 3508 δη-

364 3533 775 3603 μιουργήματα.
799 3529 956 3584 Ούτω
986 3530 1081 3583 καὶ
1101 3530 1131 3581 6
1161 3529 1292 3593 Θεὸς
1317 3529 1427 3582 τῶν
1456 3528 1685 3600 μηδέπω
1710 3531 1934 3597 γεγονό-

359 3640 469 3677 των
494 3625 525 3677 6
567 3624 720 3689 Θεὸς,
753 3623 827 3686 ὡς
867 3623 1035 3675 ὄντων
1074 3623 1132 3675 ἐν
1165 3621 1314 3692 αὐτῷ
1347 3622 1444 3675 καὶ
1495 3621 1601 3691 πρὸ
1646 3623 1935 3689 γενέσεως.

362 3713 615 3770 Ἀπαντα
646 3717 755 3784 γὰρ
791 3713 1115 3784 περιείληφε
1152 3716 1219 3783 τῇ
1267 3714 1649 3782 προγνωστικῇ
1681 3712 1936 3781 δυνάμει,

359 3808 429 3862 τὰ
460 3808 595 3878 πρὸς
624 3807 839 3875 γένεσιν
869 3804 1219 3876 παράγεσθαι
1250 3803 1531 3874 μέλλοντα.
1573 3805 1843 3858 Ἕκαστον
1880 3805 1939 3858 δὲ.

360 3898 444 3965 οἷς
492 3900 692 3965 ἐθέλει,
729 3899 827 3953 καὶ
868 3899 957 3952 ὅτε
992 3900 1282 3969 προσήκει,
1315 3898 1408 3949 καὶ
1448 3895 1523 3959 ὡς
1566 3895 1633 3949 ἂν
1674 3897 1938 3951 κάλλιστα

361 3991 496 4063 ἔχοι,
522 3993 687 4063 σοφίᾳ
712 3992 821 4045 τινί
842 3991 936 4045 καὶ
977 3993 1142 4061 τέχνῃ
1175 3990 1269 4043 καὶ
1298 3988 1667 4059 δημιουργικῇ
1706 3989 1936 4059 δυνάμει

361 4081 727 4153 προϐάλλεται
752 4098 763 4112 ι
792 4081 887 4135 καὶ
921 4080 1034 4132 ἔστι
1061 4078 1416 4148 δημιουργὸς,
1447 4078 1549 4133 οὐκ
1573 4080 1637 4132 ὲκ
1667 4078 1775 4131 τῶν
1806 4081 1939 4132 καθα

362 4174 591 4228 ἑκαστον
632 4174 941 4243 γενομένων
978 4173 1115 4244 (88),
1174 4171 1313 4227 ἀλλὰ
1353 4171 1481 4241 παρ’
1512 4170 1729 4225 ἑαυτοῦ.
1762 4173 1832 4225 Ἢ
1874 4173 1936 4225 οὐ

362 4266 550 4328 καλεῖς
598 4267 690 4318 τὸν
743 4264 1039 4335 εὐεργέτην
1085 4262 1182 4315 τοῦ
1230 4262 1531 4331 κάμνοντος
1582 4263 1676 4318 καὶ
1730 4262 1934 4333 ἰατρὸν,

363 4358 529 4428 ἡνίκα
552 4358 850 4413 διανοεῖται
867 4356 965 4411 καὶ
988 4352 1397 4425 βουλεύεταιτῷ
1413 4352 1673 4423 κάμνοντι
1699 4352 1937 4425 βοηθεῖν,

360 4451 470 4505 κᾶν
502 4450 729 4521 μηδέπω
769 4450 849 4513 είς
878 4448 1040 4519 ἔργον
1074 4445 1258 4516 ἀγάγῃ
1298 4445 1397 4515 τὴν
1442 4443 1715 4515 βούλησιν,
1744 4445 1938 4516 μικρὸν

364 4544 592 4617 ὓστερον
621 4543 955 4615 ἐπιθήσοντα
976 4538 1054 4610 τῷ
1077 4538 1400 4608 διανοήματι
1428 4537 1525 4590 καὶ
1555 4536 1616 4591 τὸ
1643 4537 1803 4608 ἔργον
1826 4554 1840 4604 ;

2036 1959 2290 2024 Quaenam
2327 1970 2507 2016 antem
2543 1964 2706 2029 ratio,
2736 1980 2806 2019 ne
2840 1967 3177 2021 contrarium
3213 1969 3609 2033 existimemus.

2034 2052 2177 2120 quod
2211 2051 2426 2120 quidem
2458 2054 2621 2109 etiam
2649 2057 2889 2124 cogitare
2919 2074 3023 2113 non
3060 2074 3381 2129 possumus,
3413 2063 3457 2117 si
3485 2064 3615 2133 qui-

2034 2140 2157 2197 dem
2198 2146 2361 2196 ambo
2393 2145 2560 2198 coaevi
2597 2156 2723 2199 sunt
2744 2184 2758 2209 ,
2790 2155 2847 2202 et
2879 2148 2981 2204 nisi
3019 2148 3161 2205 Deus
3196 2166 3411 2222 semper
3439 2157 3613 2212 exsti-

2039 2232 2187 2299 terit,
2222 2235 2604 2304 vacaveritque
2631 2236 2862 2307 origine,
2893 2240 3124 2294 mundus
3149 2251 3330 2296 autem
3362 2233 3617 2314 coeperit,

2036 2340 2135 2380 nec
2161 2339 2377 2395 semper
2402 2325 2605 2383 fuerit?
2628 2327 2762 2384 Nam
2792 2330 2880 2387 hic
2907 2342 2991 2387 est
3014 2335 3151 2388 ordo
3173 2336 3384 2405 Opificis
3409 2347 3463 2392 et
3489 2341 3612 2411 opi-

2037 2417 2177 2481 (icti,
2217 2427 2274 2472 ut
2307 2432 2703 2488 cognoscamus
2739 2423 2838 2493 ipsi
2874 2434 2928 2479 et
2962 2426 3243 2481 nobiscum
3279 2439 3471 2484 natura
3508 2430 3612 2486 alia

2035 2511 2265 2566 rationis
2295 2515 2567 2583 particeps
2597 2517 2641 2570 si
2674 2531 2780 2587 qua
2809 2518 2900 2583 sit,
2930 2519 3059 2588 quid
3090 2519 3163 2575 sit
3189 2520 3367 2591 cpifex
3401 2533 3456 2579 et
3484 2524 3615 2581 eﬂ‘e-

2037 2613 2171 2665 ctor,
2213 2605 2341 2674 quid
2384 2607 2599 2677 opiﬁcia
2642 2617 2697 2664 et
2738 2608 3055 2667 eﬂ‘ectiones
3097 2628 3113 2666 :
3154 2612 3394 2685 quidque
3434 2616 3617 2686 perfe-

2035 2698 2278 2753 ctissima
2312 2699 2411 2755 sibi
2446 2701 2546 2769 ipsi
2583 2701 3071 2771 suiﬁcientissima,
3106 2711 3161 2761 et
3192 2708 3433 2762 omnium
3471 2724 3613 2777 pra:-

2036 2791 2189 2855 cipua
2234 2797 2423 2844 natura
2463 2798 2518 2845 et
2556 2790 2890 2858 dominatio;
2927 2793 3055 2863 quid
3090 2809 3223 2849 vero
3264 2811 3383 2865 qua:
3422 2799 3613 2856 eli'ecta

2034 2894 2180 2946 sum,
2207 2892 2258 2938 et
2284 2898 2405 2953 qua:
2436 2884 2671 2955 pendent
2696 2899 2726 2940 e
2751 2886 2946 2940 summi
2977 2884 3203 2958 Opiﬁcis
3234 2898 3503 2958 potestate
3529 2901 3614 2946 at-

2036 2990 2140 3044 que
2175 2977 2430 3043 arbitrio,
2464 2978 2534 3033 ab
2567 2977 2688 3046 ipso
2718 2978 3090 3043 continentur,
3127 2981 3242 3051 ipso
3275 2983 3389 3037 solo
3420 2994 3612 3055 egent,

2038 3068 2139 3139 ipsi
2167 3069 2517 3126 famulantur.
2545 3070 2600 3125 Si
2628 3071 2773 3126 enim
2799 3071 2959 3127 simul
2986 3088 3107 3128 cum
3133 3072 3364 3141 Opilice,
3390 3086 3445 3132 et
3473 3093 3615 3133 sem-

2036 3177 2132 3231 per
2154 3164 2406 3219 nniversa
2432 3165 2760 3231 consistant,
2788 3165 2875 3219 ubi
2900 3165 3012 3233 jam
3039 3175 3122 3221 est
3148 3169 3456 3236 prmstantia
3483 3172 3615 3242 Opi-

2037 3253 2190 3309 iit-is?
2216 3264 2484 3324 quatenus
2513 3256 2694 3309 omnia
2727 3256 2886 3309 simul
2918 3271 3041 3310 cum
3072 3270 3137 3310 eo
3171 3272 3493 3328 semperque
3520 3275 3615 3314 cx—

2033 3346 2250 3399 ststunt.
2282 3342 2399 3397 Jam
2432 3359 2562 3398 vero
2594 3359 2701 3413 quo
2734 3357 2894 3414 pacto
2927 3346 3031 3399 erit
3060 3345 3238 3415 upil'ex
3271 3362 3459 3402 eorum
3493 3364 3613 3418 quae

2035 3438 2195 3491 simul
2222 3452 2435 3506 semper
2457 3437 2751 3498 exsistunt,
2776 3446 2975 3490 etcum
3003 3437 3117 3505 ipso
3142 3447 3265 3490 nata
3291 3439 3455 3492 sunt?
3478 3455 3612 3508 quo-

2036 3529 2196 3583 modo
2232 3539 2413 3581 autem
2448 3528 2561 3597 pari
2601 3528 2804 3581 honore
2837 3527 3000 3596 digna
3036 3530 3404 3582 censebuntur
3434 3530 3485 3583 in
3521 3546 3611 3595 eu,

2036 3632 2095 3674 ιιι
2125 3619 2285 3674 simul
2317 3620 2429 3672 sint
2456 3628 2511 3673 et
2538 3632 2754 3686 semper
2781 3618 3077 3673 dominatio
3107 3627 3161 3673 ct
3191 3621 3453 3685 servitus,
3490 3621 3611 3676 Dei-

2035 3729 2143 3783 que
2174 3727 2426 3782 suprenta
2465 3713 2719 3780 maiestas
2751 3722 2805 3767 et
2836 3712 3117 3781 dignitas?
3148 3712 3241 3767 Sic
3278 3716 3442 3783 igitur
3472 3716 3613 3770 Deus

2037 3821 2253 3875 semper
2278 3813 2359 3858 est
2385 3805 2591 3872 ομπος,
2618 3814 2672 3859 et
2703 3802 3009 3869 beneﬁcus;
3043 3804 3260 3873 opiltcia
3292 3813 3471 3859 autem
3504 3821 3612 3860 tton

2036 3912 2269 3965 semper.
2312 3895 2402 3949 Sic
2449 3894 2589 3948 Deus
2631 3908 2819 3949 eorum
2860 3909 2982 3962 qua:
3024 3894 3260 3947 nondum
3305 3894 3614 3959 exstabant,

2039 3988 2180 4043 Deus
2209 3997 2347 4053 erat,
2374 3997 2428 4039 ut
2456 4002 2577 4056 qua
2603 3987 2655 4039 in
2686 3986 2804 4055 ipso
2829 3987 2991 4040 etiam
3023 3994 3149 4040 ante
3176 3994 3355 4040 Ortum
3382 3986 3614 4041 exsiste-

2040 4091 2177 4134 rent.
2216 4077 2476 4134 Uuiversa
2510 4060 2652 4132 enim
2689 4078 3005 4148 complexus
3036 4086 3118 4132 est
3148 4078 3199 4131 vi
3237 4077 3607 4146 praanoscendi

2038 4191 2159 4247 quae
2205 4176 2271 4228 ad
2315 4184 2492 4229 ortum
2536 4174 2848 4228 adducenda
2892 4180 3068 4225 erant.
3106 4170 3371 4225 Caeterum
3416 4185 3611 4223 unum-

2038 4267 2289 4338 quodque
2317 4277 2375 4321 ut
2400 4266 2534 4329 vult,
2562 4274 2617 4320 et
2646 4264 2860 4333 quando
2886 4271 3311 4317 consentaneum
3340 4270 3443 4324 est,
3471 4268 3525 4314 et
3552 4268 3611 4312 ut

2040 4359 2303 4429 optimum
2338 4355 2539 4411 factum
2576 4364 2678 4418 est,
2714 4353 2977 4422 sapientia
3013 4351 3247 4421 quadam
3283 4357 3338 4403 ct
3373 4357 3492 4402 arte
3524 4359 3613 4401 at-

2042 4466 2145 4520 que
2173 4457 2441 4520 potestate
2466 4446 2737 4523 eliectrice
2763 4444 3044 4513 producit;
3074 4451 3265 4511 estque
3294 4438 3474 4509 opifex
3501 4450 3611 4493 non

1971 4542 2014 4596 D
2037 4559 2104 4600 ex
2140 4542 2207 4596 iis
2232 4555 2351 4609 quae
2383 4538 2654 4609 sigillatim
2692 4535 2848 4598 liunt,
2876 4534 2970 4590 sed
3004 4549 3070 4587 ex
3102 4547 3242 4588 sese.
3269 4532 3351 4585 An
3378 4544 3484 4584 non
3515 4543 3615 4583 vo-

363 4654 459 4694 cas
488 4638 888 4692 benefactorem
917 4642 971 4687 et
999 4639 1440 4686 conservatorem
1471 4628 1643 4695 ipsius
1696 4638 2012 4696 aegrotantis
2044 4647 2100 4691 et
2132 4632 2438 4695 medicum,
2503 4644 2626 4684 cum
2685 4627 2888 4696 eugitat
2944 4633 2999 4679 et
3028 4623 3293 4679 deliberat
3322 4620 3611 4689 aegrotanti

362 4748 518 4803 opem
563 4733 743 4795 ferre,
811 4725 1027 4784 etiamsi
1083 4724 1322 4779 nondum
1370 4723 1425 4787 in
1466 4738 1602 4793 opus
1647 4724 1960 4791 perduxerit
2006 4745 2161 4786 suam
2234 4727 2593 4787 voluntatem,
2632 4720 2774 4790 quod
2821 4719 2979 4788 paulo
3022 4724 3145 4787 post
3183 4714 3255 4770 sit
3298 4708 3611 4780 cogitationi

364 4828 715 4899 adjuncturus
748 4819 922 4891 opus?

436 4920 619 4973 lATP.
653 4919 808 4973 Πᾶσα
847 4915 1086 4986 ἀνάγκη.

434 5011 660 5065 ΧΡΙΣΤ.
685 5009 841 5063 Οὕτω
863 5009 1042 5062 τοίνυν
1062 5022 1075 5036 ·
1099 5006 1215 5060 ἀλλ’
1241 5006 1364 5058 ὅσον
1392 5002 1614 5067 εὐσεϐὲς
1634 5001 1728 5055 τοῦ
1762 5018 1938 5073 παρα-

462 5164 684 5237 84)
718 5158 1416 5237 εὐεργετηθησομέινων.
1468 5226 1501 5237 οξ
1725 5224 1759 5237 Α.
1852 5224 1864 5237 .

462 5169 550 5234 84)
579 5169 684 5219 CC.
718 5169 776 5219 P.
806 5169 1416 5234 εὐεργετηθησομενων.

438 5169 552 5310 (85)
589 5236 684 5301 Τίς
778 5232 1226 5310 ἀποκλήρωσις.
1263 5228 1393 5296 Qua:
1438 5226 1508 5308 sit
1540 5224 1829 5310 distantia,
1852 5224 1928 5279 in-

365 5295 502 5382 quit,
536 5295 680 5382 inter
708 5295 1061 5382 iacturattt_t3t
1099 5295 1391 5382 iactarem,
1425 5297 1606 5382 sinon
1643 5295 1733 5382 hic
1766 5305 1928 5382 aeter-

365 5365 501 5444 iiiis;
564 5377 651 5431 illa
719 5372 1049 5444 temporalis
1098 5372 1417 5444 habeatur.”
1488 5365 1924 5444 Ἀποκλήρωσις,

365 5437 666 5510 distinctio,
704 5437 852 5500 velut
884 5459 1008 5498 cum
1040 5442 1326 5495 lmzreditas
1350 5437 1528 5507 aliqua
1550 5438 1618 5510 _in
1652 5438 1930 5510 (inurinar-

469 5504 859 5587 distinguitnr;
888 5511 1304 5587 distertttinatit),
1337 5504 1736 5587 determinatio.
1768 5504 1865 5587 Ba.

435 5590 548 5663 (86)
595 5578 691 5663 Ῐζς
714 5578 1089 5663 δὲ-όᾼόγος.
1118 5580 1299 5663 Etltic
1328 5578 1677 5663 reuertente}
1698 5578 1929 5663 exitum

366 5647 569 5732 quicro.
614 5647 749 5709 Tan.
785 5653 886 5708 Ubi
918 5647 1115 5732 manet‘
1132 5652 1290 5711 ratio,
1328 5647 1521 5732 inquit.
1555 5648 1611 5732 Isi
1652 5647 1764 5732 lure
1802 5661 1933 5732 con:

367 5712 683 5791 ἀῖιὶῖιίιίίιυε,
710 5737 764 5779 et
792 5724 1048 5778 mundum
1078 5721 1187 5774 Deo
1212 5712 1520 5795 parenivei
1554 5712 1933 5795 [consternunt]

368 5787 742 5874 suspicemur?
759 5796 936 5850 Locus
954 5800 1036 5847 est
1053 5787 1361 5856 corruptus.
1385 5787 1739 5842 Scrihendum
1757 5787 1936 5856 suspi-

619 5898 895 5960 PATuOL.
939 5892 1055 5952 Gn.
1100 5886 1390 5948 LXXXV.

2114 4906 2276 4961 MED.
2308 4904 2540 4958 Omnino
2570 4913 2792 4957 necesse
2821 4909 2924 4953 est.

2114 4994 2389 5052 CHRIS’I‘.
2434 4994 2524 5047 Sic
2563 4992 2747 5063 igitur,
2784 4991 2827 5045 si
2869 4988 3010 5059 quod
3052 4985 3361 5055 religiosum
3397 4992 3453 5039 et
3489 4997 3615 5038 san-

2037 5151 2180 5207 ceris
2218 5169 2231 5205 :
2262 5150 2357 5212 Τίς
2381 5148 2436 5202 δὲ
2460 5147 2489 5199 6
2517 5145 2677 5214 λόγος
2709 5144 2770 5196 τὸ
2807 5144 2905 5214 μέν
2937 5138 3182 5214 ἐναντίον
3223 5137 3610 5214 ὑποτοπάζειγ,

2036 5223 2174 5291 ὅπερ
2220 5221 2314 5273 καὶ
2340 5209 2949 5291 ἔμπαλιν’διανοεῗσθαι
2979 5210 3266 5291 οὐιθέμις;
3322 5223 3441 5291 qua}
3476 5209 3615 5291 ratio

2036 5278 2174 5347 [erat
2194 5300 2285 5345 aut
2309 5278 2531 5344 suadeat
2550 5285 2883 5340 contrarium
2910 5278 3195 5350 suspicari,
3213 5295 3333 5333 cum
3357 5278 3462 5350 tale
3485 5278 3614 5347 quid

2036 5363 2189 5416 nel‘as
2209 5363 2279 5416 sit
2318 5359 2402 5414 vel
2425 5356 2699 5428 cogitare?
2728 5352 2909 5428 Facile
2933 5349 3267 5428 persuadear
3289 5362 3410 5402 esse
3436 5349 3614 5428 intra:

2038 5447 2159 5486 sum
2181 5432 2267 5485 hic
2284 5418 2740 5495 aliundevaliqnid,
2757 5423 2841 5479 vel
2857 5418 3403 5495 etinterlocutionem
3421 5418 3613 5472 medici

2038 5502 2397 5557 obliteratam.
2428 5488 2629 5554 Codice
2658 5488 3025 5562 manuscripto
3054 5504 3209 5562 opus.
3235 5488 3332 5562 UA.

2111 5570 2224 5641 (87)
2258 5568 2398 5641 Lege
2434 5583 2555 5641 meo
2586 5564 2853 5641 periculo,
2889 5557 3124 5641 xit-ras?)
3154 5559 3294 5629 ἅμα.
3326 5557 3470 5612 Tan.

2112 5631 2226 5713 (88)
2256 5631 2378 5693 Τῶῖρ
2427 5637 2549 5713 καθ’
2584 5631 2816 5690 ἕκαστον
2858 5631 3206 5713 ,γινομένωνις
3251 5643 3398 5713 quaen
3423 5640 3525 5696 pro
3554 5636 3617 5680 se

2041 5696 2256 5785 quoque
2284 5709 2691 5779 secundumque
2725 5696 2961 5776 speciem
2989 5696 3145 5759 Suam
3174 5696 3331 5755 num.
3361 5696 3457 5750 BA.

3214 5861 3289 5923 35

3478 385 3616 451 1098
3692 433 3696 437 ~
