4154 6550
566 438 700 503 1099

1577 421 1978 485 ZACHARI/E
2052 416 2481 477 MITYLENES
2516 418 2853 480 EPISCOPI

3702 421 3835 489 1100

562 564 708 609 etum
750 558 833 605 est
871 548 923 603 in
962 543 1209 615 exemplo
1250 556 1458 607 sumas,
1492 554 1745 594 amoveas
1783 546 1962 592 autem
2006 534 2149 603 quod

2262 533 2546 603 δείγματος
2589 536 2701 603 (89)
2731 535 2930 601 λαϐὼν,
2980 537 3043 590 τὸ
3086 538 3432 607 ἁπεμφαῖνον
3480 538 3832 610 ἁποπέμπου,

563 649 1002 707 dissentaneum;
1049 640 1187 710 (sic,
1220 635 1475 707 inquam)
1529 633 1671 687 Deus
1720 629 2053 693 benefactor,
2094 635 2147 681 et

562 736 767 808 epifex,
801 743 856 788 et
894 733 1036 788 Deus
1067 745 1255 786 eorum
1291 742 1411 798 quae
1446 725 1708 781 beneﬁcio
1740 722 2031 777 affecturus
2066 729 2150 773 est

526 812 536 897 ἶ
562 839 617 884 et
644 834 1055 898 procreaturus,
1080 838 1188 879 non
1216 818 1525 878 necessario
1554 815 1814 873 beneficia
1840 812 2147 874 conferens,

564 927 660 972 aut
686 930 1003 986 procreans,
1031 926 1207 982 neque
1235 920 1294 966 ut
1324 911 1467 965 Deus
1498 908 1572 964 sit
1600 908 1654 962 in
1690 921 1871 961 rerum
1902 914 2148 958 naturam

566 1027 655 1067 res
682 1012 829 1081 ipsas
857 1008 1160 1079 producens
1188 1023 1202 1061 :
1233 1006 1398 1060 habet
1422 1002 1568 1058 enim
1596 1016 1664 1057 ex
1704 998 1884 1069 scipso
1924 997 1975 1052 id
2006 994 2149 1067 quod

566 1113 673 1169 est,
708 1103 802 1159 sed
834 1111 892 1158 ut
924 1101 1097 1157 bonus
1129 1107 1185 1155 et
1215 1097 1377 1154 Deus.
1414 1093 1546 1151 Mihi
1578 1102 1760 1150 autem
1793 1091 1935 1148 istud
1966 1089 2149 1146 consi-

567 1198 718 1253 dera.

637 1288 805 1345 MED.
841 1287 1152 1355 Quidnam?

638 1380 917 1437 CHRIST.
946 1379 1083 1435 Num
1113 1386 1380 1434 tacentem
1410 1375 1683 1433 hominem
1712 1370 1981 1430 sermonis
2007 1384 2152 1426 com-

568 1486 747 1547 potem
777 1474 914 1529 dicis
941 1485 1008 1527 ex
1037 1486 1105 1527 eo
1133 1470 1278 1541 quod
1309 1482 1563 1525 sermone
1590 1465 1667 1522 uti
1700 1463 1911 1535 possit?

638 1567 807 1622 MED.
840 1565 924 1621 Sit
956 1564 1102 1619 istud
1134 1578 1288 1618 sane.

639 1658 914 1715 CIlRlST.
959 1657 1097 1725 Quid
1146 1664 1326 1710 autem
1376 1653 1752 1723 Pythagoras,
1795 1659 1853 1705 et
1899 1646 2152 1718 discipuli

572 1750 770 1819 ipsius,
800 1747 1004 1819 quique
1032 1746 1161 1802 olim
1195 1744 1248 1800 in
1279 1742 1433 1798 ltalia
1465 1740 2005 1811 philosophabamur,
2038 1752 2154 1793 ser-

572 1842 748 1897 monis
776 1848 1053 1909 compotes
1078 1847 1134 1893 et
1160 1836 1390 1891 rationis
1415 1834 1762 1900 videbantur,
1790 1829 2007 1901 quando
2030 1844 2152 1887 cum
2182 1892 2183 1895 η

572 1934 697 1989 aliis
728 1934 782 1989 in
816 1932 1035 1988 silentio
1062 1926 1631 2001 philosophabamur?

644 2026 808 2082 MED.
842 2024 1080 2093 Quidni?

641 2115 919 2172 CIIRIS'I‘.
954 2114 1139 2185 Igitur,
1171 2113 1241 2169 mi
1279 2110 1509 2176 medice,
1542 2108 1683 2165 Deus
1711 2106 1900 2176 etiam,
1931 2106 1987 2163 ni
2018 2107 2159 2176 apud

575 2226 672 2267 vos
698 2208 967 2265 deteriore
991 2207 1063 2263 sit
1087 2206 1404 2262 conditione
1429 2218 1590 2273 quam
1616 2202 1950 2274 Pythagoras
1973 2208 2031 2254 et
2054 2214 2159 2254 cae-

575 2304 675 2358 teri
714 2301 996 2369 homines,
1030 2297 1174 2354 Deus
1209 2296 1373 2353 etiam
1411 2305 1466 2350 et
1499 2293 1682 2364 opifex
1706 2333 1722 2358 ,
1759 2302 1814 2348 et
1851 2289 2156 2353 beneficus,

572 2393 785 2448 etiamsi
840 2391 1018 2462 reipsa
1057 2389 1346 2461 aliquando
1379 2403 1485 2443 non
1540 2385 1776 2451 eﬁiciat,
1811 2400 1879 2441 ex
1915 2398 1981 2439 eu
2015 2381 2159 2452 quod

574 2486 742 2555 possit
779 2499 996 2555 semper
1026 2483 1261 2549 cllicere,
1295 2490 1349 2536 et
1384 2480 1583 2535 habeat
1616 2493 1746 2548 erga
1785 2477 1874 2531 illa
1908 2491 2029 2547 quae
2068 2476 2162 2532 be-

575 2578 785 2635 ueliciis
817 2575 982 2634 allicit
1009 2584 1066 2630 et
1093 2582 1376 2645 procreat,
1401 2570 1735 2626 voluntatem
1765 2578 1820 2624 et
1847 2567 2161 2640 propensio-

574 2687 698 2727 nem
739 2670 951 2740 origine
993 2675 1295 2722 carentem.
1340 2664 1508 2720 Porro
1556 2678 1650 2718 vos
1695 2662 1825 2717 mihi
1866 2660 2158 2729 videmini,

575 2766 703 2819 dum
745 2762 906 2816 vultis
944 2758 1350 2817 incommodum
1390 2768 1567 2813 vestra
1608 2755 1865 2825 opinione
1904 2754 2160 2827 exiguum

574 2854 839 2926 effugere,
896 2867 1092 2923 magno
1148 2852 1292 2907 malo
1349 2849 1641 2919 implicari.
1705 2847 1774 2903 Ut
1827 2848 1972 2901 enim
2028 2860 2161 2903 sane

579 2947 746 3003 Deum
791 2960 1068 3014 nunquam
1114 2945 1166 3005 in
1209 2942 1323 2997 otio
1364 2941 1538 2995 fuisse
1577 2950 1881 3005 versatum,
1923 2939 2017 2995 sed
2063 2940 2159 2995 be-

581 3035 844 3119 nefecisse
874 3036 943 3090 ab
969 3043 1173 3089 aeterno
1202 3031 1605 3103 pronuntietis;
1637 3030 1935 3086 voluntatis
1963 3044 2160 3100 exper-

569 3141 688 3188 tem
712 3145 900 3184 rerum
929 3143 1181 3193 causam,
1215 3136 1268 3182 et
1299 3142 1405 3183 non
1439 3126 1757 3195 prudentem
1789 3140 1912 3179 eum
1946 3123 2158 3189 facitis,

2252 625 2552 698 εὐεργέτης
2590 629 2746 683 ἔσται
2782 632 2876 682 καὶ
2908 630 3242 701 δημιουργὸς
3284 633 3313 685 ό
3360 630 3530 694 Θεός·
3569 632 3665 685 καὶ
3708 631 3836 695 Θεὸς

2250 719 2360 772 τῶν
2392 719 2697 790 μελλόντων
2742 722 3154 795 εὐεργετεῖσθαι
3205 721 3300 777 καὶ
3349 721 3831 795 δημιουργεῖσθαι·

2251 815 2351 867 οὐκ
2370 815 2586 887 ἀνάγκῃ
2608 815 2965 887 εὐεργετῶνῆ
2998 815 3371 887 δημιουργῶν,
3398 816 3509 870 οὐδ’
3528 818 3618 870 ἴνα
3711 818 3837 880 62b;

2252 910 2523 981 παράγων
2546 908 2685 981 πρὸς
2715 910 2929 978 γένεσιν
2961 911 3029 964 τά
3062 910 3194 964 ὄντα
3216 929 3228 943 υ
3257 910 3373 982 ἔχει
3406 909 3516 982 γὰρ
3552 911 3613 977 ἐξ
3641 913 3833 966 ἑαυτοῦ

2252 1001 2313 1055 τὸ
2341 999 2482 1057 εἶναι
2513 1004 2542 1057 ὃ
2568 1005 2719 1057 ἐστιν
2742 1020 2756 1033 ο
2780 1003 2896 1057 ἀλλ’
2926 1004 3001 1067 ὡς
3024 1003 3230 1073 ἀγαθὸς
3258 1005 3353 1059 κα).
3375 984 3533 1069 Θεός.
3567 1003 3759 1076 ’Δθρει
3784 1004 3836 1058 δέ

2258 1112 2348 1165 μοι
2378 1095 2475 1149 καὶ
2504 1094 2662 1150 τοῦτο
2689 1096 2827 1168 (90).

2325 1280 2505 1337 ΙΑΤΡ.
2542 1281 2615 1336 Τὸ
2641 1284 2789 1336 ποῖον
2817 1283 2917 1350 δή;

2324 1374 2553 1429 ΧΡΙΣΤ.
2589 1375 2664 1429 Οὐ
2699 1376 2805 1445 φὴς
2836 1374 2929 1429 τὸν
2956 1373 3249 1429 σιωπῶντα
3276 1371 3565 1444 ἄνθρωπον
3600 1365 3835 1441 ἰῦιγικὸν,

2254 1467 2333 1538 τῷ
2363 1467 2626 1522 δύνασθαι
2660 1468 2805 1540 λόγῳ
2838 1466 3174 1540 κεχρῆσθαι-;

2328 1563 2508 1616 IATP.
2538 1561 2685 1616 Πάνυ
2704 1579 2789 1631 γε.

2326 1655 2557 1710 ΧΡΙΣΤ.
2592 1654 2656 1707 Τί
2686 1654 2743 1706 δὲ
2774 1651 3101 1724 Πυθαγόρας
3132 1652 3227 1705 καὶ
3271 1653 3319 1704 οἱ
3347 1652 3404 1714 ἐς
3450 1650 3621 1705 αὐτοῦ
3658 1651 3838 1722 φοιτή·

2261 1763 2456 1810 σαντες
2487 1748 2584 1800 καὶ
2627 1745 2771 1800 κατὰ
2801 1745 2904 1816 τὴν
2953 1744 3187 1798 Ἰταλίαν
3227 1743 3397 1797 πάλαι
3443 1742 3839 1812 φιλοσοφήσαν-

2257 1857 2372 1907 τες,
2406 1836 2518 1912 ἆρά
2544 1858 2629 1894 σοι
2664 1840 2877 1908 λογικοὶ
2920 1838 3139 1893 ἐδόκουν
3171 1831 3331 1903 εἶναι,
3362 1837 3527 1908 ἡνίκα
3572 1835 3715 1907 μετὰ
3738 1836 3840 1888 τῶν

2256 1932 2435 1987 ἄλλων
2467 1931 2567 2003 τὴν
2602 1932 2815 2002 σιωπὴν
2845 1930 3201 2001 ἐφιλοσόφουν
3233 1928 3381 2003 (91);

2328 2026 2509 2081 lATP.
2537 2024 2661 2088 Πῶς
2690 2025 2800 2095 γὰρ
2828 2024 2929 2092 οὓς

2326 2116 2556 2170 ΧΡΙΣΤ.
2587 2114 2822 2181 Οὐκοῦν,
2854 2108 2900 2167 ὦ
2929 2114 3134 2184 ἑταῖρε,
3163 2113 3257 2167 καὶ
3286 2116 3314 2168 ὁ
3357 2113 3513 2180 Θεὸς,
3543 2116 3593 2168 εἰ
3628 2115 3703 2185 μὴ
3733 2114 3840 2184 χεί-

2260 2226 2370 2282 ρων
2398 2208 2517 2263 ὲστὶ
2539 2207 2668 2280 παρ’
2696 2208 2825 2277 ὑμῖν
2852 2205 3174 2276 Πυθαγόρου
3197 2206 3291 2260 καὶ
3305 2205 3414 2261 τῶν
3436 2206 3618 2261 ἄλλων
3640 2206 3844 2279 ἀνθρώ-

2259 2314 2398 2365 πων,
2430 2298 2523 2353 κα).
2544 2297 2676 2361 Θεὸς
2706 2297 2773 2351 ἂν
2800 2298 2883 2369 εἴη
2913 2296 3008 2350 καὶ
3037 2295 3373 2367 δημιουργὸς
3396 2296 3491 2350 καὶ
3519 2296 3839 2368 εὐεργέτης,

2259 2391 2363 2448 κᾶν
2406 2390 2663 2463 ἐνεργείᾳ
2693 2390 2822 2444 ποτὲ
2873 2389 2949 2460 μὴ
2973 2389 3279 2461 δημιουργῇ
3300 2404 3315 2420 ⁶
3339 2387 3419 2460 τῷ
3447 2388 3714 2443 δύνασθαι
3756 2389 3843 2459 δη-

2263 2486 2549 2558 μιουργεῖν
2578 2482 2701 2539 ἀεί’
2735 2482 2832 2537 καὶ
2876 2481 2958 2553 τῷ
3006 2483 3245 2553 ἄναρχον
3298 2480 3446 2553 ἔχειν
3476 2482 3578 2555 τὴν
3624 2482 3754 2552 περὶ
3781 2482 3843 2536 τὰ

2259 2578 2698 2650 εὐεργετούμενοι
2738 2578 2835 2631 καὶ
2876 2575 3148 2647 θεούμενα
3186 2576 3300 2649 (92)
3346 2576 3608 2648 βούλησίν
3651 2594 3711 2629 τε
3754 2578 3844 2629 καὶ

2261 2669 2597 2743 προθυμίαν.
2646 2670 2840 2740 Ὑμεῖς
2888 2668 2947 2723 δέ
2999 2686 3090 2739 μοι
3134 2668 3368 2733 δοκεῖτε,
3425 2668 3628 2739 μικρὸν
3656 2668 3841 2723 δοκοῦν

2260 2763 2461 2819 ἄτοπον
2503 2760 2919 2831 άποφυγγάνειν
2949 2760 3249 2825 ἐθέλοντες,
3292 2759 3520 2831 μεγάλῳ
3565 2760 3726 2828 κακῷ
3755 2775 3843 2810 πε-

2263 2850 2630 2924 ριπείρεσθαι.
2664 2850 2782 2905 Ἰνα
2826 2850 2933 2923 γὰρ
2956 2850 3118 2922 δῆθεν
3159 2851 3251 2904 τὸν
3298 2850 3431 2905 Θεὸν
3464 2852 3539 2922 μὴ
3585 2853 3648 2905 ἐν
3683 2851 3842 2921 ἀργίᾳ

2261 2943 2395 2996 ποτὶ
2440 2942 2736 3015 καθῆσθαι,
2768 2943 2904 2997 ἁλλὰ
2941 2944 3052 3015 γὰρ
3087 2944 3401 3014 εὐεργετεῖν
3442 2942 3504 3009 ἐξ
3534 2944 3711 3001 ἀϊδίου
3741 2944 3839 3012 φήο

2265 3050 2416 3106 σητε,
2449 3034 2747 3105 άὸούλητον
2767 3034 2878 3089 τῶν
2915 3033 3085 3089 όντων
3113 3035 3316 3099 αἰτίαν,
3354 3034 3448 3088 καὶ
3482 3035 3583 3089 οὐκ
3606 3034 3842 3105 ἔμφρονα

2262 3126 2453 3181 τοῦτον
2473 3126 2723 3197 εἰσάγετε
2749 3128 2887 3199 (95),
2926 3130 3020 3184 καὶ
3057 3129 3155 3200 τὴν
3184 3128 3476 3201 ὁμόδουλον
3500 3129 3722 3201 ποίησιν
3752 3130 3841 3181 ὲπ-

580 3235 638 3279 et
669 3235 986 3279 conservam
1026 3217 1365 3276 eﬂ'ectionem
1405 3218 1683 3288 insurgere
1717 3217 1896 3273 facitis
1930 3217 1985 3274 in
2025 3215 2158 3273 elle—

2272 3222 2527 3278 ανίστατε
2548 3224 2626 3296 τῷ
2666 3227 2860 3296 ποιητῇ
2880 3224 2992 3295 (94)
3020 3224 3114 3279 καὶ
3139 3223 3390 3278 συναῖδια
3412 3221 3491 3295 τῷ
3522 3220 3841 3292 πεποιηκότι

581 3324 826 3379 ctorem,
876 3323 931 3368 et
980 3321 1252 3367 coaetema
1303 3326 1403 3366 suo
1452 3308 1629 3379 opifici
1681 3308 2162 3366 comminiscimini

580 3406 820 3479 opiﬁcis,
870 3407 922 3461 in
974 3405 1103 3460 deos
1154 3404 1241 3459 illa
1282 3403 1615 3469 referentes,
1659 3412 1712 3458 et
1760 3418 2015 3474 magnum
2066 3418 2163 3457 no-

586 3516 707 3554 men
730 3510 784 3553 et
806 3513 941 3564 rem,
970 3499 1168 3569 quibus
1193 3498 1351 3551 vultis
1382 3498 1698 3563 attribuitis,
1720 3497 1882 3571 281
1906 3508 2162 3567 tauquam

582 3591 783 3660 aliquid
814 3590 1049 3644 aliarqu
1078 3599 1133 3645 et
1159 3591 1529 3646 communium
1562 3605 1743 3646 rerqu
1781 3610 1794 3646 :
1826 3607 1931 3646 non
1964 3605 2163 3647 conce-

585 3684 773 3739 dentes
796 3683 970 3738 solum
1011 3685 1178 3738 Deum
1220 3684 1396 3753 ipsum
1434 3698 1621 3751 unum,
1678 3694 1735 3740 et
1794 3686 2015 3752 bonum,
2070 3701 2166 3757 per

585 3774 859 3831 omniain
883 3776 1134 3829 omnibus
1164 3776 1367 3843 primas
1395 3775 1560 3840 ferre,
1598 3785 1653 3832 et
1702 3792 1869 3832 unum
1922 3792 2065 3841 esse,
2112 3787 2165 3833 et

582 3866 780 3929 solum,
819 3867 981 3936 idque
1006 3865 1269 3936 singulari
1296 3866 1476 3921 modo.
1503 3866 1638 3921 Nam
1657 3867 1702 3922 si
1734 3877 2040 3924 coaeternus
2055 3869 2164 3928 Deo

583 3961 675 4015 hic
698 3958 927 4015 mundus
970 3968 1074 4028 est,
1106 3960 1365 4031 quidnam
1412 3970 1494 4015 est
1543 3962 1839 4016 secundum
1884 3963 2032 4032 quod
2082 3973 2167 4017 est

582 4052 730 4109 Deus
756 4054 948 4109 melior
978 4052 1083 4109 hoc
1124 4054 1358 4109 mundo?
1401 4052 1543 4110 Istud
1568 4055 1673 4109 erit
1704 4055 1844 4125 quod
1883 4058 1953 4110 ab
2002 4064 2164 4111 cetera-

586 4163 661 4203 no
684 4147 791 4202 sit:
824 4158 880 4202 et
906 4148 1179 4218 quomodo
1216 4148 1470 4203 omnibus
1501 4147 1745 4203 rebusin
1782 4150 2037 4206 omnibus
2068 4167 2164 4206 ex-

585 4243 784 4298 cellere
813 4240 1093 4297 dicemus?
1148 4239 1227 4294 Ac
1258 4240 1302 4293 si
1332 4238 1490 4293 simul
1524 4237 1686 4305 Deus,
1714 4240 1875 4294 simul
1911 4242 2163 4306 mundus,

585 4346 800 4399 semper
829 4340 1010 4385 autem
1049 4330 1208 4393 Deus,
1242 4336 1297 4383 et
1350 4327 1511 4381 simul
1562 4343 1684 4383 cum
1729 4328 1986 4386 effectore
2036 4344 2162 4386 nata

585 4443 708 4484 esse
744 4436 959 4500 oportet
988 4424 1211 4490 eﬂ‘ecta;
1247 4424 1334 4479 ubi
1366 4432 1448 4479 est
1472 4425 1587 4495 ipsa
1622 4425 1800 4481 unitas
1843 4427 1998 4482 beata
2049 4426 2161 4493 Dei,

580 4517 1004 4579 cilihertasrab
1056 4516 1202 4570 omni
1257 4514 1574 4571 habitudine
1612 4527 1681 4572 Aet
1714 4520 1952 4573 essentia
2012 4529 2163 4572 extra

2266 3316 2606 3388 φαντάζεσθε
2638 3316 2707 3371 τὰ
2751 3319 3059 3389 ποιήματα,
3101 3318 3182 3380 εἰς
3228 3316 3387 3381 θεοὺς
3425 3314 3839 3379 ἀναϐιϐάζοντες

2263 3412 2457 3476 ταῦτα,
2491 3412 2586 3465 καὶ
2614 3410 2674 3465 τὸ
2704 3411 2847 3482 μέγα
2876 3410 3050 3481 όνομά
3068 3427 3129 3463 τε
3167 3411 3262 3464 καὶ
3294 3412 3531 3481 πρᾶγμα
3556 3403 3641 3473 οἷς
3665 3408 3843 3479 βούλεο

2267 3506 2360 3560 σθε
2382 3546 2397 3573 ,
2438 3504 2724 3576 διανέμετε
2750 3545 2764 3571 ,
2796 3504 2985 3574 ὥσπερ
3014 3521 3065 3556 τι
3095 3502 3204 3556 τῶν
3233 3503 3409 3559 ἄλλων
3440 3503 3740 3575 χρημάτων
3770 3502 3841 3573 μὴ

2267 3596 2677 3669 συγχωροῦντες
2701 3596 2793 3649 τὸν
2826 3593 2985 3665 μόνον
3017 3594 3150 3647 Θεὸν
3186 3594 3321 3648 αὐτὸ
3344 3594 3407 3647 τὸ
3435 3594 3514 3661 ἓν,
3554 3596 3653 3649 καὶ
3675 3595 3840 3664 τάγα-

2266 3690 2378 3758 θὸν,
2409 3688 2552 3743 κατά
2582 3687 2801 3741 πάντων
2841 3688 2898 3739 ὲν
2935 3687 3070 3739 πᾶσι
3102 3686 3174 3740 τά
3215 3689 3459 3758 πρωτεῖα
3494 3687 3709 3760 φέρειν’
3755 3689 3841 3742 καὶ

2265 3785 2323 3838 ἓν
2354 3779 2518 3847 εἶναι,
2551 3781 2646 3836 κα).
2681 3780 2859 3852 μόνον,
2899 3781 2993 3833 καὶ
3033 3779 3210 3849 μόνως
3238 3780 3373 3851 (95).
3414 3781 3476 3833 El
3518 3781 3631 3852 γὰρ
3661 3783 3837 3836 συνατ-

2265 3874 2374 3936 διος
2420 3871 2498 3943 τῷ
2536 3869 2655 3941 Θεῷ
2693 3870 2781 3925 ὅδε
2826 3871 2855 3923 ό
2897 3870 3101 3940 κόσμος
3132 3871 3273 3937 ἐστὶ,
3308 3871 3363 3924 τί
3405 3870 3530 3925 καθ’
3566 3873 3595 3925 ὃ
3641 3875 3787 3927 ἐστιν
3814 3874 3841 3926 ό

2266 3964 2400 4029 Θεὸς
2421 3964 2663 4035 ἀμείνων
2687 3961 2840 4015 τοῦδε
2870 3962 2964 4016 τοῦ
2994 3961 3233 4032 κόσμου;
3268 3960 3439 4015 Τοῦτο
3465 3962 3511 4015 δ’
3541 3963 3611 4017 ἂν
3643 3964 3760 4035 εἴη,
3786 3962 3843 4016 τὸ

2268 4057 2450 4120 ἀϊδίως
2479 4051 2618 4109 εἶναι
2649 4055 2782 4126 (96).
2834 4055 2943 4108 Καὶ
2990 4053 3109 4117 πῶς
3153 4054 3373 4108 πάντων
3412 4054 3597 4109 αὐτῶν
3630 4056 3744 4127 (97)
3784 4057 3839 4109 ἐν

2268 4150 2403 4202 πᾶσι
2448 4147 2725 4219 διαφέρειν
2758 4148 3038 4216 φήσομεν;
3076 4146 3186 4200 Καὶ
3236 4149 3285 4200 ει
3316 4146 3433 4217 ἃμα
3475 4149 3504 4201 ὀ
3536 4147 3706 4214 Θεὸς,
3732 4149 3839 4221 ἅμα

2267 4242 2502 4313 κόσμος,
2541 4240 2629 4295 ἀεὶ
2669 4239 2726 4293 δὲ
2757 4240 2786 4291 ό
2824 4237 2992 4304 Θεὸς,
3040 4240 3133 4293 καὶ
3181 4240 3604 4311 συμπεφυκέναι
3648 4243 3730 4296 δεῖ
3768 4242 3840 4311 τῷ

2267 4336 2465 4405 ποιητῇ
2495 4332 2564 4386 τὰ
2590 4334 2892 4403 ποιήματα*
2922 4332 3025 4385 ποῦ
3058 4332 3117 4386 τὸ
3146 4332 3203 4386 ἓν
3240 4332 3336 4385 τοῦ
3367 4333 3644 4405 μακαρίου
3678 4333 3836 4399 Θεοῦ,

2267 4428 2361 4481 κα),
2392 4427 2455 4480 τὸ
2487 4428 2670 4496 πάσης
2701 4425 2989 4499 ἐλεύθερον
3022 4427 3260 4497 σχέσεως
3290 4425 3432 4497 (98),
3473 4427 3571 4482 καὶ
3602 4427 3705 4498 τῆς
3740 4444 3837 4479 σω-

2269 4519 2510 4591 ματικῆς
2538 4519 2697 4585 ἐκτὸς
2724 4514 2864 4575 εἶναι
2895 4520 3145 4590 emissem;
3176 4518 3255 4576 Τὰ
3279 4518 3387 4588 γὰρ
3410 4518 3549 4591 ἅμα,
3577 4520 3688 4573 τῶν
3714 4518 3838 4589 πρός

619 4732 623 4741 λ
660 4744 771 4819 (89)
809 4746 918 4800 Τοῦ
954 4744 1449 4821 παραδείγματος.
1500 4745 1813 4821 Exemplum
1859 4745 1992 4803 dicit
2017 4746 2159 4819 quod

2340 4748 2454 4820 (93)
2480 4749 2790 4821 Εὶσάγετε.
2822 4747 3173 4821 lutroducitis
3202 4748 3349 4821 velut
3383 4747 3434 4800 in
3470 4744 3689 4821 scenam
3719 4760 3836 4821 per:

587 4817 751 4888 supra
779 4817 1401 4888 proposuit‘Christiano
1434 4833 1693 4888 paganus.
1727 4818 1822 4872 ΒΑ.

661 4886 773 4959 (99)
804 4888 1003 4956 Ἀθρει
1047 4886 1115 4941 δέ
1133 4905 1237 4958 μοι
1263 4887 1361 4942 καὶ
1407 4886 1605 4944 τοῦτο.
1637 4887 2044 4958 Cogitabundtts
2075 4889 2164 4945 hic

587 4960 887 5016 subsistere
918 4970 973 5014 et
1030 4960 1377 5014 considerare
1423 4959 1629 5026 aliquid
1666 4959 1827 5013 homo
1859 4961 2164 5029 imaginan-

587 5036 843 5100 dusest;
886 5030 1154 5100 praecipue
1210 5045 1333 5084 cum
1369 5028 1436 5082 de
1485 5028 1680 5083 silente
1730 5031 1948 5084 homine
1980 5028 2164 5086 sermo

587 5103 659 5161 sit
688 5099 920 5154 futurus.
956 5100 1054 5155 BA.

656 5170 772 5242 (91)
802 5171 1045 5241 Σιωπήν
1076 5170 1491 5243 ἐφιλοσόφουν
1528 5188 1539 5223 :
1575 5184 1697 5223 cum
1739 5171 2159 5243 taciturnitatem

587 5240 704 5301 sive
736 5243 1009 5298 silentium
1045 5240 1176 5302 certi
1224 5240 1481 5312 temporis
1515 5254 1612 5310 pro
1647 5250 1799 5312 parte
1829 5240 2005 5311 aliqua
2036 5244 2159 5312 phi-

586 5316 851 5382 losophia:
876 5312 1207 5371 facesserent
1228 5326 1286 5368 et
1323 5309 1697 5382 praeciperent.
1714 5309 1831 5382 βλ.

664 5381 775 5456 (9‘2)
797 5382 1188 5456 iGenebrardus
1215 5381 1459 5440 ediderat
1488 5381 1502 5435 ἐ
1537 5381 1678 5450 Erga
1704 5381 1802 5434 illa
1826 5397 1945 5451 qua:
1968 5383 2162 5456 beneﬁ-

588 5452 683 5534 ciis
710 5455 879 5534 ‘aﬁicit
900 5463 962 5534 ει
995 5455 1269 5534 divinitate
1296 5456 1620 5534 saturitatem
1659 5462 1708 5506 et
1737 5452 2155 5534 propensionem.

586 5525 792 5596 Anglus
822 5524 1040 5591 quidam
1057 5541 1167 5596 pro
1190 5525 1457 5595 θεούμενα
1481 5525 1610 5594 legit
1626 5539 1697 5596 ex
1728 5524 2041 5596 conjectura
2065 5524 2161 5594 δη-

590 5592 1025 5670 μιουργούμενατ
1052 5592 1414 5670 Montacutius
1453 5592 1601 5670 vere
1622 5592 1997 5670 θεωρούμενα,
2019 5592 2159 5670 ρι’ςέ-

586 5662 698 5725 iu'sa
726 5662 941 5724 scilicet
979 5666 1045 5720 ab
1084 5674 1311 5720 aeterno.
1337 5664 1629 5732 Conjttnxit
1674 5662 1845 5719 antea
1866 5662 2164 5721 Zacharias

586 5742 705 5797 haec
730 5738 838 5794 duo
856 5733 1271 5809 εὐεργετεῖσθαι
1303 5745 1353 5790 et
1383 5734 1855 5809 δημιουργεῖσθαι.
1877 5738 2022 5809 περ).
2052 5737 2162 5809 τῷν

586 5804 1101 5883 εὐεργετησομζὲνων
1124 5806 1220 5860 καὶ
1249 5804 1701 5883 δμημιουργεῐσθαι
1726 5804 2053 5883 μελλόντων.
2096 5808 2158 5862 Et

588 5876 776 5939 rursus
806 5876 953 5936 ε’καὶ
996 5876 1332 5949 δημιουργὸς
1366 5878 1458 5930 καὶ
1494 5876 1807 5948 εὐεργέτης.
1848 5878 1978 5932 Duc.

2264 4816 2455 4877 sonam
2517 4821 2583 4875 de
2620 4816 2723 4889 qua
2755 4831 2999 4874 statuere
3030 4817 3443 4889 voliislibernm
3480 4816 3550 4871 sit
3586 4816 3835 4889 quidquid

2264 4890 2565 4946 volueritis.
2587 4885 2661 4945 Ita
2690 4891 2854 4944 Deum
2878 4887 3319 4959 circuniagebunt
3344 4885 3673 4957 philosophi,
3698 4885 3837 4941 nullo

2267 4962 2437 5032 ipsius
2469 4972 2612 5032 metu
2643 4971 2736 5014 aut
2771 4970 3043 5029 respectu.
3074 4962 3171 5015 BA.

2338 5031 2486 5101 (94)“
2514 5030 2632 5099 Τὴν
2688 5023 3026 5101 ὀμόδοίνλον
3072 5030 3326 5101 ποίησιν
3365 5026 3731 5101 ἐπᾳνίστατε
3764 5023 3838 5091 τῷ

2266 5098 2507 5170 ποιητῇ.
2553 5098 2841 5170 insurgere
2881 5100 3084 5154 facitis.
3130 5098 3299 5153 liccte
3333 5101 3406 5153 ita
3435 5098 3832 5163 Genebrardus,

2271 5191 2376 5229 non
2419 5175 2485 5225 de
2515 5187 2665 5225 more
2687 5173 2884 5238 ubique
2915 5187 3032 5225 suo.
3064 5173 3159 5226 ΒΑ.

2304 5300 2307 5303 _
2344 5242 2458 5314 (95)
2484 5242 2592 5297 Καὶ
2608 5242 2678 5296 ἓν
2700 5238 2852 5296 εἶναι
2877 5243 2971 5296 καὶ
2996 5243 3191 5311 μόνον
3217 5240 3313 5296 καὶ
3337 5239 3654 5314 μόνωςζΕι
3678 5254 3830 5294 ttmtm

2272 5311 2395 5371 esse
2422 5322 2476 5368 et
2506 5314 2679 5366 solum
2722 5324 2774 5366 et
2810 5315 3004 5367 nullius
3033 5316 3166 5369 socii
3200 5315 3515 5380 patientem.
3547 5311 3644 5366 ΒΑ.

2341 5383 2453 5455 (96)
2493 5384 2673 5438 Τοῦτο
2716 5382 2871 5438 δ’ἂν
2921 5385 3013 5453 εἴη
3067 5384 3134 5438 τὸ
3180 5377 3393 5455 ἀϊδίωςν
3423 5377 3597 5437 εἶναι.
3645 5379 3833 5455 Nempe

2267 5452 2391 5510 cum
2426 5452 2548 5520 hoc,
2582 5455 2725 5524 quod
2754 5452 3009 5508 onmihus
3039 5455 3348 5516 antecellat,
3383 5454 3434 5507 iu
3468 5468 3533 5508 eo
3563 5452 3831 5522 consistat

2269 5524 2411 5597 quod
2439 5525 2587 5597 solus
2620 5526 2690 5578 sit
2725 5524 3105 5597 αξιοι-ιιιιεείξιι

2342 5598 2454 5664 (97)
2484 5595 2842 5649 Scrihemlnm
2877 5595 3059 5648 αὐτόν.
3084 5596 3177 5647 ΒΑ.

2344 5659 2456 5737 (98)
2517 5664 3083 5737 Πάσηςᾼὲιιεύθερον
3140 5661 3435 5737 σχέσεως.
3486 5662 3736 5737 Liberum
3768 5659 3829 5712 ab

2260 5732 2445 5792 ‘omui'
2476 5737 2617 5806 quod
2672 5734 2859 5789 haberi
2906 5732 3121 5806 :pi‘itest,
3187 5735 3471 5804 qualitate,
3517 5732 3825 5806 quantitate,

2271 5804 2531 5876 omnique
2555 5804 3065 5876 praedicabeliJlah
3091 5816 3227 5868 tum,
3265 5806 3634 5876 habitudinem
3666 5804 3825 5855 inter—

2271 5873 2514 5949 pretat'ur
2536 5873 2793 5948 Cyr-illus,
2821 5887 2873 5932 et
2902 5876 2981 5933 sic
3003 5886 3231 5947 uterque
3266 5877 3556 5946 interpres.
3590 5873 3682 5928 ΒΑ.
