4154 6538
402 407 533 475 1101

1416 410 1869 472 DISPUTATIO
1905 408 2002 468 DE
2045 409 2296 469 MUNDI
2337 409 2693 471 OPIFICIO.

3526 403 3696 471 1102’

395 542 476 578 τι·
511 522 579 577 τὰ
621 521 676 576 δὲ
710 520 844 593 apd;
893 538 982 587 τι,
1014 524 1082 593 τῇ
1132 524 1417 592 σωματικῇ
1470 519 1825 583 συνέζευκται
1860 518 1971 591 (99)

2087 528 2327 573 naturam
2359 519 2710 589 corpoream?
2739 516 2871 573 Nam
2904 533 3023 589 quae
3066 518 3226 574 simul
3270 527 3418 583 sunt,
3458 534 3665 588 ponun-

398 614 579 683 φύσει.
615 613 671 667 ’0
699 613 755 667 δε
775 612 904 675 Θεὸς
928 612 1217 682 ἀσώματόν
1239 630 1289 665 τι
1309 613 1500 683 χρῆμα
1532 616 1625 665 καὶ
1652 611 1837 682 νοερόν
1867 611 1968 681 (1).

398 706 514 758 Οὑκ
542 699 658 770 ἄρα’
678 702 795 772 ἃμα
822 703 953 766 Θεὸς
975 742 990 766 ,
1021 703 1136 773 ἅμα
1166 703 1391 770 κόσμος.
1454 703 1605 755 Ἐπεὶ
1637 703 1776 773 μήτε
1814 701 1974 772 σῶμα

391 794 427 851 ,ὀ
460 791 592 853 Θεὸς
617 785 661 858 ᾧ
686 793 754 845 τὰ
780 791 914 861 πρός
938 810 990 845 τι
1017 792 1388 856 συνέζευκται.
1416 793 1591 856 Μόνος
1621 793 1677 846 δὲ
1710 792 1977 862 ἀγένητος

401 883 497 938 καὶ
522 883 709 946 ἀΐδιος*
751 882 826 945 ὡς
852 882 909 937 ἓν
942 884 1036 937 καί
1075 884 1228 948 Θεός.
1262 885 1335 938 Οὑ
1371 884 1582 955 συνορῶ
1622 885 1680 938 δὲ
1712 885 1861 947 ὅπως
1898 886 1979 947 εἰς

399 973 778 1045 ἐναντιώματα
826 974 1206 1045 δοξασμάτων,
1236 975 1427 1045 ὥσπερ
1456 977 1506 1028 οἱ
1555 975 1848 1045 μεθύοντες
1878 976 1978 1045 (2),

399 1069 583 1122 πυκνά
626 1067 1074 1139 περιστρέφεσθε.
1118 1069 1180 1120 Ei
1215 1068 1326 1138 γὰρ
1357 1068 1455 1138 τὴν
1494 1067 1627 1137 ὓλην
1654 1067 1720 1138 ἢν
1753 1065 1981 1137 δεξαμε-

401 1161 501 1230 νὴν
531 1161 605 1233 (5)
640 1161 733 1214 καὶ
763 1160 990 1230 τιθήνην
1018 1159 1309 1230 ὀνομάζειν
1356 1161 1486 1228 ὑμῖν
1534 1159 1709 1227 φίλον,
1740 1158 1980 1212 ἀνείδεον

400 1255 495 1308 καὶ
518 1254 940 1325 ἀσχημάτιστον,
970 1252 1326 1323 πεφυρμένην
1348 1268 1406 1303 τε
1432 1250 1501 1304 αὑ
1523 1250 1618 1304 καὶ⁵
1643 1249 1982 1321 πλημμελῶς

400 1347 725 1418 κινουμένην
756 1348 852 1400 σὺν
901 1346 1095 1417 ἀταξίᾳ
1130 1346 1236 1417 ἄρα
1268 1344 1455 1398 λαϐεῖν
1488 1344 1580 1398 τὸν
1626 1344 1979 1416 δημιουργὸν,

401 1440 497 1493 καὶ
541 1441 620 1503 είς
649 1437 801 1503 τάξιν
829 1439 1080 1506 ἀγαγεῖν,
1126 1439 1220 1492 καὶ
1265 1438 1499 1508 ἡσυχίαν
1533 1438 1655 1491 ἀντὶ
1681 1436 1781 1507 τῆς
1811 1453 1984 1507 ταρα-

378 1533 502 1603 ηχῆς
549 1532 818 1594 ἐνθεῖναι,
879 1530 1101 1602 ποιῆσαί
1153 1547 1212 1583 τε
1252 1530 1352 1584 καὶ
1408 1531 1697 1601 μορφῶσαι
1742 1530 1837 1583 καὶ
1884 1529 1984 1601 τῆς

402 1623 979 1695 πωτέραςνάμορφίας
1022 1622 1353 1689 ἀπαλλάξαι,
1392 1624 1527 1694 φησὶ
1561 1623 1663 1693 μὲν
1688 1623 1717 1674 ὁ
1751 1621 1982 1676 Πλάτων

400 1718 493 1771 τὸν
525 1718 764 1785 Τίμαιον
794 1714 1091 1778 συντιθεὶς,
1130 1713 1381 1768 πείθεσθε
1436 1715 1492 1768 δὲ
1525 1714 1600 1784 (ό)
1628 1730 1642 1744 ’
1674 1715 1836 1785 ὑμεῖς
1874 1714 1985 1785 ἄρα

406 1804 474 1881 ἦν
508 1808 583 1877 (5)
615 1808 705 1860 ὅτε
734 1801 801 1878 ἦν
830 1806 1069 1875 ἀκοσμία
1100 1806 1158 1858 ὲν
1186 1804 1264 1875 τῷ
1301 1805 1489 1870 παντὶ,
1525 1805 1667 1859 κατά
1710 1803 1800 1858 τὸν
1842 1804 1987 1858 Πλά-

408 1917 573 1963 τωνα,
605 1899 698 1952 καὶ
725 1898 824 1951 οὑκ
852 1893 920 1969 ἦν
948 1898 1032 1951 ὅδε
1062 1899 1090 1950 ό
1117 1896 1356 1967 κόσμος,
1406 1900 1499 1952 καὶ
1535 1899 1568 1968 ἡ
1598 1897 1694 1950 νῦν
1722 1897 1980 1969 ἁρμονία.

410 1992 473 2044 Ei
498 1991 553 2044 δὲ
579 1988 758 2054 τοῦτο,
784 1991 817 2059 ἡ
851 1988 951 2059 μὲν
977 1986 1077 2058 ὑλη
1101 1987 1249 2041 ἔσται
1275 1988 1545 2053 συναῖδιος
1575 1988 1651 2059 τῷ
1676 1988 1814 2059 Θεῷ,
1846 1990 1987 2043 κατά

408 2096 473 2147 γε
498 2079 587 2132 τὸν
618 2078 896 2132 Πλάτωνα·
925 2078 952 2129 ό
971 2077 1027 2130 δὲ
1056 2078 1261 2145 κόσμος
1282 2076 1486 2132 οὑκέτι.
1523 2078 1700 2149 Ὅπερ
1731 2078 1780 2130 εί
1812 2077 1986 2143 οὑτως

411 2172 544 2243 ἔχει,
575 2170 751 2241 χρόνῳ
777 2170 883 2242 ἄρα
912 2166 1409 2243 δεδημῖουργῆσθαι
1438 2172 1507 2227 τά
1545 2174 1673 2226 ὄντα
1705 2173 1800 2227 καί
1830 2174 1986 2244 ὑμεῖς

413 2263 840 2334 συνομολογεῖτε,
880 2264 975 2317 καὶ
1013 2264 1323 2335 εὐεργετεῖν
1357 2264 1449 2318 τὸν
1478 2266 1612 2319 Θεὸν
1647 2265 1901 2332 οὑδκμῶς
1927 2266 1986 2331 ἐξ

408 2358 579 2411 ἀϊδίου
610 2356 764 2426 φατέ·
794 2356 931 2428 ὅπερ
960 2356 1071 2410 ἀνω
1098 2358 1193 2411 καὶ
1216 2358 1366 2411 κάτω
1397 2358 1674 2429 θρυλλεῖτε
1700 2359 1791 2412 καὶ
1827 2376 1985 2431 περι-

408 2451 623 2521 φέρετε,
662 2449 1127 2521 μορμολύττοντες
1175 2453 1303 2515 τοὺς
1348 2451 1778 2524 ἁπλουστέρους.
1810 2453 1984 2523 Καλὴ

411 2544 511 2614 μὲν
538 2543 732 2610 ἀταξία
763 2542 839 2614 (6)
880 2543 979 2613 τῆς
1012 2543 1144 2614 ὑλης
1175 2544 1270 2597 καὶ
1316 2546 1349 2615 ὴ
1391 2545 1594 2615 ἐσχάτη
1630 2546 1877 2616 ἀμορφία
1908 2544 1987 2615 τῷ

407 2633 528 2705 Θεῷ
554 2635 885 2705 συνάναρχος
929 2634 1084 2688 ἔσται
1117 2635 1210 2687 καὶ
1255 2635 1522 2698 συναΐδιος
1568 2634 1661 2687 καὶ
1687 2636 1943 2707 ὁμότιμος
1970 2653 1983 2666 ·

408 2722 566 2777 τοῦτό
594 2740 680 2792 γε,
705 2723 814 2777 τῶν
836 2724 1019 2778 αὐτῶν
1049 2724 1352 2795 πρεσϐείων
1400 2725 1496 2777 καὶ
1524 2724 1625 2794 τῆς
1646 2724 1817 2793 αὑτῆς
1850 2742 1986 2795 προ·

410 2816 591 2888 εδρίας
621 2816 700 2887 τῷ
724 2815 844 2887 Θεῷ
871 2816 949 2888 τῷ
990 2817 1139 2886 σοφῷ
1171 2816 1267 2870 καὶ
1307 2817 1571 2888 παγκάλῳ
1596 2818 1671 2890 (7)
1690 2816 1984 2888 ἀξιουμένη

408 2908 484 2971 ὡς
521 2906 802 2977 ἀγένητος.
849 2906 922 2959 Τὸ
950 2907 1009 2960 δὲ
1048 2907 1256 2978 σχῆμα,
1292 2906 1387 2960 καὶ
1428 2907 1491 2960 τὸ
1522 2904 1662 2971 εἶδος
1700 2909 1792 2961 καὶ
1821 2910 1850 2961 ό
1890 2908 1985 2961 κό-

412 3016 583 3070 σμος,
618 2998 844 3070 ὕστερόν
872 3016 1004 3053 ποτε
1046 2999 1368 3053 ἐπιτεθέντα
1415 3002 1479 3071 τῇ
1513 2999 1615 3073 ὑλῃ
1665 3002 1983 3073 φανήσεταιο

408 3085 454 3159 ᾧ
497 3091 852 3161 ἀκολουθήσει
903 3092 964 3144 τό
1014 3108 1143 3145 ποτε
1190 3092 1563 3164 παυθήσεοθαι
1609 3092 1834 3164 ταύτης,
1892 3093 1985 3146 καὶ

410 3182 743 3254 χωρισθῆναι
790 3184 852 3236 τὸ
886 3183 1072 3254 σχῆμα
1114 3183 1207 3235 καὶ
1256 3183 1319 3236 τὸ
1359 3178 1518 3249 εἶδος,
1574 3184 1666 3238 καὶ
1702 3184 1801 3254 τὴν
1849 3185 1980 3254 ὓλην
2013 3208 2056 3266 C

411 3272 723 3325 ἐπανελθεῖν
756 3273 834 3335 εἰς
875 3271 974 3342 τὴν
1007 3270 1282 3342 προτέραν
1306 3270 1533 3336 ἀταξίαν
1561 3273 1654 3324 καὶ
1682 3272 1982 3343 ἀμορφίαν.

412 3364 494 3418 Τά
523 3364 631 3434 γάρ
652 3365 829 3436 χρόνῳ
851 3364 1149 3434 ἀρχόμενα,
1182 3364 1359 3435 χρόνῳ
1384 3366 1478 3418 καὶ
1510 3365 1778 3419 παύεσθαι
1812 3366 1986 3436 πέφυ-

412 3472 510 3509 κεν
544 3456 642 3526 (8).
682 3456 866 3527 Ὁρᾷς,
902 3457 1024 3519 ὅσος
1048 3454 1213 3525 λῆρος
1242 3455 1334 3507 καὶ
1361 3456 1460 3526 ὅση
1488 3455 1779 3527 ἀὸελτερία
1812 3475 1988 3529 παρα-

413 3549 628 3618 πέπηγε
656 3550 769 3611 τοῖς
787 3547 1070 3618 ὑμετέροις
1099 3546 1420 3617 δοξάσμασι,
1447 3546 1522 3619 μὴ
1545 3547 1883 3618 βουλομένοις
1898 3550 1989 3603 τὸν

412 3638 545 3692 Θεὸν
586 3637 785 3692 οὐσιῶν
834 3634 973 3691 εἶναι
1015 3638 1265 3708 ποιητὴν,
1308 3637 1444 3691 ἀλλὰ
1477 3639 1586 3710 γὰρ
1634 3640 1809 3709 μόνων
1857 3657 1993 3711 σχη-

416 3727 620 3797 μάτων,
649 3726 807 3792 δίκην
837 3726 1105 3780 τεκτόνων
1133 3744 1192 3779 τε
1229 3726 1321 3779 καὶ
1348 3727 1655 3799 ζωγράφων
1699 3730 1791 3782 καὶ
1840 3730 1989 3783 οἰκο-

413 3820 612 3890 δόμων·
638 3816 721 3883 οἷς
751 3821 799 3872 εί
837 3820 912 3891 μὴ
941 3820 1234 3890 ἐτύγχανεν
1262 3815 1398 3873 οὖσα
1424 3823 1456 3891 ἡ
1490 3820 1591 3891 ’ύλη
1612 3861 1626 3884 ,
1659 3822 1758 3874 οὑκ
1784 3821 1849 3875 ἂν
1890 3822 1990 3894 τὴν

417 3912 626 3965 ἑαυτῶν
662 3912 1015 3976 ἀπεδείξαντο
1044 3913 1240 3983 τέχνην
1274 3913 1373 3984 (9).
1403 3912 1592 3978 υὺτως
1620 3909 1714 3967 οὖν
1756 3915 1866 3983 ἄρα
1896 3915 1992 3967 κα)⁸

414 4003 493 4073 τῷ
518 4002 634 4073 Θεῷ
674 4006 722 4056 εί
754 4005 828 4074 μὴ
866 4004 1105 4074 ὑπῆρξεν
1134 4007 1167 4073 ἡ
1200 4004 1321 4076 ὑλη,
1365 4007 1465 4058 οὒκ
1491 4006 1557 4059 ἂν
1596 4006 1741 4060 τόνδε
1770 4007 1862 4059 τὸν
1896 4007 1989 4059 κόο

417 4110 552 4163 σμον
579 4096 923 4165 ἐτεκτήνατο,
949 4095 1073 4148 οὔτε
1098 4093 1231 4167 εἶχε,
1265 4098 1385 4150 καθ’
1406 4098 1550 4167 ὑμᾶς
1581 4098 1714 4167 (l0),
1740 4098 1840 4151 ποῦ
1864 4098 1991 4163 τοὺς

418 4184 730 4251 παγκάλους
764 4186 927 4239 αὑτοῦ
962 4186 1152 4254 λόγους
1193 4186 1372 4259 ἐνθείη
1405 4189 1507 4258 τῆς
1538 4189 1803 4243 εἰδοποιοῦ
1827 4190 1987 4246 δυνά-ι

421 4291 585 4344 μεως.
613 4276 766 4346 Τάχα
790 4276 847 4329 δὲ
880 4278 973 4331 καὶ
1007 4277 1186 4348 ἐνδείᾳ
1215 4277 1345 4350 ὕλης
1372 4279 1631 4333 ἐλάττονα
1659 4283 1801 4352 ἥπερ
1837 4280 1991 4336 £6023-

490 4428 602 4498 (99)
627 4428 1036 4501 Συνέζευκται.
1059 4429 1464 4501 Cobmrrscunt.
1488 4430 1866 4501 mujugautur.
1887 4431 1982 4487 BA.

491 4501 570 4569 (l)
624 4500 1051 4572 ’Λσώματὸνντι
1098 4499 1297 4569 χρῆμα
1350 4501 1449 4554 καὶ
1476 4499 1706 4572 νοερόῶκ
1735 4503 1987 4572 Incorpo-

420 4586 570 4623 reum
598 4571 725 4638 quid
756 4582 809 4625 et
843 4570 1114 4623 intellectu
1169 4582 1447 4625 CttltSlaltS.
1488 4571 1855 4626 Intellectuale
1883 4570 1987 4626 mi-

420 4656 521 4693 nus
550 4650 633 4711 est
654 4654 812 4706 quam
844 4654 931 4711 r_es
957 4649 1162 4711 pusca}.
1189 4638 1491 4694 Intellectus
1518 4647 1811 4709 obscurus;
1843 4644 1989 4711 quod

421 4710 626 4781 placuit
648 4719 822 4762 tamen
848 4708 1073 4781 Tarino.
1090 4706 1470 4764 Genebrardus
1494 4706 1989 4781 vertitintellidens;

417 4780 797 4853 quodnonex
837 4779 1098 4853 dignitate
1132 4782 1207 4834 rei
1242 4790 1346 4846 est,
1377 4798 1499 4836 eum
1531 4792 1587 4837 et
1631 4783 1720 4835 alii
1747 4779 1859 4837 sint
1879 4785 1989 4853 spi-

419 4862 551 4902 ritus
573 4848 948 4918 intelligentes.
973 4848 1067 4903 BA.
1110 4917 1113 4918 ν
1344 4917 1349 4918 γ
1614 4904 1621 4911 .

421 4988 457 5042 h
491 4918 606 5040 (2)B
628 4917 840 4991 ’Ὠσπερ
900 4921 947 4971 οἱ
987 4917 1297 4988 μεθύοντες.
1338 4917 1620 4977 Proverbii
1676 4922 1852 4979 locum
1888 4924 1989 4980 lia-

464 5012 534 5041 νι.
612 5005 661 5041 Α.

464 5000 534 5041 ιϊ.
569 5000 661 5041 UA.

494 5060 567 5130 (Ei)
610 5059 973 5130 Δεξαμενήν.
1027 5059 1340 5130 Δεξαμενὴν
1370 5060 1655 5118 Nereidum
1695 5066 1989 5121 unamtin-

420 5127 797 5209 gi‘t‘liomerus.
821 5130 985 5185 Iliad.
1010 5131 1067 5196 Σ,
1094 5127 1256 5209 atatis
1285 5127 1705 5207 οἷονδεξαμενὴν
1734 5132 1989 5209 εἶναιτὴν

420 5198 693 5252 θάλασσαν
718 5204 791 5254 ait
824 5203 1155 5255 Eustathius.
1184 5199 1319 5257 Tm.

422 5271 577 5392 au.)
622 5270 881 5325 Πείθεσθε
945 5272 1001 5324 δὲ
1061 5273 1463 5327 rescribendum
1528 5275 1630 5329 fuit
1688 5292 1784 5345 pro
1834 5278 1988 5342 πίθος

422 5356 493 5392 οε.
582 5356 669 5392 an.

416 5356 493 5393 οε.
550 5356 669 5395 IAR.

490 5410 567 5481 (5)
622 5413 761 5479 Ἄρα
798 5407 876 5481 ἦν
906 5411 1005 5465 ὅτε
1038 5405 1134 5480 ἦν.
1157 5410 1283 5465 Erat
1316 5413 1478 5482 igitur
1507 5430 1627 5468 cum
1662 5427 1827 5474 esset.
1869 5418 1984 5473 Non

419 5485 730 5557 ttmn‘inatur
765 5492 1017 5557 tempus,_
1043 5484 1207 5557 quod
1234 5485 1684 5557 ιιυηιιιιιιιίιηεδο
1740 5492 1982 5557 fingitur.

419 5550 511 5624 §ic
546 5550 889 5624 blasphemia
916 5552 1126 5624 ,Ariana
1178 5552 1244 5606 de
1279 5555 1367 5605 Dei
1421 5554 1556 5609 Filio
1605 5550 1926 5624 loquebatur
1969 5579 1983 5615 :

419 5617 718 5696 Erat_duin
755 5639 857 5696 non
891 5620 1428 5696 erat._Geuebrardns
1462 5641 1566 5679 non
1597 5617 1826 5682 attendit
1862 5633 1983 5696 hoc,

418 5690 843 5813 ﬁtiggscli‘izavit
910 5691 1163 5745 Tarinus.
1246 5690 1460 5750 Pariter
1531 5697 1768 5766 loquitur
1821 5690 1982 5765 intra,

419 5764 617 5830 p.128.
657 5764 749 5815 m.

495 5832 568 5900 (ὅ)
624 5832 695 5885 Ἠ
716 5830 832 5901 μὲν
855 5831 1091 5898 ἀταξία.
1128 5833 1189 5889 ΕΙ
1224 5833 1305 5890 sic
1337 5834 1424 5890 illa
1456 5836 1704 5895 c0afusio
1742 5843 1983 5898 materiae

2081 616 2168 660 tur
2201 607 2255 660 in
2298 608 2500 663 relatis.
2547 607 2735 661 Relata
2786 617 2966 663 autem
3002 624 3215 663 annexa
3266 619 3394 663 sunt
3458 619 3663 665 natura:

2080 709 2398 769 corporatae.
2437 700 2580 754 Deus
2619 710 2798 753 autem
2851 714 2936 755 res
2979 713 3064 755 εει
3110 702 3427 771 incorporea
3472 712 3527 755 et
3580 700 3663 755 in-

2082 790 2347 862 telligens.
2390 790 2577 861 Itaque
2628 792 2768 846 Deus
2802 801 2859 845 et
2897 792 3127 846 mundus
3160 809 3266 847 non
3298 803 3426 848 sunt
3459 792 3622 848 simul
3643 832 3659 858 ,

2080 884 2513 954 quandoquidem
2565 882 2707 937 Deus
2756 897 2954 953 corpus
3011 900 3116 938 non
3179 896 3285 952 est,
3341 886 3426 941 cui
3494 887 3663 941 relata

2081 974 2477 1031 adhaerescunt.
2503 974 2663 1031 Solus
2688 984 2867 1031 autem
2893 977 3170 1031 iucreatus
3200 988 3254 1032 et
3278 979 3664 1048 sempiternus,

2033 1096 2037 1098 ν
2085 1075 2147 1120 ut
2173 1082 2363 1131 unum,
2394 1076 2449 1122 et
2480 1066 2644 1124 Deus.
2684 1068 2976 1134 Caeterum,
3015 1084 3119 1122 non
3155 1070 3310 1125 video
3348 1086 3457 1139 quo
3507 1081 3667 1140 pacto

2084 1157 2138 1210 in
2162 1158 2467 1213 contrarias
2494 1159 2777 1227 Opiniones
2799 1199 2816 1225 ,
2849 1160 3124 1216 ebriorum
3158 1177 3330 1230 more,
3359 1164 3668 1233 frequenter

2084 1247 2555 1318 circumagamini.
2609 1251 2665 1304 Si
2698 1251 2841 1306 enim
2877 1252 3162 1306 materiam
3220 1267 3380 1321 quam
3428 1263 3670 1322 recepta-

2085 1338 2263 1393 culum
2298 1351 2352 1392 et
2376 1341 2644 1397 nutricem
2671 1344 2860 1399 soletis
2887 1344 3181 1417 appellare,
3218 1344 3402 1399 formae
3425 1355 3479 1399 et
3534 1345 3667 1414 figu-

2086 1445 2160 1486 ra:
2189 1442 2493 1501 expertem,
2528 1436 2847 1503 permistam
2874 1452 3115 1501 rursum,
3147 1448 3201 1492 et
3223 1451 3343 1492 sese
3363 1448 3664 1491 moventem

2085 1525 2203 1579 sine
2232 1526 2443 1592 ordine,
2483 1536 2687 1582 temere
2722 1528 2971 1597 opificem
3017 1546 3150 1585 sane
3179 1530 3455 1598 accepisse
3494 1539 3551 1584 et
3598 1530 3663 1583 ad

2087 1615 2333 1671 ordinem
2358 1617 2668 1683 adduxisse,
2727 1620 3171 1688 tranquillitatem
3209 1619 3327 1675 loco
3383 1620 3664 1691 perturba-

2090 1707 2252 1764 tionis
2300 1708 2583 1775 indidisse,
2640 1721 2696 1766 et
2743 1713 3154 1781 .couformasse,
3215 1724 3380 1783 atque
3435 1714 3661 1784 pristina

2090 1796 2432 1853 deformitate
2466 1798 2751 1867 liberasse,
2802 1803 2975 1871 inquit
3005 1802 3157 1858 Plato
3206 1804 3256 1858 in
3287 1819 3384 1858 suo
3440 1803 3659 1868 Timwo,

2086 1898 2141 1943 et
2175 1903 2270 1944 vos
2305 1890 2567 1946 creditis:
2621 1903 2741 1947 erat
2789 1894 2953 1963 igitur
3021 1894 3313 1964 aliquando
3348 1895 3665 1950 deformitas

2089 1980 2141 2034 in
2185 1982 2441 2037 universo
2462 1998 2525 2038 ex
2560 1984 2801 2041 Platonis
2830 1988 3128 2052 sententia,
3158 1998 3213 2041 et
3247 2004 3352 2044 non
3395 1999 3513 2043 erat
3577 1988 3665 2043 bic

2090 2074 2340 2141 mundus,
2374 2086 2427 2130 et
2455 2091 2573 2145 qua:
2604 2092 2746 2131 nunc
2774 2086 2860 2133 est
2899 2088 3021 2149 apta
3047 2096 3356 2150 compages.
3408 2080 3522 2135 Hoc
3562 2098 3663 2135 au-

2090 2171 2195 2217 tem
2234 2164 2429 2232 posito,
2461 2168 2685 2220 materia
2714 2168 2929 2237 quidem
2954 2180 3071 2225 erat
3098 2170 3208 2225 Deo
3235 2174 3539 2228 mternitatc
3568 2189 3665 2243 pat‘

2081 2255 2237 2323 juxta
2266 2258 2512 2312 eumdem
2547 2257 2859 2328 Platonem;
2896 2277 3003 2316 non
3045 2263 3169 2317 item
3197 2266 3451 2320 mundus.
3510 2264 3664 2333 Quod

2087 2348 2131 2399 si
2163 2361 2348 2401 verum
2376 2356 2478 2416 est,
2511 2351 2676 2406 etiam
2713 2367 2809 2409 vos
2865 2362 3106 2424 tempore
3136 2371 3223 2412 res
3257 2356 3425 2412 fuisse
3466 2359 3665 2427 produ-

2088 2450 2204 2492 ctas
2225 2439 2654 2507 conlitemiui,et
2680 2459 3020 2515 nequaquam
3050 2445 3369 2504 benefacere
3401 2450 3563 2503 Deum
3597 2451 3665 2503 ab

2087 2541 2291 2587 azternu
2341 2534 2562 2590 dicitis:
2615 2536 2760 2606 quod
2788 2548 2965 2593 tamen
3013 2553 3228 2595 sursum
3295 2541 3547 2597 deorsum
3611 2542 3675 2611 in

2089 2624 2281 2692 vulgus
2313 2628 2585 2697 spargitis,
2611 2637 2666 2684 et
2687 2630 3074 2696 circumfertis,
3127 2642 3395 2688 terrentes
3450 2633 3665 2704 imperi-

2088 2718 2274 2773 tiores.
2311 2721 2387 2774 Ac
2423 2722 2665 2777 materia:
2688 2723 2903 2792 quidem
2936 2725 3290 2791 iuordinatio,
3322 2736 3376 2780 et
3418 2735 3662 2784 extrema

2089 2811 2401 2867 deformitas
2449 2829 2602 2883 atque
2651 2830 2715 2870 ac
2781 2815 2922 2871 Deus
2973 2830 3171 2886 expers
3226 2818 3333 2872 erit
3385 2819 3663 2888 principii,

2088 2900 2244 2970 eique
2277 2914 2539 2956 eoa-terna
2581 2914 2631 2959 et
2659 2905 2865 2960 honore
2895 2922 3014 2977 par,
3060 2917 3114 2962 et
3148 2906 3334 2963 iisdem
3368 2909 3666 2965 honoribus

2088 3002 2140 3047 et
2166 2994 2460 3064 privilegiis
2487 2995 2681 3050 donata
2713 2998 2908 3067 quibus
2936 2997 3079 3053 Deus
3117 3000 3336 3069 sapiens
3373 3012 3427 3057 et
3457 3003 3666 3071 peritus

2089 3094 2143 3139 et
2177 3085 2420 3154 pulcher,
2482 3096 2736 3157 tanquam
2801 3088 3076 3144 increata:
3133 3090 3303 3160 figura
3368 3102 3547 3146 autem
3610 3103 3666 3148 et

2089 3176 2284 3243 forma,
2322 3188 2377 3232 et
2401 3180 2632 3234 mundus
2671 3188 2793 3250 post
2847 3181 3054 3250 adjecta
3111 3185 3353 3238 materia:
3403 3184 3665 3240 videbun-

2091 3282 2198 3336 tur,
2230 3288 2294 3326 ex
2324 3287 2430 3341 quo
2463 3286 2825 3343 consequetur
2878 3276 3093 3331 tandem
3130 3279 3197 3333 ab
3240 3278 3326 3333 illa
3380 3295 3660 3335 recessura

2089 3373 2144 3418 et
2172 3365 2471 3433 separanda
2499 3380 2621 3421 esse
2645 3364 2872 3437 ﬁgurant
2898 3377 2952 3422 et
2987 3367 3236 3435 fortnam,
3262 3371 3665 3442 redituramque

2091 3456 2372 3509 materiam
2407 3457 2457 3509 in
2483 3472 2636 3511 suam
2669 3458 2952 3527 pristinam
2983 3460 3433 3517 inordinationem
3468 3475 3524 3517 et
3565 3466 3664 3518 de-

2091 3543 2441 3601 formitatem.
2498 3545 2628 3600 Nam
2661 3562 2780 3615 qua;
2818 3556 3059 3616 tempore
3086 3549 3367 3619 incipiunt,
3423 3560 3665 3618 tempore

2089 3638 2252 3691 etiam
2283 3639 2536 3694 desinere
2567 3649 2759 3694 natura
2794 3639 2989 3698 solent.
3047 3639 3241 3697 Cernis
3269 3653 3533 3713 quantum
3566 3644 3666 3699 de-

2096 3727 2301 3794 lirium,
2331 3737 2643 3799 quantaque
2672 3730 2907 3783 amentia
2935 3747 3145 3785 annexa
3173 3733 3245 3787 sit
3295 3734 3491 3788 vestris
3542 3749 3667 3803 per-

2090 3820 2459 3886 suasionibus,
2489 3821 2615 3876 dum
2644 3836 2750 3877 non
2794 3821 2957 3878 vultis
3011 3822 3177 3879 Deum
3228 3826 3665 3884 substantiarum

2090 3927 2209 3968 esse
2237 3910 2573 3978 effectorem,
2608 3915 2701 3969 sed
2724 3913 2871 3970 solus
2923 3916 3239 3986 ﬁgurarum,
3271 3916 3442 3973 instar
3488 3916 3668 3974 fabro-

2090 4020 2231 4069 rum,
2273 4016 2327 4059 et
2362 4004 2651 4076 pictorum,
2686 4015 2741 4061 et
2812 4016 3168 4075 structorum,
3208 4010 3298 4080 qui
3353 4009 3472 4066 sine
3525 4026 3666 4082 pra:-

2088 4096 2228 4151 senti
2281 4097 2508 4152 materia
2546 4113 2698 4152 suam
2728 4110 2900 4154 artem
2948 4102 3324 4159 demonstrare
3373 4116 3666 4173 nequeant.

2095 4189 2187 4243 Sic
2218 4190 2379 4259 igitur
2410 4192 2573 4246 etiam
2600 4189 2743 4248 Deus
2787 4193 2886 4249 nisi
2943 4195 3226 4251 habuisset
3278 4196 3332 4251 in
3380 4197 3663 4269 procinctu

2102 4286 2408 4352 materiam,
2448 4286 2591 4340 bunc
2641 4286 2897 4342 mundum
2951 4304 3054 4343 non
3118 4289 3412 4348 fabricatus
3497 4303 3665 4359 esset,

2094 4434 2295 4516 absque
2332 4436 2520 4516 ordine
2556 4448 2610 4492 et
2641 4437 2975 4516 .informitas
3031 4452 3295 4516 estrema,
3350 4446 3557 4516 pariter
3605 4460 3668 4502 ut

2097 4504 2259 4581 Deus,
2311 4508 2516 4581 absque
2573 4509 2839 4581 principio
2883 4513 3009 4578 erit,
3040 4504 3309 4581 simulque
3351 4504 3575 4571 interna:
3611 4531 3659 4572 et

2088 4574 2332 4655 ejusdem
2366 4574 3004 4655 dignitatis._Nempe_in
3040 4596 3103 4636 eo
3150 4574 3293 4655 quod
3324 4586 3550 4655 mqualis
3577 4604 3666 4642 ve-

2095 4654 2315 4726 tustate,
2349 4647 2587 4714 ejusdem
2620 4649 2808 4726 primm
2852 4647 2997 4726 sedis
3026 4666 3147 4726 cum
3170 4647 3300 4707 'Deo
3332 4647 3422 4709 illo
3448 4658 3664 4726 sapien-

2094 4717 2387 4797 tissimooet
2417 4733 2579 4797 supra
2605 4717 2787 4797 omnia
2814 4721 3181 4797 pulcherrimo
3214 4736 3310 4797 par
3327 4717 3618 4797 censeatur
3646 4745 3663 4797 ς

2089 4787 2286 4860 quippe
2311 4788 2549 4860 ingenita
2581 4799 2637 4843 et
2660 4789 2798 4859 ipsa.
2821 4788 2939 4845 Non
2958 4802 3183 4860 possunt
3213 4787 3302 4846 iiic
3333 4793 3518 4852 Grazca
3553 4787 3664 4852 La;

2094 4857 2215 4927 linis
2248 4858 2469 4924 antttari.
2504 4859 2600 4913 ΒΑ.
2683 4857 2695 4859 ί
2960 4857 2973 4860 ’
3302 4924 3305 4927 ,

2165 4925 2239 5006 (ἶ)
2305 4928 2622 5011 ιδθεθιιιίιιιιλ
2661 4938 2838 5011 autem
2903 4933 3164 5011 πανσόφῳ
3224 4936 3320 5011 καὶ
3370 4939 3659 5011 παγκάλφ,

2092 4994 2558 5080 Utrimiquc'enim
2585 5000 2678 5054 Dei
2708 5003 2876 5080 solius
2901 5014 3012 5080 est,
3036 4994 3523 5080 et'ytindicavitsi'bi
3544 4994 3664 5080 ejus

2088 5067 2429 5122 :eumiatmue
2477 5068 2689 5124 daemon
2742 5073 2793 5125 in
2832 5074 3071 5131 oraculo.
3109 5074 3239 5131 Nam
3273 5094 3393 5133 cum
3428 5067 3658 5135 interi-u-

2090 5149 2311 5220 μεθιείς
2338 5140 2608 5208 quomodo
2640 5140 3075 5220 sibil‘supplicari
3112 5149 3294 5220 vellet.
3327 5150 3398 5203 ita
3433 5166 3662 5220 respon-

2090 5211 2199 5289 dit:
2234 5209 2507 5289 Πάνσοφε,
2546 5209 2941 5289 παντοδίδακτ’,
2973 5216 3371 5289 ἐνολοίστροφε,
3413 5209 3657 5287 κέκλυθι,

2086 5278 2298 5348 δαῖμον.
2351 5279 2664 5361 Lactantius
2698 5283 2893 5361 (ὼε),
2928 5286 3084 5361 c._7.
3129 5278 3434 5361 De'to'ta're
3476 5278 3656 5361 inepta

2103 5367 2206 5430 non
2239 5362 2365 5403 sunt
2386 5365 2506 5418 qua:
2530 5352 2743 5430 collegit
2768 5352 2965 5430 lilutius
2992 5356 3164 5430 Pansa
3199 5360 3250 5412 in
3275 5352 3660 5430 Conjunctione

2087 5418 2332 5473 humana:
2358 5436 2473 5472 cum
2510 5418 2987 5489 diviuu'sapiemia,
3013 5442 3060 5482 c.
3096 5428 3302 5485 65.’ΒΑ.

2161 5490 2237 5559 (8)
2274 5491 2576 5543 [Iudaeam
2630 5492 2917 5561 πέφυκεν.
2970 5500 3199 5556 Uessare
3228 5509 3390 5557 etiam
3452 5506 3504 5560 in
3562 5522 3659 5561 sua

2090 5574 2291 5642 natura
2316 5560 2548 5642 habent;
2584 5563 2630 5613 id
2664 5560 2749 5617 est
2782 5570 3101 5642 naturaliter
3127 5586 3418 5642 reguntur.
3451 5576 3547 5631 BA.

2159 5630 2233 5699 (9)
2268 5634 2449 5683 Artem
2481 5635 2960 5692 demonstrasseut.
2995 5637 3089 5695 Ba.

2158 5702 2271 5771 (t0)
2310 5698 2417 5754 Nec
2435 5702 2711 5781 babuisset
2742 5710 3037 5763 secundum
3067 5722 3301 5767 vestram
3327 5714 3654 5781 doctrinam,

2089 5771 2140 5825 iu
2204 5785 2323 5842 qua:
2379 5773 2669 5826 collowret
2727 5786 2964 5834 rationes
3005 5781 3123 5838 illas
3167 5771 3657 5842 excellentissimus

2088 5841 2444 5898 creandarum
2477 5844 2793 5901 formarum.
2827 5845 2926 5907 ΒΑ.
