4154 6532
595 396 732 463 1103

1596 394 1994 457 ZACIIARI/E
2022 397 2462 460 MITYLENES
2500 399 2838 460 EPISCOPI

3722 401 3847 466 1104

584 522 763 580 neque
806 506 1099 571 habuisset,
1154 507 1450 563 secundum
1508 524 1623 575 vos,
1654 508 1744 563 ubi
1817 507 2173 577 perpulchras

2275 509 2398 565 λετο
2427 509 2539 582 (Η)
2567 512 2716 566 τόνδε
2750 512 2841 567 τὸν
2874 511 3079 584 κόσμον
3110 510 3430 583 πεποίηκεν·
3462 512 3494 584 ἢ
3536 514 3583 566 εί
3624 512 3850 585 ἐξήρκε.

582 604 823 660 rationes
878 615 1006 656 suas
1054 600 1341 669 poteSIatis
1386 600 1680 656 formarum
1727 599 2018 655 eﬂ‘ectricis
2070 615 2165 670 po-

580 703 756 752 neret.
818 693 958 760 Quin
996 702 1046 748 et
1078 692 1309 749 fortasse
1368 694 1548 763 inopia
1599 693 1843 748 “nterim
1894 694 2161 749 minorem

577 806 741 863 quam
776 798 1018 861 aptasset
1050 789 1194 845 hunc
1238 788 1497 845 mundum
1533 789 1691 855 fecit;
1725 799 1819 845 aut
1866 791 1909 843 si
1953 788 2167 846 suffecit

578 882 753 952 ipsius
780 881 1043 936 voluntati
1073 882 1320 944 materia,
1369 889 1532 935 totam
1583 895 1736 936 suam
1784 880 2067 936 scientiam
2110 889 2165 936 et

576 975 851 1033 efﬁciendi
884 976 1127 1028 rationes
1152 973 1508 1045 exprompsit.
1535 973 1803 1028 Praeterea
1837 983 2163 1044 potestatem

577 1066 826 1121 ordinate
879 1073 936 1119 et
989 1063 1265 1119 incondite
1320 1077 1444 1118 sese
1491 1071 1796 1117 moventem
1864 1064 2162 1134 aquuatis

576 1168 631 1213 et
661 1157 934 1228 opponitis
963 1169 1170 1227 magnae
1213 1164 1377 1224 atque
1407 1155 1685 1210 immensa:
1730 1154 1827 1211 Dei
1883 1156 2159 1226 potestati,

580 1262 640 1306 ut
665 1265 785 1322 qua:
806 1249 1046 1321 potuerit
1072 1256 1297 1303 cunctas
1325 1245 1441 1315 ejus
1473 1246 1717 1302 rationes
1751 1247 2052 1315 suscipere,
2108 1258 2164 1303 et

582 1355 730 1397 tanta
756 1356 898 1407 esse,
949 1352 1205 1412 quantam
1242 1340 1358 1409 ipse
1388 1338 1577 1395 voluit.
1606 1339 1700 1395 Sic
1728 1340 1874 1395 omni
1908 1356 1972 1395 ex
2008 1351 2164 1412 parte

577 1451 698 1491 eam
755 1448 878 1490 esse
930 1433 1041 1489 Deo
1112 1445 1295 1502 parem
1347 1431 1591 1497 honore,
1645 1433 1909 1488 orationis
1973 1448 2166 1488 conse-

578 1528 797 1599 quentia
851 1524 1205 1597 deprehendit
1226 1524 1251 1591 ;'
1292 1539 1400 1592 quo
1427 1522 1556 1593 quid
1591 1538 1711 1578 esse
1735 1524 1908 1593 possit
1942 1524 2008 1579 ad
2058 1524 2163 1578 im-

580 1620 832 1689 pietatem
862 1614 1059 1683 majus,
1082 1630 1204 1671 cum
1249 1614 1507 1670 deformis
1539 1614 1618 1669 sic
1660 1614 1842 1685 specie
1881 1623 1939 1669 et
1994 1614 2164 1685 figura

2273 618 2367 656 σεν
2394 605 2427 674 ἠ
2456 602 2557 673 ὕλη
2578 603 2715 674 πρὸς
2734 604 2834 677 τὴν
2859 602 3024 659 αὐτοῦ
3057 603 3333 674 βούλησιν,
3356 605 3450 658 καὶ
3478 604 3662 658 πᾶσαν
3690 606 3844 660 αὑτοῦ

2269 696 2372 767 τὴν
2412 697 2724 767 ἐπιστήμην
2759 695 3077 761 ὕπεδείξατο
3099 735 3113 758 ,
3146 696 3240 749 καὶ
3272 696 3400 759 τοὺς
3431 696 3847 767 δημιουργικοὺς

2270 788 2489 858 λόγους.
2522 785 2693 853 Αὖθις
2737 786 2839 860 τὴν
2879 788 3135 852 ἀτάκτως
3162 790 3258 842 καὶ
3300 788 3639 860 πλημμελῶς
3681 805 3851 841 κινου-

2278 882 2449 954 μένην
2475 880 2715 947 ὲξισοῦτε
2765 881 2861 935 καὶ
2890 880 3358 951 ἀντιπαρεξάγετε
3392 883 3461 951 τῇ
3514 879 3725 951 μεγάλῃ
3764 880 3849 934 καὶ

2273 971 2569 1042 άμετρήτῳ
2601 968 2698 1023 τοῦ
2725 968 2862 1025 Θεου
2892 969 3154 1039 δυνάμει·
3185 970 3333 1041 ἤπερ
3373 968 3609 1041 ἐδυνήθη
3651 970 3849 1033 πάντας

2271 1060 2439 1117 αὐτοῦ
2478 1062 2605 1127 τοὺς
2635 1062 2827 1133 λόγους
2857 1062 3252 1129 ὐποδέξασθαι,
3295 1063 3390 1117 καὶ
3433 1062 3674 1132 τοσαύτη
3719 1057 3846 1116 εἶναι

2269 1152 2513 1225 ὅσηνπερ
2544 1153 2707 1218 αὐτὸς
2757 1153 3011 1208 ὲϐούλετο
3039 1154 3173 1225 (12).
3205 1154 3390 1218 Οὕτως
3426 1154 3762 1225 πανταχόθεν
3795 1155 3851 1208 τὸ

2269 1241 2412 1300 εἶναι
2448 1245 2621 1317 αὐτὴν
2649 1246 2913 1317 ὁμότιμον
2939 1246 3016 1316 τῷ
3042 1245 3163 1317 Θεῷ
3191 1248 3225 1317 ὴ
3260 1246 3353 1300 τοῦ
3377 1246 3538 1315 λόγου
3567 1245 3851 1299 ἀκολουθία

2273 1339 2589 1410 ἐφώρασενο
2631 1334 2692 1394 οὗ
2740 1340 2793 1393 τί
2824 1339 2891 1394 ἂν
2926 1339 3137 1408 γένοιτο
3175 1339 3314 1410 πρὸς
3351 1338 3609 1393 ἀσέϐειαν
3655 1338 3849 1409 μεῖζον,

2269 1429 2363 1483 τοῦ
2408 1428 2509 1501 τὴν
2558 1428 2805 1499 ἄμορφον
2849 1430 2968 1483 καὶ·
2992 1429 3232 1483 ἀνείδεον
3276 1429 3373 1483 καὶ
3420 1429 3848 1500 ἀσχημάτιστον,

2269 1522 2482 1587 ὲξισοῦν
2513 1522 2589 1593 τῷ
2617 1521 2771 1592 Θεῷ,
2805 1522 2868 1575 ού
2917 1521 3079 1592 μόνον
3109 1522 3253 1576 κατά
3296 1521 3357 1575 τὸ
3399 1520 3487 1574 ἀεὶ
3520 1516 3698 1583 εἶναι,
3730 1520 3853 1574 ἀλλά

2275 1616 2390 1687 γὰρ
2416 1615 2511 1669 καὶ
2542 1615 2661 1669 κατ’
2690 1614 2881 1682 αὐτὴν,
2915 1614 2991 1678 ὡς
3018 1613 3217 1678 εἰπεῖν,
3252 1613 3354 1683 τὴν
3381 1611 3616 1684 δύναμιν
3647 1610 3789 1682 (15);

580 1710 809 1765 materia
873 1710 1120 1778 aequatur
1178 1706 1308 1772 Deo,
1362 1722 1468 1761 non
1523 1716 1732 1761 tantum
1791 1707 1843 1762 in
1900 1722 1967 1762 eo
2017 1707 2160 1777 quod
2204 1722 2421 1778 semper
2480 1708 2731 1775 exsistat,
2758 1706 2852 1763 sed
2883 1708 3047 1762 etiam
3090 1706 3234 1777 quod
3287 1706 3534 1761 eamdem
3573 1718 3850 1775 propemo-

579 1804 706 1859 dum
729 1800 972 1857 obtineat
1002 1798 1356 1870 potestatem?

652 1894 818 1951 MED.
849 1894 979 1951 Sola
1006 1893 1213 1949 ratione
1260 1894 1399 1947 hanc
1443 1891 1828 1962 comprehendi
1880 1907 2037 1962 posse
2085 1893 2167 1949 di-

2340 1894 2521 1947 lATP.
2549 1894 2715 1964 Μόνῳ
2747 1891 2826 1964 τῷ
2858 1889 3105 1962 λογισμῷ
3128 1890 3242 1962 (id)
3268 1888 3471 1960 ταύτην
3490 1884 3631 1943 εἶναι
3653 1888 3852 1961 ληπτήν

581 1999 735 2054 cunt,
772 1997 826 2044 et
863 1986 1089 2042 docendi
1120 1984 1293 2055 gratia
1323 1983 1667 2054 simpliciter,
1708 1995 1765 2040 ut
1792 1985 1845 2039 in
1876 1984 2169 2056 hypothesi

583 2083 697 2137 haec
730 2080 978 2136 docuisse
1006 2078 1305 2133 Platonem.

653 2171 819 2242 282
855 2166 1129 2228 CllRlST.
1160 2165 1327 2239 Igitur
1360 2167 1404 2221 si
1446 2167 1558 2223 sola
1586 2167 1800 2224 ratione
1830 2169 1969 2224 hanc
1997 2168 2168 2239 ρει-εί-

585 2266 788 2335 pimus,
813 2260 1265 2332 quemadmodum
1293 2259 1664 2330 tragelaphunt
1688 2260 1869 2314 animo
1897 2260 2168 2330 ﬁngimus,

582 2357 688 2412 erit
722 2363 869 2410 certe
915 2350 1178 2423 ejusmodi
1212 2361 1270 2406 ut
1319 2366 1417 2406 nec
1469 2352 1717 2417 exsistat,
1748 2367 1849 2407 nec
1889 2351 2168 2407 subsistat.

583 2446 733 2515 Quod
759 2446 803 2500 si
834 2460 1018 2501 verum
1040 2452 1151 2508 est,
1179 2457 1282 2497 non
1315 2443 1479 2514 igitur
1504 2457 1568 2497 ex
1609 2443 1830 2498 materia
1854 2452 2171 2514 antegressa

584 2541 726 2595 Deus
752 2539 855 2592 hoc
878 2536 1189 2591 universum
1223 2534 1527 2599 fabricavit,
1557 2534 1650 2588 sed
1671 2549 1733 2587 ex
1768 2548 1832 2588 eo
1855 2535 1995 2604 quod
2022 2535 2167 2589 nihi-

584 2648 692 2703 jum
718 2631 939 2687 omnino
973 2638 1109 2684 erat.
1140 2626 1292 2682 Hunc
1328 2627 1470 2681 enim
1503 2628 1756 2680 mundum
1787 2640 1908 2681 esse
1944 2628 2169 2694 factum,

584 2727 1012 2779 demonstratum
1047 2726 1210 2776 estet
1262 2717 1596 2785 confessum,
1653 2716 1965 2787 habereque
2017 2718 2171 2773 ordi-

586 2831 709 2872 nem
736 2823 791 2871 et
823 2821 1005 2883 aptam
1054 2825 1392 2881 compagem,
1430 2825 1552 2879 qum
1596 2810 1663 2864 ab
1707 2809 1887 2880 aliquo
1947 2812 2173 2866 concin-

586 2918 753 2965 nante
779 2906 1103 2962 elIiciantur.
1152 2901 1269 2958 Non
1306 2902 1454 2958 enim
1506 2902 1733 2958 fortuito
1808 2917 1983 2973 neque
2039 2919 2170 2959 casu

584 3001 878 3056 exsistunt.
918 2995 1117 3051 Verum
1149 2996 1263 3050 haec
1291 2995 1533 3048 materiae
1562 2994 1763 3061 fabula,
1800 3006 1855 3051 et
1895 2995 2173 3052 insulsitas

586 3087 872 3147 sententiae
922 3101 952 3141 a
1008 3085 1280 3156 plerisque
1311 3091 1621 3139 nostrorum
1671 3101 1775 3141 non
1828 3085 2167 3157 ignobilium,

578 3180 901 3254 jamdudum
967 3177 1197 3233 refutata
1238 3184 1343 3233 est.
1400 3177 1556 3233 Unde
1581 3176 1632 3232 iu
1679 3179 1933 3248 prmseuti
1979 3194 2010 3234 a
2053 3179 2171 3235 dis-

586 3277 867 3344 putatione
896 3271 1211 3327 desistimus

661 3366 823 3422 MED.
852 3365 990 3437 Apte
1014 3374 1101 3420 tua
1133 3363 1329 3429 oratio,
1365 3363 1562 3431 amice,
1599 3362 1652 3418 id
1697 3363 1839 3433 quod
1888 3364 2170 3433 quaerebas

588 3460 998 3516 demonstravit.
1048 3458 1183 3514 ltem
1212 3457 1433 3512 adverte
1458 3456 1551 3525 qui
1600 3457 1963 3527 persuadeant
2013 3471 2171 3511 man-

587 3555 715 3609 dum
746 3566 933 3607 carere
972 3549 1237 3621 principio
1266 3559 1320 3604 et
1354 3547 1480 3603 flue.

658 3640 933 3699 CHRlST.
965 3640 1157 3697 Narra.

659 3734 826 3791 MED.
863 3733 1326 3791 Perfectissimam
1405 3731 1632 3804 figuram
1703 3732 1979 3801 globosam
2051 3746 2172 3788 esse

588 3828 885 3900 geometria
913 3828 1093 3891 docet,
1120 3835 1179 3881 ut
1213 3841 1332 3896 qua!
1371 3840 1548 3895 neque
1595 3824 1924 3895 principium
1975 3824 2173 3879 habeat

590 3936 766 3992 neque
795 3921 974 3974 linem.
1024 3918 1161 3973 Eam
1216 3929 1394 3973 autem
1451 3919 1597 3973 hunc
1670 3918 1931 3972 mundum
1982 3916 2169 3972 sortiri

589 4022 845 4083 aspectus
876 4012 1132 4067 ostendit.
1156 4008 1461 4081 Oportebat
1486 4012 1632 4064 enim
1659 4009 2169 4080 praestantissimam

590 4106 818 4176 figuram
867 4112 922 4158 et
973 4102 1425 4173 perfectissimam
1479 4102 1945 4174 praestantissime
1996 4102 2074 4156 rei
2118 4110 2173 4157 et

591 4194 1009 4253 absolutissima:
1055 4194 1299 4248 attribui.
1362 4190 1585 4249 Videsis'
1634 4194 1801 4266 igitur
1848 4208 1955 4263 quo
2014 4203 2172 4263 pacto

558 4303 689 4357 ‘per
712 4289 850 4341 hanc
889 4286 1114 4357 ﬁguram
1166 4286 1392 4354 hujusce
1434 4285 1615 4342 mundi
1667 4287 1945 4342 mternitas
1972 4297 2172 4357 aparte

2190 3248 2243 3308 C

2275 2003 2440 2056 φασιν
2471 1976 2767 2054 εἶδοςίιῦ),
2799 1984 2896 2037 καὶ
2920 1982 3275 2046 διδασκαλίας
3309 1982 3497 2045 άπλῶς
3526 1980 3692 2052 χάριν
3718 1981 3847 2050 (16),

2272 2077 2348 2140 ὡς
2374 2077 2435 2130 ὲν
2461 2076 2714 2130 ὑποθέσει
2742 2074 2915 2130 ταῦτα
2942 2075 3379 2147 διεξεληλυθέναι
3409 2074 3502 2127 τὸν
3531 2074 3817 2128 Πλάτωνα.

2344 2166 2568 2222 ΧΡΙΣΤ.
2595 2168 2825 2233 Οὐκοῦν,
2853 2164 2920 2242 ἧν
2952 2168 2997 2222 δ’
3023 2167 3155 2237 ἐγὼ,
3190 2168 3239 2221 εί
3275 2167 3425 2239 μόνῳ
3452 2165 3704 2238 λογισμῷ
3728 2166 3851 2222 ταύ-

2273 2278 2372 2332 την
2399 2260 2771 2331 λαμϐάνομεν,
2800 2259 3057 2331 καθάπερ
3093 2260 3185 2313 τὸν
3211 2259 3554 2331 τραγέλαφον
3580 2259 3697 2330 (I7)
3732 2259 3850 2314 ἀνα-

2274 2348 2626 2422 πλαττόμέθα
2645 2392 2660 2416 ,
2700 2351 2854 2405 ἔσται
2882 2352 2990 2423 ἄρα
3024 2352 3120 2406 καὶ
3153 2351 3501 2422 ἀνύπαρκτος
3530 2352 3628 2405 καὶ
3659 2351 3851 2405 ἀνυπό-

2277 2450 2492 2507 στατος.
2524 2443 2587 2498 Εἰ
2605 2443 2661 2497 δὲ
2690 2442 2847 2497 τοῦτο
2868 2485 2883 2511 ,
2914 2444 3013 2498 οὐκ
3036 2444 3143 2516 ἀρα
3180 2442 3241 2508 ἐξ
3269 2442 3400 2514 ὕλης
3427 2443 3455 2495 ό
3487 2442 3624 2506 Θεὸς
3656 2443 3772 2496 τόδε
3799 2443 3852 2496 τὸ

2275 2538 2387 2590 πᾶν
2431 2537 2763 2607 ἐτεκτήνατο
2809 2535 3324 2607 προϋποκειμένης,
3354 2534 3472 2591 ἀλλ’
3507 2536 3573 2588 ὲκ
3612 2534 3851 2606 μηδαμοῦ

2278 2627 2543 2700 μηδαμῶς
2568 2627 2754 2691 ὄντος
2786 2626 3015 2698 γενητὸς
3044 2626 3155 2699 γὰρ
3183 2627 3271 2680 ὅδε
3300 2628 3330 2681 ὁ
3366 2627 3571 2698 κόσμος
3600 2628 3770 2697 ἐφάνη
3797 2644 3850 2679 τε

2275 2722 2371 2774 καὶ
2413 2718 2759 2790 ὡμολόγηται
2786 2761 2801 2785 ,
2846 2718 3000 2784 τάξιν
3029 2718 3168 2790 ἔχων
3210 2720 3304 2773 καὶ
3339 2718 3638 2789 ἁρμονίαν,
3671 2718 3726 2772 αἳ
3757 2718 3850 2771 ὑπό

2275 2828 2421 2875 τινος
2452 2810 2691 2879 γίνονται.
2722 2810 2819 2863 τοῦ
2871 2810 3221 2881 ἁρμόζοντος.
3269 2808 3345 2863 Οὐ
3380 2809 3487 2880 γάρ
3533 2810 3647 2863 ἀπὸ
3692 2808 3849 2879 τύχης

2273 2902 2394 2957 οὐδὲ
2437 2902 2777 2974 αὐτομάτως.
2820 2903 2959 2956 Ἀλλ’
2994 2896 3149 2965 οὗτος
3197 2902 3293 2973 μὲν
3322 2903 3350 2955 ό
3380 2901 3548 2973 μῦθος
3589 2902 3694 2973 τῆς
3728 2902 3851 2971 ὕλης

2274 2996 2368 3050 καὶ
2396 2997 2428 3066 ή
2459 2995 2811 3066 πλημμέλεια
2841 2994 2955 3067 (18)
2986 2994 3079 3048 τοῦ
3111 2992 3477 3064 δοξάσματος,
3501 2993 3717 3057 πολλοῖς
3754 2994 3851 3047 τῶν

2274 3089 2557 3161 ἡμετέρων
2586 3089 2686 3142 οὐκ
2713 3088 2956 3159 ἀγεννῶς
2985 3087 3156 3142 πάλαι
3182 3085 3584 3157 διελήλεγκται.
3611 3087 3773 3142 Ὅθεν
3797 3088 3848 3149 ὅς

2274 3182 2336 3234 τὸ
2361 3180 2536 3252 παρὸν
2570 3181 2960 3253 καταπαύομεν
2984 3180 3095 3251 (l9)
3124 3179 3214 3233 τὸν
3236 3179 3414 3249 λόγον.

2342 3361 2523 3414 1ᾹΤΡ.
2568 3359 2766 3424 Καλῶς
2798 3360 2897 3431 μὲν
2915 3362 2943 3414 ό
2974 3360 3133 3429 λόγος
3156 3400 3172 3425 ,
3195 3352 3241 3413 ὧ
3274 3358 3520 3430 φιλότης,
3547 3356 3610 3411 τὸ
3626 3356 3855 3411 ’σπουδα-

2273 3451 2502 3525 ζόμενον
2539 3452 2843 3521 ἀπέδειξεν.
2889 3454 3033 3523 Ὅρα
3061 3453 3118 3506 δὲ
3157 3454 3309 3517 ὅπως
3342 3449 3851 3522 κατακομψεύονται

2270 3540 2361 3595 τὸν
2387 3541 2592 3611 κόσμον
2615 3543 2848 3615 ἄναρχον
2868 3537 3007 3598 εἶναι
3034 3545 3129 3597 καὶ
3160 3542 3541 3613 ἀτελεύτητον.

2342 3634 2571 3687 ΧΡΙΣΤ.
2612 3634 2767 3689 Φάθι.

2342 3727 2527 3781 ΙΑΤΡ.
2567 3728 2914 3784 Τελειότατον
2956 3729 3275 3801 σχημάτων,
3313 3729 3374 3783 τὸ
3405 3730 3699 3802 σφαιρικὸν
3723 3724 3853 3783 εἶναι

2272 3818 2587 3890 γεωμετρία
2614 3821 2801 3890 φησὶν,
2839 3821 2913 3884 ὡς
2953 3822 3089 3892 μήτε
3121 3820 3295 3893 ἀρχὴν
3340 3820 3466 3892 ἔχον
3505 3821 3635 3892 μηδ’
3666 3819 3735 3873 αὖ
3774 3837 3853 3872 τε-

2272 3912 2487 3984 λευτήν.
2523 3910 2726 3967 Τούτου
2755 3913 2812 3966 δὲ
2840 3914 2991 3967 τόνδε
3024 3912 3116 3968 τόν
3145 3916 3351 3984 κόσμον
3398 3914 3850 3986 μεταλαγχάνειν,

2273 4006 2309 4076 ἡ
2344 4004 2467 4074 ὄψις
2489 4005 2786 4060 δείκνυσιν.
2822 4004 2971 4059 Ἔδει
2994 4005 3107 4078 γὰρ
3133 4006 3196 4059 τὸ
3221 4007 3442 4077 ἄριστον
3466 4007 3560 4059 καὶ¹
3580 4006 3852 4060 τελειότα-

2272 4114 2365 4150 τον
2401 4098 2719 4168 σχημάτων,
2755 4096 2834 4168 τῷ
2857 4097 3066 4168 ἀρίστῳ
3092 4099 3202 4152 τῶν
3224 4098 3526 4167 γεγονότων
3552 4099 3647 4151 καὶ
3672 4097 3851 4167 τελείῳ

2274 4188 2626 4260 περιτεθῐγθαι
2694 4190 2834 4261 Ὄρα
2875 4186 2970 4243 οὖν
3012 4190 3162 4253 ὅπως
3196 4190 3291 4243 καὶ
3328 4188 3415 4242 διὰ
3447 4189 3541 4242 τοῦ
3578 4190 3850 4261 σχήματός

2274 4297 2408 4349 φασι
2439 4280 2501 4335 τὸ
2541 4281 2773 4353 ἄναρχον
2808 4281 2903 4336 καὶ
2943 4281 3301 4352 ἀτελεύτητον
3329 4279 3484 4334 τοῦδε
3512 4280 3609 4334 τοῦ
3651 4280 3846 4351 κόσμου

594 4381 876 4451 utriusque
938 4379 1168 4435 extremi
1221 4379 1649 4435 demonstratur.
1719 4378 1999 4450 Siquidem
2048 4379 2169 4449 glo-

589 4476 721 4529 liosa
751 4474 941 4544 ﬁgura,
970 4486 1144 4541 neque
1166 4471 1487 4541 principium
1507 4472 1686 4539 habet,
1718 4486 1894 4542 neque
1922 4471 2106 4527 linem.

660 4581 933 4639 CHRIST.
977 4580 1105 4648 Sed,
1139 4595 1172 4635 ο
1203 4580 1499 4647 fortunate,
1528 4582 1658 4637 mihi
1706 4593 1761 4639 et
1812 4583 1909 4639 tibi
1963 4583 2169 4654 princi-

2345 4580 2570 4635 xpm‘.
2626 4580 2786 4646 Ἀλλ’,
2815 4573 2861 4634 ὢ
2891 4581 3154 4654 μακάριε,
3182 4577 3251 4654 ἦν
3276 4581 3320 4635 δ·
3349 4580 3482 4651 ἐγὼ,
3502 4582 3629 4653 ἐμοὶ
3652 4581 3746 4635 και
3773 4580 3849 4633 σοι

588 4674 736 4744 pium
770 4674 996 4741 hujusce
1029 4670 1215 4743 figura:
1267 4671 1780 4742 incomprehensum
1814 4683 1937 4730 est:
1982 4690 2173 4732 onmes

2275 4671 2310 4743 ἡ
2356 4671 2500 4744 ἀρχὴ
2542 4673 2696 4728 τοῦδε
2727 4674 2823 4728 τοῦ
2868 4676 3150 4747 σχήματος
3192 4674 3455 4746 ἄληπτος.
3504 4676 3622 4738 Πᾶς
3670 4674 3847 4744 μέντοι

590 4776 771 4821 tamen
805 4764 992 4821 circuli
1027 4764 1351 4835 principium
1378 4776 1435 4820 et
1474 4764 1637 4822 finem
1684 4766 1913 4822 habent.
1980 4766 2171 4834 Quan-

2274 4763 2511 4833 κύκλος,
2554 4766 2731 4837 ἀρχὴν
2781 4768 2894 4838 ἔχει
2952 4769 3048 4822 καὶ
3094 4767 3376 4837 τελευτήν.
3444 4767 3598 4823 Ἐπεὶ
3641 4766 3849 4838 παρίτω

590 4854 877 4925 duquidem
917 4854 1143 4910 accedat
1173 4865 1472 4926 geometra,
1523 4866 1579 4911 et
1628 4856 1899 4912 describat
1926 4858 2166 4931 ﬁguram

2274 4858 2621 4931 γεωμέτρης,
2663 4860 2757 4913 xui.
2794 4860 3199 4932 καταγραφέτω
3241 4860 3359 4913 τόδε
3403 4859 3464 4913 τὸ
3505 4860 3695 4931 σχῆμα
3737 4855 3849 4911 ἐπί-

2272 4373 2636 4443 διαφαίνεται.
2660 4374 2832 4445 Εἴπερ
2862 4373 2922 4427 τὸ
2950 4374 3240 4447 σφαιρικὸν
3280 4374 3488 4447 σχῆμα,
3520 4373 3646 4428 οὔτε
3683 4375 3848 4447 ἀρχὴν

2270 4464 2407 4535 ἔχει,
2435 4466 2544 4518 οὐδ’
2569 4462 2636 4520 αὖ
2665 4466 2945 4537 τελευτήν.

665 5059 779 5202 (ll;
810 5058 914 5115 CC.
948 5058 1009 5113 P.
1045 5058 1325 5130 ἠϐούλετο.
1948 5130 1961 5142 .
2027 5130 2037 5142 .
2277 5061 2501 5116 Sextum
2538 5060 2733 5117 Contra
2779 5062 3179 5119 mathematicos
3218 5062 3487 5135 principio
3525 5060 3649 5118 libri
3683 5064 3842 5120 tertii.

665 5129 758 5201 (12
836 5131 1147 5200 Ὀσηνπερ
1195 5131 1381 5197 αὐτὸς
1439 5131 1743 5185 ἐϐούλετο.
1786 5128 1857 5185 Ut
1910 5145 2163 5185 nimirum
2273 5131 2416 5202 8A.,
2524 5199 2546 5202 Α
2939 5201 2942 5202 ν

654 5128 779 5201 (12)
836 5128 1147 5200 Ὀσηνπερ
1195 5131 1381 5197 αὐτὸς
1439 5131 1743 5185 ἐϐούλετο.
1786 5128 1857 5185 Ut
1910 5130 2163 5185 nimirum
2273 5131 2372 5185 ΒΑ.

590 5199 870 5276 meliorem
896 5212 964 5276 et_
980 5199 1281 5272 digniorem
1314 5204 1430 5272 ipse
1459 5202 1600 5256 Deus
1629 5211 1820 5269 optare
1853 5216 1957 5256 non
1982 5212 2167 5271 posset

2335 5199 2588 5276 _(l7)_C,
2624 5202 2768 5276 _xo.‘-._
2810 5201 3069 5276 καθάπερ
3132 5203 3224 5258 τὸν
3270 5203 3637 5276 τραγέλαφον.
3690 5203 3844 5270 Quasi

590 5281 685 5325 aut
719 5272 897 5343 vellet.
931 5271 1054 5343 BA.
1335 5271 1349 5272 ί
1424 5340 1439 5343 _
1473 5341 1480 5343 Α
1759 5338 1781 5343 _
1920 5340 1933 5343 _
1994 5340 2003 5343 Α
2278 5271 2384 5343 tale
2417 5271 2637 5340 aliquod
2685 5272 2885 5326 animal
2917 5274 2969 5329 iu
3013 5271 3418 5328 rerum-natura
3457 5271 3583 5329 vere
3614 5289 3843 5343 unquam

664 5342 776 5414 (l5)
832 5342 970 5396 Κατ’
1024 5342 1220 5412 αὐτὴν
1257 5343 1373 5411 τὴν
1412 5340 1691 5412 δύναμιν.
1747 5338 1938 5407 Quoad
1992 5340 2167 5412 ipsam

2277 5341 2460 5414 fuerit.
2490 5338 2646 5414 Circa
2678 5357 2841 5396 unum
2885 5357 3112 5414 amnem,
3152 5343 3353 5399 Phasin
3411 5355 3626 5399 exstare
3662 5338 3849 5398 scribit

590 5411 765 5467 etiam
784 5414 1097 5482 potentiam.
1128 5415 1223 5468 ΒΑ.
1568 5411 1573 5412 “
1641 5480 1650 5482 Α
2017 5411 2021 5412 ⁷
2278 5412 2485 5468 Plinius
2515 5411 2609 5467 lib.
2643 5428 2762 5476 vm,
2792 5427 2843 5466 c.
2874 5412 2964 5467 53.
2999 5413 3211 5467 Dudum
3242 5425 3500 5469 notarunt
3530 5416 3643 5468 alii.
3680 5414 3777 5467 ΒΑ.

661 5480 795 5556 (Mf
818 5485 990 5549 Νόθφ
1030 5481 1522 5556 ΜτισμῷτῄΝόθῳ
1570 5480 1723 5535 νόθον
1763 5494 1900 5556 esse
1925 5492 2084 5556 puto,
2114 5492 2171 5556 et
2342 5482 2843 5556 (I8)ﬂ7\1}p.p.é).5_ta_
2877 5484 3132 5556 σημαίνει
3161 5485 3224 5538 τὸ
3250 5487 3314 5556 ὲκ
3334 5485 3592 5556 δευτέρου
3614 5484 3682 5539 τὰ
3710 5481 3846 5537 αὑτά

590 5552 749 5627 plane
771 5555 1066 5627 legendum
1101 5552 1269 5627 μόνω.
1304 5554 1435 5627 Nam
1477 5552 1597 5625 qua:
1625 5552 1809 5627 spuria
1848 5553 1938 5606 illa
1988 5552 2170 5627 ra_tio?

2272 5552 2723 5627 ςρροντίζεινξτοῦ
2779 5554 2957 5627 λέγειν
3012 5552 3611 5627 ἢλγὲπαναλαμϐάνειψ
3658 5562 3847 5627 auctor

590 5626 669 5679 Ita
702 5622 941 5696 ridicula:
971 5622 1189 5696 lectionj
1214 5622 1561 5696 acquiescere
1590 5622 1875 5679 ridiculum
1895 5632 2002 5680 est.
2028 5623 2165 5678 Tan.
2267 5622 2620 5696 Etymologici
2672 5628 2872 5694 magni.
2918 5622 3157 5696 Allyrillus
3210 5626 3264 5682 in
3310 5622 3588 5683 G'lossario
3615 5644 3628 5681 :
3658 5625 3845 5696 Πλημ-

702 5638 941 5680 ι-ιιιιουιαι
971 5638 1189 5681 lectioni
1214 5642 1275 5679 ac
1319 5640 1561 5681 urescere
1590 5638 1875 5679 rnucutum
1895 5638 2002 5680 esu
2028 5638 2165 5678 ιλιι.

689 5641 1398 5777 ςξιιιεβεηιιυιει.ῆδῖ“ἒςσ.
1527 5765 1540 5777 .
1691 5764 1781 5777 ...
1926 5764 1939 5777 .
2018 5765 2079 5777 ,.

2272 5638 2620 5747 ιιζιηοιοειοι
2672 5640 2872 5694 tuagtu.
2922 5638 3157 5695 byrtttus
3210 5638 3264 5682 tn
3310 5638 3628 5683 titossarto:
3661 5638 3841 5696 ιιΑημ-

2272 5695 2339 5777 με
2374 5710 2524 5777 ημας
2538 5704 2849 5777 Peccatum,
2892 5694 3169 5759 delictum,
3205 5709 3405 5777 rectum
3426 5699 3841 5777 ,“commissum;

690 5766 775 5837 l6)
802 5764 1209 5837 Διδασκαλιαζ·
1233 5767 1439 5832 ἁπλῶς
1464 5765 1661 5837 χάριν.
1689 5764 1878 5820 Solum
1907 5764 2169 5821 doctrinm

2272 5764 2605 5835 πλημμελῶ·
2641 5766 2910 5834 delinquo,
2952 5782 3125 5836 pecco.
3154 5768 3400 5837 admitto.
3437 5767 3535 5824 ΒΑ.

588 5836 800 5903 gratia,
839 5836 903 5906 in
953 5837 1235 5907 hypothesi
1292 5835 1503 5908 nempe.
1541 5835 1640 5893 'Dc
1703 5838 1857 5908 cujus
1913 5853 2010 5893 usu
2047 5838 2168 5892 vide

2339 5838 2451 5907 (l9)
2490 5835 3251 5905 [fumarat-operaSistimus.
3287 5835 3385 5891 ΒΑ.
