4154 6570
346 482 482 548 1113

1364 480 1812 542 DISPUTATIO
1852 440 1950 539 DE
1990 481 2240 540 MUNDI
2281 479 2631 541 omnem.

3460 468 3592 539 1114

338 593 462 649 τίαν
494 592 557 646 οὐ
591 590 813 645 δύναται
860 590 1174 661 ποιητικήν·
1206 591 1255 642 εἰ
1296 588 1479 657 μέλλοι
1511 588 1574 641 τὸ
1603 586 1911 657 γινόμενον,

2032 603 2147 655 :rgo
2211 588 2446 642 mundus
2492 602 2557 641 ex
2613 587 2720 640 Deo
2770 585 2971 641 habere
3012 600 3230 641 causam
3284 600 3385 641 non
3419 597 3595 655 potest

344 684 422 757 μὴ
452 682 584 737 σκιά
609 699 695 745 τις
723 680 836 752 (45)
868 677 1027 735 εῖναυ
1055 679 1191 751 μηδὲ
1216 681 1296 742 εἰς
1326 682 1419 732 τὸν
1442 676 1536 731 τοῦ
1570 674 1709 731 εἶναι
1739 676 1917 745 λόγον·

340 771 438 825 καὶ
472 771 550 833 ὡς
584 769 1042 840 συμπληρωτικὸν
1069 771 1170 839 τῆς
1196 769 1389 829 οὐσίας
1412 808 1426 831 ,
1460 768 1522 821 τὸ
1566 766 1809 821 αἰτιατὺν
1844 765 1923 835 τῷ

342 862 502 933 αἰτίῳ
528 860 1055 931 παραλαμσὼεσθαι
1078 876 1091 890 ’
1127 862 1380 930 καθάπερ
1411 862 1502 913 ἐπὶ
1532 857 1627 912 τοῦ
1652 859 1804 930 ἡλίου
1828 858 1924 910 καὶ

342 952 435 1006 τοῦ
492 952 959 1021 ἀπαυγάσματοςσ
1010 952 1043 1021 ἢ
1094 953 1170 1014 ὡς
1202 951 1487 1021 όμοούσιον
1520 949 1669 1021 αὐτῷ
1720 949 1779 1012 ὃς
1830 948 1924 1001 ἐπὶ

342 1043 557 1115 Πατρὺς
590 1044 685 1096 καὶ
713 1040 843 1096 Υίοῦ
874 1043 1008 1114 (44),
1038 1041 1152 1096 ἀλλ’
1178 1044 1213 1113 ἡ
1242 1042 1390 1095 αἰτία
1423 1042 1678 1112 ποιητική
1711 1058 1795 1104 τις
1824 1035 1914 1093 εῖ-

342 1154 434 1190 ναι
464 1138 557 1190 καὶ
584 1135 812 1207 ἔμφρων
842 1136 937 1188 καὶ
969 1134 1333 1206 προαιρετικὴ
1370 1134 1467 1188 καὶ
1494 1134 1683 1197 οὐσίας
1714 1131 1926 1202 παρηλ-

342 1227 621 1297 λαγμὲνης
648 1227 930 1297 ποιητική.
965 1224 1077 1279 Ποῦ
1102 1225 1282 1278 τοίνυν
1311 1225 1494 1296 χώραν
1539 1226 1648 1290 ἕξει
1673 1269 1688 1292 ,
1725 1218 1770 1277 ὦ
1806 1225 1925 1278 δαι-

349 1320 523 1389 μόνιε,
549 1318 643 1377 τὸν
670 1317 801 1371 Θεὸν
821 1316 916 1370 τοῦ
944 1316 1149 1386 κόσμου
1181 1317 1277 1370 τοῦ
1300 1318 1422 1370 καθ’
1451 1317 1596 1389 ὑμᾶς
1621 1315 1771 1387 αὐτῷ
1795 1332 1926 1370 συν-

347 1408 522 1461 αἳδίου
564 1407 856 1477 ποιητικὴν
892 1422 952 1459 τε
984 1406 1082 1460 καὶ
1128 1406 1497 1477 ὐποστατικὴν
1544 1405 1725 1461 αἰτίαν
1756 1423 1927 1459 κατα-

348 1498 601 1569 φάσκειν,
637 1497 737 1569 τῆς
784 1497 878 1552 τοῦ
907 1496 1117 1569 κόσμου
1159 1497 1353 1569 ἐτέρας
1393 1497 1559 1568 οὔσης
1589 1500 1719 1568 παρ’
1763 1498 1926 1551 αὐτὸν

349 1591 571 1654 οὐσίαςς
622 1589 657 1660 ἢ
707 1588 825 1658 ἅμα
862 1585 1001 1643 εἶναι
1050 1590 1140 1643 τὸν
1178 1589 1312 1644 Θεὸν
1351 1592 1445 1643 καὶ
1487 1590 1579 1643 τὸν
1620 1591 1824 1660 κόσμον
1869 1589 1928 1656 ἐξ

348 1683 521 1737 ἀϊδίου
550 1682 750 1750 λέγειν·
783 1680 945 1751 εἴπερ
965 1680 1034 1735 τὰ
1059 1682 1308 1735 συναῖδια
1338 1681 1521 1745 καλῶς
1554 1681 1789 1751 λέγομεν
1819 1681 1928 1735 τῶν

350 1772 470 1844 ἅμα
505 1770 668 1827 εἰναι’
699 1772 770 1826 τά
816 1772 875 1826 δὲ
919 1773 1035 1843 ἅμα
1082 1772 1212 1825 ὄντα
1246 1772 1306 1836 ἐξ
1346 1773 1590 1843 ἀλλήλων
1639 1771 1930 1843 ποιητικὴν

350 1865 529 1920 αἰτίαν
555 1865 698 1935 ἔχειν
724 1864 799 1936 μὴ
823 1864 1112 1930 δύνασθαι;
1134 1866 1289 1920 Δυοῖν
1308 1864 1417 1936 γὰρ
1438 1865 1651 1935 ἀνάγκη
1682 1864 1928 1933 θάτερον,

2034 676 2404 743 effectricem;
2458 678 2501 731 si
2530 676 2689 730 modo
2722 676 2772 729 id
2815 676 2954 745 quod
2983 676 3061 745 lit,
3109 692 3215 731 non
3243 677 3312 731 sit
3351 679 3592 746 quaedam

2021 770 2242 835 umbra,
2293 784 2470 839 neque
2521 768 2574 823 id
2627 768 2767 837 quod
2826 782 2856 823 e
2887 782 3053 822 causa
3084 770 3280 834 oritur,
3334 783 3510 823 causa:
3539 769 3593 823 in

2025 862 2286 916 rationem
2333 860 2663 916 subsisteudi
2706 869 2763 915 et
2812 860 2960 914 velut
3012 860 3464 929 complementum
3508 874 3596 914 es-

2021 956 2213 1010 sentiae
2242 954 2469 1009 accedat
2497 971 2511 1021 ;
2543 952 2998 1023 quemadmodum
3030 951 3087 1004 ﬁt
3118 951 3167 1004 iu
3198 952 3312 1005 sole
3342 960 3397 1004 et
3419 952 3601 1021 splen-

2027 1046 2185 1111 dore,
2223 1056 2277 1101 et
2308 1053 2369 1099 ut
2398 1043 2885 1106 consubstantiale,
2916 1043 3147 1112 exempli
3175 1043 3368 1113 gratia,
3406 1043 3460 1097 in
3497 1044 3599 1096 Da-

2027 1147 2110 1192 tre
2156 1146 2210 1191 et
2255 1136 2434 1204 Filio;
2488 1136 2581 1191 sed
2629 1142 2790 1190 causa
2824 1134 2900 1187 sit
2949 1130 3222 1196 effectrix,
3281 1140 3336 1185 et
3385 1132 3597 1186 consilii

2026 1229 2415 1298 electionisque
2439 1243 2683 1298 compos,
2715 1234 2875 1296 atque
2895 1224 3145 1280 essentia:
3186 1224 3467 1277 alternatae
3505 1237 3599 1278 seu

2023 1328 2372 1376 commutata:
2402 1320 2764 1388 procreatrix.
2798 1317 2902 1373 Ubi
2940 1315 3107 1385 igitur
3137 1315 3315 1370 locum
3350 1313 3595 1379 habebit,

2030 1412 2115 1466 vir
2141 1410 2380 1482 egregie,
2426 1409 2595 1465 Deum
2623 1407 2859 1473 'mundi,
2889 1406 2981 1477 qui
3030 1406 3128 1475 ipsi
3170 1394 3465 1459 secundum
3510 1418 3605 1456 vos

2027 1512 2331 1559 cowternus
2362 1511 2470 1566 est,
2495 1499 2828 1555 effectricem
2859 1508 2916 1553 et
2944 1497 3340 1568 bypostaticam
3370 1508 3590 1550 causam

2028 1594 2320 1661 allirmare,
2351 1608 2476 1649 cum
2508 1592 2693 1647 mundi
2721 1591 2958 1646 essentia
2992 1592 3207 1645 diversa
3245 1588 3313 1642 sit
3344 1587 3412 1643 ab
3442 1586 3605 1655 ipso?

2034 1697 2126 1741 aut
2158 1687 2317 1742 simul
2347 1701 2467 1741 esse
2495 1683 2662 1739 Deum
2693 1692 2746 1738 et
2774 1682 3030 1737 mundum
3059 1682 3126 1737 ab
3160 1690 3364 1735 aeterno
3400 1680 3601 1740 dicere,

2032 1781 2074 1835 si
2103 1780 2321 1849 quidem
2353 1787 2623 1834 coaeterua
2658 1783 2807 1829 recte
2836 1774 3070 1829 dicimus
3095 1771 3255 1827 simul
3286 1785 3450 1837 esse;
3481 1786 3602 1840 quae

2033 1869 2565 1936 autemsuntsinml,
2609 1883 2674 1922 ex
2720 1882 2780 1921 se
2810 1867 3051 1920 invicem
3102 1863 3429 1919 effectricem
3473 1876 3604 1915 cau-

350 1957 427 2021 ὡς
452 1956 523 2009 τὰ
551 1956 705 2009 κοινά
728 1954 1141 2026 ὁμολογήματα,
1183 1957 1279 2009 καὶ¹
1310 1958 1344 2027 ἡ
1368 1954 1682 2025 διαλεκτικὴ
1714 1955 1928 2022 ἀπόφα-

2032 1979 2144 2018 sam
2197 1964 2396 2018 habere
2424 1976 2530 2015 non
2559 1959 2756 2030 posse?
2800 1958 3038 2011 Duorum
3070 1957 3217 2010 enim
3248 1955 3478 2010 alterum
3510 1968 3605 2008 ne-

352 2067 436 2113 σις
466 2050 559 2103 καὶ
591 2050 896 2118 κατάφασις
929 2049 1156 2117 ἔδειξαν
1187 2049 1221 2119 ἢ
1255 2050 1487 2120 ποιητὴν
1529 2048 1789 2116 λέγοντας
1831 2046 1931 2117 τῆς

350 2140 447 2193 τοῦ
479 2139 683 2211 κόσμου
716 2140 905 2203 οὐσίας
937 2140 1030 2193 τὸν
1064 2140 1218 2203 Θεὸν,
1254 2139 1329 2211 μὴ
1363 2139 1634 2192 συναῖδιον
1683 2132 1825 2192 εἶναι
1851 2136 1932 2207 τῷ

353 2229 476 2300 Θεῷ
493 2229 667 2299 λέγειν
693 2228 792 2301 τὴν
812 2229 1079 2301 αἰσθητὴν
1105 2230 1316 2294 οὐσίαν,
1342 2231 1375 2301 ἢ
1399 2231 1555 2283 τοῦτο
1577 2228 1929 2300 δεχομένους,

352 2319 454 2391 τῂν
500 2320 788 2391 ποιητικὴν
840 2319 1019 2373 αἰτίαν
1056 2318 1151 2373 τοῦ
1186 2320 1389 2383 παντὸς
1438 2317 1823 2389 ἀπαρνεῖσθαι.
1861 2313 1929 2370 Ἢ

353 2409 417 2461 οὐ
454 2410 705 2479 φαίνεται
732 2426 747 2476 ;

422 2601 605 2654 AM‘M.
649 2599 1001 2663 Κινδυνεύεις
1033 2598 1212 2669 ἀληθῆ
1238 2599 1437 2667 λέγειν.

424 2692 648 2747 ΧΡΙΣΤ.
679 2691 889 2745 Οὐκοῦν
922 2692 1012 2745 τὸν
1046 2691 1211 2745 αὐτὸν
1259 2686 1418 2754 αὖθις
1449 2688 1820 2760 γυμνάσωμεν
1849 2686 1936 2740 λό-

354 2798 470 2851 γον,
497 2777 822 2853 Λακωνικὴν
858 2780 1225 2851 βραχυλογίαν
1253 2780 1385 2851 (Μ’)
1418 2781 1496 2844 ὼς
1523 2774 1635 2833 οίόν
1658 2796 1719 2832 τε
1753 2794 1927 2849 μιμη-

358 2874 600 2944 σάμενον
626 2874 695 2926 τὰ
722 2874 830 2943 γὰρ
860 2873 1021 2935 καλὰ,
1046 2874 1113 2943 τῇ
1138 2874 1351 2942 συνεχεί
1379 2870 1655 2941 γυμνασίᾳ
1691 2873 1785 2922 καὶ
1810 2886 1935 2922 συν-

356 2966 589 3037 ασκήσει
619 2965 832 3033 πέφυκε
866 2965 1192 3035 βεϐαιότερα
1237 2963 1483 3033 γίνεσθαι
1529 2965 1644 3026 τοῖς
1688 2961 1931 3032 ζητοῦσι.

357 3058 595 3130 Ποιητὴν
628 3058 723 3111 καὶ
771 3059 945 3112 αἴτιον
974 3057 1068 3111 τοῦ
1100 3057 1307 3129 κόσμου
1355 3057 1444 3110 τὸν
1477 3056 1609 3110 Θεὸν
1646 3055 1935 3127 συνομολο-

358 3149 456 3220 τοῦ
465 3168 583 3220 μεν.

425 3242 606 3296 ΑΜΜ.
642 3242 773 3294 Ναί.

424 3332 650 3387 ΧΡΙΣΤ.
688 3332 963 3386 Συναϊδιον
996 3333 1074 3404 τῷ
1106 3332 1226 3404 Θεῷ
1258 3333 1349 3387 τὸν
1390 3334 1595 3404 κόσμον
1620 3326 1760 3385 εἶναι
1793 3332 1928 3385 ὐπο-

354 3424 621 3489 τοπάζετε
644 3468 658 3492 ,

425 3516 608 3571 ΔΜΜ.
648 3516 795 3571 Πάνυ
821 3535 904 3587 γε.

424 3609 648 3664 ΧΡΙΣΤ.
683 3610 762 3663 Τά
789 3611 1052 3676 συναῖδια,
1084 3610 1194 3666 τῶν
1220 3610 1337 3682 ἅμα
1368 3611 1506 3664 ἐστί.

428 3790 608 3844 AMM.
650 3790 776 3855 Πῶς
802 3791 911 3864 γὰρ
933 3792 1028 3859 οὐ;

428 3881 650 3937 ΧΡΙΣΤ.
694 3881 777 3936 Τά
807 3883 924 3954 ἅμα
956 3885 1107 3951 ὄντα,
1142 3885 1451 3957 ὲξαλλήλων
1480 3886 1624 3958 ἔχειν
1659 3889 1840 3944 αἰτίαν
1872 3891 1933 3943 οὐ

356 3970 581 4025 δύναται
609 3975 902 4046 ποιητικήν
922 3992 937 4040 ;

428 4064 611 4119 ΑΜΜ.
654 4063 754 4119 0’5.

427 4155 653 4211 ΧΡΙΣΤ.
696 4156 754 4211 Ὀ
781 4158 886 4229 ἄρα
912 4158 1118 4230 κόσμος
1148 4161 1419 4225 σαναΐδιος
1438 4163 1513 4215 ὣν
1541 4163 1618 4233 τῷ
1640 4162 1781 4235 Θεῷ,
1811 4165 1935 4219 καθ’

359 4245 523 4315 ὑμᾶς,
562 4247 625 4299 ὲκ
653 4246 788 4300 Θεοῦ
827 4248 972 4318 ἔχειν
1006 4251 1295 4323 ποιητικὴν
1340 4254 1518 4306 αἰτίαν
1566 4255 1628 4307 οὐ
1676 4255 1936 4309 δύναται·

357 4337 494 4395 ἀλλὰ
517 4338 625 4411 μὴν
648 4342 927 4413 ποιητικὸν
947 4342 1056 4413 (45)
1079 4344 1169 4396 τὸν
1195 4342 1328 4399 Θεὸν
1354 4346 1447 4400 τοῦ
1483 4346 1690 4419 κόσμου
1722 4348 1939 4419 ἐλέγχο-

406 4445 484 4485 εν.

363 4448 484 4501 μεν.

427 4524 611 4579 ΑΜΜ.
647 4525 776 4579 Ναί.

2034 2055 2332 2111 ressarium
2360 2062 2465 2119 est,
2492 2063 2550 2106 ut
2578 2064 2898 2107 communes
2929 2047 3212 2103 sententias
3240 2055 3296 2101 et
3327 2046 3601 2101 ἀίοιεοιίοίι

2036 2147 2320 2203 aﬂirmatio
2367 2156 2421 2201 et
2461 2145 2675 2215 negatio
2715 2144 3111 2204 ostenderunt,
3154 2149 3246 2194 aut
3291 2139 3602 2195 eﬂectorem

2034 2240 2285 2295 essentize
2320 2239 2503 2292 mundi
2532 2236 2702 2292 Deum
2747 2236 3020 2299 dicentes,
3058 2247 3304 2288 asserere
3355 2246 3461 2285 non
3513 2245 3605 2283 co-

2033 2342 2291 2390 aeternam
2322 2345 2442 2387 esse
2472 2330 2582 2386 Deo
2614 2329 2715 2385 sub
2733 2342 2951 2385 sensum
2980 2323 3565 2391 cadentemfessentiam
3590 2364 3603 2388 ,

2037 2440 2130 2481 aut
2162 2428 2205 2481 si
2254 2426 2398 2481 istud
2444 2424 2814 2486 admittamus,
2855 2419 3088 2474 inilciari
3117 2417 3448 2473 emectricem
3479 2416 3601 2469 uui-
3712 2475 3715 2478 ν

2036 2520 2179 2573 versi
2214 2532 2337 2571 eum
2368 2531 2488 2572 esse
2520 2529 2761 2570 causam.
2795 2513 2935 2579 Quid
2966 2509 3228 2566 videtur?

2101 2607 2278 2663 AMM.
2308 2605 2525 2662 Videris
2554 2620 2682 2661 vera
2711 2605 2913 2659 dicere.

2104 2699 2381 2754 CilRlST.
2431 2699 2691 2753 Eumdem
2737 2696 2898 2765 igitur
2929 2708 3237 2749 sermonem
3282 2691 3603 2751 recolamus,

2037 2792 2366 2848 Laconicam
2391 2791 2733 2853 brevitatem,
2752 2788 2927 2858 quoad
2953 2787 3066 2841 fieri
3093 2784 3313 2855 poterit,
3331 2782 3564 2839 aemulati
3590 2799 3603 2835 :

2037 2900 2157 2957 quae
2180 2883 2344 2955 285
2362 2885 2504 2938 enim
2529 2883 2748 2954 pulchra
2773 2890 2919 2946 sunt,
2938 2880 3193 2934 continua
3216 2875 3608 2932 exercitatione

2038 2989 2092 3032 et
2116 2992 2281 3049 opera
2311 2976 2487 3032 solent
2530 2973 2896 3045 quaerentibus
2918 2970 3052 3027 edici
3079 2968 3342 3024 ﬁrmiora.
3370 2964 3605 3021 Eil‘ecto-

2040 3085 2177 3138 rem,
2211 3079 2265 3126 et
2292 3080 2512 3125 causam
2546 3068 2725 3123 mundi
2754 3067 2921 3121 Deum
2956 3063 3163 3135 pariter
3184 3059 3535 3117 conﬁtemur.

2102 3249 2277 3307 ΑΒΜ.
2310 3248 2473 3304 Sane.

2104 3340 2383 3399 CHRIST.
2425 3340 2768 3396 Comternum
2808 3336 2918 3392 Deo
2962 3334 3223 3390 mundum
3264 3342 3384 3386 esse
3425 3329 3602 3398 suspi-

2039 3433 2240 3492 camini
2263 3436 2288 3490 τ

2105 3529 2273 3584 AMM.
2314 3518 2565 3583 Maxime.

2102 3618 2376 3675 cumsr.
2421 3618 2702 3675 Coaeterna
2746 3620 2871 3670 sunt
2907 3611 2974 3668 de
3002 3622 3190 3668 eorum
3238 3618 3434 3679 genere
3484 3618 3609 3675 qua:

2043 3718 2166 3764 sunt
2189 3706 2371 3761 simul.

2106 3799 2280 3855 AMM.
2315 3799 2513 3866 Quidni
2538 3799 2563 3853 ’ί

2105 3889 2382 3945 (ΙΙΙΒΙΞΤ.
2438 3890 2568 3955 Quae
2597 3896 2722 3943 sunt
2757 3884 2944 3949 simul,
2994 3882 3097 3937 alia
3123 3897 3189 3937 ex
3218 3880 3339 3935 aliis
3383 3892 3613 3934 causam

2039 3982 2244 4038 habere
2271 3981 2597 4037 effectricem
2633 3995 2737 4034 non
2771 3985 3002 4046 queunt.

2111 4072 2279 4127 ΑΜΜ.
2307 4071 2444 4126 Non.

2106 4164 2382 4218 CllRlST.
2427 4161 2658 4218 Mundus
2700 4160 2865 4231 igitur
2892 4165 3195 4212 coaeternus
3232 4167 3351 4204 cum
3382 4152 3450 4205 sit
3477 4150 3617 4213 Deo,

2040 4265 2223 4308 vestro
2274 4252 2551 4323 συσπ-σεῖο,
2596 4268 2663 4307 ex
2707 4252 2815 4305 Deo
2852 4249 3050 4304 habere
3098 4244 3423 4300 eﬂ'ectriccm
3478 4242 3612 4297 cat;—

2040 4362 2154 4400 sam
2217 4360 2324 4399 non
2378 4351 2577 4414 potest.
2632 4340 2796 4412 Atqui
2842 4337 3153 4395 eﬂ'ectorem
3206 4336 3372 4390 Deum
3425 4330 3617 4387 inundi

2041 4438 2378 4492 dicebamus.
2844 4448 2853 4455 °

2101 4527 2272 4583 AMM.
2306 4527 2486 4583 Certe.

426 4615 654 4670 ΧΡΙΣΤ.
695 4616 808 4670 Οὐκ
850 4615 955 4687 ἄρα
1000 4617 1270 4681 συναῒδιος
1314 4617 1469 4672 ’ἔσται
1499 4619 1576 4691 τῷ
1628 4616 1748 4690 Θεῷ
1780 4618 1808 4671 ὁ
1844 4620 1928 4673 κό-

2110 4618 2385 4676 CHRIST.
2414 4618 2529 4675 Non
2562 4619 2728 4688 igitur
2749 4623 3053 4670 coaeternus
3079 4612 3184 4667 erit
3212 4610 3321 4665 Deo
3351 4606 3604 4662 mundus.

360 4723 518 4777 σμος.
568 4708 685 4760 Πᾶν
731 4706 839 4778 γὰρ
885 4708 1098 4779 ποίημα
1137 4708 1229 4762 τοῦ
1276 4711 1601 4782 ποιήσαντος
1630 4706 1937 4783 δευτερεύει

360 4798 511 4869 αἰτίᾳ
543 4798 637 4865 καὶ
669 4798 867 4871 χρόνῳ.

427 4889 609 4945 ΔΜΜ.
651 4889 791 4943 Ἀλλ’
816 4892 864 4944 εί
898 4890 1078 4955 τοῦτο,
1112 4886 1147 4963 ἦ
1180 4891 1227 4945 δ’
1256 4891 1336 4955 ὃς,
1370 4892 1639 4963 φήσομεν,
1670 4891 1826 4965 ἄθρει
1853 4894 1933 4957 εἰς

360 4982 477 5035 οἷαν
511 4981 742 5035 ἀτοπίαν
776 4983 1017 5054 ὲμπεσού
1030 4983 1188 5053 μεθα.

428 5073 648 5128 ΧΡΙΣΤ.
683 5074 852 5145 Λέγε’
882 5076 1054 5146 ἡδέως
1085 5074 1194 5147 γὰρ
1226 5075 1292 5130 ἂν
1318 5075 1641 5146 ἀκούσαιμι.

431 5277 545 5349 (έὸ)
591 5277 737 5331 Σκιά
782 5294 914 5349 τιςἈ
941 5277 1329 5349 Simulacrum,
1361 5291 1467 5331 non
1503 5292 1588 5331 res
1622 5277 1759 5347 ipsa.
1794 5273 1930 5330 Vide

358 5347 423 5400 ad
456 5346 856 5417 Epigrammata
885 5346 1183 5403 Claudiani.
1220 5347 1312 5401 ΒΑ.

431 5414 653 5487 (44)]1ι
691 5419 1173 5480 consubsta‘ntiale,
1202 5418 1427 5486 exempli
1457 5416 1657 5487 gratia,
1688 5416 1739 5468 in
1773 5414 1930 5469 Patre

358 5497 412 5539 et
451 5490 501 5541 in
526 5486 674 5541 Filio
707 5488 907 5542 Cenes.
944 5486 1011 5542 lit
1036 5487 1276 5553 ejusdem
1306 5488 1623 5550 substantia:
1663 5488 1723 5539 in
1747 5501 1811 5539 eo
1838 5487 1927 5556 qui

359 5566 449 5611 est
478 5558 531 5611 in
570 5558 728 5611 Patre
756 5567 811 5611 et
838 5557 993 5612 Ειιίο.
1042 5557 1179 5610 Tm.

433 5628 570 5696 (44⁸)
626 5627 983 5697 Λακωνικὴν
1040 5628 1480 5697 βραχυλογίαν.
1543 5624 1730 5680 Chilon
1789 5631 1928 5695 apud

359 5694 658 5766 Ausonium
685 5716 698 5751 :
726 5696 983 5750 Brevitate
1012 5708 1136 5751 uota
1166 5694 1266 5766 qua
1303 5694 1534 5749 Lacones
1564 5694 1927 5755 utimur.“th

359 5765 706 5821 Plutarchum
736 5768 786 5820 in
819 5767 1081 5837 Lycurgo,
1114 5768 1200 5820 ubi
1234 5769 1308 5819 ait
1337 5785 1349 5820 :
1380 5766 1687 5837 Ἐδίδασκον
1714 5767 1770 5819 δὲ
1799 5770 1925 5832 τοὺς

2042 4711 2215 4767 Omne
2243 4713 2387 4768 enim
2431 4711 2682 4765 elTectum
2715 4708 2971 4763 eﬂcctore
2998 4703 3272 4775 posterius
3321 4708 3405 4755 est
3443 4712 3616 4751 causa

2042 4807 2097 4857 et
2131 4810 2396 4870 tempore.

2104 4892 2275 4948 ΑΜΜ.
2322 4893 2393 4948 At
2416 4893 2459 4948 si
2488 4892 2629 4948 istud
2663 4889 3081 4955 asseruerimus,
3104 4884 3351 4959 perspice
3378 4882 3431 4937 in
3465 4880 3619 4952 quod.

2041 4983 2338 5041 absurdum
2363 4985 2687 5040 incidamus.

2107 5074 2383 5133 CHRIST.
2418 5077 2581 5145 Doce,
2610 5077 2786 5134 libens
2817 5076 2962 5132 enim
2993 5069 3433 5128 auscultaverim.

2036 5275 2196 5333 Plura
2225 5279 2345 5333 vide
2377 5281 2429 5334 in
2459 5280 2577 5332 Nic.
2614 5277 2795 5347 Cragii
2839 5290 2945 5330 non
2981 5274 3164 5343 inepto
3191 5266 3602 5331 commentario,

2037 5349 2129 5404 lib.
2161 5365 2242 5413 Ill,
2268 5350 2378 5405 tab.
2408 5350 2463 5413 8,
2494 5367 2543 5403 c.
2569 5349 2620 5403 6.
2658 5349 2753 5402 BA.

2111 5405 2590 5488 (45)’Ποιητίκόν.
2616 5417 2837 5490 Rectius
2856 5416 3073 5490 iu_ma_n._
3086 5410 3308 5480 Anglico
3336 5426 3351 5463 :
3379 5405 3618 5490 ποιητῂνι

2038 5508 2088 5545 τ.
2115 5477 2165 5544 β.
2194 5477 2244 5544 τ.
2278 5508 2328 5544 κ.
2360 5477 2642 5560 ἐλέγομεν.
2681 5488 2857 5560 Editio
2882 5483 3074 5560 ‘Tarini
3111 5501 3123 5535 :
3156 5477 3512 5560 ⁸ίτοιτγιεικήν..ἶ
3543 5477 3609 5529 Et

2040 5562 2201 5614 vertit
2232 5579 2245 5616 :
2286 5555 2661 5614 Deummundi
2696 5557 3006 5627 eﬂ'ectricem
3038 5568 3253 5627 causam
3282 5565 3392 5627 esse
3432 5555 3609 5599 osten-

2036 5632 2230 5685 dimm.
2258 5631 2547 5685 (Iorrector
2592 5619 2773 5683 noster
2799 5619 3413 5697 typograpbicus‘edidit
3443 5630 3604 5697 ποιη-

2033 5701 2204 5754 τικόν.
2271 5700 2491 5753 Dixerat
2561 5709 2718 5754 antea
2779 5687 3070 5752 zachariae;
3136 5692 3321 5764 eodem
3387 5687 3545 5764 modo
3584 5703 3603 5736 :

2034 5772 2262 5842 ποιητὴν
2290 5774 2388 5842 καὶ
2416 5772 2588 5825 αἴτιον
2626 5768 2718 5823 τοῦ
2767 5768 2973 5839 κόσμου
3005 5765 3096 5820 τὸν
3128 5762 3260 5816 Θεὸν
3304 5762 3601 5826 συνομολο-

361 5836 558 5913 παῖδας
585 5838 678 5913 καὶ
702 5835 1102 5913 λόχῳήχρῆσϐαι
1130 5835 1553 5913 πικρία-νξχοντι
1579 5838 1922 5913 μεμιγμένην
2031 5835 2254 5913 γοῦμεν.
2286 5840 2411 5897 Duc.

363 5906 547 5977 χάριτι
568 5909 661 5962 καὶ
688 5907 882 5979 πολλὴν
907 5905 1012 5961 ἀπὸ
1037 5905 1293 5981 βραχείας
1317 5905 1511 5972 λέξεως
1530 5905 1918 5978 ἀναθεώρησιν.
