4154 6608
594 419 731 487 1115

1625 422 2022 481 ΖΑΟΗΑΒΙΑΞ
2060 421 2390 482 MITYLEN
2400 422 2487 480 ES
2518 421 2852 481 EPISCOPI

3711 413 3858 477 ll16

653 531 826 586 ΔΜΜ.
877 530 990 586 Nisi
1038 546 1123 586 res
1148 540 1448 585 coaeternus
1494 529 1603 585 Deo
1647 530 1969 598 dixerimus,
2024 532 2165 587 Deus

2340 534 2519 587 ΔΜΜ.
2555 533 2615 584 Εἰ
2653 532 2727 602 μὴ
2773 533 3041 598 συναῖδια,
3079 528 3114 604 ἦ
3156 532 3199 585 δ’
3230 531 3310 595 ὃς,
3343 530 3422 602 τῷ
3449 528 3570 599 Θεῷ
3600 529 3668 583 τά
3716 530 3857 581 ὅντα

590 640 725 679 sane
753 638 846 677 eas
889 621 1103 676 nolebat
1139 633 1357 677 exstare
1387 638 1403 679 :
1457 633 1619 691 atque
1661 624 1734 677 ita
1766 622 1870 677 fuit
1909 640 2031 677 eum
2068 638 2163 676 vo-

594 717 853 770 luntatem
892 715 961 770 de
1005 715 1168 770 rebus
1201 730 1309 769 non
1342 714 1586 780 haberet,
1617 730 1683 770 ex
1712 725 1952 785 tempore
1983 723 2162 770 autem

591 824 718 863 cum
742 808 973 863 voluerit
1012 817 1067 864 et
1109 807 1475 873 constituerit,
1526 808 1835 863 necessario
1875 808 2165 877 aliquando

591 900 757 956 etiam
779 899 1064 956 consilium
1084 898 1329 955 mutabit.
1351 898 1467 966 Quo
1481 899 1681 969 posito,
1703 914 1806 954 non
1824 899 1935 969 jani
1960 915 1988 953 a
2010 898 2165 953 nobis

593 996 661 1050 de
688 993 799 1049 Deo
822 1002 1186 1050 consentanea
1217 994 1401 1064 Opinio
1427 994 1754 1051 servabitur.
1780 991 1914 1046 Nam
1947 994 1998 1048 in
2025 1002 2163 1047 leui-

594 1099 727 1155 pore
759 1085 1088 1150 deliberare,
1132 1094 1189 1140 et
1213 1084 1663 1142 deliberationem
1709 1093 1939 1148 mutare,
1990 1094 2167 1140 muta-

594 1180 756 1235 bilem
790 1178 999 1233 inducit
1028 1192 1150 1234 eum
1185 1177 1274 1248 qui
1301 1176 1607 1247 hujusmo'di
1649 1174 2030 1231 affectionibus
2069 1178 2166 1231 ob-

596 1271 793 1326 noxius
818 1279 920 1325 est.
1629 1300 1656 1325 α

663 1362 937 1419 CllRlST.
979 1359 1480 1425 Verumenimvero,
1539 1358 1613 1414 mi
1665 1357 2005 1428 philosophe,
2057 1372 2163 1413 non

598 1469 819 1511 necesse
839 1462 922 1509 est
943 1454 1125 1509 dicere
1162 1454 1329 1507 Deum
1372 1452 1427 1507 i-u
1460 1459 1707 1522 tempore
1740 1450 2025 1506 consilium
2062 1465 2156 1506 ce-

598 1547 743 1615 pisse
799 1546 867 1602 de
929 1546 1093 1601 rebus
1160 1543 1554 1615 procreandis:
1622 1544 1667 1599 si
1731 1558 1917 1599 earum
1975 1552 2165 1598 natura

594 1638 765 1707 igitur
782 1636 832 1693 ei
855 1646 1146 1701 coaeterua,
1170 1646 1224 1691 et
1254 1635 1500 1706 principii
1532 1634 1783 1690 similiter
1823 1649 2044 1704 expers,
2070 1635 2164 1689 sed

599 1728 787 1783 habuit
816 1728 881 1782 de
911 1728 975 1783 iis
1018 1727 1348 1783 voluntatem
1385 1734 1662 1782 carentem
1712 1724 2003 1794 principio,
2051 1732 2165 1779 tau-

599 1835 764 1886 quam
796 1819 971 1874 bonus
995 1828 1051 1873 et
1078 1817 1240 1883 Deus,
1269 1816 1321 1872 in
1352 1824 1529 1872 actum
1559 1825 1737 1871 autem
1765 1814 2016 1884 perduxit
2044 1829 2165 1869 cum

2272 626 2540 695 φήσομεν,
2572 626 2600 676 ό
2632 623 2763 687 Θεὸς
2802 624 2910 695 ἄρα
2944 625 3042 677 οὑκ
3078 623 3186 693 (46)
3224 622 3499 693 ὴσουλήθη
3539 621 3857 689 ὑποστῆναι

2270 716 2339 769 τά
2374 716 2503 768 ὄντα
2524 733 2537 747 ·
2583 718 2677 771 καὶ¹
2718 712 2785 787 ἦν
2826 718 2915 769 ὅτε
2962 716 3062 787 τὴν
3093 718 3221 785 περὶ
3251 714 3360 767 τῶν
3389 714 3559 767 ὄντων
3589 713 3861 784 βούλησιν

2270 806 2372 860 οὑκ
2400 800 2513 877 εἶχε
2536 824 2549 838 ·
2582 807 2758 878 χρόνῳ
2783 806 2839 859 δὲ
2869 806 3320 876 βουλευσάμενος,
3351 804 3413 872 ἐξ
3440 804 3685 874 ἀνάγκης
3717 804 3861 857 ποτε

2271 897 2366 950 καὶ
2403 896 2913 967 μεταϐουλεὺσεται.
2950 897 3013 949 Εἰ
3056 894 3114 949 δὲ
3149 895 3339 961 τοῦτο,
3379 894 3557 947 οὐκέτ’
3600 893 3669 947 ἂν
3716 895 3860 963 ἡμῖν

2273 990 2307 1058 ἠ
2336 988 2467 1057 περ).
2504 986 2639 1040 Θεοῦ
2673 987 2961 1057 πρέπουσα
2990 984 3258 1055 ὑπόληψις
3301 983 3729 1054 διασωθήσεται.
3786 983 3860 1036 Γὺ

2272 1078 2381 1150 γὰρ
2407 1078 2584 1150 χρόνῳ
2634 1076 2982 1149 βουλεύεσθαι
3011 1078 3105 1129 καὶ
3153 1076 3672 1146 μεταϐουλεύεσθαι,
3720 1094 3860 1148 τρε-

2274 1172 2406 1226 πτδν
2455 1172 2665 1241 εἰσάγει
2698 1171 2788 1225 τὸν
2816 1174 2929 1235 τοῖς
2960 1170 3224 1234 τοιούτοις
3276 1169 3597 1241 παθήμασιν
3629 1171 3860 1223 ὑποκείο

2275 1280 2456 1333 μενον.

2343 1350 2564 1407 ΧΡΙΣΤ.
2605 1352 2858 1407 Μάλιστα
2892 1352 2989 1422 μὲν
3023 1351 3141 1416 οὑν,
3164 1344 3210 1405 ὦ
3253 1353 3374 1417 τᾶν,
3422 1347 3491 1423 ἦν
3514 1351 3559 1404 δ’
3587 1350 3721 1419 ἐγὼ,
3748 1351 3858 1403 οὑκ

2273 1447 2484 1519 ἀνάγκη
2512 1446 2691 1519 χρόνῳ
2723 1446 3114 1517 βουλεύσασθαι
3139 1446 3269 1517 περὶ
3294 1447 3394 1517 τῆς
3409 1446 3517 1500 τῶν
3544 1446 3857 1515 γεγονότων

2275 1536 2586 1601 συστάσεως
2605 1536 2784 1606 λέγειν
2805 1537 2894 1590 τὸν
2916 1536 3068 1590 Θεόν.
3092 1538 3155 1590 Εἰ
3177 1536 3241 1608 δὴ
3263 1531 3355 1590 οὖν
3376 1536 3712 1607 συνάναρχος
3738 1535 3852 1606 (Π)

2272 1627 2350 1699 τῷ
2376 1627 2495 1700 Θεῷ
2516 1627 2724 1697 λέγοιτο
2753 1628 2849 1682 δια)⁴
2882 1628 3150 1692 συναίδιος
3189 1627 3394 1681 τούτων
3428 1628 3462 1698 ἡ
3512 1626 3700 1697 φύσις,
3732 1626 3852 1680 ἀλλ’

2274 1718 2387 1793 εἶχε
2419 1722 2516 1792 μὲν
2544 1721 2642 1792 τὴν
2672 1722 2802 1792 περὶ
2830 1719 3032 1774 τούτων
3066 1719 3319 1790 βούλησιν
3351 1720 3584 1791 ἄναρχον
3615 1718 3689 1782 ὼς
3712 1720 3854 1785 άγα-

2275 1811 2364 1877 θὸς
2394 1813 2487 1867 καὶ
2517 1810 2650 1875 Θεός
2669 1827 2684 1843 ⁸
2716 1811 3062 1882 ὑπεστήσατο
3107 1809 3164 1863 δὲ
3188 1851 3203 1875 ,
3237 1811 3323 1863 ὅτε
3357 1809 3624 1863 συνοίσειν
3653 1809 3851 1879 ἔμελλε

596 1911 939 1966 commodum
982 1908 1216 1964 futurum
1267 1917 1388 1964 erat
1439 1909 1602 1963 rebus
1648 1922 1768 1978 qua:
1820 1906 1978 1962 facta:
2020 1914 2167 1962 sunt.

2271 1909 2383 1970 τοῖς
2412 1904 2737 1976 γινομένοις.
2771 1905 3004 1958 Ἔπειτα
3029 1904 3087 1958 δὲ
3116 1904 3178 1958 τὸ
3209 1903 3582 1975 βουλεύεσθαι,
3618 1901 3713 1955 ἐπὶ
3751 1903 3851 1973 μὲν

600 2002 804 2057 Deinde
836 2001 1157 2066 deliberare,
1183 1999 1299 2054 sive
1327 1998 1611 2053 consilium
1643 2011 1857 2068 capere,
1903 1998 1958 2052 in
1988 1997 2167 2053 homi-

599 2093 757 2147 nibus
782 2092 997 2162 quidem
1050 2091 1174 2145 dum
1204 2098 1517 2161 usurpatur,
1566 2088 1618 2143 in
1656 2088 2044 2159 cogitationem
2078 2089 2167 2143 in-

597 2182 747 2236 ducit
777 2181 1090 2236 mutationis
1126 2191 1179 2235 et
1209 2180 1545 2235 alterationis
1587 2179 1822 2234 consilii.
1868 2178 1936 2234 At
1975 2178 2029 2233 in
2062 2179 2169 2234 Deo

596 2273 898 2328 deliberare
934 2288 1038 2327 non
1076 2273 1369 2328 humanam
1411 2273 1575 2329 habet
1608 2272 2042 2342 intelligentiam,
2094 2271 2169 2327 si-

594 2364 808 2432 quidem
883 2362 1025 2419 Deus
1080 2365 1239 2419 homo
1281 2378 1386 2419 non
1427 2372 1549 2419 est:
1605 2362 2015 2419 accommodate
2068 2362 2166 2431 igi-

599 2468 683 2508 tur
712 2455 777 2509 ad
810 2465 1034 2511 naturas
1077 2457 1350 2523 subiectas
1397 2457 1619 2512 verbum
1662 2455 1807 2512 istud
1864 2455 2168 2528 intelligen-

596 2548 720 2599 dum
756 2556 856 2601 est.

655 2636 828 2692 ΛΜΜ.
863 2637 1094 2693 Pulchre
1120 2638 1276 2695 dicis.

653 2728 928 2784 CllltlST.
978 2729 1103 2785 Fuit
1131 2732 1287 2787 nobis
1316 2732 1633 2802 aliquando,
1688 2747 1722 2788 o
1753 2732 1948 2803 amice,
2005 2735 2169 2792 etiam

2269 1997 2572 2070 ἀνθρώπων
2622 1996 2935 2068 λεγόμενον,
2974 1998 3186 2069 τροπήν
3237 2014 3296 2049 τε
3344 1996 3439 2050 καὶ
3476 1995 3538 2049 τὸ
3578 1994 3855 2065 μεταϐου-

2268 2092 2539 2157 λεύεσθαι,
2566 2091 2796 2163 παρέχει
2818 2093 2959 2145 νοεῖν
2978 2104 2993 2120 '
3026 2090 3118 2143 ἐπὶ
3143 2090 3202 2143 δὲ
3229 2088 3367 2143 Θεοῦ
3388 2088 3461 2143 ’τδ
3492 2086 3850 2159 βουλεύεσθαι

2268 2185 2369 2239 οὑκ
2401 2184 2725 2257 ἀνθρώπων,
2778 2184 2966 2252 ἐπειδὴ
3019 2182 3094 2254 μὴ
3141 2182 3423 2254 ἄνθρωπος
3456 2180 3485 2233 ὁ
3515 2180 3676 2243 Θεός·
3712 2196 3849 2233 κατ-

2268 2276 2511 2347 αλλὴλως
2579 2270 2673 2330 οῦν
2735 2279 2856 2339 ταῖς
2907 2275 3301 2348 ὑποκειμέναις
3355 2274 3549 2345 φύσεσι
3605 2273 3669 2327 τὸ
3722 2273 3849 2343 βου⁹

2268 2370 2519 2426 λεύεσθαι
2548 2370 2788 2441 νοητέον.

2338 2642 2516 2695 ΑΜΜ.
2551 2638 2745 2703 Καλῶς
2783 2639 2985 2707 λέγεις.
3066 2608 3073 2624 ’

2342 2733 2566 2787 ΧΡΙΣΤ.
2604 2731 2833 2800 Γέγονεν
2886 2732 3021 2801 ἡμῖν
3060 2746 3223 2794 ποτε,
3274 2722 3319 2781 ὧ
3352 2728 3556 2796 ἑταῖρε,
3591 2726 3686 2780 καὶ
3719 2726 3847 2795 περὶ

593 2825 661 2877 de
711 2821 994 2891 principali
1045 2830 1102 2877 et
1153 2824 1308 2878 beata
1358 2820 1627 2879 Trinitate
1666 2838 1891 2881 sermo:
1945 2836 2000 2882 et
2041 2841 2167 2883 vero

2271 2824 2367 2896 τῆς
2395 2824 2625 2895 ἀρχικῆς
2654 2824 2748 2876 καὶ
2779 2821 3052 2893 μακαρίας
3076 2822 3303 2892 Τριάδος
3338 2819 3497 2888 λόγος
3517 2833 3534 2850 '
3574 2820 3668 2873 καὶ
3695 2818 3844 2890 ἠξίου

594 2911 944 2982 philosophus
969 2912 1272 2983 postulabat
1296 2914 1458 2979 scire,
1503 2929 1612 2983 quo
1637 2925 1795 2984 pacto
1838 2917 2088 2973 eamdem
2120 2928 2167 2975 et

2276 2916 2567 2987 μανθάνειν
2600 2918 2627 2969 ὁ
2662 2916 2971 2986 φιλόσοφος,
2995 2916 3143 2978 ὅπως
3173 2913 3273 2984 τὴν
3301 2914 3495 2982 αὑτὴν,
3523 2913 3618 2966 καὶ
3642 2912 3847 2982 Τριάδα

596 3003 920 3059 Trinitatem
952 3012 1007 3059 et
1037 3004 1301 3059 unitatem
1328 3019 1448 3060 esse
1487 3006 1841 3063 dixeramus:
1885 3009 2000 3065 haec
2027 3011 2167 3066 enim

2272 3005 2449 3077 φαμὲν
2482 3003 2619 3061 εἶναι
2649 3007 2742 3059 καὶ
2774 3005 2977 3076 μονάδα
2999 3024 3013 3037 ·
3046 3003 3345 3075 ὰξὺμϐατα
3374 3003 3483 3073 γάρ
3515 3020 3636 3065 πως
3660 3000 3845 3068 ἔλεγεν

596 3111 702 3151 non
731 3109 853 3150 esse
875 3094 984 3150 ullo
1008 3095 1169 3149 modo
1199 3107 1563 3152 consentanea
1593 3113 1728 3170 prou
1744 3100 2013 3159 untiabat.
2061 3100 2167 3173 Ego

2272 3094 2410 3151 εἶναι
2458 3097 2649 3153 ταῦτα.
2706 3096 2849 3165 Ἐγὼ
2894 3096 2951 3149 δὲ
2982 3094 3119 3165 πρὸς
3167 3094 3363 3149 αὐτόν’
3419 3092 3628 3164 Τριάδα
3668 3091 3848 3161 φαμὲν

596 3195 776 3241 autem
832 3187 900 3243 ad
949 3186 1169 3256 ipsum:
1238 3186 1562 3243 Trinitatem
1612 3190 1843 3247 dicimus
1888 3206 2031 3257 esse,
2097 3192 2166 3247 nti

2272 3185 2431 3252 εἶναι,
2463 3183 2507 3243 ὦ
2537 3190 2708 3257 φίλος,
2744 3190 2800 3241 ὲν
2838 3188 3045 3260 μονάδι,
3075 3187 3171 3243 καὶ
3199 3185 3403 3258 μονάδα
3430 3187 3488 3239 ὲν
3522 3184 3702 3255 τριάδι
3724 3200 3739 3213 ·
3770 3181 3847 3251 τῷ

594 3276 921 3341 Christiane,
971 3254 1026 3331 in
1070 3277 1302 3343 unitate,
1347 3287 1404 3333 et
1443 3280 1705 3336 unitatem
1754 3282 1810 3337 in
1866 3254 2164 3352 Trinitate,

2271 3281 2369 3345 τὰς
2406 3281 2503 3351 μὲν
2547 3254 2873 3343 ὑποστάσεις
2909 3280 3059 3350 τρεῖς
3100 3254 3261 3343 εἶναι,
3292 3276 3387 3346 τὴν
3419 3275 3476 3328 δὲ
3521 3254 3709 3328 οὑσίαν
3746 3271 3847 3343 μό-

597 3377 886 3437 propterea
909 3370 1052 3439 quod
1088 3370 1408 3441 hypostases
1437 3372 1658 3442 quidem
1690 3385 1801 3431 tres
1829 3386 1976 3443 sunt,
2011 3378 2166 3434 unica

2271 3391 2390 3443 νην.
2454 3373 2517 3426 Ἦ
2564 3372 2672 3444 γὰρ
2719 3370 2861 3442 ἁρχὴ
2917 3369 3026 3423 τῶν
3071 3369 3244 3422 ὄντων
3285 3370 3319 3439 ἡ
3360 3368 3707 3438 γονιμωτάτῃ
3743 3365 3845 3432 φύ-

595 3466 776 3511 autem
808 3458 1070 3514 essentia.
1115 3457 1249 3515 Nam
1279 3462 1603 3534 principium
1660 3479 1844 3520 rerum
1895 3466 2171 3523 fecundis-

594 3552 733 3606 sima
761 3560 844 3607 est
873 3562 1092 3621 natura,
1128 3552 1344 3612 invidiae
1372 3571 1570 3627 expers
1601 3557 1839 3624 bonitas,
1872 3559 1994 3614 fons
2026 3560 2167 3625 vitae,

595 3642 901 3715 intelligens
930 3644 1134 3713 lumen,
1166 3644 1340 3715 ipsum
1365 3662 1639 3703 summum
1667 3650 1869 3705 bonum
1898 3663 1953 3705 et
1980 3666 2168 3717 unum,

595 3732 767 3803 prima
794 3749 959 3790 causa
988 3735 1103 3805 ipse
1129 3736 1221 3805 qui
1251 3747 1360 3803 est,
1407 3738 1661 3809 quodque
1689 3754 1815 3795 vere
1852 3749 1957 3804 est,
2000 3741 2171 3809 quod-

592 3840 702 3894 que
725 3841 940 3894 semper
965 3842 1025 3883 se
1049 3826 1240 3882 eodem
1266 3827 1425 3883 modo
1447 3828 1646 3883 habet:
1676 3845 1807 3885 sane
1831 3830 1973 3885 velut
1994 3844 2170 3896 mens,

594 3925 650 3971 ct
683 3915 845 3972 Pater
874 3916 1113 3973 Verbum
1144 3931 1413 3987 generans
1452 3935 1558 3973 non
1592 3920 2017 3988 pronuntiabile,
2070 3935 2169 3975 ne-

593 4023 703 4076 que
759 4023 975 4062 rursum
1031 4009 1327 4073 internum,
1385 4009 1476 4063 sed
1508 4009 1867 4065 substantiale
1908 4021 1964 4063 et
2010 4009 2063 4064 in
2114 4024 2172 4065 se

593 4101 923 4164 consistens,
975 4098 1323 4169 ejusdemque
1356 4113 1478 4154 cum
1527 4099 1644 4170 ipso
1684 4099 2045 4154 substantiae:
2103 4101 2172 4153 ab

593 4198 805 4243 aeterno
851 4198 905 4242 et
953 4198 1312 4254 comternum,
1360 4188 1559 4259 quippe
1590 4190 1830 4258 ejusdem
1877 4205 2003 4244 cum
2056 4191 2171 4262 ipso

596 4280 843 4346 tleitalis,
874 4294 982 4334 non
1015 4280 1232 4349 quidem
1263 4281 1559 4351 hypostasi,
1589 4280 1682 4334 sed
1717 4282 2022 4337 substantia
2054 4300 2067 4336 :
2120 4295 2175 4338 et

598 4370 760 4423 aliam
795 4369 1116 4441 hypostasin
1152 4372 1221 4425 ab
1247 4381 1452 4426 :eteruo
1484 4370 1789 4440 Producens
1815 4372 1916 4427 sibi
1954 4373 2077 4442 ipsi,
2119 4386 2174 4430 et

597 4460 779 4517 Verbo
827 4462 1344 4518 consubstantialem
1369 4481 1383 4517 :
1413 4478 1570 4535 quem
1599 4479 1729 4519 sane
1753 4462 2011 4534 Spiritum
2038 4481 2164 4521 san-

595 4564 745 4609 etum
784 4554 961 4609 divina
990 4564 1181 4609 vocant
1212 4555 1451 4623 oracula,
1505 4556 1667 4610 simul
1694 4572 1799 4610 una
1836 4572 1959 4612 cunt
2014 4556 2173 4614 Verbi

595 4659 650 4702 et
693 4645 814 4702 Filii
853 4656 1020 4717 atque
1060 4646 1354 4718 Sapientiae
1385 4649 1762 4719 generatione,
1817 4651 2027 4720 absque
2062 4652 2170 4705 ullo

594 4741 741 4795 ﬂuxu
777 4740 1097 4796 ctsectioue
1129 4752 1186 4798 et
1231 4742 1624 4799 exinanitione.
1675 4743 1825 4814 (litec
1876 4745 2018 4800 enim
2046 4756 2172 4800 sunt

593 4849 882 4903 corporum
912 4832 1271 4904 all‘ectiones.)
1317 4835 1492 4905 Supra
1523 4851 1718 4898 :rvum,
1762 4846 1818 4891 et
1868 4847 2083 4905 tempus
2118 4846 2172 4891 et

595 4940 759 4980 omne
788 4928 1024 4995 spatium
1058 4927 1199 4997 quod
1224 4927 1405 4981 animo
1444 4927 1633 4997 agitari
1674 4927 1871 4993 valeat,
1922 4943 2062 4982 unus
2091 4936 2173 4982 est

596 5034 718 5071 ctnn
754 5016 933 5074 Verbo
971 5032 1026 5074 et
1053 5018 1280 5091 Opiﬁce,
1312 5029 1366 5075 et
1416 5018 1717 5091 Sapientia,
1746 5030 1799 5074 et
1831 5020 2015 5076 divino
2051 5018 2174 5089 Spi-

669 5139 781 5209 (46)
812 5140 925 5194 Οὑκ
960 5142 1403 5210 interposuimus.
1439 5140 1573 5194 Tan.

600 5282 643 5337 Β
670 5211 780 5280 (47)
824 5211 880 5264 lu
926 5228 1071 5265 tuan.
1118 5213 1345 5280 Anglico
1394 5212 1714 5280 legebatur:
1751 5210 1798 5263 εἰ
1842 5210 1909 5282 δὴ
1933 5210 1995 5263 οὑ
2048 5228 2165 5267 συν.

648 5299 735 5337 oc.

648 5299 735 5339 UC.

673 5352 785 5422 (48)
823 5349 1525 5422 Generamissimunatura.
1552 5350 1645 5422 _De
1678 5348 1953 5422 Trinitate
1991 5350 2171 5406 divina

563 5419 774 5484 [instar
815 5424 1053 5476 omnium
1100 5423 1211 5476 sint
1265 5420 1451 5475 Hilarii
1510 5419 1663 5484 libri,
1710 5421 1819 5474 sint
1873 5421 2171 5475 Athanasio

600 5492 847 5557 ascripti,
876 5493 986 5545 sint
1009 5508 1128 5559 quae
1152 5502 1338 5547 contra
1366 5491 1595 5546 Arianos
1621 5491 1959 5558 scripserunt
1992 5490 2166 5546 ϐπερὶ

600 5563 889 5631 Latinique
933 5562 1140 5625 Patres,
1193 5562 1299 5615 sint
1355 5577 1477 5631 qua:
1524 5570 1710 5615 contra
1741 5560 1956 5615 Iutheos
1988 5562 2164 5615 omnis

600 5635 774 5688 attatis
822 5643 1072 5686 auctores
1116 5642 1172 5686 et
1221 5642 1563 5695 tractatores,
1595 5632 1758 5685 etiam
1809 5647 1927 5698 qua:
1982 5641 2161 5698 poste-

603 5706 775 5759 riores
801 5702 973 5758 Graeci
1004 5711 1190 5757 contra
1227 5706 1533 5758 Saracenos
1572 5703 2003 5771 disputaverunt,
2047 5702 2161 5756 the-

602 5774 744 5829 sauri
780 5774 957 5829 omnis
986 5774 1138 5827 bona:
1170 5775 1448 5826 doctrinm.
1494 5772 1723 5827 Pulchra
1775 5773 2160 5826 demonstratio

601 5845 833 5917 primum
881 5844 1010 5912 Dei,
1064 5844 1250 5900 deinde
1300 5842 1602 5909 Trinitatis,
1635 5843 1773 5913 apud
1815 5840 2156 5897 Theodorum

2273 3483 2355 3528 σις
2389 3464 2521 3536 (48),
2579 3466 2613 3535 ἡ
2663 3463 2894 3533 ἄφθονος
2949 3462 3253 3532 άγαθότης,
3290 3463 3325 3532 ἡ
3356 3461 3508 3533 πηγὴ
3550 3460 3649 3529 τῆς
3679 3458 3846 3529 ζωῆς.

2269 3556 2331 3609 τὸ
2356 3557 2540 3627 νοερὸν
2566 3556 2700 3625 φῶς,
2730 3555 2861 3609 αὐτὸ
2886 3555 3124 3624 τάγαθὸν
3155 3555 3252 3608 καὶ
3281 3554 3361 3621 ἓν,
3390 3556 3426 3621 ἡ
3456 3552 3651 3626 πρώτη
3674 3552 3845 3618 αἰτία,

2271 3648 2299 3700 ό
2332 3646 2427 3714 ὣν,
2457 3648 2631 3703 καὶτὸ
2659 3648 2827 3711 ὄντως
2855 3647 2936 3712 ὃν,
2969 3647 3060 3702 καὶ
3093 3648 3182 3702 ἀεὶ⁸
3202 3646 3467 3710 ὡσαύτως
3489 3645 3635 3716 ἔχον,
3668 3640 3756 3699 οἷα
3783 3646 3848 3715 δὴ

2273 3737 2417 3803 νοῦς,
2464 3737 2559 3791 καὶ
2612 3738 2803 3808 Πατὴρ
2853 3738 3024 3806 Λόγον
3055 3737 3345 3807 γεννήσας,
3400 3735 3462 3789 οὑ
3493 3734 3847 3806 προφορικδν,

2271 3828 2380 3882 οὐδ’
2411 3828 2480 3882 αῦ
2520 3828 2842 3894 ἐνδιάθετον,
2878 3829 2995 3882 ἀλλ’
3037 3828 3271 3899 οὑσιὼδη
3302 3843 3364 3880 τε
3413 3826 3509 3880 καὶ
3554 3825 3849 3880 ἑνυπόστα-

2274 3937 2385 3981 τον,
2424 3919 2517 3973 καί
2561 3920 2661 3988 τῆς
2703 3921 2874 3992 αὐτῆς
2903 3920 3093 3983 οὐσίας
3130 3920 3313 3992 αὑτῷ·
3344 3921 3405 3986 ἐξ
3434 3921 3608 3975 ἀϊδίου
3651 3937 3710 3973 τε
3760 3920 3850 3973 καὶ

2276 4009 2543 4072 συναῒδιος
2572 4004 2661 4063 οἷα
2688 4010 2787 4081 τῆς
2837 4010 3008 4081 αὑτῆς
3038 4010 3168 4064 ὄντα
3203 4012 3461 4083 θεότητος
3492 4011 3662 4082 αὑτῷ,
3693 4012 3754 4065 οὑ
3782 4015 3848 4080 τῇ

2274 4099 2607 4162 ὑποστάσει,
2654 4102 2719 4171 τῇ
2760 4101 2920 4171 οὐσίᾳ
2948 4100 3036 4166 δὲ,
3073 4103 3167 4156 καὶ
3212 4102 3408 4175 ἑτέραν
3457 4103 3756 4157 ὑπόστασιν
3792 4101 3850 4165 ἐξ

2275 4190 2445 4244 ἀϊδίου
2495 4189 2965 4262 προϐαλλόμενος,
3000 4190 3290 4263 ὁμοοὺσιον
3337 4193 3488 4263 αὐτῷ
3524 4210 3586 4246 τε
3634 4193 3727 4246 καὶ
3772 4191 3849 4261 τῷ

2276 4282 2464 4352 Λόγῳο
2496 4283 2525 4336 ὃ
2560 4282 2622 4353 δὴ
2652 4283 2878 4354 Πνεῦμα
2902 4282 3057 4351 ἅγιον
3086 4284 3155 4337 τὰ
3184 4283 3303 4337 θεῖα
3337 4284 3494 4338 καλεῖ
3526 4284 3702 4352 λόγια,
3736 4285 3850 4353 ἅμα

2274 4378 2340 4446 τῇ
2373 4375 2466 4429 τοῦ
2505 4376 2678 4443 Λόγου
2729 4376 2824 4429 καὶ
2878 4376 3009 4429 Υίοῦ
3049 4377 3145 4431 καὶ
3181 4376 3279 4446 τῆς
3328 4378 3532 4446 Σοφίας
3580 4378 3847 4446 γεννήσει,

2276 4466 2446 4537 χωρίς
2486 4484 2631 4530 τινος
2684 4467 2955 4537 ῥεύσεως,
3000 4471 3094 4523 καὶ
3155 4470 3351 4540 τομῆς,
3400 4470 3495 4523 καὶ
3548 4468 3847 4529 κενώσεως.

2206 4591 2250 4647 D
2278 4557 2464 4613 Ταῦτα
2495 4558 2604 4630 γὰρ
2636 4560 2906 4629 σωμάτων
2943 4561 3243 4631 παθήματα
3262 4576 3277 4591 ⁸
3314 4560 3455 4630 ὑπὲρ
3484 4560 3657 4614 aliIn/:1
3681 4577 3737 4612 τε
3762 4560 3851 4612 καὶ

2281 4648 2492 4720 χρόνον,
2532 4649 2627 4703 καὶ
2671 4652 2781 4704 πᾶν
2809 4652 3085 4723 διάστημα
3134 4651 3373 4706 νοεῖσθαι
3417 4652 3733 4723 δυνάμενον,
3775 4646 3851 4714 εἷς

2282 4745 2398 4796 ἐστι
2440 4741 2578 4812 μετὰ
2619 4742 2713 4795 τοῦ
2750 4742 2922 4812 Λόγου
2956 4746 3051 4797 καὶ
3095 4743 3442 4816 Δημιουργοῦ
3477 4745 3571 4797 καὶ
3618 4745 3718 4813 τῆς
3757 4744 3853 4797 Σο-

2280 4834 2408 4904 φίας
2450 4835 2544 4891 καὶ
2574 4833 2667 4887 τοῦ
2703 4834 2848 4888 θείου
2884 4836 3223 4906 Πνεῦματος,
3269 4838 3345 4901 ὼς
3371 4840 3457 4900 είς
3485 4836 3659 4891 αίτιον
3695 4837 3852 4890 αὑτὸν

2279 4927 2734 4999 ἀναφερομένων
2774 4927 2869 4980 τοῦ
2920 4928 3019 4998 μὲν
3066 4929 3434 5000 γεννητικῶς,
3474 4928 3569 4982 τοῦ
3613 4929 3669 4982 es
3718 4929 3851 4998 προ-

2278 5018 2471 5083 οδικῶς
2510 5019 2654 5089 (49),
2686 5018 2862 5074 εἴτουν
2892 5022 3315 5093 ὲκπορευτικῶς.
3362 5021 3533 5092 Εἴπερ
3578 5021 3745 5090 Σοφία
3794 5040 3849 5075 τε

2273 5142 2582 5265 All-illicagam
2617 5140 2796 5197 libello
2827 5142 2969 5213 Πρὸς
2998 5142 3091 5195 τὸν
3122 5141 3218 5196 τοῦ
3246 5141 3465 5221 δρόμου.
3516 5142 3770 5212 Ἐμέσης,
3803 5152 3853 5197 ct

2273 5227 2340 5264 at
2387 5228 2421 5264 ι.
2503 5228 2554 5264 .t.

2273 5227 2421 5264 ὶΗΙυΙ.
2458 5227 2554 5264 DA.

2344 5280 2455 5353 (t9)
2490 5280 2904 5353 Emendavimus
2940 5297 3004 5353 ex
3039 5281 3206 5353 Regio
3231 5282 3595 5352 manuscripto
3629 5282 3693 5336 ll.
3732 5281 3773 5335 ll
3802 5291 3853 5337 et

2271 5351 2519 5423 Anglico,
2554 5351 2650 5423 τοῦ
2685 5352 2785 5423 μὲν
2816 5351 3144 5423 πρωδικῷςξ
3197 5369 3319 5407 ettm
3368 5351 3591 5423 essetin
3618 5353 3853 5423 editione

2274 5421 2315 5475 Τ
2322 5437 2348 5471 a
2360 5437 2403 5473 r.
2426 5422 2782 5491 προσοδικῶς.
2813 5420 2903 5477 Sic
2930 5425 2994 5476 de
3028 5422 3229 5491 Spiritu
3254 5431 3441 5477 sancto
3461 5422 3696 5491 loquitur
3717 5420 3854 5477 Cott-

2274 5491 2456 5544 cilinut
2510 5491 2877 5546 Florentinum
2920 5508 3059 5547 sess.
3110 5492 3202 5557 9.0,
3230 5508 3282 5561 p.
3313 5492 3416 5547 464
3447 5493 3698 5548 editionis
3744 5492 3853 5546 Ro-

2274 5576 2493 5633 manae;
2534 5562 2695 5615 Ὥστε
2738 5563 2836 5633 τὴν
2865 5561 3018 5626 τάξιν
3061 5563 3160 5632 τῆς
3190 5563 3419 5633 προόδου
3469 5562 3621 5617 οὐδὲν
3666 5563 3853 5633 ἕτερον

2275 5625 2477 5705 εξναιῆ
2524 5625 2814 5705 πρόσωπον
2859 5625 3363 5705 ἓτερον-ὲξήἐτέρου
3412 5633 3715 5705 λαμϐάνειν
3761 5625 3850 5700 ἆφ*

2269 5693 2329 5751 οὗ
2378 5693 2493 5752 ἐστί
2529 5693 2659 5753 ;Ἰια
2709 5714 2765 5754 ut
2819 5693 3176 5768 productionis
3231 5693 3359 5757 ordo
3408 5693 3544 5756 nillil
3594 5703 3744 5756 aliud
3784 5693 3848 5755 ιῖι

2268 5786 2427 5835 quam
2478 5788 2634 5823 unum
2676 5788 2951 5839 personant
2999 5790 3107 5828 case
3139 5790 3201 5827 ea:
3249 5773 3374 5839 alia,
3410 5782 3457 5826 cl
3507 5784 3748 5828 naturain
3786 5771 3847 5826 ab

2266 5857 2324 5894 eo
2348 5857 2377 5893 a
2398 5856 2497 5909 quo
2528 5850 2602 5896 ea!
2629 5844 2874 5911 accipere.
2906 5842 3033 5898 Duc.
