4154 6564
295 461 433 527 1117

1321 461 1775 522 DISPUTATIO
1821 461 1918 520 DE
1956 459 2209 520 MUNDI
2243 460 2593 523 OPIFICIO.

3423 460 3560 527 1118

291 577 392 630 καὶ
420 575 616 644 Λόγος,
652 572 976 645 ἡγεμονεύει
1007 574 1110 645 τῆς
1145 575 1458 638 συστάσεως
1487 575 1583 629 καὶ
1609 575 1875 646 δημιουρ-

1995 574 2113 638 ιίιιι,
2172 574 2281 630 illis
2329 576 2381 629 in
2431 576 2607 644 ipsmn
2636 576 2790 646 quasi
2843 579 2894 632 iu
2939 593 3158 634 causam
3211 579 3418 650 relatis,
3462 581 3560 636 illo

293 663 423 735 γίας
472 663 568 718 καὶ
612 662 926 730 οὑσιὼσεως
969 664 1078 718 τῶν
1123 665 1327 718 ὄντων’
1385 663 1614 736 Πνεῦμα
1643 664 1700 718 δὲ
1733 664 1877 720 θεῖόν

295 761 416 813 ὲστι
444 757 504 810 τὸ
544 756 785 826 ὲμπνέον
837 756 1041 820 πάσαις
1084 759 1208 820 ταῖς
1247 757 1492 825 λογικαῐς
1523 758 1616 810 καὶ
1663 760 1878 829 νοεραῖς

294 850 530 913 οὐσίαις,
557 848 649 902 καὶ
680 847 742 901 τὸ
767 846 1112 902 τελειωτικὺν
1139 849 1238 919 τῆς
1267 848 1473 902 τούτων
1505 849 1876 912 ὑποστάσεως.

297 941 405 995 Τὸν
428 937 520 994 οὖν
558 939 780 1013 Πατέρα
803 939 898 993 τοῦ
929 939 1104 1007 Λόγου
1138 939 1235 993 καὶ
1263 940 1362 1010 τῆς
1388 940 1589 1010 Σοφίας
1619 941 1714 995 καὶ
1744 957 1880 1014 προ-

299 1033 463 1087 ϐολὲα
498 1030 594 1085 τοῦ
642 1029 962 1102 Πνεύματος
1006 1029 1101 1083 τοῦ
1147 1029 1306 1098 ἁγίου
1334 1030 1470 1100 (50),
1505 1034 1604 1104 τὴν
1654 1031 1882 1103 πρώτην

299 1124 483 1178 αἰτίαν
508 1121 622 1196 (51)
666 1122 762 1176 καλ¹
799 1123 980 1192 ἀρχήν
1010 1138 1191 1192 φαμεν
1219 1119 1474 1191 θεότητος
1503 1116 1664 1175 εἶναι·
1699 1120 1875 1192 ἀρχὴν

299 1217 528 1287 ἄχρονον
551 1216 650 1287 τῆς
675 1216 732 1269 ἑν
776 1214 890 1282 Υἱῷ
930 1231 991 1268 τε
1036 1215 1130 1269 καὶ
1159 1213 1437 1283 Πνεύματι
1467 1211 1875 1284 θεωρουμένης,

1981 667 2199 738 quidem
2260 681 2358 737 per
2409 667 2627 722 modum
2683 671 3070 738 generationis,
3133 672 3236 728 hoc
3287 687 3416 727 vero
3463 688 3564 743 per

1991 759 2212 814 modum
2249 758 2647 828 progressionis
2706 760 2820 814 sive
2851 762 3234 829 processionis.
3277 761 3557 833 Siquidem

1987 849 2262 920 Sapientia
2299 859 2354 904 et
2387 848 2624 906 Verbum
2678 859 2877 918 praeest
2909 853 3287 909 constitutioni
3339 865 3395 911 et
3441 855 3566 926 ορίο

1987 941 2110 997 licio
2142 952 2198 997 et
2223 941 2590 1011 procreationi
2620 956 2800 997 rerum
2831 959 2844 996 :
2878 941 3114 1012 Spiritus
3141 955 3322 1000 autem
3351 945 3565 1001 divinus

1987 1032 2220 1102 inspirat
2252 1032 2522 1089 universis
2547 1034 2800 1089 essentiis
2833 1033 3057 1089 rationis
3084 1043 3140 1090 et
3186 1035 3560 1107 intelligentia:

1982 1124 2355 1194 participibus,
2375 1135 2426 1181 et
2445 1125 2654 1196 perlicit
2673 1125 3325 1183 illarnmsnbsistentiam.
3345 1127 3560 1183 Patrem

1984 1231 2114 1287 ergo
2137 1215 2296 1272 Verbi
2327 1226 2382 1273 et
2414 1218 2704 1288 Sapientia:
2732 1229 2788 1274 et
2820 1234 2886 1274 ex
2914 1235 3024 1290 quo
3048 1219 3291 1290 procedit
3329 1219 3565 1290 Spiritus

301 1303 336 1383 ᾖ
368 1308 534 1378 φησιν
561 1309 589 1360 ὁ
613 1307 880 1378 ἡμέτερος
907 1305 1165 1374 Θεολόγοε.
1196 1306 1236 1358 Γ
1243 1304 1499 1377 ρηγόριος
1524 1303 1661 1374 (52)-
1690 1303 1880 1369 οὕτως

1995 1318 2236 1375 sanctus,
2264 1310 2430 1382 286
2450 1312 2676 1380 primam
2694 1326 2912 1367 causam
2933 1322 2986 1366 et
3006 1311 3567 1382 principiumdicimns

303 1399 338 1469 ἡ
368 1397 614 1468 μακαρία
648 1398 743 1451 καὶ
779 1397 1132 1469 ἀρχικωτάτη
1180 1395 1372 1466 Τριάς,
1404 1395 1498 1448 καὶ
1546 1395 1705 1466 τριάς
1756 1397 1877 1449 ἐστι

1995 1399 2205 1455 deitatis
2253 1417 2396 1466 esse,
2454 1403 2779 1473 principium
2831 1419 3026 1460 carens
3090 1415 3375 1476 tempore:
3444 1419 3566 1474 qua:

305 1490 398 1544 καὶ
427 1490 586 1553 ἑνάςο
621 1489 762 1559 μήτε
797 1491 878 1554 είς
923 1488 1129 1560 πλῆθος
1177 1487 1375 1557 ἄλογον
1420 1487 1514 1542 καὶ
1569 1485 1881 1557 Ἑλληνικὸν

1995 1490 2162 1547 deitas
2187 1492 2238 1548 in
2270 1493 2410 1549 Filio
2439 1506 2494 1550 et
2519 1494 2726 1566 Spiritu
2758 1507 3055 1568 spectatur,
3107 1498 3564 1570 quemadmodum

301 1579 763 1652 διεσκεδασμένηο
821 1579 991 1652 μονάς
1041 1581 1170 1653 γάρ.
1220 1581 1376 1652 Μήτε
1426 1581 1528 1651 μιᾷ
1585 1579 1881 1632 ὑποστάσει

1995 1582 2229 1652 loquitur
2255 1595 2438 1642 noster
2468 1587 2778 1659 Tlteologus
2811 1589 3132 1660 Gregorius.
3187 1590 3278 1645 Sic
3310 1591 3468 1646 beata
3513 1598 3567 1646 et

303 1673 730 1746 περικλειομένη
763 1672 1040 1744 φθονερῶς
1061 1673 1155 1726 καὶ
1195 1671 1522 1736 Ἰουδαῖκώςο
1554 1668 1714 1740 τριὰς
1747 1669 1880 1741 γάρ.

1995 1675 2440 1746 principalissima
2470 1679 2734 1746 Trinitas,
2787 1688 2844 1736 et
2881 1683 3096 1738 trinitas
3123 1693 3207 1737 est
3237 1690 3292 1737 et
3339 1681 3520 1736 unitas
3549 1700 3562 1734 :

306 1781 413 1822 non
443 1766 494 1821 in
525 1765 920 1821 multitudinem
947 1765 1178 1820 alienam
1210 1778 1240 1818 a
1273 1764 1487 1819 ratione
1521 1771 1576 1818 et
1606 1775 1874 1833 paganam
1908 1763 2192 1836 dispersa:
2232 1770 2414 1826 unitas
2467 1773 2633 1840 enim,
2669 1788 2844 1844 neque
2909 1774 3066 1831 unica
3102 1774 3409 1846 "hypostasi
3444 1790 3568 1829 cou-

305 1859 481 1924 elnsa,
509 1858 687 1914 invide
715 1868 767 1915 et
789 1856 1012 1914 Judaice
1041 1875 1056 1911 :
1089 1855 1307 1912 trinitas
1336 1857 1480 1912 enim
1512 1863 1620 1910 est.

377 1951 553 2008 AMM.
601 1949 832 2013 Οὐκοῦν,
871 1946 908 2019 ἦ
937 1948 981 2002 δ’
1015 1947 1094 2012 ὃς,
1134 1949 1257 2011 ταῖς
1293 1947 1391 2019 μὲν
1422 1945 1755 2001 ὑποστάσεσι
1793 1944 1890 1998 καὶ

2063 1944 2237 2003 Mli].
2291 1946 2465 2019 lgilur
2498 1950 2870 2007 subsistentiis
2916 1952 3031 2007 sive
3080 1953 3460 2024 bypostasibns
3511 1965 3570 2013 et

307 2045 387 2118 τῷ
411 2043 650 2116 ἀριθμῷ,
690 2042 820 2115 τρία
851 2039 961 2112 (55)
995 2038 1172 2093 ταῦτά
1198 2055 1288 2108 γε,
1311 2041 1378 2110 τῇ
1404 2038 1462 2091 δὲ
1495 2036 1658 2110 οὑσίᾳ
1682 2036 1763 2091 ἓν.

382 2137 604 2192 ΧΡΙΣΤ.
647 2131 936 2202 ’Δνεδόησε
971 2131 1244 2201 πάμμεγα
1270 2130 1364 2184 καὶ
1390 2130 1750 2200 ἀνευφήμησε
1779 2128 1887 2182 τῶν

307 2227 594 2300 ἀκροατῶν
636 2227 664 2280 ὁ
708 2224 982 2294 σύλλογος,
1021 2224 1162 2295 μετά
1188 2240 1332 2284 τινος
1362 2221 1562 2293 ἡδονῆς
1591 2221 1686 2274 καὶ
1715 2221 1886 2292 χάρι-

307 2336 420 2382 τος.
450 2317 614 2371 Τουτὶ
638 2317 744 2387 γὰρ
769 2314 798 2369 6
825 2317 958 2386 ἡμῖν
983 2315 1010 2368 ὁ
1042 2313 1199 2383 λόγος
1220 2312 1498 2367 δεικνύναι
1527 2311 1885 2374 ἐσπούδαζεν,

307 2412 337 2464 6
364 2409 650 2481 φιλόσοφος
700 2406 979 2478 συνήγαγέ
1023 2423 1084 2459 τε
1133 2407 1226 2458 καὶ
1278 2403 1666 2475 συνεπὲρανεν.
1715 2401 1773 2456 ’0
1830 2401 1887 2455 δὲ

310 2501 705 2574 ὑπομειδιάσας
755 2499 898 2571 μάλα
933 2517 985 2553 τι
1033 2497 1328 2570 σαρδώνιον
1385 2495 1500 2567 (54)
1553 2494 1693 2566 μετά
1741 2512 1889 2558 τινος

310 2596 675 2670 ἐρυθήματος,
695 2595 927 2659 ἐσιώπα,
951 2593 1048 2646 καὶ
1077 2590 1265 2662 ἑτέρου
1299 2588 1476 2660 εἴχετο
1496 2588 1680 2656 λόγου.
1717 2580 1888 2642 Αὑταί

314 2705 407 2759 μοι
429 2689 576 2758 τρεῖς
603 2685 862 2755 γεγόνασι
883 2683 1020 2755 πρὸς
1041 2681 1204 2737 αὑτὸν
1226 2679 1529 2734 συνουσίαν
1559 2679 1652 2732 δύο
1679 2681 1778 2750 μὲν
1792 2676 1887 2732 τοῦ

309 2779 539 2853 οὐρανοῦ
561 2779 687 2852 πέρι
713 2778 806 2832 καὶ
836 2777 931 2830 τοῦ
958 2773 1118 2841 Θεοῦ,
1163 2775 1239 2838 ὡς
1263 2774 1324 2828 οὑ
1352 2773 1624 2836 συνατδιος
1649 2771 1730 2842 τῷ
1762 2770 1886 2842 Θεῷ

311 2875 400 2930 ὅδε
448 2874 476 2927 δ
507 2871 714 2943 κόσμος
736 2886 752 2903 ⁶
792 2868 892 2940 μία
921 2867 1051 2940 περὶ
1073 2867 1174 2938 τῆς
1202 2865 1480 2937 μακαρίας
1508 2864 1604 2917 καὶ⁹
1653 2863 1889 2934 ἀρχικῆς

311 2966 542 3037 Τριάδος
561 2983 575 2996 ’
619 2966 790 3036 ἤγουν
828 2962 1059 3032 τρισσῆς
1088 2959 1276 3023 ἐνάδος
1303 2975 1365 3012 τε
1415 2956 1510 3011 καὶ
1542 2955 1794 3027 μονάδος.
1820 2984 1892 2997 -

312 3041 570 3129 ὶέγάνασί
602 3074 695 3127 μοι
725 3055 821 3111 καὶ
843 3055 998 3110 mat
1019 3052 1210 3106 πολλαὶ
1239 3051 1443 3124 ἑτέρων
1464 3050 1592 3122 πέρι
1622 3047 1892 3120 δοξασμά-

315 3169 430 3206 των
454 3150 742 3223 ἡμετέρων
775 3165 833 3201 τε
860 3147 954 3200 καὶ
985 3143 1316 3216 Ἑλληνικῶν
1337 3160 1352 3175 ο
1387 3143 1502 3198 ἀλλ’
1526 3141 1602 3206 ὡς
1627 3141 1780 3195 οὐδὲν
1811 3138 1891 3210 τῷ

312 3242 666 3316 προκειμένῳ
699 3241 1076 3310 σπουδάσματι
1129 3237 1221 3292 καλ¹
1253 3237 1576 3309 θεωρήματι
1606 3231 1890 3287 συντελού-

1991 2040 2237 2095 numeris
2293 2043 2394 2095 tria
2430 2043 2543 2098 lucc
2573 2054 2734 2109 sunt,
2783 2045 3088 2100 substantia
3133 2055 3315 2101 autem
3369 2064 3560 2106 unum.

2061 2128 2335 2187 CllRlST.
2391 2131 2558 2189 Valde
2593 2135 2920 2190 exclamavit
2962 2145 3016 2190 et
3059 2136 3296 2192 laudavit
3340 2143 3556 2195 audito—

1990 2237 2109 2278 rum
2142 2237 2342 2278 corona
2376 2239 2498 2279 cum
2527 2226 2759 2295 quadam
2794 2227 3066 2297 voluptate
3093 2237 3145 2283 et
3177 2231 3372 2297 gratia.
3405 2231 3555 2287 Istud

1989 2315 2134 2370 enim
2165 2315 2340 2385 ipsum
2374 2316 2516 2385 quod
2561 2317 2845 2372 studebam
2883 2335 3001 2373 mea
3050 2321 3298 2376 oratione
3346 2324 3572 2378 demon-

1989 2415 2186 2471 strare,
2219 2407 2577 2476 philosophus
2607 2409 2830 2478 collegit
2857 2419 2912 2464 et
2944 2411 3231 2466 conclusit.
3266 2413 3358 2468 llle
3387 2424 3567 2470 autem

1990 2496 2281 2554 subridens
2327 2499 2484 2554 valde
2522 2501 2688 2555 etiam
2725 2502 3010 2556 sardonice
3041 2517 3162 2556 cum
3193 2505 3427 2571 quodam
3477 2522 3570 2559 ru-

1991 2590 2124 2645 bore
2155 2588 2393 2654 tacebat,
2439 2598 2495 2646 et
2525 2590 2682 2646 alteri
2731 2592 2969 2646 sermoni
3027 2593 3333 2650 insistebat.
3392 2597 3573 2667 Atque

1991 2681 2078 2736 ha:
2124 2689 2235 2737 tres
2281 2680 2499 2748 qnidern
2534 2680 2756 2737 fuerunt
2798 2699 2920 2738 cum
2967 2685 3087 2755 ipso
3132 2690 3567 2757 congressiones.

1993 2771 2120 2826 Duae
2143 2771 2362 2840 quidem
2398 2771 2466 2827 de
2513 2772 2655 2828 caelo
2681 2783 2736 2826 et
2783 2773 2934 2828 Deo:
2987 2776 3246 2831 mundum
3290 2778 3435 2833 lmnc
3465 2795 3572 2834 non

1991 2875 2114 2918 esse
2144 2861 2258 2917 Deo
2303 2871 2630 2918 coaternum
2656 2879 2671 2930 ;
2716 2879 2820 2918 una
2848 2873 3026 2920 autem
3055 2869 3121 2922 de
3145 2867 3306 2924 beata
3335 2879 3391 2924 et
3421 2871 3575 2940 prin-

1992 2953 2152 3023 cipali
2190 2951 2487 3020 Trinitate,
2537 2969 2732 3025 nempe
2776 2955 2974 3026 triplici
3022 2957 3254 3024 unitate,
3289 2971 3342 3014 et
3387 2963 3576 3032 singu-

1993 3045 2233 3102 laritate.
2294 3075 2366 3086 —
2413 3045 2587 3102 Habui
2635 3056 2692 3102 et
2720 3047 2859 3103 alias
2886 3049 3082 3104 multas
3112 3050 3178 3105 de
3204 3051 3326 3106 aliis
3356 3063 3578 3107 senten-

1995 3137 2109 3204 tiis,
2157 3148 2264 3192 tam
2311 3139 2517 3194 nostris
2546 3153 2707 3208 quam
2737 3141 2999 3210 paganis;
3042 3142 3138 3196 sed
3167 3142 3292 3212 quia
3327 3143 3458 3198 nihil
3493 3145 3578 3199 in-

1995 3227 2200 3284 stituta:
2241 3229 2552 3284 tractationi
2593 3238 2650 3284 et
2682 3231 3126 3301 contemplationi
3161 3233 3469 3302 conferunt,
3519 3237 3576 3292 in

313 3355 449 3403 σας,
484 3336 695 3407 σιωπᾷν
736 3335 796 3398 ἐς
850 3333 912 3386 τὸ
957 3331 1132 3402 παρὸν
1180 3329 1344 3384 καλὸν
1397 3323 1537 3381 εἷναί
1573 3343 1665 3396 μοι
1717 3323 1882 3389 εδοξε.

1995 3333 2229 3388 praesens
2255 3329 2436 3376 tacere
2463 3320 2734 3389 integrum
2764 3323 2915 3377 duxi.
2951 3321 3042 3378 Vis
3061 3323 3249 3392 igitur,
3283 3328 3352 3380 mi
3381 3329 3575 3393 homo,

313 3428 505 3483 Βούλει
548 3423 663 3493 οὖν,
697 3419 743 3480 ὧ
781 3425 965 3495 φίλος,
1010 3420 1302 3493 ἀρκεσθεὶς
1332 3417 1495 3474 τανῦν
1524 3419 1638 3480 τοῖς
1668 3415 1895 3486 εἰρημέ-

314 3537 452 3585 νοις,
499 3518 595 3572 καῖ¹
645 3516 952 3588 πυθόμενος
979 3515 1091 3568 τῶν
1115 3513 1252 3587 πρὸς
1271 3513 1362 3566 τὸν
1397 3510 1688 3582 φιλόσοφον
1721 3507 1897 3576 λόγων

314 3609 831 3681 ἀναχωρεϊνιοίκαδε
853 3623 869 3675 ;

387 3726 450 3778 Β.
485 3723 774 3796 Οὐδαμῶς,
807 3718 852 3776 ὦ
899 3721 1142 3794 μακάριε
1164 3735 1178 3750 ·
1208 3721 1303 3775 καὶ
1331 3719 1498 3775 αὑτὸν
1526 3720 1636 3790 γάρ
1674 3735 1764 3789 μοι
1804 3715 1898 3769 τὸν

316 3815 602 3886 κολοφῶνα
642 3815 745 3884 τῆς
785 3813 1044 3885 ἀπορίας,
1082 3810 1345 3882 βούλομαί
1386 3827 1448 3863 σε
1485 3808 1587 3880 τῆς
1622 3809 1762 3880 ἐμῆς
1787 3807 1895 3861 ἀπ-

314 3911 510 3966 ελάσαι
533 3910 710 3980 ψυχῆς
731 3923 746 3937 ⁸
776 3907 1033 3978 ἀγχίνους
1059 3904 1169 3978 γὰρ
1189 3900 1239 3958 εἷ
1259 3905 1354 3958 καὶ
1379 3903 1541 3973 σοφὸς
1562 3901 1894 3973 δημηγόρος.

387 4003 454 4056 Δ.
499 3999 662 4053 Ἀλλά
705 3997 932 4061 τούτους
965 3998 1015 4064 γ’
1060 3996 1125 4049 ἔα
1155 3995 1366 4066 χαίρειν
1397 3993 1524 4055 τοὺς
1571 3991 1799 4061 λόγους·
1833 3989 1896 4042 οὑ

314 4094 428 4163 γὰρ
465 4091 703 4146 ἐπαίνων
727 4089 894 4142 ἓνεκα
927 4088 1019 4140 καὶ
1044 4085 1360 4151 ἐπιδείξεως
1401 4083 1561 4138 ταυτὶ
1588 4079 1898 4150 διεξεληλύ-

317 4184 514 4255 θαμεν,
547 4181 686 4236 ἀλλά
713 4181 815 4252 τῆς
848 4179 952 4250 σῆς
985 4177 1204 4244 εὐεξίας
1239 4177 1335 4230 καὶ
1366 4175 1552 4244 ὑγείας
1586 4173 1699 4242 (55)
1735 4187 1900 4242 μεταο

319 4273 476 4329 ποιοὺ
486 4290 657 4344 μενοι.
691 4271 867 4340 Λόγος
886 4270 944 4324 δὲ
967 4269 1092 4339 ἐμοὶ
1115 4267 1226 4322 τῶν
1253 4265 1490 4320 ἐπαίνων
1517 4263 1694 4324 οὐδείς
1715 4278 1730 4292 ο
1765 4258 1900 4315 ἀλλά

319 4369 422 4438 τῆς
452 4365 614 4436 φίλης
661 4362 922 4428 ἀληθείας
958 4361 1054 4414 καὶ
1081 4359 1192 4413 τῶν
1223 4353 1694 4429 ἐκκλησιαστικῶν
1743 4351 1900 4417 δοξα-

322 4460 546 4531 σμάτων
581 4458 678 4512 καὶ
723 4455 1093 4526 διδαγμάτων.
1123 4453 1260 4516 Τοὺς
1294 4450 1555 4512 ἐπαίνους
1600 4446 1694 4504 οὖν
1725 4463 1899 4500 κατα-

319 4549 494 4606 λιπὼν
519 4534 631 4614 τοῖς
658 4547 988 4618 φιλοτίμοις,
1024 4546 1118 4599 καὶ
1141 4543 1299 4613 δόξης
1323 4541 1492 4614 ἐρῶσί
1514 4557 1574 4594 τε
1603 4539 1698 4592 καὶ
1719 4537 1902 4608 γλιχο-

1998 3420 2288 3466 contentus
2321 3427 2469 3466 nunc
2498 3412 2562 3466 iis
2593 3427 2713 3481 quae
2743 3427 3167 3471 commemorata
3202 3427 3354 3483 sunt,
3402 3431 3457 3472 et
3487 3420 3574 3474 in-

2000 3503 2233 3558 tellectis
2255 3503 2322 3558 iis
2346 3518 2467 3572 qua:
2491 3518 2612 3558 cum
2639 3503 2964 3577 philosopho
2991 3509 3365 3576 tractavimus,
3388 3511 3575 3580 pedem

1997 3594 2216 3649 donmm
2250 3593 2592 3651 referamus?

2069 3706 2132 3760 Β.
2168 3704 2544 3776 Nequaquam,
2577 3707 2648 3762 mi
2675 3705 2967 3764 Zacltaria.
2998 3707 3206 3764 Etenim
3238 3710 3412 3781 ipsum
3437 3695 3577 3768 .milti

2000 3799 2358 3868 colopltottem
2390 3799 2748 3856 dubitationis
2773 3801 2933 3872 cupio
2969 3811 3026 3855 ut
3060 3817 3124 3856 ex
3158 3803 3340 3859 animo
3369 3802 3577 3865 deleas.

2002 3892 2320 3960 Ingeniosus
2353 3893 2497 3948 enim
2527 3903 2580 3948 et
2606 3893 2824 3964 sapiens
2858 3909 2919 3949 es
2947 3903 3155 3950 orator.

2068 3983 2134 4037 A.
2187 3983 2318 4049 Sed,
2354 3983 2519 4038 heus!
2551 3992 2604 4038 tu
2636 3984 2764 4039 tnibi
2799 3985 2898 4040 110$
2929 4001 3205 4041 sermones
3233 3986 3577 4064 valerejube.

2001 4071 2118 4128 Non
2167 4073 2310 4129 enim
2361 4073 2578 4128 laudum
2630 4073 2889 4141 cupidine
2941 4087 2999 4132 et
3045 4078 3424 4133 ostentationis
3477 4079 3578 4135 ista

2001 4164 2393 4236 percurrimus,
2426 4164 2521 4220 sed
2551 4175 2608 4219 ut
2636 4175 2740 4220 tua:
2776 4167 3136 4223 incolumitati
3170 4179 3225 4224 et
3268 4169 3430 4226 saluti
3459 4179 3578 4227 stu-

2004 4259 2280 4314 deremus.
2316 4256 2529 4312 Laudes
2565 4273 2694 4313 vero
2719 4259 2872 4314 nihili
2899 4260 3128 4317 facimus
3159 4279 3174 4317 :
3220 4265 3318 4317 sed
3344 4263 3578 4318 amicam

2003 4350 2307 4413 veritatem,
2335 4360 2388 4404 et
2407 4350 2815 4419 ecclesiasticas
2842 4355 3142 4408 sententias
3170 4363 3224 4406 et
3251 4354 3578 4408 documenta

2002 4442 2408 4512 amplectimur.
2458 4442 2685 4499 Relictis
2729 4445 2892 4513 igitur
2933 4445 3354 4511 laudationibus,
3393 4447 3573 4500 ambi-

2003 4535 2158 4590 tiosis
2188 4534 2561 4604 bonorumque
2613 4534 2822 4602 cupidis
2869 4545 2924 4589 et
2971 4537 3392 4605 appetentibus,
3443 4551 3574 4604 pro-

277 4692 293 4702 .
321 4644 530 4714 μένοις,
562 4640 693 4712 φάθι
724 4641 753 4693 ὃ
783 4655 836 4692 τι
873 4638 969 4692 καὶ
1003 4635 1206 4707 βούλει,
1244 4635 1339 4687 καὶ
1380 4633 1432 4685 τί
1462 4648 1557 4685 σου
1583 4630 1682 4702 τὴν
1720 4627 1891 4700 ψυχὴν

2006 4642 2143 4698 pone
2191 4626 2336 4696 quod
2392 4626 2495 4689 vis,
2548 4626 2788 4696 quidque
2822 4637 3059 4681 mentem
3111 4636 3257 4681 tuam
3311 4627 3491 4680 turbat
3523 4635 3579 4680 et

321 4735 542 4808 θορυϐεῖ
571 4751 629 4787 τε
653 4733 748 4788 καὶ
769 4730 1144 4801 διαταράττει,
1163 4729 1292 4796 περὶ
1320 4725 1388 4780 τά
1412 4725 1520 4778 τῶν
1541 4723 1898 4793 δοξασμάτων

321 4830 422 4900 τῆς
455 4825 710 4896 ἀληθείας
750 4824 1162 4894 ὁμολογήματα.
1210 4821 1390 4890 Ἐφης
1431 4816 1565 4888 (56),
1617 4809 1664 4869 ὧ
1703 4814 1896 4882 ἀγαθὲ,

321 4920 474 4976 τόνδε
499 4919 590 4972 τὸν
609 4917 809 4988 κόσμον
830 4915 936 4969 ὑπὸ
963 4915 1058 4968 τοῦ
1087 4910 1218 4994 Θεοῦ
1243 4906 1736 4981 δεδημιουργῆσθαι
1762 4905 1902 4976 μετά

425 5109 514 5179 50)
544 5108 838 5163 Zacharias
877 5106 1093 5161 Patrem
1112 5101 1590 5179 _vocat_1rpo60)t_éot
1615 5099 1710 5155 τοῦ
1740 5100 1895 5179 ἁγίου

329 5171 670 5250 ιινεύματος,
703 5190 763 5231 ιιι
795 5177 1258 5250 identicmteiliutn
1294 5171 1664 5250 Florentinnm
1696 5171 1899 5250 προσρ·

327 5253 428 5323 λὴν
457 5240 503 5305 ei
525 5240 739 5323 tribuit,
772 5264 826 5317 p.
859 5248 962 5323 45$?
985 5247 1152 5323 _:_Ot'ix
1201 5245 1589 5323 ἆρα-οὐδεμίαν
1609 5240 1898 5323 51.3mm;

329 5261 428 5323 λὴν
457 5261 503 5305 ei
531 5261 739 5310 trlbntl,
772 5264 826 5317 p.
859 5261 962 5302 οδε)
994 5266 1007 5300 :
1039 5261 1152 5299 υυκ
1201 5263 1307 5317 αρα
1335 5261 1474 5298 ουοεσ
1506 5261 1589 5296 ιαν
1625 5261 1735 5311 εχει
1762 5261 1897 5321 προς

329 5326 436 5391 τὴν
459 5319 553 5373 τοῦ
574 5319 784 5391 Πατρὸς
813 5317 1082 5391 προβολὴν
1111 5317 1420 5391 κοινωνίαν,
1447 5261 1568 5384 {tu
1598 5314 1784 5391 ἀϊδίως
1813 5328 1897 5378 τῳ

335 5384 510 5461 nam
539 5384 879 5461 ἀποδέδοταιό
914 5386 962 5440 Ν
971 5384 1078 5439 ulla
1125 5403 1245 5456 ergo
1274 5389 1484 5461 ratione
1502 5384 1792 5461 conlaturus
1822 5391 1894 5433 est

331 5464 412 5516 illi
442 5451 712 5526 productio
735 5477 769 5512 α·
796 5458 978 5523 Patre,
998 5472 1115 5526 qua:
1137 5451 1418 5524 separatim
1447 5455 1593 5508 l’atri
1621 5451 1892 5507 tribuitur.

335 5533 466 5587 Duc.

408 5603 518 5672 (51)
554 5601 778 5672 Αίτίαν.
809 5598 987 5654 Latini
1034 5597 1395 5669 religiosiores
1426 5596 1493 5651 ab
1527 5594 1626 5649 hac
1657 5609 1788 5648 voce
1819 5605 1902 5646 re-

333 5671 566 5727 1‘tt2inttt.
595 5671 730 5724 Tan.

397 5689 866 5810 ﬁghotagloroc
893 5739 1236 5808 Γρηγόριος.
1277 5737 1416 5812 Vide
1451 5732 1902 5812 Είρηνικ‹ῖ›’).όγιρ

340 5805 425 5883 βξ
446 5805 602 5883 Orat.
629 5813 715 5883 13,
750 5805 821 5883 Εξ
855 5805 1238 5883 tot—tantisque
1274 5806 1537 5883 theologis
1571 5805 1730 5883 μόνον
1759 5805 1900 5883 τοῦ-

336 5873 449 5950 τον,
479 5882 617 5954 μετά
649 5881 738 5936 τὸν
769 5873 1163 5951 εὑαγγελιστὴν
1201 5875 1472 5939 Ἰωάννην,
1498 5873 1743 5943 θεολόγον
1767 5875 1896 5927 ἀναν

2007 4721 2300 4777 commovit
2338 4719 2483 4775 circa
2533 4718 2930 4774 sententiarum
2983 4733 3230 4772 verarum
3275 4715 3574 4788 professio-

2008 4827 2150 4866 nem.
2210 4812 2456 4875 Dicebas,
2487 4811 2569 4865 vir
2603 4812 2763 4874 bone,
2814 4811 2958 4864 hunc
2995 4809 3252 4864 nmndum
3283 4825 3312 4863 a
3351 4808 3462 4864 Deo
3496 4808 3579 4863 Γει-

2011 4905 2274 4959 bricatum
2299 4913 2420 4973 post
2477 4903 2884 4972 intelligentias,
2935 4902 3149 4972 quando
3194 4902 3370 4964 ipsum
3421 4916 3581 4972 opor-

2012 5096 2251 5164 φανῆναι
2285 5095 2538 5164 observat
2563 5093 2855 5163 Gregorius
2881 5094 2931 5146 in
2960 5093 3077 5158 ejus
3106 5091 3248 5148 Vita.
3287 5098 3419 5148 Ian.

2076 5163 2188 5238 (55)
2241 5166 2394 5238 Τρία.
2431 5163 2568 5221 Tres
2614 5167 2829 5234 quidem
2873 5164 3052 5228 liceat,
3101 5164 3202 5218 tria
3235 5165 3416 5218 dicere
3452 5164 3580 5220 reli-

2001 5239 2210 5310 gioﬂsjl.
2232 5237 2382 5310 ⁸Ίᾌιι.
2488 5304 2506 5310 Δ
2559 5305 2568 5310 _
2825 5286 2830 5290 .

2072 5307 2186 5380 (54)
2230 5304 2765 5380 ’Υεερμειδιάσιιφη
2812 5301 3578 5380 σᾳρδώνιοῖ.’,Ριονθτιιίιιιιι

2003 5372 2122 5430 vide
2148 5372 2286 5444 apud
2319 5372 2610 5428 letmbinm
2642 5376 2736 5427 lib.
2781 5389 2832 5444 v,
2866 5376 3034 5444 Adng.
3069 5372 3159 5435 85;
3191 5374 3580 5444 Diogenianttm

2001 5450 2038 5503 l.
2073 5464 2186 5509 vm,
2210 5446 2380 5514 Adag.
2417 5445 2482 5509 ὃς
2537 5444 2759 5498 Suidam
2789 5443 2942 5497 Ccnl.
2978 5443 3078 5506 12,
3121 5444 3286 5512 Adag.
3321 5443 3407 5500 65.
3435 5444 3582 5510 Quos

2007 5528 2258 5572 auctores
2283 5516 2498 5580 junctus
2538 5515 2944 5585 illustratnsque
2974 5515 3197 5568 doctiss.
3231 5514 3456 5569 Schotto
3483 5518 3582 5569 de-

2012 5589 2224 5643 bemus.
2256 5587 2351 5640 ΒΑ.

2082 5657 2204 5779 (εἷἰόνί¹
2242 5653 2557 5722 Τῆςσῆς...
2585 5655 2810 5722 ὑγείας.
2842 5651 3035 5709 Saluti.
3073 5654 3278 5710 Classe.
3312 5653 3584 5710 BA.Sani-

2082 5745 2128 5779 ιι.
2211 5743 2297 5778 ¹ιιι.

2013 5731 2128 5784 lati.
2163 5731 2297 5779 Tan.

2081 5798 2192 5866 (56)
2230 5798 2436 5863 Ἥβης.
2477 5793 2732 5850 Personae
2778 5796 2864 5850 hic
2904 5796 3243 5853 conturbata:
3281 5807 3449 5861 sunt,
3489 5793 3587 5852 sca!

2011 5870 2081 5924 ita
2117 5880 2172 5922 ut
2208 5883 2270 5920 cx
2306 5868 2444 5921 llic-ili
2479 5866 2684 5936 possint
2709 5867 2929 5938 corrigi.
2962 5867 3059 5922 ΒΑ.
