4154 6588
561 434 698 503 illi)

1592 432 1991 497 ZACHARUE
2032 428 2468 491 MITYLENES
2505 431 2847 493 EPISCOPI

3704 426 3843 495 1120

558 557 709 613 tehat
736 554 787 609 in
819 568 999 610 rerum
1036 561 1289 611 naturam
1321 553 1502 609 induci
1532 568 1548 610 :
1589 551 1761 609 libere
1786 551 1931 607 enim
1965 560 2020 605 et
2048 548 2144 603 bo-

2271 548 2318 601 τὰ
2348 549 2515 619 νοητὰ
2543 548 2658 619 (57)
2678 590 2692 612 ,
2717 550 2807 602 ὅτε
2837 547 2947 601 ἔδει
2981 547 3143 601 αὑτὸν
3174 545 3571 617 ἐπεισαχθῆναι
3601 546 3711 607 τοῖς
3742 543 3842 598 ob-

560 650 755 712 nitate,
813 663 919 702 non
976 655 1157 703 autem
1224 648 1572 713 necessitate,
1642 646 1812 701 Deum
1880 642 2143 700 condere.

561 740 654 797 Sic
689 742 855 795 Deum
884 755 989 795 non
1013 740 1068 796 in
1093 740 1205 795 otio
1237 749 1362 794 ante
1395 738 1616 796 sensilis
1640 738 1823 793 mundi
1857 736 2144 807 opificium

561 849 885 906 permanere
912 835 1163 890 dicebas:
1211 844 1268 888 ut
1298 833 1619 888 efﬁcientem
1651 829 2059 900 inlelligenlias,
2092 838 2148 885 et

564 929 620 983 in
674 928 1043 999 intelligentes
1100 938 1324 983 naturas
1366 926 1603 997 primum
1658 924 1919 981 beneficia
1975 922 2148 978 emin-

563 1024 805 1088 dentem,
853 1034 908 1079 et
951 1024 1102 1093 ipsas
1151 1024 1263 1079 suis
1306 1024 1495 1094 gratiis
1542 1020 1892 1091 iinplentem,
1946 1018 2149 1087 alioqui

566 1115 713 1170 nullo
739 1126 990 1187 egentem
1016 1130 1206 1170 eorum
1238 1128 1361 1184 qua:
1393 1115 1461 1168 ab
1486 1115 1603 1183 ipso
1631 1112 1830 1168 effecta
1879 1122 2027 1167 sunt.
2072 1113 2150 1167 Ex

567 1208 745 1279 seipso
775 1208 917 1263 enim
963 1221 1085 1264 esse
1113 1209 1385 1279 opilicem,
1418 1217 1472 1263 et
1508 1224 1611 1261 non
1647 1220 1713 1260 ex
1750 1206 1818 1261 iis
1861 1220 1982 1275 qua:
2011 1206 2150 1262 facta

567 1309 735 1355 stmt:
784 1315 881 1369 per
935 1315 995 1356 se
1040 1301 1185 1357 enim
1228 1298 1504 1357 snlliciens
1554 1308 1608 1356 et
1647 1297 1928 1370 perfectus
1982 1298 2148 1355 Deus.

567 1391 761 1449 Nonne
792 1393 892 1449 ista
929 1393 1330 1451 conlirmabas?

640 1570 703 1627 Β.
737 1570 996 1628 Maxime.

640 1664 707 1717 A.
738 1662 943 1719 Aeutus
974 1676 1268 1737 menteque
1299 1677 1355 1723 et
1383 1669 1641 1723 memoria
1683 1668 1874 1740 polles,
1918 1679 1971 1725 et
2022 1668 2156 1723 nihil

576 1771 764 1813 eorum
803 1758 1438 1829 qnazim'estigabantur,
1471 1761 1720 1817 oratione
1746 1771 1797 1817 te
1833 1760 1989 1833 fttgit.

644 1848 702 1903 Β.
753 1848 991 1915 locaris,
1033 1866 1065 1904 ο
1102 1850 1396 1918 fortunate,
1441 1854 1492 1906 in
1532 1852 1842 1925 regerendis
1883 1853 2153 1918 laudibus,

575 1952 630 1995 et
657 1941 774 2012 ipse
807 1942 1027 2012 quidem
1060 1957 1169 1997 non
1200 1942 1283 1997 vis
1313 1943 1549 2011 laudari,
1583 1918 1674 1999 sed
1704 1945 1946 2007 laudare,
1981 1959 2155 2013 quan-
2190 1918 2234 1974 Β

576 2046 741 2100 quam
793 2034 1165 2104 aequalitatem
1214 2044 1269 2089 et
1318 2034 1587 2105 justitiam
1628 2037 1681 2092 in
1731 2037 1837 2090 vita
1884 2036 2156 2106 praecipue

576 2143 784 2184 εατναε.

639 2220 707 2274 Δ.
759 2220 865 2275 Sed
911 2219 995 2277 his
1028 2238 1173 2278 nunc
1214 2224 1457 2293 omissis,
1493 2226 1784 2296 propositae
1833 2226 2155 2282 insistamus

579 2314 918 2370 tractationi.
948 2313 1329 2373 Commemora
1363 2333 1493 2389 ergo
1524 2320 1672 2390 quod
1703 2334 1957 2376 sermone
1979 2335 2161 2391 cmpe-

577 2419 666 2459 ras
692 2405 992 2463 illustrare.

641 2495 703 2551 Β.
753 2497 983 2554 Dicebas
1011 2515 1097 2556 me
1123 2501 1329 2569 dicere,
1380 2510 1501 2574 post
1532 2505 1793 2559 mundum
1833 2504 1928 2575 qui
1956 2505 2159 2560 intelli-

575 2589 760 2655 gentia
791 2590 1115 2661 percipitur,
1154 2594 1299 2650 hunc
1336 2596 1430 2665 qui
1464 2595 1566 2651 sub
1611 2611 1834 2651 sensum
1876 2598 2044 2664 cadit,
2080 2598 2163 2653 ef-

578 2678 780 2735 fectum
829 2696 972 2749 esse,
1023 2698 1147 2737 cum
1202 2694 1257 2739 et
1301 2686 1640 2756 corruptioni
1691 2689 1989 2744 obnoxium
2041 2700 2162 2745 esse

576 2786 725 2839 eum,
767 2784 1035 2843 quatenus
1078 2774 1305 2832 ell'ectus
1348 2789 1512 2846 esset,
1563 2779 1867 2850 explicasti.
1942 2780 2162 2838 Manere

578 2874 762 2920 autem
804 2865 971 2922 Deum
1018 2868 1071 2923 in
1126 2884 1223 2925 sua
1276 2869 1447 2940 ipsius
1496 2872 1776 2937 bonitate,
1837 2874 1973 2928 citra
2020 2874 2163 2930 illius

581 2972 777 3014 noxam
827 2959 987 3015 ullam
1036 2970 1091 3016 et
1143 2962 1570 3031 detrimentum,
1640 2965 1853 3021 etiamsi
1928 2966 2164 3023 mundns

582 3060 794 3118 pereat,
822 3051 1082 3123 praeclare
1107 3064 1164 3110 et
1187 3052 1402 3125 fortiter
1435 3065 1525 3112 tua
1555 3057 1732 3113 oratio
1761 3057 2164 3113 demonstravit

581 3151 638 3197 et
657 3142 841 3198 evicit.
868 3141 1140 3200 Praeterea
1158 3144 1453 3201 dicebatur
1480 3162 1511 3202 a
1562 3157 1641 3215 te,
1674 3162 1901 3205 necesse
1946 3163 2068 3205 esse
2107 3159 2167 3205 nt

581 3234 818 3291 mundus
845 3242 1301 3294 transmutaretur
1329 3247 1385 3294 et
1412 3239 1734 3297 immortalis
1767 3242 1958 3308 ﬁeret,
1991 3243 2161 3299 διιειί-

582 3342 718 3384 nens
757 3330 1047 3399 quamdam
1084 3330 1462 3388 alterationem
1498 3344 1553 3390 et
1590 3336 2074 3392 commutationem
2114 3338 2167 3392 in

584 3418 799 3487 melius,
840 3430 897 3477 et
942 3423 1482 3481 transformationem
1524 3428 1814 3499 praesentis
1859 3437 2059 3495 status,
2119 3438 2175 3485 et

584 3511 893 3582 suscipiens
925 3514 1325 3581 sublimiorem,
1359 3522 1689 3576 sanctiorem
1720 3529 1775 3578 et
1819 3522 2171 3579 diviniorem.

585 3603 777 3661 Nonne
800 3605 915 3662 haec
945 3618 1072 3663 sunt
1097 3624 1218 3680 quae
1251 3611 1619 3668 dicebantur?

662 3700 730 3757 A.
756 3699 927 3759 Sane.

657 3795 718 3852 Β.
752 3799 867 3869 Age
892 3799 1081 3869 igitur,
1118 3801 1251 3856 mihi
1285 3802 1429 3872 quod
1456 3818 1644 3874 quaero
1676 3806 1967 3875 responde.

653 3885 722 3940 A.
757 3886 929 3954 Quale
960 3889 1035 3952 id,
1065 3904 1251 3959 quaeso
1276 3890 1300 3943 ?

655 3976 718 4031 Β.
746 3976 803 4032 Si
836 3980 1095 4035 mundum
1131 3982 1274 4036 hunc
1304 3982 1447 4038 Deus
1479 3983 1845 4040 immortalem
1870 3985 2181 4042 redditurus

588 4081 693 4136 est,
723 4079 777 4125 et
800 4080 1283 4140 lransmutaturus,
1310 4082 1364 4130 et
1394 4076 1446 4130 in
1488 4074 1682 4132 melius
1729 4076 2136 4135 reformaturus
2163 4099 2178 4147 ;

591 4177 712 4233 qna:
735 4164 874 4220 ratio
888 4180 987 4220 cur
1004 4181 1107 4221 non
1132 4181 1161 4221 a
1182 4167 1455 4238 principio
1477 4167 1653 4238 ipsum
1681 4169 1844 4224 talem
1868 4169 2181 4238 effecit,sed

592 4258 885 4327 aliquando
912 4260 1077 4331 287
1102 4269 1221 4330 post
1246 4276 1369 4316 eum
1399 4262 1809 4319 immortalitate
1834 4264 2058 4320 induet?
2078 4267 2184 4321 Aut

596 4350 743 4403 enim
778 4351 1084 4420 ignorantia
1110 4351 1318 4420 pulchri
1343 4352 1505 4409 talem
1536 4371 1639 4409 non
1661 4354 1946 4423 eﬂiciebat,
1968 4359 2182 4427 qualem

592 4440 894 4499 effecturus
925 4454 1008 4500 est
1033 4444 1347 4514 aliquando,
1384 4445 1532 4502 velut
1557 4463 1621 4502 ex
1647 4448 1884 4516 incuria,
1915 4458 2008 4504 aut
2038 4451 2182 4519 quod

596 4549 704 4590 non
734 4545 942 4603 posset,
978 4544 1096 4601 aut,
1131 4538 1276 4607 quod
1329 4538 1482 4594 nefas
1514 4538 1687 4607 dictu,
1739 4540 1959 4595 invidia:
1998 4541 2178 4598 labem

2196 3281 2246 3346 C

2250 658 2337 694 σιν
2360 657 2374 670 °
2406 641 2694 713 ἐλευθερίᾳ
2727 641 2837 711 γάρ
2866 640 2963 693 καὶ
3003 639 3306 710 ἁγαθότητι
3340 639 3436 692 καὶ
3475 638 3579 691 οὐκ
3621 637 3845 708 ἀνάγκη

2247 740 2604 811 δημιουργεῖν
2652 739 2744 793 τὸν
2797 738 2955 795 Θεόν.
3013 737 3171 793 Οὕτω
3226 738 3318 792 τὸν
3367 735 3503 789 Θεὸν
3539 735 3615 807 μὴ
3649 736 3709 788 ἐν
3740 736 3848 807 ἀρ-

2248 834 2344 906 γίᾳ
2374 833 2485 903 (58)
2532 832 2637 903 πρὸ
2666 832 2766 903 τῆς
2798 831 2892 886 τοῦ
2932 829 3194 902 αἰσθητοῦ
3238 830 3449 901 κόσμου
3472 828 3847 900 δημιουργίας

2249 926 2529 998 διαμένειν
2560 927 2767 996 ἔλεγες,
2800 926 2876 991 ὡς
2906 925 3278 998 ἐργαζόμενον
3301 923 3372 977 τὰ
3407 923 3575 995 νοητὰ
3604 923 3696 978 καὶ
3719 924 3847 986 ταῖς

2252 1022 2467 1092 νοεραϊς
2513 1019 2709 1091 φύσεσι
2756 1019 2978 1092 πρῶτον
3020 1018 3120 1082 τὰς
3168 1015 3498 1090 εὐεργεσίας
3547 1016 3844 1087 ἐκχέοντα,

2252 1120 2349 1171 καὶ
2374 1117 2543 1182 αὒτάς
2571 1117 2680 1171 τῶν
2703 1115 2871 1171 αὐτοῦ
2896 1115 3138 1187 χαρίτων
3159 1112 3548 1185 ὲμπιπλῶντα,
3575 1110 3754 1173 ἄλλως
3782 1127 3847 1163 τε

2257 1214 2488 1284 μηδενὸς
2524 1192 2808 1283 δεδεῆσθαι
2837 1210 2947 1264 τῶν
2984 1209 3125 1280 πρὸς
3171 1208 3339 1262 αὐτοῦ
3372 1206 3699 1277 γεγονότων.
3754 1203 3850 1269 Ἐξ

2254 1306 2452 1359 ἑαυτοῦ
2486 1304 2595 1374 γὰρ
2624 1299 2765 1357 εἶναι
2807 1301 3144 1374 δημιουργὸν
3176 1301 3274 1355 καὶ
3304 1300 3406 1355 οὐκ
3446 1299 3512 1353 ὲκ
3544 1297 3655 1352 τῶν
3680 1313 3847 1367 γεγο-

2256 1396 2457 1450 νότων·
2501 1396 2785 1466 αὐτάρκης
2831 1393 2943 1466 γὰρ
2992 1394 3088 1448 καὶ
3146 1392 3352 1457 τέλειος
3404 1393 3433 1446 ὁ
3464 1391 3620 1456 Θεός.
3658 1390 3729 1443 ’Ἡ
3780 1388 3847 1442 οὐ

2256 1490 2428 1544 ταῦτα
2457 1488 2829 1553 διεὸεὸαίους;

2329 1583 2393 1636 Β.
2428 1582 2579 1635 Πάνυ
2614 1598 2700 1650 γε.

2329 1678 2393 1730 Α.
2431 1676 2547 1739 Καὶ
2574 1673 2700 1740 ὀξὺς
2732 1669 2785 1728 εἴ
2819 1674 2916 1728 κα).
2944 1672 3203 1742 ἀγχίνους
3237 1669 3331 1725 καὶ
3362 1667 3719 1741 μνημονικὸς,
3753 1667 3853 1721 καὶ

2260 1771 2416 1825 οὐδέν
2456 1786 2514 1822 σε
2538 1768 2646 1821 τῶν
2675 1766 3129 1836 σπουδαζομένων
3157 1764 3236 1834 τῷ
3266 1762 3412 1833 λόγῳ
3434 1760 3671 1815 διέλαθε.

2333 1865 2394 1918 Β.
2429 1863 2678 1928 Παίζεις,
2729 1854 2774 1914 ὦ
2821 1860 3095 1931 μακάριε,
3136 1856 3269 1928 περὶ
3302 1855 3403 1926 τὴν
3448 1854 3557 1906 τῶν
3591 1852 3852 1921 ,ἐπαίνων

2264 1957 2531 2013 ἀντίδοσιν
2567 1955 2702 2027 (59),
2733 1953 2825 2007 καὶ
2873 1953 2974 2005 οὐκ
3017 1950 3223 2013 ἐθέλεις
3258 1947 3357 2018 μὲν
3400 1947 3564 2010 αὐτὸς
3611 1944 3855 1997 ἐπαινεῖ-

2268 2048 2413 2114 σθαι,
2446 2047 2690 2100 ἐπαινεῖν
2728 2044 2808 2105 δὲ,
2839 2042 3018 2096 καίτοι
3064 2058 3127 2110 γε
3168 2040 3270 2111 τὴν
3299 2038 3523 2106 ἰσότητα
3561 2037 3657 2090 καὶ
3680 2035 3739 2088 τὸ
3773 2033 3853 2087 δί-

2266 2158 2425 2195 καιον
2458 2138 2546 2191 διά
2581 2137 2696 2209 βίου
2726 2134 2904 2205 τιμῶν
2938 2134 3071 2205 (60).
3718 2140 3725 2146 ’

2337 2232 2402 2287 Δ.
2449 2227 2637 2282 Ταῦτά
2669 2243 2755 2296 γε,
2786 2220 2831 2281 ὧ
2857 2224 3050 2293 ἀγαθὲ,
3080 2223 3248 2278 τανῦν
3273 2222 3555 2285 ἐάσαντες,
3582 2219 3682 2290 τῆς
3715 2234 3854 2287 προ-

2270 2324 2534 2396 κειμένης
2578 2321 2834 2393 ἐχώμεθα
2878 2319 3131 2390 θεωρίας.
3168 2316 3306 2371 eam
3347 2315 3530 2370 τοίνυν
3567 2314 3595 2368 ὃ
3624 2313 3677 2367 τί
3710 2329 3791 2366 σοι
3826 2314 3855 2365 ὁ

2269 2416 2424 2486 λόγος
2452 2411 2775 2485 διατρανοῦν
2797 2411 3044 2483 ὥρμητο.

2340 2509 2403 2562 Β.
2447 2508 2625 2577 Ἕφης
2645 2504 2674 2559 ὃ
2694 2504 2762 2577 δὴ
2780 2504 2985 2572 ἔλεγον,
3018 2496 3064 2557 ὧ
3095 2502 3358 2575 μακάριε,
3396 2500 3536 2573 μετά
3555 2499 3647 2554 τὸν
3665 2497 3859 2569 νοητὸν

2269 2604 2499 2674 κόσμον,
2538 2601 2633 2654 τὸν
2667 2597 2934 2669 αἰσθητὸν
2972 2596 3037 2669 δὴ
3074 2594 3266 2650 τοῦτον
3291 2592 3661 2664 γεγενῆσθαν
3691 2589 3861 2661 ἡνίκα

2269 2697 2364 2753 καὶ
2415 2694 2657 2767 φθαρτὸν
2708 2688 2852 2747 εἷναι
2902 2689 3094 2745 τοῦτον
3126 2691 3177 2744 εί
3218 2689 3443 2759 γέγονε,
3493 2686 3857 2756 διεσάφησας.

2270 2788 2472 2843 Μένειν
2514 2786 2571 2839 δὲ
2608 2783 2703 2838 τὸν
2747 2782 2883 2837 Θεὸν
2916 2784 2976 2836 ὲν
3017 2782 3083 2853 τῇ
3123 2779 3305 2851 οἰκείᾳ
3348 2778 3671 2848 ἀγαθότητι,
3720 2772 3863 2845 μηδὲ

2275 2882 2404 2953 μιᾶς
2433 2877 2617 2949 λώϐης
2645 2874 2799 2947 αὐτῷ
2826 2876 2921 2929 καὶ
2948 2874 3156 2947 ζημίας
3182 2873 3312 2943 περὶ
3333 2869 3542 2939 ταύτην
3564 2866 3866 2938 γινομένης

2273 2974 2368 3027 καὶ
2394 2969 2490 3024 τοῦ
2520 2968 2731 3038 κόσμου
2766 2965 3156 3038 φθειρομένου,
3190 2961 3494 3030 παγκάλως
3520 2962 3548 3013 ὁ
3576 2959 3738 3027 λόγος
3766 2957 3866 3011 καὶ

2273 3064 2540 3137 ἀνδρείως
2574 3058 2827 3126 ἀπέδειξέ
2864 3076 2924 3112 τε
2954 3059 3050 3113 καὶ
3085 3054 3461 3127 διηγώνισται.
3512 3050 3764 3118 Ἐλέγετο
3805 3049 3867 3103 δὲ

2274 3158 2425 3226 παρά
2471 3154 2566 3208 σοῦ
2598 3152 2694 3207 καὶ
2731 3149 2913 3216 τοῦτο,
2951 3149 3027 3213 ὡς
3052 3148 3268 3219 ἀνάγκη
3296 3141 3737 3217 μετα-ποιηθῆναι
3769 3141 3866 3194 τὸν

2275 3248 2503 3313 κόσμον,
2528 3244 2623 3297 καὶ
2652 3238 3237 3314 ἀπαθαν[ατ]ισθῆναι,
3259 3240 3355 3293 κα).
3400 3236 3690 3292 ἀλλοίωσιν
3733 3236 3871 3289 ὐπο-

2279 3340 2456 3413 μεῖναί
2473 3356 2594 3393 τινα
2620 3338 2715 3392 κα).
2751 3334 3056 3407 μεταϐολὴν
3072 3332 3173 3403 τὴν
3191 3332 3331 3403 πρὸς
3354 3330 3418 3385 τό
3433 3347 3497 3399 γε
3523 3330 3583 3383 τὸ
3594 3332 3866 3401 κρεῖττον,

2276 3438 2372 3487 καὶ
2402 3428 2931 3504 μετασχηματισμὸν
2966 3424 3223 3491 δέξασθαι
3246 3426 3348 3496 τῆς
3388 3422 3673 3495 παρούσης
3702 3438 3872 3474 καταυ

2280 3526 2548 3589 στάσεως,
2578 3522 2915 3594 ὑψηλότερόν
2938 3536 2997 3573 τε
3020 3518 3113 3571 καὶ
3142 3515 3343 3587 ἀγιώτε
3354 3532 3445 3586 ρον
3473 3513 3568 3570 καὶ
3594 3513 3868 3585 θεότερον.

2282 3618 2353 3669 “1
2384 3617 2447 3670 οὐ
2478 3614 2651 3669 ταῦτα
2678 3612 2938 3682 έλέγετο;

2351 3712 2415 3765 Α.
2444 3710 2593 3763 Πάνυ
2624 3724 2708 3776 γε.

2350 3803 2412 3856 Β.
2445 3800 2548 3854 ’Ίθι
2578 3795 2670 3852 οὖν
2704 3815 2793 3869 μοι
2819 3796 2880 3849 τὸ
2905 3794 3262 3866 ἐρωτώμενον
3294 3791 3617 3861 ἀπόκριναι.

2353 3892 2417 3945 Α.
2455 3890 2528 3943 Τὸ
2557 3890 2707 3942 ποῖον
2732 3888 2828 3957 δής

2353 3985 2415 4038 Β.
2450 3985 2513 4037 ΕΞ
2537 3979 2965 4044 ἀπαοανατίζειν
2995 3978 3107 4049 (61)
3151 3977 3338 4047 μέλλει
3369 3974 3520 4028 τόνδε
3544 3972 3637 4027 τὸν
3665 3972 3872 4042 κόσμον

2282 4079 2311 4132 ό
2339 4076 2495 4143 Θεὸς,
2526 4073 2622 4128 καὶ
2660 4074 2977 4143 μεταποιεῖν
3006 4070 3103 4124 καὶ
3130 4067 3496 4123 ἀναπλάττειν
3523 4066 3616 4119 ἐπὶ
3650 4065 3710 4118 τὸ
3740 4065 3871 4119 κάλ-
3898 4061 3910 4072 ’

2283 4170 2419 4237 λιον,
2456 4168 2543 4232 τίς
2584 4166 2743 4235 λόγος
2781 4164 2876 4219 τοῦ
2909 4164 2985 4236 μὴ
3010 4163 3111 4233 τὴν
3144 4161 3322 4233 ἀρχὴν
3347 4158 3592 4213 τοιοῦτον
3626 4157 3739 4228 (62)
3776 4158 3874 4210 αὐ-

2282 4263 2375 4317 τὸν
2406 4259 2803 4330 πεποιηκέναι,
2848 4256 2965 4311 ἀλλ’
2996 4250 3225 4327 ὕστερόν
3276 4270 3408 4307 ποτε
3436 4251 3533 4323 τὴν
3565 4249 3874 4305 ἀθανασίαν

2283 4356 2446 4412 αὐτὸν
2493 4351 3008 4427 μεταμπίσχεσθαις
3045 4350 3115 4402 Ἢ
3147 4348 3257 4417 γὰρ
3310 4346 3510 4417 ἀγνοίᾳ
3549 4343 3646 4398 τοῦ
3699 4341 3870 4396 καλοῦ
3938 4368 3939 4371 η

2284 4444 2527 4501 τοιοῦτον
2578 4444 2681 4498 οὐκ
2727 4442 2901 4496 ἐποίει
2951 4434 3065 4494 οἷον
3112 4439 3334 4510 ποιήσει
3377 4438 3539 4499 ποτὲ,
3569 4437 3764 4507 ὥσπερ
3808 4437 3874 4488 ὲκ

2290 4536 2681 4609 μεταμελείας,
2718 4535 2752 4606 ἦ
2790 4534 2865 4606 μὴ
2893 4533 3215 4603 δυνάμενος,
3248 4531 3305 4602 ἢ,
3338 4531 3367 4585 ὃ
3395 4530 3470 4603 μὴ
3498 4531 3655 4601 θέμις
3675 4531 3871 4592 εἰπεῖν,

592 4642 702 4682 non
727 4628 970 4697 effugiet.
995 4630 1156 4700 Atqui
1186 4630 1377 4699 procul
1407 4645 1436 4685 a
1464 4632 1621 4688 beata
1655 4642 1850 4688 natura
1882 4635 2169 4706 ignoratio,

2283 4635 2477 4706 φθόνου
2525 4630 2692 4693 πάθος
2734 4629 2795 4683 οὐ
2834 4627 3207 4697 διαφεύξεται.
3245 4626 3444 4697 Πόρῤω
3475 4626 3533 4678 δὲ
3555 4624 3658 4693 τῆς
3689 4640 3871 4693 μακα-

594 4730 651 4776 et
677 4721 1037 4787 imbecillitas,
1075 4732 1133 4778 et
1170 4723 1397 4790 invidia,
1427 4734 1482 4781 et
1516 4726 1728 4783 incuria
1761 4746 1777 4783 :
1813 4729 1944 4798 quid
1974 4730 2043 4785 ad
2072 4730 2175 4785 ista

596 4811 770 4867 habes
798 4812 979 4868 dicere
1004 4812 1028 4867 ?

666 4904 734 4958 A.
758 4904 868 4962 Nec
883 4906 1225 4976 ignoratione
1253 4909 1366 4965 veri
1398 4910 1607 4981 pulchri
1638 4912 2022 4985 incorruptum
2073 4930 2177 4969 non

598 4998 854 5065 faciebat,
884 5015 984 5055 nec
1026 5000 1170 5069 quod
1204 5017 1308 5058 non
1346 5013 1546 5073 posset,
1574 5020 1675 5060 nec
1718 5006 2170 5063 rursuminvidiaz

664 5176 782 5249 (57)
814 5176 978 5252 Mergi
996 5176 1071 5252 τὰ
1090 5177 1299 5252 νοητά.
1334 5178 1488 5252 Hanc
1521 5194 1649 5236 vero
1677 5180 1988 5252 opinionem
2022 5180 2178 5236 theo-

598 5246 855 5319 rogamur
871 5246 1056 5302 schola
1090 5250 1345 5319 explosit.
1379 5249 1515 5306 TAR.

671 5318 786 5389 (58)
818 5317 1203 5375 Genebrardus
1228 5337 1243 5374 :
1270 5318 1361 5375 Sic
1381 5320 1545 5376 Deum
1573 5337 1674 5375 non
1704 5324 1758 5375 in
1779 5332 1897 5375 nam
1923 5333 2045 5376 ante
2063 5337 2182 5376 sen-

598 5392 714 5446 silia
742 5389 927 5462 mundi
953 5390 1237 5459 opiﬁcium.
1272 5390 1498 5461 Legerat
1526 5394 1722 5462 quippe
1741 5432 1754 5457 ,
1795 5400 1853 5445 nt
1882 5392 2044 5447 habet
2072 5394 2184 5445 An-

600 5463 775 5534 glicus
795 5460 975 5534 codex,
1004 5477 1173 5526 man.,
1206 5462 1281 5534 μὴ
1313 5462 1565 5534 ἐνεργείᾳ
1591 5460 1697 5534 πρὸ
1724 5463 1824 5534 τῇς
1855 5462 2181 5534 τοῦᾲαὶσθη-

597 5528 714 5587 τοῦ.
749 5530 829 5605 At!
846 5528 1049 5605 Regius
1073 5528 1281 5605 codex;
1307 5528 1481 5605 μὴῇιν,
1503 5528 1695 5605 ἀργία.
1715 5528 1829 5605 cui
1858 5528 2187 5605 suffragatur

601 5603 794 5658 similis
819 5597 968 5674 locus
1012 5597 1257 5672 infra,p.
1300 5597 1424 5667 illi,
1456 5604 1491 5656 ἰ
1520 5597 1666 5673 ε’Μῆ
1707 5602 1985 5674 διαμένειν
2017 5597 2077 5657 δὲ
2126 5604 2184 5656 ὲν

600 5676 772 5745 ἀργίᾳ
820 5673 925 5745 πρὸ
956 5674 1052 5745 τῆς
1100 5674 1194 5728 τοῦ
1231 5674 1492 5743 αἰσθητοῦ
1526 5674 1733 5744 κόσμου
1759 5715 1773 5740 ,
1809 5673 2185 5745 δημιουργίας

603 5744 829 5815 φαμένε
868 5744 1129 5798 Craterum
1177 5762 1279 5799 non
1325 5761 1537 5798 manere
1574 5746 1627 5797 in
1675 5746 1781 5799 otio
1830 5754 1984 5798 antea
2026 5744 2185 5815 hujus

602 5814 788 5868 mitndi
813 5816 906 5869 sub
935 5831 1142 5870 sensum
1167 5816 1402 5869 cadentis
1433 5817 1846 5884 procreationem
1875 5814 2178 5872 asserimits.

604 5887 737 5941 Duc.

2292 4730 2413 4802 ρίας
2438 4726 2655 4795 φύσεως
2680 4724 2874 4793 ἄγνοια
2903 4721 3002 4777 καὶ
3025 4720 3280 4775 ἀσθένεια
3303 4718 3399 4773 καὶ
3427 4717 3620 4787 φθόνος
3652 4717 3748 4770 καὶ
3774 4732 3871 4787 με·

2286 4822 2553 4893 ταμέλεια
2574 4838 2587 4851 ο
2621 4818 2674 4870 τί
2702 4817 2886 4885 λέγειν
2916 4814 3061 4885 ἔχεις
3086 4812 3225 4883 πρὸς
3246 4811 3475 4875 ταῦτας,

2359 4918 2420 4967 Α.
2452 4911 2589 4966 Oli-rs.
2613 4910 2828 4980 ἀγνοίᾳ,
2860 4902 2905 4960 ὦ
2929 4905 3125 4976 ἀγαθὲ,
3155 4904 3248 4958 τοῦ
3276 4903 3431 4966 ὄντος
3461 4901 3632 4955 καλοῦ
3658 4898 3870 4969 ἄφθαρ-

2292 5021 2383 5058 τον
2401 5003 2504 5057 οὐκ
2532 5000 2726 5066 ἐποίει,
2750 4996 2874 5051 οὔτε
2896 4996 2970 5058 ὡς
2996 4994 3072 5067 μὴ
3095 4993 3419 5061 δυνάμενος,
3452 4990 3562 5044 οὐδ’
3587 4984 3653 5043 αὖ
3680 4988 3870 5059 φθόνου

2356 5174 2468 5247 (59)
2508 5173 2767 5247 Lndis._o
2806 5169 3029 5247 charum
3073 5174 3254 5236 caput,
3295 5174 3355 5220 ut
3385 5163 3867 5221 redbostimentum

2283 5241 2560 5303 oﬂeren'do
2590 5243 2799 5316 laudes.
2837 5241 2934 5316 ΒΛ.
3066 5309 3100 5316 __
3348 5314 3354 5316 Α
3393 5305 3406 5316 _
3482 5305 3517 5316 Α,
3550 5306 3561 5316 ,
3745 5305 3754 5316 ,

2358 5316 2473 5388 (60)
2504 5314 2763 5383 Quamvis
2788 5312 2871 5388 _ad
2911 5309 3276 5388 aequalitatem
3307 5314 3362 5362 et
3388 5305 3657 5375 justitiam
3706 5305 3867 5360 vitam

2287 5378 2464 5444 totam'
2495 5378 2641 5440 ttiam
2676 5378 3200 5458 conformnaris._Ba.
3369 5457 3373 5458 ν
3419 5448 3449 5458 ι,
3521 5456 3529 5458 _
3810 5446 3839 5458 ,.

2363 5459 2476 5530 (6|)
2536 5450 3035 5530 Ἀπαθανςιτίζειν.
3070 5452 3127 5504 In
3162 5448 3626 5530 immortalitatem
3667 5448 3868 5500 consti-

2291 5518 2469 5590 tuere,
2496 5530 2765 5590 redigere.
2801 5524 2998 5585 Eadem
3032 5531 3211 5577 autem
3256 5522 3453 5575 docent
3492 5518 3870 5587 Athenagoras

2295 5610 2349 5656 et
2376 5599 2578 5654 IEneas
2603 5593 2853 5652 Canens.
2886 5593 2985 5647 BA.

2366 5669 2478 5740 (6‘2)
2515 5668 2626 5722 Τοῦ
2653 5666 2739 5737 μὴ
2774 5664 3105 5740 τὴνάρχὴν
3124 5662 3416 5740 τοιοῦεοις.
3451 5660 3581 5740 Vide
3610 5660 3871 5740 gigante-

2294 5728 2443 5796 niunt
2460 5728 2874 5796 Commentario
2898 5728 2955 5788 in
2972 5728 3265 5790 secundant
3290 5733 3586 5801 Epistolam
3613 5731 3673 5784 Β.
3704 5728 3869 5801 Petri,

2295 5830 2342 5868 (ι.
2376 5812 2430 5880 5,
2465 5826 2517 5882 p.
2549 5808 2752 5878 214,81
2784 5823 2835 5878 p.
2864 5806 2970 5863 218
3008 5807 3263 5863 editionis
3296 5799 3699 5861 recentissima.
3737 5799 3833 5859 BA.
