4154 6554
304 373 432 441 1121
460 432 463 433 ν

1340 370 1796 433 DISPUTATIO
1826 370 1924 431 DE
1958 372 2210 433 MUNDI
2244 371 2597 433 OPIFICIU.

3436 373 3571 445 1122

303 491 589 561 παθήματι
633 490 1027 562 κρατούμενος.
1075 487 1221 553 Ἔξω
1250 486 1357 557 γὰρ
1392 486 1587 556 φθόνος
1630 487 1759 549 πᾶς,
1791 484 1885 538 τοῦ

1996 484 2183 538 morbo
2214 483 2409 539 victus.
2440 483 2575 537 Nam
2602 487 2761 552 longe
2804 482 2958 539 abest
3007 499 3037 538 a
3090 488 3206 542 solo
3249 496 3303 542 et
3354 504 3569 543 summa

304 582 471 654 μόνου
496 581 705 651 ἀγαθοῦ
747 584 842 636 καὶ
883 580 1218 650 αύταγαθοῦ,
1255 581 1349 633 καὶ
1373 579 1633 632 ἀσθένεια
1672 577 1774 645 τῆς
1796 577 1887 630 δυ-

299 677 541 748 νάμεως,
588 675 685 730 καὶ
729 675 924 745 ἄγνοια
965 675 1060 729 τοῦ
1090 673 1256 743 σοφοῦ
1289 673 1383 726 καὶ
1417 671 1768 741 αὑτοσοφίας,
1794 670 1889 725 καί⁵

296 764 393 820 τοῦ
425 766 699 837 ἀτρέπτου
730 768 764 838 ή
806 766 1162 837 μεταμέλεια.
1214 764 1353 818 Ἀλλ’
1388 763 1518 825 ἔδει,
1549 757 1595 816 ὦ
1622 762 1886 833 μακάριε,

299 859 641 931 κατάλληλον
672 855 813 915 εἶναι
848 860 911 912 τὸ
939 858 1142 930 χωρίον
1170 860 1283 922 τοῖς
1309 857 1600 929 μέλλουσιν
1627 858 1799 910 οἰκεῖν
1827 855 1889 908 τὸ

299 952 503 1025 χωρίον
549 952 701 1025 (65)*
751 954 848 1007 καὶ
890 955 966 1025 μὴ
1011 952 1241 1022 ἀπᾴδειν
1272 951 1333 1005 τὸ
1373 951 1705 1020 οἰκητήριον
1736 948 1889 1019 παρά

301 1047 442 1101 πολὺ
472 1046 582 1100 τῶν
604 1046 1037 1117 ἑνδιαιτωμένων
1056 1044 1227 1116 αὐτῷ.
1264 1043 1509 1113 ’Λνάγκη
1529 1043 1708 1096 τοίνυν
1727 1039 1889 1111 ἡμῶν

301 1138 560 1212 φθαρτῶν
599 1138 905 1208 γεγονότων
947 1138 1041 1191 καὶ
1082 1138 1316 1209 ῥεόντων
1364 1135 1655 1206 ὁσημέραι,
1704 1134 1797 1186 καὶ
1820 1135 1890 1184 τὰ

300 1233 434 1301 περὶ
458 1231 607 1301 ἡμᾶς
643 1228 867 1283 τοιαῦτα
888 1228 1166 1297 γενέσθαι.
1203 1228 1373 1283 Πάλιν
1394 1228 1451 1280 δὲ
1480 1229 1560 1289 εἰς
1584 1224 1889 1279 ἀθανασίαν

300 1321 649 1393 χωρούντων,
692 1323 788 1374 καὶ
821 1319 994 1374 ταῦτα
1034 1319 1363 1384 ξυνέπεσθαι
1394 1318 1504 1389 (64)
1528 1332 1542 1345 ⁸
1579 1317 1612 1386 ἢ
1644 1317 1706 1369 ού
1740 1315 1891 1368 δοκεί

302 1434 412 1479 σοι,
439 1415 502 1468 τὸ
536 1415 722 1485 ὅμοιον
747 1413 824 1486 τῷ
844 1415 1018 1486 ὁμοίῳ
1042 1414 1258 1485 χαίρειν
1281 1412 1419 1483 (65),
1452 1411 1544 1465 καὶ
1570 1411 1722 1479 φίλον
1748 1403 1889 1461 εἶναι

300 1506 399 1560 καὶ
445 1504 782 1577 σύντροφον;
824 1506 982 1559 τοῦτο
1024 1505 1133 1577 γὰρ
1172 1505 1267 1559 καὶ
1293 1506 1393 1575 τῆς
1419 1502 1719 1574 παροιμίας
1747 1501 1886 1570 ακή-

300 1615 457 1661 κοας,
486 1599 582 1651 καὶ
614 1600 643 1651 6
668 1598 951 1669 ποιητικὸς
978 1597 1185 1663 ἐδίδαξε
1210 1597 1389 1666 λόγος.

372 1692 436 1745 Β.
467 1690 743 1745 Μανθάνω
771 1691 799 1744 ὃ
830 1691 1032 1759 λέγεις.

372 1784 441 1837 Λ.
478 1782 638 1835 Οὕτω
676 1782 858 1836 τοίνυν
898 1783 991 1837 καὶ
1024 1783 1111 1836 ὅδε
1158 1785 1185 1837 ὁ
1218 1782 1424 1853 κόσμος
1476 1781 1662 1854 φυτῶν
1692 1801 1755 1838 τε
1792 1785 1889 1840 καὶ

300 1875 461 1930 εἰδῶν
492 1874 852 1927 παντοδαπῶν
886 1874 1133 1947 ποικιλία
1162 1876 1257 1928 καὶ
1286 1874 1443 1940 ζώων
1473 1876 1761 1947 διαφοραῖς
1793 1878 1891 1931 κα)⁵

303 1966 533 2040 μυρίαις
566 1966 733 2031 ἰδέαις
761 1967 1333 2038 καταπεποικιλμένος
1360 1984 1420 2022 τε
1442 1968 1539 2020 καὶ
1561 1967 1889 2039 ἐμπρέπων,

300 2062 397 2115 καὶ
426 2059 640 2136 τούτοις
670 2060 844 2114 ἂπασι
874 2060 1011 2132 πρὸς
1037 2060 1132 2114 τοῦ
1171 2060 1308 2115 Θεοῦ
1341 2060 1689 2130 διαλάμπων,
1736 2060 1817 2115 ἔτι
1846 2062 1891 2115 δ’

301 2152 375 2208 αὖ
403 2153 501 2207 καὶ
544 2153 648 2217 τὰς
695 2151 921 2222 λογικὰς
973 2153 1167 2222 φύσεις
1195 2155 1323 2215 τοὺς
1373 2154 1703 2226 ἀνθρώπους
1750 2153 1893 2225 ἔχων

304 2246 711 2318 περιπολούσας
752 2248 810 2299 ὲν
843 2245 1017 2317 αὐτῷ,
1048 2246 1115 2299 δι’
1160 2243 1255 2308 οὓς
1289 2246 1356 2317 δὴ
1392 2246 1487 2299 καί¹
1522 2246 1758 2317 μάλιστα
1797 2245 1894 2315 γέ-

299 2355 431 2409 γονε
465 2339 602 2411 πρὸς
627 2339 724 2393 τοῦ
748 2339 885 2393 Θεοῦ
907 2354 921 2368 ·
961 2339 1056 2392 καί
1083 2337 1151 2410 ἦν
1185 2338 1357 2409 μόνην
1388 2339 1570 2393 αἰτίαν
1610 2337 1781 2392 εἰπών
1807 2355 1892 2402 τις

301 2431 397 2486 τοῦ
430 2430 684 2500 γενέσθαι
718 2429 928 2494 τοῦτον,
962 2431 1062 2483 οὐκ
1092 2429 1157 2484 ἂν
1188 2430 1463 2501 ἁμάρτοι·
1488 2431 1677 2499 ὅμοιος
1713 2427 1893 2499 ἐαυτῷ

301 2526 538 2593 γίνεται,
591 2527 684 2577 καὶ
708 2522 809 2593 τὴν
849 2522 985 2594 πρὸς
1014 2521 1083 2574 τὰ
1115 2522 1257 2594 μέρη
1298 2521 1620 2592 συμφωνίαν
1650 2521 1895 2585 ἀσπάζε-

301 2635 415 2671 ται.
475 2616 627 2670 Ἔδει
670 2616 779 2686 γὰρ
834 2613 1024 2668 τοῦτον
1072 2614 1147 2685 μὴ
1181 2613 1529 2667 παντάπασιν
1573 2612 1893 2684 ἀπᾳδόντως

305 2707 776 2780 συναρμοσθῆναι,
810 2708 927 2761 ἀλλ’
962 2707 1107 2778 ἔχειν
1136 2707 1402 2778 ἀμηγέπη
1440 2704 1563 2757 τινὰ
1599 2705 1733 2776 πρὸς
1766 2704 1893 2767 τοὺς

303 2801 653 2864 ἐνοικοῦντας
714 2801 1041 2873 ἐμφέρειαν.
1097 2800 1231 2852 Ποία
1258 2796 1305 2852 δ’
1336 2798 1403 2852 ἂν
1442 2793 1510 2869 ἦν
1539 2800 1573 2868 ἡ
1599 2797 1891 2869 ὲμφέρεια,

304 2896 353 2948 εἰ
404 2892 517 2946 τῶν
564 2893 663 2962 μὲν
713 2892 1023 2962 γινομένων
1074 2908 1132 2944 τε
1185 2890 1282 2944 καὶ
1336 2890 1750 2961 ἀπογινομένων
1797 2890 1892 2944 καὶ

304 2986 484 3060 χρόνῳ
521 2989 620 3058 τῆς
673 2986 753 3049 είς
781 2984 841 3038 τὸ
873 2980 1014 3039 εἶναι
1064 2984 1304 3056 παρόδου
1363 2984 1745 3054 λαγχανόντων
1797 2983 1893 3036 καὶ

307 3081 427 3151 μετ’
460 3080 520 3132 οὑ
560 3077 701 3132 πολὺ
747 3076 1122 3151 φθειρομένων
1166 3078 1183 3141 (
1206 3075 1431 3130 τοιαῦτα
1464 3077 1573 3147 γὰρ
1618 3076 1688 3129 τὰ
1711 3077 1770 3128 ἐν
1802 3092 1895 3144 γε-

303 3175 449 3228 νέσει
479 3173 574 3227 καὶ
617 3172 825 3244 φθορᾷ)
855 3170 893 3225 ἃ
925 3170 1106 3233 αὔτως
1140 3169 1383 3224 ἀθάνατα
1429 3168 1735 3224 διακεῖσθαι
1777 3168 1890 3240 (66)
1920 3217 1962 3275 c

303 3266 499 3338 ἔμελλε
548 3264 686 3336 πρὸς
723 3264 819 3317 τοῦ
869 3262 1036 3329 Θεοῦ;
1071 3263 1195 3325 Πῶς
1223 3261 1268 3315 δ’
1302 3260 1368 3315 ἂν
1399 3260 1495 3314 τοῦ
1531 3259 1891 3331 φθειρομένου

303 3357 583 3430 ὀφθαλμοῦ
625 3356 723 3429 τὴν
752 3356 909 3409 θείαν
935 3354 1251 3422 ὑπεδέξατο,
1288 3355 1383 3407 καὶ
1428 3352 1537 3406 τῶν
1582 3353 1760 3407 ἄλλων
1806 3353 1893 3405 αί-

305 3452 553 3526 σθήσεων
580 3451 803 3505 δεκτικὰ
838 3445 929 3520 ἦν,
984 3448 1214 3518 οὐρανὸς
1246 3448 1340 3500 καὶ
1380 3446 1449 3500 τὰ
1482 3446 1628 3501 κατὰ
1661 3444 1892 3515 οὐρανὸν

303 3544 623 3616 κινούμενα,
676 3543 725 3595 εἰ
756 3542 1003 3597 ἀθάνατα
1041 3541 1136 3593 καὶ
1173 3537 1429 3610 ἄφθαρτα
1469 3538 1565 3592 καὶ
1606 3536 1890 3606 ἀνώλεθρα

302 3636 599 3706 ἐτύγχανεν
641 3634 805 3701 ὄντας
839 3634 914 3686 Τὸ
957 3632 1067 3704 γὰρ
1103 3631 1289 3703 ὅμοιον
1319 3630 1397 3701 τῷ
1424 3630 1598 3701 ὁμοίῳ
1628 3626 1889 3692 πελάζειν

300 3732 332 3784 ὃ
360 3746 419 3783 τε
443 3729 607 3798 λόγος
632 3728 727 3782 καὶ
755 3730 788 3799 ἡ
816 3727 927 3779 τῶν
961 3725 1129 3779 παλαι
1159 3723 1464 3794 γεγονότων
1486 3721 1696 3793 ἀνδρῶν
1726 3720 1891 3790 σοφία

304 3822 401 3875 καὶ
428 3822 569 3889 αὑτὴ
592 3822 626 3891 ὴ
656 3820 907 3889 ἐνέργεια
935 3817 1178 3872 δείκνυσί
1203 3833 1264 3869 τε
1298 3815 1393 3869 καὶ
1421 3814 1684 3869 διδάσκει.
1749 3812 1892 3866 Ἀλλ’

302 3915 493 3984 ἐπειδὴ
525 3913 755 3985 προνοίᾳ
786 3911 882 3966 καὶ
908 3909 1199 3981 εὐεργεσίᾳ
1230 3908 1324 3962 τοῦ
1354 3907 1703 3979 Δημιουργοῦ
1733 3903 1893 3970 αὖθις

254 4056 263 4063 .
303 4004 757 4076 ἀναὸιωσόμεθα,
793 4003 861 4057 τὰ
908 4001 1141 4073 σώματα
1179 4000 1437 4063 λαϐόντες
1470 4000 1717 4054 ἀθάνατα
1754 3998 1888 4069 (67),

304 4106 401 4158 καὶ
430 4102 614 4173 πάσης
649 4098 957 4171 μεταϐολῆς
989 4098 1294 4169 ὑπέρτερα,
1331 4095 1449 4167 μεθ’
1486 4088 1561 4150 ὧν
1594 4096 1687 4149 καὶ
1710 4095 1895 4147 ἐπολι-

303 4195 622 4266 τευσόιμεθα
642 4233 657 4259 ,
698 4193 795 4247 καὶ
831 4194 911 4256 εἰς
941 4191 1095 4245 τόνδε
1133 4190 1225 4244 τὸν
1256 4189 1369 4260 βίον
1404 4189 1764 4261 παρήλθομεν
1796 4190 1813 4253 (
1832 4190 1892 4241 ού

303 4291 414 4362 γὰρ
462 4290 527 4361 δὴ
575 4288 808 4343 καθόλου
851 4287 947 4342 καὶ
1001 4286 1243 4357 διηνεκεῖ
1300 4283 1479 4356 φθορᾷ
1534 4283 1894 4340 κατεδίκασεν

377 4432 491 4504 (65)
531 4431 602 4504 Τὸ
640 4428 881 4500 χωρίον.
912 4427 1098 4483 Priore
1130 4427 1249 4483 loco
1277 4425 1578 4482 omittenda
1610 4435 1736 4495 puto
1770 4424 1886 4483 lucc

1996 4446 2114 4500 qua:
2138 4431 2335 4504 frustra
2368 4430 2499 4483 adeo

305 4500 490 4558 verba.
529 4502 625 4556 ΒΑ.

379 4572 490 4645 (64)
530 4569 928 4645 Ξυνέπεσθαέ.
962 4567 1218 4645 Nostrum
1246 4566 1551 4645 exemplum
1578 4569 1754 4645 sequi.
1783 4566 1887 4645 lia.

379 4637 495 4718 (65)
519 4646 791 4718 ξὍμοιρν
831 4640 913 4707 τῷ
941 4640 1125 4718 opoth
1162 4638 1413 4718 χαίρεινἶ
1465 4637 1540 4718 E_x
1575 4638 1885 4718 {latuerint}.

317 4708 405 4780 Ὠς
445 4708 555 4770 αἰεὶ
583 4708 675 4768 τδν
712 4715 897 4783 ὅμοιον
933 4708 1055 4780 ἄγει
1085 4711 1220 4783 Θεὸς
1262 4708 1458 4783 tbc_1:_6v
1489 4709 1889 4783 ὃμοιᾼονηΡΙιιιο

308 4776 585 4856 Syinpos.,
617 4786 645 4838 6
678 4776 786 4854 γὰρ
837 4776 1067 4856 -παλαίδς
1097 4776 1351 4856 λόγος-εδ
1373 4776 1544 4856 ἔχει,
1590 4779 1888 4856 ώςλὸμοιον

304 4859 333 4910 6
341 4855 477 4930 μοίιρ
498 4858 608 4930 ἀεὶ
643 4855 886 4930 πελάζει.

306 4921 373 4982 εἰ
416 4921 708 4982 Ᾱτίειοιειε
762 4921 856 4983 lib.
908 4942 959 4979 Ix
1028 4922 1311 4975 Moralium
1366 4921 1624 4976 Erasmus
1674 4936 1888 4989 prover-

309 4998 478 5064 bium,
533 4998 719 5070 ὅμοιον
795 4997 991 5070 ὁμοίῳ(
1023 4994 1214 5070 Αφίλον,
1238 4992 1449 5070 *εἱῃιίιθ
1494 4992 1679 5070 _s_im_ili
1703 5063 1725 5070 _
1751 4992 1887 5044 ami-

307 5063 541 5133 cum;ct
570 5063 642 5121 ex
682 5063 912 5125 Homero
940 5063 1197 5121 Ὀδυσσ.
1236 5064 1300 5117 Ρ·
1337 5064 1423 5125 Ὠς
1452 5063 1562 5116 αἰεὶ
1586 5063 1676 5115 τὸν
1700 5063 1887 5131 ὅμοιον

308 5139 432 5207 ἄγει
468 5137 588 5201 θεὸς
618 5137 693 5200 ώς
719 5138 809 5193 τὸν
851 5142 1058 5209 ὅμοιον·
1097 5135 1440 5209 Adsimilem
1481 5133 1631 5209 _l)eus_
1670 5133 1885 5209 adducit

308 5203 635 5280 sintitentque
664 5203 964 5280 parentque:
995 5206 1148 5280 Plato
1172 5206 1331 5280 idem
1384 5206 1435 5257 in
1469 5203 1714 5280 Conuiuia
1739 5219 1761 5280 ς
1821 5203 1887 5257 '0

308 5279 420 5348 γὰρ
441 5274 673 5342 παλάιὸέ
699 5274 868 5348 λόγος’
897 5275 956 5333 εὖ
989 5277 1124 5348 ἔχει,
1156 5276 1231 5339 ώς
1259 5277 1444 5348 ὅμοιον
1474 5275 1646 5348 ὁμοίῳ
1673 5274 1763 5348 ἀεὶ
1790 5291 1889 5348 πε..

308 5345 482 5415 λάζει·
532 5349 676 5405 Scite
717 5345 925 5420 quidem
958 5345 1112 5420 veteri
1163 5347 1429 5420 prouerbio
1478 5345 1670 5420 fertur,
1702 5345 1887 5420 simile

309 5420 477 5475 simili
532 5415 740 5488 semper
786 5420 1003 5473 haerere.
1064 5418 1180 5484 Quo
1229 5415 1418 5469 alludit
1475 5415 1531 5471 et
1587 5415 1887 5471 Zacharias

311 5507 365 5562 p.
397 5492 521 5557 l35,
550 5491 638 5562 ιι,
669 5491 762 5547 25.
798 5493 929 5546 Duc.

384 5554 713 5633 (66)’Δῦτως
741 5563 863 5632 quis
886 5558 1092 5633 dubitet
1112 5556 1295 5633 legere
1316 5571 1412 5633 pro
1435 5559 1634 5633 αὐτόςῖ
1659 5556 1792 5633 Tan.
1830 5554 1885 5633 lu

311 5628 659 5702 man.'liegio
690 5628 1009 5703 et'Anglico
1042 5629 1351 5703 apographo
1383 5628 1686 5703 legebatur,
1715 5629 1752 5682 δι
1783 5629 1885 5703 αύ-

308 5705 398 5769 τὸς
427 5699 673 5759 ἀθάνατα
698 5699 1023 5759 διακεῖσθαι.
1055 5699 1417 5769 Doctissimus
1451 5700 1682 5755 'l‘ariuus
1709 5701 1884 5755 corri-

310 5768 540 5844 gendum
572 5776 787 5831 censuit
814 5773 1122 5842 editlitque,
1155 5768 1192 5823 ἃ
1224 5768 1408 5833 αὔτως
1442 5770 1710 5825 ἀθάνατα’
1773 5769 1890 5824 [Iuv

304 5846 538 5915 jusmodi
578 5846 711 5899 enim
744 5854 863 5899 sunt
888 5858 1003 5912 qua:
1030 5853 1347 5913 generantur
1380 5852 1424 5897 et
1458 5854 1884 5908 corrumpuntur,

940 4854 1071 4921 Quis
1123 4848 1334 4906 nescit?
1373 4848 1509 4904 Tan.
1559 4879 1629 4890 —
1677 4849 1890 4905 Prolert
1950 4866 1953 4867 '

1992 576 2136 629 bono
2164 576 2344 631 omnis
2376 574 2601 638 invidia,
2645 575 2989 631 imbecillitas
3022 592 3049 630 a
3094 580 3356 648 polentia,
3403 597 3432 635 a
3477 596 3566 636 sa—

1991 669 2175 737 piente
2230 676 2286 723 et
2317 668 2431 739 ipsa
2475 666 2744 737 sapientia
2794 668 3081 738 ignoratio,
3130 674 3197 726 ab
3243 672 3569 729 immutabili

1993 762 2334 831 ptenitentia.
2380 762 2487 817 Sed
2534 762 2819 832 oportebat
2866 778 3166 832 congruere
3212 767 3386 822 locum
3447 786 3569 823 eum

1991 855 2057 910 iis
2094 854 2184 924 qui
2223 854 2371 909 illum
2408 854 2757 909 inltabitaturi
2791 866 2969 921 erant,
3005 872 3178 927 neque
3202 859 3425 913 multum
3460 861 3572 915 dis-

1991 963 2215 1016 ert-pare
2262 947 2595 1003 domicilium
2654 945 2724 1001 ab
2764 946 2831 1001 iis
2854 947 2945 1017 qui
2983 947 3035 1001 in
3067 963 3131 1002 eo
3164 950 3356 1003 victuri
3395 962 3572 1006 erant.

1992 1039 2229 1095 Necesse
2281 1049 2367 1096 est
2422 1040 2613 1110 igitur,
2648 1053 2771 1093 cum
2815 1040 2926 1093 nati
2987 1041 3161 1095 simus
3203 1043 3484 1102 mortales.
3518 1055 3572 1099 et

1993 1130 2229 1187 ﬂuamus
2255 1132 2518 1202 quotidie,
2565 1146 2627 1185 ea
2675 1131 2841 1184 etiam
2875 1147 2994 1200 qua:
3029 1132 3187 1188 nobis
3234 1133 3568 1189 circumfusa

1992 1228 2137 1282 sunt,
2178 1220 2304 1274 talia
2339 1219 2530 1274 ellecta
2563 1233 2704 1274 esse.
2737 1218 2948 1275 Rursus
2974 1230 3155 1276 autem
3187 1238 3310 1276 cum
3352 1224 3575 1278 immor-

1993 1311 2260 1367 talitatem
2310 1312 2586 1375 inibimus,
2629 1314 2744 1367 lnec
2783 1329 3002 1383 quoque
3040 1314 3324 1384 consequi.
3381 1314 3571 1372 Nonne

1991 1404 2166 1459 scutis
2204 1403 2381 1457 simile
2430 1403 2595 1456 simili
2649 1405 2907 1471 gaudere,
2960 1419 3191 1474 esseque
3239 1408 3474 1461 amicum
3520 1418 3576 1462 et

1992 1493 2427 1550 contubernale?
2462 1496 2602 1549 hanc
2637 1495 2781 1549 enim
2816 1496 3072 1553 audivisti
3108 1498 3573 1569 parmmiam,ltoc

1990 1596 2048 1642 et
2071 1586 2257 1641 docuit
2286 1586 2554 1654 poeticum
2594 1587 2823 1642 dictum.

2065 1678 2124 1734 Β.
2159 1678 2410 1749 Intelligo
2437 1694 2558 1749 quae
2597 1679 2755 1736 dicis.

2064 1794 2130 1849 Δ.
2169 1794 2263 1851 Sic
2293 1795 2456 1849 etiam
2487 1795 2576 1850 hic
2598 1794 2838 1851 mundus
2863 1796 3117 1866 stirpium
3168 1805 3224 1854 et
3269 1798 3574 1868 specierum

1993 1887 2174 1943 omnis
2214 1886 2433 1958 generis
2463 1888 2733 1943 varietate
2767 1888 3239 1961 animantiumque
3283 1890 3578 1947 diversita-

1998 1981 2143 2036 tilms
2182 1990 2235 2035 et
2276 1981 2579 2035 innumeris
2638 1982 2829 2036 formis
2875 1982 3164 2037 distinctus
3217 1992 3381 2054 atque
3412 1999 3577 2039 exor-

1996 2083 2174 2137 natus,
2200 2082 2254 2127 et
2307 2074 2391 2128 his
2421 2074 2674 2128 omnibus
2706 2073 2801 2128 llei
2835 2074 3098 2130 beneﬁcio
3143 2075 3356 2146 fulgens
3384 2095 3397 2132 :
3432 2094 3578 2148 pra--

1997 2177 2142 2223 terea
2190 2169 2352 2223 etiam
2408 2168 2635 2222 rationis
2678 2168 2971 2238 participes
3014 2178 3239 2224 naturas
3266 2210 3281 2233 ,
3327 2171 3580 2225 homines

1995 2260 2202 2313 habens
2230 2260 2282 2313 in
2312 2258 2431 2329 ipso
2470 2259 2797 2325 eminentes,
2834 2274 3065 2329 quorum
3109 2274 3271 2315 causs
3305 2262 3579 2331 prmcipnc

1994 2363 2127 2403 sane
2158 2358 2477 2419 procreatus
2504 2361 2589 2404 est
2620 2365 2648 2404 a
2681 2349 2812 2415 Dco,
2840 2365 3114 2420 quamque
3144 2368 3366 2407 causam
3400 2352 3573 2407 solam

1994 2458 2116 2499 esse
2165 2441 2257 2512 qui
2304 2443 2527 2508 dixerit,
2558 2458 2656 2498 cur
2690 2444 2763 2497 sit
2810 2442 3060 2508 effectus.
3092 2460 3199 2499 non
3243 2444 3524 2500 aberrauit
3561 2464 3575 2499 :

1994 2537 2192 2592 similis
2230 2537 2337 2593 sibi
2368 2538 2471 2608 ipsi
2506 2536 2758 2599 eﬂieitur,
2792 2547 2845 2592 et
2874 2553 3008 2593 cum
3045 2539 3291 2607 partibus
3341 2553 3578 2595 consen—

1996 2631 2206 2684 sionem
2252 2629 2658 2699 complectitur.
2715 2628 3017 2700 Oportebat
3059 2632 3203 2687 cnim
3248 2632 3424 2700 ipsum
3464 2648 3574 2686 non

1996 2723 2158 2791 plane
2187 2723 2562 2792 discrepanter
2592 2724 2856 2791 coaptari,
2900 2724 2991 2778 sed
3023 2723 3223 2779 habere
3253 2725 3441 2794 aliquo
3466 2740 3576 2777 mu-

1996 2813 2065 2867 do
2110 2827 2232 2867 cum
2292 2812 2657 2868 incolentibus
2709 2813 3169 2871 convenientiam.
3226 2815 3415 2883 Qualis
3453 2831 3582 2870 vero

1996 2916 2144 2960 esset
2177 2905 2587 2971 convenientia,
2625 2905 2671 2960 si
2704 2905 2922 2975 quidem
2948 2906 3071 2962 aliis
3105 2907 3509 2963 intereuntibus
3529 2921 3583 2964 et

1997 2998 2323 3061 orientibus,
2355 3008 2409 3052 et
2440 3006 2685 3066 tempore
2707 3000 3001 3054 transitum
3028 3000 3083 3054 in
3115 3013 3299 3054 rerum
3326 3010 3579 3055 naturam

1999 3090 2378 3157 sortientibus,
2419 3100 2474 3145 et
2524 3091 2805 3159 aliquanto
2862 3100 2987 3161 post
3032 3093 3383 3161 pereuntibus
3420 3092 3573 3161 (talia

2000 3183 2145 3236 enim
2190 3192 2315 3236 sunt
2365 3196 2484 3249 qua:
2523 3181 2623 3235 sub
2683 3192 2865 3235 ortum
2915 3192 2969 3235 et
3003 3181 3278 3235 interitum
3325 3181 3576 3251 cadunt),

2001 3275 2116 3344 ipse
2149 3274 2567 3328 immortalitate
2590 3271 2906 3327 afﬁciendus
2926 3282 3096 3327 erata
3133 3273 3282 3328 Deo?
3311 3273 3577 3329 Prrctcrca

2003 3366 2280 3438 quomodo
2315 3365 2564 3420 mortalis
2602 3365 2741 3420 oculi
2771 3376 2989 3436 aspectu
3024 3366 3322 3433 cepissent,
3349 3376 3405 3420 et
3445 3366 3581 3421 alio-

1998 3475 2116 3514 rum
2150 3473 2407 3515 sensuum
2441 3458 2660 3526 capacia
2705 3456 2956 3520 fuissent,
2998 3456 3195 3510 caelum
3227 3469 3429 3526 etquae
3457 3459 3579 3515 cmli

1998 3563 2147 3606 metu
2197 3560 2627 3614 convertuntur,
2679 3550 2723 3603 si
2776 3548 3008 3602 fuissent
3051 3549 3378 3603 immortalia
3410 3562 3464 3604 ct
3505 3552 3580 3605 in-

1998 3655 2259 3714 corrupta
2293 3654 2348 3698 et
2387 3644 2641 3697 interitus
2677 3641 2919 3711 eXpertia
2948 3641 2971 3695 ?
2997 3640 3185 3695 Simile
3221 3644 3364 3696 enim
3407 3646 3474 3696 ad
3512 3646 3581 3697 si-

2001 3739 2129 3803 mile
2157 3740 2420 3793 accedere
2455 3738 2615 3802 ratio,
2648 3746 2705 3792 et
2734 3743 2977 3791 veterum
3028 3736 3319 3805 sapientia,
3357 3737 3579 3807 ipsaque

1999 3830 2335 3899 experientia
2374 3830 2614 3884 ostendit
2645 3837 2698 3883 et
2724 3830 2901 3882 docet.
2939 3826 3137 3882 Verum
3169 3829 3425 3898 quoniam
3452 3844 3578 3899 pro-

2001 3923 2239 3978 videntia
2276 3934 2329 3976 et
2384 3921 2738 3977 beneficentia
2784 3918 3006 3990 Opilicis
3040 3937 3255 3975 rursum
3290 3922 3584 3978 revivisce-

2004 4032 2143 4078 tuus,
2178 4015 2545 4084 adipiscentcs
2573 4030 2800 4082 corpora
2837 4013 3189 4080 immortalia,
3224 4015 3579 4084 omniumque

2004 4108 2306 4161 mutatione
2358 4105 2665 4174 superiora,
2723 4120 2843 4159 cum
2886 4104 3086 4174 quibus
3141 4113 3196 4159 ct
3246 4105 3347 4159 boc
3403 4121 3578 4160 terum

2003 4197 2399 4266 transegimus,
2436 4206 2489 4251 et
2520 4196 2575 4250 in
2626 4197 2767 4250 hanc
2814 4197 2978 4250 vitam
3032 4197 3403 4267 processimus
3450 4201 3579 4260 (non

2004 4292 2149 4346 cnim
2187 4306 2433 4362 prorsus,
2476 4300 2529 4345 et
2560 4302 2823 4362 perpetuo
2856 4290 3026 4346 exitio
3074 4307 3172 4347 nos
3208 4291 3464 4361 ﬁgmenta
3497 4310 3587 4347 ra-

2518 4427 2898 4553 |Eintmoryalia
2922 4428 3064 4497 facta
3086 4436 3275 4483 essent.
3307 4428 3583 4485 Montacu-

2557 4510 2640 4553 ert
2687 4499 3163 4553 emendationem.
3216 4502 3311 4551 καὶ
3355 4502 3383 4551 6
3417 4501 3580 4553 αὐτὸς

1999 4499 2105 4555 tius
2139 4499 2429 4569 duplicem
2484 4499 2640 4553 alfert
2687 4499 3121 4553 emendationem
3149 4538 3163 4560 ,
3210 4502 3311 4569 καὶ
3355 4502 3383 4551 6
3417 4501 3580 4562 αὐτὸς

1995 4568 2265 4634 ἀθάνατος
2317 4570 2626 4624 διακεῖσθαι
2711 4574 2794 4623 vel
2848 4570 3012 4632 αὐτὸς
3082 4568 3584 4632 ἀπαθανατίζεσθαι

1996 4641 2212 4714 ἔμελλε.
2246 4641 2434 4711 Itaque
2465 4644 2671 4714 pendet
2694 4641 2963 4695 sententia
2994 4640 3061 4693 ab
3092 4641 3196 4714 illis
3221 4642 3419 4714 verbis.
3448 4657 3582 4710 qna-

1996 4711 2060 4767 ιιι
2098 4730 2218 4768 vero
2267 4722 2399 4767 esset
2457 4712 2852 4773 convenientia;
2910 4720 2963 4764 et
3033 4713 3236 4770 linitur,
3293 4711 3578 4776 periodus,

1997 4785 2123 4848 illis,
2162 4787 2272 4850 ipse
2302 4782 2699 4837 immortalitate
2721 4781 3035 4851 afﬁciendus
3068 4792 3176 4833 erat
3227 4778 3353 4834 Deo.
3413 4778 3580 4835 Favet

1997 4855 2284 4925 posteriori
2316 4853 2689 4925 correctioni,
2715 4855 2873 4925 quod
2896 4852 3067 4925 dixit‘
3094 4851 3246 4925 initio
3291 4851 3451 4925 hujus
3483 4867 3579 4919 pa.

1994 4920 2132 4993 pina:
2162 4944 2174 4980 :
2212 4926 2276 4979 Εἰ
2315 4922 2745 4987 ἀπαθανατίζειν
2791 4922 2976 4992 μέλλει
3009 4921 3160 4975 τόνδε
3180 4920 3279 4993 τὸν
3324 4923 3525 4989 κόσμον
3554 4925 3581 4976 6

1996 4991 2151 5058 Θεός”
2178 5009 2234 5050 et
2262 5012 2314 5064 p.
2348 4994 2472 5057 156,
2501 4994 2533 5047 4
2566 5010 2580 5046 :
2618 4995 2681 5047 Εἰ
2710 4994 2978 5064 γὰργτοὺς
3021 4991 3342 5061 ἀνθρώπους
3374 4993 3579 5046 ἀθανά-

1994 5085 2122 5131 τους
2158 5063 2332 5120 ποιεῖν
2370 5066 2582 5136 ἕμελλεσ
2617 5076 2671 5119 et
2702 5082 2753 5135 p.
2775 5063 2914 5136 A1417,
2950 5065 3059 5136 1‘55
3102 5064 3205 5115 Σὺν
3236 5066 3347 5136 τοῖς
3384 5065 3580 5133 ἡμετέ-

1997 5156 2114 5209 ροις
2154 5132 2415 5207 σώμασιν
2434 5132 2995 5209 κάπαθανατίζεσθαι.
3017 5132 3148 5188 Cum
3177 5135 3366 5209 uostris
3397 5132 3580 5201 corpo-

1995 5205 2141 5271 ribus
2172 5205 2573 5263 immortalitate
2603 5208 2814 5261 donari.
2850 5206 2927 5259 Ita
2970 5208 3183 5257 demum
3238 5205 3446 5258 locutus
3496 5217 3581 5258 est

1992 5278 2240 5334 Justinus
2271 5281 2322 5333 in
2354 5278 2745 5344 Qitwstionibus
2777 5275 2996 5340 Grarcis,
3034 5274 3138 5328 44:
3174 5274 3295 5337 Πῶς
3326 5276 3427 5327 οὐκ
3460 5276 3576 5328 ἔστι

1992 5350 2219 5404 δυνατὸν
2244 5349 2305 5403 τὸ
2336 5347 2765 5412 ἀθανατίζεσθαι
2791 5350 2920 5409 τοὺς
2950 5346 3202 5416 νεκροὺς,
3229 5344 3580 5415 βουληθέντος

1992 5421 2087 5475 τοῦ
2119 5419 2279 5484 Θεοῦς
2320 5419 2594 5484 Quomodo
2624 5419 2738 5487 ﬁeri
2771 5435 2872 5471 non
2911 5428 3071 5483 potest
3128 5426 3181 5469 ut
3242 5432 3343 5470 non
3391 5420 3580 5471 mortui

1992 5492 2316 5546 immortales
2345 5490 2499 5558 ﬁant,
2532 5489 2639 5542 Deo
2665 5490 2861 5543 volente
2885 5488 2910 5540 ἓ)
2945 5489 3072 5541 huc.

2067 5563 2180 5633 (67)
2200 5556 2460 5633 ζώματα
2488 5561 2624 5633 λαϐ.
2654 5559 2948 5633 ἀθάνατα)
2973 5558 3172 5633 Ea_detn
3203 5556 3385 5633 omnia
3417 5557 3583 5633 habes

1997 5627 2136 5703 apud
2161 5627 2420 5687 'A'Ine'am.
2464 5630 2884 5703 Emendationes
2910 5627 2995 5703 Jn.
3030 5627 3215 5683 Tarini
3255 5643 3350 5698 per
3399 5630 3581 5703 omnia

1999 5700 2087 5825 με
2122 5712 2248 5825 εὖιιι
2283 5704 2610 5773 sequenda};
2660 5700 3038 5757 Genebrardus
3089 5715 3279 5771 parum
3338 5700 3584 5753 oculatus

2023 5784 2121 5825 unt.
2198 5793 2249 5825 tt.

2001 5775 2121 5829 fuit.
2155 5775 2249 5827 ΒΑ.
