4154 6570
632 396 769 462 1123

1602 390 2001 453 ZACHARLE
2041 384 2470 448 MITYLENES
2506 383 2843 444 EPISCOPI

3737 380 3865 447 1124

630 517 831 569 tionem
886 512 1261 581 partlcipantia
1315 509 1515 563 addixit
1547 508 1687 561 Deus
1728 523 1935 559 summe
1972 506 2189 572 bonus),

2308 502 2438 572 ἰμᾶς
2466 499 2537 554 τά
2561 500 2755 569 λογικᾶ
2778 499 3072 569 πλάσματα
3112 501 3140 552 6
3180 500 3407 568 Ἀγαθδς
3444 499 3603 571 (68)),
3630 500 3736 555 ἔδει
3762 507 3865 558 πά-

628 603 915 674 opurtebat
947 617 1161 656 rursum
1192 617 1312 671 qua:
1346 600 1498 655 nobis
1522 596 2034 652 circumfunduntur
2072 594 2195 647 talia

626 710 768 757 esse,
806 693 991 762 qualia
1022 703 1076 747 et
1106 703 1291 747 nostra
1324 707 1576 763 corpora,
1609 688 1794 759 glori-.e
1827 698 1881 741 et
1913 689 2195 740 immorta-

627 786 797 840 litatis
834 786 1013 854 plena,
1051 793 1107 840 et
1146 784 1322 840 soluta
1373 783 1517 836 onmi
1566 780 1864 834 mutatione
1908 788 1962 831 et
1996 778 2195 831 altera-

629 878 796 944 tione,
828 886 886 930 ut
916 877 1092 931 simile
1121 876 1282 930 simili
1316 876 1637 945 propinquet
1665 881 1721 926 et
1768 871 2059 925 adhaereat.
2091 868 2195 922 lsta

627 979 709 1022 est
738 968 895 1029 ratio,
938 967 1094 1020 beate
1126 968 1206 1019 vir
1231 1006 1246 1030 ,
1280 982 1379 1019 cur
1410 980 1515 1018 non
1561 964 1628 1017 ai)
1659 961 1868 1029 origine
1918 959 2031 1013 haec
2078 957 2197 1011 ιιιιί-

628 1060 862 1115 vet-sitas
892 1057 1215 1110 iuunortalis
1229 1067 1281 1109 et
1307 1057 1614 1123 incorrupta
1648 1070 1675 1104 a
1702 1050 1812 1104 Deo
1831 1050 2084 1118 produt-ta
2103 1049 2192 1100 sit.

700 1152 759 1202 Β.
786 1148 959 1203 Dubio
994 1149 1214 1202 dubium
1243 1146 1371 1200 mihi
1413 1144 1646 1208 solvisti,
1689 1142 1864 1195 atttice
1914 1141 2018 1195 vir.
2066 1138 2197 1191 Nam

630 1245 672 1297 si
702 1243 863 1295 etiam
890 1242 1139 1295 homines
1177 1240 1418 1293 facturus
1446 1247 1566 1291 erat
1595 1233 1951 1296 immortales,
1984 1246 2080 1286 cur
2110 1231 2201 1285 be—

632 1333 971 1387 nelieentiam
1005 1348 1157 1386 suam
1201 1328 1418 1384 diﬂ'ert?
1460 1343 1555 1382 cur
1585 1342 1688 1381 non
1722 1326 1883 1381 simul
1918 1340 2043 1379 cum
2074 1330 2197 1377 ortu

631 1424 957 1479 immortalia
990 1421 1174 1477 omnia
1202 1419 1423 1475 (ια’εείιῖ

670 1539 763 1588 νΑ.
802 1534 1055 1590 Ausculta
1090 1535 1415 1602 praclarum
1463 1545 1766 1585 sermonem
1798 1544 1955 1599 quem
1986 1527 2201 1581 divinus

633 1626 721 1681 ille
756 1628 1014 1696 propheta
1060 1635 1115 1679 et
1155 1623 1431 1693 legislator
1458 1620 1635 1676 Moses
1673 1621 1912 1687 scripsit,
1944 1633 2104 1688 quem
2150 1626 2202 1671 et

634 1732 817 1770 verum
849 1730 970 1770 esse
1006 1714 1145 1768 ratio
1180 1711 1568 1783 deprehendit.
1604 1708 1739 1764 Nam
1775 1709 1968 1779 Opifex
2018 1718 2075 1762 et
2120 1706 2200 1762 ef-

634 1808 806 1863 fector
838 1807 993 1876 hujus
1024 1805 1286 1867 universi,
1312 1811 1435 1868 post
1472 1803 1597 1857 cmli
1629 1812 1686 1856 et
1732 1811 1897 1855 terra:
1933 1808 1989 1853 et
2031 1798 2201 1853 maris

633 1900 1085 1965 procreationem,
1136 1896 1374 1964 itemque
1406 1894 1557 1958 solis,
1594 1893 1753 1957 lunai,
1804 1891 2107 1954 stellarum,
2148 1902 2203 1945 et

634 2004 822 2041 eorum
851 1988 942 2056 qui
976 1987 1028 2040 in
1057 1984 1214 2049 cmlo,
1249 1993 1414 2046 terra,
1443 1996 1568 2036 aere
1598 1990 1651 2035 et
1687 1979 1820 2033 mari
1853 1980 2077 2049 degunt,
2108 1979 2205 2032 ho-

636 2080 835 2133 minem
884 2078 1121 2132 condeus
1148 2074 1450 2145 (oportebat
1490 2074 1634 2128 enim
1663 2072 1813 2140 quasi
1850 2072 1958 2139 regi
1983 2081 2037 2125 et
2076 2086 2204 2124 cou-

637 2169 772 2223 vivze
797 2168 865 2222 ab
896 2167 1136 2220 oumium
1187 2180 1314 2235 rege
1345 2174 1400 2218 et
1443 2163 1585 2233 epuli
1618 2162 1877 2232 magistro
1909 2162 2201 2230 pra‘parari

636 2258 812 2327 regias
845 2257 990 2311 aedes
1021 2265 1075 2309 et
1104 2253 1435 2317 convivium,
1471 2262 1524 2306 et
1554 2266 1674 2321 quae
1719 2252 1787 2304 ad
1832 2251 2199 2321 epulationent

636 2349 937 2417 pertinent,
966 2345 1166 2400 deinde
1191 2345 1268 2399 sic
1302 2358 1479 2413 regem
1516 2358 1679 2413 super
1730 2354 1929 2396 terram
1972 2343 2200 2413 imponi,

636 2448 690 2492 et
720 2438 944 2507 produci
978 2453 1181 2507 regem,
1213 2446 1269 2491 et
1294 2436 1579 2491 convivam
1615 2434 1878 2489 bonorum
1909 2448 2029 2503 qua:
2083 2451 2202 2489 ma-

635 2545 771 2597 gnus
801 2530 942 2601 epuli
979 2530 1230 2599 magister
1246 2526 1613 2597 apposuerat),
1643 2525 1937 2592 hominem,
1965 2526 2201 2595 inquam,

638 2619 877 2674 condens
902 2618 1069 2689 288
1099 2617 1271 2672 bonus
1304 2615 1395 2671 ille
1432 2613 1647 2685 Opilex,
1673 2624 2016 2684 mentemque
2046 2617 2206 2670 intel-

639 2709 897 2778 ligentem
934 2724 1095 2777 quam
1138 2720 1269 2761 sane
1296 2705 1586 2777 imaginem
1620 2704 1790 2773 ipsius
1818 2719 1939 2759 esse
1959 2706 2206 2775 agnoscit

644 2800 807 2863 ratio,
844 2814 967 2852 cum
1004 2811 1230 2867 corpore
1254 2796 1394 2864 quod
1423 2794 1523 2850 sub
1551 2807 1768 2848 sensum
1799 2791 1947 2847 cadit
1972 2808 2194 2863 compoo

640 2905 777 2945 nens
803 2900 858 2944 et
890 2888 1170 2959 colligens,
1208 2895 1262 2942 et
1304 2887 1373 2941 ab
1411 2896 1533 2940 ortu
1564 2886 1740 2956 primo
1775 2884 2205 2942 immortalitatis

642 2982 852 3037 semina
896 2995 991 3051 per
1022 2979 1383 3035 immortalem
1419 2978 1655 3032 animam
1695 2979 2017 3047 corporibus
2057 2978 2206 3034 inse-

642 3089 791 3139 rens,
837 3083 894 3127 ut
934 3072 1351 3128 beneﬁcentiam
1398 3072 1525 3128 boni
1580 3080 1636 3128 et
1680 3071 2203 3144 contemplationem

642 3162 913 3216 sentirent
952 3160 1118 3213 etiam
1143 3160 1445 3225 insensilia,
1481 3175 1543 3216 ac
1570 3176 1668 3231 per
1694 3162 2003 3217 mistiouem
2044 3161 2200 3216 intel-

643 3252 862 3322 ligentis
892 3252 1170 3316 essentiae,
1205 3259 1259 3305 et
1286 3253 1733 3322 temperationem
1771 3254 1889 3322 ejus
1932 3254 2207 3324 particeps

641 3352 811 3408 esset,
846 3357 959 3396 suae
1010 3344 1301 3411 potestatis
1338 3341 1595 3410 faciebat,
1626 3352 1685 3397 ut
1721 3358 1752 3397 a
1786 3344 2111 3399 necessitate
2142 3344 2207 3398 li-

642 3438 860 3499 berum,
885 3433 1141 3499 solutum,
1183 3443 1239 3488 et
1271 3434 1353 3488 sui
1383 3433 1548 3503 juris.
1587 3435 1677 3488 llla
1709 3436 1854 3490 enim
1885 3445 2121 3491 estnota
2152 3447 2209 3491 et

645 3538 853 3582 tessera
894 3527 1105 3582 ratione
1131 3529 1433 3595 praesertim
1463 3529 1741 3583 instructa:
1770 3538 2002 3594 naturae,
2028 3528 2207 3599 imago

641 3631 698 3675 et
728 3621 961 3674 imitatio
987 3621 1206 3689 superni
1237 3621 1388 3690 regni
1414 3639 1427 3674 :
1454 3630 1508 3676 et
1528 3621 1808 3691 praemium
1835 3622 1963 3678 illud
1988 3624 2210 3678 immor-

645 3712 869 3767 talitatis
900 3713 1069 3782 legem
1097 3712 1347 3782 praebuit,
1384 3725 1439 3769 ut
1473 3726 1659 3770 nosset
1691 3714 2008 3781 Dominum,
2036 3730 2209 3786 neque

644 3820 703 3860 se
750 3806 868 3860 sine
917 3819 1045 3874 rege
1091 3820 1156 3859 ac
1204 3804 1591 3883 domiuolesse
1627 3807 1815 3872 sciret,
1852 3808 2208 3877 quantumvis

643 3911 831 3951 eorum
863 3912 982 3965 quae
1023 3907 1151 3951 sunt
1181 3912 1341 3968 super
1389 3908 1590 3953 terram
1624 3914 1721 3954 rex
1754 3909 1900 3953 esset
1941 3899 2208 3953 constitu-

648 3999 735 4045 tus
762 4003 779 4042 :
810 3989 861 4044 id
891 3987 1190 4059 profectum
1227 4004 1258 4043 e
1290 3988 1646 4045 beneﬁcentia
1688 3989 1805 4059 Dei,
1836 3989 1928 4058 qui
1964 4003 2087 4044 eum
2125 4002 2210 4043 re-

645 4097 765 4153 gem
795 4082 1100 4138 constituit.
1136 4082 1460 4138 Przeclarum
1489 4083 1632 4137 enim
1660 4092 1744 4137 est
1774 4096 1925 4137 suam
1956 4080 2206 4137 servilem

646 4176 1013 4231 conditionem
1056 4190 1370 4247 agnoscere,
1407 4175 1548 4244 quod
1589 4173 1982 4245 arrogantiam,
2017 4184 2071 4228 et
2106 4187 2206 4226 au-

646 4270 883 4337 daciam,
920 4280 974 4327 et
1010 4269 1320 4339 superbiam
1355 4276 1409 4321 et
1450 4266 1650 4320 fastum
1690 4267 2043 4333 exterminat,
2089 4266 2199 4336 pri-

720 4449 935 4527 \68)_'0
973 4448 1237 4527 ἁγαθός..
1265 4446 1379 4526 Non
1408 4455 1532 4527 puto
1557 4444 1682 4527 alibi
1720 4446 1798 4499 sic
1833 4443 2209 4527 loqui_;;ielia-
2243 4473 2285 4527 ο

650 4517 820 4576 riam.
847 4518 1031 4587 Itaque
1068 4530 1121 4570 et
1155 4520 1311 4571 isthic
1345 4517 1587 4569 voculam
1618 4517 1905 4585 adjecerim
1932 4531 1949 4570 :
1985 4517 2043 4567 ὐ
2072 4517 2209 4584 ἀγα-

649 4592 740 4653 θὸς
774 4589 924 4648 Θεός.
959 4588 1055 4640 ΒΑ.

728 4650 837 4731 (69)
876 4661 1091 4731 ’Ἄκουε
1123 4650 1255 4719 οὖν,
1285 4658 1457 4725 φασὶ,
1481 4656 1644 4731 μάλα
1670 4657 1859 4711 καλοῦ
1894 4657 2101 4725 λόγου.
2135 4655 2214 4711 εί,

652 4726 796 4786 milia
820 4726 960 4795 apud
991 4726 1219 4780 Aineant
1248 4734 1313 4780 ad
1350 4731 1530 4782 liuent.
1559 4728 1653 4782 ΒΑ.

722 4800 833 4865 (id)
878 4796 951 4850 De
988 4796 1183 4868 Moysis
1230 4800 1547 4853 auctoritate
1583 4798 1723 4867 apud
1771 4809 2000 4861 veteres,
2048 4798 2211 4851 etiam

650 4880 800 4923 extra
838 4869 1137 4932 veritatem,
1168 4870 1459 4937 scriptores
1480 4909 1495 4932 ,
1526 4879 1687 4937 caput
1708 4868 1948 4921 dedimus
1976 4873 2213 4921 secundo

654 4938 918 5009 volumine
946 4937 1401 5009 Adversariorum.
1434 4938 1632 5009 Moysis
1669 4939 2054 5009 cogmopmiam
2089 4955 2211 4991 cum

652 5008 931 5079 gentilium
961 5008 1310 5079 compositam
1363 5005 1535 5063 babes
1567 5010 1705 5079 apud
1736 5005 2089 5076 Theophilum
2119 5009 2208 5061 lib.

651 5076 690 5133 tt
753 5078 832 5129 Ad
854 5077 1185 5147 Autolycum.
1218 5076 1313 5131 ΒΑ.

720 5148 831 5217 (71)
859 5150 1194 5216 Δαιτυμόνι.
1224 5150 1498 5213 (ὶυιιινὶιεῐν,
1532 5147 1728 5216 hospiti
1756 5150 1824 5201 ad
1856 5161 2116 5209 mensam,
2146 5149 2212 5200 ad

652 5219 839 5286 epulas
864 5222 1103 5270 imitate.
1142 5218 1269 5271 Vide
1301 5219 1647 5289 llesycuium,
1684 5219 1778 5286 qui
1817 5227 1980 5270 ettam
2013 5233 2213 5286 coquos

653 5294 752 5342 hac
786 5303 914 5341 voce
938 5294 1173 5341 censitos
1201 5287 1466 5341 autumat.
1499 5287 1591 5341 lit.

722 5358 833 5427 (72)
894 5357 1292 5425 Ἐστιιὶτορος.
1348 5358 1675 5412 ιἰδειτιιίιοισίε.
1706 5357 1795 5411 Sic
1822 5356 1962 5410 enim
1992 5355 2215 5427 exhibi-

654 5424 823 5482 torem
861 5431 1137 5495 epularum
1166 5424 1419 5484 vocatum
1448 5429 1573 5481 alibi
1604 5428 1958 5482 ostendimus.
1987 5424 2083 5482 ΒΑ.

726 5498 837 5569 (ῖὸ)
885 5496 1006 5550 Τῶν
1051 5498 1303 5566 ἀγαθῶν.
1352 5498 1462 5551 lloc
1499 5510 1581 5552 est
1626 5501 1918 5561 bonorum,
1971 5502 2213 5569 ciborum

652 5568 950 5625 salubrium
984 5579 1030 5622 et
1066 5574 1198 5621 bene
1236 5581 1636 5637 apparatornm.
1668 5569 1951 5622 Petronius
1982 5569 2049 5621 de
2081 5568 2215 5620 deli-

654 5653 776 5694 cato
807 5639 920 5701 tali,
955 5648 1060 5692 etc.
1097 5637 1259 5702 Vide;
1312 5655 1415 5691 non
1448 5642 1733 5704 repetenda
1767 5642 1911 5693 enim
1960 5639 2047 5693 hic
2089 5646 2217 5691 sunt

654 5725 774 5778 qua:
801 5710 1116 5782 scripsimus
1154 5710 1432 5761 Aarersar.
1481 5710 1569 5765 lib.
1606 5724 1734 5782 cuit
1772 5707 2042 5782 [iuedito],
2076 5728 2125 5762 e.
2156 5707 2212 5782 2.

657 5784 944 5849 sequentia
980 5779 1165 5834 eadem
1200 5782 1365 5833 habes
1408 5782 1544 5850 apud
1588 5779 1816 5834 A‘Lueat'n
1854 5779 2126 5834 nostrum.
2153 5779 2216 5833 lat

2302 592 2386 645 λιν
2408 591 2479 644 τὰ
2507 592 2635 660 περὶ
2654 592 2802 661 ἡμᾶς
2821 590 3028 644 τοιαῦτ’
3051 586 3188 644 εἶναι
3205 585 3403 661 οἷάπερ
3427 592 3521 644 καὶ
3544 590 3614 644 τά
3630 592 3868 665 ἡμέτερα

2304 682 2555 753 σώματα,
2589 681 2748 752 δόξης
2770 699 2828 735 τε
2862 683 2959 735 καὶ
2988 681 3284 745 ἀθανασίας
3307 681 3544 753 ἔμπλεα,
3571 684 3668 736 καὶ
3693 683 3869 754 πάσης

2306 773 2608 843 μεταϐολῆς
2673 773 2765 825 καὶ
2837 771 3175 835 ἀλλοιώσεως
3244 771 3542 842 ἐλεύθεραο
3610 772 3758 836 ὅπως
3804 773 3871 827 ’τὸ

2301 866 2485 934 ὅμοιον
2521 863 2600 933 τῷ
2644 864 2813 933 ὁμοίῳ
2844 862 3052 934 πελάζῃ
3099 879 3157 915 τε
3200 862 3291 915 καὶ
3340 861 3595 935 θιγγάνῃ.
3647 856 3812 926 Οὗτος
3844 866 3871 917 6

2302 955 2480 1022 λόγος,
2511 948 2557 1006 ὦ
2584 953 2851 1024 μακάριε,
2883 951 2977 1004 τοῦ
3003 951 3077 1023 μὴ
3106 950 3337 1005 ἀνέκαθε
3369 952 3485 1003 τόδε
3517 952 3581 1003 τὸ
3607 952 3716 1005 πᾶν
3743 950 3873 1005 ἀθάς

2303 1061 2462 1099 νατον
2491 1044 2582 1097 καὶ
2610 1042 2915 1113 ἀνώλεθρον
2939 1041 3076 1111 πρὸς
3100 1040 3196 1093 τοῦ
3224 1040 3358 1093 Θεοῦ
3391 1042 3702 1109 γεγονέναι.

2373 1134 2433 1188 B.
2479 1133 2707 1203 ’Δπορίᾳ
2730 1149 2818 1201 μοι
2843 1130 2940 1202 τὴν
2960 1130 3196 1201 ἀπορίαν
3218 1130 3563 1194 διαλέλυκας,
3596 1124 3642 1182 ὧ
3674 1132 3870 1193 ἑταῖρε.

2305 1227 2369 1280 Εἰ
2425 1227 2533 1297 γὰρ
2575 1224 2640 1295 δὴ
2686 1225 2782 1276 καὶ
2830 1224 2955 1286 τούς
3006 1220 3328 1291 ἀνθρώπους
3358 1222 3661 1287 ἀθανάτους
3707 1227 3872 1277 ποιεῖν

2302 1317 2527 1387 ἔμελλε,
2570 1316 2621 1369 τί
2667 1315 2764 1386 τὴν
2799 1313 3121 1385 εὐεργεσίαν
3152 1313 3553 1381 ἀναὸἀλλεται;
3602 1312 3667 1366 Τί
3698 1313 3753 1367 δὲ
3800 1314 3871 1384 μὴ

2302 1411 2416 1481 ἅμα
2441 1412 2505 1481 τῇ
2533 1408 2769 1477 γενέσει,
2803 1406 3048 1460 ἀθάνατα
3079 1407 3255 1460 πάντα
3279 1405 3453 1459 ἐποίει
3476 1424 3490 1472 ;

2372 1524 2438 1577 Α.
2485 1522 2681 1573 Ἀκουε
2728 1519 2842 1585 οὖν,
2892 1519 3047 1588 φασὶ,
3097 1517 3245 1589 μάλα
3270 1516 3437 1571 καλοῦ
3470 1516 3631 1585 λόγου
3663 1516 3792 1586 ((39),
3820 1517 3875 1573 ὃν

2300 1613 2544 1681 Μωύσῆς
2595 1612 2693 1682 μὲν
2746 1612 2774 1664 6
2803 1610 3087 1672 θεσπέσιος
3125 1610 3410 1681 προφήτης
3454 1609 3550 1661 καὶ
3588 1608 3876 1679 νομοθέτης

2305 1703 2662 1775 συνέγραψεν,
2695 1701 2870 1773 ἀληθῆ
2905 1700 2961 1753 δὲ
3005 1700 3136 1753 ὄντα
3179 1703 3208 1753 6
3239 1700 3397 1768 λόγος
3427 1698 3718 1769 ἐφώρασεν
3747 1698 3872 1769 (70).

2314 1791 2375 1849 ὐ
2418 1795 2527 1866 γὰρ
2558 1792 2906 1866 Δημιουργδς
2937 1796 3030 1846 καὶ
3082 1792 3307 1862 ποιητὴς
3349 1791 3504 1845 τοῦδε
3541 1789 3637 1844 τοῦ
3684 1791 3876 1855 παντὸς

2307 1884 2447 1956 μετά
2492 1885 2592 1953 τὴν
2639 1881 2873 1954 οὐρανοῦ
2919 1882 3016 1935 καὶ
3046 1882 3151 1952 γῆς
3196 1882 3292 1935 καὶ
3325 1880 3599 1951 θαλάττης
3648 1881 3874 1948 γένεσιν,

2303 1977 2457 2048 ἡλίου
2490 1993 2550 2030 τε
2584 1977 2678 2030 καὶ
2724 1973 2980 2045 σελήνης,
3016 1974 3113 2027 καὶ
3138 1973 3404 2046 ἀστέρων,
3448 1972 3545 2027 καὶ
3572 1971 3680 2025 τῶν
3708 1973 3765 2024 ὲν
3792 1970 3878 2024 οὐ-

2308 2067 2455 2139 ρανῴ
2484 2067 2579 2120 κα)⁸
2608 2068 2702 2137 γῇ,
2738 2066 2862 2136 ἀέρι
2888 2082 2947 2119 τε
2972 2066 3067 2119 καὶ
3098 2063 3336 2138 θαλάττῃ
3366 2063 3761 2133 διαιτωμένων,
3794 2063 3879 2116 τὸν

2304 2159 2589 2229 ἄνθρωπον
2636 2155 2981 2228 δημιουργῶν
3012 2157 3031 2223 (
3046 2154 3151 2209 ἔδει
3198 2155 3307 2226 γὰρ
3329 2149 3427 2209 οἷα
3466 2153 3683 2225 βασιλεῖ
3702 2169 3761 2206 τε
3792 2152 3878 2206 καὶ

2305 2251 2587 2322 δαιτυμόνι
2626 2250 2739 2320 (71)
2769 2249 2874 2302 ὐπὸ
2896 2248 2992 2303 τοῦ
3027 2248 3246 2302 πάντων
3281 2247 3544 2318 βασιλέως
3581 2247 3677 2300 καὶ
3709 2245 3877 2300 ἑστιά-

2305 2361 2463 2415 τορος
2495 2342 2646 2412 (72),
2699 2339 3203 2412 προετοιμσθῆναι
3255 2339 3323 2393 τὰ
3371 2339 3621 2410 βασίλεια
3680 2338 3774 2391 καὶ
3823 2337 3879 2390 τὸ

2309 2433 2612 2504 συμπόσιον
2651 2432 2745 2485 καὶ
2790 2431 2860 2484 τά
2901 2431 3004 2502 τῆς
3047 2430 3373 2494 ὲστιάσεωςυ
3437 2427 3536 2484 εἷθ’
3589 2428 3763 2493 οὕτως
3793 2427 3878 2481 τὸν

2308 2524 2403 2578 ἐπὶ
2447 2524 2551 2593 γῆς
2595 2522 3028 2593 χειροτονοθῆναι
3079 2522 3173 2575 καὶ
3229 2520 3610 2593 προόληθῆειαι
3662 2520 3878 2591 βασιλέα

2308 2614 2401 2669 καὶ
2446 2613 2741 2684 δαιτυμόνα
2771 2614 2878 2667 τῶν
2908 2612 3127 2683 ἀγαθῶν
3161 2614 3299 2684 (75),
3330 2606 3405 2667 ὧν
3439 2616 3468 2667 6
3510 2614 3686 2685 μέγας
3716 2611 3877 2683 πρού-

2309 2706 2477 2777 θηκεν
2525 2706 2865 2776 ὲστιάτωρ·)
2912 2708 2941 2759 6
2984 2704 3114 2774 γοῦν
3159 2705 3363 2774 ἀγαθὸς
3404 2706 3640 2777 Ποιητὴς
3675 2704 3767 2758 τὸν
3794 2705 3878 2758 ἆν-

2310 2798 2529 2869 θρωπον
2560 2798 2907 2869 δημιουργῶν
2934 2797 3029 2851 καὶ
3055 2798 3249 2868 νοεράν
3277 2798 3480 2869 ψυχὴν,
3511 2799 3578 2869 ἢν
3608 2798 3675 2867 δὴ
3704 2797 3879 2851 εἰκόνα

2308 2887 2476 2943 αὐτοῦ
2510 2883 2654 2941 οἶδεν
2683 2890 2711 2941 6
2752 2888 2927 2957 λόγος,
2959 2888 3202 2959 αἰσθητῴ
3231 2889 3446 2960 σώματι
3474 2895 3794 2961 συγκρίνων
3822 2905 3877 2942 τε

2310 2982 2405 3035 καὶ
2437 2979 2692 3043 συνδέων,
2724 2980 2818 3033 καὶ
2854 2980 3119 3034 ἀνέκαθεν
3148 2981 3217 3034 τὰ
3242 2984 3341 3053 τῆς
3372 2981 3674 3045 ἀθανασίας
3716 2980 3879 3052 σπέρ-

2313 3088 2459 3143 ματα
2507 3071 2595 3125 διὰ
2634 3072 2733 3142 τῆς
2778 3071 3048 3125 ἀθανάτου
3078 3071 3257 3143 ψυχῆς
3284 3074 3398 3135 τοῖς
3437 3071 3690 3143 σώμασιν
3720 3072 3881 3139 ἐγκα-

2309 3164 2643 3235 τασπείρων,
2683 3164 2833 3226 ὅπως
2864 3164 2931 3217 ἂν
2958 3165 3057 3236 τῆς
3103 3164 3424 3236 εὐεργεσίας
3456 3165 3502 3218 τ’
3533 3164 3746 3233 ἀγαθοῦ
3793 3164 3881 3219 καὶ

2310 3256 2412 3327 τῆς
2455 3256 2690 3327 θεωρίας
2721 3254 3029 3309 αἰσθάνοιτο
3060 3255 3155 3308 καὶ
3197 3256 3265 3308 τὰ
3306 3254 3633 3325 ἀναίσθητα,
3679 3256 3775 3309 καὶ
3800 3254 3879 3309 διὰ

2312 3349 2412 3419 τῆς
2452 3347 2651 3419 μίξεως
2701 3347 2798 3418 τῆς
2843 3348 3038 3419 νοερᾶς
3074 3347 3262 3412 οὐσίας
3292 3348 3385 3401 καὶ
3432 3347 3879 3417 συνανακράσεως

2312 3440 2500 3494 τούτου
2556 3439 2805 3511 μετέχοι,
2860 3438 3209 3505 αὐτεξούσιον
3258 3441 3433 3494 ἐποίει
3491 3440 3585 3493 κα).
3641 3440 3878 3509 ἀνάγκης

2314 3533 2619 3605 ἐλεύθερον,
2669 3532 2869 3602 ἄφετόν
2919 3550 2980 3586 τε
3014 3533 3107 3586 καὶ
3169 3533 3486 3602 αὐτόνομον.
3549 3533 3722 3587 Τοῦτο
3776 3533 3878 3603 γάρ

2314 3623 2636 3696 γνώρισμα,
2673 3622 2768 3677 καὶ
2812 3622 3066 3694 σύνθημα
3096 3624 3319 3694 λογικῆς
3367 3623 3606 3695 μάλιστα
3650 3622 3875 3693 φύσεως,

2314 3713 2622 3769 καὶιείκὼν
2674 3715 2767 3769 καὶ
2806 3715 3037 3786 μίμησις
3065 3714 3178 3785 (7d)
3238 3718 3338 3787 τῆς
3392 3715 3506 3769 ἄνω
3572 3714 3876 3785 βασιλείας·

2314 3802 2475 3860 ἆθλόν
2513 3824 2572 3859 τε
2618 3805 2774 3860 τοῦτο
2816 3807 3140 3870 ἀθανασίας,
3194 3808 3357 3879 νόμον
3405 3810 3691 3878 παρεῖχεν,
3744 3807 3879 3869 ὅπως

2312 3897 2569 3968 γνωρίζοι
2598 3898 2690 3951 τὸν
2718 3899 3015 3969 Δεσπότην,
3048 3900 3140 3953 καὶ
3175 3900 3251 3964 ὡς
3281 3901 3384 3956 οὐκ
3417 3900 3504 3973 εἴη
3534 3900 3879 3968 ἁϐπσίλευτός

2316 4007 2377 4044 τε
2407 3989 2500 4042 καὶ
2528 3989 2822 4052 ἀδέσποτος
2852 3989 3041 4061 εἰδείη,
3072 3993 3120 4044 εί
3158 3993 3254 4045 καὶ
3280 3992 3391 4045 τῶν
3426 3995 3520 4047 ἐπὶ
3548 3996 3656 4066 γῆς
3680 3995 3877 4065 γεγόνει

2317 4079 2572 4151 βασιλεὺς
2604 4079 2739 4150 (75),
2776 4080 3065 4151 εὐεργεσίᾳ
3110 4081 3204 4135 τοῦ
3240 4082 3466 4152 βασιλέα
3499 4086 3875 4157 πεποιηκότος.

2313 4173 2517 4244 Χρῆμα
2545 4173 2653 4242 γάρ
2690 4190 2742 4226 τι
2767 4173 2932 4227 καλὸν
2956 4176 2991 4244 ἠ
3025 4174 3127 4243 τῆς
3151 4176 3397 4239 δουλείας
3423 4178 3726 4246 ἐπίγνωσις
3755 4180 3875 4250 (76),

2313 4266 2697 4337 ὑπερηφανίαν
2716 4268 2811 4320 καὶ
2834 4267 3126 4322 αὐθάδειαν
3147 4270 3241 4323 καὶ
3263 4270 3430 4340 τῦφον
3452 4273 3546 4326 καὶ
3571 4273 3877 4339 ἀλαζονείαν

2314 4443 2743 4520 fueruntutique
2772 4446 2877 4520 duo
2903 4447 3105 4519 egregii
3141 4448 3228 4502 isti
3257 4449 3555 4520 scriptores
3587 4453 3744 4509 unius
3772 4468 3875 4508 ma-

2313 4516 2467 4593 gistri
2496 4516 2743 4584 discipuli
2771 4533 2786 4583 ;
2818 4517 2890 4569 ita
2925 4516 3096 4593 plane
3114 4523 3301 4573 eadem
3335 4516 3689 4593 courntcntati
3739 4536 3872 4578 sunt.

2315 4586 2425 4639 Nec
2460 4597 2540 4639 est
2575 4600 2712 4638 unus
2744 4596 2921 4640 tamen
2953 4590 3172 4642 omnino
3202 4601 3415 4648 auctor.
3450 4590 3545 4646 ΒΑ.

2869 4658 3144 4747 μίμησις.
3176 4661 3374 4747 Sibylla
3388 4662 3753 4747 _:_"Avi_lpmrot
3777 4663 3873 4717 θεὸ·

2316 4726 2550 4780 πλαστον
2572 4726 2867 4799 ἔχοντες-ὲν
2900 4728 3070 4781 εἰκόνι
3112 4726 3351 4799 μορφήν.
3385 4726 3656 4788 Manilius.
3700 4733 3872 4787 Exem-

2312 4799 2554 4870 pinmqne
2581 4798 2673 4848 Dei
2710 4797 2925 4870 quisque
2959 4810 3033 4851 est
3064 4797 3122 4852 in
3160 4797 3386 4869 imagine
3408 4820 3593 4870 parva.
3626 4802 3869 4859 Ovidius:

2314 4865 2503 4989 [δίοιωὲ
2556 4870 2609 4918 in
2665 4867 2890 4935 effigiem
2948 4865 3309 4924 moderantum
3373 4865 3562 4926 cuncta
3624 4876 3867 4937 deorum,

2314 4949 2417 4989 etc.
2500 4955 2552 4989 Α.

2314 4949 2417 4992 CIC.
2458 4949 2552 4991 ΒΑ.

2387 5007 2499 5081 (75)
2545 5011 2788 5077 Γεγόνει
2816 5012 3137 5075 βασιλεὺς.
3165 5009 3420 5081 Olympus
3445 5010 3793 5069 Nemesianus
3822 5014 3865 5067 iu

2317 5075 2644 5152 llalietttico,
2682 5082 2872 5152 Ovidio
2900 5082 3053 5147 vulgo
3085 5075 3367 5149 ascrtpto':
3416 5083 3626 5152 Accepit
3658 5089 3866 5139 mundus

2317 5163 2505 5227 regem.
2539 5151 2759 5227 Ovidius
2788 5171 2800 5204 :
2830 5151 3098 5227 [Sanctius
3135 5153 3215 5204 Itis
3236 5152 3436 5227 annual
3471 5151 3755 5227 orantisque
3788 5171 3866 5207 ca-

2315 5219 2494 5286 pacius
2515 5221 2638 5292 Izth
2664 5219 2873 5292 [Deerat
2896 5221 3087 5285 adhuc,
3110 5234 3154 5274 et
3179 5225 3314 5292 quod
3338 5224 3603 5277 dominari
3621 5219 3865 5279 iu'ra'lera

2314 5299 2522 5363 posset;
2556 5289 2757 5363 [Na—tus
2788 5293 2941 5346 homo
2969 5301 3067 5363 est.
3105 5294 3176 5346 De
3191 5289 3433 5345 hominis
3465 5292 3747 5349 decoribus
3778 5310 3862 5347 no-

2317 5359 2477 5412 bilem
2503 5359 2696 5415 lilirum
2716 5364 2976 5419 habemus
2996 5360 3252 5428 Nemesii,
3270 5363 3571 5433 philosophi
3589 5362 3861 5421 Christiani

2315 5432 2589 5502 quantivis
2617 5433 2794 5502 pretii.
2830 5433 2925 5486 ΒΑ.

2388 5498 2498 5583 (76)
2547 5498 2833 5583 Δοῖυλείας
2863 5503 3208 5573 ἐπίγνωσις.
3260 5505 3336 5562 De
3378 5512 3636 5583 dignitate
3687 5504 3864 5583 agnitae

2316 5575 2465 5646 rem;
2494 5575 2791 5646 servitutis,
2820 5585 2984 5646 utque
3009 5591 3071 5628 ea
3112 5592 3207 5646 per
3235 5583 3414 5636 omnia
3437 5575 3740 5638 distributa
3759 5576 3861 5646 sit_.

2316 5639 2557 5719 pulchris
2586 5644 2833 5719 versibus
2863 5639 3126 5719 Papinius
3150 5657 3330 5719 noster
3370 5654 3461 5719 lib,
3498 5668 3579 5713 ιιι,
3632 5662 3794 5702 carm.

2318 5709 3205 5788 §ilvarnm,_ALacrymis'Etrusci,
3253 5722 3380 5776 olim
3433 5709 3594 5785 servi,
3626 5715 3860 5788 ροειέμυ

2319 5781 2734 5850 imperatoribus
2764 5781 2993 5843 diversis
3023 5791 3230 5856 magnis
3267 5794 3425 5849 rebus
3460 5781 3655 5849 admoti
3691 5804 3704 5841 :
3738 5782 3859 5857 IN“
