4154 6560
312 405 448 470 1125

1331 402 1783 465 DISPUTATIO
1822 402 1918 463 DE
1962 401 2210 462 MUNDI
2250 401 2599 462 OPIFICIO.

3420 400 3555 464 1126

310 514 732 586 ὑπερορίζουςα,
762 514 820 567 τὸ
850 512 1066 582 πρῶτον
1091 512 1183 567 καὶ
1207 512 1513 566 τελευταῖον
1546 512 1716 565 κακόν
1746 512 1879 580 (77)*

1994 526 2133 564 munt
2181 520 2236 565 et
2288 518 2590 565 extremum
2648 511 2868 577 malum,
2930 522 2985 567 et
3037 515 3263 570 omnino
3324 515 3550 583 spiritus

312 610 403 662 καὶ
440 608 577 670 ὅλως
607 607 915 675 συνάγουσα
941 607 1007 659 τὰ
1034 606 1378 676 φρονήματα,
1414 609 1509 659 καὶ
1531 606 1647 671 τοῦ,
1689 604 1881 658 Γνῶθι

308 700 559 763 σαυτὸν,
588 698 681 752 τοῦ
729 700 1055 769 γράμματος
1094 698 1587 768 ἀναμιμνήσκουσα
1624 697 1718 751 τοῦ
1749 697 1880 749 Δελ-

310 792 472 861 φικοῦ
499 792 652 862 ξ(ῖ8).
706 791 1077 862 Ὀλιγωρήσας
1117 789 1175 841 δὲ
1226 789 1321 842 τοῦ
1352 790 1541 860 νόμου,
1590 790 1685 843 καὶ
1722 786 1884 861 ἦττον

311 881 607 952 φροντίσας
628 882 656 933 ὁ
673 878 768 933 ἀνθ
779 896 956 950 ρωπος
983 878 1076 931 τοῦ
1097 877 1410 947 νομοθέτου,
1440 881 1540 949 τῆς
1564 878 1881 945 ἀθανασίας,

309 968 379 1044 ἦς
411 973 460 1025 el
505 969 681 1041 φύλαξ
710 970 951 1039 ἐγεγόνει
980 968 1073 1021 τοῦ
1106 970 1293 1038 νόμου,
1337 970 1760 1039 μετελάγχανεν,
1795 970 1885 1022 ὲκ·

312 1066 523 1123 πίπτει.
563 1062 661 1117 καὶ
684 1064 907 1133 τιμᾶται
942 1061 1041 1130 τὴν
1075 1060 1339 1115 διάλυσιν.
1384 1061 1533 1114 Ἔδει
1569 1060 1677 1132 γὰρ
1718 1061 1793 1131 μὴ
1827 1060 1886 1113 τὸ

312 1156 484 1210 κακὸν
514 1150 966 1216 ἀθάνατονεῖναι,
1002 1153 1097 1206 καὶ
1123 1152 1267 1206 τοῦτ’
1299 1152 1587 1223 εὐεργεσία
1618 1153 1711 1205 τοῦ
1740 1153 1887 1223 βασι-

309 1249 465 1312 λέως,
512 1247 607 1300 καὶ
653 1245 947 1316 νομοθέτου
980 1245 1075 1298 καὶ
1107 1244 1464 1315 δημιουργοῦ.
1519 1244 1702 1298 Κακὸν
1730 1245 1773 1297 δ’
1819 1243 1884 1297 ἂν

308 1340 395 1411 εἴη
427 1342 460 1410 ὴ
510 1338 617 1393 τῶν
647 1336 942 1408 βασιλικῶν
993 1336 1432 1406 προσταγμάτων
1480 1334 1887 1406 καταφρόνησις

308 1435 404 1486 καὶ
448 1429 835 1502 ἀφροντιστία,
885 1428 980 1482 κα).
1031 1430 1065 1498 ἡ
1109 1427 1241 1500 περὶ
1277 1428 1367 1480 τὸν
1417 1425 1711 1498 εὐεργέτην
1741 1425 1889 1494 ὀλιγ-

308 1522 450 1592 ωρία
498 1520 608 1589 (79)
638 1558 653 1583 ,
705 1520 903 1589 ἥκιστα
948 1518 1167 1588 γραφὴν
1213 1516 1325 1583 (80)
1375 1514 1698 1585 ἀχαριστίας
1750 1516 1887 1569 ἀπο-

310 1612 681 1682 φυγγάνουσα.
737 1609 952 1679 Ταύτην
997 1609 1059 1678 δὴ
1107 1608 1283 1678 ἀρχὴν
1323 1610 1416 1660 καὶ
1454 1607 1548 1659 τοῦ
1589 1606 1749 1659 ἄλλου
1790 1605 1889 1675 τῆς

310 1704 507 1763 κακίας
548 1699 783 1772 ὁμαδοῦ,
819 1701 913 1754 καὶ
942 1700 1036 1751 τοῦ
1081 1696 1249 1769 ἑσμοῦ
1282 1698 1395 1768 (8i)
1424 1697 1531 1749 τῶν
1571 1697 1669 1766 τῆς
1721 1696 1888 1749 ἀϐου-

310 1794 451 1857 λίας,
483 1792 577 1846 καὶ
606 1790 903 1852 ἀκολασίας
932 1788 1136 1860 ἡδονῶν
1161 1791 1189 1841 ὀ
1241 1788 1529 1858 ἄνθρωπος
1561 1788 1884 1857 ἐποιήσατο·

1984 600 2313 670 comprimit,
2345 603 2474 655 etin
2508 602 2825 656 memoriam
2858 614 3077 659 revocat
3115 604 3429 675 Delplticam
3460 607 3553 659 itt-

1983 690 2358 759 scriptionetn,
2409 688 2585 744 Nosce
2629 703 2677 744 te
2723 693 2917 760 ipsum.
2957 693 3127 748 Homo
3179 707 3360 749 autem
3425 710 3556 750 con-

1986 795 2234 843 temnens
2261 786 2432 856 legem
2464 795 2519 841 et
2540 786 2718 841 minus
2749 801 2972 849 curans,
3003 802 3032 839 a
3069 787 3400 856 legislatoris
3451 790 3555 843 int-

1986 877 2338 944 mortalitate,
2389 893 2575 947 quam,
2632 878 2675 930 si
2730 886 2914 931 custos
2947 879 3271 941 exstitisset,
3321 879 3552 935 sortitus

1986 968 2196 1032 fuisset,
2225 968 2454 1029 excidit.
2491 978 2545 1020 et
2585 966 2806 1036 punitur
2839 966 3218 1021 dissolutione.
3258 968 3558 1037 Oportebat

1986 1061 2131 1115 enim
2170 1061 2366 1114 nmium
2396 1076 2499 1114 non
2545 1075 2667 1114 esse
2712 1058 3052 1121 immortale,
3098 1058 3261 1128 idque
3293 1061 3559 1116 beneflcio

1987 1152 2183 1206 summi
2222 1153 2386 1222 regis,
2422 1160 2476 1205 et
2505 1150 2848 1221 legislatoris,
2877 1158 2931 1204 et
2961 1150 3193 1219 0piticis.
3233 1149 3429 1203 Malum
3457 1168 3560 1205 au-

1991 1253 2097 1298 tem
2145 1243 2310 1298 fuerit
2345 1242 2614 1313 regiorum
2648 1242 2899 1311 jussuunt
2927 1242 3258 1310 contemptio
3287 1251 3342 1296 et
3375 1243 3561 1311 negle-

1989 1336 2121 1401 ctio,
2149 1343 2204 1388 et
2234 1350 2358 1403 erga
2401 1349 2559 1387 suum
2600 1334 3007 1388 benefactorcm
3044 1334 3253 1388 incuria
3300 1343 3353 1387 et
3386 1335 3563 1401 despi-

1988 1444 2141 1485 eatus
2167 1429 2389 1483 tninime
2421 1427 2634 1496 culpam
2689 1426 2884 1496 ingrati
2926 1426 3094 1480 animi
3127 1426 3413 1496 ell'ngiens.
3450 1425 3563 1481 lloc

1989 1524 2153 1594 igitur
2206 1520 2527 1592 principium
2564 1520 2789 1575 alterius
2833 1519 3086 1574 vitiorntn
3122 1521 3295 1575 turbae
3348 1529 3404 1575 et
3460 1536 3556 1589 ag-

1989 1612 2323 1684 gregationis
2384 1610 2757 1679 voluptatum,
2804 1612 3127 1667 temeritatis
3182 1622 3237 1666 et
3296 1612 3563 1681 intempe—

1989 1705 2198 1767 rantiae,
2242 1707 2402 1759 Itomo
2437 1704 2541 1758 sibi
2598 1704 2725 1757 fecit
2771 1722 2785 1759 :
2829 1704 2942 1759 haec
2986 1705 3124 1759 ratio
3163 1703 3558 1768 dissolutionis,

1996 1798 2113 1852 haec
2158 1795 2561 1851 reformationis
2627 1807 2681 1850 et
2732 1795 3157 1851 immortalitatis
3207 1810 3396 1861 causa,
3429 1796 3562 1853 nihil

310 1878 466 1945 οὗτος
498 1882 525 1934 ὁ
554 1881 712 1948 λόγος
749 1879 849 1948 τῆς
879 1877 1087 1941 λύσεως
1110 1917 1124 1940 ,
1151 1876 1244 1946 ἥδε
1283 1876 1381 1945 τῆς
1412 1874 1768 1935 ἀναπλάσεως
1798 1872 1890 1925 καὶ

1994 1889 2137 1943 aliud
2161 1904 2319 1957 quam
2353 1887 2444 1942 Dei
2490 1886 2727 1951 bonitas,
2768 1898 2825 1942 et
2873 1887 3279 1943 commiseratio
3306 1890 3425 1959 ejus
3467 1889 3560 1953 qui

309 1975 410 2043 τῆς
440 1972 737 2036 ἀθανασίας
776 1970 945 2036 αἰτία,
973 1970 1159 2039 ἕτερον
1203 1968 1355 2021 οὐδὲν
1385 1968 1416 2038 ἦ
1449 1965 1723 2035 ἁγαθότης
1754 1963 1891 2018 Θεοῦ

313 2065 409 2119 καὶ
436 2060 616 2127 οἶκτος
658 2064 788 2133 περ).
831 2064 923 2115 τὸν
971 2062 1298 2113 πεπτωκότα
1343 2062 1435 2112 καὶ
1486 2057 1894 2129 φιλανθρωπίας

316 2155 614 2227 ὑπερϐολή.
645 2134 933 2225 ”Ελεήσας
980 2154 1086 2224 γὰρ
1124 2155 1152 2206 ὁ
1180 2152 1514 2223 δημιουργὸς
1551 2151 1613 2204 τὸ
1645 2151 1890 2220 πλάσμα,

316 2251 408 2303 καὶ
433 2248 683 2302 νικᾶσθαι
705 2248 863 2301 τοῦτο
890 2246 1025 2318 πρὸς
1049 2247 1149 2315 τῆς
1172 2246 1373 2309 κακίας
1399 2248 1472 2316 μὴ
1503 2246 1890 2316 ἀνασχόμενος,

310 2341 515 2397 διαλύει
553 2341 651 2412 μὲν
684 2340 743 2393 τὸ
780 2340 1179 2409 ὑποδεξάμενον
1206 2337 1268 2391 τὸ
1300 2337 1469 2391 κακὸν
1495 2338 1735 2407 ἀγγεῖον,
1763 2339 1892 2390 ἀνα-

314 2436 539 2488 πλάττει
578 2434 633 2486 δὲ
680 2432 858 2497 αὖθις,
912 2432 1007 2485 καὶ
1040 2430 1419 2501 ἀναχαλκεύει,
1462 2430 1571 2484 τῶν
1603 2430 1891 2501 μοχθηρῶν

313 2528 480 2591 ἕξεων
536 2527 629 2580 καὶ
684 2524 869 2578 τύπων
920 2523 1349 2595 ἀπηλλάγμενον
1412 2522 1549 2593 (82),
1612 2524 1698 2575 ἶνα
1750 2524 1889 2593 μήτε

312 2622 556 2674 ἀθάνατα
604 2618 880 2687 νοσῶμεν·
931 2616 1053 2689 μηδ’
1098 2615 1168 2669 αὖ
1209 2614 1371 2669 πάλιν
1410 2615 1564 2685 ἀϊδίῳ
1597 2614 1774 2685 φθορᾷ
1799 2615 1893 2667 καὶ

312 2712 572 2781 διηνεκεῖ,
625 2710 687 2763 τὸ
720 2709 946 2779 πλάσμα
992 2707 1432 2771 καταδικάζοιτο,
1462 2708 1569 2759 ’ἐπ’
1616 2706 1891 2777 ἀθανασία

313 2810 412 2873 τὴν
446 2802 620 2874 ἀρχὴν
652 2802 895 2870 γεγονός.
956 2801 1096 2854 Ἀλλ’
1132 2800 1319 2870 ἐπειδὴ
1354 2799 1523 2853 κακία
1558 2799 1657 2869 τῆς
1683 2798 1891 2863 λύσεως

317 2897 693 2969 προηγήσατο,
726 2895 821 2948 καὶ
850 2895 1014 2965 νόμον
1037 2894 1329 2965 ὑπεροψία,
1364 2895 1471 2947 ἔδει
1505 2893 1663 2947 πάλιν
1690 2893 1893 2965 ἀρετὴν

316 2990 411 3043 καὶ
455 2988 621 3058 νόμον
670 2987 920 3056 φυλακὴν
963 2986 1057 3039 καὶ
1105 2986 1523 3057 ἀναμαρτησίαν
1576 2985 1892 3055 καθηγήσα-

1855 3072 1879 3092 'r

318 3082 442 3135 σθαι
481 3080 839 3144 ἀνακλάσεως
875 3081 969 3134 καὶ
1000 3081 1099 3149 τῆς
1132 3079 1453 3140 ἀθανασίας.
1486 3079 1582 3130 Δια
1619 3078 1811 3143 ταῦτα,
1847 3078 1892 3131 ὦ

1993 1980 2286 2042 ceciderat,
2330 1977 2789 2048 benignitatisque
2830 1978 3236 2049 exsuperantia.
3267 1978 3562 2035 Miseratus

1991 2072 2136 2126 enim
2162 2071 2345 2139 opifex
2388 2086 2547 2125 suum
2576 2085 2731 2140 opus,
2761 2081 2817 2125 et
2842 2072 3016 2141 ipsum
3054 2070 3195 2126 vinci
3231 2087 3259 2125 a
3296 2072 3435 2128 malo
3463 2074 3563 2128 nti-

1995 2159 2139 2213 nime
2172 2158 2378 2223 ferens,
2414 2159 2663 2214 dissolvit
2703 2160 2920 2229 quidem
2948 2174 3042 2215 vas
3090 2161 3216 2215 mali
3250 2171 3564 2231 receptacu-

1995 2252 2124 2313 lum,
2166 2250 2258 2305 sed
2296 2251 2491 2306 iterum
2522 2251 2743 2321 reﬁngit
2784 2252 3134 2321 reducitqne,
3178 2268 3372 2318 pravos
3414 2255 3565 2309 ltabi-

1996 2353 2081 2396 tns
2101 2352 2153 2396 et
2177 2340 2406 2398 fortnam
2433 2342 2633 2407 delens,
2662 2356 2727 2397 ue
2748 2343 3057 2411 perenniter
3074 2353 3424 2415 agrotemtts,
3457 2360 3555 2398 ne-

1993 2448 2100 2502 que
2156 2448 2348 2489 rursus
2380 2445 2641 2504 perpetuo
2686 2435 2908 2491 interitu
2955 2444 3010 2490 et
3043 2436 3378 2506 sempiterno
3416 2436 3566 2505 opili-

1994 2527 2136 2581 cium
2170 2542 2327 2581 suum
2356 2527 2603 2592 damnet,
2644 2530 2711 2581 ad
2744 2527 3207 2583 immortalitatem
3236 2543 3265 2581 a
3298 2528 3565 2598 principio

1996 2618 2222 2675 factum.
2258 2617 2466 2674 Verum
2507 2629 2791 2690 postquam
2840 2621 3038 2675 malum
3070 2621 3446 2678 dissolutionis
3474 2638 3565 2676 au-

1993 2722 2113 2766 ctor
2143 2710 2242 2765 fuit
2273 2720 2327 2766 et
2352 2712 2481 2778 dux,
2513 2715 2750 2783 itemque
2780 2713 2911 2781 legis
2933 2715 3310 2784 despicientia,
3343 2731 3564 2772 rursum

1994 2805 2283 2872 oportebat
2314 2804 2570 2858 virtutem
2614 2817 2666 2859 et
2711 2804 2843 2873 legis
2878 2806 3316 2862 observationem
3368 2817 3424 2861 et
3472 2822 3563 2862 vae

1996 2899 2255 2949 enitatem
2283 2897 2527 2966 peccati,
2566 2897 2957 2952 restitutionem
3001 2908 3056 2952 et
3103 2899 3565 2954 immortalitatem

1995 2993 2339 3044 antecedere.
2390 2990 2639 3056 Proinde,
2687 2991 2961 3045 fortunate
3008 2992 3111 3057 vir,
3164 2991 3278 3059 ipse
3324 2991 3466 3045 Deus
3515 2999 3570 3046 et

1999 3083 2271 3153 legislator
2294 3093 2347 3135 et
2393 3098 2509 3147 rex,
2543 3083 2705 3137 homo
2757 3081 3030 3147 elllcitnr,
3077 3091 3133 3137 et
3180 3092 3359 3138 manet
3400 3082 3566 3149 Dens,

320 3175 592 3244 μακάριε,
625 3173 787 3236 αὐτὸς
815 3174 842 3225 ὁ
865 3172 996 3235 Θεὸς
1034 3172 1124 3225 καὶ
1155 3170 1450 3241 νομοθέτης
1485 3172 1580 3225 καὶ
1616 3171 1889 3242 βασιλεὺς,

2001 3194 2062 3231 ac
2096 3177 2211 3246 ipse
2256 3189 2467 3231 natura:
2509 3175 2689 3245 opifex
2737 3188 2889 3231 curat
2940 3184 3145 3230 natura:
3194 3176 3569 3246 aegritudines,

315 3267 601 3338 ἄνθρωπος
631 3266 864 3335 γίνεται,
898 3266 991 3318 καὶ
1027 3265 1178 3335 μένει
1209 3264 1371 3329 Θεὸς,
1406 3266 1502 3319 καί
1551 3265 1714 3328 αὐτὸς
1743 3267 1770 3317 ὁ
1798 3265 1893 3334 τῆς

316 3358 534 3427 φύσεως
582 3358 913 3429 δημιουργὸς
948 3359 1092 3410 ἰᾶται
1126 3356 1194 3409 τά
1226 3357 1325 3426 τῆς
1360 3355 1577 3424 φύσεως
1608 3358 1896 3427 ἀρῤωστή-

319 3468 497 3523 ματα·
539 3452 786 3522 καθαρὰν
832 3450 1013 3513 δείξας
1058 3451 1115 3502 ἐν
1148 3450 1324 3521 ἐαυτῷ
1357 3452 1450 3503 καὶ
1481 3450 1769 3522 ἐλευθέραν
1798 3452 1897 3526 τὴν

316 3542 499 3611 φύσιν,
548 3542 640 3596 καὶ
680 3541 961 3610 ἀλὼὄητον
991 3542 1085 3593 καὶ
1138 3541 1483 3610 ἀπήμαντον,
1522 3541 1656 3611 πρὸς
1706 3541 1761 3594 δὲ
1804 3543 1897 3595 καὶ

316 3637 589 3689 ἀθόλωτον
629 3636 862 3704 πάμπαν
916 3634 1012 3685 καὶ
1045 3634 1433 3704 ἀναμάρτητον
1458 3648 1471 3661 ⁸
1530 3635 1622 3687 καὶ
1655 3634 1769 3698 ὁδὸς
1808 3636 1894 3702 γε-

316 3746 467 3781 νεται
494 3734 593 3800 τῆς
619 3728 921 3789 ἀθανασίας
950 3725 1028 3796 τῷ
1066 3726 1369 3795 πλάσματι,
1417 3726 1509 3779 καὶ
1539 3726 1893 3797 καθηγεμὼν,

316 3826 410 3878 καὶ
441 3823 626 3886 ἁπλῶς
652 3826 851 3885 εἰπεῖν,
887 3821 1029 3891 ἀρχὴ
1062 3822 1158 3874 καὶ
1192 3820 1469 3886 ὑπόθεσις,
1500 3822 1811 3892 ἀναστήσας
1837 3822 1898 3873 τὸ

317 3914 478 3982 σῶμα
520 3913 613 3967 καὶ
667 3913 1115 3974 ἀπαθανατίσας,
1172 3912 1309 3982 ὅπερ
1354 3913 1419 3963 ἐκ
1473 3912 1570 3981 τῆς
1622 3912 1897 3982 ἡμετέρας

316 4005 532 4073 φύσεως
574 4005 668 4057 καὶ
710 4003 897 4064 οὐσίας
926 4003 1088 4065 αὐτὸς
1132 4002 1160 4054 ὁ
1201 4002 1371 4070 Λόγος
1420 4002 1515 4054 καὶ
1566 4002 1898 4073 δημιουργὸς

315 4098 527 4165 ἥνωσεν
570 4096 748 4167 ἑαυτῷ
786 4096 925 4166 μετά
973 4094 1152 4164 ψυχῆς
1182 4093 1530 4165 ἀνθρωπείας
1577 4095 1671 4147 καὶ
1704 4096 1897 4166 νοερᾶς

317 4188 582 4259 δηλονότι,
616 4189 702 4240 ἵνα
736 4189 914 4241 πᾶσαν
936 4186 1316 4256 ἀναχαλκεῦσῃ
1346 4185 1446 4257 τὴν
1474 4186 1654 4254 φύσιν.
1692 4181 1759 4258 ᾮ
1790 4188 1897 4259 γὰρ

318 4280 463 4349 λόγῳ
514 4279 605 4333 τοῦ
652 4278 871 4349 πρώτου
900 4278 1189 4347 ἀνθρώπου
1223 4277 1625 4348 ὑποδεξαμένου
1656 4280 1753 4348 τὴν
1780 4280 1897 4333 διὰ-

317 4369 474 4422 λυσιν
508 4372 600 4422 καὶ
643 4371 740 4441 τὴν
769 4368 907 4441 πρὸς
942 4369 1116 4440 βραχὺ
1152 4368 1357 4439 φθορὰν
1392 4370 1479 4422 διὰ
1508 4369 1607 4438 τῆς
1640 4368 1897 4439 πλημμε-

316 4464 487 4529 λείας,
512 4464 572 4516 τὸ
602 4465 757 4531 γένος
789 4464 935 4517 ἀπαν
962 4465 1073 4525 τοῖς
1108 4464 1292 4525 αὐτοῖς
1323 4463 1581 4532 ἐτιμᾶτο·
1613 4463 1787 4533 τούτῳ
1820 4461 1898 4531 τῷ

2002 3285 2187 3339 puram
2224 3268 2277 3322 itt
2314 3269 2489 3338 seipso
2513 3270 2822 3335 ostendens,
2863 3278 2917 3324 et
2954 3269 3175 3324 liberam
3209 3286 3362 3325 noxa:
3405 3272 3569 3327 labis-

1999 3375 2105 3431 qne
2134 3371 2412 3429 expertem
2470 3373 2759 3425 naturam;
2798 3371 3057 3431 prmterea
3087 3363 3250 3417 etiam
3290 3364 3447 3432 plane
3488 3365 3564 3417 itt-

1999 3453 2419 3508 conlaminatatn
2473 3464 2527 3508 et
2560 3454 2762 3522 peccati
2798 3469 3017 3508 vacuam
3058 3472 3071 3507 :
3109 3454 3301 3524 viaque
3342 3452 3572 3509 cﬂieitnr

2000 3543 2430 3598 immortalitatis
2458 3558 2556 3597 suo
2580 3543 2795 3610 opiﬁeio
2836 3551 2998 3612 atque
3031 3544 3161 3609 dux,
3195 3552 3250 3597 et
3297 3554 3355 3597 ut
3399 3544 3570 3598 semel

2001 3635 2199 3697 dicam,
2252 3635 2577 3704 principiunt
2623 3644 2677 3689 et
2719 3649 2884 3689 causa
2924 3635 3268 3690 exsuscitans
3291 3649 3488 3703 corpus
3514 3643 3571 3689 et

2002 3726 2411 3782 immortalitate
2463 3724 2740 3792 alliciens,
2796 3726 2939 3794 quod
2978 3741 3009 3779 e
3047 3737 3231 3780 nostra
3279 3736 3469 3779 natura
3514 3736 3598 3780 et,

1999 3817 2237 3871 essentia
2288 3817 2461 3887 ipsum
2502 3814 2737 3870 Verbum
2794 3825 2848 3869 et
2888 3817 3067 3885 opifex
3103 3816 3205 3870 sibi
3246 3816 3344 3885 ipsi
3392 3816 3567 3872 univit

2000 3925 2119 3964 cmn
2152 3909 2333 3963 anima
2359 3910 2587 3962 humana
2615 3918 2669 3962 et
2695 3907 3034 3977 intelligenti,
3062 3917 3118 3961 ut
3146 3910 3451 3964 universam
3479 3924 3569 3963 re-

2000 4002 2262 4055 fortnarct
2294 4010 2566 4057 naturam.
2613 3999 2728 4066 Qua
2775 4000 2918 4054 enim
2955 4000 3183 4064 ratione,
3226 4000 3313 4055 ubi
3359 4000 3569 4068 primus

2002 4096 2165 4149 homo
2189 4093 2492 4161 subjectum
2539 4108 2660 4147 sese
2689 4092 2919 4147 reddidit
2949 4092 3286 4147 dissolutioni
3327 4103 3383 4148 et
3417 4094 3569 4151 brevi

2000 4187 2322 4257 corruptelae
2365 4202 2460 4240 sua
2495 4185 2769 4252 socordia,
2804 4186 3116 4241 universum
3147 4202 3317 4256 genus
3367 4186 3559 4242 iisdem

2001 4282 2287 4333 multatum
2334 4290 2418 4353 est
2456 4298 2469 4333 :
2508 4292 2569 4333 ea
2605 4280 2715 4347 ipsa
2753 4279 2961 4332 ratione
3001 4292 3097 4347 per
3125 4278 3372 4347 opificem
3401 4276 3567 4333 Deum

2001 4380 2428 4441 permanentem,
2462 4379 2517 4424 et
2548 4370 2751 4424 interea
2779 4368 3028 4424 eﬂ‘ectutn
3063 4370 3356 4433 hominem,
3380 4370 3430 4423 itt
3463 4385 3569 4438 quo

2006 4460 2205 4514 nullant
2237 4459 2476 4527 speciem
2513 4467 2605 4511 aut
2638 4468 2840 4511 motum
2872 4459 2952 4512 sui
3014 4458 3185 4527 ipsius
3234 4459 3434 4511 malum
3488 4460 3570 4512 in—

317 4555 464 4626 λόγῳ
493 4555 658 4609 αὐτοῦ
686 4554 779 4608 τοῦ
809 4554 1146 4625 δημιουργοῦ
1175 4553 1270 4606 τοῦ
1305 4553 1589 4623 μείναντος
1623 4553 1780 4619 Θεοῦ,
1806 4556 1890 4608 καί

2004 4552 2151 4607 venit
2198 4549 2338 4623 (erat
2376 4552 2523 4604 enim
2571 4548 2689 4603 fons
2716 4559 3033 4603 cunctarum
3065 4550 3322 4603 virtutum
3355 4559 3409 4603 et
3439 4564 3567 4601 san-

318 4648 610 4719 γενομένου
643 4646 956 4717 ἀνθρώπου,
992 4648 1049 4697 ὲν
1076 4639 1121 4714 ᾧ
1157 4645 1322 4715 μηδὲν
1354 4640 1492 4708 εἶδος
1522 4646 1655 4715 μηδὲ
1691 4646 1895 4717 κίνημα

318 4742 517 4810 ἑαυτῆς
564 4741 596 4813 ἢ
628 4742 797 4794 κακία
835 4740 945 4809 (85)
1000 4739 1192 4810 εὕρετο
1239 4734 1346 4810 (ἦν
1391 4738 1501 4809 γάρ
1539 4740 1573 4809 ἠ
1604 4738 1754 4809 πηγὴ
1788 4739 1895 4792 τῶν

318 4835 530 4907 ἀρετῶν
581 4836 674 4887 καὶ
717 4834 820 4903 τῆς
867 4832 1183 4904 ἁγιότητος,
1221 4832 1316 4886 καὶ
1364 4831 1396 4902 ἡ
1446 4830 1682 4901 ἀτρεψία
1736 4831 1893 4901 καὶὴ

318 4997 489 5059 pudor
511 4992 603 5043 iste
632 4990 747 5051 tibi;
774 4988 901 5050 quid
935 4988 1069 5041 enim
1103 4988 1354 5057 terrisque
1380 4984 1598 5059 poloque
1634 4983 1891 5057 [Parendi

320 5055 434 5113 sine
461 5059 568 5128 lege
590 5068 754 5111 manet
778 5060 800 5111 ?
824 5061 926 5111 eice
956 5071 1139 5111 cuncta
1165 5055 1415 5128 reguntur
1434 5055 1782 5127 [Alteriusque
1806 5072 1889 5109 re-

321 5126 628 5201 gunt,ete._,
661 5145 782 5201 qua;
807 5129 953 5194 plura
997 5137 1142 5201 sunt.
1173 5126 1266 5180 ΒΑ.

394 5199 505 5269 (77)
551 5197 619 5250 Τὸ
666 5196 898 5269 πρῶτον
929 5197 1024 5249 καὶ
1054 5196 1400 5251 τελευταῖον
1429 5198 1635 5251 κακόν.
1675 5198 1887 5267 Super-

322 5266 466 5323 ltiam
496 5270 644 5331 dicit,
679 5269 764 5319 tali
812 5266 984 5333 elogio
1017 5270 1177 5319 etiam
1226 5272 1363 5335 apud
1395 5279 1581 5335 poetas
1615 5266 1879 5322 notatam.

325 5342 397 5392 lie
428 5339 597 5391 sacris
636 5338 786 5389 libris
816 5346 996 5388 notum
1032 5335 1089 5388 Β.
1135 5338 1417 5405 Augustini
1473 5338 1671 5391 dictum
1702 5355 1718 5396 ;
1754 5337 1891 5390 lliuc

322 5410 445 5461 inde
463 5409 526 5460 iis
559 5407 663 5458 alia
690 5406 827 5457 mala
851 5416 895 5458 et
926 5407 1046 5457 vitia
1071 5410 1241 5459 notari
1271 5407 1565 5473 superbiam
1594 5409 1700 5472 fere
1721 5409 1888 5460 omni'

323 5482 416 5531 bus
445 5478 672 5546 paginis,
697 5475 870 5543 factis,
908 5475 1092 5546 dictis,
1119 5478 1385 5543 exemplis,
1410 5487 1515 5530 etc.
1553 5476 1648 5531 ΒΑ.

396 5543 735 5618 (78)Τνῶθι
767 5547 1017 5618 σαυτόν.
1051 5543 1303 5599 Veterum
1330 5546 1521 5600 litteris
1550 5546 1890 5618 commenda-

323 5617 585 5671 tisSimam
608 5617 966 5678 sententiam;
996 5630 1153 5683 quant
1184 5627 1368 5667 nostro
1392 5630 1506 5668 :tsvo
1531 5617 1701 5681 plenis
1737 5618 1891 5669 bona:

325 5689 592 5743 mentiset
626 5688 936 5739 litteraturae
958 5684 1109 5740 libris
1132 5685 1415 5739 illustravit
1445 5684 1709 5741 Diodorus
1737 5686 1890 5742 Tuelo

324 5760 532 5811 deuius.
572 5756 665 5809 lla.

325 5829 437 5899 (79)
457 5825 1081 5896 ‘0.lt;'wpfa.Despecrio,
1102 5834 1457 5895 eontetttpttts,
1480 5824 1606 5896 vilip
1623 5824 1880 5880 ‘nsio.B.t.

2004 4644 2231 4708 ctitatis,
2272 4652 2327 4696 et
2360 4644 2474 4712 ipsa
2513 4641 2831 4694 mutationis
2877 4651 2929 4695 et
2971 4640 3175 4710 peccati
3207 4639 3565 4707 immunitas),

2003 4736 2055 4788 in
2087 4734 2401 4788 universum
2432 4746 2601 4802 genus
2623 4746 2787 4786 causa
2824 4730 3253 4786 immortalitatis
3301 4738 3355 4784 et
3386 4730 3567 4784 incor-

2001 4826 2376 4898 ruptibilitatis
2400 4826 2553 4897 signa
2586 4828 3043 4882 trattsmittentur.

2070 4987 2187 5057 (80)
2239 4985 2511 5056 Γραφήν.
2574 4987 3297 5057 Culpam,“accusationem,
3358 5000 3570 5054 poenam

1999 5054 2205 5127 legibus
2240 5054 2609 5127 c0ns‘titutam.
2649 5057 2781 5111 Vide
2817 5055 3161 5127 llesyeliittm.
3192 5054 3288 5111 Ba.

2069 5127 2180 5198 (81)
2228 5126 2471 5198 ῘΕσμοῦρ
2506 5125 2801 5187 Exatninis,
2833 5125 3182 5198 ehttllitionis,
3219 5126 3572 5198 gregisden-

1997 5195 2175 5251 sio'ris.
2228 5195 2369 5252 Idem
2424 5195 2719 5262 Hesychius
2761 5213 2774 5249 :
2835 5195 3030 5265 Ἐσμὺς
3053 5234 3066 5254 .
3103 5195 3257 5264 ὄχλος
3280 5237 3295 5262 ,
3328 5196 3529 5265 πλῆθος
3553 5237 3567 5259 ,

1997 5266 2417 5338 συναθροισμός·
2451 5267 2656 5335 κυρίως
2678 5266 2735 5319 δὲ
2769 5267 2859 5318 ἐπὶ
2880 5266 3149 5337 μελισσῶν
3176 5266 3564 5337 ἀθροίσματος.

2000 5336 2407 5406 ΜειΙειιοιιιίιιιε,
2444 5338 2586 5391 velut
2615 5338 2807 5406 ἐμέτου
2842 5336 3126 5405 legeretur,
3164 5336 3341 5391 vertit.
3376 5338 3459 5392 Jo.

2076 5405 2189 5475 (82)
2232 5404 2401 5477 Nemo
2430 5404 3103 5477 inﬁcias—ieritlegendum
3130 5406 3569 5477 ἀπηλλαγμένον,

2006 5478 2088 5530 vel
2111 5476 2576 5547 anulistppévov.
2610 5476 2744 5530 Tan.
2780 5475 2943 5531 llecte
2969 5476 3188 5544 corrigit
3215 5475 3436 5532 dot-tiss.
3473 5476 3573 5529 Ta-

2005 5545 2683 5615 ῑὶηιιε,“ἀπηλλαγμένον.
2753 5547 2940 5599 Veram
3003 5547 3327 5600 sententiam
3387 5548 3570 5600 animo

2000 5618 2164 5671 etiam
2201 5617 2388 5670 habuit
2423 5615 2843 5681 Genebrardns;
2888 5616 2982 5671 sed
3027 5615 3211 5670 nescio
3250 5633 3318 5670 an
3362 5627 3567 5671 textum

2002 5688 2271 5755 integrum
2315 5687 2383 5739 sit
2434 5696 2672 5739 secutus.
2710 5684 2897 5741 Melius
2927 5688 3146 5740 omnino
3178 5686 3430 5740 'l'arinus.
3469 5685 3565 5739 Ba.

2072 5758 2182 5827 (85)
2232 5755 2413 5827 Neque
2467 5756 2699 5827 speciem
2753 5757 2912 5810 ullam
2971 5772 3147 5827 neque
3220 5755 3565 5811 aﬂectiOnetn

1964 5836 1967 5843 '
2002 5826 2218 5884 malitia:
2274 5826 2500 5881 inl'uisse
2539 5826 2756 5881 Christo
2800 5827 2963 5894 dicit,
3001 5826 3193 5883 Anima
3233 5838 3286 5884 et
3336 5839 3567 5897 corpore
