  <div class='ocr_page' id='page_1' title='image "/cluster/home/n/w/nwhite01/storage/ocr_20150623/85/hvd.32044011888864/573.png"; bbox 0 0 4154 6528; ppageno 0'>
   <div class='ocr_carea' id='block_1_1' title="bbox 636 318 769 385">
    <p class='ocr_par' dir='ltr' id='par_1_1' title="bbox 636 318 769 385">
     <span class='ocr_line' id='line_1_1' title="bbox 636 318 769 385; baseline 0.03 -4"><span class='ocrx_word' id='word_1_1' title='bbox 636 318 769 385; x_wconf 68' lang='grc'><strong>1127</strong></span> 
     </span>
    </p>
   </div>
   <div class='ocr_carea' id='block_1_2' title="bbox 1662 328 2893 393">
    <p class='ocr_par' dir='ltr' id='par_1_2' title="bbox 1662 328 2893 393">
     <span class='ocr_line' id='line_1_2' title="bbox 1662 328 2893 393; baseline 0.004 -6"><span class='ocrx_word' id='word_1_2' title='bbox 1662 328 2058 388; x_wconf 79' lang='lat' dir='ltr'><strong>ZACHARUE</strong></span> <span class='ocrx_word' id='word_1_3' title='bbox 2090 329 2518 391; x_wconf 85' lang='lat' dir='ltr'><strong>MITYLENES</strong></span> <span class='ocrx_word' id='word_1_4' title='bbox 2556 331 2893 393; x_wconf 88' lang='lat' dir='ltr'><strong>EPISCOPI</strong></span> 
     </span>
    </p>
   </div>
   <div class='ocr_carea' id='block_1_3' title="bbox 3750 339 3887 407">
    <p class='ocr_par' dir='ltr' id='par_1_3' title="bbox 3750 339 3887 407">
     <span class='ocr_line' id='line_1_3' title="bbox 3750 339 3887 407; baseline 0.029 -4"><span class='ocrx_word' id='word_1_5' title='bbox 3750 339 3887 407; x_wconf 74' lang='lat'><strong>1128</strong></span> 
     </span>
    </p>
   </div>
   <div class='ocr_carea' id='block_1_4' title="bbox 630 435 3887 532">
    <p class='ocr_par' dir='ltr' id='par_1_4' title="bbox 630 435 3887 532">
     <span class='ocr_line' id='line_1_4' title="bbox 630 435 3887 532; baseline 0.008 -43"><span class='ocrx_word' id='word_1_6' title='bbox 630 435 1079 509; x_wconf 82' lang='grc' dir='ltr'>ἀναμαρτησία),</span> <span class='ocrx_word' id='word_1_7' title='bbox 1121 439 1215 493; x_wconf 73' lang='grc' dir='ltr'>ἐπὶ</span> <span class='ocrx_word' id='word_1_8' title='bbox 1238 440 1349 493; x_wconf 81' lang='grc' dir='ltr'><strong>πᾶν</strong></span> <span class='ocrx_word' id='word_1_9' title='bbox 1378 439 1436 493; x_wconf 83' lang='grc' dir='ltr'>τὸ</span> <span class='ocrx_word' id='word_1_10' title='bbox 1496 440 1651 510; x_wconf 80' lang='grc' dir='ltr'>γένος</span> <span class='ocrx_word' id='word_1_11' title='bbox 1716 444 2250 515; x_wconf 78' lang='grc' dir='ltr'>παραπεμφθήσεται</span> <span class='ocrx_word' id='word_1_12' title='bbox 2291 447 2323 516; x_wconf 94' lang='grc' dir='ltr'><strong>ή</strong></span> <span class='ocrx_word' id='word_1_13' title='bbox 2386 447 2640 513; x_wconf 84' lang='grc' dir='ltr'>ὑπόθεσις</span> <span class='ocrx_word' id='word_1_14' title='bbox 2684 451 2784 521; x_wconf 78' lang='grc' dir='ltr'>τῆς</span> <span class='ocrx_word' id='word_1_15' title='bbox 2829 449 3129 513; x_wconf 74' lang='grc' dir='ltr'><strong>ἀθανασίας</strong></span> <span class='ocrx_word' id='word_1_16' title='bbox 3188 452 3279 505; x_wconf 75' lang='grc' dir='ltr'><strong>καὶ</strong></span> <span class='ocrx_word' id='word_1_17' title='bbox 3325 453 3393 507; x_wconf 81' lang='grc' dir='ltr'><strong>τά</strong></span> <span class='ocrx_word' id='word_1_18' title='bbox 3424 456 3525 526; x_wconf 85' lang='grc' dir='ltr'>τῆς</span> <span class='ocrx_word' id='word_1_19' title='bbox 3580 456 3887 532; x_wconf 62' lang='grc' dir='ltr'>ἀφθαρσίας</span> 
     </span>
    </p>
   </div>
   <div class='ocr_carea' id='block_1_5' title="bbox 632 534 1121 608">
    <p class='ocr_par' dir='ltr' id='par_1_5' title="bbox 632 534 1121 608">
     <span class='ocr_line' id='line_1_5' title="bbox 632 534 1121 608; baseline 0.014 -24"><span class='ocrx_word' id='word_1_20' title='bbox 632 534 949 604; x_wconf 87' lang='grc' dir='ltr'>συνθήματα</span> <span class='ocrx_word' id='word_1_21' title='bbox 986 534 1121 608; x_wconf 67' lang='grc'><strong>(84).</strong></span> 
     </span>
    </p>
   </div>
   <div class='ocr_carea' id='block_1_6' title="bbox 700 648 2269 723">
    <p class='ocr_par' dir='ltr' id='par_1_6' title="bbox 700 648 2269 723">
     <span class='ocr_line' id='line_1_6' title="bbox 700 648 2269 723; baseline 0.008 -22"><span class='ocrx_word' id='word_1_22' title='bbox 700 649 870 721; x_wconf 76' lang='lat'><strong>289</strong></span> <span class='ocrx_word' id='word_1_23' title='bbox 890 648 1089 711; x_wconf 81' lang='lat' dir='ltr'><strong>Habes,</strong></span> <span class='ocrx_word' id='word_1_24' title='bbox 1126 650 1465 719; x_wconf 74' lang='lat' dir='ltr'><strong>citarissime,</strong></span> <span class='ocrx_word' id='word_1_25' title='bbox 1494 667 1712 707; x_wconf 81' lang='lat' dir='ltr'><strong>causam</strong></span> <span class='ocrx_word' id='word_1_26' title='bbox 1741 667 1838 706; x_wconf 88' lang='lat' dir='ltr'><strong>cur</strong></span> <span class='ocrx_word' id='word_1_27' title='bbox 1870 668 1901 706; x_wconf 91' lang='lat' dir='ltr'><strong>a</strong></span> <span class='ocrx_word' id='word_1_28' title='bbox 1932 652 2198 723; x_wconf 87' lang='lat' dir='ltr'><strong>principio</strong></span> <span class='ocrx_word' id='word_1_29' title='bbox 2226 658 2269 713; x_wconf 86' lang='lat' dir='ltr'><strong>A</strong></span> 
     </span>
    </p>
   </div>
   <div class='ocr_carea' id='block_1_7' title="bbox 630 742 2199 815">
    <p class='ocr_par' dir='ltr' id='par_1_7' title="bbox 630 742 2199 815">
     <span class='ocr_line' id='line_1_7' title="bbox 630 742 2199 815; baseline 0.003 -20"><span class='ocrx_word' id='word_1_30' title='bbox 630 756 753 795; x_wconf 91' lang='lat' dir='ltr'><strong>cum</strong></span> <span class='ocrx_word' id='word_1_31' title='bbox 778 744 894 811; x_wconf 88' lang='lat' dir='ltr'><strong>ipso</strong></span> <span class='ocrx_word' id='word_1_32' title='bbox 913 751 1034 795; x_wconf 89' lang='lat' dir='ltr'><strong>ortu</strong></span> <span class='ocrx_word' id='word_1_33' title='bbox 1057 742 1389 798; x_wconf 73' lang='lat' dir='ltr'><strong>immortales</strong></span> <span class='ocrx_word' id='word_1_34' title='bbox 1408 759 1511 798; x_wconf 92' lang='lat' dir='ltr'><strong>non</strong></span> <span class='ocrx_word' id='word_1_35' title='bbox 1535 744 1703 799; x_wconf 87' lang='lat' dir='ltr'><strong>simus</strong></span> <span class='ocrx_word' id='word_1_36' title='bbox 1718 743 1911 800; x_wconf 74' lang='lat' dir='ltr'><strong>ell’ecti.</strong></span> <span class='ocrx_word' id='word_1_37' title='bbox 1932 743 2011 799; x_wconf 88' lang='lat' dir='ltr'><strong>Tu</strong></span> <span class='ocrx_word' id='word_1_38' title='bbox 2035 744 2199 815; x_wconf 79' lang='lat' dir='ltr'><strong>igitur</strong></span> 
     </span>
    </p>
   </div>
   <div class='ocr_carea' id='block_1_8' title="bbox 625 834 2197 907">
    <p class='ocr_par' dir='ltr' id='par_1_8' title="bbox 625 834 2197 907">
     <span class='ocr_line' id='line_1_8' title="bbox 625 834 2197 907; baseline 0.001 -17"><span class='ocrx_word' id='word_1_39' title='bbox 625 834 966 903; x_wconf 75' lang='lat' dir='ltr'><strong>oppositione</strong></span> <span class='ocrx_word' id='word_1_40' title='bbox 992 849 1121 889; x_wconf 89' lang='lat' dir='ltr'><strong>usus</strong></span> <span class='ocrx_word' id='word_1_41' title='bbox 1151 843 1207 888; x_wconf 90' lang='lat' dir='ltr'><strong>et</strong></span> <span class='ocrx_word' id='word_1_42' title='bbox 1239 837 1648 904; x_wconf 87' lang='lat' dir='ltr'><strong>comparatione</strong></span> <span class='ocrx_word' id='word_1_43' title='bbox 1677 852 1773 907; x_wconf 88' lang='lat' dir='ltr'><strong>per</strong></span> <span class='ocrx_word' id='word_1_44' title='bbox 1815 836 2052 905; x_wconf 90' lang='lat' dir='ltr'><strong>teipsum</strong></span> <span class='ocrx_word' id='word_1_45' title='bbox 2094 837 2197 891; x_wconf 76' lang='lat' dir='ltr'><strong>dif-</strong></span> 
     </span>
    </p>
   </div>
   <div class='ocr_carea' id='block_1_9' title="bbox 627 926 2199 995">
    <p class='ocr_par' dir='ltr' id='par_1_9' title="bbox 627 926 2199 995">
     <span class='ocr_line' id='line_1_9' title="bbox 627 926 2199 995; baseline 0.001 -15"><span class='ocrx_word' id='word_1_46' title='bbox 627 926 915 980; x_wconf 78' lang='lat' dir='ltr'><strong>ferentiam</strong></span> <span class='ocrx_word' id='word_1_47' title='bbox 964 926 1280 995; x_wconf 84' lang='lat' dir='ltr'><strong>opinionum</strong></span> <span class='ocrx_word' id='word_1_48' title='bbox 1325 929 1609 983; x_wconf 84' lang='lat' dir='ltr'><strong>considera</strong></span> <span class='ocrx_word' id='word_1_49' title='bbox 1665 938 1719 983; x_wconf 93' lang='lat' dir='ltr'><strong>et</strong></span> <span class='ocrx_word' id='word_1_50' title='bbox 1769 931 1939 984; x_wconf 87' lang='lat' dir='ltr'><strong>disce.</strong></span> <span class='ocrx_word' id='word_1_51' title='bbox 1992 928 2069 984; x_wconf 91' lang='lat' dir='ltr'><strong>llli</strong></span> <span class='ocrx_word' id='word_1_52' title='bbox 2108 945 2199 984; x_wconf 87' lang='lat' dir='ltr'><strong>co-</strong></span> 
     </span>
    </p>
   </div>
   <div class='ocr_carea' id='block_1_10' title="bbox 627 1018 2200 1091">
    <p class='ocr_par' dir='ltr' id='par_1_10' title="bbox 627 1018 2200 1091">
     <span class='ocr_line' id='line_1_10' title="bbox 627 1018 2200 1091; baseline 0.001 -18"><span class='ocrx_word' id='word_1_53' title='bbox 627 1028 891 1075; x_wconf 68' lang='lat' dir='ltr'><strong>:eternum</strong></span> <span class='ocrx_word' id='word_1_54' title='bbox 922 1018 1101 1086; x_wconf 80' lang='lat' dir='ltr'><strong>Opifici</strong></span> <span class='ocrx_word' id='word_1_55' title='bbox 1138 1019 1282 1073; x_wconf 84' lang='lat' dir='ltr'><strong>hunc</strong></span> <span class='ocrx_word' id='word_1_56' title='bbox 1309 1022 1568 1075; x_wconf 87' lang='lat' dir='ltr'><strong>tnundunt</strong></span> <span class='ocrx_word' id='word_1_57' title='bbox 1600 1022 1914 1090; x_wconf 83' lang='lat' dir='ltr'><strong>opinantur,</strong></span> <span class='ocrx_word' id='word_1_58' title='bbox 1940 1038 2045 1076; x_wconf 91' lang='lat' dir='ltr'><strong>non</strong></span> <span class='ocrx_word' id='word_1_59' title='bbox 2078 1036 2200 1091; x_wconf 81' lang='lat' dir='ltr'><strong>per-</strong></span> 
     </span>
    </p>
   </div>
   <div class='ocr_carea' id='block_1_11' title="bbox 628 1109 2199 1167">
    <p class='ocr_par' dir='ltr' id='par_1_11' title="bbox 628 1109 2199 1167">
     <span class='ocr_line' id='line_1_11' title="bbox 628 1109 2199 1167; baseline 0.003 -5"><span class='ocrx_word' id='word_1_60' title='bbox 628 1109 904 1164; x_wconf 85' lang='lat' dir='ltr'><strong>mittentes</strong></span> <span class='ocrx_word' id='word_1_61' title='bbox 936 1109 1100 1163; x_wconf 89' lang='lat' dir='ltr'><strong>Deum</strong></span> <span class='ocrx_word' id='word_1_62' title='bbox 1127 1112 1378 1165; x_wconf 89' lang='lat' dir='ltr'><strong>omnibus</strong></span> <span class='ocrx_word' id='word_1_63' title='bbox 1411 1114 1572 1166; x_wconf 84' lang='lat' dir='ltr'><strong>rebus</strong></span> <span class='ocrx_word' id='word_1_64' title='bbox 1600 1113 1898 1167; x_wconf 88' lang='lat' dir='ltr'><strong>secundum</strong></span> <span class='ocrx_word' id='word_1_65' title='bbox 1925 1114 2109 1167; x_wconf 85' lang='lat' dir='ltr'><strong>omnia</strong></span> <span class='ocrx_word' id='word_1_66' title='bbox 2143 1122 2199 1166; x_wconf 90' lang='lat' dir='ltr'><strong>et</strong></span> 
     </span>
    </p>
   </div>
   <div class='ocr_carea' id='block_1_12' title="bbox 628 1202 2196 1272">
    <p class='ocr_par' dir='ltr' id='par_1_12' title="bbox 628 1202 2196 1272">
     <span class='ocr_line' id='line_1_12' title="bbox 628 1202 2196 1272; baseline 0.001 -17"><span class='ocrx_word' id='word_1_67' title='bbox 628 1202 680 1257; x_wconf 87' lang='lat' dir='ltr'><strong>in</strong></span> <span class='ocrx_word' id='word_1_68' title='bbox 712 1203 965 1256; x_wconf 92' lang='lat' dir='ltr'><strong>omnibus</strong></span> <span class='ocrx_word' id='word_1_69' title='bbox 993 1214 1250 1272; x_wconf 62' lang='lat' dir='ltr'><strong>praestare</strong></span> <span class='ocrx_word' id='word_1_70' title='bbox 1287 1215 1341 1257; x_wconf 88' lang='lat' dir='ltr'><strong>et</strong></span> <span class='ocrx_word' id='word_1_71' title='bbox 1389 1205 1671 1265; x_wconf 65' lang='lat' dir='ltr'><strong>excellere,</strong></span> <span class='ocrx_word' id='word_1_72' title='bbox 1719 1205 1811 1257; x_wconf 89' lang='lat' dir='ltr'><strong>sed</strong></span> <span class='ocrx_word' id='word_1_73' title='bbox 1854 1204 2196 1259; x_wconf 60' lang='lat' dir='ltr'><strong>circumscrio</strong></span> 
     </span>
    </p>
   </div>
   <div class='ocr_carea' id='block_1_13' title="bbox 625 1296 2198 1366">
    <p class='ocr_par' dir='ltr' id='par_1_13' title="bbox 625 1296 2198 1366">
     <span class='ocr_line' id='line_1_13' title="bbox 625 1296 2198 1366; baseline 0.001 -19"><span class='ocrx_word' id='word_1_74' title='bbox 625 1307 771 1362; x_wconf 82' lang='lat' dir='ltr'><strong>ptum</strong></span> <span class='ocrx_word' id='word_1_75' title='bbox 806 1305 857 1349; x_wconf 90' lang='lat' dir='ltr'><strong>et</strong></span> <span class='ocrx_word' id='word_1_76' title='bbox 891 1304 1235 1364; x_wconf 83' lang='lat' dir='ltr'><strong>corporatum</strong></span> <span class='ocrx_word' id='word_1_77' title='bbox 1267 1297 1331 1349; x_wconf 87' lang='lat' dir='ltr'><strong>ad</strong></span> <span class='ocrx_word' id='word_1_78' title='bbox 1381 1298 1628 1350; x_wconf 89' lang='lat' dir='ltr'><strong>eamdem</strong></span> <span class='ocrx_word' id='word_1_79' title='bbox 1671 1296 1895 1366; x_wconf 77' lang='lat' dir='ltr'><strong>gloriam</strong></span> <span class='ocrx_word' id='word_1_80' title='bbox 1931 1311 2051 1350; x_wconf 88' lang='lat' dir='ltr'><strong>cum</strong></span> <span class='ocrx_word' id='word_1_81' title='bbox 2098 1296 2198 1349; x_wconf 85' lang='lat' dir='ltr'><strong>iut-</strong></span> 
     </span>
    </p>
   </div>
   <div class='ocr_carea' id='block_1_14' title="bbox 625 1387 2197 1457">
    <p class='ocr_par' dir='ltr' id='par_1_14' title="bbox 625 1387 2197 1457">
     <span class='ocr_line' id='line_1_14' title="bbox 625 1387 2197 1457; baseline 0 -16"><span class='ocrx_word' id='word_1_82' title='bbox 625 1402 809 1441; x_wconf 89' lang='lat' dir='ltr'><strong>meusa</strong></span> <span class='ocrx_word' id='word_1_83' title='bbox 838 1396 891 1441; x_wconf 85' lang='lat' dir='ltr'><strong>et</strong></span> <span class='ocrx_word' id='word_1_84' title='bbox 924 1390 1240 1457; x_wconf 87' lang='lat' dir='ltr'><strong>incorporea</strong></span> <span class='ocrx_word' id='word_1_85' title='bbox 1278 1397 1469 1441; x_wconf 86' lang='lat' dir='ltr'><strong>natura</strong></span> <span class='ocrx_word' id='word_1_86' title='bbox 1494 1387 1751 1442; x_wconf 82' lang='lat' dir='ltr'><strong>evehunt.</strong></span> <span class='ocrx_word' id='word_1_87' title='bbox 1780 1387 1977 1457; x_wconf 79' lang='lat' dir='ltr'><strong>Atque,</strong></span> <span class='ocrx_word' id='word_1_88' title='bbox 2006 1398 2066 1442; x_wconf 91' lang='lat' dir='ltr'><strong>ut</strong></span> <span class='ocrx_word' id='word_1_89' title='bbox 2099 1389 2197 1441; x_wconf 91' lang='lat' dir='ltr'><strong>in—</strong></span> 
     </span>
    </p>
   </div>
   <div class='ocr_carea' id='block_1_15' title="bbox 622 1479 2195 1549">
    <p class='ocr_par' dir='ltr' id='par_1_15' title="bbox 622 1479 2195 1549">
     <span class='ocr_line' id='line_1_15' title="bbox 622 1479 2195 1549; baseline 0.002 -19"><span class='ocrx_word' id='word_1_90' title='bbox 622 1481 739 1546; x_wconf 81' lang='lat' dir='ltr'><strong>quit</strong></span> <span class='ocrx_word' id='word_1_91' title='bbox 768 1479 1003 1533; x_wconf 82' lang='lat' dir='ltr'><strong>Basilius</strong></span> <span class='ocrx_word' id='word_1_92' title='bbox 1043 1480 1133 1533; x_wconf 91' lang='lat' dir='ltr'><strong>ille</strong></span> <span class='ocrx_word' id='word_1_93' title='bbox 1180 1496 1407 1548; x_wconf 86' lang='lat' dir='ltr'><strong>magnus</strong></span> <span class='ocrx_word' id='word_1_94' title='bbox 1438 1482 1679 1535; x_wconf 76' lang='lat' dir='ltr'><strong>veritatis</strong></span> <span class='ocrx_word' id='word_1_95' title='bbox 1710 1481 1921 1543; x_wconf 80' lang='lat' dir='ltr'><strong>doctor,</strong></span> <span class='ocrx_word' id='word_1_96' title='bbox 1946 1495 2067 1535; x_wconf 92' lang='lat' dir='ltr'><strong>eum</strong></span> <span class='ocrx_word' id='word_1_97' title='bbox 2101 1482 2195 1549; x_wconf 85' lang='lat' dir='ltr'><strong>qui</strong></span> 
     </span>
    </p>
   </div>
   <div class='ocr_carea' id='block_1_16' title="bbox 625 1572 2196 1640">
    <p class='ocr_par' dir='ltr' id='par_1_16' title="bbox 625 1572 2196 1640">
     <span class='ocr_line' id='line_1_16' title="bbox 625 1572 2196 1640; baseline 0.001 -15"><span class='ocrx_word' id='word_1_98' title='bbox 625 1584 816 1625; x_wconf 90' lang='lat' dir='ltr'><strong>natura</strong></span> <span class='ocrx_word' id='word_1_99' title='bbox 853 1572 1225 1640; x_wconf 82' lang='lat' dir='ltr'><strong>corruptibilis</strong></span> <span class='ocrx_word' id='word_1_100' title='bbox 1262 1582 1344 1627; x_wconf 88' lang='lat' dir='ltr'><strong>est</strong></span> <span class='ocrx_word' id='word_1_101' title='bbox 1390 1582 1444 1627; x_wconf 84' lang='lat' dir='ltr'><strong>et</strong></span> <span class='ocrx_word' id='word_1_102' title='bbox 1480 1575 1704 1627; x_wconf 92' lang='lat' dir='ltr'><strong>omnino</strong></span> <span class='ocrx_word' id='word_1_103' title='bbox 1752 1572 2096 1635; x_wconf 88' lang='lat' dir='ltr'><strong>dissolvetur,</strong></span> <span class='ocrx_word' id='word_1_104' title='bbox 2138 1580 2196 1626; x_wconf 92' lang='lat' dir='ltr'><strong>ut</strong></span> 
     </span>
    </p>
   </div>
   <div class='ocr_carea' id='block_1_17' title="bbox 624 1662 2193 1735">
    <p class='ocr_par' dir='ltr' id='par_1_17' title="bbox 624 1662 2193 1735">
     <span class='ocr_line' id='line_1_17' title="bbox 624 1662 2193 1735; baseline -0.001 -17"><span class='ocrx_word' id='word_1_105' title='bbox 624 1665 921 1719; x_wconf 89' lang='lat' dir='ltr'><strong>ostendunt</strong></span> <span class='ocrx_word' id='word_1_106' title='bbox 950 1674 1133 1734; x_wconf 76' lang='lat' dir='ltr'><strong>partes</strong></span> <span class='ocrx_word' id='word_1_107' title='bbox 1174 1675 1230 1718; x_wconf 91' lang='lat' dir='ltr'><strong>et</strong></span> <span class='ocrx_word' id='word_1_108' title='bbox 1260 1665 1604 1735; x_wconf 87' lang='lat' dir='ltr'><strong>compositio,</strong></span> <span class='ocrx_word' id='word_1_109' title='bbox 1635 1664 1681 1718; x_wconf 89' lang='lat' dir='ltr'><strong>si</strong></span> <span class='ocrx_word' id='word_1_110' title='bbox 1726 1664 1941 1731; x_wconf 80' lang='lat' dir='ltr'><strong>quidem</strong></span> <span class='ocrx_word' id='word_1_111' title='bbox 1972 1662 2193 1716; x_wconf 87' lang='lat' dir='ltr'><strong>omnino</strong></span> 
     </span>
    </p>
   </div>
   <div class='ocr_carea' id='block_1_18' title="bbox 624 1752 2188 1821">
    <p class='ocr_par' dir='ltr' id='par_1_18' title="bbox 624 1752 2188 1821">
     <span class='ocr_line' id='line_1_18' title="bbox 624 1752 2188 1821; baseline -0.001 -16"><span class='ocrx_word' id='word_1_112' title='bbox 624 1752 676 1806; x_wconf 88' lang='lat' dir='ltr'><strong>id</strong></span> <span class='ocrx_word' id='word_1_113' title='bbox 707 1753 848 1821; x_wconf 92' lang='lat' dir='ltr'><strong>quod</strong></span> <span class='ocrx_word' id='word_1_114' title='bbox 881 1755 1239 1821; x_wconf 88' lang='lat' dir='ltr'><strong>compositmn</strong></span> <span class='ocrx_word' id='word_1_115' title='bbox 1289 1762 1392 1817; x_wconf 91' lang='lat' dir='ltr'><strong>est,</strong></span> <span class='ocrx_word' id='word_1_116' title='bbox 1428 1754 1591 1806; x_wconf 87' lang='lat' dir='ltr'><strong>etiam</strong></span> <span class='ocrx_word' id='word_1_117' title='bbox 1626 1752 1970 1816; x_wconf 80' lang='lat' dir='ltr'><strong>dissolvetur,</strong></span> <span class='ocrx_word' id='word_1_118' title='bbox 2003 1766 2188 1821; x_wconf 87' lang='lat' dir='ltr'><strong>parem</strong></span> 
     </span>
    </p>
   </div>
   <div class='ocr_carea' id='block_1_19' title="bbox 2374 647 3886 740">
    <p class='ocr_par' dir='ltr' id='par_1_19' title="bbox 2374 647 3886 740">
     <span class='ocr_line' id='line_1_19' title="bbox 2374 647 3886 740; baseline 0.012 -36"><span class='ocrx_word' id='word_1_119' title='bbox 2374 647 2656 722; x_wconf 78' lang='grc' dir='ltr'>Ἔχεις,”ὧ</span> <span class='ocrx_word' id='word_1_120' title='bbox 2692 654 2941 727; x_wconf 85' lang='grc' dir='ltr'>φιλότης,</span> <span class='ocrx_word' id='word_1_121' title='bbox 2986 655 3089 729; x_wconf 79' lang='grc' dir='ltr'>τὴν</span> <span class='ocrx_word' id='word_1_122' title='bbox 3122 658 3303 713; x_wconf 78' lang='grc' dir='ltr'><strong>αἰτίαν</strong></span> <span class='ocrx_word' id='word_1_123' title='bbox 3336 659 3430 714; x_wconf 86' lang='grc' dir='ltr'><strong>τοῦ</strong></span> <span class='ocrx_word' id='word_1_124' title='bbox 3466 662 3542 735; x_wconf 83' lang='grc' dir='ltr'>μὴ</span> <span class='ocrx_word' id='word_1_125' title='bbox 3577 665 3675 736; x_wconf 80' lang='grc' dir='ltr'>τὴν</span> <span class='ocrx_word' id='word_1_126' title='bbox 3705 668 3886 740; x_wconf 78' lang='grc' dir='ltr'>ἀρχὴν</span> 
     </span>
    </p>
   </div>
   <div class='ocr_carea' id='block_1_20' title="bbox 2296 745 3882 831">
    <p class='ocr_par' dir='ltr' id='par_1_20' title="bbox 2296 745 3882 831">
     <span class='ocr_line' id='line_1_20' title="bbox 2296 745 3882 831; baseline 0.006 -23"><span class='ocrx_word' id='word_1_127' title='bbox 2296 745 2444 815; x_wconf 76' lang='grc' dir='ltr'>ἡμᾶς</span> <span class='ocrx_word' id='word_1_128' title='bbox 2487 746 2790 810; x_wconf 79' lang='grc' dir='ltr'><strong>ἀθανάτους</strong></span> <span class='ocrx_word' id='word_1_129' title='bbox 2833 747 2950 818; x_wconf 78' lang='grc' dir='ltr'><strong>ἅμα</strong></span> <span class='ocrx_word' id='word_1_130' title='bbox 2997 753 3065 821; x_wconf 80' lang='grc' dir='ltr'>τῇ</span> <span class='ocrx_word' id='word_1_131' title='bbox 3096 752 3307 820; x_wconf 85' lang='grc' dir='ltr'>γενέσει</span> <span class='ocrx_word' id='word_1_132' title='bbox 3350 760 3882 831; x_wconf 82' lang='grc' dir='ltr'>κατασκευασθῆναι.</span> 
     </span>
    </p>
   </div>
   <div class='ocr_carea' id='block_1_21' title="bbox 2296 835 3884 926">
    <p class='ocr_par' dir='ltr' id='par_1_21' title="bbox 2296 835 3884 926">
     <span class='ocr_line' id='line_1_21' title="bbox 2296 835 3884 926; baseline 0.012 -37"><span class='ocrx_word' id='word_1_133' title='bbox 2296 835 2471 901; x_wconf 78' lang='grc' dir='ltr'>Αὐτὸς</span> <span class='ocrx_word' id='word_1_134' title='bbox 2512 837 2692 893; x_wconf 81' lang='grc' dir='ltr'>τοίνυν</span> <span class='ocrx_word' id='word_1_135' title='bbox 2735 840 3164 913; x_wconf 87' lang='grc' dir='ltr'>ἀντιπαραθέσει</span> <span class='ocrx_word' id='word_1_136' title='bbox 3203 844 3487 916; x_wconf 85' lang='grc' dir='ltr'>χρώμενος</span> <span class='ocrx_word' id='word_1_137' title='bbox 3532 851 3599 904; x_wconf 81' lang='grc' dir='ltr'><strong>ὲκ</strong></span> <span class='ocrx_word' id='word_1_138' title='bbox 3650 855 3884 926; x_wconf 83' lang='grc' dir='ltr'>συγκρί-</span> 
     </span>
    </p>
   </div>
   <div class='ocr_carea' id='block_1_22' title="bbox 2300 930 3884 1015">
    <p class='ocr_par' dir='ltr' id='par_1_22' title="bbox 2300 930 3884 1015">
     <span class='ocr_line' id='line_1_22' title="bbox 2300 930 3884 1015; baseline 0.015 -36"><span class='ocrx_word' id='word_1_139' title='bbox 2300 944 2441 990; x_wconf 87' lang='grc' dir='ltr'>σεως</span> <span class='ocrx_word' id='word_1_140' title='bbox 2492 930 2647 1000; x_wconf 86' lang='grc' dir='ltr'><strong>παρά</strong></span> <span class='ocrx_word' id='word_1_141' title='bbox 2697 930 2897 984; x_wconf 79' lang='grc' dir='ltr'><strong>σαυτοῦ</strong></span> <span class='ocrx_word' id='word_1_142' title='bbox 2932 932 2993 986; x_wconf 84' lang='grc' dir='ltr'><strong>τὸ</strong></span> <span class='ocrx_word' id='word_1_143' title='bbox 3050 933 3304 1006; x_wconf 83' lang='grc' dir='ltr'>διάφορον</span> <span class='ocrx_word' id='word_1_144' title='bbox 3357 939 3466 994; x_wconf 86' lang='grc' dir='ltr'><strong>τῶν</strong></span> <span class='ocrx_word' id='word_1_145' title='bbox 3525 941 3884 1015; x_wconf 78' lang='grc' dir='ltr'><strong>δοξασμάτων</strong></span> 
     </span>
    </p>
   </div>
   <div class='ocr_carea' id='block_1_23' title="bbox 2298 1018 3881 1110">
    <p class='ocr_par' dir='ltr' id='par_1_23' title="bbox 2298 1018 3881 1110">
     <span class='ocr_line' id='line_1_23' title="bbox 2298 1018 3881 1110; baseline 0.014 -39"><span class='ocrx_word' id='word_1_146' title='bbox 2298 1018 2456 1090; x_wconf 80' lang='grc' dir='ltr'>ἄθρει</span> <span class='ocrx_word' id='word_1_147' title='bbox 2496 1022 2591 1075; x_wconf 76' lang='grc' dir='ltr'>καὶ</span> <span class='ocrx_word' id='word_1_148' title='bbox 2644 1024 3055 1092; x_wconf 84' lang='grc' dir='ltr'><strong>καταμάνθανε.</strong></span> <span class='ocrx_word' id='word_1_149' title='bbox 3105 1027 3332 1082; x_wconf 82' lang='grc' dir='ltr'>Ἐκεῖνοι</span> <span class='ocrx_word' id='word_1_150' title='bbox 3363 1033 3632 1088; x_wconf 90' lang='grc' dir='ltr'>συναῖδιον</span> <span class='ocrx_word' id='word_1_151' title='bbox 3660 1036 3740 1108; x_wconf 83' lang='grc' dir='ltr'>τῷ</span> <span class='ocrx_word' id='word_1_152' title='bbox 3773 1040 3881 1110; x_wconf 88' lang='grc' dir='ltr'><strong>Δη-</strong></span> 
     </span>
    </p>
   </div>
   <div class='ocr_carea' id='block_1_24' title="bbox 2304 1111 3883 1198">
    <p class='ocr_par' dir='ltr' id='par_1_24' title="bbox 2304 1111 3883 1198">
     <span class='ocr_line' id='line_1_24' title="bbox 2304 1111 3883 1198; baseline 0.013 -36"><span class='ocrx_word' id='word_1_153' title='bbox 2304 1111 2554 1183; x_wconf 88' lang='grc' dir='ltr'>μιουργῷ</span> <span class='ocrx_word' id='word_1_154' title='bbox 2585 1113 2738 1167; x_wconf 82' lang='grc' dir='ltr'>τόνδε</span> <span class='ocrx_word' id='word_1_155' title='bbox 2765 1114 2855 1167; x_wconf 77' lang='grc' dir='ltr'><strong>τὸν</strong></span> <span class='ocrx_word' id='word_1_156' title='bbox 2886 1116 3093 1186; x_wconf 82' lang='grc' dir='ltr'>κόσμον</span> <span class='ocrx_word' id='word_1_157' title='bbox 3120 1119 3544 1189; x_wconf 76' lang='grc' dir='ltr'>ὑποτοπάζουσι,</span> <span class='ocrx_word' id='word_1_158' title='bbox 3572 1126 3649 1198; x_wconf 82' lang='grc' dir='ltr'>μὴ</span> <span class='ocrx_word' id='word_1_159' title='bbox 3680 1126 3883 1193; x_wconf 78' lang='grc' dir='ltr'>ἐῶντες</span> 
     </span>
    </p>
   </div>
   <div class='ocr_carea' id='block_1_25' title="bbox 2298 1203 3880 1274">
    <p class='ocr_par' dir='ltr' id='par_1_25' title="bbox 2298 1203 3880 1274">
     <span class='ocr_line' id='line_1_25' title="bbox 2298 1203 3880 1274; baseline 0.013 -19"><span class='ocrx_word' id='word_1_160' title='bbox 2298 1203 2389 1256; x_wconf 84' lang='grc' dir='ltr'><strong>τὸν</strong></span> <span class='ocrx_word' id='word_1_161' title='bbox 2430 1203 2563 1258; x_wconf 84' lang='grc' dir='ltr'>Θεὸν</span> <span class='ocrx_word' id='word_1_162' title='bbox 2614 1206 2833 1259; x_wconf 75' lang='grc' dir='ltr'>πάντων</span> <span class='ocrx_word' id='word_1_163' title='bbox 2880 1207 2991 1259; x_wconf 80' lang='grc' dir='ltr'><strong>τῶν</strong></span> <span class='ocrx_word' id='word_1_164' title='bbox 3037 1209 3206 1263; x_wconf 79' lang='grc' dir='ltr'>ὄντων</span> <span class='ocrx_word' id='word_1_165' title='bbox 3251 1214 3393 1269; x_wconf 88' lang='grc' dir='ltr'>κατά</span> <span class='ocrx_word' id='word_1_166' title='bbox 3443 1217 3625 1271; x_wconf 86' lang='grc' dir='ltr'>πάντα</span> <span class='ocrx_word' id='word_1_167' title='bbox 3676 1221 3773 1274; x_wconf 84' lang='grc' dir='ltr'><strong>καὶ</strong></span> <span class='ocrx_word' id='word_1_168' title='bbox 3821 1223 3880 1274; x_wconf 84' lang='grc' dir='ltr'>ὲν</span> 
     </span>
    </p>
   </div>
   <div class='ocr_carea' id='block_1_26' title="bbox 2298 1295 3879 1383">
    <p class='ocr_par' dir='ltr' id='par_1_26' title="bbox 2298 1295 3879 1383">
     <span class='ocr_line' id='line_1_26' title="bbox 2298 1295 3879 1383; baseline 0.013 -37"><span class='ocrx_word' id='word_1_169' title='bbox 2298 1296 2433 1348; x_wconf 81' lang='grc' dir='ltr'>πᾶσι</span> <span class='ocrx_word' id='word_1_170' title='bbox 2462 1295 2724 1366; x_wconf 77' lang='grc' dir='ltr'>προύχειν</span> <span class='ocrx_word' id='word_1_171' title='bbox 2750 1297 2846 1350; x_wconf 75' lang='grc' dir='ltr'><strong>καὶ</strong></span> <span class='ocrx_word' id='word_1_172' title='bbox 2887 1298 3166 1371; x_wconf 75' lang='grc' dir='ltr'>διαφέρειν</span> <span class='ocrx_word' id='word_1_173' title='bbox 3188 1318 3203 1333; x_wconf 86' lang='grc'><strong>·</strong></span> <span class='ocrx_word' id='word_1_174' title='bbox 3231 1303 3369 1359; x_wconf 88' lang='grc' dir='ltr'><strong>ἀλλά</strong></span> <span class='ocrx_word' id='word_1_175' title='bbox 3400 1307 3537 1376; x_wconf 84' lang='grc' dir='ltr'>πρὸς</span> <span class='ocrx_word' id='word_1_176' title='bbox 3580 1308 3681 1379; x_wconf 83' lang='grc' dir='ltr'><strong>τὴν</strong></span> <span class='ocrx_word' id='word_1_177' title='bbox 3708 1310 3879 1383; x_wconf 81' lang='grc' dir='ltr'>αὐτὴν</span> 
     </span>
    </p>
   </div>
   <div class='ocr_carea' id='block_1_27' title="bbox 2296 1383 3879 1474">
    <p class='ocr_par' dir='ltr' id='par_1_27' title="bbox 2296 1383 3879 1474">
     <span class='ocr_line' id='line_1_27' title="bbox 2296 1383 3879 1474; baseline 0.015 -38"><span class='ocrx_word' id='word_1_178' title='bbox 2296 1383 2455 1450; x_wconf 76' lang='grc' dir='ltr'>δόξαν</span> <span class='ocrx_word' id='word_1_179' title='bbox 2507 1388 2769 1455; x_wconf 83' lang='grc' dir='ltr'>ἀνάγουσι</span> <span class='ocrx_word' id='word_1_180' title='bbox 2820 1389 2913 1443; x_wconf 86' lang='grc' dir='ltr'><strong>τὸν</strong></span> <span class='ocrx_word' id='word_1_181' title='bbox 2983 1398 3502 1468; x_wconf 82' lang='grc' dir='ltr'>περιγεγραμμένον</span> <span class='ocrx_word' id='word_1_182' title='bbox 3561 1403 3658 1456; x_wconf 80' lang='grc' dir='ltr'><strong>καὶ</strong></span> <span class='ocrx_word' id='word_1_183' title='bbox 3714 1405 3879 1474; x_wconf 82' lang='grc' dir='ltr'>σῶμα</span> 
     </span>
    </p>
   </div>
   <div class='ocr_carea' id='block_1_28' title="bbox 2298 1474 3872 1563">
    <p class='ocr_par' dir='ltr' id='par_1_28' title="bbox 2298 1474 3872 1563">
     <span class='ocr_line' id='line_1_28' title="bbox 2298 1474 3872 1563; baseline 0.015 -36"><span class='ocrx_word' id='word_1_184' title='bbox 2298 1474 2491 1546; x_wconf 76' lang='grc' dir='ltr'>ἔχοντα</span> <span class='ocrx_word' id='word_1_185' title='bbox 2524 1477 2730 1543; x_wconf 81' lang='grc' dir='ltr'>ὑλικὸν,</span> <span class='ocrx_word' id='word_1_186' title='bbox 2760 1482 2827 1550; x_wconf 84' lang='grc' dir='ltr'>τῇ</span> <span class='ocrx_word' id='word_1_187' title='bbox 2855 1482 3219 1554; x_wconf 86' lang='grc' dir='ltr'>ἀπεριλήπτῳ</span> <span class='ocrx_word' id='word_1_188' title='bbox 3252 1488 3345 1541; x_wconf 80' lang='grc' dir='ltr'><strong>καὶ</strong></span> <span class='ocrx_word' id='word_1_189' title='bbox 3367 1491 3646 1563; x_wconf 83' lang='grc' dir='ltr'>ἀσωμάτῳ</span> <span class='ocrx_word' id='word_1_190' title='bbox 3671 1493 3833 1561; x_wconf 77' lang='grc' dir='ltr'>φύσει</span> <span class='ocrx_word' id='word_1_191' title='bbox 3856 1512 3872 1526; x_wconf 90' lang='grc'><strong>·</strong></span> 
     </span>
    </p>
   </div>
   <div class='ocr_carea' id='block_1_29' title="bbox 2297 1562 3876 1651">
    <p class='ocr_par' dir='ltr' id='par_1_29' title="bbox 2297 1562 3876 1651">
     <span class='ocr_line' id='line_1_29' title="bbox 2297 1562 3876 1651; baseline 0.014 -31"><span class='ocrx_word' id='word_1_192' title='bbox 2297 1570 2392 1621; x_wconf 75' lang='grc' dir='ltr'>καὶ</span> <span class='ocrx_word' id='word_1_193' title='bbox 2474 1586 2608 1639; x_wconf 82' lang='grc' dir='ltr'>φησι</span> <span class='ocrx_word' id='word_1_194' title='bbox 2640 1570 2942 1639; x_wconf 86' lang='grc' dir='ltr'>Βασίλειος,</span> <span class='ocrx_word' id='word_1_195' title='bbox 2964 1575 2993 1626; x_wconf 86' lang='grc' dir='ltr'><strong>ό</strong></span> <span class='ocrx_word' id='word_1_196' title='bbox 3020 1576 3192 1645; x_wconf 83' lang='grc' dir='ltr'>μέγας</span> <span class='ocrx_word' id='word_1_197' title='bbox 3217 1580 3317 1648; x_wconf 80' lang='grc' dir='ltr'>τῆς</span> <span class='ocrx_word' id='word_1_198' title='bbox 3338 1580 3596 1651; x_wconf 81' lang='grc' dir='ltr'><strong>ἀληθείας</strong></span> <span class='ocrx_word' id='word_1_199' title='bbox 3618 1562 3876 1641; x_wconf 85' lang='grc' dir='ltr'>διδάσκα-</span> 
     </span>
    </p>
   </div>
   <div class='ocr_carea' id='block_1_30' title="bbox 2298 1659 3875 1751">
    <p class='ocr_par' dir='ltr' id='par_1_30' title="bbox 2298 1659 3875 1751">
     <span class='ocr_line' id='line_1_30' title="bbox 2298 1659 3875 1751; baseline 0.016 -41"><span class='ocrx_word' id='word_1_200' title='bbox 2298 1659 2388 1723; x_wconf 82' lang='grc' dir='ltr'><strong>λος</strong></span> <span class='ocrx_word' id='word_1_201' title='bbox 2422 1660 2558 1731; x_wconf 82' lang='grc'><strong>(85),</strong></span> <span class='ocrx_word' id='word_1_202' title='bbox 2595 1660 2685 1713; x_wconf 81' lang='grc' dir='ltr'><strong>τὸν</strong></span> <span class='ocrx_word' id='word_1_203' title='bbox 2727 1660 2888 1731; x_wconf 86' lang='grc' dir='ltr'>φύσει</span> <span class='ocrx_word' id='word_1_204' title='bbox 2928 1664 3165 1737; x_wconf 83' lang='grc' dir='ltr'>φθαρτὸν</span> <span class='ocrx_word' id='word_1_205' title='bbox 3211 1670 3306 1723; x_wconf 77' lang='grc' dir='ltr'>καὶ</span> <span class='ocrx_word' id='word_1_206' title='bbox 3352 1672 3571 1734; x_wconf 83' lang='grc' dir='ltr'>πάντως</span> <span class='ocrx_word' id='word_1_207' title='bbox 3619 1675 3875 1751; x_wconf 80' lang='grc' dir='ltr'>διαλυθη-</span> 
     </span>
    </p>
   </div>
   <div class='ocr_carea' id='block_1_31' title="bbox 2295 1750 3875 1845">
    <p class='ocr_par' dir='ltr' id='par_1_31' title="bbox 2295 1750 3875 1845">
     <span class='ocr_line' id='line_1_31' title="bbox 2295 1750 3875 1845; baseline 0.016 -43"><span class='ocrx_word' id='word_1_208' title='bbox 2295 1750 2543 1821; x_wconf 89' lang='grc' dir='ltr'>σόμενον,</span> <span class='ocrx_word' id='word_1_209' title='bbox 2573 1753 2649 1817; x_wconf 84' lang='grc' dir='ltr'>ὡς</span> <span class='ocrx_word' id='word_1_210' title='bbox 2680 1754 2919 1810; x_wconf 86' lang='grc' dir='ltr'>δείκνυσι</span> <span class='ocrx_word' id='word_1_211' title='bbox 2953 1758 3022 1812; x_wconf 92' lang='grc' dir='ltr'><strong>τά</strong></span> <span class='ocrx_word' id='word_1_212' title='bbox 3049 1761 3190 1833; x_wconf 88' lang='grc' dir='ltr'>μέρη</span> <span class='ocrx_word' id='word_1_213' title='bbox 3234 1764 3327 1818; x_wconf 81' lang='grc' dir='ltr'><strong>καὶ</strong></span> <span class='ocrx_word' id='word_1_214' title='bbox 3357 1766 3685 1838; x_wconf 86' lang='grc' dir='ltr'>ήσύνθεσις,</span> <span class='ocrx_word' id='word_1_215' title='bbox 3713 1773 3875 1845; x_wconf 79' lang='grc' dir='ltr'>εἴπερ</span> 
     </span>
    </p>
   </div>
   <div class='ocr_carea' id='block_1_32' title="bbox 623 1844 2186 1925">
    <p class='ocr_par' dir='ltr' id='par_1_32' title="bbox 623 1844 2186 1914">
     <span class='ocr_line' id='line_1_32' title="bbox 623 1844 2186 1914; baseline 0.001 -18"><span class='ocrx_word' id='word_1_216' title='bbox 623 1844 828 1898; x_wconf 79' lang='lat' dir='ltr'><strong>faciunt</strong></span> <span class='ocrx_word' id='word_1_217' title='bbox 856 1844 904 1898; x_wconf 91' lang='lat' dir='ltr'><strong>ei</strong></span> <span class='ocrx_word' id='word_1_218' title='bbox 942 1845 1032 1914; x_wconf 90' lang='lat' dir='ltr'><strong>qui</strong></span> <span class='ocrx_word' id='word_1_219' title='bbox 1063 1854 1144 1898; x_wconf 90' lang='lat' dir='ltr'><strong>est</strong></span> <span class='ocrx_word' id='word_1_220' title='bbox 1176 1845 1628 1912; x_wconf 86' lang='lat' dir='ltr'><strong>incorruptibilis,</strong></span> <span class='ocrx_word' id='word_1_221' title='bbox 1661 1860 1814 1899; x_wconf 76' lang='lat' dir='ltr'><strong>noxze</strong></span> <span class='ocrx_word' id='word_1_222' title='bbox 1842 1860 2056 1911; x_wconf 82' lang='lat' dir='ltr'><strong>expers,</strong></span> <span class='ocrx_word' id='word_1_223' title='bbox 2093 1860 2186 1899; x_wconf 86' lang='lat' dir='ltr'><strong>re-</strong></span> 
     </span>
    </p>
   </div>
   <div class='ocr_carea' id='block_1_33' title="bbox 2286 1844 3872 1925">
    <p class='ocr_par' dir='ltr' id='par_1_33' title="bbox 2293 1844 3872 1925">
     <span class='ocr_line' id='line_1_33' title="bbox 2293 1844 3872 1925; baseline 0.015 -29"><span class='ocrx_word' id='word_1_224' title='bbox 2293 1845 2513 1909; x_wconf 74' lang='grc' dir='ltr'>πάντως</span> <span class='ocrx_word' id='word_1_225' title='bbox 2543 1847 2605 1900; x_wconf 84' lang='grc' dir='ltr'><strong>τὸ</strong></span> <span class='ocrx_word' id='word_1_226' title='bbox 2634 1849 3048 1922; x_wconf 83' lang='grc' dir='ltr'>συντεθειμένον</span> <span class='ocrx_word' id='word_1_227' title='bbox 3071 1856 3166 1909; x_wconf 70' lang='grc' dir='ltr'>καὶ</span> <span class='ocrx_word' id='word_1_228' title='bbox 3186 1856 3482 1925; x_wconf 82' lang='grc' dir='ltr'>διαλύεται,</span> <span class='ocrx_word' id='word_1_229' title='bbox 3515 1863 3630 1917; x_wconf 75' lang='grc' dir='ltr'>ἴσον</span> <span class='ocrx_word' id='word_1_230' title='bbox 3656 1844 3872 1919; x_wconf 85' lang='grc' dir='ltr'>ποιοῦσι</span> 
     </span>
    </p>
   </div>
   <div class='ocr_carea' id='block_1_34' title="bbox 623 1937 2189 2006">
    <p class='ocr_par' dir='ltr' id='par_1_34' title="bbox 623 1937 2189 2006">
     <span class='ocr_line' id='line_1_34' title="bbox 623 1937 2189 2006; baseline 0.003 -18"><span class='ocrx_word' id='word_1_231' title='bbox 623 1952 746 1990; x_wconf 82' lang='lat' dir='ltr'><strong>vera</strong></span> <span class='ocrx_word' id='word_1_232' title='bbox 771 1937 1099 2000; x_wconf 87' lang='lat' dir='ltr'><strong>consistens,</strong></span> <span class='ocrx_word' id='word_1_233' title='bbox 1132 1943 1187 1989; x_wconf 91' lang='lat' dir='ltr'><strong>et</strong></span> <span class='ocrx_word' id='word_1_234' title='bbox 1213 1951 1429 2006; x_wconf 80' lang='lat' dir='ltr'><strong>semper</strong></span> <span class='ocrx_word' id='word_1_235' title='bbox 1454 1937 1643 1990; x_wconf 89' lang='lat' dir='ltr'><strong>eodem</strong></span> <span class='ocrx_word' id='word_1_236' title='bbox 1673 1937 1831 1991; x_wconf 91' lang='lat' dir='ltr'><strong>modo</strong></span> <span class='ocrx_word' id='word_1_237' title='bbox 1857 1952 1916 1991; x_wconf 89' lang='lat' dir='ltr'><strong>se</strong></span> <span class='ocrx_word' id='word_1_238' title='bbox 1941 1937 2149 1992; x_wconf 87' lang='lat' dir='ltr'><strong>babeus</strong></span> <span class='ocrx_word' id='word_1_239' title='bbox 2173 1956 2189 1992; x_wconf 87' lang='lat'><strong>:</strong></span> 
     </span>
    </p>
   </div>
   <div class='ocr_carea' id='block_1_35' title="bbox 619 2027 2191 2101">
    <p class='ocr_par' dir='ltr' id='par_1_35' title="bbox 619 2027 2191 2101">
     <span class='ocr_line' id='line_1_35' title="bbox 619 2027 2191 2101; baseline 0.003 -21"><span class='ocrx_word' id='word_1_240' title='bbox 619 2029 747 2101; x_wconf 86' lang='lat' dir='ltr'><strong>quin</strong></span> <span class='ocrx_word' id='word_1_241' title='bbox 774 2042 826 2085; x_wconf 83' lang='lat' dir='ltr'><strong>et</strong></span> <span class='ocrx_word' id='word_1_242' title='bbox 863 2027 1039 2084; x_wconf 80' lang='lat' dir='ltr'><strong>Deum.</strong></span> <span class='ocrx_word' id='word_1_243' title='bbox 1058 2028 1299 2091; x_wconf 80' lang='lat' dir='ltr'><strong>elﬁciunt</strong></span> <span class='ocrx_word' id='word_1_244' title='bbox 1331 2043 1454 2083; x_wconf 85' lang='lat' dir='ltr'><strong>eum</strong></span> <span class='ocrx_word' id='word_1_245' title='bbox 1486 2038 1542 2083; x_wconf 91' lang='lat' dir='ltr'><strong>et</strong></span> <span class='ocrx_word' id='word_1_246' title='bbox 1578 2027 1694 2097; x_wconf 84' lang='lat' dir='ltr'><strong>ejus</strong></span> <span class='ocrx_word' id='word_1_247' title='bbox 1723 2039 1925 2097; x_wconf 89' lang='lat' dir='ltr'><strong>partes,</strong></span> <span class='ocrx_word' id='word_1_248' title='bbox 1957 2029 2191 2099; x_wconf 88' lang='lat' dir='ltr'><strong>imperiti</strong></span> 
     </span>
    </p>
   </div>
   <div class='ocr_carea' id='block_1_36' title="bbox 617 2119 2191 2190">
    <p class='ocr_par' dir='ltr' id='par_1_36' title="bbox 617 2119 2191 2190">
     <span class='ocr_line' id='line_1_36' title="bbox 617 2119 2191 2190; baseline 0.001 -16"><span class='ocrx_word' id='word_1_249' title='bbox 617 2130 672 2175; x_wconf 86' lang='lat' dir='ltr'><strong>et</strong></span> <span class='ocrx_word' id='word_1_250' title='bbox 718 2128 981 2190; x_wconf 78' lang='lat' dir='ltr'><strong>agrestes,</strong></span> <span class='ocrx_word' id='word_1_251' title='bbox 1023 2119 1360 2188; x_wconf 79' lang='lat' dir='ltr'><strong>providentia</strong></span> <span class='ocrx_word' id='word_1_252' title='bbox 1408 2130 1462 2175; x_wconf 89' lang='lat' dir='ltr'><strong>et</strong></span> <span class='ocrx_word' id='word_1_253' title='bbox 1514 2120 1745 2176; x_wconf 90' lang='lat' dir='ltr'><strong>consilio</strong></span> <span class='ocrx_word' id='word_1_254' title='bbox 1785 2121 2028 2189; x_wconf 75' lang='lat' dir='ltr'><strong>opificem</strong></span> <span class='ocrx_word' id='word_1_255' title='bbox 2071 2137 2191 2177; x_wconf 79' lang='lat' dir='ltr'><strong>esse</strong></span> 
     </span>
    </p>
   </div>
   <div class='ocr_carea' id='block_1_37' title="bbox 618 2211 2191 2281">
    <p class='ocr_par' dir='ltr' id='par_1_37' title="bbox 618 2211 2191 2281">
     <span class='ocr_line' id='line_1_37' title="bbox 618 2211 2191 2281; baseline 0.002 -16"><span class='ocrx_word' id='word_1_256' title='bbox 618 2211 787 2266; x_wconf 84' lang='lat' dir='ltr'><strong>Deum</strong></span> <span class='ocrx_word' id='word_1_257' title='bbox 822 2228 926 2265; x_wconf 93' lang='lat' dir='ltr'><strong>non</strong></span> <span class='ocrx_word' id='word_1_258' title='bbox 962 2211 1293 2275; x_wconf 79' lang='lat' dir='ltr'><strong>concedunt,</strong></span> <span class='ocrx_word' id='word_1_259' title='bbox 1334 2219 1612 2281; x_wconf 80' lang='lat' dir='ltr'><strong>expertem</strong></span> <span class='ocrx_word' id='word_1_260' title='bbox 1651 2211 1952 2275; x_wconf 85' lang='lat' dir='ltr'><strong>electionis,</strong></span> <span class='ocrx_word' id='word_1_261' title='bbox 1986 2225 2036 2267; x_wconf 92' lang='lat' dir='ltr'><strong>et</strong></span> <span class='ocrx_word' id='word_1_262' title='bbox 2061 2229 2191 2269; x_wconf 88' lang='lat' dir='ltr'><strong>cau-</strong></span> 
     </span>
    </p>
   </div>
   <div class='ocr_carea' id='block_1_38' title="bbox 615 2304 2188 2374">
    <p class='ocr_par' dir='ltr' id='par_1_38' title="bbox 615 2304 2188 2374">
     <span class='ocr_line' id='line_1_38' title="bbox 615 2304 2188 2374; baseline -0.002 -13"><span class='ocrx_word' id='word_1_263' title='bbox 615 2320 731 2361; x_wconf 87' lang='lat' dir='ltr'><strong>sam</strong></span> <span class='ocrx_word' id='word_1_264' title='bbox 764 2304 947 2358; x_wconf 90' lang='lat' dir='ltr'><strong>mundi</strong></span> <span class='ocrx_word' id='word_1_265' title='bbox 976 2318 1097 2359; x_wconf 85' lang='lat' dir='ltr'><strong>esse</strong></span> <span class='ocrx_word' id='word_1_266' title='bbox 1129 2304 1303 2374; x_wconf 88' lang='lat' dir='ltr'><strong>ipsum</strong></span> <span class='ocrx_word' id='word_1_267' title='bbox 1333 2304 1585 2373; x_wconf 79' lang='lat' dir='ltr'><strong>exemplo</strong></span> <span class='ocrx_word' id='word_1_268' title='bbox 1614 2304 1925 2374; x_wconf 76' lang='lat' dir='ltr'><strong>pervulgato</strong></span> <span class='ocrx_word' id='word_1_269' title='bbox 1958 2306 2188 2359; x_wconf 54' lang='lat' dir='ltr'><strong>commio</strong></span> 
     </span>
    </p>
   </div>
   <div class='ocr_carea' id='block_1_39' title="bbox 614 2396 2185 2468">
    <p class='ocr_par' dir='ltr' id='par_1_39' title="bbox 614 2396 2185 2468">
     <span class='ocr_line' id='line_1_39' title="bbox 614 2396 2185 2468; baseline 0 -17"><span class='ocrx_word' id='word_1_270' title='bbox 614 2396 918 2452; x_wconf 84' lang='lat' dir='ltr'><strong>niscnntnr.</strong></span> <span class='ocrx_word' id='word_1_271' title='bbox 945 2396 1177 2452; x_wconf 77' lang='lat' dir='ltr'><strong>Rursum</strong></span> <span class='ocrx_word' id='word_1_272' title='bbox 1199 2408 1375 2451; x_wconf 86' lang='lat' dir='ltr'><strong>autem</strong></span> <span class='ocrx_word' id='word_1_273' title='bbox 1398 2399 1649 2466; x_wconf 85' lang='lat' dir='ltr'><strong>propriis,</strong></span> <span class='ocrx_word' id='word_1_274' title='bbox 1667 2400 1818 2466; x_wconf 83' lang='lat' dir='ltr'><strong>juxta</strong></span> <span class='ocrx_word' id='word_1_275' title='bbox 1846 2401 2185 2468; x_wconf 63' lang='lat' dir='ltr'><strong>paruamiam,</strong></span> 
     </span>
    </p>
   </div>
   <div class='ocr_carea' id='block_1_40' title="bbox 613 2487 2188 2560">
    <p class='ocr_par' dir='ltr' id='par_1_40' title="bbox 613 2487 2188 2560">
     <span class='ocr_line' id='line_1_40' title="bbox 613 2487 2188 2560; baseline 0.003 -19"><span class='ocrx_word' id='word_1_276' title='bbox 613 2487 762 2556; x_wconf 87' lang='lat' dir='ltr'><strong>capti</strong></span> <span class='ocrx_word' id='word_1_277' title='bbox 797 2499 927 2544; x_wconf 90' lang='lat' dir='ltr'><strong>sunt</strong></span> <span class='ocrx_word' id='word_1_278' title='bbox 967 2490 1183 2558; x_wconf 87' lang='lat' dir='ltr'><strong>pennis.</strong></span> <span class='ocrx_word' id='word_1_279' title='bbox 1228 2488 1364 2545; x_wconf 87' lang='lat' dir='ltr'><strong>Eum</strong></span> <span class='ocrx_word' id='word_1_280' title='bbox 1403 2492 1547 2546; x_wconf 90' lang='lat' dir='ltr'><strong>enim</strong></span> <span class='ocrx_word' id='word_1_281' title='bbox 1591 2492 1681 2560; x_wconf 91' lang='lat' dir='ltr'><strong>qui</strong></span> <span class='ocrx_word' id='word_1_282' title='bbox 1723 2506 1753 2545; x_wconf 90' lang='lat' dir='ltr'><strong>a</strong></span> <span class='ocrx_word' id='word_1_283' title='bbox 1796 2492 1942 2545; x_wconf 91' lang='lat' dir='ltr'><strong>bono</strong></span> <span class='ocrx_word' id='word_1_284' title='bbox 1964 2490 2188 2547; x_wconf 72' lang='lat' dir='ltr'><strong>etl‘eetus</strong></span> 
     </span>
    </p>
   </div>
   <div class='ocr_carea' id='block_1_41' title="bbox 613 2582 2191 2654">
    <p class='ocr_par' dir='ltr' id='par_1_41' title="bbox 613 2582 2191 2654">
     <span class='ocr_line' id='line_1_41' title="bbox 613 2582 2191 2654; baseline 0.001 -18"><span class='ocrx_word' id='word_1_285' title='bbox 613 2588 699 2636; x_wconf 89' lang='lat' dir='ltr'><strong>est</strong></span> <span class='ocrx_word' id='word_1_286' title='bbox 737 2590 794 2638; x_wconf 88' lang='lat' dir='ltr'><strong>et</strong></span> <span class='ocrx_word' id='word_1_287' title='bbox 839 2582 1103 2653; x_wconf 78' lang='lat' dir='ltr'><strong>praeclare</strong></span> <span class='ocrx_word' id='word_1_288' title='bbox 1149 2593 1584 2651; x_wconf 80' lang='lat' dir='ltr'><strong>coagmentatus,</strong></span> <span class='ocrx_word' id='word_1_289' title='bbox 1634 2599 1740 2639; x_wconf 91' lang='lat' dir='ltr'><strong>non</strong></span> <span class='ocrx_word' id='word_1_290' title='bbox 1788 2594 2041 2654; x_wconf 88' lang='lat' dir='ltr'><strong>oportere</strong></span> <span class='ocrx_word' id='word_1_291' title='bbox 2071 2600 2191 2640; x_wconf 86' lang='lat' dir='ltr'><strong>cur-</strong></span> 
     </span>
    </p>
   </div>
   <div class='ocr_carea' id='block_1_42' title="bbox 614 2671 2187 2745">
    <p class='ocr_par' dir='ltr' id='par_1_42' title="bbox 614 2671 2187 2745">
     <span class='ocr_line' id='line_1_42' title="bbox 614 2671 2187 2745; baseline 0.003 -21"><span class='ocrx_word' id='word_1_292' title='bbox 614 2671 792 2741; x_wconf 85' lang='lat' dir='ltr'><strong>rumpi</strong></span> <span class='ocrx_word' id='word_1_293' title='bbox 837 2673 1069 2739; x_wconf 86' lang='lat' dir='ltr'><strong>aientes,</strong></span> <span class='ocrx_word' id='word_1_294' title='bbox 1111 2673 1179 2727; x_wconf 86' lang='lat' dir='ltr'><strong>de</strong></span> <span class='ocrx_word' id='word_1_295' title='bbox 1228 2672 1455 2743; x_wconf 82' lang='lat' dir='ltr'><strong>singulis</strong></span> <span class='ocrx_word' id='word_1_296' title='bbox 1505 2673 1814 2729; x_wconf 83' lang='lat' dir='ltr'><strong>hominibus</strong></span> <span class='ocrx_word' id='word_1_297' title='bbox 1845 2674 2187 2745; x_wconf 78' lang='lat' dir='ltr'><strong>interrogati,</strong></span> 
     </span>
    </p>
   </div>
   <div class='ocr_carea' id='block_1_43' title="bbox 612 2762 2186 2830">
    <p class='ocr_par' dir='ltr' id='par_1_43' title="bbox 612 2762 2186 2830">
     <span class='ocr_line' id='line_1_43' title="bbox 612 2762 2186 2830; baseline 0.003 -16"><span class='ocrx_word' id='word_1_298' title='bbox 612 2776 844 2830; x_wconf 85' lang='lat' dir='ltr'><strong>quorum</strong></span> <span class='ocrx_word' id='word_1_299' title='bbox 887 2777 1054 2816; x_wconf 86' lang='lat' dir='ltr'><strong>causa</strong></span> <span class='ocrx_word' id='word_1_300' title='bbox 1104 2763 1343 2817; x_wconf 83' lang='lat' dir='ltr'><strong>maxime</strong></span> <span class='ocrx_word' id='word_1_301' title='bbox 1390 2765 1507 2819; x_wconf 66' lang='lat' dir='ltr'><strong>haec</strong></span> <span class='ocrx_word' id='word_1_302' title='bbox 1551 2762 1878 2819; x_wconf 88' lang='lat' dir='ltr'><strong>universitas</strong></span> <span class='ocrx_word' id='word_1_303' title='bbox 1923 2764 2186 2819; x_wconf 82' lang='lat' dir='ltr'><strong>fabricata</strong></span> 
     </span>
    </p>
   </div>
   <div class='ocr_carea' id='block_1_44' title="bbox 610 2856 2188 2925">
    <p class='ocr_par' dir='ltr' id='par_1_44' title="bbox 610 2856 2188 2925">
     <span class='ocr_line' id='line_1_44' title="bbox 610 2856 2188 2925; baseline 0.002 -15"><span class='ocrx_word' id='word_1_304' title='bbox 610 2863 715 2918; x_wconf 91' lang='lat' dir='ltr'><strong>est,</strong></span> <span class='ocrx_word' id='word_1_305' title='bbox 744 2862 802 2908; x_wconf 89' lang='lat' dir='ltr'><strong>ut</strong></span> <span class='ocrx_word' id='word_1_306' title='bbox 828 2866 1123 2910; x_wconf 85' lang='lat' dir='ltr'><strong>nascantur</strong></span> <span class='ocrx_word' id='word_1_307' title='bbox 1155 2866 1211 2912; x_wconf 90' lang='lat' dir='ltr'><strong>et</strong></span> <span class='ocrx_word' id='word_1_308' title='bbox 1241 2856 1551 2912; x_wconf 90' lang='lat' dir='ltr'><strong>intereant:</strong></span> <span class='ocrx_word' id='word_1_309' title='bbox 1587 2873 1616 2911; x_wconf 92' lang='lat' dir='ltr'><strong>a</strong></span> <span class='ocrx_word' id='word_1_310' title='bbox 1644 2858 1785 2912; x_wconf 89' lang='lat' dir='ltr'><strong>bono</strong></span> <span class='ocrx_word' id='word_1_311' title='bbox 1811 2856 1921 2912; x_wconf 89' lang='lat' dir='ltr'><strong>Deo</strong></span> <span class='ocrx_word' id='word_1_312' title='bbox 1954 2857 2102 2925; x_wconf 82' lang='lat' dir='ltr'><strong>facti,</strong></span> <span class='ocrx_word' id='word_1_313' title='bbox 2132 2866 2188 2913; x_wconf 90' lang='lat' dir='ltr'><strong>et</strong></span> 
     </span>
    </p>
   </div>
   <div class='ocr_carea' id='block_1_45' title="bbox 614 2946 2186 3019">
    <p class='ocr_par' dir='ltr' id='par_1_45' title="bbox 614 2946 2186 3019">
     <span class='ocr_line' id='line_1_45' title="bbox 614 2946 2186 3019; baseline 0.004 -20"><span class='ocrx_word' id='word_1_314' title='bbox 614 2946 871 3017; x_wconf 69' lang='lat' dir='ltr'><strong>praeclare</strong></span> <span class='ocrx_word' id='word_1_315' title='bbox 904 2948 1291 3018; x_wconf 81' lang='lat' dir='ltr'><strong>coagmentati,</strong></span> <span class='ocrx_word' id='word_1_316' title='bbox 1333 2948 1476 3002; x_wconf 90' lang='lat' dir='ltr'><strong>velut</strong></span> <span class='ocrx_word' id='word_1_317' title='bbox 1507 2948 1630 3003; x_wconf 91' lang='lat' dir='ltr'><strong>boui</strong></span> <span class='ocrx_word' id='word_1_318' title='bbox 1665 2950 1757 3003; x_wconf 85' lang='lat' dir='ltr'><strong>Dei</strong></span> <span class='ocrx_word' id='word_1_319' title='bbox 1787 2950 2024 3019; x_wconf 82' lang='lat' dir='ltr'><strong>Opiﬁcia,</strong></span> <span class='ocrx_word' id='word_1_320' title='bbox 2072 2951 2186 3005; x_wconf 80' lang='lat' dir='ltr'><strong>ba:-</strong></span> 
     </span>
    </p>
   </div>
   <div class='ocr_carea' id='block_1_46' title="bbox 616 3039 2187 3111">
    <p class='ocr_par' dir='ltr' id='par_1_46' title="bbox 616 3039 2187 3111">
     <span class='ocr_line' id='line_1_46' title="bbox 616 3039 2187 3111; baseline 0.002 -18"><span class='ocrx_word' id='word_1_321' title='bbox 616 3049 758 3104; x_wconf 90' lang='lat' dir='ltr'><strong>rent,</strong></span> <span class='ocrx_word' id='word_1_322' title='bbox 794 3049 850 3094; x_wconf 90' lang='lat' dir='ltr'><strong>et</strong></span> <span class='ocrx_word' id='word_1_323' title='bbox 896 3042 1067 3109; x_wconf 82' lang='lat' dir='ltr'><strong>magis</strong></span> <span class='ocrx_word' id='word_1_324' title='bbox 1101 3040 1232 3095; x_wconf 90' lang='lat' dir='ltr'><strong>muti</strong></span> <span class='ocrx_word' id='word_1_325' title='bbox 1268 3055 1427 3109; x_wconf 87' lang='lat' dir='ltr'><strong>quam</strong></span> <span class='ocrx_word' id='word_1_326' title='bbox 1476 3039 1685 3110; x_wconf 83' lang='lat' dir='ltr'><strong>lapides</strong></span> <span class='ocrx_word' id='word_1_327' title='bbox 1718 3051 1809 3093; x_wconf 89' lang='lat' dir='ltr'><strong>aut</strong></span> <span class='ocrx_word' id='word_1_328' title='bbox 1843 3041 2038 3111; x_wconf 81' lang='lat' dir='ltr'><strong>pisces,</strong></span> <span class='ocrx_word' id='word_1_329' title='bbox 2068 3042 2187 3096; x_wconf 87' lang='lat' dir='ltr'><strong>red-</strong></span> 
     </span>
    </p>
   </div>
   <div class='ocr_carea' id='block_1_47' title="bbox 611 3132 2183 3189">
    <p class='ocr_par' dir='ltr' id='par_1_47' title="bbox 611 3132 2183 3189">
     <span class='ocr_line' id='line_1_47' title="bbox 611 3132 2183 3189; baseline 0.002 -3"><span class='ocrx_word' id='word_1_330' title='bbox 611 3133 832 3187; x_wconf 89' lang='lat' dir='ltr'><strong>duntur.</strong></span> <span class='ocrx_word' id='word_1_331' title='bbox 860 3132 1132 3189; x_wconf 76' lang='lat' dir='ltr'><strong>Praeterea</strong></span> <span class='ocrx_word' id='word_1_332' title='bbox 1177 3133 1321 3189; x_wconf 92' lang='lat' dir='ltr'><strong>lmnc</strong></span> <span class='ocrx_word' id='word_1_333' title='bbox 1367 3136 1627 3189; x_wconf 88' lang='lat' dir='ltr'><strong>mundum</strong></span> <span class='ocrx_word' id='word_1_334' title='bbox 1665 3134 1887 3189; x_wconf 88' lang='lat' dir='ltr'><strong>minime</strong></span> <span class='ocrx_word' id='word_1_335' title='bbox 1917 3134 2117 3189; x_wconf 86' lang='lat' dir='ltr'><strong>habere</strong></span> <span class='ocrx_word' id='word_1_336' title='bbox 2154 3149 2183 3189; x_wconf 91' lang='lat' dir='ltr'><strong>a</strong></span> 
     </span>
    </p>
   </div>
   <div class='ocr_carea' id='block_1_48' title="bbox 614 3222 2188 3293">
    <p class='ocr_par' dir='ltr' id='par_1_48' title="bbox 614 3222 2188 3293">
     <span class='ocr_line' id='line_1_48' title="bbox 614 3222 2188 3293; baseline 0.001 -16"><span class='ocrx_word' id='word_1_337' title='bbox 614 3224 794 3293; x_wconf 82' lang='lat' dir='ltr'><strong>seipso</strong></span> <span class='ocrx_word' id='word_1_338' title='bbox 826 3222 1290 3278; x_wconf 88' lang='lat' dir='ltr'><strong>immortalitatem</strong></span> <span class='ocrx_word' id='word_1_339' title='bbox 1333 3224 1652 3278; x_wconf 77' lang='lat' dir='ltr'><strong>confitentes</strong></span> <span class='ocrx_word' id='word_1_340' title='bbox 1687 3241 1700 3278; x_wconf 91' lang='lat'><strong>:</strong></span> <span class='ocrx_word' id='word_1_341' title='bbox 1731 3234 1787 3276; x_wconf 91' lang='lat' dir='ltr'><strong>ut</strong></span> <span class='ocrx_word' id='word_1_342' title='bbox 1817 3224 1960 3278; x_wconf 91' lang='lat' dir='ltr'><strong>enim</strong></span> <span class='ocrx_word' id='word_1_343' title='bbox 2006 3224 2188 3279; x_wconf 80' lang='lat' dir='ltr'><strong>audivi</strong></span> 
     </span>
    </p>
   </div>
   <div class='ocr_carea' id='block_1_49' title="bbox 615 3315 2188 3387">
    <p class='ocr_par' dir='ltr' id='par_1_49' title="bbox 615 3315 2188 3387">
     <span class='ocr_line' id='line_1_49' title="bbox 615 3315 2188 3387; baseline -0.001 -17"><span class='ocrx_word' id='word_1_344' title='bbox 615 3317 902 3385; x_wconf 87' lang='lat' dir='ltr'><strong>quemdam</strong></span> <span class='ocrx_word' id='word_1_345' title='bbox 949 3331 980 3371; x_wconf 94' lang='lat' dir='ltr'><strong>e</strong></span> <span class='ocrx_word' id='word_1_346' title='bbox 1029 3315 1312 3385; x_wconf 89' lang='lat' dir='ltr'><strong>discipulis</strong></span> <span class='ocrx_word' id='word_1_347' title='bbox 1360 3315 1597 3371; x_wconf 85' lang='lat' dir='ltr'><strong>Platonis</strong></span> <span class='ocrx_word' id='word_1_348' title='bbox 1643 3317 2091 3387; x_wconf 86' lang='lat' dir='ltr'><strong>triumphantem,</strong></span> <span class='ocrx_word' id='word_1_349' title='bbox 2143 3315 2188 3371; x_wconf 93' lang='lat' dir='ltr'><strong>si</strong></span> 
     </span>
    </p>
   </div>
   <div class='ocr_carea' id='block_1_50' title="bbox 614 3407 2189 3479">
    <p class='ocr_par' dir='ltr' id='par_1_50' title="bbox 614 3407 2189 3479">
     <span class='ocr_line' id='line_1_50' title="bbox 614 3407 2189 3479; baseline 0.002 -16"><span class='ocrx_word' id='word_1_350' title='bbox 614 3410 946 3479; x_wconf 86' lang='lat' dir='ltr'><strong>cogitatione</strong></span> <span class='ocrx_word' id='word_1_351' title='bbox 991 3410 1404 3465; x_wconf 82' lang='lat' dir='ltr'><strong>abstraheretur</strong></span> <span class='ocrx_word' id='word_1_352' title='bbox 1446 3409 1514 3463; x_wconf 84' lang='lat' dir='ltr'><strong>ab</strong></span> <span class='ocrx_word' id='word_1_353' title='bbox 1556 3410 1811 3464; x_wconf 89' lang='lat' dir='ltr'><strong>universo</strong></span> <span class='ocrx_word' id='word_1_354' title='bbox 1840 3407 2055 3479; x_wconf 78' lang='lat' dir='ltr'><strong>Opifex,</strong></span> <span class='ocrx_word' id='word_1_355' title='bbox 2097 3421 2189 3466; x_wconf 90' lang='lat' dir='ltr'><strong>aut</strong></span> 
     </span>
    </p>
   </div>
   <div class='ocr_carea' id='block_1_51' title="bbox 611 3502 2182 3573">
    <p class='ocr_par' dir='ltr' id='par_1_51' title="bbox 611 3502 2182 3573">
     <span class='ocr_line' id='line_1_51' title="bbox 611 3502 2182 3573; baseline 0 -17"><span class='ocrx_word' id='word_1_356' title='bbox 611 3502 658 3556; x_wconf 87' lang='lat' dir='ltr'><strong>si</strong></span> <span class='ocrx_word' id='word_1_357' title='bbox 695 3516 799 3556; x_wconf 88' lang='lat' dir='ltr'><strong>non</strong></span> <span class='ocrx_word' id='word_1_358' title='bbox 850 3503 1178 3566; x_wconf 89' lang='lat' dir='ltr'><strong>contineret,</strong></span> <span class='ocrx_word' id='word_1_359' title='bbox 1207 3511 1261 3556; x_wconf 90' lang='lat' dir='ltr'><strong>et</strong></span> <span class='ocrx_word' id='word_1_360' title='bbox 1307 3517 1428 3573; x_wconf 87' lang='lat' dir='ltr'><strong>quae</strong></span> <span class='ocrx_word' id='word_1_361' title='bbox 1462 3502 1678 3556; x_wconf 85' lang='lat' dir='ltr'><strong>condita</strong></span> <span class='ocrx_word' id='word_1_362' title='bbox 1733 3510 1858 3556; x_wconf 92' lang='lat' dir='ltr'><strong>sunt</strong></span> <span class='ocrx_word' id='word_1_363' title='bbox 1896 3503 2182 3569; x_wconf 83' lang='lat' dir='ltr'><strong>stabiliret,</strong></span> 
     </span>
    </p>
   </div>
   <div class='ocr_carea' id='block_1_52' title="bbox 611 3591 2180 3662">
    <p class='ocr_par' dir='ltr' id='par_1_52' title="bbox 611 3591 2180 3662">
     <span class='ocr_line' id='line_1_52' title="bbox 611 3591 2180 3662; baseline -0.002 -15"><span class='ocrx_word' id='word_1_364' title='bbox 611 3591 1171 3662; x_wconf 86' lang='lat' dir='ltr'><strong>complectereturque</strong></span> <span class='ocrx_word' id='word_1_365' title='bbox 1205 3607 1269 3647; x_wconf 90' lang='lat' dir='ltr'><strong>ea</strong></span> <span class='ocrx_word' id='word_1_366' title='bbox 1320 3606 1439 3661; x_wconf 54' lang='lat' dir='ltr'><strong>quas</strong></span> <span class='ocrx_word' id='word_1_367' title='bbox 1488 3593 1557 3661; x_wconf 85' lang='lat' dir='ltr'><strong>ab</strong></span> <span class='ocrx_word' id='word_1_368' title='bbox 1592 3593 1707 3661; x_wconf 87' lang='lat' dir='ltr'><strong>ipso</strong></span> <span class='ocrx_word' id='word_1_369' title='bbox 1736 3592 1994 3661; x_wconf 91' lang='lat' dir='ltr'><strong>producta</strong></span> <span class='ocrx_word' id='word_1_370' title='bbox 2036 3601 2180 3656; x_wconf 86' lang='lat' dir='ltr'><strong>sunt,</strong></span> 
     </span>
    </p>
   </div>
   <div class='ocr_carea' id='block_1_53' title="bbox 611 3683 2183 3753">
    <p class='ocr_par' dir='ltr' id='par_1_53' title="bbox 611 3683 2183 3753">
     <span class='ocr_line' id='line_1_53' title="bbox 611 3683 2183 3753; baseline -0.001 -14"><span class='ocrx_word' id='word_1_371' title='bbox 611 3699 765 3739; x_wconf 87' lang='lat' dir='ltr'><strong>cassa</strong></span> <span class='ocrx_word' id='word_1_372' title='bbox 796 3684 975 3740; x_wconf 88' lang='lat' dir='ltr'><strong>omnia</strong></span> <span class='ocrx_word' id='word_1_373' title='bbox 1014 3685 1273 3753; x_wconf 87' lang='lat' dir='ltr'><strong>perirent,</strong></span> <span class='ocrx_word' id='word_1_374' title='bbox 1305 3693 1361 3738; x_wconf 92' lang='lat' dir='ltr'><strong>et</strong></span> <span class='ocrx_word' id='word_1_375' title='bbox 1405 3684 1656 3739; x_wconf 89' lang='lat' dir='ltr'><strong>interitus</strong></span> <span class='ocrx_word' id='word_1_376' title='bbox 1687 3694 1849 3753; x_wconf 89' lang='lat' dir='ltr'><strong>atque</strong></span> <span class='ocrx_word' id='word_1_377' title='bbox 1879 3683 2183 3752; x_wconf 89' lang='lat' dir='ltr'><strong>corruptela</strong></span> 
     </span>
    </p>
   </div>
   <div class='ocr_carea' id='block_1_54' title="bbox 612 3776 2185 3846">
    <p class='ocr_par' dir='ltr' id='par_1_54' title="bbox 612 3776 2185 3846">
     <span class='ocr_line' id='line_1_54' title="bbox 612 3776 2185 3846; baseline 0 -16"><span class='ocrx_word' id='word_1_378' title='bbox 612 3776 851 3833; x_wconf 78' lang='lat' dir='ltr'><strong>universi</strong></span> <span class='ocrx_word' id='word_1_379' title='bbox 901 3788 1223 3846; x_wconf 81' lang='lat' dir='ltr'><strong>sequeretur</strong></span> <span class='ocrx_word' id='word_1_380' title='bbox 1254 3792 1267 3830; x_wconf 91' lang='lat'><strong>:</strong></span> <span class='ocrx_word' id='word_1_381' title='bbox 1301 3776 1469 3840; x_wconf 83' lang='lat' dir='ltr'><strong>istud,</strong></span> <span class='ocrx_word' id='word_1_382' title='bbox 1512 3776 1757 3846; x_wconf 89' lang='lat' dir='ltr'><strong>inquam,</strong></span> <span class='ocrx_word' id='word_1_383' title='bbox 1807 3776 1889 3831; x_wconf 88' lang='lat' dir='ltr'><strong>sic</strong></span> <span class='ocrx_word' id='word_1_384' title='bbox 1921 3776 2185 3831; x_wconf 82' lang='lat' dir='ltr'><strong>conﬁten-</strong></span> 
     </span>
    </p>
   </div>
   <div class='ocr_carea' id='block_1_55' title="bbox 614 3868 2181 3937">
    <p class='ocr_par' dir='ltr' id='par_1_55' title="bbox 614 3868 2181 3937">
     <span class='ocr_line' id='line_1_55' title="bbox 614 3868 2181 3937; baseline 0.001 -17"><span class='ocrx_word' id='word_1_385' title='bbox 614 3877 694 3923; x_wconf 91' lang='lat' dir='ltr'><strong>tes</strong></span> <span class='ocrx_word' id='word_1_386' title='bbox 719 3885 735 3924; x_wconf 88' lang='lat'>:</span> <span class='ocrx_word' id='word_1_387' title='bbox 765 3868 954 3932; x_wconf 89' lang='lat' dir='ltr'><strong>solem,</strong></span> <span class='ocrx_word' id='word_1_388' title='bbox 989 3868 1197 3933; x_wconf 72' lang='lat' dir='ltr'><strong>limam,</strong></span> <span class='ocrx_word' id='word_1_389' title='bbox 1223 3877 1298 3933; x_wconf 91' lang='lat' dir='ltr'><strong>et,</strong></span> <span class='ocrx_word' id='word_1_390' title='bbox 1331 3878 1389 3922; x_wconf 93' lang='lat' dir='ltr'><strong>ut</strong></span> <span class='ocrx_word' id='word_1_391' title='bbox 1414 3869 1725 3922; x_wconf 88' lang='lat' dir='ltr'><strong>summatim</strong></span> <span class='ocrx_word' id='word_1_392' title='bbox 1750 3869 1947 3934; x_wconf 87' lang='lat' dir='ltr'><strong>dicam,</strong></span> <span class='ocrx_word' id='word_1_393' title='bbox 1976 3878 2181 3937; x_wconf 90' lang='lat' dir='ltr'><strong>septem</strong></span> 
     </span>
    </p>
   </div>
   <div class='ocr_carea' id='block_1_56' title="bbox 612 3957 2184 4029">
    <p class='ocr_par' dir='ltr' id='par_1_56' title="bbox 612 3957 2184 4029">
     <span class='ocr_line' id='line_1_56' title="bbox 612 3957 2184 4029; baseline 0 -17"><span class='ocrx_word' id='word_1_394' title='bbox 612 3958 704 4029; x_wconf 90' lang='lat' dir='ltr'><strong>qui</strong></span> <span class='ocrx_word' id='word_1_395' title='bbox 737 3968 1001 4013; x_wconf 85' lang='lat' dir='ltr'><strong>vocantur</strong></span> <span class='ocrx_word' id='word_1_396' title='bbox 1043 3957 1292 4028; x_wconf 57' lang='lat' dir='ltr'><strong>planetas,</strong></span> <span class='ocrx_word' id='word_1_397' title='bbox 1332 3958 1616 4026; x_wconf 88' lang='lat' dir='ltr'><strong>ipsumque</strong></span> <span class='ocrx_word' id='word_1_398' title='bbox 1651 3957 1849 4011; x_wconf 73' lang='lat' dir='ltr'><strong>etelum</strong></span> <span class='ocrx_word' id='word_1_399' title='bbox 1887 3958 2019 4013; x_wconf 91' lang='lat' dir='ltr'><strong>deos</strong></span> <span class='ocrx_word' id='word_1_400' title='bbox 2059 3972 2184 4012; x_wconf 82' lang='lat' dir='ltr'><strong>esse</strong></span> 
     </span>
    </p>
   </div>
   <div class='ocr_carea' id='block_1_57' title="bbox 607 4048 2178 4119">
    <p class='ocr_par' dir='ltr' id='par_1_57' title="bbox 607 4048 2178 4119">
     <span class='ocr_line' id='line_1_57' title="bbox 607 4048 2178 4119; baseline -0.001 -16"><span class='ocrx_word' id='word_1_401' title='bbox 607 4050 925 4119; x_wconf 56' lang='lat' dir='ltr'><strong>praedicant,</strong></span> <span class='ocrx_word' id='word_1_402' title='bbox 958 4059 1013 4103; x_wconf 93' lang='lat' dir='ltr'><strong>et</strong></span> <span class='ocrx_word' id='word_1_403' title='bbox 1041 4064 1206 4103; x_wconf 87' lang='lat' dir='ltr'><strong>causa</strong></span> <span class='ocrx_word' id='word_1_404' title='bbox 1237 4064 1423 4103; x_wconf 87' lang='lat' dir='ltr'><strong>eorum</strong></span> <span class='ocrx_word' id='word_1_405' title='bbox 1460 4063 1580 4117; x_wconf 75' lang='lat' dir='ltr'><strong>quae</strong></span> <span class='ocrx_word' id='word_1_406' title='bbox 1603 4048 1878 4116; x_wconf 76' lang='lat' dir='ltr'><strong>sigillatim</strong></span> <span class='ocrx_word' id='word_1_407' title='bbox 1902 4059 2178 4119; x_wconf 87' lang='lat' dir='ltr'><strong>geruntur,</strong></span> 
     </span>
    </p>
   </div>
   <div class='ocr_carea' id='block_1_58' title="bbox 606 4141 2181 4211">
    <p class='ocr_par' dir='ltr' id='par_1_58' title="bbox 606 4141 2181 4211">
     <span class='ocr_line' id='line_1_58' title="bbox 606 4141 2181 4211; baseline 0 -12"><span class='ocrx_word' id='word_1_408' title='bbox 606 4158 734 4199; x_wconf 83' lang='lat' dir='ltr'><strong>cum</strong></span> <span class='ocrx_word' id='word_1_409' title='bbox 778 4154 972 4196; x_wconf 88' lang='lat' dir='ltr'><strong>natura</strong></span> <span class='ocrx_word' id='word_1_410' title='bbox 1020 4143 1131 4196; x_wconf 87' lang='lat' dir='ltr'><strong>sint</strong></span> <span class='ocrx_word' id='word_1_411' title='bbox 1160 4142 1564 4211; x_wconf 84' lang='lat' dir='ltr'><strong>corruptibiles,</strong></span> <span class='ocrx_word' id='word_1_412' title='bbox 1619 4141 1698 4197; x_wconf 89' lang='lat' dir='ltr'><strong>sic</strong></span> <span class='ocrx_word' id='word_1_413' title='bbox 1732 4156 1825 4197; x_wconf 90' lang='lat' dir='ltr'><strong>eos</strong></span> <span class='ocrx_word' id='word_1_414' title='bbox 1873 4143 2002 4197; x_wconf 88' lang='lat' dir='ltr'><strong>deos</strong></span> <span class='ocrx_word' id='word_1_415' title='bbox 2040 4143 2181 4199; x_wconf 89' lang='lat' dir='ltr'><strong>notis</strong></span> 
     </span>
    </p>
   </div>
   <div class='ocr_carea' id='block_1_59' title="bbox 608 4236 2179 4306">
    <p class='ocr_par' dir='ltr' id='par_1_59' title="bbox 608 4236 2179 4306">
     <span class='ocr_line' id='line_1_59' title="bbox 608 4236 2179 4306; baseline 0 -15"><span class='ocrx_word' id='word_1_416' title='bbox 608 4237 1123 4301; x_wconf 77' lang='lat' dir='ltr'><strong>comminiscuntur,</strong></span> <span class='ocrx_word' id='word_1_417' title='bbox 1167 4247 1221 4290; x_wconf 89' lang='lat' dir='ltr'><strong>et</strong></span> <span class='ocrx_word' id='word_1_418' title='bbox 1272 4250 1522 4306; x_wconf 79' lang='lat' dir='ltr'><strong>magnum</strong></span> <span class='ocrx_word' id='word_1_419' title='bbox 1573 4245 1625 4289; x_wconf 92' lang='lat' dir='ltr'><strong>et</strong></span> <span class='ocrx_word' id='word_1_420' title='bbox 1672 4236 2179 4305; x_wconf 71' lang='lat' dir='ltr'><strong>pra‘stantissimum</strong></span> 
     </span>
    </p>
   </div>
   <div class='ocr_carea' id='block_1_60' title="bbox 610 4326 2180 4395">
    <p class='ocr_par' dir='ltr' id='par_1_60' title="bbox 610 4326 2180 4395">
     <span class='ocr_line' id='line_1_60' title="bbox 610 4326 2180 4395; baseline 0 -12"><span class='ocrx_word' id='word_1_421' title='bbox 610 4328 834 4383; x_wconf 87' lang='lat' dir='ltr'><strong>deitatis</strong></span> <span class='ocrx_word' id='word_1_422' title='bbox 871 4342 1065 4382; x_wconf 91' lang='lat' dir='ltr'><strong>nomen</strong></span> <span class='ocrx_word' id='word_1_423' title='bbox 1110 4337 1166 4382; x_wconf 90' lang='lat' dir='ltr'><strong>et</strong></span> <span class='ocrx_word' id='word_1_424' title='bbox 1213 4342 1412 4382; x_wconf 91' lang='lat' dir='ltr'><strong>numen</strong></span> <span class='ocrx_word' id='word_1_425' title='bbox 1462 4327 1787 4382; x_wconf 87' lang='lat' dir='ltr'><strong>contumelia</strong></span> <span class='ocrx_word' id='word_1_426' title='bbox 1835 4326 2095 4395; x_wconf 71' lang='lat' dir='ltr'><strong>alliciunt,</strong></span> <span class='ocrx_word' id='word_1_427' title='bbox 2126 4338 2180 4385; x_wconf 91' lang='lat' dir='ltr'><strong>et</strong></span> 
     </span>
    </p>
   </div>
   <div class='ocr_carea' id='block_1_61' title="bbox 502 4418 2175 4489">
    <p class='ocr_par' dir='ltr' id='par_1_61' title="bbox 502 4418 2175 4489">
     <span class='ocr_line' id='line_1_61' title="bbox 502 4418 2175 4489; baseline -0.002 -12"><span class='ocrx_word' id='word_1_428' title='bbox 502 4418 507 4424; x_wconf 73' lang='grc'><strong><em>’</em></strong></span> <span class='ocrx_word' id='word_1_429' title='bbox 607 4420 920 4489; x_wconf 82' lang='lat' dir='ltr'><strong>deprimunt</strong></span> <span class='ocrx_word' id='word_1_430' title='bbox 955 4419 1019 4474; x_wconf 91' lang='lat' dir='ltr'><strong>ad</strong></span> <span class='ocrx_word' id='word_1_431' title='bbox 1054 4419 1232 4473; x_wconf 85' lang='lat' dir='ltr'><strong>tabem</strong></span> <span class='ocrx_word' id='word_1_432' title='bbox 1263 4434 1418 4473; x_wconf 77' lang='lat' dir='ltr'><strong>noxae</strong></span> <span class='ocrx_word' id='word_1_433' title='bbox 1447 4418 1877 4489; x_wconf 66' lang='lat' dir='ltr'><strong>corruptelreque</strong></span> <span class='ocrx_word' id='word_1_434' title='bbox 1900 4430 2175 4488; x_wconf 86' lang='lat' dir='ltr'><strong>expertem</strong></span> 
     </span>
    </p>
   </div>
   <div class='ocr_carea' id='block_1_62' title="bbox 2290 1935 3871 2026">
    <p class='ocr_par' dir='ltr' id='par_1_62' title="bbox 2290 1935 3871 2026">
     <span class='ocr_line' id='line_1_62' title="bbox 2290 1935 3871 2026; baseline 0.013 -37"><span class='ocrx_word' id='word_1_435' title='bbox 2290 1935 2368 2005; x_wconf 82' lang='grc' dir='ltr'>τῷ</span> <span class='ocrx_word' id='word_1_436' title='bbox 2393 1936 2684 2009; x_wconf 79' lang='grc' dir='ltr'>ἀνωλέθρῳ</span> <span class='ocrx_word' id='word_1_437' title='bbox 2715 1941 2807 1993; x_wconf 80' lang='grc' dir='ltr'>καὶ</span> <span class='ocrx_word' id='word_1_438' title='bbox 2838 1942 3103 2016; x_wconf 83' lang='grc' dir='ltr'>ἀφθάρτῳ</span> <span class='ocrx_word' id='word_1_439' title='bbox 3145 1948 3238 2002; x_wconf 75' lang='grc' dir='ltr'><strong>καὶ</strong></span> <span class='ocrx_word' id='word_1_440' title='bbox 3281 1949 3448 2018; x_wconf 76' lang='grc' dir='ltr'>ὅντως</span> <span class='ocrx_word' id='word_1_441' title='bbox 3481 1952 3597 2008; x_wconf 70' lang='grc' dir='ltr'>ὄντι</span> <span class='ocrx_word' id='word_1_442' title='bbox 3630 1955 3743 2026; x_wconf 82' lang='grc'><strong>(86)</strong></span> <span class='ocrx_word' id='word_1_443' title='bbox 3775 1958 3871 2012; x_wconf 82' lang='grc' dir='ltr'><strong>καὶ</strong></span> 
     </span>
    </p>
   </div>
   <div class='ocr_carea' id='block_1_63' title="bbox 2290 2028 3872 2112">
    <p class='ocr_par' dir='ltr' id='par_1_63' title="bbox 2290 2028 3872 2112">
     <span class='ocr_line' id='line_1_63' title="bbox 2290 2028 3872 2112; baseline 0.016 -32"><span class='ocrx_word' id='word_1_444' title='bbox 2290 2028 2377 2082; x_wconf 75' lang='grc' dir='ltr'><strong>ἀεὶ</strong></span> <span class='ocrx_word' id='word_1_445' title='bbox 2404 2029 2668 2094; x_wconf 81' lang='grc' dir='ltr'>ὡσαύτως</span> <span class='ocrx_word' id='word_1_446' title='bbox 2715 2033 2926 2104; x_wconf 79' lang='grc' dir='ltr'>ἔχοντι·</span> <span class='ocrx_word' id='word_1_447' title='bbox 2965 2036 3278 2108; x_wconf 86' lang='grc' dir='ltr'>θεολογοῦσί</span> <span class='ocrx_word' id='word_1_448' title='bbox 3318 2061 3379 2097; x_wconf 91' lang='grc' dir='ltr'><strong>τε</strong></span> <span class='ocrx_word' id='word_1_449' title='bbox 3422 2046 3633 2112; x_wconf 86' lang='grc' dir='ltr'>τοῦτον,</span> <span class='ocrx_word' id='word_1_450' title='bbox 3676 2067 3772 2103; x_wconf 85' lang='grc' dir='ltr'><strong>και</strong></span> <span class='ocrx_word' id='word_1_451' title='bbox 3799 2052 3872 2104; x_wconf 80' lang='grc' dir='ltr'><strong>τά</strong></span> 
     </span>
    </p>
   </div>
   <div class='ocr_carea' id='block_1_64' title="bbox 2288 2118 3872 2213">
    <p class='ocr_par' dir='ltr' id='par_1_64' title="bbox 2288 2118 3872 2213">
     <span class='ocr_line' id='line_1_64' title="bbox 2288 2118 3872 2213; baseline 0.016 -40"><span class='ocrx_word' id='word_1_452' title='bbox 2288 2120 2478 2176; x_wconf 88' lang='grc' dir='ltr'>τούτου</span> <span class='ocrx_word' id='word_1_453' title='bbox 2509 2124 2673 2196; x_wconf 80' lang='grc' dir='ltr'>μέρη,</span> <span class='ocrx_word' id='word_1_454' title='bbox 2699 2128 3091 2197; x_wconf 84' lang='grc' dir='ltr'>ἀμαθαίνοντες</span> <span class='ocrx_word' id='word_1_455' title='bbox 3117 2135 3210 2187; x_wconf 71' lang='grc' dir='ltr'>καὶ</span> <span class='ocrx_word' id='word_1_456' title='bbox 3236 2118 3704 2209; x_wconf 66' lang='grc' dir='ltr'>ἀγροικιζόμενοι,</span> <span class='ocrx_word' id='word_1_457' title='bbox 3739 2160 3872 2213; x_wconf 90' lang='grc' dir='ltr'>προ-</span> 
     </span>
    </p>
   </div>
   <div class='ocr_carea' id='block_1_65' title="bbox 2289 2213 3870 2303">
    <p class='ocr_par' dir='ltr' id='par_1_65' title="bbox 2289 2213 3870 2303">
     <span class='ocr_line' id='line_1_65' title="bbox 2289 2213 3870 2303; baseline 0.015 -38"><span class='ocrx_word' id='word_1_458' title='bbox 2289 2213 2407 2287; x_wconf 74' lang='grc' dir='ltr'>νοίᾳ</span> <span class='ocrx_word' id='word_1_459' title='bbox 2440 2217 2532 2269; x_wconf 76' lang='grc' dir='ltr'><strong>καὶ</strong></span> <span class='ocrx_word' id='word_1_460' title='bbox 2564 2216 2818 2288; x_wconf 85' lang='grc' dir='ltr'>βουλήσει</span> <span class='ocrx_word' id='word_1_461' title='bbox 2846 2219 3176 2295; x_wconf 83' lang='grc' dir='ltr'>δημιουργὸν</span> <span class='ocrx_word' id='word_1_462' title='bbox 3204 2221 3347 2282; x_wconf 78' lang='grc' dir='ltr'>εἶναι</span> <span class='ocrx_word' id='word_1_463' title='bbox 3374 2228 3467 2283; x_wconf 81' lang='grc' dir='ltr'><strong>τὸν</strong></span> <span class='ocrx_word' id='word_1_464' title='bbox 3496 2230 3630 2285; x_wconf 82' lang='grc' dir='ltr'>Θεὸν</span> <span class='ocrx_word' id='word_1_465' title='bbox 3650 2234 3712 2287; x_wconf 81' lang='grc' dir='ltr'><strong>οὐ</strong></span> <span class='ocrx_word' id='word_1_466' title='bbox 3739 2251 3870 2303; x_wconf 85' lang='grc' dir='ltr'>συγ·</span> 
     </span>
    </p>
   </div>
   <div class='ocr_carea' id='block_1_66' title="bbox 2289 2306 3865 2397">
    <p class='ocr_par' dir='ltr' id='par_1_66' title="bbox 2289 2306 3865 2397">
     <span class='ocr_line' id='line_1_66' title="bbox 2289 2306 3865 2397; baseline 0.015 -39"><span class='ocrx_word' id='word_1_467' title='bbox 2289 2306 2586 2377; x_wconf 82' lang='grc' dir='ltr'>χωροῦσιν·</span> <span class='ocrx_word' id='word_1_468' title='bbox 2627 2311 2988 2383; x_wconf 75' lang='grc' dir='ltr'>ἀπροαίρετον</span> <span class='ocrx_word' id='word_1_469' title='bbox 3029 2316 3193 2373; x_wconf 79' lang='grc' dir='ltr'>αὐτὸν</span> <span class='ocrx_word' id='word_1_470' title='bbox 3250 2321 3434 2375; x_wconf 85' lang='grc' dir='ltr'>αἰτίαν</span> <span class='ocrx_word' id='word_1_471' title='bbox 3478 2323 3574 2378; x_wconf 88' lang='grc' dir='ltr'><strong>τοῦ</strong></span> <span class='ocrx_word' id='word_1_472' title='bbox 3626 2326 3865 2397; x_wconf 83' lang='grc' dir='ltr'>κόσμου,</span> 
     </span>
    </p>
   </div>
   <div class='ocr_carea' id='block_1_67' title="bbox 2287 2399 3861 2487">
    <p class='ocr_par' dir='ltr' id='par_1_67' title="bbox 2287 2399 3861 2487">
     <span class='ocr_line' id='line_1_67' title="bbox 2287 2399 3861 2487; baseline 0.015 -36"><span class='ocrx_word' id='word_1_473' title='bbox 2287 2399 2377 2451; x_wconf 86' lang='grc' dir='ltr'>διὰ</span> <span class='ocrx_word' id='word_1_474' title='bbox 2408 2399 2501 2453; x_wconf 84' lang='grc' dir='ltr'><strong>τοῦ</strong></span> <span class='ocrx_word' id='word_1_475' title='bbox 2534 2401 2978 2477; x_wconf 82' lang='grc' dir='ltr'>πολυθρυλλήτου</span> <span class='ocrx_word' id='word_1_476' title='bbox 3029 2410 3477 2485; x_wconf 82' lang='grc' dir='ltr'>παραδείγματος</span> <span class='ocrx_word' id='word_1_477' title='bbox 3515 2417 3627 2487; x_wconf 83' lang='grc'><strong>(87)</strong></span> <span class='ocrx_word' id='word_1_478' title='bbox 3672 2419 3861 2474; x_wconf 80' lang='grc' dir='ltr'>ὑποτο·</span> 
     </span>
    </p>
   </div>
   <div class='ocr_carea' id='block_1_68' title="bbox 2289 2490 3866 2581">
    <p class='ocr_par' dir='ltr' id='par_1_68' title="bbox 2289 2490 3866 2581">
     <span class='ocr_line' id='line_1_68' title="bbox 2289 2490 3866 2581; baseline 0.015 -40"><span class='ocrx_word' id='word_1_479' title='bbox 2289 2490 2574 2555; x_wconf 74' lang='grc' dir='ltr'>πάζοντες.</span> <span class='ocrx_word' id='word_1_480' title='bbox 2602 2494 2768 2549; x_wconf 83' lang='grc' dir='ltr'>Πάλιν</span> <span class='ocrx_word' id='word_1_481' title='bbox 2789 2496 2832 2549; x_wconf 86' lang='grc' dir='ltr'>δ’</span> <span class='ocrx_word' id='word_1_482' title='bbox 2856 2493 2923 2550; x_wconf 75' lang='grc' dir='ltr'>αὖ</span> <span class='ocrx_word' id='word_1_483' title='bbox 2951 2502 3064 2562; x_wconf 82' lang='grc' dir='ltr'>τοῖς</span> <span class='ocrx_word' id='word_1_484' title='bbox 3098 2501 3248 2566; x_wconf 87' lang='grc' dir='ltr'>ίδίοις</span> <span class='ocrx_word' id='word_1_485' title='bbox 3277 2504 3421 2560; x_wconf 85' lang='grc' dir='ltr'>κατὰ</span> <span class='ocrx_word' id='word_1_486' title='bbox 3440 2507 3539 2578; x_wconf 80' lang='grc' dir='ltr'><strong>τὴν</strong></span> <span class='ocrx_word' id='word_1_487' title='bbox 3565 2511 3866 2581; x_wconf 86' lang='grc' dir='ltr'>παροιμίαν</span> 
     </span>
    </p>
   </div>
   <div class='ocr_carea' id='block_1_69' title="bbox 2288 2581 3858 2670">
    <p class='ocr_par' dir='ltr' id='par_1_69' title="bbox 2288 2581 3858 2670">
     <span class='ocr_line' id='line_1_69' title="bbox 2288 2581 3858 2670; baseline 0.014 -37"><span class='ocrx_word' id='word_1_488' title='bbox 2288 2581 2534 2635; x_wconf 77' lang='grc' dir='ltr'>ἑάλωσαν</span> <span class='ocrx_word' id='word_1_489' title='bbox 2579 2588 2798 2656; x_wconf 81' lang='grc' dir='ltr'>πτεροῖς</span> <span class='ocrx_word' id='word_1_490' title='bbox 2830 2587 2961 2660; x_wconf 91' lang='grc'><strong>(88).</strong></span> <span class='ocrx_word' id='word_1_491' title='bbox 3000 2591 3104 2645; x_wconf 81' lang='grc' dir='ltr'>Τὸν</span> <span class='ocrx_word' id='word_1_492' title='bbox 3148 2594 3285 2665; x_wconf 86' lang='grc' dir='ltr'>πρὸς</span> <span class='ocrx_word' id='word_1_493' title='bbox 3314 2596 3523 2665; x_wconf 79' lang='grc' dir='ltr'>ἀγαθοῦ</span> <span class='ocrx_word' id='word_1_494' title='bbox 3562 2600 3671 2669; x_wconf 89' lang='grc' dir='ltr'><strong>γάρ</strong></span> <span class='ocrx_word' id='word_1_495' title='bbox 3709 2618 3858 2670; x_wconf 60' lang='grc' dir='ltr'>γεγλ·</span> 
     </span>
    </p>
   </div>
   <div class='ocr_carea' id='block_1_70' title="bbox 2290 2672 3861 2761">
    <p class='ocr_par' dir='ltr' id='par_1_70' title="bbox 2290 2672 3861 2761">
     <span class='ocr_line' id='line_1_70' title="bbox 2290 2672 3861 2761; baseline 0.013 -34"><span class='ocrx_word' id='word_1_496' title='bbox 2290 2672 2440 2739; x_wconf 88' lang='grc' dir='ltr'>νότα,</span> <span class='ocrx_word' id='word_1_497' title='bbox 2471 2676 2567 2730; x_wconf 79' lang='grc' dir='ltr'>καὶ</span> <span class='ocrx_word' id='word_1_498' title='bbox 2592 2677 2772 2756; x_wconf 79' lang='grc' dir='ltr'>καλῶς</span> <span class='ocrx_word' id='word_1_499' title='bbox 2797 2680 3143 2751; x_wconf 82' lang='grc' dir='ltr'>ἁρμοσθέντα</span> <span class='ocrx_word' id='word_1_500' title='bbox 3173 2685 3249 2757; x_wconf 83' lang='grc' dir='ltr'>μὴ</span> <span class='ocrx_word' id='word_1_501' title='bbox 3283 2687 3600 2761; x_wconf 81' lang='grc' dir='ltr'>φθείρεσθαι</span> <span class='ocrx_word' id='word_1_502' title='bbox 3638 2693 3747 2746; x_wconf 82' lang='grc' dir='ltr'>δεῖν</span> <span class='ocrx_word' id='word_1_503' title='bbox 3780 2695 3861 2748; x_wconf 81' lang='grc' dir='ltr'>λέο</span> 
     </span>
    </p>
   </div>
   <div class='ocr_carea' id='block_1_71' title="bbox 2289 2770 3864 2857">
    <p class='ocr_par' dir='ltr' id='par_1_71' title="bbox 2289 2770 3864 2857">
     <span class='ocr_line' id='line_1_71' title="bbox 2289 2770 3864 2857; baseline 0.015 -41"><span class='ocrx_word' id='word_1_504' title='bbox 2289 2782 2499 2857; x_wconf 82' lang='grc' dir='ltr'>γοντες,</span> <span class='ocrx_word' id='word_1_505' title='bbox 2525 2770 2652 2840; x_wconf 83' lang='grc' dir='ltr'>περὶ</span> <span class='ocrx_word' id='word_1_506' title='bbox 2671 2788 2780 2825; x_wconf 90' lang='grc' dir='ltr'><strong>των</strong></span> <span class='ocrx_word' id='word_1_507' title='bbox 2808 2775 2948 2828; x_wconf 85' lang='grc' dir='ltr'>κατά</span> <span class='ocrx_word' id='word_1_508' title='bbox 2974 2775 3138 2848; x_wconf 85' lang='grc' dir='ltr'>μέρος</span> <span class='ocrx_word' id='word_1_509' title='bbox 3165 2778 3470 2851; x_wconf 87' lang='grc' dir='ltr'>ἀνθρώπων</span> <span class='ocrx_word' id='word_1_510' title='bbox 3492 2784 3864 2857; x_wconf 79' lang='grc' dir='ltr'>ἐρωτώμενοι,</span> 
     </span>
    </p>
   </div>
   <div class='ocr_carea' id='block_1_72' title="bbox 2287 2856 3864 2945">
    <p class='ocr_par' dir='ltr' id='par_1_72' title="bbox 2287 2856 3864 2945">
     <span class='ocr_line' id='line_1_72' title="bbox 2287 2856 3864 2945; baseline 0.014 -36"><span class='ocrx_word' id='word_1_511' title='bbox 2287 2856 2357 2910; x_wconf 81' lang='grc' dir='ltr'>δι’</span> <span class='ocrx_word' id='word_1_512' title='bbox 2391 2856 2488 2923; x_wconf 79' lang='grc' dir='ltr'><strong>οῦς</strong></span> <span class='ocrx_word' id='word_1_513' title='bbox 2530 2860 2767 2929; x_wconf 89' lang='grc' dir='ltr'>μάλιστα</span> <span class='ocrx_word' id='word_1_514' title='bbox 2798 2864 2915 2918; x_wconf 86' lang='grc' dir='ltr'>τόδε</span> <span class='ocrx_word' id='word_1_515' title='bbox 2963 2866 3022 2920; x_wconf 82' lang='grc' dir='ltr'><strong>τὸ</strong></span> <span class='ocrx_word' id='word_1_516' title='bbox 3066 2871 3173 2922; x_wconf 83' lang='grc' dir='ltr'><strong>πᾶν</strong></span> <span class='ocrx_word' id='word_1_517' title='bbox 3205 2870 3448 2940; x_wconf 89' lang='grc' dir='ltr'>γέγονεν,</span> <span class='ocrx_word' id='word_1_518' title='bbox 3501 2875 3650 2941; x_wconf 83' lang='grc' dir='ltr'>ὅπως</span> <span class='ocrx_word' id='word_1_519' title='bbox 3686 2877 3864 2945; x_wconf 89' lang='grc' dir='ltr'>γίνον-</span> 
     </span>
    </p>
   </div>
   <div class='ocr_carea' id='block_1_73' title="bbox 2287 2951 3865 3037">
    <p class='ocr_par' dir='ltr' id='par_1_73' title="bbox 2287 2951 3865 3037">
     <span class='ocr_line' id='line_1_73' title="bbox 2287 2951 3865 3037; baseline 0.014 -37"><span class='ocrx_word' id='word_1_520' title='bbox 2287 2966 2376 3001; x_wconf 83' lang='grc' dir='ltr'><strong>ται</strong></span> <span class='ocrx_word' id='word_1_521' title='bbox 2415 2951 2506 3003; x_wconf 69' lang='grc' dir='ltr'>καὶ</span> <span class='ocrx_word' id='word_1_522' title='bbox 2542 2952 2858 3025; x_wconf 81' lang='grc' dir='ltr'>φθείρονται</span> <span class='ocrx_word' id='word_1_523' title='bbox 2887 2958 3023 3028; x_wconf 75' lang='grc' dir='ltr'>πρὸς</span> <span class='ocrx_word' id='word_1_524' title='bbox 3056 2961 3262 3029; x_wconf 83' lang='grc' dir='ltr'>ἀγαθοῦ</span> <span class='ocrx_word' id='word_1_525' title='bbox 3292 2964 3389 3017; x_wconf 89' lang='grc' dir='ltr'><strong>τοῦ</strong></span> <span class='ocrx_word' id='word_1_526' title='bbox 3418 2965 3554 3020; x_wconf 86' lang='grc' dir='ltr'>Θεοῦ</span> <span class='ocrx_word' id='word_1_527' title='bbox 3585 2969 3865 3037; x_wconf 84' lang='grc' dir='ltr'>γεγονότες</span> 
     </span>
    </p>
   </div>
   <div class='ocr_carea' id='block_1_74' title="bbox 2289 3041 3865 3132">
    <p class='ocr_par' dir='ltr' id='par_1_74' title="bbox 2289 3041 3865 3132">
     <span class='ocr_line' id='line_1_74' title="bbox 2289 3041 3865 3132; baseline 0.016 -39"><span class='ocrx_word' id='word_1_528' title='bbox 2289 3041 2384 3093; x_wconf 85' lang='grc' dir='ltr'>καὶ</span> <span class='ocrx_word' id='word_1_529' title='bbox 2410 3043 2590 3108; x_wconf 76' lang='grc' dir='ltr'>καλῶς</span> <span class='ocrx_word' id='word_1_530' title='bbox 2617 3046 3011 3117; x_wconf 87' lang='grc' dir='ltr'>ἀρμοσθέντες,</span> <span class='ocrx_word' id='word_1_531' title='bbox 3035 3052 3110 3115; x_wconf 86' lang='grc' dir='ltr'>ὼς</span> <span class='ocrx_word' id='word_1_532' title='bbox 3130 3054 3335 3123; x_wconf 80' lang='grc' dir='ltr'>ἀγαθοῦ</span> <span class='ocrx_word' id='word_1_533' title='bbox 3367 3056 3502 3112; x_wconf 87' lang='grc' dir='ltr'>Θεοῦ</span> <span class='ocrx_word' id='word_1_534' title='bbox 3524 3059 3586 3130; x_wconf 80' lang='grc' dir='ltr'><strong>δη</strong></span> <span class='ocrx_word' id='word_1_535' title='bbox 3597 3063 3865 3132; x_wconf 82' lang='grc' dir='ltr'>μιουργή-</span> 
     </span>
    </p>
   </div>
   <div class='ocr_carea' id='block_1_75' title="bbox 2214 3139 3865 3227">
    <p class='ocr_par' dir='ltr' id='par_1_75' title="bbox 2214 3139 3865 3227">
     <span class='ocr_line' id='line_1_75' title="bbox 2214 3139 3865 3227; baseline 0.013 -46"><span class='ocrx_word' id='word_1_536' title='bbox 2214 3169 2257 3227; x_wconf 77' lang='lat' dir='ltr'><strong>C</strong></span> <span class='ocrx_word' id='word_1_537' title='bbox 2292 3147 2460 3227; x_wconf 77' lang='grc' dir='ltr'>ματα,</span> <span class='ocrx_word' id='word_1_538' title='bbox 2497 3139 2795 3207; x_wconf 89' lang='grc' dir='ltr'>πεπήγασι,</span> <span class='ocrx_word' id='word_1_539' title='bbox 2839 3143 2935 3196; x_wconf 74' lang='grc' dir='ltr'><strong>καὶ</strong></span> <span class='ocrx_word' id='word_1_540' title='bbox 2970 3143 3169 3214; x_wconf 82' lang='grc' dir='ltr'>ἰχθύων</span> <span class='ocrx_word' id='word_1_541' title='bbox 3198 3148 3293 3200; x_wconf 76' lang='grc' dir='ltr'><strong>καὶ</strong></span> <span class='ocrx_word' id='word_1_542' title='bbox 3325 3147 3489 3202; x_wconf 89' lang='grc' dir='ltr'>λίθων</span> <span class='ocrx_word' id='word_1_543' title='bbox 3526 3151 3865 3223; x_wconf 77' lang='grc' dir='ltr'>ἀφωνότεροι</span> 
     </span>
    </p>
   </div>
   <div class='ocr_carea' id='block_1_76' title="bbox 2291 3222 3864 3312">
    <p class='ocr_par' dir='ltr' id='par_1_76' title="bbox 2291 3222 3864 3312">
     <span class='ocr_line' id='line_1_76' title="bbox 2291 3222 3864 3312; baseline 0.014 -38"><span class='ocrx_word' id='word_1_544' title='bbox 2291 3222 2549 3288; x_wconf 89' lang='grc' dir='ltr'>γίνονται.</span> <span class='ocrx_word' id='word_1_545' title='bbox 2587 3228 2757 3283; x_wconf 70' lang='grc' dir='ltr'>Πάλιν</span> <span class='ocrx_word' id='word_1_546' title='bbox 2786 3232 2830 3284; x_wconf 89' lang='grc' dir='ltr'>δ’</span> <span class='ocrx_word' id='word_1_547' title='bbox 2861 3228 2927 3287; x_wconf 83' lang='grc' dir='ltr'>αὖ</span> <span class='ocrx_word' id='word_1_548' title='bbox 2960 3234 3110 3289; x_wconf 89' lang='grc' dir='ltr'>τόνδε</span> <span class='ocrx_word' id='word_1_549' title='bbox 3139 3236 3231 3289; x_wconf 83' lang='grc' dir='ltr'>τὸν</span> <span class='ocrx_word' id='word_1_550' title='bbox 3262 3238 3466 3309; x_wconf 84' lang='grc' dir='ltr'>κόσμον</span> <span class='ocrx_word' id='word_1_551' title='bbox 3506 3242 3583 3312; x_wconf 84' lang='grc' dir='ltr'>μὴ</span> <span class='ocrx_word' id='word_1_552' title='bbox 3608 3240 3668 3307; x_wconf 76' lang='grc' dir='ltr'>ἐξ</span> <span class='ocrx_word' id='word_1_553' title='bbox 3698 3222 3864 3296; x_wconf 78' lang='grc' dir='ltr'>αὑτοῦ</span> 
     </span>
    </p>
   </div>
   <div class='ocr_carea' id='block_1_77' title="bbox 2288 3315 3863 3406">
    <p class='ocr_par' dir='ltr' id='par_1_77' title="bbox 2288 3315 3863 3406">
     <span class='ocr_line' id='line_1_77' title="bbox 2288 3315 3863 3406; baseline 0.013 -38"><span class='ocrx_word' id='word_1_554' title='bbox 2288 3315 2387 3387; x_wconf 83' lang='grc' dir='ltr'>τὴν</span> <span class='ocrx_word' id='word_1_555' title='bbox 2421 3318 2725 3377; x_wconf 86' lang='grc' dir='ltr'>ἀθανασίαν</span> <span class='ocrx_word' id='word_1_556' title='bbox 2760 3322 2906 3394; x_wconf 72' lang='grc' dir='ltr'>ἔχειν</span> <span class='ocrx_word' id='word_1_557' title='bbox 2944 3326 3358 3397; x_wconf 52' lang='grc' dir='ltr'>ὁμολογοῦντες</span> <span class='ocrx_word' id='word_1_558' title='bbox 3389 3330 3464 3394; x_wconf 84' lang='grc' dir='ltr'>ὡς</span> <span class='ocrx_word' id='word_1_559' title='bbox 3503 3332 3612 3404; x_wconf 82' lang='grc' dir='ltr'><strong>γὰρ</strong></span> <span class='ocrx_word' id='word_1_560' title='bbox 3653 3335 3863 3406; x_wconf 80' lang='grc' dir='ltr'>ήκουσα</span> 
     </span>
    </p>
   </div>
   <div class='ocr_carea' id='block_1_78' title="bbox 2286 3407 3863 3495">
    <p class='ocr_par' dir='ltr' id='par_1_78' title="bbox 2286 3407 3863 3495">
     <span class='ocr_line' id='line_1_78' title="bbox 2286 3407 3863 3495; baseline 0.015 -37"><span class='ocrx_word' id='word_1_561' title='bbox 2286 3407 2396 3461; x_wconf 84' lang='grc' dir='ltr'><strong>τῶν</strong></span> <span class='ocrx_word' id='word_1_562' title='bbox 2435 3410 2720 3477; x_wconf 82' lang='grc' dir='ltr'>Πλάτωνος</span> <span class='ocrx_word' id='word_1_563' title='bbox 2762 3417 3135 3484; x_wconf 84' lang='grc' dir='ltr'>μυσταγωγῶν</span> <span class='ocrx_word' id='word_1_564' title='bbox 3164 3435 3306 3482; x_wconf 85' lang='grc' dir='ltr'>τινος</span> <span class='ocrx_word' id='word_1_565' title='bbox 3338 3421 3768 3495; x_wconf 78' lang='grc' dir='ltr'>κομψευομένου,</span> <span class='ocrx_word' id='word_1_566' title='bbox 3813 3429 3863 3481; x_wconf 83' lang='grc' dir='ltr'><strong>εί</strong></span> 
     </span>
    </p>
   </div>
   <div class='ocr_carea' id='block_1_79' title="bbox 2285 3500 3862 3587">
    <p class='ocr_par' dir='ltr' id='par_1_79' title="bbox 2285 3500 3862 3587">
     <span class='ocr_line' id='line_1_79' title="bbox 2285 3500 3862 3587; baseline 0.011 -36"><span class='ocrx_word' id='word_1_567' title='bbox 2285 3500 2496 3572; x_wconf 76' lang='grc' dir='ltr'>ἐπινοίᾳ</span> <span class='ocrx_word' id='word_1_568' title='bbox 2538 3503 2836 3576; x_wconf 83' lang='grc' dir='ltr'>χωρισθείη</span> <span class='ocrx_word' id='word_1_569' title='bbox 2878 3506 2972 3559; x_wconf 84' lang='grc' dir='ltr'><strong>τοῦ</strong></span> <span class='ocrx_word' id='word_1_570' title='bbox 3004 3508 3203 3572; x_wconf 81' lang='grc' dir='ltr'>παντὸς</span> <span class='ocrx_word' id='word_1_571' title='bbox 3240 3510 3268 3561; x_wconf 90' lang='grc' dir='ltr'>ὀ</span> <span class='ocrx_word' id='word_1_572' title='bbox 3305 3510 3655 3584; x_wconf 78' lang='grc' dir='ltr'>δημιουργὸς,</span> <span class='ocrx_word' id='word_1_573' title='bbox 3698 3516 3732 3587; x_wconf 81' lang='grc' dir='ltr'><strong>ἢ</strong></span> <span class='ocrx_word' id='word_1_574' title='bbox 3764 3515 3862 3569; x_wconf 80' lang='grc' dir='ltr'><strong>τοῦ</strong></span> 
     </span>
    </p>
   </div>
   <div class='ocr_carea' id='block_1_80' title="bbox 2288 3592 3861 3674">
    <p class='ocr_par' dir='ltr' id='par_1_80' title="bbox 2288 3592 3861 3674">
     <span class='ocr_line' id='line_1_80' title="bbox 2288 3592 3861 3674; baseline 0.012 -31"><span class='ocrx_word' id='word_1_575' title='bbox 2288 3592 2531 3663; x_wconf 80' lang='grc' dir='ltr'>συνέχειν</span> <span class='ocrx_word' id='word_1_576' title='bbox 2553 3613 2613 3649; x_wconf 88' lang='grc' dir='ltr'><strong>τε</strong></span> <span class='ocrx_word' id='word_1_577' title='bbox 2650 3598 2744 3650; x_wconf 75' lang='grc' dir='ltr'><strong>καὶ</strong></span> <span class='ocrx_word' id='word_1_578' title='bbox 2787 3598 2857 3652; x_wconf 83' lang='grc' dir='ltr'>τὰ</span> <span class='ocrx_word' id='word_1_579' title='bbox 2900 3599 3375 3673; x_wconf 84' lang='grc' dir='ltr'>δημιουργηθέντα</span> <span class='ocrx_word' id='word_1_580' title='bbox 3422 3605 3715 3674; x_wconf 84' lang='grc' dir='ltr'>κρατύνειν</span> <span class='ocrx_word' id='word_1_581' title='bbox 3765 3609 3861 3662; x_wconf 79' lang='grc' dir='ltr'><strong>καὶ</strong></span> 
     </span>
    </p>
   </div>
   <div class='ocr_carea' id='block_1_81' title="bbox 2283 3687 3860 3771">
    <p class='ocr_par' dir='ltr' id='par_1_81' title="bbox 2283 3687 3860 3771">
     <span class='ocr_line' id='line_1_81' title="bbox 2283 3687 3860 3771; baseline 0.012 -35"><span class='ocrx_word' id='word_1_582' title='bbox 2283 3687 2739 3758; x_wconf 89' lang='grc' dir='ltr'>περιδράττεσθαι</span> <span class='ocrx_word' id='word_1_583' title='bbox 2771 3691 2878 3745; x_wconf 84' lang='grc' dir='ltr'>τῶν</span> <span class='ocrx_word' id='word_1_584' title='bbox 2914 3693 3051 3763; x_wconf 86' lang='grc' dir='ltr'>πρὸς</span> <span class='ocrx_word' id='word_1_585' title='bbox 3082 3693 3250 3748; x_wconf 80' lang='grc' dir='ltr'>αὐτοῦ</span> <span class='ocrx_word' id='word_1_586' title='bbox 3292 3698 3619 3765; x_wconf 83' lang='grc' dir='ltr'>γεγονότων,</span> <span class='ocrx_word' id='word_1_587' title='bbox 3650 3701 3860 3771; x_wconf 76' lang='grc' dir='ltr'>φροῦδα</span> 
     </span>
    </p>
   </div>
   <div class='ocr_carea' id='block_1_82' title="bbox 2280 3777 3859 3863">
    <p class='ocr_par' dir='ltr' id='par_1_82' title="bbox 2280 3777 3859 3863">
     <span class='ocr_line' id='line_1_82' title="bbox 2280 3777 3859 3863; baseline 0.011 -33"><span class='ocrx_word' id='word_1_588' title='bbox 2280 3777 2351 3832; x_wconf 82' lang='grc' dir='ltr'><strong>τὰ</strong></span> <span class='ocrx_word' id='word_1_589' title='bbox 2380 3778 2557 3832; x_wconf 79' lang='grc' dir='ltr'>πάντα</span> <span class='ocrx_word' id='word_1_590' title='bbox 2588 3783 2887 3852; x_wconf 86' lang='grc' dir='ltr'>οἰχήσεται,</span> <span class='ocrx_word' id='word_1_591' title='bbox 2915 3786 3010 3838; x_wconf 74' lang='grc' dir='ltr'>καὶ</span> <span class='ocrx_word' id='word_1_592' title='bbox 3050 3786 3329 3858; x_wconf 86' lang='grc' dir='ltr'>ἀναίρεσις</span> <span class='ocrx_word' id='word_1_593' title='bbox 3372 3791 3467 3843; x_wconf 77' lang='grc' dir='ltr'>καὶ</span> <span class='ocrx_word' id='word_1_594' title='bbox 3499 3790 3675 3863; x_wconf 87' lang='grc' dir='ltr'>φθορά</span> <span class='ocrx_word' id='word_1_595' title='bbox 3704 3793 3859 3863; x_wconf 78' lang='grc' dir='ltr'>γίνεο</span> 
     </span>
    </p>
   </div>
   <div class='ocr_carea' id='block_1_83' title="bbox 2281 3871 3857 3956">
    <p class='ocr_par' dir='ltr' id='par_1_83' title="bbox 2281 3871 3857 3956">
     <span class='ocr_line' id='line_1_83' title="bbox 2281 3871 3857 3956; baseline 0.013 -35"><span class='ocrx_word' id='word_1_596' title='bbox 2281 3886 2373 3923; x_wconf 90' lang='grc' dir='ltr'><strong>ται</strong></span> <span class='ocrx_word' id='word_1_597' title='bbox 2398 3871 2492 3923; x_wconf 84' lang='grc' dir='ltr'><strong>τοῦ</strong></span> <span class='ocrx_word' id='word_1_598' title='bbox 2534 3875 2735 3937; x_wconf 87' lang='grc' dir='ltr'>παντός</span> <span class='ocrx_word' id='word_1_599' title='bbox 2760 3892 2773 3905; x_wconf 93' lang='grc'><strong>·</strong></span> <span class='ocrx_word' id='word_1_600' title='bbox 2815 3875 2960 3929; x_wconf 85' lang='grc' dir='ltr'>τοῦθ’</span> <span class='ocrx_word' id='word_1_601' title='bbox 2993 3877 3164 3943; x_wconf 80' lang='grc' dir='ltr'>οὕτως</span> <span class='ocrx_word' id='word_1_602' title='bbox 3193 3881 3581 3950; x_wconf 82' lang='grc' dir='ltr'>ὁμολογοῦντες</span> <span class='ocrx_word' id='word_1_603' title='bbox 3617 3885 3769 3956; x_wconf 59' lang='grc' dir='ltr'><strong>⁴ἥλιόν</strong></span> <span class='ocrx_word' id='word_1_604' title='bbox 3796 3903 3857 3941; x_wconf 84' lang='grc' dir='ltr'><strong>τε</strong></span> 
     </span>
    </p>
   </div>
   <div class='ocr_carea' id='block_1_84' title="bbox 2281 3962 3858 4049">
    <p class='ocr_par' dir='ltr' id='par_1_84' title="bbox 2281 3962 3858 4049">
     <span class='ocr_line' id='line_1_84' title="bbox 2281 3962 3858 4049; baseline 0.012 -36"><span class='ocrx_word' id='word_1_605' title='bbox 2281 3962 2377 4014; x_wconf 71' lang='grc' dir='ltr'><strong>καὶ</strong></span> <span class='ocrx_word' id='word_1_606' title='bbox 2408 3963 2638 4034; x_wconf 76' lang='grc' dir='ltr'>σελήνην</span> <span class='ocrx_word' id='word_1_607' title='bbox 2666 3966 2759 4019; x_wconf 78' lang='grc' dir='ltr'>καὶ</span> <span class='ocrx_word' id='word_1_608' title='bbox 2791 3968 3065 4022; x_wconf 83' lang='grc' dir='ltr'>συνελόντι</span> <span class='ocrx_word' id='word_1_609' title='bbox 3090 3972 3274 4041; x_wconf 69' lang='grc' dir='ltr'>φᾶναι,</span> <span class='ocrx_word' id='word_1_610' title='bbox 3305 3974 3432 4037; x_wconf 77' lang='grc' dir='ltr'>τοὺς</span> <span class='ocrx_word' id='word_1_611' title='bbox 3462 3976 3599 4032; x_wconf 80' lang='grc' dir='ltr'><strong>έπτὰ</strong></span> <span class='ocrx_word' id='word_1_612' title='bbox 3629 3977 3858 4049; x_wconf 77' lang='grc' dir='ltr'>λεγομέ-</span> 
     </span>
    </p>
   </div>
   <div class='ocr_carea' id='block_1_85' title="bbox 2280 4057 3856 4137">
    <p class='ocr_par' dir='ltr' id='par_1_85' title="bbox 2280 4057 3856 4137">
     <span class='ocr_line' id='line_1_85' title="bbox 2280 4057 3856 4137; baseline 0.01 -29"><span class='ocrx_word' id='word_1_613' title='bbox 2280 4072 2403 4119; x_wconf 92' lang='grc' dir='ltr'>νους</span> <span class='ocrx_word' id='word_1_614' title='bbox 2441 4057 2739 4129; x_wconf 87' lang='grc' dir='ltr'>πλανήτας,</span> <span class='ocrx_word' id='word_1_615' title='bbox 2783 4061 2877 4116; x_wconf 80' lang='grc' dir='ltr'>καὶ</span> <span class='ocrx_word' id='word_1_616' title='bbox 2923 4062 3085 4116; x_wconf 82' lang='grc' dir='ltr'>αὐτὸν</span> <span class='ocrx_word' id='word_1_617' title='bbox 3129 4064 3217 4117; x_wconf 73' lang='grc' dir='ltr'>τὸν</span> <span class='ocrx_word' id='word_1_618' title='bbox 3258 4066 3486 4137; x_wconf 75' lang='grc' dir='ltr'>οὐρανὸν</span> <span class='ocrx_word' id='word_1_619' title='bbox 3533 4068 3686 4132; x_wconf 79' lang='grc' dir='ltr'>θεοὺς</span> <span class='ocrx_word' id='word_1_620' title='bbox 3718 4065 3856 4123; x_wconf 79' lang='grc' dir='ltr'>εἷναί</span> 
     </span>
    </p>
   </div>
   <div class='ocr_carea' id='block_1_86' title="bbox 2281 4150 3854 4228">
    <p class='ocr_par' dir='ltr' id='par_1_86' title="bbox 2281 4150 3854 4228">
     <span class='ocr_line' id='line_1_86' title="bbox 2281 4150 3854 4228; baseline 0.01 -30"><span class='ocrx_word' id='word_1_621' title='bbox 2281 4163 2446 4216; x_wconf 72' lang='grc' dir='ltr'>φασιθ</span> <span class='ocrx_word' id='word_1_622' title='bbox 2477 4150 2573 4203; x_wconf 76' lang='grc' dir='ltr'><strong>καὶ</strong></span> <span class='ocrx_word' id='word_1_623' title='bbox 2600 4150 2709 4204; x_wconf 81' lang='grc' dir='ltr'>τῶν</span> <span class='ocrx_word' id='word_1_624' title='bbox 2738 4152 2879 4205; x_wconf 85' lang='grc' dir='ltr'>κατά</span> <span class='ocrx_word' id='word_1_625' title='bbox 2920 4153 3083 4225; x_wconf 81' lang='grc' dir='ltr'>μέρος</span> <span class='ocrx_word' id='word_1_626' title='bbox 3123 4156 3589 4228; x_wconf 77' lang='grc' dir='ltr'>οἰκονομουμένων</span> <span class='ocrx_word' id='word_1_627' title='bbox 3626 4161 3854 4225; x_wconf 77' lang='grc' dir='ltr'>αἰτίους,</span> 
     </span>
    </p>
   </div>
   <div class='ocr_carea' id='block_1_87' title="bbox 2280 4240 3857 4322">
    <p class='ocr_par' dir='ltr' id='par_1_87' title="bbox 2280 4240 3857 4322">
     <span class='ocr_line' id='line_1_87' title="bbox 2280 4240 3857 4322; baseline 0.009 -30"><span class='ocrx_word' id='word_1_628' title='bbox 2280 4240 2406 4304; x_wconf 77' lang='grc' dir='ltr'>τοὺς</span> <span class='ocrx_word' id='word_1_629' title='bbox 2441 4241 2599 4310; x_wconf 81' lang='grc' dir='ltr'>φύσει</span> <span class='ocrx_word' id='word_1_630' title='bbox 2625 4242 2900 4315; x_wconf 72' lang='grc' dir='ltr'>φθαρτούς</span> <span class='ocrx_word' id='word_1_631' title='bbox 2922 4261 2936 4276; x_wconf 78' lang='grc' dir='ltr'><strong><em>ο</em></strong></span> <span class='ocrx_word' id='word_1_632' title='bbox 2968 4247 3063 4299; x_wconf 76' lang='grc' dir='ltr'>καὶ</span> <span class='ocrx_word' id='word_1_633' title='bbox 3100 4247 3326 4313; x_wconf 83' lang='grc' dir='ltr'>τούτους</span> <span class='ocrx_word' id='word_1_634' title='bbox 3366 4247 3523 4314; x_wconf 76' lang='grc' dir='ltr'>θεοὺς</span> <span class='ocrx_word' id='word_1_635' title='bbox 3556 4253 3688 4322; x_wconf 87' lang='grc' dir='ltr'>ήμῖν</span> <span class='ocrx_word' id='word_1_636' title='bbox 3719 4254 3857 4306; x_wconf 88' lang='grc' dir='ltr'>ἀνα-</span> 
     </span>
    </p>
   </div>
   <div class='ocr_carea' id='block_1_88' title="bbox 2281 4332 3857 4415">
    <p class='ocr_par' dir='ltr' id='par_1_88' title="bbox 2281 4332 3857 4415">
     <span class='ocr_line' id='line_1_88' title="bbox 2281 4332 3857 4415; baseline 0.008 -30"><span class='ocrx_word' id='word_1_637' title='bbox 2281 4332 2662 4401; x_wconf 83' lang='grc' dir='ltr'>πλαττόμενοι,</span> <span class='ocrx_word' id='word_1_638' title='bbox 2696 4336 2790 4389; x_wconf 80' lang='grc' dir='ltr'><strong>καὶ</strong></span> <span class='ocrx_word' id='word_1_639' title='bbox 2813 4336 2874 4389; x_wconf 80' lang='grc' dir='ltr'>τὸ</span> <span class='ocrx_word' id='word_1_640' title='bbox 2913 4337 3055 4407; x_wconf 84' lang='grc' dir='ltr'>μέγα</span> <span class='ocrx_word' id='word_1_641' title='bbox 3081 4339 3176 4392; x_wconf 78' lang='grc' dir='ltr'><strong>καὶ</strong></span> <span class='ocrx_word' id='word_1_642' title='bbox 3205 4341 3583 4412; x_wconf 76' lang='grc' dir='ltr'>περιμάχητον</span> <span class='ocrx_word' id='word_1_643' title='bbox 3603 4343 3706 4415; x_wconf 78' lang='grc' dir='ltr'>τῆς</span> <span class='ocrx_word' id='word_1_644' title='bbox 3737 4344 3857 4398; x_wconf 86' lang='grc' dir='ltr'>θεό-</span> 
     </span>
    </p>
   </div>
   <div class='ocr_carea' id='block_1_89' title="bbox 2279 4425 3855 4504">
    <p class='ocr_par' dir='ltr' id='par_1_89' title="bbox 2279 4425 3855 4504">
     <span class='ocr_line' id='line_1_89' title="bbox 2279 4425 3855 4504; baseline 0.009 -28"><span class='ocrx_word' id='word_1_645' title='bbox 2279 4440 2440 4493; x_wconf 88' lang='grc' dir='ltr'>τητος</span> <span class='ocrx_word' id='word_1_646' title='bbox 2472 4425 2649 4497; x_wconf 78' lang='grc' dir='ltr'>ὄνομά</span> <span class='ocrx_word' id='word_1_647' title='bbox 2672 4444 2729 4480; x_wconf 89' lang='grc' dir='ltr'><strong>τε</strong></span> <span class='ocrx_word' id='word_1_648' title='bbox 2755 4428 2853 4483; x_wconf 74' lang='grc' dir='ltr'><strong>καὶ</strong></span> <span class='ocrx_word' id='word_1_649' title='bbox 2880 4432 3114 4500; x_wconf 81' lang='grc' dir='ltr'>πρᾶγμα</span> <span class='ocrx_word' id='word_1_650' title='bbox 3144 4432 3589 4504; x_wconf 75' lang='grc' dir='ltr'>καθυϐρίζοντες,</span> <span class='ocrx_word' id='word_1_651' title='bbox 3626 4436 3721 4489; x_wconf 83' lang='grc' dir='ltr'><strong>καὶ</strong></span> <span class='ocrx_word' id='word_1_652' title='bbox 3752 4454 3855 4489; x_wconf 81' lang='grc' dir='ltr'><strong>κα-</strong></span> 
     </span>
    </p>
   </div>
   <div class='ocr_carea' id='block_1_90' title="bbox 609 4512 2186 4596">
    <p class='ocr_par' dir='ltr' id='par_1_90' title="bbox 609 4512 2176 4582">
     <span class='ocr_line' id='line_1_90' title="bbox 609 4512 2176 4582; baseline -0.001 -13"><span class='ocrx_word' id='word_1_653' title='bbox 609 4524 880 4569; x_wconf 86' lang='lat' dir='ltr'><strong>naturant.</strong></span> <span class='ocrx_word' id='word_1_654' title='bbox 928 4514 1007 4566; x_wconf 82' lang='lat' dir='ltr'><strong>Ac</strong></span> <span class='ocrx_word' id='word_1_655' title='bbox 1052 4512 1133 4566; x_wconf 77' lang='lat' dir='ltr'><strong>liae</strong></span> <span class='ocrx_word' id='word_1_656' title='bbox 1174 4512 1389 4580; x_wconf 88' lang='lat' dir='ltr'><strong>quidem</strong></span> <span class='ocrx_word' id='word_1_657' title='bbox 1441 4512 1665 4566; x_wconf 85' lang='lat' dir='ltr'><strong>istorum</strong></span> <span class='ocrx_word' id='word_1_658' title='bbox 1708 4522 1838 4567; x_wconf 90' lang='lat' dir='ltr'><strong>sunt</strong></span> <span class='ocrx_word' id='word_1_659' title='bbox 1873 4513 2176 4582; x_wconf 89' lang='lat' dir='ltr'><strong>opiniones,</strong></span> 
     </span>
    </p>
   </div>
   <div class='ocr_carea' id='block_1_91' title="bbox 2286 4512 3857 4596">
    <p class='ocr_par' dir='ltr' id='par_1_91' title="bbox 2286 4515 3857 4596">
     <span class='ocr_line' id='line_1_91' title="bbox 2286 4515 3857 4596; baseline 0.01 -29"><span class='ocrx_word' id='word_1_660' title='bbox 2286 4515 2664 4583; x_wconf 76' lang='grc' dir='ltr'>ταόιὸἀζοντες</span> <span class='ocrx_word' id='word_1_661' title='bbox 2707 4522 2787 4585; x_wconf 85' lang='grc' dir='ltr'><strong>είς</strong></span> <span class='ocrx_word' id='word_1_662' title='bbox 2835 4522 3040 4593; x_wconf 77' lang='grc' dir='ltr'>φθορὰν</span> <span class='ocrx_word' id='word_1_663' title='bbox 3078 4525 3178 4594; x_wconf 83' lang='grc' dir='ltr'><strong>τήν</strong></span> <span class='ocrx_word' id='word_1_664' title='bbox 3231 4526 3510 4596; x_wconf 85' lang='grc' dir='ltr'>ἀκήρατον</span> <span class='ocrx_word' id='word_1_665' title='bbox 3568 4527 3730 4596; x_wconf 80' lang='grc' dir='ltr'>φύσιν</span> <span class='ocrx_word' id='word_1_666' title='bbox 3761 4528 3857 4582; x_wconf 76' lang='grc' dir='ltr'><strong>καὶ</strong></span> 
     </span>
    </p>
   </div>
   <div class='ocr_carea' id='block_1_92' title="bbox 610 4600 2177 4669">
    <p class='ocr_par' dir='ltr' id='par_1_92' title="bbox 610 4600 2177 4669">
     <span class='ocr_line' id='line_1_92' title="bbox 610 4600 2177 4669; baseline 0.001 -12"><span class='ocrx_word' id='word_1_667' title='bbox 610 4605 720 4659; x_wconf 91' lang='lat' dir='ltr'><strong>imo</strong></span> <span class='ocrx_word' id='word_1_668' title='bbox 763 4618 893 4657; x_wconf 87' lang='lat' dir='ltr'><strong>vero</strong></span> <span class='ocrx_word' id='word_1_669' title='bbox 941 4603 1010 4659; x_wconf 86' lang='lat' dir='ltr'><strong>de</strong></span> <span class='ocrx_word' id='word_1_670' title='bbox 1057 4602 1409 4656; x_wconf 88' lang='lat' dir='ltr'><strong>universitate</strong></span> <span class='ocrx_word' id='word_1_671' title='bbox 1456 4600 1673 4655; x_wconf 63' lang='lat' dir='ltr'><strong>furiosae</strong></span> <span class='ocrx_word' id='word_1_672' title='bbox 1722 4602 2081 4669; x_wconf 87' lang='lat' dir='ltr'><strong>narrationes,</strong></span> <span class='ocrx_word' id='word_1_673' title='bbox 2122 4615 2177 4659; x_wconf 89' lang='lat' dir='ltr'><strong>et</strong></span> 
     </span>
    </p>
   </div>
   <div class='ocr_carea' id='block_1_93' title="bbox 607 4691 2174 4763">
    <p class='ocr_par' dir='ltr' id='par_1_93' title="bbox 607 4691 2174 4763">
     <span class='ocr_line' id='line_1_93' title="bbox 607 4691 2174 4763; baseline 0.001 -13"><span class='ocrx_word' id='word_1_674' title='bbox 607 4704 915 4750; x_wconf 89' lang='lat' dir='ltr'><strong>commenta</strong></span> <span class='ocrx_word' id='word_1_675' title='bbox 951 4694 1261 4763; x_wconf 86' lang='lat' dir='ltr'><strong>errorisque</strong></span> <span class='ocrx_word' id='word_1_676' title='bbox 1291 4693 1528 4748; x_wconf 88' lang='lat' dir='ltr'><strong>licentia.</strong></span> <span class='ocrx_word' id='word_1_677' title='bbox 1557 4691 1750 4748; x_wconf 87' lang='lat' dir='ltr'><strong>Nostra</strong></span> <span class='ocrx_word' id='word_1_678' title='bbox 1785 4704 1963 4750; x_wconf 92' lang='lat' dir='ltr'><strong>autem</strong></span> <span class='ocrx_word' id='word_1_679' title='bbox 1992 4697 2058 4751; x_wconf 88' lang='lat' dir='ltr'><strong>de</strong></span> <span class='ocrx_word' id='word_1_680' title='bbox 2088 4713 2174 4752; x_wconf 90' lang='lat' dir='ltr'><strong>re-</strong></span> 
     </span>
    </p>
   </div>
   <div class='ocr_carea' id='block_1_94' title="bbox 610 4784 2174 4852">
    <p class='ocr_par' dir='ltr' id='par_1_94' title="bbox 610 4784 2174 4852">
     <span class='ocr_line' id='line_1_94' title="bbox 610 4784 2174 4852; baseline 0.001 -9"><span class='ocrx_word' id='word_1_681' title='bbox 610 4790 710 4843; x_wconf 91' lang='lat' dir='ltr'><strong>bus</strong></span> <span class='ocrx_word' id='word_1_682' title='bbox 758 4788 1054 4852; x_wconf 89' lang='lat' dir='ltr'><strong>sententia,</strong></span> <span class='ocrx_word' id='word_1_683' title='bbox 1095 4795 1151 4841; x_wconf 92' lang='lat' dir='ltr'><strong>et</strong></span> <span class='ocrx_word' id='word_1_684' title='bbox 1184 4786 1428 4841; x_wconf 86' lang='lat' dir='ltr'><strong>veritatis</strong></span> <span class='ocrx_word' id='word_1_685' title='bbox 1472 4784 1648 4841; x_wconf 89' lang='lat' dir='ltr'><strong>oratio</strong></span> <span class='ocrx_word' id='word_1_686' title='bbox 1681 4785 1803 4842; x_wconf 88' lang='lat' dir='ltr'><strong>talis</strong></span> <span class='ocrx_word' id='word_1_687' title='bbox 1842 4798 1927 4843; x_wconf 85' lang='lat' dir='ltr'><strong>est</strong></span> <span class='ocrx_word' id='word_1_688' title='bbox 1958 4805 1971 4842; x_wconf 92' lang='lat'><strong>:</strong></span> <span class='ocrx_word' id='word_1_689' title='bbox 2006 4788 2174 4844; x_wconf 89' lang='lat' dir='ltr'><strong>Deum</strong></span> 
     </span>
    </p>
   </div>
   <div class='ocr_carea' id='block_1_95' title="bbox 606 4993 2175 5065">
    <p class='ocr_par' dir='ltr' id='par_1_95' title="bbox 606 4993 2175 5065">
     <span class='ocr_line' id='line_1_95' title="bbox 606 4993 2175 5065; baseline 0.004 -18"><span class='ocrx_word' id='word_1_690' title='bbox 606 4994 909 5065; x_wconf 73' lang='lat' dir='ltr'><strong>purissimo</strong></span> <span class='ocrx_word' id='word_1_691' title='bbox 935 4993 1002 5047; x_wconf 82' lang='lat' dir='ltr'><strong>al)</strong></span> <span class='ocrx_word' id='word_1_692' title='bbox 1036 4994 1181 5049; x_wconf 86' lang='lat' dir='ltr'><strong>omni</strong></span> <span class='ocrx_word' id='word_1_693' title='bbox 1231 4993 1523 5051; x_wconf 80' lang='lat' dir='ltr'><strong>infectione</strong></span> <span class='ocrx_word' id='word_1_694' title='bbox 1555 4996 1844 5050; x_wconf 82' lang='lat' dir='ltr'><strong>intrinseca</strong></span> <span class='ocrx_word' id='word_1_695' title='bbox 1881 5004 1935 5050; x_wconf 90' lang='lat' dir='ltr'><strong>et</strong></span> <span class='ocrx_word' id='word_1_696' title='bbox 1962 4999 2175 5053; x_wconf 86' lang='lat' dir='ltr'><strong>actione</strong></span> 
     </span>
    </p>
   </div>
   <div class='ocr_carea' id='block_1_96' title="bbox 605 5064 978 5121">
    <p class='ocr_par' dir='ltr' id='par_1_96' title="bbox 605 5064 978 5121">
     <span class='ocr_line' id='line_1_96' title="bbox 605 5064 978 5121; baseline -0.011 -1"><span class='ocrx_word' id='word_1_697' title='bbox 605 5064 850 5121; x_wconf 77' lang='lat' dir='ltr'><strong>externa.</strong></span> <span class='ocrx_word' id='word_1_698' title='bbox 885 5064 978 5117; x_wconf 75' lang='grc' dir='ltr'><strong>ΒΑ.</strong></span> 
     </span>
    </p>
   </div>
   <div class='ocr_carea' id='block_1_97' title="bbox 677 5133 2174 5209">
    <p class='ocr_par' dir='ltr' id='par_1_97' title="bbox 677 5133 2174 5209">
     <span class='ocr_line' id='line_1_97' title="bbox 677 5133 2174 5209; baseline 0.002 -20"><span class='ocrx_word' id='word_1_699' title='bbox 677 5136 787 5206; x_wconf 77' lang='grc'><strong>(84)</strong></span> <span class='ocrx_word' id='word_1_700' title='bbox 828 5133 1206 5209; x_wconf 76' lang='grc' dir='ltr'>Συνθήματα.</span> <span class='ocrx_word' id='word_1_701' title='bbox 1236 5133 1468 5209; x_wconf 63' lang='lat' dir='ltr'><strong>insignia</strong></span> <span class='ocrx_word' id='word_1_702' title='bbox 1492 5177 1508 5209; x_wconf 75' lang='lat'><strong>_,</strong></span> <span class='ocrx_word' id='word_1_703' title='bbox 1548 5145 1607 5209; x_wconf 68' lang='lat' dir='ltr'><strong>ut</strong></span> <span class='ocrx_word' id='word_1_704' title='bbox 1640 5136 2023 5206; x_wconf 87' lang='lat' dir='ltr'><strong>interpretatur</strong></span> <span class='ocrx_word' id='word_1_705' title='bbox 2063 5137 2174 5209; x_wconf 82' lang='lat' dir='ltr'><strong>Cy-</strong></span> 
     </span>
    </p>
   </div>
   <div class='ocr_carea' id='block_1_98' title="bbox 608 5203 2170 5328">
    <p class='ocr_par' dir='ltr' id='par_1_98' title="bbox 608 5203 2170 5328">
     <span class='ocr_line' id='line_1_98' title="bbox 608 5203 2170 5328; baseline 0.004 -70"><span class='ocrx_word' id='word_1_706' title='bbox 608 5203 1228 5328; x_wconf 51' lang='lat' dir='ltr'><strong>rillusﬁglossograpbus.</strong></span> <span class='ocrx_word' id='word_1_707' title='bbox 1257 5203 1370 5260; x_wconf 74' lang='lat' dir='ltr'><strong>Nec</strong></span> <span class='ocrx_word' id='word_1_708' title='bbox 1400 5206 1540 5261; x_wconf 87' lang='lat' dir='ltr'><strong>male</strong></span> <span class='ocrx_word' id='word_1_709' title='bbox 1569 5203 1973 5275; x_wconf 76' lang='lat' dir='ltr'><strong>Genebrardus,</strong></span> <span class='ocrx_word' id='word_1_710' title='bbox 2008 5203 2170 5263; x_wconf 65' lang='lat' dir='ltr'><strong>tesse-</strong></span> 
     </span>
     <span class='ocr_line' id='line_1_99' title="bbox 608 5292 843 5328; baseline 0.004 -1"><span class='ocrx_word' id='word_1_711' title='bbox 608 5292 710 5328; x_wconf 76' lang='lat' dir='ltr'><strong>ras.</strong></span> <span class='ocrx_word' id='word_1_712' title='bbox 789 5293 843 5328; x_wconf 76' lang='grc' dir='ltr'><strong>Α.</strong></span> 
     </span>
    </p>
   </div>
   <div class='ocr_carea' id='block_1_99' title="bbox 603 5292 843 5329">
    <p class='ocr_par' dir='ltr' id='par_1_99' title="bbox 603 5292 843 5329">
     <span class='ocr_line' id='line_1_100' title="bbox 603 5292 843 5329; baseline 0.004 -2"><span class='ocrx_word' id='word_1_713' title='bbox 603 5292 710 5329; x_wconf 70' lang='grc' dir='ltr'>ται.</span> <span class='ocrx_word' id='word_1_714' title='bbox 749 5292 843 5329; x_wconf 78' lang='lat' dir='ltr'><strong>UA.</strong></span> 
     </span>
    </p>
   </div>
   <div class='ocr_carea' id='block_1_100' title="bbox 674 5345 2167 5418">
    <p class='ocr_par' dir='ltr' id='par_1_100' title="bbox 674 5345 2167 5418">
     <span class='ocr_line' id='line_1_101' title="bbox 674 5345 2167 5418; baseline 0.001 -17"><span class='ocrx_word' id='word_1_715' title='bbox 674 5346 785 5417; x_wconf 84' lang='lat'><strong>(85)</strong></span> <span class='ocrx_word' id='word_1_716' title='bbox 814 5347 1133 5418; x_wconf 67' lang='grc' dir='ltr'>Βασίλειος</span> <span class='ocrx_word' id='word_1_717' title='bbox 1157 5348 1191 5400; x_wconf 86' lang='grc' dir='ltr'><em>ὀ</em></span> <span class='ocrx_word' id='word_1_718' title='bbox 1219 5347 1405 5418; x_wconf 74' lang='grc' dir='ltr'>μέγας</span> <span class='ocrx_word' id='word_1_719' title='bbox 1431 5345 1540 5415; x_wconf 84' lang='grc' dir='ltr'>τῆς</span> <span class='ocrx_word' id='word_1_720' title='bbox 1567 5347 1853 5415; x_wconf 66' lang='grc' dir='ltr'>ἀληθείας</span> <span class='ocrx_word' id='word_1_721' title='bbox 1879 5347 2167 5403; x_wconf 74' lang='grc' dir='ltr'>διδάσκα-</span> 
     </span>
    </p>
   </div>
   <div class='ocr_carea' id='block_1_101' title="bbox 600 5417 2163 5490">
    <p class='ocr_par' dir='ltr' id='par_1_101' title="bbox 600 5417 2163 5490">
     <span class='ocr_line' id='line_1_102' title="bbox 600 5417 2163 5490; baseline 0.002 -19"><span class='ocrx_word' id='word_1_722' title='bbox 600 5419 729 5490; x_wconf 69' lang='grc' dir='ltr'>λος.</span> <span class='ocrx_word' id='word_1_723' title='bbox 765 5418 856 5472; x_wconf 85' lang='lat' dir='ltr'><strong>Sic</strong></span> <span class='ocrx_word' id='word_1_724' title='bbox 879 5417 1236 5490; x_wconf 70' lang='lat' dir='ltr'><strong>Tlteodoritus</strong></span> <span class='ocrx_word' id='word_1_725' title='bbox 1265 5430 1403 5490; x_wconf 80' lang='lat' dir='ltr'><strong>orat.</strong></span> <span class='ocrx_word' id='word_1_726' title='bbox 1435 5418 1489 5472; x_wconf 73' lang='grc'><strong>4.</strong></span> <span class='ocrx_word' id='word_1_727' title='bbox 1526 5419 1804 5480; x_wconf 78' lang='grc' dir='ltr'>Βασίλειος</span> <span class='ocrx_word' id='word_1_728' title='bbox 1832 5419 1860 5471; x_wconf 85' lang='grc' dir='ltr'>ὀ</span> <span class='ocrx_word' id='word_1_729' title='bbox 1910 5421 2101 5490; x_wconf 84' lang='grc' dir='ltr'>μέγας,</span> <span class='ocrx_word' id='word_1_730' title='bbox 2135 5421 2163 5473; x_wconf 84' lang='grc' dir='ltr'><strong>ὁ</strong></span> 
     </span>
    </p>
   </div>
   <div class='ocr_carea' id='block_1_102' title="bbox 598 5488 1478 5560">
    <p class='ocr_par' dir='ltr' id='par_1_102' title="bbox 598 5488 1478 5560">
     <span class='ocr_line' id='line_1_103' title="bbox 598 5488 1478 5560; baseline 0.006 -21"><span class='ocrx_word' id='word_1_731' title='bbox 598 5488 875 5560; x_wconf 33' lang='grc' dir='ltr'>τῆς-οἰκου</span> <span class='ocrx_word' id='word_1_732' title='bbox 885 5488 1050 5558; x_wconf 79' lang='grc' dir='ltr'>μένης</span> <span class='ocrx_word' id='word_1_733' title='bbox 1073 5490 1318 5560; x_wconf 72' lang='grc' dir='ltr'>φωστὴρ.</span> <span class='ocrx_word' id='word_1_734' title='bbox 1344 5489 1478 5543; x_wconf 64' lang='lat' dir='ltr'><strong>Tan.</strong></span> 
     </span>
    </p>
   </div>
   <div class='ocr_carea' id='block_1_103' title="bbox 674 5508 2163 5630">
    <p class='ocr_par' dir='ltr' id='par_1_103' title="bbox 674 5508 2163 5630">
     <span class='ocr_line' id='line_1_104' title="bbox 674 5508 1478 5560; baseline 0.006 -21"><span class='ocrx_word' id='word_1_735' title='bbox 674 5508 697 5549; x_wconf 86' lang='grc' dir='ltr'><strong>ς</strong></span> <span class='ocrx_word' id='word_1_736' title='bbox 729 5508 1050 5558; x_wconf 78' lang='grc' dir='ltr'>οικουμενης</span> <span class='ocrx_word' id='word_1_737' title='bbox 1073 5508 1259 5560; x_wconf 78' lang='grc' dir='ltr'>φωστη</span> <span class='ocrx_word' id='word_1_738' title='bbox 1305 5531 1318 5543; x_wconf 94' lang='grc'>.</span> <span class='ocrx_word' id='word_1_739' title='bbox 1347 5508 1376 5543; x_wconf 71' lang='lat' dir='ltr'><strong>&#39;l</strong></span> <span class='ocrx_word' id='word_1_740' title='bbox 1390 5508 1478 5543; x_wconf 76' lang='lat' dir='ltr'><strong>AR.</strong></span> 
     </span>
     <span class='ocr_line' id='line_1_105' title="bbox 674 5508 2163 5630; baseline 0.002 -20"><span class='ocrx_word' id='word_1_741' title='bbox 674 5557 786 5627; x_wconf 82' lang='lat'><strong>(86)</strong></span> <span class='ocrx_word' id='word_1_742' title='bbox 820 5560 1036 5625; x_wconf 83' lang='grc' dir='ltr'>Ὄντως</span> <span class='ocrx_word' id='word_1_743' title='bbox 1070 5559 1218 5614; x_wconf 72' lang='grc' dir='ltr'>ὄντι.</span> <span class='ocrx_word' id='word_1_744' title='bbox 1257 5508 1387 5615; x_wconf 63' lang='grc' dir='ltr'>ἕίηε</span> <span class='ocrx_word' id='word_1_745' title='bbox 1421 5560 1701 5630; x_wconf 83' lang='lat' dir='ltr'><strong>principio,</strong></span> <span class='ocrx_word' id='word_1_746' title='bbox 1734 5558 2163 5615; x_wconf 87' lang='lat' dir='ltr'><strong>substantialiter</strong></span> 
     </span>
    </p>
   </div>
   <div class='ocr_carea' id='block_1_104' title="bbox 602 5628 2165 5699">
    <p class='ocr_par' dir='ltr' id='par_1_104' title="bbox 602 5628 2165 5699">
     <span class='ocr_line' id='line_1_106' title="bbox 602 5628 2165 5699; baseline 0.003 -20"><span class='ocrx_word' id='word_1_747' title='bbox 602 5628 655 5699; x_wconf 82' lang='lat' dir='ltr'><strong>in</strong></span> <span class='ocrx_word' id='word_1_748' title='bbox 689 5638 742 5680; x_wconf 88' lang='lat' dir='ltr'><strong>et</strong></span> <span class='ocrx_word' id='word_1_749' title='bbox 790 5643 854 5681; x_wconf 82' lang='lat' dir='ltr'><strong>ex</strong></span> <span class='ocrx_word' id='word_1_750' title='bbox 908 5643 967 5683; x_wconf 90' lang='lat' dir='ltr'><strong>se</strong></span> <span class='ocrx_word' id='word_1_751' title='bbox 1021 5630 1136 5699; x_wconf 85' lang='lat' dir='ltr'><strong>ipso</strong></span> <span class='ocrx_word' id='word_1_752' title='bbox 1192 5628 1492 5686; x_wconf 79' lang='lat' dir='ltr'><strong>exsistenti.</strong></span> <span class='ocrx_word' id='word_1_753' title='bbox 1546 5628 1621 5684; x_wconf 81' lang='lat' dir='ltr'><strong>Ita</strong></span> <span class='ocrx_word' id='word_1_754' title='bbox 1671 5633 1723 5685; x_wconf 90' lang='lat' dir='ltr'><strong>iu</strong></span> <span class='ocrx_word' id='word_1_755' title='bbox 1774 5630 1832 5685; x_wconf 88' lang='lat' dir='ltr'><strong>S.</strong></span> <span class='ocrx_word' id='word_1_756' title='bbox 1885 5633 2165 5699; x_wconf 79' lang='lat' dir='ltr'><strong>Scriptura</strong></span> 
     </span>
    </p>
   </div>
   <div class='ocr_carea' id='block_1_105' title="bbox 602 5698 2163 5783">
    <p class='ocr_par' dir='ltr' id='par_1_105' title="bbox 602 5698 2163 5783">
     <span class='ocr_line' id='line_1_107' title="bbox 602 5698 2163 5783; baseline 0.003 -35"><span class='ocrx_word' id='word_1_757' title='bbox 602 5698 773 5783; x_wconf 52' lang='lat' dir='ltr'><strong>ipfurn</strong></span> <span class='ocrx_word' id='word_1_758' title='bbox 805 5712 863 5750; x_wconf 89' lang='lat' dir='ltr'><strong>se</strong></span> <span class='ocrx_word' id='word_1_759' title='bbox 901 5700 1005 5783; x_wconf 76' lang='lat' dir='ltr'><strong>dici</strong></span> <span class='ocrx_word' id='word_1_760' title='bbox 1037 5701 1151 5781; x_wconf 72' lang='lat' dir='ltr'><strong>vult</strong></span> <span class='ocrx_word' id='word_1_761' title='bbox 1198 5701 1388 5783; x_wconf 49' lang='lat' dir='ltr'><strong>Deus”,</strong></span> <span class='ocrx_word' id='word_1_762' title='bbox 1412 5712 1470 5783; x_wconf 76' lang='lat' dir='ltr'><strong>ut</strong></span> <span class='ocrx_word' id='word_1_763' title='bbox 1506 5701 1595 5771; x_wconf 90' lang='lat' dir='ltr'><strong>qui</strong></span> <span class='ocrx_word' id='word_1_764' title='bbox 1634 5717 1824 5783; x_wconf 72' lang='lat' dir='ltr'><strong>nomen</strong></span> <span class='ocrx_word' id='word_1_765' title='bbox 1876 5698 2022 5781; x_wconf 75' lang='lat' dir='ltr'><strong>aliud</strong></span> <span class='ocrx_word' id='word_1_766' title='bbox 2060 5717 2163 5755; x_wconf 93' lang='lat' dir='ltr'><strong>non</strong></span> 
     </span>
    </p>
   </div>
   <div class='ocr_carea' id='block_1_106' title="bbox 602 5767 2167 5843">
    <p class='ocr_par' dir='ltr' id='par_1_106' title="bbox 602 5767 2167 5843">
     <span class='ocr_line' id='line_1_108' title="bbox 602 5767 2167 5843; baseline 0.001 -20"><span class='ocrx_word' id='word_1_767' title='bbox 602 5767 873 5833; x_wconf 77' lang='lat' dir='ltr'><strong>admittat,</strong></span> <span class='ocrx_word' id='word_1_768' title='bbox 907 5773 998 5827; x_wconf 87' lang='lat' dir='ltr'><strong>sed</strong></span> <span class='ocrx_word' id='word_1_769' title='bbox 1029 5771 1100 5827; x_wconf 91' lang='lat' dir='ltr'><strong>sit</strong></span> <span class='ocrx_word' id='word_1_770' title='bbox 1129 5771 1297 5840; x_wconf 80' lang='lat' dir='ltr'><strong>ipsum</strong></span> <span class='ocrx_word' id='word_1_771' title='bbox 1329 5772 1460 5824; x_wconf 81' lang='lat' dir='ltr'><strong>illud</strong></span> <span class='ocrx_word' id='word_1_772' title='bbox 1494 5767 1554 5828; x_wconf 67' lang='lat' dir='ltr'><strong>cit</strong></span> <span class='ocrx_word' id='word_1_773' title='bbox 1589 5788 1694 5843; x_wconf 93' lang='lat' dir='ltr'><strong>quo</strong></span> <span class='ocrx_word' id='word_1_774' title='bbox 1728 5774 1835 5827; x_wconf 89' lang='lat' dir='ltr'><strong>sint</strong></span> <span class='ocrx_word' id='word_1_775' title='bbox 1866 5772 2080 5837; x_wconf 79' lang='lat' dir='ltr'><strong>ontnia,</strong></span> <span class='ocrx_word' id='word_1_776' title='bbox 2114 5780 2167 5827; x_wconf 83' lang='lat' dir='ltr'><strong>et</strong></span> 
     </span>
    </p>
   </div>
   <div class='ocr_carea' id='block_1_107' title="bbox 2281 4607 3855 4691">
    <p class='ocr_par' dir='ltr' id='par_1_107' title="bbox 2281 4607 3855 4691">
     <span class='ocr_line' id='line_1_109' title="bbox 2281 4607 3855 4691; baseline 0.01 -32"><span class='ocrx_word' id='word_1_777' title='bbox 2281 4607 2625 4678; x_wconf 86' lang='grc' dir='ltr'>ἀπήμαντον.</span> <span class='ocrx_word' id='word_1_778' title='bbox 2654 4610 2837 4666; x_wconf 87' lang='grc' dir='ltr'>Ταῦτα</span> <span class='ocrx_word' id='word_1_779' title='bbox 2862 4614 2960 4683; x_wconf 82' lang='grc' dir='ltr'><strong>μὲν</strong></span> <span class='ocrx_word' id='word_1_780' title='bbox 2983 4615 3207 4670; x_wconf 83' lang='grc' dir='ltr'>ἐκείνων</span> <span class='ocrx_word' id='word_1_781' title='bbox 3236 4617 3304 4670; x_wconf 85' lang='grc' dir='ltr'><strong>τὰ</strong></span> <span class='ocrx_word' id='word_1_782' title='bbox 3329 4617 3644 4688; x_wconf 78' lang='grc' dir='ltr'>δοξάσματα</span> <span class='ocrx_word' id='word_1_783' title='bbox 3664 4636 3680 4652; x_wconf 75' lang='grc' dir='ltr'><strong>ο</strong></span> <span class='ocrx_word' id='word_1_784' title='bbox 3715 4622 3855 4691; x_wconf 83' lang='grc' dir='ltr'><strong>μᾶλ-</strong></span> 
     </span>
    </p>
   </div>
   <div class='ocr_carea' id='block_1_108' title="bbox 2281 4698 3857 4783">
    <p class='ocr_par' dir='ltr' id='par_1_108' title="bbox 2281 4698 3857 4783">
     <span class='ocr_line' id='line_1_110' title="bbox 2281 4698 3857 4783; baseline 0.011 -33"><span class='ocrx_word' id='word_1_785' title='bbox 2281 4698 2372 4751; x_wconf 78' lang='grc' dir='ltr'><strong>λον</strong></span> <span class='ocrx_word' id='word_1_786' title='bbox 2402 4699 2459 4753; x_wconf 79' lang='grc' dir='ltr'>δὲ</span> <span class='ocrx_word' id='word_1_787' title='bbox 2490 4701 2559 4755; x_wconf 69' lang='grc' dir='ltr'>τὰ</span> <span class='ocrx_word' id='word_1_788' title='bbox 2602 4703 2732 4773; x_wconf 73' lang='grc' dir='ltr'>περὶ</span> <span class='ocrx_word' id='word_1_789' title='bbox 2766 4704 2861 4757; x_wconf 84' lang='grc' dir='ltr'><strong>τοῦ</strong></span> <span class='ocrx_word' id='word_1_790' title='bbox 2904 4707 3104 4770; x_wconf 81' lang='grc' dir='ltr'>παντὸς</span> <span class='ocrx_word' id='word_1_791' title='bbox 3135 4707 3358 4779; x_wconf 86' lang='grc' dir='ltr'>θυμώδη</span> <span class='ocrx_word' id='word_1_792' title='bbox 3393 4709 3502 4779; x_wconf 85' lang='grc'><strong>(89)</strong></span> <span class='ocrx_word' id='word_1_793' title='bbox 3541 4711 3857 4783; x_wconf 83' lang='grc' dir='ltr'>διηγήματα</span> 
     </span>
    </p>
   </div>
   <div class='ocr_carea' id='block_1_109' title="bbox 2283 4790 3852 4876">
    <p class='ocr_par' dir='ltr' id='par_1_109' title="bbox 2283 4790 3852 4876">
     <span class='ocr_line' id='line_1_111' title="bbox 2283 4790 3852 4876; baseline 0.011 -33"><span class='ocrx_word' id='word_1_794' title='bbox 2283 4790 2377 4844; x_wconf 75' lang='grc' dir='ltr'><strong>καὶ</strong></span> <span class='ocrx_word' id='word_1_795' title='bbox 2400 4792 2824 4865; x_wconf 85' lang='grc' dir='ltr'>ἀναπλάσματα,</span> <span class='ocrx_word' id='word_1_796' title='bbox 2850 4798 2944 4850; x_wconf 72' lang='grc' dir='ltr'>καὶ</span> <span class='ocrx_word' id='word_1_797' title='bbox 2970 4799 3004 4871; x_wconf 88' lang='grc' dir='ltr'><strong>ή</strong></span> <span class='ocrx_word' id='word_1_798' title='bbox 3036 4799 3332 4870; x_wconf 85' lang='grc' dir='ltr'>αὑτονομία</span> <span class='ocrx_word' id='word_1_799' title='bbox 3355 4801 3453 4872; x_wconf 80' lang='grc' dir='ltr'>τῆς</span> <span class='ocrx_word' id='word_1_800' title='bbox 3484 4802 3693 4874; x_wconf 81' lang='grc' dir='ltr'>πλάνης</span> <span class='ocrx_word' id='word_1_801' title='bbox 3718 4808 3852 4876; x_wconf 83' lang='grc'><strong>(90).</strong></span> 
     </span>
    </p>
   </div>
   <div class='ocr_carea' id='block_1_110' title="bbox 2283 5002 3714 5073">
    <p class='ocr_par' dir='ltr' id='par_1_110' title="bbox 2283 5002 3714 5073">
     <span class='ocr_line' id='line_1_112' title="bbox 2283 5002 3714 5073; baseline 0.012 -21"><span class='ocrx_word' id='word_1_802' title='bbox 2283 5002 2373 5071; x_wconf 85' lang='lat' dir='ltr'><strong>qui</strong></span> <span class='ocrx_word' id='word_1_803' title='bbox 2403 5016 2615 5071; x_wconf 87' lang='lat' dir='ltr'><strong>semper</strong></span> <span class='ocrx_word' id='word_1_804' title='bbox 2645 5004 2785 5061; x_wconf 90' lang='lat' dir='ltr'><strong>idem</strong></span> <span class='ocrx_word' id='word_1_805' title='bbox 2816 5006 3248 5063; x_wconf 87' lang='lat' dir='ltr'><strong>substantialiter</strong></span> <span class='ocrx_word' id='word_1_806' title='bbox 3276 5008 3564 5073; x_wconf 79' lang='lat' dir='ltr'><strong>exstiterit,</strong></span> <span class='ocrx_word' id='word_1_807' title='bbox 3607 5008 3714 5069; x_wconf 77' lang='grc' dir='ltr'><strong>ΒΑ.</strong></span> 
     </span>
    </p>
   </div>
   <div class='ocr_carea' id='block_1_111' title="bbox 2354 5073 3849 5148">
    <p class='ocr_par' dir='ltr' id='par_1_111' title="bbox 2354 5073 3849 5148">
     <span class='ocr_line' id='line_1_113' title="bbox 2354 5073 3849 5148; baseline 0.006 -21"><span class='ocrx_word' id='word_1_808' title='bbox 2354 5073 2463 5148; x_wconf 72' lang='grc'><strong>(87)</strong></span> <span class='ocrx_word' id='word_1_809' title='bbox 2503 5075 2608 5148; x_wconf 70' lang='grc' dir='ltr'><strong>Διᾲ</strong></span> <span class='ocrx_word' id='word_1_810' title='bbox 2652 5076 2775 5148; x_wconf 4' lang='grc' dir='ltr'>τοῦ(</span> <span class='ocrx_word' id='word_1_811' title='bbox 2804 5078 3307 5145; x_wconf 73' lang='grc' dir='ltr'>πολυθρυλλήτου</span> <span class='ocrx_word' id='word_1_812' title='bbox 3357 5078 3849 5148; x_wconf 62' lang='grc' dir='ltr'>παραδείγματος.</span> 
     </span>
    </p>
   </div>
   <div class='ocr_carea' id='block_1_112' title="bbox 2281 5138 3852 5217">
    <p class='ocr_par' dir='ltr' id='par_1_112' title="bbox 2281 5138 3852 5217">
     <span class='ocr_line' id='line_1_114' title="bbox 2281 5138 3852 5217; baseline 0.007 -24"><span class='ocrx_word' id='word_1_813' title='bbox 2281 5138 2703 5217; x_wconf 80' lang='lat' dir='ltr'><strong>Traductissima</strong></span> <span class='ocrx_word' id='word_1_814' title='bbox 2748 5138 3226 5203; x_wconf 68' lang='lat' dir='ltr'><strong>(lenuitiristratione.</strong></span> <span class='ocrx_word' id='word_1_815' title='bbox 3270 5138 3523 5205; x_wconf 52' lang='lat' dir='ltr'><strong>Potes&#39;et</strong></span> <span class='ocrx_word' id='word_1_816' title='bbox 3560 5138 3852 5217; x_wconf 67' lang='lat' dir='ltr'><strong>argumen-</strong></span> 
     </span>
    </p>
   </div>
   <div class='ocr_carea' id='block_1_113' title="bbox 2282 5214 3845 5335">
    <p class='ocr_par' dir='ltr' id='par_1_113' title="bbox 2282 5214 3845 5335">
     <span class='ocr_line' id='line_1_115' title="bbox 2282 5214 3845 5335; baseline 0.007 -72"><span class='ocrx_word' id='word_1_817' title='bbox 2282 5214 2538 5335; x_wconf 51' lang='grc' dir='ltr'>ξηιὶρηὲειιι</span> <span class='ocrx_word' id='word_1_818' title='bbox 2568 5216 2648 5270; x_wconf 88' lang='lat' dir='ltr'><strong>vel</strong></span> <span class='ocrx_word' id='word_1_819' title='bbox 2679 5217 3039 5271; x_wconf 88' lang='lat' dir='ltr'><strong>inductionem</strong></span> <span class='ocrx_word' id='word_1_820' title='bbox 3066 5235 3173 5274; x_wconf 89' lang='lat' dir='ltr'><strong>non</strong></span> <span class='ocrx_word' id='word_1_821' title='bbox 3204 5221 3545 5275; x_wconf 87' lang='lat' dir='ltr'><strong>incommode</strong></span> <span class='ocrx_word' id='word_1_822' title='bbox 3575 5214 3845 5289; x_wconf 73' lang='lat' dir='ltr'><strong>interpre-</strong></span> 
     </span>
     <span class='ocr_line' id='line_1_116' title="bbox 2304 5295 2533 5335; baseline 0.009 -2"><span class='ocrx_word' id='word_1_823' title='bbox 2304 5295 2403 5335; x_wconf 84' lang='lat' dir='ltr'><strong>art.</strong></span> <span class='ocrx_word' id='word_1_824' title='bbox 2479 5300 2533 5335; x_wconf 75' lang='grc' dir='ltr'><strong>Α.</strong></span> 
     </span>
    </p>
   </div>
   <div class='ocr_carea' id='block_1_114' title="bbox 2282 5290 2533 5337">
    <p class='ocr_par' dir='ltr' id='par_1_114' title="bbox 2282 5290 2533 5337">
     <span class='ocr_line' id='line_1_117' title="bbox 2282 5290 2533 5337; baseline 0.012 -4"><span class='ocrx_word' id='word_1_825' title='bbox 2282 5290 2403 5336; x_wconf 88' lang='lat' dir='ltr'><strong>tari.</strong></span> <span class='ocrx_word' id='word_1_826' title='bbox 2437 5290 2533 5337; x_wconf 78' lang='grc' dir='ltr'><strong>ΒΑ.</strong></span> 
     </span>
    </p>
   </div>
   <div class='ocr_carea' id='block_1_115' title="bbox 2350 5353 3846 5427">
    <p class='ocr_par' dir='ltr' id='par_1_115' title="bbox 2350 5353 3846 5427">
     <span class='ocr_line' id='line_1_118' title="bbox 2350 5353 3846 5427; baseline 0.005 -20"><span class='ocrx_word' id='word_1_827' title='bbox 2350 5353 2461 5425; x_wconf 88' lang='lat'><strong>(88)</strong></span> <span class='ocrx_word' id='word_1_828' title='bbox 2478 5353 2628 5427; x_wconf 72' lang='lat' dir='ltr'><strong>_Toi&#39;c</strong></span> <span class='ocrx_word' id='word_1_829' title='bbox 2659 5354 2922 5427; x_wconf 80' lang='grc' dir='ltr'>Ζδίοις....</span> <span class='ocrx_word' id='word_1_830' title='bbox 2964 5358 3220 5426; x_wconf 74' lang='grc' dir='ltr'>πτεροῖς.</span> <span class='ocrx_word' id='word_1_831' title='bbox 3260 5358 3386 5414; x_wconf 92' lang='lat' dir='ltr'><strong>Suis</strong></span> <span class='ocrx_word' id='word_1_832' title='bbox 3420 5358 3520 5413; x_wconf 85' lang='lat' dir='ltr'><strong>sibi</strong></span> <span class='ocrx_word' id='word_1_833' title='bbox 3557 5357 3658 5412; x_wconf 91' lang='lat' dir='ltr'><strong>alis</strong></span> <span class='ocrx_word' id='word_1_834' title='bbox 3704 5362 3846 5427; x_wconf 88' lang='lat' dir='ltr'><strong>capti</strong></span> 
     </span>
    </p>
   </div>
   <div class='ocr_carea' id='block_1_116' title="bbox 2271 5423 3848 5548">
    <p class='ocr_par' dir='ltr' id='par_1_116' title="bbox 2271 5423 3848 5548">
     <span class='ocr_line' id='line_1_119' title="bbox 2271 5423 3848 5548; baseline 0.007 -73"><span class='ocrx_word' id='word_1_835' title='bbox 2271 5433 2420 5476; x_wconf 82' lang='lat' dir='ltr'><strong>sunt.</strong></span> <span class='ocrx_word' id='word_1_836' title='bbox 2443 5423 2822 5548; x_wconf 34' lang='lat' dir='ltr'><strong>)Provéerbium</strong></span> <span class='ocrx_word' id='word_1_837' title='bbox 2883 5429 2951 5483; x_wconf 91' lang='lat' dir='ltr'><strong>ab</strong></span> <span class='ocrx_word' id='word_1_838' title='bbox 3005 5423 3194 5485; x_wconf 75' lang='lat' dir='ltr'><strong>avibus</strong></span> <span class='ocrx_word' id='word_1_839' title='bbox 3240 5430 3389 5485; x_wconf 88' lang='lat' dir='ltr'><strong>visco</strong></span> <span class='ocrx_word' id='word_1_840' title='bbox 3441 5423 3848 5486; x_wconf 70' lang='lat' dir='ltr'><strong>obbwrentibus</strong></span> 
     </span>
     <span class='ocr_line' id='line_1_120' title="bbox 2271 5504 2682 5548; baseline 0 0"><span class='ocrx_word' id='word_1_841' title='bbox 2271 5504 2557 5548; x_wconf 72' lang='lat' dir='ltr'><strong>SUIIIDHIm.</strong></span> <span class='ocrx_word' id='word_1_842' title='bbox 2629 5512 2682 5548; x_wconf 83' lang='grc' dir='ltr'><strong>Α.</strong></span> 
     </span>
    </p>
   </div>
   <div class='ocr_carea' id='block_1_117' title="bbox 2266 5504 2682 5563">
    <p class='ocr_par' dir='ltr' id='par_1_117' title="bbox 2266 5504 2682 5563">
     <span class='ocr_line' id='line_1_121' title="bbox 2266 5504 2682 5563; baseline 0.005 -14"><span class='ocrx_word' id='word_1_843' title='bbox 2266 5504 2557 5563; x_wconf 82' lang='lat' dir='ltr'><strong>suutptum.</strong></span> <span class='ocrx_word' id='word_1_844' title='bbox 2590 5504 2682 5551; x_wconf 79' lang='grc' dir='ltr'><strong>ΒΑ.</strong></span> 
     </span>
    </p>
   </div>
   <div class='ocr_carea' id='block_1_118' title="bbox 2343 5562 2898 5639">
    <p class='ocr_par' dir='ltr' id='par_1_118' title="bbox 2343 5562 2898 5639">
     <span class='ocr_line' id='line_1_122' title="bbox 2343 5562 2898 5639; baseline 0.007 -22"><span class='ocrx_word' id='word_1_845' title='bbox 2491 5566 2626 5639; x_wconf 76' lang='lat' dir='ltr'><strong>forte</strong></span> <span class='ocrx_word' id='word_1_846' title='bbox 2654 5565 2898 5639; x_wconf 85' lang='grc' dir='ltr'>μυθώδη.</span> 
     </span>
    </p>
   </div>
   <div class='ocr_carea' id='block_1_119' title="bbox 2348 5635 3843 5710">
    <p class='ocr_par' dir='ltr' id='par_1_119' title="bbox 2348 5635 3843 5710">
     <span class='ocr_line' id='line_1_123' title="bbox 2348 5635 3843 5710; baseline 0.005 -22"><span class='ocrx_word' id='word_1_847' title='bbox 2348 5635 2823 5710; x_wconf 14' lang='grc' dir='ltr'>(90)-4Αρτογγομία</span> <span class='ocrx_word' id='word_1_848' title='bbox 2851 5635 2958 5706; x_wconf 54' lang='lat' dir='ltr'><strong>hic</strong></span> <span class='ocrx_word' id='word_1_849' title='bbox 2979 5640 3238 5708; x_wconf 78' lang='grc' dir='ltr'>πλάνης.</span> <span class='ocrx_word' id='word_1_850' title='bbox 3266 5641 3574 5696; x_wconf 84' lang='lat' dir='ltr'><strong>Auctoritas</strong></span> <span class='ocrx_word' id='word_1_851' title='bbox 3599 5642 3843 5710; x_wconf 64' lang='lat' dir='ltr'><strong>quaedam</strong></span> 
     </span>
    </p>
   </div>
   <div class='ocr_carea' id='block_1_120' title="bbox 2273 5706 3845 5785">
    <p class='ocr_par' dir='ltr' id='par_1_120' title="bbox 2273 5706 3845 5785">
     <span class='ocr_line' id='line_1_124' title="bbox 2273 5706 3845 5785; baseline 0.008 -29"><span class='ocrx_word' id='word_1_852' title='bbox 2273 5706 2773 5785; x_wconf 49' lang='lat' dir='ltr'><strong>errandi.ml_le5pi_eit</strong></span> <span class='ocrx_word' id='word_1_853' title='bbox 2798 5710 2864 5764; x_wconf 89' lang='lat' dir='ltr'><strong>ad</strong></span> <span class='ocrx_word' id='word_1_854' title='bbox 2892 5706 3176 5785; x_wconf 78' lang='lat' dir='ltr'><strong>supercilia</strong></span> <span class='ocrx_word' id='word_1_855' title='bbox 3205 5706 3845 5785; x_wconf 49' lang='lat' dir='ltr'><strong>plnilosopbicaflnsigne</strong></span> 
     </span>
    </p>
   </div>
   <div class='ocr_carea' id='block_1_121' title="bbox 2278 5776 3770 5849">
    <p class='ocr_par' dir='ltr' id='par_1_121' title="bbox 2278 5776 3770 5849">
     <span class='ocr_line' id='line_1_125' title="bbox 2278 5776 3770 5849; baseline 0.007 -22"><span class='ocrx_word' id='word_1_856' title='bbox 2278 5776 2382 5831; x_wconf 84' lang='lat' dir='ltr'><strong>tale</strong></span> <span class='ocrx_word' id='word_1_857' title='bbox 2418 5776 2467 5830; x_wconf 92' lang='lat' dir='ltr'><strong>in</strong></span> <span class='ocrx_word' id='word_1_858' title='bbox 2505 5776 2546 5831; x_wconf 90' lang='grc' dir='ltr'>Τ</span> <span class='ocrx_word' id='word_1_859' title='bbox 2553 5776 2877 5849; x_wconf 78' lang='lat' dir='ltr'><strong>beOpbrasto</strong></span> <span class='ocrx_word' id='word_1_860' title='bbox 2913 5776 3166 5837; x_wconf 79' lang='lat' dir='ltr'><strong>describit</strong></span> <span class='ocrx_word' id='word_1_861' title='bbox 3204 5776 3641 5840; x_wconf 49' lang='lat' dir='ltr'><strong>Encas—noster.</strong></span> <span class='ocrx_word' id='word_1_862' title='bbox 3675 5776 3770 5837; x_wconf 62' lang='grc' dir='ltr'><strong>Βλῖ</strong></span> 
     </span>
    </p>
   </div>
  </div>
