4154 6576
611 425 744 501 1131

1637 426 2039 490 ZACHARI/E
2078 422 2512 489 MITYLENES
2551 424 2892 489 EPISCOP’I

3757 421 3900 493 1132

611 523 864 620 largitate
909 542 1133 616 Opificis
1173 555 1292 598 csse
1335 540 1694 607 immortales,
1727 542 1892 613 29o
1927 552 1983 598 et
2031 558 2176 612 nequi

2310 541 2496 614 vospatl.
2541 540 2752 609 φύσεις,
2785 540 2868 593 ὅτι
2910 537 2987 611 μὴ
3014 538 3082 593 δι’
3113 539 3364 611 ἀνάγκην
3407 539 3508 611 τῆς
3554 539 3767 597 ἑαυτῶν
3793 541 3898 611 φῦ-

607 639 862 694 secunda:
889 637 1055 692 sortis
1085 635 1264 706 in0pia
1296 635 1350 689 in
1371 636 1547 705 prima
1568 648 1693 689 esse
1713 637 2026 699 collocatas,
2051 646 2108 687 ut
2141 635 2193 688 in

606 729 844 798 primum
888 725 1241 798 principium,
1270 734 1327 780 et
1361 723 1537 780 solum
1582 739 1854 780 summum
1888 725 2062 795 ipsum
2099 725 2196 778 ho-

607 836 736 875 num
768 828 824 875 et
854 835 1020 874 unum
1071 818 1445 884 intuerentur;
1497 831 1563 871 ac
1614 832 1891 886 nunquam
1932 817 2196 870 satiaren-

609 922 700 968 tur
737 907 1199 982 contemplatione
1241 909 1324 963 sui
1366 907 1754 974 benefactoris,
1789 915 2037 962 amarent
2082 905 2193 977 regi

608 1018 664 1060 et
714 1004 1077 1059 illustratione
1127 1000 1309 1055 divina
1362 1001 1591 1072 perfrui,
1650 1001 1887 1070 odioque
1927 999 2195 1055 baberent

608 1095 944 1152 anarchiam.
979 1092 1155 1150 Simul
1181 1101 1363 1149 autem
1411 1093 1684 1148 excedens
1719 1091 1813 1147 Dei
1851 1092 2093 1161 potentia
2139 1101 2194 1148 et

608 1188 874 1256 sapientia
917 1186 1275 1256 conspicitur,
1313 1183 1405 1254 qui
1452 1182 1703 1238 mortalia
1753 1182 1932 1239 effecit
1969 1184 2195 1239 immor-

611 1279 763 1344 talia,
798 1292 897 1333 nec
926 1275 1196 1340 concedit,
1231 1284 1290 1330 ut
1323 1281 1567 1329 nostram
1610 1272 2001 1328 mortalitatem
2039 1273 2193 1343 peni-

609 1381 697 1426 tus
740 1371 1069 1441 ignoremus,
1105 1375 1198 1423 aut
1250 1378 1309 1422 ut
1339 1366 1392 1422 in
1424 1380 1486 1422 ea
1523 1380 1962 1436 permaneamus,
2003 1380 2192 1436 quem-

608 1462 895 1516 admodum
946 1459 1182 1530 prodidit
1232 1455 1432 1526 aliquis
1489 1464 1804 1513 nostrorum
1859 1454 2188 1526 sapientum.

608 1556 786 1621 Quare
831 1568 1021 1608 eorum
1066 1565 1189 1622 qua:
1237 1565 1403 1607 sensu
1460 1549 1860 1620 percipiuntur,
1906 1548 2192 1605 dissolutio

605 1662 711 1703 non
738 1659 1031 1715 perennem
1069 1641 1350 1697 interitum
1385 1640 1647 1695 universo
1680 1638 1859 1694 affert.
1912 1639 2004 1695 Sic
2045 1639 2190 1695 enim

605 1739 657 1793 id
683 1736 830 1807 quod
864 1737 945 1800 iit,
989 1734 1220 1790 alterum
1273 1748 1303 1787 a
1331 1732 1442 1788 Deo
1481 1741 1648 1798 esset,
1683 1746 1860 1801 neque
1907 1747 1937 1785 a
1979 1746 2192 1787 smnmo

603 1829 748 1885 bono
792 1827 1153 1898 procederet:
1184 1824 1278 1879 sed
1327 1823 1597 1878 rationem
1639 1821 1850 1875 invenit
1876 1821 2067 1893 ingens
2101 1820 2188 1875 illa

2301 651 2461 698 σεως,
2502 633 2640 687 ἀλλὰ
2675 632 2817 686 κατά
2864 632 3077 704 δωρεάν
3119 633 3214 686 τοῦ
3252 631 3598 706 Δημιουργοῦ
3625 633 3730 702 (5),
3757 633 3894 688 ἀθά-

2298 741 2447 777 νατοι
2478 723 2759 792 γεγόνασι,
2789 723 2883 776 καὶ
2905 724 3006 776 οὐκ
3034 722 3239 794 ἀπορίᾳ
3283 721 3547 793 δευτέρας
3581 721 3799 793 μοίρας,
3835 723 3898 775 ὲν

2296 817 2364 888 τῇ
2397 814 2592 889 πρώτῃ
2617 814 2948 887 ἐτάχθησαν,
2976 816 3053 879 ὼς
3075 814 3142 869 ἂν
3167 815 3307 886 πρὸς
3325 814 3427 884 τὴν
3453 812 3679 886 πρώτην
3705 815 3890 886 ἀρχὴν

2298 906 2396 959 καὶ
2450 906 2622 978 μόνην
2661 904 2796 961 αὐτὸ
2830 905 2879 958 τ’
2904 905 3110 974 ἀγαθὸν
3148 905 3246 958 καὶ
3284 903 3347 958 τὸ
3382 903 3439 957 ἓν
3485 903 3758 975 βλέποιεν,
3796 905 3898 958 καὶ

2300 997 2571 1069 μηδέποτε
2622 998 2785 1070 κόρον
2810 996 3029 1052 λάϐοιεν
3055 998 3153 1067 τῆς
3177 994 3410 1066 Θεωρίας
3437 994 3535 1048 τοῦ
3566 995 3893 1066 εὐεργέτου,

2295 1089 2593 1159 ἀγαπῶσαι
2613 1089 2675 1142 τὸ
2702 1088 2968 1159 ἄρχεσθαι
2993 1087 3088 1142 καὶ
3114 1088 3214 1158 τῆς
3234 1086 3567 1159 ὲκλάμψεως
3591 1088 3895 1143 ἀπολαύειν

2295 1179 2449 1235 ἐσαεὶ
2477 1180 2525 1234 τ’
2562 1179 2794 1249 ἀγαθοῦ,
2852 1179 2949 1233 καὶ
2997 1179 3197 1251 μισῶσι
3239 1178 3341 1251 τὴν
3394 1180 3686 1253 ἀναρχίαν.
3736 1180 3894 1249 Ἀμα

2293 1273 2375 1338 δὲ,
2412 1274 2506 1327 καὶ
2540 1273 2834 1345 περιουσία
2866 1273 3152 1344 δυνάμεως
3183 1274 3278 1327 καὶ
3311 1272 3506 1344 σοφίας
3544 1272 3681 1327 Θεοῦ
3711 1289 3890 1328 κατα·

2294 1366 2568 1435 φαίνεται,
2612 1366 2680 1419 τὰ
2727 1364 2900 1435 θνητά
2949 1364 3233 1428 ποιοῦντος
3279 1365 3548 1433 ἀθάνατα,
3601 1366 3699 1419 καὶ
3749 1367 3888 1437 μήτε

2292 1457 2355 1512 τὸ
2383 1457 2578 1528 θνητὸν
2595 1459 2744 1529 ἡμᾶς
2769 1457 3010 1526 ἀγνοεῖν,
3038 1458 3178 1529 μήτε
3201 1459 3260 1512 ἐν
3286 1457 3436 1530 αὑτῷ
3460 1458 3740 1531 διαμένειν
3766 1477 3892 1528 συγο

2293 1545 2692 1625 χωροῦντος,ᾖ
2742 1551 2888 1622 φησί
2938 1567 3025 1614 τις
3072 1551 3181 1606 τῶν
3229 1552 3355 1605 καθ’
3385 1553 3535 1623 ἡμᾶς
3572 1553 3772 1621 σοφῶν.
3819 1553 3888 1608 Ἦ

2293 1641 2474 1696 τοίνυν
2506 1640 2661 1705 λύσις
2702 1641 2813 1695 τῶν
2850 1641 3148 1713 αἰσθητῶν,
3180 1644 3239 1696 οῦ
3271 1643 3497 1714 διηνεκῆ
3527 1644 3735 1716 φθοράν
3767 1646 3885 1700 sf».

2293 1734 2417 1802 άγει
2471 1732 2550 1802 τῷ
2587 1734 2788 1786 παντίο
2843 1728 2879 1804 ἦ
2925 1735 3034 1804 γὰρ
3076 1734 3164 1797 ἂν,
3209 1735 3346 1789 Θεοῦ
3393 1735 3677 1806 ἀλλότριον
3714 1732 3784 1808 ἧν
3822 1738 3886 1791 ea

2293 1822 2600 1893 γινόμενον,
2632 1825 2726 1878 καὶ
2767 1824 2828 1877 οὐ
2871 1825 3009 1896 πρὸς
3053 1824 3260 1894 ἀγαθοῦ
3309 1824 3385 1897 (6)
3413 1841 3426 1854 ·
3456 1825 3573 1881 ἀλλ’
3601 1826 3884 1899 ἐμηχανή-

602 1923 660 1970 et
687 1915 838 1970 varia
872 1913 964 1969 Dei
991 1912 1260 1982 sapientia
1293 1927 1400 1982 qua
1428 1926 1525 1982 per
1555 1910 1970 1967 dissolutionem
1999 1912 2176 1966 huma-

2292 1932 2424 1969 σατο
2457 1917 2492 1987 ἡ
2528 1915 2740 1986 μεγάλη
2767 1917 2863 1969 καὶ
2891 1917 3264 1986 παμποίκιλος
3293 1917 3386 1970 τοῦ
3419 1917 3556 1970 Θεοῦ
3586 1919 3770 1986 σοφία,
3793 1898 3882 1972 διά

605 2022 797 2062 norum
835 2020 1124 2076 corporum
1178 2003 1392 2059 tolleret
1439 2002 1749 2069 interitum,
1785 2017 1943 2073 quem
1985 2003 2186 2058 malum

605 2097 929 2162 introduxit,
972 2106 1027 2151 et
1076 2095 1542 2151 immortalitatem
1589 2096 2024 2151 communicaret
2064 2111 2186 2151 cum

604 2187 948 2255 mortalibus,
985 2196 1042 2242 ut
1071 2187 1320 2245 homines
1342 2198 1466 2258 post
1497 2187 1897 2259 experientiam
1931 2188 2187 2244 interitus

600 2290 656 2334 et
686 2279 1077 2344 dissolutionis,
1123 2277 1249 2334 odio
1289 2277 1552 2333 haberent
1594 2293 1818 2334 causam
1869 2278 2185 2334 dissolutio-

601 2372 706 2437 nis,
764 2387 925 2442 quam
979 2369 1178 2425 malum
1224 2385 1346 2427 esse
1393 2369 1733 2427 dicebamus.
1791 2369 2066 2427 Praeterea
2131 2381 2187 2427 et

599 2473 826 2533 possent
860 2462 1166 2534 intelligere
1195 2477 1262 2519 ex
1307 2464 1466 2532 hujus
1515 2465 1754 2520 universi
1806 2465 2182 2533 dissolutione,

596 2564 652 2608 et
682 2554 1089 2621 reformatione,
1121 2563 1177 2611 et
1208 2555 1585 2611 communiore
1609 2566 1777 2627 atque
1808 2555 2184 2628 frequentiore

595 2648 900 2704 mutatione
934 2649 1111 2718 ipsum
1173 2661 1319 2717 esse,
1357 2650 1449 2720 qui
1487 2650 1760 2721 principio
1806 2651 2056 2706 condidit
2096 2665 2183 2707 eo.

597 2754 718 2795 rum
763 2755 884 2810 qua:
917 2749 1242 2807 cernuntur,
1293 2741 1697 2812 magnitudines
1744 2751 1800 2798 et
1848 2745 2081 2813 species,
2115 2759 2182 2802 ac

595 2840 848 2902 Oportere
900 2832 1092 2887 horum
1157 2833 1619 2904 contemplatione
1666 2836 2179 2904 prmstantissimum

593 2923 844 2992 opificem
887 2922 1166 2994 suspicere
1211 2933 1263 2978 et
1311 2923 1595 2991 admirari,
1631 2940 1808 2995 neque
1844 2927 1910 2981 iis
1959 2942 2079 2999 quae
2112 2931 2180 2984 ab

594 3015 714 3079 ipso
742 3025 1024 3082 procreata
1061 3023 1209 3079 sunt,
1245 3013 1587 3070 divinitatem
1619 3015 1924 3071 attribuere
1961 3026 2181 3088 propter

595 3102 1054 3176 pulchritudinem
1103 3116 1158 3160 et
1189 3105 1603 3161 consonantiam
1630 3117 1687 3162 et
1711 3119 2037 3164 concentum
2083 3125 2176 3178 ap-

2289 2007 2390 2077 τῆς
2421 2005 2630 2072 λύσεως
2668 2006 2781 2060 τῶν
2823 2006 3183 2078 ἀνθρωπίνων
3231 2008 3525 2078 σωμάτων,
3572 2008 3879 2062 καταλῦσαι

2289 2097 2389 2168 τὴν
2424 2096 2657 2169 φθορὰν,
2703 2099 2770 2167 ἣν
2803 2099 3146 2169 εἰσενήνοχεν
3188 2100 3222 2169 ἡ
3256 2099 3448 2163 κακία,
3489 2099 3587 2153 καὶ
3614 2098 3718 2168 τῆς
3749 2099 3882 2153 ἀθα-

2286 2187 2481 2250 νασίας
2508 2187 2834 2258 μεταδοῦναι
2869 2191 2982 2252 τοῖς
3019 2188 3264 2260 θνητοῖς⁶
3300 2190 3376 2255 ὡς
3418 2189 3484 2245 ἂν
3519 2191 3568 2243 oi
3601 2191 3880 2263 ἄνθρωποι

2290 2277 2430 2347 μετὰ
2464 2277 2562 2348 τὴν
2595 2278 2792 2349 πεῖραν
2818 2278 2918 2349 τῆς
2951 2277 3160 2349 φθορᾶς
3179 2280 3272 2332 καὶ
3299 2277 3400 2349 τῆς
3429 2278 3753 2344 διαλύσεως,
3790 2297 3879 2350 μισ

2289 2372 2432 2422 σοῖεν
2459 2369 2556 2442 τὴν
2577 2370 2759 2425 αἰτίαν
2786 2371 2885 2442 τῆς
2906 2371 3205 2436 διαλύσεως
3223 2389 3238 2404 ο
3262 2373 3440 2428 αἰτίαν
3460 2374 3516 2427 δὲ
3535 2373 3746 2446 ταύτης
3779 2376 3878 2444 τὴν

2285 2462 2485 2517 κακίαν
2514 2463 2796 2534 ἐλέγομεν.
2825 2463 2948 2517 Ἔτι
2969 2464 3016 2518 δ’
3045 2464 3115 2519 αὖ
3153 2465 3247 2519 καὶ
3295 2466 3594 2536 μανθάνειν
3649 2467 3874 2538 ἔχοιμεν

2284 2554 2372 2608 διὰ
2397 2554 2500 2626 τῆς
2521 2555 2677 2610 τοῦδε
2703 2554 2797 2609 τοῦ
2823 2555 3022 2620 παντὸς
3052 2557 3262 2622 λύσεώς
3281 2575 3341 2611 τε
3371 2559 3466 2611 καὶ
3491 2559 3874 2625 ἀναπλάσεως,

2284 2645 2381 2699 καὶ
2416 2647 2518 2717 τῆς
2562 2645 3051 2717 ἀμφιλαφεστέρας
3102 2647 3434 2719 μεταϐολῆς,
3466 2648 3544 2713 ὡς
3580 2646 3747 2712 αὐτὸς
3776 2645 3872 2722 ἦν,

2282 2737 2311 2789 ό
2334 2738 2428 2791 καὶ
2461 2736 2557 2808 τὴν
2585 2737 2761 2810 ἀρχὴν
2787 2739 3206 2812 δημιουργήσας
3230 2740 3300 2794 τὰ
3341 2740 3550 2811 μεγέθη
3575 2741 3673 2795 καὶ
3699 2741 3872 2815 κάλλη

2280 2830 2389 2886 τῶν
2417 2833 2740 2902 ὁρωμένων·
2770 2833 2866 2886 καὶ⁵
2891 2831 2966 2896 ὡς
2991 2833 3099 2887 ἔδει
3129 2833 3219 2888 διά
3250 2834 3353 2904 τῆς
3385 2833 3568 2889 αὐτῶν
3611 2833 3871 2906 θεωρίας,

2279 2920 2373 2975 τὸν
2420 2921 2808 2994 άριστοτέχνην
2840 2921 2916 2995 (7)
2964 2922 3273 2995 ἀγασθῆναί
3313 2941 3372 2978 τε
3417 2925 3515 2982 καὶ
3562 2925 3866 2994 θαυμάσαι,

2280 3015 2378 3067 καὶ
2407 3014 2482 3085 μὴ
2510 3016 2624 3078 τοῖς
2657 3015 2795 3086 πρὸς
2820 3015 2989 3070 αὑτοῦ
3025 3018 3421 3089 πεποιημένοις
3454 3017 3556 3091 τὴν
3585 3018 3870 3089 θεολογίαν

2278 3107 2483 3176 ἀνάψαι
2513 3107 2602 3162 διὰ
2627 3111 2687 3162 τὸ
2717 3108 2914 3173 κάλλος
2957 3109 3052 3163 καὶ
3092 3110 3192 3180 τὴν
3230 3108 3506 3182 εῦρυθμον
3544 3111 3868 3181 συμφωνίαν

592 3195 769 3264 prime
813 3205 1223 3264 congruentem.
1273 3194 1472 3266 Sicque
1513 3195 1820 3267 iustissime
1849 3199 2038 3268 puniet
2083 3215 2176 3256 eos

2282 3200 2374 3252 καὶ
2396 3200 2688 3270 ἁρμονίαν.
2718 3201 2876 3254 υῦτω
2905 3217 2966 3255 τε
2999 3200 3317 3256 δικαιότατα
3346 3201 3568 3257 κολάσει
3597 3203 3726 3266 τοὺς
3749 3202 3867 3255 Oso-

593 3287 686 3355 qui
750 3286 920 3356 ipsius
971 3287 1189 3358 opificis
1248 3298 1577 3343 consecrant
1638 3298 1693 3345 et
1747 3290 2175 3346 dominationem

2280 3259 2573 3360 λογοῦντας
2600 3291 2767 3347 αὐτοῦ
2799 3291 2870 3346 τά
2914 3295 3221 3365 ποιήματα,
3250 3295 3349 3348 καὶ
3369 3295 3469 3367 τὴν
3498 3295 3668 3368 μόνην
3699 3293 3865 3349 αὑτοῦ

596 3379 768 3446 ipsius
819 3377 990 3433 solam
1040 3388 1263 3448 negant,
1300 3394 1362 3434 ac
1389 3378 1706 3436 fabulantur
1747 3385 2006 3438 mundum
2055 3399 2178 3440 esse

592 3481 923 3524 coaeteruunt
955 3470 1004 3526 ei
1048 3471 1134 3526 cui
1173 3471 1276 3527 soli
1323 3472 1603 3529 :eternitas
1640 3474 1918 3540 convenit,
1952 3490 2177 3547 remque

592 3571 932 3631 procreatam
970 3574 1252 3633 opponunt
1293 3563 1666 3632 Procrcatori,
1716 3567 2176 3638 quemadmodum

592 3658 668 3710 ait
694 3671 919 3728 magnus
949 3658 1037 3714 ille
1073 3659 1320 3715 veritatis
1351 3669 1595 3716 assertor
1621 3659 1947 3730 Gregorius.

665 3747 727 3803 B.
765 3748 932 3806 liccte
978 3765 1194 3820 narras,
1229 3764 1285 3808 et
1312 3767 1378 3808 ex
1415 3752 1825 3823 comparatione
1856 3753 2170 3808 summatim

591 3844 771 3898 cmnia
795 3859 1112 3915 recensens,
1137 3845 1504 3902 differentiam
1532 3846 1798 3918 aperuisti
1830 3846 2168 3916 Opinionum,

588 3945 645 3988 ct
675 3944 938 4004 quantum
971 3937 1152 3992 lumen
1203 3953 1232 3994 a
1277 3939 1516 3994 tenebris
1546 3937 1784 4001 differat.
1830 3946 2040 3991 tantum
2085 3936 2174 3991 in-

593 4039 798 4084 teresse
841 4029 982 4086 inter
1021 4039 1238 4086 vestras
1288 4030 1588 4086 sententias
1633 4039 1688 4084 et
1739 4028 1952 4082 fabulas
2001 4043 2170 4098 paga-

589 4137 715 4187 nas,
759 4122 1014 4178 docuisti.
1065 4124 1172 4179 Sed
1236 4123 1405 4189 istud,
1455 4122 1728 4178 fortunate
1788 4120 1973 4190 homo,
2036 4119 2170 4176 mihi

587 4225 806 4281 quoque
833 4213 1099 4270 declarari
1131 4225 1266 4269 aveo
1301 4222 1356 4268 et
1384 4223 1538 4282 rogo,

590 4366 796 4437 litatem
829 4382 1009 4424 rerum
1036 4366 1383 4437 presentium
1413 4366 1573 4437 nobis
1593 4363 2163 4437 imaginaremur._B/t.

588 4436 893 4508 Legebatur
924 4434 1080 4490 antéa
1119 4436 1387 4504 νοσῶμεν.
1415 4434 1571 4491 Unde
1610 4435 1992 4491 Genehrardus
2034 4435 2170 4508 lide-

2275 3380 2596 3436 δεσποτείαν
2615 3382 3006 3454 ἀρνουμένους,
3032 3385 3128 3438 καὶ
3154 3385 3428 3440 συναΐδιον
3448 3383 3590 3440 εἶναι
3612 3386 3692 3458 τῷ
3717 3387 3866 3459 μόνῳ

2274 3472 2431 3543 ἀϊδίῳ
2473 3474 2566 3528 τὸν
2611 3476 2819 3546 κόσμον
2866 3474 3336 3547 μυθολογοῦντας,
3390 3478 3491 3532 καὶ
3542 3480 3643 3551 τὴν
3688 3479 3866 3533 κτίσιν

2275 3565 2678 3630 ὲπανιστάντας
2723 3565 2802 3638 τῷ
2851 3567 3138 3634 Κτίσαντι,
3188 3563 3223 3644 ᾖ
3269 3587 3436 3642 φησιν
3480 3571 3510 3625 ὀ
3554 3571 3733 3643 μέγας
3763 3573 3866 3643 τῆς

2275 3655 2540 3728 ἀληθείας
2566 3657 2885 3722 διδάσκαλος
2914 3659 3239 3731 Γρηγόριος.

2349 3749 2410 3804 Β.
2444 3749 2642 3814 Καλῶς
2664 3750 2865 3820 λέγεις,
2891 3754 2986 3805 καὶ
3009 3754 3644 3828 ἀνακεφαλαιωσάμενος
3669 3754 3734 3812 ὲκ
3756 3776 3862 3813 παι

2277 3839 2576 3910 ραθέσεως,
2608 3839 2668 3894 τὸ
2689 3841 2948 3916 διάφορον
2977 3844 3188 3911 ἔδειξας
3222 3848 3330 3902 τῶν
3356 3837 3736 3921 δοξασμάτων,
3766 3853 3862 3907 καὶ

2277 3932 2404 3986 ὅσον
2456 3932 2519 3985 τὸ
2569 3933 2686 4002 φῶς
2739 3935 2834 3989 τοῦ
2875 3937 3102 4002 σκότους
3139 3940 3438 4012 διενήνοχε,
3481 3941 3738 3998 τοσοῦτον
3792 3947 3860 3998 τά

2279 4022 2521 4095 ὑμέτερα
2567 4024 2883 4099 δοξάσματα
2921 4028 3032 4084 τῶν
3093 4029 3424 4103 Ἑλληνικῶν
3468 4033 3859 4107 μυθολογημά-

2275 4133 2386 4170 των
2421 4116 2522 4189 (8).
2572 4117 2747 4173 Τοῦτο
2789 4120 2847 4174 δέ
2890 4139 3007 4192 μοι,
3046 4117 3092 4180 ὦ
3142 4126 3417 4198 μακάριε,
3461 4127 3857 4201 σαφηνισθῆναι

2276 4209 2536 4283 γλίχομαι
2565 4211 2663 4268 καὶ
2688 4212 2976 4272 ἀντιϐολῶ.

2277 4366 2462 4445 tradit,
2491 4381 2751 4445 non_e_sse
2780 4367 2850 4445 ab
2876 4370 3089 4445 origine
3109 4387 3220 4445 sua
3250 4374 3466 4434 animas
3494 4377 3854 4445 immortales.

2275 4441 2370 4492 sed
2405 4439 2548 4513 dono
2577 4438 2665 4513 dei
2687 4454 2721 4513 ;_
2749 4440 2837 4495 cui
2883 4438 3119 4513 dogmati
3153 4447 3425 4501 consentit
3452 4446 3628 4503 Plato.
3663 4449 3730 4505 Et
3765 4438 3850 4506 sui

585 4507 712 4597 liter
739 4517 1097 4589 expresserat
1151 4525 1163 4560 :
1210 4508 1600 4597 ne_perenqr‘tiler
1656 4507 2168 4597 wgroraremur.rAt
2198 4541 2243 4597 Β
2278 4509 2540 4597 temporis
2575 4508 2824 4597 homines
2873 4507 3110 4597 traducit
3147 4514 3440 4585 Lucianus,
3484 4520 3628 4597 quod
3663 4534 3695 4573 a
3727 4537 3855 4575 cru-

585 4579 780 4654 refecit
804 4573 1014 4647 νοῶμεν
1041 4591 1139 4654 pro
1164 4575 1411 4646 νοσῶμεν
1446 4573 1720 4654 Τρᾼτίιψεέ
1738 4585 1808 4654 et_
1824 4577 2164 4654 commodius
2198 4573 2243 4597 ν
2269 4573 2435 4654 εἰίζιζρ
2459 4577 2678 4654 Christo
2720 4581 2851 4654 tale‘
2867 4583 3072 4654 donum
3096 4573 3516 4654 exspectarent:
3550 4573 3853 4645 Locusiar-

583 4648 872 4716 legendum
904 4645 1118 4700 censuit
1146 4645 1322 4716 supra
1353 4661 1408 4716 p.
1441 4645 1564 4712 158,
1595 4646 1647 4701 6.
1685 4647 1946 4702 Prohibet
1984 4657 2161 4701 tamen

581 4727 841 4772 constans
867 4717 1116 4785 codicum
1144 4717 1636 4785 manuscriptorum
1665 4731 1985 4782 consensus,
2023 4718 2158 4785 regii

582 4733 841 4772 constans
867 4733 1116 4770 coulcum
1144 4733 1636 4785 manuscriptorum
1665 4733 1985 4782 consensus,
2023 4733 2084 4771 re
2123 4733 2158 4771 ll

582 4787 840 4860 nimirum
885 4784 1104 4860 Heurici
1145 4789 1208 4854 ΙΙ,
1240 4788 1532 4860 etAnglici
1574 4788 1890 4860 apographi,
1941 4801 2008 4841 ue
2056 4733 2163 4843 iliis

581 4856 970 4922 assentiamur,
1001 4857 1094 4927 qui
1133 4856 1656 4929 utrobiqneﬁlcgunt
1682 4856 1968 4929 ’νοσῶμεν,
2004 4867 2061 4910 ut
2102 4874 2164 4911 ne

579 4936 833 4997 retentum
886 4938 1282 4997 wgrotaremus.
1351 4927 1733 4997 Suilragantur
1801 4927 1964 4984 etiam
2037 4929 2164 4982 huic

581 4995 1036 5068 lectionisimiles
1061 5002 1200 5066 apud
1235 4995 1593 5068 Epiphaniam
1629 5003 1918 5054 sententia:
1951 4998 2158 5053 llaaresi

580 5067 669 5132 64,
701 5082 753 5140 ρ.
789 5066 894 5140 §45
925 5085 939 5121 :
977 5068 1168 5140 Ὅπως
1200 5066 1291 5122 διά
1319 5066 1420 5138 τῆς
1451 5067 1660 5140 λύσεως
1692 5069 1787 5123 τοῦ
1821 5068 2070 5140 σώματος
2100 5069 2162 5122 τὺ

577 5140 636 5213 ὲν
675 5137 824 5213 atth
871 5138 1130 5213 γεννηθὲν
1175 5140 1348 5213 κακὸν
1378 5137 1677 5213 ἀποθάνῃ·
1724 5153 1778 5193 ut
1825 5137 2160 5213 ex'corporis

576 5207 922 5262 dissolutione
966 5207 1219 5280 quidquid
1262 5212 1315 5262 in
1354 5226 1413 5263 eo
1453 5211 1592 5264 male
1618 5207 1936 5280 producunt}
1986 5209 2160 5279 fuerat

576 5278 1023 5333 intermoreretur.
1043 5278 1120 5334 -ιςι
1159 5296 1210 5349 p.
1247 5280 1351 5335 547
1383 5302 1394 5335 :
1429 5279 1543 5333 Ἵνα
1589 5278 1770 5335 τοίνυν
1989 5278 2160 5361 κακὸν

576 5349 847 5403 ἀθάνατον
878 5350 907 5402 ό
935 5349 1223 5405 ἄνθρωπος
1243 5392 1258 5405 .
1287 5351 1320 5405 ἢ
1353 5352 1581 5405 ἀείζωον
1608 5352 1746 5405 ἔνων
1774 5355 1831 5405 ὲν
1889 5368 2038 5405 αυτω
2059 5353 2160 5405 τὴν

575 5349 847 5423 ἀθάνατον
878 5350 907 5402 ό
935 5349 1223 5423 ἄνθρωπος
1243 5392 1258 5416 ,
1287 5351 1321 5423 ἢ
1353 5352 1581 5423 ἀείζωον
1608 5352 1746 5423 ἔχων
1774 5349 1831 5406 ὲν
1860 5349 2038 5421 ἐαυτῷ
2059 5353 2160 5423 τὴν

575 5419 856 5492 ἁμαρτίαν
892 5419 1378 5492 κρατιστεύουσαν,
1440 5427 1468 5476 ό
1516 5419 1849 5486 Θεδξαύτὸν
1882 5423 1969 5476 διὰ
2000 5419 2159 5474 τοῦτο

575 5491 770 5565 θνητὸν
799 5491 1120 5565 ἀπεφήνατο
1152 5493 1438 5564 νεκρότητι
1487 5493 1825 5565 περιϐαλών·
1874 5494 2048 5564 Igitur
2095 5509 2159 5546 ne

573 5562 872 5614 humormle
923 5562 1184 5630 quoddam
1236 5562 1298 5616 uc
1351 5562 1720 5634 sempiternum
1773 5562 1970 5617 malum
2027 5571 2158 5634 esset

572 5635 727 5684 homo
758 5647 820 5683 ac
844 5637 1044 5699 peccati
1061 5635 1372 5699 sempervivt’
1408 5633 1467 5687 in
1487 5652 1597 5688 sese
1627 5635 2040 5687 dominationem
2078 5633 2158 5702 fo-

576 5712 732 5764 veret,
762 5713 1036 5769 propterea
1083 5709 1356 5758 mortalem
1399 5707 1548 5759 illum
1575 5705 1715 5759 Deus
1750 5723 1858 5759 esse
1891 5705 2048 5759 voluit
2096 5719 2157 5756 ac

575 5786 738 5826 morie
760 5774 1050 5827 damnavit.
1098 5775 1228 5830 Duc.

643 5844 720 5914 (5)
748 5847 908 5898 Κατὰ
935 5844 1162 5914 δωρεὰν
1205 5845 1310 5901 τοῦ
1349 5847 1740 5918 Δημιουργοῦ.
1772 5847 1850 5903 ita
1884 5845 2156 5903 Arnobius

2269 4647 2529 4723 nobilest
2577 4648 2673 4723 l_ib.
2712 4665 2793 4723 ιι,
2819 4649 3062 4723 Platonis
3091 4647 3311 4723 Timaeo,
3348 4653 3571 4713 Luciani
3607 4660 3661 4714 iu
3715 4660 3855 4716 libro

2268 4717 2543 4792 demorte
2577 4717 2879 4792 Peregrini.
2917 4723 3013 4777 ΒΑ.

2338 4790 2417 4859 (6)
2453 4791 2537 4843 Οὐ
2583 4790 2738 4866 πρὸξ
2778 4793 3028 4866 ἀγαθοῦ.
3070 4793 3257 4866 Neque
3304 4796 3450 4855 bono
3494 4800 3847 4859 conveniens.

2269 4860 2410 4943 §unt
2435 4874 2660 4943 prorsus
2678 4863 2979 4943 singularia
3013 4868 3130 4943 haec
3149 4860 3292 4943 {sed
3319 4884 3387 4922 ex
3417 4869 3681 4940 majorum
3712 4886 3847 4943 gen-

2269 4930 2402 4984 tiutn
2434 4928 2640 4986 Graecis
2677 4928 2926 4987 Patribus
2959 4928 3226 4992 traducta.
3256 4938 3354 4996 Ba.

2337 5001 2413 5081 ρ)
2469 5001 2951 5081 Ἀριστοτέχνην.
3005 5003 3348 5081 Optintorum
3407 5008 3845 5080 elaboratoretn,

2264 5073 2544 5144 opificem,
2574 5073 2839 5144 artilicem
2887 5073 3462 5144 praestantissimarum
3496 5095 3706 5140 rerum.
3745 5073 3846 5139 νοὲ

2265 5155 2392 5264 εειιὶ
2418 5140 2820 5264 ειδεῗιιηιειιο
2851 5140 2916 5199 ei
2953 5147 3186 5203 Pindaro
3227 5161 3528 5206 mutuatam
3552 5151 3666 5221 jam
3695 5164 3845 5209 nota-

2268 5226 2365 5264 run
2421 5225 2449 5264 a
2478 5227 2533 5264 ιι.
2613 5231 2666 5264 Α.

2268 5220 2392 5264 runt
2421 5214 2533 5266 alii.
2570 5214 2666 5267 ΒΑ.

2264 5350 2276 5362 υ
2336 5282 2412 5362 (β)
2472 5282 2847 5362 Ἑλληνικῶν
2883 5289 3422 5362 ἐπίθοιλοτημάτων.
3452 5289 3847 5362 ‘Nazianzenus

2264 5352 2745 5434 in_ﬁ\porriteti‘s_c.
3024 5352 3309 5434 Θεὸς-’Ὅλη
3341 5363 3384 5416 δ’
3409 5359 3542 5417 αὖτε
3573 5369 3668 5418 καὶ
3701 5367 3847 5420 εἴδεα

2265 5423 2434 5506 μῦθος
2488 5424 3084 5506 ἀφαυρὲςλἙλλῄνων
3117 5423 3382 5506 πινυτόῖσι
3426 5435 3712 5506 ⁸νοούμενα
3767 5437 3845 5500 ὡς

2263 5493 2608 5578 συνάναρκα.·
2645 5493 2800 5578 ῑἚῷπῖ
2811 5499 2924 5578 μὲν
2950 5493 3387 5578 δςᾳ-ῖτλάεξσουσι
3419 5493 3597 5578 θεοίιςζ
3622 5493 3847 5578 μορφὼέ

2263 5580 2410 5646 ματα
2431 5565 2624 5646 σεπτά,
2808 5565 2960 5632 ἔσαν,
2986 5571 3103 5623 ἀλλ’
3132 5573 3400 5646 ἐγένοντο,
3420 5565 3567 5646 Θεοῦ
3585 5565 3845 5646 μεγάλοιο

2261 5633 2529 5716 θέλοντος.
2570 5633 2908 5716 Sci—t‘oliastes
2932 5650 3096 5716 vetus
3121 5657 3137 5697 :
3168 5633 3307 5716 Φέρε
3333 5633 3399 5716 δη
3429 5633 3844 5716 θαυμᾶσῶμεθα

2386 5705 2798 5795 μεγάλην.
2814 5709 2909 5795 τοῦ
2963 5710 3100 5795 Θεοῦ
3132 5705 3317 5795 κτίσιν
3342 5755 3356 5781 ,
3385 5705 3718 5795 ’μαχόμενοί
3747 5718 3844 5771 καὶ

2259 5765 2659 5857 ἐναντιούμενοι
2707 5765 2827 5857 ταῖς
2873 5780 3093 5857 ψευδέσι
3126 5783 3306 5848 δόξαις
3342 5765 3797 5857 ’τῶνΑἚλλήνων
3824 5803 3838 5818 ·

2258 5846 2337 5908 εἷς
2359 5846 2512 5912 Θεὸς
2538 5849 2570 5918 ἡ
2599 5847 2697 5920 ὕλη
2725 5849 2780 5903 δὲ
2806 5846 2899 5906 καῖ
2926 5852 2991 5907 τὰ
3025 5853 3137 5926 εῐδη
3172 5846 3296 5920 τοῖς
3315 5846 3700 5928 συνετωτέροιῖς
3731 5858 3842 5913 τῶν
