4154 6536
577 445 711 511 1135

1595 439 1996 502 ΖΑσΗΑΒΙΕ
2036 435 2466 500 MITYLENES
2505 436 2845 500 EPISCOPI

3697 434 3829 498 1136

572 577 679 631 que
718 558 1004 614 adversum
1029 569 1091 611 ea
1121 568 1240 624 qua:
1269 553 1370 624 ipsi
1409 551 1769 622 imperantur,
1814 551 2145 621 aggreditur,
2179 605 2184 617 η

2287 551 2360 603 ῶν
2399 551 2499 620 τῆς
2531 551 2773 613 δουλείας
2801 550 3001 621 ἔργων,
3040 550 3176 621 μηδὲ
3227 550 3455 604 κατόπιν
3484 550 3553 602 τοι
3586 547 3694 601 τῶν
3727 549 3830 601 σῶν

576 651 670 706 sed
701 656 946 720 prompte
969 662 1094 704 cum
1127 647 1293 702 animi
1330 645 1606 716 voluptate
1636 646 1962 700 famulatur?

647 828 806 900 291
838 827 897 882 Β.
932 824 1100 881 Plane
1126 825 1394 897 posterius
1423 824 1718 896 amplector
1741 838 1804 879 ac
1835 822 2052 894 recipio.

651 1006 715 1059 Δ.
756 1004 953 1073 Quidni
1002 1005 1166 1075 igitur
1206 1003 1432 1060 Creator
1469 1002 1764 1073 posteriori
1811 1003 2046 1067 insistat,
2093 1004 2158 1056 il-

580 1098 780 1167 ludque
831 1097 1228 1167 amplectatur,
1273 1094 1442 1150 solam
1505 1105 1747 1150 nostram
1793 1096 1929 1152 bene
1970 1095 2162 1166 agendi

584 1190 854 1244 rationem
883 1197 1169 1257 expetens,
1200 1202 1262 1242 ac
1287 1186 1444 1240 istam
1480 1191 1652 1242 solam
1684 1203 1713 1241 e
1739 1186 1895 1241 nobis
1914 1187 2160 1258 volupta-

585 1291 694 1336 tem
743 1279 984 1348 capiens,
1043 1287 1101 1333 ut
1139 1277 1436 1342 salvemur,
1469 1278 1924 1348 quemadmodum
1974 1279 2051 1333 ait
2081 1279 2165 1332 in-

584 1373 757 1444 signis
803 1371 888 1426 ille
933 1383 987 1425 et
1036 1371 1249 1425 divinus
1285 1371 1572 1427 Clemens?
1617 1369 1799 1441 Itaque
1828 1372 1919 1442 qui
1979 1369 2168 1425 tollunt

587 1465 818 1520 liberum
867 1461 1197 1523 arbitrium.
1249 1471 1304 1516 et
1351 1461 1606 1516 incusant
1660 1462 1977 1517 Creatorem
2025 1461 2168 1532 quod

589 1572 696 1613 non
722 1555 910 1610 fecerit
941 1569 1040 1609 nos
1068 1553 1282 1608 consilii
1319 1565 1373 1608 et
1399 1553 1685 1609 electionis
1725 1565 2004 1624 expertes,
2037 1554 2169 1608 nihil

591 1650 735 1705 aliud
762 1663 924 1718 quam
953 1647 1172 1702 brutum
1209 1648 1471 1713 impetum
1503 1657 1558 1702 et
1590 1657 1840 1701 naturam
1877 1647 2172 1716 praeferunt

592 1742 820 1798 rationis
855 1740 1125 1812 participi,
1155 1739 1577 1795 involuntariam
1628 1732 1921 1794 motionem
1957 1754 2167 1809 prmpo-

593 1844 786 1890 nentes
812 1833 1129 1890 voluntaria:
1166 1833 1384 1888 motioni
1417 1843 1470 1888 et
1499 1832 1687 1888 virtuti
1716 1833 1926 1887 ratione
1958 1843 2012 1887 et
2035 1847 2171 1886 con-

2261 644 2741 713 προσταγμάτων·
2798 643 2932 697 ἀλλά
2983 642 3293 714 προθυμίας
3341 638 3688 696 ύποδουλεύοι
3738 643 3833 693 συν

2260 737 2419 808 ἡδονῇ
2447 755 2460 802 ;

2336 828 2396 883 Β.
2438 828 2631 900 Δῆλον,
2669 823 2715 884 ὦ
2746 829 2921 899 ’γαθὲ,
2961 832 3035 895 ὡς
3093 831 3154 886 τὸ
3206 830 3458 903 δεύτερον
3514 828 3732 899 -άγαμαί
3775 844 3836 881 τε

2265 919 2361 972 καὶ
2398 918 2718 989 ἀσπάζομαι
2751 920 2888 991 (16).

2335 1009 2402 1064 A.
2446 1009 2685 1075 Οὐκοῦν,
2739 1003 2785 1065 ὦ
2839 1010 3104 1082 μακάριε,
3158 1012 3252 1065 καὶ
3306 1014 3335 1066 ὀ
3388 1012 3732 1084 Δημιουργδς
3765 1010 3837 1080 τῷ

2265 1100 2509 1172 δευτέρῳ
2544 1101 2774 1169 τίθεται,
2814 1103 2908 1156 καὶ
2966 1105 3116 1158 τουτὶ
3152 1103 3479 1172 ἀσπάζεται,
3541 1105 3705 1175 μόνης
3745 1105 3844 1173 τῆς

2267 1192 2546 1265 ἡμετέρας
2603 1192 2905 1265 εὐπραξίας
2966 1193 3316 1266 ’γλιχόμενος⁸
3351 1196 3445 1249 καὶ
3486 1194 3645 1249 τοῦτο
3685 1198 3851 1265 μόνον

2266 1281 2556 1336 ἀπολαύων
2591 1281 2750 1353 ἡμῶν
2787 1276 2832 1351 ᾧ
2870 1282 3156 1354 σωζόμεθα
3182 1300 3195 1314 °
3250 1283 3325 1348 ὥς
3358 1301 3492 1355 φησι
3543 1284 3774 1355 Κλήμης
3817 1285 3846 1334 ὁ

2269 1374 2479 1438 κλεινὸς
2502 1375 2596 1428 κα)¹
2622 1373 3001 1440 θεσπέσιος.οί
3029 1374 3210 1428 τοίνυν
3225 1375 3288 1429 τὸ
3319 1375 3668 1442 αὐτεξούσιον
3695 1377 3846 1429 ἀναι-

2276 1465 2515 1538 ροῦντες,
2545 1465 2640 1521 καὶ
2671 1466 2754 1519 ὅτι
2779 1467 2854 1538 μὴ
2891 1465 3182 1536 γεγόνασιν
3213 1468 3593 1542 ἀπροαίρετοι,
3623 1467 3715 1521 τὸν
3741 1470 3841 1538 Aq-

2275 1556 2538 1628 μιουργδν
2594 1557 3039 1628 καταιτιώμενοι,
3065 1559 3215 1612 οὐδὲν
3243 1559 3431 1630 ἕτερον
3463 1560 3496 1632 ἢ
3527 1560 3625 1631 τὴν
3659 1559 3852 1630 άλογον

2273 1649 2454 1721 ὁρμήν
2482 1665 2542 1702 τε
2591 1651 2685 1703 καὶ
2728 1648 2889 1720 φύσιν
2944 1651 3253 1721 προτιμῶσι
3307 1652 3408 1722 τῆς
3451 1651 3700 1723 λογικῆς,
3753 1651 3855 1722 τὴν

2273 1739 2530 1793 ἀκούσιον
2555 1728 2730 1812 φορὰν
2777 1739 3129 1811 προτιθέντες
3155 1740 3252 1794 τοῦ
3284 1741 3530 1795 ἑκουσίου
3555 1743 3852 1812 κινήματος

2275 1834 2371 1887 καὶ
2403 1831 2504 1903 τῆς
2559 1831 2785 1903 λογικῆς
2837 1832 3076 1904 ἀρετῆς·
3135 1835 3229 1889 καὶ
3275 1835 3553 1906 μονονουχὶ
3592 1835 3854 1906 χαλεπαί-

593 1928 716 1983 silio
759 1925 996 1997 pneditre
1035 1935 1087 1980 et
1137 1924 1446 1990 instructae,
1496 1940 1560 1979 ac
1604 1922 1991 1994 prepemodum
2035 1937 2177 1992 τίθει-ο

2287 1944 2460 1992 νοντες
2488 1927 2571 1981 ὅτι
2605 1926 2680 1999 μὴ
2713 1927 3007 1999 θρέμματα
3043 1928 3137 1982 καὶ
3163 1928 3387 2001 πίθηκοι
3421 1927 3660 2001 κάμηλοί
3680 1946 3741 1981 τε
3762 1929 3856 1981 καὶ

595 2020 833 2074 terentes
860 2018 1005 2088 quod
1033 2031 1137 2072 non
1171 2030 1367 2087 pecora
1404 2027 1457 2071 et
1485 2015 1677 2079 simiae,
1727 2013 1915 2069 cameli
1948 2023 2003 2069 et
2034 2013 2172 2069 asini

593 2110 709 2166 nati
747 2118 898 2163 sunt.

667 2199 730 2256 Β.
772 2199 940 2265 Heus,
971 2211 1006 2254 o
1030 2197 1209 2265 beate,
1243 2211 1330 2250 me
1370 2195 1581 2251 asinum
1603 2204 1750 2250 certe
1789 2205 1843 2250 et
1885 2193 2094 2249 simiam
2123 2201 2177 2246 et

600 2293 886 2358 camelum,
913 2301 968 2347 et
995 2292 1167 2346 bruta:
1188 2300 1397 2344 natura:
1424 2299 1578 2344 notas
1614 2298 1834 2359 propter
1864 2285 2172 2356 huiusmodi

599 2386 953 2456 quaestionem
983 2383 1185 2441 iecisti.

671 2480 736 2534 Δ.
776 2477 1010 2543 locaris,
1037 2477 1176 2532 bone
1213 2475 1296 2530 vir
1325 2493 1339 2528 :
1367 2487 1470 2544 ego
1499 2487 1627 2527 vero
1656 2469 2034 2526 existimabam
2071 2483 2178 2523 non

599 2587 720 2625 esse
748 2568 1033 2640 prudentis
1078 2567 1292 2637 virique
1343 2562 1693 2634 intelligentis
1728 2561 1779 2615 iu
1829 2570 1938 2615 tam
1975 2558 2182 2631 magnis

603 2662 814 2716 ludere.

683 2753 743 2806 Β.
788 2749 1160 2806 Urbanitatem
1201 2745 1465 2802 affectans
1495 2744 1637 2800 istud
1662 2743 1930 2807 dicebam,
1964 2756 2068 2797 non
2091 2741 2178 2812 jo-

607 2860 762 2901 cans.
808 2841 942 2897 Nam
990 2855 1052 2896 ea
1101 2854 1222 2909 quae
1272 2839 1613 2901 dicebantur,
1668 2844 1756 2892 sat
1803 2835 2067 2904 intelligo,
2121 2849 2184 2889 ac

609 2937 839 3008 gratiam
887 2933 1064 2989 habeo
1102 2945 1320 2987 Summo
1359 2927 1546 2998 Opiﬁci
1579 2929 1721 2998 quod
1756 2927 1983 2982 rationis
2024 2928 2187 2995 parti-

610 3033 786 3099 cipem
840 3026 1056 3096 meique
1107 3021 1318 3077 arbitrii
1355 3019 1744 3089 procreaverit.
1781 3018 2044 3074 lncusabo
2092 3034 2186 3090 au-

612 3135 719 3178 tem
760 3136 867 3176 non
919 3119 1093 3188 ipsum
1133 3114 1348 3184 quidem
1384 3131 1397 3166 :
1433 3111 1562 3182 quid
1599 3112 1742 3166 enim
1783 3112 1946 3167 homo
1971 3113 2187 3166 incusa-

2281 2018 2391 2071 δνοι
2420 2018 2740 2087 γεγόνασιν.

2356 2194 2416 2248 B.
2464 2193 2570 2248 Ἰού
2599 2234 2614 2257 ,
2639 2187 2686 2248 ὧ
2713 2194 2952 2265 μακάριε
2989 2195 3121 2266 (17),
3149 2194 3381 2266 ὡςὸνον
3410 2212 3478 2265 με
3509 2195 3604 2249 καὶ
3629 2195 3863 2266 πίθηκον

2284 2288 2381 2341 καὶ
2413 2285 2663 2357 κάμηλον
2702 2288 2799 2341 καὶ
2828 2286 2897 2341 τά
2933 2289 3030 2358 τῆς
3061 2288 3288 2358 ἀλογίας
3343 2288 3724 2360 γνωρίσματα,
3774 2288 3864 2342 διά

2283 2379 2385 2450 τὴν
2413 2377 2646 2451 ἀπορίαν
2670 2378 3008 2448 πεποίηκαςῐ

2357 2473 2422 2524 Α.
2465 2469 2709 2537 Παίζεις,
2747 2487 2794 2524 ω
2820 2471 2974 2539 ’γαθέ
2993 2487 3005 2500 ·
3040 2470 3153 2536 ἐγὼ
3176 2471 3233 2525 δὲ
3255 2471 3416 2543 ᾤμην
3463 2471 3538 2545 μὴ
3569 2472 3708 2545 πρὸς
3731 2490 3863 2545 φρον

2287 2563 2444 2635 νίμου
2475 2558 2727 2617 εἶναικαὶ
2753 2562 2945 2635 ἀνδρὸς
2973 2563 3222 2629 συνετοῦ,
3247 2565 3316 2618 τά
3344 2563 3485 2618 οὕτω
3504 2565 3716 2637 μεγάλα
3745 2565 3862 2619 διαο

2292 2655 2530 2720 παίζειν.

2361 2747 2422 2800 Β.
2471 2744 2958 2817 Χαριεντιζόμενος
3009 2744 3122 2816 (18)
3170 2745 3339 2815 ἔφην,
3389 2739 3436 2800 ὧ
3482 2747 3754 2820 μακάριεο
3803 2748 3865 2801 ού

2293 2837 2401 2908 γάρ
2430 2837 2496 2908 δὴ
2537 2837 2770 2901 παίζων.
2817 2836 2959 2907 Ἐγὼ
2979 2837 3087 2910 γὰρ
3117 2832 3341 2910 ξυνίημι
3384 2839 3496 2893 τῶν
3529 2839 3868 2908 λεγομένων,

2292 2931 2388 2984 καὶ
2419 2930 2581 3000 χάριν
2609 2923 2727 2982 οἶδα
2767 2928 2845 3000 τῷ
2877 2929 3228 3001 Δημιουργῷ,
3285 2931 3367 2983 ὃτι
3411 2948 3478 3000 με
3508 2931 3726 2999 λογικὸν
3777 2932 3871 2983 καὶ

2294 3020 2645 3086 αὐτεξούσιον
2668 3015 2807 3072 εἶναι
2840 3020 3127 3089 πεποίηκε.
3161 3020 3470 3091 Νεμεσήσω
3505 3021 3678 3074 δὲούκ
3699 3020 3871 3090 αύτῷ*

2293 3111 2347 3166 τί
2378 3112 2486 3183 γάρ
2552 3110 2647 3164 καὶ
2701 3111 3057 3182 νεμεσήσειεν
3107 3111 3398 3181 ἄνθρωπος
3447 3110 3524 3176 τῷ
3589 3111 3736 3182 σοφῷ
3780 3113 3876 3166 καὶ

611 3213 753 3268 verit
805 3212 1130 3280 sapientem,
1185 3205 1510 3276 penitusque
1557 3205 1755 3259 bonum
1811 3213 1865 3258 ct
1922 3202 2184 3272 probum?

2295 3201 2564 3273 παγκάλῳ
2594 3201 2705 3273 (19)
2728 3202 2824 3255 καὶ
2851 3200 3069 3272 ἀγαθῷ;
3099 3201 3236 3255 ἀλλά
3269 3201 3381 3274 γὰρ
3410 3204 3476 3273 τῇ
3520 3202 3629 3256 τῶν
3662 3203 3872 3274 ἀνθρώ-

612 3305 706 3359 sed
751 3301 1032 3357 hominum
1075 3297 1391 3360 amentiam,
1441 3296 1582 3366 quod
1628 3295 1959 3366 voluptatem
1993 3295 2184 3365 praefe-

2293 3313 2412 3350 πων
2464 3293 2721 3366 ἀδουλίᾳ,
2782 3294 2958 3349 ὅτιτὸ
2989 3294 3088 3364 ἡδὺ
3140 3294 3445 3364 προτιμῶσι
3491 3293 3592 3364 τῆς
3648 3295 3873 3366 ἀρετῆς.

615 3403 738 3451 rant
771 3393 978 3458 virtuti,
1013 3392 1174 3448 illecti
1219 3400 1273 3444 et
1322 3390 1632 3444 inscientes
1668 3407 1682 3443 :
1718 3399 1776 3443 nt
1817 3389 1860 3444 si
1894 3388 2016 3460 quis
2042 3396 2193 3458 optet

607 3487 822 3558 pruritu
852 3483 1058 3550 vexari,
1094 3491 1147 3536 et
1176 3481 1448 3552 voluptate
1491 3481 1752 3550 deceptus
1793 3489 1964 3536 totum
1993 3495 2193 3550 corpus

610 3579 888 3648 unguibus
920 3576 1145 3641 laceret,
1177 3588 1280 3629 non
1315 3572 1560 3642 cogitans
1594 3581 1650 3627 et
1676 3572 1989 3644 expendens
2031 3587 2191 3627 secu-

613 3681 794 3727 turam
827 3667 1217 3740 impetiginem.

688 3765 755 3819 A.
802 3765 966 3820 Recte
1005 3777 1064 3818 se
1093 3761 1255 3816 liabet
1291 3759 1614 3828 similitudo,
1643 3773 1698 3815 et
1737 3759 1890 3816 valde
1921 3759 2192 3816 convenit.

620 3859 678 3915 Si
705 3857 834 3928 quid
865 3871 994 3912 vero
1025 3855 1192 3910 habes
1218 3853 1385 3918 aliud,
1417 3852 1711 3922 interroga.

697 3949 757 4003 Β.
801 3946 930 4003 Ηειιο
961 3947 1090 4003 mihi
1121 3946 1234 4002 sola
1269 3953 1438 4001 restat
1468 3943 1755 3999 dubitatio.
1786 3943 1890 4012 Qui
1919 3942 2196 3998 hominum

621 4057 849 4113 corpora
888 4042 940 4096 in
966 4041 1109 4096 mille
1137 4051 1320 4111 partes
1351 4050 1408 4096 et
1448 4041 1746 4105 sectiones,
1780 4039 1824 4091 si
1856 4039 1928 4091 ita
1958 4039 2199 4107 contige-

626 4137 717 4201 rit,
748 4135 946 4200 divisa,
975 4142 1029 4188 et
1058 4149 1088 4188 a
1120 4134 1249 4188 leris
1291 4133 1479 4187 bestiis
1511 4142 1620 4185 tam
1658 4127 2011 4184 terrestribus
2038 4144 2198 4198 quam

625 4225 956 4297 aquatilibus
983 4237 1127 4292 saepe
1165 4221 1412 4291 depasta,
1453 4235 1595 4289 saepe
1635 4219 1797 4273 etiam
1847 4217 2060 4286 penitus
2102 4218 2200 4272 ab-

627 4326 864 4388 sumpta,
907 4316 1138 4371 dicimus
1180 4313 1452 4368 revictura
1485 4322 1542 4365 et
1583 4309 2036 4366 resurrectionem
2078 4311 2204 4364 ade-

627 4419 781 4481 ptura
797 4409 822 4462 ‘i

700 4591 767 4644 Α.
809 4587 924 4657 Ego
961 4585 1052 4641 ubi
1094 4583 1193 4640 tibi
1227 4583 1499 4653 vulgatam
1536 4583 1678 4638 hanc
1727 4579 2078 4650 qumstionem
2124 4580 2205 4635 dio

2291 3387 2678 3459 δελεαζόμενοι
2721 3385 2834 3458 (20)
2890 3386 2984 3439 καὶ
3033 3385 3430 3456 ἀμαθαίνοντες
3456 3404 3470 3418 ο
3497 3386 3690 3459 ὥσπερ
3735 3387 3803 3441 ἀν
3827 3389 3881 3442 εί

2293 3498 2378 3545 τις
2447 3480 2711 3550 ἀγάσαιτο
2785 3478 2847 3532 τὸ
2912 3476 3202 3548 κνήθεσθαι
3261 3479 3375 3550 (21)
3409 3519 3426 3545 ,
3482 3481 3577 3534 καὶ
3618 3479 3726 3534 ὑπὸ
3775 3482 3878 3552 τῆς

2297 3572 2490 3644 ήδονῆς
2520 3571 2882 3642 ἀπατώμενος
2896 3571 3032 3641 (22),
3057 3572 3180 3626 ὅλον
3204 3571 3449 3639 διαξέσαι
3477 3573 3543 3626 τὸ
3575 3573 3736 3644 σῶμα
3761 3578 3876 3640 τοῖς

2299 3665 2470 3731 ὄνυξι,
2501 3665 2599 3728 τάς
2625 3663 2897 3734 ἑπομένας
2920 3663 2996 3734 μὴ
3030 3663 3406 3735 διανοούμενος
3425 3663 3634 3736 ψώρας.

2371 3756 2436 3809 Α.
2477 3754 2673 3818 Καλῶς
2713 3753 2917 3822 λέγεις,
2951 3755 3046 3808 καὶ
3101 3754 3377 3825 ἀρμονίως
3407 3755 3520 3826 ἔχει
3571 3756 3634 3810 ca
3661 3757 3763 3828 τῆς
3803 3758 3879 3812 εί-

2298 3847 2476 3910 κόνος.
2514 3845 2646 3899 Εῐτι
2674 3845 2730 3898 δὲ
2761 3846 2947 3916 ἕτερον
2974 3845 3137 3915 ἔχεις,
3169 3845 3462 3900 πυνθάνου.

2368 3938 2431 3993 Β.
2471 3937 2632 3990 Τουτὶ
2657 3936 2818 4008 μόνον
2844 3954 2934 4008 μοι
2953 3938 3015 3991 τὸ
3043 3939 3306 4009 ἀπόρημα
3333 3939 3728 4011 περιλείπεται.
3757 3941 3882 4004 Πῶς

2305 4030 2374 4084 τά
2402 4031 2510 4083 τῶν
2543 4029 2849 4102 ἀνθρώπων
2889 4028 3117 4101 σώματα
3159 4032 3238 4094 είς
3292 4031 3496 4103 μυρίας
3556 4033 3756 4102 μοίρας
3789 4036 3883 4086 καὶ

2300 4120 2495 4192 τομὰς,
2527 4121 2576 4173 εί
2612 4119 2798 4192 τύχοι,
2827 4120 3191 4189 διαιρεθέντα,
3225 4122 3331 4176 ὑπό
3359 4139 3418 4175 τε
3453 4123 3660 4194 θηρίων
3685 4124 3884 4178 πολλά-

2303 4231 2390 4280 κις
2448 4217 2542 4269 καὶ
2597 4214 2707 4268 τῶν
2742 4215 2799 4269 ὲν
2825 4217 2895 4285 γῇ
2945 4231 3002 4267 τε
3049 4212 3142 4268 καὶ
3178 4213 3414 4286 θαλάττῃ
3469 4215 3884 4287 λυμαινομένων

2308 4308 2470 4372 αὐτὰ,
2521 4307 2781 4371 πολλάκις
2836 4307 2894 4360 δὲ
2948 4307 3044 4362 καὶ
3101 4307 3336 4379 πάμπαν
3393 4296 3738 4362 ἀναῖωθέντα
3793 4311 3886 4362 καὶ

2308 4398 2628 4454 ἀπολωλότα
2679 4397 2916 4469 λέγομεν
2967 4396 3368 4452 ἀναὸιώσεσθαι
3400 4399 3495 4454 καὶ
3533 4400 3886 4463 ἀναστάσεως

2311 4491 2606 4562 τυγχάνειν
2637 4508 2650 4555 ;

2379 4582 2444 4633 Α.
2499 4578 2638 4649 Ἐγώ
2697 4597 2781 4633 σοι
2828 4581 2891 4635 τὸ
2960 4581 3400 4654 πολυθρύλλητον
3455 4583 3606 4636 τουτὶ
3663 4583 3892 4653 ζήτημα

632 4680 803 4743 luero,
836 4645 996 4731 linem
1032 4676 1303 4745 imponam
1321 4645 1567 4742 dialogo,
1617 4674 1721 4730 nisi
1744 4645 1936 4743 aliqua
1965 4671 2069 4728 alia
2104 4672 2184 4727 du

2309 4645 2617 4738 διαλύσας,
2683 4672 2859 4744 πέρας
2886 4645 3149 4744 timendo)-
3168 4674 3246 4746 τῷ
3292 4645 3556 4746 διαλόγῳ,
3606 4645 3892 4748 είνμήητι

631 4767 823 4823 bitatio
855 4765 1094 4819 animum
1123 4773 1274 4818 tuum
1309 4762 1617 4817 conturbet.

701 4859 765 4913 B.
802 4858 914 4913 lloc
946 4871 1111 4912 unum
1151 4857 1349 4910 insidet
1377 4855 1560 4909 animo
1609 4867 1751 4920 meo,
1780 4861 1836 4908 et
1876 4853 2204 4908 inhaerescit.

629 4949 790 5018 Nam,
816 4949 947 5005 mihi
965 4949 1150 5016 crede,
1177 4962 1368 5018 magna
1388 4947 1743 5016 quaestionum
1769 4945 2206 5016 importunitate,

622 5053 686 5101 et
717 5057 906 5101 errore
929 5043 1173 5100 animum
1205 5055 1385 5097 meum
1415 5040 1752 5111 expurgasti.

703 5223 818 5297 (l6)
841 5222 1138 5297 verissime
1158 5221 1290 5297 imo,
1319 5229 1375 5276 ut
1402 5235 1502 5297 ego
1540 5218 1836 5275 secundum
1861 5233 1985 5297 amo
2013 5228 2208 5297 et7amf

631 5288 858 5368 plector.
892 5294 1028 5368 Tan.
1053 5323 1124 5337 ——-
1143 5295 1386 5368 Clarum,
1418 5307 1450 5347 ο
1473 5291 1634 5368 bone,
1662 5303 1847 5368 amare
1872 5295 1926 5343 et
1952 5288 2202 5368 amplecti

635 5357 721 5420 ine
767 5367 1144 5436 posteriorem.
1176 5357 1380 5436 glirum
1403 5376 1503 5417 cur
1534 5362 1622 5417 hic
1661 5361 1911 5416 tenebras
1953 5357 2206 5414 olluderit

633 5435 861 5491 doctiss.
886 5436 1140 5491 Tarinus.
1176 5435 1275 5488 BA.

709 5508 820 5578 (17)
855 5504 1002 5578 γυιιίι
1040 5522 1071 5578 ο
1114 5505 1302 5578 beate!
1342 5501 1575 5578 Cyrinus
1632 5501 1732 5554 heu
1785 5499 2200 5578 interpretatur.

636 5569 761 5634 Urit
787 5569 1287 5648 vero7discipnlum7
1314 5569 1639 5648 sapient'Lam
1665 5569 2054 5648 venditantem
2084 5586 2198 5624 ma-

637 5649 826 5717 gister,
858 5646 1007 5699 velut
1029 5639 1778 5717 ill-stabulumcon'tgﬂietum.
1817 5639 1883 5695 Et
1917 5640 2199 5710 magister,

639 5703 718 5772 uri
755 5703 990 5771 vicissim
1021 5716 1162 5770 illius
1185 5719 1311 5782 joco
1339 5716 1506 5769 videri
1540 5703 1671 5766 vuli‘.‘
1704 5712 1801 5782 lia.

714 5787 824 5856 (18)
875 5780 1408 5854 Χαριεντιζὸμενος.
1469 5781 1784 5856 Adblandiri
1836 5780 1970 5856 tibi_
1992 5782 2199 5856 Veiens,

640 5850 746 5912 non
783 5850 1004 5911 iiludere
1029 5850 1306 5926 autjoeari
1342 5863 1536 5924 prmtcr
1561 5869 1675 5909 rem
1696 5852 1901 5908 volens.
1937 5850 2031 5906 Ba.
2069 5851 2200 5918 lino,

2312 4763 2500 4835 ἕτερον
2527 4762 2791 4833 ἀπορημά
2817 4779 2908 4816 σου
2936 4763 3032 4834 τὴν
3049 4763 3224 4834 ψυχὴν
3244 4765 3611 4836 διαταράττει.

2385 4856 2443 4912 Β.
2473 4855 2648 4909 Τοῦτο
2676 4853 2836 4926 μόνον
2865 4855 3144 4925 ἐφεδρεύει
3176 4857 3240 4927 τῇ
3267 4855 3412 4927 ψυχῇ
3441 4858 3532 4910 καὶ
3562 4857 3890 4928 ἐγκάθηται.

2329 4948 2416 5012 Ὠς
2452 4943 2517 5003 εὖ
2538 4947 2649 5002 ίσθι
2671 4947 2785 5017 (25)
2817 4949 3022 5019 πολλῆς
3049 4947 3363 5018 ἀδολεσχίας
3399 4949 3778 5021 ἀπορημάτων
3804 4953 3895 5004 καὶ

2318 5040 2528 5109 πλάνης
2564 5040 2664 5110 τὴν
2694 5040 2834 5112 ἐμὴν
2880 5039 3057 5112 ψυχὴν
3088 5039 3448 5111 ὲξεκάθαρας.

2319 5219 2497 5275 facete
2528 5221 2731 5290 aliquid
2759 5221 2944 5276 dicere
2973 5220 3232 5290 gestiens,
3281 5236 3386 5276 non
3446 5220 3694 5278 illudere.

2385 5290 2500 5360 (19)
2529 5289 2812 5360 Τῷίσοφῷ
2840 5291 2940 5346 καί
2974 5289 3287 5361 auruum.
3340 5291 3701 5360 Trajiciendae
3729 5307 3893 5348 voces

2311 5373 2367 5416 ut
2401 5361 2462 5414 τὸ
2492 5363 2601 5416 πᾶν
2639 5363 2706 5416 ad
2751 5376 2942 5419 omnes
2969 5371 3218 5432 spectare
3246 5363 3419 5431 possit
3456 5381 3470 5418 :
3518 5363 3596 5434 τῷ
3630 5364 3906 5433 παγκάλῳ

2309 5431 2601 5503 καὶνσοφῴά
2632 5433 2785 5503 ΒΑ...Δ
3075 5502 3081 5503 7
3147 5502 3154 5503 7
3343 5502 3348 5503 7
3627 5502 3656 5503 77

2383 5500 2516 5573 (20)
2539 5500 2967 5574 Δελεαζόμενοιί
2990 5502 3089 5574 καὶ
3125 5502 3588 5574 ἁμαθαίνοντες.
3622 5502 3904 5561 lllecebris

2311 5574 2525 5640 decepti
2550 5586 2608 5627 et
2631 5585 2810 5626 mente
2844 5573 2996 5628 moti.
3024 5573 3121 5630 BA.

2379 5644 2491 5713 (21)
2537 5643 2898 5708 Κνήθεσθαι.
2932 5642 3138 5714 Scalpi.
3190 5643 3362 5711 Quam
3397 5660 3508 5700 rem
3544 5645 3674 5700 alibi
3715 5646 3906 5700 docui-

2310 5729 2427 5768 mus
2464 5715 2651 5785 multis
2687 5715 2738 5767 in
2771 5714 2982 5769 deliciis
3025 5717 3352 5785 quandoque
3386 5716 3574 5770 fuisse.
3610 5718 3711 5770 ΒΑ.

2379 5785 2491 5858 (22)
2542 5784 2970 5858 ‘Aaqtcbyeroc.
3013 5784 3472 5858 l’er_v_oluptatem
3496 5790 3775 5858 deceptus.
3802 5786 3900 5858 lia.

2383 5857 2491 5926 (:23)
2519 5858 2575 5911 Μ
2585 5857 2616 5924 ὴ
2645 5855 3098 5926 διανοούμενος.
3134 5855 3252 5912 Non
3276 5855 3756 5914 animadvertetis.
3796 5856 3897 5910 ΒΑ.
