  <div class='ocr_page' id='page_1' title='image "/cluster/home/n/w/nwhite01/storage/ocr_20150623/85/hvd.32044011888864/580.png"; bbox 0 0 4154 6560; ppageno 0'>
   <div class='ocr_carea' id='block_1_1' title="bbox 281 415 421 484">
    <p class='ocr_par' dir='ltr' id='par_1_1' title="bbox 281 415 421 484">
     <span class='ocr_line' id='line_1_1' title="bbox 281 415 421 484; baseline 0.007 -2"><span class='ocrx_word' id='word_1_1' title='bbox 281 418 306 482; x_wconf 78' lang='grc'><strong>1</strong></span> <span class='ocrx_word' id='word_1_2' title='bbox 327 415 421 484; x_wconf 61' lang='lat' dir='ltr'><strong>li!</strong></span> 
     </span>
    </p>
   </div>
   <div class='ocr_carea' id='block_1_2' title="bbox 1294 423 2589 494">
    <p class='ocr_par' dir='ltr' id='par_1_2' title="bbox 1294 423 2589 494">
     <span class='ocr_line' id='line_1_2' title="bbox 1294 423 2589 494; baseline 0.005 -7"><span class='ocrx_word' id='word_1_3' title='bbox 1294 423 1755 489; x_wconf 82' lang='lat' dir='ltr'><strong>DISPUTATIO</strong></span> <span class='ocrx_word' id='word_1_4' title='bbox 1793 428 1894 492; x_wconf 83' lang='lat' dir='ltr'><strong>DE</strong></span> <span class='ocrx_word' id='word_1_5' title='bbox 1930 429 2186 494; x_wconf 84' lang='lat' dir='ltr'><strong>MUNDI</strong></span> <span class='ocrx_word' id='word_1_6' title='bbox 2224 431 2589 494; x_wconf 80' lang='lat' dir='ltr'><strong>0P1FICIO.‘</strong></span> 
     </span>
    </p>
   </div>
   <div class='ocr_carea' id='block_1_3' title="bbox 3431 429 3608 495">
    <p class='ocr_par' dir='ltr' id='par_1_3' title="bbox 3431 429 3608 495">
     <span class='ocr_line' id='line_1_3' title="bbox 3431 429 3608 495; baseline 0.006 -1"><span class='ocrx_word' id='word_1_7' title='bbox 3431 429 3608 495; x_wconf 55' lang='lat'><strong>1112&#39;</strong></span> 
     </span>
    </p>
   </div>
   <div class='ocr_carea' id='block_1_4' title="bbox 277 529 1883 616">
    <p class='ocr_par' dir='ltr' id='par_1_4' title="bbox 277 529 1870 610">
     <span class='ocr_line' id='line_1_4' title="bbox 277 529 1870 610; baseline 0.007 -24"><span class='ocrx_word' id='word_1_8' title='bbox 277 550 343 587; x_wconf 81' lang='grc' dir='ltr'><strong>τε</strong></span> <span class='ocrx_word' id='word_1_9' title='bbox 371 534 469 603; x_wconf 81' lang='grc' dir='ltr'>τῆς</span> <span class='ocrx_word' id='word_1_10' title='bbox 493 529 702 596; x_wconf 83' lang='grc' dir='ltr'>οίκείας</span> <span class='ocrx_word' id='word_1_11' title='bbox 731 531 1033 598; x_wconf 79' lang='grc' dir='ltr'><strong>ἀθανασίας</strong></span> <span class='ocrx_word' id='word_1_12' title='bbox 1057 533 1154 590; x_wconf 73' lang='grc' dir='ltr'>καὶ</span> <span class='ocrx_word' id='word_1_13' title='bbox 1167 533 1492 606; x_wconf 76' lang='grc' dir='ltr'>τῆςάνωθεν</span> <span class='ocrx_word' id='word_1_14' title='bbox 1523 540 1870 610; x_wconf 77' lang='grc' dir='ltr'><strong>συγγενείας,</strong></span> 
     </span>
    </p>
   </div>
   <div class='ocr_carea' id='block_1_5' title="bbox 1986 529 3570 616">
    <p class='ocr_par' dir='ltr' id='par_1_5' title="bbox 1986 542 3570 616">
     <span class='ocr_line' id='line_1_5' title="bbox 1986 542 3570 616; baseline -0.001 -16"><span class='ocrx_word' id='word_1_15' title='bbox 1986 559 2229 615; x_wconf 59' lang='lat' dir='ltr'><strong>superne</strong></span> <span class='ocrx_word' id='word_1_16' title='bbox 2271 543 2640 616; x_wconf 85' lang='lat' dir='ltr'><strong>cognationis,</strong></span> <span class='ocrx_word' id='word_1_17' title='bbox 2687 551 2744 600; x_wconf 91' lang='lat' dir='ltr'><strong>et</strong></span> <span class='ocrx_word' id='word_1_18' title='bbox 2791 544 3047 616; x_wconf 90' lang='lat' dir='ltr'><strong>imaginis</strong></span> <span class='ocrx_word' id='word_1_19' title='bbox 3092 542 3237 600; x_wconf 91' lang='lat' dir='ltr'><strong>illius</strong></span> <span class='ocrx_word' id='word_1_20' title='bbox 3283 543 3472 614; x_wconf 59' lang='lat' dir='ltr'><strong>prima;</strong></span> <span class='ocrx_word' id='word_1_21' title='bbox 3513 549 3570 598; x_wconf 89' lang='lat' dir='ltr'><strong>et</strong></span> 
     </span>
    </p>
   </div>
   <div class='ocr_carea' id='block_1_6' title="bbox 281 624 1872 705">
    <p class='ocr_par' dir='ltr' id='par_1_6' title="bbox 281 624 1872 705">
     <span class='ocr_line' id='line_1_6' title="bbox 281 624 1872 705; baseline 0.006 -27"><span class='ocrx_word' id='word_1_22' title='bbox 281 625 492 696; x_wconf 74' lang='grc' dir='ltr'>καὶτῆς</span> <span class='ocrx_word' id='word_1_23' title='bbox 518 624 726 688; x_wconf 76' lang='grc' dir='ltr'>εἰκόνος</span> <span class='ocrx_word' id='word_1_24' title='bbox 747 625 962 697; x_wconf 70' lang='grc' dir='ltr'>ἐκείνης</span> <span class='ocrx_word' id='word_1_25' title='bbox 979 627 1072 682; x_wconf 71' lang='grc' dir='ltr'>καὶ</span> <span class='ocrx_word' id='word_1_26' title='bbox 1094 627 1318 700; x_wconf 79' lang='grc' dir='ltr'><strong>πρώτης</strong></span> <span class='ocrx_word' id='word_1_27' title='bbox 1336 631 1430 684; x_wconf 82' lang='grc' dir='ltr'>καὶ</span> <span class='ocrx_word' id='word_1_28' title='bbox 1447 631 1718 687; x_wconf 89' lang='grc' dir='ltr'>ἀθολώτου</span> <span class='ocrx_word' id='word_1_29' title='bbox 1733 633 1872 705; x_wconf 80' lang='grc'><strong>(59),</strong></span> 
     </span>
    </p>
   </div>
   <div class='ocr_carea' id='block_1_7' title="bbox 283 715 1873 797">
    <p class='ocr_par' dir='ltr' id='par_1_7' title="bbox 283 715 1873 797">
     <span class='ocr_line' id='line_1_7' title="bbox 283 715 1873 797; baseline 0.008 -29"><span class='ocrx_word' id='word_1_30' title='bbox 283 716 426 785; x_wconf 81' lang='grc' dir='ltr'><strong>μετά</strong></span> <span class='ocrx_word' id='word_1_31' title='bbox 455 715 564 770; x_wconf 85' lang='grc' dir='ltr'>τῶν</span> <span class='ocrx_word' id='word_1_32' title='bbox 607 717 876 788; x_wconf 88' lang='grc' dir='ltr'>σωμάτων</span> <span class='ocrx_word' id='word_1_33' title='bbox 918 719 998 781; x_wconf 80' lang='grc' dir='ltr'><strong>εἰς</strong></span> <span class='ocrx_word' id='word_1_34' title='bbox 1019 719 1080 774; x_wconf 84' lang='grc' dir='ltr'><strong>τὺ</strong></span> <span class='ocrx_word' id='word_1_35' title='bbox 1107 721 1206 791; x_wconf 80' lang='grc' dir='ltr'>τῆς</span> <span class='ocrx_word' id='word_1_36' title='bbox 1235 722 1431 786; x_wconf 82' lang='grc' dir='ltr'><strong>τίσεως</strong></span> <span class='ocrx_word' id='word_1_37' title='bbox 1472 724 1616 796; x_wconf 74' lang='grc' dir='ltr'>ἱερὸν</span> <span class='ocrx_word' id='word_1_38' title='bbox 1657 725 1873 797; x_wconf 79' lang='grc' dir='ltr'>δεσμω-</span> 
     </span>
    </p>
   </div>
   <div class='ocr_carea' id='block_1_8' title="bbox 278 805 1872 890">
    <p class='ocr_par' dir='ltr' id='par_1_8' title="bbox 278 805 1872 890">
     <span class='ocr_line' id='line_1_8' title="bbox 278 805 1872 890; baseline 0.006 -30"><span class='ocrx_word' id='word_1_39' title='bbox 278 810 476 879; x_wconf 81' lang='grc' dir='ltr'>τήριον</span> <span class='ocrx_word' id='word_1_40' title='bbox 516 808 657 863; x_wconf 74' lang='grc' dir='ltr'>ἰέναι</span> <span class='ocrx_word' id='word_1_41' title='bbox 685 809 819 874; x_wconf 82' lang='grc'><strong>(40).</strong></span> <span class='ocrx_word' id='word_1_42' title='bbox 853 810 976 881; x_wconf 83' lang='grc' dir='ltr'>μεθ’</span> <span class='ocrx_word' id='word_1_43' title='bbox 1016 805 1092 866; x_wconf 80' lang='grc' dir='ltr'>ὧν</span> <span class='ocrx_word' id='word_1_44' title='bbox 1126 813 1221 867; x_wconf 80' lang='grc' dir='ltr'>καὶ</span> <span class='ocrx_word' id='word_1_45' title='bbox 1253 815 1441 879; x_wconf 84' lang='grc' dir='ltr'>κακῶς</span> <span class='ocrx_word' id='word_1_46' title='bbox 1477 816 1872 890; x_wconf 80' lang='grc' dir='ltr'><strong>διεφθάρησαν,</strong></span> 
     </span>
    </p>
   </div>
   <div class='ocr_carea' id='block_1_9' title="bbox 282 903 1875 984">
    <p class='ocr_par' dir='ltr' id='par_1_9' title="bbox 282 903 1875 984">
     <span class='ocr_line' id='line_1_9' title="bbox 282 903 1875 984; baseline 0.006 -30"><span class='ocrx_word' id='word_1_47' title='bbox 282 903 384 955; x_wconf 74' lang='grc' dir='ltr'>καὶ</span> <span class='ocrx_word' id='word_1_48' title='bbox 412 903 540 966; x_wconf 80' lang='grc' dir='ltr'>τοὺς</span> <span class='ocrx_word' id='word_1_49' title='bbox 579 903 1092 974; x_wconf 81' lang='grc' dir='ltr'>Πυριφλεγέθοντας</span> <span class='ocrx_word' id='word_1_50' title='bbox 1135 905 1230 970; x_wconf 82' lang='grc' dir='ltr'>οὓς</span> <span class='ocrx_word' id='word_1_51' title='bbox 1261 910 1290 961; x_wconf 80' lang='grc' dir='ltr'>ὁ</span> <span class='ocrx_word' id='word_1_52' title='bbox 1317 909 1543 964; x_wconf 81' lang='grc' dir='ltr'><strong>Πλάτων</strong></span> <span class='ocrx_word' id='word_1_53' title='bbox 1579 912 1694 983; x_wconf 79' lang='grc'><strong>(41)</strong></span> <span class='ocrx_word' id='word_1_54' title='bbox 1718 913 1875 984; x_wconf 77' lang='grc' dir='ltr'>φησὶ,</span> 
     </span>
    </p>
   </div>
   <div class='ocr_carea' id='block_1_10' title="bbox 281 993 1876 1074">
    <p class='ocr_par' dir='ltr' id='par_1_10' title="bbox 281 993 1876 1074">
     <span class='ocr_line' id='line_1_10' title="bbox 281 993 1876 1074; baseline 0.006 -26"><span class='ocrx_word' id='word_1_55' title='bbox 281 998 383 1049; x_wconf 79' lang='grc' dir='ltr'>καὶ</span> <span class='ocrx_word' id='word_1_56' title='bbox 410 993 501 1049; x_wconf 74' lang='grc' dir='ltr'><strong>τὸν</strong></span> <span class='ocrx_word' id='word_1_57' title='bbox 528 995 791 1050; x_wconf 74' lang='grc' dir='ltr'>Κωκυτὸν</span> <span class='ocrx_word' id='word_1_58' title='bbox 826 996 1216 1068; x_wconf 78' lang='grc' dir='ltr'><strong>διανήξασθαι·</strong></span> <span class='ocrx_word' id='word_1_59' title='bbox 1258 999 1294 1054; x_wconf 83' lang='grc' dir='ltr'>ἃ</span> <span class='ocrx_word' id='word_1_60' title='bbox 1328 1001 1392 1074; x_wconf 82' lang='grc' dir='ltr'>δὴ</span> <span class='ocrx_word' id='word_1_61' title='bbox 1414 1003 1508 1057; x_wconf 76' lang='grc' dir='ltr'>καὶ</span> <span class='ocrx_word' id='word_1_62' title='bbox 1525 1005 1595 1058; x_wconf 89' lang='grc' dir='ltr'><strong>τά</strong></span> <span class='ocrx_word' id='word_1_63' title='bbox 1635 1003 1756 1061; x_wconf 84' lang='grc' dir='ltr'>θεῖα</span> <span class='ocrx_word' id='word_1_64' title='bbox 1787 1005 1876 1058; x_wconf 84' lang='grc' dir='ltr'>λό-</span> 
     </span>
    </p>
   </div>
   <div class='ocr_carea' id='block_1_11' title="bbox 279 1089 1876 1169">
    <p class='ocr_par' dir='ltr' id='par_1_11' title="bbox 279 1089 1876 1169">
     <span class='ocr_line' id='line_1_11' title="bbox 279 1089 1876 1169; baseline 0.007 -26"><span class='ocrx_word' id='word_1_65' title='bbox 279 1105 384 1158; x_wconf 94' lang='grc' dir='ltr'><strong>για</strong></span> <span class='ocrx_word' id='word_1_66' title='bbox 438 1089 686 1160; x_wconf 81' lang='grc' dir='ltr'>ποταμὸν</span> <span class='ocrx_word' id='word_1_67' title='bbox 743 1090 917 1160; x_wconf 79' lang='grc' dir='ltr'>πυρὸς</span> <span class='ocrx_word' id='word_1_68' title='bbox 962 1090 1060 1145; x_wconf 79' lang='grc' dir='ltr'>καὶ</span> <span class='ocrx_word' id='word_1_69' title='bbox 1117 1093 1418 1166; x_wconf 79' lang='grc' dir='ltr'><strong>ἀκοίμητον</strong></span> <span class='ocrx_word' id='word_1_70' title='bbox 1476 1097 1741 1169; x_wconf 83' lang='grc' dir='ltr'>σκώληκα</span> <span class='ocrx_word' id='word_1_71' title='bbox 1781 1099 1876 1154; x_wconf 77' lang='grc' dir='ltr'>καὶ</span> 
     </span>
    </p>
   </div>
   <div class='ocr_carea' id='block_1_12' title="bbox 278 1181 1878 1262">
    <p class='ocr_par' dir='ltr' id='par_1_12' title="bbox 278 1181 1878 1262">
     <span class='ocr_line' id='line_1_12' title="bbox 278 1181 1878 1262; baseline 0.006 -27"><span class='ocrx_word' id='word_1_72' title='bbox 278 1181 533 1252; x_wconf 65' lang='grc' dir='ltr'>γέενναν,</span> <span class='ocrx_word' id='word_1_73' title='bbox 573 1181 664 1236; x_wconf 74' lang='grc' dir='ltr'>καὶ</span> <span class='ocrx_word' id='word_1_74' title='bbox 708 1181 975 1254; x_wconf 79' lang='grc' dir='ltr'>αἰσχύνην</span> <span class='ocrx_word' id='word_1_75' title='bbox 1036 1182 1280 1250; x_wconf 77' lang='grc' dir='ltr'>αἰώνιον,</span> <span class='ocrx_word' id='word_1_76' title='bbox 1323 1187 1420 1240; x_wconf 72' lang='grc' dir='ltr'>καὶ</span> <span class='ocrx_word' id='word_1_77' title='bbox 1474 1189 1744 1262; x_wconf 79' lang='grc' dir='ltr'>φυλακὴν,</span> <span class='ocrx_word' id='word_1_78' title='bbox 1783 1191 1878 1245; x_wconf 80' lang='grc' dir='ltr'>καὶ</span> 
     </span>
    </p>
   </div>
   <div class='ocr_carea' id='block_1_13' title="bbox 280 1273 1483 1350">
    <p class='ocr_par' dir='ltr' id='par_1_13' title="bbox 280 1273 1483 1350">
     <span class='ocr_line' id='line_1_13' title="bbox 280 1273 1483 1350; baseline 0.005 -22"><span class='ocrx_word' id='word_1_79' title='bbox 280 1273 534 1340; x_wconf 75' lang='grc' dir='ltr'>κόλασιν,</span> <span class='ocrx_word' id='word_1_80' title='bbox 563 1273 663 1329; x_wconf 75' lang='grc' dir='ltr'>καὶ</span> <span class='ocrx_word' id='word_1_81' title='bbox 689 1273 761 1334; x_wconf 81' lang='grc' dir='ltr'>τὰ</span> <span class='ocrx_word' id='word_1_82' title='bbox 787 1273 1017 1330; x_wconf 86' lang='grc' dir='ltr'>τοιαῦτα</span> <span class='ocrx_word' id='word_1_83' title='bbox 1041 1277 1483 1350; x_wconf 75' lang='grc' dir='ltr'>προσαγορεύεις</span> 
     </span>
    </p>
   </div>
   <div class='ocr_carea' id='block_1_14' title="bbox 359 1388 1225 1462">
    <p class='ocr_par' dir='ltr' id='par_1_14' title="bbox 359 1388 1225 1462">
     <span class='ocr_line' id='line_1_14' title="bbox 359 1388 1225 1462; baseline 0.003 -19"><span class='ocrx_word' id='word_1_84' title='bbox 359 1391 423 1446; x_wconf 85' lang='grc' dir='ltr'><strong>Β.</strong></span> <span class='ocrx_word' id='word_1_85' title='bbox 462 1389 683 1444; x_wconf 79' lang='grc' dir='ltr'>Δίκαιον</span> <span class='ocrx_word' id='word_1_86' title='bbox 713 1388 889 1462; x_wconf 67' lang='grc' dir='ltr'>ἐφάνη</span> <span class='ocrx_word' id='word_1_87' title='bbox 919 1391 1015 1446; x_wconf 76' lang='grc' dir='ltr'>καὶ</span> <span class='ocrx_word' id='word_1_88' title='bbox 1044 1390 1225 1446; x_wconf 88' lang='grc' dir='ltr'>τοῦτο.</span> 
     </span>
    </p>
   </div>
   <div class='ocr_carea' id='block_1_15' title="bbox 359 1497 1878 1584">
    <p class='ocr_par' dir='ltr' id='par_1_15' title="bbox 359 1497 1878 1584">
     <span class='ocr_line' id='line_1_15' title="bbox 359 1497 1878 1584; baseline 0.008 -27"><span class='ocrx_word' id='word_1_89' title='bbox 359 1504 426 1558; x_wconf 79' lang='grc' dir='ltr'><strong>Α.</strong></span> <span class='ocrx_word' id='word_1_90' title='bbox 467 1499 614 1568; x_wconf 73' lang='grc' dir='ltr'>Εἶεν,</span> <span class='ocrx_word' id='word_1_91' title='bbox 669 1497 717 1560; x_wconf 77' lang='grc' dir='ltr'>ὦ</span> <span class='ocrx_word' id='word_1_92' title='bbox 777 1506 1050 1577; x_wconf 77' lang='grc' dir='ltr'>μακάριεο</span> <span class='ocrx_word' id='word_1_93' title='bbox 1109 1507 1466 1580; x_wconf 79' lang='grc' dir='ltr'>πεπλήρωται</span> <span class='ocrx_word' id='word_1_94' title='bbox 1491 1512 1627 1583; x_wconf 72' lang='grc' dir='ltr'>ἡμῖν</span> <span class='ocrx_word' id='word_1_95' title='bbox 1669 1511 1737 1567; x_wconf 79' lang='grc' dir='ltr'><strong>τά</strong></span> <span class='ocrx_word' id='word_1_96' title='bbox 1776 1513 1878 1584; x_wconf 85' lang='grc' dir='ltr'>τῆς</span> 
     </span>
    </p>
   </div>
   <div class='ocr_carea' id='block_1_16' title="bbox 283 1595 1880 1679">
    <p class='ocr_par' dir='ltr' id='par_1_16' title="bbox 283 1595 1880 1679">
     <span class='ocr_line' id='line_1_16' title="bbox 283 1595 1880 1679; baseline 0.007 -29"><span class='ocrx_word' id='word_1_97' title='bbox 283 1595 595 1663; x_wconf 78' lang='grc' dir='ltr'>διαλέξεως.</span> <span class='ocrx_word' id='word_1_98' title='bbox 627 1597 742 1654; x_wconf 88' lang='grc' dir='ltr'>Νῦν</span> <span class='ocrx_word' id='word_1_99' title='bbox 777 1598 842 1670; x_wconf 77' lang='grc' dir='ltr'>δὴ</span> <span class='ocrx_word' id='word_1_100' title='bbox 867 1600 1058 1671; x_wconf 77' lang='grc' dir='ltr'>καιρὸς</span> <span class='ocrx_word' id='word_1_101' title='bbox 1103 1603 1185 1666; x_wconf 88' lang='grc' dir='ltr'><strong>είς</strong></span> <span class='ocrx_word' id='word_1_102' title='bbox 1219 1602 1389 1674; x_wconf 83' lang='grc' dir='ltr'>εὐχὴν</span> <span class='ocrx_word' id='word_1_103' title='bbox 1439 1604 1532 1658; x_wconf 81' lang='grc' dir='ltr'>τὸν</span> <span class='ocrx_word' id='word_1_104' title='bbox 1578 1605 1706 1660; x_wconf 90' lang='grc' dir='ltr'>νοῦν</span> <span class='ocrx_word' id='word_1_105' title='bbox 1753 1605 1880 1679; x_wconf 69' lang='grc' dir='ltr'>τρι-</span> 
     </span>
    </p>
   </div>
   <div class='ocr_carea' id='block_1_17' title="bbox 283 1689 1878 1770">
    <p class='ocr_par' dir='ltr' id='par_1_17' title="bbox 283 1689 1878 1770">
     <span class='ocr_line' id='line_1_17' title="bbox 283 1689 1878 1770; baseline 0.006 -28"><span class='ocrx_word' id='word_1_106' title='bbox 283 1689 519 1759; x_wconf 77' lang='grc' dir='ltr'>ψαντας,</span> <span class='ocrx_word' id='word_1_107' title='bbox 549 1690 739 1761; x_wconf 77' lang='grc' dir='ltr'>ὑμνεῖν</span> <span class='ocrx_word' id='word_1_108' title='bbox 775 1690 868 1745; x_wconf 78' lang='grc' dir='ltr'>τὸν</span> <span class='ocrx_word' id='word_1_109' title='bbox 912 1692 1067 1748; x_wconf 86' lang='grc' dir='ltr'>τοῦδε</span> <span class='ocrx_word' id='word_1_110' title='bbox 1119 1691 1215 1748; x_wconf 92' lang='grc' dir='ltr'><strong>τοῦ</strong></span> <span class='ocrx_word' id='word_1_111' title='bbox 1265 1695 1465 1760; x_wconf 75' lang='grc' dir='ltr'>παντὸς</span> <span class='ocrx_word' id='word_1_112' title='bbox 1497 1695 1733 1770; x_wconf 76' lang='grc' dir='ltr'>Ποιητὴν</span> <span class='ocrx_word' id='word_1_113' title='bbox 1783 1697 1878 1753; x_wconf 80' lang='grc' dir='ltr'>καὶ</span> 
     </span>
    </p>
   </div>
   <div class='ocr_carea' id='block_1_18' title="bbox 290 1782 809 1853">
    <p class='ocr_par' dir='ltr' id='par_1_18' title="bbox 290 1782 809 1853">
     <span class='ocr_line' id='line_1_18' title="bbox 290 1782 809 1853; baseline 0.004 -18"><span class='ocrx_word' id='word_1_114' title='bbox 290 1782 650 1853; x_wconf 86' lang='grc' dir='ltr'>Δημιουργόν</span> <span class='ocrx_word' id='word_1_115' title='bbox 671 1782 809 1853; x_wconf 73' lang='grc'><strong>(42).</strong></span> 
     </span>
    </p>
   </div>
   <div class='ocr_carea' id='block_1_19' title="bbox 1980 637 3566 708">
    <p class='ocr_par' dir='ltr' id='par_1_19' title="bbox 1980 637 3566 708">
     <span class='ocr_line' id='line_1_19' title="bbox 1980 637 3566 708; baseline -0.003 -13"><span class='ocrx_word' id='word_1_116' title='bbox 1980 638 2447 701; x_wconf 67' lang='lat' dir='ltr'><strong>incontaminatae,</strong></span> <span class='ocrx_word' id='word_1_117' title='bbox 2483 651 2607 692; x_wconf 91' lang='lat' dir='ltr'><strong>cum</strong></span> <span class='ocrx_word' id='word_1_118' title='bbox 2631 637 2952 708; x_wconf 82' lang='lat' dir='ltr'><strong>corporibus</strong></span> <span class='ocrx_word' id='word_1_119' title='bbox 2986 638 3039 693; x_wconf 93' lang='lat' dir='ltr'><strong>in</strong></span> <span class='ocrx_word' id='word_1_120' title='bbox 3064 637 3316 708; x_wconf 85' lang='lat' dir='ltr'><strong>supplicii</strong></span> <span class='ocrx_word' id='word_1_121' title='bbox 3348 651 3566 692; x_wconf 81' lang='lat' dir='ltr'><strong>sacrum</strong></span> 
     </span>
    </p>
   </div>
   <div class='ocr_carea' id='block_1_20' title="bbox 1978 731 3568 804">
    <p class='ocr_par' dir='ltr' id='par_1_20' title="bbox 1978 731 3568 804">
     <span class='ocr_line' id='line_1_20' title="bbox 1978 731 3568 804; baseline -0.003 -14"><span class='ocrx_word' id='word_1_122' title='bbox 1978 731 2316 804; x_wconf 71' lang='lat' dir='ltr'><strong>ergastulum</strong></span> <span class='ocrx_word' id='word_1_123' title='bbox 2376 739 2623 802; x_wconf 76' lang='lat' dir='ltr'><strong>pergant,</strong></span> <span class='ocrx_word' id='word_1_124' title='bbox 2671 747 2794 787; x_wconf 93' lang='lat' dir='ltr'><strong>cum</strong></span> <span class='ocrx_word' id='word_1_125' title='bbox 2840 732 3038 802; x_wconf 82' lang='lat' dir='ltr'><strong>quibus</strong></span> <span class='ocrx_word' id='word_1_126' title='bbox 3085 747 3250 802; x_wconf 86' lang='lat' dir='ltr'><strong>prave</strong></span> <span class='ocrx_word' id='word_1_127' title='bbox 3289 745 3568 802; x_wconf 58' lang='lat' dir='ltr'><strong>corruptae</strong></span> 
     </span>
    </p>
   </div>
   <div class='ocr_carea' id='block_1_21' title="bbox 1979 827 3567 897">
    <p class='ocr_par' dir='ltr' id='par_1_21' title="bbox 1979 827 3567 897">
     <span class='ocr_line' id='line_1_21' title="bbox 1979 827 3567 897; baseline -0.001 -14"><span class='ocrx_word' id='word_1_128' title='bbox 1979 837 2128 892; x_wconf 87' lang='lat' dir='ltr'><strong>sunt,</strong></span> <span class='ocrx_word' id='word_1_129' title='bbox 2173 836 2230 883; x_wconf 90' lang='lat' dir='ltr'><strong>et</strong></span> <span class='ocrx_word' id='word_1_130' title='bbox 2257 827 2451 883; x_wconf 84' lang='lat' dir='ltr'><strong>ﬂuvios</strong></span> <span class='ocrx_word' id='word_1_131' title='bbox 2497 827 2624 897; x_wconf 92' lang='lat' dir='ltr'><strong>igne</strong></span> <span class='ocrx_word' id='word_1_132' title='bbox 2662 828 2922 882; x_wconf 75' lang='lat' dir='ltr'><strong>ardentes</strong></span> <span class='ocrx_word' id='word_1_133' title='bbox 2949 841 3090 896; x_wconf 88' lang='lat' dir='ltr'><strong>quos</strong></span> <span class='ocrx_word' id='word_1_134' title='bbox 3127 827 3282 884; x_wconf 87' lang='lat' dir='ltr'><strong>Plato</strong></span> <span class='ocrx_word' id='word_1_135' title='bbox 3325 843 3567 884; x_wconf 84' lang='lat' dir='ltr'><strong>comme-</strong></span> 
     </span>
    </p>
   </div>
   <div class='ocr_carea' id='block_1_22' title="bbox 1980 918 3565 993">
    <p class='ocr_par' dir='ltr' id='par_1_22' title="bbox 1980 918 3565 993">
     <span class='ocr_line' id='line_1_22' title="bbox 1980 918 3565 993; baseline -0.001 -17"><span class='ocrx_word' id='word_1_136' title='bbox 1980 929 2181 986; x_wconf 85' lang='lat' dir='ltr'><strong>morat,</strong></span> <span class='ocrx_word' id='word_1_137' title='bbox 2219 930 2278 978; x_wconf 90' lang='lat' dir='ltr'><strong>et</strong></span> <span class='ocrx_word' id='word_1_138' title='bbox 2312 920 2572 993; x_wconf 77' lang='lat' dir='ltr'><strong>Cocytum</strong></span> <span class='ocrx_word' id='word_1_139' title='bbox 2620 918 2894 989; x_wconf 86' lang='lat' dir='ltr'><strong>lrajiciant</strong></span> <span class='ocrx_word' id='word_1_140' title='bbox 2923 933 2938 973; x_wconf 90' lang='lat'><strong>:</strong></span> <span class='ocrx_word' id='word_1_141' title='bbox 2964 934 3087 989; x_wconf 63' lang='lat' dir='ltr'><strong>quae</strong></span> <span class='ocrx_word' id='word_1_142' title='bbox 3134 935 3296 976; x_wconf 88' lang='lat' dir='ltr'><strong>sacra</strong></span> <span class='ocrx_word' id='word_1_143' title='bbox 3341 921 3565 976; x_wconf 86' lang='lat' dir='ltr'><strong>oracula</strong></span> 
     </span>
    </p>
   </div>
   <div class='ocr_carea' id='block_1_23' title="bbox 1978 1011 3569 1085">
    <p class='ocr_par' dir='ltr' id='par_1_23' title="bbox 1978 1011 3569 1085">
     <span class='ocr_line' id='line_1_23' title="bbox 1978 1011 3569 1085; baseline -0.003 -17"><span class='ocrx_word' id='word_1_144' title='bbox 1978 1013 2253 1085; x_wconf 88' lang='lat' dir='ltr'><strong>appellant</strong></span> <span class='ocrx_word' id='word_1_145' title='bbox 2277 1012 2500 1068; x_wconf 82' lang='lat' dir='ltr'><strong>tluvium</strong></span> <span class='ocrx_word' id='word_1_146' title='bbox 2537 1011 2678 1083; x_wconf 83' lang='lat' dir='ltr'><strong>ignis</strong></span> <span class='ocrx_word' id='word_1_147' title='bbox 2698 1013 2744 1080; x_wconf 82' lang='grc'>⁸,</span> <span class='ocrx_word' id='word_1_148' title='bbox 2786 1021 2843 1067; x_wconf 91' lang='lat' dir='ltr'><strong>et</strong></span> <span class='ocrx_word' id='word_1_149' title='bbox 2872 1024 3113 1067; x_wconf 86' lang='lat' dir='ltr'><strong>vermem</strong></span> <span class='ocrx_word' id='word_1_150' title='bbox 3167 1011 3468 1068; x_wconf 81' lang='lat' dir='ltr'><strong>insomnem</strong></span> <span class='ocrx_word' id='word_1_151' title='bbox 3511 1020 3569 1065; x_wconf 89' lang='lat' dir='ltr'><strong>et</strong></span> 
     </span>
    </p>
   </div>
   <div class='ocr_carea' id='block_1_24' title="bbox 1978 1103 3564 1176">
    <p class='ocr_par' dir='ltr' id='par_1_24' title="bbox 1978 1103 3564 1176">
     <span class='ocr_line' id='line_1_24' title="bbox 1978 1103 3564 1176; baseline -0.002 -15"><span class='ocrx_word' id='word_1_152' title='bbox 1978 1105 2284 1175; x_wconf 76' lang='lat' dir='ltr'><strong>gehennam</strong></span> <span class='ocrx_word' id='word_1_153' title='bbox 2331 1114 2388 1164; x_wconf 91' lang='lat' dir='ltr'><strong>et</strong></span> <span class='ocrx_word' id='word_1_154' title='bbox 2451 1104 2805 1175; x_wconf 77' lang='lat' dir='ltr'><strong>ignominiam</strong></span> <span class='ocrx_word' id='word_1_155' title='bbox 2857 1112 3170 1176; x_wconf 87' lang='lat' dir='ltr'><strong>perpetuam</strong></span> <span class='ocrx_word' id='word_1_156' title='bbox 3193 1103 3237 1170; x_wconf 76' lang='lat'><strong>°,</strong></span> <span class='ocrx_word' id='word_1_157' title='bbox 3282 1112 3338 1160; x_wconf 90' lang='lat' dir='ltr'><strong>et</strong></span> <span class='ocrx_word' id='word_1_158' title='bbox 3380 1112 3564 1162; x_wconf 85' lang='lat' dir='ltr'><strong>custo-</strong></span> 
     </span>
    </p>
   </div>
   <div class='ocr_carea' id='block_1_25' title="bbox 1977 1195 3232 1270">
    <p class='ocr_par' dir='ltr' id='par_1_25' title="bbox 1977 1195 3232 1270">
     <span class='ocr_line' id='line_1_25' title="bbox 1977 1195 3232 1270; baseline -0.002 -18"><span class='ocrx_word' id='word_1_159' title='bbox 1977 1199 2148 1266; x_wconf 85' lang='lat' dir='ltr'><strong>diam,</strong></span> <span class='ocrx_word' id='word_1_160' title='bbox 2176 1208 2232 1254; x_wconf 88' lang='lat' dir='ltr'><strong>et</strong></span> <span class='ocrx_word' id='word_1_161' title='bbox 2252 1197 2599 1270; x_wconf 84' lang='lat' dir='ltr'><strong>supplicium.</strong></span> <span class='ocrx_word' id='word_1_162' title='bbox 2633 1206 2691 1255; x_wconf 95' lang='lat' dir='ltr'><strong>et</strong></span> <span class='ocrx_word' id='word_1_163' title='bbox 2720 1205 2916 1256; x_wconf 59' lang='lat' dir='ltr'><strong>extera</strong></span> <span class='ocrx_word' id='word_1_164' title='bbox 2944 1196 2996 1252; x_wconf 93' lang='lat' dir='ltr'><strong>id</strong></span> <span class='ocrx_word' id='word_1_165' title='bbox 3023 1195 3232 1268; x_wconf 80' lang='lat' dir='ltr'><strong>genus?</strong></span> 
     </span>
    </p>
   </div>
   <div class='ocr_carea' id='block_1_26' title="bbox 2052 1394 3228 1455">
    <p class='ocr_par' dir='ltr' id='par_1_26' title="bbox 2052 1394 3228 1455">
     <span class='ocr_line' id='line_1_26' title="bbox 2052 1394 3228 1455; baseline -0.001 -1"><span class='ocrx_word' id='word_1_166' title='bbox 2052 1398 2115 1455; x_wconf 84' lang='grc' dir='ltr'><strong>Β.</strong></span> <span class='ocrx_word' id='word_1_167' title='bbox 2156 1399 2332 1455; x_wconf 83' lang='lat' dir='ltr'><strong>Etiam</strong></span> <span class='ocrx_word' id='word_1_168' title='bbox 2363 1397 2508 1454; x_wconf 86' lang='lat' dir='ltr'><strong>istud</strong></span> <span class='ocrx_word' id='word_1_169' title='bbox 2532 1405 2960 1454; x_wconf 87' lang='lat' dir='ltr'><strong>consentaneum</strong></span> <span class='ocrx_word' id='word_1_170' title='bbox 2995 1394 3228 1453; x_wconf 88' lang='lat' dir='ltr'><strong>videtur.</strong></span> 
     </span>
    </p>
   </div>
   <div class='ocr_carea' id='block_1_27' title="bbox 2050 1507 3567 1581">
    <p class='ocr_par' dir='ltr' id='par_1_27' title="bbox 2050 1507 3567 1581">
     <span class='ocr_line' id='line_1_27' title="bbox 2050 1507 3567 1581; baseline -0.004 -12"><span class='ocrx_word' id='word_1_171' title='bbox 2050 1512 2118 1569; x_wconf 72' lang='grc' dir='ltr'><strong>Α.</strong></span> <span class='ocrx_word' id='word_1_172' title='bbox 2157 1511 2382 1581; x_wconf 78' lang='lat' dir='ltr'><strong>Expleta</strong></span> <span class='ocrx_word' id='word_1_173' title='bbox 2409 1517 2535 1565; x_wconf 90' lang='lat' dir='ltr'><strong>sunt</strong></span> <span class='ocrx_word' id='word_1_174' title='bbox 2575 1523 2695 1579; x_wconf 71' lang='lat' dir='ltr'><strong>quae</strong></span> <span class='ocrx_word' id='word_1_175' title='bbox 2725 1507 2884 1564; x_wconf 92' lang='lat' dir='ltr'><strong>nobis</strong></span> <span class='ocrx_word' id='word_1_176' title='bbox 2928 1507 2982 1562; x_wconf 93' lang='lat' dir='ltr'><strong>in</strong></span> <span class='ocrx_word' id='word_1_177' title='bbox 3019 1507 3436 1578; x_wconf 81' lang='lat' dir='ltr'><strong>disputationem</strong></span> <span class='ocrx_word' id='word_1_178' title='bbox 3473 1523 3567 1564; x_wconf 88' lang='lat' dir='ltr'><strong>ve-</strong></span> 
     </span>
    </p>
   </div>
   <div class='ocr_carea' id='block_1_28' title="bbox 1981 1601 3567 1672">
    <p class='ocr_par' dir='ltr' id='par_1_28' title="bbox 1981 1601 3567 1672">
     <span class='ocr_line' id='line_1_28' title="bbox 1981 1601 3567 1672; baseline -0.003 -10"><span class='ocrx_word' id='word_1_179' title='bbox 1981 1613 2200 1672; x_wconf 75' lang='lat' dir='ltr'><strong>nerant.</strong></span> <span class='ocrx_word' id='word_1_180' title='bbox 2255 1603 2490 1659; x_wconf 85' lang='lat' dir='ltr'><strong>Proinde</strong></span> <span class='ocrx_word' id='word_1_181' title='bbox 2540 1616 2682 1658; x_wconf 92' lang='lat' dir='ltr'><strong>nunc</strong></span> <span class='ocrx_word' id='word_1_182' title='bbox 2731 1611 2944 1671; x_wconf 84' lang='lat' dir='ltr'><strong>tempus</strong></span> <span class='ocrx_word' id='word_1_183' title='bbox 2989 1610 3074 1657; x_wconf 90' lang='lat' dir='ltr'><strong>est</strong></span> <span class='ocrx_word' id='word_1_184' title='bbox 3117 1613 3175 1655; x_wconf 93' lang='lat' dir='ltr'><strong>ut</strong></span> <span class='ocrx_word' id='word_1_185' title='bbox 3222 1611 3455 1657; x_wconf 88' lang='lat' dir='ltr'><strong>mentem</strong></span> <span class='ocrx_word' id='word_1_186' title='bbox 3497 1601 3567 1658; x_wconf 90' lang='lat' dir='ltr'><strong>ad</strong></span> 
     </span>
    </p>
   </div>
   <div class='ocr_carea' id='block_1_29' title="bbox 1981 1688 3568 1768">
    <p class='ocr_par' dir='ltr' id='par_1_29' title="bbox 1981 1688 3568 1768">
     <span class='ocr_line' id='line_1_29' title="bbox 1981 1688 3568 1768; baseline 0 -18"><span class='ocrx_word' id='word_1_187' title='bbox 1981 1709 2195 1768; x_wconf 88' lang='lat' dir='ltr'><strong>precem</strong></span> <span class='ocrx_word' id='word_1_188' title='bbox 2223 1703 2625 1759; x_wconf 86' lang='lat' dir='ltr'><strong>convertamus,</strong></span> <span class='ocrx_word' id='word_1_189' title='bbox 2658 1701 2712 1750; x_wconf 90' lang='lat' dir='ltr'><strong>et</strong></span> <span class='ocrx_word' id='word_1_190' title='bbox 2737 1693 3078 1751; x_wconf 85' lang='lat' dir='ltr'><strong>celebremus</strong></span> <span class='ocrx_word' id='word_1_191' title='bbox 3106 1693 3268 1762; x_wconf 83' lang='lat' dir='ltr'><strong>hujus</strong></span> <span class='ocrx_word' id='word_1_192' title='bbox 3297 1688 3568 1751; x_wconf 84' lang='lat' dir='ltr'><strong>universi-</strong></span> 
     </span>
    </p>
   </div>
   <div class='ocr_carea' id='block_1_30' title="bbox 1981 1781 2994 1855">
    <p class='ocr_par' dir='ltr' id='par_1_30' title="bbox 1981 1781 2994 1855">
     <span class='ocr_line' id='line_1_30' title="bbox 1981 1781 2994 1855; baseline -0.002 -12"><span class='ocrx_word' id='word_1_193' title='bbox 1981 1785 2111 1843; x_wconf 86' lang='lat' dir='ltr'><strong>tatis</strong></span> <span class='ocrx_word' id='word_1_194' title='bbox 2137 1783 2486 1842; x_wconf 87' lang='lat' dir='ltr'><strong>Conditorem</strong></span> <span class='ocrx_word' id='word_1_195' title='bbox 2511 1791 2675 1855; x_wconf 89' lang='lat' dir='ltr'><strong>atque</strong></span> <span class='ocrx_word' id='word_1_196' title='bbox 2708 1781 2994 1855; x_wconf 83' lang='lat' dir='ltr'><strong>Opiﬁccm.</strong></span> 
     </span>
    </p>
   </div>
   <div class='ocr_carea' id='block_1_31' title="bbox 372 1897 1883 1991">
    <p class='ocr_par' dir='ltr' id='par_1_31' title="bbox 372 1911 1883 1991">
     <span class='ocr_line' id='line_1_31' title="bbox 372 1911 1883 1991; baseline 0.005 -21"><span class='ocrx_word' id='word_1_197' title='bbox 372 1911 445 1971; x_wconf 77' lang='grc' dir='ltr'><strong><em>Ὦ</em></strong></span> <span class='ocrx_word' id='word_1_198' title='bbox 477 1916 724 1972; x_wconf 79' lang='grc' dir='ltr'>Δέσποτα</span> <span class='ocrx_word' id='word_1_199' title='bbox 755 1919 849 1972; x_wconf 77' lang='grc' dir='ltr'>καὶ</span> <span class='ocrx_word' id='word_1_200' title='bbox 883 1919 1197 1991; x_wconf 74' lang='grc' dir='ltr'>Δημιουργὲ</span> <span class='ocrx_word' id='word_1_201' title='bbox 1239 1921 1397 1976; x_wconf 86' lang='grc' dir='ltr'>τοῦδε</span> <span class='ocrx_word' id='word_1_202' title='bbox 1441 1920 1538 1976; x_wconf 91' lang='grc' dir='ltr'><strong>τοῦ</strong></span> <span class='ocrx_word' id='word_1_203' title='bbox 1581 1922 1806 1988; x_wconf 81' lang='grc' dir='ltr'>παντὸς,</span> <span class='ocrx_word' id='word_1_204' title='bbox 1837 1916 1883 1978; x_wconf 81' lang='grc' dir='ltr'>ὧ</span> 
     </span>
    </p>
   </div>
   <div class='ocr_carea' id='block_1_32' title="bbox 1986 1897 3566 1991">
    <p class='ocr_par' dir='ltr' id='par_1_32' title="bbox 2059 1919 3566 1991">
     <span class='ocr_line' id='line_1_32' title="bbox 2059 1919 3566 1991; baseline 0.001 -15"><span class='ocrx_word' id='word_1_205' title='bbox 2059 1919 2284 1977; x_wconf 90' lang='lat' dir='ltr'><strong>Domine</strong></span> <span class='ocrx_word' id='word_1_206' title='bbox 2318 1931 2375 1976; x_wconf 88' lang='lat' dir='ltr'><strong>et</strong></span> <span class='ocrx_word' id='word_1_207' title='bbox 2399 1919 2590 1991; x_wconf 73' lang='lat' dir='ltr'><strong>Opifex</strong></span> <span class='ocrx_word' id='word_1_208' title='bbox 2615 1920 2777 1991; x_wconf 85' lang='lat' dir='ltr'><strong>hujus</strong></span> <span class='ocrx_word' id='word_1_209' title='bbox 2810 1920 3077 1988; x_wconf 82' lang='lat' dir='ltr'><strong>universi,</strong></span> <span class='ocrx_word' id='word_1_210' title='bbox 3111 1919 3302 1988; x_wconf 90' lang='lat' dir='ltr'><strong>Pater,</strong></span> <span class='ocrx_word' id='word_1_211' title='bbox 3327 1920 3566 1978; x_wconf 78' lang='lat' dir='ltr'><strong>Verbum</strong></span> 
     </span>
    </p>
   </div>
   <div class='ocr_carea' id='block_1_33' title="bbox 297 2008 1881 2088">
    <p class='ocr_par' dir='ltr' id='par_1_33' title="bbox 297 2008 1881 2088">
     <span class='ocr_line' id='line_1_33' title="bbox 297 2008 1881 2088; baseline 0.004 -25"><span class='ocrx_word' id='word_1_212' title='bbox 297 2009 506 2080; x_wconf 84' lang='grc' dir='ltr'>Πάτερ,</span> <span class='ocrx_word' id='word_1_213' title='bbox 535 2011 634 2065; x_wconf 74' lang='grc' dir='ltr'>καὶ</span> <span class='ocrx_word' id='word_1_214' title='bbox 658 2010 824 2080; x_wconf 86' lang='grc' dir='ltr'>Δόγε,</span> <span class='ocrx_word' id='word_1_215' title='bbox 857 2013 953 2065; x_wconf 73' lang='grc' dir='ltr'>καὶ</span> <span class='ocrx_word' id='word_1_216' title='bbox 983 2011 1210 2083; x_wconf 80' lang='grc' dir='ltr'>Πνεῦμα</span> <span class='ocrx_word' id='word_1_217' title='bbox 1243 2015 1420 2084; x_wconf 79' lang='grc' dir='ltr'>ἀγιον,</span> <span class='ocrx_word' id='word_1_218' title='bbox 1450 2008 1496 2068; x_wconf 79' lang='grc' dir='ltr'>ὧ</span> <span class='ocrx_word' id='word_1_219' title='bbox 1519 2015 1639 2069; x_wconf 84' lang='grc' dir='ltr'>θεία</span> <span class='ocrx_word' id='word_1_220' title='bbox 1687 2015 1881 2088; x_wconf 83' lang='grc' dir='ltr'>Τριὰς,</span> 
     </span>
    </p>
   </div>
   <div class='ocr_carea' id='block_1_34' title="bbox 291 2102 1886 2182">
    <p class='ocr_par' dir='ltr' id='par_1_34' title="bbox 291 2102 1886 2182">
     <span class='ocr_line' id='line_1_34' title="bbox 291 2102 1886 2182; baseline 0.004 -25"><span class='ocrx_word' id='word_1_221' title='bbox 291 2102 388 2157; x_wconf 68' lang='grc' dir='ltr'>καὶ</span> <span class='ocrx_word' id='word_1_222' title='bbox 412 2102 612 2174; x_wconf 81' lang='grc' dir='ltr'>τρισσὴ</span> <span class='ocrx_word' id='word_1_223' title='bbox 631 2103 726 2158; x_wconf 75' lang='grc' dir='ltr'><strong>καὶ</strong></span> <span class='ocrx_word' id='word_1_224' title='bbox 753 2105 886 2173; x_wconf 86' lang='grc' dir='ltr'>ἁγία</span> <span class='ocrx_word' id='word_1_225' title='bbox 915 2105 1106 2176; x_wconf 86' lang='grc' dir='ltr'>μονὰς,</span> <span class='ocrx_word' id='word_1_226' title='bbox 1143 2108 1326 2181; x_wconf 81' lang='grc' dir='ltr'>Πάτερ</span> <span class='ocrx_word' id='word_1_227' title='bbox 1365 2109 1570 2182; x_wconf 74' lang='grc' dir='ltr'>ἄναρχε</span> <span class='ocrx_word' id='word_1_228' title='bbox 1606 2110 1698 2164; x_wconf 75' lang='grc' dir='ltr'><strong>καὶ</strong></span> <span class='ocrx_word' id='word_1_229' title='bbox 1727 2109 1886 2179; x_wconf 79' lang='grc' dir='ltr'>ἀγέν-</span> 
     </span>
    </p>
   </div>
   <div class='ocr_carea' id='block_1_35' title="bbox 291 2196 1887 2274">
    <p class='ocr_par' dir='ltr' id='par_1_35' title="bbox 291 2196 1887 2274">
     <span class='ocr_line' id='line_1_35' title="bbox 291 2196 1887 2274; baseline 0.005 -26"><span class='ocrx_word' id='word_1_230' title='bbox 291 2212 464 2267; x_wconf 75' lang='grc' dir='ltr'>νητε,</span> <span class='ocrx_word' id='word_1_231' title='bbox 495 2197 591 2250; x_wconf 64' lang='lat' dir='ltr'><strong>Tit</strong></span> <span class='ocrx_word' id='word_1_232' title='bbox 657 2196 912 2268; x_wconf 85' lang='grc' dir='ltr'>ἀνάρχως</span> <span class='ocrx_word' id='word_1_233' title='bbox 1006 2201 1373 2271; x_wconf 78' lang='grc' dir='ltr'>γεγεννημένε</span> <span class='ocrx_word' id='word_1_234' title='bbox 1449 2202 1562 2273; x_wconf 70' lang='grc'><strong>(43)</strong></span> <span class='ocrx_word' id='word_1_235' title='bbox 1588 2242 1604 2268; x_wconf 90' lang='grc'><strong>,</strong></span> <span class='ocrx_word' id='word_1_236' title='bbox 1658 2202 1887 2274; x_wconf 84' lang='grc' dir='ltr'>Πνεῦμα</span> 
     </span>
    </p>
   </div>
   <div class='ocr_carea' id='block_1_36' title="bbox 296 2289 1884 2368">
    <p class='ocr_par' dir='ltr' id='par_1_36' title="bbox 296 2289 1884 2368">
     <span class='ocr_line' id='line_1_36' title="bbox 296 2289 1884 2368; baseline 0.004 -26"><span class='ocrx_word' id='word_1_237' title='bbox 296 2289 468 2355; x_wconf 77' lang='grc' dir='ltr'>θεῖον,</span> <span class='ocrx_word' id='word_1_238' title='bbox 495 2289 762 2362; x_wconf 77' lang='grc' dir='ltr'>προελθὸν</span> <span class='ocrx_word' id='word_1_239' title='bbox 781 2291 1037 2362; x_wconf 84' lang='grc' dir='ltr'>ἀνάρχως</span> <span class='ocrx_word' id='word_1_240' title='bbox 1063 2292 1128 2345; x_wconf 81' lang='grc' dir='ltr'>ὲκ</span> <span class='ocrx_word' id='word_1_241' title='bbox 1152 2293 1390 2362; x_wconf 75' lang='grc' dir='ltr'>Πατρὸς,</span> <span class='ocrx_word' id='word_1_242' title='bbox 1417 2295 1590 2367; x_wconf 88' lang='grc' dir='ltr'>Τριάς</span> <span class='ocrx_word' id='word_1_243' title='bbox 1626 2296 1884 2368; x_wconf 79' lang='grc' dir='ltr'>ἀρρήτως</span> 
     </span>
    </p>
   </div>
   <div class='ocr_carea' id='block_1_37' title="bbox 289 2381 1886 2460">
    <p class='ocr_par' dir='ltr' id='par_1_37' title="bbox 289 2381 1886 2460">
     <span class='ocr_line' id='line_1_37' title="bbox 289 2381 1886 2460; baseline 0.008 -29"><span class='ocrx_word' id='word_1_244' title='bbox 289 2381 376 2444; x_wconf 85' lang='grc' dir='ltr'><strong>είς</strong></span> <span class='ocrx_word' id='word_1_245' title='bbox 409 2382 612 2452; x_wconf 78' lang='grc' dir='ltr'>μονάδα</span> <span class='ocrx_word' id='word_1_246' title='bbox 653 2382 1199 2456; x_wconf 77' lang='grc' dir='ltr'>ἀνακεφαλαιουμένη</span> <span class='ocrx_word' id='word_1_247' title='bbox 1225 2423 1242 2447; x_wconf 91' lang='grc'><strong>,</strong></span> <span class='ocrx_word' id='word_1_248' title='bbox 1295 2386 1464 2455; x_wconf 86' lang='grc' dir='ltr'>μονάς</span> <span class='ocrx_word' id='word_1_249' title='bbox 1491 2387 1886 2460; x_wconf 82' lang='grc' dir='ltr'>ἀνεκφράστως</span> 
     </span>
    </p>
   </div>
   <div class='ocr_carea' id='block_1_38' title="bbox 289 2470 1884 2550">
    <p class='ocr_par' dir='ltr' id='par_1_38' title="bbox 289 2470 1884 2550">
     <span class='ocr_line' id='line_1_38' title="bbox 289 2470 1884 2550; baseline 0.006 -27"><span class='ocrx_word' id='word_1_250' title='bbox 289 2470 354 2522; x_wconf 72' lang='grc' dir='ltr'>ιν</span> <span class='ocrx_word' id='word_1_251' title='bbox 409 2471 604 2543; x_wconf 85' lang='grc' dir='ltr'>Τριάδι</span> <span class='ocrx_word' id='word_1_252' title='bbox 661 2473 1122 2544; x_wconf 81' lang='grc' dir='ltr'>προσκυνουμένη</span> <span class='ocrx_word' id='word_1_253' title='bbox 1145 2513 1161 2539; x_wconf 94' lang='grc'><strong>,</strong></span> <span class='ocrx_word' id='word_1_254' title='bbox 1205 2476 1302 2529; x_wconf 73' lang='grc' dir='ltr'>καὶ</span> <span class='ocrx_word' id='word_1_255' title='bbox 1347 2476 1423 2546; x_wconf 76' lang='grc' dir='ltr'>μὴ</span> <span class='ocrx_word' id='word_1_256' title='bbox 1465 2477 1884 2550; x_wconf 73' lang='grc' dir='ltr'><strong>καταλειμδανο⁴</strong></span> 
     </span>
    </p>
   </div>
   <div class='ocr_carea' id='block_1_39' title="bbox 294 2562 1884 2644">
    <p class='ocr_par' dir='ltr' id='par_1_39' title="bbox 294 2562 1884 2644">
     <span class='ocr_line' id='line_1_39' title="bbox 294 2562 1884 2644; baseline 0.006 -28"><span class='ocrx_word' id='word_1_257' title='bbox 294 2562 437 2634; x_wconf 82' lang='grc' dir='ltr'>μένη</span> <span class='ocrx_word' id='word_1_258' title='bbox 473 2601 489 2628; x_wconf 93' lang='grc'><strong>,</strong></span> <span class='ocrx_word' id='word_1_259' title='bbox 519 2563 690 2635; x_wconf 60' lang='lat' dir='ltr'><strong>me;</strong></span> <span class='ocrx_word' id='word_1_260' title='bbox 729 2564 953 2620; x_wconf 74' lang='grc' dir='ltr'>ἀκτιστε</span> <span class='ocrx_word' id='word_1_261' title='bbox 977 2607 993 2631; x_wconf 93' lang='grc'><strong>,</strong></span> <span class='ocrx_word' id='word_1_262' title='bbox 1028 2565 1168 2620; x_wconf 83' lang='grc' dir='ltr'>ἀῖδιε</span> <span class='ocrx_word' id='word_1_263' title='bbox 1198 2567 1292 2620; x_wconf 69' lang='grc' dir='ltr'><strong>καὶ</strong></span> <span class='ocrx_word' id='word_1_264' title='bbox 1323 2567 1656 2642; x_wconf 82' lang='grc' dir='ltr'>ὁμοούσιε,ὴ</span> <span class='ocrx_word' id='word_1_265' title='bbox 1690 2571 1884 2644; x_wconf 83' lang='grc' dir='ltr'>πρώτη</span> 
     </span>
    </p>
   </div>
   <div class='ocr_carea' id='block_1_40' title="bbox 291 2655 1884 2732">
    <p class='ocr_par' dir='ltr' id='par_1_40' title="bbox 291 2655 1884 2732">
     <span class='ocr_line' id='line_1_40' title="bbox 291 2655 1884 2732; baseline 0.006 -24"><span class='ocrx_word' id='word_1_266' title='bbox 291 2655 390 2708; x_wconf 78' lang='grc' dir='ltr'>καὶ</span> <span class='ocrx_word' id='word_1_267' title='bbox 427 2655 677 2728; x_wconf 88' lang='grc' dir='ltr'>μακαρία</span> <span class='ocrx_word' id='word_1_268' title='bbox 704 2656 888 2726; x_wconf 83' lang='grc' dir='ltr'>φύσις,</span> <span class='ocrx_word' id='word_1_269' title='bbox 912 2657 1009 2711; x_wconf 77' lang='grc' dir='ltr'>καὶ</span> <span class='ocrx_word' id='word_1_270' title='bbox 1060 2656 1170 2710; x_wconf 83' lang='grc' dir='ltr'><strong>τῶν</strong></span> <span class='ocrx_word' id='word_1_271' title='bbox 1208 2657 1379 2713; x_wconf 76' lang='grc' dir='ltr'>ὄντων</span> <span class='ocrx_word' id='word_1_272' title='bbox 1403 2659 1568 2731; x_wconf 82' lang='grc' dir='ltr'>ἀρχὴ,</span> <span class='ocrx_word' id='word_1_273' title='bbox 1593 2663 1625 2732; x_wconf 79' lang='grc' dir='ltr'><strong>ἡ</strong></span> <span class='ocrx_word' id='word_1_274' title='bbox 1651 2661 1884 2732; x_wconf 78' lang='grc' dir='ltr'>ἄφθονος</span> 
     </span>
    </p>
   </div>
   <div class='ocr_carea' id='block_1_41' title="bbox 292 2744 1882 2820">
    <p class='ocr_par' dir='ltr' id='par_1_41' title="bbox 292 2744 1882 2820">
     <span class='ocr_line' id='line_1_41' title="bbox 292 2744 1882 2820; baseline 0.005 -23"><span class='ocrx_word' id='word_1_275' title='bbox 292 2745 569 2816; x_wconf 86' lang='grc' dir='ltr'>άγαθότης</span> <span class='ocrx_word' id='word_1_276' title='bbox 601 2745 694 2798; x_wconf 72' lang='grc' dir='ltr'>καὶ</span> <span class='ocrx_word' id='word_1_277' title='bbox 713 2745 772 2799; x_wconf 77' lang='grc' dir='ltr'><strong>τὸ</strong></span> <span class='ocrx_word' id='word_1_278' title='bbox 799 2744 968 2809; x_wconf 78' lang='grc' dir='ltr'>ὅντως</span> <span class='ocrx_word' id='word_1_279' title='bbox 1009 2747 1130 2810; x_wconf 89' lang='grc' dir='ltr'>Ὃν,</span> <span class='ocrx_word' id='word_1_280' title='bbox 1159 2745 1308 2816; x_wconf 82' lang='grc' dir='ltr'>δοίης</span> <span class='ocrx_word' id='word_1_281' title='bbox 1331 2747 1463 2817; x_wconf 81' lang='grc' dir='ltr'>ἡμῖν</span> <span class='ocrx_word' id='word_1_282' title='bbox 1497 2747 1735 2820; x_wconf 79' lang='grc' dir='ltr'>καθᾶραι</span> <span class='ocrx_word' id='word_1_283' title='bbox 1765 2749 1882 2818; x_wconf 81' lang='grc'><strong>(44)</strong></span> 
     </span>
    </p>
   </div>
   <div class='ocr_carea' id='block_1_42' title="bbox 291 2835 1883 2910">
    <p class='ocr_par' dir='ltr' id='par_1_42' title="bbox 291 2835 1883 2910">
     <span class='ocr_line' id='line_1_42' title="bbox 291 2835 1883 2910; baseline 0.005 -21"><span class='ocrx_word' id='word_1_284' title='bbox 291 2835 387 2890; x_wconf 80' lang='grc' dir='ltr'>τὸν</span> <span class='ocrx_word' id='word_1_285' title='bbox 418 2835 566 2902; x_wconf 84' lang='grc' dir='ltr'>νοῦν,</span> <span class='ocrx_word' id='word_1_286' title='bbox 596 2837 694 2890; x_wconf 68' lang='grc' dir='ltr'>καὶ</span> <span class='ocrx_word' id='word_1_287' title='bbox 720 2835 873 2902; x_wconf 77' lang='grc' dir='ltr'>ἀξιον</span> <span class='ocrx_word' id='word_1_288' title='bbox 904 2836 1133 2905; x_wconf 80' lang='grc' dir='ltr'>ποιῆσαι</span> <span class='ocrx_word' id='word_1_289' title='bbox 1158 2837 1259 2907; x_wconf 80' lang='grc' dir='ltr'>τῆς</span> <span class='ocrx_word' id='word_1_290' title='bbox 1296 2836 1397 2906; x_wconf 82' lang='grc' dir='ltr'>σῆς</span> <span class='ocrx_word' id='word_1_291' title='bbox 1420 2836 1747 2910; x_wconf 79' lang='grc' dir='ltr'>ὲλλάμψεως</span> <span class='ocrx_word' id='word_1_292' title='bbox 1769 2839 1883 2910; x_wconf 83' lang='grc'><strong>(45)</strong></span> 
     </span>
    </p>
   </div>
   <div class='ocr_carea' id='block_1_43' title="bbox 294 2922 1884 3000">
    <p class='ocr_par' dir='ltr' id='par_1_43' title="bbox 294 2922 1884 3000">
     <span class='ocr_line' id='line_1_43' title="bbox 294 2922 1884 3000; baseline 0.004 -18"><span class='ocrx_word' id='word_1_293' title='bbox 294 2926 396 2982; x_wconf 76' lang='grc' dir='ltr'>καὶ</span> <span class='ocrx_word' id='word_1_294' title='bbox 423 2927 679 2999; x_wconf 83' lang='grc' dir='ltr'>θεωρίας,</span> <span class='ocrx_word' id='word_1_295' title='bbox 707 2927 794 2980; x_wconf 78' lang='grc' dir='ltr'>ἵνα</span> <span class='ocrx_word' id='word_1_296' title='bbox 815 2927 1075 3000; x_wconf 83' lang='grc' dir='ltr'>καθαρῶς</span> <span class='ocrx_word' id='word_1_297' title='bbox 1097 2928 1174 2992; x_wconf 91' lang='grc' dir='ltr'><strong>ώς</strong></span> <span class='ocrx_word' id='word_1_298' title='bbox 1200 2922 1310 2982; x_wconf 72' lang='grc' dir='ltr'>οἷόν</span> <span class='ocrx_word' id='word_1_299' title='bbox 1338 2947 1421 2995; x_wconf 92' lang='grc' dir='ltr'><strong>τε,</strong></span> <span class='ocrx_word' id='word_1_300' title='bbox 1447 2930 1542 2985; x_wconf 80' lang='grc' dir='ltr'><strong>σοῦ</strong></span> <span class='ocrx_word' id='word_1_301' title='bbox 1577 2931 1672 2986; x_wconf 90' lang='grc' dir='ltr'><strong>τοῦ</strong></span> <span class='ocrx_word' id='word_1_302' title='bbox 1707 2932 1884 2988; x_wconf 85' lang='grc' dir='ltr'>καθα-</span> 
     </span>
    </p>
   </div>
   <div class='ocr_carea' id='block_1_44' title="bbox 301 3019 1884 3092">
    <p class='ocr_par' dir='ltr' id='par_1_44' title="bbox 301 3019 1884 3092">
     <span class='ocr_line' id='line_1_44' title="bbox 301 3019 1884 3092; baseline 0.005 -20"><span class='ocrx_word' id='word_1_303' title='bbox 301 3019 551 3091; x_wconf 86' lang='grc' dir='ltr'>ρωτάτου</span> <span class='ocrx_word' id='word_1_304' title='bbox 577 3019 974 3090; x_wconf 85' lang='grc' dir='ltr'>ὲφαπτώμεθα,</span> <span class='ocrx_word' id='word_1_305' title='bbox 1005 3021 1054 3073; x_wconf 88' lang='grc' dir='ltr'><strong>εί</strong></span> <span class='ocrx_word' id='word_1_306' title='bbox 1095 3019 1255 3092; x_wconf 74' lang='grc' dir='ltr'>θέμις</span> <span class='ocrx_word' id='word_1_307' title='bbox 1279 3021 1398 3075; x_wconf 81' lang='grc' dir='ltr'>ἑστί</span> <span class='ocrx_word' id='word_1_308' title='bbox 1417 3038 1432 3052; x_wconf 82' lang='lat'><strong><em>°</em></strong></span> <span class='ocrx_word' id='word_1_309' title='bbox 1484 3024 1580 3078; x_wconf 77' lang='grc' dir='ltr'>καὶ</span> <span class='ocrx_word' id='word_1_310' title='bbox 1608 3025 1737 3088; x_wconf 81' lang='grc' dir='ltr'>τοὺς</span> <span class='ocrx_word' id='word_1_311' title='bbox 1785 3043 1884 3080; x_wconf 77' lang='grc' dir='ltr'>καο</span> 
     </span>
    </p>
   </div>
   <div class='ocr_carea' id='block_1_45' title="bbox 295 3111 1886 3186">
    <p class='ocr_par' dir='ltr' id='par_1_45' title="bbox 295 3111 1886 3186">
     <span class='ocr_line' id='line_1_45' title="bbox 295 3111 1886 3186; baseline 0.005 -22"><span class='ocrx_word' id='word_1_312' title='bbox 295 3111 429 3176; x_wconf 80' lang='grc' dir='ltr'>κοῦς</span> <span class='ocrx_word' id='word_1_313' title='bbox 456 3112 811 3183; x_wconf 81' lang='grc' dir='ltr'>χαρακτῆρας</span> <span class='ocrx_word' id='word_1_314' title='bbox 834 3114 928 3166; x_wconf 77' lang='grc' dir='ltr'>καὶ</span> <span class='ocrx_word' id='word_1_315' title='bbox 959 3112 1163 3176; x_wconf 83' lang='grc' dir='ltr'>τύπους</span> <span class='ocrx_word' id='word_1_316' title='bbox 1196 3113 1296 3184; x_wconf 84' lang='grc' dir='ltr'>τῆς</span> <span class='ocrx_word' id='word_1_317' title='bbox 1332 3113 1513 3186; x_wconf 78' lang='grc' dir='ltr'>ψυχῆς</span> <span class='ocrx_word' id='word_1_318' title='bbox 1537 3115 1671 3186; x_wconf 86' lang='grc'><strong>(46),</strong></span> <span class='ocrx_word' id='word_1_319' title='bbox 1699 3116 1886 3181; x_wconf 72' lang='grc' dir='ltr'>ἐξελά-</span> 
     </span>
    </p>
   </div>
   <div class='ocr_carea' id='block_1_46' title="bbox 1986 2010 3570 2084">
    <p class='ocr_par' dir='ltr' id='par_1_46' title="bbox 1986 2010 3570 2084">
     <span class='ocr_line' id='line_1_46' title="bbox 1986 2010 3570 2084; baseline 0 -16"><span class='ocrx_word' id='word_1_320' title='bbox 1986 2021 2041 2068; x_wconf 88' lang='lat' dir='ltr'><strong>et</strong></span> <span class='ocrx_word' id='word_1_321' title='bbox 2075 2011 2312 2082; x_wconf 91' lang='lat' dir='ltr'><strong>Spiritus</strong></span> <span class='ocrx_word' id='word_1_322' title='bbox 2357 2019 2565 2077; x_wconf 84' lang='lat' dir='ltr'><strong>sancte,</strong></span> <span class='ocrx_word' id='word_1_323' title='bbox 2607 2011 2791 2068; x_wconf 91' lang='lat' dir='ltr'><strong>divina</strong></span> <span class='ocrx_word' id='word_1_324' title='bbox 2833 2010 3096 2077; x_wconf 87' lang='lat' dir='ltr'><strong>Trinitas,</strong></span> <span class='ocrx_word' id='word_1_325' title='bbox 3135 2020 3190 2068; x_wconf 87' lang='lat' dir='ltr'><strong>et</strong></span> <span class='ocrx_word' id='word_1_326' title='bbox 3221 2011 3360 2066; x_wconf 90' lang='lat' dir='ltr'><strong>trina</strong></span> <span class='ocrx_word' id='word_1_327' title='bbox 3405 2024 3570 2084; x_wconf 88' lang='lat' dir='ltr'><strong>atque</strong></span> 
     </span>
    </p>
   </div>
   <div class='ocr_carea' id='block_1_47' title="bbox 1986 2103 3566 2176">
    <p class='ocr_par' dir='ltr' id='par_1_47' title="bbox 1986 2103 3566 2176">
     <span class='ocr_line' id='line_1_47' title="bbox 1986 2103 3566 2176; baseline -0.001 -14"><span class='ocrx_word' id='word_1_328' title='bbox 1986 2115 2176 2162; x_wconf 89' lang='lat' dir='ltr'><strong>sancta</strong></span> <span class='ocrx_word' id='word_1_329' title='bbox 2212 2103 2448 2161; x_wconf 88' lang='lat' dir='ltr'><strong>Uuitas:</strong></span> <span class='ocrx_word' id='word_1_330' title='bbox 2481 2105 2642 2161; x_wconf 87' lang='lat' dir='ltr'><strong>Pater</strong></span> <span class='ocrx_word' id='word_1_331' title='bbox 2675 2104 2931 2176; x_wconf 90' lang='lat' dir='ltr'><strong>principii</strong></span> <span class='ocrx_word' id='word_1_332' title='bbox 2979 2118 3177 2175; x_wconf 77' lang='lat' dir='ltr'><strong>expers</strong></span> <span class='ocrx_word' id='word_1_333' title='bbox 3219 2114 3274 2160; x_wconf 91' lang='lat' dir='ltr'><strong>et</strong></span> <span class='ocrx_word' id='word_1_334' title='bbox 3304 2105 3566 2175; x_wconf 89' lang='lat' dir='ltr'><strong>ingenite,</strong></span> 
     </span>
    </p>
   </div>
   <div class='ocr_carea' id='block_1_48' title="bbox 1987 2196 3569 2268">
    <p class='ocr_par' dir='ltr' id='par_1_48' title="bbox 1987 2196 3569 2268">
     <span class='ocr_line' id='line_1_48' title="bbox 1987 2196 3569 2268; baseline 0 -14"><span class='ocrx_word' id='word_1_335' title='bbox 1987 2197 2086 2254; x_wconf 82' lang='lat' dir='ltr'><strong>Fili</strong></span> <span class='ocrx_word' id='word_1_336' title='bbox 2115 2197 2234 2254; x_wconf 83' lang='lat' dir='ltr'><strong>sine</strong></span> <span class='ocrx_word' id='word_1_337' title='bbox 2263 2197 2533 2267; x_wconf 88' lang='lat' dir='ltr'><strong>principio</strong></span> <span class='ocrx_word' id='word_1_338' title='bbox 2559 2197 2763 2268; x_wconf 79' lang='lat' dir='ltr'><strong>genite,</strong></span> <span class='ocrx_word' id='word_1_339' title='bbox 2791 2197 2975 2252; x_wconf 80' lang='lat' dir='ltr'><strong>divine</strong></span> <span class='ocrx_word' id='word_1_340' title='bbox 2997 2196 3236 2268; x_wconf 91' lang='lat' dir='ltr'><strong>Spiritus</strong></span> <span class='ocrx_word' id='word_1_341' title='bbox 3270 2199 3569 2266; x_wconf 88' lang='lat' dir='ltr'><strong>procedens</strong></span> 
     </span>
    </p>
   </div>
   <div class='ocr_carea' id='block_1_49' title="bbox 1985 2289 3567 2362">
    <p class='ocr_par' dir='ltr' id='par_1_49' title="bbox 1985 2289 3567 2362">
     <span class='ocr_line' id='line_1_49' title="bbox 1985 2289 3567 2362; baseline 0 -15"><span class='ocrx_word' id='word_1_342' title='bbox 1985 2291 2125 2348; x_wconf 89' lang='lat' dir='ltr'><strong>citra</strong></span> <span class='ocrx_word' id='word_1_343' title='bbox 2171 2291 2503 2362; x_wconf 89' lang='lat' dir='ltr'><strong>principium</strong></span> <span class='ocrx_word' id='word_1_344' title='bbox 2548 2305 2578 2345; x_wconf 89' lang='lat' dir='ltr'><strong>a</strong></span> <span class='ocrx_word' id='word_1_345' title='bbox 2622 2289 2807 2355; x_wconf 85' lang='lat' dir='ltr'><strong>Patre,</strong></span> <span class='ocrx_word' id='word_1_346' title='bbox 2843 2289 3088 2346; x_wconf 88' lang='lat' dir='ltr'><strong>Trinitas</strong></span> <span class='ocrx_word' id='word_1_347' title='bbox 3130 2290 3477 2346; x_wconf 76' lang='lat' dir='ltr'><strong>ineffabiliter</strong></span> <span class='ocrx_word' id='word_1_348' title='bbox 3511 2290 3567 2347; x_wconf 93' lang='lat' dir='ltr'><strong>in</strong></span> 
     </span>
    </p>
   </div>
   <div class='ocr_carea' id='block_1_50' title="bbox 1986 2381 3570 2452">
    <p class='ocr_par' dir='ltr' id='par_1_50' title="bbox 1986 2381 3570 2452">
     <span class='ocr_line' id='line_1_50' title="bbox 1986 2381 3570 2452; baseline 0.001 -13"><span class='ocrx_word' id='word_1_349' title='bbox 1986 2385 2252 2440; x_wconf 86' lang='lat' dir='ltr'><strong>unitatem</strong></span> <span class='ocrx_word' id='word_1_350' title='bbox 2285 2384 2480 2452; x_wconf 84' lang='lat' dir='ltr'><strong>relata,</strong></span> <span class='ocrx_word' id='word_1_351' title='bbox 2515 2383 2708 2440; x_wconf 80' lang='lat' dir='ltr'><strong>Unitas</strong></span> <span class='ocrx_word' id='word_1_352' title='bbox 2741 2382 3188 2438; x_wconf 86' lang='lat' dir='ltr'><strong>inenarrabiliter</strong></span> <span class='ocrx_word' id='word_1_353' title='bbox 3215 2384 3268 2439; x_wconf 94' lang='lat' dir='ltr'><strong>in</strong></span> <span class='ocrx_word' id='word_1_354' title='bbox 3299 2381 3570 2441; x_wconf 86' lang='lat' dir='ltr'><strong>Trinitate</strong></span> 
     </span>
    </p>
   </div>
   <div class='ocr_carea' id='block_1_51' title="bbox 1985 2472 3566 2543">
    <p class='ocr_par' dir='ltr' id='par_1_51' title="bbox 1985 2472 3566 2543">
     <span class='ocr_line' id='line_1_51' title="bbox 1985 2472 3566 2543; baseline 0.001 -17"><span class='ocrx_word' id='word_1_355' title='bbox 1985 2473 2211 2528; x_wconf 86' lang='lat' dir='ltr'><strong>adorata</strong></span> <span class='ocrx_word' id='word_1_356' title='bbox 2267 2487 2445 2543; x_wconf 89' lang='lat' dir='ltr'><strong>neque</strong></span> <span class='ocrx_word' id='word_1_357' title='bbox 2503 2472 2935 2542; x_wconf 83' lang='lat' dir='ltr'><strong>comprehensa,</strong></span> <span class='ocrx_word' id='word_1_358' title='bbox 2989 2473 3233 2529; x_wconf 82' lang='lat' dir='ltr'><strong>Trinitas</strong></span> <span class='ocrx_word' id='word_1_359' title='bbox 3291 2474 3566 2540; x_wconf 86' lang='lat' dir='ltr'><strong>iucreata,</strong></span> 
     </span>
    </p>
   </div>
   <div class='ocr_carea' id='block_1_52' title="bbox 1986 2566 3570 2638">
    <p class='ocr_par' dir='ltr' id='par_1_52' title="bbox 1986 2566 3570 2638">
     <span class='ocr_line' id='line_1_52' title="bbox 1986 2566 3570 2638; baseline 0 -16"><span class='ocrx_word' id='word_1_360' title='bbox 1986 2566 2322 2634; x_wconf 88' lang='lat' dir='ltr'><strong>sempiterna</strong></span> <span class='ocrx_word' id='word_1_361' title='bbox 2354 2579 2410 2621; x_wconf 92' lang='lat' dir='ltr'><strong>et</strong></span> <span class='ocrx_word' id='word_1_362' title='bbox 2435 2566 2944 2628; x_wconf 83' lang='lat' dir='ltr'><strong>consubstantialis.</strong></span> <span class='ocrx_word' id='word_1_363' title='bbox 2974 2570 3150 2638; x_wconf 89' lang='lat' dir='ltr'><strong>prima</strong></span> <span class='ocrx_word' id='word_1_364' title='bbox 3183 2568 3450 2638; x_wconf 86' lang='lat' dir='ltr'><strong>beataque</strong></span> <span class='ocrx_word' id='word_1_365' title='bbox 3473 2583 3570 2622; x_wconf 91' lang='lat' dir='ltr'><strong>na-</strong></span> 
     </span>
    </p>
   </div>
   <div class='ocr_carea' id='block_1_53' title="bbox 1985 2661 3566 2732">
    <p class='ocr_par' dir='ltr' id='par_1_53' title="bbox 1985 2661 3566 2732">
     <span class='ocr_line' id='line_1_53' title="bbox 1985 2661 3566 2732; baseline 0.001 -18"><span class='ocrx_word' id='word_1_366' title='bbox 1985 2667 2130 2726; x_wconf 86' lang='lat' dir='ltr'><strong>tura,</strong></span> <span class='ocrx_word' id='word_1_367' title='bbox 2171 2670 2227 2715; x_wconf 94' lang='lat' dir='ltr'><strong>et</strong></span> <span class='ocrx_word' id='word_1_368' title='bbox 2271 2675 2454 2716; x_wconf 89' lang='lat' dir='ltr'><strong>rerum</strong></span> <span class='ocrx_word' id='word_1_369' title='bbox 2479 2661 2833 2732; x_wconf 86' lang='lat' dir='ltr'><strong>principium,</strong></span> <span class='ocrx_word' id='word_1_370' title='bbox 2868 2661 2939 2717; x_wconf 87' lang='lat' dir='ltr'><strong>ab</strong></span> <span class='ocrx_word' id='word_1_371' title='bbox 2979 2661 3184 2717; x_wconf 82' lang='lat' dir='ltr'><strong>invidia</strong></span> <span class='ocrx_word' id='word_1_372' title='bbox 3229 2661 3566 2718; x_wconf 77' lang='lat' dir='ltr'><strong>alienissima</strong></span> 
     </span>
    </p>
   </div>
   <div class='ocr_carea' id='block_1_54' title="bbox 1987 2751 3570 2826">
    <p class='ocr_par' dir='ltr' id='par_1_54' title="bbox 1987 2751 3570 2826">
     <span class='ocr_line' id='line_1_54' title="bbox 1987 2751 3570 2826; baseline -0.001 -16"><span class='ocrx_word' id='word_1_373' title='bbox 1987 2753 2202 2810; x_wconf 83' lang='lat' dir='ltr'><strong>bonitas</strong></span> <span class='ocrx_word' id='word_1_374' title='bbox 2235 2761 2294 2809; x_wconf 89' lang='lat' dir='ltr'><strong>et</strong></span> <span class='ocrx_word' id='word_1_375' title='bbox 2329 2768 2517 2810; x_wconf 87' lang='lat' dir='ltr'><strong>verum</strong></span> <span class='ocrx_word' id='word_1_376' title='bbox 2547 2753 2677 2819; x_wconf 85' lang='lat' dir='ltr'><strong>Ens,</strong></span> <span class='ocrx_word' id='word_1_377' title='bbox 2711 2751 2890 2808; x_wconf 91' lang='lat' dir='ltr'><strong>tribue</strong></span> <span class='ocrx_word' id='word_1_378' title='bbox 2923 2754 3103 2820; x_wconf 89' lang='lat' dir='ltr'><strong>nobis,</strong></span> <span class='ocrx_word' id='word_1_379' title='bbox 3149 2763 3207 2808; x_wconf 94' lang='lat' dir='ltr'><strong>ut</strong></span> <span class='ocrx_word' id='word_1_380' title='bbox 3234 2765 3462 2826; x_wconf 90' lang='lat' dir='ltr'><strong>purgata</strong></span> <span class='ocrx_word' id='word_1_381' title='bbox 3491 2755 3570 2811; x_wconf 74' lang='lat' dir='ltr'><strong>si-</strong></span> 
     </span>
    </p>
   </div>
   <div class='ocr_carea' id='block_1_55' title="bbox 1985 2845 3567 2914">
    <p class='ocr_par' dir='ltr' id='par_1_55' title="bbox 1985 2845 3567 2914">
     <span class='ocr_line' id='line_1_55' title="bbox 1985 2845 3567 2914; baseline 0.001 -14"><span class='ocrx_word' id='word_1_382' title='bbox 1985 2861 2110 2902; x_wconf 89' lang='lat' dir='ltr'><strong>mus</strong></span> <span class='ocrx_word' id='word_1_383' title='bbox 2154 2854 2362 2912; x_wconf 87' lang='lat' dir='ltr'><strong>mente,</strong></span> <span class='ocrx_word' id='word_1_384' title='bbox 2408 2854 2464 2901; x_wconf 85' lang='lat' dir='ltr'><strong>et</strong></span> <span class='ocrx_word' id='word_1_385' title='bbox 2491 2845 2711 2914; x_wconf 77' lang='lat' dir='ltr'><strong>dignam</strong></span> <span class='ocrx_word' id='word_1_386' title='bbox 2755 2859 2876 2901; x_wconf 84' lang='lat' dir='ltr'><strong>eam</strong></span> <span class='ocrx_word' id='word_1_387' title='bbox 2911 2845 3202 2902; x_wconf 83' lang='lat' dir='ltr'><strong>reddamus</strong></span> <span class='ocrx_word' id='word_1_388' title='bbox 3238 2855 3328 2902; x_wconf 86' lang='lat' dir='ltr'><strong>tua</strong></span> <span class='ocrx_word' id='word_1_389' title='bbox 3360 2846 3567 2903; x_wconf 68' lang='lat' dir='ltr'><strong>cmlesti</strong></span> 
     </span>
    </p>
   </div>
   <div class='ocr_carea' id='block_1_56' title="bbox 1987 2938 3568 3011">
    <p class='ocr_par' dir='ltr' id='par_1_56' title="bbox 1987 2938 3568 3011">
     <span class='ocr_line' id='line_1_56' title="bbox 1987 2938 3568 3011; baseline -0.001 -16"><span class='ocrx_word' id='word_1_390' title='bbox 1987 2938 2353 2995; x_wconf 84' lang='lat' dir='ltr'><strong>Illustratione</strong></span> <span class='ocrx_word' id='word_1_391' title='bbox 2398 2947 2454 2994; x_wconf 91' lang='lat' dir='ltr'><strong>et</strong></span> <span class='ocrx_word' id='word_1_392' title='bbox 2517 2939 3000 3009; x_wconf 86' lang='lat' dir='ltr'><strong>contemplatione,</strong></span> <span class='ocrx_word' id='word_1_393' title='bbox 3035 2953 3145 3011; x_wconf 89' lang='lat' dir='ltr'><strong>quo</strong></span> <span class='ocrx_word' id='word_1_394' title='bbox 3192 2956 3346 3011; x_wconf 87' lang='lat' dir='ltr'><strong>pure,</strong></span> <span class='ocrx_word' id='word_1_395' title='bbox 3390 2942 3568 3010; x_wconf 84' lang='lat' dir='ltr'><strong>quoad</strong></span> 
     </span>
    </p>
   </div>
   <div class='ocr_carea' id='block_1_57' title="bbox 1987 3030 3566 3103">
    <p class='ocr_par' dir='ltr' id='par_1_57' title="bbox 1987 3030 3566 3103">
     <span class='ocr_line' id='line_1_57' title="bbox 1987 3030 3566 3103; baseline -0.001 -16"><span class='ocrx_word' id='word_1_396' title='bbox 1987 3031 2104 3087; x_wconf 80' lang='lat' dir='ltr'><strong>ﬁeri</strong></span> <span class='ocrx_word' id='word_1_397' title='bbox 2135 3031 2357 3102; x_wconf 87' lang='lat' dir='ltr'><strong>poterit,</strong></span> <span class='ocrx_word' id='word_1_398' title='bbox 2391 3040 2445 3087; x_wconf 91' lang='lat' dir='ltr'><strong>te</strong></span> <span class='ocrx_word' id='word_1_399' title='bbox 2490 3031 2841 3103; x_wconf 85' lang='lat' dir='ltr'><strong>purissimum</strong></span> <span class='ocrx_word' id='word_1_400' title='bbox 2879 3030 3232 3100; x_wconf 84' lang='lat' dir='ltr'><strong>attingamus,</strong></span> <span class='ocrx_word' id='word_1_401' title='bbox 3271 3031 3317 3087; x_wconf 87' lang='lat' dir='ltr'><strong>si</strong></span> <span class='ocrx_word' id='word_1_402' title='bbox 3348 3032 3566 3102; x_wconf 85' lang='lat' dir='ltr'><strong>quidem</strong></span> 
     </span>
    </p>
   </div>
   <div class='ocr_carea' id='block_1_58' title="bbox 1987 3123 3571 3197">
    <p class='ocr_par' dir='ltr' id='par_1_58' title="bbox 1987 3123 3571 3197">
     <span class='ocr_line' id='line_1_58' title="bbox 1987 3123 3571 3197; baseline -0.001 -17"><span class='ocrx_word' id='word_1_403' title='bbox 1987 3123 2071 3182; x_wconf 79' lang='lat' dir='ltr'><strong>fas</strong></span> <span class='ocrx_word' id='word_1_404' title='bbox 2096 3135 2203 3189; x_wconf 87' lang='lat' dir='ltr'><strong>est,</strong></span> <span class='ocrx_word' id='word_1_405' title='bbox 2239 3134 2294 3182; x_wconf 93' lang='lat' dir='ltr'><strong>et</strong></span> <span class='ocrx_word' id='word_1_406' title='bbox 2320 3139 2520 3194; x_wconf 90' lang='lat' dir='ltr'><strong>pravas</strong></span> <span class='ocrx_word' id='word_1_407' title='bbox 2555 3135 2716 3182; x_wconf 86' lang='lat' dir='ltr'><strong>notas</strong></span> <span class='ocrx_word' id='word_1_408' title='bbox 2749 3134 2806 3181; x_wconf 92' lang='lat' dir='ltr'><strong>et</strong></span> <span class='ocrx_word' id='word_1_409' title='bbox 2847 3133 3004 3197; x_wconf 83' lang='lat' dir='ltr'><strong>typos</strong></span> <span class='ocrx_word' id='word_1_410' title='bbox 3031 3141 3095 3180; x_wconf 88' lang='lat' dir='ltr'><strong>ex</strong></span> <span class='ocrx_word' id='word_1_411' title='bbox 3128 3126 3310 3181; x_wconf 86' lang='lat' dir='ltr'><strong>animo</strong></span> <span class='ocrx_word' id='word_1_412' title='bbox 3331 3124 3571 3193; x_wconf 85' lang='lat' dir='ltr'><strong>expella-</strong></span> 
     </span>
    </p>
   </div>
   <div class='ocr_carea' id='block_1_59' title="bbox 297 3203 1883 3304">
    <p class='ocr_par' dir='ltr' id='par_1_59' title="bbox 297 3203 1881 3278">
     <span class='ocr_line' id='line_1_59' title="bbox 297 3203 1881 3278; baseline 0.004 -22"><span class='ocrx_word' id='word_1_413' title='bbox 297 3221 426 3270; x_wconf 89' lang='grc' dir='ltr'>σαι,</span> <span class='ocrx_word' id='word_1_414' title='bbox 478 3203 651 3271; x_wconf 77' lang='grc' dir='ltr'>δεῖξαί</span> <span class='ocrx_word' id='word_1_415' title='bbox 682 3221 744 3257; x_wconf 87' lang='grc' dir='ltr'><strong>τε</strong></span> <span class='ocrx_word' id='word_1_416' title='bbox 783 3207 882 3273; x_wconf 80' lang='grc' dir='ltr'>τὴν</span> <span class='ocrx_word' id='word_1_417' title='bbox 933 3206 1118 3260; x_wconf 86' lang='grc' dir='ltr'>εἰκόνα</span> <span class='ocrx_word' id='word_1_418' title='bbox 1164 3207 1264 3278; x_wconf 82' lang='grc' dir='ltr'>τὴν</span> <span class='ocrx_word' id='word_1_419' title='bbox 1313 3206 1537 3278; x_wconf 88' lang='grc' dir='ltr'>πρώτην</span> <span class='ocrx_word' id='word_1_420' title='bbox 1592 3207 1881 3277; x_wconf 86' lang='grc' dir='ltr'>ἀθόλωτον,</span> 
     </span>
    </p>
   </div>
   <div class='ocr_carea' id='block_1_60' title="bbox 1986 3203 3572 3304">
    <p class='ocr_par' dir='ltr' id='par_1_60' title="bbox 1990 3217 3572 3290">
     <span class='ocr_line' id='line_1_60' title="bbox 1990 3217 3572 3290; baseline 0 -18"><span class='ocrx_word' id='word_1_421' title='bbox 1990 3233 2142 3285; x_wconf 91' lang='lat' dir='ltr'><strong>mus,</strong></span> <span class='ocrx_word' id='word_1_422' title='bbox 2193 3219 2659 3289; x_wconf 78' lang='lat' dir='ltr'><strong>ostendamusque</strong></span> <span class='ocrx_word' id='word_1_423' title='bbox 2705 3217 2997 3290; x_wconf 88' lang='lat' dir='ltr'><strong>imaginem</strong></span> <span class='ocrx_word' id='word_1_424' title='bbox 3050 3219 3280 3288; x_wconf 86' lang='lat' dir='ltr'><strong>primam</strong></span> <span class='ocrx_word' id='word_1_425' title='bbox 3323 3217 3572 3274; x_wconf 85' lang='lat' dir='ltr'><strong>inconta-</strong></span> 
     </span>
    </p>
   </div>
   <div class='ocr_carea' id='block_1_61' title="bbox 294 3300 1883 3382">
    <p class='ocr_par' dir='ltr' id='par_1_61' title="bbox 294 3300 1881 3373">
     <span class='ocr_line' id='line_1_61' title="bbox 294 3300 1881 3373; baseline 0.001 -18"><span class='ocrx_word' id='word_1_426' title='bbox 294 3301 493 3373; x_wconf 75' lang='grc' dir='ltr'>καὶμὴ</span> <span class='ocrx_word' id='word_1_427' title='bbox 523 3301 605 3365; x_wconf 82' lang='grc' dir='ltr'>εξς</span> <span class='ocrx_word' id='word_1_428' title='bbox 661 3300 842 3372; x_wconf 79' lang='grc' dir='ltr'>μάτην</span> <span class='ocrx_word' id='word_1_429' title='bbox 874 3302 1008 3373; x_wconf 81' lang='grc' dir='ltr'>ἡμῖν</span> <span class='ocrx_word' id='word_1_430' title='bbox 1044 3300 1304 3370; x_wconf 82' lang='grc' dir='ltr'>γενέσθαι</span> <span class='ocrx_word' id='word_1_431' title='bbox 1351 3300 1450 3372; x_wconf 80' lang='grc' dir='ltr'>τὴν</span> <span class='ocrx_word' id='word_1_432' title='bbox 1510 3300 1756 3372; x_wconf 79' lang='grc' dir='ltr'>μεγάλην</span> <span class='ocrx_word' id='word_1_433' title='bbox 1787 3318 1881 3356; x_wconf 88' lang='grc' dir='ltr'><strong>σου</strong></span> 
     </span>
    </p>
   </div>
   <div class='ocr_carea' id='block_1_62' title="bbox 1986 3300 3574 3382">
    <p class='ocr_par' dir='ltr' id='par_1_62' title="bbox 1998 3311 3574 3382">
     <span class='ocr_line' id='line_1_62' title="bbox 1998 3311 3574 3382; baseline -0.001 -16"><span class='ocrx_word' id='word_1_434' title='bbox 1998 3311 2282 3375; x_wconf 87' lang='lat' dir='ltr'><strong>minatam,</strong></span> <span class='ocrx_word' id='word_1_435' title='bbox 2318 3325 2497 3381; x_wconf 91' lang='lat' dir='ltr'><strong>neque</strong></span> <span class='ocrx_word' id='word_1_436' title='bbox 2541 3323 2984 3382; x_wconf 81' lang='lat' dir='ltr'><strong>supervacaneus</strong></span> <span class='ocrx_word' id='word_1_437' title='bbox 3029 3311 3187 3366; x_wconf 87' lang='lat' dir='ltr'><strong>nobis</strong></span> <span class='ocrx_word' id='word_1_438' title='bbox 3222 3311 3296 3365; x_wconf 89' lang='lat' dir='ltr'><strong>sit</strong></span> <span class='ocrx_word' id='word_1_439' title='bbox 3343 3324 3574 3380; x_wconf 87' lang='lat' dir='ltr'><strong>magnus</strong></span> 
     </span>
    </p>
   </div>
   <div class='ocr_carea' id='block_1_63' title="bbox 293 3393 1884 3467">
    <p class='ocr_par' dir='ltr' id='par_1_63' title="bbox 293 3393 1884 3467">
     <span class='ocr_line' id='line_1_63' title="bbox 293 3393 1884 3467; baseline 0.001 -19"><span class='ocrx_word' id='word_1_440' title='bbox 293 3393 392 3448; x_wconf 90' lang='grc' dir='ltr'><strong>τοῦ</strong></span> <span class='ocrx_word' id='word_1_441' title='bbox 438 3395 540 3466; x_wconf 86' lang='grc' dir='ltr'>τῆς</span> <span class='ocrx_word' id='word_1_442' title='bbox 569 3395 798 3467; x_wconf 89' lang='grc' dir='ltr'>Τριάδος</span> <span class='ocrx_word' id='word_1_443' title='bbox 845 3394 962 3460; x_wconf 82' lang='grc' dir='ltr'>ἑνὸς</span> <span class='ocrx_word' id='word_1_444' title='bbox 985 3393 1123 3450; x_wconf 86' lang='grc' dir='ltr'>Θεοῦ</span> <span class='ocrx_word' id='word_1_445' title='bbox 1153 3395 1248 3448; x_wconf 68' lang='lat' dir='ltr'><strong>xa‘t</strong></span> <span class='ocrx_word' id='word_1_446' title='bbox 1267 3394 1441 3463; x_wconf 85' lang='grc' dir='ltr'>Λόγου</span> <span class='ocrx_word' id='word_1_447' title='bbox 1465 3394 1764 3467; x_wconf 77' lang='grc' dir='ltr'>ἐπιδημίαν</span> <span class='ocrx_word' id='word_1_448' title='bbox 1789 3395 1884 3450; x_wconf 78' lang='grc' dir='ltr'>καὶ</span> 
     </span>
    </p>
   </div>
   <div class='ocr_carea' id='block_1_64' title="bbox 295 3484 1879 3558">
    <p class='ocr_par' dir='ltr' id='par_1_64' title="bbox 295 3484 1879 3558">
     <span class='ocr_line' id='line_1_64' title="bbox 295 3484 1879 3558; baseline 0 -18"><span class='ocrx_word' id='word_1_449' title='bbox 295 3485 626 3556; x_wconf 82' lang='grc' dir='ltr'>παρουσίαν,</span> <span class='ocrx_word' id='word_1_450' title='bbox 660 3485 754 3540; x_wconf 74' lang='grc' dir='ltr'>καὶ</span> <span class='ocrx_word' id='word_1_451' title='bbox 778 3484 848 3540; x_wconf 81' lang='grc' dir='ltr'><strong>τὰ</strong></span> <span class='ocrx_word' id='word_1_452' title='bbox 870 3486 1119 3558; x_wconf 80' lang='grc' dir='ltr'>σωτήρια</span> <span class='ocrx_word' id='word_1_453' title='bbox 1155 3485 1251 3538; x_wconf 79' lang='grc' dir='ltr'>καὶ</span> <span class='ocrx_word' id='word_1_454' title='bbox 1281 3485 1538 3557; x_wconf 79' lang='grc' dir='ltr'>ὑπερφυῆ</span> <span class='ocrx_word' id='word_1_455' title='bbox 1553 3486 1879 3558; x_wconf 85' lang='grc' dir='ltr'>παθήματα,</span> 
     </span>
    </p>
   </div>
   <div class='ocr_carea' id='block_1_65' title="bbox 293 3567 1883 3647">
    <p class='ocr_par' dir='ltr' id='par_1_65' title="bbox 293 3567 1883 3647">
     <span class='ocr_line' id='line_1_65' title="bbox 293 3567 1883 3647; baseline 0.002 -20"><span class='ocrx_word' id='word_1_456' title='bbox 293 3574 368 3628; x_wconf 82' lang='grc' dir='ltr'><strong>δι’</strong></span> <span class='ocrx_word' id='word_1_457' title='bbox 398 3567 474 3632; x_wconf 80' lang='grc' dir='ltr'>ὧν</span> <span class='ocrx_word' id='word_1_458' title='bbox 522 3575 621 3646; x_wconf 73' lang='grc' dir='ltr'>τῆς</span> <span class='ocrx_word' id='word_1_459' title='bbox 671 3575 953 3647; x_wconf 82' lang='grc' dir='ltr'>ἁμαρτίας</span> <span class='ocrx_word' id='word_1_460' title='bbox 1021 3572 1317 3646; x_wconf 77' lang='grc' dir='ltr'>λελύμεθα.</span> <span class='ocrx_word' id='word_1_461' title='bbox 1355 3574 1646 3646; x_wconf 85' lang='grc' dir='ltr'>Ποιήσειας</span> <span class='ocrx_word' id='word_1_462' title='bbox 1683 3574 1741 3629; x_wconf 81' lang='grc' dir='ltr'>δὲ</span> <span class='ocrx_word' id='word_1_463' title='bbox 1782 3577 1883 3641; x_wconf 74' lang='grc' dir='ltr'><strong>τὰς</strong></span> 
     </span>
    </p>
   </div>
   <div class='ocr_carea' id='block_1_66' title="bbox 295 3666 1884 3741">
    <p class='ocr_par' dir='ltr' id='par_1_66' title="bbox 295 3666 1884 3741">
     <span class='ocr_line' id='line_1_66' title="bbox 295 3666 1884 3741; baseline 0 -19"><span class='ocrx_word' id='word_1_464' title='bbox 295 3668 577 3740; x_wconf 68' lang='grc' dir='ltr'>ἡμετέρας</span> <span class='ocrx_word' id='word_1_465' title='bbox 598 3667 803 3740; x_wconf 77' lang='grc' dir='ltr'>ψυχὰς,</span> <span class='ocrx_word' id='word_1_466' title='bbox 835 3670 910 3740; x_wconf 81' lang='grc' dir='ltr'>μὴ</span> <span class='ocrx_word' id='word_1_467' title='bbox 932 3667 1284 3740; x_wconf 82' lang='grc' dir='ltr'>άμελετήτως</span> <span class='ocrx_word' id='word_1_468' title='bbox 1304 3666 1451 3738; x_wconf 69' lang='grc' dir='ltr'>ἔχειν</span> <span class='ocrx_word' id='word_1_469' title='bbox 1482 3667 1622 3740; x_wconf 78' lang='grc' dir='ltr'>πρὸς</span> <span class='ocrx_word' id='word_1_470' title='bbox 1651 3668 1884 3741; x_wconf 73' lang='grc' dir='ltr'>ἀρετήν’</span> 
     </span>
    </p>
   </div>
   <div class='ocr_carea' id='block_1_67' title="bbox 297 3759 1886 3834">
    <p class='ocr_par' dir='ltr' id='par_1_67' title="bbox 297 3759 1886 3834">
     <span class='ocr_line' id='line_1_67' title="bbox 297 3759 1886 3834; baseline 0 -18"><span class='ocrx_word' id='word_1_471' title='bbox 297 3760 440 3816; x_wconf 77' lang='grc' dir='ltr'>ἀλλὰ</span> <span class='ocrx_word' id='word_1_472' title='bbox 469 3761 580 3834; x_wconf 82' lang='grc' dir='ltr'>γὰρ</span> <span class='ocrx_word' id='word_1_473' title='bbox 613 3760 915 3833; x_wconf 80' lang='grc' dir='ltr'>μελετῆσαι</span> <span class='ocrx_word' id='word_1_474' title='bbox 935 3760 1036 3831; x_wconf 79' lang='grc' dir='ltr'>τὴν</span> <span class='ocrx_word' id='word_1_475' title='bbox 1065 3759 1242 3827; x_wconf 88' lang='grc' dir='ltr'>λύσιν,</span> <span class='ocrx_word' id='word_1_476' title='bbox 1272 3759 1382 3832; x_wconf 86' lang='grc' dir='ltr'>πρὸ</span> <span class='ocrx_word' id='word_1_477' title='bbox 1410 3759 1514 3830; x_wconf 85' lang='grc' dir='ltr'>τῆς</span> <span class='ocrx_word' id='word_1_478' title='bbox 1532 3759 1742 3825; x_wconf 86' lang='grc' dir='ltr'>λύσεως</span> <span class='ocrx_word' id='word_1_479' title='bbox 1772 3761 1886 3816; x_wconf 86' lang='grc' dir='ltr'><strong>τῶν</strong></span> 
     </span>
    </p>
   </div>
   <div class='ocr_carea' id='block_1_68' title="bbox 300 3853 1882 3926">
    <p class='ocr_par' dir='ltr' id='par_1_68' title="bbox 300 3853 1882 3926">
     <span class='ocr_line' id='line_1_68' title="bbox 300 3853 1882 3926; baseline 0.001 -18"><span class='ocrx_word' id='word_1_480' title='bbox 300 3855 606 3926; x_wconf 86' lang='grc' dir='ltr'>σωμάτων·</span> <span class='ocrx_word' id='word_1_481' title='bbox 643 3854 720 3919; x_wconf 85' lang='grc' dir='ltr'>ὠς</span> <span class='ocrx_word' id='word_1_482' title='bbox 762 3854 831 3908; x_wconf 73' lang='grc' dir='ltr'>ἂν</span> <span class='ocrx_word' id='word_1_483' title='bbox 887 3855 962 3925; x_wconf 78' lang='grc' dir='ltr'>μὴ</span> <span class='ocrx_word' id='word_1_484' title='bbox 989 3853 1402 3926; x_wconf 85' lang='grc' dir='ltr'>ταραχθείημεν</span> <span class='ocrx_word' id='word_1_485' title='bbox 1438 3854 1553 3925; x_wconf 87' lang='grc'><strong>(47)</strong></span> <span class='ocrx_word' id='word_1_486' title='bbox 1597 3854 1882 3922; x_wconf 80' lang='grc' dir='ltr'>λυομένων</span> 
     </span>
    </p>
   </div>
   <div class='ocr_carea' id='block_1_69' title="bbox 299 3949 1885 4022">
    <p class='ocr_par' dir='ltr' id='par_1_69' title="bbox 299 3949 1885 4022">
     <span class='ocr_line' id='line_1_69' title="bbox 299 3949 1885 4022; baseline 0.001 -18"><span class='ocrx_word' id='word_1_487' title='bbox 299 3951 436 4021; x_wconf 72' lang='grc' dir='ltr'>ἡμῖν</span> <span class='ocrx_word' id='word_1_488' title='bbox 463 3949 572 4005; x_wconf 85' lang='grc' dir='ltr'><strong>τῶν</strong></span> <span class='ocrx_word' id='word_1_489' title='bbox 597 3949 840 4021; x_wconf 83' lang='grc' dir='ltr'>δεσμῶν,</span> <span class='ocrx_word' id='word_1_490' title='bbox 872 3951 970 4004; x_wconf 73' lang='grc' dir='ltr'>καὶ</span> <span class='ocrx_word' id='word_1_491' title='bbox 1024 3949 1210 4004; x_wconf 84' lang='grc' dir='ltr'>πυκνά</span> <span class='ocrx_word' id='word_1_492' title='bbox 1257 3949 1622 4022; x_wconf 84' lang='grc' dir='ltr'>στρεφώμεθα</span> <span class='ocrx_word' id='word_1_493' title='bbox 1647 3950 1788 4022; x_wconf 82' lang='grc' dir='ltr'>πρὸς</span> <span class='ocrx_word' id='word_1_494' title='bbox 1816 3951 1885 4006; x_wconf 81' lang='grc' dir='ltr'><strong>τά</strong></span> 
     </span>
    </p>
   </div>
   <div class='ocr_carea' id='block_1_70' title="bbox 297 4036 1888 4116">
    <p class='ocr_par' dir='ltr' id='par_1_70' title="bbox 297 4036 1888 4116">
     <span class='ocr_line' id='line_1_70' title="bbox 297 4036 1888 4116; baseline 0.001 -19"><span class='ocrx_word' id='word_1_495' title='bbox 297 4036 426 4107; x_wconf 80' lang='grc' dir='ltr'>ὦδε,</span> <span class='ocrx_word' id='word_1_496' title='bbox 454 4041 899 4116; x_wconf 87' lang='grc' dir='ltr'>δυσχεραίνοντες</span> <span class='ocrx_word' id='word_1_497' title='bbox 915 4043 1016 4114; x_wconf 86' lang='grc' dir='ltr'>τὴν</span> <span class='ocrx_word' id='word_1_498' title='bbox 1035 4042 1332 4109; x_wconf 77' lang='grc' dir='ltr'>διάζευξιν.</span> <span class='ocrx_word' id='word_1_499' title='bbox 1357 4044 1516 4116; x_wconf 84' lang='grc' dir='ltr'>Δοίης</span> <span class='ocrx_word' id='word_1_500' title='bbox 1535 4044 1592 4098; x_wconf 82' lang='grc' dir='ltr'>δέ</span> <span class='ocrx_word' id='word_1_501' title='bbox 1610 4061 1673 4114; x_wconf 91' lang='grc' dir='ltr'><strong>γε</strong></span> <span class='ocrx_word' id='word_1_502' title='bbox 1693 4044 1888 4114; x_wconf 80' lang='grc' dir='ltr'>διαφυο</span> 
     </span>
    </p>
   </div>
   <div class='ocr_carea' id='block_1_71' title="bbox 300 4135 1888 4210">
    <p class='ocr_par' dir='ltr' id='par_1_71' title="bbox 300 4135 1888 4210">
     <span class='ocr_line' id='line_1_71' title="bbox 300 4135 1888 4210; baseline 0.002 -21"><span class='ocrx_word' id='word_1_503' title='bbox 300 4139 424 4204; x_wconf 82' lang='grc' dir='ltr'>γεϊν</span> <span class='ocrx_word' id='word_1_504' title='bbox 479 4136 573 4190; x_wconf 71' lang='grc' dir='ltr'>τὸν</span> <span class='ocrx_word' id='word_1_505' title='bbox 631 4136 938 4206; x_wconf 88' lang='grc' dir='ltr'>κατάλογον</span> <span class='ocrx_word' id='word_1_506' title='bbox 991 4135 1100 4191; x_wconf 83' lang='grc' dir='ltr'><strong>τῶν</strong></span> <span class='ocrx_word' id='word_1_507' title='bbox 1161 4137 1445 4191; x_wconf 85' lang='grc' dir='ltr'>κολάσεων</span> <span class='ocrx_word' id='word_1_508' title='bbox 1487 4137 1627 4208; x_wconf 86' lang='grc'><strong>(48),</strong></span> <span class='ocrx_word' id='word_1_509' title='bbox 1664 4138 1762 4192; x_wconf 69' lang='grc' dir='ltr'><strong>κα)⁸</strong></span> <span class='ocrx_word' id='word_1_510' title='bbox 1810 4138 1888 4210; x_wconf 75' lang='grc' dir='ltr'>μὴ</span> 
     </span>
    </p>
   </div>
   <div class='ocr_carea' id='block_1_72' title="bbox 300 4225 1888 4300">
    <p class='ocr_par' dir='ltr' id='par_1_72' title="bbox 300 4225 1888 4300">
     <span class='ocr_line' id='line_1_72' title="bbox 300 4225 1888 4300; baseline 0.002 -21"><span class='ocrx_word' id='word_1_511' title='bbox 300 4227 634 4299; x_wconf 78' lang='grc' dir='ltr'>πειραθῆναι</span> <span class='ocrx_word' id='word_1_512' title='bbox 667 4229 876 4300; x_wconf 79' lang='grc' dir='ltr'>πικρᾶς</span> <span class='ocrx_word' id='word_1_513' title='bbox 903 4225 1006 4298; x_wconf 83' lang='grc' dir='ltr'>τῆς</span> <span class='ocrx_word' id='word_1_514' title='bbox 1037 4227 1340 4297; x_wconf 73' lang='grc' dir='ltr'>ἐκδημίας,</span> <span class='ocrx_word' id='word_1_515' title='bbox 1384 4227 1502 4282; x_wconf 81' lang='grc' dir='ltr'>ἀλλ’</span> <span class='ocrx_word' id='word_1_516' title='bbox 1537 4229 1617 4292; x_wconf 83' lang='grc' dir='ltr'><strong>είς</strong></span> <span class='ocrx_word' id='word_1_517' title='bbox 1650 4228 1750 4293; x_wconf 75' lang='grc' dir='ltr'><strong>τὰς</strong></span> <span class='ocrx_word' id='word_1_518' title='bbox 1773 4229 1888 4283; x_wconf 78' lang='grc' dir='ltr'><strong>ἀνω</strong></span> 
     </span>
    </p>
   </div>
   <div class='ocr_carea' id='block_1_73' title="bbox 305 4318 1888 4390">
    <p class='ocr_par' dir='ltr' id='par_1_73' title="bbox 305 4318 1888 4390">
     <span class='ocr_line' id='line_1_73' title="bbox 305 4318 1888 4390; baseline 0 -16"><span class='ocrx_word' id='word_1_519' title='bbox 305 4318 480 4390; x_wconf 75' lang='grc' dir='ltr'>μονὰς</span> <span class='ocrx_word' id='word_1_520' title='bbox 523 4321 830 4384; x_wconf 88' lang='grc' dir='ltr'>συνάπποις</span> <span class='ocrx_word' id='word_1_521' title='bbox 877 4320 973 4374; x_wconf 79' lang='grc' dir='ltr'>καὶ</span> <span class='ocrx_word' id='word_1_522' title='bbox 1031 4319 1369 4383; x_wconf 80' lang='grc' dir='ltr'>συντάττοις,</span> <span class='ocrx_word' id='word_1_523' title='bbox 1420 4318 1583 4390; x_wconf 77' lang='grc' dir='ltr'>ἡνίκα</span> <span class='ocrx_word' id='word_1_524' title='bbox 1617 4336 1699 4374; x_wconf 90' lang='grc' dir='ltr'><strong>σοι</strong></span> <span class='ocrx_word' id='word_1_525' title='bbox 1733 4318 1888 4390; x_wconf 88' lang='grc' dir='ltr'>φίλον</span> 
     </span>
    </p>
   </div>
   <div class='ocr_carea' id='block_1_74' title="bbox 299 4408 1888 4488">
    <p class='ocr_par' dir='ltr' id='par_1_74' title="bbox 299 4408 1888 4488">
     <span class='ocr_line' id='line_1_74' title="bbox 299 4408 1888 4488; baseline -0.002 -18"><span class='ocrx_word' id='word_1_526' title='bbox 299 4408 363 4488; x_wconf 75' lang='grc' dir='ltr'>ᾖ,</span> <span class='ocrx_word' id='word_1_527' title='bbox 396 4412 494 4470; x_wconf 83' lang='grc' dir='ltr'>καὶ</span> <span class='ocrx_word' id='word_1_528' title='bbox 545 4413 681 4488; x_wconf 72' lang='grc' dir='ltr'>ἡμῖν</span> <span class='ocrx_word' id='word_1_529' title='bbox 729 4413 846 4486; x_wconf 74' lang='grc' dir='ltr'>ἔχοι</span> <span class='ocrx_word' id='word_1_530' title='bbox 892 4413 980 4470; x_wconf 85' lang='grc' dir='ltr'><strong>διὰ</strong></span> <span class='ocrx_word' id='word_1_531' title='bbox 1012 4413 1112 4485; x_wconf 82' lang='grc' dir='ltr'>τῆς</span> <span class='ocrx_word' id='word_1_532' title='bbox 1147 4411 1382 4484; x_wconf 79' lang='grc' dir='ltr'>μελέτης</span> <span class='ocrx_word' id='word_1_533' title='bbox 1423 4411 1626 4482; x_wconf 84' lang='grc' dir='ltr'>καλῶς,</span> <span class='ocrx_word' id='word_1_534' title='bbox 1667 4410 1888 4468; x_wconf 75' lang='grc' dir='ltr'>καὶτοῦ</span> 
     </span>
    </p>
   </div>
   <div class='ocr_carea' id='block_1_75' title="bbox 374 4609 1323 4682">
    <p class='ocr_par' dir='ltr' id='par_1_75' title="bbox 374 4609 1323 4682">
     <span class='ocr_line' id='line_1_75' title="bbox 374 4609 1323 4682; baseline -0.004 -11"><span class='ocrx_word' id='word_1_535' title='bbox 374 4614 398 4649; x_wconf 84' lang='grc'><strong>⁸</strong></span> <span class='ocrx_word' id='word_1_536' title='bbox 431 4613 568 4672; x_wconf 88' lang='lat' dir='ltr'><strong>Dan.</strong></span> <span class='ocrx_word' id='word_1_537' title='bbox 605 4627 703 4681; x_wconf 88' lang='lat' dir='ltr'><strong>vn,</strong></span> <span class='ocrx_word' id='word_1_538' title='bbox 735 4611 827 4670; x_wconf 78' lang='lat' dir='ltr'><strong>l9.</strong></span> <span class='ocrx_word' id='word_1_539' title='bbox 899 4611 923 4646; x_wconf 82' lang='grc'><strong><em>⁸</em></strong></span> <span class='ocrx_word' id='word_1_540' title='bbox 957 4609 1099 4668; x_wconf 89' lang='lat' dir='ltr'><strong>Dan.</strong></span> <span class='ocrx_word' id='word_1_541' title='bbox 1133 4611 1233 4682; x_wconf 83' lang='lat' dir='ltr'><strong>xii,</strong></span> <span class='ocrx_word' id='word_1_542' title='bbox 1265 4611 1323 4667; x_wconf 76' lang='lat'><strong>2.</strong></span> 
     </span>
    </p>
   </div>
   <div class='ocr_carea' id='block_1_76' title="bbox 373 4785 1703 4866">
    <p class='ocr_par' dir='ltr' id='par_1_76' title="bbox 373 4785 1703 4866">
     <span class='ocr_line' id='line_1_76' title="bbox 373 4785 1703 4866; baseline -0.007 -17"><span class='ocrx_word' id='word_1_543' title='bbox 373 4794 488 4866; x_wconf 75' lang='lat'><strong>{39)</strong></span> <span class='ocrx_word' id='word_1_544' title='bbox 524 4792 826 4866; x_wconf 67' lang='lat' dir='ltr'><strong>Hesychius</strong></span> <span class='ocrx_word' id='word_1_545' title='bbox 848 4791 870 4849; x_wconf 75' lang='grc' dir='ltr'>ε’</span> <span class='ocrx_word' id='word_1_546' title='bbox 909 4792 1252 4866; x_wconf 61' lang='grc' dir='ltr'>ᾎθόλῳτοκ.</span> <span class='ocrx_word' id='word_1_547' title='bbox 1283 4789 1568 4866; x_wconf 58' lang='grc' dir='ltr'>καθαρόν,</span> <span class='ocrx_word' id='word_1_548' title='bbox 1603 4785 1703 4841; x_wconf 78' lang='lat' dir='ltr'><strong>Bs.</strong></span> 
     </span>
    </p>
   </div>
   <div class='ocr_carea' id='block_1_77' title="bbox 375 4854 1886 4936">
    <p class='ocr_par' dir='ltr' id='par_1_77' title="bbox 375 4854 1886 4936">
     <span class='ocr_line' id='line_1_77' title="bbox 375 4854 1886 4936; baseline -0.008 -16"><span class='ocrx_word' id='word_1_549' title='bbox 375 4854 489 4936; x_wconf 77' lang='grc'><strong>(40)</strong></span> <span class='ocrx_word' id='word_1_550' title='bbox 517 4866 623 4932; x_wconf 71' lang='grc' dir='ltr'>Εἰς</span> <span class='ocrx_word' id='word_1_551' title='bbox 638 4854 718 4918; x_wconf 84' lang='grc' dir='ltr'><strong>’τὸ</strong></span> <span class='ocrx_word' id='word_1_552' title='bbox 741 4861 848 4932; x_wconf 84' lang='grc' dir='ltr'>τῆς</span> <span class='ocrx_word' id='word_1_553' title='bbox 878 4864 1092 4930; x_wconf 80' lang='grc' dir='ltr'>τίσεως</span> <span class='ocrx_word' id='word_1_554' title='bbox 1113 4862 1275 4936; x_wconf 69' lang='grc' dir='ltr'>ἱερὸν</span> <span class='ocrx_word' id='word_1_555' title='bbox 1293 4854 1694 4936; x_wconf 55' lang='grc' dir='ltr'>δεσμωτήριον</span> <span class='ocrx_word' id='word_1_556' title='bbox 1712 4854 1886 4936; x_wconf 54' lang='grc' dir='ltr'><strong>ἱέναι.</strong></span> 
     </span>
    </p>
   </div>
   <div class='ocr_carea' id='block_1_78' title="bbox 306 4925 1888 5004">
    <p class='ocr_par' dir='ltr' id='par_1_78' title="bbox 306 4925 1888 5004">
     <span class='ocr_line' id='line_1_78' title="bbox 306 4925 1888 5004; baseline -0.005 -16"><span class='ocrx_word' id='word_1_557' title='bbox 306 4925 536 4990; x_wconf 70' lang='lat' dir='ltr'><strong>Sacrum</strong></span> <span class='ocrx_word' id='word_1_558' title='bbox 575 4925 749 5004; x_wconf 71' lang='lat' dir='ltr'><strong>pmuze</strong></span> <span class='ocrx_word' id='word_1_559' title='bbox 795 4925 1104 4990; x_wconf 67' lang='lat' dir='ltr'><strong>carcerem.</strong></span> <span class='ocrx_word' id='word_1_560' title='bbox 1160 4925 1281 5000; x_wconf 71' lang='lat' dir='ltr'><strong>Quo</strong></span> <span class='ocrx_word' id='word_1_561' title='bbox 1321 4925 1581 5004; x_wconf 49' lang='lat' dir='ltr'><strong>epitheto:</strong></span> <span class='ocrx_word' id='word_1_562' title='bbox 1614 4925 1888 5004; x_wconf 84' lang='lat' dir='ltr'><strong>horrenda</strong></span> 
     </span>
    </p>
   </div>
   <div class='ocr_carea' id='block_1_79' title="bbox 306 4999 1884 5074">
    <p class='ocr_par' dir='ltr' id='par_1_79' title="bbox 306 4999 1884 5074">
     <span class='ocr_line' id='line_1_79' title="bbox 306 4999 1884 5074; baseline -0.003 -18"><span class='ocrx_word' id='word_1_563' title='bbox 306 5005 492 5057; x_wconf 79' lang='lat' dir='ltr'><strong>mimia</strong></span> <span class='ocrx_word' id='word_1_564' title='bbox 528 4999 876 5074; x_wconf 79' lang='lat' dir='ltr'><strong>venirealibi</strong></span> <span class='ocrx_word' id='word_1_565' title='bbox 928 5014 1145 5060; x_wconf 87' lang='lat' dir='ltr'><strong>centum</strong></span> <span class='ocrx_word' id='word_1_566' title='bbox 1188 4999 1322 5074; x_wconf 84' lang='lat' dir='ltr'><strong>ipsis</strong></span> <span class='ocrx_word' id='word_1_567' title='bbox 1353 4999 1616 5069; x_wconf 79' lang='lat' dir='ltr'><strong>exemplis</strong></span> <span class='ocrx_word' id='word_1_568' title='bbox 1654 4999 1884 5053; x_wconf 82' lang='lat' dir='ltr'><strong>demou-</strong></span> 
     </span>
    </p>
   </div>
   <div class='ocr_carea' id='block_1_80' title="bbox 307 5073 812 5130">
    <p class='ocr_par' dir='ltr' id='par_1_80' title="bbox 307 5073 812 5130">
     <span class='ocr_line' id='line_1_80' title="bbox 307 5073 812 5130; baseline -0.004 0"><span class='ocrx_word' id='word_1_569' title='bbox 307 5083 541 5130; x_wconf 77' lang='lat' dir='ltr'><strong>srratum</strong></span> <span class='ocrx_word' id='word_1_570' title='bbox 579 5083 683 5128; x_wconf 86' lang='lat' dir='ltr'><strong>est.</strong></span> <span class='ocrx_word' id='word_1_571' title='bbox 718 5073 812 5128; x_wconf 78' lang='grc' dir='ltr'><strong>ΒΑ.</strong></span> 
     </span>
    </p>
   </div>
   <div class='ocr_carea' id='block_1_81' title="bbox 379 5137 1888 5214">
    <p class='ocr_par' dir='ltr' id='par_1_81' title="bbox 379 5137 1888 5214">
     <span class='ocr_line' id='line_1_81' title="bbox 379 5137 1888 5214; baseline -0.004 -16"><span class='ocrx_word' id='word_1_572' title='bbox 379 5141 517 5214; x_wconf 14' lang='lat' dir='ltr'><strong>(si),</strong></span> <span class='ocrx_word' id='word_1_573' title='bbox 544 5142 619 5197; x_wconf 91' lang='lat' dir='ltr'><strong>De</strong></span> <span class='ocrx_word' id='word_1_574' title='bbox 649 5141 944 5214; x_wconf 76' lang='lat' dir='ltr'><strong>inferorum</strong></span> <span class='ocrx_word' id='word_1_575' title='bbox 973 5143 1110 5200; x_wconf 83' lang='lat' dir='ltr'><strong>diris</strong></span> <span class='ocrx_word' id='word_1_576' title='bbox 1143 5141 1321 5214; x_wconf 78' lang='lat' dir='ltr'><strong>ﬂuviis</strong></span> <span class='ocrx_word' id='word_1_577' title='bbox 1353 5139 1550 5214; x_wconf 76' lang='lat' dir='ltr'><strong>Plato,_</strong></span> <span class='ocrx_word' id='word_1_578' title='bbox 1573 5137 1888 5214; x_wconf 76' lang='lat' dir='ltr'><strong>Theodore-</strong></span> 
     </span>
    </p>
   </div>
   <div class='ocr_carea' id='block_1_82' title="bbox 311 5209 1890 5296">
    <p class='ocr_par' dir='ltr' id='par_1_82' title="bbox 311 5209 1890 5296">
     <span class='ocr_line' id='line_1_82' title="bbox 311 5209 1890 5296; baseline -0.003 -30"><span class='ocrx_word' id='word_1_579' title='bbox 311 5209 422 5296; x_wconf 72' lang='lat' dir='ltr'><strong>tus,</strong></span> <span class='ocrx_word' id='word_1_580' title='bbox 471 5209 676 5296; x_wconf 71' lang='lat' dir='ltr'><strong>aliique</strong></span> <span class='ocrx_word' id='word_1_581' title='bbox 710 5213 1014 5296; x_wconf 57' lang='lat' dir='ltr'><strong>christiani</strong></span> <span class='ocrx_word' id='word_1_582' title='bbox 1051 5213 1389 5284; x_wconf 79' lang='lat' dir='ltr'><strong>gentilesque</strong></span> <span class='ocrx_word' id='word_1_583' title='bbox 1441 5209 1771 5283; x_wconf 83' lang='lat' dir='ltr'><strong>philosophi,</strong></span> <span class='ocrx_word' id='word_1_584' title='bbox 1830 5217 1890 5263; x_wconf 92' lang='lat' dir='ltr'><strong>ut</strong></span> 
     </span>
    </p>
   </div>
   <div class='ocr_carea' id='block_1_83' title="bbox 312 5282 1022 5341">
    <p class='ocr_par' dir='ltr' id='par_1_83' title="bbox 312 5282 1022 5341">
     <span class='ocr_line' id='line_1_83' title="bbox 312 5282 1022 5341; baseline -0.004 -1"><span class='ocrx_word' id='word_1_585' title='bbox 312 5285 446 5341; x_wconf 92' lang='lat' dir='ltr'><strong>item</strong></span> <span class='ocrx_word' id='word_1_586' title='bbox 476 5282 602 5337; x_wconf 88' lang='lat' dir='ltr'><strong>alibi</strong></span> <span class='ocrx_word' id='word_1_587' title='bbox 634 5292 904 5337; x_wconf 88' lang='lat' dir='ltr'><strong>notatum.</strong></span> <span class='ocrx_word' id='word_1_588' title='bbox 927 5282 1022 5337; x_wconf 80' lang='grc' dir='ltr'><strong>ΒΑ.</strong></span> 
     </span>
    </p>
   </div>
   <div class='ocr_carea' id='block_1_84' title="bbox 386 5346 1893 5426">
    <p class='ocr_par' dir='ltr' id='par_1_84' title="bbox 386 5346 1893 5426">
     <span class='ocr_line' id='line_1_84' title="bbox 386 5346 1893 5426; baseline -0.005 -17"><span class='ocrx_word' id='word_1_589' title='bbox 386 5354 503 5426; x_wconf 73' lang='grc'><strong>(42)</strong></span> <span class='ocrx_word' id='word_1_590' title='bbox 534 5352 914 5426; x_wconf 79' lang='lat' dir='ltr'><strong>Precationem</strong></span> <span class='ocrx_word' id='word_1_591' title='bbox 944 5361 1260 5426; x_wconf 82' lang='lat' dir='ltr'><strong>sequentem</strong></span> <span class='ocrx_word' id='word_1_592' title='bbox 1291 5351 1336 5408; x_wconf 94' lang='lat' dir='ltr'><strong>si</strong></span> <span class='ocrx_word' id='word_1_593' title='bbox 1368 5352 1491 5426; x_wconf 82' lang='lat' dir='ltr'><strong>quis</strong></span> <span class='ocrx_word' id='word_1_594' title='bbox 1517 5351 1696 5421; x_wconf 85' lang='lat' dir='ltr'><strong>dignis</strong></span> <span class='ocrx_word' id='word_1_595' title='bbox 1720 5346 1893 5426; x_wconf 89' lang='lat' dir='ltr'><strong>modis</strong></span> 
     </span>
    </p>
   </div>
   <div class='ocr_carea' id='block_1_85' title="bbox 316 5420 1894 5488">
    <p class='ocr_par' dir='ltr' id='par_1_85' title="bbox 316 5420 1894 5488">
     <span class='ocr_line' id='line_1_85' title="bbox 316 5420 1894 5488; baseline -0.003 -9"><span class='ocrx_word' id='word_1_596' title='bbox 316 5420 595 5480; x_wconf 81' lang='lat' dir='ltr'><strong>illustrare</strong></span> <span class='ocrx_word' id='word_1_597' title='bbox 626 5423 776 5486; x_wconf 86' lang='lat' dir='ltr'><strong>velit.</strong></span> <span class='ocrx_word' id='word_1_598' title='bbox 799 5436 990 5478; x_wconf 89' lang='lat' dir='ltr'><strong>omnes</strong></span> <span class='ocrx_word' id='word_1_599' title='bbox 1019 5422 1300 5478; x_wconf 86' lang='lat' dir='ltr'><strong>thesauros</strong></span> <span class='ocrx_word' id='word_1_600' title='bbox 1327 5420 1526 5478; x_wconf 76' lang='lat' dir='ltr'><strong>veteris</strong></span> <span class='ocrx_word' id='word_1_601' title='bbox 1549 5420 1894 5488; x_wconf 82' lang='lat' dir='ltr'><strong>recentisque</strong></span> 
     </span>
    </p>
   </div>
   <div class='ocr_carea' id='block_1_86' title="bbox 321 5492 1626 5566">
    <p class='ocr_par' dir='ltr' id='par_1_86' title="bbox 321 5492 1626 5566">
     <span class='ocr_line' id='line_1_86' title="bbox 321 5492 1626 5566; baseline -0.004 -15"><span class='ocrx_word' id='word_1_602' title='bbox 321 5495 609 5566; x_wconf 74' lang='lat' dir='ltr'><strong>theologia:</strong></span> <span class='ocrx_word' id='word_1_603' title='bbox 641 5493 857 5566; x_wconf 87' lang='lat' dir='ltr'><strong>hauriat</strong></span> <span class='ocrx_word' id='word_1_604' title='bbox 887 5501 946 5547; x_wconf 93' lang='lat' dir='ltr'><strong>et</strong></span> <span class='ocrx_word' id='word_1_605' title='bbox 975 5493 1154 5566; x_wconf 79' lang='lat' dir='ltr'><strong>isthue</strong></span> <span class='ocrx_word' id='word_1_606' title='bbox 1184 5501 1503 5566; x_wconf 66' lang='lat' dir='ltr'><strong>componet.</strong></span> <span class='ocrx_word' id='word_1_607' title='bbox 1531 5492 1626 5546; x_wconf 73' lang='lat' dir='ltr'><strong>BA.</strong></span> 
     </span>
    </p>
   </div>
   <div class='ocr_carea' id='block_1_87' title="bbox 319 5559 1892 5703">
    <p class='ocr_par' dir='ltr' id='par_1_87' title="bbox 319 5559 1892 5703">
     <span class='ocr_line' id='line_1_87' title="bbox 319 5559 1892 5703; baseline -0.004 -82"><span class='ocrx_word' id='word_1_608' title='bbox 319 5634 351 5703; x_wconf 67' lang='grc' dir='ltr'><strong>ξ</strong></span> <span class='ocrx_word' id='word_1_609' title='bbox 392 5559 535 5689; x_wconf 60' lang='lat'><strong>(45)]:</strong></span> <span class='ocrx_word' id='word_1_610' title='bbox 562 5565 772 5654; x_wconf 53' lang='lat' dir='ltr'><strong>Scripsi</strong></span> <span class='ocrx_word' id='word_1_611' title='bbox 810 5560 1200 5633; x_wconf 76' lang='grc' dir='ltr'>γεγεννημένε,</span> <span class='ocrx_word' id='word_1_612' title='bbox 1241 5559 1390 5618; x_wconf 88' lang='lat' dir='ltr'><strong>more</strong></span> <span class='ocrx_word' id='word_1_613' title='bbox 1440 5562 1654 5617; x_wconf 79' lang='lat' dir='ltr'><strong>Patrum</strong></span> <span class='ocrx_word' id='word_1_614' title='bbox 1698 5559 1892 5634; x_wconf 82' lang='grc' dir='ltr'>ὁμοδό-</span> 
     </span>
     <span class='ocr_line' id='line_1_88' title="bbox 352 5650 616 5690; baseline 0 0"><span class='ocrx_word' id='word_1_615' title='bbox 352 5652 447 5690; x_wconf 83' lang='grc' dir='ltr'>ων.</span> <span class='ocrx_word' id='word_1_616' title='bbox 527 5650 616 5690; x_wconf 64' lang='lat' dir='ltr'><strong>an.</strong></span> 
     </span>
    </p>
   </div>
   <div class='ocr_carea' id='block_1_88' title="bbox 352 5634 772 5690">
    <p class='ocr_par' dir='ltr' id='par_1_88' title="bbox 352 5634 772 5690">
     <span class='ocr_line' id='line_1_89' title="bbox 352 5634 772 5690; baseline 0 0"><span class='ocrx_word' id='word_1_617' title='bbox 352 5634 447 5690; x_wconf 83' lang='grc' dir='ltr'>ων.</span> <span class='ocrx_word' id='word_1_618' title='bbox 479 5634 616 5690; x_wconf 64' lang='lat' dir='ltr'><strong>Tan.</strong></span> <span class='ocrx_word' id='word_1_619' title='bbox 738 5634 772 5654; x_wconf 62' lang='lat'><strong><em>‘</em></strong></span> 
     </span>
    </p>
   </div>
   <div class='ocr_carea' id='block_1_89' title="bbox 392 5703 1894 5776">
    <p class='ocr_par' dir='ltr' id='par_1_89' title="bbox 392 5703 1894 5776">
     <span class='ocr_line' id='line_1_90' title="bbox 392 5703 1894 5776; baseline 0.001 -15"><span class='ocrx_word' id='word_1_620' title='bbox 392 5706 506 5776; x_wconf 78' lang='grc'><strong>(44)</strong></span> <span class='ocrx_word' id='word_1_621' title='bbox 551 5703 834 5774; x_wconf 83' lang='grc' dir='ltr'>Καθᾱραι.</span> <span class='ocrx_word' id='word_1_622' title='bbox 882 5705 966 5759; x_wconf 81' lang='lat' dir='ltr'><strong>Ab</strong></span> <span class='ocrx_word' id='word_1_623' title='bbox 1011 5703 1160 5758; x_wconf 89' lang='lat' dir='ltr'><strong>omni</strong></span> <span class='ocrx_word' id='word_1_624' title='bbox 1211 5703 1568 5776; x_wconf 83' lang='lat' dir='ltr'><strong>humanarum</strong></span> <span class='ocrx_word' id='word_1_625' title='bbox 1616 5721 1797 5761; x_wconf 92' lang='lat' dir='ltr'><strong>rerum</strong></span> <span class='ocrx_word' id='word_1_626' title='bbox 1837 5716 1894 5762; x_wconf 91' lang='lat' dir='ltr'><strong>et</strong></span> 
     </span>
    </p>
   </div>
   <div class='ocr_carea' id='block_1_90' title="bbox 320 5771 1890 5847">
    <p class='ocr_par' dir='ltr' id='par_1_90' title="bbox 320 5771 1890 5847">
     <span class='ocr_line' id='line_1_91' title="bbox 320 5771 1890 5847; baseline 0.001 -16"><span class='ocrx_word' id='word_1_627' title='bbox 320 5771 546 5844; x_wconf 80' lang='lat' dir='ltr'><strong>operum</strong></span> <span class='ocrx_word' id='word_1_628' title='bbox 613 5786 669 5831; x_wconf 92' lang='lat' dir='ltr'><strong>ct</strong></span> <span class='ocrx_word' id='word_1_629' title='bbox 713 5771 1110 5847; x_wconf 76' lang='lat' dir='ltr'><strong>cogitationum</strong></span> <span class='ocrx_word' id='word_1_630' title='bbox 1137 5773 1454 5847; x_wconf 58' lang='lat' dir='ltr'><strong>consortio.</strong></span> <span class='ocrx_word' id='word_1_631' title='bbox 1492 5771 1550 5828; x_wconf 88' lang='lat' dir='ltr'><strong>In</strong></span> <span class='ocrx_word' id='word_1_632' title='bbox 1593 5776 1690 5847; x_wconf 83' lang='lat' dir='ltr'><strong>tali</strong></span> <span class='ocrx_word' id='word_1_633' title='bbox 1745 5778 1890 5847; x_wconf 87' lang='lat' dir='ltr'><strong>enim</strong></span> 
     </span>
    </p>
   </div>
   <div class='ocr_carea' id='block_1_91' title="bbox 259 5844 1891 5919">
    <p class='ocr_par' dir='ltr' id='par_1_91' title="bbox 259 5844 1891 5919">
     <span class='ocr_line' id='line_1_92' title="bbox 259 5844 1891 5919; baseline 0.002 -19"><span class='ocrx_word' id='word_1_634' title='bbox 259 5907 264 5911; x_wconf 30' lang='grc' dir='ltr'>η</span> <span class='ocrx_word' id='word_1_635' title='bbox 323 5848 715 5919; x_wconf 78' lang='lat' dir='ltr'><strong>cxpurgationc</strong></span> <span class='ocrx_word' id='word_1_636' title='bbox 760 5844 1024 5904; x_wconf 81' lang='lat' dir='ltr'><strong>summam</strong></span> <span class='ocrx_word' id='word_1_637' title='bbox 1059 5844 1413 5916; x_wconf 71' lang='lat' dir='ltr'><strong>philosophia:</strong></span> <span class='ocrx_word' id='word_1_638' title='bbox 1450 5845 1718 5918; x_wconf 83' lang='lat' dir='ltr'><strong>ponebant</strong></span> <span class='ocrx_word' id='word_1_639' title='bbox 1771 5846 1891 5916; x_wconf 89' lang='lat' dir='ltr'><strong>phi-</strong></span> 
     </span>
    </p>
   </div>
   <div class='ocr_carea' id='block_1_92' title="bbox 1991 3401 3574 3472">
    <p class='ocr_par' dir='ltr' id='par_1_92' title="bbox 1991 3401 3574 3472">
     <span class='ocr_line' id='line_1_93' title="bbox 1991 3401 3574 3472; baseline -0.003 -12"><span class='ocrx_word' id='word_1_640' title='bbox 1991 3412 2134 3470; x_wconf 91' lang='lat' dir='ltr'><strong>tuus,</strong></span> <span class='ocrx_word' id='word_1_641' title='bbox 2159 3419 2193 3458; x_wconf 91' lang='grc' dir='ltr'><strong>ο</strong></span> <span class='ocrx_word' id='word_1_642' title='bbox 2214 3401 2392 3468; x_wconf 87' lang='lat' dir='ltr'><strong>Trias,</strong></span> <span class='ocrx_word' id='word_1_643' title='bbox 2420 3401 2580 3458; x_wconf 88' lang='lat' dir='ltr'><strong>unius</strong></span> <span class='ocrx_word' id='word_1_644' title='bbox 2603 3401 2698 3458; x_wconf 90' lang='lat' dir='ltr'><strong>Dei</strong></span> <span class='ocrx_word' id='word_1_645' title='bbox 2723 3401 2951 3459; x_wconf 75' lang='lat' dir='ltr'><strong>etVerbi</strong></span> <span class='ocrx_word' id='word_1_646' title='bbox 2967 3401 3230 3457; x_wconf 78' lang='lat' dir='ltr'><strong>adventus</strong></span> <span class='ocrx_word' id='word_1_647' title='bbox 3256 3409 3419 3472; x_wconf 90' lang='lat' dir='ltr'><strong>atque</strong></span> <span class='ocrx_word' id='word_1_648' title='bbox 3443 3416 3574 3472; x_wconf 69' lang='lat' dir='ltr'><strong>pra-</strong></span> 
     </span>
    </p>
   </div>
   <div class='ocr_carea' id='block_1_93' title="bbox 1989 3490 3574 3581">
    <p class='ocr_par' dir='ltr' id='par_1_93' title="bbox 1989 3490 3574 3581">
     <span class='ocr_line' id='line_1_94' title="bbox 1989 3490 3574 3581; baseline -0.004 -29"><span class='ocrx_word' id='word_1_649' title='bbox 1989 3495 2189 3581; x_wconf 39' lang='lat' dir='ltr'><strong>sentis;</strong></span> <span class='ocrx_word' id='word_1_650' title='bbox 2233 3502 2289 3548; x_wconf 95' lang='lat' dir='ltr'><strong>et</strong></span> <span class='ocrx_word' id='word_1_651' title='bbox 2323 3493 2596 3549; x_wconf 89' lang='lat' dir='ltr'><strong>salutares</strong></span> <span class='ocrx_word' id='word_1_652' title='bbox 2625 3502 2680 3550; x_wconf 93' lang='lat' dir='ltr'><strong>et</strong></span> <span class='ocrx_word' id='word_1_653' title='bbox 2716 3507 2880 3562; x_wconf 87' lang='lat' dir='ltr'><strong>supra</strong></span> <span class='ocrx_word' id='word_1_654' title='bbox 2929 3493 3074 3546; x_wconf 85' lang='lat' dir='ltr'><strong>vires</strong></span> <span class='ocrx_word' id='word_1_655' title='bbox 3117 3500 3326 3545; x_wconf 66' lang='lat' dir='ltr'><strong>natura:</strong></span> <span class='ocrx_word' id='word_1_656' title='bbox 3363 3490 3574 3561; x_wconf 87' lang='lat' dir='ltr'><strong>passio-</strong></span> 
     </span>
    </p>
   </div>
   <div class='ocr_carea' id='block_1_94' title="bbox 1991 3583 3574 3657">
    <p class='ocr_par' dir='ltr' id='par_1_94' title="bbox 1991 3583 3574 3657">
     <span class='ocr_line' id='line_1_95' title="bbox 1991 3583 3574 3657; baseline -0.002 -13"><span class='ocrx_word' id='word_1_657' title='bbox 1991 3602 2113 3653; x_wconf 69' lang='lat' dir='ltr'><strong>nes,</strong></span> <span class='ocrx_word' id='word_1_658' title='bbox 2145 3601 2375 3656; x_wconf 90' lang='lat' dir='ltr'><strong>quarum</strong></span> <span class='ocrx_word' id='word_1_659' title='bbox 2411 3586 2583 3655; x_wconf 88' lang='lat' dir='ltr'><strong>gratia</strong></span> <span class='ocrx_word' id='word_1_660' title='bbox 2611 3595 2836 3657; x_wconf 87' lang='lat' dir='ltr'><strong>peccato</strong></span> <span class='ocrx_word' id='word_1_661' title='bbox 2869 3585 3031 3639; x_wconf 91' lang='lat' dir='ltr'><strong>soluti</strong></span> <span class='ocrx_word' id='word_1_662' title='bbox 3069 3599 3278 3640; x_wconf 76' lang='lat' dir='ltr'><strong>Simius.</strong></span> <span class='ocrx_word' id='word_1_663' title='bbox 3307 3583 3402 3641; x_wconf 90' lang='lat' dir='ltr'><strong>Sic</strong></span> <span class='ocrx_word' id='word_1_664' title='bbox 3430 3598 3574 3656; x_wconf 70' lang='lat' dir='ltr'><strong>pm-</strong></span> 
     </span>
    </p>
   </div>
   <div class='ocr_carea' id='block_1_95' title="bbox 1993 3675 3573 3748">
    <p class='ocr_par' dir='ltr' id='par_1_95' title="bbox 1993 3675 3573 3748">
     <span class='ocr_line' id='line_1_96' title="bbox 1993 3675 3573 3748; baseline -0.003 -15"><span class='ocrx_word' id='word_1_665' title='bbox 1993 3687 2141 3734; x_wconf 90' lang='lat' dir='ltr'><strong>terea</strong></span> <span class='ocrx_word' id='word_1_666' title='bbox 2180 3693 2248 3734; x_wconf 91' lang='lat' dir='ltr'><strong>ne</strong></span> <span class='ocrx_word' id='word_1_667' title='bbox 2275 3677 2471 3732; x_wconf 71' lang='lat' dir='ltr'><strong>animae</strong></span> <span class='ocrx_word' id='word_1_668' title='bbox 2515 3677 2850 3748; x_wconf 80' lang='lat' dir='ltr'><strong>negligenter</strong></span> <span class='ocrx_word' id='word_1_669' title='bbox 2885 3691 2946 3732; x_wconf 92' lang='lat' dir='ltr'><strong>se</strong></span> <span class='ocrx_word' id='word_1_670' title='bbox 2973 3676 3212 3731; x_wconf 85' lang='lat' dir='ltr'><strong>habeant</strong></span> <span class='ocrx_word' id='word_1_671' title='bbox 3239 3691 3368 3747; x_wconf 86' lang='lat' dir='ltr'><strong>erga</strong></span> <span class='ocrx_word' id='word_1_672' title='bbox 3401 3675 3573 3730; x_wconf 86' lang='lat' dir='ltr'><strong>virtu-</strong></span> 
     </span>
    </p>
   </div>
   <div class='ocr_carea' id='block_1_96' title="bbox 1994 3766 3569 3838">
    <p class='ocr_par' dir='ltr' id='par_1_96' title="bbox 1994 3766 3569 3838">
     <span class='ocr_line' id='line_1_97' title="bbox 1994 3766 3569 3838; baseline -0.006 -11"><span class='ocrx_word' id='word_1_673' title='bbox 1994 3779 2126 3834; x_wconf 91' lang='lat' dir='ltr'><strong>tem,</strong></span> <span class='ocrx_word' id='word_1_674' title='bbox 2143 3767 2304 3838; x_wconf 74' lang='grc'><strong>293</strong></span> <span class='ocrx_word' id='word_1_675' title='bbox 2325 3767 2422 3823; x_wconf 81' lang='lat' dir='ltr'><strong>sed</strong></span> <span class='ocrx_word' id='word_1_676' title='bbox 2445 3767 2778 3824; x_wconf 90' lang='lat' dir='ltr'><strong>meditentur</strong></span> <span class='ocrx_word' id='word_1_677' title='bbox 2802 3766 3232 3832; x_wconf 88' lang='lat' dir='ltr'><strong>dissolutionem,</strong></span> <span class='ocrx_word' id='word_1_678' title='bbox 3257 3774 3384 3821; x_wconf 85' lang='lat' dir='ltr'><strong>ante</strong></span> <span class='ocrx_word' id='word_1_679' title='bbox 3406 3780 3569 3836; x_wconf 85' lang='lat' dir='ltr'><strong>quam</strong></span> 
     </span>
    </p>
   </div>
   <div class='ocr_carea' id='block_1_97' title="bbox 1993 3853 3572 3927">
    <p class='ocr_par' dir='ltr' id='par_1_97' title="bbox 1993 3853 3572 3927">
     <span class='ocr_line' id='line_1_98' title="bbox 1993 3853 3572 3927; baseline -0.003 -16"><span class='ocrx_word' id='word_1_680' title='bbox 1993 3857 2360 3912; x_wconf 81' lang='lat' dir='ltr'><strong>dissolvantur</strong></span> <span class='ocrx_word' id='word_1_681' title='bbox 2396 3871 2651 3927; x_wconf 89' lang='lat' dir='ltr'><strong>corpora,</strong></span> <span class='ocrx_word' id='word_1_682' title='bbox 2690 3870 2791 3912; x_wconf 90' lang='lat' dir='ltr'><strong>nec</strong></span> <span class='ocrx_word' id='word_1_683' title='bbox 2817 3858 3210 3910; x_wconf 91' lang='lat' dir='ltr'><strong>conturbemur</strong></span> <span class='ocrx_word' id='word_1_684' title='bbox 3237 3855 3362 3908; x_wconf 93' lang='lat' dir='ltr'><strong>dum</strong></span> <span class='ocrx_word' id='word_1_685' title='bbox 3402 3853 3572 3910; x_wconf 82' lang='lat' dir='ltr'><strong>resol-</strong></span> 
     </span>
    </p>
   </div>
   <div class='ocr_carea' id='block_1_98' title="bbox 1992 3945 3571 4010">
    <p class='ocr_par' dir='ltr' id='par_1_98' title="bbox 1992 3945 3571 4010">
     <span class='ocr_line' id='line_1_99' title="bbox 1992 3945 3571 4010; baseline -0.004 -4"><span class='ocrx_word' id='word_1_686' title='bbox 1992 3959 2192 4006; x_wconf 90' lang='lat' dir='ltr'><strong>ventur</strong></span> <span class='ocrx_word' id='word_1_687' title='bbox 2231 3949 2402 4006; x_wconf 88' lang='lat' dir='ltr'><strong>nostri</strong></span> <span class='ocrx_word' id='word_1_688' title='bbox 2451 3963 2625 4005; x_wconf 83' lang='lat' dir='ltr'><strong>nexus</strong></span> <span class='ocrx_word' id='word_1_689' title='bbox 2671 3955 2725 4003; x_wconf 89' lang='lat' dir='ltr'><strong>et</strong></span> <span class='ocrx_word' id='word_1_690' title='bbox 2754 3945 2995 4010; x_wconf 85' lang='lat' dir='ltr'><strong>vincula,</strong></span> <span class='ocrx_word' id='word_1_691' title='bbox 3031 3956 3086 4000; x_wconf 92' lang='lat' dir='ltr'><strong>et</strong></span> <span class='ocrx_word' id='word_1_692' title='bbox 3119 3945 3314 4000; x_wconf 89' lang='lat' dir='ltr'><strong>crebro</strong></span> <span class='ocrx_word' id='word_1_693' title='bbox 3351 3947 3419 4001; x_wconf 89' lang='lat' dir='ltr'><strong>ad</strong></span> <span class='ocrx_word' id='word_1_694' title='bbox 3470 3947 3571 4001; x_wconf 83' lang='lat' dir='ltr'><strong>ista</strong></span> 
     </span>
    </p>
   </div>
   <div class='ocr_carea' id='block_1_99' title="bbox 1989 4036 3572 4106">
    <p class='ocr_par' dir='ltr' id='par_1_99' title="bbox 1989 4036 3572 4106">
     <span class='ocr_line' id='line_1_100' title="bbox 1989 4036 3572 4106; baseline -0.006 -6"><span class='ocrx_word' id='word_1_695' title='bbox 1989 4045 2194 4100; x_wconf 87' lang='lat' dir='ltr'><strong>caduca</strong></span> <span class='ocrx_word' id='word_1_696' title='bbox 2241 4047 2664 4103; x_wconf 83' lang='lat' dir='ltr'><strong>convertamur.</strong></span> <span class='ocrx_word' id='word_1_697' title='bbox 2701 4038 2930 4094; x_wconf 89' lang='lat' dir='ltr'><strong>moleste</strong></span> <span class='ocrx_word' id='word_1_698' title='bbox 2967 4036 3205 4092; x_wconf 76' lang='lat' dir='ltr'><strong>ferentes</strong></span> <span class='ocrx_word' id='word_1_699' title='bbox 3250 4036 3572 4106; x_wconf 75' lang='lat' dir='ltr'><strong>disiunctio-</strong></span> 
     </span>
    </p>
   </div>
   <div class='ocr_carea' id='block_1_100' title="bbox 1989 4130 3574 4200">
    <p class='ocr_par' dir='ltr' id='par_1_100' title="bbox 1989 4130 3574 4200">
     <span class='ocr_line' id='line_1_101' title="bbox 1989 4130 3574 4200; baseline -0.005 -8"><span class='ocrx_word' id='word_1_700' title='bbox 1989 4151 2137 4192; x_wconf 88' lang='lat' dir='ltr'><strong>nem.</strong></span> <span class='ocrx_word' id='word_1_701' title='bbox 2171 4133 2441 4189; x_wconf 69' lang='lat' dir='ltr'><strong>Prxeterea</strong></span> <span class='ocrx_word' id='word_1_702' title='bbox 2469 4131 2726 4196; x_wconf 88' lang='lat' dir='ltr'><strong>concede,</strong></span> <span class='ocrx_word' id='word_1_703' title='bbox 2761 4137 2820 4184; x_wconf 93' lang='lat' dir='ltr'><strong>ut</strong></span> <span class='ocrx_word' id='word_1_704' title='bbox 2848 4130 3080 4185; x_wconf 81' lang='lat' dir='ltr'><strong>vitemus</strong></span> <span class='ocrx_word' id='word_1_705' title='bbox 3125 4143 3412 4185; x_wconf 90' lang='lat' dir='ltr'><strong>numerum</strong></span> <span class='ocrx_word' id='word_1_706' title='bbox 3442 4145 3574 4200; x_wconf 77' lang='lat' dir='ltr'><strong>sup—</strong></span> 
     </span>
    </p>
   </div>
   <div class='ocr_carea' id='block_1_101' title="bbox 1990 4221 3573 4300">
    <p class='ocr_par' dir='ltr' id='par_1_101' title="bbox 1990 4221 3573 4300">
     <span class='ocr_line' id='line_1_102' title="bbox 1990 4221 3573 4300; baseline -0.004 -18"><span class='ocrx_word' id='word_1_707' title='bbox 1990 4227 2300 4300; x_wconf 92' lang='lat' dir='ltr'><strong>pliciorum,</strong></span> <span class='ocrx_word' id='word_1_708' title='bbox 2333 4238 2470 4280; x_wconf 83' lang='lat' dir='ltr'><strong>neve</strong></span> <span class='ocrx_word' id='word_1_709' title='bbox 2515 4222 2866 4294; x_wconf 86' lang='lat' dir='ltr'><strong>experiamur</strong></span> <span class='ocrx_word' id='word_1_710' title='bbox 2893 4221 3151 4277; x_wconf 88' lang='lat' dir='ltr'><strong>acerbum</strong></span> <span class='ocrx_word' id='word_1_711' title='bbox 3185 4221 3310 4276; x_wconf 68' lang='lat' dir='ltr'><strong>vitae</strong></span> <span class='ocrx_word' id='word_1_712' title='bbox 3337 4221 3573 4286; x_wconf 83' lang='lat' dir='ltr'><strong>exitum,</strong></span> 
     </span>
    </p>
   </div>
   <div class='ocr_carea' id='block_1_102' title="bbox 1989 4314 3572 4387">
    <p class='ocr_par' dir='ltr' id='par_1_102' title="bbox 1989 4314 3572 4387">
     <span class='ocr_line' id='line_1_103' title="bbox 1989 4314 3572 4387; baseline -0.005 -9"><span class='ocrx_word' id='word_1_713' title='bbox 1989 4320 2086 4378; x_wconf 86' lang='lat' dir='ltr'><strong>sed</strong></span> <span class='ocrx_word' id='word_1_714' title='bbox 2131 4319 2184 4376; x_wconf 93' lang='lat' dir='ltr'><strong>in</strong></span> <span class='ocrx_word' id='word_1_715' title='bbox 2228 4331 2456 4387; x_wconf 85' lang='lat' dir='ltr'><strong>superas</strong></span> <span class='ocrx_word' id='word_1_716' title='bbox 2509 4315 2822 4373; x_wconf 87' lang='lat' dir='ltr'><strong>mansiones</strong></span> <span class='ocrx_word' id='word_1_717' title='bbox 2867 4325 3086 4384; x_wconf 91' lang='lat' dir='ltr'><strong>cooptes</strong></span> <span class='ocrx_word' id='word_1_718' title='bbox 3130 4323 3186 4371; x_wconf 92' lang='lat' dir='ltr'><strong>et</strong></span> <span class='ocrx_word' id='word_1_719' title='bbox 3232 4314 3572 4380; x_wconf 86' lang='lat' dir='ltr'><strong>conscribas.</strong></span> 
     </span>
    </p>
   </div>
   <div class='ocr_carea' id='block_1_103' title="bbox 1999 4405 3575 4482">
    <p class='ocr_par' dir='ltr' id='par_1_103' title="bbox 1999 4405 3575 4482">
     <span class='ocr_line' id='line_1_104' title="bbox 1999 4405 3575 4482; baseline -0.004 -13"><span class='ocrx_word' id='word_1_720' title='bbox 1999 4426 2122 4470; x_wconf 89' lang='lat' dir='ltr'><strong>cum</strong></span> <span class='ocrx_word' id='word_1_721' title='bbox 2155 4410 2252 4467; x_wconf 90' lang='lat' dir='ltr'><strong>tibi</strong></span> <span class='ocrx_word' id='word_1_722' title='bbox 2276 4417 2493 4482; x_wconf 90' lang='lat' dir='ltr'><strong>gratum</strong></span> <span class='ocrx_word' id='word_1_723' title='bbox 2525 4408 2654 4476; x_wconf 82' lang='lat' dir='ltr'><strong>erit,</strong></span> <span class='ocrx_word' id='word_1_724' title='bbox 2681 4422 2850 4481; x_wconf 85' lang='lat' dir='ltr'><strong>seque</strong></span> <span class='ocrx_word' id='word_1_725' title='bbox 2875 4406 3136 4479; x_wconf 65' lang='lat' dir='ltr'><strong>praeclare</strong></span> <span class='ocrx_word' id='word_1_726' title='bbox 3156 4405 3394 4464; x_wconf 86' lang='lat' dir='ltr'><strong>habeant</strong></span> <span class='ocrx_word' id='word_1_727' title='bbox 3417 4406 3575 4463; x_wconf 86' lang='lat' dir='ltr'><strong>nobis</strong></span> 
     </span>
    </p>
   </div>
   <div class='ocr_carea' id='block_1_104' title="bbox 1919 4783 3577 4861">
    <p class='ocr_par' dir='ltr' id='par_1_104' title="bbox 1919 4783 3577 4861">
     <span class='ocr_line' id='line_1_105' title="bbox 1919 4783 3577 4861; baseline 0.004 -17"><span class='ocrx_word' id='word_1_728' title='bbox 1919 4785 1965 4844; x_wconf 84' lang='lat' dir='ltr'><strong>D</strong></span> <span class='ocrx_word' id='word_1_729' title='bbox 1995 4783 2232 4861; x_wconf 76' lang='lat' dir='ltr'><strong>losophi,</strong></span> <span class='ocrx_word' id='word_1_730' title='bbox 2291 4785 2562 4861; x_wconf 64' lang='lat' dir='ltr'><strong>pracipue</strong></span> <span class='ocrx_word' id='word_1_731' title='bbox 2595 4787 2967 4861; x_wconf 79' lang='lat' dir='ltr'><strong>Pythagorici,</strong></span> <span class='ocrx_word' id='word_1_732' title='bbox 2999 4798 3060 4846; x_wconf 92' lang='lat' dir='ltr'><strong>ut</strong></span> <span class='ocrx_word' id='word_1_733' title='bbox 3111 4789 3299 4849; x_wconf 91' lang='lat' dir='ltr'><strong>multis</strong></span> <span class='ocrx_word' id='word_1_734' title='bbox 3334 4789 3577 4850; x_wconf 84' lang='lat' dir='ltr'><strong>ostendit</strong></span> 
     </span>
    </p>
   </div>
   <div class='ocr_carea' id='block_1_105' title="bbox 1993 4856 3652 4921">
    <p class='ocr_par' dir='ltr' id='par_1_105' title="bbox 1993 4856 3652 4921">
     <span class='ocr_line' id='line_1_106' title="bbox 1993 4856 3652 4921; baseline 0.008 -12"><span class='ocrx_word' id='word_1_735' title='bbox 1993 4856 2261 4913; x_wconf 85' lang='lat' dir='ltr'><strong>Hieroclis</strong></span> <span class='ocrx_word' id='word_1_736' title='bbox 2329 4857 2383 4912; x_wconf 90' lang='lat' dir='ltr'><strong>in</strong></span> <span class='ocrx_word' id='word_1_737' title='bbox 2434 4856 3187 4920; x_wconf 35' lang='lat' dir='ltr'><strong>Aurea&#39;Car&#39;iuina&#39;aurcus</strong></span> <span class='ocrx_word' id='word_1_738' title='bbox 3232 4873 3578 4921; x_wconf 81' lang='lat' dir='ltr'><strong>commenta-</strong></span> <span class='ocrx_word' id='word_1_739' title='bbox 3644 4884 3652 4895; x_wconf 90' lang='grc'>·</span> 
     </span>
    </p>
   </div>
   <div class='ocr_carea' id='block_1_106' title="bbox 1993 4925 2248 4982">
    <p class='ocr_par' dir='ltr' id='par_1_106' title="bbox 1993 4925 2248 4982">
     <span class='ocr_line' id='line_1_107' title="bbox 1993 4925 2248 4982; baseline -0.008 0"><span class='ocrx_word' id='word_1_740' title='bbox 1993 4927 2128 4982; x_wconf 80' lang='lat' dir='ltr'><strong>rius.</strong></span> <span class='ocrx_word' id='word_1_741' title='bbox 2152 4925 2248 4980; x_wconf 75' lang='lat' dir='ltr'><strong>BA.</strong></span> 
     </span>
    </p>
   </div>
   <div class='ocr_carea' id='block_1_107' title="bbox 2067 4996 3480 5080">
    <p class='ocr_par' dir='ltr' id='par_1_107' title="bbox 2067 4996 3480 5080">
     <span class='ocr_line' id='line_1_108' title="bbox 2067 4996 3480 5080; baseline 0.006 -31"><span class='ocrx_word' id='word_1_742' title='bbox 2218 4996 2639 5080; x_wconf 53' lang='grc' dir='ltr'>ξβλλάμψεως.</span> <span class='ocrx_word' id='word_1_743' title='bbox 2677 4999 2894 5080; x_wconf 78' lang='lat' dir='ltr'><strong>luterna</strong></span> <span class='ocrx_word' id='word_1_744' title='bbox 2929 5001 3356 5080; x_wconf 46' lang='lat' dir='ltr'><strong>illuminationeL</strong></span> <span class='ocrx_word' id='word_1_745' title='bbox 3384 5002 3480 5080; x_wconf 73' lang='lat' dir='ltr'><strong>BA_.</strong></span> 
     </span>
    </p>
   </div>
   <div class='ocr_carea' id='block_1_108' title="bbox 2067 5067 3577 5148">
    <p class='ocr_par' dir='ltr' id='par_1_108' title="bbox 2067 5067 3577 5148">
     <span class='ocr_line' id='line_1_109' title="bbox 2067 5067 3577 5148; baseline 0.007 -29"><span class='ocrx_word' id='word_1_746' title='bbox 2067 5067 2182 5148; x_wconf 72' lang='grc'><strong>(46)</strong></span> <span class='ocrx_word' id='word_1_747' title='bbox 2213 5067 2604 5148; x_wconf 54' lang='grc' dir='ltr'>Χαρρκτῆρᾳς</span> <span class='ocrx_word' id='word_1_748' title='bbox 2625 5070 2722 5125; x_wconf 75' lang='grc' dir='ltr'>καὶ</span> <span class='ocrx_word' id='word_1_749' title='bbox 2765 5072 2996 5148; x_wconf 68' lang='grc' dir='ltr'>τύπους</span> <span class='ocrx_word' id='word_1_750' title='bbox 3032 5072 3144 5148; x_wconf 80' lang='grc' dir='ltr'>τῇς</span> <span class='ocrx_word' id='word_1_751' title='bbox 3182 5072 3413 5148; x_wconf 64' lang='grc' dir='ltr'>ψυχῆς.</span> <span class='ocrx_word' id='word_1_752' title='bbox 3450 5073 3577 5148; x_wconf 76' lang='lat' dir='ltr'><strong>Pla-</strong></span> 
     </span>
    </p>
   </div>
   <div class='ocr_carea' id='block_1_109' title="bbox 2000 5139 3578 5213">
    <p class='ocr_par' dir='ltr' id='par_1_109' title="bbox 2000 5139 3578 5213">
     <span class='ocr_line' id='line_1_110' title="bbox 2000 5139 3578 5213; baseline 0.006 -21"><span class='ocrx_word' id='word_1_753' title='bbox 2000 5139 2265 5213; x_wconf 76' lang='lat' dir='ltr'><strong>tonicum.</strong></span> <span class='ocrx_word' id='word_1_754' title='bbox 2319 5139 2387 5194; x_wconf 86' lang='lat' dir='ltr'><strong>Et</strong></span> <span class='ocrx_word' id='word_1_755' title='bbox 2418 5140 2485 5196; x_wconf 79' lang='lat' dir='ltr'><strong>de</strong></span> <span class='ocrx_word' id='word_1_756' title='bbox 2511 5142 2926 5213; x_wconf 86' lang='lat' dir='ltr'><strong>characterihus</strong></span> <span class='ocrx_word' id='word_1_757' title='bbox 2966 5139 3215 5213; x_wconf 76' lang='lat' dir='ltr'><strong>notisque</strong></span> <span class='ocrx_word' id='word_1_758' title='bbox 3245 5139 3363 5213; x_wconf 77' lang='lat' dir='ltr'><strong>istis</strong></span> <span class='ocrx_word' id='word_1_759' title='bbox 3392 5145 3578 5202; x_wconf 88' lang='lat' dir='ltr'><strong>multis</strong></span> 
     </span>
    </p>
   </div>
   <div class='ocr_carea' id='block_1_110' title="bbox 2001 5206 3429 5298">
    <p class='ocr_par' dir='ltr' id='par_1_110' title="bbox 2001 5206 3429 5298">
     <span class='ocr_line' id='line_1_111' title="bbox 2001 5206 3429 5298; baseline 0.004 -36"><span class='ocrx_word' id='word_1_760' title='bbox 2001 5206 2377 5298; x_wconf 44' lang='lat' dir='ltr'><strong>locisqsugque</strong></span> <span class='ocrx_word' id='word_1_761' title='bbox 2389 5211 2669 5298; x_wconf 66' lang='lat' dir='ltr'><strong>praecipue</strong></span> <span class='ocrx_word' id='word_1_762' title='bbox 2699 5212 3114 5298; x_wconf 46' lang='lat' dir='ltr'><strong>commentari-0,</strong></span> <span class='ocrx_word' id='word_1_763' title='bbox 3129 5206 3294 5298; x_wconf 52' lang='lat' dir='ltr'><strong>&quot;alibi.</strong></span> <span class='ocrx_word' id='word_1_764' title='bbox 3330 5212 3429 5298; x_wconf 51' lang='lat' dir='ltr'><strong>iis.</strong></span> 
     </span>
    </p>
   </div>
   <div class='ocr_carea' id='block_1_111' title="bbox 2072 5277 3573 5350">
    <p class='ocr_par' dir='ltr' id='par_1_111' title="bbox 2072 5277 3573 5350">
     <span class='ocr_line' id='line_1_112' title="bbox 2072 5277 3573 5350; baseline 0.004 -20"><span class='ocrx_word' id='word_1_765' title='bbox 2072 5277 2184 5350; x_wconf 85' lang='grc'><strong>(47)</strong></span> <span class='ocrx_word' id='word_1_766' title='bbox 2216 5277 2314 5347; x_wconf 80' lang='grc' dir='ltr'><strong>Μὴ</strong></span> <span class='ocrx_word' id='word_1_767' title='bbox 2345 5277 2800 5350; x_wconf 72' lang='grc' dir='ltr'>ταραχθείημεν.</span> <span class='ocrx_word' id='word_1_768' title='bbox 2831 5277 3236 5337; x_wconf 88' lang='lat' dir='ltr'><strong>Conturbemur</strong></span> <span class='ocrx_word' id='word_1_769' title='bbox 3273 5286 3389 5339; x_wconf 90' lang='lat' dir='ltr'><strong>toti.</strong></span> <span class='ocrx_word' id='word_1_770' title='bbox 3419 5283 3573 5350; x_wconf 87' lang='lat' dir='ltr'><strong>Quod</strong></span> 
     </span>
    </p>
   </div>
   <div class='ocr_carea' id='block_1_112' title="bbox 2001 5351 3576 5423">
    <p class='ocr_par' dir='ltr' id='par_1_112' title="bbox 2001 5351 3576 5423">
     <span class='ocr_line' id='line_1_113' title="bbox 2001 5351 3576 5423; baseline 0.004 -21"><span class='ocrx_word' id='word_1_771' title='bbox 2001 5362 2223 5403; x_wconf 85' lang='lat' dir='ltr'><strong>necesse</strong></span> <span class='ocrx_word' id='word_1_772' title='bbox 2249 5360 2332 5423; x_wconf 82' lang='lat' dir='ltr'><strong>est</strong></span> <span class='ocrx_word' id='word_1_773' title='bbox 2360 5351 2613 5423; x_wconf 84' lang='lat' dir='ltr'><strong>accidere</strong></span> <span class='ocrx_word' id='word_1_774' title='bbox 2648 5354 2734 5423; x_wconf 76' lang='lat' dir='ltr'><strong>iis,</strong></span> <span class='ocrx_word' id='word_1_775' title='bbox 2774 5353 2970 5420; x_wconf 86' lang='lat' dir='ltr'><strong>quibus</strong></span> <span class='ocrx_word' id='word_1_776' title='bbox 3004 5368 3197 5423; x_wconf 87' lang='lat' dir='ltr'><strong>repens</strong></span> <span class='ocrx_word' id='word_1_777' title='bbox 3227 5369 3292 5409; x_wconf 88' lang='lat' dir='ltr'><strong>ex</strong></span> <span class='ocrx_word' id='word_1_778' title='bbox 3333 5354 3434 5409; x_wconf 86' lang='lat' dir='ltr'><strong>hac</strong></span> <span class='ocrx_word' id='word_1_779' title='bbox 3467 5355 3576 5408; x_wconf 89' lang='lat' dir='ltr'><strong>vita</strong></span> 
     </span>
    </p>
   </div>
   <div class='ocr_carea' id='block_1_113' title="bbox 1999 5420 3576 5541">
    <p class='ocr_par' dir='ltr' id='par_1_113' title="bbox 1999 5420 3576 5541">
     <span class='ocr_line' id='line_1_114' title="bbox 1999 5420 3576 5541; baseline 0.004 -68"><span class='ocrx_word' id='word_1_780' title='bbox 1999 5433 2246 5541; x_wconf 56' lang='lat' dir='ltr'><strong>recessgs</strong></span> <span class='ocrx_word' id='word_1_781' title='bbox 2289 5420 2623 5478; x_wconf 89' lang='lat' dir='ltr'><strong>incubuerit.</strong></span> <span class='ocrx_word' id='word_1_782' title='bbox 2679 5421 2874 5478; x_wconf 75' lang='lat' dir='ltr'><strong>Merito</strong></span> <span class='ocrx_word' id='word_1_783' title='bbox 2930 5420 3096 5496; x_wconf 78' lang='lat' dir='ltr'><strong>igitur</strong></span> <span class='ocrx_word' id='word_1_784' title='bbox 3151 5433 3310 5479; x_wconf 87' lang='lat' dir='ltr'><strong>vovet</strong></span> <span class='ocrx_word' id='word_1_785' title='bbox 3341 5424 3576 5480; x_wconf 76' lang='grc' dir='ltr'>εὐθανα-</span> 
     </span>
     <span class='ocr_line' id='line_1_115' title="bbox 1999 5505 2275 5541; baseline 0 0"><span class='ocrx_word' id='word_1_786' title='bbox 1999 5505 2141 5541; x_wconf 87' lang='grc' dir='ltr'>σιαν.</span> <span class='ocrx_word' id='word_1_787' title='bbox 2223 5507 2275 5541; x_wconf 82' lang='grc' dir='ltr'><strong>Δ.</strong></span> 
     </span>
    </p>
   </div>
   <div class='ocr_carea' id='block_1_114' title="bbox 1999 5505 2275 5544">
    <p class='ocr_par' dir='ltr' id='par_1_114' title="bbox 1999 5505 2275 5544">
     <span class='ocr_line' id='line_1_116' title="bbox 1999 5505 2275 5544; baseline 0.011 -3"><span class='ocrx_word' id='word_1_788' title='bbox 1999 5505 2031 5541; x_wconf 91' lang='grc' dir='ltr'><strong>σ</strong></span> <span class='ocrx_word' id='word_1_789' title='bbox 2038 5506 2141 5542; x_wconf 88' lang='grc' dir='ltr'>ιαν.</span> <span class='ocrx_word' id='word_1_790' title='bbox 2179 5505 2253 5544; x_wconf 73' lang='grc' dir='ltr'><strong>ΒΑ</strong></span> <span class='ocrx_word' id='word_1_791' title='bbox 2261 5531 2275 5544; x_wconf 90' lang='grc'><strong>.</strong></span> 
     </span>
    </p>
   </div>
   <div class='ocr_carea' id='block_1_115' title="bbox 2073 5557 3578 5640">
    <p class='ocr_par' dir='ltr' id='par_1_115' title="bbox 2073 5557 3578 5640">
     <span class='ocr_line' id='line_1_117' title="bbox 2073 5557 3578 5640; baseline 0.007 -29"><span class='ocrx_word' id='word_1_792' title='bbox 2073 5557 2560 5640; x_wconf 60' lang='lat' dir='ltr'><strong>(4§)_Ko.1do&#39;swr_.‘</strong></span> <span class='ocrx_word' id='word_1_793' title='bbox 2607 5560 2962 5640; x_wconf 62' lang='lat' dir='ltr'><strong>Eternarum</strong></span> <span class='ocrx_word' id='word_1_794' title='bbox 3005 5579 3288 5640; x_wconf 65' lang='lat' dir='ltr'><strong>pqanarum</strong></span> <span class='ocrx_word' id='word_1_795' title='bbox 3320 5564 3578 5640; x_wconf 77' lang='lat' dir='ltr'><strong>perenni-</strong></span> 
     </span>
    </p>
   </div>
   <div class='ocr_carea' id='block_1_116' title="bbox 2003 5629 3580 5702">
    <p class='ocr_par' dir='ltr' id='par_1_116' title="bbox 2003 5629 3580 5702">
     <span class='ocr_line' id='line_1_118' title="bbox 2003 5629 3580 5702; baseline 0.004 -19"><span class='ocrx_word' id='word_1_796' title='bbox 2003 5629 2091 5684; x_wconf 69' lang='grc' dir='ltr'>ωε</span> <span class='ocrx_word' id='word_1_797' title='bbox 2111 5629 2360 5702; x_wconf 84' lang='lat' dir='ltr'><strong>ultimum</strong></span> <span class='ocrx_word' id='word_1_798' title='bbox 2395 5631 2657 5686; x_wconf 86' lang='lat' dir='ltr'><strong>monitum</strong></span> <span class='ocrx_word' id='word_1_799' title='bbox 2685 5629 3020 5702; x_wconf 62' lang='lat' dir='ltr'><strong>accipieudm&#39;</strong></span> <span class='ocrx_word' id='word_1_800' title='bbox 3042 5634 3304 5690; x_wconf 72' lang='lat' dir='ltr'><strong>doctrina:</strong></span> <span class='ocrx_word' id='word_1_801' title='bbox 3322 5629 3580 5691; x_wconf 61' lang='lat' dir='ltr'><strong>&#39;cmlestis</strong></span> 
     </span>
    </p>
   </div>
   <div class='ocr_carea' id='block_1_117' title="bbox 2000 5700 3579 5774">
    <p class='ocr_par' dir='ltr' id='par_1_117' title="bbox 2000 5700 3579 5774">
     <span class='ocr_line' id='line_1_119' title="bbox 2000 5700 3579 5774; baseline 0.004 -20"><span class='ocrx_word' id='word_1_802' title='bbox 2000 5708 2055 5754; x_wconf 91' lang='lat' dir='ltr'><strong>et</strong></span> <span class='ocrx_word' id='word_1_803' title='bbox 2115 5700 2928 5774; x_wconf 24' lang='lat' dir='ltr'><strong>vitiorum”relinquendor‘um.</strong></span> <span class='ocrx_word' id='word_1_804' title='bbox 2964 5705 3194 5762; x_wconf 89' lang='lat' dir='ltr'><strong>Pulchre</strong></span> <span class='ocrx_word' id='word_1_805' title='bbox 3244 5704 3579 5773; x_wconf 79' lang='lat' dir='ltr'><strong>Theophilus</strong></span> 
     </span>
    </p>
   </div>
   <div class='ocr_carea' id='block_1_118' title="bbox 2002 5769 3464 5849">
    <p class='ocr_par' dir='ltr' id='par_1_118' title="bbox 2002 5769 3464 5849">
     <span class='ocr_line' id='line_1_120' title="bbox 2002 5769 3464 5849; baseline 0.005 -25"><span class='ocrx_word' id='word_1_806' title='bbox 2002 5779 2192 5827; x_wconf 87' lang='lat' dir='ltr'><strong>noster</strong></span> <span class='ocrx_word' id='word_1_807' title='bbox 2222 5770 2328 5826; x_wconf 81' lang='lat' dir='ltr'><strong>line</strong></span> <span class='ocrx_word' id='word_1_808' title='bbox 2356 5769 2448 5829; x_wconf 87' lang='lat' dir='ltr'><strong>lib.</strong></span> <span class='ocrx_word' id='word_1_809' title='bbox 2483 5787 2500 5834; x_wconf 82' lang='grc' dir='ltr'><strong>ι</strong></span> <span class='ocrx_word' id='word_1_810' title='bbox 2535 5769 2602 5830; x_wconf 78' lang='lat' dir='ltr'><strong>ad</strong></span> <span class='ocrx_word' id='word_1_811' title='bbox 2631 5773 2957 5849; x_wconf 75' lang='lat' dir='ltr'><strong>Autolycum</strong></span> <span class='ocrx_word' id='word_1_812' title='bbox 2992 5792 3195 5844; x_wconf 81' lang='lat' dir='ltr'><strong>suum;</strong></span> <span class='ocrx_word' id='word_1_813' title='bbox 3231 5785 3338 5834; x_wconf 90' lang='lat' dir='ltr'><strong>etc.</strong></span> <span class='ocrx_word' id='word_1_814' title='bbox 3369 5769 3464 5834; x_wconf 76' lang='grc' dir='ltr'><strong>ΒΑ.</strong></span> 
     </span>
    </p>
   </div>
  </div>
