4154 6534
587 422 724 489 1143

1610 429 2009 493 zacmnu:
2049 417 2484 495 MITYLEN’ES
2521 435 2859 495 muscum
2901 411 2906 414 ’

3735 405 3908 506 ιιιι

581 543 702 600 quae
734 535 1002 605 pertinent
1028 533 1095 590 ad
1132 537 1270 592 hanc
1303 539 1754 595 exercitationem
1786 551 1841 595 et
1871 543 2038 595 vitam
2066 559 2174 612 qua

2293 546 2431 615 μετὰ
2454 547 2562 598 τῶν
2597 547 2868 617 σωμάτων
2898 546 3015 616 βίου
3045 547 3153 601 τῶν
3174 521 3454 620 ἐπικήρων
3477 549 3608 621 (19),
3641 519 3720 614 ei;
3758 554 3867 605 κόλ-

583 638 708 677 eum
758 625 1082 694 corporibus
1124 626 1411 698 fragilibus
1452 638 1507 683 et
1561 629 1794 685 infirmis
1837 634 2068 700 geritur,
2111 635 2164 687 in

585 717 706 769 sinu
737 716 1032 783 Abraham,
1057 718 1206 775 Isaac
1235 729 1290 776 et
1317 719 1508 775 Jacob.
1542 720 1619 776 lta‘
1657 723 1798 778 Deus
1827 734 1913 778 sat
1940 740 1970 776 a
2004 727 2160 780 nobis

586 821 849 866 exoratus
873 822 981 868 est.
1014 812 1372 871 Discedamus
1405 815 1591 886 igitur.
1625 847 1639 857 ο

661 927 771 1004 (ω)
812 929 1161 999 Ἐπικήρων.
1186 929 1502 1004 κἘπίκηρα,
1531 931 1884 1004 ἐπιοανάῖιαε
1919 933 2029 1004 κὴρ
2059 933 2169 1004 γὰρ

586 1001 615 1053 ὁ
636 999 864 1062 θάνατος
889 1017 904 1030 ·
930 1013 1121 1057 auctor
1153 1003 1330 1073 Magni
1364 999 1742 1073 Etymologici.
1778 1002 1913 1059 Vide
1940 999 2172 1058 arma:

588 1087 860 1144 quernea
889 1073 1040 1144 plura
1071 1074 1210 1141 apud
1243 1072 1595 1144 llesychium.
1623 1072 1720 1128 Ba.

659 1141 772 1211 (50)
806 1139 998 1197 Ultima
1035 1139 1196 1198 verba
1228 1139 1417 1199 eadém
1454 1156 1577 1200 sunt
1618 1146 1759 1216 apud
1802 1141 2031 1200 A‘Jneam
2066 1161 2162 1200 no-

601 1289 704 1322 μέτε

2285 656 2421 700 πους
2461 639 2713 709 Ἀἦραὰμ
2736 640 2829 691 καὶ
2874 641 3059 692 Ἰσαὰκ
3096 641 3190 695 καὶ
3223 642 3437 695 Ἰακώϐ.
3481 643 3702 708 Ἱκανῶς
3741 645 3870 714 ἡμῖν

2286 727 2508 801 ηὗκται.
2562 731 2704 785 Ἀλλ’
2741 734 2911 803 ἴωμεν
2941 733 3076 803 (50).

2279 951 2495 1004 strnm;
2546 946 2603 994 et
2655 938 2874 992 memini
2916 937 3044 991 alibi
3101 954 3186 992 me
3241 940 3576 1008 suspicatum
3631 945 3694 995 de
3759 959 3869 997 uno

2281 1011 2562 1134 glriusrlgue
2620 1008 2780 1063 libelli
2829 1017 3090 1076 auctore,
3143 1026 3245 1063 non
3303 1021 3483 1065 tanien
3549 1022 3605 1065 ut
3660 1024 3871 1082 perten-

2319 1096 2427 1134 am.
2507 1097 2558 1133 ι.

2319 1096 2427 1134 am.
2461 1096 2558 1133 DA.

697 1287 3842 1332 ΜΝ

1471 1455 2113 1571 EJUSDEM
2204 1449 2971 1564 ZACHARl/E

1856 1671 2590 1768 DlSPUTATlO

691 1862 934 1907 CONTRA
979 1865 1049 1908 EA
1086 1868 1224 1920 QUAE
1267 1869 1346 1912 DE
1376 1867 1630 1911 DUOBUS
1679 1863 2009 1910 PRINCIPIIS
2042 1862 2077 1904 Α
2113 1859 2448 1903 ΜΛΝΙΩΠΕΟ
2479 1857 2739 1910 OUODAM
2770 1859 3023 1903 SCRlPTA
3056 1862 3131 1905 ET
3165 1863 3472 1907 PROJECTA
3511 1864 3573 1907 IN
3605 1863 3758 1907 "IAM

1461 1969 1769 2013 PUBLICAM
1813 1967 2107 2021 REPERIT,
2152 1960 2522 2006 JUSTlNlANO
2574 1960 2993 2006 IMPERATORE.

658 2187 718 2242 Si
741 2196 868 2241 sunt
893 2186 946 2240 in
971 2188 1223 2240 ontiiibns
1245 2188 1518 2241 contraria
1545 2187 1809 2256 principia
1834 2201 1955 2255 quae
1979 2188 2136 2254 ponis
2153 2229 2165 2250 ,
2204 2193 2243 2246 Β

591 2294 755 2333 unum
801 2277 996 2332 bonum
1036 2279 1178 2347 quod
1222 2293 1403 2342 vocas,
1437 2289 1495 2332 et
1535 2278 1764 2332 alterum
1807 2277 2035 2342 malum;
2080 2296 2172 2330 ne-

590 2386 743 2425 cesse
770 2380 882 2434 est,
917 2371 962 2424 si
996 2375 1194 2424 bonum
1225 2371 1583 2424 substantiam
1617 2385 1737 2425 esse
1772 2371 1934 2432 dicis,
1971 2371 2172 2423 malum

593 2480 698 2520 non
740 2479 864 2519 esse
902 2463 1285 2517 substantiam.
1327 2462 1381 2516 Si
1425 2463 1624 2516 bonmn
1668 2464 1804 2517 dicis
1848 2463 2172 2533 principium

590 2540 737 2622 esse,
774 2554 973 2611 malum
1011 2571 1117 2610 non
1153 2571 1274 2610 esse
1310 2555 1631 2625 principium
1672 2573 1685 2610 :
1725 2557 1781 2609 Si
1821 2557 2016 2610 bonum
2051 2570 2174 2609 esse

593 2650 885 2719 ingenitum
911 2658 967 2702 et
990 2660 1275 2713 aeternum,
1301 2650 1498 2704 malum
1529 2666 1632 2704 non
1659 2665 1779 2704 esse
1805 2651 1905 2704 sic.
1935 2650 1992 2704 Si
2022 2650 2166 2703 enim

591 2742 707 2796 ba-c
747 2743 1052 2796 communia
1095 2741 1295 2796 habent
1333 2745 1538 2808 omnia,
1573 2742 1843 2811 quomodo
1881 2751 2004 2795 sunt
2042 2756 2174 2795 con-

592 2835 803 2889 traria?
834 2833 1123 2889 Praeterea.
1151 2835 1440 2890 Contraria
1473 2851 1580 2889 non
1611 2846 1879 2904 quatenus
1912 2836 2172 2888 substan-

595 2938 665 2978 tia
703 2939 862 2991 smn,
893 2927 1150 2982 dictmtur
1176 2943 1296 2984 esse
1332 2929 1648 2992 contraria;
1681 2928 1996 2982 substantiae
2029 2927 2172 2981 enim

593 3022 725 3075 nihil
755 3029 839 3075 est
870 3022 1238 3085 contrarium,
1269 3022 1363 3075 sed
1395 3031 1488 3086 aut
1517 3031 1787 3090 quatenus
1814 3031 1942 3076 sunt
1973 3021 2040 3074 ad
2071 3019 2173 3074 ali-

592 3112 747 3180 quid,
777 3123 868 3164 aut
900 3112 1197 3164 secundum
1227 3111 1546 3179 qualitatem
1575 3123 1632 3166 et
1659 3109 1932 3176 accidens,
1963 3120 2055 3164 aut
2084 3125 2173 3165 se-

592 3203 828 3256 eundum
853 3201 1091 3257 habitum
1116 3209 1169 3256 et
1189 3201 1550 3270 privationem
1573 3221 1586 3257 :
1607 3218 1671 3258 ex
1695 3218 1801 3273 quo
1825 3202 1903 3265 fit,
1925 3210 1982 3256 ut
2000 3203 2176 3272 primo

593 3305 646 3346 et
675 3293 776 3348 soli
806 3294 971 3356 bono,
1000 3309 1122 3348 cum
1155 3293 1287 3348 nihil
1319 3294 1510 3348 horum
1541 3294 1760 3357 habeat.
1789 3293 1920 3349 nihil
1949 3295 2020 3348 sit
2045 3310 2173 3348 con-

594 3386 857 3451 trarium;
901 3386 1024 3454 quia
1065 3386 1360 3440 secundum
1403 3387 1766 3440 Substantiam
1809 3397 1891 3440 est
1935 3387 2172 3454 bonum,

592 3478 909 3534 substantiae
929 3492 1057 3532 vero
1079 3477 1207 3533 nihil
1230 3487 1311 3532 est
1335 3480 1670 3533 contrarium
1695 3495 1710 3533 :
1733 3478 2004 3533 contraria
2029 3479 2170 3533 enim

590 3573 843 3625 dicuntur
866 3583 1080 3626 sursum
1107 3580 1161 3626 et
1186 3571 1466 3636 deorsum,
1493 3587 1598 3627 non
1625 3581 1892 3641 quatenus
1916 3554 2171 3627 substan-

592 3665 664 3716 litt
701 3673 846 3725 sunt,
878 3664 972 3718 sed
1008 3673 1276 3732 quatenus
1311 3666 1376 3718 ad
1414 3663 1638 3734 aliquid.
1671 3663 1801 3730 Quae
1834 3675 2012 3717 autem
2049 3675 2174 3719 sunt

590 3757 658 3809 ad
687 3754 921 3824 aliquid,
949 3771 1070 3809 cum
1103 3766 1298 3810 natura
1329 3771 1596 3825 corporea
1625 3760 1833 3811 adnexa
1864 3765 1991 3810 sunt
2020 3773 2034 3810 :
2065 3772 2172 3809 non

593 3846 760 3917 igitur
790 3846 843 3901 in
884 3858 1072 3900 natura
1110 3848 1454 3917 incorporea,
1486 3858 1542 3902 et
1576 3863 1696 3915 qua:
1730 3848 1980 3908 omnibus
2018 3858 2172 3902 autc-

591 3941 736 3994 cellit
761 3950 813 3995 et
838 3955 959 4008 quae
988 3940 1308 4010 intelligitur
1331 3942 1714 4010 comprehendi
1749 3957 1854 3995 non
1885 3954 2064 4010 posse,
2094 3941 2172 3993 lo-

591 4047 715 4085 cum
748 4032 951 4086 habent
980 4047 1193 4086 sursum
1225 4044 1280 4086 et
1307 4033 1583 4087 deorsum.

665 4123 730 4177 Et
775 4125 936 4177 timur
967 4125 1277 4178 contrarius
1311 4123 1510 4178 dicitur
1544 4123 1876 4189 fortitudini,
1914 4141 2018 4178 non
2056 4134 2175 4177 tan-

592 4231 755 4284 quam
798 4215 1104 4270 substantia
1148 4215 1364 4284 aliqua,
1405 4216 1499 4271 sed
1547 4224 1799 4285 tanquam
1845 4217 2077 4286 qualitas
2119 4226 2177 4270 et

596 4307 869 4374 accidens,
896 4309 1037 4377 quod
1066 4323 1208 4378 sarpe
1236 4310 1412 4374 adest,
1437 4317 1492 4364 et
1518 4310 1674 4364 abest
1700 4327 1713 4362 :
1746 4310 2004 4363 fortitudo
2031 4309 2173 4364 enim

595 4409 652 4454 ct
684 4398 848 4453 titnor
871 4401 924 4453 in
957 4401 1134 4454 anima
1164 4411 1481 4468 spectantur
1507 4415 1611 4454 non
1641 4411 1896 4470 tanquam
1924 4403 2175 4456 substan-

595 4493 704 4555 tiae,
737 4493 831 4545 sed
864 4502 1120 4559 tanquam
1150 4490 1460 4559 qualitates.
1495 4493 1758 4558 Quocirca
1791 4510 1893 4546 non
1926 4493 2175 4546 dicuntur

591 4588 809 4651 aniune,
843 4586 937 4639 sed
970 4588 1119 4639 circa
1155 4585 1391 4639 animam
1431 4585 1883 4650 considerantur;
1916 4585 2174 4642 fortitudo

595 4693 848 4750 tanquam
901 4679 1115 4733 habitus
1164 4680 1382 4742 auinne,
1434 4679 1594 4731 timor
1640 4688 1896 4748 tauquam
1947 4682 2175 4748 privatio

591 4775 826 4828 habitus.
859 4770 1012 4827 Sicut
1043 4771 1249 4828 sanitas
1287 4779 1340 4825 et
1399 4772 1620 4825 morbus
1653 4772 1702 4825 in
1736 4787 1961 4841 corpore
1991 4792 2003 4827 :
2035 4775 2174 4828 unde

593 4879 821 4920 necesse
841 4874 926 4920 est
949 4865 1161 4933 priores
1183 4877 1304 4918 esse
1333 4863 1547 4917 habitus
1572 4865 1987 4933 privatioulbus.
2014 4865 2172 4919 Sum-

592 4974 696 5011 nne
721 4957 881 5028 igitur
903 4957 1154 5011 amentia:
1175 4966 1323 5010 esset
1344 4956 1584 5024 cogitare
1610 4956 1710 5011 hoc
1734 4958 1786 5010 in
1811 4957 1922 5011 Deo
1949 4958 2174 5011 :distiu-

592 5048 700 5102 ctio
728 5048 869 5102 enim
904 5048 1028 5102 boui
1058 5065 1086 5101 a
1124 5047 1266 5102 malo
1303 5063 1406 5102 non
1438 5047 1598 5102 habet
1628 5046 1802 5102 locum
1836 5049 1886 5101 in
1923 5049 2049 5112 Deo,
2082 5051 2175 5103 sed

594 5141 650 5195 in
687 5139 829 5195 bono
859 5148 912 5193 et
946 5140 1086 5192 malo
1117 5143 1391 5193 actionum
1433 5141 1792 5193 humanarum
1825 5156 1839 5193 :
1876 5141 2017 5195 bono
2051 5141 2172 5210 qui-

593 5238 716 5291 dem
755 5235 808 5287 in
847 5240 1154 5287 creaturam
1187 5230 1280 5286 Del
1313 5231 1649 5302 ingrediente
1684 5231 1978 5285 secundum
2018 5231 2173 5287 [tabi-

596 5338 741 5392 tum;
781 5325 922 5379 malo
953 5339 1082 5380 vero
1116 5326 1413 5380 secundum
1455 5323 1811 5392 privationem
1853 5323 2070 5378 habitus
2107 5340 2173 5378 ex

595 5429 744 5472 motu
769 5415 952 5471 libera:
976 5415 1268 5470 voluntatis
1286 5415 1576 5468 accedente
1596 5428 1738 5482 saepe
1765 5430 1778 5466 :
1808 5412 2005 5466 bonum
2027 5414 2174 5467 enim

597 5513 652 5566 in
695 5510 907 5573 anima,
955 5518 1008 5564 et
1051 5510 1233 5564 vivere
1276 5508 1571 5563 secundum
1617 5509 1870 5562 virtutem
1921 5518 2172 5578 tanquam

595 5601 832 5674 optimus
868 5601 1087 5670 quidam
1127 5601 1363 5667 habitus,
1398 5602 1538 5656 sicut
1576 5598 1778 5655 dictum
1815 5608 1925 5663 est,
1958 5601 2176 5654 advenit

597 5699 802 5756 homini
831 5714 844 5750 :
870 5696 1030 5764 huius
1053 5711 1183 5750 vero
1213 5696 1421 5765 ignavia
1448 5709 1513 5748 ex
1542 5695 1815 5748 voluntate
1838 5703 1893 5747 et
1917 5710 1980 5746 ex
2012 5709 2174 5762 prava

595 5788 1014 5854 consuetudine,
1049 5802 1114 5841 ac
1148 5785 1560 5840 conversatione
1597 5785 1736 5837 mala
1771 5785 2173 5852 proficiscente,

600 5879 800 5936 malum
830 5889 1094 5951 tanquam
1125 5877 1357 5950 privatio
1387 5877 1603 5934 habitus
1635 5893 1775 5947 smpe
1809 5876 2025 5932 accidit.

2207 4905 2254 4963 D

2346 2182 2498 2238 ltude
2539 2184 2704 2254 igitur
2738 2196 2823 2239 est
2863 2194 2917 2239 et
2952 2184 3106 2240 valde
3140 2186 3466 2240 ineruditum
3500 2185 3682 2242 dicere
3731 2205 3869 2243 con-

2279 2279 2506 2332 trarium
2535 2280 2676 2332 bono
2697 2279 2998 2333 secundum
3025 2279 3392 2333 substantiam
3416 2290 3470 2333 et
3496 2296 3592 2349 per
3615 2295 3674 2337 se
3697 2282 3864 2346 bono,

2279 2378 2503 2442 malum,
2543 2379 2685 2433 sicut
2729 2380 3000 2432 contraria
3048 2387 3177 2432 sunt
3218 2391 3434 2432 sursum
3476 2390 3532 2434 et
3576 2382 3866 2447 deorsum;

2276 2482 2372 2526 aut
2395 2486 2518 2527 esse
2544 2472 2768 2526 omnino
2797 2470 3005 2540 aliquid
3031 2470 3366 2525 contrarium
3396 2471 3536 2525 bono
3563 2474 3866 2526 secundum

2277 2564 2660 2628 substantiam,
2692 2563 2835 2633 quod
2869 2573 2954 2617 est
2989 2562 3138 2617 solus
3174 2563 3315 2618 Deus
3344 2580 3359 2619 :
3394 2578 3553 2618 rietno
3589 2564 3734 2620 enim
3769 2567 3870 2620 Lo-

2278 2673 2400 2721 nns,
2437 2657 2538 2711 nisi
2575 2671 2714 2712 unus
2746 2655 2909 2721 Deus,
2942 2658 3067 2725 quia
3105 2656 3272 2726 ipsius
3305 2658 3503 2710 bonum
3541 2665 3747 2712 tantum
3778 2668 3867 2713 est

2277 2746 2613 2800 immutabile
2633 2789 2646 2811 ,
2681 2755 2937 2813 tanquam
2970 2745 3203 2814 primum
3235 2747 3438 2808 bonus,
3469 2757 3524 2801 et
3553 2750 3859 2802 secundum

2276 2840 2637 2893 substantiam
2669 2838 2878 2903 bonus;
2911 2854 3016 2906 qua
3051 2838 3260 2892 ratione
3291 2840 3422 2892 nihil
3453 2849 3534 2893 est
3563 2840 3612 2894 ei
3645 2849 3868 2913 contra-

2277 2933 2440 2986 rium.
2465 2933 2646 2998 Quare
2670 2932 2867 2986 malum
2895 2948 2999 2986 non
3022 2941 3107 2987 est
3129 2933 3425 2988 secundum
3450 2935 3816 2988 substantiam
3844 2951 3861 2989 :

2276 3025 2324 3080 ei
2365 3026 2509 3079 enim
2551 3027 2694 3094 quod
2738 3027 2840 3090 est,
2885 3025 3179 3095 opponitur
3217 3024 3529 3088 dividendo,
3569 3027 3709 3094 quod
3755 3042 3868 3082 non

2276 3127 2393 3183 est;
2428 3117 2568 3171 unde
2601 3133 2707 3171 non
2741 3125 2824 3172 est
2859 3117 3186 3181 substantia,
3217 3117 3361 3185 quod
3399 3133 3502 3170 non
3538 3129 3639 3171 est.
3672 3118 3730 3172 Si
3763 3133 3868 3171 au-

2277 3216 2384 3262 tem
2416 3209 2557 3278 quod
2589 3224 2694 3262 non
2726 3219 2838 3273 est,
2873 3224 2977 3263 non
3009 3217 3092 3263 est
3127 3209 3463 3274 substantia,
3490 3219 3544 3263 et
3573 3210 3871 3278 opponitur

2275 3301 2622 3363 subsmntize,
2653 3301 2978 3364 dividendo,
3010 3309 3069 3354 ut
3097 3301 3207 3365 ais,
3242 3302 3414 3365 bono,
3442 3303 3584 3372 quod
3615 3313 3698 3357 est
3727 3303 3869 3358 sub-

2276 3393 2475 3449 stantia
2499 3433 2514 3459 ,
2551 3391 2752 3448 inalum
2789 3411 2802 3448 :
2840 3393 3039 3446 malum
3078 3393 3246 3463 igitur
3279 3409 3382 3448 non
3416 3405 3499 3448 est
3531 3396 3866 3452 substantia.

2337 3484 2405 3537 δι
2441 3493 2622 3537 autem
2661 3485 2772 3538 bare
2809 3484 2889 3538 sic
2928 3483 3163 3550 habent,
3198 3493 3251 3538 et
3286 3485 3443 3538 aliter
3479 3486 3677 3537 bonum
3715 3486 3867 3553 quod

2273 3585 2354 3631 est
2396 3576 2449 3629 in
2497 3574 2626 3639 Deo,
2665 3575 3066 3638 consideratur,
3101 3575 3194 3645 qui
3240 3584 3322 3630 est
3369 3576 3567 3630 bonum
3609 3591 3638 3629 a
3682 3577 3870 3645 seipso

2274 3674 2477 3726 mutus,
2517 3672 2571 3716 et
2614 3665 2911 3716 securidum
2957 3663 3318 3718 substantiam
3363 3665 3586 3729 bonum,
3626 3674 3681 3719 et
3717 3667 3867 3735 quod

2275 3753 2510 3821 primum
2548 3752 2749 3806 bonum
2789 3752 3148 3822 intelligitur;
3187 3755 3348 3808 aliter
3381 3771 3509 3810 vero
3543 3758 3868 3812 considera--

2276 3853 2362 3920 tur
2396 3845 2448 3898 in
2495 3844 2841 3908 hominibus,
2877 3846 3019 3915 quod
3057 3862 3203 3916 smpe
3243 3849 3599 3917 privationem
3645 3850 3868 3904 habitus

2275 3936 2482 4006 preprii
2521 3936 2880 3991 voluntariam
2927 3939 3140 4007 recipit,
3177 3952 3232 3995 et
3267 3941 3468 3994 veritas
3509 3953 3591 3995 est
3632 3958 3752 3994 cum
3797 3944 3867 3997 iis

2273 4044 2394 4097 qua:
2424 4029 2506 4082 sic
2540 4027 2915 4099 intelliguntur
2942 4040 2997 4085 et
3030 4032 3288 4086 dicuntur
3335 4050 3350 4085 :
3408 4048 3586 4086 annon
3619 4045 3701 4087 est
3737 4035 3866 4088 bar-

2276 4124 2404 4174 bara
2434 4131 2489 4176 et
2518 4123 2682 4176 stulta
2711 4133 2767 4178 et
2791 4138 2858 4178 ex
2889 4124 3038 4178 omni
3068 4135 3220 4194 parte
3250 4141 3560 4196 repugnans
3586 4125 3764 4180 fabula
3792 4127 3865 4181 de

2274 4212 2484 4268 duobus
2535 4213 2850 4283 principiis,
2902 4229 3023 4284 qua:
3075 4231 3396 4272 communes
3447 4218 3700 4272 notiones
3754 4234 3863 4270 non

2275 4305 2538 4373 probant?
2564 4305 2842 4371 Quomodo
2867 4307 3010 4361 enim
3037 4323 3159 4362 esse
3187 4311 3387 4378 poterit
3413 4311 3580 4380 ἀρχὴ,
3607 4326 3723 4380 quae
3749 4326 3858 4363 non

2277 4399 2328 4451 iu
2369 4399 2624 4453 omnibus
2670 4399 3036 4468 principatum
3086 4411 3230 4456 leuet
3270 4419 3286 4458 :
3324 4402 3368 4457 si
3418 4413 3596 4456 autem
3641 4419 3863 4457 necesse

2275 4501 2379 4553 est,
2413 4501 2470 4544 ut
2499 4493 2551 4544 in
2579 4491 2832 4545 omnibus
2863 4493 3224 4561 principatum
3257 4503 3436 4547 teneat
3461 4497 3494 4564 ἡ
3525 4495 3694 4566 ἁρχὴ,
3723 4511 3860 4548 ιιιιηε

2277 4585 2425 4637 solus
2457 4583 2562 4636 erit
2599 4583 2878 4652 princeps,
2912 4589 3056 4653 quod
3093 4586 3414 4653 principium
3455 4601 3727 4639 vocamus.
3760 4583 3860 4652 lgi-

2283 4687 2368 4729 lur
2419 4677 2616 4728 malum
2669 4691 2774 4729 non
2829 4686 2912 4729 est
2965 4677 3290 4741 substantia,
3335 4681 3429 4731 sed
3482 4680 3677 4731 divina:
3727 4680 3860 4744 legis

2280 4768 2660 4834 transgressio,
2701 4779 2822 4836 Quae
2865 4783 2932 4822 ex
2975 4767 3092 4821 solo
3140 4778 3296 4823 motu‘
3336 4769 3523 4824 liberae
3568 4771 3862 4825 voluntatis

2282 4861 2494 4928 ignavis
2532 4861 3014 4914 ratiOciuatoribus
3049 4861 3281 4926 accidit,
3317 4872 3372 4915 et
3406 4862 3459 4915 in
3497 4863 3612 4916 sola
3650 4863 3861 4915 actione

2285 4969 2389 5006 non
2422 4952 2915 5020 obtemperantium
2951 4949 3051 5022 legi
3088 4951 3180 5006 Dei
3215 4954 3458 5008 cernitur
3491 4973 3505 5007 :
3541 4955 3679 5009 unde
3713 4955 3765 5008 in
3799 4969 3858 5007 ca

2285 5046 2442 5107 inest,
2473 5052 2531 5098 ut
2562 5045 2734 5114 possit
2769 5045 3039 5109 desinere,
3075 5063 3196 5099 cum
3233 5046 3458 5115 pcenitet
3488 5061 3860 5116 saepenumero

2281 5152 2396 5204 eos,
2437 5137 2531 5207 qui
2577 5137 2900 5192 maleticimn
2947 5137 3173 5202 faciunt,
3207 5146 3266 5193 et
3308 5138 3375 5190 ad
3411 5139 3666 5193 virtutem
3713 5149 3855 5194 motu

2283 5229 2575 5285 voluntatis
2617 5231 2876 5293 redeunt;
2921 5231 3062 5300 quod
3107 5231 3325 5300 quidem
3373 5231 3697 5285 documento
3741 5241 3854 5297 est,

2285 5339 2389 5379 non
2429 5339 2551 5378 esse
2589 5324 2730 5378 mala
2773 5325 3067 5380 secundum
3113 5333 3381 5376 naturam.
3417 5321 3548 5390 Qua:
3586 5323 3731 5376 enim
3770 5337 3858 5376 se-

2283 5417 2518 5473 cundum
2549 5427 2796 5471 naturam
2827 5427 2974 5481 sunt,
3005 5416 3144 5469 vinci
3175 5430 3279 5468 non
3309 5425 3555 5483 possunt.
3591 5414 3646 5466 Si
3679 5423 3855 5465 autem

2285 5509 2424 5563 mala
2463 5525 2582 5572 non
2632 5520 2758 5563 sunt
2811 5518 3041 5573 natura,
3090 5515 3144 5562 et
3197 5516 3520 5559 naturarum
3574 5507 3863 5559 fabricator

2292 5603 2429 5658 Deus
2467 5616 2585 5668 est;
2630 5619 2792 5655 unum
2835 5602 2998 5670 igitur
3031 5610 3084 5654 et
3122 5598 3294 5654 solum
3333 5601 3657 5668 principium
3699 5600 3804 5652 erit
3845 5615 3859 5650 ε

2287 5697 2427 5764 quod
2455 5695 2578 5765 quia
2613 5693 3143 5762 iucircumscriptum
3176 5702 3281 5758 est,
3310 5702 3364 5747 et
3395 5692 3595 5760 ubique
3626 5707 3748 5744 esse
3781 5693 3858 5742 iu-

2289 5788 2565 5860 telligitur,
2599 5787 2804 5844 nullum
2844 5785 3019 5844 locum
3051 5787 3142 5843 dat
3175 5784 3430 5856 nequitia:
3459 5798 3579 5854 qua:
3618 5800 3720 5838 non
3757 5790 3858 5837 est.
