4154 6556
355 399 493 478 IIIS

1414 404 1520 468 EX
1554 403 1924 467 HISTORIA
1959 401 2558 469 ECCLESIASTICA.

3482 399 3622 469 1150

353 518 608 604 quidem
635 517 896 581 Martem
923 522 1106 581 vocat
1141 521 1354 598 poeta,
1383 515 1650 579 alterum
1687 513 2024 590 Phoebum,
2067 519 2329 595 propter
2359 514 2496 594 ejus
2536 510 2775 575 scilicet
2806 510 3226 576 eruditionem
3272 559 3286 573 .

629 616 805 674 Πόθεν
823 612 956 688 ἦλθε
979 618 1169 680 Φοῖϐος
1190 616 1383 688 ἄνδρες

638 686 862 759 Κράτος
898 688 1095 760 Ἄρεος
1123 686 1433 758 κεράσσαςς

2310 614 2374 666 '0
2398 614 2456 666 δὲ
2485 611 2680 676 Φοῖϐος
2707 613 2867 675 ἄλλος
2887 614 3055 682 ἐγγὺς

2333 683 2504 738 Πάλιν
2533 683 2744 746 εἴκελος
2773 684 3012 754 φαάνθη.

353 782 550 843 Porro
591 797 670 842 ex
722 778 823 841 his
865 788 1078 841 utrum
1118 777 1417 841 alteruter
1458 776 1722 841 evaserit
1765 774 2109 840 historicus
2155 782 2348 854 atque
2393 775 2735 854 episcopus
2783 773 3220 854 Melitinensis,
3283 789 3364 834 an
3411 772 3626 852 potius

353 867 596 931 neuter,
632 857 896 920 deﬁnire
935 875 1070 937 non
1114 873 1330 937 queo:
1369 855 1489 937 sed
1533 864 1704 937 certe
1740 856 1851 919 uni
1899 873 1978 920 ex
2028 855 2127 920 his
2174 852 2556 935 Procopium
2587 852 2878 916 Gazzeum
2925 852 3262 934 scripsisse
3317 869 3477 932 quas
3507 869 3630 931 ego

356 938 525 1001 edidi
559 938 640 1019 (5)
666 937 988 1018 epistolas,
1018 935 1255 1000 vix'est
1278 935 1724 999 dubitandum.

427 1102 504 1174 (5)
537 1102 768 1160 Classic.
798 1102 910 1159 AA.
933 1112 973 1159 t.
999 1102 1088 1159 Iv.

360 1270 3022 1302 Μ

1203 1445 1970 1565 ZACHARUE
2060 1443 2781 1562 RHETORIS

1575 1665 1893 1726 EPISCOPI
1932 1665 2425 1726 MELITINENSIS

644 1851 1637 1988 HISTORUE
1767 1845 3347 2021 ECCLESIASIICKE

1482 2105 1908 2198 CAPITA
1975 2104 2490 2198 SELECTA
2657 2116 2664 2123 ’

1407 2317 1496 2364 sx
1537 2319 1762 2367 comes
1806 2315 2073 2362 svnuco
2110 2313 2424 2362 “nemo
2472 2297 2580 2380 (6).

880 2627 1109 2688 CAPUT
1146 2624 1440 2683 PRIMUM.

882 2746 959 2803 De
995 2744 1232 2801 Nestorii
1267 2744 1437 2800 abim.

443 2867 656 2925 Mortuo
688 2864 830 2921 fideli
865 2864 1112 2936 principe
1160 2861 1491 2924 Theodosio,
1528 2859 1815 2929 imperium
1858 2850 1975 2915 ob?

377 2961 544 3018 tinuit
584 2958 916 3024 Marcianus,
950 2957 1041 3024 qui
1082 2956 1322 3010 instante
1352 2951 1493 3023 apud
1535 2966 1659 3007 eum
1697 2965 1954 3006 uxorem-

373 3070 480 3125 que
523 3054 643 3124 ejus
695 3050 1039 3108 Pulcheriam
1091 3047 1274 3104 Leone
1323 3047 1590 3110 Romano,
1634 3044 1956 3116 congregari

367 3149 534 3221 jussit
558 3146 852 3219 synodum,
874 3159 997 3214 qua:
1028 3157 1223 3214 reapse
1251 3149 1440 3196 coacta
1471 3149 1558 3195 est
1588 3137 1954 3204 Chalcedone,

374 3257 520 3296 anno
543 3237 841 3296 Alexandri
882 3234 1198 3291 Macedonis
1237 3233 1364 3298 764,
1399 3232 1851 3287 convenientibus
1889 3231 1956 3285 ad

375 3349 494 3388 eam
525 3330 798 3403 episcOpis
829 3327 1116 3399 sexaginta
1147 3334 1384 3396 quatuor
1421 3339 1583 3394 supra
1614 3324 1956 3394 quingentos.

377 3424 485 3480 Sed
535 3432 715 3477 tamen
772 3417 1149 3475 Theodoretus
1211 3416 1336 3488 Cyri
1387 3414 1675 3485 episcopus
1721 3411 1959 3468 Leonem

375 3527 540 3572 antea
582 3514 960 3571 concitaverat
1011 3510 1082 3566 ad
1130 3509 1478 3565 scribendum
1525 3506 1592 3562 ad
1643 3505 1959 3560 Flavianum

375 3625 495 3664 eam
522 3606 835 3679 epistolam,
866 3619 985 3674 quae
1016 3602 1325 3674 dogmatica
1354 3600 1574 3665 dicitur,
1604 3597 1962 3670 Eutychiana:

377 3704 643 3760 doctrinae
675 3702 1079 3755 adversantem.
1115 3697 1376 3752 Scribeus
1400 3695 1584 3764 itaque
1615 3693 1746 3760 Leo,
1783 3692 1963 3748 Theo-

379 3798 626 3851 doretum
659 3791 933 3847 Marciano
953 3789 1197 3860 Augusto
1223 3788 1448 3859 ejusque
1473 3787 1691 3857 conjugi
1719 3787 1962 3856 impense

379 3883 783 3942 commendavit
825 3881 968 3951 :qui
1012 3878 1230 3951 quidem
1278 3878 1552 3948 Augustus
1587 3876 1824 3933 Nestorii
1867 3877 1963 3931 do-

1986 2625 2035 2685 Α
2062 2621 2330 2692 synodum
2378 2619 2782 2691 invitabantur,
2815 2624 2992 2696 iisque
3021 2623 3259 2682 Nestorii
3297 2636 3352 2682 et
3385 2625 3642 2683 Dorothei

2054 2715 2236 2770 obitus
2285 2715 2723 2785 significabatur.
2754 2715 2926 2772 Porro
2965 2732 3088 2772 cum
3124 2719 3361 2789 episcopi
3404 2718 3646 2790 undique

2055 2807 2266 2862 evocati
2310 2807 2582 2878 synodum
2620 2806 2834 2873 Nicaam,
2887 2818 3044 2878 prout
3088 2809 3343 2879 primitus
3381 2808 3643 2865 indictum

2058 2899 2254 2962 fuerat,
2291 2899 2621 2954 celebraturi
2673 2909 2878 2966 essent,
2934 2901 3217 2954 mandavit
3249 2908 3433 2971 postea
3473 2901 3647 2969 impe-

2060 2999 2206 3046 rator
2237 2999 2296 3045 ut
2337 2990 2680 3048 Chalcedone
2709 2993 2889 3063 potius
2932 3001 3431 3062 congregarentur;
3470 3007 3536 3047 ne
3565 2992 3646 3046 vi—

2055 3082 2257 3138 delicet
2285 3081 2569 3138 rebellium
2611 3093 2917 3140 conventus
2963 3082 3162 3139 Nimiae
3204 3084 3380 3138 fieret.
3422 3064 3646 3138 Interim

2058 3174 2295 3231 Nestorii
2339 3175 2562 3231 asseclae
2606 3174 2920 3244 imperatori
2968 3184 3379 3246 persuaserunt,
3439 3183 3500 3228 ut
3549 3187 3645 3245 sy-

2060 3268 2201 3322 nodo
2227 3282 2429 3337 pra’ses
2468 3266 2846 3322 Theodoretus
2875 3266 3268 3338 prmﬂceretur,
3305 3266 3462 3338 cujus
3492 3264 3646 3322 arbi-

2062 3359 2169 3416 trio
2195 3369 2390 3414 cuncta
2425 3358 2802 3415 dellnirentur.

2657 3472 2736 3529 De
2769 3473 3044 3528 Dioscoro.

2131 3583 2477 3656 Apostolicus
2528 3583 2618 3640 hic
2661 3583 2746 3638 vir
2783 3583 2904 3653 (9),
2963 3581 3331 3652 apostolorum
3387 3579 3651 3636 doctrina:

2062 3677 2296 3742 assecla,
2330 3677 2557 3747 ejusque
2599 3675 2921 3746 profitendae
2964 3673 3130 3728 ritum
3164 3671 3235 3726 ab
3283 3670 3508 3725 infantia
3555 3671 3650 3725 do-

2062 3781 2208 3838 ctus,
2229 3769 2362 3825 sede
2390 3783 2490 3823 sua
2523 3766 2802 3836 depositus
2833 3763 2961 3828 fuit,
2985 3772 3040 3818 et
3067 3764 3118 3818 in
3147 3761 3399 3818 exsilium
3435 3760 3650 3830 pulsus,

2063 3863 2190 3934 quia
2238 3875 2487 3933 persona
2521 3856 2786 3914 unitatem
2826 3857 2880 3911 in
2923 3855 3134 3910 duabus
3172 3853 3380 3908 naturis
3424 3853 3654 3906 adorare

379 3975 611 4032 ctrinam
643 3944 1047 4044 hauserat-(7);
1068 3969 1296 4042 ejusque
1335 3944 1679 4039 dogmatibus
1718 3967 1962 4022 adhaereo
1993 3979 2037 4034 Β
2071 3957 2271 4021 renuit,
2305 3963 2466 4044 prout
2513 3968 2543 4005 a
2573 3949 2755 4006 Leone
2788 3957 2845 4005 et
2886 3948 3192 4044 a_concilio
3225 3944 3655 4044 Chalcedonensi

379 4067 475 4122 ba:
509 4085 523 4122 ε
557 4081 728 4136 quare
771 4072 824 4119 ει
859 4034 1031 4134 ips'u'm
1076 4034 1144 4117 ἐκ
1195 4034 1637 4116 pascuo—exsilio
1671 4075 1767 4130 per
1795 4057 1961 4114 Joan-
2068 4045 2352 4101 deﬁnitum
2401 4043 2614 4108 fuerat;
2649 4052 2704 4096 et
2749 4041 2875 4110 quia
2916 4037 3245 4094 Theodoreti
3283 4034 3496 4106 Ihmque
3532 4049 3654 4103 para

382 4177 506 4217 nem
543 4161 820 4215 tribunum
877 4172 979 4211 una
1026 4170 1150 4209 cum
1181 4154 1456 4209 Dorotheo
1487 4152 1745 4206 Marciani
1788 4151 1962 4221 ipsius
2071 4152 2153 4196 les
2187 4138 2342 4208 δεεαυί
2386 4137 2584 4202 ηοιυίιν
2615 4135 2706 4207 qui
2738 4135 2807 4190 οι)
2846 4147 2974 4189 81³³1³
3009 4130 3372 4200 blil~°>llllm||ias
3401 4127 3558 4196 θῙεειῘ
3587 4127 3657 4182 ³1)

382 4255 654 4328 populari,
706 4250 943 4308 Nestorii
989 4249 1181 4314 socio,
1245 4256 1598 4303 revocaverat
1639 4245 1736 4317 (8).
1793 4245 1963 4301 Porro
2069 4232 2316 4289 Ecclesia
2383 4231 2514 4284 olim
2574 4228 2815 4285 fuerant.
2881 4227 3046 4280 Aiunt
3096 4223 3464 4286 Dioscorum,
3521 4236 3648 4276 cum

385 4316 555 4405 redux
593 4316 876 4400 Nestorius
925 4349 1169 4396 sanctam
1207 4337 1483 4408 Virginem
1520 4316 1804 4406 Deiparam
1845 4350 1963 4390 cm-
2072 4328 2478 4382 Theodoretum
2526 4323 2668 4378 haud
2701 4337 2800 4392 pro
2863 4336 3014 4375 more
3045 4327 3279 4374 stantem
3317 4316 3412 4372 sed
3459 4316 3660 4371 sedeno

386 4444 464 4513 pit
496 4442 580 4496 his
616 4438 798 4495 verbis
834 4434 1066 4490 irridere
1096 4450 1110 4486 :
1139 4432 1268 4502 quid
1313 4441 1399 4486 est
1456 4431 1666 4486 Maria?
1703 4430 1965 4487 Adhucne

2075 4428 2183 4472 tem
2216 4418 2269 4471 in
2314 4415 2550 4470 concilio
2576 4415 2721 4484 loqui
2753 4413 3012 4477 vidisset;
3043 4410 3200 4465 venia
3247 4409 3436 4479 petita,
3479 4416 3533 4462 et
3560 4420 3660 4460 ceu

387 4501 558 4589 ilater
590 4531 681 4586 Dei
731 4527 997 4584 vocatur?
1045 4501 1276 4594 Moxque
1323 4525 1372 4579 ei
1421 4539 1579 4592 poena
1627 4523 1719 4577 Dei
1767 4521 1963 4576 vindex
2076 4512 2193 4582 ipse
2223 4508 2490 4566 canonice
2529 4508 2596 4562 de
2627 4505 2796 4576 gradu
2825 4502 3150 4559 sacerdotali
3183 4501 3463 4570 depositus
3491 4507 3661 4561 esset,

387 4621 719 4693 supervenit,
769 4617 934 4673 veluti
989 4615 1117 4671 olim
1171 4590 1325 4679 Ario,
1377 4590 1468 4684 qui
1521 4614 1572 4667 in
1623 4614 1716 4668 Dei
1772 4612 1968 4667 Filium
2079 4607 2339 4658 thronum
2368 4614 2527 4657 suum
2555 4597 2866 4654 deseruisse
2902 4597 3170 4650 dicentem
3201 4594 3360 4648 :Non
3394 4590 3504 4645 aedi
3543 4605 3662 4644 cum

392 4715 737 4784 blasphemus
767 4711 908 4765 fuit:
960 4707 1162 4764 etenim
1204 4706 1450 4774 jumento
1497 4705 1741 4776 dejectus
1786 4704 1973 4759 Nesto-

391 4807 526 4870 rius,
564 4804 784 4859 concisa
827 4801 1030 4870 lingua,
1075 4807 1241 4868 atque
1288 4810 1385 4851 ore
1427 4794 1706 4850 vermibus
1749 4796 1969 4862 abroso,

394 4899 448 4953 in
487 4899 681 4953 itinere
712 4895 1021 4950 exstinctus
1066 4900 1336 4958 est;cum
1380 4904 1554 4959 eoque
1601 4887 1763 4943 simul
1805 4887 1975 4943 Doro~

399 4995 554 5046 theus
598 4992 776 5046 socius
823 4989 959 5043 obiit
992 5004 1007 5041 :
1035 4986 1233 5056 quibus
1278 4985 1500 5047 auditis,
1534 4981 1706 5036 doluit
1748 4981 1976 5050 impera-

401 5092 509 5147 tor,
545 5095 718 5151 ueque
746 5081 884 5135 hanc
914 5094 1028 5134 rem
1054 5079 1175 5133 sine
1213 5076 1524 5146 suspicione
1551 5083 1604 5128 et
1633 5090 1763 5128 cura
1798 5083 1976 5128 trans-

400 5176 572 5231 misit.
599 5174 820 5229 lnterim
849 5171 1084 5236 Joannes
1112 5171 1360 5228 tribunus
1388 5171 1601 5226 litteras
1632 5169 1977 5238 imperatoris

401 5267 662 5323 Marciani
700 5261 1055 5324 Dioscoro'et
1083 5263 1333 5320 Juvenali
1383 5262 1626 5328 tradidit,
1664 5262 1862 5334 quibus
1909 5263 1979 5318 ad

479 5431 556 5502 (6)
585 5429 695 5484 llas
725 5427 934 5485 nobiles
961 5429 1246 5502 Zachariae
1270 5428 1514 5502 historici
1553 5432 1757 5495 partes,
1790 5425 1984 5502 Crxece

407 5496 732 5556 ah‘a'uctore
752 5515 850 5555 suo
877 5502 1130 5568 scriptas,
1163 5499 1358 5552 deinde
1394 5499 1463 5554 ab
1505 5510 1779 5568 anonymo
1808 5496 1984 5551 factas

411 5573 687 5643 Syriacas,
718 5571 845 5624 mihi
873 5566 1344 5643 Lati—nescribenti
1383 5566 1891 5643 interpretabantur
1918 5581 1985 5621 ex

415 5634 644 5713 Syriaco
674 5634 932 5713 idiqmate
956 5640 1202 5713 perdocti
1231 5640 1342 5713 duo
1382 5634 1660 5694 Maronitae
1704 5634 1987 5692 Matthaaus

412 5710 651 5768 Séiuhan
674 5724 731 5768 et
757 5710 1083 5767 FranciScus
1105 5710 1379 5765 Mehaseb.

482 5786 560 5853 (7)
599 5783 860 5840 Nimirum
892 5782 1233 5852 liutychiani,
1267 5795 1498 5853 quorum
1540 5779 1593 5834 in
1626 5795 1858 5853 numero
1886 5778 1987 5832 fuit

409 5850 726 5926 Zacharias,
765 5850 1084 5912 orthodoxis
1116 5853 1403 5910 catholicis
1450 5850 1863 5908 Nestorianismi
1892 5864 1983 5904 ca-

2080 4697 2281 4764 impiis,
2321 4711 2485 4765 neque
2514 4708 2634 4746 cum
2677 4689 2853 4745 stultis
2886 4690 3154 4758 ingressus
3204 4701 3343 4741 sum.
3379 4684 3496 4750 Quo
3527 4681 3662 4745 viso,

2080 4787 2409 4843 Theodoreti
2481 4786 2722 4840 fautores
2795 4782 2975 4852 ipsum
3049 4780 3272 4836 sibimet
3338 4776 3663 4848 dignitatem

2082 4885 2379 4953 abrogasse
2424 4880 2873 4935 exclamaverunt
2910 4895 2925 4931 :
2959 4874 3156 4945 reliqui
3189 4883 3381 4927 contra
3422 4866 3665 4940 episcopi

2084 4974 2530 5030 vociferabantur
2563 4973 2726 5028 fidem
2762 4968 3170 5040 pessumdatum
3211 4966 3300 5030 iri,
3339 4964 3384 5020 si
3418 4961 3667 5017 Theodo-

2093 5077 2242 5124 retus
2276 5065 2632 5127 Nestorianus
2654 5063 3056 5129 admitteretur,
3078 5060 3217 5129 quod
3245 5058 3465 5129 perinde
3499 5064 3665 5120 esset,

2085 5177 2150 5218 ac
2196 5161 2241 5218 si
2290 5175 2392 5216 nos
2423 5173 2637 5229 quoque
2670 5155 2930 5230 Cyrillum
2964 5154 3331 5224 rejicercmus.
3373 5150 3442 5204 Et
3481 5147 3670 5218 paucis

2093 5255 2410 5327 interjectis.
2436 5254 2730 5328 Postquam
2772 5247 3080 5324 symbolum
3126 5247 3193 5302 de
3219 5244 3430 5301 duabus
3455 5242 3669 5298 naturis

2091 5420 2354 5478 lumniam
2386 5417 2729 5487 aﬂingebant.
2806 5485 2840 5488 _
2918 5483 2930 5488 _
3021 5482 3034 5488 _
3147 5480 3160 5488 _
3378 5475 3420 5488 κ
3558 5475 3570 5488 ,

2158 5475 2234 5563 (78)
2285 5475 2545 5563 Legebat'
2587 5489 2730 5563 hunc
2768 5482 3086 5563 _Zachariaa
3126 5480 3321 5563 _locum
3378 5475 3664 5563 Evagrius,

2158 5507 2234 5563 (δ)
2285 5507 2523 5611 Lefenat
2587 5507 2730 5541 nunc
2807 5507 3086 5539 harenaria:
3149 5507 3321 5536 IUL'IIIII
3381 5507 3664 5559 Dzilsllua.

2088 5563 2234 5617 Hist.
2269 5577 2413 5637 ecc_._
2437 5559 2540 5637 hb._
2568 5573 2628 5621 ιι,
2656 5557 2731 5637 2.:
2768 5553 3045 5637 Zetxapia;
3085 5551 3184 5637 μὲγ
3227 5547 3672 5637 ἐμπαριιξς-ῥ-ξῇί

2084 5651 2205 5705 τωρ
2237 5631 2333 5705 καὶ
2366 5628 2664 5705 Νεστόριογ
2694 5627 2759 5679 ὲκ
2927 5621 3240 5705 Ἵρπερὸρίας
3280 5621 3673 5692 μετάπεμπτον

2085 5693 2346 5774 γεῦἑσεέριι
2379 5693 2698 5774 wit???“
2733 5693 2996 5774 °_°V°®?.)-
3054 5693 3063 5695 ἡ
3120 5693 3126 5694 ί
3244 5762 3258 5774 .

2161 5774 2238 5844 (9)
2268 5759 2564 5829 Zacharias
2588 5759 2875 5826 haereticus
2899 5759 3214 5822 Dioscorum
3244 5760 3428 5818 laudat
3450 5759 3666 5812 haereti-

2083 5861 2227 5902 cum.
