4154 6550
3179 294 3212 317 ‘D

533 381 670 464 [151
1553 387 1954 456 ZACHARIE
1993 387 2102 448 Ml":

2207 384 2425 446 gENES
2465 383 2806 446 EPISCOPI
3665 375 3803 442 1-152

529 500 770 570 episcopi
817 509 1156 568 receperunt,
1200 500 1360 571 eique
1409 517 1696 558 assensum
1756 519 1914 558 suum
1969 519 2109 570 pm-
2140 504 2188 558 Α
2215 500 2342 555 illuc
2376 515 2499 555 cum
2547 497 2809 553 Dioscoro
2854 493 3008 551 socio
3036 500 3384 565 progressus,
3422 490 3514 547 diu
3555 505 3656 562 pro
3698 492 3804 546 fide

533 590 762 644 buerunt
786 630 801 654 ,
832 590 1074 644 fraudem
1103 594 1375 662 propriam
1405 595 1578 663 palam
1608 593 1989 649 Theudorctus
2022 593 2106 647 fa-

530 699 654 736 cere
684 683 869 752 cwpit,
910 684 1145 740 irridens
1189 686 1309 741 illos
1345 696 1509 756 atque
1543 688 1915 751 subsannans;
1946 686 2105 749 llem,

527 774 802 844 inquiens,
828 773 1134 830 Nestoriani
1156 777 1428 846 dogmatis
1450 794 1674 833 succum
1699 779 1779 833 eis
1796 780 2105 850 propinavi,

531 876 855 938 gratumque
907 869 1137 924 reddidi.
1183 870 1451 924 Cancrum
1497 870 1780 926 confessor
1821 873 2110 928 Dioscorus

530 955 746 1025 (larigra
782 959 846 1010 ad
881 957 1239 1012 habitandum
1279 971 1535 1015 extrnsus
1566 970 1669 1015 est.
1699 959 1978 1016 iuvenalis
2013 977 2110 1016 au-

529 1053 663 1110 tem,
700 1048 792 1115 qui
838 1063 1021 1103 secum
1056 1050 1254 1118 fueral,
1292 1053 1449 1105 fidem
1489 1053 1727 1122 negavit,
1768 1055 2110 1123 postpositis-

529 1155 636 1206 que
671 1141 1146 1208 promissionihns,
1177 1158 1312 1211 quas
1346 1157 1530 1196 coram
1557 1144 1768 1197 civibus
1796 1144 2109 1214 Hierosoly-

529 1230 752 1286 mitanis
805 1234 1028 1298 l'cccrat,
1099 1231 1560 1290 Chalcedonensis
1624 1237 1814 1305 synodi
1887 1238 2106 1291 decreta

527 1321 810 1400 amplesus
847 1334 953 1389 est,
988 1324 1064 1378 uti
1091 1325 1351 1396 deinceps
1387 1327 1611 1396 patebit.

1177 1463 1334 1518 CAP.
1377 1461 1438 1518 ll.

529 1564 608 1622 De
657 1565 897 1622 Proterr’o
953 1570 1007 1624 in
1067 1571 1265 1696 ιοεαηᾶ.
1300 1572 1542 1628 Dioscori
1613 1575 1959 1632 Alexandria!
2014 1595 2105 1632 or-

1247 1653 1412 1696 malo.

1247 1653 1412 1698 titulo.

595 1773 857 1833 Dioscoro
905 1778 958 1832 in
1005 1779 1376 1835 Alexandrina
1415 1781 1543 1837 sede
1583 1782 1862 1841 Proterius
1905 1787 2108 1841 suiiici-

2218 591 2447 647 certavit
2478 608 2493 644 :
2532 599 2812 660 posuemo
2843 598 3046 652 tamen,
3086 585 3407 656 urgentibus
3439 582 3654 653 imperii
3700 598 3797 638 ne-

2217 683 2584 747 cessitatibus,
2632 682 2965 750 imperatore
2997 679 3116 749 ipso
3164 676 3302 732 mire
3336 674 3592 730 adulante
3635 683 3800 741 atque

2220 775 2551 841 blandiente,
2580 774 2778 844 quippe
2806 772 2897 841 qui
2929 768 3200 842 episcopis
3235 782 3399 822 manu
3431 765 3650 836 propria
3691 765 3798 818 ini-

2218 869 2486 922 nistrahat
2519 868 2586 920 ad
2613 881 2877 930 mensam,
2912 865 3128 935 aliaque
3158 862 3352 917 edebat
3382 859 3607 916 demissi
3639 874 3797 914 reve-

2219 960 2498 1028 rentisque
2550 957 2717 1012 anitni
2769 955 3006 1019 indicia;
3069 964 3292 1023 accepta
3339 954 3557 1007 demum
3613 951 3681 1005 ab
3730 964 3796 1005 eo

2217 1053 2577 1122 promissione
2600 1052 2666 1106 de
2715 1050 3070 1120 subjiciendis
3113 1049 3287 1104 tribus
3317 1046 3616 1102 Palaestina:
3652 1045 3794 1100 sedi-

2215 1143 2316 1198 bus
2374 1143 2566 1198 honori
2627 1144 2904 1198 cathedrae
2980 1141 3532 1211 llierosolymitanae;
3597 1138 3794 1192 mentis

2213 1233 2398 1288 oculos
2441 1231 2544 1288 sibi
2583 1231 2877 1295 obstruxit,
2909 1230 3082 1286 solum
3119 1227 3364 1284 destituit
3399 1226 3452 1281 in
3495 1223 3798 1280 certamine

2216 1323 2562 1387 Dioscorum,
2617 1331 2674 1376 et
2719 1320 3158 1376 adversariorum
3208 1319 3260 1371 in
3313 1327 3497 1386 partes
3555 1313 3790 1378 transiit,

2213 1426 2504 1484 spretoque
2549 1413 2642 1468 Dei
2680 1412 3056 1483 jurejurando,
3104 1425 3226 1464 cum
3274 1407 3486 1462 caneris
3524 1396 3793 1475 episcopis

2213 1508 2564 1562 subscribere
2590 1520 2782 1576 passus
2812 1512 2917 1559 est.
2945 1503 3025 1558 Re
3052 1502 3267 1572 cognita
3298 1499 3639 1555 Theodosius
3675 1513 3791 1552 mo-

2215 1595 2422 1648 nachus
2461 1593 2690 1666 ejusque
2723 1593 2880 1659 socii,
2913 1593 3004 1663 qui
3036 1601 3156 1646 acta
3189 1590 3380 1662 synodi
3410 1589 3654 1645 studiose
3688 1590 3790 1644 ob-

2214 1683 2524 1748 servabant,
2561 1682 2852 1740 confestim
2886 1683 2941 1737 i'n
2979 1681 3322 1736 Palaestinam
3371 1679 3574 1735 reversi
3603 1678 3790 1749 prndi-

2215 1785 2325 1830 tam
2373 1775 2530 1831 fidem
2580 1774 2967 1845 Hierosolyma:
3014 1772 3421 1836 nuntiaverunt,
3459 1781 3788 1841 coactosque

529 1879 639 1935 tur,
670 1872 758 1942 qui
783 1874 1066 1944 presbyter
1104 1890 1226 1930 cum
1256 1889 1320 1930 eo
1354 1876 1550 1930 fuerat.
1589 1876 1686 1932 llic
1725 1879 1955 1947 primum
1985 1879 2104 1948 qui-
2141 1873 2181 1927 Β
2213 1870 2513 1924 monachos
2550 1867 2616 1924 de
2645 1883 2703 1923 re
2732 1876 2845 1923 tota
2874 1865 3141 1922 certiores
3169 1864 3437 1920 fecerunt.

521 1963 648 2017 dem
711 1965 1065 2022 vehementer
1137 1969 1345 2038 synodo
1407 1970 1851 2037 adversabatur;
1923 1987 2108 2026 verum

522 2063 713 2121 postea
745 2065 803 2108 ut
834 2057 1083 2112 thronum
1117 2058 1220 2113 sibi
1266 2071 1575 2129 usurparet,
1607 2062 1782 2117 factus
1805 2072 1909 2130 est,
1939 2065 2108 2120 γιτιιιιί

524 2145 691 2202 .lndas
726 2148 996 2217 magistri,
1037 2158 1093 2205 et
1138 2150 1303 2205 veluti
1341 2153 1585 2220 parentis
1631 2153 1895 2222 Absalon,
1935 2160 2111 2226 prodi-

519 2246 627 2292 tor.
668 2238 786 2293 Mox
841 2241 1053 2310 rapacis
1101 2242 1207 2298 ritu
1260 2243 1432 2300 leonis
1486 2245 1538 2300 in
1589 2262 1753 2317 grege
1792 2264 1895 2303 suo
1937 2262 2110 2308 semet

520 2331 760 2384 ostendit
795 2345 808 2384 :
839 2332 1041 2386 ctenim
1073 2333 1240 2404 cmpit
1281 2335 1477 2391 multos
1527 2336 1748 2405 injuriis
1788 2337 2000 2396 adicere
2034 2352 2109 2396 at-

520 2436 627 2489 que
667 2423 999 2491 opprimere,
1033 2435 1093 2478 ut
1121 2426 1276 2480 inviti
1308 2426 1360 2480 in
1402 2428 1730 2483 sententiam
1761 2446 1912 2484 suam
1943 2432 2103 2496 irent,
2163 2487 2166 2489 _

516 2528 721 2584 eosque
750 2515 944 2571 exsilio
973 2528 1028 2572 et
1062 2519 1331 2573 bonorum
1373 2519 1775 2591 proscriptione
1840 2522 2107 2578 multabat

516 2619 616 2672 per
654 2605 842 2661 civiles
881 2607 1171 2676 praefectos
1223 2611 1316 2680 qui
1367 2612 1417 2666 ci
1453 2612 1522 2667 de
1567 2614 1826 2668 mandato
1869 2613 2105 2671 Caesaris

514 2697 740 2752 ohnoxii
784 2707 962 2754 erant.
999 2699 1364 2767 Quamobrem
1411 2702 1713 2774 presbyteri
1755 2719 1818 2760 ac
1851 2707 2103 2763 monachi

519 2790 808 2860 populique
840 2805 964 2860 pars
1004 2792 1242 2847 maxima
1293 2793 1612 2863 religionem
1655 2807 1969 2869 corruptam
2023 2816 2105 2856 re-

518 2892 797 2949 putantes,
819 2892 872 2938 et
905 2883 1146 2954 iniquam
1180 2884 1426 2943 Dioscori
1451 2887 1873 2958 depositionem,
1907 2890 2104 2947 Prote-

512 2975 693 3045 riique
715 2977 996 3032 audaciam
1023 2987 1076 3033 et
1104 2978 1532 3050 improbitatem,
1560 2996 1834 3038 consensu
1873 2985 2016 3040 inter
2039 3002 2102 3043 se

515 3067 654 3121 inito
686 3067 756 3123 ab
797 3083 862 3124 eo
916 3081 1296 3138 secesserunt;
1345 3083 1740 3144 coeperuntque
1781 3076 2097 3133 Dioscornm

513 3156 880 3227 proclamare,
912 3158 1138 3230 ejusque
1167 3176 1366 3217 nomen
1415 3173 1674 3233 tanquam
1707 3166 1860 3236 probi
1893 3166 2099 3223 fidelis-

513 3265 620 3318 qne
654 3250 745 3307 Dci
785 3253 1090 3308 sacerdotis
1133 3254 1274 3309 libro
1311 3255 1436 3311 vitae
1483 3255 1902 3328 inscripserunt.
1943 3260 2098 3327 Quod

511 3344 734 3415 indigne
760 3345 1049 3400 admodum
1093 3347 1274 3402 ferens
1301 3346 1604 3416 Proterius,
1634 3366 1857 3406 munera
1893 3351 2096 3409 Roma-

511 3437 601 3492 nis
631 3436 846 3504 obtulit,
882 3453 1180 3508 eormnque
1208 3453 1361 3493 arma
1414 3450 1608 3495 contra
1639 3442 1900 3512 p0pulum
1944 3459 2097 3500 com-

512 3531 706 3595 movit,
736 3532 1183 3601 interemptorum
1217 3533 1485 3604 sanguine
1525 3549 1719 3589 manus
1747 3550 1876 3591 suas
1900 3553 2098 3594 cruen-

513 3634 639 3680 tans
669 3641 682 3679 :
716 3624 822 3678 vim
861 3625 1005 3680 enim
1037 3625 1310 3696 publicam
1345 3625 1550 3694 intulit,
1599 3643 1701 3683 nec
1747 3630 1868 3685 sine
1903 3631 2098 3686 nmlto~

509 3730 634 3768 rum
679 3715 827 3770 caede
858 3726 1154 3786 pugnatum
1188 3725 1272 3772 cst
1313 3717 1454 3787 apud
1488 3716 1684 3771 altaria
1734 3728 1790 3773 et
1826 3721 2094 3792 baptiste-

510 3807 676 3873 rium,
702 3807 771 3864 ad
799 3822 922 3878 quae
949 3809 1220 3879 supplices
1243 3808 1606 3879 confugerant
1632 3809 1770 3882 (10).

1167 3942 1323 4000 CAP.
1363 3943 1455 4000 ΙΙΙ.

858 4059 931 4116 De
958 4058 1204 4115 Juvenali
1240 4067 1394 4130 atque
1434 4059 1752 4117 Theodosio.

582 4170 766 4236 Paria,
808 4169 919 4225 imo
960 4171 1236 4241 graviora,
1273 4171 1478 4227 scelera
1520 4172 1574 4225 in
1619 4171 1906 4227 Palaestina
1953 4173 2098 4229 acci-

511 4266 732 4330 derunt,
763 4279 995 4334 quorum
1022 4277 1187 4317 causa
1219 4264 1356 4318 haec.
1392 4263 1512 4328 Quo
1546 4272 1792 4333 tempore
1817 4265 2097 4324 Juvenalis

511 4358 910 4415 Chalcedonem
942 4366 1199 4412 evocatus
1237 4366 1342 4418 est.
1371 4371 1496 4411 cum
1540 4373 1572 4412 e
1595 4356 1804 4414 Joanne
1843 4359 2088 4428 tribuno,

507 4450 859 4521 imperatoris
907 4449 1242 4504 voluntatem
1303 4447 1722 4521 Nestoriumque
1784 4452 1854 4507 ab
1901 4453 2096 4509 exsilio

2285 1951 2520 2015 Proinde
2570 1973 2761 2016 omnes
2806 1958 3034 2015 consilio
3078 1959 3211 2012 inito
3260 1955 3505 2012 redeunti
3546 1951 3790 2010 iuvenali

2211 2063 2585 2121 occurrentes,
2635 2053 2700 2109 de
2747 2052 3030 2122 promissis
3068 2051 3226 2106 factis
3271 2060 3326 2106 ct
3374 2058 3561 2120 postea
3604 2047 3792 2101 fractis

2213 2149 2628 2213 admonuerunt,
2662 2147 2728 2201 ab
2770 2162 2944 2216 eoque
2975 2155 3033 2201 ut
3086 2163 3172 2200 res
3219 2157 3402 2212 gestas
3441 2144 3792 2199 anathemate

2213 2239 2562 2308 improbaret,
2597 2239 3017 2309 expostularunt
3052 2256 3065 2292 :
3097 2239 3296 2308 quibus
3326 2238 3441 2308 ipse
3470 2236 3618 2291 velut
3648 2235 3793 2288 alter

2210 2327 2416 2386 Pilatus
2473 2333 2545 2385 ait
2591 2332 2794 2398 :Quod
2859 2332 3045 2399 scripsi
3096 2331 3330 2399 scripsi‘
3381 2347 3394 2386 :
3439 2343 3546 2398 quo
3603 2327 3792 2380 audito

2210 2426 2482 2490 monachi,
2517 2442 2578 2482 se
2626 2427 2849 2482 minime
2890 2441 3014 2481 eum
3070 2436 3401 2494 recepturos,
3451 2422 3790 2492 quandoqui-

2208 2517 2329 2571 dem
2365 2518 2744 2586 jusjurandum
2783 2520 3286 2588 promissionesque
3329 2515 3579 2584 fregisset
3608 2523 3791 2584 prote-

2207 2609 2333 2664 slatl
2380 2618 2526 2663 sunt.
2575 2611 2668 2665 Sic
2710 2625 2840 2681 ergo
2871 2611 2986 2680 ipse
3015 2611 3232 2679 quidem
3281 2610 3348 2665 ad
3400 2609 3789 2677 imperatorem

2208 2701 2542 2772 regreditur;
2574 2702 2629 2757 hi
2656 2718 2786 2757 vero
2817 2702 3253 2774 Hierosolymam
3291 2700 3495 2757 reversi
3529 2699 3784 2770 pupulum

2199 2803 2260 2848 et
2311 2809 2534 2847 suarum
2580 2795 2818 2864 partium
2863 2795 3153 2864 episc0pos
3205 2800 3648 2848 convocaverunt
3697 2805 3790 2846 ca-

2204 2887 2382 2959 piendi
2415 2887 2630 2942 consilii
2670 2903 2862 2953 causa,
2898 2898 3060 2957 atque
3094 2887 3262 2941 alium
3296 2887 3603 2954 episcopum
3623 2881 3789 2937 Juve-

2204 2978 2310 3034 nali
2339 2978 2776 3036 subslituendum
2802 2981 3164 3036 decreverunt
3188 2999 3200 3033 :
3231 2979 3520 3048 habituque
3551 2975 3786 3045 primum

2204 3072 2593 3129 deliberatione
2623 3072 2769 3127 circa
2807 3071 2943 3127 duos
2978 3073 3316 3127 verecundos
3345 3068 3645 3123 monachos
3682 3067 3792 3120 ito-

2203 3181 2422 3220 manum
2472 3176 2640 3235 atque
2691 3165 3051 3229 Marcianum,
3086 3163 3332 3230 aliosque
3373 3161 3551 3215 claros
3586 3160 3792 3214 virtute

2204 3259 2474 3322 homines,
2510 3256 2766 3328 suffragia
2795 3259 3011 3312 tandem
3040 3258 3106 3311 ad
3138 3256 3504 3312 Theodosium
3539 3255 3788 3310 contule-

2204 3362 2353 3417 runt,
2391 3351 2679 3419 praeditum
2718 3350 2836 3405 zelo
2865 3351 3061 3414 virum,
3097 3360 3152 3405 et
3185 3366 3283 3419 pro
3313 3349 3418 3404 fide
3451 3349 3658 3419 jamdiu
3686 3349 3783 3401 de-

2199 3455 2523 3500 certantem.
2583 3443 2739 3499 Hunc
2791 3443 2958 3513 igitur
3016 3445 3083 3499 ad
3137 3445 3508 3514 episcopatum
3567 3441 3617 3494 vi
3667 3455 3791 3509 per-

2202 3546 2505 3601 traxerunt,
2532 3537 2747 3606 rejectis
2773 3534 3025 3607 precibus
3080 3533 3195 3602 cjus
3228 3544 3394 3604 atque
3430 3531 3790 3603 adjurationi-

2199 3627 2321 3694 bus,
2352 3627 2550 3696 quibus
2582 3626 2783 3681 orabat
2827 3636 2886 3681 ut
2916 3642 2975 3681 se
3009 3627 3318 3680 ministrmn
3356 3625 3533 3696 potius
3564 3625 3788 3680 alterius

2199 3717 2431 3786 eligendi
2483 3731 2608 3771 esse
2650 3717 2933 3785 sinerent;
2990 3728 3484 3786 consecratuntque
3542 3715 3596 3769 in
3657 3715 3789 3770 sede

2199 3809 2623 3864 collocaverunt.
2653 3807 2764 3864 Hac
2793 3820 3017 3878 accepta
3064 3809 3278 3873 notitia,
3318 3809 3440 3864 alia:
3483 3809 3786 3863 Palaestina:

2199 3901 2361 3954 urbes
2410 3899 2713 3954 offerebant
2754 3901 2802 3954 ei
2849 3901 3172 3957 candidatos
3224 3902 3289 3954 ad
3334 3899 3627 3955 sacerdotii
3660 3898 3773 3952 olli-

2203 3991 2355 4045 cinm
2406 3993 2829 4058 consecrandos,
2865 3993 2994 4063 quia
3036 3991 3285 4047 videlicet
3332 3988 3567 4046 hominis
3615 3989 3786 4044 virtu-

2201 4095 2307 4140 tem
2335 4084 2690 4157 veritatisque
2726 4086 2906 4142 zelum
2940 4096 3279 4158 compertum
3322 4084 3612 4139 habebant.

2843 4216 2997 4272 CAP.
3041 4215 3129 4272 IV.

2745 4329 2821 4386 De
2851 4328 3012 4386 Petro
3053 4328 3230 4384 Ibero.

2267 4466 2323 4521 in
2363 4467 2446 4523 his
2474 4468 2595 4524 novi
2627 4468 2870 4540 episcopi
2903 4467 3334 4524 admiratoribus
3366 4467 3563 4524 Petrus
3595 4467 3779 4523 [herus

506 4552 827 4599 revocatum
857 4541 1064 4597 obiisse
1099 4542 1482 4612 cognovisset;
1530 4541 1666 4597 satis
1693 4552 1960 4614 prieterea
2000 4561 2092 4602 ex-

2207 4568 2342 4625 erat,
2378 4570 2489 4615 toto
2534 4562 2665 4617 orbe
2709 4561 2917 4629 clarus,
2968 4561 3054 4617 vir
3092 4563 3447 4630 consiliosus,
3475 4561 3780 4618 Theodosio

503 4635 780 4706 ploratum
828 4634 1033 4689 habens
1062 4649 1225 4704 quant
1273 4635 1446 4706 turpis
1485 4634 1730 4690 doctrina
1774 4636 1829 4690 in
1870 4635 2097 4707 dogma-

505 4733 620 4783 .tica
679 4727 907 4800 cpistola
955 4728 1369 4798 contineretur,
1423 4730 1623 4801 quippe
1676 4745 1797 4800 qua:
1842 4727 2093 4788 Nestorio

507 4837 738 4892 prorsus
766 4823 1014 4897 favebat;
1043 4820 1211 4887 clero,
1249 4823 1554 4889 monachis,
1586 4823 1890 4895 populoque
1917 4827 2092 4880 advo-

513 4921 655 4976 cato,
689 4912 935 4971 fraudem
975 4915 1246 4987 ejusmodi
1281 4917 1540 4973 doctrina:
1573 4918 1810 4987 aperuit,
1862 4934 2095 4990 eamque

510 5006 1018 5072 auathematizavit,
1072 5011 1396 5080 animosque
1444 5011 1807 5081 plurimorum
1858 5013 1910 5068 in
1965 5028 2095 5069 vera

507 5097 621 5149 (ide
661 5095 942 5153 ﬁrmavit:
978 5099 1311 5171 insuperque
1347 5103 1645 5167 mandavit,
1684 5110 1744 5156 ut
1785 5102 1830 5158 si
1866 5103 2097 5173 ipsemet

509 5190 838 5244 sententiam
862 5189 916 5245 in
947 5193 1154 5262 synodo
1178 5191 1470 5263 aliquando
1498 5200 1782 5259 mutasset,
1814 5209 2095 5264 nunquam

511 5296 574 5336 se
611 5282 868 5355 deinceps
897 5283 967 5339 ad
1000 5287 1441 5344 communionem
1475 5284 1850 5342 admitterent.
1883 5285 2098 5359 “eapse

587 5460 604 5492 ⁸
633 5459 796 5516 Joan.
829 5475 946 5528 XIX,
981 5461 1076 5517 22.

577 5622 691 5696 (l0)
731 5621 1014 5696 Evagrius,
1040 5621 1190 5696 _llist.
1211 5623 1346 5696 coci.
1378 5625 1548 5696 ",8:
1584 5623 1676 5696 Τῷ
1707 5625 1954 5694 μέντοιγε
1979 5627 2086 5679 Ζα-

509 5695 679 5767 χᾳιρξᾳ
707 5694 775 5747 τὰ
805 5693 935 5767 περὶ
963 5692 1167 5767 totiter:
1207 5694 1545 5767 διηγουμένῳ
1575 5692 1726 5750 δοὶιεῖ
1769 5692 2088 5767 πεπρᾶχθαι

513 5763 615 5838 μὲν
643 5763 712 5819 ἑὰ
744 5763 952 5838 τούτων
979 5764 1173 5838 πλείῳ,
1224 5763 1284 5838 ἐξ
1315 5765 1494 5838 alsia;
1518 5763 1590 5820 ’δὲ
1639 5763 2086 5838 Ιιροτερίόυ,”με-

514 5835 707 5904 πίστεις
746 5836 990 5910 ταραχὰς
1037 5839 1102 5907 τῇ
1146 5835 1492 5905 Ἀλεξάνδρου
1535 5835 1952 5910 ὲμποίήσαύτος·
1992 5835 2092 5890 οὐκ

2204 4649 2330 4705 olim
2365 4649 2528 4706 obses
2553 4651 2737 4716 datus,
2769 4651 2930 4721 eique
2966 4659 3019 4707 et
3064 4651 3278 4722 conjngi
3315 4650 3487 4721 ipsius
3519 4650 3782 4706 charissi—

2203 4759 2324 4798 mus
2357 4752 2577 4813 propter
2625 4753 2802 4798 actam
2837 4754 2982 4800 recte
3022 4745 3228 4812 vitam;
3274 4759 3510 4813 namque
3563 4745 3614 4798 in
3662 4745 3781 4798 aula

2205 4832 2350 4902 regia
2385 4833 2652 4889 educatus
2689 4833 2891 4901 fuerat,
2928 4843 2984 4889 ct
3036 4833 3286 4905 magistri
3333 4835 3578 4905 equitnm
3609 4833 3782 4900 digni-

2203 4935 2371 4981 tatem
2411 4926 2465 4982 in
2499 4927 2725 4996 imperio
2767 4940 3050 4982 assecutus
3092 4935 3233 4980 erat.
3274 4925 3324 4980 is
3368 4926 3565 4980 deinde
3599 4926 3780 4980 relicta

2200 5017 2344 5082 aula,
2372 5017 2746 5072 Christianam
2788 5017 3184 5087 professionem
3220 5017 3501 5086 amplexus
3539 5025 3621 5071 est
3658 5031 3779 5070 cum

2203 5108 2346 5163 fideli
2391 5108 2608 5178 patrino
2635 5123 2757 5173 suo,
2806 5125 2836 5162 a
2868 5123 2977 5178 quo
3009 5111 3075 5163 de
3111 5108 3263 5163 fonte
3311 5107 3542 5176 Spiritali
3576 5105 3781 5160 levatus

2202 5196 2378 5253 fuerat
2410 5217 2424 5254 :
2459 5198 2624 5256 ambo
2661 5201 2842 5270 itaque
2886 5201 2939 5255 in
2979 5200 3122 5253 viam
3161 5200 3382 5254 virtutis
3414 5197 3570 5252 valde
3593 5211 3780 5268 prove-

2201 5290 2276 5346 cti
2315 5301 2460 5360 sunt,
2498 5291 2571 5347 ita
2610 5300 2672 5348 ut
2706 5292 2972 5349 miracula
3019 5294 3182 5348 etiam
3221 5292 3360 5346 Deus
3392 5289 3780 5345 Constantino-

2194 5629 2259 5681 ἐκ
2280 5627 2372 5680 τοῦ
2394 5627 2566 5698 δήμου
2590 5626 2766 5682 ταῦτα
2788 5627 3179 5698 τετολμῆσθαι,
3195 5626 3314 5681 ἀλλ’
3338 5625 3404 5680 εκ
3426 5642 3590 5698 fuva
3615 5639 3779 5698 στρᾳ-

2194 5694 2481 5774 τιωτικὼπὶζ
2509 5699 2570 5763 ἐξ
2609 5700 2930 5774 Ἰιῖτῖιστολῆς
2951 5694 3217 5770 Τι’μοθὲου
3247 5695 3611 5768 πιστούμενος
3642 5694 3782 5767 πρὸς

2201 5773 2404 5824 Λέοντα
2434 5770 2834 5842 γεγενημένης.
