4154 6550
411 434 548 498 1153

1474 439 1574 497 EX
1613 437 1976 498 HISTORIA
2020 428 2623 505 ECCLESIASTICAI.

3525 427 3663 510 1154

407 553 514 622 poli
562 566 658 621 per
684 552 805 605 illos
843 549 1109 616 ediderit;
1157 564 1261 622 qua
1303 564 1368 604 ex
1423 552 1557 603 urbe
1603 551 1869 619 rugientes
1913 553 1980 605 ad
2012 568 2052 620 Α
2087 569 2204 607 rum
2234 555 2538 609 occisorum
2585 554 2900 624 sanguinem
2949 571 3195 624 cernere,
3242 569 3412 626 coque
3465 555 3661 624 laetari,

407 644 706 698 Palaestina:
737 645 954 697 deserta
987 657 1047 697 se
1092 641 1466 704 contulerunt,
1494 642 1582 694 ubi
1625 641 1974 696 monasticam

403 735 571 788 vitam
619 732 861 789 studiose
890 732 1213 798 coluerunt;
1250 740 1561 801 quantoque
1611 733 1782 801 magis
1806 740 1982 786 semet

407 825 589 880 celare
618 825 962 889 nitebantur,
1001 833 1152 878 tanto
1179 825 1245 878 de
1276 824 1410 893 ipsis
1430 823 1805 877 vehementior
1835 823 1977 876 fama

410 915 694 971 crescebat
723 932 738 971 :
767 915 965 971 etenim
1001 915 1248 985 prodigia
1287 929 1501 984 quoque
1547 928 1656 968 non
1703 929 1859 968 secus
1893 922 1980 967 at.

403 1023 511 1078 que
539 1007 667 1062 olim
697 1007 926 1080 apostoli
954 1015 1332 1074 patraverunt.
1363 1005 1608 1075 Denique
1640 1006 1766 1059 dmn
1801 1004 1981 1059 varias

408 1100 671 1156 stationes
715 1109 950 1165 mutant,
977 1097 1182 1154 Gazam
1226 1105 1392 1168 atque
1423 1095 1709 1164 Maiumam
1743 1095 1981 1150 devene-

408 1199 536 1246 runt
567 1209 584 1247 :
615 1190 815 1260 quibus
853 1189 1031 1246 omnis
1055 1190 1272 1260 generis
1299 1187 1735 1258 conditionisque
1761 1187 1864 1241 viri
1899 1195 1982 1241 at-

405 1299 513 1353 que
568 1283 782 1338 femina:
834 1282 1048 1338 obviam
1099 1280 1249 1347 facti,
1300 1280 1518 1336 Petrum
1569 1280 1623 1334 vi
1671 1288 1979 1348 correptum

408 1375 839 1447 Hierosolymam
879 1375 948 1430 ad
977 1373 1343 1430 Theodosium
1370 1372 1776 1443 perduxerunt,
1815 1386 1982 1426 oran-

407 1480 492 1525 tes
523 1478 588 1524 ut
635 1483 758 1524 eum
803 1467 906 1522 sibi
943 1467 1258 1538 episcopum
1293 1469 1464 1522 daret.
1517 1466 1585 1521 Et
1623 1465 1821 1521 Petrus
1863 1463 1983 1533 qui-

403 1563 526 1618 dem
567 1561 752 1616 ntuitis
784 1559 967 1616 causis
1011 1561 1064 1614 itt
1091 1559 1327 1615 medium
1365 1559 1615 1613 adductis
1650 1557 1976 1620 resistebat;

404 1663 779 1711 verumtamen
806 1651 1171 1716 Theodosius,
1203 1651 1289 1706 cui
1324 1649 1649 1705 candidatus
1692 1649 1828 1703 satis
1865 1657 1983 1702 erat

411 1747 684 1816 cognitus,
717 1744 1077 1799 reluctantem
1114 1742 1368 1810 imposita
1401 1755 1564 1797 manu
1596 1742 1980 1797 consecravit:

403 1841 500 1908 qui
544 1838 599 1894 in
633 1839 718 1894 his
764 1838 1041 1909 angustiis.
1083 1836 1296 1907 positus
1345 1835 1512 1905 erepit
1562 1849 1622 1890 se
1671 1834 1980 1889 haereticnm

406 1931 632 1994 dicere;
663 1945 773 2001 quo
819 1930 1007 1984 audito
1049 1941 1340 1998 parumper
1378 1925 1688 1982 subsistens
1731 1923 1982 1980 Theodo-

405 2023 522 2077 sius
563 2039 578 2077 :
622 2022 693 2077 De
747 2035 867 2086 me,
921 2020 1134 2089 imquit,
1177 2029 1233 2074 et
1274 2020 1341 2075 de
1387 2028 1440 2074 te
1489 2019 1696 2088 pariter
1749 2015 1982 2072 tribunal

405 2115 606 2169 Christi
636 2111 899 2182 iudicabit
932 2128 946 2166 :
973 2125 1084 2180 quo
1106 2111 1315 2175 audito,
1348 2111 1574 2165 verbum
1607 2123 1764 2164 suum
1787 2107 1983 2163 Petrus

405 2205 685 2269 correxit,
742 2219 910 2273 seque
965 2219 1073 2258 non
1124 2203 1442 2258 hereticum
1481 2202 1580 2256 sed
1634 2209 1980 2270 peccatorem

407 2312 527 2355 esse
557 2298 653 2352 ait.
682 2295 948 2352 Caeterum
981 2293 1340 2360 Theodosius,
1372 2294 1459 2349 cui
1490 2293 1590 2348 viri
1633 2307 1814 2348 mores
1845 2292 1981 2346 satis

405 2389 610 2460 cogniti
638 2397 817 2456 erant,
864 2386 1206 2443 Gazensibus
1235 2386 1554 2457 episcopum
1599 2399 1720 2439 eum
1754 2384 1981 2438 ordina~

407 2484 505 2539 vit.
529 2482 662 2537 Alite
695 2482 859 2537 etiam
901 2480 1007 2536 viri
1043 2479 1206 2549 hujus
1238 2480 1290 2534 in
1338 2478 1562 2548 scriptis
1591 2477 1838 2531 feruntur
1869 2475 1986 2530 lau-

405 2574 525 2640 des,
553 2587 689 2645 quas
723 2587 826 2628 nos
859 2571 1148 2628 brevitatis
1191 2585 1355 2627 causa
1387 2568 1872 2641 praetermittiums.

1062 2683 1213 2739 CAP.
1255 2682 1321 2738 ν.

819 2797 895 2853 De
927 2796 1208 2852 Theodosii
1236 2796 1562 2866 expulsione.

480 2913 614 2967 Dum
657 2911 773 2966 haec
825 2909 1165 2966 Theodosius
1209 2923 1468 2979 prospere
1513 2917 1748 2978 gereret,
1800 2907 1984 2964 audita

408 3022 590 3061 rcrmn
646 3003 838 3059 notitia
894 3003 1194 3072 imperator
1256 2999 1608 3067 Marcianus,
1669 3000 1984 3056 iuvenalem

408 3113 528 3151 cum
555 3093 826 3149 Dorotheo
864 3092 1063 3147 comite
1097 3089 1452 3161 exercituque
1482 3091 1650 3155 misit,
1688 3075 1747 3145 ut
1778 3092 1832 3144 in
1864 3091 1985 3144 vin-

408 3186 526 3240 cuia
557 3182 916 3239 Theodosium
964 3181 1318 3249 conjicerent,
1355 3181 1642 3249 episcopos
1683 3180 1754 3235 ab
1788 3195 1854 3236 eo
1877 3194 1983 3234 au-

406 3276 660 3331 ctoritate
689 3273 904 3345 propria
958 3271 1242 3327 ordinatos
1278 3271 1500 3325 sedibus
1529 3270 1814 3340 pellerent,
1862 3285 1982 3327 tuo-

409 3368 612 3422 nachos
642 3364 1004 3438 pepulumque
1031 3363 1288 3434 punireut
1331 3371 1496 3431 atque
1543 3371 1821 3426 vexarent,
1859 3376 1978 3431 pro-

409 3471 597 3529 pterea
671 3457 814 3528 quod
899 3454 1268 3510 Theodosium
1338 3462 1543 3508 temere
1602 3462 1657 3508 et
1725 3454 1983 3509 audacter

409 3554 726 3623 episcopum
784 3547 1175 3617 Hierosolyma:
1232 3544 1534 3613 fecissent;
1587 3562 1697 3601 uno
1756 3556 1992 3624 excepto

409 3643 572 3702 Petro
603 3647 778 3710 Ibero,
809 3658 907 3714 pro
937 3656 1045 3712 quo
1070 3642 1311 3711 Augusta
1344 3641 1751 3705 intercesserat,
1781 3638 1911 3694 licet
1938 3639 1985 3696 is

410 3753 538 3796 cum
577 3737 938 3792 universitate
968 3734 1347 3804 episcoporum
1377 3732 1785 3787 communicare
1821 3746 1987 3802 nega-

412 3841 516 3886 ret.
589 3828 900 3884 Adveniens
967 3827 1132 3896 igitur
1176 3823 1456 3879 Juvenalis
1524 3825 1724 3880 multos
1782 3824 1986 3881 invenit

416 3923 600 3978 animo
645 3920 874 4006 simplici
915 3909 1247 3983 monachos,
1290 3914 1418 3972 vera
1458 3917 1829 3972 tantummodo
1881 3917 1986 3974 [ide

413 4015 682 4085 rectisque
711 4012 968 4083 operibus
1015 4020 1255 4065 armatos
1284 4026 1299 4064 :
1329 4007 1527 4077 quibus
1573 4008 1726 4064 initio
1764 4010 1985 4080 quidem

415 4110 696 4164 blandiens
724 4115 780 4161 ut
805 4121 990 4160 secum
1033 4105 1502 4160 comnmnicarcnt
1526 4104 1756 4172 orabat;
1791 4116 1983 4157 verum

413 4202 469 4256 hi
502 4202 644 4256 dicta
667 4201 787 4270 ejus
808 4216 1032 4270 prorsus
1061 4199 1472 4262 aversabantur,
1501 4197 1603 4252 nisi
1637 4197 1751 4265 ipse
1775 4209 1838 4249 ea
1866 4209 1987 4263 qua:

414 4295 682 4350 violenter
721 4293 862 4363 apud
903 4291 1303 4346 Chalcedonem
1355 4301 1474 4344 acta
1511 4289 1726 4344 fuerant
1757 4287 1986 4342 anatheo

413 4388 756 4442 tnatizaret:
822 4386 1022 4456 quibus
1075 4399 1197 4438 cum
1256 4381 1600 4452 imperatoris
1657 4379 1986 4434 voluntatem

412 4489 730 4550 opponeret,
755 4478 1108 4534 nihilominus
1132 4475 1184 4530 bi
1212 4476 1557 4530 recusabant.
1588 4472 1740 4529 Tunc
1771 4475 1986 4528 (lentum

414 4574 670 4628 mandato
731 4572 848 4640 ejus
903 4569 1137 4623 Romani
1198 4583 1263 4623 ac
1325 4567 1654 4623 Samaritani
1704 4577 1988 4636 coeperunt

415 4665 712 4721 monachos
743 4662 980 4718 fustibus
1020 4659 1230 4714 cmdere
1273 4667 1440 4728 atque
1471 4671 1700 4712 enecare
1724 4658 1816 4727 qui
1852 4673 1985 4714 can-

416 4769 592 4814 tantes
623 4756 843 4812 aiebant
876 4774 892 4810 :
919 4753 1084 4817 Deus,
1111 4760 1358 4807 venerunt
1387 4761 1560 4820 gentes
1597 4750 1652 4803 in
1693 4749 1984 4804 Itwredita-

415 4861 516 4904 tem
577 4860 756 4914 tuam,
807 4846 1105 4916 polluerunt
1153 4841 1404 4911 templum
1450 4852 1636 4904 tuum,
1695 4850 1984 4909 posuerunt

414 4938 712 4993 Jerusalem
748 4936 1044 4992 desolatam
1068 4935 1110 4987 ³.
1143 4929 1288 4988 Sane
1325 4933 1574 4987 nonnulli
1619 4931 1982 4988 Romanorum

417 5029 791 5084 misericordia
856 5029 984 5084 tacti
1029 5027 1260 5092 ﬂebant;
1325 5025 1416 5079 alii
1476 5033 1657 5078 tamen
1697 5023 1986 5104 conjuncta

416 5136 581 5190 Opera
637 5135 760 5175 cum
803 5119 1164 5175 Samaritanis
1212 5117 1512 5188 permultos
1565 5115 1862 5171 monachos
1908 5115 1994 5170 in-

420 5214 777 5275 tcrl'ccerunt,
816 5211 891 5266 ita
946 5220 1009 5266 ut
1041 5212 1235 5266 horum
1279 5207 1546 5278 sanguine
1595 5216 1742 5262 terra
1789 5207 1990 5263 redun-

416 5306 592 5359 daret.

488 5397 715 5463 Quidam
743 5398 922 5451 autem
953 5394 1330 5450 Samaritanus
1353 5409 1532 5452 caecus
1587 5395 1776 5452 ducem
1827 5410 1986 5452 suum

416 5490 609 5546 lel'ellit
634 5490 858 5545 dicens:
889 5488 1154 5554 Quoniam
1198 5489 1371 5545 oculis
1404 5504 1617 5560 nequeo
1644 5488 1986 5546 Christiano-

490 5646 512 5676 ¹
548 5643 698 5700 Psal.
735 5659 961 5701 Lxxvnt.
997 5643 1051 5699 l.

483 5779 593 5851 (ll)
622 5781 760 5838 Hinc
799 5782 965 5839 etiam
996 5778 1215 5837 Samuel
1252 5779 1541 5837 Armenius
1585 5795 1616 5835 a
1655 5797 1740 5837 me
1779 5783 1981 5847 editus,

421 5849 666 5938 de'cujus
695 5855 1132 5925 mouophysismo
1169 5852 1279 5924 jam
1327 5867 1432 5908 nou
1458 5851 1680 5926 .du'hito,
1716 5854 1905 5911 scribit
1938 5857 1992 5910 in

2083 659 2182 700 oro
2206 656 2260 700 te
2297 657 2352 700 ιιι
2413 647 2484 700 ibi
2519 657 2711 701 memet
2776 649 3062 703 admoveas
3092 659 3360 719 quatenus
3407 660 3658 720 tangam:

2080 753 2244 806 quem
2281 740 2370 793 ubi
2418 739 2523 792 dux
2573 739 2833 803 admovit,
2867 743 2912 795 is
2960 749 3106 794 tacto
3163 741 3426 810 sanguine
3471 757 3664 797 manus

2080 827 2352 890 oblinivit,
2397 827 2657 898 lnnniqne
2708 844 2911 897 pronus
2942 829 3076 884 llcns
3117 833 3307 885 orabat
3358 840 3418 886 ut
3471 845 3662 887 eorum

2084 915 2332 984 martyrii
2361 915 2640 985 particeps
2689 919 2862 971 lieret.
2922 919 3161 987 Moxque
3209 936 3438 989 surgens
3474 920 3664 976 oculos

2080 1022 2207 1063 Suos
2229 1023 2295 1063 eo
2333 1023 2527 1063 cruore
2557 1009 2829 1078 perunxit,
2871 1010 3207 1079 sublatisque
3239 1011 3289 1064 in
3323 1013 3517 1066 cmlutu
3548 1028 3665 1066 ma-

2084 1098 2262 1164 nibus,
2299 1098 2487 1154 oculos
2517 1099 2622 1155 sibi
2650 1100 2846 1170 aperiri
2892 1100 3062 1155 sensit
3113 1115 3176 1154 ac
3203 1100 3356 1165 vidit,
3410 1112 3464 1156 et
3514 1100 3661 1156 salu-

2085 1191 2185 1244 tari
2227 1190 2497 1260 baptismo
2548 1191 2777 1246 donatus
2829 1200 2911 1247 est
2958 1211 2971 1248 ε
3022 1206 3182 1261 quant
3235 1209 3348 1246 rem
3401 1199 3666 1261 quotquot

2082 1281 2398 1348 audierunt,
2466 1283 2828 1338 admiratione
2891 1283 3018 1338 tacti
3076 1284 3234 1338 (idem
3284 1293 3663 1353 susceperunt.

2081 1373 2347 1430 Cancrum
2406 1375 2784 1430 mandatorum
2849 1378 3120 1446 regiorum
3165 1375 3437 1442 ministri,
3499 1391 3664 1445 quos-

2081 1480 2297 1536 cunque
2328 1465 2481 1522 vivos
2509 1467 2855 1534 dimiserant,
2909 1469 3107 1524 liuihus
3155 1468 3367 1537 imperii
3417 1478 3668 1523 extorres

2083 1555 2358 1615 fecerunt.
2413 1559 2584 1614 Aiunt
2621 1569 2829 1626 autem,
2859 1562 3002 1631 quod
3038 1576 3159 1616 cum
3188 1560 3382 1615 Petrus
3434 1560 3543 1626 ille,
3601 1563 3667 1615 de

2081 1667 2190 1724 quo
2229 1667 2392 1722 supra
2442 1651 2650 1707 dictum
2688 1663 2799 1716 est,
2833 1652 3122 1722 tranquille
3176 1662 3384 1722 ageret,
3445 1653 3665 1707 nemine

2082 1744 2320 1810 scilicet,
2355 1745 2428 1800 ob
2461 1745 2813 1815 imperatoris
2847 1746 3157 1799 mandatum
3187 1755 3239 1799 et
3269 1746 3520 1814 Augusta:
3569 1761 3663 1815 pa-

2083 1835 2399 1900 trocinium,
2429 1835 2478 1890 ei
2521 1834 2825 1890 molestiam
2873 1835 3187 1899 exhibente,
3230 1836 3516 1889 Dominum
3570 1850 3668 1889 no-

2013 1911 2256 1983 Bstrum
2296 1941 2391 1997 per
2443 1927 2616 1982 visum
2659 1927 3007 1997 conspexerit
3054 1927 3302 1983 subirato
3351 1928 3498 1981 vultu
3555 1927 3663 1981 sibi

2084 2018 2391 2074 dicentem;
2455 2017 2686 2088 Ergone,
2751 2018 2932 2085 Petre,
2991 2033 3091 2088 ego
3157 2020 3210 2073 in
3256 2019 3502 2074 lideiihns
3529 2020 3662 2074 meis

2089 2108 2531 2177 persecutionem
2585 2111 2781 2179 patior,
2818 2119 2880 2164 ιιι
2901 2125 3030 2166 vero
3082 2110 3320 2181 quietem
3378 2111 3666 2182 sequeris?

2082 2199 2181 2256 Cui
2216 2216 2339 2255 mox
2377 2199 2572 2255 Petrus
2621 2201 2821 2272 quietis
2875 2215 2990 2256 sua:
3044 2202 3318 2270 paenitens
3371 2204 3666 2258 obsecutus

2082 2301 2189 2360 est,
2218 2292 2516 2363 relictaque
2545 2291 2717 2358 Gaza,
2758 2306 2880 2348 cum
2917 2292 3132 2363 agmine
3187 2291 3507 2362 patientium
3573 2294 3667 2346 de-

2083 2386 2359 2457 migravit.

2728 2497 2882 2556 CAP.
2924 2497 3012 2554 VI.

2520 2613 2598 2667 De
2629 2609 2914 2666 Salomone
2948 2611 3228 2666 monacho.

2156 2724 2449 2796 Postquam
2496 2721 2778 2780 Juvenalis
2816 2725 3061 2781 Romano
3100 2725 3340 2780 exercitu
3382 2725 3565 2783 ﬁdeles
3603 2743 3670 2784 ac

2087 2817 2407 2880 monachos,
2437 2815 2530 2885 qui
2579 2817 2632 2870 in
2670 2813 2822 2883 pagis
2852 2814 3145 2883 degebant,
3171 2829 3488 2884 persecutus
3547 2820 3668 2883 fuit,

2089 2901 2519 2974 Hierosolymam
2570 2903 2740 2968 venit,
2792 2904 3088 2972 sedemque
3144 2918 3301 2960 suam
3357 2908 3669 2976 occupavit,

2090 2995 2484 3064 promissorum
2523 3008 2768 3058 suorum,
2845 2995 3073 3049 etealium
3143 3004 3500 3064 patratarntn,
3548 3015 3669 3068 per-

2086 3085 2490 3156 jnriorumque,
2556 3100 2679 3155 quae
2737 3084 3052 3154 ingressum
3103 3086 3222 3157 ejus
3246 3089 3501 3145 comitata
3557 3091 3672 3146 lue.

2089 3187 2240 3240 rant,
2274 3192 2502 3246 prorsus
2556 3177 2778 3232 oblitus.
2853 3175 3007 3232 Tunc
3064 3180 3286 3248 quidam
3343 3182 3670 3248 monachus,

2011 3253 2055 3311 θ
2091 3267 2310 3323 nomine
2325 3268 2606 3331 Salomon,
2637 3269 2982 3324 verecundia:
3009 3277 3168 3342 typus
3185 3272 3532 3340 venerabilis,
3555 3276 3676 3330 zelo

2088 3368 2416 3424 commotus,
2447 3358 2888 3414 benedictionem
2930 3361 2998 3414 ab
3037 3362 3448 3431 archiepiscopo
3477 3375 3669 3432 postu-

2089 3449 2202 3506 lare
2231 3465 2292 3504 se
2317 3449 2591 3505 simulavit
2614 3467 2628 3516 ;
2651 3461 3000 3522 apertamque
3021 3453 3206 3508 cinere
3234 3469 3299 3509 ac
3321 3457 3539 3524 pulvere
3565 3459 3674 3527 ple-

2091 3559 2214 3597 nam
2241 3539 2464 3597 braebio
2480 3553 2721 3611 gestans,
2744 3540 2990 3601 Juveuali
3013 3545 3489 3615 appropinquavit,
3511 3565 3672 3618 quem

2092 3635 2184 3690 hic
2200 3634 2548 3702 conspicatus
2575 3633 2641 3686 ad
2671 3648 2731 3688 se
2756 3634 3018 3692 accedere
3049 3633 3244 3702 jussit:
3281 3639 3367 3693 cui
3391 3639 3672 3695 Salomon:

2089 3729 2297 3783 Adsum
2326 3709 2522 3796 inquit,
2555 3725 2806 3792 Domine,
2841 3737 2899 3780 ut
2941 3742 2969 3779 a
3004 3733 3058 3781 te
3099 3729 3429 3794 benedicar;
3471 3731 3673 3786 Itoma-

2095 3819 2290 3887 nisque
2345 3829 2628 3872 accessum
2661 3818 2729 3871 ad
2776 3830 3066 3887 personant
3095 3822 3540 3885 concedentibus,
3587 3823 3676 3878 ille

2091 3918 2337 3980 sportam
2366 3909 2590 3978 pulvere
2618 3919 2872 3965 onustam
2927 3912 2981 3964 in
3039 3921 3201 3979 caput
3243 3909 3518 3968 Juvenalis
3543 3915 3677 3969 cliu-

2092 4004 2192 4068 dit,
2224 4002 2308 4058 his
2337 4001 2520 4057 verbis
2548 4013 2739 4058 utens:
2800 4001 3016 4058 Pudore
3043 4014 3090 4057 et
3115 4004 3414 4073 ignominia
3435 4008 3675 4075 suffusus

2092 4105 2172 4150 est
2198 4095 2438 4148 ‘meudaa:
2470 4101 2520 4148 et
2552 4104 2861 4163 persecutor
2881 4110 2900 4149 :
2947 4110 3108 4165 quem
3135 4111 3258 4151 cum
3297 4095 3526 4153 Romani
3554 4114 3678 4153 ver-

2093 4185 2336 4241 beraturi
2367 4196 2572 4251 essent,
2611 4202 2722 4241 non
2750 4188 2877 4242 sivit
2905 4187 3211 4256 Iuvenalis;
3246 4206 3422 4260 neque
3463 4207 3674 4247 εκειιιιο

2093 4277 2234 4343 duit,
2261 4277 2356 4334 sed
2383 4291 2448 4332 eo
2481 4276 2626 4333 iacto
2671 4279 2966 4345 attonitus,
3026 4283 3302 4350 pulverem
3362 4285 3542 4353 capite
3573 4301 3674 4339 cx-

2095 4371 2292 4424 cussit.
2382 4369 2603 4425 Interim
2631 4373 2957 4427 monachum
2977 4374 3313 4441 apparitores
3342 4384 3680 4446 eeouspectu

2094 4457 2380 4516 Juvenalis
2409 4471 2783 4527 removerunt,
2836 4475 3000 4530 quem
3059 4461 3104 4517 is
3138 4462 3339 4517 viatico
3399 4464 3676 4517 attributa

2097 4553 2381 4608 discedere
2420 4552 2622 4622 jussit;
2679 4555 2779 4608 sed
2840 4552 2986 4608 enim
3042 4555 3340 4609 tuonacbus
3397 4555 3681 4624 repudiata

2091 4643 2325 4715 pecunia
2353 4643 2511 4700 abiit.
2646 4655 2660 4665 ‘
3622 4662 3664 4695 ο

2732 4755 2884 4812 CAP.
2923 4754 3040 4810 VII.

2210 4851 2285 4907 De
2311 4849 2540 4906 Zenonis
2567 4851 2710 4907 obitu
2741 4861 2788 4905 et
2818 4852 2881 4906 de
2901 4849 3175 4905 Anastasii
3217 4848 3555 4905 exaltazioue.

2172 4943 2396 4999 Exactis
2418 4943 2569 5000 Zeno
2591 4943 2646 4997 in
2675 4943 2905 5012 imperio
2931 4944 3088 4999 annis
3125 4942 3223 5006 l7,
3251 4943 3413 4996 sicuti
3466 4941 3519 4996 in
3559 4941 3686 4999 libri

2096 5037 2239 5092 sexti
2269 5035 2522 5104 capitulis
2573 5036 2775 5090 dictum
2827 5034 2950 5100 fuit,
3009 5035 3146 5090 obiit
3189 5034 3494 5104 olympiu‘de
3552 5034 3682 5101 317,

2101 5140 2252 5180 anno
2309 5125 2629 5181 Graecorum
2686 5124 2792 5181 802
2852 5127 3148 5181 indictione
3200 5126 3288 5191 M,
3340 5126 3693 5181 hebdomadas

2110 5219 2346 5287 majoris
2381 5218 2516 5274 feria
2559 5226 2778 5289 quarta.
2839 5217 2976 5272 Huic
3029 5220 3290 5274 successit
3347 5219 3692 5283 Anastasius,

2097 5310 2194 5377 qui
2214 5310 2434 5365 decurio
2460 5309 2669 5365 silentia
2681 5311 2791 5364 rius
2814 5308 3012 5376 fuerat,
3032 5311 3165 5365 urbe
3194 5308 3493 5380 Dyrrachio
3517 5318 3693 5372 ortus,

2100 5401 2356 5470 specioso
2392 5405 2844 5472 corpore,animo
2871 5401 3244 5473 integerrimo,
3276 5402 3532 5472 ﬁdelique
3562 5402 3696 5470 dog-

2095 5502 2247 5548 mate
2278 5492 2536 5563 praeditus
2573 5495 2654 5550 vir
2683 5493 2797 5564 (ιι)
2821 5510 2835 5548 :
2860 5492 2954 5563 qui
2985 5494 3128 5564 apud
3178 5493 3472 5549 Ariadnem
3520 5507 3696 5562 augu-

2095 5785 2416 5844 Chronico:
2446 5785 2588 5843 Zeno
2625 5795 2675 5846 et
2707 5787 3023 5846 Anastasius
3063 5785 3355 5861 orthodoxi
3401 5782 3682 5839 habentur.
