4154 6532
581 373 734 452 διεδ

1622 391 2024 459 ZACHARIIE
2064 395 2500 463 MITYLENES
2536 404 2883 468 EPISt'MrI

3722 418 3858 488 1158

586 501 727 548 stam
757 491 1027 563 stipendia
1061 492 1295 562 faciens,
1321 496 1500 567 gratia
1536 499 1658 570 ejus
1706 503 1963 573 pollebat,
1996 507 2171 563 donec
2198 513 2246 570 Α
2277 524 2489 581 magus,
2513 514 2669 581 cujus
2717 516 2897 572 Hunni
2945 517 3176 574 consilio
3223 522 3538 580 utebantur.
3599 527 3852 586 Vicissim

582 583 652 640 ad
693 584 981 655 imperium
1023 586 1561 658 voluntateejusdem
1596 606 2037 668 assumptusest.

1196 697 1354 757 CAP.
1404 702 1539 758 VIII.

579 806 658 862 De
682 809 873 884 uisione
896 809 1121 884 Joannis
1138 813 1460 884 scholastici
1487 817 1806 884 Amidensis,
1844 821 2041 877 Donati
2063 839 2158 878 cu-

741 879 962 948 jusdam
987 881 1194 950 fratris,
1223 886 1370 939 circa
1399 885 1674 942 Anastasii
1699 879 1998 960 imperium.

646 1013 839 1069 Paucis
894 1024 1185 1086 antequam
1215 1019 1540 1076 Anastasius
1561 1038 1855 1091 purpuram
1912 1036 2158 1084 sumeret

574 1105 792 1169 diebus,
821 1102 1058 1160 Joannes
1087 1105 1333 1174 quidam,
1380 1123 1743 1177 cognomento
1769 1112 2154 1182 scholasticus,

572 1196 769 1251 Donati
806 1197 996 1261 frater,
1033 1195 1368 1265 Amidensis,
1400 1201 1485 1255 vir
1521 1201 1726 1256 illibata
1757 1204 1994 1274 justitia,
2055 1206 2149 1264 Dei

571 1288 1009 1354 reverens,vitio
1048 1291 1193 1342 omni
1227 1290 1458 1358 alienus,
1503 1303 1556 1347 et
1589 1294 1641 1348 in
1695 1311 1794 1350 suo
1834 1297 2150 1356 scholastici

571 1375 824 1432 Ecclesia:
874 1375 1050 1431 ollicio
1079 1387 1272 1446 sponte
1298 1394 1361 1434 ac
1388 1380 1558 1435 libere
1603 1397 1986 1452 perseverans,
2023 1402 2146 1442 cum

564 1468 634 1522 ob
662 1468 850 1538 patria:
877 1481 990 1522 sua:
1041 1469 1258 1537 negotia
1292 1469 1767 1542 Constantinopoli
1812 1489 2146 1547 versaretur,

566 1559 650 1614 bis
693 1575 789 1629 per
824 1559 1000 1613 visum
1027 1561 1287 1630 cognovit
1318 1562 1434 1618 fore
1464 1573 1526 1618 ut
1553 1566 1875 1624 Anastasius
1904 1570 2148 1627 silentia-

565 1651 678 1705 rius
715 1660 994 1720 regnaret:
1052 1667 1216 1722 quem
1266 1655 1332 1708 ad
1385 1670 1445 1711 se
1483 1669 1736 1712 vocatum
1771 1659 1844 1714 ita
1879 1662 2145 1721 allocutus

560 1751 687 1797 est:
743 1741 819 1796 'l‘e
868 1745 1195 1812 quantocius
1245 1757 1596 1816 regnaturum
1653 1751 1950 1807 vaticinor:
2011 1769 2142 1810 cura

562 1835 730 1905 igitur
755 1844 815 1888 ut
847 1851 944 1905 pro
993 1845 1082 1890 tua
1115 1838 1420 1895 excellente
1455 1842 1619 1897 animi
1691 1845 1888 1901 virtute
1941 1857 2145 1903 sanctae
2174 1866 2216 1922 Β

563 1928 654 1982 Dei
681 1927 940 1983 voluntati
965 1931 1315 2000 acquiescas:
1341 1935 1626 2003 pacificum
1658 1948 1729 2004 te,
1764 1941 2135 2011 tranquillum,

559 2017 842 2083 humilem,
871 2020 1085 2075 cunctis
1132 2021 1350 2078 dotibus
1411 2038 1737 2081 exornatum
1798 2031 2023 2099 exhibe,
2083 2042 2140 2090 ct

554 2122 683 2176 erga
715 2123 905 2162 omnes
940 2109 1127 2164 mitem
1159 2121 1212 2166 ct
1244 2127 1478 2179 comem,
1508 2122 1562 2170 et
1599 2121 1672 2170 tul
1710 2121 1923 2189 generis
1957 2123 2136 2178 omni-

555 2200 654 2254 bus
680 2199 819 2256 fave.
855 2200 1040 2271 Neque
1077 2203 1189 2256 Ιιτεο
1225 2203 1335 2267 aio,
1368 2203 1497 2272 quia
1535 2207 1606 2259 tui
1640 2208 1739 2261 sim
1767 2209 2007 2281 indigus,
2052 2213 2137 2269 vel

550 2301 609 2344 ut
640 2292 737 2346 tibi
775 2292 1043 2346 blandiar.
1090 2289 1210 2347 Jam
1237 2309 1368 2349 vero
1399 2296 1529 2364 quia
1580 2298 1667 2354 hic
1723 2298 1958 2358 Joannes
2003 2303 2135 2360 satis

545 2392 665 2437 erat
692 2381 896 2448 clarus,
927 2384 1224 2454 multisque
1250 2386 1320 2440 ob
1352 2395 1489 2441 actze
1523 2388 1647 2444 vita:
1699 2392 1964 2448 rationem
1997 2397 2136 2453 bene

543 2477 815 2547 Cognitus,
854 2477 1012 2532 fidem
1042 2479 1090 2532 ei
1123 2480 1452 2535 Anastasius
1484 2483 1605 2538 sine
1646 2487 1984 2544 dubitatione
2031 2494 2132 2546 ad-

545 2569 741 2636 hibuit,
767 2578 930 2640 atque
955 2572 1096 2641 apud
1129 2587 1254 2627 eum
1282 2573 1334 2628 in
1370 2573 1625 2632 Ecclesia:
1652 2579 1853 2650 vigiliis
1897 2593 2015 2638 erat
2045 2601 2132 2640 as-

539 2661 754 2719 siduus.
810 2661 1050 2733 Contigit
1117 2673 1301 2719 autem
1363 2676 1420 2720 ut
1452 2668 1520 2722 ad
1585 2670 1796 2740 regium
1842 2671 2126 2745 fastigium

539 2764 761 2810 evectus
791 2757 1021 2826 gratiam
1072 2759 1376 2826 rependere
1425 2761 1604 2817 amico
1648 2779 1751 2820 suo
1801 2767 2128 2826 Anastasius

538 2857 834 2914 satageret,
870 2847 935 2902 iis
975 2849 1231 2905 videlicet
1283 2851 1468 2915 rebus,
1529 2869 1670 2923 quas
1727 2859 1979 2930 mortales
2030 2877 2125 2930 po-

537 2938 806 2992 tissimum
833 2949 1088 3009 appetere
1110 2940 1318 3008 solent;
1352 2945 1447 2997 sed
1496 2946 1642 3000 enim
1697 2944 1938 3005 Joannes
1987 2951 2125 3008 nihil

533 3030 758 3086 Otttlllllo
792 3035 860 3085 ab
885 3031 1132 3103 Augusto
1157 3035 1408 3104 accipere
1441 3050 1634 3104 passus
1661 3049 1783 3106 est;
1827 3040 1937 3097 cito
1967 3041 2124 3099 insu-

533 3136 632 3191 per
662 3137 729 3176 ex
763 3121 896 3178 urbe
922 3125 1068 3194 regia
1104 3124 1158 3181 in
1188 3126 1450 3197 patriam,
1476 3143 1630 3184 suam
1682 3131 1973 3201 discessit;
2020 3137 2124 3192 hoc

533 3228 642 3267 uno
665 3224 975 3280 contentus,
1009 3218 1152 3286 quod
1205 3216 1273 3271 ab
1319 3218 1608 3276 Anastasio
1654 3221 2022 3295 impetrasset,
2061 3237 2120 3284 ut
2143 3229 2187 3288 α

530 3319 616 3371 ea,
645 3321 764 3374 quise
793 3305 942 3363 Zeno
970 3322 1072 3378 pro
1131 3308 1462 3370 Christianis
1507 3314 1892 3386 constituerat,
1960 3320 2119 3379 ﬁrma

530 3407 835 3452 "tenerent.

1176 3515 1331 3573 CAP.
1367 3516 1461 3574 IX.

863 3624 943 3681 De
973 3626 1164 3683 Amida
1195 3646 1230 3684 a
1250 3628 1432 3687 Persis
1454 3646 1779 3706 expugnata.

597 3782 883 3855 Regnante
904 3785 1047 3855 apud
1099 3786 1296 3844 Persas
1351 3789 1621 3859 Pheroze,
1652 3812 1796 3854 anno
1831 3799 2108 3858 Anastasii

527 3874 669 3941 Xlll,
707 3877 888 3932 llnnni
923 3879 1026 3934 viis
1072 3879 1318 3952 locisque
1381 3888 1694 3954 montanis,
1735 3906 1874 3960 quos
1929 3893 2113 3951 Persas

521 3970 942 4036 custodiebant,
985 3975 1259 4043 superatis
1305 3975 1358 4030 in
1400 3976 1678 4033 Persidem
1727 3982 2108 4042 incurrerunt:

521 4075 752 4130 quorum
785 4069 995 4116 terrore
1019 4061 1298 4122 Pherozes
1341 4077 1532 4124 coacto
1586 4074 1835 4127 exercitu
1891 4073 2107 4130 obviam

521 4152 626 4207 illis
651 4168 711 4208 se
737 4154 958 4222 obtulit,
991 4165 1050 4211 ut
1081 4171 1306 4212 causam
1369 4171 1550 4216 motus
1593 4178 1784 4219 eorum
1824 4177 1987 4237 atque
2021 4172 2108 4224 in-

518 4245 795 4302 cursionis
823 4245 878 4301 in
921 4248 1201 4308 Persidem
1226 4253 1571 4320 exploraret:
1599 4258 1686 4311 cui
1707 4263 2107 4330 responderunt

520 4336 619 4401 illi,
653 4338 796 4393 haud
845 4338 949 4394 sibi
988 4353 1052 4394 ea
1088 4341 1361 4409 stipendia
1391 4345 1641 4403 sufficere
1662 4364 1784 4420 quae
1838 4362 2103 4425 tanquam

436 4454 439 4458 -
519 4427 777 4484 Barbaris
811 4431 988 4485 Persa:
1020 4432 1364 4500 pendebant:
1403 4435 1510 4493 Nos
1537 4440 1708 4506 enim,
1733 4443 1973 4515 aiebant,
2002 4451 2102 4505 sub

2265 605 2532 672 processit
2561 620 2686 661 cum
2715 609 3134 680 quadringentis
3159 612 3292 668 viris
3322 612 3617 683 Pherozes,
3666 621 3825 676 SIIIIIII

2261 708 2370 764 que
2407 709 2600 752 omnes
2662 715 2970 759 conscenso
3020 713 3226 772 monte,
3269 706 3447 765 ftedus
3499 710 3762 776 inierunt,
3793 727 3851 770 et

2261 790 2664 845 communicato
2690 794 2962 861 convivio,
3006 806 3249 854 mutuam
3292 801 3521 857 sublatis
3566 803 3620 860 in
3650 807 3847 860 uelum

2261 880 2516 936 manibus
2555 882 2715 938 fidem
2759 885 3036 954 jurarunt.
3110 890 3250 948 Exin
3308 893 3720 952 discedentibus
3776 901 3844 954 ad

2263 984 2420 1025 suam
2451 974 2728 1042 regionem
2758 975 2988 1045 Hunnis,
3031 991 3229 1051 praeter
3279 984 3486 1054 aliquot
3533 987 3722 1054 duces,
3754 992 3845 1058 qui

2257 1076 2381 1116 cum
2413 1064 2824 1138 quadringentis
2850 1069 2954 1129 illis
2979 1073 3232 1144 exigendi
3260 1077 3524 1149 stipendii
3558 1095 3722 1137 causa
3756 1097 3841 1138 re-

2257 1167 2606 1225 manserant;
2653 1158 2928 1220 Pherozes
2959 1174 3086 1236 post
3114 1169 3300 1225 decem
3335 1171 3546 1228 dierum
3602 1176 3845 1230 curricu-

2255 1247 2364 1303 lum
2396 1250 2554 1306 fidem
2592 1252 2772 1325 fregit,
2806 1255 3121 1329 bellumque
3152 1262 3416 1320 adversus
3467 1265 3690 1324 Hunnos
3753 1269 3843 1324 in-

2253 1342 2484 1397 struxit:
2514 1345 2604 1413 qui
2632 1361 2764 1402 sane
2792 1363 2922 1406 cum
2973 1351 3080 1409 illis
3125 1356 3564 1428 quadringentis,
3615 1362 3841 1434 suisque

2251 1433 2501 1498 ducibus,
2529 1439 2721 1508 pedem
2770 1438 2890 1509 jam
2950 1445 3294 1516 referebant;
3356 1450 3463 1508 nisi
3518 1433 3838 1510 Eustathius

2250 1522 2568 1583 Hunnorum
2603 1533 2814 1588 animos
2841 1534 3225 1606 instaurasset,
3260 1543 3555 1611 quominus
3581 1547 3684 1601 etsi
3732 1548 3838 1602 mi-

2249 1631 2382 1674 nore
2425 1638 2652 1677 numero
2687 1625 3143 1687 extimescerent:
3186 1633 3404 1690 interim
3441 1651 3592 1703 vero,
3641 1639 3834 1695 eodem

2245 1711 2510 1768 suadente
2539 1713 2866 1786 Eustathto,
2901 1721 3025 1778 thus
3052 1733 3108 1780 et
3129 1741 3370 1783 muscum
3395 1728 3447 1783 in
3477 1746 3587 1801 quo
3621 1731 3836 1803 loeoju-

2247 1810 2419 1856 ratum
2446 1802 2644 1873 fuerat,
2679 1808 2790 1865 Deo
2816 1812 3196 1884 incenderunt,
3224 1827 3282 1874 ut
3305 1821 3556 1891 perjuros
3603 1802 3830 1884 ulcisce-

2247 1901 2415 1949 retur.
2473 1897 2682 1954 Deinde
2710 1899 3009 1961 Pherozem
3043 1907 3181 1964 bello
3230 1916 3475 1983 aggressi
3535 1931 3659 1972 cum
3711 1920 3832 1988 dus

2241 1985 2495 2042 universo
2520 1993 2760 2048 exercitu
2792 1996 3080 2054 occidione
3101 2003 3444 2073 occiderunt,
3469 2018 3526 2064 et
3548 2009 3828 2067 Persidem

2238 2075 2567 2148 depopulati,
2594 2083 2646 2136 in
2681 2099 2810 2141 suas
2838 2096 3014 2145 terras
3043 2105 3166 2148 sese
3215 2110 3562 2168 receperunt.
3653 2101 3828 2157 Porro

2236 2166 2494 2228 Pherozis
2527 2174 2764 2231 cadaver
2788 2177 2974 2249 (quem
3003 2182 3058 2237 in
3089 2186 3311 2256 regione
3331 2166 3428 2246 sua
3455 2205 3828 2264 cognomento

2237 2261 2553 2320 mendacem
2587 2269 2959 2342 appellabant)
2995 2275 3261 2347 nusquam
3291 2261 3567 2351 apparuit.

2304 2351 2407 2419 Qui
2435 2367 2617 2414 autem
2668 2362 2795 2419 huic
2857 2369 3124 2425 successit
3173 2371 3227 2427 in
3303 2372 3535 2444 imperio
3579 2378 3828 2436 Cavades

2231 2442 2462 2514 ejusque
2489 2462 2742 2517 proceres
2768 2453 2997 2514 infensis
3019 2459 3282 2518 adversus
3309 2442 3584 2522 Roinanos
3628 2470 3828 2526 animis

2231 2547 2410 2604 erant,
2443 2554 2648 2612 eosque
2673 2542 3004 2606 incusabant
3031 2551 3102 2608 de
3148 2552 3474 2612 Hunnorum
3517 2559 3742 2617 incursu
3767 2571 3826 2618 et

2230 2627 2297 2682 de
2325 2629 2515 2697 patria:
2537 2647 2652 2689 sua:
2701 2639 2964 2711 vastitate
3013 2653 3179 2714 atque
3225 2649 3488 2717 pernicie.
3553 2652 3821 2711 Contrac-

2229 2719 2299 2773 tis
2326 2719 2510 2792 itaque
2537 2726 2710 2796 copiis
2741 2726 2988 2790 Cavades
3031 2733 3504 2812 Theodosiopolim
3535 2743 3589 2800 in
3618 2747 3819 2803 Arme-

2227 2815 2316 2868 nia
2398 2832 2688 2889 aggressus
2716 2829 3080 2897 expugnavit;
3144 2842 3384 2892 attamen
3447 2838 3565 2906 ejus
3605 2840 3818 2898 civibu1i

2225 2906 2547 2966 clementem
2575 2927 2636 2969 se
2668 2917 2926 2988 praebuit,
2961 2923 3090 2992 quia
3134 2925 3279 2982 nulla
3327 2943 3451 2985 eum
3483 2936 3809 2991 contumelia

2223 2997 2495 3057 lmserant.
2551 3004 2823 3065 Caeterum
2850 3012 3268 3074 Constantinum
3311 3023 3463 3079 urbis
3493 3027 3813 3095 praefectum

2221 3102 2405 3146 secum
2473 3097 2722 3168 abduxit,
2754 3110 2811 3157 et
2854 3120 3045 3164 mense
3091 3108 3310 3167 Octobri
3360 3126 3487 3171 ante
3549 3117 3803 3178 Amidam

2221 3185 2472 3240 constitit
2498 3186 2905 3261 Mesopotamia:
2942 3197 3154 3266 urbem,
3187 3216 3422 3274 eamque
3454 3223 3651 3280 magno
3701 3213 3807 3268 im-

2222 3281 2347 3374 petu
2385 3277 2599 3345 sagittis
2627 3283 2923 3342 verberare
2973 3291 3138 3360 coepit
3168 3300 3332 3363 atque
3354 3277 3640 3367 arietibus,
3687 3304 3813 3374 qui-

2219 3355 2323 3414 bus
2351 3366 2549 3420 nimnia
2594 3380 2942 3437 prosternere
2991 3355 3289 3438 nitebatur.
3343 3381 3583 3445 Pellibus
3624 3355 3806 3459 'en‘im,

2220 3463 2477 3526 tanquam
2519 3468 2686 3529 tecto,
2718 3465 3003 3523 machinas
3033 3467 3215 3528 Persa
3266 3486 3639 3551 protegentes,
3685 3486 3808 3542 urbi

2217 3549 2599 3621 admovebant,
2666 3559 2973 3630 eductoque
3037 3566 3254 3623 excelso
3307 3585 3526 3643 aggere,
3585 3549 3808 3638 mmniis

2217 3647 2615 3714 cozequabant:
2669 3650 3028 3712 nihilominus
3068 3662 3313 3728 quotidie
3348 3678 3675 3737 pugnantes,
3707 3687 3806 3727 ur-

2216 3733 2338 3788 bem
2370 3737 2512 3793 haud
2543 3744 2954 3812 expugnabant,
2985 3747 3146 3803 miles
3196 3733 3378 3808 autem
3425 3733 3576 3812 varia
3635 3733 3802 3829 opera

2214 3835 2263 3879 et
2297 3828 2506 3894 prmliis
2555 3845 2884 3903 magnopere
2942 3840 3304 3900 atterebatur.
3365 3841 3470 3900 Per
3511 3847 3563 3902 id
3592 3828 3804 3921 tempus

2213 3929 2405 3984 magna
2438 3918 2486 3972 vi
2519 3920 2892 3978 conviciorum
2916 3935 2974 3981 et
3005 3931 3335 3985 derisionum
3368 3933 3601 3993 Caudis
3632 3918 3801 3999 aures

2211 4006 2368 4060 abiis
2392 4009 2484 4077 qui
2523 4008 2576 4064 in
2642 4013 2860 4070 mteniis
2903 4018 3274 4076 consistebant
3323 4026 3796 4090 verberabantur:

2209 4096 2411 4165 quibus
2451 4099 2540 4154 ille
2568 4116 2916 4174 summopere
2941 4108 3157 4174 dolens,
3195 4111 3350 4169 valde
3399 4117 3563 4173 etiam
3611 4123 3798 4178 animo

2209 4191 2530 4258 angebatur,
2544 4205 2794 4263 proptera
2811 4199 2954 4267 quod
2971 4207 3026 4254 et
3051 4201 3220 4271 rigida
3245 4203 3534 4275 ingruebat
3591 4211 3791 4277 hiems,

2207 4289 2263 4334 et
2289 4278 2469 4338 Persae
2505 4284 2643 4342 laxis
2671 4289 2917 4345 vestibus
2952 4292 3213 4362 implicati
3244 4295 3614 4368 languidiores
3643 4305 3796 4361 vide-

2207 4374 2424 4443 bantur,
2442 4387 2706 4434 eteorum
2734 4397 2894 4438 arcus
2917 4385 3141 4443 humido
3163 4403 3289 4445 aere
3319 4407 3549 4453 enerves
3572 4398 3790 4469 flebant,

2205 4464 2413 4523 frontes
2440 4469 2673 4540 denique
2706 4473 2940 4530 arietum
2983 4479 3183 4534 mmnia
3234 4481 3289 4536 in
3333 4499 3550 4543 cassum
3590 4489 3793 4547 ferien-

515 4519 607 4575 dio
644 4522 749 4576 ritu
790 4522 1033 4575 ferarum
1067 4523 1299 4578 vivimus
1333 4526 1385 4581 in
1419 4534 1955 4605 septentrionalibus,
1979 4554 2100 4610 qua:

515 4611 586 4645 αλ
612 4627 860 4645 nonne-nn
885 4624 1112 4645 ενοι-ηηιιι
1144 4617 1388 4645 run-tim.
1410 4637 1424 4645 .
1465 4638 1594 4645 ---η
1625 4634 1668 4645 -.
1700 4627 1770 4645 μ.-
1804 4628 1834 4645 .-
1932 4631 1944 4643 .
1987 4643 1995 4645 ξ

2296 4519 2303 4520 ,
2339 4519 2407 4523 ,_-
2447 4519 2672 4540 ---αι-ν
2707 4519 2940 4530 --.η-...η
2983 4519 3183 4534 unum-
3235 4519 3289 4536 ιιι
3333 4519 3550 4543 ωιδδιιηι
3590 4519 3788 4547 Iuncu-

2224 4570 2292 4611 .es
2324 4558 2474 4615 nullo
2492 4561 2577 4616 his
2609 4562 2941 4624 detrimento
2959 4582 3141 4637 erant,
3175 4589 3351 4645 neque
3373 4577 3539 4635 ullam
3577 4584 3788 4641 ruinam

513 4611 586 4666 ad
611 4627 860 4667 occasum
885 4624 1118 4681 vergunt
1142 4617 1425 4688 partibus;
1463 4638 1594 4678 arcu
1619 4634 1673 4681 et
1692 4627 1872 4698 gladio
1894 4631 2098 4689 victum

513 4707 832 4774 qua-rimus,
858 4712 1022 4774 atque
1072 4710 1218 4766 omni
1263 4716 1513 4772 carnium
1569 4734 1768 4789 genere
1806 4728 2096 4785 vescimur.

514 4795 790 4850 Praeterea
828 4797 1195 4857 Romanorum
1225 4804 1521 4875 imperator
1543 4813 1738 4884 duplex
1792 4818 1952 4876 nobis
1999 4824 2098 4879 sti-

511 4887 764 4956 pendium
797 4903 896 4959 per
925 4889 1132 4958 legatos
1155 4909 1284 4950 suos
1311 4901 1579 4968 promisit,
1603 4904 1648 4958 si
1675 4916 1825 4963 certe
1849 4921 2096 4969 nostram

510 4977 810 5046 vobiscum,
841 4997 874 5036 ο
897 4982 1100 5050 Persae,
1145 4987 1466 5044 societatem
1501 4991 1907 5053 diremerimus.
1969 5000 2096 5058 Ilaec

509 5069 674 5139 igitur
702 5087 864 5128 causa
897 5088 1005 5142 cst,
1035 5092 1133 5131 cur
1164 5081 1398 5135 accincti
1419 5082 1522 5138 huc
1541 5089 1883 5146 venerimus:
1906 5109 2095 5162 quam-

507 5166 694 5217 obrem
751 5167 832 5220 vel
878 5169 1070 5236 nobis,
1122 5185 1385 5241 quantum
1429 5175 1700 5245 Romani,
1737 5195 1952 5252 Oportet
1999 5187 2096 5243 de-

507 5254 602 5320 tis;
637 5257 717 5310 vel
740 5259 784 5312 si
820 5260 1023 5325 minus,
1055 5263 1257 5318 bellum
1291 5278 1502 5336 parate.

577 5347 669 5403 lIis
722 5352 921 5408 auditis
972 5352 1297 5414 Hunnorum
1360 5362 1730 5423 Inolitionibus
1795 5369 2091 5444 Pherozes,

500 5456 811 5510 quanquam
841 5459 938 5501 eos
972 5448 1189 5508 minore
1267 5468 1499 5512 numero
1545 5473 1709 5528 quam
1747 5478 1874 5519 suas
1904 5469 2092 5537 copias

499 5547 623 5588 esse
649 5533 879 5605 videret,
926 5539 1280 5600 nihilominus
1345 5545 1519 5603 fallaci
1583 5566 1678 5607 eos
1723 5556 2092 5624 promissione

496 5625 748 5695 decipere
798 5628 1007 5685 maluit.
1055 5631 1280 5691 Interim
1344 5637 1664 5698 Hunnorum
1732 5647 1900 5704 duces
1960 5667 2086 5708 cum

499 5719 914 5802 quadringentis
974 5727 1204 5784 armatis
1285 5744 1698 5804 processerunt,
1754 5741 2085 5811 quibuscum

493 5795 612 5865 erat
667 5809 983 5872 Eustathius
1030 5817 1250 5888 quidam
1285 5795 1658 5894 _Apamecnsis
1703 5795 1976 5892 mercator
2029 5849 2083 5895 et

2208 4647 2782 4712 efllciebant:etenim
2812 4659 3151 4731 defensores,
3201 4666 3490 4734 juncorum
3551 4673 3790 4734 fascibus

2203 4739 2350 4795 inter
2382 4757 2442 4797 se
2470 4747 2754 4814 connexis,
2796 4750 3110 4809 ferientium
3136 4760 3373 4815 arietum
3427 4750 3536 4819 vim
3591 4769 3788 4824 obtun-

2202 4831 2421 4897 dobant,
2453 4835 2539 4889 vel
2577 4852 2606 4890 a
2640 4848 2788 4894 recto
2809 4850 2997 4910 cursu,
3027 4849 3320 4916 quominus
3351 4856 3553 4910 momia
3611 4859 3788 4916 diffin-

2200 4923 2415 4991 derent,
2439 4927 2811 4987 dimovebant.

2269 5013 2388 5070 Jam
2414 5016 2506 5072 ubi
2536 5021 2792 5076 machina
2814 5026 3175 5094 consistebat,
3203 5032 3352 5088 cives
3383 5036 3532 5090 urbis
3569 5053 3783 5094 inurunt

2198 5105 2268 5160 ab
2297 5106 2562 5164 interiore
2589 5121 2744 5181 parte
2785 5118 3150 5185 perforantes,
3185 5127 3582 5197 materiamque
3609 5128 3780 5185 effos-

2197 5213 2313 5253 sam
2377 5199 2524 5256 foras
2581 5204 2952 5275 projicientes,
3011 5211 3115 5267 loci
3144 5215 3436 5273 cavitatem
3489 5223 3784 5278 sarmentis

2196 5291 2367 5347 desub
2395 5296 2770 5365 oppleverunt.
2841 5304 2960 5372 Quo
2991 5309 3161 5377 facto,
3191 5328 3355 5381 quum
3383 5317 3437 5371 in
3470 5320 3779 5376 machinam

2195 5385 2476 5456 quingenti
2506 5391 2729 5448 circiter
2758 5397 2859 5451 viri
2887 5413 2919 5454 e
2951 5399 3144 5459 Persis
3189 5407 3381 5463 delecti
3441 5427 3562 5466 cum
3612 5415 3780 5469 armis

2195 5480 2618 5554 inscendissent,
2643 5487 2870 5559 jamque
2924 5497 3110 5552 trabes
3138 5499 3190 5553 in
3247 5503 3447 5557 moenia
3488 5510 3779 5574 protende-

2194 5581 2337 5639 rent,
2370 5585 2430 5629 ut
2457 5590 2557 5647 per
2582 5593 2676 5635 eas
2731 5580 3002 5642 insilirent
3034 5590 3188 5660 (rege
3219 5591 3336 5661 ipso
3382 5604 3596 5649 astante
3649 5611 3775 5651 cum

2190 5667 2458 5734 exercitu,
2488 5678 2543 5724 et
2575 5671 2911 5732 clamoribus
2943 5680 3155 5736 animos
3197 5684 3456 5755 addente,
3497 5689 3664 5743 armis
3695 5691 3775 5742 in-

2190 5767 2353 5824 super
2387 5769 2444 5814 et
2469 5763 2690 5831 sagittis
2722 5782 2880 5836 opem
2912 5769 3145 5839 ferente,
3177 5785 3234 5829 et
3263 5780 3550 5848 przesentia
3581 5796 3774 5848 aspec-

2193 5854 2354 5919 tuque
2381 5866 2479 5910 suo
2504 5867 2598 5914 eos
2644 5858 2983 5935 stimulante)
3023 5865 3344 5928 defensores
3391 5888 3580 5929 ervum
3646 5886 3768 5930 cum
