4154 6542
423 415 560 485 1157

1488 417 1589 481 EX
1629 407 2000 482 HISTORIA
2035 419 2634 487 ECCLESIASTICA.

421 541 599 590 stacte
619 539 834 586 coctum
870 527 1120 586 trabibus
1155 530 1486 587 emanibus
1538 533 1999 603 snperjaciebant,
2029 544 2076 597 Δ
2177 536 2305 590 Erat
2328 538 2520 592 andem
2546 538 2770 608 quidam
2820 537 2874 595 in
2925 541 3062 596 urbe
3107 542 3194 598 cui
3271 558 3470 602 nomen
3528 549 3690 620 vulgo

425 622 660 678 bubulas
685 637 903 692 quoque
951 622 1121 691 pelles
1154 622 1314 691 aquis
1335 636 1459 677 cum
1489 639 1620 678 ervo
1641 625 1916 691 [decoctis,
1948 635 2008 680 ut
2107 623 2381 693 Cutricns,
2415 626 2498 681 vir
2534 627 2876 685 turbulentus
2895 640 2949 684 et
2975 645 3166 703 rapax,
3196 633 3290 704 qui
3322 651 3483 693 omne
3515 653 3688 708 genus

422 715 660 770 lubricas
683 715 999 780 redderent,
1043 714 1480 784 perfundebant;
1534 716 1712 785 ignem
1772 716 2005 787 denique

417 803 736 869 sarmentis,
791 819 914 874 qua
975 804 1242 860 machina
1305 814 1726 874 supposuerant,
1789 804 2003 876 injicie-

419 898 587 952 bant:
617 898 974 966 quamobrem
1014 897 1338 952 continuato
1381 911 1478 965 per
1519 911 1615 951 sex
1645 897 1809 953 horas
1849 910 2001 968 pros-

422 991 515 1056 lio,
543 992 670 1047 dum
696 991 894 1046 Persas
933 990 1003 1045 ab
1037 988 1190 1044 urbis
1233 988 1384 1044 aditu
1423 988 1738 1044 defensores
1775 989 2001 1059 repelle-

423 1093 578 1149 rent;
606 1084 750 1155 ignis
780 1091 1058 1138 sarmenta
1089 1081 1378 1150 corripuit,
1427 1082 1726 1151 statimque
1767 1082 1996 1136 materia

420 1177 627 1246 reliqua
647 1175 879 1231 ilatmnis
903 1174 1134 1240 exarsit,
1172 1181 1336 1243 atque
1389 1171 1465 1227 ita
1510 1183 1831 1244 consumpta
1884 1189 1999 1227 ma-

418 1269 580 1324 china
611 1270 842 1336 corruit,
871 1267 1051 1323 Persis
1086 1266 1180 1336 qui
1249 1266 1303 1320 in
1340 1266 1481 1336 ipsa‘
1515 1278 1672 1322 erant
1729 1267 1997 1322 ambustis

402 1371 580 1431 atque
611 1362 886 1425 contritis,
923 1362 1161 1431 lapidum
1224 1375 1448 1431 quoque
1499 1361 1768 1431 grandine
1799 1361 1868 1415 ab
1928 1361 1996 1416 iis

416 1456 508 1523 qui
543 1455 594 1509 in
625 1468 780 1508 muro
804 1462 964 1508 erant
987 1453 1300 1523 percussis:
1337 1453 1409 1507 ita
1443 1462 1501 1507 ut
1531 1465 1624 1506 rex
1652 1451 1996 1522 pudibundus

415 1555 754 1614 mastusque
785 1545 1100 1610 recederet;
1135 1544 1437 1613 prasertim
1475 1542 1602 1612 quia
1647 1543 1717 1598 ab
1772 1543 1995 1598 audaci-

413 1635 518 1693 bus
569 1636 927 1707 supernisque
1002 1637 1218 1693 civibus
1287 1649 1619 1706 magnopere
1688 1635 1993 1692 maledictis

413 1727 721 1798 proscissus
747 1727 1105 1783 irridebatur.

485 1818 696 1889 Quippe
748 1833 854 1874 non
907 1818 1102 1873 aderat
1154 1817 1208 1874 in
1243 1818 1379 1874 urbe
1404 1817 1712 1888 episcopus,
1749 1816 1843 1888 qui
1897 1833 1991 1874 eos

411 1908 483 1965 ab
534 1909 625 1964 illa
691 1908 998 1966 temeritate
1033 1919 1435 1980 compesceret:
1474 1925 1596 1964 nam
1627 1912 1816 1980 paucis
1863 1920 1991 1966 ante

409 2003 605 2060 diebus
637 2011 866 2058 mortem
917 2017 1043 2058 cum
1082 2002 1194 2057 vita
1263 2011 1697 2058 commutaverat
1753 2000 1992 2060 Joannes

408 2095 720 2165 episcopus,
767 2093 852 2148 vir
893 2092 1034 2164 frugi
1086 2101 1143 2148 et
1173 2102 1382 2158 castus,
1408 2102 1464 2147 et
1489 2093 1700 2149 sanctis
1747 2094 1992 2150 moribus

409 2186 694 2258 praditus.
748 2185 848 2242 llic
871 2201 903 2242 e
934 2186 1274 2241 monasterio
1304 2185 1708 2241 Cartaminensi
1745 2187 1814 2241 ad
1871 2188 1990 2257 epi-

408 2287 696 2347 scopatum
731 2287 1069 2347 assumptus,
1125 2277 1263 2332 nihil
1289 2279 1356 2332 de
1394 2276 1624 2346 jejunio,
1661 2277 1988 2333 abstinentia

413 2370 715 2440 priscisque
762 2368 1006 2426 moribus
1051 2369 1455 2436 immutaverat,
1480 2371 1574 2425 sed
1602 2370 1691 2424 diu
1720 2378 1991 2438 noctuque

407 2461 463 2516 in
492 2461 834 2517 monasterio
860 2460 1179 2532 perstabat:
1213 2461 1500 2531 opulentos
1521 2470 1704 2516 autem
1726 2461 1986 2525 civitatis,

405 2551 566 2608 laniis
605 2561 849 2622 tempore
871 2560 927 2608 et
961 2551 1294 2608 incursionis
1339 2551 1582 2608 Arabum
1619 2563 1785 2624 atque
1815 2553 1988 2623 pesti-

405 2642 586 2700 lentia
612 2643 854 2714 graviter
876 2643 1258 2708 admonuerat,
1291 2657 1362 2698 ne
1393 2643 1730 2699 frumentum
1769 2645 1823 2700 in
1883 2658 1986 2700 an-

401 2749 564 2792 nona
591 2734 858 2791 cbaritate
879 2736 1304 2806 supprimerent,
1339 2735 1438 2791 sed
1485 2736 1664 2805 potius
1687 2737 1986 2793 venderent

405 2827 885 2898 indigentibusque
915 2829 1304 2894 concederent,
1331 2843 1398 2884 ne
1427 2827 1566 2885 forte
1622 2832 1800 2900 ipsum
1852 2844 1988 2886 ven-

405 2921 545 2978 turis
573 2921 822 2977 hostibus
870 2930 1232 2988 reservarent,
1277 2933 1335 2975 ut
1363 2923 1440 2976 ait
1469 2922 1774 2992 Scriptura,
1828 2922 1986 2992 cujus

405 3012 726 3068 vaticinium
778 3026 942 3068 verax
971 3011 1166 3067 evasit.
1221 3013 1358 3069 iluic
1411 3012 1588 3083 palam
1641 3014 1984 3084 conspicien-

403 3105 532 3160 dum
564 3118 624 3160 se
650 3103 801 3158 dedit
826 3103 880 3159 in
913 3102 1107 3158 altaris
1139 3105 1310 3158 latere
1335 3103 1587 3174 angelus,
1640 3104 1986 3174 bosnumque

2108 713 2348 768 audacia
2371 716 2636 771 adversus
2665 716 2859 774 Persas
2882 733 3232 790 expromens,
3281 725 3577 794 plurimam
3615 746 3684 784 ex

2104 806 2184 860 eis
2213 807 2450 874 pradam
2483 809 2711 879 agebat:
2747 820 2912 880 atque
2945 813 3091 868 hunc
3126 815 3227 886 ipsi
3287 816 3490 884 Persa,
3525 833 3687 891 prout

2103 896 2170 951 ab
2204 895 2272 950 iis
2300 897 2390 966 qui
2416 900 2619 953 mania
2708 901 3002 956 tuebantur
3034 905 3356 974 audiebant,
3403 909 3684 966 Cutricum

2101 987 2466 1059 appellabant.
2527 991 2747 1047 Interim
2784 993 3098 1050 Cancrakus
3161 1011 3328 1067 prope
3359 1004 3554 1057 turrim
3586 1020 3685 1074 per

2101 1081 2464 1150 aquaductusj
2497 1092 2779 1138 exeuntem
2805 1084 2979 1155 ipsum
3011 1087 3079 1140 ad
3108 1089 3343 1157 pradam
3369 1094 3680 1163 regredien-

2103 1179 2320 1241 temque
2348 1171 2702 1230 observabat:
2734 1177 2864 1244 quin
2921 1178 3059 1234 adeo
3119 1184 3444 1253 quandoque
3498 1184 3684 1242 Persa

2101 1260 2323 1318 liberam
2353 1265 2402 1319 ei
2436 1266 2710 1335 praedandi
2760 1275 3085 1336 potestatem
3133 1272 3540 1340 permittebant,
3599 1278 3684 1332 in-

2100 1356 2263 1410 tentis
2291 1357 2346 1410 in
2376 1371 2499 1412 eum
2526 1358 2721 1423 oculis,
2757 1374 2990 1430 moxque
3024 1375 3148 1416 eum
3179 1367 3681 1434 persequebantur,

2095 1455 2260 1518 atque
2300 1449 2375 1504 ita
2434 1450 2614 1507 exitus
2665 1451 2979 1523 reditusque
3015 1454 3191 1511 locum
3245 1459 3679 1528 comperiebant.

2095 1533 2170 1590 Ea
2200 1553 2332 1593 vero
2371 1553 2500 1605 nox,
2530 1555 2653 1610 qua
2694 1541 2846 1597 urbis
2889 1558 3144 1614 suprema
3194 1547 3394 1616 evasit,
3444 1549 3679 1606 obscura

2094 1628 2387 1685 admodum
2435 1639 2492 1685 et
2548 1630 2803 1701 pluvialis
2849 1632 2971 1700 fuit,
3033 1639 3372 1709 contigitque
3423 1652 3481 1696 ut
3542 1643 3681 1700 civis

2093 1720 2310 1790 quidam
2343 1724 2625 1779 monachis
2655 1725 2940 1782 amicalem
2974 1740 3189 1784 canam
3233 1731 3527 1789 instrueret
3553 1737 3679 1791 vino

2093 1809 2160 1864 ad
2188 1810 2413 1866 multam
2444 1823 2657 1868 noctem
2683 1814 3005 1885 prOpinato:
3032 1833 3201 1887 quare
3227 1820 3346 1888 ipsi,
3376 1834 3680 1894 occupante

2093 1915 2306 1966 somno,
2343 1903 2602 1959 excubias
2653 1920 2750 1973 pro
2802 1922 2955 1962 more
2979 1909 3144 1964 solito
3193 1926 3300 1966 non
3361 1921 3675 1971 tenuerunt.

2093 1993 2226 2049 Cum
2254 1994 2417 2066 igitur
2439 1996 2752 2053 Cancrakus
2781 2015 2908 2054 cum
2973 2003 3162 2070 paucis
3214 2004 3349 2071 suis,
3397 2003 3676 2062 Cutricutn

2092 2099 2445 2155 persequens,
2479 2087 2548 2141 ad
2620 2089 2816 2143 mania
2851 2091 3199 2156 accessisset,
3256 2107 3432 2162 neque
3466 2094 3678 2150 clamo-

2093 2195 2207 2235 rem
2242 2180 2582 2235 sustulerunt
2621 2182 2902 2246 monachi,
2937 2198 3112 2253 neque
3144 2183 3351 2254 lapides
3387 2185 3673 2255 iecerunt:

2089 2287 2159 2327 ex
2190 2287 2299 2343 quo
2325 2273 2637 2343 intelligens
2681 2274 2996 2330 Cancrakus
3031 2278 3334 2332 monachos
3367 2293 3562 2334 somno
3593 2281 3678 2336 in-

2091 2363 2334 2434 dulgere,
2372 2367 2554 2420 statim
2618 2366 2794 2422 scalas
2853 2367 3165 2438 militesque
3211 2369 3444 2437 accivit;
3509 2380 3674 2442 atque

2091 2457 2237 2512 illico
2267 2459 2359 2528 qui
2388 2474 2510 2513 cum
2541 2475 2609 2514 eo
2639 2468 2796 2515 erant
2826 2475 2927 2530 per
2947 2463 3304 2531 aquadnctus
3355 2463 3592 2533 ingressi
3616 2466 3670 2520 in

2090 2549 2486 2603 monachorum
2514 2550 2708 2604 turrim
2769 2560 3086 2615 evaserunt,
3140 2551 3319 2621 iisque
3368 2553 3672 2610 interfectis

2089 2639 2226 2694 turri
2253 2641 2412 2709 potiti
2443 2651 2594 2706 sunt,
2634 2657 2866 2711 moxque
2894 2641 3166 2712 applicitis
3193 2645 3262 2699 ad
3295 2646 3494 2700 mania
3548 2663 3672 2701 sca-

2091 2729 2159 2786 lis
2183 2731 2407 2786 nuntios
2439 2730 2506 2786 ad
2540 2746 2720 2802 regem
2770 2731 3053 2788 miserunt.
3087 2731 3166 2788 Eo
3209 2749 3336 2789 casu
3397 2735 3672 2792 intellecto

2087 2823 2178 2894 qui
2207 2823 2514 2893 proximam
2549 2824 2739 2878 turrim
2779 2824 3184 2886 custodiebant,
3222 2825 3464 2883 clamore
3519 2827 3671 2884 edito

2085 2918 2362 2988 suppetias
2383 2915 2668 2973 exstinctis
2689 2917 2969 2972 monachis
2995 2916 3144 2972 ferre
3170 2919 3352 2974 conati
3382 2929 3541 2987 sunt;
3571 2921 3668 2976 sed

2086 3009 2322 3077 frustra;
2351 3011 2460 3065 imo
2481 3026 2548 3066 ex
2595 3011 2675 3065 eis
2725 3009 2970 3065 nonnulli
3008 3011 3221 3082 sagittis
3260 3012 3547 3067 Persarum
3575 3014 3671 3070 icti

2088 3102 2388 3171 perierunt.
2442 3100 2579 3155 Tum
2600 3100 2778 3172 Cyrus
2805 3101 3096 3171 prafcctus
3128 3102 3206 3156 rei
3235 3103 3439 3158 certior
3470 3103 3671 3172 factus,

402 3195 697 3252 adventum
728 3197 1142 3266 pranuntiavit;
1168 3204 1222 3248 et
1246 3204 1506 3263 praeterea
1539 3196 1682 3266 quod
1707 3196 1843 3263 ipse,
1868 3196 1980 3264 jus.
2012 3220 2055 3279 ο
2089 3208 2212 3246 cum
2247 3192 2590 3262 lampadibus
2621 3193 2867 3247 accensis
2897 3194 3245 3257 accurrebat,
3275 3202 3438 3264 atque
3470 3195 3546 3249 ita
3583 3194 3671 3250 fa-

405 3287 543 3344 titia
576 3303 687 3343 sua
720 3303 908 3353 causa,
937 3297 1099 3344 antea
1142 3288 1208 3342 ad
1241 3287 1409 3341 Deum
1446 3287 1786 3356 colligendus
1811 3298 1981 3352 esset,

403 3395 566 3450 quam
599 3382 784 3436 hostes
813 3380 1003 3434 urbem
1061 3380 1417 3434 invaderent:
1469 3395 1591 3450 qua
1632 3379 1813 3434 omnia
1867 3379 1984 3449 ipse

402 3474 660 3529 universo
691 3473 929 3530 civitatis
967 3471 1165 3542 populo
1197 3469 1478 3536 revelavit,
1515 3480 1574 3525 ut
1607 3470 1981 3540 paenitentiam

401 3573 657 3635 agerent,
684 3574 739 3620 et
765 3564 1140 3619 imminentem
1168 3575 1384 3632 poenam
1418 3562 1674 3618 vitarent.

472 3656 591 3714 Jam
623 3671 755 3712 vero
787 3658 968 3711 victus
998 3669 1120 3709 cum
1159 3669 1256 3709 suo
1285 3655 1530 3710 exercitu
1579 3661 1703 3723 post
1752 3653 1981 3723 repetita

401 3749 665 3805 adversus
692 3749 882 3803 urbem
915 3746 1211 3802 certamina
1249 3744 1512 3808 Cavades,
1534 3743 1824 3812 multisque
1849 3759 1979 3798 suo-

402 3857 526 3898 rum
577 3842 798 3898 amissis
825 3881 841 3906 ,
874 3842 1056 3896 animo
1094 3837 1302 3893 fractus
1357 3838 1514 3907 petiit
1551 3848 1608 3891 ut
1643 3839 1748 3893 sibi
1799 3839 1979 3893 tenuis

399 3936 612 4008 argenti
639 3950 852 3991 summa
883 3933 1308 4002 appenderetur,
1343 3945 1452 4001 qua
1493 3940 1738 4000 accepta,
1774 3931 1843 3986 ab
1887 3945 1979 3984 ur-

401 4029 486 4085 bis
510 4028 799 4084 obsidione
848 4027 1172 4081 discederet.
1268 4024 1468 4079 Vernm
1529 4024 1788 4078 Leontius
1845 4021 1977 4077 Bar—

401 4120 597 4190 l’aphi,
628 4119 930 4174 nobilitatis
965 4119 1244 4186 princeps,
1265 4125 1320 4171 et
1356 4115 1532 4186 Cyrus
1582 4115 1899 4184 pratectus;
1922 4124 1977 4168 et

398 4209 598 4266 Paulus
618 4225 958 4275 aconomus,
989 4208 1189 4266 Cavadi
1244 4209 1644 4278 responderunt
1703 4206 1838 4261 velle
1893 4221 1975 4272 se,

399 4312 459 4358 ut
482 4303 596 4373 ipse
625 4303 804 4372 potius
829 4301 1028 4370 segetis
1058 4300 1237 4355 omnis
1264 4300 1494 4370 pretium
1523 4298 1784 4362 solveret,
1811 4313 1974 4368 quam

395 4393 517 4461 ejus
569 4392 846 4447 exercitus
908 4399 1340 4459 consumpserat,
1390 4397 1762 4458 pratereaque
1811 4386 1974 4443 tritici

397 4500 462 4542 ac
487 4486 619 4551 viui,
650 4484 792 4555 quod
817 4501 848 4540 e
892 4484 1044 4552 pagis
1089 4482 1158 4538 ad
1193 4497 1255 4539 se
1307 4484 1610 4538 vehendum
1661 4489 1970 4537 curaverat.

2089 3282 2193 3338 cile
2220 3282 2506 3338 Persarum
2542 3283 2662 3337 telis
2700 3283 2893 3352 patuit,
2925 3285 3018 3352 qui
3047 3285 3100 3339 in
3148 3285 3383 3341 obscuro
3408 3284 3672 3357 degentes

2089 3374 2158 3428 ab
2181 3375 2416 3430 hostium
2439 3373 2639 3445 jaculis
2673 3375 2774 3430 tuti
2825 3384 3001 3430 erant.
3060 3376 3155 3432 Sic
3199 3375 3380 3447 Cyrus
3413 3378 3667 3434 vulnera.

2089 3477 2177 3523 tns
2217 3467 2498 3526 discessit.

2154 3557 2402 3615 Diluculo
2437 3566 2618 3614 autem
2663 3571 2790 3629 rege
2832 3575 2956 3615 cum
3000 3561 3172 3630 copiis
3214 3562 3666 3631 superveniente,

2083 3649 2245 3706 scala
2275 3651 2328 3705 in
2361 3650 2558 3705 mania
2589 3648 2810 3705 directa
2839 3660 2996 3716 sunt,
3025 3661 3081 3706 et
3113 3652 3268 3706 miles
3297 3657 3667 3709 conscendere

2079 3742 2286 3814 jussus.
2310 3741 2447 3798 Tum
2483 3743 2636 3798 multi
2665 3759 2730 3799 ex
2763 3744 2830 3800 iis
2857 3744 2950 3813 qui
2981 3747 3438 3810 conscenderant,
3471 3746 3666 3820 lapidi-

2083 3837 2183 3890 bus
2214 3835 2442 3905 telisque
2469 3836 2738 3905 percussi,
2767 3836 3082 3907 lanceisque
3110 3837 3336 3907 repulsi,
3366 3839 3621 3909 peribant
3645 3855 3661 3895 :

2080 3927 2174 3996 qui
2217 3936 2394 3982 autem
2438 3927 2633 3983 timore
2667 3928 2793 3984 victi
2834 3929 3000 3984 scalis
3041 3929 3387 3996 desiliebant,
3425 3946 3523 3986 eos
3571 3946 3666 3986 rex

2080 4034 2179 4074 ceu
2203 4019 2425 4089 pavidos
2447 4019 2814 4090 fugitivosque
2832 4021 3009 4077 occidi
3030 4020 3274 4090 iubebat.
3293 4022 3661 4090 Quamobrem

2080 4095 2374 4181 resumptis
2402 4113 2603 4169 animis
2632 4113 2831 4179 Persa,
2868 4113 3096 4185 gloriam
3128 4116 3309 4185 potius
3340 4131 3408 4172 ex
3435 4116 3662 4170 victoria

2079 4213 2134 4261 et
2167 4219 2364 4275 pugna,
2401 4205 2485 4260 vel
2521 4215 2668 4262 certe
2703 4216 2930 4263 mortem
2967 4209 3259 4280 pugnando
3292 4219 3503 4280 partam
3542 4208 3662 4264 adi-

2079 4297 2212 4367 pisci
2244 4299 2626 4362 decreverunt,
2651 4313 2814 4370 quam
2843 4315 2873 4354 a
2901 4301 3122 4371 proprio
3147 4317 3273 4373 rege
3296 4301 3573 4357 contemni
3603 4311 3658 4356 et

2078 4391 2284 4455 occidi,
2324 4392 2415 4461 qui
2456 4393 2770 4448 certaminis
2809 4402 3086 4463 spectator
3123 4395 3356 4450 astabat.
3403 4395 3469 4450 Et
3509 4396 3657 4450 cives

2078 4484 2296 4553 quidem
2340 4484 2519 4540 conati
2561 4494 2691 4540 sunt
2733 4486 2927 4541 turrim
2970 4501 3133 4556 quam
3177 4487 3433 4542 tenebant
3475 4486 3657 4542 Persa

395 4577 545 4634 Dum.
563 4590 694 4647 ergo
731 4575 816 4631 his
846 4573 1100 4631 onmibus
1129 4576 1399 4644 angustiis
1449 4588 1668 4645 pressus
1722 4589 1788 4629 ac
1848 4587 1973 4644 pero
2004 4573 2051 4632 ι)
2080 4577 2373 4643 subruere,
2398 4576 2625 4647 jamque
2652 4576 2771 4646 ejus
2803 4579 2984 4634 trabes
3017 4572 3415 4644 dissolvebant;
3445 4579 3541 4634 sed
3575 4579 3659 4633 in-

397 4671 648 4726 turbatus
678 4667 979 4724 discessum
1023 4681 1121 4722 rex
1171 4667 1481 4732 moliretur,
1509 4665 1767 4722 Christus
1792 4665 1842 4720 ei
1876 4679 1975 4734 per

395 4761 571 4818 visum
599 4770 926 4817 nocturnum
952 4759 1208 4830 apparuit
1239 4759 1324 4831 (ut
1357 4759 1497 4815 idem
1540 4770 1730 4829 postea
1777 4773 1973 4813 narra-

395 4852 498 4926 vit)
523 4856 848 4925 promittens
864 4868 925 4910 se
948 4852 1098 4908 intra
1132 4852 1375 4907 triduum
1408 4852 1599 4908 urbem
1625 4853 1678 4907 ei
1734 4865 1858 4907 cum
1888 4852 1975 4908 ci-

392 4945 556 5000 vibus
587 4946 932 5010 traditurum,
956 4944 1050 5016 qui
1098 4943 1304 5000 scelera
1357 4945 1618 5000 adversus
1661 4957 1722 5000 se
1746 4943 1974 5000 commio

395 5040 602 5088 serant.
667 5033 778 5090 Res
797 5045 980 5090 autem
1010 5036 1189 5091 istboc
1225 5033 1385 5090 modo
1414 5043 1632 5105 peracta
1664 5045 1772 5091 est.
1829 5033 1974 5089 Tur-

397 5126 474 5182 ris
501 5127 746 5197 qnadam
776 5128 828 5182 in
884 5137 1042 5199 parte
1085 5129 1238 5185 urbis
1297 5129 1627 5184 occidentali
1682 5130 1972 5183 commissa

393 5217 574 5272 fuerat
624 5219 886 5274 custodia
949 5222 1343 5277 monachorum
1407 5221 1502 5291 qui
1580 5221 1972 5277 monasterium

392 5307 618 5367 Joannis
647 5310 787 5366 Iberi
819 5311 1148 5379 incolebant,
1169 5329 1400 5384 quorum
1425 5314 1596 5370 abbas
1621 5323 1782 5382 gente
1803 5311 1969 5367 Persa

391 5413 531 5460 erat.
600 5402 643 5457 Ε
677 5404 900 5475 regione
946 5405 1117 5460 turris
1177 5406 1337 5476 hujus
1380 5406 1634 5476 vigilibus
1688 5406 1972 5462 monachis

391 5496 635 5561 credita,
691 5505 872 5552 castra
926 5508 1186 5568 posuerat
1222 5500 1330 5552 dux
1381 5499 1598 5568 quidam
1652 5499 1972 5556 Caneraltus

394 5586 665 5660 llaghirns
690 5591 891 5658 dictus,
915 5591 1007 5662 qui
1028 5605 1136 5646 non
1165 5591 1343 5646 solum
1374 5602 1539 5648 noctu
1558 5592 1848 5662 diligenter
1871 5594 1969 5648 ad-

391 5682 671 5752 vigilabat,
703 5699 891 5739 verum
913 5683 1080 5739 etiam
1110 5698 1272 5739 omne
1317 5685 1558 5740 studium
1592 5695 1648 5740 et
1677 5686 1970 5742 artificium

387 5772 596 5845 jamdiu
641 5777 953 5844 adhibebat,
997 5786 1056 5831 ut
1085 5785 1414 5849 stratagema
1477 5778 1698 5850 aliquod
1746 5781 1814 5838 ad
1873 5797 1968 5839 ca-

391 5864 645 5935 piendam
674 5869 866 5928 urbem
889 5869 1244 5942 excogitaret.

2076 4669 2236 4724 terim
2268 4669 2441 4724 altera
2479 4669 2648 4724 turris
2673 4661 2936 4737 occupata
2968 4670 3088 4736 fuit,
3117 4679 3172 4726 et
3203 4685 3328 4724 mox
3361 4670 3490 4736 alia,
3522 4685 3658 4724 moe-

2077 4759 2337 4829 niumque
2372 4758 2686 4815 defensores
2725 4760 2916 4816 occisi.
2955 4759 3149 4816 Petrus
3187 4769 3370 4815 autem
3412 4759 3656 4830 quidam,

2073 4849 2252 4921 patria
2301 4849 2721 4918 llamcarensis,
2765 4851 2970 4923 ingenti
3020 4866 3252 4922 corpore
3295 4852 3400 4919 vir,
3446 4860 3654 4924 partem

2075 4945 2290 5016 aggeris
2324 4946 2675 5017 civitatisque
2713 4946 2865 5003 solus
2904 4946 3300 5003 defendendam
3340 4945 3441 5002 sibi
3479 4946 3656 5000 vindi-

2074 5038 2243 5105 cavit,
2291 5038 2472 5094 ferreo
2513 5040 2741 5096 thorace
2782 5040 3048 5105 munitus,
3093 5038 3325 5095 missilia
3372 5053 3654 5108 spargens,

2073 5130 2272 5188 Persas
2313 5132 2659 5205 pr0pulsans,
2700 5134 2953 5204 quemvis
3000 5134 3146 5189 aditu
3190 5147 3484 5203 egressuve
3529 5147 3657 5203 pro-

2075 5227 2302 5293 hibens,
2345 5227 2578 5298 gigantis
2621 5228 2794 5285 instar
2831 5228 3020 5284 ﬁrmus
3060 5237 3224 5298 atque
3263 5226 3653 5291 inconcussus;

2072 5320 2402 5387 cumquejn
2448 5319 2572 5375 aliis
2613 5320 2822 5376 Amida
2868 5320 3112 5389 partibus
3157 5318 3324 5372 multa
3373 5316 3653 5370 hominum

2075 5411 2244 5465 millia
2292 5412 2582 5481 perissent,
2627 5413 2680 5466 in
2729 5410 3016 5475 cuniculis,
3061 5408 3258 5480 puteis,
3304 5407 3654 5476 templisque,

2073 5505 2315 5574 quinque
2351 5502 2465 5573 jam
2513 5504 2756 5563 turribus
2797 5503 3144 5573 expugnatis,
3187 5503 3298 5571 ipse
3338 5500 3653 5564 incolumis,

2073 5598 2223 5653 nullo
2247 5597 2472 5653 vulnere
2498 5607 2744 5668 accepto,
2773 5596 2896 5668 fuga
2929 5611 2988 5652 se
3017 5596 3297 5653 subduxit.
3329 5594 3503 5650 Persa
3527 5607 3657 5647 vero

2075 5690 2302 5745 ulterius
2335 5691 2608 5761 progressi
2641 5690 2857 5746 cunctis
2888 5688 3158 5746 manibus
3192 5689 3346 5759 potiti
3379 5697 3527 5749 sunt,
3564 5698 3654 5739 re-

2073 5781 2245 5852 pulsis
2269 5783 2574 5853 occisisque
2599 5783 2939 5840 continenter
2963 5798 3060 5854 per
3084 5783 3220 5840 duas
3245 5789 3432 5837 noctes
3458 5791 3654 5832 unam-

2073 5891 2178 5947 que
2214 5875 2358 5931 diem
2399 5877 2717 5937 custodibus
2751 5895 2763 5931 :
2801 5885 3012 5934 actum
3048 5876 3260 5934 demum
3303 5867 3660 5954 descensione

3551 432 3691 500 1158
3784 453 3787 456 ·
