4154 6546
517 386 680 453 4159

1567 385 1971 467 ZACHARI/E
2009 386 2442 447 MlTYLENES
2478 386 2820 447 EPISCOPI

3649 387 3810 457 ma

516 480 682 569 facta
734 507 920 572 portas
971 504 1317 573 reserarttnt,
1370 506 1539 570 atque
1587 500 1875 554 universus
1926 500 2121 569 irrupit
2152 506 2194 560 Α
2225 501 2402 555 dendo
2446 515 2574 569 rege
2614 510 2798 555 nostra
2842 499 3228 556 cobibuerttnt.
3277 499 3560 561 Postremo
3602 505 3811 558 catetus

536 590 812 645 exercitus
841 604 962 643 cum
998 592 1254 643 mandato
1285 589 1450 659 regis,
1478 597 1538 642 ut
1568 589 1744 644 tribus
1775 592 1964 644 diebus
1996 592 2123 646 toti-

538 685 771 750 demque
801 681 1049 735 noctibus
1079 677 1343 750 enjnsque
1371 681 1571 750 gradus
1597 670 1951 747 tliguitatis've
1977 684 2124 737 viros

538 787 603 827 ac
632 770 864 827 feminas
897 771 1297 825 interiunxerunt.
1329 767 1568 824 Exilium
1602 769 1774 824 evasit
1804 785 1909 823 una
1942 770 2122 825 eccle-

540 865 652 929 sia,
684 878 846 933 quant
886 861 1129 931 Magnam
1165 860 1538 931 appellabant,
1570 874 1639 915 χι.
1676 862 2004 931 martyribus
2039 861 2125 915 di-

522 964 694 1019 cata,
726 954 911 1027 regulo
945 955 1176 1023 quodam
1212 951 1556 1015 Christiano,
1589 966 1655 1006 ex
1689 954 1834 1007 Arau
1872 954 2121 1023 regione,

541 1047 683 1116 apud
719 1062 900 1115 regem
938 1045 1334 1110 intercedente,
1363 1046 1455 1116 qui
1488 1060 1606 1100 eam
1644 1045 1857 1115 plenam
1891 1045 2126 1101 homini-

542 1139 645 1193 bus
674 1136 885 1191 servari
918 1136 1162 1194 indulsit.

526 1300 531 1301 ,
616 1251 822 1315 Triduo
854 1253 1073 1321 detnmn
1109 1261 1337 1316 exacto,
1371 1255 1681 1307 vastitatem
1719 1268 1813 1308 rex
1850 1253 2123 1317 inhibuit,

527 1344 899 1412 ,deptttatiqne
930 1343 1081 1398 luere
1108 1342 1360 1398 custodes
1390 1344 1685 1411 spoliorum
1712 1344 1911 1399 :ediutu
1939 1360 2127 1399 sacra-

532 1451 664 1501 rum
714 1444 876 1503 atque
919 1434 1276 1501 palatiorum,
1325 1446 1386 1489 ut
1432 1436 1695 1506 quidquid
1745 1446 2123 1492 coacervatum

531 1527 744 1591 .fuerat,
768 1526 878 1595 regi
907 1534 1188 1581 servarent
1217 1548 1229 1582 :
1256 1526 1346 1596 qui
1372 1527 1541 1581 etiam
1571 1527 1870 1593 mandavit,
1897 1538 1954 1580 ut
1979 1528 2127 1582 occi-

544 1634 728 1673 sorum
759 1619 1066 1687 conquisita
1095 1618 1360 1677 cadavera
1390 1628 1543 1671 extra
1569 1618 1963 1675 occidentalem
1994 1635 2124 1688 por-

548 1721 656 1765 tam
698 1709 1045 1775 ell‘errentnr,
1086 1719 1145 1764 ut
1191 1710 1306 1779 ipse
1351 1720 1537 1778 postea
1583 1726 1678 1779 per
1714 1712 2123 1765 meridionalem

546 1802 941 1871 ingrederetur.
975 1802 1306 1857 Coaccrvata
1350 1803 1530 1871 itaque
1566 1813 1694 1857 sunt
1731 1812 1786 1857 et
1831 1805 1970 1859 inter
1999 1803 2127 1858 ραυ-

2229 592 2419 651 viurti.
2450 608 2573 645 cum
2606 595 2848 647 omnium
2883 592 3157 649 artificum
3191 593 3375 657 turba,
3408 594 3558 663 regio
3587 595 3813 649 servitio

2223 702 2319 741 seu
2350 686 2650 754 captivitati
2680 687 2880 742 addicti
2914 687 2966 742 in
2997 685 3281 749 Persidem
3311 703 3341 741 a
3376 687 3607 742 militum
3644 702 3804 741 manu

2210 778 2657 835 deducebantur.
2685 779 2815 837 Post
2840 781 2957 836 haec
2984 781 3230 838 nonnulli
3258 783 3325 838 de
3346 782 3593 837 exercitu
3629 796 3807 853 regem

2225 872 2487 931 adeuntes
2513 871 2593 927 sic
2616 887 2741 928 eum
2769 871 2915 929 atrati
2938 882 3065 928 sunt
3092 890 3108 929 :
3131 873 3356 944 Cognati
3384 876 3560 930 nostri
3588 874 3811 930 fratres-

2212 977 2332 1031 que
2357 962 2427 1017 ab
2453 963 2613 1033 hujus
2640 964 2790 1021 urbis
2816 965 3033 1022 civibus
3058 964 3111 1020 in
3141 966 3332 1036 przelio
3360 968 3605 1036 percussi
3634 967 3811 1037 perie-

2227 1063 2383 1120 runt;
2421 1056 2761 1125 postulamus
2797 1057 2987 1127 igitur,
3025 1066 3083 1113 ut
3121 1058 3367 1115 decimus
3405 1059 3637 1131 quisque
3676 1060 3811 1119 civis

2216 1148 2520 1203 ulciscendi
2567 1150 2742 1219 gratia
2789 1150 2945 1205 nobis
2988 1151 3259 1207 tradatur.
3301 1152 3513 1223 Reapse
3560 1154 3810 1209 instituto

2226 1238 2465 1303 calculo,
2499 1240 2545 1295 is
2580 1255 2840 1297 munerns
2871 1255 2901 1295 e
2933 1242 3132 1301 civium
3167 1252 3311 1298 C(Bltl
3346 1259 3640 1301 concessus
3676 1246 3809 1310 fuit,

2228 1346 2365 1399 quos
2393 1334 2686 1401 exquisitis
2714 1336 3054 1393 cruciatibus
3086 1348 3442 1399 necaverunt.
3477 1336 3592 1393 lies
3626 1347 3808 1397 autem

2226 1418 2284 1472 in
2316 1418 2508 1473 balneo
2537 1419 2855 1485 Barzainabi
2890 1424 3040 1488 lavit,
3065 1435 3121 1481 et
3148 1427 3326 1483 hieme
3348 1439 3541 1483 exacta
3572 1429 3708 1485 urbe
3736 1429 3813 1483 di-

2227 1511 2597 1580 grediebatur,
2640 1514 2829 1570 relicto
2872 1517 2939 1571 ad
2978 1532 3100 1575 eam
3144 1521 3432 1588 regendam
3473 1520 3677 1592 Eglone
3719 1523 3807 1575 tri-

2224 1607 2373 1660 buno
2407 1607 2654 1671 millitum
2689 1624 2809 1663 cum
2847 1610 2967 1665 aliis
2996 1612 3213 1667 duobus
3246 1612 3502 1676 ducibus,
3537 1612 3814 1679 tribusque

2230 1698 2460 1753 militum
2483 1701 2720 1755 millibus
2745 1706 2811 1755 ad
2838 1703 3174 1770 praesidium,
3200 1719 3300 1759 nec
3325 1720 3431 1760 non
3450 1704 3661 1760 Joanne
3686 1702 3816 1758 Bar-

2229 1790 2398 1851 Ballta
2427 1795 2712 1862 optimate,
2740 1806 2797 1851 et
2826 1795 3021 1865 Sergio
3044 1796 3451 1863 iBar-Zabduui,
3479 1799 3571 1868 qui
3604 1798 3809 1853 militia:

538 1896 773 1955 rendunt
802 1904 1086 1949 numerata
1108 1894 1429 1948 cadaverum
1458 1895 1731 1961 octoginta
1761 1896 1957 1959 millia,
1988 1911 2125 1966 pne-

2231 1897 2546 1952 praeessent.

536 1995 630 2041 .ter
660 1986 749 2041 illa
781 2000 904 2055 quae
936 1985 1015 2039 vel
1049 1999 1226 2040 mersa
1256 1986 1550 2050 cuniculis,
1582 1986 1662 2041 vel
1695 1988 1747 2039 in
1782 2000 1972 2053 puteos
2003 2004 2127 2056 prn-

531 2077 721 2145 jeeta,
774 2078 856 2131 vel
907 2077 960 2132 in
1011 2078 1171 2131 atriis
1224 2078 1413 2132 relicta
1470 2076 1713 2132 fuerunt.
1764 2078 1970 2135 Deinde
2031 2096 2126 2135 rex

538 2170 827 2229 ecclesiam
874 2169 1180 2237 ingressus,
1222 2179 1367 2223 eum‘
1396 2167 1467 2223 ibi
1520 2168 1732 2222 Domini
1784 2170 1953 2225 nostri
1997 2169 2125 2224 Iesu

536 2263 747 2319 Christi
779 2262 874 2332 qui
907 2262 1115 2318 Galilaai
1147 2262 1333 2316 habitu
1367 2261 1617 2331 depictus
1646 2271 1795 2325 erat,
1834 2262 2124 2332 imaginem

535 2355 869 2421 aspexisset,
904 2354 1189 2425 cuiusnam
1226 2370 1290 2409 ea
1324 2364 1469 2409 esset
1505 2365 1854 2424 percontatus
1878 2366 2005 2421 est;
2044 2372 2128 2410 re-

540 2449 937 2517 spondentibus
966 2459 1145 2503 autem
1176 2448 1268 2517 qui
1298 2447 1560 2513 aderant,
1592 2448 1687 2503 Dei
1719 2447 2124 2505 Nazarenorunt

537 2555 664 2595 esse
682 2540 998 2608 imaginem,
1024 2537 1286 2593 inclinato
1314 2554 1409 2593 rex
1436 2550 1565 2595 ante
1590 2539 1736 2593 illam
1765 2540 1977 2609 capite:
2004 2538 2122 2605 llic,

540 2633 742 2704 inquit,
788 2632 918 2687 milii
950 2633 1129 2687 dixit:
1164 2632 1445 2699 Remane;
1490 2635 1787 2705 urbemque
1830 2650 1860 2689 a
1905 2650 1990 2691 me
2033 2636 2127 2691 tibi

540 2727 865 2780 tradendam
895 2735 1117 2794 propter
1144 2724 1346 2779 civium
1378 2725 1609 2791 scelera,
1637 2741 1791 2796 cape.

2298 1974 2548 2039 Proxima
2592 1993 2722 2035 vero
2762 1990 2951 2037 testate
2993 1981 3363 2038 adventarent
3403 1983 3652 2038 Amidam
3702 1981 3814 2037 ιιι»

2231 2067 2397 2131 mani,
2416 2068 3078 2129 illucentibusesercitum
3106 2070 3348 2128 Patricio
3372 2087 3631 2144 supremo
3656 2073 3813 2135 duce.

2220 2172 2499 2228 provectae
2526 2161 2706 2218 aetatis
2732 2163 2882 2230 viro,
2912 2174 2967 2220 et
2995 2175 3148 2221 recto
3174 2181 3239 2221 ac
3262 2166 3446 2234 ﬁdeli,
3474 2167 3570 2223 sed
3600 2167 3814 2231 consilii

2224 2251 2412 2321 inope,
2433 2268 2554 2309 eum
2581 2253 2837 2325 ll-ypatio,
2856 2257 3052 2312 Celere
3070 2259 3360 2329 magistro,
3381 2268 3438 2315 et
3453 2259 3768 2314 Areobindo
3786 2278 3810 2314 ς

2222 2348 2548 2414 quibuscum
2595 2358 2717 2403 erat
2758 2351 2928 2405 etiam
2976 2350 3226 2407 Justinus
3272 2366 3459 2407 cernes
3489 2392 3507 2419 ,
3549 2352 3643 2424 qui
3695 2362 3811 2422 post

2223 2442 2578 2503 Anastasium
2606 2457 2901 2513 purpuram
2929 2444 3127 2500 induit.
3157 2445 3219 2501 Ili
3248 2446 3465 2507 collatis
3486 2448 3694 2501 viribus
3720 2463 3811 2501 ur.-

2224 2534 2352 2589 bem
2387 2545 2619 2605 quatere
2652 2535 2793 2591 bello
2827 2547 3133 2607 cmperunt,
3168 2539 3412 2594 turribus
3448 2540 3661 2608 ligneis,
3694 2555 3812 2593 ma-

2223 2625 2431 2693 dtinis,
2473 2628 2770 2695 cuniculis;
2806 2640 3090 2699 porta-que
3131 2632 3255 2700 ipsi,
3301 2632 3386 2687 cui
3428 2646 3625 2689 nomen
3674 2631 3818 2687 Mar—

2228 2717 2436 2783 Zoane,
2462 2721 2644 2789 ignem
2676 2720 2984 2790 iniecerunt
3012 2737 3028 2776 :
3058 2737 3247 2779 verum
3280 2724 3529 2795 ingressu
3558 2726 3813 2795 prohibiti

540 2858 543 2861 .
619 2819 711 2873 Sic
746 2820 908 2887 igitur
942 2816 1036 2870 Dei
1071 2827 1205 2872 nutu
1242 2818 1441 2872 tradita
1476 2818 1660 2873 Persis
1694 2820 1848 2885 urbe,
1882 2820 2130 2876 Cavatles
2160 2840 2161 2843 ‘
2222 2828 2265 2866 σο
2295 2811 2480 2867 Pen“
2507 2823 2659 2877 ὃυιιῑν
2685 2814 2779 2883 «ιυί
2811 2827 3024 2882 Dor-iam
3053 2816 3238 2873 deﬂuo
3264 2818 3616 2882 ειαυὸθηιηιῖ
3648 2833 3820 2888 illum!

546 2907 741 2975 insons
788 2908 997 2976 argenti
1042 2909 1254 2976 pondus
1292 2924 1686 2979 sacrorumque
1730 2927 1982 2967 vasorum
2027 2928 2129 2967 au-
2228 2905 2437 2960 frustra
2464 2906 2613 2961 fuere
2646 2907 2898 2972 Romani,
2929 2923 3104 2979 neque
3137 2910 3326 2967 urbem
3360 2922 3538 2967 marte
3565 2913 3819 2967 obtinere

542 3015 803 3065 reorum,
848 2999 1121 3067 aliamque
1169 3000 1463 3068 pretiosam
1511 3004 1902 3074 supellectilem
1944 3006 2129 3077 cepit.

2232 3009 2548 3067 potuerunt.
2581 2997 2700 3054 lam
2733 3012 2937 3069 quanta
2967 3001 3132 3057 fuerit
3161 3004 3340 3075 pepuli
3374 3006 3623 3073 angustia
3657 3004 3819 3059 famis

546 3107 670 3160 qua:
712 3102 840 3147 ante
880 3105 1079 3161 paucos
1119 3106 1294 3147 annos
1330 3092 1511 3165 legata
1552 3096 1738 3153 fuerat
1780 3099 2023 3155 ecclesia:
2064 3101 2133 3155 ab
2233 3105 2575 3161 causa,_qua:
2606 3092 2660 3147 in
2692 3092 2808 3150 dies
2836 3096 3117 3162 saeviebat,
3150 3097 3289 3152 adeo
3317 3108 3376 3152 ut
3405 3096 3557 3153 cives
3586 3098 3819 3153 invicem

550 3178 738 3233 Isaaeo
766 3179 922 3233 Baral
953 3180 1086 3244 lilio,
1110 3180 1386 3236 consulari
1415 3183 1531 3237 viro
1557 3197 1611 3238 et
1638 3187 1782 3240 inter
1805 3188 1953 3243 cives
1976 3190 2129 3245 valde
2158 3226 2204 3285 ο
2236 3182 2598 3249 ἀενοτπεηις
2632 3198 2905 3255 quamque
2938 3194 3079 3242 ielI'a
3108 3198 3163 3243 el
3196 3190 3564 3260 Iacrymu’hilis
3594 3190 3665 3245 δῖι
3692 3191 3819 3245 Nec

542 3273 826 3341 opulento.
866 3271 1087 3342 Repetit
1124 3272 1290 3331 etiam
1334 3288 1585 3344 magnam
1620 3278 1811 3348 optimi
1851 3280 1959 3335 vini
1996 3283 2126 3349 vim,

549 3367 616 3418 ad
656 3363 840 3419 ﬁerem
874 3380 1045 3435 usque
1077 3367 1363 3433 essiecati,
1397 3370 1538 3438 quod
1574 3373 1743 3425 moris
1777 3385 1897 3427 erat
1932 3375 1985 3429 in
2023 3377 2136 3433 sole

553 3472 651 3526 per
672 3457 1012 3526 septcunium
1037 3458 1319 3525 collocari,
1342 3469 1510 3531 atque
1533 3460 1607 3516 ita
1634 3464 1849 3518 aridum
1874 3466 2136 3524 solidum-

548 3561 657 3616 que
690 3546 826 3602 iieri.
858 3545 970 3602 Hoc
998 3546 1050 3601 in
1080 3548 1355 3618 puluerem
1387 3552 1665 3607 redactum
1697 3553 1949 3611 solebant
1976 3572 2133 3614 teco-

552 3638 700 3693 nomi
732 3638 789 3693 in
816 3638 1101 3695 itineribus
1131 3654 1317 3696 secum
1351 3641 1519 3709 ferre,
1548 3644 1709 3701 lineis
1738 3648 1973 3703 sacculis
2002 3664 2136 3719 pure

549 3732 874 3801 repositum,
895 3730 1122 3803 ejusque
1146 3742 1363 3793 tenuem
1384 3745 1603 3804 partem
1631 3740 1833 3807 potioni
1863 3742 2136 3800 admisce.

551 3822 704 3887 bant,
748 3823 801 3877 id
838 3825 981 3894 quod
1024 3824 1134 3879 vini
1181 3840 1435 3896 saporem
1478 3839 1810 3900 gestumque
1846 3832 2134 3901 reddebat,

550 3914 756 3983 ignaris
776 3926 962 3973 autem
992 3917 1132 3970 lanna
1167 3917 1217 3971 id
1247 3933 1400 3978 esse,
1422 3932 1658 3974 .crocum
1680 3922 1976 3987 videlicet,
2012 3939 2138 3994 per-

551 4008 871 4062 suadeltant.
904 4006 964 4062 ld
999 4009 1109 4063 vini
1145 4024 1315 4079 genus
1348 4027 1680 4082 magnopere
1714 4010 2018 4070 admiratus
2050 4024 2136 4073 est

553 4112 669 4159 res,
709 4113 1005 4168 secumque
1042 4100 1299 4169 abstulit;
1334 4118 1524 4158 verum
1562 4121 1625 4159 ex
1667 4120 1735 4160 eo
1762 4117 2015 4176 tempore
2048 4124 2139 4163 ars

553 4189 860 4257 huiusmodi
887 4193 1302 4263 gastrimargica
1333 4197 1474 4250 inter
1496 4196 2137 4258 Christianosoblivione

552 4280 728 4337 deleta
775 4292 880 4337 est.
920 4283 1127 4335 Aurum
1177 4285 1373 4341 deinde
1420 4299 1815 4359 argentumque
1862 4303 1916 4346 et
1961 4296 2138 4350 omnis

555 4370 792 4440 pretiosa
823 4371 988 4430 vestis
1014 4387 1087 4428 ex
1142 4374 1357 4429 sedibus
1383 4378 1708 4444 optimatum
1741 4381 1967 4439 collecta
1986 4399 2138 4451 prae.

459 4477 462 4483 '
555 4465 915 4522 fertisazrarii
950 4467 1308 4536 regii-tradita
1339 4467 1437 4523 fuit
1466 4486 1482 4525 :
1512 4482 1706 4526 Statum
1730 4489 1947 4543 quoque
1974 4479 2139 4544 depo.

2232 3276 2502 3341 narratio,
2543 3278 2596 3333 in
2634 3282 2886 3349 sequenti
2921 3283 3161 3348 capitqu
3196 3284 3375 3353 palam
3409 3285 3526 3351 fiet,
3566 3283 3659 3340 ubi
3696 3284 3825 3342 belli

2232 3367 2548 3424 Amidensis
2578 3368 2865 3427 historiam
2897 3387 3218 3444 persequor.

2894 3508 3049 3566 CAP.
3091 3512 3161 3566 Χ.

2666 3621 2743 3678 De
2780 3623 3134 3694 redemptione
3166 3628 3393 3683 Amida.

2306 3730 2556 3788 Cavades
2590 3748 2707 3798 rex,
2741 3748 2867 3790 eum
2902 3738 2969 3790 ab
3005 3738 3140 3793 urbe
3174 3739 3387 3804 Amida,
3427 3742 3503 3795 uti
3541 3756 3705 3813 supra
3741 3743 3826 3799 di-

2235 3825 2385 3872 ctum
2404 3828 2518 3883 est,
2546 3835 2668 3875 cum
2696 3825 2938 3883 exercitu
2964 3827 3288 3893 discederet,
3314 3832 3535 3898 reiiomit
3562 3834 3633 3889 ibi
3666 3834 3825 3904 Eglo-

2236 3922 2363 3962 nem
2396 3912 2611 3975 ducem,
2641 3914 2886 3982 duosque
2908 3918 3221 3988 praefectos,
3250 3933 3303 3975 et
3336 3926 3439 3977 tria
3472 3925 3698 3982 circiter
3721 3931 3823 3985 mi-

2236 3999 2393 4057 litum
2430 4001 2605 4057 millia
2642 4008 2882 4075 praesidii
2917 4025 3123 4079 causa,
3164 4028 3288 4068 eum
3329 4016 3539 4074 duobus
3585 4022 3823 4076 tribusve

2239 4092 2590 4159 optimatibus
2618 4099 2847 4169 aliisque
2870 4104 3110 4169 eiusdem
3130 4108 3298 4163 urbis
3322 4107 3651 4166 botninibus.
3680 4112 3815 4167 Cum

2238 4195 2419 4243 autem
2464 4190 2709 4256 praedicti
2752 4193 3122 4255 [seruauerunt
3158 4198 3330 4255 duces
3365 4202 3612 4257 Amidam
3650 4219 3823 4273 estm-

2238 4295 2408 4349 gnare
2430 4298 2786 4355 nequaquam
2828 4291 3171 4355 potuissent,
3210 4290 3480 4350 Patricius
3512 4300 3731 4353 tandem
3768 4304 3820 4354 in

2239 4370 2531 4427 Persarum
2579 4385 2754 4431 terras
2798 4381 3118 4446 descendit,
3162 4384 3517 4456 captivosque
3561 4389 3725 4456 ferit,
3769 4402 3823 4448 et

2241 4467 2448 4518 inunita
2468 4470 2704 4523 castella
2732 4472 2971 4526 obtituiit
2994 4490 3009 4528 :
3035 4472 3378 4533 Arcobindus
3404 4494 3534 4535 vero
3561 4490 3616 4537 et
3644 4483 3819 4556 Hypa-

553 4559 673 4615 sitze
693 4568 921 4625 smit,.et
947 4558 1219 4629 horologia
1249 4559 1497 4629 (solaris)
1518 4563 1813 4632 etpttblica
1841 4580 2129 4632 marmora,
2165 4572 2210 4629 Ι)
2242 4558 2350 4613 ιίιιε
2390 4557 2600 4614 Νίεῖιὶίη
2646 4564 2884 4629 acerem
2932 4576 3084 4630 sum.
3126 4582 3438 4638 quanquam
3470 4572 3604 4640 ejus
3638 4578 3822 4631 nunti-

553 4659 609 4702 et
640 4664 717 4703 ωε
749 4663 942 4714 entne,
972 4660 1028 4705 et
1060 4650 1323 4720 quidquid
1354 4651 1569 4706 libitum
1602 4652 1733 4715 fuit.
1771 4656 2136 4713 tumultuariis

553 4739 770 4810 scamnis
814 4741 1124 4810 impositum
1173 4756 1271 4813 per
1312 4743 1550 4814 Tigrim,
1596 4748 1688 4816 qui
1730 4760 1941 4818 partem
1986 4752 2136 4807 urbis

552 4832 875 4891 orientalem
898 4832 1241 4903 prmterliuit.
1272 4835 1328 4889 in
1358 4835 1633 4893 Persidem
1662 4838 2032 4897 deferebatur.

624 4921 887 4992 Conqttiri
930 4922 1129 4979 deinde
1156 4940 1263 4983 .rcx
1297 4924 1461 4994 jussit
1500 4931 1655 4985 urbis
1692 4934 2045 5003 magistratus
2080 4945 2137 4995 et

553 5015 975 5085 gubernatores,
1009 5017 1169 5085 eique
1191 5018 1365 5075 oblati
1400 5031 1532 5078 sunt
1574 5021 1830 5079 Leontius
1869 5036 1924 5080 et
1962 5027 2137 5098 Cyrus

556 5104 876 5173 praefectus,
922 5108 1017 5175 qui
1066 5109 1174 5165 telo
1220 5110 1536 5173 vulneratus
1578 5115 1793 5180 fuerat,
1838 5118 2138 5188 reliquique

556 5199 740 5252 duces.
765 5196 902 5253 Nam
928 5214 1271 5261 aesomnium
1300 5203 1519 5274 quidem
1550 5206 1776 5264 Paulum
1798 5209 2138 5268 Bar-Zainab

557 5285 737 5343 Persae
770 5288 1197 5360 trucidaverant,
1231 5309 1302 5351 ne
1336 5294 1385 5350 is
1419 5294 1558 5352 forte
1591 5299 1705 5368 regi
1738 5299 1844 5355 vim
1873 5316 2135 5370 magnam

555 5377 676 5433 auri
706 5382 1077 5449 renuntiaret,
1106 5397 1226 5454 quae
1253 5385 1395 5456 apud
1425 5385 1600 5455 ipsum
1628 5401 1915 5459 comperta,
1934 5390 2135 5447 fuerat.

556 5466 843 5527 Leontium
881 5473 1078 5531 deinde
1110 5484 1167 5532 et
1198 5475 1402 5548 Cyrum
1437 5488 1588 5536 veste
1621 5482 1842 5539 sordida
1881 5482 2137 5553 indutos,

556 5559 685 5616 fune
728 5562 891 5627 suillo
931 5566 1090 5625 collis
1134 5568 1380 5640 illigato,
1422 5586 1728 5643 poreasque
1772 5574 2018 5633 femellas
2059 5580 2140 5634 eis

558 5655 919 5724 impatientes,
940 5658 1325 5730 trahentesque
1349 5661 1584 5720 infamia:
1605 5680 1768 5721 causa
1791 5667 2136 5727 clamabant:

558 5744 674 5801 Hoc
693 5747 985 5817 opprobrio
1017 5749 1163 5821 digni
1198 5762 1327 5808 sunt
1358 5753 1600 5823 prmfecti
1636 5758 1711 5813 illi
1746 5759 1839 5829 qui
1876 5760 2015 5817 male
2049 5776 2141 5817 ur-

554 5838 680 5919 bem
721 5854 876 5903 suam
918 5851 1198 5911 texerunt,
1239 5832 1414 5916 neque
1454 5846 1571 5920 ejus
1612 5851 1868 5922 populum
1907 5853 1979 5908 ab
2019 5852 2139 5929 irri-

2239 4649 2418 4707 tiones
2450 4666 2729 4722 occupare
2768 4654 2971 4709 frustra
3012 4660 3197 4713 conati
3236 4672 3396 4726 sunt,
3440 4664 3656 4722 civibus
3698 4668 3821 4724 licet

2240 4745 2518 4802 Romanos
2551 4748 3018 4813 desiderantilms,
3049 4751 3280 4822 ilicoque
3306 4755 3622 4825 languidius
3646 4763 3821 4817 resis—

2239 4841 2496 4897 tentibus.
2523 4839 2904 4898 Reintelleeta
2929 4844 3170 4900 Cavudes
3190 4862 3324 4902 eum
3355 4853 3599 4907 exercitu
3630 4865 3818 4911 contra

2240 4931 2832 5003 Roittanoszprolectus
2862 4945 2947 4990 est
2966 4975 2981 5000 ,
3010 4937 3102 5005 qui
3135 4954 3195 4991 se
3224 4938 3368 5009 fugte
3398 4945 3820 5013 commiserim,

2238 5026 2576 5079 Areoltimlns
2614 5028 2838 5097 quidem
2870 5044 2942 5082 ex
2990 5044 3122 5095 agro
3157 5031 3609 5100 Arzamenormn,
3640 5038 3821 5095 Patri-

2239 5117 2356 5171 eius
2384 5132 2515 5172 vero
2538 5129 2595 5173 et
2614 5118 2888 5190 Hypatius
2904 5136 2943 5174 te
2971 5122 3195 5191 Siphria
3216 5126 3469 5194 castello,
3500 5129 3709 5186 relictis
3735 5145 3820 5186 ca-

2239 5209 2369 5263 stris
2400 5209 2917 5282 impedimentisque
2946 5214 3080 5276 suis,
3106 5228 3174 5269 ac
3204 5216 3391 5272 multis
3417 5220 3576 5288 equis
3606 5223 3825 5292 (praeter

2240 5301 2363 5355 illos
2392 5302 2601 5371 quibus
2634 5303 2736 5373 ipsi
2770 5304 3105 5377 insidebant)
3140 5309 3233 5378 qui
3258 5322 3328 5364 se
3362 5312 3588 5381 rupibus
3628 5315 3821 5383 praeci-

2240 5394 2381 5464 pites
2420 5395 2722 5461 dederunt,
2760 5406 2817 5453 et
2852 5399 2935 5453 vel
2983 5401 3225 5469 graviter
3257 5402 3533 5460 vulnerati
3573 5416 3707 5462 sunt
3740 5408 3823 5462 vel

2240 5488 2489 5541 distracti
2535 5489 2841 5557 perierunt.
2889 5490 3042 5548 Unus
3087 5494 3232 5550 inter
3272 5495 3376 5552 bos
3422 5497 3823 5557 Pbarazmenes

2242 5577 2477 5633 ieiiciter
2496 5594 2643 5651 sape
2667 5584 2945 5652 pugnavit,
2973 5598 3240 5657 suumque
3266 5602 3465 5644 nomen
3489 5589 3699 5659 jamdiu
3729 5608 3821 5647 no-

2244 5681 2356 5727 tum
2385 5671 2900 5745 t‘ormidandnmquc
2926 5675 3109 5734 Persis
3135 5681 3466 5748 reddiderat,
3487 5700 3635 5754 quos
3659 5686 3824 5741 variis

2243 5765 2689 5835 aggressionibps
2730 5770 2966 5839 carptim
3016 5771 3294 5828 minuebat
3338 5779 3821 5848 consumebatque,

2244 5857 2315 5911 ita
2364 5866 2421 5912 ut
2467 5858 2641 5915 timidi
2686 5872 2812 5916 ante
2855 5862 3030 5929 ipsum
3076 5876 3418 5923 corruerent.
3467 5867 3559 5926 llic
3607 5866 3822 5926 demum
