4154 6560
306 448 439 516 1161
1372 451 1473 510 EX
1510 447 1873 509 HISTORIA

1978 446 2511 511 ZCLESIASTICA.
3406 447 3439 511 '1
3454 446 3553 511 162

286 582 429 624 eum
452 563 771 635 quingentis
806 562 1076 634 equitibus
1102 562 1351 616 Amidam
1387 564 1647 625 accessit,
1681 559 1873 629 erepit-
1900 562 1950 621 Α
1977 560 2311 613 conditiones
2328 558 2624 628 Persisjam
2644 558 2935 613 debilitatis
2955 560 3149 616 obtulit
3170 562 3548 630 :quamobrem

304 674 415 730 que
442 657 670 714 insidias
698 666 910 711 struere
936 656 1137 720 Persis,
1163 655 1252 723 qui
1283 655 1591 722 pabulatum
1624 654 1676 707 in
1709 667 1875 722 pagos
1981 651 2294 706 sedentibus
2320 653 2372 703 in
2401 648 2549 704 urbis
2575 660 2724 718 porta
2756 650 3122 707 Romanorum
3155 652 3551 724 Persarumque

298 751 557 812 exibant.
600 763 740 818 quos
788 747 984 817 partim
1030 747 1338 808 occidebat,
1384 746 1581 815 partim
1627 748 1877 817 gregibus

306 840 574 908 equisque
600 839 884 909 spoliabat.

376 931 556 987 Perid
586 940 799 998 tempus
824 930 1250 984 Pbarazmenem
1278 929 1412 984 adiit
1435 931 1515 983 vir
1535 930 1762 985 Callidus
1788 941 1873 984 cm
1904 920 1921 935 ’

288 1038 502 1091 nomen
531 1021 802 1086 Gadanas,
831 1035 862 1076 e
891 1036 1030 1091 pago
1054 1022 1422 1085 Acbedorum,
1450 1038 1608 1091 quem
1636 1038 1735 1093 ego
1762 1024 1876 1091 ipse

294 1116 373 1183 Ide
398 1114 535 1170 facie
557 1113 707 1181 novi,
729 1114 983 1182 cepitque
1006 1128 1127 1167 cum
1156 1129 1221 1167 eo
1248 1114 1530 1168 consilium
1561 1116 1718 1169 dandi
1746 1131 1877 1184 ope—

290 1223 421 1277 ,ram
459 1216 579 1262 astu
616 1206 798 1275 aliquo
831 1215 886 1261 et
923 1204 1109 1259 fraude
1145 1216 1202 1259 ut
1237 1205 1406 1274 Eglon
1440 1205 1732 1260 Persarum
1767 1209 1875 1260 dux

304 1313 429 1351 cum
475 1299 729 1353 trecentis
765 1296 845 1351 vel
882 1296 1289 1367 quadringentis
1328 1299 1598 1366 equitibus
1636 1315 1700 1354 rx
1744 1300 1877 1356 urbe

305 1390 568 1459 prodiret.
603 1387 795 1443 Clarus
830 1396 1058 1442 venator
1091 1396 1210 1442 erat
1252 1388 1505 1445 Gadanas
1542 1391 1873 1446 silvestrium

304 1482 569 1543 ferarum,
597 1481 873 1550 perdicum
905 1489 960 1534 et
988 1479 1382 1546 columbarum,
1408 1493 1632 1550 eratque
1662 1486 1709 1538 ei
1744 1485 1878 1539 liber

304 1586 562 1627 accessus
590 1573 655 1624 ad
688 1570 970 1641 Eglonem,
1003 1571 1089 1625 cui
1122 1572 1188 1625 de
1217 1587 1315 1626 suo
1348 1584 1545 1628 venatu
1578 1586 1762 1644 partes
1791 1576 1878 1631 oi-

306 1660 538 1727 l'erebat,
579 1677 775 1716 mensa:
816 1676 1030 1731 queque
1069 1662 1309 1732 ejusdem
1355 1664 1659 1733 adhibitus;
1700 1682 1728 1720 a
1771 1682 1879 1737 quo

304 1752 547 1807 vicissim
598 1754 803 1807 urbana
847 1754 1021 1808 ollicia
1070 1753 1214 1808 baud
1256 1765 1404 1811 certe
1449 1756 1674 1813 minoris
1718 1759 1875 1827 pretii

307 1843 653 1911 impetrabat.
690 1844 784 1897 llic
819 1845 1035 1899 tandem
1070 1845 1258 1916 Eglotri
1293 1847 1448 1912 dixit,
1480 1848 1749 1905 Romanos
1784 1865 1876 1919 pe»

307 1935 449 1992 dites
474 1937 559 1992 vix
586 1952 804 2005 aequare
830 1939 1198 1992 centenarium
1231 1955 1542 2003 numerum,
1568 1956 1689 1996 cum
1723 1946 1879 2012 quin-

306 2028 486 2095 gentis
515 2028 808 2099 equitibus,
827 2038 1139 2100 septemque
1170 2030 1391 2086 circiter
1419 2047 1670 2100 passuum
1711 2033 1875 2088 utilli-

308 2116 411 2173 bus
448 2117 517 2172 ab
554 2119 687 2173 urbe
725 2121 919 2175 abesse
959 2121 1012 2174 in
1054 2120 1174 2176 loco
1213 2121 1358 2177 dicto
1400 2122 1603 2178 Habeto
1641 2122 1823 2179 Rohen
1858 2141 1877 2181 ι

306 2223 480 2279 quare
507 2210 681 2265 amice
711 2210 759 2265 ei
792 2211 1074 2277 suadebat,
1102 2223 1161 2266 ut
1192 2213 1258 2266 ad
1293 2213 1578 2283 przedanda
1610 2225 1876 2283 armenta,

306 2299 632 2356 occidendos
658 2300 958 2369 Romanos,
984 2302 1324 2373 gloriamque
1353 2304 1455 2359 sibi
1486 2304 1878 2359 conciliandam

304 2392 569 2462 prodiret.
604 2392 751 2447 Misit
793 2402 971 2449 tamen
1013 2394 1183 2464 Eglon
1224 2395 1627 2466 exploratores,
1662 2397 1751 2466 qui
1796 2412 1881 2452 re—

307 2487 481 2556 gressi
526 2501 728 2556 paucos
772 2488 1044 2542 Romanos
1081 2501 1355 2557 equosque
1394 2503 1453 2543 se
1491 2489 1689 2544 vidisse
1731 2490 1882 2543 dixe-

306 2585 456 2632 runt.
483 2575 621 2631 Tum
645 2578 921 2638 accinctus
946 2578 1114 2649 Eglon
1143 2595 1263 2633 cum
1291 2580 1701 2650 quadringentis
1726 2581 1879 2651 equi-

304 2668 450 2722 tibus
470 2668 627 2732 exiit,
649 2669 821 2737 ipsum
844 2669 1123 2723 Gadanam
1150 2670 1291 2723 ruqu
1317 2672 1627 2741 impositum
1653 2672 1877 2736 ducens,

305 2772 336 2809 a
356 2773 463 2827 quo
485 2757 537 2810 in
562 2758 754 2813 mediis
776 2756 1145 2814 Romanorum
1170 2761 1381 2815 insidiis
1401 2762 1729 2817 constitutus
1746 2761 1878 2815 fuit:

303 2856 470 2917 atque
501 2846 572 2903 ita
608 2846 803 2904 Persas
834 2847 1063 2904 Romani
1096 2850 1371 2905 occisione
1401 2853 1753 2922 occiderunt,
1786 2866 1880 2907 ca-

303 2951 511 3012 putque
544 2939 764 3010 Eglonis
798 2942 849 2996 in
881 2942 1162 2999 castellum
1199 2945 1459 3000 tulerunt.

378 3031 505 3086 llaec
534 3033 708 3088 credes
735 3032 845 3087 filio
870 3032 1091 3103 Eglonis
1120 3051 1372 3107 magnrrrn
1402 3051 1690 3093 maerorem
1717 3037 1882 3093 iram-

303 3139 411 3193 que
446 3122 666 3193 injecit;
701 3126 942 3195 praefecti
976 3138 1156 3183 autem
1193 3131 1465 3186 cautiores
1502 3132 1715 3196 redditi,
1748 3132 1881 3186 civi-

303 3214 408 3271 bus
463 3214 701 3272 obsessis
762 3220 902 3273 Iraud
996 3220 1248 3290 deinceps
1318 3223 1528 3292 copiam
1606 3224 1951 3305 faciebatttc

303 3306 539 3362 exeundi
567 3309 635 3362 ad
654 3310 942 3391 nundinas,
963 3327 1083 3382 quae
1116 3327 1280 3381 prope
1312 3316 1506 3370 muenia
1528 3315 1883 3384 llebant,quo

305 3398 496 3453 rustici
526 3400 732 3465 vinum,
762 3402 1001 3456 triticrrm
1033 3402 1249 3473 aliaque
1276 3404 1328 3459 id
1361 3422 1531 3475 genus
1557 3422 1588 3460 e
1617 3406 1765 3475 pagis
1790 3409 1883 3461 de-

303 3485 573 3558 ferebant,
598 3501 655 3544 ut
681 3491 863 3547 Persis
887 3508 1041 3563 teque
1067 3509 1134 3549 ac
1160 3495 1368 3549 civibus
1393 3498 1687 3551 venderent
1715 3515 1727 3549 :
1760 3514 1880 3551 nam

304 3580 500 3637 delecti
540 3583 749 3653 equites
788 3584 1007 3639 obviam
1052 3584 1202 3652 facti,
1243 3586 1477 3641 rusticos
1517 3589 1878 3655 excipiebant,

302 3682 470 3743 atque
504 3673 557 3728 irt
595 3676 783 3729 urbem
819 3676 1162 3731 deducebant
1197 3694 1210 3730 :
1249 3694 1544 3747 nemoque,
1572 3679 1723 3744 juxta
1764 3680 1880 3731 lau~

304 3765 537 3821 dabilem
564 3767 847 3822 Persarum
875 3770 1042 3843 legent
1069 3771 1201 3839 (12),
1226 3785 1485 3840 pagorum
1512 3771 1698 3824 int-olis
1720 3772 1879 3838 quid-

303 3874 468 3928 quam
512 3861 724 3937 eripere
766 3846 1027 3928 audebat;
1068 3866 1159 3916 sed
1206 3865 1256 3917 Iri
1302 3879 1397 3932 pro
1441 3863 1589 3918 libito
1631 3880 1717 3918 res
1757 3879 1881 3920 suas

305 3952 482 4022 pretio
518 3954 851 4018 vendebant,
894 3956 1243 4024 vicissimque
1280 3958 1331 4011 in
1369 3957 1591 4009 urbanis
1629 3958 1878 4010 nundinis

303 4057 426 4110 qua:
469 4044 568 4096 sibi
615 4059 749 4113 Opus
795 4052 952 4097 erant
998 4048 1336 4099 coemebant.
1383 4046 1762 4101 Verumtamen
1808 4050 1878 4101 ob

302 4129 525 4204 Eglonis
558 4133 795 4203 ejusque
839 4144 1170 4188 armatorum
1214 4138 1450 4201 ctedern,
1498 4138 1577 4190 bac
1628 4140 1877 4192 nundiutc

301 4226 601 4290 desierunt,
628 4239 684 4281 et
712 4227 804 4295 qui
836 4226 1026 4295 reliqui
1057 4233 1216 4279 erant
1247 4226 1300 4279 in
1332 4227 1463 4282 urbe
1490 4231 1800 4298 optimates,
1825 4240 1879 4284 ct

302 4317 582 4372 bornirrurn
618 4319 788 4375 ferme
821 4319 1006 4374 decem
1044 4318 1209 4371 millia
1248 4318 1302 4373 in
1337 4322 1568 4376 stadium
1609 4323 1875 4390 quoddam

302 4407 511 4463 detrusi
544 4407 764 4462 fuerunt
793 4424 822 4462 a
854 4408 1115 4462 militibus
1148 4410 1479 4463 custoditum
1516 4429 1529 4465 :
1563 4412 1655 4482 qui
1687 4413 1877 4467 alimo-

299 4498 387 4553 tria
423 4498 667 4554 destituti
706 4499 841 4553 rrrori
878 4513 1182 4568 creperum,
1216 4510 1497 4571 postquam
1535 4517 1630 4556 sua
1668 4505 1877 4558 calcea-

1980 745 2242 810 ducibus,
2279 746 2500 801 exibant
2537 745 2654 800 sine
2690 751 2857 800 armis
2892 749 3067 801 Persa:
3102 749 3360 817 quidquid
3398 758 3551 818 pote-

1983 846 2105 891 rant
2125 852 2307 892 secum
2338 837 2569 892 ferentes
2593 852 2606 891 t
2635 839 2724 906 qui
2751 850 2929 892 autem
2955 856 2984 893 e
3006 842 3215 895 civibus
3238 858 3331 895 eos
3356 855 3552 910 seque-

1981 928 2196 993 bantur,
2239 931 2391 997 optio
2438 926 2519 983 eis
2572 930 2890 983 nominatim
2946 930 3133 995 flebat,
3178 942 3234 984 ut
3266 933 3548 1001 siquidem

1981 1035 2203 1077 manere
2243 1022 2466 1082 vellent.
2511 1021 2727 1088 liceret;
2771 1037 2926 1076 secus
2974 1022 3144 1076 libere
3192 1038 3314 1076 cum
3367 1023 3549 1078 Persis

1978 1115 2192 1168 abirent
2228 1132 2242 1168 :
2279 1124 2444 1183 atque
2479 1114 2551 1168 ita
2584 1128 2650 1170 ex
2689 1114 2822 1168 urbe
2861 1114 3151 1182 migratum
3194 1114 3312 1168 fuit.
3349 1115 3548 1169 Cavatli

1980 1214 2159 1260 tamen
2191 1216 2405 1260 centum
2433 1220 2595 1273 supra
2623 1206 2907 1261 mille.auri
2939 1207 3118 1276 pondo
3147 1207 3272 1259 data
3302 1214 3426 1259 sunt
3456 1221 3554 1275 per

1972 1296 2220 1351 Celerem
2254 1293 2600 1363 rna'gistrurn,
2633 1295 2922 1363 redemptae
2956 1295 3106 1349 urbis
3136 1295 3393 1364 pacisque
3422 1308 3548 1364 pre.-

1981 1388 2137 1442 tium.
2158 1386 2398 1443 Ftetleris
2413 1386 2735 1454 conscriptae
2760 1386 2951 1439 tabulae
2973 1386 3083 1455 regi
3107 1386 3174 1439 ad
3197 1384 3548 1465 subscribens

1970 1479 2106 1531 dum
2155 1478 2349 1532 oblata:
2398 1477 2645 1539 fuerunt;
2692 1478 2782 1545 qui
2832 1477 3152 1544 interposito
3200 1489 3412 1540 somno,
3458 1490 3555 1544 per

1975 1567 2153 1621 visum
2189 1568 2500 1622 admonitus
2531 1576 2613 1621 est
2650 1582 2718 1622 ne
2754 1581 2938 1635 pacem
2972 1576 3352 1635 componeret;
3385 1581 3554 1636 quare

1975 1666 2328 1727 experrectus
2352 1661 2611 1727 scriptum
2635 1658 2919 1722 conscidit,
2939 1667 2993 1712 et
3017 1658 3068 1711 in
3096 1658 3396 1724 Persidem,
3417 1673 3551 1712 auro

1976 1763 2160 1803 secum
2191 1748 2395 1813 ablato,
2429 1750 2676 1805 recessit.
2711 1748 2878 1803 Porro
2911 1748 3313 1803 Plrarazmenes
3346 1749 3465 1803 urbi
3496 1757 3555 1803 et

1980 1840 2176 1895 incolis
2205 1842 2648 1897 administrandis
2680 1843 2974 1905 remansit,
3003 1842 3094 1912 qui
3130 1841 3333 1896 tributo
3358 1842 3554 1896 immu-

1983 1949 2080 1987 nes
2112 1933 2332 1988 dccreto
2364 1933 2595 1989 Cresaris
2634 1950 2730 2004 per
2762 1936 3106 2002 septenrrium
3146 1934 3396 2002 fuerunt;
3431 1947 3556 1989 eos-

1976 2037 2086 2091 que
2116 2023 2344 2091 benigne
2374 2028 2669 2089 tractabat,
2697 2032 2753 2078 et
2783 2024 2873 2090 qtri
2901 2037 2930 2077 e
2959 2023 3275 2092 captivitate
3305 2024 3555 2079 redibant

1972 2114 2257 2169 beneﬁciis
2278 2115 2529 2178 ornabat,
2547 2122 2881 2183 cunctosque
2902 2130 3001 2185 pro
3024 2114 3360 2185 singulorum
3383 2117 3552 2186 gradu

1975 2207 2203 2276 pacifice
2241 2208 2549 2277 excipiebat
2586 2224 2602 2261 :
2645 2209 2997 2277 quamobrem
3042 2208 3235 2264 civitas
3276 2208 3458 2279 quiete
3498 2216 3554 2262 et

1982 2302 2371 2372 tranquillitate
2400 2302 2503 2357 frui
2536 2303 2723 2374 carpit,
2750 2313 2913 2374 atque
2942 2304 3166 2360 tedillcia
3198 2304 3251 2359 in
3281 2306 3556 2361 manibus

1976 2395 2163 2466 augeri
2201 2413 2216 2449 :
2252 2396 2317 2449 ad
2360 2409 2589 2465 eamque
2632 2397 2832 2452 urissrrs
2871 2407 2957 2452 est
2996 2397 3281 2468 episcopus
3316 2397 3555 2454 Thomas

1979 2484 2301 2548 monachus,
2345 2485 2428 2538 vir
2468 2486 2741 2553 pacificus,
2784 2487 2958 2541 comis
3002 2497 3167 2557 atque
3214 2486 3549 2543 misericors.

1978 2575 2204 2646 insuper
2230 2576 2321 2631 Dei
2347 2577 2688 2646 providentia
2721 2578 2848 2632 illuc
2875 2578 3100 2633 adduxit
3126 2580 3194 2633 tle
3221 2580 3553 2634 monasterio

1978 2664 2350 2722 Catarreornm
2395 2668 2703 2723 Samuelern
2750 2669 3065 2738 quemdam,
3107 2668 3282 2722 virum
3320 2667 3551 2738 justum.

1977 2770 2034 2814 et
2066 2760 2450 2815 miraculorum
2480 2769 2853 2830 nperatorern,
2886 2761 3042 2815 nodis
3068 2758 3421 2833 (daemonum)
3451 2774 3551 2813 ex-

1977 2851 2262 2921 pediendis
2300 2852 2575 2911 idoneum,
2613 2853 2703 2920 qui
2745 2853 2861 2908 suis
2901 2854 3152 2922 precibus
3191 2852 3381 2908 urbem
3421 2866 3557 2909 con-

1980 2942 2239 3005 servarit,
2266 2951 2322 2996 et
2347 2943 2645 3012 quamlibet
2675 2944 2884 2998 civibus
2910 2958 3067 3014 opem
3102 2944 3378 3013 praestitit.

2619 3077 2769 3133 CAP.
2810 3078 2900 3132 XI.

2418 3194 2493 3249 De
2527 3195 2653 3249 urbe
2690 3194 2838 3248 Dara
2867 3195 3103 3252 condita.

2054 3309 2307 3367 Graviter
2344 3311 2635 3364 admodum
2671 3309 2945 3376 increpuit
2998 3303 3326 3365 Anastasius
3370 3310 3554 3366 Caesar

1984 3402 2263 3457 Romanos
2294 3402 2494 3456 milites
2526 3415 2827 3470 eorumque
2859 3401 3048 3463 duces,
3097 3401 3191 3470 qui
3240 3401 3306 3455 ad
3339 3403 3555 3472 imperil

1983 3495 2321 3564 tnctropolim
2378 3502 2505 3562 post
2567 3493 2775 3546 bellum
2826 3491 3102 3546 Persicum
3166 3502 3556 3562 pervenerunt,

1982 3590 2110 3656 quia
2158 3588 2370 3639 scilicet
2404 3588 2546 3639 lraud
2591 3598 2657 3639 ex
2709 3586 2829 3653 ejus
2879 3586 3172 3651 sententia,
3223 3601 3385 3655 quam
3447 3586 3557 3640 Deo

1982 3676 2253 3745 placuisse
2306 3675 2581 3743 sperabat,
2644 3673 2841 3725 belluur
2888 3688 3149 3741 prospere
3195 3689 3319 3728 cum
3373 3673 3556 3728 Persis

1982 3770 2310 3839 gessissent,
2354 3781 2533 3835 neque
2558 3782 2653 3820 eos
2680 3766 2872 3831 arrrtis,
2911 3764 3006 3818 sed
3039 3779 3173 3819 auro
3202 3782 3229 3816 a
3263 3780 3323 3819 se
3363 3766 3553 3825 misso.

1979 3859 2173 3913 Amida
2200 3858 2556 3927 espulissent.
2600 3855 2675 3908 Illi
2714 3866 2903 3910 contra
2935 3871 2996 3909 se
3035 3857 3339 3924 purgabant
3372 3856 3555 3910 dicen:

1982 3960 2063 4003 tes
2111 3950 2337 4003 arduurrr
2382 3949 2546 4002 fuisse
2582 3948 2783 4001 bellum
2813 3962 2937 4001 cum
2984 3962 3107 4016 rege
3138 3960 3345 4016 gerere,
3391 3961 3553 4015 quem

1981 4043 2107 4097 licet
2140 4043 2421 4114 Assyrium
2450 4052 2503 4094 et
2526 4042 2757 4103 hostem,
2792 4040 2929 4095 Deus
2964 4050 3142 4093 tamen
3173 4040 3224 4092 in
3254 4039 3553 4093 Romanam

1979 4138 2237 4189 ditionem
2290 4135 2595 4189 immiserat
2648 4143 2993 4203 peccatornrn
3039 4146 3202 4187 causa
3251 4133 3555 4201 puniendo«

1981 4244 2121 4291 rum,
2158 4240 2209 4280 trt
2244 4228 2471 4297 ipsemet
2515 4227 2655 4282 Deus
2696 4229 3091 4292 atlirmaverat;
3139 4236 3336 4295 preter
3387 4242 3548 4296 quam

1978 4321 2120 4387 quod
2152 4319 2393 4375 exercitu
2428 4320 2591 4373 etiarn
2622 4319 2777 4375 valde
2804 4333 3095 4375 rrrrrneroso
3132 4318 3368 4388 stipatus
3407 4329 3547 4374 erat.

1977 4412 2058 4465 Ad
2106 4411 2315 4467 Nisibin
2365 4414 2506 4481 quod
2555 4413 2772 4475 attirrel,
2817 4428 2936 4468 eam
2985 4428 3209 4481 prorsus
3251 4415 3548 4482 expugnari

1980 4520 2085 4559 non
2118 4504 2380 4573 potuisse,
2434 4505 2658 4557 absente
2681 4505 2803 4558 licet
2840 4518 2980 4571 rege.
3024 4504 3404 4583 deiicictjtibus
3436 4505 3552 4559 ido«

300 4600 481 4645 trrerrta
514 4601 567 4646 et
601 4603 845 4647 stercora
873 4593 1253 4657 comederunt,
1285 4603 1448 4664 atque
1478 4594 1690 4647 urirraur
1727 4595 1874 4649 bibe-
1906 4592 1953 4647 D
1982 4598 2098 4653 neis
2131 4596 2420 4659 rnacbinis,
2466 4596 2612 4649 nullo
2641 4596 2810 4663 quieti
2842 4605 3119 4649 nocturna:
3150 4596 3325 4664 asylo,
3353 4596 3547 4648 Roma.

302 4694 452 4751 rant,
495 4697 772 4753 postremo
816 4686 957 4739 inter
993 4701 1051 4741 se
1097 4696 1285 4740 nrutuo
1328 4688 1520 4741 saevire
1563 4696 1876 4755 coeperant,

298 4772 470 4830 donec
506 4792 670 4846 prope
701 4792 891 4832 omnes
927 4778 1234 4849 consumpti
1270 4785 1396 4832 sunt
1429 4794 1444 4832 :
1478 4778 1570 4848 qui
1607 4786 1787 4831 autem
1823 4779 1878 4833 irt

298 4865 476 4920 stadio
496 4868 600 4921 vivi
624 4867 1026 4937 superfuerant,
1051 4880 1310 4938 tanquanr
1337 4872 1534 4924 mortui
1560 4885 1590 4925 e
1612 4871 1879 4941 sepulcris

298 4959 625 5026 prodenrrtes
668 4975 732 5012 ex
777 4962 911 5014 urbe
949 4959 1156 5014 dimissi
1199 4967 1348 5014 sunt.
1388 4958 1626 5014 Femirne
1667 4971 1881 5030 quoque

298 5047 444 5099 fame
473 5046 707 5102 ell'eratze
739 5051 883 5103 viros
915 5050 1114 5119 passim
1145 5049 1335 5104 fraude
1364 5049 1558 5104 callida
1589 5050 1868 5105 artificiis-

297 5151 403 5205 que
443 5138 839 5195 circumventos
880 5142 1199 5197 occidebant
1237 5143 1425 5211 eisque
1468 5142 1867 5210 vescebantur;

301 5230 372 5282 ita
417 5239 473 5282 ut
510 5229 606 5283 viri
652 5230 788 5283 ultra
824 5233 1149 5303 quingentos
1183 5249 1213 5288 a
1250 5234 1467 5289 feminis
1500 5234 1669 5288 vorati
1707 5235 1817 5289 sint
1853 5255 1866 5291 :

300 5331 555 5390 tarrtaqrre
586 5322 681 5375 fuit
714 5322 766 5376 in
799 5326 898 5378 bac
928 5325 1059 5380 urbe
1087 5324 1245 5381 famis
1270 5326 1553 5381 calamitas
1582 5336 1637 5379 ιιι
1671 5327 1865 5381 Sama-

300 5413 393 5466 rim
414 5428 477 5467 ac
503 5412 886 5482 Hierosolyma:
907 5416 1197 5481 excidium,
1220 5400 1285 5470 de
1307 5433 1413 5486 quo
1436 5418 1488 5470 irt
1513 5417 1868 5488 suallistoria

295 5497 586 5572 Joscplrus,
620 5506 976 5572 superaverit.
1112 5560 1119 5570 ,

370 5596 451 5649 Ad
473 5608 776 5651 extrernurrr
802 5596 1201 5652 Plrarazmenes
1225 5599 1290 5651 ad
1312 5598 1502 5653 urbem
1528 5614 1865 5671 progressus,

363 5775 482 5848 (12)
518 5777 591 5829 De
639 5776 742 5849 bac
770 5775 1024 5849 militari
1063 5775 1352 5849 Persarum
1398 5777 1533 5849 lege,
1558 5777 1750 5833 confer
1788 5778 1867 5833 sis

297 5845 601 5918 ﬁa‘grtieuta
631 5847 846 5915 politica
881 5845 1026 5900 Petri
1061 5848 1301 5915 magistri
1329 5867 1356 5901 ει
1392 5845 1475 5902 ιιιὲ
1497 5846 1637 5902 edita
1672 5852 1721 5903 in
1750 5849 1868 5903 Col-

585 5944 855 6003 ΡΑτιιοι..
891 5946 1009 6004 (in.
1050 5944 1363 6006 LXXXV.

1979 4691 2063 4744 uis
2094 4688 2336 4744 castellis
2384 4687 2544 4756 longe
2577 4686 2809 4749 dissitis,
2846 4686 3181 4739 etexercitui
3218 4685 3550 4739 continendo

1979 4786 2198 4853 ineptis,
2248 4792 2449 4851 praeter
2479 4798 2709 4841 annona:
2748 4791 2804 4837 et
2848 4797 3001 4849 aqua:
3052 4782 3358 4851 penuriam.
3411 4779 3549 4836 llinc

1978 4877 2364 4944 imperatorem
2424 4874 2689 4944 rogabant
2746 4884 2806 4928 ιιι
2855 4874 3043 4927 urbem
3093 4873 3329 4943 aliquant
3360 4888 3549 4942 prope

1979 4974 2223 5020 montem
2267 4965 2523 5019 fabricari
2568 4966 2877 5029 mandaret,
2924 4980 3043 5033 qrtaz
3072 4964 3331 5019 exercitui
3352 4964 3550 5035 perfu.

1976 5054 2119 5121 giurn
2149 5062 2292 5107 esset
2321 5062 2376 5107 et
2404 5054 2588 5115 sttuit).
2618 5066 2893 5108 armorum
2933 5052 3169 5116 oﬂlcina,
3226 5063 3280 5106 et
3310 5053 3549 5122 regionis

1978 5146 2225 5200 Arabica:
2254 5146 2565 5215 praesidium
2594 5146 2857 5200 adversus
2889 5144 3087 5200 Persas
3120 5146 3360 5199 latrones
3386 5156 3551 5214 atque

1978 5237 2317 5293 lsmaelitas:
2349 5252 2512 5308 porro
2542 5237 2630 5290 alii
2664 5236 2882 5299 Duram,
2917 5237 3006 5290 alii
3038 5237 3378 5291 Amtnodiam
3414 5238 3557 5291 aedi--

1980 5327 2246 5386 licentiam
2282 5329 2699 5391 muniendamve
2733 5328 3053 5385 suadebant.

2050 5421 2193 5487 Ergo
2244 5420 2537 5487 imperator
2594 5418 2821 5473 Tbunne
2854 5422 3057 5475 Amida:
3101 5421 3357 5490 episcopo
3403 5421 3561 5476 misit.

1974 5511 2255 5581 epistolam
2285 5527 2405 5564 cum
2437 5513 2793 5567 architectis:
2838 5515 2928 5579 qui
2978 5527 3101 5567 cum
3152 5515 3301 5568 urbis
3350 5511 3563 5567 futurae

1980 5602 2240 5672 graplride
2275 5603 2424 5657 venit
2451 5604 2517 5656 ad
2548 5603 2846 5667 Caesarem,
2898 5604 2985 5658 cui
3014 5604 3216 5673 placuit
3262 5620 3386 5659 cum
3418 5620 3536 5675 pro-

1974 5776 2102 5850 lect.
2141 5774 2344 5850 Vat._t.
2384 5774 2454 5838 ll,
2482 5791 2534 5846 p.
2570 5776 2695 5839 594,
2730 5775 2816 5829 ubi
2846 5792 3027 5835 sermo
3056 5788 3138 5833 cst
3169 5778 3234 5833 de
3276 5777 3394 5845 ipso
3425 5789 3551 5850 rege

1984 5847 2222 5901 l’lreroze
2248 5846 2477 5902 Cavadis
2519 5849 2822 5903 decessore.
3491 5846 3512 5850 ’
3559 5866 3569 5874 ’

3172 5947 3238 6008 37
