4154 6542
640 447 791 522 ’1163

1670 435 2067 501 ΖᾹΟΗΑΒΙᾹΞ
2106 435 2534 501 MITYLENES
2571 436 2908 501 EPISCOPI

3767 440 3910 505 1154

656 575 844 620 ceram
879 555 1112 613 consilio
1145 565 1203 608 ut
1234 553 1373 609 Dara
1401 550 1783 608 aediﬁcaretur.
1831 549 2128 606 Praefectus
2160 562 2226 604 eo
2254 556 2301 612 Α
2331 552 2598 607 mansisse
2625 571 2639 607 :
2694 553 2970 622 simulque
3014 560 3301 605 accuratas
3332 560 3385 605 ct
3435 551 3624 606 ﬁrmas
3665 552 3906 611 rationes

647 663 895 718 tempore
930 656 1049 704 erat
1077 645 1440 711 Pbilaesimus,
1471 644 1554 697 vir
1583 643 1742 697 fortis
1759 652 1815 698 et
1849 643 2096 712 sapiens,
2132 655 2228 710 pe-

649 743 827 796 cuniae
855 739 1078 795 minime
1110 737 1366 806 cupidus,
1412 735 1507 791 sed
1535 748 1744 803 mquus,
1784 741 1840 789 et
1869 748 1996 802 erga
2028 747 2226 801 Operas

653 846 1034 904 pauperesque
1063 828 1376 885 benevolus.
1419 831 1551 881 Dum
1582 827 1765 897 itaque
1801 826 2095 896 imperator
2119 824 2226 880 bel-

652 926 760 976 lum
789 937 913 977 cum
949 920 1249 974 Tamaritis
1282 918 1511 986 aliisque
1554 917 1799 972 hostibus
1829 925 2066 986 gereret,
2105 930 2224 970 cer-

650 1026 762 1068 tam
811 1013 930 1067 auri
973 1027 1239 1068 summam
1296 1011 1518 1064 Thema:
1571 1010 1824 1079 episcopo
1880 1009 2054 1073 dedit,
2103 1006 2224 1076 pagi

647 1103 857 1173 (Dat-te)
907 1103 1142 1171 pretium
1187 1100 1282 1171 qui
1327 1099 1585 1154 Ecclesia:
1633 1098 2016 1169 patrimonium
2062 1104 2223 1162 erat;

640 1208 822 1264 eoque
849 1203 1032 1262 empto
1063 1202 1290 1247 cunctos
1331 1191 1568 1244 advenas
1614 1189 1684 1243 ibi
1721 1192 1978 1258 degentes
2018 1188 2226 1243 dimisit

643 1287 877 1351 liberos,
934 1285 1186 1339 domibus
1217 1282 1556 1352 singulorum
1610 1282 1862 1351 arcisque
1908 1281 2221 1352 coemptis:

653 1380 720 1436 ad
757 1378 907 1434 urbis
941 1390 1070 1431 vero
1097 1374 1387 1429 aediﬁcium
1425 1375 1590 1428 multa
1622 1385 1850 1429 centena
1882 1374 2000 1429 auri
2045 1371 2222 1444 pondo

645 1467 1034 1540 suppeditavit,
1066 1464 1418 1535 juratamque
1449 1462 1612 1518 lidem
1649 1465 1791 1519 dedit
1842 1479 1901 1519 se
1927 1464 2223 1520 liberaliter

644 1555 909 1629 quidquid
932 1556 1223 1624 episcopus
1253 1553 1609 1622 expendisset
1636 1562 2138 1622 compensaturum,
2167 1561 2223 1608 et

645 1649 918 1705 neminem
948 1648 1196 1701 mercede
1237 1643 1547 1697 fraudatum
1573 1642 1640 1698 iri
1666 1659 1683 1696 :
1715 1643 1952 1712 denique
1983 1643 2217 1712 amplum

646 1742 894 1796 edictum
928 1738 1208 1810 proposuit
1232 1737 1296 1790 de
1325 1735 1459 1790 urbe
1497 1736 1566 1791 ad
1598 1745 1786 1790 nutum
1817 1735 2056 1805 episcopi
2087 1737 2220 1790 aedi-

645 1833 888 1896 llcanda,
917 1831 1062 1884 etde
1097 1827 1357 1899 augendis
1386 1827 1691 1881 artilicibus
1719 1837 1886 1897 atque
1918 1827 2119 1896 operis,
2164 1835 2220 1883 et

644 1925 712 1981 de
741 1921 966 1978 materia
992 1920 1207 1975 aediﬁcii
1258 1919 1496 1989 undique
1531 1919 1903 1974 convehenda.
1951 1917 2096 1973 Misit
2138 1919 2222 1973 in-

642 2029 812 2085 super
840 2012 1139 2081 scalptores
1169 2010 1367 2064 multos
1397 2021 1559 2078 atque
1589 2011 1726 2064 artis
1773 2009 2027 2064 murarire
2064 2010 2221 2079 opiﬁ-

628 2122 758 2170 eos,
791 2116 844 2161 et
867 2106 981 2175 lege
1007 2104 1152 2159 cavit
1193 2112 1252 2158 ut
1276 2118 1434 2159 nemo
1464 2104 1667 2159 laboris
1696 2103 1779 2158 sui
1811 2103 2036 2173 przemio
2061 2118 2219 2160 care-

625 2209 729 2253 :rct
757 2217 772 2254 :
811 2199 896 2253 bis
930 2199 1129 2267 quippe
1158 2196 1564 2251 conditionibus
1597 2197 1783 2251 urbem
1811 2195 2134 2266 quantocius
2164 2195 2218 2251 in

618 2290 856 2357 .impcrii
884 2289 1081 2343 ﬁnibus
1111 2289 1435 2342 aediﬁcatum
1462 2288 1529 2342 iri
1562 2288 1919 2359 intelligebat.

692 2381 878 2436 .Porro
917 2381 1233 2448 episcopus,
1279 2395 1403 2434 cum
1439 2378 1532 2433 Dei
1568 2395 1669 2450 ope
1712 2380 1862 2435 urbis
1893 2381 2220 2440 aediﬁcanda:

643 2474 858 2529 initium
908 2471 1155 2537 fecisset,
1211 2471 1473 2540 praesides
1523 2471 1868 2542 incorruptos
1902 2476 2053 2543 operi
2083 2491 2219 2546 pra:-

637 2564 830 2634 posuit
861 2563 1084 2631 Cyrum,
1117 2563 1406 2622 Adatnum,
1442 2570 1606 2630 atque
1638 2561 2032 2633 Eutychianutn
2059 2582 2218 2635 pres-

643 2657 880 2726 lsyteros,
911 2655 1168 2708 diaconos
1222 2663 1402 2706 autem
1453 2651 2128 2725 Paphnutium,Sergium,
2164 2667 2220 2713 et

641 2743 934 2809 Joannem,
973 2744 1218 2812 aliosque
1259 2759 1325 2798 ex
1372 2744 1583 2798 Amida:
1611 2744 1795 2798 clero:
1849 2747 2071 2816 ipseque
2105 2749 2220 2818 cpi-

641 2857 841 2911 scopus
890 2839 1176 2909 saepeloco
1227 2840 1439 2903 aderat,
1486 2853 1687 2906 eosque
1722 2838 2007 2904 invisebat,
2059 2849 2219 2908 atque

640 2931 854 2986 abunde
926 2929 1151 2998 pecunia
1210 2928 1512 2983 artiﬁcibus
1581 2937 1746 2998 atque
1805 2929 1982 2982 omnis
2044 2943 2220 2998 operte

650 3021 960 3077 hominibus
986 3020 1104 3075 sine
1137 3018 1465 3074 ullal'raude
1495 3019 1727 3074 dabatur
1753 3037 1767 3085 ;
1816 3021 1886 3074 ita
1917 3029 1974 3073 ιιι
2021 3019 2215 3088 singuli

641 3117 698 3172 in
734 3118 876 3172 diem
919 3115 1262 3186 perciperent
1300 3110 1481 3167 unum
1514 3112 1688 3167 danck
1741 3114 1884 3183 (quae
1933 3123 2016 3166 est
2067 3122 2218 3166 sexta

645 3221 774 3278 pars
806 3209 1102 3272 drachmte)
1133 3221 1147 3264 ;
1189 3206 1358 3273 et-qui
1387 3203 1689 3273 jumentum
1745 3205 2034 3268 habebant,
2078 3203 2214 3257 duos
2243 3219 2291 3284 ο
2321 3246 2484 3285 recun

641 3297 842 3354 danek.
872 3297 949 3350 Ex
975 3293 1080 3351 b‘ac
1104 3295 1636 3350 urbismdilicatione
1664 3294 1813 3347 multi
1840 3294 2054 3348 divitias
2077 3310 2218 3350 com-

638 3398 939 3460 pararunt;
984 3403 1216 3456 cumque
1259 3387 1439 3454 operis
1483 3396 1536 3441 et
1579 3385 1844 3440 mercedis
1877 3400 2044 3454 aequae
2071 3383 2215 3439 fama

652 3478 1076 3551 percrebuisset,
1131 3478 1377 3532 certatim
1429 3491 1498 3530 ex
1553 3477 1762 3530 oriente
1811 3485 1974 3545 atque
2013 3490 2216 3530 occasu

636 3571 896 3625 murarize
936 3568 1075 3622 artis
1105 3567 1327 3637 opiﬁces
1359 3568 1782 3632 concurrebant,
1827 3582 1925 3621 nec
1954 3581 2057 3620 non
2085 3580 2216 3634 ope-

641 3679 758 3717 rum
792 3661 1054 3732 prml'ecti,
1113 3659 1201 3728 qui
1230 3673 1358 3712 suas
1391 3673 1680 3711 crutnenas
1727 3658 1904 3711 cuncti
1958 3657 2217 3725 impleve-

639 3765 805 3818 runt;
846 3753 1040 3806 merito
1077 3761 1132 3804 et
1181 3749 1368 3803 favore
1396 3749 1658 3817 episcopi,
1697 3747 1942 3801 liberalis
1961 3748 2212 3814 hominis,

637 3844 811 3899 comis
857 3853 1022 3911 atque
1059 3840 1303 3910 benigni,
1347 3841 1434 3907 qui
1487 3839 1718 3891 Cazsaris
1757 3838 1887 3905 justi
1932 3839 2215 3907 promissis

638 3935 880 3988 conlisus
910 3942 1031 3987 erat
1061 3949 1075 3985 :
1127 3947 1296 3999 quare
1329 3931 1472 3982 intra
1509 3929 1787 3982 biennium
1856 3930 2214 3983 tricnniumve

636 4034 1017 4082 consummato
1043 4037 1230 4091 opere,
1281 4022 1410 4074 urbs
1460 4020 1512 4073 in
1557 4020 1767 4088 imperii
1802 4019 1999 4075 ﬁnibus
2050 4021 2212 4075 veluti

635 4131 861 4188 germen
890 4113 1186 4182 quoddam,
1218 4112 1396 4167 subito
1423 4111 1692 4180 apparuit.

691 4228 812 4284 “Ubi
842 4228 918 4283 rei
953 4226 1198 4281 notitiam
1233 4225 1444 4293 accepit
1467 4224 1727 4288 Cavades,
1759 4226 1945 4280 urbem
1970 4237 2212 4286 evertere

636 4321 788 4375 nisus
816 4328 943 4382 est;
984 4317 1079 4370 sed
1139 4316 1363 4379 frustra,
1410 4315 1604 4369 validis
1636 4316 1778 4369 enim
1815 4319 1984 4372 muris
2014 4320 2209 4376 vallata

636 4420 754 4466 erat
782 4411 850 4464 ad
877 4408 1180 4463 incolarum
1214 4408 1702 4476 propugnaculum.
1741 4407 1968 4479 Regium
1997 4427 2212 4482 quoque

635 4503 890 4560 balneum
925 4513 976 4555 et
1013 4501 1256 4570 speciosa
1285 4501 1480 4554 horrea
1512 4501 1773 4556 aediﬁcata
1813 4505 2049 4572 luerunt,
2085 4521 2208 4560 cum

2327 641 2666 710 perscripsit,
2701 643 2896 707 quibus
2927 642 3336 697 demonstrabat
3360 643 3679 698 universum
3706 658 3901 700 aurum

2325 734 2392 785 ad
2439 748 2499 787 se
2531 735 2758 788 missum
2802 734 2855 787 in
2885 750 3023 806 pago
3067 735 3134 789 ad
3174 734 3324 788 urbis
3381 733 3610 789 formam
3661 735 3902 806 dignita-

2329 833 2544 892 temque
2592 824 2886 893 redigendo
2928 827 3354 892 consumpsisse.
3409 823 3550 879 Dara
3601 834 3781 879 autem
3835 827 3906 881 ab

2329 910 2673 979 imperatoris
2705 913 2919 970 nomine
2945 913 3374 982 AnastasiOpolis
3407 913 3552 969 dicta
3581 913 3705 968 fuit.

2398 1024 2604 1079 Deinde
2635 1023 2876 1081 Thomas
2903 1025 3302 1097 Eutychianum
3332 1029 3715 1097 presbyterum
3746 1026 3906 1084 urbis

2327 1116 2559 1185 primum
2597 1117 2907 1188 episcOpum
2944 1120 3305 1185 consecravit,
3341 1118 3653 1189 vigilantem
3687 1119 3900 1183 virum,

2325 1217 2379 1262 et
2414 1210 2779 1277 gerendarum
2813 1225 2991 1264 rerum
3024 1211 3281 1281 peritum,
3328 1211 3487 1280 eique
3535 1211 3902 1282 pronomiam,

2327 1298 2378 1352 id
2407 1309 2491 1352 est
2540 1300 2609 1354 ab
2636 1300 2914 1356 Amidensi
2945 1300 3326 1371 jurisdictione
3358 1303 3782 1371 exemptionem,
3820 1313 3907 1356 at-

2329 1393 2532 1446 trilmit.
2563 1392 2698 1447 lluic
2743 1396 2992 1450 assiduus
3022 1399 3206 1452 socius
3235 1409 3349 1452 erat
3386 1397 3624 1454 Joannes
3653 1400 3902 1468 quidam,

2323 1485 2529 1538 Amida:
2581 1487 2840 1550 nutritus,
2897 1504 3208 1566 quanquam
3257 1500 3416 1560 gente
3470 1490 3766 1556 Romanus,
3812 1492 3902 1544 cui

2327 1584 2603 1629 tonsuram
2636 1578 2866 1632 contulit
2917 1578 3288 1650 Eutychianus
3335 1592 3498 1650 atque
3552 1585 3904 1652 presbytera-

2327 1675 2463 1729 tnm,
2523 1668 2762 1737 fecitque
2805 1670 3110 1739 syndicum,
3164 1681 3218 1726 et
3269 1673 3521 1727 comitem
3570 1673 3786 1728 itineris
3834 1675 3902 1728 ad

2322 1758 2532 1827 imperii
2576 1760 2916 1830 metmpolim
2971 1778 3157 1817 secum
3214 1762 3388 1816 duxit.
3447 1763 3664 1819 Cmsare
3717 1775 3902 1820 autem

2323 1861 2616 1917 convento,
2666 1852 2847 1906 dotem
2913 1854 3077 1907 abeo
3132 1854 3376 1909 ecclesia:
3420 1870 3530 1910 suae
3578 1859 3901 1923 reportavit.

2321 1939 2545 2009 Insuper
2573 1943 2915 1998 Abrahamus
2961 1944 3179 2013 quidam
3217 1945 3494 2002 Bar-Chili
3526 1945 3907 2002 Telebranen-

2321 2029 2420 2093 sis,
2453 2045 2516 2084 eo
2543 2040 2786 2100 tempore
2812 2035 3058 2088 notarius
3082 2037 3278 2091 comite
3315 2048 3592 2108 assumpto
3615 2039 3906 2108 Ephra-mo

2320 2123 2554 2190 quodam
2592 2124 2828 2188 Telensi,
2878 2136 3098 2182 secutus
3126 2137 3212 2182 est
3257 2128 3652 2200 Eutychianum
3693 2131 3906 2201 episco-

2321 2226 2471 2282 pum,
2519 2232 2548 2266 a
2590 2230 2695 2284 quo
2729 2219 3015 2288 presbyter
3045 2221 3349 2288 ordinatus,
3384 2222 3581 2277 missus
3610 2220 3709 2277 l'uit
3742 2238 3906 2277 cura-

2323 2297 2409 2363 toi'
2440 2309 2654 2364 aedilicii
2693 2311 3010 2365 balneorum
3043 2313 3341 2382 regiorum,
3392 2323 3447 2367 et
3477 2315 3710 2384 denique
3756 2328 3906 2371 ceco-

2322 2410 2598 2453 nomatum
2651 2399 2908 2456 Ecclesia:
2953 2402 3202 2457 obtinuit.
3267 2402 3450 2458 Caesar
3501 2416 3681 2458 autem
3738 2403 3907 2476 Euty-

2321 2492 2520 2546 chiano
2543 2495 2680 2547 dona
2717 2495 2970 2560 c0ntulit,
3024 2511 3238 2550 sacram
3275 2495 3532 2551 nimirntn
3581 2499 3904 2567 supellccti-

2321 2586 2447 2653 lem,
2500 2597 2555 2642 et
2580 2588 2698 2642 auri
2743 2588 2848 2642 vim
2882 2591 2948 2643 ad
3003 2590 3239 2659 ingentis
3274 2588 3539 2644 Ecclesiae
3586 2591 3902 2654 aediﬁcium,

2321 2695 2557 2750 eumque
2588 2696 2654 2734 ex
2706 2682 2827 2735 aula
2881 2682 3108 2737 dimisit.
3160 2681 3503 2752 Czeteroquin
3552 2699 3744 2752 parum
3798 2683 3908 2737 l'uit

2320 2776 2601 2842 supers’tes
2653 2774 2742 2829 hic
2788 2774 3114 2844 cpiscopus;
3157 2777 3315 2844 eique
3359 2781 3624 2832 successit
3660 2777 3911 2832 Thomas

2322 2865 2664 2932 liesinensis,
2691 2868 2878 2921 Abdize
2910 2868 3074 2933 ﬁlius,
3101 2877 3224 2922 ortu
3251 2868 3555 2936 Romanus,
3580 2871 3673 2940 qui
3695 2871 3908 2924 Amida:

2323 2971 2441 3015 erat
2472 2974 2809 3014 (economus.
2847 2959 2944 3016 Hic
2981 2977 3154 3016 navus
3182 2961 3264 3016 vir
3287 2973 3428 3028 erat,
3461 2972 3515 3017 et
3559 2964 3901 3033 negotiorum

2321 3053 2677 3121 gerendorum
2702 3068 2924 3122 gnarus,
2948 3053 3276 3123 charumque
3306 3055 3540 3109 habebat
3573 3071 3902 3125 magnopere

2323 3138 2589 3195 Joannem
2621 3143 2930 3211 syndicum,
2964 3153 3185 3212 propter
3214 3144 3332 3213 ejus
3358 3145 3667 3214 aequitatem
3699 3159 3762 3198 ac
3794 3160 3893 3198 ve-

2494 3233 2658 3289 niam.
2706 3232 2841 3286 Cum
2884 3244 3063 3287 autem
3102 3235 3227 3289 sede
3270 3251 3365 3289 sua
3420 3235 3489 3289 ob
3547 3236 3669 3291 lidei
3722 3238 3900 3292 zelum

2318 3326 2506 3396 pulsus
2554 3326 2674 3393 luit,
2724 3341 2944 3382 secutus
2977 3337 3059 3382 est
3088 3344 3212 3383 eum
3251 3329 3482 3384 ﬁdeliter
3511 3330 3600 3383 hic
3639 3327 3896 3394 Joannes,

2319 3433 2477 3487 quem
2528 3419 2689 3472 etiam
2741 3422 3148 3490 corepiscopum
3199 3422 3347 3475 fecit.
3396 3421 3675 3477 Exsulavit
3720 3434 3896 3478 autem

2319 3509 2554 3564 Thomas
2585 3513 2742 3566 annis
2795 3513 3014 3568 circiter
3069 3514 3156 3582 l7,
3209 3515 3262 3569 in
3327 3516 3430 3570 lide
3472 3531 3567 3570 sua
3617 3528 3894 3578 constans.

2320 3615 2673 3675 mortuusque
2722 3617 2806 3660 est
2870 3607 3167 3662 indictione
3222 3609 3413 3673 tertia,
3482 3626 3588 3678 quo
3657 3620 3896 3680 tempore

2317 3696 2546 3749 Cosroes
2596 3696 2941 3749 Antiochiam
2987 3699 3129 3765 cepit
3182 3698 3350 3765 (anno
3380 3699 3582 3754 Christi
3619 3699 3772 3770 540),
3819 3714 3896 3754 se-

2317 3789 2602 3856 pultusque
2627 3796 2711 3841 est
2741 3789 2792 3841 in
2824 3791 3156 3843 monasterio
3182 3789 3422 3855 Tirensi,
3452 3794 3541 3846 ubi
3575 3804 3749 3846 semet
3773 3809 3893 3846 cum

2317 3877 2599 3931 monachis
2633 3889 3079 3946 congregaverat,
3133 3881 3222 3947 qui
3257 3879 3502 3935 Merdino
3545 3883 3613 3935 ab
3657 3881 3893 3936 hostium

2316 3977 2611 4038 conspectu
2649 3967 2948 4038 fugerant;
3005 3982 3060 4023 et
3084 3969 3236 4037 juxta
3277 3971 3591 4042 episcopum
3633 3973 3751 4040 ejus
3783 3989 3898 4027 mo-

2316 4061 2564 4128 nasterii,
2609 4063 2699 4130 qui
2728 4061 2800 4115 ibi
2838 4063 3046 4130 pariter
3087 4064 3424 4132 quiescebat,
3470 4066 3750 4136 depositus
3784 4077 3889 4122 est.

2948 4197 3102 4251 CAP.
3140 4197 3252 4252 XII.

2683 4307 2763 4362 De
2809 4307 3024 4362 Marino
3068 4309 3377 4376 Apameensi
3428 4311 3527 4381 (Ι).

2391 4421 2523 4476 Post
2575 4421 2957 4502 Macedonium.
3018 4423 3335 4480 Timotheus
3388 4423 3894 4497 ConstantinOpolts

2314 4513 2599 4581 episcopus
2635 4514 2814 4568 lactus
2844 4525 2948 4580 est,
2996 4516 3079 4569 vir
3112 4518 3450 4572 orthodoxns
3495 4518 3718 4588 (impius
3745 4519 3892 4574 scili-

620 4595 958 4666 equmducw
993 4593 1085 4663 qui
1137 4592 1203 4646 ad
1250 4592 1462 4646 radices
1513 4594 1711 4647 ¹¹¹ο¹¹ιί³
1750 4596 2029 4662 ἀέκητι-Μ
2066 4597 2207 4651 ίιιιηὶ
2235 4573 2283 4636 C
2313 4616 2398 4660 cet
2439 4605 2835 4676 Eutychianus)
2858 4649 2872 4673 ,
2895 4610 3048 4677 cujus
3082 4611 3285 4664 nomini
3316 4626 3477 4680 opera
3499 4573 3892 4668 consentiunt:

637 4689 825 4743 urbem
860 4697 1041 4739 autem
1090 4683 1308 4755 piscinae
1351 4683 1622 4739 mirabiles
1668 4687 1733 4739 ad
1767 4703 1919 4755 aqua:
1966 4697 2213 4756 recepta-

637 4780 841 4836 culum.
887 4777 1136 4849 0perum
1183 4791 1315 4832 vero
1364 4787 1651 4832 exactores
1681 4794 1746 4832 ac
1773 4780 2030 4848 praesides
2077 4796 2214 4850 prae-

637 4865 843 4920 claram
875 4866 940 4918 de
971 4865 1228 4935 episc0po
1267 4864 1466 4919 l‘atnam
1516 4868 1584 4920 ad
1616 4866 1880 4922 Caesarem
1929 4869 2211 4937 perferen-

641 4958 770 5009 dam
834 4955 1122 5021 curabant,
1189 4955 1441 5012 videlicet
1494 4958 1562 5014 de
1617 4959 1737 5026 eius
1781 4962 2103 5016 rectitudine
2146 4979 2212 5018 ac

628 5046 843 5115 justitia
869 5062 884 5100 :
911 5061 1080 5115 quare
1100 5046 1203 5103 hoc
1231 5048 1452 5103 homine
1469 5049 1747 5118 Augustus
1793 5052 2023 5107 miriﬁce
2057 5053 2205 5107 dele-

629 5140 1060 5209 ctabatur,eique
1082 5151 1559 5211 quantamcunque
1582 5142 1698 5195 auri
1724 5159 1989 5198 summam
2003 5145 2206 5214 petenti

630 5227 900 5283 mittebat.
935 5227 1222 5286 Postremo
1245 5231 1484 5286 calculus
1513 5231 1682 5285 initus
1716 5241 1799 5288 est
1825 5237 2067 5304 pecuniae
2095 5236 2200 5292 uni.

629 5334 800 5376 verse:
862 5337 983 5393 quae
1037 5323 1205 5380 missa
1267 5324 1494 5391 fuerat;
1565 5326 1949 5396 responditque
2001 5327 2203 5383 Casari

629 5414 941 5486 episcopus,
977 5427 1169 5472 testem
1201 5416 1367 5470 Deum
1394 5415 1678 5483 invocans,
1709 5433 1926 5472 onmem
1955 5434 2074 5472 eam
2108 5435 2204 5488 pe-

625 5505 840 5560 cuniam
894 5507 948 5561 in
984 5507 1278 5561 editicium
1328 5506 1498 5563 fuisse
1554 5508 1906 5580 insumptam,
1963 5511 2206 5582 nihilque

627 5594 712 5652 vel
747 5596 825 5652 in'
854 5614 1016 5653 manu
1048 5612 1150 5656 sua
1198 5598 1282 5654 vel
1311 5599 1557 5656 ecclesiae
1609 5615 1720 5656 sua:
1762 5602 2070 5659 devolutum
2121 5621 2207 5660 re-

2313 4698 2598 4753 honorans
2635 4700 2781 4753 enim
2839 4701 3004 4755 Deum
3057 4702 3466 4771 interpretatur.
3519 4705 3651 4772 Ejus
3703 4705 3896 4766 diebus

2309 4787 2551 4844 Marinus
2577 4790 2795 4858 quidam
2828 4792 3187 4860 Apameensis
3219 4794 3449 4858 exstitit,
3500 4795 3587 4848 vir
3635 4796 3888 4865 vigilans,

2312 4880 2527 4944 dexter,
2560 4881 2822 4949 operibus
2855 4898 3044 4952 sagax,
3083 4885 3302 4954 sapiens
3348 4897 3403 4940 et
3429 4887 3638 4940 doctus.
3669 4888 3766 4941 llic
3800 4903 3894 4941 or-

2314 4969 2606 5026 thodoxam
2633 4973 2797 5028 etiam
2826 4975 2982 5029 ﬁdem
3015 4975 3245 5042 colebat,
3276 4989 3331 5031 ct
3361 4978 3708 5047 imperatoris
3760 4981 3894 5033 ami-

2312 5079 2431 5130 cus,
2479 5081 2506 5118 a
2538 5068 2765 5121 secretis
2791 5077 2848 5121 et
2874 5067 3113 5121 consiliis
3140 5081 3259 5123 erat
3289 5087 3302 5123 :
3347 5071 3435 5138 qui
3471 5087 3590 5123 cum
3622 5086 3719 5140 per
3746 5073 3894 5124 vicos

2313 5149 2464 5206 urbis
2490 5152 2786 5218 incederet,
2818 5164 2913 5208 aut
2959 5154 3155 5210 alicubi
3212 5161 3447 5225 sederet,
3494 5161 3758 5230 quidquid
3797 5161 3893 5215 ob-

2315 5255 2535 5297 servatu
2572 5245 2791 5313 dignum
2821 5246 2874 5300 in
2925 5259 3158 5303 mentem
3194 5250 3292 5318 ipsi
3325 5251 3699 5317 succurrebat,
3746 5251 3894 5305 litte-

2303 5333 2380 5389 ris
2431 5337 2676 5391 mandari
2719 5337 2963 5406 jubebat.
3021 5340 3289 5396 Praeterea
3336 5345 3789 5398 atramentarium
3821 5345 3894 5397 ad

2302 5421 2578 5492 lectulum,
2605 5441 2902 5496 appensum
2935 5433 3169 5495 tenebat,
3199 5446 3426 5488 accensa
3445 5432 3598 5501 juxta
3640 5434 3896 5503 pulvinar

2302 5516 2543 5584 lucerna,
2582 5529 2639 5573 ut
2669 5520 3029 5592 cogitationes
3076 5539 3204 5580 suas
3249 5525 3301 5580 in
3348 5527 3537 5581 charta
3582 5527 3896 5583 describere

2303 5622 2513 5679 posset,
2575 5627 2714 5681 quas
2762 5623 2884 5670 orto
2939 5615 3053 5670 sole
3127 5616 3444 5689 imperatori
3517 5619 3892 5689 signiﬁcabat,

721 5770 1088 5863 Elymflapituli
1149 5775 1310 5847 hujus
1383 5775 1631 5832 Latinam
1692 5779 2193 5850 interpretationem
2272 5797 2430 5840 sumo
2512 5801 2578 5841 ex
2655 5788 2942 5845 Assemaui
2991 5789 3349 5850 Bibliotheca
3442 5791 3648 5850 Orient.
3703 5803 3741 5852 ι.
3802 5791 3892 5863 ΙΙ,

621 5853 681 5912 ι».
708 5841 899 5900 59-60.
