4154 6568
309 415 448 483 1165

1363 402 1467 462 EX
1504 396 1872 460 HISTORIA
1907 391 2506 456 ECCLESIASTICA.

3431 358 3574 452 nos

305 521 558 580 eutndem
613 516 940 580 admonens,
978 519 1038 568 ut
1067 525 1162 566 eas
1194 507 1537 564 exsecutioni
1572 502 1883 557 mandaret.
1914 508 1962 565 Α
1993 499 2118 554 ﬁdei
2156 497 2493 561 acciderunt,
2532 509 2761 565 quaeque
2819 494 2963 552 Deus
3015 504 3228 550 mature
3273 494 3571 565 praedixit;

307 617 373 672 Et
405 610 660 686 quoniam
689 624 752 665 ex
787 604 1092 662 Antiochiae
1136 598 1416 672 provincia
1449 595 1712 650 oriundus
1741 603 1881 658 erat,

308 723 428 778 quae
482 706 551 760 ab
601 699 874 759 Eusthatii
927 695 1167 766 episcopi
1213 689 1549 760 temporibus
1589 687 1884 742 dictionem

305 777 397 868 qui
446 791 737 862 cruciﬁxus
788 796 865 843 est
914 802 1010 856 pro
1075 783 1248 849 nobis,
1305 781 1537 849 primum
1591 777 1888 846 praedicare

320 887 570 950 tentavit,
615 885 730 955 ipse
761 882 926 938 etiam
979 877 1124 932 omni
1181 874 1358 929 studio
1389 870 1737 926 Auastasium
1787 869 1888 922 im-

309 987 617 1047 peratorem
651 977 718 1028 ad
770 974 873 1028 hoc
924 971 1065 1025 idem
1118 966 1486 1039 peragendum
1541 962 1887 1017 sollicitabat.

309 1069 458 1136 Quos
488 1064 723 1120 hominis
750 1069 980 1118 conatus
1060 1075 1181 1113 cum
1235 1054 1472 1110 haeretici
1532 1053 1750 1122 quidam
1799 1065 1891 1104 co-

313 1158 652 1231 gnovissent,
685 1156 860 1224 ipsum
887 1149 1200 1206 catervatim
1231 1147 1441 1208 adorti;
1465 1161 1583 1208 cur,
1617 1143 1888 1213 inquiunt,

314 1260 562 1305 terrenos
591 1247 840 1302 homines
893 1244 1150 1298 inducere
1182 1241 1285 1303 vis,
1346 1250 1403 1292 ut
1440 1234 1645 1293 iaciant
1696 1245 1892 1305 praeter

313 1347 562 1395 sanctum
597 1339 878 1407 hymnum,
922 1350 1081 1404 quem
1129 1332 1304 1403 angeli
1339 1329 1595 1385 Trinitati
1634 1328 1887 1392 oll'erunt,

313 1428 588 1483 dicentes:
619 1423 876 1487 Sanctus,
903 1433 1145 1486 sanctus,
1180 1429 1399 1475 sanctus
1427 1419 1685 1472 Dominus
1713 1415 1890 1480 l‘ortis,

314 1517 471 1586 cujus
504 1516 755 1571 laudibus
791 1513 933 1585 pleni
975 1522 1104 1568 sunt
1137 1513 1260 1567 εωιί
1309 1520 1363 1566 et
1402 1509 1594 1564 terra?
1659 1510 1738 1562 Ad
1774 1508 1888 1561 tunc

313 1609 458 1665 Deus
498 1608 757 1672 Verbum,
811 1608 900 1678 qui
928 1623 1025 1677 pro
1051 1607 1208 1660 nobis
1247 1603 1564 1660 hominibus
1597 1601 1894 1656 cruciﬁxus

313 1711 422 1767 est,
459 1702 511 1756 in
542 1716 639 1756 ore
687 1698 805 1768 ejus
835 1698 1139 1769 apologiam
1172 1694 1482 1763 hujusmodi
1516 1693 1703 1748 statim
1751 1704 1893 1759 prae-

316 1793 530 1864 paravit
561 1812 574 1848 :
627 1791 805 1862 angeli
829 1791 1048 1862 quidem
1086 1789 1343 1861 hytnuum
1390 1786 1753 1843 confessionis
1784 1798 1893 1838 suae

317 1897 468 1939 recte
516 1886 584 1940 ad
619 1883 952 1940 adorandam
993 1892 1047 1938 et
1090 1877 1612 1936 consubstantialem
1661 1877 1899 1930 Trinita-

320 1984 426 2030 tem
458 1976 720 2046 dirigunt,
751 1989 987 2042 eumque
1034 1987 1130 2042 pro
1174 1973 1308 2042 ipsis
1341 1971 1660 2024 cruciﬁxum
1696 1982 1899 2036 nequa-

317 2081 483 2135 quam
511 2067 851 2137 praedicant;
909 2081 1010 2119 nos
1051 2078 1181 2118 vero
1216 2063 1267 2116 iu
1299 2062 1500 2130 hymno
1545 2057 1900 2115 confessionis

321 2169 521 2212 nostra:
551 2157 871 2212 cruciﬁxum
904 2171 1003 2226 pro
1035 2155 1192 2209 nobis
1222 2155 1533 2208 hominibus
1583 2153 1730 2205 illum
1756 2153 1900 2218 juste

320 2251 592 2305 dicimus:
647 2265 713 2304 ex
767 2249 922 2304 nobis
971 2249 1141 2312 enim,
1184 2263 1287 2302 non
1338 2260 1403 2300 ex
1452 2245 1661 2314 angelis
1703 2259 1901 2313 corpus

319 2344 630 2411 assumpsit.
657 2344 834 2413 Atque
862 2343 936 2397 ita
959 2342 1066 2398 illis
1090 2341 1305 2411 quidem
1339 2355 1402 2394 os
1441 2339 1755 2395 obturavit:
1801 2337 1903 2390 im-

321 2435 560 2504 peratori
620 2450 750 2490 vero
817 2450 1033 2489 sensum
1088 2431 1367 2502 patefecit,
1424 2431 1515 2502 qui
1573 2430 1899 2500 particulam

323 2524 496 2589 illam,
553 2527 645 2597 qui
681 2525 975 2595 cruciﬁxus
1007 2542 1061 2579 es
1088 2540 1184 2594 pro
1213 2525 1383 2588 nobis,
1436 2524 1576 2578 sicut
1619 2524 1668 2575 in
1707 2522 1901 2576 Antio-

324 2617 500 2672 chena
530 2619 836 2688 provincia,
865 2618 946 2673 sic
977 2628 1032 2672 et
1064 2619 1198 2672 urbe
1230 2617 1377 2685 regia
1407 2615 1690 2686 prmdicari
1718 2613 1899 2682 jussit.

941 2752 1098 2807 CAP.
1144 2750 1282 2804 Xlll.

861 2845 940 2900 De
978 2844 1160 2915 eclipsi
1205 2843 1356 2899 solis.

398 2961 511 3018 Hoc
560 2960 752 3017 eodem
808 2971 1052 3029 tempore
1100 2957 1406 3029 prodigium
1451 2927 1676 3022 accidit,
1727 2953 1902 3008 simile

332 3058 414 3113 illi
444 3057 586 3127 quod
616 3056 747 3109 olim
776 3053 1136 3124 prudentibus
1173 3051 1412 3106 ostendit
1453 3046 1657 3104 Christi
1709 3045 1903 3100 divini-

327 3160 498 3205 tatem
537 3149 590 3203 in
624 3161 792 3204 carne
850 3146 1098 3200 crucilixi
1138 3141 1546 3212 Hierosolymis,
1595 3153 1788 3207 nempe
1817 3137 1904 3192 de-

328 3241 504 3297 iectus
538 3239 690 3304 solis,
720 3240 814 3310 qui
841 3239 911 3294 ab
945 3239 1078 3292 hora
1111 3246 1265 3291 sexta
1294 3236 1361 3290 ad
1409 3248 1608 3287 nonam
1641 3232 1904 3285 obscura-
1932 3212 1975 3269 ο

328 3343 416 3388 ωε
444 3343 542 3387 081.

949 3440 1102 3495 CAP.
1145 3437 1281 3492 XIV.

776 3555 852 3610 De
911 3556 1149 3609 Ariadne
1180 3553 1438 3622 Augusta.

404 3667 646 3723 Ariadne
698 3667 935 3737 Augusta
966 3676 1088 3736 post
1133 3664 1231 3718 viri
1263 3664 1345 3719 sui
1397 3661 1630 3716 Zenonis
1677 3661 1907 3720 obitum,

338 3761 557 3830 nuptias
591 3776 712 3814 cum
761 3759 1054 3814 Anastasio
1106 3757 1422 3818 celebravit,
1469 3769 1701 3820 cumque
1760 3750 1906 3822 regni

342 3851 552 3904 socium
601 3851 918 3919 assumpsit,
966 3860 1290 3918 mortuaque
1316 3856 1400 3902 est
1424 3861 1564 3899 almo
1594 3842 1908 3898 Graecorum

339 3942 468 4005 824,
505 3952 624 4011 post
649 3943 1085 3996 administratum
1134 3941 1420 4010 imperimn
1472 3940 1630 3990 annis
1675 3935 1764 3990 40.
1817 3933 1912 3987 Vir

333 4031 453 4100 ejus
499 4032 613 4099 jam
666 4041 826 4087 atate
856 4040 1165 4101 provectus,
1217 4039 1406 4086 sancte
1450 4036 1705 4095 recteque
1752 4024 1907 4086 vixit,

341 4137 564 4193 remque
597 4125 863 4194 publicam
902 4125 1186 4194 vigilanter
1223 4121 1384 4174 rexit.

966 4233 1120 4288 CAP.
1155 4232 1272 4289 XV.

709 4351 782 4405 De
811 4350 956 4404 obitu
987 4349 1253 4402 Anastasii
1277 4348 1523 4418 Augusti.

407 4468 627 4524 Exactis
661 4464 714 4519 in
761 4465 1078 4535 episcOpatu
1114 4461 1434 4516 Timotheus
1482 4458 1640 4514 annis
1688 4472 1782 4512 sex
1829 4457 1912 4513 vel

335 4570 563 4629 septem,
610 4557 766 4621 obiit,
825 4555 1122 4610 indictione
1179 4568 1346 4618 nona,
1428 4551 1586 4620 eique
1649 4550 1990 4620 succcssitp

336 4649 593 4704 Joannes.
627 4645 744 4712 Quo
777 4659 917 4698 anno
950 4653 1194 4700 mortuus
1227 4652 1312 4698 est
1354 4640 1698 4704 Anastasius,
1757 4639 1912 4695 multi

338 4735 598 4807 Egyptii,
656 4731 1034 4796 Alexandrini,
1098 4733 1294 4789 accolte
1351 4742 1503 4786 trans
1561 4727 1910 4791 Jordaneum,

339 4824 579 4890 Mummi,
609 4836 666 4880 et
697 4826 929 4888 Arabes,
965 4825 1057 4894 qui
1095 4822 1522 4895 Hierosolymam
1560 4831 1819 4876 venerant
1843 4822 1914 4875 ob

336 4922 532 4977 festum
567 4919 828 4975 Exaltatte
867 4920 1057 4975 Crucis
1102 4919 1272 4990 pridie
1314 4918 1437 4973 Idus
1490 4916 1845 4985 Septembris,
1880 4932 1911 4970 a

337 5011 673 5069 dtemonibus
699 5012 907 5068 obsessi
942 5012 1131 5079 fuere;
1181 5021 1235 5066 et
1287 5026 1483 5066 canum
1525 5023 1679 5064 more
1713 5010 1910 5062 adver-

337 5121 434 5160 sus
465 5117 684 5159 crucem
715 5105 997 5168 latrantes,
1042 5105 1235 5159 deinde
1262 5103 1412 5158 taciti
1444 5104 1687 5158 exibant.
1717 5101 1910 5157 Prodi-

340 5198 487 5267 gium
519 5197 622 5251 hoc
650 5196 888 5252 dolorem
930 5204 1092 5266 atque
1123 5198 1400 5252 tristitiam
1440 5195 1792 5266 prudentibus
1823 5193 1906 5248 iu-

338 5289 506 5356 jecit:
543 5303 851 5358 quanquam
889 5302 955 5341 ne
1000 5288 1097 5356 ipsi
1126 5289 1340 5359 quidem
1382 5289 1460 5342 rei
1502 5302 1722 5342 causam
1759 5284 1912 5340 intel-

342 5381 613 5446 lexerunt,
643 5381 744 5435 nisi
770 5391 1052 5450 postquam
1083 5381 1235 5434 lactis
1285 5379 1559 5434 innotuit:
1617 5377 1910 5447 portende-

342 5475 539 5528 l-antur
563 5473 813 5528 videlicet
831 5472 1205 5528 contentiones
1226 5482 1278 5526 et
1299 5472 1552 5528 scandala
1575 5488 1692 5542 qua:
1715 5469 1910 5526 deinde

404 5649 428 5684 ³
445 5648 566 5707 Jac.
601 5666 638 5706 ι.
671 5651 788 5708 1-4.

1995 602 2056 648 ιιι
2090 599 2372 645 venturam
2401 589 2752 645 teutationem
2783 599 3039 644 accurate
3087 590 3570 660 perpenderemus,

1994 693 2156 751 atque
2205 681 2278 735 ita
2324 695 2443 735 eam
2486 679 2708 733 immota
2749 678 2853 733 ﬁde
2903 680 3259 748 perferentes,
3315 679 3568 748 gaudium

1996 774 2122 828 illtnl
2174 786 2661 842 consequeremur,
2708 771 2776 824 de
2830 785 2940 839 quo
3009 769 3243 824 Jacobus
3300 770 3575 841 apostolus

1997 868 2071 919 ait
2101 884 2114 920 :
2176 867 2343 920 Omne
2367 865 2622 934 gaudium
2662 863 2805 916 vobis
2852 864 2941 926 sit,
2966 863 3161 932 fratres
3191 865 3311 930 mei,
3362 881 3481 918 cum
3518 866 3578 918 in

1999 961 2312 1011 tentationes
2371 958 2564 1010 multas
2625 966 2673 1010 et
2731 956 2905 1010 uarias
2957 957 3298 1022 iucideritis;
3349 960 3576 1012 scientes

1997 1051 2136 1119 quod
2172 1051 2416 1118 probatio
2461 1049 2586 1117 ﬁdei
2615 1050 2927 1118 patientiam
2970 1049 3113 1101 vobis
3152 1051 3420 1118 acquirit;
3453 1050 3576 1104 huic

1998 1143 2272 1210 patientiae
2302 1155 2480 1196 autem
2519 1143 2619 1195 erit
2653 1157 2781 1209 opus
2826 1142 3156 1206 perfectura;
3209 1152 3265 1194 ut
3309 1143 3424 1195 sitis
3463 1157 3579 1210 per.

2000 1232 2122 1301 fecti
2153 1244 2200 1286 et
2227 1233 2438 1303 integri,
2465 1233 2519 1284 in
2545 1231 2691 1284 nullo
2727 1230 3024 1298 deﬁcientes
3047 1229 3090 1284 ³.
3150 1229 3214 1284 Et
3248 1231 3578 1286 Anastasius

2001 1324 2217 1391 quidem
2242 1324 2431 1392 quinta
2464 1321 2586 1376 ldus
2612 1321 2738 1376 Julii
2770 1321 2922 1388 obiit,
2954 1323 3110 1392 eique
3133 1323 3398 1378 successit
3421 1322 3581 1379 Justi-

2003 1431 2124 1479 nus,
2173 1415 2265 1482 qui
2301 1417 2354 1470 in
2386 1417 2628 1470 exercitu
2662 1417 2983 1470 versabatur
3031 1431 3138 1486 quo
3183 1425 3427 1485 tempore
3472 1415 3581 1469 Ca-

2001 1509 2166 1564 vades
2198 1509 2488 1564 Persarum
2535 1524 2626 1564 rex
2659 1510 2910 1564 Amidam
2958 1510 3124 1563 venit.
3175 1509 3303 1563 Erat
3346 1509 3392 1563 is
3423 1519 3583 1564 astato

2002 1610 2238 1665 matura,
2279 1599 2524 1655 formoso
2550 1610 2794 1668 aspectu,
2827 1600 3040 1670 prolixo
3073 1615 3319 1668 canoque
3344 1600 3579 1670 capillo;

2003 1694 2322 1764 religionem
2359 1702 2542 1747 autem
2570 1691 2939 1747 Romanorum
2969 1692 3323 1762 proﬁtebatur
3341 1692 3465 1762 quia
3499 1692 3584 1746 in-

2002 1788 2182 1841 didem
2218 1795 2361 1850 erat,
2391 1796 2545 1840 ortus
2577 1787 2629 1840 in
2656 1785 2878 1840 castello
2901 1785 3221 1847 Bederiana,
3247 1783 3400 1852 cujus
3428 1797 3585 1852 aqua

1929 1871 1972 1926 Β
2003 1877 2234 1946 pessima
2296 1887 2491 1930 natura
2543 1884 2691 1940 sunt,
2747 1890 2872 1930 nam
2916 1876 3154 1931 decocta:
3196 1882 3477 1931 vertuntur
3526 1873 3580 1928 in

2002 1985 2276 2025 cruorem.

2620 2082 2776 2138 CAP.
2821 2081 2960 2136 XVI.

2145 2195 2219 2253 De
2264 2201 2571 2249 sanctorum
2623 2192 2986 2260 confessorum
3038 2191 3442 2245 Ilomeritarum

2571 2264 2826 2333 martyrio
2876 2261 3012 2332 (l4).

2077 2400 2314 2470 Epistola
2367 2416 2530 2470 quam
2580 2399 2797 2468 scripsit
2879 2398 3098 2452 Simeon
3143 2395 3582 2452 Christianorum

2005 2493 2058 2548 in
2091 2492 2314 2548 Perside
2343 2493 2634 2562 episcopus
2679 2506 2817 2544 anno
2846 2488 3043 2544 Justini
3083 2498 3235 2544 sexto
3265 2489 3330 2542 ad
3371 2485 3584 2544 Simeo-

2005 2601 2124 2640 nem
2151 2587 2400 2640 abbatem
2434 2583 2819 2638 Gabulitauum
2853 2582 2921 2634 ita
2961 2597 3018 2636 se
3047 2581 3294 2635 habebat.

2084 2679 2366 2734 Dilectioni
2404 2687 2504 2731 tua:
2531 2677 2904 2747 signiﬁcamus
2934 2675 3022 2729 die
3049 2674 3305 2728 vicesima
3337 2673 3584 2730 Januarii

2004 2772 2290 2842 pra-sentis
2321 2771 2448 2823 anni
2483 2770 2798 2824 Graecorum
2844 2766 3284 2836 octingentesimi
3320 2766 3582 2820 tricesimi

2004 2865 2179 2936 quinti
2233 2879 2298 2918 ex
2348 2864 2557 2916 ditione
2608 2859 2900 2914 Naamanis
2938 2859 3257 2913 discessisse
3307 2873 3427 2922 nos,
3479 2873 3584 2913 una

2005 2974 2129 3013 cum
2181 2957 2493 3012 Abrahamo
2539 2955 2860 3024 presbytero
2912 2951 3199 3021 Euphrasii
3231 2951 3360 3015 lilio,
3416 2951 3507 3020 qui
3552 2966 3586 3003 ι

2004 3049 2312 3106 Justiniano
2366 3050 2693 3117 imperatore
2743 3045 2811 3098 ad
2853 3043 3170 3098 Monderum
3207 3043 3447 3097 Arabum
3497 3056 3585 3096 re-

2008 3159 2127 3213 gem
2164 3159 2262 3211 pro
2293 3157 2426 3210 pare
2457 3139 2794 3194 concilianda
2827 3136 3097 3206 allegatus
3148 3145 3273 3190 est:
3329 3133 3485 3190 sicuti
3521 3133 3589 3189 de

2011 3241 2128 3308 ipso
2166 3237 2218 3290 in
2252 3237 2432 3304 priore
2483 3245 2662 3287 nostra
2709 3230 2936 3300 epistola
2990 3229 3333 3298 scripsimus,
3382 3227 3588 3297 gratias

2009 3331 2185 3384 eidem
2228 3337 2450 3397 agentes
2479 3341 2602 3378 cum
2637 3338 2754 3386 nos,
2803 3333 2914 3374 tum
2963 3321 3152 3373 ﬁdeles
3182 3333 3394 3380 omnes,
3442 3315 3589 3386 quod

2009 3432 2190 3493 partes
2242 3432 2457 3473 nostras
2510 3416 2730 3480 foveat;
2786 3423 2842 3467 et
2909 3414 3024 3482 ipse
3096 3419 3376 3480 perspecta
3429 3409 3593 3463 habet

2012 3528 2132 3580 qua:
2183 3509 2312 3564 olim
2373 3507 2712 3576 scripsimus,
2775 3513 2830 3556 et
2886 3515 3007 3570 qua:
3059 3501 3217 3553 modo
3273 3498 3584 3552 scribimus.

2009 3603 2115 3658 Per
2175 3604 2454 3656 desertum
2503 3600 2668 3670 igitur
2731 3596 2922 3648 diebus
2975 3592 3160 3647 decem
3227 3587 3587 3657 consumptis,

2011 3705 2280 3758 austrum,
2327 3706 2491 3762 atque
2534 3691 2802 3744 orientem
2846 3701 3035 3741 versus
3070 3692 3358 3755 pergentes
3397 3695 3592 3751 perve-

2013 3789 2190 3843 nimus
2239 3786 2305 3840 ad
2349 3785 2666 3838 Monderum
2712 3789 2899 3834 contra
2965 3786 3173 3830 mentes
3215 3789 3390 3828 arena:
3454 3787 3592 3826 nun-

2011 3890 2256 3950 cupatus,
2309 3893 2444 3947 quos
2499 3876 2706 3929 Arabes
2767 3871 2949 3926 Rantle
3007 3869 3298 3939 appellant.
3351 3865 3590 3921 Monderi

2013 3985 2189 4027 autem
2215 3980 2392 4025 castra
2441 3964 2868 4035 ingredientibus
2908 3961 3085 4027 nobis,
3123 3968 3417 4015 occurrunt
3456 3957 3594 4011 Ara-

2013 4064 2108 4119 bes
2131 4061 2358 4125 etlmici,
2391 4069 2447 4113 et
2478 4058 2804 4122 Maaddeni;
2849 4065 2924 4120 et,
2977 4053 3106 4123 quid
3156 4050 3386 4120 amplius
3422 4063 3592 4120 agen-

2014 4157 2138 4211 dum
2191 4153 2343 4209 vobis
2396 4158 2588 4210 restat,
2644 4148 2916 4217 inquiunt,
2956 4162 3075 4198 cum
3117 4143 3370 4199 Christus
3414 4148 3594 4196 vester

2013 4264 2077 4302 ex
2119 4247 2510 4307 llomanorum,
2553 4241 2875 4304 Persarum,
2927 4248 2982 4291 et
3036 4236 3432 4291 Ilomeritarum
3468 4233 3593 4288 ﬁni-

2014 4341 2113 4394 bus
2172 4336 2431 4407 expulsus
2483 4334 2599 4389 sit?
2649 4332 2763 4388 lloe
2825 4331 2981 4387 nobis
3020 4331 3228 4386 Arabes
3293 4327 3595 4396 exprobra-

2016 4431 2186 4494 bant;
2216 4439 2271 4483 at
2303 4443 2403 4481 nos
2431 4425 2634 4497 ingenti
2664 4425 2853 4479 dolore
2878 4423 3289 4478 tabescebamus
3314 4434 3329 4474 :
3359 4417 3595 4474 maxime

2017 4537 2139 4577 cum
2181 4520 2331 4590 juxta
2363 4519 2577 4571 adesset
2622 4516 2832 4582 legatus
2887 4516 2954 4569 ab
3009 4513 3414 4568 Ilomeritarum
3467 4521 3594 4577 rege

2019 4615 2084 4670 ad
2120 4627 2300 4683 regem
2339 4609 2656 4664 Mondernm
2695 4609 2911 4673 missus,
2945 4606 3035 4677 qui
3071 4605 3286 4670 plenam
3329 4615 3596 4670 arrogan-

2020 4693 2120 4762 tiae"
2137 4705 2426 4778 epistolam
2453 4702 2724 4765 exhibuit,
2759 4701 2812 4754 in
2842 4700 2956 4754 haec
2986 4697 3149 4752 verba

2089 4819 2338 4885 Noveris,
2383 4817 2552 4873 frater
2597 4815 2667 4870 mi
2713 4811 2968 4869 Mondere
3024 4825 3143 4878 rex,
3198 4823 3381 4880 regem
3421 4807 3598 4876 illum,

2019 4929 2177 4985 quem
2215 4911 2501 4980 [EthiOpes
2532 4909 2738 4978 regioni
2767 4916 2968 4962 nostra:
2994 4901 3374 4971 praefecerant,
3407 4916 3440 4958 e
3458 4899 3600 4958 vivis

2012 5008 2128 5078 jam
2179 5002 2508 5059 excessisse.
2545 5002 2885 5054 Adventante
2923 5002 3104 5049 autem
3140 4992 3338 5059 hieme,
3369 5007 3492 5048 cum
3541 4989 3597 5068 in

2020 5107 2261 5154 nostram
2287 5095 2563 5163 regionem
2607 5089 2894 5159 [Ethiopes
2924 5087 3253 5143 contendere
3285 5084 3595 5154 nequirent,

2024 5200 2083 5245 ut
2110 5188 2482 5246 Christianum
2514 5200 2694 5256 regem
2731 5184 2798 5238 de
2841 5197 2993 5236 more
3047 5179 3466 5241 constituerent,
3512 5185 3596 5231 to-

2021 5294 2133 5339 tum
2171 5296 2270 5350 ego
2318 5278 2732 5333 Homeritauum
2766 5289 2989 5341 regnum
3035 5271 3340 5340 occupavi:
3376 5283 3439 5324 ac
3484 5267 3596 5338 pri-

2022 5389 2164 5428 mum
2197 5370 2415 5439 quidem
2448 5375 2673 5422 cunctos
2705 5364 3064 5426 Christianos,
3093 5363 3182 5431 qui
3209 5354 3280 5415 'in
3310 5360 3591 5415 Christum

2015 5463 2344 5530 credebant,
2393 5460 2534 5529 cepi,
2585 5470 2812 5514 mortem
2856 5457 2987 5528 ipsis
3039 5455 3438 5524 comminatus,
3488 5454 3592 5512 nisi

416 5806 532 5880 (tt)
554 5803 720 5872 Hujus
736 5817 952 5875 quoque
976 5799 1197 5874 capituli
1223 5798 1723 5871 interpretationem
1750 5813 1904 5855 sumo
1941 5811 2008 5854 ex
2039 5790 2634 5860 Assemsno,BibliotIt.
2669 5787 2873 5844 Orienl.
2911 5793 2950 5840 t.
2984 5784 3026 5852 l,
3057 5798 3110 5858 p.
3138 5780 3267 5844 ωδ.
