4154 6528
606 364 751 446 ηδτ

1625 370 2031 440 ΖΛΟΗᾹΒΙΕ
2069 372 2501 441 ΜΙΤῩΙΕΝΈΞ
2539 376 2876 441 EPISCOPI

3728 374 3875 446 “68

604 490 776 549 Judaei
799 486 954 547 nobis
989 486 1195 545 similes
1218 469 1431 543 ﬁerent.
1460 486 1647 543 Occidi
1692 499 1897 557 autem,
1925 504 2063 559 quos
2097 505 2184 545 re-
2210 496 2257 552 Α
2287 492 2581 549 liberorum
2626 490 3007 571 intolerabiles.
3026 491 3226 547 hiems.
3260 488 3389 545 Mihi
3432 492 3573 560 ergo
3596 488 3869 547 delibera-

602 585 743 655 peri,
774 581 856 637 his
882 590 1099 637 centum
1133 589 1187 635 et
1208 581 1482 651 octoginta
1512 578 1864 637 sacerdotes:
1897 580 2181 651 Ethiopes

604 689 842 745 quoque,
876 671 966 742 qui
1003 670 1288 725 ecclesiam
1318 666 1719 736 custodiebant,
1762 686 1865 725 una
1892 686 2015 725 cum
2048 671 2181 742 ipsis

603 778 634 821 c
661 764 847 822 medio
878 763 1072 819 sustuli
1098 778 1115 830 ;
1147 776 1338 817 eorum
1370 778 1497 818 vero
1530 763 1818 818 ecclesiam
1847 764 1901 818 in
1939 777 2180 834 synagoo

603 858 724 929 gain
763 869 1005 913 nostram
1053 857 1319 911 converti.
1354 855 1507 910 Tunc
1536 857 1750 910 demum
1793 871 1913 910 cum
1961 867 2178 910 centum
2218 868 2247 902 γ

602 966 666 1008 ac
692 951 880 1023 viginti
926 948 1167 1004 millibus
1194 948 1474 1002 hominum
1508 948 1573 1001 ad
1603 946 1817 1016 Nagran
1858 947 2059 1016 regiam
2093 960 2182 999 eo-

604 1039 721 1098 rum
767 1042 957 1097 urbem
992 1048 1168 1094 castra
1203 1037 1343 1092 movi
1371 1054 1385 1089 :
1409 1052 1573 1105 quant
1609 1051 1729 1090 cum
1757 1036 1945 1088 diebus
1976 1034 2179 1102 aliquot

602 1136 803 1191 frustra
853 1136 1272 1202 Oppugnassem,
1329 1129 1652 1199 interposito
1688 1128 2044 1197 jurejurando
2091 1127 2176 1179 iu-

602 1228 967 1285 columitatem
1003 1225 1274 1294 pollicitus
1329 1238 1447 1277 sum
1486 1239 1499 1275 :
1535 1224 1716 1274 animo
1766 1231 1946 1273 tamen
1993 1220 2178 1273 datam

603 1318 928 1375 Christianis
973 1316 1223 1371 hostibus
1274 1316 1409 1369 meis
1459 1313 1617 1366 ﬁdem
1666 1327 1771 1365 non
1823 1310 2173 1365 observandi.

601 1410 784 1476 Quare
812 1406 1086 1462 deditione
1137 1405 1277 1459 facta
1314 1403 1565 1473 praecepi,
1616 1412 1675 1456 ut
1718 1416 1933 1467 aurum,
1981 1415 2177 1471 argen-

602 1507 737 1564 tum,
776 1506 829 1552 et
869 1510 1060 1550 omnes
1081 1509 1212 1564 opes
1242 1510 1366 1549 suas
1406 1493 1728 1562 proferrent.
1762 1490 2012 1546 Prolatas
2051 1506 2181 1546 sus-‘

599 1589 719 1644 tuli.
795 1588 911 1643 Mox
989 1585 1213 1640 Paulum
1270 1600 1455 1639 eorum
1517 1585 1830 1654 episcopum
1898 1582 2172 1652 quaesivi:

598 1693 756 1750 quem
788 1692 912 1734 cum
954 1678 1027 1730 illi
1068 1694 1099 1732 e
1129 1677 1267 1730 vivis
1304 1676 1417 1744 jam
1448 1676 1749 1729 excessisse
1793 1674 2171 1739 afﬁrmassent,

600 1772 1016 1841 haudquaquam
1053 1768 1186 1837 ipsis
1226 1769 1383 1821 tidem
1417 1767 1667 1830 adhibui,
1704 1768 1876 1821 donec
1904 1766 2170 1820 tmnulum

2283 594 2397 639 tum
2432 594 2538 650 est,
2584 583 2966 638 his'omnibus
2996 584 3157 643 ﬁnem
3208 583 3357 636 dare.
3397 581 3648 637 Priorum
3681 581 3871 652 itaque

2283 675 2595 744 nuptiarum
2652 673 2769 728 dies
2818 673 3130 727 laetissimos
3171 672 3325 741 exegi
3375 691 3389 726 :
3442 680 3499 725 et
3550 684 3693 726 Imnc
3743 673 3865 741 pari

2283 783 2406 821 cum
2470 766 2639 820 animi
2707 766 2811 821 mei
2867 766 3055 820 laetitia
3117 764 3258 820 ﬁlias
3331 764 3572 835 virgines
3626 764 3873 833 quinque

2282 858 2502 914 Christo
2542 859 2823 928 despondi.
2874 856 2991 912 llue
3033 871 3165 926 ergo
3214 857 3353 911 ferte
3401 856 3614 919 oculos,
3669 856 3869 929 socia;

2281 949 2567 1004 intuemini
2603 949 2840 1003 sodalem
2865 958 3125 1010 vestram,
3160 958 3404 1008 vestrum
3427 949 3481 1006 in
3514 963 3871 1021 Conspectum

2280 1058 2346 1097 en
2398 1044 2640 1097 secundo
2683 1042 3061 1111 prodeuntem.
3100 1041 3555 1113 Quandoquidem
3605 1045 3660 1099 in
3701 1046 3873 1115 priori

2281 1128 2371 1189 illa
2411 1147 2653 1188 mearum
2680 1135 2990 1206 nuptiarum
3023 1150 3241 1208 pompa,
3275 1138 3429 1192 vobis
3463 1139 3720 1193 omnibus
3742 1152 3870 1207 spe-

2280 1226 2577 1291 ctantibus,
2612 1230 2795 1296 Sponsi
2831 1230 3028 1295 prioris
3060 1230 3280 1283 dontum
3319 1229 3569 1283 traducta
3612 1244 3735 1283 sum
3770 1240 3873 1283 εει

2283 1332 2425 1372 nunc
2455 1325 2647 1388 aperto
2695 1319 2951 1372 similiter
2979 1319 3128 1371 vultu
3167 1320 3234 1373 ad
3280 1319 3561 1373 Christum
3595 1320 3782 1382 Deum,
3812 1328 3870 1373 et

2281 1426 2456 1464 meum
2542 1411 2890 1481 ﬁliarumque
2945 1427 3188 1465 mearum
3249 1411 3535 1465 Dominum
3583 1427 3866 1482 propero.

2279 1502 2751 1570 quemadmodum,
2792 1512 2847 1558 et
2887 1504 3002 1573 ipse
3053 1503 3309 1559 Christus
3356 1503 3426 1558 ob
3470 1518 3623 1558 suam
3662 1505 3715 1557 in
3766 1519 3869 1557 nos

2278 1595 2601 1648 c’haritatem
2635 1594 2702 1648 ad
2752 1608 2851 1650 nos
2885 1595 3186 1654 descendit.
3222 1605 3278 1650 et
3310 1610 3409 1666 pro
3456 1595 3636 1651 salute
3677 1603 3866 1649 nostra

2278 1670 2470 1752 passus
2501 1693 2609 1738 est.

2348 1774 2483 1830 Meis
2529 1789 2659 1845 ergo
2707 1775 2958 1831 insistere
3003 1775 3282 1845 vestigiis,
3330 1788 3427 1833 vos
3478 1776 3646 1832 etiam
3695 1784 3867 1845 atque

597 1865 713 1935 ejus
746 1864 889 1919 mihi
914 1861 1275 1917 ostenderunt
1306 1879 1320 1916 :
1354 1875 1455 1930 ego
1485 1876 1613 1915 vero
1644 1876 1769 1915 ossa
1817 1862 1942 1916 inde
1972 1872 2165 1916 extra-
2205 1849 2251 1903 Β
2275 1867 2439 1921 etiam
2484 1882 2637 1937 rogo,
2675 1880 2814 1921 neve
2857 1869 3061 1923 caduca
3108 1869 3221 1923 oris
3253 1867 3431 1924 forma
3487 1876 3859 1922 transversmn

595 1965 681 2010 cta
717 1953 974 2009 cremavi.
1023 1952 1320 2006 Ecclesiam
1367 1967 1580 2020 quoque
1631 1966 1841 2014 eorum,
1889 1965 1943 2005 et
1982 1965 2171 2006 sacer-

596 2050 771 2109 dotes,
803 2056 857 2099 et
884 2054 1146 2114 quotquot
1186 2045 1252 2101 ad
1297 2043 1586 2097 ecclesiam
1631 2043 1939 2111 confugisse
1981 2043 2171 2110 depre-

595 2137 781 2211 hendi,
816 2134 1049 2190 ﬂammis
1091 2132 1394 2213 absumpsi.
1443 2132 1707 2202 Reliquos
1739 2149 1869 2187 vero
1913 2135 2169 2200 cogebam

595 2228 874 2283 Christum
923 2239 1254 2293 crucemque
1295 2225 1526 2293 eiurare.
1588 2223 1739 2290 Quod
1790 2232 1965 2277 tamen
1999 2223 2074 2277 illi
2110 2238 2171 2279 se

591 2319 985 2374 commissuros
1040 2322 1308 2383 negarunt
1352 2312 1651 2381 :illumque
1686 2313 1849 2364 Deum
1898 2324 2061 2377 esse,
2114 2319 2169 2365 ct

590 2403 788 2465 Filium
817 2405 1093 2461 Benedicti
1143 2404 1522 2468 testabantur;
1555 2411 1610 2455 et
1647 2410 1878 2454 mortem
1924 2401 2064 2454 hanc
2095 2400 2163 2455 ob

588 2494 813 2561 causam
851 2500 1143 2571 oppetilam
1175 2498 1300 2551 vitae
1348 2496 1778 2564 anteponendam
1809 2491 2166 2547 aliirmabant.

590 2593 697 2653 Sed
731 2606 787 2650 et
811 2595 1050 2663 ipsorum
1082 2589 1333 2658 princeps
1372 2585 1536 2641 multa
1578 2585 1859 2650 eﬁ'utiens,
1888 2591 2169 2639 contume-

587 2687 677 2742 liis
740 2685 1060 2753 probrisqne
1088 2696 1172 2734 me
1198 2681 1468 2733 incessere
1495 2695 1599 2731 non
1624 2678 1934 2732 verebatur.
1966 2676 2168 2731 Omnes

588 2780 773 2848 itaque
824 2788 1015 2829 eorum
1066 2785 1321 2842 proceres
1372 2770 1494 2825 duci
1554 2774 1619 2823 ad
1664 2768 1987 2839 supplicium
2029 2769 2166 2837 jussi

588 2874 735 2928 sunt.
772 2871 985 2921 Interea
1018 2864 1250 2919 feminas
1284 2874 1342 2918 ut
1378 2864 1702 2918 maritorum
1744 2865 1950 2918 exitum
1986 2864 2166 2919 animo

587 2948 909 3033 r’eputantes
947 2956 1761 3025 resipiscerent'hortabamur,
1805 2955 1847 3009 si
1883 2955 1985 3010 sibi
2020 2954 2163 3010 suis-

574 3036 694 3125 que
717 3048 903 3105 liberis
924 3048 1240 3130 consultum
1267 3047 1487 3102 vellent.
1519 3042 1626 3100 Sed
1657 3046 1757 3099 illa:
1784 3045 1918 3100 adeo
1956 3048 2163 3102 nostris

576 3130 1061 3198 idhOrtationibus
1095 3146 1382 3193 commotae
1428 3151 1533 3189 non
1564 3135 1806 3202 fuerunt,
1855 3146 1915 3189 ut
1944 3149 1974 3188 a
2003 3134 2165 3205 virgi-

584 3233 769 3296 nibus,
802 3243 941 3299 quas
985 3229 1104 3284 neci
1135 3227 1541 3290 addixeramus,
1588 3226 1641 3280 in
1671 3243 1735 3281 eo
1767 3233 2069 3297 praeventas
2104 3241 2163 3281 se

584 3322 757 3384 fuisse
786 3331 1274 3394 conquererentur,
1321 3330 1376 3374 et
1416 3319 1557 3374 ultro
1589 3321 1640 3374 in
1682 3320 1917 3374 medium
1951 3319 2160 3373 illarum

576 3428 776 3490 agmen
806 3416 1191 3485 irrumperent,
1225 3421 1393 3482 atque
1437 3425 1466 3465 a
1497 3409 1611 3467 suis
1641 3411 1857 3465 maritis
1897 3425 1956 3465 se
1981 3410 2161 3465 div‘ul-

579 3510 671 3568 s'as
696 3507 959 3565 dolerent.

608 3612 615 3617 '
653 3600 726 3658 lis
755 3610 893 3673 ergo
930 3599 1125 3656 ultimo
1175 3597 1440 3670 supplicio
1483 3594 1713 3665 aﬁ‘cctis,
1755 3595 1985 3651 Romam
2019 3596 2162 3667 regis

580 3686 849 3764 designati
886 3708 1135 3761 uxorem,
1174 3692 1316 3747 datis
1367 3707 1434 3746 ex
1474 3701 1662 3745 nostro
1693 3690 1937 3744 exercitu
1975 3698 2161 3745 custo-

578 3778 776 3851 dibus,
830 3782 1208 3840 dimittendam
1254 3782 1581 3851 pntavimus,
1634 3782 1679 3834 si
1732 3780 1874 3837 forte
1928 3781 2158 3836 ﬁliarum
2218 3788 2219 3791 “

576 3877 1054 3935 cortuniseratione
1079 3885 1262 3943 capta,
1297 3874 1613 3942 religionem
1666 3873 2033 3927 Christianam
2069 3889 2156 3929 re-

586 3964 865 4041 pudiaret,
911 3976 968 4022 et
995 3967 1276 4022 Judaicant
1323 3966 1767 4033 amplecteretur,
1805 3967 1964 4029 ﬁlias,
2005 3980 2157 4035 Opes,

578 4054 827 4115 furtunas
860 4073 1049 4113 omnes
1079 4070 1385 4129 receptura.
1422 4056 1487 4108 At
1521 4057 1608 4110 ἱιι.ι
1667 4067 1722 4108 ιιι
1754 4072 1783 4109 a
1816 4068 2002 4110 nostro
2037 4071 2159 4112 sese

577 4154 877 4219 cunspectu
923 4151 1213 4219 proripuit,
1264 4148 1429 4201 nudat
1481 4157 1661 4213 caput,
1692 4158 1744 4200 et
1789 4158 1978 4217 aperto
2011 4149 2156 4202 vultu

578 4243 759 4315 prodit
788 4242 842 4296 in
871 4239 1166 4311 publicum,
1210 4241 1443 4295 mirante
1474 4238 1672 4309 populo
1704 4257 1718 4293 :
1752 4241 2014 4307 siquidem
2043 4240 2158 4309 ejus

578 4334 776 4389 faciem
834 4342 901 4389 ex
954 4347 1062 4401 quo
1107 4334 1246 4385 facta
1302 4342 1420 4386 erat
1466 4332 1847 4402 grandiuscula
1898 4349 2055 4387 nemo
2104 4336 2154 4386 in

579 4426 699 4481 foro
730 4426 1101 4495 conspexisset
1128 4439 1142 4477 :
1173 4432 1335 4491 atque
1366 4440 1460 4493 per
1490 4426 1635 4480 vicos
1666 4426 1816 4479 urbis
1846 4435 1891 4479 et
1921 4429 2151 4494 conipita

2272 1958 2369 2015 vus
2396 1960 2480 2029 agi
2516 1959 2711 2014 sinatis
2745 1977 2758 2013 :
2794 1974 2895 2015 nec
2919 1960 3065 2014 enim
3096 1966 3195 2031 ego
3230 1962 3387 2016 vobis
3415 1961 3596 2014 minus
3617 1958 3860 2014 {annosa

2272 2069 2391 2109 sum
2435 2054 2573 2108 :sed
2620 2062 2674 2107 et
2722 2053 2894 2122 ipsam
2949 2053 3088 2108 hanc
3136 2053 3571 2122 qualemcunque
3629 2052 3861 2108 far-mam

2273 2144 2562 2211 integram,
2606 2152 2661 2198 et
2688 2143 2927 2198 Iudaicae
2962 2141 3204 2211 perﬁdiae
3251 2143 3547 2197 immunem
3583 2144 3649 2196 ad
3701 2142 3867 2197 Chris

2272 2243 2414 2288 stum
2457 2232 2727 2295 deferam.
2775 2241 2833 2285 ut
2877 2232 2990 2301 ipsa
3035 2232 3149 2285 oris
3201 2230 3413 2299 species
3463 2231 3695 2285 Domino
3740 2244 3861 2285 meo

2270 2321 2430 2377 ﬁdem
2463 2321 2647 2386 faciat,
2677 2337 2764 2376 me
2808 2322 2875 2376 ab
2907 2322 2997 2374 illa
3049 2321 3101 2374 in
3137 2320 3481 2375 inﬁdelitatis
3506 2322 3719 2375 crimen
3761 2323 3862 2375 aly

2270 2412 2391 2465 duci
2426 2424 2767 2482 nequaquam
2798 2413 3039 2481 potuisse
3070 2428 3084 2466 :
3124 2419 3180 2464 et
3208 2426 3427 2477 aurum,
3462 2420 3516 2466 et
3546 2420 3861 2480 argentum,

2270 2516 2323 2558 et
2356 2504 2599 2574 ingentes
2625 2518 2759 2574 epes
2789 2506 3103 2569 ostendent,
3138 2502 3275 2557 nihil
3307 2503 3427 2572 ipso
3466 2502 3601 2557 mihi
3632 2504 3861 2558 charius

2269 2596 2459 2651 fuiSse.
2495 2595 2607 2651 Rex
2648 2611 2880 2666 namque
2914 2598 3215 2667 perduellis
3251 2596 3484 2651 salutem
3514 2595 3861 2655 incolumita-

2268 2697 2508 2758 temque,
2551 2689 2595 2743 si
2630 2687 2906 2744 Christum
2939 2691 3236 2760 ejnrarem,
3283 2688 3555 2759 promisit.
3600 2686 3707 2742 Sed
3756 2690 3858 2744 hoc

2268 2789 2480 2835 avertat
2528 2781 2690 2847 Deus,
2739 2782 2996 2849 sodales;
3032 2792 3262 2847 avertat,
3298 2781 3540 2851 inquam,
3590 2795 3656 2834 nc
3699 2778 3860 2835 Chri-

2266 2880 2409 2926 stum
2448 2871 2640 2936 Deum,
2676 2873 2729 2926 in
2771 2888 2930 2943 quem
2976 2864 3210 2940 credidi,
3250 2863 3396 2929 nunc
3439 2874 3683 2928 deseram
3718 2872 3855 2949 :sed

2266 2948 2483 3032 quando
2522 2978 2643 3032 ego,
2694 2971 2748 3018 et
2801 2962 2925 3017 ﬁliae
2974 2964 3025 3018 iu
3068 2965 3289 3018 nomine
3335 2953 3624 3018 Trinitatis
3670 2962 3855 3031 bapti-

2268 3050 2402 3109 zata
2453 3051 2678 3118 fuimus,
2731 3053 2930 3109 Christi
2989 3050 3208 3109 erucem
3244 3044 3501 3120 adorare,
3559 3050 3614 3109 et
3653 3068 3753 3125 pro
3789 3068 3858 3109 eo

2272 3155 2500 3201 mortem
2526 3154 2648 3200 cum
2677 3146 2797 3201 vita»
2830 3155 3191 3213 commutare,
3224 3162 3332 3203 una
3360 3162 3483 3204 cum
3517 3147 3627 3202 illis
3656 3156 3739 3203 est
3769 3160 3858 3201 ra-

2269 3249 2380 3291 tmn
2422 3238 2553 3292 mihi
2589 3253 2604 3291 :
2632 3238 2899 3309 siquidem
2930 3239 3001 3293 "et
3027 3237 3281 3295 Christus
3302 3245 3410 3310 'pru
3440 3238 3609 3295 nobis
3637 3236 3856 3294 crucia-

2268 3341 2376 3395 tus,
2412 3341 2467 3385 et
2518 3341 2748 3387 mortem
2796 3332 2848 3385 in
2882 3347 2978 3387 sua
3012 3349 3179 3388 carne
3208 3347 3496 3406 perpessus
3529 3343 3633 3389 est.
3654 3332 3857 3400 ‘Quare

2266 3439 2353 3479 res
2421 3424 2588 3479 hasce
2646 3425 2903 3490 caducas,
2967 3427 3222 3495 quamvis
3272 3427 3431 3481 modo
3491 3425 3680 3482 oculos
3732 3426 3854 3480 alli-

2263 3517 2447 3583 ciant,
2497 3518 2828 3588 corporique
2881 3517 3236 3574 blandiantur
3279 3519 3609 3589 quandoque
3668 3531 3853 3573 tamen

2263 3624 2510 3674 casuras,
2534 3619 2725 3680 sponte
2756 3611 2970 3683 resigno
2993 3651 3009 3677 ,
3034 3628 3303 3681 perennes
3330 3622 3382 3667 et
3408 3622 3671 3681 perpetuo
3693 3627 3856 3668 mau-

2265 3715 2423 3756 suras
2457 3716 2587 3770 Opes
2618 3718 2648 3755 a
2692 3701 2919 3759 Domino
2965 3715 3282 3775 acceptura.
3314 3707 3357 3762 0
3394 3721 3487 3761 vos
3517 3706 3728 3770 beatas,
3760 3721 3853 3762 so-

2261 3790 2433 3855 dales,
2481 3792 2527 3848 si
2577 3793 2737 3848 dictis
2790 3810 2951 3850 aures
3005 3797 3261 3851 dederitis
3315 3800 3472 3861 meis,
3525 3808 3580 3852 et
3629 3798 3847 3852 veritati

2261 3898 2480 3950 manus,
2536 3883 2924 3955 Christumque
2978 3886 3147 3942 Deum
3202 3872 3546 3955 dilexeritis,
3586 3905 3683 3958 pro
3740 3903 3851 3960 quo

2259 3992 2361 4045 ego
2413 3985 2466 4032 et
2497 3977 2618 4032 ﬁlia:
2648 3979 2943 4035 morimur!
2971 3978 3127 4055 Nunc
3154 3992 3332 4036 autem
3358 3998 3568 4049 picem,
3605 3992 3659 4037 et
3691 3970 3846 4035 tran-

2260 4067 2425 4136 quilla
2483 4079 2724 4139 tempora
2767 4072 2963 4140 populo
2993 4072 3084 4127 Dei
3123 4089 3315 4142 precor
3345 4092 3360 4128 :
3387 4073 3615 4128 fratrum
3651 4085 3708 4128 et
3746 4088 3845 4128 so-

2264 4175 2446 4213 lorum
2509 4162 2561 4215 in
2614 4163 2715 4216 hac
2770 4166 2903 4216 urbe
2956 4180 3053 4233 pro
3111 4164 3332 4219 Christo
3386 4166 3841 4239 interemptarum

2260 4265 2424 4304 cruor
2464 4251 2562 4320 ipsi
2590 4270 2777 4307 llllll‘US
2809 4255 2920 4317 ﬁat,
2948 4256 2990 4309 si
3026 4268 3205 4311 tamen
3232 4258 3461 4311 Doniino
3495 4273 3594 4312 suo
3621 4256 3846 4312 Christo

2261 4351 2519 4409 perpetuo
2570 4345 2885 4399 adlneserit.
2931 4346 3007 4401 En
3053 4348 3281 4403 ﬁdenter
3333 4350 3468 4404 urbe
3513 4350 3739 4414 escedo,
3788 4350 3843 4404 in

2258 4438 2363 4499 qua
2400 4433 2543 4487 velut
2574 4436 2628 4487 in
2662 4439 2993 4505 temporaria
3025 4440 3261 4507 quodam
3293 4441 3598 4494 diversorio
3646 4439 3840 4494 hacte-

575 4514 894 4574 discurrens
944 4514 1180 4569 clamare
1215 4528 1279 4567 ac
1312 4517 1600 4569 vociferari
1653 4518 1793 4570 hunc
1836 4518 1888 4570 in
1933 4518 2149 4570 modum
2188 4535 2228 4589 ο
2260 4540 2360 4577 nus
2394 4536 2624 4581 versatae
2650 4542 2857 4583 sumus
2886 4545 2987 4599 ego
3017 4541 3074 4584 et
3114 4530 3237 4585 ﬁliae
3266 4547 3422 4597 metr,
3454 4532 3599 4585 illam
3641 4534 3839 4586 ciem.

574 4602 765 4678 cupit.
800 4604 1055 4660 Mulieres
1092 4602 1494 4674 Nagranenses,
1522 4616 1791 4677 quotquot
1824 4608 2034 4662 adestis
2063 4623 2154 4662 so—

575 4701 747 4764 dales,
777 4699 1121 4763 Christianae,
1150 4695 1349 4752 Judaea:
1388 4709 1443 4753 et
1471 4700 1722 4768 gentiles,
1764 4702 1965 4754 audite.
1996 4699 2154 4755 Chri-

573 4793 809 4848 stianam
839 4806 924 4846 nte
949 4805 1093 4867 esse,
1128 4800 1181 4845 et
1214 4804 1385 4859 genus
1416 4801 1472 4846 et
1499 4807 1730 4861 proavos
1763 4809 1915 4848 meos
1956 4794 2152 4859 nostis,

575 4893 635 4940 et
669 4885 941 4952 ingentem
973 4885 1090 4938 auri
1128 4887 1455 4957 argentique
1490 4887 1726 4954 copiam,
1763 4886 2151 4955 patrimonium

577 4986 792 5044 quoque
838 4975 1193 5043 luculentum,
1248 4987 1303 5032 et
1342 4992 1623 5032 servorum
1678 4989 1926 5033 catervas
1952 4991 2154 5048 praesto

574 5066 710 5119 mihi
742 5078 898 5133 esse;
931 5078 986 5123 et
1012 5070 1055 5123 si
1091 5072 1276 5132 modo.
1322 5072 1582 5141 quoniam
1615 5085 1713 5140 pro
1743 5071 1962 5127 Christo
1994 5072 2152 5125 mari-

574 5166 662 5214 tus
689 5158 920 5224 interiit,
954 5176 1122 5219 novas
1152 5165 1372 5234 nuptias
1401 5176 1592 5235 Optare
1621 5167 1807 5230 libeat,
1847 5180 1951 5218 non
1987 5166 2152 5220 defu-

575 5263 751 5309 turam
780 5255 955 5309 dotcm
980 5272 1045 5311 u
1086 5258 1314 5311 millium
1352 5272 1663 5320 aureorum,
1707 5266 1762 5309 et
1794 5266 1988 5325 praeter
2020 5272 2152 5326 opes

572 5342 757 5398 abillo
788 5346 920 5400 mihi
948 5345 1182 5412 relictas,
1212 5348 1474 5401 mundum
1523 5362 1689 5418 prope
1718 5348 1986 5401 inlinitqu
2030 5363 2147 5402 Ino-

572 5434 782 5502 u‘ilium,
826 5452 1183 5508 gemmarum,
1227 5442 1294 5507 eti
1321 5440 1837 5507 pretiosissimarnm
1872 5441 2146 5496 vestium:

573 5538 1027 5601 perspectumque
1062 5529 1213 5585 vobis
1260 5538 1366 5595 est,
1397 5546 1501 5585 non
1537 5530 1671 5586 lalso
1706 5530 1811 5586 ista
1863 5548 1892 5585 a
1943 5548 2029 5587 me
2055 5531 2142 5601 ja-

572 5618 734 5683 ctari,
774 5618 868 5672 sed
895 5634 992 5674 nec
1021 5619 1151 5674 illud
1200 5636 1295 5673 vos
1324 5621 1494 5675 latere
1525 5622 1661 5687 scio,
1700 5622 1902 5675 nullam
1926 5624 2145 5682 terniue:

569 5707 714 5762 diem
748 5708 1122 5778 optabiliorem
1150 5727 1272 5769 esse
1299 5715 1386 5769 die
1419 5698 1727 5785 nuptiarum
1764 5732 1777 5769 :
1814 5715 1937 5769 huic
1965 5724 2141 5771 autem

566 5801 864 5856 succedere
895 5793 1187 5873 aerumnas,
1229 5816 1482 5875 partnum
1524 5805 1760 5874 dolores,
1789 5815 1845 5861 et
1872 5805 1922 5860 in
1954 5804 2143 5864 funere

2259 4623 2364 4669 tem
2392 4627 2651 4671 attcrnam
2676 4621 3004 4689 cogitantes,
3036 4623 3090 4676 in
3114 4621 3541 4692 qua'Sponsum,
3565 4625 3655 4678 cui
3688 4624 3843 4693 ipsas

2258 4707 2480 4771 tradidi,
2512 4718 2642 4762 sunt
2667 4710 2991 4766 inventurae.
3038 4713 3203 4768 Orate
3230 4728 3324 4782 pro
3362 4730 3469 4779 me,
3498 4715 3737 4781 sodales,
3779 4724 3840 4769 ut

2255 4796 2518 4853 Dominus
2555 4815 2709 4855 meus
2740 4801 2993 4858 Christus
3047 4820 3133 4859 tne
3181 4806 3463 4874 suscipiat,
3498 4814 3554 4861 et
3592 4808 3841 4877 ignoscat

2254 4885 2410 4949 mihi,
2431 4890 2871 4958 quandoquidem
2903 4894 3142 4949 triduum
3169 4896 3363 4950 tnarito
3395 4908 3679 4967 superstes
3701 4898 3835 4952 vixi.

2325 4976 2691 5036 Gliscentibus
2737 4998 2867 5053 ergo
2912 5001 2980 5040 ex
3028 4988 3161 5043 urbe
3204 4988 3537 5043 clamoribus
3595 4990 3837 5056 conciti,

2253 5072 2713 5139 percontabamur
2733 5078 2984 5143 reduces,
3021 5094 3158 5148 quos
3189 5094 3253 5135 eo
3289 5080 3668 5149 legaveramus
3698 5098 3839 5135 nun-

2256 5163 2381 5227 tios,
2410 5178 2660 5231 quaenam
2691 5169 2907 5223 tandem
2960 5169 3161 5226 insoliti
3212 5173 3355 5225 illius
3391 5172 3623 5239 eiulatus
3668 5188 3835 5228 causa

2250 5265 2419 5311 esset.
2466 5256 2583 5320 Isti,
2629 5272 2751 5327 qua:
2800 5275 2927 5314 mox
2976 5263 3354 5328 narrabamus,
3405 5264 3833 5316 renuntiarunt:

2253 5346 2483 5401 llumam
2516 5347 2788 5414 videlicet,
2819 5349 3147 5406 feminarum
3184 5353 3374 5423 vulgus
3402 5355 3469 5406 ad
3501 5368 3597 5408 eos
3628 5352 3836 5406 clarue-

2250 5452 2339 5493 res
2369 5440 2679 5497 concitasse
2704 5459 2721 5494 z
2746 5443 3031 5497 custodum
3067 5459 3262 5515 nempe
3291 5446 3521 5515 segnitia
3558 5444 3831 5499 socordia-

2248 5546 2353 5599 que
2381 5529 2583 5586 factum
2618 5530 2814 5598 fuerat,
2844 5544 2903 5589 ut
2942 5548 3146 5592 tantum
3178 5540 3391 5593 feinina:
3425 5539 3636 5592 liceret.
3676 5536 3745 5591 Et
3774 5538 3830 5590 in

2247 5636 2341 5677 eos
2369 5622 2588 5693 quidem
2635 5624 2829 5678 ultimo
2871 5629 3140 5697 supplicio
3186 5629 3623 5683 animadvertere
3654 5636 3829 5681 ratum

2248 5727 2390 5784 erat,
2419 5718 2522 5771 nisi
2561 5716 2613 5771 in
2651 5718 2931 5797 mitiorem
2966 5722 3291 5777 sententiam
3322 5719 3831 5797 quorumdampre-

2248 5822 2341 5865 ces
2363 5824 2463 5865 nos
2497 5796 2684 5880 postea
2718 5812 3018 5869 ﬂexissent.
3692 5796 3695 5799 ’
