4154 6560
314 435 455 502 1169

1370 443 1473 503 EX
1506 442 1875 505 HISTORIA
1914 426 2535 509 ECCLVE'SIASTICA.‘

3438 424 3576 504 ll'lli

386 547 530 604 Ecce
560 557 745 605 autem
772 542 842 605 ab
870 550 1005 606 urbe
1034 550 1232 607 femina
1263 554 1579 619 revertitur,
1604 556 1891 610 bacchanti
1923 560 1969 619 Α
2002 571 2113 623 rus,
2137 545 2405 611 reveritus
2434 555 2757 612 nobilissimi
2788 556 2891 611 viri
2924 571 3119 628 genus,
3154 563 3209 609 et
3240 552 3383 625 quod
3428 552 3574 607 idem

314 639 539 705 similis,
592 640 845 710 nudoque
892 642 1106 711 capite,
1164 652 1218 697 et
1270 642 1410 699 ﬁlias
1446 658 1628 700 secum
1671 647 1893 701 trahens

313 731 592 802 eleganter
638 733 1019 803 concinneque
1044 743 1289 805 ornatas,
1320 738 1473 807 quasi
1497 740 1563 793 ad
1600 740 1892 793 thalamum

314 837 698 890 concessurus,
756 837 937 880 erecta
992 826 1172 883 fronte
1226 830 1361 897 petit
1405 843 1751 902 conspectum
1799 848 1895 887 no-

312 924 487 969 strum
516 931 531 969 :
560 931 683 970 mox
719 917 915 972 solutis
946 919 1271 989 plieatisque
1302 921 1355 974 in
1398 936 1595 975 manus
1626 923 1887 990 crinibus,

314 1006 518 1060 nudam
568 1008 838 1062 cervicem
890 1009 1140 1079 porrigit,
1196 1011 1893 1067 inclamans:Christiana:

313 1116 504 1157 sumus
537 1120 551 1169 ;
594 1118 695 1171 pro
724 1104 944 1159 Christo
978 1105 1262 1159 morimur.
1300 1107 1571 1161 Abscinde
1621 1114 1805 1173 caput,
1838 1114 1895 1161 et

310 1192 381 1245 ad
408 1192 625 1260 fratres,
659 1209 724 1249 ac
753 1209 994 1258 sorores,
1032 1210 1389 1266 mearumque
1424 1197 1654 1250 ﬁliarum
1693 1210 1892 1266 paren-

312 1292 419 1339 tem
448 1287 602 1341 ocius
635 1289 957 1342 transmitte.
1003 1285 1114 1358 Ego
1145 1304 1274 1343 vero
1299 1301 1419 1359 post
1454 1298 1659 1343 tantam
1693 1288 1889 1342 mulie-

310 1375 388 1429 ris
419 1379 733 1444 amentiam,
757 1388 815 1432 ut
846 1379 1067 1433 Christo
1101 1382 1460 1442 renuntiaret,
1485 1382 1660 1435 adhuc
1692 1381 1889 1435 suade-

307 1468 433 1522 bam
465 1487 479 1522 :
514 1470 597 1523 sin
647 1472 861 1534 minus,
908 1482 1115 1526 tantum
1166 1489 1233 1528 ne
1290 1474 1492 1529 diceret
1545 1490 1665 1529 eum
1719 1475 1887 1529 Deum

308 1575 460 1614 esse.
503 1562 571 1614 At
615 1578 720 1616 non
767 1566 1049 1632 persuasi;
1094 1568 1223 1636 quin
1275 1567 1438 1621 etiam
1488 1568 1607 1637 ejus
1651 1568 1902 1631 filiarum

308 1649 480 1704 altera
516 1666 614 1706 nos
646 1651 994 1723 obiurgabat,
1026 1658 1115 1723 qui
1143 1657 1245 1711 ista
1283 1671 1716 1727 suggerereutus.
1748 1659 1884 1715 Cum

309 1754 439 1809 ergo
475 1758 788 1809 persuasum
836 1747 1113 1813 haberem,
1146 1749 1286 1802 nulla
1316 1751 1387 1813 vi,
1411 1751 1624 1805 nullove
1665 1753 1887 1821 ingenio

307 1833 592 1887 mulierem
621 1838 908 1892 adductum
941 1841 1031 1904 iri,
1076 1850 1133 1894 ut
1160 1841 1437 1898 Christum
1467 1844 1701 1911 eiuraret
1730 1862 1743 1899 :
1779 1861 1884 1900 cae-

1996 647 2139 702 inter
2169 649 2320 716 regni
2359 661 2615 718 proceres
2653 657 2798 702 esset
2834 647 3194 712 clarissimus,
3226 656 3280 699 et
3314 646 3368 699 iu
3402 644 3569 698 armis

1993 752 2267 795 Strenuus.

2063 830 2194 885 Inde
2253 830 2481 902 profecti
2532 828 2827 884 Naamanis
2874 836 3048 883 terras
3104 828 3346 883 Sabbato
3396 825 3572 897 primo

1988 921 2182 993 jejunii
2214 924 2508 987 tenuimus,
2540 922 2723 993 ibique
2756 922 2963 991 legatus
2996 919 3250 977 exstincti
3282 919 3423 991 regis
3464 916 3572 973 ilo-

1993 1016 2306 1069 meritarum
2336 1014 2594 1085 occurrit,
2629 1015 2717 1086 qui
2747 1028 2868 1068 cum
2903 1013 3102 1067 czedem
3139 1026 3168 1065 a
3201 1022 3430 1083 tyranno
3471 1009 3570 1064 Ju-

1992 1107 2228 1160 dxeorum
2255 1108 2599 1163 commissam
2625 1120 2654 1159 a
2683 1103 2838 1160 nobis
2861 1103 3162 1165 didicisset,
3193 1101 3567 1156 Naamanitam

1991 1200 2278 1266 quemdam
2328 1209 2483 1268 pacta
2535 1199 2783 1253 mercede
2809 1195 2961 1267 jubet
3006 1196 3060 1250 in
3104 1194 3288 1248 urbem
3331 1192 3569 1261 Nagram

1990 1289 2313 1358 quantocius
2343 1288 2637 1359 proﬁcisci,
2667 1289 2960 1358 omniaque
2987 1285 3185 1341 ibidem
3212 1291 3379 1352 gesta
3403 1296 3577 1352 quaom

1991 1379 2407 1449 diligentissime
2445 1379 2750 1449 explorare.
2779 1379 2831 1434 ls
2860 1379 3041 1448 itaque
3072 1386 3194 1446 post
3223 1375 3338 1430 dies
3361 1372 3577 1443 aliquot:

1990 1467 2167 1536 legato
2196 1467 2534 1532 Christiano,
2571 1467 2728 1522 nobis
2754 1466 3126 1530 audientibus,
3171 1463 3416 1518 narravit
3445 1476 3571 1533 qua:

1989 1572 2150 1625 supra
2199 1559 2661 1621 memoravimus,
2722 1558 3092 1627 subiecitque,
3152 1569 3323 1609 caesos
3374 1555 3565 1610 eadem

1988 1653 2277 1706 occasione
2324 1660 2596 1705 trecentos
2648 1658 2701 1704 et
2741 1649 3095 1719 quadraginta
3141 1662 3416 1717 proceres,
3470 1644 3565 1717 qui

1988 1744 2040 1798 in
2101 1743 2233 1798 urbe
2286 1752 2520 1815 tyranno
2569 1753 2945 1798 occurrerant.
3002 1742 3270 1796 Prmterea
3331 1740 3561 1804 addidit,

1985 1824 2249 1889 Judaeum
2282 1836 2498 1889 Aretha:
2552 1835 2661 1889 lilio
2704 1833 2871 1890 Caleb
2932 1834 3146 1888 illorum
3205 1831 3458 1901 principi,
3506 1841 3561 1885 et

309 1926 440 1978 teris
470 1923 796 1982 Christianis
840 1940 1018 1985 metus
1064 1932 1362 1987 incutiendi
1386 1950 1546 1987 causa
1572 1950 1690 1988 eam
1728 1936 1881 1990 humi
1912 1906 1958 1966 Β
1987 1927 2177 1981 “Uilla?
2220 1928 2451 1991 mari“).
2505 1927 2796 1982 Ῐιιδυιίθεεθ
2848 1927 2899 1980 in
2943 1927 3057 1980 hinc
3112 1926 3320 1979 verba:
3368 1922 3561 1977 Vide".

307 2019 585 2083 prosterni
628 2017 803 2086 jussi;
857 2020 995 2076 tilias
1046 2038 1176 2078 vero
1226 2026 1410 2080 statim
1460 2026 1694 2096 jugulari
1746 2043 1887 2096 pone

309 2116 560 2173 matrem,
602 2110 738 2165 adeo
780 2120 838 2166 ut
880 2114 1139 2171 dissectis
1171 2134 1200 2171 e
1248 2119 1557 2174 cervicibus
1596 2135 1888 2190 erumpens

305 2200 469 2250 crtior
502 2198 552 2251 in
589 2214 652 2255 os
675 2200 792 2268 ejus
824 2202 1075 2259 inﬁueret
1108 2222 1123 2259 :
1155 2222 1278 2260 mox
1312 2209 1484 2277 ipsam
1527 2211 1641 2278 pari
1676 2210 1881 2280 suppli-

304 2289 391 2342 cio
424 2290 632 2346 necari.
670 2291 839 2346 Deum
886 2294 1096 2350 Adonai
1125 2298 1270 2366 juro,
1312 2300 1615 2355 incredibili
1650 2317 1883 2357 interore

305 2379 532 2437 aﬂiectus
564 2398 711 2452 sum,
762 2386 1013 2456 cogitans
1043 2389 1234 2457 ipsius,
1268 2390 1609 2463 ﬁliarumque
1645 2394 1887 2464 pulchri-

303 2473 564 2530 tudinem.

374 2564 641 2631 Quoniam
693 2586 828 2626 vero
876 2575 1264 2643 pontiﬁcilms,
1306 2576 1547 2648 mihique
1602 2580 1886 2637 videbatur
1932 2618 1935 2621 ι

303 2655 484 2712 scelus
517 2671 659 2726 esse,
704 2662 752 2716 si
785 2666 1135 2732 peccantibus
1186 2669 1503 2735 parentibus
1538 2669 1785 2725 insontes
1822 2672 1886 2725 li-

301 2747 419 2801 beri
467 2754 898 2819 pcenas‘darent
955 2756 1031 2825 (id
1076 2758 1220 2811 enim
1274 2760 1436 2814 etiam
1496 2762 1640 2830 leges
1685 2773 1883 2820 nostra

299 2839 532 2910 vetant),
584 2842 789 2899 idcirco
846 2843 962 2911 lege
1000 2848 1106 2903 lata
1162 2850 1329 2915 edixi,
1389 2859 1445 2903 ut
1495 2851 1802 2919 impuberes
1851 2869 1879 2907 a

302 2927 510 2987 nostris
542 2934 805 2990 militibus
843 2932 1081 3004 alantur,
1117 2950 1171 2993 ut
1198 2957 1318 2995 cum
1352 2943 1418 2994 ad
1452 2944 1753 3012 pubertatis
1780 2960 1881 2998 an-

304 3037 403 3077 nos
457 3028 829 3093 pervenerint,
879 3040 973 3082 aut
1003 3029 1284 3086 Iudaicam
1339 3034 1655 3103 religionem
1708 3043 1883 3093 susci-

301 3110 594 3179 piant,‘aut
619 3117 662 3170 si
694 3115 1063 3173 Christianam
1101 3121 1344 3190 proﬁteri
1384 3126 1595 3189 malint,
1630 3136 1879 3194 pereant.

1988 2034 2095 2088 quo
2136 2027 2220 2070 tua
2269 2028 2318 2071 te
2356 2018 2411 2072 in
2454 2016 2725 2073 Christum
2763 2018 2953 2071 liducia
2992 2017 3306 2080 adduxerit,
3355 2015 3553 2071 bellum

1985 2111 2245 2163 adversus
2290 2125 2375 2165 me
2424 2109 2771 2164 molientem?
2804 2107 2923 2162 lam
2952 2109 3230 2177 resipisce,
3278 2110 3462 2174 miser,
3503 2116 3561 2162 et

1985 2200 2194 2267 eiurato
2221 2199 2461 2263 Cbrism,
2489 2200 2751 2254 senectuti
2778 2207 2885 2253 tute
2909 2199 3195 2254 consulere
3233 2213 3358 2254 sero
3386 2199 3554 2263 disce,

1988 2306 2055 2345 ne
2100 2300 2170 2351 te,
2207 2306 2325 2359 qtae
2361 2291 2537 2344 socius
2580 2300 2721 2355 tuos,
2771 2290 3010 2344 involvat
3056 2305 3236 2358 pinna.
3279 2289 3376 2343 Cui
3425 2290 3561 2344 Are-

1986 2384 2108 2436 thas
2134 2400 2147 2435 :
2178 2383 2248 2435 De
2276 2383 2413 2446 istis,
2442 2382 2637 2451 inquit,
2660 2383 2852 2435 merito
2875 2381 2986 2446 jam
3016 2396 3238 2450 queror,
3267 2391 3322 2434 ut
3345 2380 3560 2449 qui‘me

1987 2474 2124 2528 bene
2163 2482 2469 2527 monentem
2501 2473 2764 2526 obaudire
2796 2473 3068 2526 noluerint
3099 2488 3113 2525 :
3140 2471 3348 2525 aiebam
3380 2470 3560 2540 siqui-

1985 2566 2131 2629 dem,
2163 2564 2364 2618 nullam
2401 2564 2508 2617 tuis
2545 2563 2706 2618 dietis
2738 2564 3040 2619 habendam
3075 2577 3199 2619 esse
3237 2563 3420 2627 ﬁdem,
3454 2564 3569 2618 sed

1987 2657 2039 2712 in
2076 2656 2210 2711 urbe
2239 2656 2563 2710 manendum
2598 2674 2614 2710 :
2649 2665 2701 2710 et
2732 2655 2857 2710 inde
2889 2656 3057 2711 armis
3086 2670 3198 2710 rem
3221 2669 3344 2710 esse
3379 2664 3559 2710 trans-

1986 2747 2257 2817 igendam,
2303 2762 2407 2799 non
2450 2745 2672 2801 verbis:
2702 2745 2955 2799 daturum
3013 2745 3219 2800 scilicet
3246 2736 3572 2808 Christum,1

1982 2855 2143 2909 quem
2182 2839 2530 2907 optabamus,
2558 2837 2699 2893 bello
2736 2839 2896 2893 ﬁnem
2923 2852 2939 2891 :
2964 2854 3063 2892 nec
3096 2839 3283 2891 urbem
3318 2842 3569 2907 unquam

1982 2918 2343 3001 expugnaium
2382 2929 2469 2987 iri.
2507 2930 2559 2983 in
2594 2937 2736 2983 tanta
2766 2929 3065 2997 praesertim
3107 2943 3287 2983 rerum
3314 2927 3557 2982 omnium

1982 3022 2157 3091 cepia.
2194 3022 2286 3075 Sic
2317 3020 2392 3075 illi
2424 3020 2679 3074 nimirum
2712 3028 3037 3084 statuerunt,
3090 3019 3194 3072 tuis
3237 3018 3381 3089 capti
3428 3014 3573 3073 arti;

1984 3114 2103 3168 bus.
2137 3114 2501 3180 Quamobrem
2543 3113 2693 3181 regio
2727 3121 2789 3166 te
2816 3112 3034 3166 nomine
3074 3110 3352 3182 indignum
3385 3120 3515 3181 puto
3541 3125 3574 3166 :'

302 3203 417 3259 lloc
447 3202 562 3269 tibi,
598 3224 716 3274 rex,
758 3226 822 3264 eo
853 3214 1238 3282 perscribenda
1278 3218 1482 3285 putavi,
1520 3229 1576 3272 ut
1619 3220 1779 3273 simul
1826 3229 1878 3276 te

1986 3205 2334 3273 impostorem
2387 3206 2564 3274 potius
2608 3203 2815 3257 dixero.
2862 3203 3155 3257 Enimvero
3204 3217 3379 3273 reges,
3419 3196 3571 3271 quos

300 3296 680 3363 admonerem,
715 3316 781 3355 ne
807 3318 1134 3372 quemquam
1173 3305 1542 3362 Christianum
1577 3311 1627 3363 in
1668 3319 1759 3365 tuo
1790 3326 1879 3365 re-

299 3402 407 3451 gno
440 3390 622 3444 vivere
658 3393 901 3461 patiaris,
950 3396 1053 3450 nisi
1091 3397 1251 3463 forte,
1288 3400 1379 3469 qui
1426 3418 1577 3455 suam
1617 3417 1740 3456 cum
1790 3411 1877 3457 tua

300 3477 563 3547 religione
599 3497 935 3542 commutare
970 3488 1221 3542 voluerit.
1255 3489 1473 3546 Μόδιος
1518 3508 1647 3548 vero
1678 3492 1878 3549 fratres

300 3587 451 3626 meos
481 3589 565 3635 ea,
599 3591 705 3643 qua
747 3576 909 3643 soles,
955 3579 1291 3648 benignitate
1326 3583 1508 3637 fovere
1548 3600 1736 3655 perge,
1770 3585 1885 3639 fra-

300 3655 404 3717 ter.
447 3663 665 3721 Gratias
710 3682 806 3734 pro
844 3670 944 3722 hac
984 3682 1074 3724 tua
1125 3672 1177 3724 in
1235 3689 1328 3727 cos
1358 3674 1731 3730 benevolentia
1779 3691 1881 3745 ego

300 3757 596 3823 rependam
635 3774 1031 3828 :quoscunque
1084 3763 1177 3817 tibi
1214 3765 1567 3822 charissimos
1615 3769 1729 3822 lore
1773 3769 1881 3824 tuis

297 3846 502 3900 litteris
532 3849 643 3915 ipse
676 3866 758 3903 me
788 3852 981 3907 feceris
1013 3856 1343 3912 certiorem;

330 3932 339 3963 ⁵
371 3935 497 3992 "me
523 3954 612 3993 rex
646 3940 908 4009 profanus
952 3944 1169 4001 Judmus
1200 3947 1479 4004 Mondero.
1513 3951 1650 4007 Cum
1700 3967 1877 4006 autem

299 4044 401 4084 nos
426 4045 491 4085 eo
522 4034 977 4101 pervenissemus,
1008 4037 1299 4094 Momlerus
1329 4057 1626 4097 convocato
1654 4046 1718 4097 ad
1752 4062 1881 4099 con-

300 4121 515 4174 ciouem
549 4125 817 4189 exercitu,
856 4129 996 4199 regis
1026 4130 1236 4186 litteras
1262 4134 1473 4202 publice
1504 4138 1720 4191 recitari
1746 4138 1877 4205 jus-

300 4214 371 4266 sit
416 4231 681 4283 :rt-mque
730 4217 801 4271 ita
869 4233 930 4273 se
980 4221 1182 4275 habere
1232 4239 1471 4289 pra‘seus
1525 4229 1693 4294 ipsius
1740 4232 1880 4297 regis

302 4305 507 4381 legatus
567 4308 975 4374 attestabatur,
1010 4320 1258 4367 attexens‘
1334 4318 1437 4370 alia
1510 4322 1757 4387 tlttaetlnttl
1812 4322 1878 4374 de

298 4394 743 4451 Christianorum
814 4401 1005 4466 mede,
1067 4418 1366 4473 eorumque
1425 4422 1490 4461 ex
1544 4408 1881 4467 llomeritide

301 4486 447 4558 fuga.
488 4487 623 4541 Tum
661 4506 787 4545 vero
816 4491 1105 4549 Mouderus
1137 4497 1202 4549 ad
1225 4497 1586 4565 ChriStianos,
1616 4518 1754 4572 quos
1777 4504 1881 4558 sub

1983 3298 2090 3351 vidi
2141 3297 2359 3359 multos,
2413 3306 2570 3365 pacta
2613 3304 2877 3350 conventa
2931 3304 3174 3361 servant,
3231 3303 3289 3350 ct
3335 3310 3365 3348 a
3423 3294 3567 3351 dolis

1983 3386 2370 3456 fraudibusque
2397 3389 2714 3441 abhorrent.
2742 3386 2897 3452 Quod
2921 3400 3195 3441 summum
3239 3394 3341 3450 est,
3382 3386 3561 3439 datam

1982 3480 2201 3535 Christo
2244 3482 2350 3534 Deo
2388 3495 2506 3535 meo
2546 3479 2705 3533 ﬁdem
2752 3493 2859 3532 non
2901 3487 3070 3541 muto,
3101 3493 3202 3533 nec
3227 3476 3445 3533 Iudaeus
3482 3480 3578 3533 tui’

1984 3572 2177 3628 similis
2220 3582 2465 3641 apostata
2508 3570 2655 3626 ﬁam.
2686 3571 2756 3624 Et
2790 3571 2975 3624 vivere
3008 3569 3251 3639 quidem,
3303 3580 3563 3625 mortem-

1984 3679 2090 3734 que
2118 3666 2370 3726 evadere,
2403 3679 2522 3717 meo
2558 3680 2705 3719 lttlttc
2734 3672 2890 3717 stare
2916 3662 3142 3716 arbitrio
3175 3674 3259 3716 sat
3291 3662 3426 3717 scio.
3460 3663 3557 3717 At-

1985 3766 2165 3811 tamen
2217 3757 2305 3809 diu
2344 3755 2455 3823 jam
2509 3757 2637 3822 vixi,
2698 3767 2751 3810 et
2801 3756 3120 3819 liberorum,
3168 3766 3559 3825 nepotumque,

1982 3858 2147 3917 atque
2205 3857 2556 3915 cognatorum
2614 3864 2865 3918 magnam
2915 3857 3188 3903 catervam
3252 3847 3498 3917 relinquo
3545 3867 3561 3904 :

1985 3941 2147 3995 rebus
2190 3942 2412 4010 insuper
2448 3940 2575 3997 belli
2622 3941 2878 4011 domique
2919 3940 3083 4011 gestis
3127 3957 3235 3996 non
3272 3940 3577 4007 modicam,

1983 4030 2201 4088 Christo
2227 4031 2458 4099 favente,
2507 4032 2697 4102 collegi
2725 4033 2947 4089 famam.
2990 4033 3142 4100 Quod
3192 4026 3577 4103 in'posterum’

1987 4136 2216 4195 spectat,
2248 4143 2382 4181 .non
2437 4128 2615 4188 dubia,
2667 4126 2761 4181 sed
2810 4136 2959 4180 certa
3001 4127 3131 4182 mihi
3183 4142 3308 4197 spes
3357 4106 3579 4189 manet,"

1988 4220 2101 4274 fore
2154 4230 2243 4281 ut,
2295 4222 2753 4287 quemadmodum
2807 4222 2932 4274 vitis
2999 4222 3223 4277 resectis
3278 4221 3565 4291 snperﬁuis

1986 4312 2275 4364 sarmentis
2321 4312 2439 4364 uvis
2470 4310 2755 4377 exuberat,
2795 4304 2878 4367 sic
2918 4312 3146 4382 populus
3182 4322 3366 4367 noster
3404 4312 3564 4366 Chri-

1984 4401 2195 4455 stianus
2236 4402 2306 4454 sit
2334 4400 2570 4465 futurus,
2622 4412 2677 4456 et
2724 4402 2988 4467 Ecclesia,
3041 4416 3202 4472 quam
3250 4402 3577 4470 incendisti,‘

1988 4492 2425 4561 magniﬁcentius
2462 4494 2777 4562 propediem
2837 4493 3464 4562 instaureturzinsuper
3510 4502 3567 4545 ct

302 4579 470 4648 signis
505 4579 737 4634 habebat
782 4583 964 4650 plures
1009 4602 1307 4644 conversus
1340 4610 1352 4645 :
1382 4593 1645 4659 Audistis,
1682 4598 1876 4666 inquit,

1986 4584 2295 4638 Christiana
2350 4586 2539 4653 religio
2591 4584 2879 4653 resumptis
2917 4584 3123 4639 viribus
3172 4595 3383 4653 regnet,
3428 4586 3566 4653 regi-

300 4683 420 4736 qme
452 4675 711 4728 adversus
743 4684 936 4732 vestrae
969 4690 1131 4733 sectae
1183 4684 1430 4740 homines
1477 4689 1693 4742 decreta
1740 4702 1883 4746 acta-

301 4776 409 4828 que
463 4763 697 4821 fuerint?
740 4767 882 4835 Quin
931 4785 1060 4841 ergo
1104 4790 1198 4828 vos
1245 4775 1521 4831 Christum
1570 4784 1729 4835 modo
1774 4770 1881 4838 non

303 4852 572 4918 (-juratis?
603 4856 785 4927 ."eque
824 4861 969 4914 enim
1020 4863 1261 4932 regibus,
1292 4868 1382 4934 qui
1418 4868 1756 4925 Christianos
1782 4887 1880 4925 ex-

302 4945 580 5013 pellendos
620 4947 969 5018 judicarunt‘,
1023 4968 1141 5007 sum
1201 4958 1313 5025 ipse
1380 4959 1591 5014 melior.
1640 4962 1720 5014 Ad
1770 4963 1885 5017 haec

302 5034 464 5088 miles
505 5037 722 5104 quidam
769 5040 1138 5108 Christianus,
1166 5049 1255 5115 qui
1309 5050 1360 5102 iu
1402 5048 1641 5105 Mouderi
1689 5054 1883 5109 castris

305 5128 639 5192 merebatur,
689 5132 871 5187 divino
917 5134 1033 5188 zelo
1066 5138 1278 5193 excitus
1310 5153 1557 5210 prompte
1602 5143 1883 5198 confiden-

310 5216 727 5285 terque:ilaml
786 5231 895 5288 tua,
949 5240 1067 5290 rex,
1122 5226 1319 5295 inquit,
1373 5243 1535 5283 aetate
1587 5232 1882 5288 Christiani

312 5323 411 5359 nos
445 5308 572 5360 facti
607 5325 817 5376 StltllttS,
852 5323 907 5364 ut
942 5316 1099 5368 modo
1139 5317 1411 5371 Christum
1441 5321 1655 5387 eiurare
1687 5323 1885 5377 debea-

307 5416 449 5455 mus.
484 5401 584 5455 Cui
618 5402 907 5459 Monderus
955 5408 1270 5463 subiratus:
1312 5410 1463 5468 Tune
1491 5455 1505 5479 ,
1559 5416 1756 5485 inquit,
1799 5432 1886 5472 me

310 5503 578 5558 praesente
615 5496 727 5548 haec
769 5492 981 5549 ell‘utire
1019 5499 1228 5551 audes?
1259 5501 1328 5553 At
1360 5502 1447 5557 ille
1479 5520 1492 5557 :
1527 5503 1635 5558 Pro
1681 5507 1884 5575 pietate

309 5580 627 5651 locuturus,
699 5588 971 5641 neminem
1047 5600 1289 5645 metuere
1342 5593 1527 5661 soleo,
1581 5612 1682 5650 nec
1725 5599 1929 5651 modo.-

308 5674 589 5729 hutnindm
621 5686 818 5743 metus,
876 5689 932 5733 ut
979 5681 1031 5734 in
1075 5695 1136 5737 ea
1170 5697 1329 5738 causa
1363 5695 1601 5752 taceam,
1647 5707 1883 5758 unquam

309 5762 530 5819 eﬂlciet.
570 5766 755 5839 Neque
783 5784 913 5825 vero
945 5771 1074 5826 Inibi
1111 5771 1327 5851 gladius
1343 5775 1565 5832 brevior
1594 5790 1676 5835 est
1704 5780 1883 5849 gladio

312 5865 658 5927 umerorum,
684 5864 925 5929 paratus
959 5865 1190 5933 experiri
1238 5881 1377 5922 sum.
1415 5867 1610 5927 Tacuit
1663 5871 1884 5930 Mende-

1985 4675 2193 4744 busque
2238 4677 2500 4743 imperet;
2545 4673 2853 4729 Iudaeorum
2899 4686 3079 4728 autem
3131 4685 3278 4728 secta
3329 4674 3567 4727 tenebris

1984 4768 2271 4833 obruatur,
2321 4778 2469 4821 tuum
2508 4782 2730 4836 regnum
2769 4766 3042 4828 concidat,
3101 4773 3155 4819 et
3186 4772 3425 4832 potestas
3475 4764 3563 4818 in-

1988 4869 2178 4917 tereat.
2219 4858 2362 4914 Pone
2394 4875 2524 4928 ergo
2562 4858 2783 4925 fastum,
2833 4874 2969 4911 neve
3011 4856 3213 4926 aliquid
3248 4859 3569 4926 praeclarum

1989 4960 2039 5005 te
2069 4950 2304 5023 gessisse
2339 4961 2494 5018 putes
2520 4968 2534 5005 :
2562 4965 2683 5005 cum
2716 4950 2861 5006 enim
2902 4949 3186 5012 clarueris,
3221 4957 3446 5017 repente
3473 4961 3567 5003 οε-
3626 4932 3629 4943 ¹

1986 5042 2157 5099 cides.

2059 5133 2185 5189 Haec
2219 5136 2394 5193 aiebat
2420 5151 2647 5208 magnus
2679 5150 2742 5189 ac
2767 5132 3093 5188 venerabilis
3116 5145 3279 5185 senex
3311 5131 3573 5186 Aretltasa

1990 5224 2109 5280 Mox
2139 5226 2476 5283 Christianos
2518 5228 2606 5298 qui
2640 5226 2954 5295 frequentes
2988 5224 3129 5278 Intus
3166 5225 3286 5295 ejus
3331 5226 3569 5295 stipave-

1988 5330 2111 5374 rant
2144 5321 2286 5375 hunc
2321 5322 2372 5374 in
2410 5322 2623 5376 modum
2664 5320 3014 5389 interpellat:
3049 5318 3310 5383 Audistis,
3347 5317 3565 5387 fratres,

1987 5416 2113 5484 quid
2158 5417 2242 5468 isti
2278 5414 2462 5468 Judzeo
2499 5421 2722 5475 testatus
2748 5412 2907 5468 sum?
2936 5411 3031 5466 Cui
3062 5408 3137 5464 illi
3169 5426 3183 5465 :
3210 5408 3432 5481 Utique,
3462 5408 3565 5465 ea-

1988 5516 2088 5562 ter.
2124 5506 2357 5561 Arethas
2388 5523 2404 5559 :
2440 5504 2576 5559 Vera
2616 5513 2740 5560 sunt
2784 5504 2894 5568 illa,
2930 5512 3145 5558 necne!
3176 5502 3311 5558 Cum
3351 5516 3571 5572 responv

1988 5596 2193 5650 disserit
2248 5610 2374 5650 vera
2439 5611 2599 5661 esse,
2655 5594 2895 5650 subdidit
2930 5610 2944 5648 :
2974 5592 3030 5648 Si
3063 5593 3186 5663 quis
3233 5606 3360 5663 ergo
3419 5602 3567 5647 metu

1988 5688 2177 5743 mortis
2210 5703 2529 5753 concussus,
2562 5690 2743 5743 datam
2773 5686 2994 5742 Christo
3025 5686 3185 5741 ﬁdem
3231 5694 3446 5740 mutare
3480 5698 3583 5739 co—'

1988 5782 2158 5850 gltat,
2214 5782 2537 5850 quantocius
2582 5778 3011 5855 abscedat._Hic
3066 5780 3280 5836 sublato
3314 5779 3571 5833 clamore

1988 5886 2179 5928 omnes
2214 5872 2467 5929 dixerunt
2498 5891 2510 5928 :
2539 5868 2814 5942 Propitius
2857 5872 2930 5927 sit
2982 5871 3137 5928 nobis
3176 5870 3340 5933 Deus,
3388 5881 3454 5920 ne
3499 5864 3569 5923 ti-

1960 5976 1983 5997 θ
