4154 6534
601 399 737 466 ιιτι

1629 406 2028 467 ZACHARUE
2069 407 2497 469 Ml'l‘YLENES
2537 409 2874 470 EPISCUPI

3732 415 3863 479 11·ῖὲ

601 525 872 577 meamus,
905 509 1065 566 Pater
1111 530 1123 565 :
1155 513 1404 568 omnibus
1429 514 1632 586 quippe
1676 528 1855 573 tecum
1905 522 2039 576 mori
2074 538 2171 593 pro
2199 525 2244 582 Δ
2277 523 2453 578 nosti?
2483 523 2617 576 Tum
2651 539 2787 594 puer
2816 541 2831 578 :
2861 523 3118 591 Quotidie
3147 525 3213 578 ad
3262 524 3548 582 ecclesiam
3596 525 3868 582 ventitant:

601 602 825 658 Christo
863 613 944 657 est
977 614 1173 670 ratum,
1211 620 1311 659 nec
1343 622 1581 676 unquam
1614 624 1642 661 a
1673 617 1764 664 tuo
1794 611 1952 666 avelli
1985 613 2173 670 latere.

602 693 733 748 Post
772 694 886 749 hazc
939 695 1170 748 Arethas
1217 697 1280 748 ad
1337 696 1783 756 circumstantem
1830 702 2181 761 Christiano-

603 799 745 846 rmn,
780 782 1108 846 Judarorum,
1145 795 1199 839 et
1223 785 1564 856 Paganorum
1593 792 1808 847 turbam
1831 808 2133 851 conversus
2161 814 2174 851 :

601 875 825 940 Audite,
855 875 1054 945 inquit,
1080 888 1343 946 quotquot
1372 879 1571 935 adestis
1591 897 1801 939 omnes.
1825 887 2018 955 Siquis
2041 888 2180 945 forte
2219 881 2241 895 ’

602 981 666 1022 ex
697 982 898 1036 genere
942 984 1085 1030 meo,
1119 977 1211 1022 aut
1241 970 1492 1026 aﬂinibus
1539 974 1698 1041 meis,
1727 987 1820 1029 aut
1855 980 2180 1048 cognatione

603 1071 722 1110 mea
764 1071 794 1110 a
837 1056 1056 1112 Christo
1089 1058 1369 1124 defecerit,
1417 1069 1470 1114 et
1517 1061 1602 1116 isti
1628 1061 1816 1119 Judzeo
1866 1068 2176 1134 adhazserit,

605 1147 746 1201 hunc
780 1161 955 1199 nieum
985 1163 1107 1202 esse
1135 1150 1363 1220 abnego,
1398 1159 1454 1203 et
1480 1149 1749 1206 lueredem
1779 1155 1978 1221 abnuo,
2007 1158 2178 1212 bona-

600 1248 708 1302 que
735 1250 853 1288 mea
897 1233 950 1289 itt
990 1247 1237 1304 sumptus
1282 1238 1661 1294 construenda:
1705 1242 1948 1298 ecclesia:
1985 1248 2178 1303 cedere

602 1325 746 1381 volo.
781 1327 839 1382 Si
879 1326 1002 1396 quis
1036 1337 1215 1381 autem
1265 1344 1507 1384 meorum
1537 1330 1756 1387 Christo
1796 1335 1953 1390 ﬁdem
2003 1353 2180 1394 serva-

607 1417 768 1481 verit,
802 1418 1045 1489 mihique
1075 1433 1355 1489 superstes
1390 1422 1608 1487 vixerit,
1641 1424 1783 1480 hunc
1815 1426 1866 1479 itt
1889 1427 1977 1496 jus
2011 1430 2180 1486 facul-

609 1520 778 1564 tatum
830 1527 1071 1566 mearmn
1119 1513 1619 1582 succederejubeo,
1660 1525 1714 1571 et
1748 1519 2016 1576 haeredem
2058 1513 2178 1581 dico

607 1615 784 1654 meum
814 1619 828 1656 :
858 1603 1086 1657 ecclesia
1129 1618 1259 1657 vero
1293 1619 1671 1675 quemcunque
1721 1623 1786 1662 ex
1824 1611 1996 1666 tribus
2034 1617 2178 1683 agris

606 1692 916 1759 patrimonii
966 1698 1068 1750 mei
1128 1697 1390 1766 elegerit,
1446 1697 1643 1751 habeat
1693 1699 1795 1753 sibi
1844 1705 1910 1755 ad
1959 1704 2178 1762 fabrica:

602 1797 896 1849 expensas.

2279 630 2400 670 cum
2467 626 2668 679 matre,
2705 614 2776 668 ibi
2829 614 2979 669 illum
3047 615 3224 670 video.
3276 615 3472 670 Subdit
3530 631 3672 670 rex:
3709 615 3864 671 Mene

2279 721 2449 772 amas,
2481 723 2547 759 an
2588 706 2855 762 matrem?
2910 707 3089 763 Puer:
3142 707 3244 762 Pcr
3276 707 3560 762 Dominum
3592 717 3860 767 nostrum.

2281 807 2527 853 matrem.
2550 797 2647 853 Cui
2682 814 2868 852 rursus
2895 815 3020 853 rex:
3059 799 3212 854 Mene
3235 815 3411 862 amas,
3441 816 3505 852 an
3537 798 3860 854 Christum!

2280 905 2442 962 puer:
2467 888 2637 959 Magis
2653 889 2928 943 Christum
2942 905 3102 958 quam
3126 900 3195 945 te.
3219 890 3486 957 Quorsum
3509 904 3658 959 ergo,
3677 890 3859 944 subdit

2281 997 2396 1044 rex,
2427 981 2532 1036 huc
2555 982 2715 1035 modo
2743 997 3090 1051 procurrens,
3117 998 3288 1052 genua
3311 998 3429 1037 mea
3455 983 3736 1037 osculatus
3756 984 3858 1038 es?

2281 1073 2565 1136 Putabant,
2585 1073 2865 1142 respondit
2880 1088 3032 1140 puer,
3050 1083 3100 1126 te
3117 1087 3237 1126 esse
3263 1088 3440 1142 regem
3460 1072 3857 1136 Christianmn,

2280 1181 2437 1234 quem
2475 1166 2527 1219 in
2560 1164 2798 1219 Ecclesia
2830 1165 3099 1228 videbam,
3143 1180 3243 1219 nec
3269 1167 3372 1219 huc
3405 1180 3576 1233 usque
3602 1180 3857 1218 noveram

2281 1267 2333 1312 te
2369 1254 2609 1310 Judzeum
2639 1270 2782 1310 esse.
2843 1254 2990 1309 Rex:
3023 1255 3169 1310 Dabo
3199 1256 3293 1310 tibi
3321 1271 3514 1318 nuces,
3566 1265 3621 1311 et
3667 1270 3858 1326 διηγα-

2281 1351 2424 1414 tlala,
2453 1359 2508 1403 et
2561 1349 2713 1403 ﬁcus.
2778 1345 2957 1402 Puer:
3010 1346 3364 1418 Nequaquam
3403 1363 3497 1418 per
3536 1347 3854 1414 Christum;

2279 1456 2384 1496 non
2413 1440 2878 1506 comedaurnuces
2900 1437 3226 1493 Judaaorum.
3257 1438 3362 1493 Sed
3380 1439 3498 1492 sine
3517 1454 3623 1502 me,
3647 1455 3853 1507 quaeso,

2280 1536 2344 1589 ad
2387 1545 2610 1586 matrem
2649 1535 2748 1590 ire.
2817 1531 2960 1585 lies:
3000 1530 3207 1585 Mecum
3241 1533 3418 1598 potius
3468 1533 3556 1585 hic
3611 1539 3852 1591 maneto,

2279 1640 2332 1685 et
2361 1631 2457 1681 lias
2490 1629 2620 1682 mihi
2649 1628 2808 1680 illius.
2855 1624 3028 1679 Puer:
3066 1625 3388 1695 Neutiquam
3418 1641 3514 1694 per
3565 1624 3848 1678 Christum

2282 1738 2387 1775 non
2420 1721 2667 1784 manebo,
2699 1720 2820 1786 quia
2868 1718 3045 1778 fmtes,
3099 1727 3154 1771 et
3209 1733 3316 1770 non
3348 1717 3482 1770 bene
3535 1717 3670 1782 oles,
3712 1716 3855 1769 sicut

2284 1823 2456 1866 mater
2483 1828 2618 1864 mea.
2673 1809 2806 1862 Tum
2841 1826 2964 1863 vero
3009 1826 3098 1862 rex
3150 1810 3214 1861 ad
3274 1824 3412 1878 pone
3464 1817 3675 1861 stantes
3726 1810 3851 1860 :Au

673 1872 794 1967 Mox
833 1883 1026 1930 uerum
1069 1894 1324 1936 comem“
1360 1885 1425 1937 ad
1457 1902 1634 1957 regem
1667 1892 1933 1954 θτέηῖοιιθν
1963 1891 2057 1957 ΤΘ.
2095 1895 2173 1948 Ῐη-
2209 1859 2252 1913 Β
2284 1919 2407 1954 vero
2439 1900 2923 1958 animadvertistis,
2953 1900 3050 1961 ait,
3090 1899 3379 1967 pessimam
3425 1898 3566 1951 hanc
3592 1898 3846 1964 stirpem,

602 1965 741 2032 quit,
775 1977 828 2020 et
882 1983 1236 2037 quoscunque
1285 1972 1561 2028 Christum
1600 1981 1918 2040 abdicastis.
1958 1986 2170 2049 abdico,

601 2057 814 2124 abjuro.
842 2060 1040 2114 abnuo.
1083 2063 1158 2116 Eu
1198 2067 1475 2132 adsumus,
1515 2071 1727 2125 arbitrii
1782 2074 2032 2144 jurisque
2096 2078 2172 2132 tui

602 2147 752 2202 facti.
815 2149 909 2221 llis
933 2169 1095 2221 porro
1130 2156 1346 2211 Arethae
1395 2161 1571 2216 verbis
1630 2165 1822 2233 reliqui
1873 2166 2172 2226 Christiani

598 2240 948 2298 inﬂammati:
977 2245 1052 2299 Eu
1073 2247 1342 2302 Abraham
1378 2253 1625 2321 princeps
1653 2254 1900 2324 Patrum,
1934 2263 2168 2328 aiebant,

600 2344 675 2396 te,
711 2349 916 2403 nosque
949 2346 1125 2392 tecum
1173 2344 1539 2410 prmstolatur,
1591 2349 1871 2405 venientes
1906 2364 2170 2422 exceptu-

597 2442 713 2482 rus.
754 2426 1074 2499 Quicunque
1110 2447 1138 2485 a
1167 2443 1217 2487 te
1239 2434 1519 2500 defecerit,
1556 2448 1605 2491 et
1634 2438 1909 2494 Christum
1941 2460 2168 2514 negave-

570 2520 690 2586 rit,
732 2521 875 2576 hunc
905 2539 1002 2577 nos
1029 2540 1221 2580 omnes
1247 2527 1603 2597 abnegamus.

670 2612 794 2668 llmc
831 2613 929 2669 illi.
1019 2615 1224 2682 Quibus
1300 2620 1776 2677 vehementissime
1869 2641 2170 2685 commotus

596 2708 881 2772 tyrannus,
918 2704 1026 2758 lata
1055 2706 1107 2759 in
1163 2723 1353 2762 onmes
1378 2711 1574 2778 capitis
1621 2717 1912 2782 sententia,
1947 2721 2011 2773 ad
2046 2737 2172 2790 Sup-

595 2792 810 2861 plicium
844 2796 1169 2864 ducijussit,
1195 2801 1282 2852 tibi
1309 2799 1482 2855 inﬂuit
1511 2811 1724 2861 torrens
1780 2805 1950 2874 (Vadi
1985 2813 2172 2867 incola:

595 2887 838 2957 vocant),
859 2886 1042 2957 ibique
1068 2889 1328 2958 jugulari,
1352 2902 1406 2948 et
1439 2896 1705 2951 cadavera
1734 2898 1786 2952 in
1811 2901 2167 2966 proﬂuentem

594 2977 809 3046 projici.
873 2978 1082 3034 Interea
1134 2983 1356 3039 Arethas
1393 2985 1622 3042 sublatis
1675 2989 1726 3042 in
1764 2992 1958 3046 coelum
1999 2996 2170 3048 mani-

592 3067 694 3124 bus
722 3071 916 3124 orabat
962 3073 1015 3124 in
1070 3073 1184 3128 haec
1233 3076 1394 3130 verba
1432 3095 1447 3133 :
1489 3077 1704 3147 Christe
1763 3081 1928 3148 Deus,
1980 3085 2169 3141 adesto

2277 2011 2436 2062 quam
2472 1995 2536 2045 ab
2580 1995 2800 2045 ineunte
2828 2004 2984 2046 :ctatc.
3009 1993 3227 2046 seduxit
3261 1991 3535 2050 Christus,
3588 2000 3646 2042 ιιι
3702 1990 3848 2042 illam

2278 2086 2566 2155 perderet?
2614 2085 2827 2137 lmerim
2866 2086 3086 2153 quidam
3134 2098 3416 2152 procerum
3472 2083 3660 2134 ordine
3716 2096 3850 2148 pue—

2277 2189 2393 2226 rum
2425 2174 2501 2227 sic
2542 2173 2846 2240 interpellat
2881 2191 2895 2225 :
2950 2173 3078 2226 Veni
3108 2186 3339 2236 mecum,
3369 2179 3423 2224 et
3465 2171 3656 2224 ducam
3687 2181 3760 2232 te,
3793 2180 3851 2223 ιιι

2277 2267 2475 2335 regina:
2525 2265 2665 2318 ﬁlius
2728 2265 2844 2318 tias.
2913 2264 3207 2333 Respondit
3271 2278 3441 2331 puer:
3493 2262 3538 2315 Ο
3605 2260 3850 2333 colaphis

2275 2361 2491 2428 dignum
2521 2372 2605 2422 os,
2644 2358 2822 2425 regina
2858 2358 3034 2424 potior
3067 2357 3194 2409 mihi
3242 2365 3319 2408 est
3351 2364 3547 2421 mater,
3582 2370 3705 2423 quae
3765 2370 3852 2407 me

2273 2451 2338 2504 ad
2367 2449 2665 2504 Eeclesiam
2694 2449 2860 2501 ducit.
2909 2448 3196 2516 Postquam
3235 2461 3362 2501 vero
3395 2461 3451 2500 se
3473 2461 3643 2514 usque
3670 2447 3846 2500 teneri

2276 2543 2499 2597 invitum
2532 2542 2720 2603 sensit,
2758 2540 2900 2608 regis
2936 2539 3110 2592 fetnur
3148 2539 3404 2593 ili-utilius
3470 2539 3703 2605 impetit,
3766 2539 3850 2590 in-

2273 2635 2514 2688 clamans
2541 2633 2686 2686 haec:
2723 2630 2907 2685 .lndzee
2959 2631 3310 2698 nequissime,
3357 2630 3572 2683 dimitte
3627 2643 3734 2693 me,
3791 2639 3852 2682 ιιι

2274 2727 2340 2779 ad
2373 2735 2598 2776 matrem
2638 2738 2878 2791 pergam,
2911 2732 2963 2773 e'.
2990 2739 3092 2774 una
3128 2738 3249 2775 eum
3289 2723 3403 2789 ipsa
3452 2719 3676 2773 moriar.
3742 2717 3851 2771 Po—

2273 2824 2476 2867 stremo
2509 2828 2600 2866 rex
2636 2812 2916 2880 parvulmn
2960 2811 3170 2864 cuidam
3201 2826 3264 2866 ex
3298 2825 3584 2880 procerum
3617 2823 3842 2863 suormn

2274 2921 2498 2960 numero
2540 2904 2996 2972 traditum,jubet
3048 2904 3332 2977 diligenter
3382 2900 3622 2963 educari,
3667 2899 3847 2954 donec

2273 2997 2620 3061 ailnltns,ant
2651 2997 2926 3055 Christum
2961 2994 3221 3065 cjuraret,
3280 3004 3334 3047 et
3385 2995 3464 3047 sic
3518 2992 3847 3060 supplicium

2272 3089 2545 3151 evaderet,
2572 3098 2664 3140 aut
2693 3089 2736 3142 si
2770 3099 2956 3142 contra
2987 3089 3039 3141 in
3067 3086 3267 3140 Christi
3311 3087 3413 3140 ﬁde
3448 3100 3617 3153 usque
3667 3097 3850 3152 perse-

592 3159 770 3224 nobis,
814 3171 867 3215 et
898 3164 1157 3218 conﬁrma
1190 3182 1309 3233 nos,
1333 3170 1650 3240 animasque
1675 3185 1888 3228 nostras
1913 3177 2162 3245 suscipe:
2191 3191 2235 3250 ο
2269 3191 2507 3244 veraret,
2544 3189 2856 3234 necaretur.
2903 3177 3148 3247 Cumque
3189 3192 3323 3246 puer
3349 3192 3379 3229 a
3411 3190 3572 3229 servo
3599 3173 3717 3241 ejus
3746 3174 3845 3226 ab-

591 3250 802 3319 placeat
837 3254 933 3308 tibi
965 3254 1168 3311 effusus
1190 3274 1286 3327 pro
1322 3271 1375 3315 te
1424 3277 1705 3318 servorum
1733 3275 1948 3319 tuormn
1981 3284 2164 3336 cruor,

590 3358 799 3411 nosque
831 3354 921 3400 tuo
965 3346 1338 3417 dignos-etnec
1364 3364 1656 3422 conSpeetu
1685 3373 1699 3409 :
1740 3356 1999 3411 conﬁtere
2070 3375 2168 3415 nos

588 3447 773 3488 coram
803 3435 965 3492 Patre
1020 3447 1133 3505 tuo,
1169 3441 1306 3495 sicut
1343 3444 1616 3509 pollicitus
1647 3460 1729 3510 es,
1762 3459 1816 3502 et
1857 3448 1942 3503 fac
1972 3460 2032 3504 ιιι
2064 3451 2168 3506 Ec-

588 3526 758 3581 clesia
787 3529 1116 3598 mdiﬁcetur,
1141 3545 1194 3588 et
1220 3533 1422 3590 famulo
1479 3547 1569 3590 tuo
1619 3537 1808 3604 Paulo,
1842 3540 1995 3608 cujus
2043 3559 2166 3598 ossa

588 3617 804 3674 ﬂamma
838 3621 1034 3676 dudum
1084 3628 1442 3697 consumpsit,
1497 3629 1635 3684 alter
1673 3633 1956 3702 episcopus
2010 3634 2162 3690 suﬂi-

584 3712 781 3768 tiatur.

659 3802 738 3857 lta
773 3804 993 3862 demum
1026 3818 1313 3878 postquam
1346 3829 1405 3868 se
1472 3815 1701 3869 invicem
1765 3819 1914 3885 pacis
1976 3819 2164 3874 osculo

587 3894 940 3964 salutassent,
981 3900 1244 3971 signoque
1285 3907 1468 3959 crucis
1495 3907 1726 3960 Arethas
1765 3923 1930 3963 senex
1955 3910 2035 3964 eis
2065 3911 2162 3965 be-

585 3988 908 4056 nedixisset,
946 3993 1214 4047 cervicem
1245 3994 1422 4050 lictori
1452 4006 1644 4064 sponte
1671 4002 1936 4067 porrexit,
1974 4011 2028 4055 et
2083 4003 2161 4056 ic-

585 4083 699 4130 tum
751 4081 988 4146 excepit.
1058 4079 1178 4135 Mox
1247 4085 1379 4137 socii
1435 4088 1740 4155 conglobati
1802 4092 2163 4146 accurrebant

585 4174 740 4220 tanto
767 4183 888 4222 cum
938 4169 1102 4223 animi
1127 4173 1322 4227 ardore
1358 4183 1416 4227 nt
1473 4191 1531 4229 se
1574 4178 1800 4231 invicem
1834 4182 2149 4250 comprime-

586 4265 730 4322 rent,
759 4257 1144 4329 interfectique
1179 4278 1349 4332 nuper
1374 4267 1589 4322 Aretha:
1624 4272 1885 4339 sanguine
1907 4287 2161 4345 asperge-

584 4358 792 4404 rentur.
855 4350 928 4405 lta
961 4354 1178 4408 detnutn
1211 4358 1473 4428 martytio
1499 4375 1687 4416 Omnes
1716 4365 1958 4416 coronati
2006 4375 2156 4421 sunt.

652 4440 794 4497 Puer
823 4453 940 4497 erat
991 4446 1242 4513 triennis,
1262 4466 1422 4519 quem
1453 4464 1627 4506 mater
1685 4469 1806 4508 cum
1845 4456 1912 4508 ad
1947 4458 2155 4526 suppli-

581 4531 725 4586 cium
759 4543 1056 4602 raperetur,
1092 4553 1254 4592 mauu
1289 4542 1559 4596 trahebat.
1611 4542 1710 4598 llic
1749 4559 1929 4614 regem
1959 4549 2152 4600 seden—
2185 4531 2230 4586 Ῐ)

582 4637 715 4692 tem,
742 4636 795 4682 et
841 4629 990 4698 regio
1020 4630 1169 4684 cultu
1221 4632 1479 4686 amictum
1534 4634 1674 4689 forte
1719 4636 2089 4705 conspicatus,
2128 4653 2159 4691 e

581 4720 772 4774 matris
802 4722 971 4776 latere
1002 4723 1271 4793 dilapsus,
1319 4727 1385 4779 ad
1437 4727 1585 4780 illum
1626 4729 1886 4793 accurrit,
1933 4728 2159 4799 ejusque

579 4830 752 4881 genua
781 4815 1084 4872 osculatur.
1141 4818 1214 4871 Ea
1254 4820 1405 4887 pueri
1457 4819 1808 4886 simplicitate
1861 4821 2158 4875 delectatus

581 4920 697 4969 rex,
728 4906 1036 4975 parvulum,
1074 4918 1132 4963 ut
1163 4910 1242 4972 lit,
1278 4910 1574 4978 amplexari
1621 4911 1814 4981 cwpit:
1876 4923 2156 4980 postremo

578 4997 659 5049 sic
688 4995 904 5053 affatur.
968 4999 1108 5066 Quid
1141 5001 1258 5066 tibi,
1307 5003 1378 5056 nti
1423 5003 1621 5071 puelle,
1671 5005 1881 5058 mavis?
1947 5009 2156 5062 tnorine

578 5101 683 5139 una
723 5101 844 5142 cum
888 5099 1081 5153 matre,
1114 5105 1181 5144 an
1209 5108 1416 5146 mecum
1449 5109 1554 5148 una
1590 5095 1814 5150 vivere?
1853 5097 1951 5152 Cui
1985 5114 2151 5168 puer:

582 5176 688 5233 Per
719 5177 1004 5235 Dominum
1037 5194 1304 5247 nostrum,
1339 5185 1479 5240 malo
1496 5203 1618 5241 cum
1649 5204 1764 5243 mea
1790 5199 1961 5243 matre
1994 5192 2150 5257 mori;

577 5278 976 5339 proptereaque
1006 5287 1128 5326 cum
1161 5285 1337 5330 matre
1373 5290 1571 5346 pergo;
1614 5279 1750 5332 dixit
1800 5279 1944 5334 enim
1984 5282 2149 5335 mihi:

581 5359 736 5429 Veni,
764 5361 859 5428 ﬁli,
904 5363 1201 5421 moriamur
1231 5383 1327 5438 pro
1357 5368 1596 5425 Christo.
1641 5369 1747 5424 Sed
1767 5372 1999 5437 dimitte,
2029 5389 2152 5441 oro,

577 5467 686 5518 me,
716 5465 774 5508 ut
807 5457 874 5512 ad
909 5466 1140 5514 matrem
1167 5475 1342 5516 meam
1396 5478 1702 5532 properem,
1749 5480 1816 5519 ne
1851 5466 1986 5520 forte
2043 5483 2148 5525 non

574 5545 786 5602 videam
810 5551 1131 5607 morientem
1163 5570 1178 5620 ;
1213 5555 1538 5623 signiﬁcavit
1573 5559 1717 5612 enim
1761 5561 1916 5624 mihi,
1962 5575 2148 5630 regem

575 5636 888 5697 Judaaorum
923 5643 1160 5700 edixisse
1218 5658 1276 5701 ut
1310 5649 1400 5718 qui
1440 5648 1718 5705 Christum
1743 5651 2001 5708 abdicare
2048 5670 2148 5709 no-

575 5732 798 5798 luerint,
843 5734 1280 5794 interﬁciuntur:
1319 5755 1420 5810 ego
1453 5749 1636 5797 autem
1669 5743 1944 5798 Christum
1994 5745 2147 5800 abdi-

577 5839 704 5882 care
735 5826 882 5884 nolo.
934 5827 1034 5885 Cui
1074 5844 1209 5886 rex:
1266 5829 1549 5896 Undenam
1603 5836 1817 5891 tandem
1868 5836 2144 5894 Christum

2270 3269 2583 3336 duceretur,
2617 3268 2923 3323 luctabatur
2953 3285 3050 3338 pro
3087 3269 3313 3331 viribus,
3365 3267 3530 3335 pedes
3561 3266 3842 3334 quatiens,

2268 3371 2322 3415 et
2349 3374 2572 3416 matrem
2601 3361 2876 3431 appellans
2916 3378 2930 3414 :
2970 3361 3258 3421 Succurre,
3283 3369 3475 3420 mater,
3532 3356 3735 3420 aiebat,
3789 3365 3849 3410 et

2271 3456 2396 3508 tolle
2442 3470 2548 3519 me,
2608 3465 2663 3508 et
2691 3454 2756 3507 ad
2804 3452 3091 3508 ecclesiam
3147 3450 3419 3504 deducito.
3497 3448 3594 3504 Cui
3630 3459 3843 3503 mater:

2267 3540 2366 3596 Ast
2397 3557 2541 3596 nunc
2585 3556 2766 3611 perge,
2796 3541 2889 3605 tili,
2926 3540 3101 3610 cogita
3133 3549 3182 3593 te
3211 3539 3429 3594 Christo
3491 3539 3846 3593 commenda.

2269 3644 2402 3694 tttm,
2432 3642 2486 3684 et
2539 3633 2645 3686 noli
2689 3631 2842 3698 ﬂere,
2874 3633 2965 3687 sed
3003 3632 3322 3701 prmstolare
3382 3645 3468 3684 me
3501 3631 3552 3684 in
3606 3628 3842 3683 ecclesia

2267 3726 2404 3788 apud
2435 3724 2705 3777 Christum
2755 3727 3082 3794 quantocius
3122 3726 3188 3777 ad
3231 3732 3286 3779 te
3334 3724 3655 3779 redituram.
3714 3720 3843 3775 Hzcc

2265 3817 2397 3878 fata,
2432 3817 2700 3870 cervicem
2738 3817 2994 3886 porrigit,
3023 3817 3347 3872 decollatur.

2327 3906 2454 3960 Haec
2478 3907 2566 3961 ubi
2592 3916 2700 3959 tum
2733 3908 2884 3962 hisce
2919 3910 3146 3970 litteris,
3184 3918 3296 3962 tum
3328 3917 3626 3978 propagata
3655 3906 3844 3961 multis

2265 4000 2574 4052 rumoribus
2605 3999 2743 4052 fama
2775 4002 3083 4067 innotuere,
3127 4017 3320 4056 omnes
3347 4001 3646 4056 Christiani
3675 4001 3726 4053 in
3756 3999 3844 4054 his

2265 4093 2396 4146 locis
2424 4103 2828 4146 commorantes
2869 4093 3248 4146 indoluerunt:
3288 4108 3459 4162 eaque
3493 4108 3590 4147 nos
3622 4105 3841 4159 quoque

2263 4186 2418 4239 vobis
2470 4186 2848 4254 perscribeuda
2901 4186 3174 4249 duximus,
3217 4194 3273 4238 ut
3317 4185 3486 4239 sancti
3545 4193 3599 4238 et
3655 4183 3842 4236 ﬁdeles

2262 4278 2536 4332 antistites
2566 4278 2778 4346 cognita
2825 4293 3000 4331 rerum
3053 4279 3105 4331 in
3172 4275 3504 4331 llomeritide
3557 4285 3841 4345 gestarum

2261 4371 2425 4436 serie,
2456 4381 2766 4424 sanctorum
2799 4381 3097 4440 martyrum
3129 4370 3697 4425 commemorationem
3722 4361 3843 4437 per;

2271 4471 2455 4530 agant.
2505 4463 2657 4528 Quod
2720 4461 2990 4531 reliquum
3043 4471 3162 4527 est,
3222 4470 3456 4516 vestram
3515 4461 3836 4514 charitatem

2261 4553 2425 4606 etiam
2457 4562 2618 4622 atque
2647 4555 2810 4608 etiam
2836 4555 3196 4619 obtestamur,
3222 4568 3279 4606 ιιι
3301 4549 3701 4624 quamprimum
3722 4568 3838 4608 mo-

2263 4642 2627 4696 nasteriorum
2657 4642 2946 4713 praefectis,
2983 4656 3037 4698 et
3065 4645 3358 4714 episcopis,
3390 4647 3441 4698 in
3468 4645 3657 4711 primis
3705 4658 3838 4698 vero

2261 4731 2629 4786 Alexandrino
2659 4734 2759 4787 ista
2797 4735 3194 4804 signiﬁcentur,
3222 4744 3280 4787 ut
3321 4749 3498 4803 regem
3519 4733 3834 4803 JEthiopum

2259 4825 2325 4878 ad
2356 4825 2637 4880 ferendam
2666 4824 2970 4881 llomeritis
2995 4840 3148 4894 opem
3185 4827 3300 4880 suis
3341 4826 3534 4880 litteris
3581 4825 3837 4878 cohorte-

2261 4925 2345 4970 tur
2373 4934 2386 4970 :
2435 4917 2704 4986 simulque
2733 4921 2934 4971 curetis
2977 4927 3033 4972 ιιι
3065 4917 3350 4985 pontiﬁces
3378 4917 3686 4969 .ludaeorum
3740 4914 3836 4968 Ti-

2259 5006 2480 5060 beriade
2507 5017 2907 5062 commorantes
2932 5008 3216 5078 adigantur
3259 5009 3499 5060 scribere
3550 5007 3616 5058 ad
3669 5006 3838 5060 istum

2256 5115 2438 5170 regem
2499 5097 2767 5164 Judaeum,
2821 5100 2912 5170 qui
2947 5094 3107 5154 modo
3161 5099 3428 5169 apparuit,
3460 5107 3516 5151 ttt
3548 5116 3576 5150 a
3609 5097 3750 5151 bello
3778 5107 3835 5154 et.

2263 5189 2644 5259 persecutione
2697 5189 3095 5245 Homeritarum
3127 5191 3178 5244 in
3213 5200 3488 5258 posterum
3534 5189 3832 5244 abstineat.

2325 5282 2532 5336 Caetera
2559 5297 2680 5351 qua:
2719 5283 2771 5336 in
2801 5282 3030 5351 epistola
3078 5292 3400 5351 seqmmtur,
3467 5282 3829 5336 salutationes

2253 5374 2534 5429 continent
2566 5374 2944 5445 episcOporum
2991 5383 3043 5428 et
3097 5374 3350 5428 abbatum
3374 5373 3518 5428 illius
3549 5371 3830 5440 temporis.

2850 5488 3004 5544 CAP.
3062 5487 3227 5542 XVII.

2252 5577 2514 5649 Prologus
2557 5579 2767 5648 elegans
2839 5580 2984 5648 digni
3031 5580 3298 5632 beatorum
3351 5579 3607 5632 "tentoria
3645 5579 3828 5649 sancti

2322 5645 2493 5732 diui-aa
2526 5645 2731 5732 Amida:
2778 5645 3006 5731 ενὶρέυρὶ
3032 5650 3090 5703 in
3141 5649 3486 5708 Evanaclinm
3532 5660 3581 5702 et
3628 5645 3830 5703 Christi

2325 5731 2588 5774 tncarnots
2615 5736 2956 5775 mconomtam
2967 5759 2982 5773 .

2330 5837 2397 5894 Ut
2434 5837 2802 5910 unusquisque
2841 5857 2870 5892 n
2894 5848 3017 5895 ente
3039 5855 3134 5896 sua
3172 5848 3222 5894 et
3247 5837 3553 5896 intellectus
3586 5835 3830 5907 vi,loagi
