4154 6528
273 393 410 463 1173

1328 389 1432 448 EX
1469 381 1834 447 HISTORIA
1869 373 2461 441 ECCLESIASTICA.

3385 342 3523 409 ιιτι

273 507 542 570 sermonis
580 507 906 563 sententiam
943 505 1008 558 ad
1071 514 1241 573 pauca
1294 496 1532 569 capitula
1592 487 2399 562 redigereAcerlamine,tum
2460 480 2624 535 etiam
2688 477 2743 532 in
2785 472 3092 544 'qutBStione
3150 471 3520 527 tentatorem;

271 603 473 666 valeat,
501 599 581 655 rei
625 612 869 654 normam
929 595 1043 665 ipse
1094 606 1390 664 proponam
1426 605 1441 642 :
1483 601 1675 656 nempe
1706 584 1844 639 dabo

273 707 496 767 operam
521 701 580 746 ut
627 690 936 758 conscripto
995 684 1274 740 Breviario
1323 680 1584 751 quodam,
1636 674 1849 748 possint

274 785 409 841 hinc
436 783 668 838 lectores
703 782 971 836 theoriam
1004 776 1241 833 universi
1273 775 1475 844 operis,
1509 786 1630 826 cum
1655 768 1852 839 grada-

1952 584 2108 653 eique
2138 577 2315 646 angeli
2365 573 2779 636 ministrarum;
2816 583 2878 622 ac
2908 573 3093 620 nostro
3125 557 3311 632 generi
3363 554 3522 626 quie-

1956 683 2062 730 tem
2092 686 2189 742 per
2217 669 2444 724 reditum
2478 672 2722 719 nostrum
2770 660 2826 714 in
2857 655 3165 728 paradisum
3221 645 3516 706 concessit.

2026 765 2159 820 Cum
2189 755 2469 829 discipulis
2498 755 2736 809 humano
2760 764 2911 805 more
2943 755 3186 801 versatus
3222 751 3327 804 est,
3359 738 3518 806 longe

275 875 374 932 tim
415 873 484 929 ab
511 873 578 928 iis
601 873 826 943 legetur,
858 871 1042 925 statim
1081 869 1266 924 animo
1301 830 1612 934 complecti.
1642 863 1854 931 Reapse
1877 845 1903 862 ’
1959 858 2228 920 interdum
2257 868 2285 907 a
2329 844 2764 922 persecutoribus
2819 837 3089 902 discessit,
3138 833 3357 897 famem,
3383 830 3528 884 sitim

274 967 375 1035 qui
408 964 818 1036 Evangeliorum
869 964 1194 1033 scripturam
1238 961 1304 1014 ad
1329 957 1702 1028 compendiqu
1722 950 1856 1010 con-

282 1059 433 1115 ferre
452 1055 703 1121 voluerit,
733 1067 1023 1128 cognoscet
1065 1069 1131 1109 ex
1183 1068 1248 1109 ea
1276 1052 1448 1107 Deum
1489 1063 1704 1104 carnem
1766 1063 1858 1101 as-

283 1151 601 1221 sumpsisse,
631 1149 685 1204 in
715 1147 937 1217 ejusque
980 1133 1247 1216 potestate
1302 1158 1387 1197 res
1442 1143 1707 1197 humanas
1738 1151 1861 1192 esse

286 1253 451 1313 atque
474 1242 712 1306 divinas,
731 1240 798 1295 ab
822 1255 888 1295 eo
921 1238 1276 1293 fundamenta
1303 1234 1488 1290 mundi
1532 1231 1858 1313 dissolutum

289 1311 379 1398 iri,
410 1333 462 1388 id
492 1333 634 1402 quod
664 1333 718 1387 in
748 1332 988 1388 secundo
1024 1331 1257 1384 adventu
1288 1327 1467 1397 palam
1517 1311 1860 1380 demonstra-

289 1427 388 1481 bit.
437 1425 697 1495 Quisquis
729 1425 844 1478 haec
873 1435 1286 1492 quaquaversus
1309 1415 1702 1479 considerabit,
1739 1427 1866 1468 sen-

291 1533 411 1572 sum
449 1517 502 1571 in
543 1517 730 1586 primis
770 1513 1104 1568 narrationis
1137 1510 1422 1577 intelliget,
1459 1522 1578 1577 qua:
1615 1506 1868 1560 incarna-

295 1611 498 1664 tionem
528 1607 821 1677 praecedit;
852 1605 1086 1673 itemque
1117 1602 1339 1658 Joannis
1364 1600 1618 1669 Baptistae
1671 1594 1870 1649 nativi-

295 1711 483 1764 tatem,
513 1701 604 1769 qui
639 1699 744 1751 Deo
785 1697 998 1752 Israelis
1040 1695 1406 1751 testimonium
1441 1695 1669 1744 daturus
1726 1695 1868 1751 erat,

297 1791 631 1846 cunformem
679 1790 843 1844 fuisse
872 1789 938 1841 iis
964 1804 1084 1858 quze
1115 1799 1242 1841 ante
1262 1785 1606 1840 nuntiaverat
1626 1781 1870 1850 angelus.

1962 950 2306 1018 laboremque
2327 919 2615 1015 perpessus
2644 945 2745 994 est.
2779 931 3117 1000 Czeteroquiu
3142 919 3533 980 demonstravit

1963 1041 2306 1111 nihil,horum
2323 1034 2586 1091 violenter
2609 1039 2699 1086 aut
2718 1023 3022 1082 necessario
3043 1035 3101 1075 se
3118 1031 3359 1087 passum,
3381 1009 3533 1082 quasi

1967 1104 2112 1189 Deut
2142 1146 2247 1186 non
2285 1136 2460 1194 esset;
2488 1124 2685 1180 dicitur
2713 1119 2879 1180 enim,
2907 1111 3050 1184 quod
3078 1109 3264 1163 diebus
3296 1104 3530 1172 quadra-

1968 1227 2114 1296 ginta
2145 1222 2371 1277 tolerato
2388 1217 2618 1288 jejunio,
2656 1221 2843 1283 postea
2878 1203 3088 1261 esui-iit.
3159 1198 3280 1274 Pari
3342 1194 3540 1248 dicitur

1972 1318 2179 1372 ratione
2207 1315 2492 1367 dormisse.
2536 1308 2669 1360 Cum
2703 1313 2882 1355 autem
2934 1292 3208 1352 solitarius
3270 1288 3322 1342 in
3360 1293 3539 1338 monte

1970 1417 2135 1473 esset,
2167 1405 2312 1472 vigili
2344 1400 2572 1455 orationi
2607 1394 2844 1458 vacavit,
2873 1391 3113 1444 humano
3148 1382 3357 1437 scilicet
3393 1390 3543 1430 more

1975 1499 2186 1555 Patrem
2215 1510 2312 1566 pro
2342 1487 2648 1546 hominibus
2677 1480 2943 1538 exoravit.
3008 1475 3063 1529 lu
3113 1473 3236 1528 navi
3290 1466 3545 1523 saeviente

1975 1561 2228 1664 procella-
2257 1582 2531 1646 dormivit,
2579 1579 2648 1635 ob
2697 1575 3083 1643 discipulorum
3152 1561 3544 1620 eruditionem.

1978 1650 2170 1748 nempe
2205 1687 2262 1731 ιιι
2290 1676 2572 1730 crederent
2609 1683 2667 1724 se
2695 1663 2961 1722 dominari
2998 1650 3412 1724 tempestatibus
3443 1659 3548 1698 ma-

1980 1772 2055 1823 ris
2076 1739 2130 1821 et
2159 1780 2292 1819 sono
2323 1763 2580 1815 fluctuum
2612 1757 2749 1822 ejus.
2807 1751 2899 1806 Sic
2927 1749 3092 1804 etiam
3143 1739 3361 1812 quando
3421 1747 3547 1789 eum

297 1825 631 1846 .υ...υ....υ...
679 1825 842 1844 ..μων
872 1825 938 1841 ..ο
964 1825 1084 1858 ην...
1115 1825 1241 1841 ...μυ
1263 1825 1606 1840 .................
1626 1825 1870 1850 ....,,-..--.

295 1879 600 1952 Cognoscet
632 1882 848 1947 insuper
873 1878 1075 1933 Christi
1107 1878 1443 1932 nativitatem
1482 1882 1867 1942 supernatura-
1901 1859 1942 1915 Β
1967 1858 2136 1916 «1ηάιυί
2164 1858 2228 1910 de
2259 1853 2460 1908 vertice
2494 1847 2691 1903 montis
2727 1845 2956 1914 dejicere
2991 1837 3166 1893 conati
3202 1842 3349 1892 sunt,
3426 1825 3554 1878 "th

2128 1950 2142 1952 _
2845 1935 2857 1945 ⁸
2900 1951 2909 1952 κ
2951 1934 3006 1952 ,Ιμ
3045 1931 3126 1952 I_!..
3165 1926 3553 1952 ,ἰηιιηηηοιιροηα

297 1973 404 2030 lem
436 1989 499 2026 ex
532 1971 752 2040 Virgine
788 1970 988 2034 Maria;
1029 1982 1262 2037 eumque
1316 1982 1414 2022 ceu
1449 1964 1718 2047 hominem
1760 1970 1874 2016 ter-

298 2081 492 2120 renum
521 2080 584 2119 ex
616 2080 677 2118 ea
724 2062 1017 2131 sumpsisse
1077 2060 1438 2130 principium;
1506 2065 1874 2110 verumtamen

299 2159 558 2228 quidquid
597 2167 817 2212 nonest
868 2163 1163 2218 terrenmn,
1195 2153 1246 2207 id
1285 2150 1469 2206 .lesum
1507 2151 1574 2203 de
1612 2148 1749 2203 coelo
1782 2148 1873 2199 de-

302 2251 508 2308 tulisse.
580 2249 909 2305 Testimonia
957 2257 1135 2301 autem
1195 2243 1590 2302 incarnationis
1658 2240 1775 2308 ejus
1824 2239 1876 2293 in

300 2342 577 2411 Evangelii
613 2341 750 2396 libro
778 2339 970 2405 relata,
1004 2353 1066 2393 ea
1092 2346 1221 2391 sunt
1249 2350 1368 2405 quise
1391 2333 1664 2389 Elisabetb
1708 2330 1880 2401 inspi-

300 2446 419 2491 rata
447 2435 603 2500 dixit,
639 2447 864 2503 qumque
899 2430 1119 2500 angelus
1152 2428 1355 2495 Virgini
1411 2436 1574 2496 atque
1619 2423 1881 2493 Josepho,

303 2538 360 2584 et
389 2529 618 2597 denique
651 2526 965 2597 angelorum
1002 2523 1162 2578 verba
1206 2521 1270 2575 ad
1300 2530 1581 2589 pastores:
1619 2519 1746 2571 item
1779 2515 1883 2568 Za-

305 2621 508 2675 chariae
545 2619 885 2682 vaticinium,
919 2615 1086 2671 stell:e
1142 2612 1410 2683 apparitio
1459 2626 1580 2679 (iure
1627 2608 1750 2662 Filii
1786 2605 1883 2661 Dei

310 2725 478 2780 nuper
507 2711 616 2765 nati
655 2724 877 2778 regnum
904 2706 1293 2776 sempiternum
1331 2718 1454 2758 esse
1489 2699 1881 2773 portendebat:

311 2792 542 2871 denique
567 2801 866 2857 sacerdotis
889 2800 1160 2854 Simeonis
1200 2805 1363 2866 atque
1393 2790 1883 2860 Annapmphetia,

311 2895 454 2966 quod
483 2894 732 2950 videlicet
763 2893 1015 2948 Christus
1061 2892 1130 2944 ob
1178 2889 1362 2944 mundi
1396 2896 1451 2941 et
1476 2883 1694 2938 lsraelis
1742 2882 1886 2936 salu-

315 2994 422 3040 tem
449 2984 793 3039 advenisset:
827 2981 1022 3051 quibus
1050 2978 1260 3034 accedit
1285 2975 1598 3046 przedicatio
1631 2972 1887 3041 Baptistm

317 3076 570 3131 testantis
607 3089 666 3130 se
694 3074 911 3145 quidem
940 3072 1006 3127 de
1053 3082 1196 3126 terra
1247 3079 1451 3134 ortum,
1511 3067 1606 3122 sed
1639 3064 1888 3120 Salvato-

318 3181 435 3223 rem
465 3175 708 3221 nostrum
743 3165 807 3219 de
838 3163 997 3219 caelo.

392 3323 660 3378 Praeterea
688 3325 974 3390 cognoscet
1002 3316 1171 3372 lector
1193 3329 1258 3369 ex
1292 3310 1708 3383 Evangeliorum
1756 3308 1896 3362 libro

323 3416 557 3472 divinam
587 3412 794 3466 Domini
831 3409 1000 3465 nostri
1060 3405 1422 3462 mconomiam
1477 3399 1896 3471 incomprehen-

324 3506 466 3564 sibili
495 3503 758 3574 sapientia
797 3501 963 3557 fuisse
1015 3506 1303 3568 patratam,
1336 3511 1442 3551 non
1499 3502 1680 3548 autem
1736 3491 1900 3545 libro-n

329 3611 447 3650 rum
490 3593 738 3648 doctrina
772 3606 944 3661 neque.
967 3591 1320 3646 scientiarum
1355 3587 1575 3642 studio:
1603 3583 1898 3655 potentiam

328 3684 443 3751 ejus
472 3683 737 3753 intelliget
763 3681 1127 3751 prodigiorum
1187 3678 1538 3742 effectricem,
1587 3676 1734 3730 dicta
1784 3673 1901 3742 ejus

331 3775 669 3839 admiranda,
701 3774 940 3828 omnium
972 3787 1152 3826 rerum
1183 3769 1494 3832 scientiam,
1525 3778 1578 3823 et
1623 3782 1747 3820 eum
1773 3765 1901 3820 nulli

333 3881 570 3936 unquam
601 3875 824 3934 peccato
853 3862 1022 3919 fuisse
1056 3863 1387 3918 obnoxium:
1427 3861 1479 3915 in
1511 3861 1631 3931 ejus
1688 3869 1904 3929 quoque

333 3968 601 4030 potestate
627 3967 681 4012 et
707 3956 933 4010 arbitrio
979 3955 1148 4010 fuisse
1213 3954 1323 4024 pati
1383 3968 1482 4009 suo
1532 3963 1796 4021 tempore,
1851 3959 1905 4004 et

335 4059 486 4104 cxtra
504 4049 555 4102 id
581 4060 791 4117 tempus
810 4046 1030 4100 minime
1053 4046 1160 4114 pati
1182 4061 1198 4106 ;
1231 4043 1362 4099 item
1390 4042 1607 4098 abolere
1629 4041 1909 4111 passiones

336 4142 614 4196 hominum
647 4155 743 4208 per
790 4153 916 4194 suas
948 4139 1001 4192 in
1050 4151 1278 4207 corpore
1309 4135 1638 4190 voluntarias
1700 4133 1907 4203 passio-

338 4249 458 4296 nes,
492 4240 716 4286 mortem
743 4230 1142 4286 resurrectione
1180 4228 1468 4298 perimere,
1493 4235 1548 4280 et
1606 4226 1659 4279 in
1712 4224 1907 4279 coalum

338 4326 572 4395 denique
600 4325 915 4379 ascendere.
966 4322 1174 4376 Rursus
1195 4321 1354 4375 docet
1380 4320 1468 4373 hic
1501 4319 1658 4381 liber,
1722 4315 1906 4372 Jesum

341 4419 408 4472 de
437 4415 658 4485 Virgine
685 4430 904 4471 carnem
929 4412 1226 4482 sumpsisse
1261 4411 1555 4466 animatam
1606 4419 1770 4479 atque
1822 4409 1908 4462 iu-

344 4509 556 4563 tellcctu
585 4508 889 4574 prteditam,
918 4514 1236 4574 conceptum
1258 4502 1375 4573 ejus
1401 4502 1692 4557 humanum
1719 4515 1909 4555 novent

344 4598 622 4653 mensibus
681 4604 1139 4661 consummatum,
1205 4595 1545 4649 nativitatem
1618 4589 1918 4646 naturalem

341 4690 583 4744 simulet
615 4685 1111 4758 superuaturalem,
1163 4684 1347 4740 fasciis
1394 4698 1516 4739 esse
1574 4681 1912 4743 obvolutum,

347 4780 541 4836 lactem
578 4781 814 4842 suxisse,
851 4778 955 4831 ritu
1022 4775 1179 4846 legali
1225 4773 1631 4841 circumcisum,
1657 4773 1708 4827 in
1744 4770 1916 4842 [Egy-

348 4881 498 4939 ptum
528 4866 840 4922 ablierodis
871 4865 1034 4920 minis
1068 4873 1241 4919 matre
1270 4873 1511 4934 gestante
1534 4860 1920 4929 fugisse,illinc

349 4969 540 5028 postea
573 4972 857 5012 reversum
893 4956 959 5010 ad
1003 4954 1217 5010 lsraelis
1259 4953 1732 5009 instaurationem.
1790 4953 1922 5005 Cre-

352 5051 428 5103 vit
449 5049 642 5103 deinde
667 5047 904 5116 ejusdem
927 5056 1059 5102 tetas
1088 5045 1212 5100 dum
1247 5045 1407 5100 matri
1453 5043 1679 5114 ejusque
1707 5040 1920 5112 conjugi

352 5139 590 5207 Josepbo
615 5138 895 5202 subesset;
927 5147 981 5191 et
1027 5137 1079 5191 in
1107 5137 1260 5206 aquis
1285 5138 1383 5190 abs
1413 5134 1625 5189 Joanne
1677 5131 1928 5202 baptiza-

357 5243 441 5286 tus
470 5231 593 5296 fuit,
633 5239 694 5286 ut
725 5228 946 5284 humani
975 5229 1192 5300 generis
1218 5228 1652 5292 renovationem,
1699 5224 1844 5295 quod
1872 5225 1925 5280 in

358 5324 627 5395 baptismo
669 5335 858 5391 reapse
911 5321 1139 5389 figurate
1175 5329 1491 5384 renovatur,
1551 5316 1923 5387 significaret:

357 5419 482 5487 quia
521 5427 646 5468 tunc
677 5426 868 5481 reapse
911 5411 1210 5480 baptismus
1238 5421 1480 5465 sanctam
1513 5411 1667 5464 nobis
1727 5402 1958 5462 nativi-'

362 5516 524 5562 tatem
552 5505 618 5559 de
673 5501 882 5573 Spiritu
924 5500 1271 5570 comparavit.
1328 5500 1587 5556 Teutalus
1639 5515 1668 5553 a
1716 5497 1928 5554 diabolo

360 5602 416 5649 ι.ι
447 5594 608 5647 homo
629 5589 766 5656 fuit;
822 5589 917 5643 sed
958 5596 1141 5658 utpote
1195 5587 1332 5642 Deus
1376 5588 1532 5644 facile
1569 5588 1697 5644 vicit
1729 5597 1838 5642 tum
1873 5587 1926 5642 in

430 5788 626 5847 ‘Joan.
653 5805 767 5853 vm,
800 5791 890 5844 5-!
910 5791 950 5844 l.

1983 1961 2095 2006 stra
2123 1950 2374 2010 fuerunt;
2410 1954 2719 2013 quanquam
2777 1935 2917 1990 enim
2948 1934 3014 1985 ah
3045 1931 3128 1984 his
3163 1926 3554 1980 circumsessus

1977 2053 2140 2104 esset,
2173 2049 2410 2096 attamen
2458 2032 2828 2106 pertransiens
2877 2028 2930 2080 in
2970 2022 3145 2078 medio
3191 2030 3377 2073 eorum
3438 2010 3554 2064 dis-

1979 2136 2174 2190 cessit:
2212 2133 2263 2187 iu
2296 2143 2458 2184 cruce
2492 2137 2666 2181 autem
2693 2123 2883 2176 lancea
2935 2114 3204 2176 confixus,
3259 2103 3415 2161 haud
3443 2103 3558 2155 vio-

1982 2229 2152 2283 leuter
2178 2228 2292 2292 ejus
2319 2221 2498 2276 animo
2526 2215 2783 2277 excessit,
2812 2210 2904 2266 sed
2934 2209 3053 2277 ipse
3083 2201 3345 2258 inclinato
3376 2193 3557 2263 capite

1980 2317 2162 2374 emisit
2190 2314 2462 2383 spiritum.
2496 2308 2636 2371 Ergo
2667 2304 2724 2359 in
2753 2304 2871 2372 ipso
2909 2304 3320 2369 quaquaversus
3370 2285 3555 2340 divina

1983 2412 2330 2476 humanaque
2377 2403 2632 2457 idiomata
2667 2393 3095 2463 conspiciuntur.
3161 2383 3283 2440 .lam
3319 2375 3560 2435 remedia

1983 2518 2101 2572 qua:
2131 2465 2381 2554 Christus
2412 2491 2613 2547 mundo
2638 2486 2866 2543 contulit
2892 2482 3008 2537 lucc
3035 2479 3149 2533 fere
3171 2481 3329 2529 sunt:
3363 2465 3561 2522 diaboli

1984 2588 2310 2658 increpatio,
2347 2585 2618 2639 daemones
2648 2578 2828 2645 ejecti,
2852 2571 3066 2644 maligni
3097 2566 3321 2639 spiritus
3347 2563 3414 2615 de
3437 2573 3561 2614 cor-

1985 2683 2205 2754 poribus
2239 2678 2399 2747 pulsi,
2438 2688 2630 2745 graves
2666 2669 2837 2723 morbi
2874 2663 3075 2726 sanati,
3137 2657 3335 2713 mortui
3370 2654 3436 2706 ad
3476 2651 3562 2704 vi-

1988 2789 2094 2830 tam
2136 2771 2394 2834 revocati,
2434 2766 2801 2822 tentationum
2837 2753 3322 2819 communiumque
3352 2744 3565 2816 passio~

1987 2884 2111 2922 num
2145 2862 2405 2934 depulsio,
2437 2873 2539 2930 qua
2569 2854 2820 2910 videlicet
2851 2848 3091 2904 futurum
3138 2839 3395 2898 saeculum
3425 2847 3570 2905 prte-

1989 2928 2255 3029 figurabat
2280 2952 2427 3008 omni
2454 2928 2742 3004 tmalorum
2793 2954 2992 3012 genere
3023 2949 3241 3006 expers,
3269 2928 3413 3002 quod
3467 2939 3568 2980 nos

1989 3020 2108 3103 cum
2133 3063 2246 3118 spe,
2278 3043 2541 3099 charitate
2564 3054 2626 3094 ac
2670 3037 2775 3092 ﬁde
2816 3039 3216 3103 exspectamus.
3259 3023 3427 3079 Porro
3454 3020 3560 3073 lte-

1992 3137 2291 3208 demptoris
2319 3135 2487 3190 nostri
2515 3130 2759 3187 doctrina
2795 3126 3041 3182 homines
3073 3127 3222 3175 arcet
3252 3131 3280 3171 a
3303 3112 3569 3187 pecunire.

1921 3226 1965 3284 C
2000 3233 2201 3304 gloriae,
2255 3230 2700 3296 voluptatumque
2748 3221 3065 3291 cupiditate,
3116 3225 3321 3281 eosque
3352 3209 3418 3262 ad
3454 3207 3562 3259 Deo

2003 3324 2371 3380 famulandum
2397 3327 2541 3375 recta
2570 3330 2692 3372 cum
2734 3312 3011 3368 voluntate
3043 3305 3309 3362 sublevat.

2077 3481 2268 3536 Exstat
2301 3480 2353 3532 in
2391 3476 2578 3531 codice
2605 3469 2916 3539 evangelica
2964 3463 3205 3534 ejusdem
3245 3456 3419 3514 sancti
3465 3455 3578 3508 lla-

2007 3590 2082 3629 περ
2104 3570 2364 3644 episc0pi,
2398 3567 2636 3622 sectione
2683 3561 3015 3630 octogesima
3057 3568 3222 3616 nona,
3268 3555 3431 3619 caput
3456 3547 3574 3600 sin-

2010 3635 2195 3737 gulare
2221 3635 2498 3729 Evangelii
2529 3655 2754 3711 Joannis
2772 3651 2813 3716 ',
2848 3649 2992 3720 quod
3033 3646 3086 3701 in
3122 3643 3244 3698 aliis
3300 3635 3578 3737 exempla-

2013 3757 2162 3809 ribus
2193 3753 2555 3807 desideratur.
2633 3744 2727 3799 Est
2774 3738 2982 3796 veroid
3029 3745 3194 3805 capnt
3245 3727 3578 3798 lmjusmodi.

2011 3847 2249 3916 Contigit
2295 3841 2527 3912 quadam
2589 3837 2698 3900 die,
2732 3843 2792 3887 ut
2848 3828 3063 3886 docenti
3114 3824 3242 3880 Jesu
3297 3819 3590 3875 mulierem

2013 3909 2288 3996 sisterent,
2315 3909 2442 4001 qua:
2479 3943 2544 3982 ex
2585 3923 2853 3980 adulterio
2881 3917 3198 3986 concepisse
3241 3909 3576 3983 deprehensa

2015 4029 2210 4088 fuerat,
2241 4023 2451 4094 ipsique
2482 4034 2592 4072 rem
2619 4025 2825 4087 gestam
2851 4016 3159 4066 narrarent.
3187 4003 3352 4060 .lesus
3372 4010 3586 4064 autem,

2014 4119 2101 4176 cui
2138 4091 2322 4186 utpote
2349 4113 2454 4166 Deo
2485 4119 2626 4164 nota:
2649 4114 2806 4161 erant
2837 4112 3021 4172 turpes
3054 4097 3269 4152 illorum
3300 4091 3595 4165 passiones.

2017 4224 2178 4283 atque
2201 4182 2364 4280 opera
2403 4224 2417 4260 :
2443 4205 2604 4272 Quid,
2641 4199 2838 4269 inquit,
2868 4212 2896 4250 a
2958 4195 3078 4264 lege
3107 4184 3458 4283 praecipitur?
3487 4182 3594 4238 Re-

2018 4276 2356 4374 sponderunt
2388 4299 2496 4352 illi:
2531 4292 2624 4358 Ut,
2651 4294 2694 4347 si
2731 4292 2836 4345 duo
2863 4296 3031 4342 testes
3063 4282 3146 4338 vel
3171 4291 3280 4336 tres
3298 4276 3588 4335 aiiirment.

2021 4396 2290 4465 lapidibus
2318 4398 2559 4446 necetur.
2601 4384 2739 4440 Tum
2777 4380 2935 4436 .Iesus
2959 4392 3026 4432 ex
3057 4373 3298 4444 ejusdem
3336 4367 3590 4423 Mosaicae

2021 4460 2151 4557 legis
2178 4499 2389 4547 norma,
2417 4478 2634 4548 Siquis,
2675 4475 2771 4538 ait,
2802 4472 2869 4526 ab
2896 4469 3056 4538 hujus
3094 4463 3301 4535 peccati
3346 4460 3594 4531 passione

2013 4577 2247 4633 mundus
2276 4573 2518 4640 liberque
2543 4583 2651 4631 est,
2679 4578 2852 4636 neque
2879 4573 3100 4631 prorsus
3130 4553 3392 4624 ejusmodi
3425 4550 3595 4616 culpa:

1948 4651 1996 4709 Ῑ)
2026 4681 2174 4730 reus,
2204 4661 2573 4720 testimonium
2604 4672 2761 4712 suum
2809 4654 3073 4708 adversus
3122 4647 3264 4701 hanc
3313 4641 3596 4697 mulierem

2026 4759 2192 4821 dicat,
2229 4765 2285 4811 et
2307 4753 2516 4823 primus
2559 4748 2791 4818 lapidem
2841 4742 3034 4814 jaciat,
3100 4751 3275 4807 eaque
3331 4730 3608 4804 lapidibus.

2029 4853 2135 4907 icta
2166 4857 2369 4920 pereat.
2425 4843 2532 4898 Sed
2565 4841 2711 4897 enim
2747 4837 2844 4904 illi,
2877 4849 2999 4891 cum
3030 4846 3090 4886 se
3121 4827 3337 4900 fragiles
3405 4826 3598 4878 adino~

2027 4915 2180 4996 dum-
2208 4950 2262 4995 et
2293 4934 2588 5008 culpabiles
2618 4932 2763 4987 circa
2799 4921 3104 4997 hujusmodi
3143 4918 3348 4991 peccati
3377 4915 3574 4986 passio

2028 5049 2151 5091 nem
2180 5007 2402 5097 scirent,
2438 5025 2710 5097 sigillatim
2742 5020 2809 5075 ab
2831 5033 2897 5076 eo
2944 5015 3138 5086 dilapsi
3197 5020 3349 5077 sunt,
3406 5007 3612 5063 relicta.

2029 5125 2138 5182 illic
2169 5120 2419 5177 muliere.
2465 5116 2597 5171 Post
2625 5127 2858 5184 quorum
2885 5109 3186 5164 discessum
3215 5101 3376 5157 .lesus
3399 5100 3452 5154 in
3491 5109 3608 5151 ter-.

2031 5232 2146 5273 ram
2174 5214 2392 5269 intuens
2419 5221 2476 5265 et
2502 5211 2552 5263 in
2574 5207 2794 5277 pulvere
2815 5201 3079 5262 scribens.
3115 5197 3193 5253 ait
3215 5191 3428 5250 mulieri
3456 5208 3470 5244 :
3499 5189 3612 5248 Er-

2027 5323 2164 5382 gone
2197 5306 2288 5377 qui
2317 5316 2368 5361 te
2395 5303 2501 5358 huc
2526 5299 2894 5356 adduxerunt.
2934 5302 2988 5348 et
3039 5298 3229 5345 contra
3262 5297 3313 5341 te
3345 5284 3599 5339 testimo-

2029 5373 2180 5456 nium
2215 5373 2415 5453 dicturi
2443 5401 2620 5455 erant,
2647 5396 2958 5458 reputantes
3009 5398 3072 5438 ea
3101 5395 3221 5452 qu:e
3248 5394 3276 5430 a
3333 5391 3418 5429 me
3452 5373 3607 5431 dicta

2031 5490 2249 5553 audisti,
2285 5499 2336 5542 te
2364 5487 2590 5549 omissa,
2631 5476 2931 5536 abierunt?
2994 5471 3204 5531 Recede
3233 5483 3373 5522 llttttc
3432 5475 3485 5520 et
3519 5475 3607 5529 tu,

2037 5599 2211 5643 'tf‘lltlc
2238 5580 2464 5640 ulterius
2488 5587 2712 5646 peCCare
2747 5571 2902 5626 velis.
