4154 6566
571 376 709 445 11⁸75

1162 489 1314 544 CAP.
1355 489 1543 546 XVIII.

766 603 841 657 De
868 604 1018 657 rebus
1044 605 1137 656 sub
1163 601 1476 658 Iustiniano
1509 603 1746 673 Angusto
1771 605 1951 673 gestis.

642 720 949 785 Justiniano
981 727 1257 788 regnante,
1300 716 1476 771 ῐῐιιιιιιί
1505 733 1699 787 magno
1726 733 1952 773 numero
2007 718 2137 772 Per-

566 829 747 871 sarum
775 810 1116 882 stipendiarii
1147 810 1513 865 incursionem
1546 810 1777 865 subitam
1815 810 1868 865 in
1926 810 2130 865 Roma-

566 918 690 959 nam
720 901 976 955 ditionem
1006 897 1273 965 fecerunt,
1302 914 1460 969 agros
1514 908 1820 965 vastarunt,
1867 901 2137 971 agricolas

564 991 764 1046 multos
791 989 1127 1054 occiderunt,
1167 1001 1331 1059 pagos
1366 1003 1665 1057 eorumque
1719 989 1980 1044 ecclesias
2052 989 2137 1043 in-

564 1083 933 1157 ﬂammarunt,
985 1080 1415 1149 transmissaque
1462 1079 1737 1148 Euphrate
1786 1079 2135 1135 Antiochiam

567 1187 738 1242 usque
791 1171 1007 1226 neruiue
1063 1171 1363 1225 obsistente
1396 1181 1489 1224 aut
1535 1180 1797 1240 carpente
1844 1181 2134 1227 venerunt.

564 1266 816 1325 Attamen
842 1262 1033 1317 Bosins
1050 1262 1268 1332 quidam
1292 1262 1398 1316 dux
1421 1262 1848 1318 Maiferactensis
1870 1264 1921 1317 in
1948 1278 2133 1318 eorum

565 1373 594 1413 ει
628 1355 771 1409 caede
803 1354 996 1422 reditu,
1032 1351 1362 1422 manipulum
1388 1354 1625 1421 ipsorum
1648 1368 1957 1424 aggressus,
1982 1354 2140 1425 quiu-

566 1456 758 1516 gentos
792 1445 1011 1501 circiter
1037 1460 1208 1514 equos
1236 1446 1456 1514 eripuit,
1486 1452 1792 1514 magnaque
1837 1447 2014 1513 praeda
2038 1460 2135 1515 po-

570 1540 700 1591 titus
724 1547 823 1590 est.
871 1536 964 1591 Sic
989 1536 1151 1591 etiam
1176 1538 1314 1604 apud
1354 1536 1630 1591 Citrisiam
1700 1536 1806 1589 dux
1843 1536 1987 1591 idem
2035 1537 2119 1590 vi-

565 1640 686 1684 ctor
734 1628 1157 1699 quadringentos
1204 1625 1373 1681 ferme
1402 1627 1648 1683 homines
1694 1628 2011 1696 prostravit,
2048 1642 2142 1683 eoo

567 1736 795 1789 rumque
825 1728 1071 1773 armenta
1100 1718 1200 1773 sibi
1222 1717 1537 1772 vindicavit.

1586 386 1985 445 ZACHARL‘E
2022 385 2453 447 MITYLENES
2490 386 2830 447 EPISCOPI

2168 500 2211 552 A
2243 510 2407 565 gnum
2431 496 2700 559 traderet;
2735 495 2964 560 gratiam
2992 497 3211 561 insuper
3240 491 3541 548 curationis
3564 506 3679 549 sua
3700 505 3823 562 post

3679 379 3816 446 1176

2245 584 2412 639 Deum
2431 586 2586 638 beato
2612 584 2774 654 Moysi
2793 584 2867 637 Ta
2877 584 3126 638 rmeleusi
3145 583 3408 651 debebat;
3430 584 3631 639 idcirco
3650 584 3820 639 lilium

2240 690 2395 729 suum
2433 686 2489 727 ιιι
2551 691 2734 742 pacem
2790 675 3114 730 concederet
3195 676 3359 731 enixe
3416 675 3663 746 rogavit:
3725 676 3820 744 qui
3890 720 3893 725 .

2240 782 2364 819 cum
2401 765 2518 819 auri
2572 781 2887 819 sutttmatna
2940 764 3245 819 Justittiano
3274 764 3517 835 Augusto
3562 779 3658 833 per
3702 763 3822 819 Ru-

2246 856 2416 917 ﬁnum
2467 868 2522 912 et
2575 858 2973 921 Hermogenem
3014 858 3218 927 legatos
3256 857 3358 912 sibi
3389 856 3610 911 missam
3662 870 3823 913 acce-

2244 951 2436 1019 pisset,
2468 966 2569 1020 pax
2598 949 2736 1005 facta
2760 959 2866 1013 est,
2903 960 2959 1005 et
3004 951 3222 1019 scriptis
3278 948 3687 1020 obsignatisque
3746 948 3821 1003 li-

2242 1040 2397 1095 bellis
2431 1040 2778 1094 contirmata:
2818 1038 3036 1107 visaque
3061 1047 3187 1093 sunt
3217 1040 3269 1092 in
3306 1039 3443 1093 coelo
3472 1038 3652 1092 sidera
3703 1038 3819 1108 ipsa

2243 1129 2315 1183 ob
2344 1129 2635 1182 novitatem
2668 1127 2744 1182 rei
2778 1128 3124 1193 exsultantis.
3170 1124 3300 1181 Erat
3325 1135 3504 1181 autem
3534 1135 3697 1182 aestas
3725 1127 3819 1181 in-

2244 1217 2516 1283 dictionis,
2553 1219 2861 1288 mansitque
2894 1219 3009 1272 haec
3033 1233 3136 1287 pax
3162 1217 3321 1273 annis
3348 1232 3442 1274 sex
3476 1219 3559 1275 vel
3608 1227 3820 1286 septem

2246 1325 2418 1382 usque
2451 1310 2518 1366 ad
2549 1309 2760 1365 tertiam
2796 1309 3169 1380 indictionem.

2878 1421 3028 1477 CAP.
3061 1419 3200 1476 XIX.

2542 1514 2627 1568 Ex
2654 1514 2875 1584 epistola
2910 1514 3119 1567 Iuliani
3158 1514 3225 1567 ad
3262 1511 3537 1569 Seuerum.

2316 1627 2426 1697 Ego
2456 1629 2543 1698 qui
2582 1642 2799 1694 semper
2826 1626 3044 1682 Patrum
3074 1623 3407 1693 propositum
3432 1632 3653 1679 secutus
3669 1624 3813 1689 sein,

2246 1723 2346 1777 hos
2373 1721 2626 1776 existimo
2659 1735 2832 1787 neque
2861 1718 2962 1771 sibi
3000 1717 3133 1785 ipsis
3164 1718 3462 1781 contraria,
3504 1731 3684 1785 neque
3732 1718 3814 1771 in—

635 1834 837 1889 Cavadi
871 1834 1137 1889 successit
1176 1834 1229 1887 in
1281 1818 1453 1903 regno
1497 1833 1643 1888 illius
1672 1831 1906 1887 Cosroes
1930 1830 2138 1915 :Icujus

2242 1817 2415 1870 vicem
2446 1830 2682 1881 unquam
2717 1812 3024 1879 scripsisse.
3093 1809 3268 1865 Veluti
3328 1808 3530 1863 Paulus
3587 1809 3812 1864 dicens:

566 1934 760 1990 mater,
784 1925 999 1979 vivente
1031 1924 1206 1983 adhuc
1239 1922 1457 1979 Cavade
1487 1923 1736 1993 conjuge,
1766 1923 2000 1991 maligno
2025 1922 2140 1991 Spi-

566 2017 673 2070 ritu
703 2017 1138 2081 excruciabatur,
1171 2016 1303 2087 quin
1329 2016 1495 2070 ullum
1526 2016 1575 2070 ei
1610 2014 1903 2069 remedium
1928 2012 2141 2068 attulis-

572 2117 696 2165 sent
757 2110 928 2178 magi,
962 2109 1115 2164 arioli
1164 2119 1330 2177 atque
1358 2109 1637 2175 astrologi,
1666 2107 1731 2160 ab
1762 2106 2002 2175 ejusdem
2025 2107 2140 2161 viro

563 2202 799 2269 Cavade,
824 2217 852 2255 a
881 2216 987 2271 quo
1017 2200 1306 2270 plurimum
1332 2200 1678 2271 diligebatur,
1712 2199 1973 2253 invocati:
2005 2201 2137 2268 quin

566 2291 666 2357 ipsi
706 2290 885 2360 potius
910 2290 1176 2359 malignos
1207 2291 1431 2357 spiritus
1468 2290 1753 2358 spiritibus
1789 2289 2136 2343 addiderunt.
2184 2284 2188 2288 ’

563 2383 689 2439 llaec
721 2382 882 2453 igitur
914 2383 1075 2437 missa
1106 2380 1207 2437 fuit
1232 2382 1527 2436 indictione
1576 2391 1768 2450 quarta
1799 2382 1896 2435 sub
1923 2380 2142 2435 Liherio

561 2477 699 2535 duce
735 2477 798 2529 ad
825 2477 1040 2531 beatum
1073 2474 1315 2549 Moysen,
1340 2474 1432 2545 qui
1472 2474 1524 2528 in
1557 2473 1892 2527 monasterio
1931 2473 2139 2528 duobus
2182 2472 2185 2473 ⁷

560 2569 674 2623 fere
703 2567 897 2622 stadiis
926 2566 996 2621 ab
1026 2568 1160 2622 urbe
1186 2566 1322 2620 Dura
1353 2565 1547 2621 dissito
1581 2566 1894 2620 morabatur
1927 2580 1940 2616 :
1967 2575 2022 2620 et
2054 2565 2135 2620 sui

562 2658 802 2721 nominis
835 2657 1034 2713 fatuam
1062 2657 1221 2727 longe
1252 2657 1468 2727 lateque
1517 2655 1835 2712 diffuderat:
1905 2672 2138 2728 cumque

562 2751 707 2820 apud
736 2764 865 2804 eum
886 2750 1073 2819 paucis
1096 2750 1289 2806 diebus
1323 2749 1639 2814 mansisset,
1688 2760 1875 2804 curata
1917 2760 2023 2814 est,
2084 2758 2138 2804 et

562 2848 617 2899 in
650 2841 929 2911 regionem
956 2855 1113 2895 suam
1152 2841 1335 2896 rediit.
1390 2840 1618 2909 Accepit
1670 2852 1849 2896 autem
1905 2842 1972 2896 ab
2027 2842 2128 2895 hoc

560 2941 748 2988 sancto
782 2931 964 3003 Moyse
991 2947 1059 2986 ex
1092 2934 1420 2987 monasterio
1452 2931 1669 2986 Tarmel
1706 2941 2015 3001 truncupato
2045 2932 2138 2986 be-

562 3021 923 3091 nedictionem
953 3022 1258 3095 (reliquias)
1283 3037 1350 3078 ex
1372 3023 1587 3080 ossibus
1615 3023 1828 3093 Cyriaci
1858 3023 2135 3093 martyris,

560 3114 761 3183 quibus
791 3114 1064 3185 custodita
1088 3123 1253 3184 atque
1281 3123 1549 3185 protecta,
1575 3117 1645 3171 ab
1674 3116 1938 3171 innmmdi
1969 3116 2134 3185 spiri-

2248 1905 2371 1960 Non
2394 1922 2456 1959 ea:
2488 1904 2729 1974 operibus
2760 1903 2849 1957 sed
2880 1919 2943 1956 ex
2968 1902 3072 1971 [ide
3106 1901 3433 1970 justiﬁcatus
3461 1908 3539 1954 est
3568 1901 3623 1965 ';
3671 1898 3816 1953 haud

2172 2008 2177 2011 ’
2244 1996 2568 2053 contradicit
2597 1993 2797 2049 Iacobo
2829 1994 3063 2047 dicenti:
3097 1990 3255 2046 Fides
3278 1992 3390 2045 sine
3420 1990 3660 2059 operibus
3683 2004 3821 2043 mor-

2243 2098 2335 2142 tua
2369 2097 2442 2142 est
2466 2087 2506 2143 °.
2545 2086 2916 2155 Nequaquam,
2966 2086 3208 2153 inquam,
3248 2085 3388 2139 inter
3414 2099 3475 2140 se
3515 2085 3818 2140 adversario

2245 2189 2347 2243 tes,
2374 2178 2469 2233 sed
2494 2194 2615 2233 cum
2651 2193 2777 2230 vera
2817 2176 3105 2232 concordia
3137 2176 3190 2230 id
3226 2177 3503 2232 dixerunt.
3670 2163 3680 2173 ’

2546 2292 2629 2345 Ex
2665 2292 2884 2360 epistola
2914 2289 3091 2346 Severi
3120 2290 3189 2343 ad
3214 2289 3516 2344 lulianum.

2316 2384 2459 2463 Bene
2482 2416 2537 2460 et
2561 2407 2949 2462 convenienter
2984 2405 3191 2471 dixisti,
3217 2406 3464 2460 doctores
3480 2418 3817 2475 nequaquam

2240 2498 2340 2555 sibi
2383 2498 2612 2552 invicem
2645 2490 3039 2560 centradicere,
3075 2496 3235 2551 sicuti
3272 2510 3340 2550 ne
3369 2495 3567 2548 Paulus
3596 2494 3816 2565 quidem

2240 2602 2407 2663 atque
2428 2589 2693 2652 Iacobus;
2734 2604 2854 2643 cum
2888 2588 2975 2642 ille
3011 2588 3194 2642 dicat:
3230 2585 3314 2640 Ea:
3346 2587 3452 2656 [ide
3476 2585 3821 2655 justiﬁcatur

2238 2683 2428 2747 homo;
2463 2682 2549 2735 hic
2576 2691 2754 2734 autem
2787 2680 3020 2734 scribat:
3051 2676 3209 2732 Fides
3242 2678 3355 2732 sine
3402 2678 3643 2745 operibus
3683 2693 3821 2731 utor-

2239 2785 2332 2827 tua
2361 2784 2456 2827 est.
2507 2773 2723 2826 Etenim
2756 2770 2954 2825 Paulus
2991 2770 3060 2825 de
3096 2770 3200 2825 ﬁde
3218 2764 3441 2824 locutus
3470 2776 3555 2823 est
3626 2768 3814 2837 bapti-

2238 2879 2413 2918 snmm
2447 2864 2797 2934 praecedente,
2828 2877 2948 2932 qua:
2990 2878 3111 2916 cum
3142 2862 3481 2917 confessione
3529 2876 3597 2916 ex
3650 2860 3818 2917 cordo

2239 2969 2375 3020 puro
2396 2952 2679 3021 conjuncta
2706 2952 2778 3006 sit
2803 2969 2818 3007 :
2852 2952 2978 3020 quin
3014 2960 3189 3006 tarnen
3216 2962 3370 3006 antea
3398 2950 3691 3020 quidquam
3727 2949 3821 3007 bo-

2240 3061 2433 3101 norum
2458 3060 2684 3115 operum
2711 3045 2765 3099 in
2806 3045 3077 3098 mundana
3108 3045 3215 3098 vita
3249 3044 3409 3098 homo
3436 3058 3544 3113 pra:
3583 3058 3641 3098 se
3675 3042 3817 3099 tule—
3856 3090 3863 3099 .

2240 3138 2347 3192 rit:
2382 3138 2580 3209 quippe
2612 3136 2917 3206 huiusmodi
2951 3135 3112 3189 homo
3140 3137 3432 3202 credendo,
3486 3134 3819 3201 confitendo,

563 3219 650 3261 tus
683 3206 994 3263 incursione
1021 3207 1190 3262 libera
1226 3218 1373 3264 esset
1406 3226 1421 3262 :
1464 3223 1585 3278 qua:
1612 3219 1819 3264 secreto
1853 3207 2141 3293 aedificavit
2164 3218 2207 3277 α
2242 3206 2699 3296 δυεοίρίεηιιορυθ
2760 3224 3087 3294 baptismum
3155 3224 3507 3291 iustiﬁcalur.
3580 3223 3821 3279 Jacobus
3854 3210 3865 3218 '

563 3315 616 3353 ιιι
646 3300 987 3371 regionesua
1022 3300 1349 3366 oratorium,
1389 3301 1479 3355 ubi
1516 3310 1720 3373 martyr
1752 3288 1989 3356 colitur.
2018 3298 2131 3353 Me-

562 3403 680 3447 mor
697 3399 880 3441 autem
908 3389 1155 3444 beneficii
1186 3389 1254 3443 ab
1272 3391 1373 3444 hoc
1396 3390 1559 3445 beato
1584 3388 1767 3461 Moyse
1791 3389 1866 3443 Ta
1878 3389 2133 3444 rmelensi
2166 3380 2169 3385 λ

562 3478 769 3545 accepti
799 3476 1073 3532 Romanos
1104 3486 1203 3547 pro
1236 3494 1295 3535 re
1333 3488 1481 3545 nata,
1515 3496 1681 3550 quam
1719 3478 1860 3535 infra
1889 3494 2131 3534 commc-

563 3570 915 3634 morabitnus,
942 3570 1167 3636 adjuvit.

614 3679 843 3734 Etenim
866 3681 1207 3737 Justinianus
1250 3698 1338 3737 res
1376 3692 1560 3753 gestas
1622 3684 1674 3735 iu
1722 3680 2132 3751 Mesopotamia,

561 3788 680 3844 qua:
712 3772 849 3826 intra
902 3773 1036 3827 flues
1088 3773 1301 3840 imperii
1346 3784 1453 3837 est,
1502 3784 1791 3843 reputans,
1873 3782 2138 3838 suumque

562 3866 861 3924 exercitum
908 3881 935 3917 a
972 3865 1151 3919 Persis
1214 3880 1319 3919 non
1373 3866 1540 3920 semel
1598 3880 1821 3927 caestum,
1866 3861 2137 3932 agricolas

562 3959 761 4027 passim
789 3956 994 4011 deletos
1026 3957 1106 4011 vel
1130 3957 1184 4009 in
1214 3957 1529 4011 servitutem
1564 3957 1630 4007 ah
1691 3955 1900 4007 ilnnnis
1961 3954 2136 4006 abdu-

561 4060 701 4111 ctos,
737 4064 901 4118 pagos
930 4049 1161 4116 denique
1190 4048 1241 4099 in
1274 4064 1333 4099 ea
1360 4048 1463 4101 late
1489 4047 1707 4116 regione
1738 4045 2132 4108 inﬂammatos;

562 4156 704 4208 :egre
759 4140 1047 4193 admodum
1078 4140 1449 4194 adducebatur
1485 4151 1541 4193 ut
1568 4144 1633 4194 de
1692 4154 1833 4193 novo
1872 4137 2136 4192 mittendo

563 4231 830 4293 exercitu,
865 4239 921 4283 et
957 4232 1022 4283 de
1066 4229 1205 4285 bello
1235 4248 1356 4284 cum
1390 4231 1614 4295 Cosroe,
1660 4231 1752 4301 qui
1804 4242 1922 4302 post
1969 4232 2139 4285 Cava-

563 4326 684 4378 dcm
720 4324 999 4392 regnabat,
1036 4324 1271 4394 gerendo
1325 4325 1629 4395 cogitaret:
1660 4323 1957 4394 praesertim
2008 4322 2135 4392 quia

563 4415 797 4472 Cosroes
824 4414 999 4468 Rufini
1032 4415 1242 4470 amicus
1281 4426 1419 4479 erat,
1447 4425 1730 4484 propterea
1767 4417 1911 4486 quod
1935 4416 2136 4471 Cavadi

514 4506 517 4511 ’
566 4509 791 4579 Rnlinns
821 4517 1070 4563 suaserat
1129 4517 1187 4561 ut
1225 4506 1480 4563 Cosroem
1519 4512 1665 4579 regni
1697 4512 1961 4566 hacredem
1993 4511 2139 4566 face-

2242 3336 2372 3377 vero
2410 3321 2567 3373 tidem
2601 3318 2868 3387 baptismo
2890 3319 3244 3385 pOSIeriorem
3280 3316 3411 3371 dicit
3441 3328 3713 3373 mortuam
3770 3313 3820 3372 si

2243 3412 2495 3482 operibus
2526 3422 2743 3476 careat;
2766 3410 3021 3465 videlicet
3047 3411 3149 3465 nisi
3174 3426 3293 3464 eam
3316 3412 3479 3465 homo
3502 3412 3664 3466 rectis
3687 3425 3822 3479 opo-

2243 3505 2392 3560 ribns
2414 3505 2717 3566 confirmet,
2752 3502 3184 3572 quandoquidem
3214 3500 3512 3570 baptismus
3550 3500 3704 3554 bona:
3737 3498 3823 3553 vi-
3854 3534 3857 3537 -

2246 3606 2311 3650 tae
2354 3596 2515 3647 arrha
2545 3603 2649 3649 est.
2703 3592 2838 3647 Ecce
2868 3592 3011 3646 enim
3048 3591 3166 3659 ipse
3195 3591 3476 3658 Dominus,
3514 3591 3821 3660 quiexem-

2243 3687 2360 3756 plar
2388 3696 2635 3741 nostrum
2667 3694 2770 3749 est,
2804 3683 3163 3738 sanetiiicatis
3213 3698 3306 3753 per
3348 3683 3675 3752 baptismum
3710 3680 3821 3735 mi-
3850 3716 3853 3721 ι

2246 3779 2470 3832 uisterio
2504 3777 2733 3831 Joannis
2753 3786 3061 3846 susceptmn
3092 3775 3267 3846 aquis,
3292 3774 3543 3842 factoque
3558 3772 3817 3841 baptismi

2246 3869 2418 3929 initio,
2451 3875 2686 3920 montem
2713 3868 3049 3935 conscendit,
3077 3864 3360 3939 tegitatoris
3406 3864 3693 3921 certamini
3716 3862 3849 3919 obo'

2244 3961 2387 4015 viam
2420 3960 2538 4025 ivit,
2577 3962 2804 4031 ejusque
2839 3962 2945 4014 vim
2976 3976 3189 4014 omnem
3229 3960 3391 4030 fregit
3418 3975 3433 4023 ;
3466 3957 3686 4013 scilicet
3716 3970 3818 4012 no-

2245 4058 2329 4112 bis
2356 4054 2691 4123 signiticaus,
2722 4062 2975 4124 cportere
3003 4062 3060 4106 ut
3080 4062 3200 4122 post
3220 4052 3457 4106 divinam
3483 4050 3815 4105 oblationem

2244 4159 2519 4202 certamen
2553 4155 2794 4201 nostrum
2823 4145 3084 4214 operibus
3117 4155 3518 4213 expromamus,
3554 4140 3821 4211 legitime-

2245 4253 2350 4307 que
2372 4253 2493 4291 cum
2524 4236 2681 4291 hoste
2722 4234 3006 4299 luctemur,
3041 4248 3146 4304 quo
3187 4233 3415 4288 virtutes
3467 4242 3670 4287 nostra:
3724 4231 3813 4287 in-

2242 4328 2561 4383 clarescant.

2317 4420 2423 4475 Sed
2445 4420 2589 4474 enim
2611 4418 2989 4474 adversabttnr
3009 4416 3206 4485 aliquis
3236 4414 3454 4470 dicens:
3483 4412 3646 4482 Atqui
3676 4410 3823 4465 Pan-v

2244 4514 2329 4569 lus
2360 4514 2669 4568 Abrahamo
2708 4512 2879 4565 utitur
2917 4520 3175 4579 tanquam
3203 4515 3545 4577 argumento,
3578 4515 3636 4559 ut
3694 4519 3820 4574 pro~

568 4612 669 4654 ret.
727 4599 1133 4670 Rnliuusigitur
1168 4601 1281 4654 haec
1303 4602 1505 4655 Caesari
1536 4618 1767 4657 narrans
1807 4620 1956 4674 spem
2023 4604 2139 4673 injl-
2172 4573 2214 4627 θ
2244 4604 2337 4660 bet
2362 4605 2632 4658 hominem
2664 4603 2767 4655 lide
2791 4602 3076 4671 jnstilicari
3095 4603 3213 4655 sine
3237 4600 3521 4668 cperihus;
3551 4600 3627 4652 ait
3646 4598 3815 4654 enim:

564 4689 761 4752 ciebat,
795 4684 1222 4759 Spondehatque,
1248 4692 1293 4744 si
1330 4693 1544 4759 quidem
1582 4694 1695 4760 ipse
1727 4710 1903 4763 regem
1941 4696 2137 4757 adiret,

565 4785 680 4852 fure
713 4793 768 4837 ut
796 4784 1021 4854 quiquid
1048 4782 1194 4853 juste
1221 4784 1365 4837 circa
1400 4800 1587 4853 parem
1635 4786 1703 4839 ab
1749 4787 1901 4857 Angu
1942 4798 1995 4840 to
2040 4802 2140 4856 op-

567 4874 733 4931 tatam
769 4876 1089 4943 postularet,
1120 4880 1367 4947 protinus
1402 4880 1740 4943 impetraret.
1799 4883 1987 4951 ltaque
2013 4883 2142 4937 mis-

566 4978 660 5023 sus
696 4968 799 5021 fuit
834 4968 1084 5033 Rufinus,
1127 4970 1421 5025 comitante
1485 4970 1823 5039 Hermogene
1881 4975 2141 5042 magistro

567 5060 860 5117 ittdiCtienc
887 5062 1089 5115 decima
1128 5077 1248 5115 cum
1285 5063 1479 5117 litteris
1507 5067 1572 5116 ad
1593 5063 1872 5131 Cnsnoem,
1905 5081 2135 5133 quocum

567 5155 656 5210 diu
702 5154 947 5207 collocuti
982 5166 1127 5209 sunt.
1184 5156 1246 5210 Et
1271 5158 1526 5224 quoniam
1559 5157 1647 5211 hic
1695 5157 1921 5210 Rufinus
1979 5168 2139 5211 notus

569 5246 639 5299 ihi
676 5254 813 5311 erat,
848 5253 1030 5315 utpote
1057 5246 1147 5316 qui
1187 5262 1326 5316 saepe
1352 5249 1415 5299 azl
1449 5248 1715 5301 Cavadem
1742 5247 1950 5316 legatus
1983 5247 2138 5313 ierat,

2240 4697 2516 4767 lgitnrqui
2539 4698 2590 4749 in
2622 4696 2745 4760 fide,
2774 4695 3162 4751 benedicentur
3180 4710 3299 4749 cum
3319 4694 3459 4747 fideli
3481 4693 3814 4747 Abrahamo.

2238 4791 2393 4844 -Εἰ
2445 4804 2571 4843 vero
2618 4789 2706 4856 qui
2738 4796 3148 4856 nonoperator,
3206 4786 3446 4843 credenti
3498 4796 3679 4840 tamen
3763 4788 3815 4838 in

2243 4898 2366 4936 ειιιιι
2400 4879 2491 4947 qui
2554 4887 2731 4946 potest
2784 4877 3085 4944 jnstilicare
3140 4887 3475 4946 peccatores,
3534 4885 3819 4945 reputatur

2248 4972 2379 5024 fides
2401 4969 2519 5038 ejus
2565 4970 2631 5022 ad
2689 4969 2974 5037 justitiam.
3032 4967 3272 5023 Jacobus
3332 4981 3456 5022 vero
3514 4967 3567 5020 iu
3624 4968 3815 5020 eodem

2248 5062 2563 5115 Abrahamo
2598 5060 3015 5125 demonstravit,
3066 5076 3170 5113 non
3216 5058 3503 5128 justiticari
3537 5057 3815 5112 hominem

2245 5168 2308 5206 ex
2346 5153 2449 5207 lide
2479 5164 2709 5216 tantum,
2744 5153 2837 5206 sed
2865 5153 3029 5206 etiam
3061 5165 3126 5205 ex
3157 5151 3416 5220 operibus
3475 5150 3578 5204 lide
3621 5150 3819 5205 coniir~

2247 5244 2427 5299 matis.
2483 5244 2680 5310 Quidni
2727 5245 2891 5315 igitur
2958 5245 3072 5298 haec
3120 5246 3264 5299 inter
3293 5257 3380 5309 ,σε
3416 5251 3689 5313 pugnant,
3741 5242 3817 5297 si-

568 5336 792 5407 ejusque
831 5352 1072 5393 amorem
1110 5338 1211 5393 sibi
1236 5338 1646 5402 conciliaverat,
1689 5347 1742 5391 et
1786 5339 1935 5407 regni
1996 5339 2172 5409 opti-f
2244 5337 2457 5405 quidem
2488 5353 2627 5391 unus
2650 5338 2899 5406 idemque
2923 5334 3262 5390 Abrahamns
3295 5333 3574 5403 exemplar
3596 5342 3683 5387 est
3720 5348 3817 5389 co-

568 5438 740 5482 mates
799 5429 983 5484 multis
1057 5427 1708 5493 munerilmsgall'ecerat;
1773 5429 1955 5497 regina
2014 5443 2140 5485 vero

566 5503 971 5587 Cosroisjmater
987 5536 1198 5574 summo
1216 5521 1463 5574 eumdem
1486 5535 1671 5574 amore
1689 5520 2133 5591 prosequebatur,

568 5611 693 5684 quia
730 5612 1017 5667 consilium
1059 5612 1259 5667 Cavadi
1318 5613 1577 5678 dedisset,
1613 5624 1668 5669 ut
1725 5613 1832 5670 lilio
1892 5629 1988 5670 suo
2048 5631 2135 5683 rc-

635 5788 854 5858 lGaiat.
888 5804 947 5850 ιι,
986 5787 1067 5843 16.
1146 5786 1299 5843 ‘Jac.
1336 5805 1391 5853 ιι,
1426 5786 1522 5858 '20.

2242 5444 2361 5481 rum
2397 5430 2486 5497 qui
2520 5430 2659 5483 haud
2686 5428 2895 5499 operati
2928 5436 3073 5493 sunt,
3112 5428 3208 5482 sed
3229 5426 3606 5481 tantummodo
3635 5425 3818 5481 credin

2237 5520 2470 5586 derunt;
2500 5521 2739 5591 itemque
2786 5534 2971 5575 eorum
3024 5518 3114 5588 qui
3166 5518 3323 5572 fidem
3376 5516 3632 5587 operibus
3661 5529 3815 5571 com.

2236 5612 2565 5683 probarunt}
2604 5613 2964 5681 Quwstioncm
2988 5628 3050 5667 cx
3077 5610 3249 5666 sacris
3272 5608 3493 5668 Litteris
3509 5609 3742 5676 solvam,
