4154 6524
300 418 444 494 1185

1106 417 1473 478 HISTORIA
1513 415 1845 475 CONCILII
1887 416 2191 478 NICJENI.
2231 437 2300 450 “-·
2339 416 2718 476 MONITUM.

3420 410 3442 474 1
3459 409 3557 476 186

321 559 328 564 ·
369 539 642 610 Theognis
676 537 925 594 Nicaenus
953 552 1077 591 cum
1108 537 1240 590 Ario
1286 535 1517 599 faciens,
1561 545 1624 594 tt.
1678 534 1729 596 7,
1780 533 1868 596 1‘3,
1903 540 1952 594 Α,
2041 533 2321 598 Theonas,
2345 532 2530 601 Cyzici
2559 532 2868 600 episcopus,
2899 529 3134 585 concilio
3167 526 3389 584 Nicaeno
3416 529 3552 582 sub-

297 634 581 791 ?ﬁm,
612 723 900 793 presbyter
927 720 1266 781 Mareotidis,
1301 733 1360 781 Il,
1391 717 1447 770 5.

374 817 663 880 Theonas,
711 812 1051 868 Marmaricte
1103 810 1432 880 episcopus,
1488 808 1693 863 faciens
1752 819 1877 861 cum

301 907 452 973 Ario,
485 923 544 972 ιι,
581 907 611 960 7

1983 624 2227 691 seripsil,
2261 639 2322 684 lt,
2359 623 2450 685 Ἦ,
2485 623 2565 675 '56.

2058 712 2341 781 Tryphon,
2373 712 2637 765 diaconus
2662 709 2999 770 Mareoudis,
3033 726 3090 771 ιι.
3115 711 3170 763 5.

2057 804 2371 874 Tyrannus,
2413 801 2698 872 presbyter
2730 800 3064 862 Mareotidis,
3099 816 3158 858 II.
3197 800 3250 853 5.

2060 895 2384 950 Valentinus
2408 894 2706 950 hmreticus
2741 893 3010 962 rejicitur,
3042 891 3214 952 n.26.

313 1085 3525 1141 Μ

757 1252 1599 1391 ΓΕΛΑΣΙΟΥ
1676 1251 2024 1382 ΤΟΥ
2099 1246 3095 1378 ΚΥΖΙΚΗΝΟΥ

426 1502 651 1588 ΤΩΝ
723 1501 1024 1585 ΚΑΤΑ
1096 1498 1326 1583 ΤΗΝ
1400 1497 1547 1580 ΕΝ
1617 1492 1914 1578 ΝΙΚΑ]

1978 1521 2005 1574 ι
2077 1467 2604 1578 ΣΥΝΟΔΟΝ
2676 1486 3445 1576 ΠΡΑΧΘΕΝΤΩΝ

1513 1685 2367 1844 ΣΥΝΤΑΓΜΑ.

1910 1970 1977 1978 ισσ-

1188 2148 1823 2279 GELASII
1934 2144 2681 2274 CYZICENI

525 2419 1438 2581 ACTORUM
1558 2417 2384 2572 CONClLll
2500 2380 3343 2565 Nlo/ENV”

1443 2699 2437 2794 COMMENTARIUS.

1908 2923 1982 2936 -ο

1359 3048 1691 3116 ADMON!
1706 3051 1850 3114 T10
1889 3045 2002 3112 AD
2040 3022 2524 3113 LECTOREM

1555 3205 1651 3278 Ἐκ
1693 3232 1954 3278 nouam
1993 3227 2319 3279 EDITIONE.

1250 3383 1443 3459 (iussu
1479 3384 1635 3447 Ampi.
1670 3382 1853 3435 collect.
1890 3385 2032 3434 Cone.
2068 3396 2198 3449 gem,
2232 3389 2271 3432 t.
2309 3382 2370 3443 Ιῐ,
2407 3395 2453 3446 p.
2500 3382 2637 3444 753.)

370 3691 514 3746 Pone
559 3686 840 3743 consilium
888 3685 1061 3739 fueral
1109 3683 1248 3738 hanc
1294 3683 1479 3755 synodi
1512 3680 1741 3738 Nicaenae
1787 3683 1871 3737 lli-

1886 3535 1981 3598 -l

1990 3681 2189 3738 Nicmni
2219 3657 2458 3752 concilii)
2487 3683 2552 3736 de
2577 3681 2779 3748 Spiritu
2810 3693 2990 3736 saneto
3017 3683 3231 3754 qttwstio
3250 3698 3267 3737 :
3287 3683 3413 3739 item
3440 3701 3558 3740 ver-

286 3761 518 3848 ystoriam
556 3784 695 3850 (qua:
735 3777 929 3848 alioqui
971 3789 1069 3830 suo
1111 3774 1228 3830 loco
1295 3774 1434 3828 inter
1486 3786 1678 3828 czctera
1731 3772 1881 3840 ejus-
1984 3776 2065 3828 bis
2108 3775 2280 3829 sancti
2324 3773 2504 3828 Basilii
2548 3774 2600 3828 in
2646 3773 2869 3845 epistola
2909 3775 3298 3845 septuagesima
3343 3786 3556 3838 octava,

299 3879 418 3931 dem
454 3873 641 3944 synodi
679 3869 1003 3924 collectanea
1063 3867 1250 3936 reponi
1289 3864 1584 3936 debuisset)
1617 3906 1631 3928 ,
1666 3868 1877 3946 penitus

297 3970 598 4022 omittere:
638 3955 778 4033 quod
835 3961 936 4015 etsi
982 3961 1036 4013 in
1089 3958 1230 4013 Urbe
1292 3975 1398 4012 non
1445 3959 1668 4012 deerant
1727 3961 1874 4011 varia

291 4055 412 4127 ejus
445 4055 812 4126 exemplaria,
855 4065 913 4106 ut
971 4050 1336 4117 Vaticanum,
1373 4065 1434 4104 ex
1479 4067 1585 4120 quo
1628 4068 1874 4122 magnam

287 4128 501 4203 .Niczeni
564 4145 772 4202 concilii
827 4145 907 4198 sui
976 4153 1180 4211 partem
1241 4144 1510 4211 excerpsit
1571 4142 1877 4213 AlpiiOuSllS

289 4241 555 4302 Pisanus,
614 4249 666 4290 et
723 4235 1084 4297 Sfortianntn,
1135 4235 1276 4303 quod
1347 4233 1472 4288 olim
1538 4233 1636 4286 fuit
1687 4233 1878 4288 Bessa-

302 4332 469 4386 I'ionis
515 4327 828 4392 cardinalis,
873 4338 1037 4394 atque
1080 4325 1181 4377 alia
1232 4324 1282 4377 in
1331 4323 1452 4376 aliis
1496 4323 1872 4389 bibliothecis;

299 4409 480 4477 omnia
518 4412 695 4472 tamen
734 4418 971 4471 auctoris
1007 4416 1228 4470 nomine
1261 4403 1556 4480 carebant,
1590 4426 1643 4468 et
1678 4416 1873 4469 incerti

299 4514 537 4569 auctoris
562 4528 695 4579 Opus
723 4511 775 4563 in
803 4510 975 4564 lucem
1002 4511 1129 4561 dare
1159 4524 1260 4560 non
1293 4505 1558 4577 placebat.
1590 4507 1721 4560 Illud
1746 4524 1878 4576 quo-

299 4619 406 4673 que
437 4603 766 4666 accedebat,
797 4601 938 4669 quod
971 4615 1074 4654 non
1108 4615 1274 4669 pauca
1309 4601 1360 4652 in
1399 4601 1498 4652 hac
1532 4599 1764 4652 llistoria
1802 4602 1876 4653 le—

299 4703 530 4762 guntur,
573 4707 693 4761 quae
741 4692 1018 4745 meliorum
1065 4689 1386 4758 scriptorum
1429 4689 1713 4742 sententiis
1752 4705 1874 4742 cum

303 4795 621 4856 repugnent,
647 4784 788 4838 illam
815 4783 1066 4835 falsitatis
1087 4796 1379 4850 coarguere
1399 4781 1698 4834 videantur.
1721 4779 1875 4834 Initio

299 4877 442 4930 enim
469 4877 646 4944 operis
672 4885 864 4929 auctor
889 4874 1144 4938 aflirmat,
1170 4873 1403 4927 Arianos
1426 4872 1642 4927 concilii
1672 4871 1873 4925 Nicaeni

303 4979 542 5036 tempore
581 4982 686 5020 non
734 4965 904 5020 solum
953 4973 1134 5019 contra
1181 4963 1375 5017 Filium
1422 4961 1536 5028 Dei,
1575 4965 1667 5018 sed
1710 4963 1871 5016 etiam

1981 3884 2101 3936 qua:
2140 3867 2257 3920 fidei
2295 3865 2528 3922 Nicaeum
2563 3867 2957 3921 confessionem
2995 3869 3237 3921 continet
3273 3888 3287 3923 :
3323 3869 3557 3938 Spiritus

1973 3945 2148 4012 sancti
2183 3958 2348 4021 ratio,
2387 3959 2589 4027 inquit,
2626 3960 2678 4011 in
2715 3951 3024 4013 transcursu
3061 3961 3234 4028 posita
3269 3971 3374 4024 est,
3413 3961 3557 4014 nni/tt

1979 4051 2251 4119 diligentia
2296 4051 2456 4118 digna
2492 4049 2775 4119 judicata,
2821 4063 3094 4119 propterea
3136 4051 3278 4121 quod
3325 4053 3555 4106 nondum

1978 4156 2120 4195 mota
2151 4152 2284 4195 esset
2314 4144 2424 4194 Ita'c
2454 4143 2694 4211 qnwstio.
2723 4141 2811 4212 sed
2840 4144 3090 4197 sententia
3123 4146 3185 4197 de
3215 4145 3327 4213 ipso
3357 4145 3409 4198 in
3441 4133 3558 4198 aui-

1978 4235 2077 4286 mis
2122 4229 2441 4286 c'redentium
2486 4231 2658 4285 nulla:
2702 4233 2876 4285 adhuc
2923 4219 3148 4287 insidias
3195 4235 3553 4308 sustinuisset.

1979 4321 2242 4378 Praaterea
2279 4323 2416 4376 idem
2449 4321 2696 4378 Historiae
2725 4323 2883 4392 hujus
2911 4335 3102 4377 ant-tor
3126 4324 3263 4380 libro
3292 4329 3553 4390 secundo,

1979 4417 2154 4486 capite
2184 4417 2388 4485 primo.
2419 4413 2711 4470 Eusebium
2743 4417 3130 4471 Ctesariense'm
3164 4421 3229 4473 ab
3260 4421 3553 4474 Arianismi

1978 4507 2284 4575 suspicione
2334 4505 2618 4575 diligenter
2663 4522 2894 4576 purgare
2947 4508 3157 4572 nititur,
3200 4524 3320 4563 cum
3378 4521 3555 4564 tamen

1977 4607 2196 4651 sanctus
2236 4597 2564 4650 Athanasius
2608 4598 2807 4650 librum
2855 4599 3120 4667 integrum
3163 4600 3446 4668 scripserit
3488 4600 3554 4653 de

1978 4687 2211 4741 decretis
2251 4685 2477 4740 Nicena:
2514 4687 2702 4757 synodi
2745 4688 3003 4742 adversus
3045 4689 3330 4742 Eusebium
3375 4689 3555 4744 Caesa-

1978 4780 2209 4834 riensem
2239 4779 2531 4842 Arianum,
2563 4787 2616 4832 et
2645 4790 2866 4832 sanctus
2900 4779 3260 4850 Hieronymus
3295 4780 3430 4834 libro
3463 4796 3553 4835 se-

1977 4872 2152 4942 cundo
2180 4869 2454 4939 Apologiae
2486 4872 2747 4923 adversus
2778 4871 3073 4936 Bullinum,
3103 4873 3348 4926 eumdem
3382 4873 3551 4929 Euse-

1977 4960 2122 5015 bium
2137 4961 2293 5014 modo
2308 4975 2411 5013 non
2430 4959 2777 5027 cathdlicum,
2797 4963 3248 5030 modoArianum,
3263 4963 3552 5034 aliquando

300 5069 486 5116 contra
517 5060 778 5127 Spiritum
814 5068 1059 5112 sanctum
1093 5057 1494 5126 blasphemasse
1524 5073 1537 5109 :
1567 5064 1621 5109 et
1651 5056 1702 5108 in
1735 5055 1872 5110 libro
1901 5057 1944 5116 C
1978 5053 2143 5106 etiam
2185 5051 2481 5121 principem
2522 5052 2843 5105 Arianorum
2889 5054 3266 5110 nominaverit.
3315 5056 3556 5126 Denique

299 5151 539 5204 secundo
566 5149 859 5204 introducit
884 5148 1275 5219 disputationes
1299 5149 1364 5202 de
1388 5146 1672 5202 divinitate
1701 5147 1873 5217 Spiri-

289 5250 390 5294 tus
422 5242 595 5295 sancti
630 5241 683 5294 in
720 5241 908 5296 eodem
941 5240 1169 5294 concilio
1202 5255 1323 5294 cum
1359 5240 1694 5309 philosophis
1727 5241 1878 5294 habi-

301 5341 404 5385 tat.
432 5331 502 5384 At
530 5331 579 5384 id
609 5346 908 5399 repugnare
932 5330 1144 5384 videtur
1165 5329 1346 5383 verbis
1374 5329 1655 5398 Epiphanii
1685 5329 1876 5382 lneresi

297 5424 697 5493 septuagesima
729 5430 946 5492 quarta,
972 5437 1092 5491 qua:
1120 5429 1202 5475 est
1233 5421 1873 5484 Pneumatomachorum,

299 5517 390 5586 qui
428 5516 481 5570 in
518 5516 622 5570 line
655 5517 731 5570 sic
765 5516 840 5570 ait
873 5533 888 5570 :
924 5514 1047 5572 Non
1079 5513 1180 5582 fuit
1216 5529 1354 5567 nunc
1386 5513 1461 5583 (id
1497 5521 1602 5577 est,
1637 5523 1875 5584 tempore

372 5689 448 5763 (η)
486 5691 686 5746 Confer
719 5706 841 5743 cum
883 5690 968 5744 his
1001 5689 1103 5742 alia
1140 5698 1260 5763 acta
1296 5688 1435 5756 apud
1469 5686 1741 5752 Nicaeam,
1777 5702 1868 5743 seu

299 5759 482 5816 verius
514 5763 949 5830 compendiosam
986 5759 1352 5830 narrationem
1387 5772 1571 5830 rerum
1599 5767 1870 5826 gestarum

297 5831 356 5888 in
396 5845 560 5887 causa
589 5829 727 5896 Arii,
771 5831 874 5892 sed,
907 5838 1212 5899 suspectam
1255 5829 1383 5883 viris
1423 5829 1671 5892 eruditis,
1709 5843 1871 5896 quam

1983 5146 2077 5215 (ut
2112 5145 2213 5199 alia
2251 5145 2448 5199 leviora
2484 5145 2781 5216 sileantur)
2822 5147 2907 5201 hic
2943 5146 3055 5215 ipse
3090 5156 3279 5203 auctor
3311 5149 3431 5203 libri
3467 5167 3554 5205 se-

1973 5237 2133 5291 cundi
2164 5237 2339 5305 capite
2366 5238 2644 5293 tricesimo
2673 5241 2909 5295 secundo
2938 5240 3130 5294 scribit
3161 5242 3424 5310 synodum
3461 5242 3553 5296 Ni-

1975 5344 2177 5382 czenam
2212 5329 2502 5398 prohibere
2559 5330 2795 5384 voluisse
2829 5345 2896 5384 ne
2931 5331 3190 5399 episcopi,
3229 5333 3550 5402 presbyteri,

1975 5422 2183 5476 diaconi
2211 5433 2264 5478 et
2289 5424 2606 5479 subdiaconi
2630 5440 2749 5478 cum
2780 5426 3060 5491 uxoribus,
3087 5439 3223 5494 quas
3247 5435 3405 5480 antea
3428 5442 3550 5480 cum

1975 5513 2096 5568 laici
2134 5523 2338 5578 essent,
2374 5516 2676 5580 duxissent,
2715 5519 3158 5571 COIISlleltltliltcm
3195 5518 3394 5572 habere
3427 5533 3553 5586 pos-

1981 5690 2565 5766 tgotnhefisittsqrzece
2603 5694 2943 5766 ediditAtom.
2985 5695 3022 5748 ll
3072 5695 3212 5750 Bibl.
3255 5711 3307 5766 p.
3344 5694 3448 5750 574
3486 5709 3552 5751 cx

1983 5759 2176 5816 Photio
2208 5761 2259 5814 in
2293 5759 2436 5816 Bibl.
2469 5763 2589 5818 cod.
2618 5764 2745 5818 256.
2782 5763 2954 5820 Itane.
