4154 6556
601 412 733 478 118⁸1

1885 401 2188 466 GELASII
2225 397 2569 460 CYZICENI

3712 395 3848 464 1188

599 532 719 579 sent
753 539 767 574 :
799 518 1096 575 obsistente
1129 525 1308 571 autem
1343 514 1676 585 Paphnutio,
1710 515 1844 570 nihil
1876 516 1944 570 de
1976 515 2075 570 hac
2109 525 2168 567 re

2285 510 2332 560 tv
2359 507 2510 577 τρισὶ
2540 505 2760 575 κόμαις.
2807 503 3066 559 Γελασίου
3107 503 3164 559 δὲ
3203 504 3367 578 ἔφερε
3391 505 3456 561 es
3500 505 3705 578 βιϐλίον
3727 509 3850 564 ἑπι-

599 619 875 670 decretum
903 610 1090 673 fuisse,
1115 620 1169 662 et
1196 606 1620 675 uniuscujusque
1645 605 1872 660 arbitrio
1899 605 2168 667 relictum,

599 708 644 760 si
669 706 738 759 ab
761 703 842 759 eis
864 701 1139 757 abstinuere
1164 698 1382 753 vellent.
1406 697 1513 752 Sed
1545 698 1647 752 huc
1672 711 1794 751 esse
1823 694 2168 749 manifestum

603 801 934 866 figmentum,
959 807 990 846 s
1016 792 1244 844 Veritate
1270 803 1492 858 prorsus
1517 789 1778 850 alienum,
1804 785 1962 839 facile
1983 786 2170 852 depre-

603 889 858 944 henditur
885 901 952 942 es
989 895 1176 939 sancto
1205 881 1527 952 Epiphanio,
1556 882 1649 950 qui
1682 881 1862 950 paulo,
1882 889 2006 946 post
2035 877 2176 932 cele-

2273 599 2493 669 γραφήν
2517 613 2531 627 ·
2555 598 2616 650 οὐ
2643 596 2844 667 μᾶλλον
2867 597 3113 668 ὑπάρχον
3136 598 3463 668 πρακτικὸν,
3493 599 3528 671 ἢ
3555 600 3846 672 ἱστορικόν.

2275 690 2512 760 Εὑτελὴς
2544 689 2604 743 δὶ
2632 690 2727 743 καὶ
2755 689 3012 753 ταπεινὸς
3029 689 3131 760 τὴν
3159 689 3382 761 φράσινο
3410 691 3554 763 πλήν
3574 708 3642 762 γε
3663 692 3855 748 λεπτο-

2277 779 2460 848 μερῶς
2486 779 2707 846 διέξεισι
2736 779 2806 832 τὰ
2838 781 2897 832 ὲν
2928 782 2996 850 τῇ
3031 781 3252 852 συνόδῳ.

2357 870 2698 939 Ἀνεγνώσθη
2722 871 2949 941 βιϐλίον,
2973 873 3048 934 ὠς
3071 875 3129 926 ὲν
3152 875 3391 945 ἱστορίας
3416 874 3592 947 τύπῳ,
3619 876 3690 931 τὰ
3713 879 3855 934 κατὰ

603 980 814 1033 bratnm
844 977 1117 1031 Nicamum
1140 975 1428 1030 concilium
1456 973 1723 1034 scribens,
1751 971 1969 1025 disertis
1995 966 2173 1022 verbis

2285 961 2373 1031 τὴν
2403 963 2459 1014 ὲν
2492 963 2696 1033 Νικαίᾳ
2733 963 2948 1016 σύνοδον
2977 965 3290 1035 πραχθέντα
3314 983 3327 998 ·
3362 968 3520 1038 τόμοι
3555 969 3611 1021 δὲ
3640 969 3734 1022 τοῦ
3777 970 3858 1040 βι-

601 1069 885 1124 amrmsvit
917 1067 1105 1122 luere-si
1136 1064 1581 1136 quinquagesima
1613 1078 1776 1124 nona,
1805 1077 1927 1130 qua:
1954 1069 2038 1114 est
2066 1059 2172 1112 Ca-

603 1161 903 1226 tbarorum,
931 1160 1101 1213 sacris
1135 1157 1430 1211 canonibus
1465 1154 1743 1208 adversari
1783 1152 1924 1221 quod
1961 1153 2172 1220 episco-

605 1269 725 1323 pus,
744 1252 1047 1321 presbyter,
1067 1256 1158 1303 aut
1175 1247 1458 1308 diaconus,
1475 1261 1538 1299 ex
1561 1259 1728 1298 uxore
1749 1243 1946 1297 libi-ros
1967 1243 2171 1311 gignat.

605 1343 838 1398 Sanctus
878 1342 1043 1395 etiam
1085 1338 1406 1391 Ambrosius
1448 1347 1502 1391 et
1547 1347 1768 1390 sanctus
1813 1335 2174 1404 llieronymns

605 1432 886 1503 Epiphanii
917 1429 1150 1500 aequales
1179 1430 1290 1499 (ille
1318 1428 1372 1482 in
1400 1428 1538 1483 libro
1568 1428 1742 1496 primo
1773 1427 1847 1479 De
1875 1427 2054 1496 oﬂicifs
2085 1441 2174 1479 ca-

606 1527 712 1594 pite
741 1525 950 1587 ultimo,
975 1524 1075 1577 iste
1107 1524 1159 1575 in
1190 1522 1327 1575 libro
1348 1519 1608 1574 Adversus
1636 1518 2011 1588 Vigilantiam)
2039 1519 2176 1571 scri-

607 1619 740 1670 bunt
773 1631 880 1669 non
918 1614 1082 1668 licere
1119 1613 1173 1666 in
1209 1611 1523 1672 Occidente,
1557 1624 1730 1678 neque
1765 1611 1816 1662 in
1852 1609 2073 1662 Oriente
2108 1609 2173 1661 ad

605 1721 819 1762 sacrum
852 1703 1209 1759 ministerium
1236 1701 1437 1755 assumi
1469 1700 1570 1755 nisi
1596 1701 1856 1770 virgines,
1880 1709 1971 1752 aut
2000 1699 2176 1754 couti-

609 1807 820 1860 nentes,
849 1803 942 1848 aut
973 1794 1084 1863 qui,
1114 1792 1159 1846 si
1195 1805 1392 1845 uxores
1427 1789 1680 1851 habeant,
1716 1789 1893 1842 mariti
1929 1804 2047 1843 esse
2081 1789 2175 1842 de-

607 1887 824 1943 sistant.
851 1886 1004 1952 Qnod
1034 1886 1174 1939 idem
1206 1883 1260 1937 in
1291 1880 1538 1937 conciliis
1565 1881 1724 1950 paulo
1753 1892 1872 1951 post
1899 1877 2174 1934 Niczenum

608 1979 918 2043 celebratis,
941 1985 998 2031 ut
1022 1977 1074 2030 in
1096 1974 1396 2030 Arelatensi
1423 1972 1665 2029 secundo
1688 1988 1896 2027 canone
1918 1976 2177 2040 secundo,

607 2082 663 2128 et
687 2072 740 2126 in
769 2070 1006 2125 secundo
1028 2066 1442 2137 Carthaginensi
1471 2081 1674 2119 canone
1702 2066 1959 2130 secundo,
1985 2066 2180 2120 conﬁr-

607 2172 812 2217 malum
847 2161 1094 2231 legimus.
1125 2157 1287 2224 Quid,
1319 2157 1463 2226 quod
1495 2156 1549 2211 in
1584 2156 1695 2226 ipsa
1731 2155 1945 2210 Nicaena
1979 2159 2182 2228 synodo

607 2263 784 2309 exstat
811 2269 981 2307 canon
1016 2253 1239 2316 tertius,
1269 2266 1376 2320 quo
1403 2259 1646 2312 cavetur,
1677 2263 1743 2301 ne
1773 2248 1863 2301 ulli
1895 2249 2178 2318 episc0po,

610 2346 692 2400 vel
722 2348 1060 2414 presbytero,
1090 2342 1174 2397 vel
1207 2341 1436 2396 diacono
1467 2341 1628 2395 liceat
1660 2339 1911 2394 feminam
1945 2340 2180 2409 aliquanti

606 2439 750 2494 domi
796 2438 1051 2500 retinere,
1097 2444 1296 2506 praeter
1327 2442 1579 2498 matrem,
1624 2448 1888 2498 sororem,
1925 2432 2006 2486 vel
2047 2433 2185 2486 ami-

609 2529 760 2586 tam!
787 2543 893 2597 quo
925 2542 1132 2582 canone
1163 2526 1295 2579 satis
1324 2535 1510 2595 aperte
1542 2524 1847 2578 excluditur
1875 2538 2033 2589 uxor,
2063 2539 2184 2592 quae

609 2625 783 2694 primo
817 2622 934 2673 loco
965 2616 1284 2672 nominanda
1322 2616 1516 2680 fuerat,
1545 2615 1590 2669 si
1623 2630 1746 2668 vera
1779 2621 1962 2668 essent
1986 2630 2105 2683 qua:
2132 2615 2183 2667 in

611 2716 712 2767 hoc
736 2712 872 2764 libro
896 2712 1170 2763 dicuntur.
1193 2707 1299 2762 Sed
1326 2707 1580 2760 nimirum
1603 2716 1815 2772 auctor,
1833 2719 1939 2760 non
1964 2705 2016 2759 in
2038 2707 2188 2760 Actis

608 2802 824 2858 concilii
859 2802 996 2855 hanc
1027 2799 1316 2852 Historiam
1351 2797 1577 2868 reperit,
1613 2796 1705 2852 sed
1737 2813 1765 2850 a
1800 2797 2023 2851 Socrate
2052 2796 2187 2851 libro

611 2894 786 2964 primo
824 2893 998 2959 capite
1037 2900 1252 2953 octavo,
1294 2887 1376 2942 vel
1417 2902 1447 2940 a
1495 2886 1794 2943 Sozomenu
1839 2887 1976 2942 libro
2015 2889 2188 2959 primo

609 2983 787 3053 capite
807 2982 1066 3038 vicesimo
1089 2985 1349 3044 secundo,
1375 2980 1464 3049 qui
1495 2981 1650 3050 primi
1682 2994 1802 3035 eam
1829 2981 2187 3047 tradiderunt,

611 3075 983 3143 desinnptam,
1016 3075 1068 3125 in
1104 3072 1204 3125 hac
1235 3087 1332 3125 sua
1361 3071 1682 3126 collectione
1713 3073 1960 3127 inseruit.
1992 3072 2190 3140 Quem-

613 3165 904 3217 admodum
940 3171 1120 3215 autem
1156 3160 1408 3214 nonnulla
1445 3160 1498 3214 in
1533 3177 1594 3216 ea
1633 3162 1859 3232 legimus
1891 3178 1922 3216 a
1955 3163 2184 3219 concilio

612 3255 829 3310 Niczeno
860 3254 1065 3319 aliena,
1101 3253 1144 3307 si
1181 3254 1453 3309 veteribus
1484 3255 1731 3310 Patribus
1765 3255 2070 3318 credimus,
2107 3257 2187 3310 sic

610 3350 776 3405 etiam
809 3357 997 3403 contra
1033 3346 1199 3400 multa
1233 3347 1449 3412 desunt,
1481 3362 1601 3414 qua:
1633 3360 1698 3400 ex
1733 3347 2044 3401 earumdem
2080 3345 2187 3400 Pa-

613 3447 756 3492 trum
795 3440 1062 3492 sententia
1101 3435 1156 3490 in
1196 3435 1331 3490 actis
1368 3434 1608 3502 ejusdem
1651 3446 1869 3491 exstare
1907 3437 2184 3496 deberent,

615 3528 909 3585 Testantur
921 3529 1064 3582 enim
1082 3536 1302 3582 sanctus
1315 3526 1642 3581 Athanasius
1661 3528 1714 3581 in
1735 3526 1996 3584 Oratione
2015 3529 2188 3597 prima

614 3621 876 3677 adversus
897 3620 1147 3683 Arianos,
1173 3627 1227 3673 et
1247 3617 1620 3673 Tbeodoretns
1645 3619 1783 3674 libro
1806 3620 1980 3689 primo
2005 3621 2188 3674 Histo-

617 3712 816 3767 riarum
848 3713 1021 3780 capite
1050 3721 1272 3775 octavo,
1299 3709 1414 3764 Arii
1449 3711 1650 3780 scripta
1681 3721 1736 3765 et
1765 3713 2049 3782 epistolam
2080 3712 2188 3765 Eu-

614 3803 750 3859 sebii
787 3801 1214 3856 Nicomediensis
1247 3801 1387 3854 lecta
1423 3800 1590 3854 fuisse
1622 3803 1674 3854 in
1705 3804 1916 3874 synodo
1951 3801 2187 3857 Nica-na.

617 3896 872 3950 Testatur
909 3911 1121 3964 quoque
1159 3893 1339 3948 Julius
1379 3893 1614 3962 pontifex
1659 3894 1936 3948 Romanus
1982 3897 2032 3949 in
2078 3897 2193 3964 epi-

617 3985 751 4040 stola
794 4000 913 4052 qua:
950 3994 1128 4038 exstat
1164 3985 1303 4051 apud
1337 3984 1694 4038 Athanasium
1732 3985 1784 4039 in
1823 3987 2066 4055 apologia
2103 4002 2193 4040 sc-

617 4074 815 4136 cunda,
847 4071 899 4125 in
926 4071 1155 4126 concilio
1180 4070 1398 4127 Nicteno
1425 4074 1732 4127 examinata
1762 4073 1929 4127 fniSse
1955 4086 2074 4128 acta
2105 4090 2192 4143 sy-

619 4164 744 4218 nodi
765 4163 1162 4216 Alesandrime.
1184 4163 1254 4216 At
1277 4163 1465 4216 borum
1488 4163 1729 4217 omnium
1754 4163 1804 4217 in
1833 4164 1932 4218 hac
1956 4161 2190 4216 Historia

621 4253 762 4308 nulla
799 4254 1001 4307 mentio
1037 4253 1286 4308 habetur.
1323 4254 1686 4309 Nihilominus
1721 4264 1935 4319 tamen,
1967 4271 2087 4309 cum
2123 4270 2190 4309 ex

619 4344 796 4400 Photii
836 4347 1179 4410 testimonio,
1216 4348 1371 4417 cujus
1409 4346 1741 4403 Bibliotheca
1778 4349 1933 4416 paulo
1971 4359 2099 4403 ante
2136 4351 2188 4403 in

623 4439 796 4493 lucem
832 4438 1050 4509 prodiit.
1090 4441 1220 4494 satis
1255 4447 1466 4494 constet
1505 4439 1662 4508 hujus
1697 4441 1876 4508 operis
1917 4451 2188 4494 auctorem

2276 1052 2424 1106 ϐλίου
2461 1057 2629 1125 τρεῖς.
2663 1056 2826 1124 Λέγει
2857 1057 2914 1110 δὲ
2945 1057 3035 1110 τὸν
3081 1058 3176 1129 μὲν
3209 1060 3394 1113 Ὄσιον
3437 1060 3530 1113 τὸν
3581 1062 3859 1133 Κουρδοὺ-

2278 1144 2402 1216 ϐης,
2436 1149 2530 1198 καὶ
2562 1147 2773 1201 Βίτωνα
2804 1149 2899 1200 καὶ
2940 1147 3214 1202 Βικέντιον
3256 1151 3598 1220 Ῥωμαῖκοὺς
3646 1153 3852 1222 ἱερέας.

2278 1239 2340 1289 ὲκ
2396 1237 2692 1307 προσώπου
2737 1239 3066 1311 Σιλϐέστρου
3125 1240 3221 1294 τοῦ
3283 1240 3502 1312 Ῥώμης
3551 1247 3811 1315 παρεῖναι
3840 1260 3856 1274 '

2278 1328 2579 1383 Εὑστάθιον
2603 1329 2660 1381 δὲ
2700 1329 2795 1382 τὸν
2837 1331 3192 1399 Ἀντιοχείας,
3221 1331 3382 1385 αὑτὸν
3419 1336 3656 1387 ἐκεῖνον’
3700 1336 3858 1389 Ἀλέ-

2280 1418 2501 1489 ξανδρον
2529 1419 2607 1482 δὲ,
2643 1419 2701 1483 ὃς
2722 1419 2816 1472 τοῦ
2865 1421 3239 1491 πρεσϐυτέρου
3289 1421 3506 1492 ἀξίωμα
3544 1420 3724 1495 εἶχεν,
3775 1427 3860 1490 είς

2279 1511 2567 1580 πρόσωπον
2609 1512 2774 1565 αὑτοῦ
2819 1512 2913 1565 τοῦ
2957 1515 3583 1580 Κωνσταντινουπόλεως
3629 1519 3859 1589 Μητρο-

2279 1605 2480 1671 φάνους
2531 1607 2809 1674 παρεῖναι.
2851 1605 3091 1668 Ἐκεῖνος
3119 1605 3230 1675 γὰρ
3263 1607 3534 1661 ἐκωλύετο
3573 1609 3861 1682 βαθυτάτῳ

2279 1698 2452 1767 γήρᾳ·
2473 1698 2532 1748 ὲν
2559 1695 2704 1766 ἄλλῳ
2728 1695 2828 1766 μέν
2846 1712 2932 1748 τοι
2951 1696 3126 1767 ἔχοντι
3152 1698 3220 1751 τά
3241 1698 3404 1763 αὐτὰ,
3431 1717 3450 1751 ι
3478 1699 3738 1754 Γελασίου
3761 1700 3858 1756 τοῦ

2279 1789 2577 1840 ἐπισκόπου
2622 1788 2958 1859 Καισαρείας
3001 1788 3100 1859 τῆς
3142 1790 3529 1862 Παλαιστίνης,
3567 1811 3585 1845 ι
3619 1788 3779 1865 εὖρον
3798 1796 3862 1848 τὺ

2281 1879 2484 1950 βιϐλίον
2513 1879 2969 1950 ἐπιγραφόμενον,
2995 1881 3088 1933 καὶ⁵
3105 1881 3413 1952 άπάρχεται
3433 1883 3488 1935 δὲ
3523 1882 3665 1936 οὕτω
3685 1900 3700 1914 ο
3731 1902 3750 1936 ι
3775 1885 3860 1938 τὰ

2281 1972 2427 2026 κατὰ
2452 1973 2551 2043 τὴν
2596 1971 2758 2039 ἁγίαν
2789 1973 2883 2024 καὶ
2915 1972 3163 2044 μεγάλην
3192 1974 3287 2026 καὶ
3336 1974 3720 2045 οίκουμενικὴν
3749 1975 3862 2029 τῶν

2282 2068 2599 2120 ἐπισκόπων
2648 2065 3126 2137 συναθροισθεῖσαν
3167 2067 3384 2121 σύνοδον
3432 2069 3496 2121 ὲκ
3540 2069 3753 2134 πασῶν,
3783 2070 3863 2134 ὡς

2283 2159 2411 2219 ἔπος
2451 2160 2644 2222 εἰπεῖν,
2693 2157 2802 2210 τῶν
2841 2157 2935 2211 τοῦ
2975 2158 3252 2228 Ῥωμαίου
3299 2158 3508 2230 κόσμου
3556 2161 3862 2231 ἐπαρχιῶν,

2284 2249 2380 2303 καὶ
2409 2248 2664 2319 Περσίδος
2691 2287 2703 2300 .
2746 2267 2762 2299 ι
2793 2249 2929 2317 Φησὶ
2958 2248 3014 2301 δὲ
3040 2249 3200 2302 αὑτὸν
3243 2251 3272 2303 ό
3319 2252 3670 2320 συγγραφεὺς
3708 2245 3866 2314 οὗτος

2287 2341 2378 2394 ἐπὶ
2430 2339 2775 2406 Βασιλίσκου,
2806 2338 2865 2402 ὃς
2904 2339 3154 2393 ἐκϐαλὼν
3205 2342 3430 2412 Ζήνωνα
3475 2343 3866 2414 ἐτυράννησεν,

2286 2432 2580 2504 ἀκμάζειν.

2477 2519 2696 2574 Photius
2735 2520 3038 2589 patriarcha
3077 2519 3189 2574 ΟΡ.
3226 2521 3282 2574 in
3320 2519 3650 2576 Bibliotheca

2361 2613 2378 2644 ⁸
2405 2611 2566 2668 Lecta
2609 2621 2736 2666 sunt
2775 2611 2963 2681 prima:
3002 2611 3192 2681 synodi
3233 2621 3376 2678 acts,
3415 2614 3586 2668 tribus
3625 2629 3872 2684 compre-

2291 2706 2458 2760 bensa
2492 2702 2665 2758 libris.
2697 2701 2892 2757 Gelasii
2930 2701 3142 2756 titulum
3176 2717 3310 2771 opus
3343 2704 3589 2773 praefert;
3625 2721 3722 2760 nec
3759 2715 3869 2760 tam

2289 2805 2407 2850 acta
2433 2805 2576 2861 sunt,
2601 2809 2761 2864 quam
2790 2794 3038 2849 historia.
3062 2793 3255 2849 Sermo
3278 2795 3503 2868 simplex
3527 2806 3581 2851 et
3603 2799 3864 2853 humilis:

2291 2895 2545 2943 cazterum
2578 2886 2798 2941 minima
2829 2901 3058 2955 qumque
3089 2887 3140 2940 in
3171 2889 3378 2958 synodo
3405 2897 3555 2957 gesta
3587 2901 3796 2946 narrat.

2363 2982 2383 3013 ³
2411 2979 2663 3050 Legimus
2706 2979 2946 3033 historize
2984 2977 3157 3032 forma
3194 2993 3281 3034 res
3315 2980 3367 3034 in
3406 2979 3622 3036 Nicena
3663 2982 3874 3054 synodo

2293 3082 2472 3143 gestas
2506 3089 2521 3126 :
2557 3073 2691 3126 liber
2723 3083 2902 3127 autem
2935 3073 3141 3128 divisus
3174 3082 3258 3128 est
3293 3074 3346 3128 in
3383 3084 3494 3130 tres
3526 3086 3731 3145 partes.
3765 3076 3877 3133 Re-

2216 3194 2261 3252 c
2295 3164 2397 3219 fert
2420 3163 2644 3219 anctor’
2684 3161 2874 3218 Osium
2898 3163 3158 3220 Corduba:
3182 3165 3524 3235 episcopum,
3546 3177 3601 3222 et
3624 3167 3874 3223 Bitonem

2292 3264 2454 3323 atque
2477 3253 2814 3310 Vincentium
2843 3252 3116 3310 Romanos
3147 3257 3458 3311 sacerdotes
3487 3257 3736 3312 Silvestri
3764 3258 3876 3313 ιιο-

2287 3348 2430 3401 mani
2467 3345 2739 3412 pontificis
2771 3345 2972 3414 legatos
3005 3345 3266 3402 adfuisse.
3307 3346 3650 3402 Eustathiurn
3687 3360 3871 3404 autem

2287 3438 2680 3492 Antiochenam
2706 3437 3066 3507 patriarcham
3092 3452 3184 3506 per
3201 3437 3438 3506 seipsum
3467 3457 3482 3495 :
3506 3439 3874 3496 Alexandrum

2289 3543 2417 3584 vero
2445 3529 2847 3598 presbyterum,
2877 3527 3244 3596 MetrOpbanis
3272 3528 3348 3584 Co
3365 3531 3874 3599 nstautinOpnlitani

2245 3639 2256 3649 -
2290 3619 2545 3689 legatum.
2575 3618 2759 3690 Neque
2785 3621 2926 3673 enim
2958 3619 3044 3674 hic
3072 3629 3232 3674 aetate
3257 3620 3542 3676 confectus
3567 3623 3762 3678 adesse
3789 3638 3876 3693 po-

2291 3721 2450 3768 terat.
2487 3711 2546 3764 ln
2583 3712 2690 3765 alio
2725 3721 2903 3765 tamen
2937 3712 3252 3781 esennplari,
3288 3727 3396 3782 quo
3431 3716 3618 3769 eadem
3656 3731 3878 3787 prorsus

2291 3803 2731 3866 continebantur,
2758 3802 2899 3856 hunc
2923 3802 3135 3856 titulum
3161 3802 3296 3858 libro
3320 3805 3637 3874 inscriptum
3662 3809 3873 3876 reperi:

2298 3913 2316 3946 ι
2351 3893 2548 3948 Gelasii
2581 3893 2845 3948 Caesarea:
2877 3894 3179 3950 Palaestinae
3209 3894 3468 3963 episcopi.
3509 3913 3527 3948 ι
3560 3895 3755 3963 Operis
3789 3910 3878 3950 au-

2295 3995 2398 4039 tem
2428 3986 2597 4056 ipsius
2626 3985 2949 4055 principium
2976 3987 3240 4056 ejusmodi
3266 3995 3348 4041 est
3373 4005 3386 4041 :
3418 4005 3436 4038 ι
3469 3987 3597 4052 Qua:
3623 3988 3675 4042 in
3700 3989 3874 4058 prima

2292 4089 2344 4134 et
2383 4095 2572 4148 magna
2605 4087 2658 4132 et
2691 4077 2985 4133 universali
3021 4078 3393 4149 episcoporum
3427 4080 3632 4150 synodo
3664 4095 3730 4135 ex
3765 4097 3878 4134 omo

2296 4173 2474 4238 nibus,
2505 4181 2562 4225 ut
2593 4172 2673 4226 sic
2707 4172 2905 4236 dicam,
2942 4171 3172 4226 Romani
3205 4169 3353 4226 orbis
3385 4171 3697 4240 provinciis,
3736 4172 3878 4243 ipsa-

2294 4277 2399 4332 que
2444 4264 2578 4316 adeo
2619 4260 2840 4315 Perside
2883 4268 3230 4331 congregata,
3281 4279 3300 4313 ι
3347 4273 3456 4315 etc.
3497 4260 3744 4314 Afiirmat
3789 4262 3878 4315 hic

2293 4352 2523 4420 scriptor
2545 4351 2567 4380 ⁸
2596 4365 2654 4404 se
2687 4351 2789 4404 sub
2823 4348 3102 4414 Basilisco,
3133 4350 3224 4419 qui
3259 4347 3480 4403 Zenone
3512 4349 3666 4419 pulso
3702 4361 3880 4421 tyran-

2299 4443 2475 4498 nidem
2505 4443 2812 4512 occupavit,
2840 4442 3059 4496 vixisse.

622 4532 789 4586 fuisse
826 4530 1100 4586 Gelasium
1141 4530 1493 4602 Cyzicenum,
1529 4525 1584 4586 et
1618 4531 1737 4601 ejus
1774 4534 1938 4587 etiam
1980 4535 2184 4589 nomine

2368 4555 2633 4623 Νικήτης
2664 4553 2964 4622 Χωνιὰτης
3004 4555 3075 4610 ἐν
3102 4556 3410 4622 πανοπλίᾳ
3453 4553 3806 4627 Jay-parun}.

623 4624 807 4680 Graece
829 4631 882 4678 et
905 4623 1096 4679 Latine
1115 4623 1224 4691 jam
1253 4625 1455 4678 editum
1483 4624 1552 4679 sit
1579 4625 1677 4694 (b),
1707 4634 1871 4694 atque
1893 4627 1945 4680 iu
1971 4640 2037 4680 eo
2060 4643 2196 4680 nou-

625 4718 764 4774 nulla
792 4719 1113 4780 habeantur,
1135 4732 1256 4788 qua!
1280 4717 1459 4772 multis
1485 4719 1644 4772 rebus
1668 4719 1784 4772 usui
1814 4735 1932 4774 csse
1955 4729 2200 4786 possunt,

621 4825 686 4863 ac
724 4819 984 4877 praeterea
1015 4817 1229 4862 veteres
1267 4809 1561 4876 scriptores
1594 4810 1842 4879 (quorum
1875 4809 2038 4864 verba
2079 4825 2199 4864 mox

624 4899 997 4969 subjicientur)
1033 4900 1176 4956 illius
1216 4902 1543 4957 mentionem
1578 4900 1778 4956 faciant
1812 4912 2064 4970 tanquam
2108 4918 2202 4957 ac-

625 5001 800 5045 torum
833 4992 1044 5047 concilii
1076 4990 1276 5048 Nicatni
1307 5011 1324 5049 :
1357 5009 1424 5048 ne
1451 5010 1478 5046 a
1509 4994 1761 5062 quopiam
1794 4995 2020 5048 fortasse
2048 4994 2194 5048 desi-

626 5086 864 5146 deretur.
893 5087 946 5140 in
978 5088 1078 5142 hoc
1107 5094 1254 5142 tomo
1284 5087 1646 5157 adjiciendum
1676 5088 1986 5143 censuimus
2016 5086 2108 5158 (τ).

636 5195 924 5264 Veterum
971 5195 1210 5277 aliquot
1255 5198 1631 5288 scriptorum
1667 5198 1742 5258 de
1784 5197 1881 5288 (tis
1929 5196 2110 5258 libris
2137 5211 2200 5278 et

957 5293 1166 5335 eorum
1202 5287 1453 5338 auctore
1488 5286 1868 5337 testimonia.

745 5395 964 5461 Φώτιος
991 5398 1358 5467 πατριάρχης
1390 5403 1456 5453 Κ.
1489 5404 1561 5454 Π.
1595 5401 1665 5454 ἐν
1701 5403 2080 5469 mancam”.

711 5487 1053 5560 Ἀνεγνὼσθη
1106 5493 1198 5544 καὶ
1244 5495 1543 5563 πρακτικὸν
1587 5495 1684 5564 τῆς
1726 5494 1946 5566 πρώτης
1980 5496 2198 5548 συνόδου

2371 4669 2631 4733 Εὐσέϐιος
2661 4668 2718 4722 δὲ
2741 4670 2769 4721 ό
2797 4667 3080 4739 Παμφίὶου
3110 4669 3169 4722 ιν
3197 4667 3274 4739 τῷ
3301 4667 3471 4740 τρίτῳ
3498 4667 3642 4740 λόγῳ
3661 4668 3775 4724 τῶν
3798 4669 3883 4732 si;

2301 4762 2395 4816 τὸν
2442 4760 2665 4831 βασιλέα
2693 4761 3125 4824 Κωνσταντῖνον,
3164 4762 3382 4815 ἁπτϊναί
3424 4778 3561 4833 φησι
3597 4761 3688 4815 τὸν
3721 4763 3880 4816 Κων-

2304 4853 2794 4917 σταντινουπόλεως
2819 4852 2908 4906 διὰ
2937 4854 3114 4924 γῆρας
3134 4871 3147 4886 ⁸
3186 4855 3248 4908 οὐ
3269 4853 3419 4924 δηλοῖ
3444 4854 3502 4908 δὲ
3537 4855 3630 4908 καὶ
3658 4854 3722 4907 τὸ
3749 4855 3876 4907 τού-

2300 4961 2394 4998 του
2439 4945 2639 5014 ὄνομαο
2682 4944 2797 4997 ἀντ’
2843 4943 3007 4997 αὐτοῦ
3038 4944 3097 4997 δὲ
3145 4946 3397 5011 παρεῖναι
3445 4942 3874 5013 πρεσϐυτέρους.

2304 5036 2386 5090 Τὰ
2410 5037 2466 5088 δέ
2492 5053 2553 5103 γε
2587 5035 2868 5106 πρακτικὰ
2893 5035 2992 5104 τῆς
3035 5036 3254 5089 συνόδου
3292 5034 3724 5104 διαλαμϐάνουσι
3753 5036 3874 5105 Mq-

2303 5129 2544 5200 τροφάνη
2581 5129 2679 5198 μὲν
2708 5126 2844 5182 εἶναι
2893 5125 3514 5190 Κωνσταντινουπόλιως
3551 5127 3872 5189 ἐπίσκοπον,

2298 5220 2386 5273 διὰ
2414 5219 2470 5272 δὲ
2513 5219 2648 5288 βαθὺ
2679 5220 2854 5289 γῆρας
2889 5219 2963 5290 μὴ
2991 5217 3339 5289 συνεδρεῦσαι
3375 5220 3442 5289 τῇ
3484 5217 3709 5288 συνόδῳ,
3740 5216 3872 5270 ἀλλὰ

2302 5310 2589 5381 πληρῶσαι
2637 5311 2848 5362 ἐκείνου
2890 5312 3051 5364 τόπον
3094 5309 3462 5382 Ἁλέξανδρον.
3499 5310 3593 5373 Ὃς
3627 5309 3868 5379 πρεσϐύ-

2297 5421 2453 5474 τερος
2483 5403 2578 5467 ὣν,
2609 5407 2704 5456 καὶ
2735 5407 2848 5466 τοῖς
2891 5405 3182 5466 συνοδικοῖς
3212 5405 3332 5457 τότε
3363 5403 3500 5474 πρὸς
3543 5405 3612 5456 τὰ
3640 5403 3741 5472 τῆς
3766 5403 3869 5456 Εὑ-

2303 5496 2488 5566 pilum;
2526 5497 2663 5568 μέρη
2697 5497 3051 5568 διηκονήσατο
3077 5495 3390 5567 γράμμασι.
3420 5484 3430 5494 ’

703 5627 720 5659 ί
761 5619 895 5697 Cap.
932 5627 1017 5682 l5.
1095 5630 1117 5659 '
1156 5629 1284 5699 Cap.
1327 5632 1416 5686 88.
1493 5632 1514 5664 ³
1555 5631 1675 5688 Lib.
1708 5649 1768 5699 ιι,
1797 5648 1918 5704 cap.
1952 5635 2006 5688 5.
2083 5633 2105 5664 ⁸
2145 5633 2199 5689 In
2245 5634 2459 5690 l’raefat.

701 5739 776 5808 (ι)
799 5742 842 5794 Α
867 5739 1106 5811 Rohertn
1124 5741 1368 5798 Balforco
1399 5744 1563 5801 Scuto
1593 5746 1936 5811 Parisiis.an.
1962 5749 2123 5811 4600,
2140 5753 2192 5804 in

626 5813 998 5883 octavo,typis
1033 5810 1302 5868 Frcderici
1336 5813 1636 5882 Morclli,et
1664 5832 1753 5871 an.
1786 5810 2014 5883 ιϐοι,ῑι.
2047 5810 2192 5883 folio,

2309 5751 2358 5804 in
2385 5751 2812 5822 Commeliniano
2832 5752 3169 5822 bibliopolio.
3190 5820 3204 5822 _
3245 5791 3247 5793 -

2378 5822 2448 5890 (ι’)
2471 5821 2544 5878 De
2570 5822 2803 5877 editione
2829 5819 3248 5881 RomanaG.-l..
3276 5821 3400 5878 anni
3435 5819 3866 5894 l608,intelligs.
