4154 6540
331 425 484 494 1189

1158 418 1525 479 HISTORIA
1565 415 1897 476 CONCILII
1933 413 2239 476 NICfENI.
2281 441 2350 452 -
2389 417 2773 480 MONITUM.

3469 415 3606 483 1190

381 540 604 598 Nicetas
634 535 914 593 Choniam
943 531 1009 588 de
1037 533 1333 586 orthodoxa
1363 533 1499 600 ﬁde,
1534 531 1628 585 lib.
1659 545 1714 595 v,
1745 545 1793 584 c.
1824 531 1889 588 6.
1949 532 1994 588 Α
2024 531 2116 597 qui
2148 539 2341 583 contra
2371 528 2614 583 omnium
2645 532 2726 583 vel
2758 528 3020 596 majorntn
3049 527 3131 584 vel
3159 529 3444 600 cqualium
3475 547 3601 586 suo-

423 644 684 700 Eusebius
713 640 976 711 Pamphili
1006 639 1101 695 lib.
1129 655 1189 694 In
1217 641 1284 695 de
1305 638 1424 694 Vita
1456 639 1796 694 Constantini
1827 640 1923 695 im-

332 734 632 805 peratoris,
662 729 1323 798 Constantinopolitanum
1359 728 1576 797 quidem
1611 727 1921 798 pontiﬁcem

331 844 368 880 ει
412 826 618 897 synodo
653 821 867 876 Nicaana
906 818 1146 874 abfuisse
1185 819 1376 875 scribit
1415 829 1636 888 pr0pter
1671 819 1921 886 senium;

329 931 400 974 at
425 932 619 973 nomen
646 915 764 984 ejus
789 912 1077 983 supprimit
1105 930 1120 966 :
1150 912 1306 979 cujus
1331 911 1451 965 loco
1479 911 1783 981 presbyteri
1809 911 1925 980 qui-

332 1011 466 1064 dam
494 1005 919 1076 comparuerint.
947 1005 1017 1058 At
1037 1018 1166 1058 vero
1192 1018 1257 1057 ex
1286 1003 1477 1074 synodi
1505 1001 1641 1056 actis
1662 1003 1683 1034 ⁸
1710 1009 1922 1056 constat

333 1100 744 1169 Mctrophanem
773 1094 1317 1166 Constantinopoleos
1347 1093 1398 1148 id
1430 1093 1690 1163 temporis
1716 1094 1922 1163 episco—

332 1209 466 1262 pum
515 1191 699 1252 fuisse,
740 1187 830 1258 qui
877 1187 1206 1257 decrepitam
1250 1185 1320 1240 ob
1361 1193 1573 1239 aetatem
1617 1185 1668 1237 in
1712 1184 1920 1256 synodo

334 1282 628 1338 considere
659 1296 763 1334 non
793 1278 1030 1349 potuerit
1057 1294 1072 1332 :
1100 1275 1252 1344 cujus
1281 1285 1462 1329 tamen
1488 1274 1664 1328 vicem
1691 1274 1922 1327 Alexan-

334 1377 440 1430 der
463 1372 792 1443 suppleverit
818 1372 1119 1439 presbyter,
1144 1369 1296 1434 cujus
1321 1365 1624 1420 ministerio
1648 1366 1919 1436 synodica:

334 1467 533 1520 littera:
567 1466 618 1518 in
647 1463 916 1534 EttrOpatn
950 1459 1472 1514 lransmitlebautur.

347 1581 638 1647 Ἰωάννης
673 1581 706 1634 ό
744 1575 1246 1645 Κυπαρισσιὼτῃς
1281 1573 1537 1639 δεκάδος
1579 1578 1648 1643 πθ,
1682 1589 1812 1641 κερ.
1845 1571 1914 1625 δ’.

423 1696 513 1749 Ἐν
531 1697 599 1763 τῇ
635 1692 766 1764 ἁγίᾳ
809 1688 999 1760 πρώτῃ
1041 1687 1137 1741 καὶ
1169 1688 1519 1757 οἱκουμενικῇ
1565 1685 1786 1755 συνόδῳ,
1811 1684 1917 1738 ἀπὸ

330 1788 441 1860 τῆς
461 1788 530 1840 δι’
556 1784 818 1840 Εὑσεὸίου
858 1782 969 1835 τῶν
1000 1781 1261 1850 Πατὲρων
1291 1777 1634 1847 ἀποκρίσεως
1665 1777 1800 1846 πρὸς
1827 1775 1916 1828 τὸν

2025 633 2142 673 rum
2194 617 2373 683 tidem,
2423 619 2597 688 ipsum
2645 619 2710 672 ad
2750 618 2877 674 Julii
2923 619 3297 689 pontiﬁcatum
3345 623 3606 678 mendose

2022 710 2296 781 deprimit,
2321 709 2739 780 opponentibus.
2769 710 2989 764 Phntius
3015 712 3055 743 “
3084 722 3140 764 nt
3163 721 3454 781 utramque
3477 729 3605 782 par-

2021 812 2129 868 tem
2159 801 2432 864 conciliet,
2457 810 2512 856 et
2541 799 2903 855 Sozomeuuiu
2933 817 3053 869 cum
3081 801 3298 859 Gelasio
3326 804 3600 876 Cyziceno

2021 894 2074 947 in
2104 893 2450 947 concordiam
2480 893 2726 956 reducat,
2754 892 2856 946 sub
2889 892 3151 948 Silvestro
3181 895 3473 964 inceptum,
3504 897 3606 952 sub

2018 985 2159 1040 Juliu
2184 987 2487 1040 absolutum
2514 986 2727 1040 statuit.
2755 983 3003 1038 llmretici
3035 985 3204 1038 nostri
3233 985 3414 1040 szeculi
3445 987 3603 1053 (quo-

2024 1092 2138 1130 tum
2181 1076 2232 1130 in
2273 1077 2526 1130 omnibus
2560 1074 2802 1130 studium
2837 1081 2921 1126 est
2957 1073 3170 1127 nllicerc
3207 1072 3463 1128 Romana:
3497 1074 3605 1130 Ec-

2018 1166 2221 1231 clesise,
2242 1181 2362 1234 qua:
2389 1177 2446 1219 ut
2470 1165 2857 1234 antiquiorem,
2882 1163 2952 1217 ita
2979 1161 3249 1217 saniorem
3275 1164 3604 1218 sententiam

2021 1256 2224 1324 tuetur)
2247 1255 2535 1310 Sozomeni
2560 1264 2872 1323 corruptum
2900 1252 3074 1308 locum
3099 1253 3395 1321 abripiunt,
3419 1263 3476 1307 et
3500 1255 3603 1309 sub

2015 1346 2156 1403 Julio
2181 1347 2511 1402 celebratum
2537 1347 2708 1402 fuisse
2733 1347 3042 1414 importune
3064 1346 3418 1400 contendunt.
3449 1345 3603 1412 Quod

2017 1438 2154 1493 falso
2193 1439 2545 1493 fundamento
2585 1437 2707 1503 niti,
2755 1438 3115 1505 mendumqnc
3157 1435 3502 1490 manifestum
3549 1436 3604 1492 in

2018 1531 2305 1588 Sozomcni
2369 1530 2661 1600 scriptione
2722 1544 2877 1593 esse,
2917 1529 3000 1582 vel
3036 1543 3100 1582 ex
3168 1527 3445 1596 tnarginali
3508 1529 3606 1582 ιιι-

2018 1625 2314 1688 ιιοιςιιίοιιρ,
2348 1638 2468 1693 quae
2500 1623 2552 1677 in
2581 1630 2785 1675 textum
2836 1619 3140 1686 irrepserit,
3168 1619 3247 1672 vel
3311 1633 3378 1672 ex
3445 1633 3600 1684 voce,

2018 1713 2220 1779 πολιὸς,
2255 1715 2302 1767 id
2338 1723 2421 1768 est
2455 1728 2618 1768 senex
2641 1749 2659 1778 ,
2689 1727 2859 1766 canus
2882 1749 2898 1774 ,
2928 1712 3268 1764 venerandus
3295 1749 3311 1773 ,
3343 1725 3463 1778 qua:
3520 1708 3603 1763 vi-

2019 1804 2093 1858 tio
2145 1805 2336 1860 scriba:
2381 1805 2432 1858 in
2474 1803 2690 1866 Ἰούλιος
2731 1802 2996 1866 evaserit,
3033 1801 3114 1856 sic
3165 1815 3229 1855 ex
3303 1800 3605 1855 Sozomeno

331 1878 654 1947 φιλόσοφον,
679 1873 812 1943 φασί
837 1889 850 1903 ·
878 1871 1116 1941 Νοητέον
1144 1868 1258 1932 οὖν,
1297 1869 1378 1920 ὅτι
1400 1861 1555 1928 οὗτός
1585 1867 1732 1918 ἐστιν
1759 1866 1786 1916 ὁ
1815 1863 1916 1916 K6-

2025 1898 2140 1964 ipso
2177 1897 2605 1950 deumnstratnr.
2640 1892 2917 1956 Primum,
2953 1906 3116 1945 causa
3153 1906 3314 1960 quam
3355 1890 3604 1958 przetexit

331 1986 478 2041 ριος,
509 1971 538 2022 ὁ
566 1968 756 2028 κτίσας
780 1965 878 2034 τὴν
911 1961 1222 2030 λογιστικὴν
1247 1959 1439 2029 σοφίαν
1473 1958 1553 2021 εἰς
1586 1957 1758 2028 ἀρχὴν
1784 1955 1919 2009 ὁδῶν

334 2061 530 2124 αὑτοῦ,
560 2062 627 2130 ἢν
651 2057 950 2130 ηὐτρέπισε
976 2053 1055 2124 τῷ
1077 2055 1197 2108 κατ’
1221 2053 1406 2106 εἰκόνα
1429 2049 1702 2121 ἀνθρώπῳ
1732 2047 1916 2103 αὑτοῦ.

533 2195 767 2252 Joannes
800 2191 1161 2264 Cyparissiala
1196 2190 1408 2242 decadis
1439 2189 1493 2252 5,
1527 2202 1646 2257 cap.
1677 2188 1732 2242 4.

414 2315 474 2368 ln
514 2313 687 2384 prima
729 2321 780 2366 et
821 2309 1156 2364 mcumenica
1197 2306 1426 2376 synodo,
1464 2320 1531 2358 ex
1570 2301 1922 2372 responsione

338 2403 567 2460 Patrum
613 2403 678 2458 ad
724 2400 1120 2472 pliilosOplnnn,
1158 2414 1321 2468 quam
1363 2396 1626 2450 Eusebius
1666 2395 1917 2450 reddidit.

343 2495 781 2558 Advertendum,
814 2491 1062 2561 inquiunt
1085 2490 1127 2555 ‘,
1161 2501 1242 2545 est
1275 2489 1418 2543 hunc
1451 2502 1572 2542 esse
1602 2487 1916 2551 dominum,

343 2588 444 2659 qui
497 2586 819 2658 sapientiam
877 2582 1287 2637 ratiocinantem
1342 2580 1542 2633 creavit
1599 2577 1918 2648 principium

337 2682 555 2735 viarum
586 2693 830 2741 suarum,
859 2691 1020 2745 quam
1051 2671 1373 2744 przeparavit
1405 2672 1606 2726 homini
1639 2671 1703 2724 ad
1739 2669 1922 2740 imagi-

339 2789 471 2830 nem
501 2787 656 2827 suam
688 2786 717 2824 8
749 2784 807 2824 se
836 2777 1041 2823 creato.

667 2883 730 2936 '0
760 2881 946 2946 αὐτὸς
977 2877 1236 2943 δεκάδος
1263 2884 1326 2935 ι’.
1361 2896 1491 2948 κερ.
1517 2880 1599 2943 β’.

425 3000 561 3055 ,Απδ
581 3001 680 3068 τῆς
709 2997 846 3068 πρὸς
875 2995 1122 3049 Φαίδωνα
1150 2994 1242 3046 τὸν
1289 2993 1578 3063 φιλόσοφον
1608 2990 1917 3056 διαλέξεως,

339 3093 412 3147 lx
430 3092 530 3161 τῆς
564 3089 785 3161 πρώτης
815 3086 1059 3141 συνόδου.
1094 3086 1161 3138 Ἦ
1192 3085 1250 3138 δὲ
1279 3083 1542 3153 καθολικὴ
1581 3084 1763 3145 πίστις
1790 3081 1919 3152 μίαν

345 3184 519 3255 μόνην
544 3178 650 3234 οἶδε
683 3179 933 3250 θεότητα,
969 3177 1064 3230 καὶ
1096 3175 1301 3246 ταύτην
1334 3174 1646 3246 πρεσϐεύει,
1681 3172 1916 3247 Πάτρὸς,

340 3273 501 3338 Υῑοῢ,
535 3274 628 3325 καὶ
659 3271 817 3340 ἁγίου
856 3267 1173 3335 Πνεύματος
1197 3283 1211 3297 ο
1254 3266 1386 3336 παρ’
1415 3264 1484 3336 ἣν
1507 3265 1569 3317 οὐ
1604 3261 1922 3333 λογισθήσε-

341 3381 435 3419 ται
463 3363 646 3434 ἑτέρα.

741 3473 890 3527 Idem
929 3473 1141 3527 decadis
1180 3471 1268 3537 10,
1309 3485 1429 3541 cap.
1470 3470 1526 3523 2.

423 3590 499 3644 Ex
536 3587 899 3658 disputatione
932 3595 1117 3640 contra
1154 3583 1475 3638 Phazdonein
1509 3580 1919 3651 philosophum,

345 3699 468 3755 qua:
497 3692 580 3736 est
610 3682 660 3736 in
694 3680 865 3749 prima
897 3679 1124 3744 synodo.
1158 3674 1349 3741 Fides,
1383 3674 1620 3742 inquit’,
1655 3672 1920 3726 catholica

348 3792 511 3832 unam
541 3773 709 3828 solani
742 3771 1076 3825 divinitatem
1110 3768 1277 3832 novit,
1305 3777 1358 3820 et
1390 3767 1526 3820 hanc
1554 3766 1700 3828 colit,
1727 3763 1920 3826 Patris,

350 3867 500 3930 Filii,
530 3875 582 3918 et
615 3863 851 3933 Spiritus
881 3859 1080 3916 sancti.
1111 3857 1314 3913 Prazter
1343 3859 1482 3912 hanc
1513 3872 1618 3910 non
1654 3854 1922 3924 reputabi-

349 3974 440 4018 tur
466 3961 655 4015 altera.

1099 4076 1169 4090 —

346 4168 440 4230 De
479 4175 747 4244 tempore
773 4163 795 4195 ⁸
825 4180 943 4243 quo
977 4159 1369 4302 globi-ctum
1414 4159 1540 4238 fuit
1596 4156 1924 4219 concilium

1039 4257 1314 4301 tcaenum.

1039 4257 1314 4301 tcamum.

422 4366 721 4422 Concilium
756 4361 1034 4417 Nicaenum
1075 4362 1175 4416 sub
1210 4374 1345 4428 papa
1383 4357 1649 4413 Silvestro
1680 4357 1923 4412 celebra-

351 4469 464 4513 tutn
491 4457 741 4520 l'uisse,et
767 4453 973 4508 Latina:
998 4451 1420 4520 sudscriptiones
1447 4464 1708 4504 canonum
1733 4459 1786 4503 et
1806 4464 1926 4502 om-

2025 1988 2384 2049 Suzomenus,
2415 2000 2512 2040 cur
2541 1985 2772 2040 concilio
2803 1983 3020 2038 Niczeno
3052 1983 3360 2037 interfuerit
3393 1983 3598 2036 Roma-

2022 2095 2120 2132 nus
2152 2078 2413 2148 pontifex,
2439 2077 2766 2145 decrepitam
2796 2075 3004 2130 scilicet
3028 2082 3388 2138 senectutem,
3417 2075 3466 2128 in
3496 2073 3597 2129 Ju-

2021 2172 2145 2224 linm
2179 2172 2376 2224 cadere
2407 2169 2554 2224 nullo
2585 2169 2744 2222 modo
2776 2176 2974 2235 potest,
3010 2166 3100 2235 qui
3130 2166 3282 2234 juxta
3316 2163 3598 2220 Socratem

2019 2275 2073 2319 et
2109 2265 2473 2318 Sozonicnutn
2511 2262 2685 2329 ipsum
2720 2275 2888 2327 usque
2925 2259 2988 2311 ad
3025 2258 3246 2327 triginta
3285 2257 3396 2310 fere
3429 2273 3604 2312 annos

2021 2366 2142 2424 pust
2183 2356 2471 2408 concilium
2516 2352 2788 2406 Nlt’ﬂﬂllllll
2829 2359 3044 2404 aetatem
3095 2348 3367 2418 produxit.
3411 2349 3604 2402 Tradit

2019 2450 2160 2503 enim
2195 2447 2529 2508 Socrates",
2564 2455 2726 2512 atque
2755 2458 2822 2496 ex
2856 2443 2974 2511 ipso
3008 2441 3429 2503 Sozomenus”,
3460 2440 3604 2495 Con.

2021 2539 2276 2593 stuntinin
2319 2547 2439 2605 post
2482 2547 2741 2606 tyrannos
2783 2534 3175 2605 Magnentium,
3221 2532 3505 2586 Silvanum
3546 2541 3604 2588 et

2019 2630 2231 2685 Gallum
2281 2644 2480 2692 caesos,
2523 2629 2726 2681 Sirmio
2772 2625 2997 2679 Romam
3040 2623 3108 2678 ad
3159 2623 3600 2693 triumphsndum

2020 2722 2338 2794 profectum,
2385 2737 2448 2773 ac
2493 2721 2682 2775 eodem
2736 2729 2979 2788 tempore
3023 2717 3312 2772 concilium
3355 2716 3408 2770 in
3453 2714 3602 2769 Italia

2020 2829 2370 2875 coavocasse,
2396 2815 2632 2880 dumque
2662 2812 2729 2864 ad
2763 2811 2891 2864 illud
2919 2810 3158 2880 episcopi
3188 2809 3298 2863 iter
3318 2819 3596 2877 pararent,

2017 2903 2216 2959 Juliutn
2245 2905 2552 2973 episcopum
2583 2904 2884 2956 llutnanunt
2914 2917 2945 2956 e
2972 2902 3108 2955 Vivis
3135 2899 3460 2955 excessisse.
3487 2899 3597 2952 lla-

2020 2997 2268 3066 gncntius
2303 3007 2482 3048 autem
2517 3010 2692 3050 c;l:SllS
2751 2995 2853 3048 fuit
2876 3033 2892 3057 ,
2956 2994 3108 3062 juxta
3143 2992 3504 3046 Sozomenntn
3534 2991 3602 3054 ⁸³,

2020 3090 2121 3144 sub
2165 3098 2319 3142 sexto
2360 3087 2640 3141 consulatu
2683 3088 3008 3149 Constantii,
3051 3096 3109 3140 et
3152 3085 3393 3139 secutnlo
3436 3083 3599 3148 Galli,

2022 3181 2109 3248 qui
2146 3195 2320 3232 annus
2349 3197 2374 3230 a
2410 3178 2642 3234 concilio
2671 3177 2889 3232 Nil-aeno
2917 3178 2988 3232 28
3019 3184 3334 3231 numeratur
3362 3191 3377 3230 :
3410 3175 3598 3231 Gallus

2028 3272 2340 3337 vero.juxta
2363 3273 2608 3323 eunulem
2635 3269 2995 3322 Suzmncnnm
3016 3271 3083 3330 ",
3107 3271 3205 3323 sub
3227 3269 3457 3338 septimo
3480 3283 3607 3322 con-

2026 3363 2201 3419 8nlattt
2233 3361 2564 3421 Constantii,
2593 3369 2646 3413 et
2676 3361 2836 3414 let'tio
2867 3361 2945 3411 sui
2981 3361 3170 3427 ipsius,
3199 3363 3288 3426 qui
3320 3377 3494 3415 annus
3519 3373 3604 3416 est

2025 3455 2094 3509 29
2124 3472 2152 3506 a
2183 3455 2412 3508 concilio
2446 3472 2457 3504 :
2493 3461 2546 3504 et
2578 3451 2855 3515 Silvanus,
2893 3462 3030 3505 teStc
3061 3454 3349 3505 Ammiano
3384 3451 3607 3507 Mareel-

2030 3546 2140 3598 lino
2167 3546 2230 3608 ⁸⁸,
2273 3555 2390 3610 post
2429 3543 2665 3594 Gallum.
2705 3541 2804 3607 Qui
2849 3558 2982 3608 ergo
3025 3542 3137 3595 lieri
3181 3543 3375 3611 potuit,
3411 3553 3468 3596 ut
3510 3545 3602 3612 qui

2031 3636 2320 3690 Ecclesium
2352 3632 2670 3696 Romanam,
2700 3631 2992 3685 secundum
3027 3633 3408 3699 Sozomenum,
3441 3635 3606 3689 trice-

2029 3730 2167 3782 simo
2195 3727 2306 3781 fere
2333 3735 2453 3794 post
2479 3725 2767 3778 concilium
2793 3721 3071 3778 Nicaenum
3099 3739 3246 3778 anno
3272 3727 3512 3794 regebat,
3535 3727 3606 3780 ob

2030 3822 2331 3892 graviorem
2367 3827 2576 3871 aetatem
2610 3816 2842 3870 concilio
2874 3814 3090 3870 Nicaeno
3121 3817 3312 3870 adesse
3346 3819 3604 3886 nequive-

2033 3912 2132 3966 rit?
2161 3910 2446 3970 l‘rwtcrca,
2475 3907 2598 3962 Julii
2631 3907 3007 3975 pontiﬁcatum
3038 3907 3201 3962 fuisse
3227 3908 3415 3976 viginti
3442 3909 3596 3979 quiti-

2029 4017 2137 4070 que
2156 4016 2420 4054 annorum
2445 3999 2630 4052 scribit
2655 3998 2993 4053 Sozomenus
3007 3999 3072 4063 ",
3092 3999 3253 4069 idque
3273 4000 3437 4054 etiam
3462 4017 3608 4056 tnen-
3707 4008 3711 4011 ’

2032 4094 2191 4157 dose,
2230 4110 2246 4144 ι
2283 4092 2331 4144 in
2368 4107 2400 4142 κ
2436 4104 2622 4154 verso,
2660 4098 2716 4143 ut
2758 4098 2974 4143 constat
3008 4105 3072 4144 ex
3109 4090 3333 4145 Socrate
3360 4091 3425 4157 ",
3465 4093 3608 4148 unde

2033 4185 2371 4237 Sozomenus
2403 4182 2490 4235 illa
2518 4180 2700 4234 omnia
2732 4179 2845 4234 lere
2875 4181 2940 4234 de
2970 4183 3133 4236 verbo
3157 4182 3225 4235 ad
3257 4183 3479 4237 verbum
3510 4199 3609 4239 ex-

2033 4276 2264 4346 pressit,
2313 4276 2404 4343 qui
2452 4273 2595 4329 solos
2638 4271 2946 4342 quindecim
2997 4287 3171 4326 annos
3211 4272 3354 4328 Julio
3397 4277 3607 4333 tribuit.

2033 4367 2140 4421 Sed
2177 4367 2538 4420 concedamus
2574 4363 2775 4420 Julium
2817 4366 2977 4418 annis
3009 4366 3195 4434 viginti
3236 4369 3475 4436 quinque
3507 4367 3608 4422 Ec-

2033 4459 2254 4515 clesiam
2295 4459 2498 4512 rexisse
2536 4474 2550 4511 :
2585 4457 2858 4527 quomodo
2894 4459 3066 4526 potuit
3100 4459 3192 4526 qui
3228 4460 3414 4528 viginti
3446 4463 3608 4530 quin-

351 4551 500 4606 nimn
543 4547 848 4611 veterum’,
886 4545 977 4615 qui
1023 4545 1088 4598 de
1127 4558 1189 4596 ea
1237 4557 1293 4595 re
1338 4542 1695 4612 scripserunt,
1732 4556 1925 4594 tuonu-

2033 4567 2139 4623 que
2170 4551 2326 4605 annis
2361 4551 2411 4603 in
2447 4548 2572 4603 sede
2601 4550 2756 4615 vixit,
2786 4557 2840 4601 et
2869 4549 3000 4603 obiit
3036 4551 3312 4604 tricesimo
3345 4552 3458 4605 tere
3487 4562 3608 4620 post

351 4651 533 4698 menta
575 4639 657 4692 vel
700 4637 1003 4701 allirmant,
1046 4635 1128 4688 vel
1175 4633 1512 4703 signiﬁcant,
1557 4649 1663 4686 uno
1705 4642 1928 4700 excepto

2031 4643 2320 4700 concilium
2363 4641 2633 4695 Nica-num
2670 4655 2842 4702 anno,
2881 4650 3125 4708 tempore
3156 4639 3368 4692 concilii
3403 4637 3607 4695 Nicaeni

354 4731 642 4788 Sozomeni
661 4729 702 4761 ¹⁰
721 4730 1011 4797 depravata
1036 4727 1171 4792 loco,
1191 4728 1729 4797 quemCassimlorns,
1753 4726 1934 4781 llisto-
2030 4735 2399 4806 pontiﬁcatum
2429 4732 2706 4786 tenuisset
2731 4731 2880 4785 Adde
2905 4731 3194 4785 Sozotnetti
3217 4732 3259 4762 ι’
3287 4731 3494 4800 ἐποχὴν
3515 4733 3607 4800 qui

354 4824 451 4876 rite
479 4823 764 4890 tripartita:
789 4819 1170 4882 concinnatur,
1195 4827 1250 4871 et
1275 4818 1364 4871 alii
1397 4820 1726 4873 recentiores
1751 4819 1922 4872 secuti

353 4923 503 4970 sunt.
540 4915 666 4968 Inde
701 4925 820 4967 orta
857 4922 940 4968 est
975 4913 1042 4966 de
1077 4923 1319 4982 tempore
1351 4912 1564 4966 concilii
1602 4911 1801 4966 Nicani
1841 4914 1926 4966 itt-

353 5019 487 5077 gens
511 5003 650 5074 apud
677 5013 922 5072 posteros
946 5002 1336 5064 controversia,
1363 5001 1486 5054 aliis
1509 5001 1773 5055 calculum
1797 4999 1926 5054 sub-

356 5093 712 5163 scriptionum
765 5091 1080 5146 Latinarum
1131 5101 1187 5145 et
1236 5091 1614 5146 auctoritatem
1667 5090 1924 5156 Eusebii,

356 5185 691 5257 Hieronymi,
717 5183 980 5249 Socratis,
1001 5184 1325 5239 Theodoreti
1350 5195 1404 5238 et
1426 5181 1624 5238 Gelasii
1650 5181 1924 5253 Cyziceni,

356 5277 448 5346 qui
487 5293 678 5332 omnes
717 5277 845 5332 illud
884 5277 967 5332 vel
1010 5279 1211 5332 diserte
1245 5275 1326 5331 vel
1371 5277 1531 5331 tacite
1575 5277 1641 5329 ad
1683 5275 1926 5331 Silvestri

2028 4827 2078 4880 in
2111 4823 2505 4894 prolegomenis
2532 4821 2746 4876 concilii
2777 4820 3000 4884 Niczeni,
3033 4831 3090 4875 ut
3115 4821 3395 4876 exordium
3428 4819 3610 4877 Histo-

2023 4915 2117 4970 riae
2148 4929 2259 4969 suae
2291 4912 2554 4981 temporis
2580 4920 2706 4965 nota
2733 4912 3000 4981 signaret,
3026 4913 3105 4965 sic
3131 4910 3454 4980 pralocntus
3479 4921 3604 4970 est:

2021 5009 2214 5078 Crispo
2256 5015 2311 5061 et
2355 5004 2714 5061 Constantino
2755 5006 3063 5060 Caesaribus
3105 5003 3445 5070 consulibus,
3496 5003 3606 5060 Ro-

2025 5113 2202 5154 mana:
2228 5097 2486 5154 Ecclesia:
2511 5098 2740 5152 antistes
2767 5096 2870 5151 luit
2896 5095 3176 5151 Silvester.
3206 5095 3397 5150 Fuisse
3425 5105 3605 5150 autem

2027 5199 2138 5244 tum
2164 5189 2505 5245 consulatum
2530 5189 2707 5257 Crispi
2734 5197 2790 5243 et
2813 5187 3151 5243 Constantini
3185 5187 3428 5249 tertium.
3461 5187 3605 5242 idem

2029 5282 2366 5336 Sozomenus
2395 5281 2470 5335 ita
2503 5280 2557 5334 in
2595 5279 2914 5334 Praelatione
2943 5280 3126 5346 operis
3155 5279 3236 5332 sui
3267 5286 3558 5332 attestatur
3586 5295 3602 5332 :

356 5380 570 5426 aetatem
604 5370 868 5435 referunt,
897 5367 1317 5439 propnnentibus
1346 5386 1362 5433 ;
1392 5369 1510 5423 aliis
1543 5366 1929 5432 Sozomenum,
2029 5370 2159 5427 Sum
2189 5387 2309 5426 vero
2341 5371 2622 5424 historiam
2651 5385 2870 5423 exorsus
2903 5386 2935 5422 a
2965 5368 3150 5437 Crispo
3176 5377 3229 5422 et
3258 5368 3607 5423 Constantino

425 5545 450 5580 ⁸
489 5546 611 5602 Lib.
642 5560 728 5610 ιιι,
758 5559 878 5614 cap.
909 5544 963 5600 5.
1038 5545 1060 5576 ⁸
1101 5543 1220 5600 Lib.
1250 5539 1462 5614 It,_eap.
1496 5545 1586 5601 l8.
1659 5545 1680 5577 '
1721 5544 1842 5600 Lib.
1877 5559 1936 5609 ιι,

2016 5560 2088 5614 ip.
2118 5544 2210 5601 αἱ.
2287 5543 2310 5576 ⁸
2350 5545 2424 5599 Ex
2455 5545 2645 5600 eadem
2673 5544 2918 5602 Romana
2962 5545 3201 5601 editione
3245 5546 3372 5600 anni
3409 5541 3568 5614 1698.

356 5619 378 5678 ε
416 5615 615 5672 Euseb.
647 5617 699 5669 in
728 5611 919 5671 chron.
939 5615 1029 5684 ubi
1059 5629 1157 5684 pro
1185 5614 1256 5684 ἰᾷ
1285 5611 1421 5671 Maii
1438 5615 1697 5684 scriptum
1729 5627 1814 5684 est
1845 5615 1900 5670 2.
1935 5611 2154 5684 Hieron.
2190 5616 2240 5670 in
2267 5614 2494 5680 Chron.;
2529 5615 2684 5671 Socr.
2719 5618 2812 5671 lib.
2847 5632 2908 5679 ιι,
2937 5631 3057 5684 cap.
3085 5614 3185 5678 27;
3219 5614 3431 5684 'l'heod.
3459 5611 3605 5684 (list.

359 5685 508 5755 Eccl.
541 5686 633 5741 lib.
667 5701 712 5749 ι.
744 5699 862 5755 cap.
893 5684 962 5748 5;
994 5683 1176 5755 Getas.
1199 5683 1386 5755 Cyzic.
1421 5684 1515 5755 lib.
1545 5683 1582 5740 t.

1662 5686 1704 5717 '°
1747 5683 1884 5740 Ilist.
1924 5682 2074 5739 Eccl.
2105 5685 2197 5738 lib.
2233 5701 2271 5748 I,
2303 5699 2426 5754 cap.
2459 5684 2549 5739 l6.
2626 5686 2667 5717 “
2692 5686 2862 5754 Epist.
2890 5687 2954 5740 ad
2971 5682 3135 5740 Mich.
3163 5683 3314 5751 Bulg.

3393 5683 3436 5715 “
3459 5679 3604 5735 His'.

361 5752 532 5819 ΕεεΙ..
559 5824 572 5827 _
598 5748 1102 5827 lib.n,_'cap.72_7._
1165 5753 1209 5784 ¹⁸
1250 5748 1390 5827 Hist.
1430 5753 1572 5810 Eccl.
1605 5757 1698 5813 lib.
1731 5771 1804 5821 tv,
1870 5755 2074 5825 c;ip.'7.
2153 5754 2197 5786 “
2238 5748 2385 5810 Ibid.
2402 5769 2521 5827 cap.
2553 5754 2608 5812 6.
2686 5748 2903 5811 “'ltiid.
2981 5757 3025 5788 “
3065 5754 3184 5810 Lib.
3219 5748 3309 5808 xv.
3385 5752 3427 5784 ιτ
3470 5748 3601 5804 Loe.

361 5827 456 5881 cit.
533 5824 575 5858 “
619 5824 743 5880 Loc.
773 5825 868 5879 cit.
945 5826 987 5856 ¹⁹
1026 5823 1188 5889 Lib.t,
1220 5839 1271 5881 c.
1303 5823 1354 5880 2.
