4154 6524
564 410 701 487 1191

1838 411 2139 472 GELASIl
2186 411 2527 472 CYZICENI

3709 404 3843 471 1199

560 549 692 591 ἀπα)
711 548 904 604 sagum
930 522 1447 603 tnbtv‘wuqyusuoo
1470 543 1686 594 mutuas
1710 529 1828 596 tun!
1843 541 2144 598 suasiost

2254 535 2310 585 ut
2353 524 2645 580 concilium
2700 522 2978 579 Niczenum
3031 523 3132 576 sub
3177 520 3321 578 .Iulio
3367 520 3687 576 collocaret?
3724 520 3840 591 Ipse

559 628 765 683 sulatus
793 625 969 694 Crispi
1002 633 1055 677 et
1088 620 1451 681 Constantini,
1481 620 1570 687 qui
1600 632 1777 672 annus
1803 617 2009 673 Christi
2041 619 2149 673 52$

560 720 684 781 fuit,
712 716 1026 771 immediate
1056 712 1335 784 prmeessit
1365 710 1707 763 consulatum
1738 708 1947 763 Paulini
1976 720 2033 764 et
2052 710 2150 765 Ju-

561 810 719 874 liani,
752 807 804 862 id
837 816 1165 871 est,aunutn
1199 803 1401 858 Christi
1434 802 1560 863 533,
1598 802 1698 855 sub
1734 816 1841 870 quo
1873 801 2147 855 celebrata

559 912 647 959 est
693 901 931 973 synodus
975 897 1214 962 Nlcama,
1256 904 1478 950 auctore
1525 894 1750 948 Socrate
1777 894 1844 954 ³⁸,
1886 905 1945 949 et
1986 896 2152 948 Sozo-

561 1005 725 1047 meno
750 990 793 1023 “
828 990 967 1057 ipso,
1001 987 1094 1057 qui
1127 986 1334 1041 exitum
1370 984 1586 1038 concilii
1622 985 1673 1037 in
1711 984 2035 1052 principium
2065 985 2144 1039 vi-

562 1080 874 1135 cennalium
907 1076 1257 1132 Constantini
1294 1073 1553 1128 incidisse
1584 1073 1838 1127 aflirmat.
1871 1074 2153 1140 Quomodo

560 1176 690 1241 ergo
713 1171 815 1225 dici
843 1176 1019 1238 potest
1069 1168 1274 1236 legatos
1299 1164 1559 1219 Ecclesia:
1584 1165 1843 1219 Romana:
1868 1167 1921 1220 itt
1946 1167 2152 1237 synodo

559 1260 776 1317 Nicaeua
812 1260 1009 1315 missos
1038 1259 1206 1313 fuisse
1238 1274 1266 1312 a
1297 1256 1481 1324 Julio‘,
1514 1272 1651 1328 quos
1680 1258 1752 1311 ob
1782 1259 2024 1312 locorum
2055 1261 2153 1313 in-

562 1354 783 1410 tervalla
830 1351 998 1406 multo
1039 1360 1164 1404 ante
1207 1350 1499 1405 concilium
1536 1350 1841 1405 destinatos
1879 1353 2149 1421 oportuit,

559 1450 683 1498 cum
720 1443 845 1496 linis
881 1439 1196 1494 consulatus
1227 1439 1404 1508 Crispi
1437 1450 1492 1494 et
1520 1438 1865 1495 Constantini
1896 1442 1984 1495 vix
2014 1458 2151 1511 qua.

561 1544 687 1588 tuor
709 1533 989 1588 mensibus
1014 1532 1305 1586 concilium
1334 1531 1612 1585 Nicaenum
1644 1548 1829 1587 mense
1860 1534 1997 1589 Maio
2025 1536 2152 1591 anni

558 1624 837 1695 sequentis
868 1623 1201 1679 celebratum
1234 1625 1590 1677 anteverterit
1616 1626 1683 1690 ”,
1713 1634 1767 1677 et
1799 1625 2013 1680 Marcus
2046 1627 2150 1681 fio-

560 1726 753 1774 ftIanus
775 1714 1041 1786 pontifex,
1063 1717 1252 1769 eodem
1281 1713 1605 1777 Sozonteuo.
1635 1727 1685 1769 ttt
1716 1732 1841 1771 mox
1862 1718 2149 1786 videbitur,

559 1808 722 1872 teste,
753 1808 896 1862 inter
924 1808 1248 1863 Silvestrum
1276 1816 1331 1861 et
1354 1807 1554 1861 Julium
1586 1809 1798 1863 medius
1823 1811 2152 1865 intercesse-

2252 614 2395 675 enint
2432 614 2792 676 Sozomenus.
2822 614 2910 679 qui
2945 612 3037 669 lib.
3071 628 3110 675 ι,
3142 628 3262 681 cap.
3294 612 3380 675 16,
3411 613 3603 666 asserit
3636 612 3834 665 Ιὶυιιιςι-

2252 720 2379 759 num
2418 706 2725 773 pontificem
2766 706 2836 757 ob
2879 705 3087 774 pondus
3130 704 3307 758 aetatis
3352 703 3580 779 concilio
3623 701 3838 757 Niczcuo

2252 812 2356 849 nntt
2397 794 2654 858 adfuisse,
2697 796 2896 865 quique
2938 795 3129 847 ultimo
3170 793 3348 863 capite
3388 794 3627 862 ejusdem
3675 794 3835 863 primi

2250 889 2374 945 libri
2419 889 2729 942 universam
2773 888 2984 943 concilii
3033 885 3232 941 Nicaeni
3280 886 3563 940 historiam
3610 880 3836 938 omnino

2251 980 2509 1044 absolvit,
2543 979 2762 1051 prtefixa
2799 979 2960 1033 fronti
2993 980 3215 1051 secundi
3252 978 3371 1032 libri
3408 979 3507 1031 hac
3536 976 3775 1033 clausula
3812 970 3828 1030 Ξ

2256 1070 2526 1129 Hactenus
2561 1072 2719 1141 ﬁnem
2753 1069 2980 1125 habuere
3012 1084 3127 1137 qua:
3162 1069 3214 1122 in
3253 1067 3436 1123 Νίσαια
3470 1079 3611 1139 gesta
3660 1077 3781 1120 sunt
3818 1086 3836 1120 :

2252 1179 2316 1217 ac
2354 1164 2548 1219 deinde
2590 1174 2701 1220 toto
2736 1163 2974 1220 secundo
3011 1162 3149 1218 libro
3184 1162 3250 1215 ad
3290 1176 3351 1215 ea
3392 1161 3669 1215 descendit
3712 1176 3834 1213 nar-

2251 1259 2445 1320 randa,
2480 1270 2601 1325 qua;
2635 1256 2737 1311 sub
2771 1234 2979 1322 reliquo
3012 1253 3364 1307 Constantini
3400 1249 3626 1322 imperio
3656 1251 3805 1305 cauti

2251 1356 2481 1417 gerunt;
2514 1348 2581 1415 is,
2613 1348 2851 1415 inquam,
2888 1345 3003 1414 ipse
3034 1344 3392 1406 Sozoutenus,
3426 1354 3711 1414 postquam
3748 1358 3836 1397 re-

2255 1438 2355 1492 bus
2403 1432 2621 1492 concilii
2676 1437 2875 1491 Nicmui
2928 1434 3087 1490 finem
3139 1436 3428 1505 imposuit,
3480 1450 3574 1503 per
3626 1434 3834 1504 integra

2253 1530 2435 1597 priora
2478 1529 2698 1583 secundi
2744 1527 2867 1581 libri
2914 1525 3301 1597 septemdecim
3349 1528 3523 1595 capita
3571 1526 3834 1603 percurrit

2252 1635 2315 1675 ea
2341 1661 2356 1686 ,
2389 1634 2508 1690 qua:
2544 1623 2683 1674 inter
2713 1616 3006 1675 concilium
3043 1617 3317 1671 Nicacuum
3352 1628 3406 1671 et
3441 1616 3834 1672 Antiochenuu

2253 1712 2307 1766 itt
2353 1727 2519 1767 causa
2562 1709 2831 1766 Eustatbii
2877 1710 3234 1769 celebratum.
3282 1706 3736 1773 intercesserunt;
3781 1720 3833 1762 et

2255 1803 2470 1858 demunt
2498 1804 2673 1875 capite
2698 1803 2782 1867 18,
2807 1801 3124 1855 Autiocheni
3150 1801 3369 1855 concilii
3390 1801 3836 1861 ceiebratiouenr.

560 1899 669 1953 rit?
693 1898 919 1952 A'ceedit
949 1898 1116 1952 etiam
1149 1897 1367 1965 querela
1402 1896 1552 1961 Julii,
1581 1909 1637 1951 ttt
1670 1898 2009 1954 Sozontenus
2041 1902 2153 1968 ipse
2186 1906 2226 1962 Β
2256 1893 2526 1948 Eustathii
2552 1894 2974 1959 abdicationem,
2995 1904 3049 1949 et
3076 1894 3366 1963 Euphronii
3396 1894 3833 1962 subrogatiunent

561 1989 818 2053 refert",
859 1990 999 2058 apud
1042 1989 1330 2058 episcopos
1368 1986 1690 2051 Orientales,
1729 1992 1875 2059 quod
1915 2006 2038 2045 eum
2082 1994 2148 2046 ad

560 2082 829 2153 synodum
869 2079 1265 2133 Antiochenam
1313 2091 1418 2131 non
1460 2090 1768 2132 vocassent.
1815 2078 1928 2134 lloe
1968 2092 2146 2135 autent

561 2178 619 2223 ut
640 2178 789 2224 stare
813 2176 997 2238 potest
1018 2184 1142 2222 cum
1166 2168 1516 2222 excusatione
1537 2170 1834 2223 senectutis
1852 2212 1866 2234 ,
1890 2176 1961 2225 ob
1986 2188 2147 2242 quam

560 2274 665 2316 non
693 2260 867 2315 adfuit
896 2259 1131 2313 concilio
1157 2258 1396 2324 Niczenn,
1422 2261 1564 2329 quod
1594 2263 1830 2316 sedecim
1858 2264 2017 2319 annis
2039 2265 2149 2318 Anc

559 2351 813 2407 tiocbsno
849 2350 945 2405 illo
981 2351 1258 2420 antiquius
1294 2350 1432 2405 fuit?
1466 2353 1578 2407 Ituo
1614 2368 1786 2421 quare
1820 2354 1961 2410 .Iulio
1994 2371 2150 2411 sene-

558 2440 725 2499 ctutis
751 2454 972 2497 causam
1005 2442 1294 2512 pratexuit
1324 2442 1694 2508 Sozotneuus,
1724 2460 1823 2499 cur
1849 2463 1880 2499 a
1916 2448 2169 2503 concilio:

560 2533 778 2592 Niceno
798 2534 1068 2601 abfuerit,
1101 2548 1211 2590 non
1239 2544 1421 2588 autem
1451 2549 1572 2589 eam
1606 2537 1774 2592 multo
1804 2540 1974 2609 magis
2003 2550 2148 2594 attu-

560 2628 647 2692 lit,
671 2642 772 2683 eur
795 2627 860 2682 ad
888 2624 1177 2681 concilium
1208 2626 1559 2693 Sardicense,
1584 2631 1732 2700 quod
1757 2631 1965 2686 duobus
1989 2630 2044 2685 et
2068 2632 2147 2687 vi-

556 2718 695 2789 ginti
726 2718 887 2772 annis
918 2716 1191 2787 posterius
1215 2714 1435 2772 Nicano
1466 2719 1582 2784 fuit,
1612 2735 1718 2773 non
1749 2722 2024 2791 profectus
2051 2724 2144 2790 sit.

558 2808 657 2862 sed
682 2816 898 2861 tantum
927 2822 1027 2875 per
1050 2808 1259 2877 legatos
1288 2808 1339 2863 ei
1374 2808 1725 2865 interfuerit?
1752 2811 1859 2866 Sed
1891 2814 2020 2882 quid
2052 2829 2144 2867 ar-

557 2899 828 2970 gun‘teutls
854 2912 991 2969 opus
1018 2912 1122 2966 est,
1149 2916 1273 2955 cttm
1298 2912 1477 2955 exstet
1502 2902 1643 2971 apud
1669 2904 2029 2959 Sozontenum
2060 2906 2144 2976 ip.

555 2996 681 3046 sum
704 2991 855 3047 locus
877 3006 1192 3062 expressus,
1214 2994 1308 3062 qui
1337 3010 1447 3050 uno
1468 2996 1578 3050 ictu
1604 2997 1747 3051 hanc
1767 2997 2140 3055 difﬁcultatem

558 3076 816 3150 ἀνδρείου,
848 3086 1174 3154 disertisque
1200 3089 1385 3142 verbis
1416 3089 1719 3157 profitetur,
1750 3088 1949 3144 Julium
1982 3091 2141 3162 longo

559 3183 684 3245 post
706 3176 997 3231 concilium
1024 3177 1295 3233 Nicmnutn
1323 3179 1625 3247 intervallo,
1649 3192 1703 3236 et
1727 3183 1872 3237 circa
1899 3192 2138 3254 tempora

2254 1984 2542 2053 descripsit
2581 2001 2596 2038 :
2637 1986 2851 2039 tandem
2891 1983 3187 2038 dcveniens
3226 1985 3293 2037 ad
3336 1984 3404 2038 i9
3445 1983 3568 2037 libri
3611 1984 3833 2038 secundi

2251 2086 2440 2148 caput,
2465 2076 2697 2131 affirmat
2724 2077 2826 2131 sub
2854 2077 2904 2131 id
2935 2086 3173 2146 tempus,
3201 2076 3479 2147 Sylvestro
3512 2087 3744 2137 mortuo,
3769 2092 3835 2132 ac

2251 2170 2304 2223 itt
2345 2169 2463 2239 ejus
2500 2168 2675 2224 locum
2712 2170 2778 2223 ad
2818 2169 2981 2223 breve
3019 2170 3289 2238 spatium,
3327 2170 3376 2221 id
3417 2178 3500 2222 est
3537 2170 3833 2223 secundum

2250 2258 2722 2332 Hieronymum",
2748 2275 2962 2314 menses
2985 2271 3131 2324 octo,
3155 2259 3379 2314 suffecto
3402 2259 3604 2326 Marco,
3627 2260 3830 2316 Julium

2252 2350 2304 2405 in
2330 2353 2510 2406 sedem
2539 2352 2833 2406 Romanam
2858 2362 3104 2407 evectum
3131 2351 3317 2408 fuisse.
3334 2353 3509 2408 Verba
3531 2355 3648 2425 ejus
3669 2366 3829 2410 sunt:

2256 2438 2360 2493 Per
2386 2441 2442 2493 id
2477 2450 2677 2509 tempus
2713 2458 2833 2495 cum
2869 2441 3082 2496 Marcus
3115 2453 3226 2509 post
3265 2443 3576 2499 Silvestrutn
3629 2448 3699 2498 ad
3716 2446 3833 2499 exi-

2247 2546 2406 2600 guuut
2438 2546 2635 2599 tempus
2666 2534 3023 2601 episcopatum
3054 2533 3346 2586 Romatmn‘t
3375 2537 3632 2603 gessisset,
3655 2534 3830 2590 Juft'trs

2247 2621 2301 2674 in
2333 2620 2479 2675 illaut
2512 2625 2683 2676 sedem
2716 2626 2965 2677 successit
2993 2640 3011 2678 :
3037 2625 3089 2678 in
3121 2626 3292 2679 sedem
3321 2638 3494 2680 autem
3523 2625 3831 2698 Hierosoly-

2248 2713 2503 2765 mitunam
2533 2722 2651 2780 post
2686 2713 3007 2779 Macarium,
3040 2698 3309 2769 Maximus
3331 2717 3399 2770 ".
3436 2718 3563 2772 Htec
3595 2732 3697 2772 non
3727 2721 3830 2771 ad-

2247 2804 2476 2859 vertisse
2518 2804 2713 2857 "Olim"
2757 2815 2811 2859 et
2841 2815 3075 2880 caeteros
3118 2808 3341 2862 Latinos
3383 2813 3699 2880 scriptores,
3734 2812 3828 2880 qui

2246 2907 2384 2957 pene
2429 2893 2739 2947 Cassioduri
2780 2876 3046 2964 vestigiis.
3074 2896 3411 2963 institerunt,
3456 2901 3632 2954 minor
3667 2903 3827 2969 culpa

2243 2992 2328 3047 est
2360 2999 2375 3035 :
2414 2999 2521 3038 non
2561 2984 2703 3038 enint
2744 2986 2996 3040 exstabat
3032 2989 3172 3055 apud
3212 3003 3309 3043 eos
3347 2990 3612 3059 integrum
3653 2993 3827 3046 Soza-

2241 3076 2385 3129 meni
2421 3077 2725 3145 exemplar,
2757 3078 2845 3133 tthi
2886 3079 2972 3133 hic
3007 3077 3158 3133 locus
3192 3079 3441 3151 habetur,
3478 3083 3573 3135 sed
3613 3093 3823 3147 tantth

2245 3167 2522 3222 tesserula:
2550 3170 2880 3237 quaedamin
2913 3169 3004 3224 illo
3037 3169 3289 3225 Historia:
3319 3171 3600 3239 lt'ipttt‘lita:
3627 3177 3829 3229 vermi~

556 3264 902 3322 eouciliabuli
929 3264 1252 3325 Antiocbeui
1280 3273 1540 3327 adversus
1568 3272 1910 3328 Eustathium
1938 3275 2051 3346 (qui
2082 3276 2134 3331 in

2247 3258 2425 3327 culpato
2457 3273 2619 3329 opere
2652 3261 2890 3331 inserito.
2915 3265 2983 3316 At
3013 3276 3180 3318 novos
3208 3266 3344 3319 istos
3368 3280 3623 3323 censores
3651 3279 3708 3325 et
3739 3271 3827 3324 iu-

554 3358 793 3413 coneilio
821 3357 1038 3414 Nicaeuo
1064 3362 1352 3432 episcopus
1375 3363 1744 3418 Antiochenus
1771 3365 1965 3439 fuerat)
1991 3368 2137 3424 cele-

559 3448 723 3513 brati,
749 3448 803 3503 in
833 3452 1144 3520 pontificem
1174 3452 1475 3508 Romanum
1502 3455 1737 3511 electum
1767 3456 1955 3523 fuisse,
1978 3473 2140 3530 atque

558 3539 980 3611 ideo‘nunquatu
1008 3542 1314 3599 Sozomeno
1333 3545 1385 3598 in
1410 3555 1649 3603 mentem
1668 3550 1854 3605 venire
1898 3554 2139 3620 potuisse

2244 3359 2396 3421 tegro
2430 3352 2717 3407 Sozomeni
2751 3356 3046 3424 exemplari
3081 3357 3269 3422 fretus,
3303 3370 3356 3412 et
3388 3360 3524 3416 adeo
3555 3362 3828 3430 oculatus,

2245 3452 2303 3497 ut
2340 3444 2441 3497 sibi
2486 3444 2621 3497 ttihil
2666 3459 2777 3500 non
2818 3447 3001 3500 videre
3044 3449 3349 3514 videantur,
3390 3452 3514 3503 ouis
3563 3467 3829 3507 excusare

2246 3534 2487 3602 poterit?
2524 3533 2630 3589 Sed
2664 3534 2731 3589 de
2766 3533 2851 3590 Itis
2886 3534 3171 3591 hactenus.

632 3716 1034 3806 “dubium”
1075 3720 1198 3776 Lib.
1229 3737 1269 3789 ι,
1302 3737 1425 3793 cap.
1452 3723 1547 3780 25.
1622 3727 1670 3758 “
1708 3725 1867 3788 Socr.
1895 3728 1992 3785 lib.
2024 3746 2065 3797 ι,
2097 3749 2215 3803 cap.
2249 3733 2303 3787 9.
2415 3737 2461 3767 ’³
2502 3733 2621 3788 Lib.
2654 3751 2737 3799 Ill,
2769 3750 2887 3806 cap.
2919 3736 2972 3790 9.
3076 3737 3121 3769 ”
3164 3738 3219 3793 In
3251 3740 3450 3795 Chron.
3526 3742 3569 3773 "
3608 3738 3822 3798 Sozom.

559 3786 657 3845 lib.
686 3804 748 3855 tt,
775 3803 894 3857 cap.
929 3789 1014 3846 i9.

786 3972 3805 4019 .________.__.___—__________________

1747 4114 2116 4201 ΛΟΓΟΣ
2190 4117 2659 4211 ΠΡΩΤΟΣ.

1725 4468 2081 4557 LIBER
2156 4473 2645 4566 PRIMUS.

626 4808 759 4876 Qum
791 4806 1057 4865 inuncta
1084 4806 1187 4880 (1),
1235 4817 1431 4878 magna
1480 4820 1537 4867 et
1585 4813 1876 4870 universali
1928 4820 2139 4888 episco-

2310 4818 2393 4871 Τὰ
2424 4834 2566 4872 κατα
2594 4816 2693 4890 τὴν
2719 4817 2882 4888 ἁγίαν
2912 4822 3007 4875 καὶ
3033 4825 3275 4899 μεγάλην
3302 4828 3400 4883 καὶ
3437 4831 3820 4909 οἰκουμενικὴν

552 4914 751 4970 porum
783 4899 993 4970 synodo
1026 4915 1094 4956 es
1124 4902 1402 4971 omnibus,
1436 4914 1495 4960 ut
1540 4905 1620 4962 sic
1651 4908 1852 4974 dicam,
1904 4909 2136 4967 Romani

548 4990 707 5048 orbis
732 4990 1056 5060 provinciis,
1094 5002 1156 5047 et
1183 5007 1247 5048 ex
1286 4993 1531 5060 Perside,
1588 4997 1682 5051 Dei
1717 5001 1914 5069 gratia,
1964 5012 2021 5057 et
2062 5003 2136 5073 pii

557 5095 623 5137 ac
653 5079 939 5137 Deocbsrl
974 5082 1322 5152 imperatore
1363 5089 1534 5143 nostri
1560 5088 1903 5147 Constantini
1934 5094 2135 5160 edicto,

549 5171 754 5231 Meam
822 5186 1182 5245 congregata,
1237 5168 1335 5246 pro
1390 5179 1685 5249 apostolica
1738 5192 1793 5237 et
1834 5185 2133 5241 orthodoxa

550 5266 697 5333 ﬁde,
728 5275 924 5322 contra
955 5282 1212 5338 perversa
1240 5279 1299 5323 et
1330 5270 1493 5340 impia
1527 5273 1674 5343 impii
1708 5273 1824 5328 Arii
1855 5275 2142 5345 dogmata:

552 5355 763 5419 omnia,
794 5356 1039 5427 inquam,
1086 5372 1209 5427 qua:
1256 5358 1311 5413 in
1340 5360 1597 5429 praeclara
1626 5360 1719 5416 illa
1750 5371 1806 5417 et
1835 5374 2022 5419 sancta
2050 5378 2145 5435 sy-

582 5582 586 5615 ;
635 5537 1001 5615 (l_)_liobe_rto
1026 5540 1276 5615 Balforeo
1324 5544 1490 5599 Scoto
1538 5544 1834 5614 interprete
1882 5557 2002 5615 post
2034 5548 2130 5603 Al-

548 5606 697 5664 Jottsi
737 5608 918 5682 Pisutti
966 5610 1035 5666 S.
1073 5612 1123 5667 J.
1165 5615 1485 5682 ampliorem
1524 5606 1842 5670 eorutitdent
1866 5606 2128 5671 Actorum

560 5692 668 5732 non
712 5679 884 5735 solum
937 5696 1004 5736 ex
1055 5679 1295 5747 Gelasio,
1340 5685 1434 5737 sed
1482 5693 1536 5738 et
1579 5700 1643 5739 ex
1691 5686 1814 5740 aliis
1858 5687 2133 5742 veteribus

550 5748 1252 5823 scriptoribusAhistoriam
1302 5754 1353 5807 itt
1410 5768 1460 5807 tv
1530 5766 1711 5823 partes
1754 5756 2145 5821 distributum,

559 5830 719 5887 quam
740 5819 981 5875 exhibuit
1012 5818 1220 5888 Binius,
1247 5834 1466 5880 secutus
1495 5818 1582 5878 hic
1617 5834 1674 5879 ut
1702 5826 1755 5879 in
1784 5827 1995 5882 caeteris
2027 5818 2131 5881 Vel.

2240 4908 2355 4963 τῶν
2387 4911 2704 4965 ἐπισκόπων
2748 4912 3229 4984 συναθροισθεῖεαν
3264 4919 3486 4975 σύνοδον
3521 4925 3582 4976 ἐν
3625 4929 3691 4997 τῇ
3718 4908 3818 4981 Nt-

2230 5003 2443 5070 νκαέων,
2468 5005 2531 5057 ὲκ
2561 5004 2774 5071 πασῶν,
2800 5006 2875 5070 ὡς
2899 5007 3030 5071 ἔπος
3061 5011 3258 5073 εἰπεῖν,
3289 5013 3397 5067 τῶν
3416 5012 3510 5068 τοῦ
3543 5016 3818 5087 Ῥωμαίου

2244 5095 2452 5165 κόσμου
2476 5096 2780 5167 ἐπαρχιῶν,
2806 5100 2905 5153 καὶ
2935 5102 3213 5173 Περσίδος,
3247 5104 3313 5156 ἐκ
3336 5123 3395 5158 τε
3437 5108 3538 5178 τῆς
3560 5108 3655 5162 τοῦ
3680 5111 3815 5164 Θεοῦ

2230 5187 2489 5258 χάριτος,
2524 5191 2620 5243 καὶ
2667 5189 3038 5262 Oscula-patec
3065 5194 3160 5248 τοῦ
3199 5196 3482 5267 θεοφιλοῦς
3526 5203 3622 5257 καὶ
3662 5203 3818 5255 εὐσε-

2235 5280 2365 5343 ϐοῦς
2425 5280 2691 5351 βασιλέως
2742 5284 3152 5340 Κωνσταντίνου
3200 5288 3294 5341 τοῦ
3335 5292 3629 5361 ἡμετέρου,
3675 5294 3814 5364 ὑπὲρ

2240 5371 2734 5443 τῆς“ἀποστολικῆς
2757 5374 2853 5427 καὶ
2879 5375 3222 5450 [καθολικῆς]
3252 5378 3533 5450 ὀρθοδόξου
3556 5382 3811 5450 πίστεως,

2238 5563 2422 5629 uetant
2469 5548 3073 5629 Nicolini‘editiunctu.
3139 5560 3341 5629 Regius
3390 5577 3517 5618 vero
3557 5562 3814 5621 collector

2238 5625 2463 5676 omnino
2492 5626 2806 5706 sustulitﬂttt
2827 5628 3004 5706 minus
3031 5625 3400 5706 necessariam
3429 5635 3676 5706 exemplo
3705 5632 3811 5690 lto-

2240 5694 2669 5773 mattnrtttt_t,“qtti
2708 5694 3177 5773 Gelasiuttrguet
3210 5699 3270 5756 L.
3312 5694 3620 5773 loquentem
3662 5706 3805 5760 dun-

2242 5772 2389 5816 taxat
2427 5764 2775 5833 publicarunt
2806 5776 2948 5820 anno
2988 5767 3143 5824 1608.
