4154 6538
371 384 508 453 1293

1254 398 1624 458 HISTORIA
1664 397 1999 459 CONCILII
2039 396 2345 459 NlC/ENI.
2388 424 2455 432 —
2497 401 2649 460 LIB.
2687 401 2736 461 Ι.

365 500 510 555 κατὰ
532 500 641 555 τῶν
672 502 964 573 μοχθηρῶν
994 504 1089 560 καὶ
1132 503 1349 559 ἀσεϐῶν
1378 507 1669 577 δογμάτων
1702 506 1798 559 τοῦ
1830 507 1951 560 θεο-

2066 506 2201 562 nodo
2236 507 2405 572 dicta,
2438 505 2582 563 facta
2616 518 2670 562 et
2695 507 2997 564 constituta
3022 506 3629 577 fuerant,jampridem,

368 592 544 662 μάχου
585 592 797 663 Ἀρείου
819 609 833 624 ο
866 593 1047 649 πάντα
1081 596 1149 648 τὰ
1182 597 1240 649 ὲν
1276 596 1462 669 ἐκείνῃ
1488 600 1556 667 τῇ
1587 598 1827 666 ὲναρέτῳ
1852 600 1949 652 καὶ⁵

365 683 501 754 ἁγίᾳ
530 683 735 754 συνόδῳ
765 684 1022 755 λεχθέντα
1050 703 1110 739 τε
1156 688 1250 740 καὶ
1283 688 1596 759 πραχθέντα
1636 689 1731 742 καὶ
1760 688 1947 741 διατυ-

367 774 621 830 πωθέντα
653 776 820 831 πάλαι
845 795 905 831 τε
936 778 1031 832 καὶ
1070 777 1350 849 πρόπαλαι
1385 780 1654 847 ἀναγνοὺς
1691 779 1773 832 ἔτι
1796 781 1854 831 ἐν
1880 781 1948 850 τῇ

368 867 601 940 πατρῴᾳ
623 869 771 940 οίκίᾳ
787 869 1009 939 διάγων,
1030 870 1281 942 εὑρηκὼς
1298 870 1438 925 αὐτὰ
1460 874 1517 925 ὲν
1540 871 1710 942 βίϐλῳ
1726 873 1951 941 ἀρχαιο-

369 962 507 1033 τάτῃ
532 963 963 1034 ἐγγεγραμμένα
985 964 1043 1016 ὲν
1072 965 1419 1036 μεμϐράναις
1467 964 1685 1019 ἅπαντα
1738 965 1953 1034 ἀπαρα-

367 1052 602 1118 λείπτως
618 1056 873 1125 ἐχούσαις
890 1072 904 1085 ·
928 1057 1233 1128 γενομένης
1254 1057 1353 1126 μὲν
1377 1056 1473 1111 τοῦ
1496 1056 1645 1110 θείου
1670 1057 1765 1111 καὶ
1784 1056 1949 1109 άοιδίο

374 1163 477 1216 μου
486 1146 792 1217 Δαλματίου
808 1148 904 1201 τοῦ
920 1149 1350 1219 άρχιεπισκόπου
1366 1150 1657 1220 γενομένου
1672 1150 1771 1219 τῆς
1792 1147 1954 1215 ἁγίας

373 1236 470 1291 καὶ
493 1235 787 1307 καθολικῆς
821 1238 1149 1307 Ἐκκλησίας
1187 1239 1288 1309 τῆς
1318 1239 1427 1292 τῶν
1455 1238 1784 1310 Κυζικηνῶν
1808 1238 1953 1308 λαμ-

374 1329 517 1399 πρᾶς
541 1328 952 1401 μητροπόλεως,
984 1330 1377 1403 περιελθούσης
1401 1332 1457 1385 δὲ
1483 1332 1563 1395 είς
1584 1331 1676 1384 τὸν
1702 1330 1797 1385 τοῦ
1821 1347 1953 1385 ποτε

373 1420 645 1493 ἡμετέρου
676 1422 829 1476 οἴκου
862 1422 1153 1495 δεσπότην,
1187 1422 1331 1493 λέγω
1360 1424 1427 1493 δὴ
1477 1423 1570 1477 τὸν
1606 1423 1743 1477 κατὰ
1775 1424 1955 1496 σάρκα

374 1514 588 1585 πατέρα
613 1514 884 1585 ἐμὸν,τῆς
910 1516 1081 1586 αὐτῆς
1116 1517 1429 1587 ἁγιωτάτης
1443 1516 1772 1588 Ἐκκλησίας
1821 1532 1956 1588 πρε-

378 1605 664 1677 σϐυτερίου
691 1607 1017 1679 ἠξιωμένον.
1039 1602 1358 1683 ῚΓῌτινιίερᾷ.
1384 1609 1553 1681 βίϐλῳ
1579 1609 1837 1679 ἐντυχὼν,
1861 1610 1957 1663 καὶ

377 1699 573 1771 σχολὴν
604 1699 810 1771 πολλὴν
854 1702 914 1754 έν
949 1701 1088 1773 αὐτῇ
1139 1702 1536 1773 ποιησάμενος,
1590 1702 1687 1755 ἐπὶ
1732 1702 1957 1773 μνήμης

381 1794 481 1864 μὲν
505 1794 695 1865 φέρειν
724 1795 905 1849 πάντα
932 1796 1031 1866 οὐχ
1060 1791 1170 1860 οἷός
1202 1814 1263 1850 τε
1292 1797 1471 1868 ἢμην·
1502 1796 1624 1850 οὐδὲ
1644 1795 1754 1866 γὰρ
1782 1796 1849 1850 ἄν
1873 1812 1958 1859 τις

2059 611 2183 650 cum
2220 597 2403 653 adhuc
2450 599 2503 653 in
2534 608 2763 669 paterna
2787 600 2948 656 domo
2982 600 3147 655 vitam
3179 601 3450 670 degerem,
3504 599 3632 669 legi,

2061 701 2185 741 cum
2216 687 2305 743 illa
2334 688 2666 745 invenissem
2693 690 2746 744 in
2793 691 3176 760 antiquissimo
3206 691 3345 746 libro
3372 690 3426 744 in
3461 707 3634 743 metu»

2059 780 2247 836 branis
2274 780 2434 850 plane
2481 782 2709 851 integris
2761 783 3054 852 descripta,
3084 783 3178 852 qui
3226 782 3328 836 fuit
3372 782 3539 837 divini
3584 790 3634 835 et

2060 871 2293 927 celebris
2319 872 2591 939 Dalmatii,
2620 874 2673 927 in
2708 873 2904 928 illustri
2932 871 3325 943 Cyzicenorum
3356 871 3637 943 metropoli

2066 974 2270 1019 sancta:
2323 976 2490 1036 atque
2557 968 2841 1022 catholicae
2891 967 3147 1023 Ecclesiae
3196 967 3636 1039 archiepiscOpi;

2061 1056 2263 1126 quique
2293 1059 2511 1113 tandem
2538 1059 2604 1113 ad
2624 1058 2843 1115 familiae
2874 1070 3076 1116 nostra:
3099 1060 3375 1116 dominum
3401 1060 3637 1127 devenit,

2063 1160 2272 1219 patrem
2304 1146 2429 1206 ditio
2463 1167 2641 1208 meum
2676 1153 2972 1209 secundum
3004 1167 3252 1218 carnem,
3285 1152 3508 1223 dignum
3544 1150 3645 1206 ha-

2064 1242 2235 1298 bitum
2299 1244 2393 1314 qui
2450 1245 2504 1299 in
2559 1245 2807 1301 ordinem
2888 1246 3327 1317 presbyterorum
3398 1242 3641 1313 ejusdem

2064 1333 2322 1390 Ecclesiae
2356 1345 2727 1407 cooptaretur.
2758 1340 2818 1393 In
2843 1354 3002 1408 quem
3034 1353 3250 1394 sacrum
3282 1337 3481 1393 librum
3511 1349 3637 1390 cum

2064 1424 2398 1492 incidissem,
2430 1427 2771 1498 multumque
2808 1430 2861 1482 in
2885 1444 2952 1486 eo
2990 1428 3292 1500 posuissem
3318 1425 3506 1491 studii,
3542 1438 3643 1480 nec

2065 1517 2360 1585 potuissem
2412 1518 2675 1574 memoria
2727 1521 2911 1575 omnia
2974 1522 3210 1575 retinere
3261 1521 3445 1591 (nemo
3498 1518 3642 1574 enim

2066 1607 2344 1663 hominum
2380 1609 2705 1665 immensum
2742 1613 2874 1667 illud
2909 1628 3059 1668 mare
3086 1613 3267 1667 omnia
3316 1628 3438 1684 qua:
3483 1612 3537 1667 in
3578 1626 3644 1666 co

2065 1698 2524 1768 recondebantur,
2553 1703 2868 1758 memoriter
2895 1704 2945 1758 in
2970 1720 3066 1759 ore
3101 1704 3300 1759 habere
3350 1703 3551 1774 poterit
3577 1700 3642 1775 l).

2066 1789 2297 1858 plurima
2350 1792 2604 1846 annotavi
2660 1804 2973 1849 sanctorum
3033 1804 3341 1848 nostrorum
3396 1792 3642 1852 Patrum.

376 1886 685 1958 ἀνθρώπων
710 1888 771 1940 τὸ
810 1888 1017 1957 ἄφατον
1054 1891 1233 1942 έκεῖνο
1274 1890 1513 1957 πέλαγος
1556 1888 1667 1941 τῶν
1714 1889 1774 1940 ὲν
1816 1888 1958 1960 αὐτῇ

2069 1894 2217 1934 same
2238 1881 2501 1936 doctrina:
2521 1883 2897 1953 episcoporum
2928 1884 3203 1953 dogmata,
3229 1898 3454 1954 quaque
3482 1885 3642 1937 iidem

377 1979 719 2049 ἐγκειμένων
763 1982 856 2033 ἰπὶ
893 1983 1116 2052 μνήμης
1139 1982 1230 2035 διὰ
1275 1984 1543 2052 στόματος
1584 1981 1774 2052 φέρειν
1804 1980 1963 2052 δυνη-

378 2070 499 2140 θείη
520 2087 535 2102 ⁸
556 2072 782 2126 πλεῖστά
804 2090 862 2126 τε
891 2075 991 2127 ὅσα
1016 2074 1476 2145 ὲπεσημηνάμην,
1506 2075 1575 2127 τά
1599 2090 1659 2126 τε
1688 2074 1796 2127 τῶν
1815 2074 1964 2143 ξήμε-

377 2163 553 2235 τέρων
584 2164 757 2231 ἁγίων
781 2165 1039 2237 Πατέρων
1071 2167 1163 2219 καὶ
1196 2166 1511 2219 ἐπισκόπων
1536 2165 1636 2235 τῆς
1661 2164 1755 2219 τοῦ
1786 2165 1963 2233 ὑγιαί-

378 2274 561 2321 νοντος
595 2257 756 2324 λόγου
807 2258 1160 2322 διδασκαλίας
1216 2259 1400 2311 αὐτῶν
1450 2258 1719 2329 δόγματα,
1773 2259 1875 2323 τάς
1903 2276 1962 2313 τε

380 2345 520 2418 πρὸς
542 2347 671 2410 τοὺς
710 2347 1125 2416 ’Δρειομανίτας
1156 2348 1336 2401 αὐτῶν
1361 2350 1686 2413 ἀντιθέσεις,
1720 2350 1964 2413 καὶτοὺς

379 2440 525 2493 κατὰ
552 2439 654 2508 τῆς
683 2440 906 2493 ἐκείνων
942 2440 1293 2510 βλασφημίας
1335 2444 1648 2515 ἐγγράφους
1683 2443 1962 2513 ἐλέγχους,

378 2523 447 2600 ἧς
477 2529 914 2600 ὲδλασφήμησαν
944 2531 994 2585 oi
1028 2533 1217 2601 μιαροὶ
1250 2533 1658 2605 Ἀρειομανῖται
1694 2534 1835 2588 κατὰ
1866 2534 1961 2587 τοῦ

382 2616 514 2672 Υίοῦ
541 2618 638 2671 τοῦ
677 2619 837 2685 Θεοῦ,
867 2620 928 2672 ού
963 2621 1073 2691 μὴν
1097 2621 1155 2675 δὲ
1194 2621 1330 2676 ἀλλὰ
1364 2624 1461 2677 καὶ
1501 2626 1643 2679 κατὰ
1683 2625 1779 2677 τοῦ
1806 2625 1962 2692 ἁγίου

384 2710 734 2781 Πνεύματοςσ
759 2713 858 2775 τάς
900 2730 961 2765 τε
1004 2713 1113 2766 τῶν
1159 2715 1449 2784 μισθωτῶν
1500 2718 1709 2787 Ἀρείου
1738 2717 1849 2771 τῶν
1876 2736 1965 2787 φι-

324 2856 337 2867 ,
381 2803 626 2873 λοσόφων
653 2805 790 2875 πρὸς
819 2804 942 2867 τοὺς
984 2805 1317 2869 ἐπισκόπους
1360 2809 1732 2880 ἀντιρρήσεις,
1761 2809 1860 2872 τάς
1904 2826 1964 2861 τε

379 2895 491 2949 τῶν
520 2897 803 2967 ἡμετέρων
851 2895 989 2966 πρὸς
1029 2896 1273 2960 ἐκείνους
1312 2896 1398 2951 διὰ
1438 2899 1477 2951 Γ
1481 2900 1731 2970 ραφικῶν
1780 2900 1964 2967 διδάγ-

385 2989 574 3059 μάτων
601 2992 745 3043 κατὰ
771 2988 880 3042 τῶν
917 2989 1097 3043 αὐτῶν
1139 2990 1493 3061 σοφισμάτων
1541 2994 1794 3062 ἐναργεῖς
1843 2994 1964 3046 ἐπι-

381 3081 566 3147 λύσεις
591 3097 603 3111 ’
636 3083 766 3154 περί
807 3099 867 3135 τε
912 3086 1012 3154 τῆς
1042 3084 1283 3155 ἁνάρχου
1332 3086 1427 3138 καὶ
1454 3084 1541 3141 ἀεὶ
1582 3086 1660 3156 τῷ
1710 3086 1829 3156 Θεῷ
1870 3087 1965 3140 καὶ

384 3178 558 3247 Πατρὶ
585 3174 1039 3246 συνυπαρχούσης
1067 3176 1163 3229 τοῦ
1192 3170 1322 3229 Υἱοῦ
1360 3178 1528 3231 αὑτοῦ
1557 3181 1652 3232 καὶ
1682 3179 1776 3233 τοῦ
1804 3181 1961 3249 ἁγίου

386 3268 702 3337 Πνεύματος
737 3270 1065 3337 προαιωνίου
1108 3271 1234 3338 μιᾶς
1283 3270 1555 3341 θεότητος,
1602 3274 1729 3344 περί
1765 3291 1825 3326 τε
1864 3279 1965 3345 τῆς

385 3361 551 3415 αὑτοῦ
595 3360 690 3413 τοῦ
745 3359 873 3413 Υίοῦ
903 3360 998 3412 τοῦ
1027 3360 1164 3414 Θεοῦ
1205 3362 1381 3430 Λόγου
1422 3364 1509 3416 ἐπ’
1562 3366 1828 3435 ἐσχάτων,
1866 3368 1966 3435 τῆς

388 3452 664 3522 ἡμετέρας
686 3450 848 3503 ἕνεκα
878 3450 1174 3520 σωτηρίας,
1198 3453 1262 3505 ἐκ
1282 3455 1382 3523 τῆς
1409 3452 1662 3507 θεοτόκου
1686 3456 1964 3527 Παρθένου

387 3542 606 3613 Μαρίας
626 3542 938 3612 ἀπορρήτου
964 3541 1315 3613 σαρκώσεως,
1345 3545 1440 3597 καὶ
1466 3544 1572 3598 τῶν
1597 3547 1697 3617 τῆς
1733 3547 1965 3620 Ἐκκλη-

388 3637 511 3700 σίας
534 3636 908 3690 ἁποστολικῶν
954 3635 1367 3704 διατυπώσεων,
1412 3640 1593 3693 πᾶσαν
1632 3641 1821 3706 ἁπλῶς
1864 3644 1967 3711 τὴν

384 3730 570 3783 ὲκεῑσε
596 3727 973 3799 γεγενημένην
1001 3729 1392 3800 πραγματείαν
1427 3731 1786 3803 ὲνιστορήσας
1814 3735 1874 3789 ἐν
1897 3737 1965 3807 τῇ

385 3818 763 3893 προρῤηθείσῃ
805 3819 927 3891 ίερᾷ
976 3818 1166 3892 βίϐλῳ,
1219 3821 1327 3892 πρό
1371 3839 1436 3892 γε
1477 3824 1696 3880 πάντων
1741 3826 1840 3892 τὰς
1871 3828 1965 3881 τοῦ

385 3912 713 3965 πιστοτάτου
753 3910 1019 3981 βασιλέως
1047 3914 1488 3984 Κωνσταντίνου,
1524 3916 1619 3972 τοῦ
1650 3919 1710 3972 έν
1741 3922 1809 3992 τῇ
1838 3937 1966 3974 συν-

384 4002 488 4075 όδφ
517 4002 992 4075 συνεδρεύσαντος,
1022 4004 1175 4069 θείας
1216 4007 1312 4060 καὶ
1345 4008 1563 4081 άληθῶς
1603 4012 1968 4078 άποστολικὰς

385 4093 596 4158 ἑννοίας
615 4110 631 4127 ⁶
660 4093 839 4166 ἥσθην
862 4095 941 4158 είς
966 4094 1225 4150 τοσοῦτον
1258 4099 1371 4163 τοῖς
1397 4102 1464 4171 τῇ
1503 4099 1673 4171 βίϐλῳ
1695 4101 1880 4176 ἐκείνῃ
1901 4106 1965 4175 τῇ

387 4186 509 4257 ἱερᾷ
544 4186 973 4256 περιεχομένοις,
1011 4185 1153 4239 ὥστε
1202 4190 1377 4243 εἰπεῖν
1429 4207 1497 4260 με
1548 4191 1684 4261 πρὸς
1712 4192 1806 4245 τὸν
1852 4192 1968 4246 Κύ-

386 4292 535 4347 ριον’
578 4294 599 4328 ε
652 4277 740 4341 Ὠς
776 4277 983 4345 γλυκέα
1009 4274 1087 4346 τῷ
1127 4277 1366 4349 λάρυγγί
1398 4297 1500 4349 μου
1532 4280 1600 4333 τά
1644 4281 1803 4350 λόγιά
1849 4298 1965 4349 σου,

388 4370 529 4440 ὑπὲρ
562 4369 685 4440 μέλι
714 4370 792 4441 τῷ
840 4373 1070 4443 στόματί
1117 4391 1240 4444 μου.
1281 4393 1300 4425 t
1336 4373 1525 4438 Οὕτως
1574 4374 1968 4446 ὑπερηγάσθην

387 4465 444 4515 ὲν
467 4466 580 4526 τοῖς
613 4467 733 4517 ἐκεῖ
764 4465 1281 4538 ἀναγεγραμμένοις
1319 4469 1451 4538 περὶ
1477 4468 1573 4537 τῆς
1613 4469 1847 4522 ἀσπίλου
1873 4468 1967 4522 καὶ

2067 1973 2329 2028 adversus
2359 1975 2728 2030 Ariomauitas
2783 1976 3101 2044 obiecerunt
3132 1996 3144 2031 :
3182 1986 3235 2031 et
3282 1977 3517 2047 scriptas
3557 1992 3645 2032 re-

2065 2065 2418 2132 dargntiones
2468 2066 2729 2120 adversus
2785 2067 2998 2121 illorum
3058 2067 3471 2137 blasphemiam,
3536 2082 3644 2138 qua

2066 2156 2283 2211 scelesti
2312 2172 2417 2211 non
2446 2158 2623 2211 solum
2648 2169 2833 2212 contra
2862 2158 3082 2224 Filium,
3111 2175 3294 2214 verum
3320 2160 3485 2215 etiam
3518 2175 3646 2213 cou-

2068 2257 2150 2301 tra
2189 2249 2448 2315 Spiritum
2482 2259 2729 2303 sanctum
2764 2250 3233 2319 blaSphemabant,
3267 2261 3322 2305 et
3360 2265 3645 2305 mercena-

2070 2340 2271 2393 riorum
2300 2341 2414 2394 Arii
2446 2341 2889 2411 philosophorum
2915 2344 3178 2398 adversus
3212 2345 3499 2413 episcopos
3524 2358 3648 2399 con-

2068 2432 2446 2499 tradictiones,
2484 2443 2538 2488 et
2565 2446 2883 2499 nostroran
2907 2436 3169 2491 adversus
3193 2436 3408 2490 illorum
3455 2435 3647 2505 sophi-

2066 2534 2242 2577 smata
2276 2538 2373 2594 per
2401 2525 2704 2580 doctrinam
2740 2540 2771 2581 e
2800 2523 3083 2595 Scriptura
3122 2528 3343 2595 petitam
3376 2526 3565 2581 firmas
3595 2536 3650 2579 et

2042 2627 2284 2693 .apertas
2340 2616 2641 2672 solutiones
2692 2634 2705 2670 :
2744 2628 2798 2673 et
2843 2620 2910 2672 de
2958 2634 3059 2671 una
3106 2618 3390 2673 divinitate
3434 2617 3551 2671 Filii
3594 2631 3649 2672 et

2068 2709 2309 2778 Spiritus
2339 2710 2536 2772 sancti,
2592 2726 2715 2779 qua:
2746 2720 2870 2763 ante
2900 2709 3097 2765 sarcula
3144 2710 3375 2775 exstitit,
3422 2724 3649 2779 qua}th

2068 2800 2395 2870 principium
2426 2818 2531 2857 non
2561 2804 2745 2867 habet,
2769 2804 2861 2859 sed
2895 2818 3106 2871 semper
3130 2818 3252 2857 cum
3273 2802 3383 2858 Deo
3409 2813 3465 2857 et
3488 2802 3648 2857 Patre

2067 2894 2313 2950 subsistit
2347 2913 2362 2950 :
2400 2907 2455 2949 et
2487 2897 2552 2950 de
2579 2896 2821 2967 ejusdem
2854 2895 2974 2950 Filii
3010 2896 3101 2951 Dei
3132 2894 3297 2952 Verbi
3332 2897 3383 2951 in
3417 2895 3651 2951 novissi-

2070 2987 2171 3040 mis
2207 2986 2539 3056 tempOribus
2576 3003 2673 3057 pro
2701 2987 2874 3042 salute
2912 2997 3092 3042 nostra
3131 3003 3199 3044 ex
3243 2986 3473 3053 Deipara
3518 2986 3644 3043 Vir-
3746 2992 3749 2995 ’

2067 3079 2192 3148 gine
2224 3078 2392 3133 Maria
2434 3079 2691 3134 ineﬂ‘ahili
2730 3082 3130 3145 incarnatione,
3183 3090 3238 3135 et
3291 3081 3358 3135 de
3388 3078 3647 3149 apostoli-

2069 3171 2148 3224 cis
2178 3170 2440 3225 Ecclesia:
2468 3173 2972 3237 constitutionilms,
3003 3188 3223 3228 onmem
3247 3174 3472 3228 omnino
3533 3183 3647 3227 tra-

2068 3259 2362 3314 ctationem
2404 3260 2511 3315 illic
2546 3262 2783 3317 habitam
2817 3278 2938 3318 cum
2980 3264 3032 3317 in
3069 3278 3228 3318 sacro
3277 3263 3366 3318 illo
3400 3263 3535 3318 libro
3567 3264 3648 3320 le-

2066 3360 2287 3429 gissem,
2323 3369 2378 3415 et
2403 3360 2643 3415 omnium
2677 3362 2911 3416 maxime
2957 3361 3249 3417 fidelissimi
3296 3362 3644 3433 imperatoris

2066 3451 2430 3513 Constantini,
2473 3453 2561 3521 qui
2616 3452 2667 3505 in
2718 3452 2926 3521 synodo
2967 3453 3551 3519 consederat,divinas
3593 3465 3649 3509 et

2070 3558 2193 3598 vere
2234 3543 2556 3613 apostolicos
2611 3544 2948 3599 sententias:
2986 3544 3060 3598 ita
3089 3543 3385 3600 delectatus
3428 3560 3545 3599 sum
3583 3546 3650 3600 iis
3750 3540 3751 3543 “

2071 3650 2192 3705 ηοω
2226 3635 2279 3689 in
2331 3648 2488 3689 sacro
2541 3634 2633 3689 illo
2677 3634 2815 3689 libro
2866 3634 3302 3701 continebantur,
3322 3644 3381 3690 ut
3423 3635 3649 3692 subinde

2066 3728 2133 3782 ad
2162 3726 2445 3782 Dominum
2482 3726 2708 3781 dixerim
2736 3746 2749 3782 :
2777 3744 2798 3778 ι
2820 3726 2994 3792 Quam
3025 3725 3207 3780 dulcia
3233 3724 3487 3782 faucibus
3510 3725 3648 3781 meis

2067 3819 2285 3891 eloquia
2331 3828 2441 3885 tua,
2476 3834 2641 3889 super
2668 3818 2772 3873 mel
2812 3818 2895 3874 ori
2943 3832 3062 3873 meo
3082 3818 3122 3872 ³.
3150 3836 3169 3869 ι
3211 3815 3303 3872 Sic
3339 3832 3503 3887 supra
3530 3832 3648 3873 mo-

2069 3913 2198 3965 dum
2222 3910 2525 3965 admiratus
2553 3927 2670 3965 sum
2694 3924 2815 3979 quae
2845 3909 2957 3964 illic
2984 3910 3190 3978 scripta
3215 3919 3371 3964 erant
3398 3910 3465 3965 de
3491 3923 3649 3977 pura,

2071 4004 2476 4073 irreprehensa,
2526 4004 2833 4059 orthodoxa
2880 4013 2935 4058 et
2978 4000 3272 4071 apostolica
3345 4000 3469 4056 fide.
3519 3999 3651 4056 Post

2069 4097 2278 4165 aliquot
2304 4111 2478 4150 annos
2512 4109 2637 4149 cum
2664 4096 2791 4161 huc,
2842 4097 2896 4151 in
2944 4094 3277 4167 provinciam
3305 4095 3428 4150 dico
3459 4093 3650 4166 Bithy-

2070 4206 2283 4253 normn,
2313 4191 2528 4245 volente
2556 4189 2664 4244 Deo
2697 4189 3086 4260 pervenissem,
3140 4197 3197 4242 et
3223 4186 3522 4242 commotio
3566 4196 3652 4241 at-

2069 4297 2176 4350 que
2208 4282 2490 4351 inquisitio
2522 4281 2753 4349 plurima
2794 4282 2949 4335 ﬂeret
2976 4280 3078 4334 sub
3105 4278 3257 4349 impii
3293 4277 3538 4334 Basilisci
3569 4276 3649 4347 (2)

2072 4374 2360 4443 tyrannide
2390 4376 2656 4428 adversus
2682 4373 3007 4428 catholicam
3044 4379 3102 4425 et
3147 4372 3505 4441 apostolicam
3556 4369 3650 4423 Dei

2072 4465 2394 4531 Ecclesium,
2432 4475 2487 4520 et
2536 4466 2697 4519 fidem
2750 4464 3105 4535 apostolicam
3159 4464 3211 4517 in
3255 4478 3318 4517 ea
3354 4463 3647 4531 vigentem,

387 4556 709 4626 ἀμωμήτου,
733 4556 1013 4626 ὀρθοδόξου
1037 4561 1131 4612 καὶ
1151 4558 1516 4629 άποστολικῆς
1539 4561 1793 4621 πίστεως.
1816 4561 1961 4613 Μετὰ

2074 4556 2437 4610 succendente
2487 4556 2826 4625 potissimum
2874 4565 3037 4623 atque
3085 4561 3463 4608 commovente
3506 4550 3649 4619 regis

386 4647 442 4701 δὲ
468 4648 695 4718 καιρούς
724 4666 879 4712 τινας
925 4652 1138 4721 φθάσας
1174 4652 1432 4714 ἐνταῦθα,
1463 4656 1528 4723 τῇ
1570 4652 1683 4705 τῶν
1725 4653 1969 4706 Βιθυνῶν

387 4740 626 4811 ἐπαρχίᾳ
660 4740 824 4810 λέγω,
853 4743 975 4795 κατ’
1004 4742 1255 4796 εὐδοκίαν
1299 4744 1391 4796 τοῦ
1421 4743 1576 4809 Θεοῦ,
1612 4746 1877 4816 κινήσεώς
1908 4763 1968 4799 τε

387 4835 480 4887 καὶ
528 4834 881 4905 συζητήσεως
922 4835 1181 4905 πλείστης
1224 4836 1413 4907 οὔσης,
1454 4839 1830 4908 γεγενημένης
1875 4840 1969 4892 ἐπὶ

385 4926 484 4995 τῆς
516 4927 810 4995 άνταρσίας
832 4926 927 4981 τοῦ
955 4929 1173 4981 άνοσίου
1206 4929 1530 4983 Βασιλίσκου
1556 4933 1699 4985 κατὰ
1720 4932 1819 5001 τῆς
1840 4934 1968 4985 άπο-

389 5016 642 5087 πολικῆς
682 5020 778 5083 καὶ
820 5021 1117 5091 καθολικῆς
1176 5023 1506 5093 Ἐκκλησίας
1547 5023 1640 5077 τοῦ
1684 5024 1821 5077 Θεοῦ
1873 5027 1971 5079 καὶ

386 5108 486 5178 τῆς
528 5110 585 5162 ὲν
632 5110 769 5182 αὐτῇ
823 5113 1249 5187 πολιτευομένης
1290 5116 1660 5188 άποστολικῆς
1706 5117 1963 5183 πίστεως,

388 5200 801 5255 ὑπεκκαιόντων
857 5204 1094 5273 μάλιστα
1135 5208 1229 5259 καὶ
1273 5207 1566 5260 κινούντων
1612 5207 1681 5260 τὰ
1724 5208 1969 5278 βασίλεια

386 5293 495 5345 τῶν
529 5293 627 5361 τῆς
674 5293 768 5346 τοῦ
812 5297 1093 5364 αἱρετικοῦ
1140 5297 1418 5369 Εὐτυχοῦς
1468 5300 1789 5370 ὁμοφρόνων
1828 5316 1967 5370 συμ-

389 5384 607 5456 μορίας,
634 5386 1088 5457 προσαλλομένων
1113 5392 1247 5460 ἡμῖν
1271 5392 1541 5456 ὑπούλως,
1568 5393 1667 5463 τὴν
1690 5394 1746 5444 ὲν
1761 5392 1806 5444 Ν
1812 5392 1966 5463 ικαία

462 5562 483 5596 ⁸
522 5564 758 5631 Socrat.,
792 5564 886 5621 lih.
927 5582 1019 5632 vn,
1053 5581 1174 5635 cap.
1207 5568 1297 5622 ‘38.
1377 5570 1397 5599 ’
1431 5568 1569 5624 Psal.
1602 5586 1793 5632 cvvin.
1836 5572 1956 5628 105.

2071 4646 2252 4698 aulam
2286 4658 2477 4699 eorum
2533 4645 2767 4699 factione
2798 4644 2887 4713 qui
2933 4644 3191 4698 haeretica
3238 4640 3467 4712 Eutyclti
3513 4656 3648 4695 cou-

2068 4737 2377 4792 sentiebant
2431 4757 2443 4792 :
2495 4740 2585 4806 qui
2645 4738 2801 4793 nobis
2848 4737 3074 4792 subdole
3122 4737 3362 4800 aiebant,
3394 4750 3455 4789 se
3488 4736 3647 4787 tidem

2070 4828 2315 4894 Patrum,
2342 4830 2644 4895 Nicmnam,
2698 4834 2940 4900 inquam,
2973 4839 3181 4885 tenere.
3219 4827 3328 4884 Sed
3364 4827 3654 4882 convince-

2072 4926 2272 4979 bantur
2302 4941 2331 4977 a
2363 4926 2518 4979 nobis
2548 4926 2692 4980 illius
2723 4926 2844 4981 lidei
2880 4926 3087 4980 hostes.
3136 4922 3320 4993 Neque
3363 4923 3508 4978 enim
3550 4936 3651 4977 no-

2074 5028 2263 5072 verant
2306 5035 2426 5089 qum
2483 5020 2749 5084 dircrent,
2800 5030 2891 5072 aut
2936 5020 3003 5073 de
3053 5018 3250 5088 quibus
3299 5015 3649 5071 afﬁrmarent.

2070 5112 2202 5166 Nam
2254 5128 2377 5166 cum
2436 5113 2740 5182 proferrem
2774 5102 2895 5181 qua:
2926 5114 2977 5167 in
3021 5126 3175 5168 sacra
3209 5110 3298 5165 illa
3328 5123 3524 5165 corona
3556 5123 3651 5163 or-

2071 5208 2432 5261 thodoxorum
2490 5206 2579 5260 Dei
2616 5210 2963 5260 sacerdotum
3011 5206 3063 5259 in
3116 5204 3321 5274 Spiritu
3353 5209 3543 5257 sancto
3583 5200 3654 5254 de

2072 5300 2300 5353 Domino
2360 5314 2460 5369 per
2514 5314 2609 5353 eos
2664 5298 2882 5353 fuerant
2924 5297 3216 5367 erplicata,
3274 5292 3649 5350 resiliebanta

2072 5392 2224 5445 nobis
2252 5391 2461 5454 miseri,
2518 5389 2761 5459 peiorem
2794 5389 2997 5445 Ariana
3040 5388 3436 5459 blasphemiam
3470 5386 3647 5452 linqu

456 5746 534 5815 (2)
563 5746 834 5800 Zu-unuem
867 5747 1001 5803 solio
1051 5747 1246 5818 dejccit
1304 5748 1595 5804 Basiliscus
1643 5767 1785 5805 anno
1832 5766 1954 5805 ιρτιε

2068 5754 2341 5809 hristianzc
2384 5753 2507 5821 475,
2546 5765 2599 5809 et
2662 5770 2787 5810 cum
2825 5754 3009 5813 Marco
3051 5756 3159 5811 filio
3197 5757 3532 5813 ortbodoxos
3571 5753 3651 5807 in-

387 5830 622 5874 satiatus
657 5830 760 5871 est.

669 5913 938 5972 Iuram.
980 5913 1021 5971 Li
1037 5932 1095 5975 ιι.
1136 5914 1412 5975 LXXXV.

3140 5919 3213 5980 38

3496 396 3632 461 119$
3714 450 3717 453 .
