4154 6532
569 401 589 464 1
607 399 702 468 ί95

1846 393 2150 457 GELASII
2188 393 2532 456 CYZICENI

3689 388 3831 458 1196

565 531 662 573 sua
689 512 1047 586 prdierentes
1099 520 1288 568 contra
1320 524 1383 568 ea
1414 525 1537 583 quae
1570 510 1680 568 illic
1724 510 1946 567 deﬁnita
1995 521 2144 579 sunt,

2263 513 2416 583 ρημὶ,
2445 511 2551 565 ὑπὸ
2580 509 2688 565 τῶν
2722 508 2985 581 Πατέρων
3020 508 3245 581 κρατεῖν
3277 507 3495 562 πίστιν·
3522 506 3573 561 οἳ
3617 506 3833 579 διηλέγ-

567 618 622 664 et
642 607 931 663 anathema
958 605 1224 675 jacientes
1254 607 1519 660 adversus
1548 621 1645 662 eos
1665 604 1757 677 qui
1783 605 1854 660 ita
1885 606 2142 660 sentiunt.

567 701 802 768 Propter
832 698 949 751 haec
978 696 1197 765 aliaque
1230 696 1396 750 multa
1429 711 1549 766 quae
1573 695 1927 751 movebantur
1957 704 2146 750 contra

570 792 728 844 ﬁdem
766 788 1067 857 antiquam,
1098 788 1332 859 primum
1358 804 1386 842 a
1408 788 1615 843 sanctis
1643 786 1923 857 apostolis,
1954 786 2148 840 deinde

566 891 621 935 et
645 898 673 935 a
709 882 916 936 sanctis
940 880 1199 936 Patribus
1232 882 1436 936 nostris
1462 879 1657 937 Nicaeae
1689 881 2057 949 congregatis,
2093 880 2144 932 in

562 971 666 1028 Dei
698 972 937 1027 Ecclesia
970 984 1145 1027 matre
1188 984 1369 1028 nostra
1400 973 1692 1044 vigentem,
1721 972 2005 1043 plurimam
2034 987 2150 1025 nm-

555 1066 701 1118 :nino
739 1077 792 1119 et
824 1066 1026 1135 ubique
1080 1065 1413 1135 diligentiam
1443 1065 1685 1127 adhibui,
1742 1075 1815 1127 et,
1871 1064 2011 1132 quod
2043 1063 2146 1116 dici

569 1157 728 1221 solet,
781 1172 998 1211 onmem
1055 1158 1336 1211 rudentem
1387 1158 1551 1222 movi,
1604 1164 1662 1209 ut
1721 1156 2146 1225 pervestigarent

554 1261 689 1315 'qna:
724 1248 777 1300 in
813 1257 999 1300 sancta
1033 1246 1121 1298 illa
1147 1247 1350 1315 synodo
1381 1255 1500 1298 acta
1550 1252 1678 1297 sunt
1704 1258 1805 1312 pro
1854 1252 2054 1298 sanctae
2098 1253 2152 1297 et

573 1337 887 1405 apostolicae
922 1337 1043 1391 ﬁdei
1077 1336 1555 1400 determinatione,
1584 1350 1747 1405 quam
1770 1335 1875 1390 Dei
1905 1335 2149 1390 Ecclesia

572 1445 679 1484 non
715 1430 782 1483 ab
812 1427 1144 1493 hominibus,
1175 1441 1349 1497 neque
1394 1442 1491 1496 per
1520 1428 1767 1483 homines
1798 1428 2027 1498 accepit,
2062 1444 2154 1483 ve-

556 1537 691 1576 ‘rum
743 1523 810 1577 ab
875 1521 993 1589 ipso
1044 1520 1287 1574 onmium
1342 1530 1588 1574 nostrum
1620 1520 1905 1575 Salvatore
1934 1535 1998 1575 ac
2044 1520 2153 1575 Deo

552 1613 697 1669 ’Jesu
739 1613 977 1677 Christo,
1016 1612 1110 1666 Dei
1139 1612 1371 1666 viventis
1394 1610 1559 1675 Filio,
1599 1613 1690 1681 qui
1727 1621 1846 1681 post
1891 1611 2154 1667 adventus

572 1705 657 1760 sui
685 1705 735 1759 in
762 1704 1397 1769 carnemmcouomiam,
1437 1722 1455 1755 ι
1490 1720 1740 1775 maguum
1764 1713 1913 1759 certe
1931 1705 2154 1774 pietatis

575 1797 918 1867 mysterium,
996 1796 1139 1849 sicut
1184 1795 1445 1863 scriptum
1517 1806 1620 1858 est,
1666 1795 2047 1850 mauil'estatus
2098 1795 2153 1850 in

551 1905 765 1956 ~carne,
792 1899 846 1945 et
876 1890 1087 1960 angelis
1112 1891 1264 1945 visus
1286 1890 1305 1921 ³
1332 1906 1347 1943 :
1384 1907 1402 1940 ι
1468 1904 1639 1957 neque
1664 1891 1807 1944 enim
1836 1890 1923 1945 vel
1952 1890 2157 1961 angelis

552 1981 807 2036 ‘visibilis
842 1993 927 2037 est
960 1980 1277 2052 Unigenitus
1309 1983 1360 2035 in
1394 1996 1505 2036 suae
1548 1982 1849 2036 divinitatis
1896 1982 2154 2047 essentia,

578 2074 680 2128 nisi
711 2089 931 2129 carnem
980 2075 1364 2143 assumpsisset
1418 2091 1432 2127 :
1494 2082 1780 2144 postquam
1808 2074 1990 2128 omnia
2036 2088 2159 2142 quae

577 2164 645 2217 ad
683 2163 1044 2217 oeconomiam
1100 2157 1491 2217 incarnationis
1527 2178 1637 2218 suae
1663 2163 1979 2233 Spectabunt
2006 2178 2157 2219 com-

569 2254 854 2324 plevisset,
883 2255 1244 2310 voluntariam
1281 2271 1378 2327 pro
1417 2255 1574 2311 nobis
1608 2256 1942 2325 passionem,
1973 2255 2156 2327 sepul-

578 2357 755 2401 turam
785 2357 840 2401 et
904 2347 1357 2403 resurrectionem
1390 2348 1444 2402 in
1480 2347 1568 2401 illa
1595 2356 1782 2401 sancta
1828 2355 1883 2402 et
1932 2358 2158 2418 peccato

576 2455 685 2495 non
718 2440 949 2495 obnoxia
982 2454 1149 2494 carne
1193 2454 1313 2504 sua,
1364 2453 1461 2509 per
1509 2453 1672 2508 quam
1708 2450 1877 2509 genus
1905 2449 2153 2495 nostrum

577 2548 607 2586 a
642 2543 816 2587 morte
866 2531 1137 2598 liberavit,
1206 2530 1471 2586 secedens
1518 2530 1666 2595 hinc,
1723 2541 1778 2585 et
1847 2532 1900 2585 in
1955 2532 2156 2586 coelum

551 2625 900 2688 .Aascendens,
936 2625 1095 2693 hujus
1117 2634 1320 2678 sanctae
1352 2633 1406 2678 et
1431 2624 1827 2693 irreprehensm
1875 2625 1993 2679 ﬁdei
2024 2626 2162 2684 divi.-

553 2732 705 2770 "nam
739 2726 793 2771 et
821 2717 1153 2770 adoraudam
1188 2716 1417 2769 formam
1449 2730 1545 2785 per
1588 2714 1830 2782 seipsum
1875 2716 2157 2784 stabilivit,

547 2815 633 2858 ~et
667 2820 921 2876 magnum
951 2805 1210 2871 intonuit,
1241 2805 1385 2858 sicut
1429 2805 1690 2873 scriptum
1747 2814 1869 2859 est:
1926 2823 1944 2857 ι
1979 2805 2162 2861 Domi-

578 2913 684 2951 nus
717 2898 772 2950 in
827 2898 997 2952 caelos
1038 2895 1308 2961 ascendit,
1355 2906 1410 2951 et
1443 2895 1762 2958 intonuit",
1813 2913 1833 2947 ι
1894 2905 1948 2950 et
1991 2898 2157 2956 alibi:

558 3011 602 3039 -‹
631 2989 712 3042 Et
732 2989 971 3043 intonuit
997 2989 1063 3043 de
1093 2990 1233 3044 coelo
1262 2988 1547 3055 Dominus,
1574 2998 1628 3046 et
1658 2992 1985 3049 Altissimus
2014 2992 2163 3048 dedit

581 3096 769 3137 vocem
805 3082 1093 3137 Summi.»
1167 3081 1233 3136 Et
1290 3082 1417 3151 quid
1462 3082 1741 3140 intonuit?
1787 3102 1945 3155 quam
1976 3102 2159 3141 vocem

2189 1855 2229 1909 Β

2248 619 2405 674 χοντο
2444 601 2582 672 πρὸς
2622 600 2784 673 ήμῶν
2817 599 3072 671 πολέμιοι
3101 599 3329 663 ἐκείνοις
3365 597 3723 669 ὑπάρχοντες.
3754 600 3830 651 Οὐ

2247 694 2358 766 γὰρ
2383 694 2606 765 ᾔδεισαν
2632 693 2685 746 τί
2722 693 2995 761 λέγουσιν,
3029 691 3063 762 ἢ
3101 691 3231 762 περὶ
3255 688 3416 742 τίνων
3454 687 3834 742 διαϐεϐαιοῦνο

2247 804 2358 840 ται.
2386 786 2763 858 Προφέροντος
2792 784 2903 855 γάρ
2935 801 3037 854 μου
3065 782 3134 836 τὰ
3176 784 3233 835 έν
3260 778 3443 852 ἐκείνῃ
3479 783 3545 852 τῇ
3590 780 3719 851 ἁγίᾳ
3742 796 3835 849 χο·-

2252 876 2377 947 ρεία
2401 877 2510 929 τῶν
2540 875 2839 944 ὀρθοδόξων
2884 872 2981 927 τοῦ
3021 871 3157 925 Θεοῦ
3211 872 3404 943 ίερέων
3446 871 3505 922 ὲν
3551 869 3834 939 Πνεύματι

2249 969 2391 1039 ἁγίῳ
2422 968 2489 1022 τὰ
2517 966 2627 1039 lla.
2654 965 2808 1038 περὶ]
2847 966 2941 1020 τοῦ
2989 965 3196 1036 Κυρίου
3240 965 3308 1018 δι’
3350 962 3534 1016 αὐτῶν
3582 964 3835 1032 ἐκφωνη-

2252 1061 2435 1126 θέντα,
2463 1060 2758 1130 ἀπεπήδων
2783 1061 2877 1130 ἀφ’
2901 1063 2935 1131 ή
2945 1058 3082 1130 μῶν,
3109 1056 3329 1129 χείρονα
3349 1054 3459 1110 τῶν
3488 1052 3581 1108 τοῦ
3619 1053 3833 1125 ’Δρείου

2254 1152 2619 1223 βλασφημιῶν
2649 1152 2793 1205 κατὰ
2830 1152 2941 1205 τῶν
2968 1152 3149 1203 ἐκεῖσε
3185 1148 3512 1219 ὁρισθέντων
3544 1146 3635 1201 διὰ
3655 1144 3834 1214 γλώτ-

2251 1263 2351 1316 της
2382 1245 2785 1316 προσφέροντες
2826 1243 2936 1315 [ίσ.
2975 1239 3389 1314 προφέροντες],
3429 1241 3525 1295 καὶ
3560 1240 3842 1308 ἀναθεμα-

2251 1336 2447 1406 τισμὸν
2478 1335 2759 1407 ῥίπτοντες
2776 1334 2918 1389 κατὰ
2937 1333 3044 1387 τῶν
3069 1334 3243 1387 ταῦτα
3278 1332 3454 1397 οὕτως
3484 1332 3833 1405 φρονούντων

2253 1430 2303 1482 οἱ
2330 1428 2525 1483 ἄθλιοι.
2552 1428 2651 1482 Διά
2678 1426 2852 1480 ταῦτα
2882 1427 2980 1481 καὶ
3004 1425 3070 1480 δι’
3091 1425 3227 1481 ἄλλα
3253 1426 3544 1497 κινηθέντα
3572 1425 3715 1479 κατὰ
3737 1425 3840 1494 τῆς

2256 1520 2421 1590 ἁγίας
2450 1522 2545 1575 καὶ
2574 1520 2859 1592 ὀρθοδόξου
2887 1521 3125 1585 πίστεως
3147 1518 3326 1591 ήμῶν,
3358 1519 3459 1589 τῆς
3484 1518 3747 1574 ἀνέκαθεν
3774 1518 3842 1571 ἐκ

2246 1630 2316 1667 τε
2356 1613 2465 1666 τῶν
2519 1613 2690 1682 ἁγίων
2742 1612 3061 1667 ἀποστόλων
3114 1612 3212 1667 καὶ
3260 1611 3370 1665 τῶν
3416 1610 3843 1683 προρρηθέντων

2256 1705 2432 1773 ἁγίων
2458 1706 2619 1776 ἡμῶν
2656 1705 2923 1774 Πατέρων
2956 1703 3066 1758 τῶν
3096 1705 3156 1758 ὲν
3183 1707 3252 1776 τῇ
3278 1703 3536 1758 Νικαέων
3564 1703 3843 1772 συνειλεγ-

2262 1796 2458 1865 μένων,
2491 1799 2549 1851 ὲν
2593 1800 2661 1869 τῇ
2700 1796 2795 1851 τοῦ
2836 1795 2973 1850 Θεοῦ
3026 1796 3327 1869 Ἐκκλησία
3363 1799 3429 1867 τῇ
3486 1797 3655 1868 μητρὶ⁸
3682 1796 3842 1865 ήμῶν
3920 1782 3925 1786 ’

2260 1886 2707 1958 πολιτευομένης,
2755 1886 3020 1958 πλείστην
3049 1886 3183 1955 ὅσην
3220 1885 3450 1957 ἔρευναν
3493 1884 3843 1955 ἐποιησάμην

2260 1978 2436 2049 πάντη
2470 1994 2530 2031 τε
2566 1978 2663 2031 καὶ
2690 1976 2990 2048 πανταχοῦ,
3022 1978 3083 2030 sb
3106 1977 3171 2047 δὴ
3197 1977 3512 2046 λεγόμενον,
3543 1975 3723 2029 πάντα
3744 1975 3843 2028 κά-

2259 2070 2368 2123 λων
2398 2071 2649 2141 κινήσας,
2677 2070 3040 2141 ἁνερευνῆσαι
3067 2070 3137 2123 τά
3167 2069 3225 2122 ἐν
3252 2068 3435 2138 ἐκείνη
3464 2069 3530 2137 τῇ
3569 2068 3688 2137 ἱερᾷ
3715 2083 3843 2121 συν-

2259 2162 2365 2232 όδῳ
2418 2163 2792 2235 πεπραγμένα
2852 2161 2994 2233 ὑπὲρ
3041 2160 3135 2215 τοῦ
3182 2160 3283 2232 τῆς
3326 2160 3499 2231 αὐτῆς
3549 2159 3711 2229 ἁγίας
3748 2160 3845 2212 καὶ

2260 2254 2626 2325 ἀποπολικῆς
2665 2255 2905 2317 πίστεως
2947 2255 3097 2325 ὅρου,
3132 2255 3198 2325 ἢν
3236 2254 3338 2307 οὐκ
3385 2254 3480 2307 ἀπ’
3511 2252 3843 2325 ἀνθρώπων,

2259 2348 2386 2403 οὗτε
2409 2347 2477 2402 δι’
2507 2347 2817 2419 ἀνθρώπων
2844 2349 2877 2418 ή
2910 2347 3004 2400 τοῦ
3049 2345 3186 2401 Θεοῦ
3229 2346 3530 2418 Ἐκκλησία
3571 2346 3846 2418 παρείλη-

2262 2456 2387 2510 φεν,
2421 2438 2537 2493 ἀλλ’
2565 2438 2660 2492 ἀπ’
2704 2437 2871 2492 αὐτοῦ
2906 2436 3003 2490 τοῦ
3035 2437 3256 2493 πάντων
3278 2439 3437 2510 ήμῶν
3468 2440 3720 2509 Σωτῆρος
3750 2439 3848 2492 καὶ

2260 2533 2398 2588 Θεοῦ
2440 2530 2618 2604 Ἰησοῦ
2648 2531 2910 2603 Χριστοῦ,
2934 2529 3026 2585 τοῦ
3052 2530 3181 2584 Υίοῦ
3208 2530 3302 2585 τοῦ
3323 2531 3459 2585 Θεοῦ
3488 2530 3582 2585 τοῦ
3605 2531 3810 2597 ζῶντος
3830 2549 3845 2564 ο

2260 2626 2319 2691 ὃς
2345 2625 2485 2697 μετὰ
2512 2624 2611 2696 τὴν
2644 2625 2743 2694 τῆς
2786 2622 3055 2695 ὲνσάρκου
3085 2621 3251 2677 αὐτοῦ
3297 2623 3603 2694 παρουσίας
3642 2625 3849 2677 οἰκονο-

2265 2718 2414 2789 μίαν,
2454 2736 2473 2769 ι
2510 2717 2571 2771 sb
2598 2718 2745 2788 μέγα
2777 2716 2995 2788 ἀληθῶς
3020 2717 3119 2787 τῆς
3145 2715 3430 2780 εὐσεϐείας
3459 2717 3782 2788 μυστήριον,
3822 2736 3839 2766 ι

2263 2811 2447 2875 καθὼς
2474 2811 2816 2883 γέγραπται,
2849 2829 2868 2862 ι
2896 2809 3234 2881 φανερωθείς
3252 2827 3313 2863 τε
3346 2811 3533 2880 σαρκὶ,
3563 2810 3660 2863 καὶ
3686 2808 3849 2877 ἀγγέ-

2262 2904 2372 2967 λοις
2403 2903 2611 2973 ὀφθείς.
2650 2922 2669 2956 ι
2720 2902 2859 2958 Οῦτε
2891 2904 2999 2974 γὰρ
3040 2901 3294 2970 ἀγγέλοις
3324 2901 3517 2965 θεατὸς
3537 2904 3566 2956 ό
3601 2902 3848 2970 Μονογεο-

2262 2994 2360 3065 νὴς
2386 2995 2527 3049 κατὰ
2560 2996 2661 3066 τὴν
2684 2995 2782 3066 τῆς
2811 2994 3064 3064 θεότητος
3086 2994 3297 3060 οὐσίαν,
3339 2996 3385 3047 εί
3412 2994 3488 3065 μὴ
3516 2994 3807 3066 ἐσαρκὼθη
3829 3010 3846 3026 ·

2261 3088 2331 3143 τά
2359 3088 2540 3143 πάντα
2575 3086 2875 3159 πληρώσας
2906 3086 2977 3141 τὰ
3016 3086 3160 3141 κατὰ
3185 3086 3285 3159 τὴν
3322 3089 3661 3157 οἰκονομίαν,
3689 3088 3751 3140 τό
3786 3104 3850 3141 τε

556 3174 733 3229 dedit
777 3174 1143 3229 Altissimus?
1197 3193 1215 3226 ι
1246 3174 1472 3239 Enntes,
1512 3176 1707 3246 inquit,
1774 3179 1841 3232 ad
1889 3178 2159 3248 apostolos

2264 3178 2404 3250 ὑπὲρ
2434 3178 2589 3250 ήμῶν
2617 3178 2866 3232 ἑκούσιον
2889 3177 3083 3245 πάθος,
3120 3178 3217 3231 καὶ
3253 3179 3351 3250 τὴν
3384 3180 3587 3249 ταφὴν,
3621 3181 3715 3233 καί⁸
3747 3180 3850 3250 τὴν

565 3268 831 3337 sequens,
866 3267 1071 3322 docete
1104 3282 1295 3323 omnes
1327 3274 1540 3337 gentes,
1580 3269 1921 3340 baptizantes
1970 3284 2066 3326 eos
2098 3271 2155 3324 in

554 3361 805 3415 rnomine
865 3359 1068 3427 Patris,
1129 3369 1182 3415 et
1206 3358 1378 3427 iFilii,
1437 3368 1493 3416 et
1536 3359 1780 3432 Spiritus
1833 3363 2012 3418 sancti
2059 3363 2101 3416 °.
2138 3381 2157 3414 ι

581 3451 843 3519 Quamvis
866 3442 1011 3505 enim
1040 3460 1257 3521 propter
1283 3465 1436 3506 suam
1464 3466 1591 3521 erga
1642 3454 1887 3509 homines
1924 3452 2165 3509 charita-

560 3554 715 3608 item,
751 3552 994 3597 nostram
1025 3555 1242 3596 carnem
1270 3555 1391 3595 cum
1428 3542 1608 3596 anima
1645 3552 1699 3597 et
1752 3553 1932 3599 mente
1960 3559 2026 3598 ex
2075 3558 2164 3597 ve-

564 3636 825 3691 neranda
844 3634 1024 3705 plane
1038 3642 1095 3689 et
1118 3642 1304 3689 sancta
1337 3633 1561 3704 Virgine
1586 3634 1750 3689 Maria
1778 3638 2039 3705 suscepit,
2073 3635 2163 3690 illa

559 3736 766 3780 tamen
822 3722 1003 3778 carnis
1066 3722 1454 3792 susceptione,
1522 3722 1665 3777 nulla
1726 3728 1793 3779 ad
1834 3723 2163 3779 sTrinitatem

570 3817 786 3881 Patris,
827 3815 981 3883 Filii,
1022 3824 1087 3872 et
1113 3815 1352 3887 Spiritus
1378 3817 1554 3873 sancti
1589 3816 1731 3871 facta
1762 3825 1846 3872 est
1896 3818 2164 3882 accessio,

566 3914 681 3967 sed
718 3909 960 3965 Trinitas
988 3921 1171 3965 manet
1198 3910 1517 3966 ’l‘rinitas.-¢
1554 3910 1763 3965 Euntes
1790 3910 1954 3980 igitur
1979 3912 2166 3965 docete

581 4018 776 4059 omnes
826 4013 1035 4075 gentes,
1064 4002 1406 4071 baptizantes
1448 4016 1545 4057 eos
1601 4001 1653 4054 in
1703 4003 1917 4057 nomine
1968 4001 2166 4071 Patris,

580 4105 641 4151 et
700 4094 864 4162 Eilii,
895 4103 950 4149 et
1002 4093 1238 4163 Spiritus
1286 4093 1482 4147 sancti.
1541 4109 1562 4144 ι
1616 4091 1765 4146 Hanc
1814 4102 2056 4147 sanctam
2115 4102 2169 4147 et

586 4188 915 4241 adorandam
997 4196 1200 4240 sancta:
1248 4195 1304 4240 et
1369 4184 1760 4255 irreprehensa:
1834 4185 1956 4240 ﬁdei
2011 4201 2170 4256 regn-

588 4281 694 4333 lam
751 4294 872 4332 cum
936 4277 1109 4334 sancti
1166 4275 1393 4346 aposwli
1440 4278 1509 4332 ab
1553 4278 1672 4348 ipso
1733 4278 1963 4331 Domino
2010 4292 2168 4333 acce-

2265 3269 2563 3323 ἀνάστασιν
2582 3273 2649 3342 τῇ
2677 3270 2807 3342 ἁγίᾳ
2828 3270 3015 3343 ἐκείνῃ
3035 3270 3130 3325 καὶ
3152 3271 3525 3343 ἀναμαρτήτῳ
3558 3272 3724 3343 σαρκὶ
3750 3273 3852 3325 αύ-

2264 3360 2359 3414 τοῦ
2397 3360 2612 3435 [αὐτῆς]
2647 3364 3081 3435 παραχωρήσας,
3119 3363 3187 3416 δι’
3222 3359 3290 3436 ἦς
3332 3365 3392 3418 sb
3436 3366 3706 3436 ἡμέτερον
3743 3369 3854 3421 ἀπ-

2264 3455 2550 3509 εθανάτισε
2569 3455 2745 3524 γένος,
2769 3454 3076 3508 ἀναϐαίνων
3095 3456 3175 3518 είς
3193 3456 3320 3518 τοὺς
3341 3455 3624 3525 οὐρανοὺς,
3643 3455 3853 3527 ταύτης

2264 3545 2365 3615 τῆς
2388 3545 2550 3614 ἁγίας
2575 3545 2671 3598 καὶ
2688 3545 2994 3615 ἀμωμήτου
3022 3542 3257 3606 πίστεως
3278 3542 3370 3597 τὸν
3396 3543 3539 3596 θεῖον
3560 3544 3657 3597 καὶ
3681 3560 3853 3614 προσ-

2266 3636 2499 3708 κυνητὸν
2529 3638 2655 3708 ὅρον
2685 3635 2753 3689 δι’
2786 3635 2982 3689 ἑαυτοῦ
3015 3633 3207 3704 ἔπηξε,
3239 3634 3335 3687 καὶ
3370 3633 3514 3704 μέγα
3547 3633 3854 3706 βροντήσας

2267 3729 2409 3784 κατὰ
2430 3729 2492 3782 τὸ
2521 3727 2911 3800 γεγραμμένον
2929 3744 2943 3757 ’
2979 3747 2998 3779 ι
3027 3726 3234 3797 Κύριος
3262 3726 3431 3797 ἀνέϐη
3463 3728 3543 3789 είς
3564 3727 3850 3797 οὐρανοὺς,

2268 3822 2365 3875 καὶ
2389 3820 2711 3892 ἐϐρόντησε.
2752 3838 2770 3868 ι
2804 3819 2914 3872 Καὶ
2959 3819 3017 3870 ὲν
3070 3818 3276 3889 έτέρῳλ·
3308 3836 3336 3865 γε
3378 3818 3737 3890 Ἐϐρόντησεν
3792 3822 3854 3883 ἐξ

2267 3911 2500 3981 ούρανοῦ
2524 3913 2551 3964 ό
2579 3910 2803 3980 Κύριος,
2836 3909 2933 3962 καὶ
2959 3910 2988 3962 ό
3019 3908 3285 3978 ’Ύψιστος
3326 3909 3498 3963 ἔδωκε
3530 3912 3718 3982 φωνὴν
3752 3912 3857 3964 ab.

2267 4005 2386 4058 τοῦ.
2428 4023 2446 4055 ι
2478 4004 2589 4057 Καὶ
2626 4003 2678 4056 τί
2709 4002 3068 4073 ὲ6ρόντησεν;
3098 4001 3257 4055 ποίαν
3295 4003 3353 4056 δὲ
3383 4004 3567 4074 φωνὴν
3595 4004 3794 4058 ἔδωκεν
3825 4008 3854 4058 ὁ

2272 4096 2568 4165 ’Υψιστοςς
2609 4116 2627 4148 ‹
2668 4094 3058 4167 Πορευθέντες,
3105 4098 3261 4169 φησὶ,
3293 4096 3431 4168 πρὸς
3459 4096 3587 4159 τοὺς
3619 4097 3854 4149 ἀποστό-

2271 4185 2396 4245 λους
2422 4187 2620 4255 λέγων,
2652 4185 3034 4257 μαθητεύσατε
3069 4188 3250 4240 πάντα
3277 4186 3346 4239 τά
3381 4185 3531 4255 ἔθνη,
3567 4185 3855 4255 βαπτίζον-

2270 4295 2362 4342 τες
2392 4280 2593 4343 absab;
2626 4281 2707 4341 εἰς
2738 4280 2802 4331 τὸ
2835 4278 3005 4347 ὄνομα
3035 4278 3129 4332 τοῦ
3164 4279 3397 4349 Πατρὸς,
3444 4279 3538 4333 καὶ
3581 4279 3672 4332 τοῦ
3700 4278 3853 4342 Υίοῦ,

588 4373 824 4442 pissent,
878 4371 931 4425 in
993 4370 1242 4425 universa
1304 4370 1404 4425 sub
1440 4371 1578 4427 cmlo
1624 4372 1716 4427 Dei
1774 4371 2015 4427 Ecclesia
2049 4387 2159 4425 eam

2272 4372 2368 4424 καὶ
2401 4370 2495 4425 τοῦ
2528 4372 2684 4439 ἁγίου
2722 4370 3059 4441 Πνεύματος.
3104 4390 3121 4421 ι
3162 4371 3224 4424 Ei
3267 4372 3376 4439 γὰρ
3420 4370 3854 4441 φιλανθρωπίαν,

586 4462 1022 4530 praedicaverunt
1072 4479 1087 4516 :

588 4556 846 4624 pleretur,
902 4568 1009 4623 quo
1041 4552 1243 4607 dicitur
1289 4570 1303 4608 :

585 4662 757 4703 sonus
774 4662 981 4712 eorum,
1000 4653 1053 4700 et
1077 4646 1130 4700 in
1152 4645 1288 4713 ﬁnes
1322 4646 1477 4702 orbis
1500 4659 1658 4705 terra:
1680 4650 1841 4703 verba
1862 4662 2053 4702 eorum
2076 4647 2118 4702 ".
2146 4666 2164 4700 ι

1139 4470 1199 4515 ιιι
1232 4461 1304 4515 ita
1338 4462 1719 4531 propheticum
1766 4462 2043 4517 oraculum
2078 4463 2171 4515 im-

2271 4464 2373 4535 τὴν
2412 4462 2572 4535 ήμῶν
2618 4464 2797 4535 σάρκα
2830 4465 3071 4535 ἔμψυχον
3113 4463 3207 4517 καὶ
3238 4463 3422 4515 ἔννουν
3456 4464 3519 4516 ἐκ
3565 4464 3667 4532 τῆς
3715 4480 3855 4514 παν-

1367 4570 1387 4605 ι
1418 4554 1471 4607 in
1513 4568 1728 4609 omnem
1763 4562 1967 4609 terram
1999 4552 2159 4608 exivit

2279 4534 2477 4625 σέμνου
2534 4556 2630 4609 καὶ
2672 4534 2833 4625 ἁγίας
2867 4534 3148 4626 Παρθένου
3202 4554 3421 4625 Μαρίας
3466 4555 3855 4623 προσείληφεν,

2278 4648 2393 4703 ἀλλ’
2426 4649 2459 4719 ή
2486 4651 2587 4719 τῆς
2614 4648 2818 4719 σαρκὸς
2846 4647 3148 4719 πρόσληψις
3175 4648 3495 4719 προσθήκην
3524 4651 3591 4719 τῇ
3620 4648 3714 4701 τοῦ
3749 4650 3860 4701 Πα-

589 4742 717 4795 Post
773 4755 938 4810 quam
999 4740 1119 4794 ﬁdei
1166 4755 1476 4805 summam,
1522 4751 1582 4796 et
1635 4740 1969 4795 adorandum
2027 4739 2159 4793 istud

2275 4740 2406 4811 τρός
2443 4740 2538 4793 καὶ
2566 4739 2697 4792 Υίοῦ
2727 4740 2819 4793 καὶ
2863 4740 2957 4792 τοῦ
2994 4740 3150 4807 ἁγίου
3187 4740 3505 4811 Πνεύματος
3539 4741 3730 4812 Τριάδι
3758 4742 3863 4793 οὐκ

589 4834 791 4885 donum
821 4832 976 4886 nobis
1019 4846 1116 4902 per
1154 4844 1372 4887 sanctos
1401 4832 1673 4902 apostolos
1699 4849 1727 4886 a
1758 4832 1850 4887 Dei
1874 4830 2020 4885 Filio
2041 4846 2173 4885 con-

2276 4832 2554 4901 ἐποίησεν,
2572 4829 2705 4883 ἁλλὰ
2730 4830 2882 4899 μένει
2904 4829 3141 4901 ήΤριάς.
3162 4849 3179 4881 ι
3201 4830 3567 4901 Πορευθέντες
3578 4830 3672 4884 οὖν
3691 4832 3860 4901 μαθη-

593 4938 832 4989 cessum,
864 4939 985 4977 cum
1017 4924 1199 4994 plures
1222 4924 1333 4993 jam
1362 4940 1538 4981 annos
1572 4926 1825 4980 Ecclesia:
1865 4924 2159 4994 persecutia

2274 4923 2368 4975 τεύ
2376 4939 2504 4975 σατε
2521 4922 2696 4976 πάντα
2708 4922 2774 4974 τὰ
2785 4922 2933 4990 ἔθνη,
2950 4919 3303 4991 βαπτίζοντες
3316 4923 3513 4985 αὐτοὺς
3526 4923 3608 4987 είς
3621 4923 3677 4978 sb
3688 4924 3859 4993 ὄνομα

591 5028 878 5084 cessasset,
932 5026 1134 5073 nostra:
1169 5020 1362 5075 salutis
1404 5020 1580 5075 hostis
1609 5020 1804 5075 iterum
1839 5034 1935 5089 per
1981 5019 2168 5073 Arium

591 5119 780 5162 contra
815 5120 1059 5163 sanctam
1112 5119 1168 5165 et
1216 5110 1654 5182 irreprehensam
1705 5112 1865 5165 Iidem
1901 5117 2166 5170 armatur,

594 5201 854 5255 inusitata
884 5203 1127 5270 quaedam
1162 5202 1479 5273 hlasphcma
1509 5204 1670 5257 verba
1698 5211 1886 5256 contra
1916 5198 2168 5254 Salvato-

593 5309 705 5349 rem
762 5304 1008 5349 nostrum
1070 5298 1441 5361 introdueens,
1497 5296 1691 5366 quibus
1746 5294 1839 5348 Dei
1877 5293 2169 5348 Ecclesium

593 5384 645 5437 in
680 5394 793 5440 toto
819 5388 954 5439 orbe
983 5396 1251 5440 terrarum
1282 5386 1670 5440 conturbavit.
1722 5384 1895 5451 Quam
1932 5383 2000 5435 ob
2047 5398 2173 5436 can-

592 5493 707 5530 sam
746 5478 1095 5534 ﬁdelissimus
1144 5479 1440 5548 imperator
1488 5478 1877 5533 Constantinus
1922 5489 2171 5529 numero-

592 5585 709 5624 sam
772 5571 919 5625 illam
974 5572 1026 5627 in
1077 5571 1212 5627 urbe
1251 5570 1433 5627 Nicaea
1479 5572 1741 5640 synodum
1797 5567 2169 5637 congregavit.

665 5749 689 5779 ³
726 5750 738 5801 l
772 5748 913 5804 Tim.
944 5766 1025 5816 ιιι,
1054 5750 1241 5815 16.’έ,¹’
1266 5750 1408 5806 Psal.
1439 5766 1608 5815 vatt,
1638 5773 1729 5805 an.

594 5836 638 5886 χ,
680 5822 769 5876 is.

1803 5750 1823 5781 "
1858 5747 2001 5803 Psal.
2047 5761 2175 5806 wn,
2214 5744 2294 5798 Μ.
2371 5742 2392 5773 ⁸
2415 5740 2605 5805 Matth.
2639 5757 2832 5810 “vui,
2863 5742 2953 5805 19.
2983 5742 3071 5797 20.

2277 5016 2373 5069 τοῦ
2396 5016 2631 5086 Πατρὸς,
2655 5015 2748 5068 καὶ
2770 5013 2865 5067 τοῦ
2886 5012 3040 5079 Υίοῦ,
3061 5016 3155 5067 καὶ
3178 5014 3270 5067 τοῦ
3295 5015 3452 5084 ἁγίου
3469 5015 3804 5086 Πνεύματος.
3836 5033 3856 5068 ι

2278 5107 2481 5160 Τοῦτον
2503 5106 2594 5158 τὸν
2626 5106 2781 5173 ἆγιον
2803 5104 2897 5157 καὶ
2917 5104 3296 5174 προσκυνητὸν
3318 5105 3443 5176 ὅρον
3462 5106 3560 5176 τῆς
3575 5105 3741 5176 ὀρθῆς
3764 5108 3862 5159 καὶ

2279 5196 2586 5266 ἀμωμήτου
2637 5194 2873 5256 πίστεως
2925 5194 3075 5264 παρὰ
3121 5193 3216 5247 τοῦ
3269 5195 3476 5265 Κυρίου
3520 5194 3777 5259 λαϐόντες
3806 5199 3857 5248 oi

2281 5289 2416 5358 [spot
2447 5286 2759 5351 ἀπόστολοι,
2797 5286 2948 5359 πάσῃ
2971 5289 3036 5357 τῇ
3074 5287 3178 5340 ὑπὸ
3214 5287 3303 5340 τὺν
3342 5286 3573 5358 ούρανδν
3602 5288 3697 5340 τοῦ
3723 5288 3858 5340 Θεοῦ

2292 5379 2597 5449 Ἐκκλησία
2641 5378 2949 5451 έκήρυξανο
2994 5379 3074 5442 ὼς
3128 5379 3488 5451 πληρωθῆναι
3539 5382 3626 5433 ἐπ’
3691 5381 3857 5435 αὐτοῦ

2281 5471 2395 5544 [ἴον.
2426 5469 2630 5541 αὐτῶν]
2660 5470 2720 5524 sb
2748 5471 3088 5542 προφητικὸν
3113 5471 3315 5541 λόγιον,
3340 5472 3399 5525 sb
3429 5474 3639 5541 φάσκον
3660 5491 3673 5504 ·
3711 5492 3728 5524 ι
3769 5474 3860 5533 Εἰς

2279 5565 2462 5616 πᾶσαν
2495 5563 2597 5633 τὴν
2618 5564 2723 5634 γῆν
2753 5562 2975 5634 ἐξῆλθεν
2999 5566 3027 5617 ό
3056 5563 3292 5632 φθόγγος
3324 5564 3525 5627 αὐτῶν,
3559 5565 3652 5618 καὶ
3693 5567 3770 5627 εἰς
3792 5568 3862 5616 τὰ

3178 5743 3196 5774 ⁷
3241 5742 3382 5797 PSaI.
3419 5743 3663 5805 xvttt,5:
3702 5743 3857 5800 liotn.
