4154 6554
386 446 519 511 ῙΞΩΊ

1264 441 1631 503 HISTORIA
1668 438 2001 499 CONCILII
2034 439 2341 499 NIC/ENI.
2376 464 2445 474 -
2482 440 2629 500 LIB.
2673 441 2721 499 Ι.

3507 432 3645 499 1193

383 566 596 636 πέρατα
640 564 739 633 τῆς
788 559 1119 633 οἰκουμένης
1158 558 1228 614 τά
1273 560 1497 630 ῥήματα
1545 555 1748 610 αὐτῶν.
1782 574 1801 607 ι
1836 555 1964 609 Ὄν-

2081 554 2240 624 Bujus
2269 563 2387 609 acta
2419 554 2601 608 omnia
2627 569 2774 618 cum,
2806 562 2864 608 ut
2894 567 3053 626 supra
3082 552 3216 618 dixi,
3268 549 3645 623 cognovisscm

390 674 505 711 τινα
528 653 681 727 [Μεθ’
713 652 918 725 ὅντινα]
949 654 1076 725 ὅρον
1104 650 1202 705 καὶ⁷
1221 649 1322 722 τὴν
1348 647 1735 720 προσκυνητὴν
1764 645 1971 717 ταύτην

383 747 622 819 δωρεὰν,
675 747 775 815 τὴν
815 747 894 809 είς
939 746 1092 816 ἡμᾶς
1140 741 1233 797 διὰ
1276 740 1388 795 τῶν
1440 739 1600 793 θείων
1656 737 1971 792 ἀποστόλων

386 838 539 908 παρὰ
567 836 661 890 τοῦ
690 836 821 890 Υίοῦ
851 836 945 889 τοῦ
986 834 1125 889 Θεοῦ
1154 832 1468 904 δεδομένην,
1506 830 1645 901 μετὰ
1686 829 1972 891 πλείστους

397 928 554 990 ὅσους
585 925 920 998 [πλείστους]
950 924 1179 996 καιροὺς
1212 921 1566 992 παυσαμένου
1588 916 1683 973 τοῦ
1714 919 1856 974 κατά
1872 920 1973 990 τῆς

398 1018 727 1090 Ἐκκλησίας
762 1016 858 1071 τοῦ
908 1016 1044 1071 Θεοῦ
1079 1014 1348 1085 διωγμοῦ,
1386 1013 1454 1067 δι’
1501 1012 1716 1084 Ἀρείου
1751 1011 1917 1065 πάλιν
1943 1011 1972 1063 ό

388 1109 579 1180 ἐχθρὸς
600 1110 697 1179 τῆς
730 1107 1010 1179 ἡμετέρας
1028 1106 1304 1179 σωτηρίας
1326 1105 1466 1160 κατά
1486 1105 1588 1175 τῆς
1607 1104 1782 1174 αὐτῆς
1807 1103 1972 1172 ἁγίας

388 1203 482 1255 καὶ
497 1201 800 1272 ἀμωμήτου
839 1200 1120 1265 όπλίζεται
1150 1198 1409 1262 πίστεως,
1430 1198 1557 1263 ξένα
1583 1196 1705 1251 τινὰ
1738 1211 1970 1266 παρεισ-

392 1288 576 1359 φέρων
637 1289 780 1341 κατά
805 1287 899 1341 τοῦ
932 1289 1183 1359 Σωτῆρος
1211 1286 1511 1357 βλάσφημα
1533 1286 1775 1357 ῥήματα,
1805 1284 1872 1338 δι’
1898 1277 1972 1337 ὧν

388 1376 488 1447 τὴν
518 1379 600 1440 είς
635 1379 817 1432 πᾶσαν
859 1377 960 1449 τὴν
1000 1377 1329 1447 οἰκουμένην
1370 1376 1700 1447 Ἐκκλησίαν
1735 1374 1828 1429 τοῦ
1861 1375 1973 1428 Ku-

392 1466 511 1536 ρίου
536 1465 822 1536 ἐτάραξεν.
848 1461 923 1520 Οὐ
948 1466 1108 1536 χάριν
1129 1466 1225 1519 καὶ
1243 1466 1343 1536 τὴν
1370 1464 1796 1535 πολυάνθρωπον
1838 1462 1976 1517 ὲκεί-

390 1574 489 1626 νην
522 1559 616 1611 ἐπὶ
646 1558 747 1629 τὴν
783 1559 894 1612 τῶν
933 1557 1187 1611 Νικαέων
1226 1558 1381 1611 πόλιν
1408 1559 1438 1610 ὑ
1466 1557 1788 1621 πιστότατος
1818 1556 1975 1627 βασιο

391 1648 517 1712 λεύς
563 1652 979 1715 Κωνσταντῖνος
1036 1650 1316 1719 συνήγαγε
1366 1648 1607 1715 σύνοδον,
1656 1642 1725 1719 ἧς
1755 1646 1825 1699 τά
1871 1663 1973 1700 πε-

394 1741 693 1812 πραγμένα
735 1743 917 1796 πάντα
968 1739 1356 1813 προεγνωκὼς,
1392 1740 1470 1804 ὡς
1514 1739 1773 1811 ἀνωτέρω
1812 1737 1970 1808 ἔφην,

393 1834 489 1887 καὶ
518 1834 1028 1904 διερευνησάμενος,
1067 1832 1221 1902 μόλις
1253 1831 1519 1903 ἐδυνήθην
1551 1832 1735 1902 εὑρεῖν
1762 1830 1974 1901 φανερὰ

2075 644 2243 713 prius,
2287 643 2631 714 perquisivi:
2685 645 2775 698 vix
2806 654 2985 700 tamen
3029 645 3272 701 invenire
3317 643 3466 713 potui
3512 657 3647 697 non-

2073 737 2219 791 nulla
2247 751 2313 791 ex
2353 737 2420 792 iis
2469 751 2591 806 quae
2622 735 2732 791 illic
2763 744 2992 791 tractata
3024 745 3078 792 et
3112 737 3421 808 conscripta
3464 744 3646 799 erant,

2073 829 2214 897 apud
2267 827 2452 899 plures
2481 827 2634 883 viros
2687 828 2989 882 litterarum
3040 829 3330 894 studiosos,
3389 837 3450 882 ut
3503 828 3647 899 apud

2076 918 2346 975 Joannem
2372 918 2660 988 quemdam
2714 918 3109 989 presbyterum,
3156 919 3436 988 antiquum
3470 918 3645 973 virum

2081 1018 2139 1065 et
2169 1010 2451 1066 scribendi
2479 1009 2767 1065 admodum
2794 1010 3049 1078 peritum,
3106 1010 3158 1063 in
3200 1009 3649 1079 quateruionibus

2080 1102 2239 1159 valde
2287 1103 2577 1182 antiquis:
2633 1116 2811 1171 neque
2863 1110 3040 1157 tamen
3088 1101 3269 1156 omnia
3300 1102 3424 1157 inde
3462 1102 3647 1165 habui,

2056 1195 2167 1249 .sed
2197 1206 2263 1249 ex
2285 1193 2407 1250 aliis
2444 1193 2607 1248 etiam
2636 1192 2993 1262 scriptoribus
3020 1193 3202 1257 variis,
3234 1200 3292 1247 ut
3322 1207 3390 1247 ex
3418 1192 3651 1248 Eusebio

2072 1284 2342 1356 Pamphili
2370 1285 2627 1356 episcopo
2655 1284 2938 1354 Caesareae,
2979 1293 3034 1340 et
3069 1282 3282 1339 [ιιιῆὶηο
3315 1283 3393 1355 (3)
3425 1283 3650 1355 presby-

2077 1386 2193 1433 tero
2224 1376 2470 1433 Romano
2523 1378 2621 1448 (4),
2677 1379 2767 1446 qui
2809 1377 2969 1432 etiam
3006 1385 3206 1432 sanctae
3237 1376 3310 1431 illi
3337 1376 3539 1447 synodo
3567 1375 3651 1431 in-

2080 1467 2400 1536 terfuerunt,
2450 1468 2681 1539 aliisque
2703 1468 2969 1538 plurimis.
3033 1467 3216 1539 Neque
3262 1478 3439 1523 tamen
3491 1467 3654 1523 totius

2077 1558 2380 1615 harmoniae
2431 1560 2874 1630 consequentiam
2909 1560 3109 1628 iuveni,
3164 1570 3224 1616 ut
3263 1559 3318 1615 in
3363 1575 3520 1615 sacro
3562 1561 3653 1615 illu

2074 1653 2284 1717 codice,
2334 1653 2388 1708 in
2420 1667 2607 1723 quem,
2656 1661 2716 1707 ut
2758 1667 2920 1723 supra
2954 1653 3084 1718 dixi,
3134 1652 3284 1721 prius
3321 1653 3649 1719 ,incideram.

2078 1743 2240 1800 Solus
2270 1759 2505 1814 namque
2538 1744 2888 1799 admirandus
2929 1743 3020 1799 ille
3065 1744 3335 1799 Eusebius
3388 1742 3651 1814 Pamphili

2087 1845 2414 1894 constanter
2453 1836 2723 1906 publicam
2757 1837 2971 1891 veritati
3002 1836 3145 1891 viam
3182 1836 3249 1891 ab
3280 1835 3516 1892 adventu
3546 1836 3653 1892 Do-

393 1921 503 1975 τῶν
530 1923 706 1976 ἐκεῖσε
738 1924 1098 1993 ὲσκεμμένων
1127 1923 1223 1975 καὶ
1250 1920 1641 1992 ἐγγραφέντων
1679 1920 1831 1990 παρά
1858 1936 1969 1973 τισι

2081 1929 2207 1983 mini
2234 1943 2408 1999 usque
2433 1928 2498 1983 ad
2531 1927 2710 1998 magni
2734 1927 3073 1983 Constantini
3100 1938 3345 1998 tempora
3374 1928 3654 1999 ingressus

393 2014 675 2085 διαφόροις
725 2014 1083 2085 φιλομαθέσιν
1130 2013 1414 2084 ἀνδράσιν,
1466 2013 1686 2082 Ἰωάννῃ
1721 2011 1822 2081 μέν
1864 2029 1974 2065 τινι

396 2103 757 2175 πρεσϐυτέρῳ
791 2103 950 2173 ἀνδρὶ
994 2101 1235 2173 παλαιῷ,
1286 2102 1428 2170 ἄγαν
1474 2100 1754 2173 γραφικῷ,
1790 2103 1847 2154 ὲν
1888 2117 1978 2153 τε-

397 2196 636 2266 τραδίοις
672 2196 921 2259 παλαιοῖς
944 2196 1088 2262 λίαν,
1115 2196 1176 2249 οὐ
1209 2194 1316 2265 μὴν
1340 2194 1455 2249 ὅλα.
1483 2195 1591 2249 Καὶ
1619 2194 1679 2259 ἐξ
1715 2194 1891 2249 ἄλλων
1910 2193 1978 2248 ’δὲ

401 2287 805 2357 συγγραφέων,
861 2286 1127 2364 Εὐσεϐίοιρ
1181 2285 1277 2339 τοῦ
1324 2286 1612 2356 Παμφίλου
1670 2280 1977 2340 ἐπισκόπου

401 2379 766 2449 Καισαρείας,
817 2379 914 2431 καὶ
975 2378 1261 2448 Ῥουφίνου
1313 2366 1977 2450 πρεσϐυτέροόῬὼμης,

398 2469 507 2525 τῶν
538 2471 632 2524 καὶ
686 2470 805 2543 [καὶ
856 2468 989 2541 τῶν]
1020 2473 1084 2541 τῇ
1125 2470 1258 2541 ἁγίᾳ
1300 2470 1485 2542 ἐκείνῃ
1532 2469 1979 2539 κοινωνησάντων

402 2561 623 2631 συνόδῳ,
652 2564 745 2616 καὶ
775 2563 960 2630 ἄλλων,
989 2561 1263 2617 πλείστων
1290 2562 1452 2616 ὅσων.
1483 2561 1558 2614 Οὑ
1584 2560 1691 2632 μὴν
1719 2560 1818 2631 τὴν
1846 2562 1979 2615 ἁκο-

398 2654 619 2707 λουθίαν
667 2654 769 2725 τῆς
812 2654 941 2724 ὅλης
981 2653 1248 2725 ἁρμονίας
1295 2649 1455 2725 εὗρον
1500 2652 1644 2707 κατὰ
1687 2652 1786 2723 τὴν
1829 2652 1981 2722 ἱερὰν

400 2746 615 2817 εκείνην
638 2740 885 2818 βίϐλον,ᾖ
907 2745 1369 2818 προ[σ]ενέτυχον,
1394 2745 1469 2808 ὡς
1500 2743 1757 2816 ἀνωτέρω
1786 2760 1877 2814 μοι
1903 2743 1982 2797 εί-

404 2855 586 2907 ρηται.
618 2839 791 2903 Μόνος
819 2856 928 2909 γαρ
956 2837 1215 2902 Εὐσέϐιος
1246 2841 1274 2892 ό
1304 2837 1609 2908 θαυμάσιος
1637 2836 1666 2888 ό
1691 2836 1981 2907 Παμφίλου

403 2930 638 3001 ἀτρεπτὶ
668 2933 732 3003 τῇ
764 2931 1031 3001 λεωφόρῳ
1051 2929 1153 3001 τῆς
1185 2929 1448 3001 ἀληθείας
1489 2928 1598 2982 ἀπὸ
1621 2928 1721 2999 τῆς
1746 2929 1840 2982 τοῦ
1871 2929 1985 2981 Κυ-

406 3024 523 3094 ρίου
562 3024 864 3095 παρουσίας
891 3024 997 3087 ἒως
1028 3023 1137 3076 τῶν
1175 3023 1270 3077 τοῦ
1300 3022 1541 3092 μεγάλου
1568 3022 1983 3076 Κωνσταντίνου

404 3114 612 3185 χρόνων
662 3115 972 3171 διώδευσεν.
1013 3115 1157 3168 Ἀλλ’
1204 3115 1327 3169 οὐδὲ
1352 3116 1419 3169 τά
1450 3116 1548 3169 ὃλα
1572 3115 1754 3185 εὑρεῖν
1784 3112 1984 3184 ἠδυνή-

404 3205 527 3277 θην,
554 3208 694 3280 πλην
738 3209 839 3261 ὅσα
874 3207 1133 3279 γνώριμά
1167 3225 1257 3278 μοι
1290 3208 1384 3260 καὶ
1422 3208 1521 3277 τῆς
1558 3206 1819 3276 ἀληθείας
1853 3206 2003 3267 ῐδια,’

2075 2030 2180 2075 est.
2231 2019 2338 2075 Sed
2373 2033 2549 2087 neque
2578 2019 2760 2073 omnia
2793 2017 3039 2073 invenire
3070 2017 3245 2087 potui,
3291 2027 3493 2088 praeter
3523 2027 3649 2072 nota

2076 2112 2208 2165 mihi
2239 2119 2296 2166 et
2328 2109 2574 2166 veritatis
2602 2109 2844 2180 propria,
2895 2124 2965 2163 ex
3004 2122 3069 2163 eo
3101 2107 3242 2163 libro
3290 2122 3450 2177 quem
3497 2108 3653 2178 prius

2076 2215 2177 2271 ego
2214 2199 2474 2271 legeram.
2509 2198 2645 2254 Cum
2683 2205 2865 2251 autem
2898 2210 2967 2251 ex
3027 2196 3273 2266 utrisque
3319 2194 3500 2265 aliqua
3536 2194 3650 2251 colo

2079 2293 2354 2361 legissem,
2391 2288 2765 2347 necessarium
2796 2287 3107 2344 existimavi
3157 2286 3250 2342 illa
3281 2287 3335 2341 in
3369 2287 3473 2343 hoc
3511 2286 3652 2343 libro

2077 2384 2390 2440 describere
2415 2386 2481 2438 ad
2512 2396 2855 2437 communem
2887 2368 3203 2447 utilitatem,
3240 2389 3404 2451 atque
3446 2381 3651 2436 eonllro

2080 2478 2375 2531 matiouem
2427 2489 2616 2531 eorum
2652 2474 2743 2544 qui
2803 2472 2857 2528 in
2909 2473 3024 2529 haec
3076 2474 3276 2543 scripta
3337 2473 3651 2528 inciderint.

2081 2568 2447 2624 Exordiemur
2469 2566 2724 2636 deinceps
2750 2580 3057 2622 sermonem
3080 2574 3327 2620 nostrum
3356 2565 3654 2637 (praeeunte

2080 2668 2245 2728 atque
2295 2658 2526 2713 ducente
2560 2671 2659 2711 nos
2705 2654 2818 2711 Deo
2854 2654 3030 2711 Verbo
3074 2669 3288 2725 semper
3334 2654 3569 2720 vivente)
3623 2674 3652 2705 ει

2083 2748 2415 2819 temporibus
2449 2747 2597 2817 regni
2632 2745 3026 2816 religiosissimi
3060 2757 3115 2800 et
3147 2742 3457 2814 ehristigeri
3511 2744 3656 2812 regis

2081 2837 2448 2904 Constantini,
2491 2837 2581 2906 qui
2618 2835 2884 2908 synodum
2916 2835 3299 2905 episcoporum
3348 2835 3401 2887 in
3437 2831 3656 2889 civitate

2082 2930 2259 2985 Nicaea
2295 2928 2613 2997 congregari
2658 2928 2840 2996 jussit.
2903 2923 2960 2978 ln
3005 2925 3114 2980 alio
3149 2923 3562 2988 commentario,
3607 2926 3654 2976 si

2086 3020 2192 3074 Deo
2221 3019 2415 3087 placet,
2475 3018 2812 3072 nativitatem
2847 3015 3014 3085 ipsius
3042 3015 3153 3070 Deo
3182 3013 3485 3070 charissimi
3517 3012 3653 3070 Con-

2082 3111 2328 3175 stantini,
2376 3125 2440 3164 ac
2485 3119 2686 3163 statum
2745 3116 3043 3178 temporum
3100 3107 3295 3176 quibus
3344 3113 3497 3176 pater
3542 3102 3659 3173 ejus

2086 3202 2353 3272 regnavit,
2390 3200 2647 3255 referam.

404 3302 546 3356 κατά
570 3301 668 3367 τὴν
706 3300 1261 3372 προαναγνωσθεῖσάν
1300 3317 1390 3370 μοι
1427 3299 1631 3369 βίϐλον,
1665 3290 1846 3368 εὖρον.
1876 3297 1988 3351 Καὶ
2025 3296 2086 3360 ἐξ
2114 3294 2386 3365 ἑκατέρων
2451 3291 2872 3362 ἀναλεξάμενος,
2927 3292 3224 3361 ἀναγκαῖον
3248 3289 3437 3363 ᾠήθην
3460 3289 3661 3360 ἐγγρά-

402 3394 502 3465 ψαι
533 3393 672 3462 τῷδε
699 3392 776 3462 τῷ
818 3392 1008 3463 βιϐλίῳ
1039 3391 1176 3461 πρὸς
1219 3392 1487 3460 ὠφέλειαν
1524 3392 1731 3463 κοινὴν,
1767 3393 1861 3445 καὶ
1895 3392 2175 3461 στήριγμα
2196 3389 2306 3441 τῶν
2374 3387 2769 3458 ἐντευξομένων
2841 3387 2977 3457 τῷδε
3008 3386 3089 3457 τῷ
3144 3386 3452 3457 γράμματι.
3477 3385 3663 3457 ’Δρξε-

403 3506 496 3541 ται
521 3487 585 3556 δή
618 3503 707 3555 μοι
738 3484 922 3537 λοιπὸν
951 3485 980 3537 ό
1017 3483 1197 3554 λόγος,
1229 3483 1712 3554 προοδοποιοῦντός
1789 3502 1879 3553 μοι
1918 3484 2013 3537 καὶ
2053 3480 2417 3551 ποδηγοῖωτος
2499 3480 2589 3535 τοῦ
2630 3480 2719 3533 ἀεῖ
2761 3476 2963 3543 ζῶντος
3003 3476 3141 3532 Θεοῦ
3180 3479 3375 3547 Λόγου,
3404 3478 3513 3532 ἀπὸ
3553 3479 3662 3531 τῶν

405 3578 615 3650 χρόνων
637 3576 736 3646 τῆς
761 3574 1040 3645 βασιλείας
1066 3574 1159 3629 τοῦ
1200 3574 1595 3629 εὐσεϐεστάτου
1658 3576 1754 3628 καὶ
1789 3573 2170 3645 Χριστοφόρου
2237 3566 2507 3642 βασιλέως
2572 3568 3012 3633 Κωνσταντίνου,
3053 3569 3148 3622 τοῦ
3185 3570 3279 3622 καὶ
3313 3570 3414 3638 τὴν
3446 3567 3662 3622 σύνοδον

405 3673 513 3728 τῶν
536 3672 851 3726 ἐπισκόπων
921 3673 980 3724 έν
1037 3674 1107 3743 τῇ
1141 3671 1395 3725 Νικαέων
1462 3671 1917 3744 ωναθροισθῆναι
1946 3670 2353 3743 προστάξαντος
2395 3670 2567 3723 πόλει.
2615 3667 2704 3719 Ἐν
2765 3664 2939 3744 ἑτέρῳ
2967 3666 3099 3735 γὰρ,
3128 3665 3179 3717 εί
3214 3663 3293 3734 τῷ
3333 3662 3453 3733 Θεῷ
3486 3663 3661 3733 φίλον.

373 3766 475 3820 ’τά
500 3766 598 3837 τῆς
628 3765 895 3835 γενέσεως
923 3763 1232 3830 αὐτοῦ,καὶ
1262 3766 1369 3819 τῶν
1435 3766 1645 3837 χρόνων
1708 3767 1808 3836 τῆς
1865 3764 1961 3819 τοῦ
2009 3764 2218 3836 πατρὸς
2264 3762 2431 3818 αὐτοῦ
2474 3741 2886 3816 Κωνσταντίνου
2937 3757 3029 3812 τοῦ
3076 3756 3496 3827 θεοφιλεστάτου
3546 3755 3661 3829 [ῖσ.

406 3857 849 3930 Κωνσταντίνου]
876 3857 1155 3928 βασιλείας
1179 3860 1279 3931 τὴν
1304 3860 1582 3931 διαγωγὴν
1612 3861 1824 3929 ὲντάξω
1853 3860 2270 3932 συγγράμματι.

826 3975 1223 4032 ΚΕΦΑΛΑΙΟΝ
1258 3977 1553 4032 ΠΡΩΤΟΝ.

481 4106 501 4139 ι
544 4089 699 4143 Μετά
740 4087 837 4160 τὴν
879 4089 1141 4143 ἀπόθεσιν
1177 4090 1279 4162 τῆς
1329 4091 1615 4162 βασιλικῆς
1667 4092 1983 4163 ἁλουργίδος

407 4181 507 4252 τῆς
562 4182 671 4235 τῶν
714 4180 992 4253 τυράννων
1030 4183 1414 4254 Διοκλητιανοῦ
1457 4184 1551 4237 καὶ
1599 4185 1981 4255 Μαξιμιανοῦ,

408 4272 499 4327 τὸν
548 4273 815 4327 ἰδιωτικὸν
867 4271 1251 4344 ἀπειληφότων
1304 4274 1484 4328 αὐτῶν
1528 4275 1663 4345 βίον,
1706 4276 1847 4329 καθά
1877 4293 1985 4346 φη-

413 4379 496 4416 σιν
524 4362 805 4429 Εὐσέϐιος,
840 4365 1035 4436 χρόνου
1068 4366 1128 4417 οὐ
1154 4364 1409 4419 πλείστου
1444 4365 1646 4437 μεταξύ
1666 4367 1981 4438 γενομένου,

412 4454 666 4526 βασιλεὺς
727 4458 1164 4521 Κωνσταντῖνος,
1218 4456 1348 4527 (τὸν
1382 4457 1560 4512 πάντα
1604 4458 1716 4529 βίον
1746 4458 1985 4530 πραότα-

411 4549 550 4619 τος),
610 4548 707 4602 καὶ
765 4551 877 4613 τοῖς
907 4549 1170 4620 ὑπηκόοις
1205 4549 1614 4616 εὐνοϊκώτατος,
1651 4551 1729 4621 τῷ
1766 4568 1824 4603 τε
1855 4550 1984 4620 θείῳ

410 4639 552 4711 λόγῳ
626 4640 1089 4711 προσφιλέστατον
1145 4641 1337 4693 ἑαυτὸν
1412 4641 1764 4711 διαθέμενος,
1823 4642 1985 4695 παῖδα

410 4734 630 4801 γνήσιον
681 4733 1089 4785 Κωνσταντῖνον
1135 4732 1515 4804 αὐτοκράτορα
1569 4734 1665 4788 καὶ
1725 4733 1984 4787 σεϐαστδν

411 4823 528 4876 ἀνθ’
559 4822 754 4877 ἑαυτοῦ
784 4822 1122 4888 καταλιπὼν,
1150 4823 1315 4895 κοινῷ
1348 4824 1564 4894 φύσεως
1594 4825 1742 4895 νόμῳ
1761 4826 1987 4898 τελευτᾷ

412 4914 500 4967 τὸν
539 4914 673 4985 βίον.
705 4914 951 4985 Ἀπάοης
983 4914 1123 4986 μετά
1151 4915 1402 4982 θάνατον,
1433 4918 1531 4987 ὅση
1569 4915 1783 4987 βασιλεῖ
1805 4934 1888 4981 τις
1920 4918 1986 4971 ἂν

411 5004 696 5072 ὠφείλετο,
724 5006 890 5076 τιμῆς
927 5005 1250 5079 ἠξιωμένος,
1283 5008 1668 5079 χρηστότατος,
1701 5008 1794 5061 καὶ
1813 5008 1987 5077 ἡπιώο

413 5113 573 5159 τατος
604 5096 853 5167 βασιλεὺς
890 5099 1160 5167 γεγονώς’
1202 5100 1259 5164 ὃς
1301 5099 1365 5171 δὴ
1401 5099 1495 5153 καὶ
1531 5099 1691 5170 μόνος
1715 5099 1823 5152 τῶν
1864 5097 1983 5152 καθ’

412 5188 559 5257 ἡμᾶς
588 5184 825 5252 ἐπαξίως
859 5190 955 5257 τῆς
983 5191 1279 5260 ἡγεμονίας
1325 5193 1416 5245 τὸν
1452 5192 1633 5246 πάντα
1672 5192 1772 5262 τῆς
1812 5192 1987 5262 ἀρχῆς

411 5277 723 5340 διατελέσας
758 5278 967 5348 χρόνον,
1009 5282 1102 5334 καὶ
1144 5281 1211 5334 τά
1243 5283 1377 5336 ἄλλα
1415 5286 1529 5348 τοῖς
1560 5285 1696 5337 πᾶσι
1734 5282 1960 5347 δεξιώτα

480 5422 503 5453 ⁸
535 5421 675 5475 Hist.
706 5422 799 5478 lib.
835 5437 875 5485 ι,
906 5421 995 5476 26.

482 5562 559 5629 (3)
597 5560 843 5615 Bullinus
884 5571 1060 5613 tamen
1121 5559 1371 5612 laudatur
1429 5559 1496 5611 ab
1532 5557 1879 5629 illierouytuo
1925 5557 1980 5611 iu

411 5627 673 5689 Chronico
697 5633 762 5684 ad
790 5648 880 5685 au.
900 5631 1027 5693 ΞΠ,
1053 5630 1210 5694 longe
1236 5634 1355 5695 p0st
1372 5628 1657 5682 concilium
1682 5627 1977 5683 Nicaeunm.

414 5705 548 5758 \ide
575 5711 735 5770 caput
769 5716 1020 5769 sequens.
1058 5700 1233 5770 llann.

482 5773 558 5842 (4)
588 5766 655 5823 Ei
674 5766 899 5832 exaliis,
924 5771 1035 5837 qui,
1064 5780 1195 5842 ete.,
1225 5767 1390 5842 habet
1410 5767 1616 5842 All‘ousi
1647 5766 1974 5842 Pisani_ver-

410 5836 512 5907 sio,
542 5836 709 5911 quam
747 5836 1038 5897 identidem
1072 5838 1422 5909 interpolavit
1453 5836 1733 5893 Balloreus
1772 5837 1975 5893 substi-

2585 3971 2816 4029 CAPUT
2856 3968 3147 4026 PRIMUM.

2165 4106 2185 4141 ‹
2220 4086 2334 4142 Non
2371 4086 2542 4143 multo
2575 4096 2698 4157 post
2728 4095 2971 4155 tempore
3004 4081 3084 4155 (ιιι
3117 4082 3290 4153 inquit
3332 4081 3598 4138 Eusebius
3612 4082 3658 4150 ⁸)

2085 4197 2247 4252 quam
2278 4181 2495 4251 tyranni
2530 4179 2892 4235 Diocletianus
2925 4184 2980 4231 et
3026 4173 3386 4229 Maximianus
3418 4172 3657 4243 deposita

2085 4274 2252 4345 regali
2283 4286 2543 4343 purpura,
2576 4272 2842 4341 privatam
2882 4268 3046 4324 vitam
3085 4267 3386 4335 elegerunt,
3425 4266 3659 4333 impera-

2086 4377 2170 4422 tor
2216 4366 2564 4423 Constantius
2611 4366 2767 4435 (tota
2825 4362 2934 4417 vita
2989 4357 3494 4427 clementissimus)
3532 4357 3657 4413 sub-

2079 4458 2239 4530 jectis
2285 4456 2847 4521 benevolentissimus,
2889 4461 2944 4509 et
2976 4467 3099 4523 erga
3148 4450 3385 4505 divinum
3420 4449 3655 4504 Verbum

2085 4550 2415 4606 amicissime
2464 4548 2859 4611 aﬂ‘ectus,cum
2918 4558 3230 4615 germanum
3295 4541 3462 4597 ﬁlium
3501 4557 3655 4596 suum

2084 4640 2497 4698 Constantinum
2560 4640 2941 4707 imperatorem
2992 4644 3045 4690 et
3081 4634 3385 4703 Augustum
3437 4646 3535 4702 pro
3600 4647 3658 4686 se

2089 4732 2429 4801 reliquisset,
2465 4727 2736 4784 communi
2786 4734 2995 4781 naturae
3058 4723 3173 4785 lege
3233 4724 3393 4778 linem
3442 4721 3655 4775 vivendi

2087 4823 2236 4879 fecit.
2266 4821 2397 4877 Post
2423 4830 2649 4875 tuortem
2680 4819 2877 4888 dignus
2910 4817 3127 4872 habitus
3156 4814 3299 4870 omni
3334 4814 3542 4868 honore
3566 4812 3658 4881 qui

2088 4913 2403 4985 imperatori
2452 4911 2792 4977 debebatur,
2838 4910 3037 4980 quippe
3087 4908 3169 4961 vir
3220 4915 3275 4960 et
3323 4904 3559 4975 optimus
3605 4914 3661 4958 et

2086 5003 2554 5059 mansuetissimus
2580 5001 2700 5068 l'uit,
2741 5000 2941 5070 quique
2985 4997 3132 5053 solus
3172 4996 3313 5051 inter
3364 4997 3658 5065 imperato-

2089 5111 2177 5152 res
2223 5103 2422 5150 nostrte
2462 5094 2759 5156 memoriae,
2801 5102 2971 5147 totum
3001 5090 3152 5161 regni
3193 5089 3277 5144 sui
3325 5097 3562 5158 tempus,
3601 5098 3660 5141 ιιι

2090 5188 2298 5259 imperii
2337 5187 2574 5255 dignitas
2619 5185 2877 5257 postulat,
2927 5183 3109 5253 exegit
3141 5193 3233 5238 :et
3267 5197 3390 5237 cum
3435 5181 3487 5235 in
3537 5179 3661 5235 aliis

2091 5280 2342 5336 omnibus
2386 5279 2838 5335 humanissimum
2867 5285 2922 5331 et
2952 5274 3500 5331 beneﬂcentissimum
3540 5284 3662 5327 sese

2091 5556 2300 5624 tuitque
2330 5570 2395 5610 ea:
2423 5555 2490 5608 iis
2508 5556 2598 5624 qui
2637 5567 2821 5610 sancta
2844 5555 2946 5619 illi,
2977 5563 3085 5610 etc.
3121 5553 3350 5610 Romani
3387 5568 3514 5609 vero
3532 5552 3661 5607 edi-

2090 5637 2233 5679 tores
2282 5624 2386 5678 illis
2440 5627 2663 5681 sublatis
2712 5636 2766 5679 et
2795 5625 3084 5681 substituta
3114 5625 3375 5693 particula
3407 5626 3567 5677 etiam
3600 5632 3661 5675 nt

2088 5696 2277 5748 melius
2306 5699 2654 5765 responderet
2682 5695 2872 5751 Graeco
2933 5697 3126 5756 textui.
3165 5712 3278 5749 rent
3310 5710 3527 5765 omnem
3560 5693 3661 5745 oh-

2085 5763 2406 5825 settrut'unl,
2435 5766 2560 5835 dum
2621 5765 2888 5819 Bullinum
2924 5781 3030 5822 nou
3085 5780 3246 5821 secus
3294 5777 3457 5835 atque
3488 5763 3658 5819 Euse-

2087 5837 2231 5890 biutn
2255 5835 2488 5891 concilio
2510 5833 2726 5890 Nicaeno
2752 5846 3072 5906 praesentem
3109 5833 3412 5892 insinuant.
