  <div class='ocr_page' id='page_1' title='image "/cluster/home/n/w/nwhite01/storage/ocr_20150623/85/hvd.32044011888864/609.png"; bbox 0 0 4154 6532; ppageno 0'>
   <div class='ocr_carea' id='block_1_1' title="bbox 566 440 695 505">
    <p class='ocr_par' dir='ltr' id='par_1_1' title="bbox 566 440 695 505">
     <span class='ocr_line' id='line_1_1' title="bbox 566 440 695 505; baseline 0.031 -4"><span class='ocrx_word' id='word_1_1' title='bbox 566 440 695 505; x_wconf 76' lang='grc' dir='ltr'>1ἱ99</span> 
     </span>
    </p>
   </div>
   <div class='ocr_carea' id='block_1_2' title="bbox 1826 447 2511 508">
    <p class='ocr_par' dir='ltr' id='par_1_2' title="bbox 1826 447 2511 508">
     <span class='ocr_line' id='line_1_2' title="bbox 1826 447 2511 508; baseline 0.003 -2"><span class='ocrx_word' id='word_1_2' title='bbox 1826 447 2131 506; x_wconf 76' lang='lat' dir='ltr'><strong>GELASII</strong></span> <span class='ocrx_word' id='word_1_3' title='bbox 2171 448 2511 508; x_wconf 81' lang='lat' dir='ltr'><strong>CYZICENI</strong></span> 
     </span>
    </p>
   </div>
   <div class='ocr_carea' id='block_1_3' title="bbox 3676 446 3807 508">
    <p class='ocr_par' dir='ltr' id='par_1_3' title="bbox 3676 446 3807 508">
     <span class='ocr_line' id='line_1_3' title="bbox 3676 446 3807 508; baseline 0.008 -1"><span class='ocrx_word' id='word_1_4' title='bbox 3676 446 3697 507; x_wconf 84' lang='lat'><strong>1</strong></span> <span class='ocrx_word' id='word_1_5' title='bbox 3709 448 3807 508; x_wconf 68' lang='lat'>200</span> 
     </span>
    </p>
   </div>
   <div class='ocr_carea' id='block_1_4' title="bbox 561 561 2140 635">
    <p class='ocr_par' dir='ltr' id='par_1_4' title="bbox 561 561 2129 629">
     <span class='ocr_line' id='line_1_4' title="bbox 561 561 2129 629; baseline 0.003 -17"><span class='ocrx_word' id='word_1_6' title='bbox 561 563 852 629; x_wconf 73' lang='lat' dir='ltr'><strong>praeberet,</strong></span> <span class='ocrx_word' id='word_1_7' title='bbox 911 561 1235 618; x_wconf 80' lang='lat' dir='ltr'><strong>taudabilem</strong></span> <span class='ocrx_word' id='word_1_8' title='bbox 1287 562 1573 616; x_wconf 81' lang='lat' dir='ltr'><strong>admodum</strong></span> <span class='ocrx_word' id='word_1_9' title='bbox 1622 573 1677 617; x_wconf 87' lang='lat' dir='ltr'><strong>et</strong></span> <span class='ocrx_word' id='word_1_10' title='bbox 1737 562 1955 616; x_wconf 89' lang='lat' dir='ltr'><strong>beatum</strong></span> <span class='ocrx_word' id='word_1_11' title='bbox 2008 563 2129 616; x_wconf 66' lang='lat' dir='ltr'><strong>vita:</strong></span> 
     </span>
    </p>
   </div>
   <div class='ocr_carea' id='block_1_5' title="bbox 2242 561 3807 635">
    <p class='ocr_par' dir='ltr' id='par_1_5' title="bbox 2242 561 3807 635">
     <span class='ocr_line' id='line_1_5' title="bbox 2242 561 3807 635; baseline -0.002 -21"><span class='ocrx_word' id='word_1_12' title='bbox 2242 580 2320 617; x_wconf 79' lang='grc' dir='ltr'><strong>τον</strong></span> <span class='ocrx_word' id='word_1_13' title='bbox 2366 566 2461 618; x_wconf 77' lang='grc' dir='ltr'><strong>καὶ</strong></span> <span class='ocrx_word' id='word_1_14' title='bbox 2507 562 3001 635; x_wconf 84' lang='grc' dir='ltr'><strong>εὐεργετικώτατον</strong></span> <span class='ocrx_word' id='word_1_15' title='bbox 3044 561 3344 633; x_wconf 81' lang='grc' dir='ltr'><strong>παρασχὼν</strong></span> <span class='ocrx_word' id='word_1_16' title='bbox 3389 561 3605 624; x_wconf 79' lang='grc' dir='ltr'><strong>ἑαυτὸν,</strong></span> <span class='ocrx_word' id='word_1_17' title='bbox 3656 562 3807 623; x_wconf 81' lang='grc' dir='ltr'><strong>τέλος</strong></span> 
     </span>
    </p>
   </div>
   <div class='ocr_carea' id='block_1_6' title="bbox 559 651 2125 723">
    <p class='ocr_par' dir='ltr' id='par_1_6' title="bbox 559 651 2125 723">
     <span class='ocr_line' id='line_1_6' title="bbox 559 651 2125 723; baseline 0.001 -20"><span class='ocrx_word' id='word_1_18' title='bbox 559 651 763 705; x_wconf 87' lang='lat' dir='ltr'><strong>exitum</strong></span> <span class='ocrx_word' id='word_1_19' title='bbox 806 661 1127 707; x_wconf 87' lang='lat' dir='ltr'><strong>consecutus</strong></span> <span class='ocrx_word' id='word_1_20' title='bbox 1153 664 1257 709; x_wconf 90' lang='lat' dir='ltr'><strong>est.</strong></span> <span class='ocrx_word' id='word_1_21' title='bbox 1295 653 1453 709; x_wconf 89' lang='lat' dir='ltr'><strong>Solus</strong></span> <span class='ocrx_word' id='word_1_22' title='bbox 1486 669 1552 707; x_wconf 85' lang='lat' dir='ltr'><strong>ex</strong></span> <span class='ocrx_word' id='word_1_23' title='bbox 1599 653 2014 723; x_wconf 77' lang='lat' dir='ltr'><strong>imperatoribus</strong></span> <span class='ocrx_word' id='word_1_24' title='bbox 2056 655 2125 706; x_wconf 89' lang='lat' dir='ltr'><strong>oh</strong></span> 
     </span>
    </p>
   </div>
   <div class='ocr_carea' id='block_1_7' title="bbox 560 740 2130 814">
    <p class='ocr_par' dir='ltr' id='par_1_7' title="bbox 560 740 2130 814">
     <span class='ocr_line' id='line_1_7' title="bbox 560 740 2130 814; baseline 0.002 -19"><span class='ocrx_word' id='word_1_25' title='bbox 560 740 726 795; x_wconf 83' lang='lat' dir='ltr'><strong>ﬁlium</strong></span> <span class='ocrx_word' id='word_1_26' title='bbox 770 742 1084 812; x_wconf 91' lang='lat' dir='ltr'><strong>ingenuum,</strong></span> <span class='ocrx_word' id='word_1_27' title='bbox 1118 759 1277 813; x_wconf 87' lang='lat' dir='ltr'><strong>quem</strong></span> <span class='ocrx_word' id='word_1_28' title='bbox 1315 755 1436 813; x_wconf 91' lang='lat' dir='ltr'><strong>post</strong></span> <span class='ocrx_word' id='word_1_29' title='bbox 1465 760 1524 800; x_wconf 90' lang='lat' dir='ltr'><strong>se</strong></span> <span class='ocrx_word' id='word_1_30' title='bbox 1558 745 1610 798; x_wconf 90' lang='lat' dir='ltr'><strong>in</strong></span> <span class='ocrx_word' id='word_1_31' title='bbox 1657 744 1884 814; x_wconf 89' lang='lat' dir='ltr'><strong>imperio</strong></span> <span class='ocrx_word' id='word_1_32' title='bbox 1915 758 2130 798; x_wconf 88' lang='lat' dir='ltr'><strong>succes-</strong></span> 
     </span>
    </p>
   </div>
   <div class='ocr_carea' id='block_1_8' title="bbox 561 834 2129 905">
    <p class='ocr_par' dir='ltr' id='par_1_8' title="bbox 561 834 2129 905">
     <span class='ocr_line' id='line_1_8' title="bbox 561 834 2129 905; baseline 0.001 -19"><span class='ocrx_word' id='word_1_33' title='bbox 561 846 736 886; x_wconf 87' lang='lat' dir='ltr'><strong>sorem</strong></span> <span class='ocrx_word' id='word_1_34' title='bbox 771 834 1010 903; x_wconf 89' lang='lat' dir='ltr'><strong>reliquit,</strong></span> <span class='ocrx_word' id='word_1_35' title='bbox 1058 834 1354 905; x_wconf 86' lang='lat' dir='ltr'><strong>principem</strong></span> <span class='ocrx_word' id='word_1_36' title='bbox 1392 835 1445 889; x_wconf 94' lang='lat' dir='ltr'><strong>in</strong></span> <span class='ocrx_word' id='word_1_37' title='bbox 1499 835 1749 890; x_wconf 90' lang='lat' dir='ltr'><strong>omnibus</strong></span> <span class='ocrx_word' id='word_1_38' title='bbox 1792 835 2129 889; x_wconf 84' lang='lat' dir='ltr'><strong>modestissi-</strong></span> 
     </span>
    </p>
   </div>
   <div class='ocr_carea' id='block_1_9' title="bbox 564 925 2133 996">
    <p class='ocr_par' dir='ltr' id='par_1_9' title="bbox 564 925 2133 996">
     <span class='ocr_line' id='line_1_9' title="bbox 564 925 2133 996; baseline -0.001 -17"><span class='ocrx_word' id='word_1_39' title='bbox 564 939 709 979; x_wconf 92' lang='lat' dir='ltr'><strong>mum</strong></span> <span class='ocrx_word' id='word_1_40' title='bbox 744 932 800 978; x_wconf 93' lang='lat' dir='ltr'><strong>et</strong></span> <span class='ocrx_word' id='word_1_41' title='bbox 829 925 1260 989; x_wconf 86' lang='lat' dir='ltr'><strong>sanctissimum,</strong></span> <span class='ocrx_word' id='word_1_42' title='bbox 1293 940 1555 996; x_wconf 85' lang='lat' dir='ltr'><strong>prospere</strong></span> <span class='ocrx_word' id='word_1_43' title='bbox 1587 940 1648 981; x_wconf 91' lang='lat' dir='ltr'><strong>ac</strong></span> <span class='ocrx_word' id='word_1_44' title='bbox 1672 926 1904 996; x_wconf 80' lang='lat' dir='ltr'><strong>gloriose</strong></span> <span class='ocrx_word' id='word_1_45' title='bbox 1929 940 2133 980; x_wconf 81' lang='lat' dir='ltr'><strong>exces-</strong></span> 
     </span>
    </p>
   </div>
   <div class='ocr_carea' id='block_1_10' title="bbox 564 1014 2133 1085">
    <p class='ocr_par' dir='ltr' id='par_1_10' title="bbox 564 1014 2133 1085">
     <span class='ocr_line' id='line_1_10' title="bbox 564 1014 2133 1085; baseline 0.001 -17"><span class='ocrx_word' id='word_1_46' title='bbox 564 1015 635 1068; x_wconf 89' lang='lat' dir='ltr'><strong>sit</strong></span> <span class='ocrx_word' id='word_1_47' title='bbox 662 1029 692 1069; x_wconf 91' lang='lat' dir='ltr'><strong>e</strong></span> <span class='ocrx_word' id='word_1_48' title='bbox 724 1016 853 1071; x_wconf 86' lang='lat' dir='ltr'><strong>vita.</strong></span> <span class='ocrx_word' id='word_1_49' title='bbox 888 1014 1059 1083; x_wconf 88' lang='lat' dir='ltr'><strong>Hujus</strong></span> <span class='ocrx_word' id='word_1_50' title='bbox 1097 1017 1235 1071; x_wconf 82' lang='lat' dir='ltr'><strong>[ilius</strong></span> <span class='ocrx_word' id='word_1_51' title='bbox 1261 1016 1670 1084; x_wconf 82' lang='lat' dir='ltr'><strong>Constantinus,</strong></span> <span class='ocrx_word' id='word_1_52' title='bbox 1699 1018 1881 1070; x_wconf 82' lang='lat' dir='ltr'><strong>statim</strong></span> <span class='ocrx_word' id='word_1_53' title='bbox 1928 1030 1956 1069; x_wconf 91' lang='lat' dir='ltr'><strong>a</strong></span> <span class='ocrx_word' id='word_1_54' title='bbox 1986 1017 2133 1085; x_wconf 88' lang='lat' dir='ltr'><strong>prin-</strong></span> 
     </span>
    </p>
   </div>
   <div class='ocr_carea' id='block_1_11' title="bbox 558 1105 2133 1175">
    <p class='ocr_par' dir='ltr' id='par_1_11' title="bbox 558 1105 2133 1175">
     <span class='ocr_line' id='line_1_11' title="bbox 558 1105 2133 1175; baseline 0 -14"><span class='ocrx_word' id='word_1_55' title='bbox 558 1105 704 1175; x_wconf 86' lang='lat' dir='ltr'><strong>cipio</strong></span> <span class='ocrx_word' id='word_1_56' title='bbox 736 1107 1025 1175; x_wconf 83' lang='lat' dir='ltr'><strong>imperator</strong></span> <span class='ocrx_word' id='word_1_57' title='bbox 1056 1121 1298 1162; x_wconf 90' lang='lat' dir='ltr'><strong>summus</strong></span> <span class='ocrx_word' id='word_1_58' title='bbox 1324 1117 1377 1161; x_wconf 92' lang='lat' dir='ltr'><strong>et</strong></span> <span class='ocrx_word' id='word_1_59' title='bbox 1408 1105 1681 1175; x_wconf 84' lang='lat' dir='ltr'><strong>Augustus</strong></span> <span class='ocrx_word' id='word_1_60' title='bbox 1708 1122 1828 1161; x_wconf 92' lang='lat' dir='ltr'><strong>cum</strong></span> <span class='ocrx_word' id='word_1_61' title='bbox 1859 1109 1926 1161; x_wconf 92' lang='lat' dir='ltr'><strong>ab</strong></span> <span class='ocrx_word' id='word_1_62' title='bbox 1970 1122 2133 1162; x_wconf 81' lang='lat' dir='ltr'><strong>exer—</strong></span> 
     </span>
    </p>
   </div>
   <div class='ocr_carea' id='block_1_12' title="bbox 565 1197 2132 1268">
    <p class='ocr_par' dir='ltr' id='par_1_12' title="bbox 565 1197 2132 1268">
     <span class='ocr_line' id='line_1_12' title="bbox 565 1197 2132 1268; baseline -0.001 -17"><span class='ocrx_word' id='word_1_63' title='bbox 565 1198 781 1262; x_wconf 88' lang='lat' dir='ltr'><strong>citibus,</strong></span> <span class='ocrx_word' id='word_1_64' title='bbox 812 1209 924 1252; x_wconf 89' lang='lat' dir='ltr'><strong>tum</strong></span> <span class='ocrx_word' id='word_1_65' title='bbox 952 1197 1120 1253; x_wconf 88' lang='lat' dir='ltr'><strong>multo</strong></span> <span class='ocrx_word' id='word_1_66' title='bbox 1142 1205 1267 1253; x_wconf 90' lang='lat' dir='ltr'><strong>ante</strong></span> <span class='ocrx_word' id='word_1_67' title='bbox 1285 1199 1351 1253; x_wconf 88' lang='lat' dir='ltr'><strong>ab</strong></span> <span class='ocrx_word' id='word_1_68' title='bbox 1384 1200 1500 1268; x_wconf 89' lang='lat' dir='ltr'><strong>ipso</strong></span> <span class='ocrx_word' id='word_1_69' title='bbox 1528 1199 1637 1253; x_wconf 90' lang='lat' dir='ltr'><strong>Deo</strong></span> <span class='ocrx_word' id='word_1_70' title='bbox 1658 1212 1868 1253; x_wconf 88' lang='lat' dir='ltr'><strong>summo</strong></span> <span class='ocrx_word' id='word_1_71' title='bbox 1893 1199 2132 1252; x_wconf 91' lang='lat' dir='ltr'><strong>omnium</strong></span> 
     </span>
    </p>
   </div>
   <div class='ocr_carea' id='block_1_13' title="bbox 566 1288 2137 1359">
    <p class='ocr_par' dir='ltr' id='par_1_13' title="bbox 566 1288 2137 1359">
     <span class='ocr_line' id='line_1_13' title="bbox 566 1288 2137 1359; baseline -0.001 -16"><span class='ocrx_word' id='word_1_72' title='bbox 566 1288 897 1359; x_wconf 82' lang='lat' dir='ltr'><strong>imperatore</strong></span> <span class='ocrx_word' id='word_1_73' title='bbox 932 1289 1259 1353; x_wconf 88' lang='lat' dir='ltr'><strong>declaratus,</strong></span> <span class='ocrx_word' id='word_1_74' title='bbox 1300 1297 1539 1358; x_wconf 62' lang='lat' dir='ltr'><strong>paterna:</strong></span> <span class='ocrx_word' id='word_1_75' title='bbox 1580 1288 1800 1358; x_wconf 88' lang='lat' dir='ltr'><strong>pietatis</strong></span> <span class='ocrx_word' id='word_1_76' title='bbox 1839 1303 1967 1358; x_wconf 88' lang='lat' dir='ltr'><strong>erga</strong></span> <span class='ocrx_word' id='word_1_77' title='bbox 2012 1289 2137 1342; x_wconf 91' lang='lat' dir='ltr'><strong>reli-</strong></span> 
     </span>
    </p>
   </div>
   <div class='ocr_carea' id='block_1_14' title="bbox 555 1380 2135 1450">
    <p class='ocr_par' dir='ltr' id='par_1_14' title="bbox 555 1380 2135 1450">
     <span class='ocr_line' id='line_1_14' title="bbox 555 1380 2135 1450; baseline 0.001 -18"><span class='ocrx_word' id='word_1_78' title='bbox 555 1380 773 1449; x_wconf 77' lang='lat' dir='ltr'><strong>gionem</strong></span> <span class='ocrx_word' id='word_1_79' title='bbox 802 1389 1040 1434; x_wconf 82' lang='lat' dir='ltr'><strong>nostram</strong></span> <span class='ocrx_word' id='word_1_80' title='bbox 1064 1380 1314 1434; x_wconf 66' lang='lat' dir='ltr'><strong>aemulum</strong></span> <span class='ocrx_word' id='word_1_81' title='bbox 1339 1395 1459 1435; x_wconf 83' lang='lat' dir='ltr'><strong>sese</strong></span> <span class='ocrx_word' id='word_1_82' title='bbox 1490 1388 1541 1433; x_wconf 92' lang='lat' dir='ltr'><strong>et</strong></span> <span class='ocrx_word' id='word_1_83' title='bbox 1566 1380 1892 1435; x_wconf 85' lang='lat' dir='ltr'><strong>imitatorem</strong></span> <span class='ocrx_word' id='word_1_84' title='bbox 1924 1381 2135 1450; x_wconf 65' lang='lat' dir='ltr'><strong>praesti-</strong></span> 
     </span>
    </p>
   </div>
   <div class='ocr_carea' id='block_1_15' title="bbox 567 1469 2138 1540">
    <p class='ocr_par' dir='ltr' id='par_1_15' title="bbox 567 1469 2138 1540">
     <span class='ocr_line' id='line_1_15' title="bbox 567 1469 2138 1540; baseline 0 -16"><span class='ocrx_word' id='word_1_85' title='bbox 567 1472 649 1524; x_wconf 91' lang='lat' dir='ltr'><strong>tit.</strong></span> <span class='ocrx_word' id='word_1_86' title='bbox 705 1488 724 1521; x_wconf 78' lang='grc' dir='ltr'><strong>ι</strong></span> <span class='ocrx_word' id='word_1_87' title='bbox 792 1470 859 1524; x_wconf 88' lang='grc' dir='ltr'><strong>Ει</strong></span> <span class='ocrx_word' id='word_1_88' title='bbox 913 1480 1035 1540; x_wconf 90' lang='lat' dir='ltr'><strong>post</strong></span> <span class='ocrx_word' id='word_1_89' title='bbox 1077 1470 1293 1540; x_wconf 84' lang='lat' dir='ltr'><strong>aliqua’</strong></span> <span class='ocrx_word' id='word_1_90' title='bbox 1336 1487 1352 1525; x_wconf 90' lang='lat'><strong>:</strong></span> <span class='ocrx_word' id='word_1_91' title='bbox 1404 1489 1421 1523; x_wconf 82' lang='grc' dir='ltr'><strong>ι</strong></span> <span class='ocrx_word' id='word_1_92' title='bbox 1451 1469 1586 1525; x_wconf 93' lang='lat' dir='ltr'><strong>Cum</strong></span> <span class='ocrx_word' id='word_1_93' title='bbox 1628 1471 1706 1526; x_wconf 85' lang='lat' dir='ltr'><strong>sic</strong></span> <span class='ocrx_word' id='word_1_94' title='bbox 1754 1472 2138 1527; x_wconf 85' lang='lat' dir='ltr'><strong>Constantinus</strong></span> 
     </span>
    </p>
   </div>
   <div class='ocr_carea' id='block_1_16' title="bbox 566 1561 2134 1633">
    <p class='ocr_par' dir='ltr' id='par_1_16' title="bbox 566 1561 2134 1633">
     <span class='ocr_line' id='line_1_16' title="bbox 566 1561 2134 1633; baseline 0.003 -22"><span class='ocrx_word' id='word_1_95' title='bbox 566 1561 747 1631; x_wconf 83' lang='lat' dir='ltr'><strong>(quem</strong></span> <span class='ocrx_word' id='word_1_96' title='bbox 779 1561 1162 1627; x_wconf 83' lang='lat' dir='ltr'><strong>imperatorem</strong></span> <span class='ocrx_word' id='word_1_97' title='bbox 1204 1575 1270 1616; x_wconf 81' lang='lat' dir='ltr'><strong>ex</strong></span> <span class='ocrx_word' id='word_1_98' title='bbox 1314 1562 1659 1632; x_wconf 87' lang='lat' dir='ltr'><strong>imperatore,</strong></span> <span class='ocrx_word' id='word_1_99' title='bbox 1706 1562 2024 1633; x_wconf 87' lang='lat' dir='ltr'><strong>religiosum</strong></span> <span class='ocrx_word' id='word_1_100' title='bbox 2069 1576 2134 1617; x_wconf 88' lang='lat' dir='ltr'><strong>ex</strong></span> 
     </span>
    </p>
   </div>
   <div class='ocr_carea' id='block_1_17' title="bbox 568 1648 2135 1719">
    <p class='ocr_par' dir='ltr' id='par_1_17' title="bbox 568 1648 2135 1719">
     <span class='ocr_line' id='line_1_17' title="bbox 568 1648 2135 1719; baseline 0.003 -18"><span class='ocrx_word' id='word_1_101' title='bbox 568 1648 978 1711; x_wconf 72' lang='lat' dir='ltr'><strong>religiosissimo</strong></span> <span class='ocrx_word' id='word_1_102' title='bbox 1010 1658 1163 1719; x_wconf 84' lang='lat' dir='ltr'><strong>patre</strong></span> <span class='ocrx_word' id='word_1_103' title='bbox 1190 1658 1245 1704; x_wconf 90' lang='lat' dir='ltr'><strong>et</strong></span> <span class='ocrx_word' id='word_1_104' title='bbox 1271 1651 1494 1705; x_wconf 90' lang='lat' dir='ltr'><strong>omnino</strong></span> <span class='ocrx_word' id='word_1_105' title='bbox 1524 1651 1927 1707; x_wconf 87' lang='lat' dir='ltr'><strong>modestissimo</strong></span> <span class='ocrx_word' id='word_1_106' title='bbox 1954 1662 2135 1707; x_wconf 90' lang='lat' dir='ltr'><strong>natum</strong></span> 
     </span>
    </p>
   </div>
   <div class='ocr_carea' id='block_1_18' title="bbox 565 1738 2137 1814">
    <p class='ocr_par' dir='ltr' id='par_1_18' title="bbox 565 1738 2137 1814">
     <span class='ocr_line' id='line_1_18' title="bbox 565 1738 2137 1814; baseline 0.004 -22"><span class='ocrx_word' id='word_1_107' title='bbox 565 1738 820 1809; x_wconf 78' lang='lat' dir='ltr'><strong>diximus)</strong></span> <span class='ocrx_word' id='word_1_108' title='bbox 855 1740 1139 1809; x_wconf 84' lang='lat' dir='ltr'><strong>prudentia</strong></span> <span class='ocrx_word' id='word_1_109' title='bbox 1173 1750 1226 1795; x_wconf 90' lang='lat' dir='ltr'><strong>et</strong></span> <span class='ocrx_word' id='word_1_110' title='bbox 1257 1742 1458 1810; x_wconf 86' lang='lat' dir='ltr'><strong>pietate</strong></span> <span class='ocrx_word' id='word_1_111' title='bbox 1489 1750 1740 1808; x_wconf 90' lang='lat' dir='ltr'><strong>ornatus,</strong></span> <span class='ocrx_word' id='word_1_112' title='bbox 1773 1742 1870 1797; x_wconf 91' lang='lat' dir='ltr'><strong>Dei</strong></span> <span class='ocrx_word' id='word_1_113' title='bbox 1900 1744 2137 1814; x_wconf 88' lang='lat' dir='ltr'><strong>impera-</strong></span> 
     </span>
    </p>
   </div>
   <div class='ocr_carea' id='block_1_19' title="bbox 557 1832 2139 1901">
    <p class='ocr_par' dir='ltr' id='par_1_19' title="bbox 557 1832 2139 1901">
     <span class='ocr_line' id='line_1_19' title="bbox 557 1832 2139 1901; baseline 0.004 -17"><span class='ocrx_word' id='word_1_114' title='bbox 557 1834 703 1885; x_wconf 77' lang='lat' dir='ltr'><strong>toris</strong></span> <span class='ocrx_word' id='word_1_115' title='bbox 746 1832 984 1885; x_wconf 86' lang='lat' dir='ltr'><strong>omnium</strong></span> <span class='ocrx_word' id='word_1_116' title='bbox 1035 1840 1089 1885; x_wconf 90' lang='lat' dir='ltr'><strong>et</strong></span> <span class='ocrx_word' id='word_1_117' title='bbox 1135 1832 1434 1888; x_wconf 86' lang='lat' dir='ltr'><strong>Salvatoris</strong></span> <span class='ocrx_word' id='word_1_118' title='bbox 1482 1834 1764 1901; x_wconf 89' lang='lat' dir='ltr'><strong>instinctu,</strong></span> <span class='ocrx_word' id='word_1_119' title='bbox 1810 1848 2001 1891; x_wconf 89' lang='lat' dir='ltr'><strong>contra</strong></span> <span class='ocrx_word' id='word_1_120' title='bbox 2037 1838 2139 1891; x_wconf 88' lang='lat' dir='ltr'><strong>im-</strong></span> 
     </span>
    </p>
   </div>
   <div class='ocr_carea' id='block_1_20' title="bbox 564 1906 2211 1998">
    <p class='ocr_par' dir='ltr' id='par_1_20' title="bbox 564 1906 2211 1998">
     <span class='ocr_line' id='line_1_20' title="bbox 564 1906 2211 1998; baseline 0.007 -25"><span class='ocrx_word' id='word_1_121' title='bbox 564 1923 842 1991; x_wconf 85' lang='lat' dir='ltr'><strong>piissimos</strong></span> <span class='ocrx_word' id='word_1_122' title='bbox 873 1932 1130 1993; x_wconf 84' lang='lat' dir='ltr'><strong>tyrannos</strong></span> <span class='ocrx_word' id='word_1_123' title='bbox 1158 1925 1426 1979; x_wconf 85' lang='lat' dir='ltr'><strong>excitatus</strong></span> <span class='ocrx_word' id='word_1_124' title='bbox 1452 1938 1596 1981; x_wconf 86' lang='lat' dir='ltr'><strong>esset</strong></span> <span class='ocrx_word' id='word_1_125' title='bbox 1628 1943 1641 1979; x_wconf 91' lang='lat'><strong>:</strong></span> <span class='ocrx_word' id='word_1_126' title='bbox 1668 1926 1855 1983; x_wconf 65' lang='lat' dir='ltr'><strong>Romae</strong></span> <span class='ocrx_word' id='word_1_127' title='bbox 1891 1930 2134 1998; x_wconf 90' lang='lat' dir='ltr'><strong>quidem,</strong></span> <span class='ocrx_word' id='word_1_128' title='bbox 2168 1906 2211 1961; x_wconf 71' lang='grc' dir='ltr'><strong>Β</strong></span> 
     </span>
    </p>
   </div>
   <div class='ocr_carea' id='block_1_21' title="bbox 572 2014 2137 2091">
    <p class='ocr_par' dir='ltr' id='par_1_21' title="bbox 572 2014 2137 2091">
     <span class='ocr_line' id='line_1_21' title="bbox 572 2014 2137 2091; baseline 0.005 -25"><span class='ocrx_word' id='word_1_129' title='bbox 572 2015 678 2067; x_wconf 87' lang='lat' dir='ltr'><strong>Deo</strong></span> <span class='ocrx_word' id='word_1_130' title='bbox 709 2027 864 2082; x_wconf 90' lang='lat' dir='ltr'><strong>opem</strong></span> <span class='ocrx_word' id='word_1_131' title='bbox 918 2014 1149 2081; x_wconf 73' lang='lat' dir='ltr'><strong>ferente,</strong></span> <span class='ocrx_word' id='word_1_132' title='bbox 1194 2015 1495 2073; x_wconf 81' lang='lat' dir='ltr'><strong>Maxentius</strong></span> <span class='ocrx_word' id='word_1_133' title='bbox 1522 2028 1719 2089; x_wconf 83' lang='lat' dir='ltr'><strong>praeter</strong></span> <span class='ocrx_word' id='word_1_134' title='bbox 1751 2022 1990 2074; x_wconf 90' lang='lat' dir='ltr'><strong>omnium</strong></span> <span class='ocrx_word' id='word_1_135' title='bbox 2025 2022 2137 2091; x_wconf 88' lang='lat' dir='ltr'><strong>opi-</strong></span> 
     </span>
    </p>
   </div>
   <div class='ocr_carea' id='block_1_22' title="bbox 567 2103 2140 2179">
    <p class='ocr_par' dir='ltr' id='par_1_22' title="bbox 567 2103 2140 2179">
     <span class='ocr_line' id='line_1_22' title="bbox 567 2103 2140 2179; baseline 0.006 -22"><span class='ocrx_word' id='word_1_136' title='bbox 567 2104 783 2157; x_wconf 87' lang='lat' dir='ltr'><strong>nionem</strong></span> <span class='ocrx_word' id='word_1_137' title='bbox 818 2103 886 2156; x_wconf 87' lang='lat' dir='ltr'><strong>ab</strong></span> <span class='ocrx_word' id='word_1_138' title='bbox 914 2103 1030 2171; x_wconf 89' lang='lat' dir='ltr'><strong>ipso</strong></span> <span class='ocrx_word' id='word_1_139' title='bbox 1063 2106 1308 2161; x_wconf 84' lang='lat' dir='ltr'><strong>devictus</strong></span> <span class='ocrx_word' id='word_1_140' title='bbox 1336 2108 1481 2162; x_wconf 89' lang='lat' dir='ltr'><strong>cadit</strong></span> <span class='ocrx_word' id='word_1_141' title='bbox 1511 2128 1524 2163; x_wconf 92' lang='lat'>:</span> <span class='ocrx_word' id='word_1_142' title='bbox 1553 2112 1641 2179; x_wconf 89' lang='lat' dir='ltr'><strong>qui</strong></span> <span class='ocrx_word' id='word_1_143' title='bbox 1680 2126 1806 2166; x_wconf 90' lang='lat' dir='ltr'><strong>vero</strong></span> <span class='ocrx_word' id='word_1_144' title='bbox 1835 2112 1886 2165; x_wconf 91' lang='lat' dir='ltr'><strong>in</strong></span> <span class='ocrx_word' id='word_1_145' title='bbox 1914 2112 2140 2167; x_wconf 78' lang='lat' dir='ltr'><strong>Oriente</strong></span> 
     </span>
    </p>
   </div>
   <div class='ocr_carea' id='block_1_23' title="bbox 566 2197 2137 2270">
    <p class='ocr_par' dir='ltr' id='par_1_23' title="bbox 566 2197 2137 2270">
     <span class='ocr_line' id='line_1_23' title="bbox 566 2197 2137 2270; baseline 0.006 -23"><span class='ocrx_word' id='word_1_146' title='bbox 566 2203 685 2247; x_wconf 88' lang='lat' dir='ltr'><strong>erat</strong></span> <span class='ocrx_word' id='word_1_147' title='bbox 718 2202 997 2262; x_wconf 88' lang='lat' dir='ltr'><strong>tyrannus,</strong></span> <span class='ocrx_word' id='word_1_148' title='bbox 1028 2210 1133 2249; x_wconf 93' lang='lat' dir='ltr'><strong>non</strong></span> <span class='ocrx_word' id='word_1_149' title='bbox 1165 2197 1332 2251; x_wconf 89' lang='lat' dir='ltr'><strong>multo</strong></span> <span class='ocrx_word' id='word_1_150' title='bbox 1360 2207 1606 2268; x_wconf 91' lang='lat' dir='ltr'><strong>tempore</strong></span> <span class='ocrx_word' id='word_1_151' title='bbox 1649 2201 1725 2254; x_wconf 90' lang='lat' dir='ltr'><strong>illi</strong></span> <span class='ocrx_word' id='word_1_152' title='bbox 1769 2212 2073 2270; x_wconf 88' lang='lat' dir='ltr'><strong>superstes,</strong></span> <span class='ocrx_word' id='word_1_153' title='bbox 2109 2220 2137 2256; x_wconf 91' lang='lat' dir='ltr'><strong>a</strong></span> 
     </span>
    </p>
   </div>
   <div class='ocr_carea' id='block_1_24' title="bbox 568 2280 2138 2361">
    <p class='ocr_par' dir='ltr' id='par_1_24' title="bbox 568 2280 2138 2361">
     <span class='ocr_line' id='line_1_24' title="bbox 568 2280 2138 2361; baseline 0.01 -26"><span class='ocrx_word' id='word_1_154' title='bbox 568 2280 778 2335; x_wconf 85' lang='lat' dir='ltr'><strong>Licinio</strong></span> <span class='ocrx_word' id='word_1_155' title='bbox 822 2284 1061 2337; x_wconf 82' lang='lat' dir='ltr'><strong>nondum</strong></span> <span class='ocrx_word' id='word_1_156' title='bbox 1113 2286 1420 2343; x_wconf 89' lang='lat' dir='ltr'><strong>insaniente</strong></span> <span class='ocrx_word' id='word_1_157' title='bbox 1473 2300 1651 2360; x_wconf 78' lang='lat' dir='ltr'><strong>(quem</strong></span> <span class='ocrx_word' id='word_1_158' title='bbox 1698 2292 2138 2361; x_wconf 79' lang='lat' dir='ltr'><strong>religiosissimus</strong></span> 
     </span>
    </p>
   </div>
   <div class='ocr_carea' id='block_1_25' title="bbox 555 2373 2136 2455">
    <p class='ocr_par' dir='ltr' id='par_1_25' title="bbox 555 2373 2136 2455">
     <span class='ocr_line' id='line_1_25' title="bbox 555 2373 2136 2455; baseline 0.008 -30"><span class='ocrx_word' id='word_1_159' title='bbox 555 2374 862 2440; x_wconf 78' lang='lat' dir='ltr'><strong>imperator</strong></span> <span class='ocrx_word' id='word_1_160' title='bbox 900 2373 1293 2432; x_wconf 86' lang='lat' dir='ltr'><strong>Constantinus</strong></span> <span class='ocrx_word' id='word_1_161' title='bbox 1340 2392 1405 2432; x_wconf 93' lang='lat' dir='ltr'><strong>eo</strong></span> <span class='ocrx_word' id='word_1_162' title='bbox 1459 2390 1647 2434; x_wconf 87' lang='lat' dir='ltr'><strong>contra</strong></span> <span class='ocrx_word' id='word_1_163' title='bbox 1690 2383 1835 2435; x_wconf 92' lang='lat' dir='ltr'><strong>illum</strong></span> <span class='ocrx_word' id='word_1_164' title='bbox 1886 2385 2136 2455; x_wconf 79' lang='lat' dir='ltr'><strong>miserat)</strong></span> 
     </span>
    </p>
   </div>
   <div class='ocr_carea' id='block_1_26' title="bbox 567 2466 2140 2532">
    <p class='ocr_par' dir='ltr' id='par_1_26' title="bbox 567 2466 2140 2532">
     <span class='ocr_line' id='line_1_26' title="bbox 567 2466 2140 2532; baseline 0.009 -16"><span class='ocrx_word' id='word_1_165' title='bbox 567 2470 875 2531; x_wconf 86' lang='lat' dir='ltr'><strong>superatus,</strong></span> <span class='ocrx_word' id='word_1_166' title='bbox 915 2466 1232 2532; x_wconf 87' lang='lat' dir='ltr'><strong>turpissima</strong></span> <span class='ocrx_word' id='word_1_167' title='bbox 1267 2481 1441 2525; x_wconf 91' lang='lat' dir='ltr'><strong>morte</strong></span> <span class='ocrx_word' id='word_1_168' title='bbox 1468 2472 1630 2525; x_wconf 91' lang='lat' dir='ltr'><strong>vitam</strong></span> <span class='ocrx_word' id='word_1_169' title='bbox 1666 2474 1823 2527; x_wconf 87' lang='lat' dir='ltr'><strong>liniil.</strong></span> <span class='ocrx_word' id='word_1_170' title='bbox 1874 2476 2140 2531; x_wconf 86' lang='lat' dir='ltr'><strong>Constan-</strong></span> 
     </span>
    </p>
   </div>
   <div class='ocr_carea' id='block_1_27' title="bbox 566 2550 2139 2639">
    <p class='ocr_par' dir='ltr' id='par_1_27' title="bbox 566 2550 2139 2639">
     <span class='ocr_line' id='line_1_27' title="bbox 566 2550 2139 2639; baseline 0.013 -37"><span class='ocrx_word' id='word_1_171' title='bbox 566 2550 713 2606; x_wconf 82' lang='lat' dir='ltr'><strong>tinus</strong></span> <span class='ocrx_word' id='word_1_172' title='bbox 741 2564 919 2609; x_wconf 89' lang='lat' dir='ltr'><strong>autem</strong></span> <span class='ocrx_word' id='word_1_173' title='bbox 949 2558 1155 2612; x_wconf 87' lang='lat' dir='ltr'><strong>honore</strong></span> <span class='ocrx_word' id='word_1_174' title='bbox 1188 2569 1243 2613; x_wconf 92' lang='lat' dir='ltr'><strong>et</strong></span> <span class='ocrx_word' id='word_1_175' title='bbox 1268 2559 1479 2630; x_wconf 89' lang='lat' dir='ltr'><strong>imperii</strong></span> <span class='ocrx_word' id='word_1_176' title='bbox 1508 2565 1675 2632; x_wconf 86' lang='lat' dir='ltr'><strong>gradu</strong></span> <span class='ocrx_word' id='word_1_177' title='bbox 1706 2582 1967 2633; x_wconf 90' lang='lat' dir='ltr'><strong>summus,</strong></span> <span class='ocrx_word' id='word_1_178' title='bbox 1995 2571 2139 2639; x_wconf 90' lang='lat' dir='ltr'><strong>prior</strong></span> 
     </span>
    </p>
   </div>
   <div class='ocr_carea' id='block_1_28' title="bbox 569 2643 2137 2727">
    <p class='ocr_par' dir='ltr' id='par_1_28' title="bbox 569 2643 2137 2727">
     <span class='ocr_line' id='line_1_28' title="bbox 569 2643 2137 2727; baseline 0.012 -30"><span class='ocrx_word' id='word_1_179' title='bbox 569 2643 687 2712; x_wconf 88' lang='lat' dir='ltr'><strong>ipse</strong></span> <span class='ocrx_word' id='word_1_180' title='bbox 729 2660 914 2701; x_wconf 90' lang='lat' dir='ltr'><strong>eorum</strong></span> <span class='ocrx_word' id='word_1_181' title='bbox 964 2650 1052 2717; x_wconf 90' lang='lat' dir='ltr'><strong>qui</strong></span> <span class='ocrx_word' id='word_1_182' title='bbox 1098 2651 1288 2707; x_wconf 71' lang='lat' dir='ltr'><strong>Romae</strong></span> <span class='ocrx_word' id='word_1_183' title='bbox 1337 2657 1625 2724; x_wconf 82' lang='lat' dir='ltr'><strong>tyrannide</strong></span> <span class='ocrx_word' id='word_1_184' title='bbox 1672 2660 2137 2727; x_wconf 83' lang='lat' dir='ltr'><strong>opprimebantur,</strong></span> 
     </span>
    </p>
   </div>
   <div class='ocr_carea' id='block_1_29' title="bbox 568 2739 2141 2822">
    <p class='ocr_par' dir='ltr' id='par_1_29' title="bbox 568 2739 2141 2822">
     <span class='ocr_line' id='line_1_29' title="bbox 568 2739 2141 2822; baseline 0.012 -34"><span class='ocrx_word' id='word_1_185' title='bbox 568 2747 727 2791; x_wconf 86' lang='lat' dir='ltr'><strong>antea</strong></span> <span class='ocrx_word' id='word_1_186' title='bbox 772 2739 1045 2805; x_wconf 75' lang='lat' dir='ltr'><strong>misertus,</strong></span> <span class='ocrx_word' id='word_1_187' title='bbox 1091 2755 1373 2813; x_wconf 87' lang='lat' dir='ltr'><strong>postquam</strong></span> <span class='ocrx_word' id='word_1_188' title='bbox 1412 2746 1577 2801; x_wconf 90' lang='lat' dir='ltr'><strong>Deum</strong></span> <span class='ocrx_word' id='word_1_189' title='bbox 1631 2750 2141 2822; x_wconf 67' lang='lat' dir='ltr'><strong>cmli,Verbumqne</strong></span> 
     </span>
    </p>
   </div>
   <div class='ocr_carea' id='block_1_30' title="bbox 566 2826 2141 2913">
    <p class='ocr_par' dir='ltr' id='par_1_30' title="bbox 566 2826 2141 2913">
     <span class='ocr_line' id='line_1_30' title="bbox 566 2826 2141 2913; baseline 0.012 -34"><span class='ocrx_word' id='word_1_190' title='bbox 566 2826 687 2895; x_wconf 85' lang='lat' dir='ltr'><strong>ejus</strong></span> <span class='ocrx_word' id='word_1_191' title='bbox 724 2827 908 2883; x_wconf 81' lang='lat' dir='ltr'><strong>Jesum</strong></span> <span class='ocrx_word' id='word_1_192' title='bbox 956 2831 1230 2887; x_wconf 84' lang='lat' dir='ltr'><strong>Christum</strong></span> <span class='ocrx_word' id='word_1_193' title='bbox 1265 2834 1599 2892; x_wconf 80' lang='lat' dir='ltr'><strong>Salratorem</strong></span> <span class='ocrx_word' id='word_1_194' title='bbox 1633 2841 1898 2905; x_wconf 88' lang='lat' dir='ltr'><strong>onminm,</strong></span> <span class='ocrx_word' id='word_1_195' title='bbox 1934 2844 2141 2913; x_wconf 85' lang='lat' dir='ltr'><strong>adjuto-</strong></span> 
     </span>
    </p>
   </div>
   <div class='ocr_carea' id='block_1_31' title="bbox 555 2920 2141 2993">
    <p class='ocr_par' dir='ltr' id='par_1_31' title="bbox 555 2920 2141 2993">
     <span class='ocr_line' id='line_1_31' title="bbox 555 2920 2141 2993; baseline 0.013 -24"><span class='ocrx_word' id='word_1_196' title='bbox 555 2932 684 2971; x_wconf 65' lang='lat' dir='ltr'><strong>~rem</strong></span> <span class='ocrx_word' id='word_1_197' title='bbox 716 2920 818 2973; x_wconf 86' lang='lat' dir='ltr'><strong>sibi</strong></span> <span class='ocrx_word' id='word_1_198' title='bbox 843 2923 1092 2988; x_wconf 78' lang='lat' dir='ltr'><strong>precibus</strong></span> <span class='ocrx_word' id='word_1_199' title='bbox 1125 2925 1450 2993; x_wconf 86' lang='lat' dir='ltr'><strong>invocasset,</strong></span> <span class='ocrx_word' id='word_1_200' title='bbox 1482 2930 1706 2983; x_wconf 83' lang='lat' dir='ltr'><strong>Romam</strong></span> <span class='ocrx_word' id='word_1_201' title='bbox 1739 2947 1858 2985; x_wconf 90' lang='lat' dir='ltr'><strong>cum</strong></span> <span class='ocrx_word' id='word_1_202' title='bbox 1890 2936 2141 2991; x_wconf 89' lang='lat' dir='ltr'><strong>omnibus</strong></span> 
     </span>
    </p>
   </div>
   <div class='ocr_carea' id='block_1_32' title="bbox 571 3009 2136 3091">
    <p class='ocr_par' dir='ltr' id='par_1_32' title="bbox 571 3009 2136 3091">
     <span class='ocr_line' id='line_1_32' title="bbox 571 3009 2136 3091; baseline 0.012 -28"><span class='ocrx_word' id='word_1_203' title='bbox 571 3009 743 3078; x_wconf 89' lang='lat' dir='ltr'><strong>c0piis</strong></span> <span class='ocrx_word' id='word_1_204' title='bbox 782 3013 1166 3080; x_wconf 82' lang='lat' dir='ltr'><strong>proﬁciscitur,</strong></span> <span class='ocrx_word' id='word_1_205' title='bbox 1211 3028 1268 3070; x_wconf 92' lang='lat' dir='ltr'><strong>ut</strong></span> <span class='ocrx_word' id='word_1_206' title='bbox 1298 3018 1559 3075; x_wconf 74' lang='lat' dir='ltr'><strong>Romanis</strong></span> <span class='ocrx_word' id='word_1_207' title='bbox 1592 3024 1873 3091; x_wconf 88' lang='lat' dir='ltr'><strong>pristinam</strong></span> <span class='ocrx_word' id='word_1_208' title='bbox 1927 3026 2136 3081; x_wconf 89' lang='lat' dir='ltr'><strong>liberta-</strong></span> 
     </span>
    </p>
   </div>
   <div class='ocr_carea' id='block_1_33' title="bbox 573 3107 2137 3180">
    <p class='ocr_par' dir='ltr' id='par_1_33' title="bbox 573 3107 2137 3180">
     <span class='ocr_line' id='line_1_33' title="bbox 573 3107 2137 3180; baseline 0.012 -29"><span class='ocrx_word' id='word_1_209' title='bbox 573 3108 707 3165; x_wconf 88' lang='lat' dir='ltr'><strong>tem,</strong></span> <span class='ocrx_word' id='word_1_210' title='bbox 734 3117 896 3167; x_wconf 89' lang='lat' dir='ltr'><strong>quam</strong></span> <span class='ocrx_word' id='word_1_211' title='bbox 946 3120 975 3157; x_wconf 92' lang='lat' dir='ltr'><strong>a</strong></span> <span class='ocrx_word' id='word_1_212' title='bbox 1008 3107 1308 3176; x_wconf 85' lang='lat' dir='ltr'><strong>majoribus</strong></span> <span class='ocrx_word' id='word_1_213' title='bbox 1357 3126 1701 3180; x_wconf 87' lang='lat' dir='ltr'><strong>acceperunt,</strong></span> <span class='ocrx_word' id='word_1_214' title='bbox 1748 3118 2077 3172; x_wconf 87' lang='lat' dir='ltr'><strong>restitueret.</strong></span> <span class='ocrx_word' id='word_1_215' title='bbox 2119 3138 2137 3170; x_wconf 68' lang='grc' dir='ltr'><strong>ι</strong></span> 
     </span>
    </p>
   </div>
   <div class='ocr_carea' id='block_1_34' title="bbox 568 3190 2142 3265">
    <p class='ocr_par' dir='ltr' id='par_1_34' title="bbox 568 3190 2142 3265">
     <span class='ocr_line' id='line_1_34' title="bbox 568 3190 2142 3265; baseline 0.013 -21"><span class='ocrx_word' id='word_1_216' title='bbox 568 3190 697 3246; x_wconf 81' lang='lat' dir='ltr'><strong>Haec</strong></span> <span class='ocrx_word' id='word_1_217' title='bbox 736 3191 1019 3250; x_wconf 89' lang='lat' dir='ltr'><strong>Eusebius.</strong></span> <span class='ocrx_word' id='word_1_218' title='bbox 1054 3198 1296 3255; x_wconf 70' lang='lat' dir='ltr'><strong>Bullinus</strong></span> <span class='ocrx_word' id='word_1_219' title='bbox 1325 3217 1452 3256; x_wconf 91' lang='lat' dir='ltr'><strong>vero</strong></span> <span class='ocrx_word' id='word_1_220' title='bbox 1491 3204 1616 3259; x_wconf 89' lang='lat' dir='ltr'><strong>licet</strong></span> <span class='ocrx_word' id='word_1_221' title='bbox 1662 3221 1768 3260; x_wconf 89' lang='lat' dir='ltr'><strong>non</strong></span> <span class='ocrx_word' id='word_1_222' title='bbox 1821 3210 2008 3264; x_wconf 91' lang='lat' dir='ltr'><strong>ordine</strong></span> <span class='ocrx_word' id='word_1_223' title='bbox 2057 3228 2142 3265; x_wconf 89' lang='lat' dir='ltr'><strong>re-</strong></span> 
     </span>
    </p>
   </div>
   <div class='ocr_carea' id='block_1_35' title="bbox 574 3294 2140 3360">
    <p class='ocr_par' dir='ltr' id='par_1_35' title="bbox 574 3294 2140 3360">
     <span class='ocr_line' id='line_1_35' title="bbox 574 3294 2140 3360; baseline 0.015 -25"><span class='ocrx_word' id='word_1_224' title='bbox 574 3299 692 3337; x_wconf 90' lang='lat' dir='ltr'><strong>rum</strong></span> <span class='ocrx_word' id='word_1_225' title='bbox 717 3300 933 3340; x_wconf 73' lang='lat' dir='ltr'><strong>omnem</strong></span> <span class='ocrx_word' id='word_1_226' title='bbox 960 3294 1423 3360; x_wconf 89' lang='lat' dir='ltr'><strong>consequentiam,</strong></span> <span class='ocrx_word' id='word_1_227' title='bbox 1451 3305 1504 3349; x_wconf 92' lang='lat' dir='ltr'><strong>et</strong></span> <span class='ocrx_word' id='word_1_228' title='bbox 1535 3298 1777 3353; x_wconf 83' lang='lat' dir='ltr'><strong>veritatis</strong></span> <span class='ocrx_word' id='word_1_229' title='bbox 1805 3301 2140 3358; x_wconf 85' lang='lat' dir='ltr'><strong>harmoniam</strong></span> 
     </span>
    </p>
   </div>
   <div class='ocr_carea' id='block_1_36' title="bbox 568 3380 2141 3460">
    <p class='ocr_par' dir='ltr' id='par_1_36' title="bbox 568 3380 2141 3460">
     <span class='ocr_line' id='line_1_36' title="bbox 568 3380 2141 3460; baseline 0.014 -32"><span class='ocrx_word' id='word_1_230' title='bbox 568 3386 813 3442; x_wconf 85' lang='lat' dir='ltr'><strong>secutus,</strong></span> <span class='ocrx_word' id='word_1_231' title='bbox 851 3380 1077 3435; x_wconf 81' lang='lat' dir='ltr'><strong>illustris</strong></span> <span class='ocrx_word' id='word_1_232' title='bbox 1116 3384 1262 3439; x_wconf 92' lang='lat' dir='ltr'><strong>illius</strong></span> <span class='ocrx_word' id='word_1_233' title='bbox 1310 3385 1529 3441; x_wconf 87' lang='lat' dir='ltr'><strong>Eusebii</strong></span> <span class='ocrx_word' id='word_1_234' title='bbox 1560 3388 1825 3460; x_wconf 88' lang='lat' dir='ltr'><strong>Pamphili</strong></span> <span class='ocrx_word' id='word_1_235' title='bbox 1861 3396 2141 3451; x_wconf 82' lang='lat' dir='ltr'><strong>historiam</strong></span> 
     </span>
    </p>
   </div>
   <div class='ocr_carea' id='block_1_37' title="bbox 570 3470 2144 3549">
    <p class='ocr_par' dir='ltr' id='par_1_37' title="bbox 570 3470 2144 3549">
     <span class='ocr_line' id='line_1_37' title="bbox 570 3470 2144 3549; baseline 0.013 -26"><span class='ocrx_word' id='word_1_236' title='bbox 570 3470 883 3537; x_wconf 77' lang='lat' dir='ltr'><strong>exposuerit</strong></span> <span class='ocrx_word' id='word_1_237' title='bbox 934 3481 1161 3526; x_wconf 90' lang='lat' dir='ltr'><strong>:tamen</strong></span> <span class='ocrx_word' id='word_1_238' title='bbox 1220 3491 1319 3546; x_wconf 87' lang='lat' dir='ltr'><strong>ego</strong></span> <span class='ocrx_word' id='word_1_239' title='bbox 1366 3494 1700 3549; x_wconf 63' lang='lat' dir='ltr'><strong>quaecunque</strong></span> <span class='ocrx_word' id='word_1_240' title='bbox 1746 3482 1922 3537; x_wconf 82' lang='lat' dir='ltr'><strong>aﬂinia</strong></span> <span class='ocrx_word' id='word_1_241' title='bbox 1974 3488 2144 3543; x_wconf 87' lang='lat' dir='ltr'><strong>Ense-</strong></span> 
     </span>
    </p>
   </div>
   <div class='ocr_carea' id='block_1_38' title="bbox 572 3560 2143 3641">
    <p class='ocr_par' dir='ltr' id='par_1_38' title="bbox 572 3560 2143 3641">
     <span class='ocr_line' id='line_1_38' title="bbox 572 3560 2143 3641; baseline 0.011 -26"><span class='ocrx_word' id='word_1_242' title='bbox 572 3560 748 3615; x_wconf 80' lang='lat' dir='ltr'><strong>biame</strong></span> <span class='ocrx_word' id='word_1_243' title='bbox 797 3560 1036 3618; x_wconf 67' lang='lat' dir='ltr'><strong>historia:</strong></span> <span class='ocrx_word' id='word_1_244' title='bbox 1084 3566 1359 3633; x_wconf 82' lang='lat' dir='ltr'><strong>invenero,</strong></span> <span class='ocrx_word' id='word_1_245' title='bbox 1397 3587 1518 3625; x_wconf 88' lang='lat' dir='ltr'><strong>cum</strong></span> <span class='ocrx_word' id='word_1_246' title='bbox 1562 3573 1614 3626; x_wconf 91' lang='lat' dir='ltr'><strong>in</strong></span> <span class='ocrx_word' id='word_1_247' title='bbox 1666 3573 1899 3641; x_wconf 84' lang='lat' dir='ltr'><strong>Rullino,</strong></span> <span class='ocrx_word' id='word_1_248' title='bbox 1936 3587 2046 3631; x_wconf 93' lang='lat' dir='ltr'><strong>tum</strong></span> <span class='ocrx_word' id='word_1_249' title='bbox 2092 3580 2143 3632; x_wconf 94' lang='lat' dir='ltr'><strong>in</strong></span> 
     </span>
    </p>
   </div>
   <div class='ocr_carea' id='block_1_39' title="bbox 562 3651 2145 3736">
    <p class='ocr_par' dir='ltr' id='par_1_39' title="bbox 562 3651 2145 3736">
     <span class='ocr_line' id='line_1_39' title="bbox 562 3651 2145 3736; baseline 0.011 -28"><span class='ocrx_word' id='word_1_250' title='bbox 562 3651 933 3722; x_wconf 74' lang='lat' dir='ltr'><strong>scriptoribus</strong></span> <span class='ocrx_word' id='word_1_251' title='bbox 981 3658 1122 3724; x_wconf 84' lang='lat' dir='ltr'><strong>aliis,</strong></span> <span class='ocrx_word' id='word_1_252' title='bbox 1186 3661 1466 3732; x_wconf 83' lang='lat' dir='ltr'><strong>colligens,</strong></span> <span class='ocrx_word' id='word_1_253' title='bbox 1519 3677 1577 3718; x_wconf 93' lang='lat' dir='ltr'><strong>ut</strong></span> <span class='ocrx_word' id='word_1_254' title='bbox 1618 3680 1781 3736; x_wconf 88' lang='lat' dir='ltr'><strong>supra</strong></span> <span class='ocrx_word' id='word_1_255' title='bbox 1830 3669 1965 3733; x_wconf 72' lang='lat' dir='ltr'><strong>dixi,</strong></span> <span class='ocrx_word' id='word_1_256' title='bbox 2024 3671 2145 3725; x_wconf 92' lang='lat' dir='ltr'><strong>huic</strong></span> 
     </span>
    </p>
   </div>
   <div class='ocr_carea' id='block_1_40' title="bbox 573 3748 2144 3829">
    <p class='ocr_par' dir='ltr' id='par_1_40' title="bbox 573 3748 2144 3829">
     <span class='ocr_line' id='line_1_40' title="bbox 573 3748 2144 3829; baseline 0.01 -29"><span class='ocrx_word' id='word_1_257' title='bbox 573 3748 727 3816; x_wconf 89' lang='lat' dir='ltr'><strong>operi</strong></span> <span class='ocrx_word' id='word_1_258' title='bbox 784 3749 1042 3804; x_wconf 85' lang='lat' dir='ltr'><strong>inseram.</strong></span> <span class='ocrx_word' id='word_1_259' title='bbox 1090 3750 1182 3805; x_wconf 91' lang='lat' dir='ltr'><strong>llle</strong></span> <span class='ocrx_word' id='word_1_260' title='bbox 1228 3768 1354 3807; x_wconf 85' lang='lat' dir='ltr'><strong>vero</strong></span> <span class='ocrx_word' id='word_1_261' title='bbox 1405 3756 1486 3809; x_wconf 87' lang='lat' dir='ltr'><strong>sic</strong></span> <span class='ocrx_word' id='word_1_262' title='bbox 1532 3756 1608 3809; x_wconf 85' lang='lat' dir='ltr'><strong>ait</strong></span> <span class='ocrx_word' id='word_1_263' title='bbox 1647 3757 1723 3827; x_wconf 79' lang='grc'><strong>(5)</strong></span> <span class='ocrx_word' id='word_1_264' title='bbox 1754 3774 1768 3810; x_wconf 90' lang='lat'><strong>:</strong></span> <span class='ocrx_word' id='word_1_265' title='bbox 1805 3778 1823 3809; x_wconf 85' lang='grc'><em>‹</em></span> <span class='ocrx_word' id='word_1_266' title='bbox 1857 3758 2144 3829; x_wconf 87' lang='lat' dir='ltr'><strong>Postquam</strong></span> 
     </span>
    </p>
   </div>
   <div class='ocr_carea' id='block_1_41' title="bbox 576 3840 2147 3922">
    <p class='ocr_par' dir='ltr' id='par_1_41' title="bbox 576 3840 2147 3922">
     <span class='ocr_line' id='line_1_41' title="bbox 576 3840 2147 3922; baseline 0.01 -30"><span class='ocrx_word' id='word_1_267' title='bbox 576 3840 938 3897; x_wconf 72' lang='lat' dir='ltr'><strong>liioolelianus</strong></span> <span class='ocrx_word' id='word_1_268' title='bbox 982 3854 1036 3896; x_wconf 90' lang='lat' dir='ltr'><strong>et</strong></span> <span class='ocrx_word' id='word_1_269' title='bbox 1085 3842 1446 3899; x_wconf 77' lang='lat' dir='ltr'><strong>Maximianus</strong></span> <span class='ocrx_word' id='word_1_270' title='bbox 1502 3849 1651 3917; x_wconf 78' lang='lat' dir='ltr'><strong>regni</strong></span> <span class='ocrx_word' id='word_1_271' title='bbox 1706 3850 1939 3920; x_wconf 87' lang='lat' dir='ltr'><strong>insignia</strong></span> <span class='ocrx_word' id='word_1_272' title='bbox 1986 3855 2147 3922; x_wconf 80' lang='lat' dir='ltr'><strong>depo-</strong></span> 
     </span>
    </p>
   </div>
   <div class='ocr_carea' id='block_1_42' title="bbox 570 3928 2143 4013">
    <p class='ocr_par' dir='ltr' id='par_1_42' title="bbox 570 3928 2143 4013">
     <span class='ocr_line' id='line_1_42' title="bbox 570 3928 2143 4013; baseline 0.011 -33"><span class='ocrx_word' id='word_1_273' title='bbox 570 3928 832 3990; x_wconf 77' lang='lat' dir='ltr'><strong>suissent,</strong></span> <span class='ocrx_word' id='word_1_274' title='bbox 872 3942 937 3982; x_wconf 93' lang='lat' dir='ltr'><strong>ac</strong></span> <span class='ocrx_word' id='word_1_275' title='bbox 972 3928 1323 3987; x_wconf 89' lang='lat' dir='ltr'><strong>Constantius</strong></span> <span class='ocrx_word' id='word_1_276' title='bbox 1352 3936 1681 3990; x_wconf 77' lang='lat' dir='ltr'><strong>excessisset</strong></span> <span class='ocrx_word' id='word_1_277' title='bbox 1729 3953 1760 3991; x_wconf 92' lang='lat' dir='ltr'><strong>e</strong></span> <span class='ocrx_word' id='word_1_278' title='bbox 1790 3940 1919 4003; x_wconf 79' lang='lat' dir='ltr'><strong>vita,</strong></span> <span class='ocrx_word' id='word_1_279' title='bbox 1954 3944 2143 4013; x_wconf 84' lang='lat' dir='ltr'><strong>reliqui</strong></span> 
     </span>
    </p>
   </div>
   <div class='ocr_carea' id='block_1_43' title="bbox 581 4017 2144 4098">
    <p class='ocr_par' dir='ltr' id='par_1_43' title="bbox 581 4017 2144 4098">
     <span class='ocr_line' id='line_1_43' title="bbox 581 4017 2144 4098; baseline 0.01 -27"><span class='ocrx_word' id='word_1_280' title='bbox 581 4017 808 4073; x_wconf 70' lang='lat' dir='ltr'><strong>Romani</strong></span> <span class='ocrx_word' id='word_1_281' title='bbox 866 4019 1079 4089; x_wconf 91' lang='lat' dir='ltr'><strong>imperii</strong></span> <span class='ocrx_word' id='word_1_282' title='bbox 1130 4037 1284 4089; x_wconf 87' lang='lat' dir='ltr'><strong>reges</strong></span> <span class='ocrx_word' id='word_1_283' title='bbox 1335 4023 1426 4092; x_wconf 92' lang='lat' dir='ltr'><strong>qni</strong></span> <span class='ocrx_word' id='word_1_284' title='bbox 1482 4026 1642 4079; x_wconf 82' lang='lat' dir='ltr'><strong>simul</strong></span> <span class='ocrx_word' id='word_1_285' title='bbox 1678 4026 2037 4098; x_wconf 89' lang='lat' dir='ltr'><strong>imperabant,</strong></span> <span class='ocrx_word' id='word_1_286' title='bbox 2092 4034 2144 4087; x_wconf 89' lang='lat' dir='ltr'><strong>hi</strong></span> 
     </span>
    </p>
   </div>
   <div class='ocr_carea' id='block_1_44' title="bbox 578 4106 2144 4191">
    <p class='ocr_par' dir='ltr' id='par_1_44' title="bbox 578 4106 2144 4191">
     <span class='ocr_line' id='line_1_44' title="bbox 578 4106 2144 4191; baseline 0.011 -30"><span class='ocrx_word' id='word_1_287' title='bbox 578 4118 754 4161; x_wconf 89' lang='lat' dir='ltr'><strong>orant.</strong></span> <span class='ocrx_word' id='word_1_288' title='bbox 786 4106 1177 4165; x_wconf 86' lang='lat' dir='ltr'><strong>Constantinus</strong></span> <span class='ocrx_word' id='word_1_289' title='bbox 1211 4114 1261 4166; x_wconf 95' lang='lat' dir='ltr'><strong>in</strong></span> <span class='ocrx_word' id='word_1_290' title='bbox 1298 4123 1502 4182; x_wconf 85' lang='lat' dir='ltr'><strong>partem</strong></span> <span class='ocrx_word' id='word_1_291' title='bbox 1533 4119 1706 4186; x_wconf 89' lang='lat' dir='ltr'><strong>patris</strong></span> <span class='ocrx_word' id='word_1_292' title='bbox 1748 4121 1830 4174; x_wconf 90' lang='lat' dir='ltr'><strong>sui</strong></span> <span class='ocrx_word' id='word_1_293' title='bbox 1862 4125 2144 4191; x_wconf 83' lang='lat' dir='ltr'><strong>successit,</strong></span> 
     </span>
    </p>
   </div>
   <div class='ocr_carea' id='block_1_45' title="bbox 575 4197 2147 4280">
    <p class='ocr_par' dir='ltr' id='par_1_45' title="bbox 575 4197 2147 4280">
     <span class='ocr_line' id='line_1_45' title="bbox 575 4197 2147 4280; baseline 0.017 -32"><span class='ocrx_word' id='word_1_294' title='bbox 575 4212 693 4266; x_wconf 65' lang='lat' dir='ltr'><strong>quae</strong></span> <span class='ocrx_word' id='word_1_295' title='bbox 727 4197 793 4251; x_wconf 92' lang='lat' dir='ltr'><strong>ab</strong></span> <span class='ocrx_word' id='word_1_296' title='bbox 817 4213 879 4251; x_wconf 89' lang='lat' dir='ltr'><strong>ea</strong></span> <span class='ocrx_word' id='word_1_297' title='bbox 909 4214 1029 4268; x_wconf 82' lang='lat' dir='ltr'><strong>quae</strong></span> <span class='ocrx_word' id='word_1_298' title='bbox 1055 4214 1281 4257; x_wconf 82' lang='lat' dir='ltr'><strong>vocatur</strong></span> <span class='ocrx_word' id='word_1_299' title='bbox 1306 4204 1517 4275; x_wconf 89' lang='lat' dir='ltr'><strong>Europa</strong></span> <span class='ocrx_word' id='word_1_300' title='bbox 1553 4209 1837 4280; x_wconf 88' lang='lat' dir='ltr'><strong>incipiens,</strong></span> <span class='ocrx_word' id='word_1_301' title='bbox 1870 4216 1935 4269; x_wconf 91' lang='lat' dir='ltr'><strong>ad</strong></span> <span class='ocrx_word' id='word_1_302' title='bbox 1968 4215 2147 4273; x_wconf 83' lang='lat' dir='ltr'><strong>Danu-</strong></span> 
     </span>
    </p>
   </div>
   <div class='ocr_carea' id='block_1_46' title="bbox 526 4280 2145 4374">
    <p class='ocr_par' dir='ltr' id='par_1_46' title="bbox 526 4280 2145 4374">
     <span class='ocr_line' id='line_1_46' title="bbox 526 4280 2145 4374; baseline 0.017 -36"><span class='ocrx_word' id='word_1_303' title='bbox 526 4280 529 4283; x_wconf 54' lang='grc'><strong>⁷</strong></span> <span class='ocrx_word' id='word_1_304' title='bbox 576 4287 721 4340; x_wconf 91' lang='lat' dir='ltr'><strong>binm</strong></span> <span class='ocrx_word' id='word_1_305' title='bbox 757 4301 926 4357; x_wconf 91' lang='lat' dir='ltr'><strong>usque</strong></span> <span class='ocrx_word' id='word_1_306' title='bbox 957 4294 1314 4359; x_wconf 86' lang='lat' dir='ltr'><strong>protenditur,</strong></span> <span class='ocrx_word' id='word_1_307' title='bbox 1362 4306 1647 4367; x_wconf 85' lang='lat' dir='ltr'><strong>utramque</strong></span> <span class='ocrx_word' id='word_1_308' title='bbox 1693 4301 1991 4374; x_wconf 83' lang='lat' dir='ltr'><strong>Scythiam,</strong></span> <span class='ocrx_word' id='word_1_309' title='bbox 2022 4307 2145 4364; x_wconf 85' lang='lat' dir='ltr'><strong>Cel-</strong></span> 
     </span>
    </p>
   </div>
   <div class='ocr_carea' id='block_1_47' title="bbox 577 4380 2145 4456">
    <p class='ocr_par' dir='ltr' id='par_1_47' title="bbox 577 4380 2145 4456">
     <span class='ocr_line' id='line_1_47' title="bbox 577 4380 2145 4456; baseline 0.018 -27"><span class='ocrx_word' id='word_1_310' title='bbox 577 4388 662 4432; x_wconf 86' lang='lat' dir='ltr'><strong>tas</strong></span> <span class='ocrx_word' id='word_1_311' title='bbox 693 4392 907 4445; x_wconf 91' lang='lat' dir='ltr'><strong>omnes,</strong></span> <span class='ocrx_word' id='word_1_312' title='bbox 945 4380 1174 4451; x_wconf 76' lang='lat' dir='ltr'><strong>Illyrios,</strong></span> <span class='ocrx_word' id='word_1_313' title='bbox 1220 4382 1525 4453; x_wconf 88' lang='lat' dir='ltr'><strong>Sarmatas,</strong></span> <span class='ocrx_word' id='word_1_314' title='bbox 1558 4398 1613 4445; x_wconf 90' lang='lat' dir='ltr'><strong>et</strong></span> <span class='ocrx_word' id='word_1_315' title='bbox 1638 4407 1849 4449; x_wconf 88' lang='lat' dir='ltr'><strong>onmem</strong></span> <span class='ocrx_word' id='word_1_316' title='bbox 1878 4394 2145 4456; x_wconf 87' lang='lat' dir='ltr'><strong>Barbaro-</strong></span> 
     </span>
    </p>
   </div>
   <div class='ocr_carea' id='block_1_48' title="bbox 576 4474 2142 4560">
    <p class='ocr_par' dir='ltr' id='par_1_48' title="bbox 576 4474 2142 4560">
     <span class='ocr_line' id='line_1_48' title="bbox 576 4474 2142 4560; baseline 0.015 -37"><span class='ocrx_word' id='word_1_317' title='bbox 576 4484 695 4523; x_wconf 87' lang='lat' dir='ltr'><strong>rum</strong></span> <span class='ocrx_word' id='word_1_318' title='bbox 733 4477 931 4525; x_wconf 90' lang='lat' dir='ltr'><strong>terram</strong></span> <span class='ocrx_word' id='word_1_319' title='bbox 989 4489 1109 4543; x_wconf 70' lang='lat' dir='ltr'><strong>quae</strong></span> <span class='ocrx_word' id='word_1_320' title='bbox 1156 4477 1222 4531; x_wconf 87' lang='lat' dir='ltr'><strong>ad</strong></span> <span class='ocrx_word' id='word_1_321' title='bbox 1266 4474 1515 4534; x_wconf 80' lang='lat' dir='ltr'><strong>Rhenum</strong></span> <span class='ocrx_word' id='word_1_322' title='bbox 1564 4480 1783 4539; x_wconf 83' lang='lat' dir='ltr'><strong>ﬂuvium</strong></span> <span class='ocrx_word' id='word_1_323' title='bbox 1831 4490 2142 4560; x_wconf 89' lang='lat' dir='ltr'><strong>porrigitur,</strong></span> 
     </span>
    </p>
   </div>
   <div class='ocr_carea' id='block_1_49' title="bbox 2232 652 3807 725">
    <p class='ocr_par' dir='ltr' id='par_1_49' title="bbox 2232 652 3807 725">
     <span class='ocr_line' id='line_1_49' title="bbox 2232 652 3807 725; baseline -0.001 -19"><span class='ocrx_word' id='word_1_324' title='bbox 2232 654 2515 722; x_wconf 80' lang='grc' dir='ltr'>εὐδόκιμον</span> <span class='ocrx_word' id='word_1_325' title='bbox 2546 654 2637 707; x_wconf 83' lang='grc' dir='ltr'><strong>καὶ</strong></span> <span class='ocrx_word' id='word_1_326' title='bbox 2670 653 3077 725; x_wconf 72' lang='grc' dir='ltr'><strong>τρισμακάριον</strong></span> <span class='ocrx_word' id='word_1_327' title='bbox 3103 654 3370 724; x_wconf 78' lang='grc' dir='ltr'>ἀπείληφε</span> <span class='ocrx_word' id='word_1_328' title='bbox 3409 652 3502 706; x_wconf 88' lang='grc' dir='ltr'><strong>τοῦ</strong></span> <span class='ocrx_word' id='word_1_329' title='bbox 3539 652 3677 722; x_wconf 84' lang='grc' dir='ltr'><strong>βίου,</strong></span> <span class='ocrx_word' id='word_1_330' title='bbox 3710 654 3807 723; x_wconf 83' lang='grc' dir='ltr'><strong>μό-</strong></span> 
     </span>
    </p>
   </div>
   <div class='ocr_carea' id='block_1_50' title="bbox 2231 741 3808 816">
    <p class='ocr_par' dir='ltr' id='par_1_50' title="bbox 2231 741 3808 816">
     <span class='ocr_line' id='line_1_50' title="bbox 2231 741 3808 816; baseline -0.003 -19"><span class='ocrx_word' id='word_1_331' title='bbox 2231 762 2319 808; x_wconf 90' lang='grc' dir='ltr'><strong>νος</strong></span> <span class='ocrx_word' id='word_1_332' title='bbox 2339 784 2353 807; x_wconf 97' lang='grc'><strong>,</strong></span> <span class='ocrx_word' id='word_1_333' title='bbox 2382 744 2473 797; x_wconf 76' lang='grc' dir='ltr'><strong>ἐπὶ</strong></span> <span class='ocrx_word' id='word_1_334' title='bbox 2506 743 2596 816; x_wconf 80' lang='grc' dir='ltr'><strong>[τσ</strong></span> <span class='ocrx_word' id='word_1_335' title='bbox 2623 744 2910 811; x_wconf 76' lang='grc' dir='ltr'><strong>παρέλκει</strong></span> <span class='ocrx_word' id='word_1_336' title='bbox 2942 743 3029 808; x_wconf 80' lang='grc' dir='ltr'><strong>τὸ,</strong></span> <span class='ocrx_word' id='word_1_337' title='bbox 3063 741 3180 814; x_wconf 77' lang='grc' dir='ltr'><strong>ἐπὶ]</strong></span> <span class='ocrx_word' id='word_1_338' title='bbox 3217 742 3317 812; x_wconf 82' lang='grc' dir='ltr'><strong>τῆς</strong></span> <span class='ocrx_word' id='word_1_339' title='bbox 3338 741 3500 796; x_wconf 89' lang='grc' dir='ltr'><strong>αὐτοῦ</strong></span> <span class='ocrx_word' id='word_1_340' title='bbox 3532 741 3808 812; x_wconf 79' lang='grc' dir='ltr'><strong>βασιλείας</strong></span> 
     </span>
    </p>
   </div>
   <div class='ocr_carea' id='block_1_51' title="bbox 2231 834 3811 906">
    <p class='ocr_par' dir='ltr' id='par_1_51' title="bbox 2231 834 3811 906">
     <span class='ocr_line' id='line_1_51' title="bbox 2231 834 3811 906; baseline 0.001 -20"><span class='ocrx_word' id='word_1_341' title='bbox 2231 835 2478 904; x_wconf 81' lang='grc' dir='ltr'><strong>εὐμενῶς</strong></span> <span class='ocrx_word' id='word_1_342' title='bbox 2505 835 2601 887; x_wconf 57' lang='grc' dir='ltr'><strong>καὶ¹</strong></span> <span class='ocrx_word' id='word_1_343' title='bbox 2631 835 2888 901; x_wconf 81' lang='grc' dir='ltr'><strong>έπιδόξως</strong></span> <span class='ocrx_word' id='word_1_344' title='bbox 2920 836 3013 888; x_wconf 74' lang='grc' dir='ltr'><strong>ἐπὶ</strong></span> <span class='ocrx_word' id='word_1_345' title='bbox 3042 834 3272 905; x_wconf 81' lang='grc' dir='ltr'><strong>διαδόχῳ</strong></span> <span class='ocrx_word' id='word_1_346' title='bbox 3296 835 3501 906; x_wconf 78' lang='grc' dir='ltr'><strong>γνησίῳ</strong></span> <span class='ocrx_word' id='word_1_347' title='bbox 3530 834 3705 899; x_wconf 72' lang='grc' dir='ltr'><strong>παιδὶ,</strong></span> <span class='ocrx_word' id='word_1_348' title='bbox 3740 835 3811 887; x_wconf 76' lang='grc' dir='ltr'><strong>τὰ</strong></span> 
     </span>
    </p>
   </div>
   <div class='ocr_carea' id='block_1_52' title="bbox 2234 922 3810 995">
    <p class='ocr_par' dir='ltr' id='par_1_52' title="bbox 2234 922 3810 995">
     <span class='ocr_line' id='line_1_52' title="bbox 2234 922 3810 995; baseline 0.001 -20"><span class='ocrx_word' id='word_1_349' title='bbox 2234 922 2413 975; x_wconf 81' lang='grc' dir='ltr'><strong>πάντα</strong></span> <span class='ocrx_word' id='word_1_350' title='bbox 2454 923 2884 994; x_wconf 83' lang='grc' dir='ltr'><strong>σωφρονεστάτῳ</strong></span> <span class='ocrx_word' id='word_1_351' title='bbox 2929 940 2991 976; x_wconf 91' lang='grc' dir='ltr'><strong>τε</strong></span> <span class='ocrx_word' id='word_1_352' title='bbox 3044 923 3140 976; x_wconf 75' lang='grc' dir='ltr'><strong>καὶ</strong></span> <span class='ocrx_word' id='word_1_353' title='bbox 3194 923 3589 995; x_wconf 79' lang='grc' dir='ltr'><strong>εὐσεϐεστάτῳ,</strong></span> <span class='ocrx_word' id='word_1_354' title='bbox 3622 924 3810 977; x_wconf 77' lang='grc' dir='ltr'><strong>τελευο</strong></span> 
     </span>
    </p>
   </div>
   <div class='ocr_carea' id='block_1_53' title="bbox 2233 1010 3807 1084">
    <p class='ocr_par' dir='ltr' id='par_1_53' title="bbox 2233 1010 3807 1084">
     <span class='ocr_line' id='line_1_53' title="bbox 2233 1010 3807 1084; baseline 0.003 -22"><span class='ocrx_word' id='word_1_355' title='bbox 2233 1010 2426 1080; x_wconf 90' lang='grc' dir='ltr'><strong>τήσας.</strong></span> <span class='ocrx_word' id='word_1_356' title='bbox 2453 1010 2658 1063; x_wconf 83' lang='grc' dir='ltr'><strong>Τούτου</strong></span> <span class='ocrx_word' id='word_1_357' title='bbox 2688 1012 2818 1073; x_wconf 84' lang='grc' dir='ltr'><strong>παῖς</strong></span> <span class='ocrx_word' id='word_1_358' title='bbox 2846 1012 3258 1075; x_wconf 79' lang='grc' dir='ltr'><strong>Κωνσταντῖνος</strong></span> <span class='ocrx_word' id='word_1_359' title='bbox 3278 1011 3458 1079; x_wconf 15' lang='grc' dir='ltr'><strong>,εὐθὺς</strong></span> <span class='ocrx_word' id='word_1_360' title='bbox 3485 1013 3807 1084; x_wconf 82' lang='grc' dir='ltr'><strong>ἀρχόμενος,</strong></span> 
     </span>
    </p>
   </div>
   <div class='ocr_carea' id='block_1_54' title="bbox 2237 1098 3809 1175">
    <p class='ocr_par' dir='ltr' id='par_1_54' title="bbox 2237 1098 3809 1175">
     <span class='ocr_line' id='line_1_54' title="bbox 2237 1098 3809 1175; baseline 0.004 -22"><span class='ocrx_word' id='word_1_361' title='bbox 2237 1098 2493 1169; x_wconf 78' lang='grc' dir='ltr'><strong>βασιλεὺς</strong></span> <span class='ocrx_word' id='word_1_362' title='bbox 2523 1100 2859 1163; x_wconf 84' lang='grc' dir='ltr'><strong>τελειότατος</strong></span> <span class='ocrx_word' id='word_1_363' title='bbox 2882 1100 2971 1155; x_wconf 78' lang='grc' dir='ltr'><strong>καὶ</strong></span> <span class='ocrx_word' id='word_1_364' title='bbox 2996 1102 3257 1165; x_wconf 85' lang='grc' dir='ltr'><strong>σεϐαστδς</strong></span> <span class='ocrx_word' id='word_1_365' title='bbox 3286 1103 3424 1173; x_wconf 79' lang='grc' dir='ltr'><strong>πρὸς</strong></span> <span class='ocrx_word' id='word_1_366' title='bbox 3443 1104 3552 1156; x_wconf 85' lang='grc' dir='ltr'><strong>τῶν</strong></span> <span class='ocrx_word' id='word_1_367' title='bbox 3580 1121 3809 1175; x_wconf 73' lang='grc' dir='ltr'><strong>στράτου</strong></span> 
     </span>
    </p>
   </div>
   <div class='ocr_carea' id='block_1_55' title="bbox 2236 1189 3809 1265">
    <p class='ocr_par' dir='ltr' id='par_1_55' title="bbox 2236 1189 3809 1265">
     <span class='ocr_line' id='line_1_55' title="bbox 2236 1189 3809 1265; baseline 0.004 -23"><span class='ocrx_word' id='word_1_368' title='bbox 2236 1189 2433 1255; x_wconf 82' lang='grc' dir='ltr'><strong>πέδων,</strong></span> <span class='ocrx_word' id='word_1_369' title='bbox 2480 1190 2575 1244; x_wconf 78' lang='grc' dir='ltr'><strong>καὶ</strong></span> <span class='ocrx_word' id='word_1_370' title='bbox 2628 1190 2709 1243; x_wconf 72' lang='grc' dir='ltr'><strong>ἔτι</strong></span> <span class='ocrx_word' id='word_1_371' title='bbox 2742 1190 2878 1244; x_wconf 82' lang='grc' dir='ltr'><strong>πολὺ</strong></span> <span class='ocrx_word' id='word_1_372' title='bbox 2920 1191 3130 1244; x_wconf 84' lang='grc' dir='ltr'><strong>τούτων</strong></span> <span class='ocrx_word' id='word_1_373' title='bbox 3171 1193 3437 1264; x_wconf 89' lang='grc' dir='ltr'><strong>πρότερον</strong></span> <span class='ocrx_word' id='word_1_374' title='bbox 3484 1197 3616 1265; x_wconf 78' lang='grc' dir='ltr'><strong>παρ’</strong></span> <span class='ocrx_word' id='word_1_375' title='bbox 3644 1196 3809 1250; x_wconf 76' lang='grc' dir='ltr'><strong>αὐτοῦ</strong></span> 
     </span>
    </p>
   </div>
   <div class='ocr_carea' id='block_1_56' title="bbox 2234 1280 3812 1358">
    <p class='ocr_par' dir='ltr' id='par_1_56' title="bbox 2234 1280 3812 1358">
     <span class='ocr_line' id='line_1_56' title="bbox 2234 1280 3812 1358; baseline 0.005 -25"><span class='ocrx_word' id='word_1_376' title='bbox 2234 1280 2332 1334; x_wconf 86' lang='grc' dir='ltr'><strong>τοῦ</strong></span> <span class='ocrx_word' id='word_1_377' title='bbox 2360 1281 2751 1351; x_wconf 87' lang='grc' dir='ltr'><strong>παμϐασιλέως</strong></span> <span class='ocrx_word' id='word_1_378' title='bbox 2791 1281 2928 1336; x_wconf 86' lang='grc' dir='ltr'><strong>Θεοῦ</strong></span> <span class='ocrx_word' id='word_1_379' title='bbox 2966 1284 3373 1357; x_wconf 78' lang='grc' dir='ltr'><strong>ἀναγορευθεὶς,</strong></span> <span class='ocrx_word' id='word_1_380' title='bbox 3406 1286 3656 1358; x_wconf 79' lang='grc' dir='ltr'><strong>ζηλωτὴν</strong></span> <span class='ocrx_word' id='word_1_381' title='bbox 3688 1290 3812 1342; x_wconf 78' lang='grc' dir='ltr'><strong>ἑαυ-</strong></span> 
     </span>
    </p>
   </div>
   <div class='ocr_carea' id='block_1_57' title="bbox 2236 1372 3810 1449">
    <p class='ocr_par' dir='ltr' id='par_1_57' title="bbox 2236 1372 3810 1449">
     <span class='ocr_line' id='line_1_57' title="bbox 2236 1372 3810 1449; baseline 0.003 -22"><span class='ocrx_word' id='word_1_382' title='bbox 2236 1373 2324 1427; x_wconf 78' lang='grc' dir='ltr'><strong>τὸν</strong></span> <span class='ocrx_word' id='word_1_383' title='bbox 2351 1372 2450 1444; x_wconf 85' lang='grc' dir='ltr'><strong>τῆς</strong></span> <span class='ocrx_word' id='word_1_384' title='bbox 2478 1375 2751 1445; x_wconf 84' lang='grc' dir='ltr'><strong>πατρικῆς</strong></span> <span class='ocrx_word' id='word_1_385' title='bbox 2776 1374 2905 1446; x_wconf 77' lang='grc' dir='ltr'><strong>περὶ</strong></span> <span class='ocrx_word' id='word_1_386' title='bbox 2944 1376 3038 1429; x_wconf 83' lang='grc' dir='ltr'><strong>τὸν</strong></span> <span class='ocrx_word' id='word_1_387' title='bbox 3057 1377 3328 1449; x_wconf 86' lang='grc' dir='ltr'><strong>ήμέτερον</strong></span> <span class='ocrx_word' id='word_1_388' title='bbox 3347 1376 3504 1446; x_wconf 91' lang='grc' dir='ltr'><strong>λόγον</strong></span> <span class='ocrx_word' id='word_1_389' title='bbox 3529 1378 3810 1441; x_wconf 85' lang='grc' dir='ltr'><strong>εὐσεϐείας</strong></span> 
     </span>
    </p>
   </div>
   <div class='ocr_carea' id='block_1_58' title="bbox 2236 1464 3809 1539">
    <p class='ocr_par' dir='ltr' id='par_1_58' title="bbox 2236 1464 3809 1539">
     <span class='ocr_line' id='line_1_58' title="bbox 2236 1464 3809 1539; baseline 0.005 -23"><span class='ocrx_word' id='word_1_390' title='bbox 2236 1465 2631 1534; x_wconf 86' lang='grc' dir='ltr'><strong>κατεστήσατο.</strong></span> <span class='ocrx_word' id='word_1_391' title='bbox 2677 1482 2696 1516; x_wconf 74' lang='grc' dir='ltr'><strong>ι</strong></span> <span class='ocrx_word' id='word_1_392' title='bbox 2742 1466 2852 1519; x_wconf 84' lang='grc' dir='ltr'><strong>Καὶ</strong></span> <span class='ocrx_word' id='word_1_393' title='bbox 2888 1464 3010 1537; x_wconf 86' lang='grc' dir='ltr'><strong>μεθ’</strong></span> <span class='ocrx_word' id='word_1_394' title='bbox 3054 1467 3251 1538; x_wconf 75' lang='grc' dir='ltr'><strong>ἕτεραο</strong></span> <span class='ocrx_word' id='word_1_395' title='bbox 3292 1486 3311 1520; x_wconf 76' lang='grc' dir='ltr'><strong>ι</strong></span> <span class='ocrx_word' id='word_1_396' title='bbox 3351 1468 3508 1523; x_wconf 76' lang='grc' dir='ltr'><strong>Οὕτω</strong></span> <span class='ocrx_word' id='word_1_397' title='bbox 3548 1470 3612 1539; x_wconf 80' lang='grc' dir='ltr'><strong>δή</strong></span> <span class='ocrx_word' id='word_1_398' title='bbox 3653 1471 3809 1524; x_wconf 79' lang='grc' dir='ltr'><strong>Κων-</strong></span> 
     </span>
    </p>
   </div>
   <div class='ocr_carea' id='block_1_59' title="bbox 2239 1554 3810 1633">
    <p class='ocr_par' dir='ltr' id='par_1_59' title="bbox 2239 1554 3810 1633">
     <span class='ocr_line' id='line_1_59' title="bbox 2239 1554 3810 1633; baseline 0.006 -27"><span class='ocrx_word' id='word_1_399' title='bbox 2239 1554 2541 1621; x_wconf 89' lang='grc' dir='ltr'><strong>σταντίνου,</strong></span> <span class='ocrx_word' id='word_1_400' title='bbox 2571 1554 2631 1609; x_wconf 83' lang='grc' dir='ltr'><strong>ὃν</strong></span> <span class='ocrx_word' id='word_1_401' title='bbox 2677 1554 2902 1626; x_wconf 82' lang='grc' dir='ltr'><strong>βασιλέα</strong></span> <span class='ocrx_word' id='word_1_402' title='bbox 2959 1559 3023 1611; x_wconf 82' lang='grc' dir='ltr'><strong>ὲκ</strong></span> <span class='ocrx_word' id='word_1_403' title='bbox 3067 1557 3352 1628; x_wconf 84' lang='grc' dir='ltr'><strong>βασιλέως,</strong></span> <span class='ocrx_word' id='word_1_404' title='bbox 3394 1559 3595 1633; x_wconf 82' lang='grc' dir='ltr'><strong>εὐσεϐῆ</strong></span> <span class='ocrx_word' id='word_1_405' title='bbox 3651 1577 3711 1614; x_wconf 88' lang='grc' dir='ltr'><strong>τε</strong></span> <span class='ocrx_word' id='word_1_406' title='bbox 3751 1563 3810 1628; x_wconf 69' lang='grc' dir='ltr'><strong>ἐξ</strong></span> 
     </span>
    </p>
   </div>
   <div class='ocr_carea' id='block_1_60' title="bbox 2238 1646 3813 1721">
    <p class='ocr_par' dir='ltr' id='par_1_60' title="bbox 2238 1646 3813 1721">
     <span class='ocr_line' id='line_1_60' title="bbox 2238 1646 3813 1721; baseline 0.004 -23"><span class='ocrx_word' id='word_1_407' title='bbox 2238 1646 2633 1700; x_wconf 87' lang='grc' dir='ltr'><strong>εὐσεϐεστάτου</strong></span> <span class='ocrx_word' id='word_1_408' title='bbox 2668 1648 2762 1701; x_wconf 76' lang='grc' dir='ltr'><strong>καὶ</strong></span> <span class='ocrx_word' id='word_1_409' title='bbox 2788 1648 2855 1702; x_wconf 88' lang='grc' dir='ltr'><strong>τά</strong></span> <span class='ocrx_word' id='word_1_410' title='bbox 2894 1648 3072 1701; x_wconf 89' lang='grc' dir='ltr'><strong>πάντα</strong></span> <span class='ocrx_word' id='word_1_411' title='bbox 3106 1650 3553 1721; x_wconf 80' lang='grc' dir='ltr'><strong>σωφρονεστάτου</strong></span> <span class='ocrx_word' id='word_1_412' title='bbox 3596 1652 3813 1720; x_wconf 83' lang='grc' dir='ltr'><strong>γεγονέ-</strong></span> 
     </span>
    </p>
   </div>
   <div class='ocr_carea' id='block_1_61' title="bbox 2237 1739 3809 1815">
    <p class='ocr_par' dir='ltr' id='par_1_61' title="bbox 2237 1739 3809 1815">
     <span class='ocr_line' id='line_1_61' title="bbox 2237 1739 3809 1815; baseline 0.003 -23"><span class='ocrx_word' id='word_1_413' title='bbox 2237 1756 2325 1792; x_wconf 88' lang='grc' dir='ltr'><strong>ναι</strong></span> <span class='ocrx_word' id='word_1_414' title='bbox 2350 1739 2673 1811; x_wconf 84' lang='grc' dir='ltr'><strong>είρήκαμεν,</strong></span> <span class='ocrx_word' id='word_1_415' title='bbox 2699 1742 2911 1793; x_wconf 79' lang='grc' dir='ltr'><strong>συνέσει</strong></span> <span class='ocrx_word' id='word_1_416' title='bbox 2939 1758 2997 1794; x_wconf 88' lang='grc' dir='ltr'><strong>τε</strong></span> <span class='ocrx_word' id='word_1_417' title='bbox 3031 1742 3124 1796; x_wconf 71' lang='grc' dir='ltr'><strong>καὶ</strong></span> <span class='ocrx_word' id='word_1_418' title='bbox 3147 1742 3400 1815; x_wconf 71' lang='grc' dir='ltr'><strong>εὐσεϐείᾳ</strong></span> <span class='ocrx_word' id='word_1_419' title='bbox 3427 1745 3809 1815; x_wconf 85' lang='grc' dir='ltr'><strong>τετιμημένου,</strong></span> 
     </span>
    </p>
   </div>
   <div class='ocr_carea' id='block_1_62' title="bbox 2241 1830 3810 1905">
    <p class='ocr_par' dir='ltr' id='par_1_62' title="bbox 2241 1830 3810 1905">
     <span class='ocr_line' id='line_1_62' title="bbox 2241 1830 3810 1905; baseline 0.003 -22"><span class='ocrx_word' id='word_1_420' title='bbox 2241 1830 2394 1901; x_wconf 89' lang='grc' dir='ltr'><strong>παρά</strong></span> <span class='ocrx_word' id='word_1_421' title='bbox 2430 1830 2525 1883; x_wconf 90' lang='grc' dir='ltr'><strong>τοῦ</strong></span> <span class='ocrx_word' id='word_1_422' title='bbox 2564 1831 2962 1901; x_wconf 88' lang='grc' dir='ltr'><strong>παμϐασιλέως</strong></span> <span class='ocrx_word' id='word_1_423' title='bbox 2995 1832 3131 1885; x_wconf 83' lang='grc' dir='ltr'><strong>Θεοῦ</strong></span> <span class='ocrx_word' id='word_1_424' title='bbox 3173 1833 3281 1887; x_wconf 84' lang='grc' dir='ltr'><strong>τῶν</strong></span> <span class='ocrx_word' id='word_1_425' title='bbox 3321 1834 3458 1888; x_wconf 85' lang='grc' dir='ltr'><strong>ὅλων</strong></span> <span class='ocrx_word' id='word_1_426' title='bbox 3494 1836 3588 1888; x_wconf 78' lang='grc' dir='ltr'><strong>καὶ</strong></span> <span class='ocrx_word' id='word_1_427' title='bbox 3627 1836 3810 1905; x_wconf 79' lang='grc' dir='ltr'><strong>Σωτῆ-</strong></span> 
     </span>
    </p>
   </div>
   <div class='ocr_carea' id='block_1_63' title="bbox 2242 1922 3813 2001">
    <p class='ocr_par' dir='ltr' id='par_1_63' title="bbox 2242 1922 3813 2001">
     <span class='ocr_line' id='line_1_63' title="bbox 2242 1922 3813 2001; baseline 0.006 -28"><span class='ocrx_word' id='word_1_428' title='bbox 2242 1939 2333 1992; x_wconf 88' lang='grc' dir='ltr'><strong>ρος</strong></span> <span class='ocrx_word' id='word_1_429' title='bbox 2366 1922 2510 1976; x_wconf 82' lang='grc' dir='ltr'><strong>κατὰ</strong></span> <span class='ocrx_word' id='word_1_430' title='bbox 2548 1923 2657 1977; x_wconf 83' lang='grc' dir='ltr'><strong>τῶν</strong></span> <span class='ocrx_word' id='word_1_431' title='bbox 2699 1923 3142 1979; x_wconf 84' lang='grc' dir='ltr'><strong>δυσσεϐεστάτων</strong></span> <span class='ocrx_word' id='word_1_432' title='bbox 3185 1928 3463 1996; x_wconf 89' lang='grc' dir='ltr'><strong>τυράννων</strong></span> <span class='ocrx_word' id='word_1_433' title='bbox 3508 1928 3813 2001; x_wconf 86' lang='grc' dir='ltr'><strong>ἀνεγηγερ-</strong></span> 
     </span>
    </p>
   </div>
   <div class='ocr_carea' id='block_1_64' title="bbox 2242 2012 3815 2088">
    <p class='ocr_par' dir='ltr' id='par_1_64' title="bbox 2242 2012 3815 2088">
     <span class='ocr_line' id='line_1_64' title="bbox 2242 2012 3815 2088; baseline 0.005 -23"><span class='ocrx_word' id='word_1_434' title='bbox 2242 2012 2425 2083; x_wconf 86' lang='grc' dir='ltr'><strong>μένου,</strong></span> <span class='ocrx_word' id='word_1_435' title='bbox 2460 2012 2595 2065; x_wconf 83' lang='grc' dir='ltr'><strong>Θεοῦ</strong></span> <span class='ocrx_word' id='word_1_436' title='bbox 2627 2014 3043 2085; x_wconf 78' lang='grc' dir='ltr'><strong>συμμαχοῦντος</strong></span> <span class='ocrx_word' id='word_1_437' title='bbox 3071 2015 3243 2087; x_wconf 82' lang='grc' dir='ltr'><strong>αὐτῷ,</strong></span> <span class='ocrx_word' id='word_1_438' title='bbox 3280 2017 3689 2088; x_wconf 82' lang='grc' dir='ltr'><strong>παραδοξότατα</strong></span> <span class='ocrx_word' id='word_1_439' title='bbox 3728 2021 3815 2073; x_wconf 85' lang='grc' dir='ltr'><strong>πί-</strong></span> 
     </span>
    </p>
   </div>
   <div class='ocr_carea' id='block_1_65' title="bbox 2240 2106 3811 2180">
    <p class='ocr_par' dir='ltr' id='par_1_65' title="bbox 2240 2106 3811 2180">
     <span class='ocr_line' id='line_1_65' title="bbox 2240 2106 3811 2180; baseline 0.008 -23"><span class='ocrx_word' id='word_1_440' title='bbox 2240 2123 2362 2159; x_wconf 83' lang='grc' dir='ltr'><strong>πτει</strong></span> <span class='ocrx_word' id='word_1_441' title='bbox 2392 2106 2491 2176; x_wconf 81' lang='grc' dir='ltr'><strong>μὲν</strong></span> <span class='ocrx_word' id='word_1_442' title='bbox 2526 2107 2618 2159; x_wconf 74' lang='grc' dir='ltr'><strong>ἐπὶ</strong></span> <span class='ocrx_word' id='word_1_443' title='bbox 2667 2106 2886 2178; x_wconf 86' lang='grc' dir='ltr'><strong>Ῥώμης</strong></span> <span class='ocrx_word' id='word_1_444' title='bbox 2923 2109 3028 2161; x_wconf 78' lang='grc' dir='ltr'><strong>ὑπὸ</strong></span> <span class='ocrx_word' id='word_1_445' title='bbox 3052 2110 3469 2166; x_wconf 82' lang='grc' dir='ltr'><strong>Κωνσταντίνου</strong></span> <span class='ocrx_word' id='word_1_446' title='bbox 3489 2112 3811 2180; x_wconf 62' lang='grc' dir='ltr'><strong>Μαξέντεος.</strong></span> 
     </span>
    </p>
   </div>
   <div class='ocr_carea' id='block_1_66' title="bbox 2252 2180 3818 2281">
    <p class='ocr_par' dir='ltr' id='par_1_66' title="bbox 2252 2180 3818 2281">
     <span class='ocr_line' id='line_1_66' title="bbox 2252 2180 3818 2281; baseline 0.008 -30"><span class='ocrx_word' id='word_1_447' title='bbox 2252 2180 2309 2251; x_wconf 46' lang='grc'>³0</span> <span class='ocrx_word' id='word_1_448' title='bbox 2340 2197 2386 2251; x_wconf 86' lang='grc' dir='ltr'><strong>δ’</strong></span> <span class='ocrx_word' id='word_1_449' title='bbox 2408 2200 2492 2250; x_wconf 76' lang='grc' dir='ltr'><strong>ἐπ’</strong></span> <span class='ocrx_word' id='word_1_450' title='bbox 2525 2200 2791 2270; x_wconf 84' lang='grc' dir='ltr'><strong>ἀνατολῆς</strong></span> <span class='ocrx_word' id='word_1_451' title='bbox 2840 2201 2901 2253; x_wconf 90' lang='grc' dir='ltr'><strong>οὐ</strong></span> <span class='ocrx_word' id='word_1_452' title='bbox 2946 2202 3115 2256; x_wconf 76' lang='grc' dir='ltr'><strong>πολὺν</strong></span> <span class='ocrx_word' id='word_1_453' title='bbox 3150 2203 3418 2275; x_wconf 75' lang='grc' dir='ltr'><strong>ἐπιζήσας</strong></span> <span class='ocrx_word' id='word_1_454' title='bbox 3466 2208 3658 2280; x_wconf 79' lang='grc' dir='ltr'><strong>ἐκείνῳ</strong></span> <span class='ocrx_word' id='word_1_455' title='bbox 3692 2214 3818 2281; x_wconf 68' lang='grc' dir='ltr'><strong>χρῦ-</strong></span> 
     </span>
    </p>
   </div>
   <div class='ocr_carea' id='block_1_67' title="bbox 2240 2288 3818 2366">
    <p class='ocr_par' dir='ltr' id='par_1_67' title="bbox 2240 2288 3818 2366">
     <span class='ocr_line' id='line_1_67' title="bbox 2240 2288 3818 2366; baseline 0.008 -24"><span class='ocrx_word' id='word_1_456' title='bbox 2240 2306 2349 2354; x_wconf 84' lang='grc' dir='ltr'><strong>νον,</strong></span> <span class='ocrx_word' id='word_1_457' title='bbox 2370 2288 2633 2361; x_wconf 82' lang='grc' dir='ltr'><strong>αἰσχίστῳ</strong></span> <span class='ocrx_word' id='word_1_458' title='bbox 2667 2290 2763 2344; x_wconf 60' lang='grc' dir='ltr'><strong>καὶ¹</strong></span> <span class='ocrx_word' id='word_1_459' title='bbox 2786 2293 2945 2357; x_wconf 83' lang='grc' dir='ltr'><strong>αὐτὸς</strong></span> <span class='ocrx_word' id='word_1_460' title='bbox 2986 2292 3198 2366; x_wconf 84' lang='grc' dir='ltr'><strong>θανάτῳ</strong></span> <span class='ocrx_word' id='word_1_461' title='bbox 3233 2297 3337 2349; x_wconf 84' lang='grc' dir='ltr'><strong>ὐπὸ</strong></span> <span class='ocrx_word' id='word_1_462' title='bbox 3370 2299 3633 2364; x_wconf 84' lang='grc' dir='ltr'><strong>Λικινίου,</strong></span> <span class='ocrx_word' id='word_1_463' title='bbox 3665 2301 3722 2353; x_wconf 79' lang='grc' dir='ltr'><strong>οὐ</strong></span> <span class='ocrx_word' id='word_1_464' title='bbox 3735 2322 3818 2354; x_wconf 78' lang='grc' dir='ltr'><strong>πω</strong></span> 
     </span>
    </p>
   </div>
   <div class='ocr_carea' id='block_1_68' title="bbox 2240 2380 3817 2463">
    <p class='ocr_par' dir='ltr' id='par_1_68' title="bbox 2240 2380 3817 2463">
     <span class='ocr_line' id='line_1_68' title="bbox 2240 2380 3817 2463; baseline 0.009 -31"><span class='ocrx_word' id='word_1_465' title='bbox 2240 2380 2362 2433; x_wconf 83' lang='grc' dir='ltr'><strong>τότε</strong></span> <span class='ocrx_word' id='word_1_466' title='bbox 2385 2380 2662 2451; x_wconf 85' lang='grc' dir='ltr'><strong>μανέντος,</strong></span> <span class='ocrx_word' id='word_1_467' title='bbox 2693 2382 3149 2455; x_wconf 82' lang='grc' dir='ltr'><strong>πεμφθησομένου</strong></span> <span class='ocrx_word' id='word_1_468' title='bbox 3182 2385 3293 2459; x_wconf 85' lang='grc' dir='ltr'><strong>[ἵσ.</strong></span> <span class='ocrx_word' id='word_1_469' title='bbox 3316 2390 3676 2463; x_wconf 75' lang='grc' dir='ltr'><strong>πεμφθέντος]</strong></span> <span class='ocrx_word' id='word_1_470' title='bbox 3697 2395 3817 2446; x_wconf 81' lang='grc' dir='ltr'><strong>κατ’</strong></span> 
     </span>
    </p>
   </div>
   <div class='ocr_carea' id='block_1_69' title="bbox 2241 2471 3822 2555">
    <p class='ocr_par' dir='ltr' id='par_1_69' title="bbox 2241 2471 3822 2555">
     <span class='ocr_line' id='line_1_69' title="bbox 2241 2471 3822 2555; baseline 0.009 -31"><span class='ocrx_word' id='word_1_471' title='bbox 2241 2471 2403 2525; x_wconf 86' lang='grc' dir='ltr'><strong>αὐτοῦ</strong></span> <span class='ocrx_word' id='word_1_472' title='bbox 2444 2472 2547 2525; x_wconf 80' lang='grc' dir='ltr'>ὐπὸ</span> <span class='ocrx_word' id='word_1_473' title='bbox 2584 2474 2997 2527; x_wconf 66' lang='grc' dir='ltr'><strong>Κώνσταν-δίνου</strong></span> <span class='ocrx_word' id='word_1_474' title='bbox 3054 2477 3148 2530; x_wconf 85' lang='grc' dir='ltr'><strong>τοῦ</strong></span> <span class='ocrx_word' id='word_1_475' title='bbox 3196 2479 3609 2549; x_wconf 79' lang='grc' dir='ltr'><strong>θεοφιλεστάτου</strong></span> <span class='ocrx_word' id='word_1_476' title='bbox 3662 2484 3822 2555; x_wconf 87' lang='grc' dir='ltr'><strong>βασι-</strong></span> 
     </span>
    </p>
   </div>
   <div class='ocr_carea' id='block_1_70' title="bbox 2241 2564 3822 2648">
    <p class='ocr_par' dir='ltr' id='par_1_70' title="bbox 2241 2564 3822 2648">
     <span class='ocr_line' id='line_1_70' title="bbox 2241 2564 3822 2648; baseline 0.009 -31"><span class='ocrx_word' id='word_1_477' title='bbox 2241 2564 2397 2629; x_wconf 88' lang='grc' dir='ltr'><strong>λέως,</strong></span> <span class='ocrx_word' id='word_1_478' title='bbox 2432 2567 2795 2635; x_wconf 80' lang='grc' dir='ltr'><strong>καταστρέφει</strong></span> <span class='ocrx_word' id='word_1_479' title='bbox 2820 2566 2911 2619; x_wconf 85' lang='grc' dir='ltr'><strong>τόν</strong></span> <span class='ocrx_word' id='word_1_480' title='bbox 2940 2568 3073 2638; x_wconf 85' lang='grc' dir='ltr'><strong>βίον.</strong></span> <span class='ocrx_word' id='word_1_481' title='bbox 3112 2571 3383 2643; x_wconf 81' lang='grc' dir='ltr'><strong>Πρότερός</strong></span> <span class='ocrx_word' id='word_1_482' title='bbox 3418 2591 3481 2643; x_wconf 90' lang='grc' dir='ltr'><strong>γε</strong></span> <span class='ocrx_word' id='word_1_483' title='bbox 3520 2578 3628 2648; x_wconf 78' lang='grc' dir='ltr'><strong>μὴν</strong></span> <span class='ocrx_word' id='word_1_484' title='bbox 3656 2579 3683 2631; x_wconf 88' lang='grc' dir='ltr'><strong>ό</strong></span> <span class='ocrx_word' id='word_1_485' title='bbox 3726 2579 3822 2631; x_wconf 71' lang='grc' dir='ltr'><strong>καὶ</strong></span> 
     </span>
    </p>
   </div>
   <div class='ocr_carea' id='block_1_71' title="bbox 2244 2656 3817 2733">
    <p class='ocr_par' dir='ltr' id='par_1_71' title="bbox 2244 2656 3817 2733">
     <span class='ocr_line' id='line_1_71' title="bbox 2244 2656 3817 2733; baseline -0.001 -12"><span class='ocrx_word' id='word_1_486' title='bbox 2244 2659 2374 2727; x_wconf 81' lang='grc' dir='ltr'><strong>τιμῇ</strong></span> <span class='ocrx_word' id='word_1_487' title='bbox 2406 2656 2671 2721; x_wconf 77' lang='grc' dir='ltr'><strong>καίτάξει</strong></span> <span class='ocrx_word' id='word_1_488' title='bbox 2696 2658 2793 2729; x_wconf 72' lang='grc' dir='ltr'><strong>τῆς</strong></span> <span class='ocrx_word' id='word_1_489' title='bbox 2831 2656 3110 2727; x_wconf 85' lang='grc' dir='ltr'><strong>βασιλείας</strong></span> <span class='ocrx_word' id='word_1_490' title='bbox 3156 2663 3370 2733; x_wconf 84' lang='grc' dir='ltr'><strong>πρῶτος</strong></span> <span class='ocrx_word' id='word_1_491' title='bbox 3408 2668 3817 2732; x_wconf 75' lang='grc' dir='ltr'><strong>Κωνσταντίνος</strong></span> 
     </span>
    </p>
   </div>
   <div class='ocr_carea' id='block_1_72' title="bbox 2244 2751 3818 2827">
    <p class='ocr_par' dir='ltr' id='par_1_72' title="bbox 2244 2751 3818 2827">
     <span class='ocr_line' id='line_1_72' title="bbox 2244 2751 3818 2827; baseline 0.006 -24"><span class='ocrx_word' id='word_1_492' title='bbox 2244 2752 2351 2803; x_wconf 86' lang='grc' dir='ltr'><strong>τῶν</strong></span> <span class='ocrx_word' id='word_1_493' title='bbox 2380 2752 2472 2805; x_wconf 80' lang='grc' dir='ltr'><strong>ἐπὶ</strong></span> <span class='ocrx_word' id='word_1_494' title='bbox 2513 2751 2729 2822; x_wconf 83' lang='grc' dir='ltr'><strong>Ῥώμης</strong></span> <span class='ocrx_word' id='word_1_495' title='bbox 2768 2758 3360 2827; x_wconf 83' lang='grc' dir='ltr'><strong>κατατυραννουμένων</strong></span> <span class='ocrx_word' id='word_1_496' title='bbox 3413 2759 3577 2827; x_wconf 84' lang='grc' dir='ltr'><strong>φειδὼ</strong></span> <span class='ocrx_word' id='word_1_497' title='bbox 3616 2761 3818 2825; x_wconf 83' lang='grc' dir='ltr'><strong>λαϐὼν,</strong></span> 
     </span>
    </p>
   </div>
   <div class='ocr_carea' id='block_1_73' title="bbox 2246 2841 3822 2923">
    <p class='ocr_par' dir='ltr' id='par_1_73' title="bbox 2246 2841 3822 2923">
     <span class='ocr_line' id='line_1_73' title="bbox 2246 2841 3822 2923; baseline 0.007 -31"><span class='ocrx_word' id='word_1_498' title='bbox 2246 2841 2378 2894; x_wconf 81' lang='grc' dir='ltr'><strong>Θεὸν</strong></span> <span class='ocrx_word' id='word_1_499' title='bbox 2396 2841 2490 2894; x_wconf 72' lang='grc' dir='ltr'><strong>τὸν</strong></span> <span class='ocrx_word' id='word_1_500' title='bbox 2513 2842 2783 2913; x_wconf 91' lang='grc' dir='ltr'><strong>οὐράνιον,</strong></span> <span class='ocrx_word' id='word_1_501' title='bbox 2807 2844 2898 2897; x_wconf 88' lang='grc' dir='ltr'><strong>τόν</strong></span> <span class='ocrx_word' id='word_1_502' title='bbox 2918 2862 2979 2897; x_wconf 87' lang='grc' dir='ltr'><strong>τε</strong></span> <span class='ocrx_word' id='word_1_503' title='bbox 3010 2844 3200 2900; x_wconf 81' lang='grc' dir='ltr'><strong>τούτου</strong></span> <span class='ocrx_word' id='word_1_504' title='bbox 3230 2849 3423 2917; x_wconf 83' lang='grc' dir='ltr'><strong>Λόγον,</strong></span> <span class='ocrx_word' id='word_1_505' title='bbox 3445 2850 3604 2904; x_wconf 85' lang='grc' dir='ltr'><strong>αὐτὸν</strong></span> <span class='ocrx_word' id='word_1_506' title='bbox 3626 2851 3689 2923; x_wconf 79' lang='grc' dir='ltr'><strong>δὴ</strong></span> <span class='ocrx_word' id='word_1_507' title='bbox 3729 2854 3822 2905; x_wconf 78' lang='grc' dir='ltr'><strong>τὸν</strong></span> 
     </span>
    </p>
   </div>
   <div class='ocr_carea' id='block_1_74' title="bbox 2247 2933 3821 3011">
    <p class='ocr_par' dir='ltr' id='par_1_74' title="bbox 2247 2933 3821 3011">
     <span class='ocr_line' id='line_1_74' title="bbox 2247 2933 3821 3011; baseline 0.008 -27"><span class='ocrx_word' id='word_1_508' title='bbox 2247 2934 2464 2985; x_wconf 87' lang='grc' dir='ltr'><strong>πάντων</strong></span> <span class='ocrx_word' id='word_1_509' title='bbox 2496 2933 2725 3004; x_wconf 84' lang='grc' dir='ltr'><strong>Σωτῆρα</strong></span> <span class='ocrx_word' id='word_1_510' title='bbox 2765 2934 2972 3006; x_wconf 81' lang='grc' dir='ltr'><strong>Ἰησοῦν</strong></span> <span class='ocrx_word' id='word_1_511' title='bbox 2995 2938 3231 3007; x_wconf 82' lang='grc' dir='ltr'><strong>Χριστὸν</strong></span> <span class='ocrx_word' id='word_1_512' title='bbox 3280 2938 3567 3011; x_wconf 83' lang='grc' dir='ltr'><strong>σύμμαχον</strong></span> <span class='ocrx_word' id='word_1_513' title='bbox 3621 2943 3688 2995; x_wconf 76' lang='grc' dir='ltr'><strong>δι’</strong></span> <span class='ocrx_word' id='word_1_514' title='bbox 3729 2945 3821 2996; x_wconf 85' lang='grc' dir='ltr'><strong>εὐ-</strong></span> 
     </span>
    </p>
   </div>
   <div class='ocr_carea' id='block_1_75' title="bbox 2245 3020 3822 3103">
    <p class='ocr_par' dir='ltr' id='par_1_75' title="bbox 2245 3020 3822 3103">
     <span class='ocr_line' id='line_1_75' title="bbox 2245 3020 3822 3103; baseline 0.011 -33"><span class='ocrx_word' id='word_1_515' title='bbox 2245 3020 2356 3089; x_wconf 83' lang='grc' dir='ltr'><strong>χῶν</strong></span> <span class='ocrx_word' id='word_1_516' title='bbox 2385 3021 2865 3093; x_wconf 79' lang='grc' dir='ltr'><strong>ἐπικαλεσάμενος,</strong></span> <span class='ocrx_word' id='word_1_517' title='bbox 2909 3025 3123 3096; x_wconf 87' lang='grc' dir='ltr'><strong>πρόεισι</strong></span> <span class='ocrx_word' id='word_1_518' title='bbox 3153 3032 3497 3101; x_wconf 78' lang='grc' dir='ltr'><strong>πανστρατιᾷ</strong></span> <span class='ocrx_word' id='word_1_519' title='bbox 3534 3032 3602 3084; x_wconf 76' lang='grc' dir='ltr'><strong>τὰ</strong></span> <span class='ocrx_word' id='word_1_520' title='bbox 3633 3034 3729 3103; x_wconf 78' lang='grc' dir='ltr'><strong>τῆς</strong></span> <span class='ocrx_word' id='word_1_521' title='bbox 3757 3037 3822 3088; x_wconf 80' lang='grc' dir='ltr'><strong>ἐκ</strong></span> 
     </span>
    </p>
   </div>
   <div class='ocr_carea' id='block_1_76' title="bbox 2246 3112 3817 3193">
    <p class='ocr_par' dir='ltr' id='par_1_76' title="bbox 2246 3112 3817 3193">
     <span class='ocr_line' id='line_1_76' title="bbox 2246 3112 3817 3193; baseline 0.01 -30"><span class='ocrx_word' id='word_1_522' title='bbox 2246 3112 2525 3181; x_wconf 87' lang='grc' dir='ltr'><strong>προγόνων</strong></span> <span class='ocrx_word' id='word_1_523' title='bbox 2584 3113 2901 3186; x_wconf 78' lang='grc' dir='ltr'><strong>ἐλευθερίας</strong></span> <span class='ocrx_word' id='word_1_524' title='bbox 2965 3116 3256 3188; x_wconf 84' lang='grc' dir='ltr'><strong>Ῥωμαίοις</strong></span> <span class='ocrx_word' id='word_1_525' title='bbox 3323 3122 3732 3193; x_wconf 82' lang='grc' dir='ltr'><strong>προμνώμενος.</strong></span> <span class='ocrx_word' id='word_1_526' title='bbox 3798 3147 3817 3179; x_wconf 72' lang='grc' dir='ltr'><strong>ι</strong></span> 
     </span>
    </p>
   </div>
   <div class='ocr_carea' id='block_1_77' title="bbox 2246 3203 3824 3289">
    <p class='ocr_par' dir='ltr' id='par_1_77' title="bbox 2246 3203 3824 3289">
     <span class='ocr_line' id='line_1_77' title="bbox 2246 3203 3824 3289; baseline 0.013 -36"><span class='ocrx_word' id='word_1_527' title='bbox 2246 3203 2432 3255; x_wconf 87' lang='grc' dir='ltr'><strong>Ταῦτα</strong></span> <span class='ocrx_word' id='word_1_528' title='bbox 2463 3206 2488 3257; x_wconf 88' lang='grc' dir='ltr'><strong>ό</strong></span> <span class='ocrx_word' id='word_1_529' title='bbox 2518 3204 2796 3270; x_wconf 87' lang='grc' dir='ltr'><strong>Εὐσέϐιος.</strong></span> <span class='ocrx_word' id='word_1_530' title='bbox 2840 3208 2899 3261; x_wconf 86' lang='lat' dir='ltr'><strong>&#39;O</strong></span> <span class='ocrx_word' id='word_1_531' title='bbox 2929 3209 2985 3262; x_wconf 83' lang='grc' dir='ltr'><strong>δὲ</strong></span> <span class='ocrx_word' id='word_1_532' title='bbox 3014 3208 3334 3281; x_wconf 82' lang='grc' dir='ltr'><strong>’Ῥουφῖνος,</strong></span> <span class='ocrx_word' id='word_1_533' title='bbox 3368 3218 3415 3267; x_wconf 85' lang='grc' dir='ltr'><strong>εί</strong></span> <span class='ocrx_word' id='word_1_534' title='bbox 3438 3217 3532 3269; x_wconf 77' lang='grc' dir='ltr'><strong>καὶ</strong></span> <span class='ocrx_word' id='word_1_535' title='bbox 3558 3219 3631 3289; x_wconf 85' lang='grc' dir='ltr'><strong>μὴ</strong></span> <span class='ocrx_word' id='word_1_536' title='bbox 3678 3225 3824 3276; x_wconf 69' lang='grc' dir='ltr'><strong>κατὰ</strong></span> 
     </span>
    </p>
   </div>
   <div class='ocr_carea' id='block_1_78' title="bbox 2245 3296 3822 3382">
    <p class='ocr_par' dir='ltr' id='par_1_78' title="bbox 2245 3296 3822 3382">
     <span class='ocr_line' id='line_1_78' title="bbox 2245 3296 3822 3382; baseline 0.011 -34"><span class='ocrx_word' id='word_1_537' title='bbox 2245 3296 2397 3360; x_wconf 81' lang='grc' dir='ltr'><strong>τάξιν</strong></span> <span class='ocrx_word' id='word_1_538' title='bbox 2424 3296 2522 3368; x_wconf 83' lang='grc' dir='ltr'><strong>τὴν</strong></span> <span class='ocrx_word' id='word_1_539' title='bbox 2549 3299 2865 3354; x_wconf 80' lang='grc' dir='ltr'><strong>ἀκολουθίαν</strong></span> <span class='ocrx_word' id='word_1_540' title='bbox 2896 3303 2988 3355; x_wconf 79' lang='grc' dir='ltr'><strong>καὶ</strong></span> <span class='ocrx_word' id='word_1_541' title='bbox 3016 3304 3114 3373; x_wconf 85' lang='grc' dir='ltr'><strong>τὴν</strong></span> <span class='ocrx_word' id='word_1_542' title='bbox 3140 3305 3239 3375; x_wconf 85' lang='grc' dir='ltr'><strong>τῆς</strong></span> <span class='ocrx_word' id='word_1_543' title='bbox 3272 3307 3527 3378; x_wconf 80' lang='grc' dir='ltr'><strong>ἀληθείας</strong></span> <span class='ocrx_word' id='word_1_544' title='bbox 3556 3312 3822 3382; x_wconf 79' lang='grc' dir='ltr'><strong>ἁρμονίαν</strong></span> 
     </span>
    </p>
   </div>
   <div class='ocr_carea' id='block_1_79' title="bbox 2246 3388 3822 3473">
    <p class='ocr_par' dir='ltr' id='par_1_79' title="bbox 2246 3388 3822 3473">
     <span class='ocr_line' id='line_1_79' title="bbox 2246 3388 3822 3473; baseline 0.011 -33"><span class='ocrx_word' id='word_1_545' title='bbox 2246 3388 2506 3442; x_wconf 84' lang='grc' dir='ltr'><strong>Εὐσεϐίου</strong></span> <span class='ocrx_word' id='word_1_546' title='bbox 2560 3391 2655 3443; x_wconf 89' lang='grc' dir='ltr'><strong>τοῦ</strong></span> <span class='ocrx_word' id='word_1_547' title='bbox 2710 3394 2851 3446; x_wconf 82' lang='grc' dir='ltr'><strong>πάνυ</strong></span> <span class='ocrx_word' id='word_1_548' title='bbox 2916 3393 3012 3448; x_wconf 83' lang='grc' dir='ltr'><strong>τοῦ</strong></span> <span class='ocrx_word' id='word_1_549' title='bbox 3075 3396 3363 3468; x_wconf 82' lang='grc' dir='ltr'><strong>Παμφίλου</strong></span> <span class='ocrx_word' id='word_1_550' title='bbox 3417 3402 3516 3472; x_wconf 81' lang='grc' dir='ltr'><strong>τὴν</strong></span> <span class='ocrx_word' id='word_1_551' title='bbox 3581 3407 3822 3473; x_wconf 83' lang='grc' dir='ltr'><strong>ἱστορίαν</strong></span> 
     </span>
    </p>
   </div>
   <div class='ocr_carea' id='block_1_80' title="bbox 2246 3482 3823 3570">
    <p class='ocr_par' dir='ltr' id='par_1_80' title="bbox 2246 3482 3823 3570">
     <span class='ocr_line' id='line_1_80' title="bbox 2246 3482 3823 3570; baseline 0.013 -37"><span class='ocrx_word' id='word_1_552' title='bbox 2246 3482 2523 3552; x_wconf 78' lang='grc' dir='ltr'><strong>ἐνέθηκεν,</strong></span> <span class='ocrx_word' id='word_1_553' title='bbox 2561 3485 2678 3538; x_wconf 83' lang='grc' dir='ltr'><strong>ἀλλ’</strong></span> <span class='ocrx_word' id='word_1_554' title='bbox 2707 3488 2855 3556; x_wconf 83' lang='grc' dir='ltr'><strong>ὅμως</strong></span> <span class='ocrx_word' id='word_1_555' title='bbox 2877 3488 2978 3541; x_wconf 86' lang='grc' dir='ltr'><strong>ὃσα</strong></span> <span class='ocrx_word' id='word_1_556' title='bbox 3008 3492 3242 3562; x_wconf 88' lang='grc' dir='ltr'><strong>συγγενῆ</strong></span> <span class='ocrx_word' id='word_1_557' title='bbox 3266 3495 3363 3563; x_wconf 82' lang='grc' dir='ltr'><strong>τῆς</strong></span> <span class='ocrx_word' id='word_1_558' title='bbox 3393 3496 3653 3550; x_wconf 84' lang='grc' dir='ltr'><strong>Εὐσεϐίου</strong></span> <span class='ocrx_word' id='word_1_559' title='bbox 3680 3516 3823 3570; x_wconf 83' lang='grc' dir='ltr'><strong>πρα-</strong></span> 
     </span>
    </p>
   </div>
   <div class='ocr_carea' id='block_1_81' title="bbox 2245 3574 3822 3653">
    <p class='ocr_par' dir='ltr' id='par_1_81' title="bbox 2245 3574 3822 3653">
     <span class='ocr_line' id='line_1_81' title="bbox 2245 3574 3822 3653; baseline 0.012 -29"><span class='ocrx_word' id='word_1_560' title='bbox 2245 3574 2513 3643; x_wconf 82' lang='grc' dir='ltr'><strong>γματείας</strong></span> <span class='ocrx_word' id='word_1_561' title='bbox 2541 3575 2780 3647; x_wconf 77' lang='grc' dir='ltr'><strong>εὕροιμι,</strong></span> <span class='ocrx_word' id='word_1_562' title='bbox 2817 3581 2880 3631; x_wconf 84' lang='grc' dir='ltr'><strong>ὲκ</strong></span> <span class='ocrx_word' id='word_1_563' title='bbox 2910 3578 3005 3632; x_wconf 82' lang='grc' dir='ltr'><strong>τοῦ</strong></span> <span class='ocrx_word' id='word_1_564' title='bbox 3060 3582 3224 3635; x_wconf 88' lang='grc' dir='ltr'><strong>αὐτοῦ</strong></span> <span class='ocrx_word' id='word_1_565' title='bbox 3260 3582 3540 3653; x_wconf 84' lang='grc' dir='ltr'><strong>Ῥουφίνου</strong></span> <span class='ocrx_word' id='word_1_566' title='bbox 3576 3587 3671 3640; x_wconf 79' lang='grc' dir='ltr'><strong>καὶ</strong></span> <span class='ocrx_word' id='word_1_567' title='bbox 3709 3592 3822 3644; x_wconf 83' lang='grc' dir='ltr'><strong>τῶν</strong></span> 
     </span>
    </p>
   </div>
   <div class='ocr_carea' id='block_1_82' title="bbox 2247 3664 3822 3746">
    <p class='ocr_par' dir='ltr' id='par_1_82' title="bbox 2247 3664 3822 3746">
     <span class='ocr_line' id='line_1_82' title="bbox 2247 3664 3822 3746; baseline 0.011 -29"><span class='ocrx_word' id='word_1_568' title='bbox 2247 3664 2423 3718; x_wconf 81' lang='grc' dir='ltr'><strong>ἄλλων</strong></span> <span class='ocrx_word' id='word_1_569' title='bbox 2453 3670 2814 3737; x_wconf 79' lang='grc' dir='ltr'><strong>συγγραφέων</strong></span> <span class='ocrx_word' id='word_1_570' title='bbox 2835 3672 3235 3743; x_wconf 83' lang='grc' dir='ltr'><strong>ἀναλεξάμενος</strong></span> <span class='ocrx_word' id='word_1_571' title='bbox 3257 3675 3490 3746; x_wconf 83' lang='grc' dir='ltr'><strong>ἐνθήσω,</strong></span> <span class='ocrx_word' id='word_1_572' title='bbox 3523 3679 3662 3732; x_wconf 87' lang='grc' dir='ltr'><strong>καθά</strong></span> <span class='ocrx_word' id='word_1_573' title='bbox 3678 3682 3822 3735; x_wconf 83' lang='grc' dir='ltr'><strong>ἀνω-</strong></span> 
     </span>
    </p>
   </div>
   <div class='ocr_carea' id='block_1_83' title="bbox 2244 3756 3816 3837">
    <p class='ocr_par' dir='ltr' id='par_1_83' title="bbox 2244 3756 3816 3837">
     <span class='ocr_line' id='line_1_83' title="bbox 2244 3756 3816 3837; baseline 0.011 -28"><span class='ocrx_word' id='word_1_574' title='bbox 2244 3758 2389 3828; x_wconf 87' lang='grc' dir='ltr'><strong>τέρω</strong></span> <span class='ocrx_word' id='word_1_575' title='bbox 2422 3760 2640 3830; x_wconf 80' lang='grc' dir='ltr'><strong>εἴρηκα,</strong></span> <span class='ocrx_word' id='word_1_576' title='bbox 2673 3760 2806 3830; x_wconf 78' lang='grc' dir='ltr'><strong>τῷδε</strong></span> <span class='ocrx_word' id='word_1_577' title='bbox 2843 3764 2920 3833; x_wconf 80' lang='grc' dir='ltr'><strong>τῷ</strong></span> <span class='ocrx_word' id='word_1_578' title='bbox 2956 3763 3165 3835; x_wconf 83' lang='grc' dir='ltr'><strong>βιϐλίῳ.</strong></span> <span class='ocrx_word' id='word_1_579' title='bbox 3212 3767 3377 3837; x_wconf 84' lang='grc' dir='ltr'><strong>Λέγει</strong></span> <span class='ocrx_word' id='word_1_580' title='bbox 3416 3769 3472 3822; x_wconf 88' lang='grc' dir='ltr'><strong>δὲ</strong></span> <span class='ocrx_word' id='word_1_581' title='bbox 3513 3772 3606 3824; x_wconf 71' lang='grc' dir='ltr'><strong>καὶ</strong></span> <span class='ocrx_word' id='word_1_582' title='bbox 3630 3756 3816 3836; x_wconf 53' lang='grc' dir='ltr'><strong>οὐτοςί</strong></span> 
     </span>
    </p>
   </div>
   <div class='ocr_carea' id='block_1_84' title="bbox 2253 3850 3819 3932">
    <p class='ocr_par' dir='ltr' id='par_1_84' title="bbox 2253 3850 3819 3932">
     <span class='ocr_line' id='line_1_84' title="bbox 2253 3850 3819 3932; baseline 0.011 -31"><span class='ocrx_word' id='word_1_583' title='bbox 2253 3869 2271 3901; x_wconf 79' lang='grc' dir='ltr'><strong>ι</strong></span> <span class='ocrx_word' id='word_1_584' title='bbox 2302 3851 2456 3904; x_wconf 89' lang='grc' dir='ltr'><strong>Μετά</strong></span> <span class='ocrx_word' id='word_1_585' title='bbox 2475 3850 2608 3918; x_wconf 89' lang='grc' dir='ltr'><strong>γοῦν</strong></span> <span class='ocrx_word' id='word_1_586' title='bbox 2637 3853 2732 3905; x_wconf 83' lang='grc' dir='ltr'><strong>τοῦ</strong></span> <span class='ocrx_word' id='word_1_587' title='bbox 2762 3855 3150 3925; x_wconf 84' lang='grc' dir='ltr'><strong>Διοκλητιανοῦ</strong></span> <span class='ocrx_word' id='word_1_588' title='bbox 3179 3860 3275 3910; x_wconf 78' lang='grc' dir='ltr'><strong>καὶ</strong></span> <span class='ocrx_word' id='word_1_589' title='bbox 3304 3861 3645 3932; x_wconf 78' lang='grc' dir='ltr'><strong>Μαξιμιανοῦ</strong></span> <span class='ocrx_word' id='word_1_590' title='bbox 3685 3867 3819 3919; x_wconf 78' lang='grc' dir='ltr'><strong>ἀπόο</strong></span> 
     </span>
    </p>
   </div>
   <div class='ocr_carea' id='block_1_85' title="bbox 2247 3940 3817 4018">
    <p class='ocr_par' dir='ltr' id='par_1_85' title="bbox 2247 3940 3817 4018">
     <span class='ocr_line' id='line_1_85' title="bbox 2247 3940 3817 4018; baseline 0.011 -25"><span class='ocrx_word' id='word_1_591' title='bbox 2247 3940 2418 4006; x_wconf 89' lang='grc' dir='ltr'><strong>θεσιν,</strong></span> <span class='ocrx_word' id='word_1_592' title='bbox 2446 3943 2540 3995; x_wconf 76' lang='grc' dir='ltr'><strong>καὶ</strong></span> <span class='ocrx_word' id='word_1_593' title='bbox 2568 3942 2667 4014; x_wconf 86' lang='grc' dir='ltr'><strong>τὴν</strong></span> <span class='ocrx_word' id='word_1_594' title='bbox 2700 3944 2952 4018; x_wconf 86' lang='grc' dir='ltr'><strong>τελευτὴν</strong></span> <span class='ocrx_word' id='word_1_595' title='bbox 2978 3949 3412 4015; x_wconf 87' lang='grc' dir='ltr'><strong>Κωνσταντίνου,</strong></span> <span class='ocrx_word' id='word_1_596' title='bbox 3438 3954 3817 4011; x_wconf 83' lang='grc' dir='ltr'><strong>ὑπολείπονται</strong></span> 
     </span>
    </p>
   </div>
   <div class='ocr_carea' id='block_1_86' title="bbox 2245 4035 3816 4114">
    <p class='ocr_par' dir='ltr' id='par_1_86' title="bbox 2245 4035 3816 4114">
     <span class='ocr_line' id='line_1_86' title="bbox 2245 4035 3816 4114; baseline 0.009 -27"><span class='ocrx_word' id='word_1_597' title='bbox 2245 4035 2344 4106; x_wconf 83' lang='grc' dir='ltr'><strong>τῆς</strong></span> <span class='ocrx_word' id='word_1_598' title='bbox 2380 4037 2672 4107; x_wconf 86' lang='grc' dir='ltr'><strong>Ῥωμαίων</strong></span> <span class='ocrx_word' id='word_1_599' title='bbox 2696 4038 2873 4109; x_wconf 76' lang='grc' dir='ltr'><strong>ἀρχῆς</strong></span> <span class='ocrx_word' id='word_1_600' title='bbox 2910 4041 3196 4113; x_wconf 85' lang='grc' dir='ltr'><strong>ὀμόχρονοι</strong></span> <span class='ocrx_word' id='word_1_601' title='bbox 3229 4043 3466 4114; x_wconf 85' lang='grc' dir='ltr'><strong>βασιλεῖς</strong></span> <span class='ocrx_word' id='word_1_602' title='bbox 3493 4048 3601 4101; x_wconf 86' lang='grc' dir='ltr'><strong>οίδε</strong></span> <span class='ocrx_word' id='word_1_603' title='bbox 3623 4065 3637 4080; x_wconf 89' lang='grc'><strong>·</strong></span> <span class='ocrx_word' id='word_1_604' title='bbox 3664 4050 3816 4103; x_wconf 82' lang='grc' dir='ltr'><strong>Κων-</strong></span> 
     </span>
    </p>
   </div>
   <div class='ocr_carea' id='block_1_87' title="bbox 2248 4129 3812 4211">
    <p class='ocr_par' dir='ltr' id='par_1_87' title="bbox 2248 4129 3812 4211">
     <span class='ocr_line' id='line_1_87' title="bbox 2248 4129 3812 4211; baseline 0.009 -31"><span class='ocrx_word' id='word_1_605' title='bbox 2248 4129 2525 4192; x_wconf 81' lang='grc' dir='ltr'><strong>σταντῖνος</strong></span> <span class='ocrx_word' id='word_1_606' title='bbox 2553 4130 2652 4200; x_wconf 84' lang='grc' dir='ltr'><strong>μὲν</strong></span> <span class='ocrx_word' id='word_1_607' title='bbox 2682 4129 2778 4183; x_wconf 89' lang='grc' dir='ltr'><strong>τοῦ</strong></span> <span class='ocrx_word' id='word_1_608' title='bbox 2816 4132 3021 4202; x_wconf 85' lang='grc' dir='ltr'><strong>πατρὸς</strong></span> <span class='ocrx_word' id='word_1_609' title='bbox 3050 4136 3245 4204; x_wconf 86' lang='grc' dir='ltr'><strong>μοῖραν</strong></span> <span class='ocrx_word' id='word_1_610' title='bbox 3270 4135 3541 4207; x_wconf 82' lang='grc' dir='ltr'><strong>είληφώς’</strong></span> <span class='ocrx_word' id='word_1_611' title='bbox 3583 4139 3721 4211; x_wconf 82' lang='grc' dir='ltr'><strong>αὐτη</strong></span> <span class='ocrx_word' id='word_1_612' title='bbox 3757 4141 3812 4194; x_wconf 78' lang='grc' dir='ltr'><strong>δὲ</strong></span> 
     </span>
    </p>
   </div>
   <div class='ocr_carea' id='block_1_88' title="bbox 2244 4214 3813 4303">
    <p class='ocr_par' dir='ltr' id='par_1_88' title="bbox 2244 4214 3813 4303">
     <span class='ocr_line' id='line_1_88' title="bbox 2244 4214 3813 4303; baseline 0.011 -33"><span class='ocrx_word' id='word_1_613' title='bbox 2244 4214 2312 4291; x_wconf 81' lang='grc' dir='ltr'><strong>ἦν</strong></span> <span class='ocrx_word' id='word_1_614' title='bbox 2345 4219 2453 4273; x_wconf 89' lang='grc' dir='ltr'><strong>ἀπό</strong></span> <span class='ocrx_word' id='word_1_615' title='bbox 2476 4237 2535 4273; x_wconf 91' lang='grc' dir='ltr'><strong>τε</strong></span> <span class='ocrx_word' id='word_1_616' title='bbox 2567 4223 2667 4293; x_wconf 78' lang='grc' dir='ltr'><strong>τῆς</strong></span> <span class='ocrx_word' id='word_1_617' title='bbox 2709 4222 3053 4295; x_wconf 83' lang='grc' dir='ltr'><strong>καλουμένης</strong></span> <span class='ocrx_word' id='word_1_618' title='bbox 3105 4225 3344 4298; x_wconf 81' lang='grc' dir='ltr'><strong>Εὐρώπη</strong></span> <span class='ocrx_word' id='word_1_619' title='bbox 3389 4230 3688 4303; x_wconf 84' lang='grc' dir='ltr'><strong>ἀρχομένη,</strong></span> <span class='ocrx_word' id='word_1_620' title='bbox 3722 4234 3813 4286; x_wconf 75' lang='grc' dir='ltr'><strong>ἐπί</strong></span> 
     </span>
    </p>
   </div>
   <div class='ocr_carea' id='block_1_89' title="bbox 2245 4311 3813 4396">
    <p class='ocr_par' dir='ltr' id='par_1_89' title="bbox 2245 4311 3813 4396">
     <span class='ocr_line' id='line_1_89' title="bbox 2245 4311 3813 4396; baseline 0.006 -31"><span class='ocrx_word' id='word_1_621' title='bbox 2245 4330 2305 4365; x_wconf 90' lang='grc' dir='ltr'><strong>τε</strong></span> <span class='ocrx_word' id='word_1_622' title='bbox 2338 4311 2429 4365; x_wconf 79' lang='grc' dir='ltr'><strong>τὸν</strong></span> <span class='ocrx_word' id='word_1_623' title='bbox 2468 4313 2681 4384; x_wconf 86' lang='grc' dir='ltr'><strong>Ἴστρον</strong></span> <span class='ocrx_word' id='word_1_624' title='bbox 2710 4314 2992 4385; x_wconf 84' lang='grc' dir='ltr'><strong>διήκουσα,</strong></span> <span class='ocrx_word' id='word_1_625' title='bbox 3039 4316 3271 4371; x_wconf 86' lang='grc' dir='ltr'><strong>Σκυθίαν</strong></span> <span class='ocrx_word' id='word_1_626' title='bbox 3300 4337 3361 4374; x_wconf 88' lang='grc' dir='ltr'><strong>τε</strong></span> <span class='ocrx_word' id='word_1_627' title='bbox 3402 4323 3689 4396; x_wconf 80' lang='grc' dir='ltr'><strong>ἑκατέραν,</strong></span> <span class='ocrx_word' id='word_1_628' title='bbox 3722 4327 3813 4377; x_wconf 77' lang='grc' dir='ltr'><strong>καὶ</strong></span> 
     </span>
    </p>
   </div>
   <div class='ocr_carea' id='block_1_90' title="bbox 2246 4404 3807 4485">
    <p class='ocr_par' dir='ltr' id='par_1_90' title="bbox 2246 4404 3807 4485">
     <span class='ocr_line' id='line_1_90' title="bbox 2246 4404 3807 4485; baseline 0.009 -29"><span class='ocrx_word' id='word_1_629' title='bbox 2246 4404 2488 4467; x_wconf 84' lang='grc' dir='ltr'><strong>Κελτοὺς</strong></span> <span class='ocrx_word' id='word_1_630' title='bbox 2541 4405 2808 4469; x_wconf 77' lang='grc' dir='ltr'><strong>ἅπαντας,</strong></span> <span class='ocrx_word' id='word_1_631' title='bbox 2849 4406 3138 4475; x_wconf 83' lang='grc' dir='ltr'><strong>Ἰλλυριούς</strong></span> <span class='ocrx_word' id='word_1_632' title='bbox 3190 4425 3250 4462; x_wconf 84' lang='grc' dir='ltr'><strong>τε</strong></span> <span class='ocrx_word' id='word_1_633' title='bbox 3296 4412 3390 4465; x_wconf 76' lang='grc' dir='ltr'><strong>καὶ</strong></span> <span class='ocrx_word' id='word_1_634' title='bbox 3438 4414 3807 4485; x_wconf 82' lang='grc' dir='ltr'><strong>Σαυρομάτας,</strong></span> 
     </span>
    </p>
   </div>
   <div class='ocr_carea' id='block_1_91' title="bbox 2245 4497 3811 4575">
    <p class='ocr_par' dir='ltr' id='par_1_91' title="bbox 2245 4497 3811 4575">
     <span class='ocr_line' id='line_1_91' title="bbox 2245 4497 3811 4575; baseline 0.007 -27"><span class='ocrx_word' id='word_1_635' title='bbox 2245 4497 2340 4549; x_wconf 78' lang='grc' dir='ltr'><strong>καὶ</strong></span> <span class='ocrx_word' id='word_1_636' title='bbox 2388 4498 2485 4568; x_wconf 83' lang='grc' dir='ltr'><strong>τὴν</strong></span> <span class='ocrx_word' id='word_1_637' title='bbox 2528 4498 2621 4550; x_wconf 72' lang='grc' dir='ltr'><strong>ἐπὶ</strong></span> <span class='ocrx_word' id='word_1_638' title='bbox 2662 4498 2754 4550; x_wconf 87' lang='grc' dir='ltr'><strong>τὸν</strong></span> <span class='ocrx_word' id='word_1_639' title='bbox 2788 4498 2978 4568; x_wconf 83' lang='grc' dir='ltr'><strong>Ῥῆνον</strong></span> <span class='ocrx_word' id='word_1_640' title='bbox 3028 4503 3273 4571; x_wconf 84' lang='grc' dir='ltr'><strong>ποταμὸν</strong></span> <span class='ocrx_word' id='word_1_641' title='bbox 3319 4505 3666 4575; x_wconf 87' lang='grc' dir='ltr'><strong>καθήκουσαν</strong></span> <span class='ocrx_word' id='word_1_642' title='bbox 3709 4510 3811 4561; x_wconf 82' lang='grc' dir='ltr'><strong>τῶν</strong></span> 
     </span>
    </p>
   </div>
   <div class='ocr_carea' id='block_1_92' title="bbox 574 4561 2140 4669">
    <p class='ocr_par' dir='ltr' id='par_1_92' title="bbox 574 4561 2138 4650">
     <span class='ocr_line' id='line_1_92' title="bbox 574 4561 2138 4650; baseline 0.013 -36"><span class='ocrx_word' id='word_1_643' title='bbox 574 4572 739 4631; x_wconf 90' lang='lat' dir='ltr'><strong>atque</strong></span> <span class='ocrx_word' id='word_1_644' title='bbox 794 4561 1182 4633; x_wconf 84' lang='lat' dir='ltr'><strong>Macedoniam,</strong></span> <span class='ocrx_word' id='word_1_645' title='bbox 1231 4578 1286 4623; x_wconf 93' lang='lat' dir='ltr'><strong>et</strong></span> <span class='ocrx_word' id='word_1_646' title='bbox 1338 4571 1569 4626; x_wconf 91' lang='lat' dir='ltr'><strong>vicinum</strong></span> <span class='ocrx_word' id='word_1_647' title='bbox 1625 4592 1774 4631; x_wconf 90' lang='lat' dir='ltr'><strong>mare</strong></span> <span class='ocrx_word' id='word_1_648' title='bbox 1835 4583 2138 4650; x_wconf 83' lang='lat' dir='ltr'><strong>complexa,</strong></span> 
     </span>
    </p>
   </div>
   <div class='ocr_carea' id='block_1_93' title="bbox 2242 4561 3813 4669">
    <p class='ocr_par' dir='ltr' id='par_1_93' title="bbox 2248 4561 3813 4669">
     <span class='ocr_line' id='line_1_93' title="bbox 2248 4561 3813 4669; baseline 0.008 -29"><span class='ocrx_word' id='word_1_649' title='bbox 2248 4561 2547 4659; x_wconf 61' lang='grc' dir='ltr'><strong>Βαρϐάρων</strong></span> <span class='ocrx_word' id='word_1_650' title='bbox 2577 4591 2702 4661; x_wconf 79' lang='grc' dir='ltr'><strong>γῆν,</strong></span> <span class='ocrx_word' id='word_1_651' title='bbox 2744 4592 2843 4660; x_wconf 80' lang='grc' dir='ltr'><strong>τήν</strong></span> <span class='ocrx_word' id='word_1_652' title='bbox 2873 4561 2956 4643; x_wconf 31' lang='grc' dir='ltr'><strong>*τε</strong></span> <span class='ocrx_word' id='word_1_653' title='bbox 2990 4561 3352 4657; x_wconf 76' lang='grc' dir='ltr'><strong>Μακεδονίαν,</strong></span> <span class='ocrx_word' id='word_1_654' title='bbox 3402 4561 3495 4649; x_wconf 80' lang='grc' dir='ltr'><strong>καὶ</strong></span> <span class='ocrx_word' id='word_1_655' title='bbox 3540 4598 3637 4669; x_wconf 86' lang='grc' dir='ltr'><strong>τὴν</strong></span> <span class='ocrx_word' id='word_1_656' title='bbox 3680 4601 3813 4669; x_wconf 76' lang='grc' dir='ltr'><strong>πρὸς</strong></span> 
     </span>
    </p>
   </div>
   <div class='ocr_carea' id='block_1_94' title="bbox 573 4651 2142 4735">
    <p class='ocr_par' dir='ltr' id='par_1_94' title="bbox 573 4651 2142 4735">
     <span class='ocr_line' id='line_1_94' title="bbox 573 4651 2142 4735; baseline 0.014 -31"><span class='ocrx_word' id='word_1_657' title='bbox 573 4651 929 4721; x_wconf 78' lang='lat' dir='ltr'><strong>Thessaliam,</strong></span> <span class='ocrx_word' id='word_1_658' title='bbox 968 4664 1020 4711; x_wconf 90' lang='lat' dir='ltr'><strong>et</strong></span> <span class='ocrx_word' id='word_1_659' title='bbox 1041 4656 1322 4726; x_wconf 77' lang='lat' dir='ltr'><strong>Achaiam,</strong></span> <span class='ocrx_word' id='word_1_660' title='bbox 1350 4670 1405 4715; x_wconf 91' lang='lat' dir='ltr'><strong>et</strong></span> <span class='ocrx_word' id='word_1_661' title='bbox 1437 4677 1767 4735; x_wconf 56' lang='lat' dir='ltr'><strong>quascunque</strong></span> <span class='ocrx_word' id='word_1_662' title='bbox 1793 4669 1860 4721; x_wconf 89' lang='lat' dir='ltr'><strong>ad</strong></span> <span class='ocrx_word' id='word_1_663' title='bbox 1891 4674 2142 4727; x_wconf 84' lang='lat' dir='ltr'><strong>occiden-</strong></span> 
     </span>
    </p>
   </div>
   <div class='ocr_carea' id='block_1_95' title="bbox 576 4743 2136 4818">
    <p class='ocr_par' dir='ltr' id='par_1_95' title="bbox 576 4743 2136 4818">
     <span class='ocr_line' id='line_1_95' title="bbox 576 4743 2136 4818; baseline 0.015 -24"><span class='ocrx_word' id='word_1_664' title='bbox 576 4752 680 4795; x_wconf 88' lang='lat' dir='ltr'><strong>tem</strong></span> <span class='ocrx_word' id='word_1_665' title='bbox 740 4743 907 4802; x_wconf 84' lang='lat' dir='ltr'><strong>solem</strong></span> <span class='ocrx_word' id='word_1_666' title='bbox 982 4749 1302 4813; x_wconf 77' lang='lat' dir='ltr'><strong>vergentia,</strong></span> <span class='ocrx_word' id='word_1_667' title='bbox 1366 4749 1514 4807; x_wconf 88' lang='lat' dir='ltr'><strong>Ionio</strong></span> <span class='ocrx_word' id='word_1_668' title='bbox 1567 4758 1926 4813; x_wconf 89' lang='lat' dir='ltr'><strong>terminantur</strong></span> <span class='ocrx_word' id='word_1_669' title='bbox 1984 4765 2136 4818; x_wconf 88' lang='lat' dir='ltr'><strong>tnari.</strong></span> 
     </span>
    </p>
   </div>
   <div class='ocr_carea' id='block_1_96' title="bbox 574 4833 2140 4923">
    <p class='ocr_par' dir='ltr' id='par_1_96' title="bbox 574 4833 2140 4923">
     <span class='ocr_line' id='line_1_96' title="bbox 574 4833 2140 4923; baseline 0.016 -37"><span class='ocrx_word' id='word_1_670' title='bbox 574 4833 899 4891; x_wconf 77' lang='lat' dir='ltr'><strong>Maximinus</strong></span> <span class='ocrx_word' id='word_1_671' title='bbox 922 4838 1237 4895; x_wconf 88' lang='lat' dir='ltr'><strong>Diocletiani</strong></span> <span class='ocrx_word' id='word_1_672' title='bbox 1274 4843 1414 4898; x_wconf 79' lang='lat' dir='ltr'><strong>filius</strong></span> <span class='ocrx_word' id='word_1_673' title='bbox 1434 4845 1516 4915; x_wconf 89' lang='lat' dir='ltr'><strong>(ut</strong></span> <span class='ocrx_word' id='word_1_674' title='bbox 1536 4848 1611 4901; x_wconf 88' lang='lat' dir='ltr'><strong>ait</strong></span> <span class='ocrx_word' id='word_1_675' title='bbox 1640 4847 1927 4923; x_wconf 85' lang='lat' dir='ltr'><strong>Eusebius)</strong></span> <span class='ocrx_word' id='word_1_676' title='bbox 1952 4870 2140 4911; x_wconf 89' lang='lat' dir='ltr'><strong>omnes</strong></span> 
     </span>
    </p>
   </div>
   <div class='ocr_carea' id='block_1_97' title="bbox 574 4927 2141 5013">
    <p class='ocr_par' dir='ltr' id='par_1_97' title="bbox 574 4927 2141 5013">
     <span class='ocr_line' id='line_1_97' title="bbox 574 4927 2141 5013; baseline 0.017 -33"><span class='ocrx_word' id='word_1_677' title='bbox 574 4928 640 4981; x_wconf 85' lang='lat' dir='ltr'><strong>ad</strong></span> <span class='ocrx_word' id='word_1_678' title='bbox 689 4927 966 4985; x_wconf 86' lang='lat' dir='ltr'><strong>Orientem</strong></span> <span class='ocrx_word' id='word_1_679' title='bbox 1013 4944 1237 5003; x_wconf 89' lang='lat' dir='ltr'><strong>gentes;</strong></span> <span class='ocrx_word' id='word_1_680' title='bbox 1270 4935 1572 4995; x_wconf 74' lang='lat' dir='ltr'><strong>Maxentius</strong></span> <span class='ocrx_word' id='word_1_681' title='bbox 1617 4940 1744 4998; x_wconf 80' lang='lat' dir='ltr'><strong>vero</strong></span> <span class='ocrx_word' id='word_1_682' title='bbox 1794 4946 2039 5013; x_wconf 77' lang='lat' dir='ltr'><strong>Romam,</strong></span> <span class='ocrx_word' id='word_1_683' title='bbox 2087 4961 2141 5007; x_wconf 86' lang='lat' dir='ltr'><strong>et</strong></span> 
     </span>
    </p>
   </div>
   <div class='ocr_carea' id='block_1_98' title="bbox 576 5021 2142 5106">
    <p class='ocr_par' dir='ltr' id='par_1_98' title="bbox 576 5021 2142 5106">
     <span class='ocr_line' id='line_1_98' title="bbox 576 5021 2142 5106; baseline 0.018 -36"><span class='ocrx_word' id='word_1_684' title='bbox 576 5036 697 5087; x_wconf 63' lang='lat' dir='ltr'><strong>quae</strong></span> <span class='ocrx_word' id='word_1_685' title='bbox 729 5021 795 5074; x_wconf 87' lang='lat' dir='ltr'><strong>ab</strong></span> <span class='ocrx_word' id='word_1_686' title='bbox 848 5021 995 5078; x_wconf 90' lang='lat' dir='ltr'><strong>Italia</strong></span> <span class='ocrx_word' id='word_1_687' title='bbox 1047 5028 1113 5081; x_wconf 84' lang='lat' dir='ltr'><strong>ad</strong></span> <span class='ocrx_word' id='word_1_688' title='bbox 1149 5030 1418 5083; x_wconf 84' lang='lat' dir='ltr'><strong>Oceanum</strong></span> <span class='ocrx_word' id='word_1_689' title='bbox 1455 5038 1868 5106; x_wconf 84' lang='lat' dir='ltr'><strong>protenduntur,</strong></span> <span class='ocrx_word' id='word_1_690' title='bbox 1914 5044 2142 5098; x_wconf 85' lang='lat' dir='ltr'><strong>admini-</strong></span> 
     </span>
    </p>
   </div>
   <div class='ocr_carea' id='block_1_99' title="bbox 575 5111 892 5168">
    <p class='ocr_par' dir='ltr' id='par_1_99' title="bbox 575 5111 892 5168">
     <span class='ocr_line' id='line_1_99' title="bbox 575 5111 892 5168; baseline 0.006 -6"><span class='ocrx_word' id='word_1_691' title='bbox 575 5111 839 5168; x_wconf 88' lang='lat' dir='ltr'><strong>strabant.</strong></span> <span class='ocrx_word' id='word_1_692' title='bbox 874 5133 892 5164; x_wconf 65' lang='lat' dir='ltr'><strong>r</strong></span> 
     </span>
    </p>
   </div>
   <div class='ocr_carea' id='block_1_100' title="bbox 1236 5300 1493 5359">
    <p class='ocr_par' dir='ltr' id='par_1_100' title="bbox 1236 5300 1493 5359">
     <span class='ocr_line' id='line_1_100' title="bbox 1236 5300 1493 5359; baseline 0.012 -3"><span class='ocrx_word' id='word_1_693' title='bbox 1236 5300 1389 5357; x_wconf 85' lang='lat' dir='ltr'><strong>CAP.</strong></span> <span class='ocrx_word' id='word_1_694' title='bbox 1430 5302 1493 5359; x_wconf 88' lang='lat' dir='ltr'><strong>ll.</strong></span> 
     </span>
    </p>
   </div>
   <div class='ocr_carea' id='block_1_101' title="bbox 649 5401 2145 5493">
    <p class='ocr_par' dir='ltr' id='par_1_101' title="bbox 649 5401 2145 5493">
     <span class='ocr_line' id='line_1_101' title="bbox 649 5401 2145 5493; baseline 0.017 -38"><span class='ocrx_word' id='word_1_695' title='bbox 649 5401 933 5474; x_wconf 81' lang='lat' dir='ltr'><strong>Postquam</strong></span> <span class='ocrx_word' id='word_1_696' title='bbox 967 5408 1361 5469; x_wconf 85' lang='lat' dir='ltr'><strong>Constantinus</strong></span> <span class='ocrx_word' id='word_1_697' title='bbox 1413 5417 1551 5486; x_wconf 89' lang='lat' dir='ltr'><strong>patri</strong></span> <span class='ocrx_word' id='word_1_698' title='bbox 1592 5418 1829 5489; x_wconf 85' lang='lat' dir='ltr'><strong>legitime</strong></span> <span class='ocrx_word' id='word_1_699' title='bbox 1863 5434 2145 5493; x_wconf 88' lang='lat' dir='ltr'><strong>parentas-</strong></span> 
     </span>
    </p>
   </div>
   <div class='ocr_carea' id='block_1_102' title="bbox 565 5575 1371 5715">
    <p class='ocr_par' dir='ltr' id='par_1_102' title="bbox 565 5575 1371 5715">
     <span class='ocr_line' id='line_1_102' title="bbox 565 5575 1371 5715; baseline 0.019 -89"><span class='ocrx_word' id='word_1_700' title='bbox 565 5643 589 5715; x_wconf 56' lang='lat' dir='ltr'><strong><em>j</em></strong></span> <span class='ocrx_word' id='word_1_701' title='bbox 644 5578 666 5608; x_wconf 79' lang='lat'><strong><em>9</em></strong></span> <span class='ocrx_word' id='word_1_702' title='bbox 697 5575 890 5633; x_wconf 89' lang='lat' dir='ltr'><strong>Euseb.</strong></span> <span class='ocrx_word' id='word_1_703' title='bbox 928 5578 1018 5634; x_wconf 91' lang='lat' dir='ltr'><strong>lib.</strong></span> <span class='ocrx_word' id='word_1_704' title='bbox 1056 5597 1129 5650; x_wconf 71' lang='grc' dir='ltr'><strong>ιχ,</strong></span> <span class='ocrx_word' id='word_1_705' title='bbox 1164 5600 1283 5656; x_wconf 90' lang='lat' dir='ltr'><strong>cap.</strong></span> <span class='ocrx_word' id='word_1_706' title='bbox 1320 5587 1371 5641; x_wconf 92' lang='lat'><strong>8.</strong></span> 
     </span>
    </p>
   </div>
   <div class='ocr_carea' id='block_1_103' title="bbox 650 5734 2145 5818">
    <p class='ocr_par' dir='ltr' id='par_1_103' title="bbox 650 5734 2145 5818">
     <span class='ocr_line' id='line_1_103' title="bbox 650 5734 2145 5818; baseline 0.012 -31"><span class='ocrx_word' id='word_1_707' title='bbox 650 5735 725 5816; x_wconf 49' lang='lat'><strong>55)</strong></span> <span class='ocrx_word' id='word_1_708' title='bbox 754 5734 1021 5793; x_wconf 77' lang='lat' dir='ltr'><strong>Bullinum</strong></span> <span class='ocrx_word' id='word_1_709' title='bbox 1052 5740 1194 5797; x_wconf 89' lang='lat' dir='ltr'><strong>hunc</strong></span> <span class='ocrx_word' id='word_1_710' title='bbox 1228 5745 1546 5818; x_wconf 78' lang='lat' dir='ltr'><strong>aliumesse</strong></span> <span class='ocrx_word' id='word_1_711' title='bbox 1597 5759 1811 5818; x_wconf 72' lang='lat' dir='ltr'><strong>oportet</strong></span> <span class='ocrx_word' id='word_1_712' title='bbox 1864 5750 1931 5800; x_wconf 85' lang='lat' dir='ltr'><strong>ab</strong></span> <span class='ocrx_word' id='word_1_713' title='bbox 1965 5766 2050 5817; x_wconf 85' lang='lat' dir='ltr'><strong>eo,</strong></span> <span class='ocrx_word' id='word_1_714' title='bbox 2092 5761 2145 5805; x_wconf 78' lang='lat' dir='ltr'><strong>et</strong></span> 
     </span>
    </p>
   </div>
   <div class='ocr_carea' id='block_1_104' title="bbox 570 5806 2142 5876">
    <p class='ocr_par' dir='ltr' id='par_1_104' title="bbox 570 5806 2142 5876">
     <span class='ocr_line' id='line_1_104' title="bbox 570 5806 2142 5876; baseline 0.011 -17"><span class='ocrx_word' id='word_1_715' title='bbox 570 5806 729 5875; x_wconf 67' lang='lat' dir='ltr'><strong>Cujus</strong></span> <span class='ocrx_word' id='word_1_716' title='bbox 764 5823 903 5863; x_wconf 90' lang='lat' dir='ltr'><strong>nunc</strong></span> <span class='ocrx_word' id='word_1_717' title='bbox 950 5820 1125 5865; x_wconf 82' lang='lat' dir='ltr'><strong>exstat</strong></span> <span class='ocrx_word' id='word_1_718' title='bbox 1155 5816 1331 5868; x_wconf 78' lang='lat' dir='ltr'><strong>versio</strong></span> <span class='ocrx_word' id='word_1_719' title='bbox 1372 5806 1645 5870; x_wconf 66' lang='lat' dir='ltr'><strong>Historia&quot;</strong></span> <span class='ocrx_word' id='word_1_720' title='bbox 1671 5806 2050 5875; x_wconf 47' lang='lat' dir='ltr'><strong>ecclesiasticw&#39;</strong></span> <span class='ocrx_word' id='word_1_721' title='bbox 2075 5826 2142 5876; x_wconf 82' lang='lat' dir='ltr'><strong>ab</strong></span> 
     </span>
    </p>
   </div>
   <div class='ocr_carea' id='block_1_105' title="bbox 2246 4680 3813 4758">
    <p class='ocr_par' dir='ltr' id='par_1_105' title="bbox 2246 4680 3813 4758">
     <span class='ocr_line' id='line_1_105' title="bbox 2246 4680 3813 4758; baseline 0.006 -26"><span class='ocrx_word' id='word_1_722' title='bbox 2246 4680 2415 4749; x_wconf 78' lang='grc' dir='ltr'><strong>αὐτὴν</strong></span> <span class='ocrx_word' id='word_1_723' title='bbox 2470 4680 2764 4747; x_wconf 87' lang='grc' dir='ltr'><strong>θάλασσαν,</strong></span> <span class='ocrx_word' id='word_1_724' title='bbox 2829 4682 3130 4737; x_wconf 85' lang='grc' dir='ltr'><strong>Θεσσαλίαν</strong></span> <span class='ocrx_word' id='word_1_725' title='bbox 3178 4702 3237 4737; x_wconf 89' lang='grc' dir='ltr'><strong>τε</strong></span> <span class='ocrx_word' id='word_1_726' title='bbox 3293 4688 3387 4739; x_wconf 80' lang='grc' dir='ltr'><strong>καὶ</strong></span> <span class='ocrx_word' id='word_1_727' title='bbox 3418 4689 3661 4758; x_wconf 73' lang='grc' dir='ltr'><strong>Ἀχαίαν,</strong></span> <span class='ocrx_word' id='word_1_728' title='bbox 3721 4692 3813 4744; x_wconf 76' lang='grc' dir='ltr'><strong>καὶ</strong></span> 
     </span>
    </p>
   </div>
   <div class='ocr_carea' id='block_1_106' title="bbox 2245 4770 3813 4847">
    <p class='ocr_par' dir='ltr' id='par_1_106' title="bbox 2245 4770 3813 4847">
     <span class='ocr_line' id='line_1_106' title="bbox 2245 4770 3813 4847; baseline 0.009 -26"><span class='ocrx_word' id='word_1_729' title='bbox 2245 4771 2345 4823; x_wconf 81' lang='grc' dir='ltr'><strong>ὅσα</strong></span> <span class='ocrx_word' id='word_1_730' title='bbox 2380 4770 2516 4841; x_wconf 87' lang='grc' dir='ltr'><strong>πρὸς</strong></span> <span class='ocrx_word' id='word_1_731' title='bbox 2560 4773 2710 4843; x_wconf 75' lang='grc' dir='ltr'><strong>ἥλιον</strong></span> <span class='ocrx_word' id='word_1_732' title='bbox 2757 4773 3012 4843; x_wconf 84' lang='grc' dir='ltr'><strong>δυόμενον</strong></span> <span class='ocrx_word' id='word_1_733' title='bbox 3060 4778 3480 4847; x_wconf 73' lang='grc' dir='ltr'><strong>ἐπιστρέφοντα,</strong></span> <span class='ocrx_word' id='word_1_734' title='bbox 3538 4780 3595 4833; x_wconf 87' lang='grc' dir='ltr'><strong>τὸ</strong></span> <span class='ocrx_word' id='word_1_735' title='bbox 3636 4781 3813 4835; x_wconf 82' lang='grc' dir='ltr'><strong>Ἰόνιον</strong></span> 
     </span>
    </p>
   </div>
   <div class='ocr_carea' id='block_1_107' title="bbox 2246 4863 3811 4943">
    <p class='ocr_par' dir='ltr' id='par_1_107' title="bbox 2246 4863 3811 4943">
     <span class='ocr_line' id='line_1_107' title="bbox 2246 4863 3811 4943; baseline 0.007 -28"><span class='ocrx_word' id='word_1_736' title='bbox 2246 4863 2416 4933; x_wconf 77' lang='grc' dir='ltr'><strong>ὁρίζει</strong></span> <span class='ocrx_word' id='word_1_737' title='bbox 2445 4864 2699 4931; x_wconf 86' lang='grc' dir='ltr'><strong>πέλαγος.</strong></span> <span class='ocrx_word' id='word_1_738' title='bbox 2750 4867 2859 4919; x_wconf 80' lang='grc' dir='ltr'><strong>Καὶ</strong></span> <span class='ocrx_word' id='word_1_739' title='bbox 2900 4868 3203 4937; x_wconf 78' lang='grc' dir='ltr'><strong>Μαξιμῖνος</strong></span> <span class='ocrx_word' id='word_1_740' title='bbox 3253 4869 3308 4921; x_wconf 84' lang='grc' dir='ltr'><strong>δὲ</strong></span> <span class='ocrx_word' id='word_1_741' title='bbox 3354 4871 3384 4921; x_wconf 78' lang='grc' dir='ltr'>ὁ</span> <span class='ocrx_word' id='word_1_742' title='bbox 3424 4872 3811 4943; x_wconf 79' lang='grc' dir='ltr'><strong>Διοκλητιανοῦ</strong></span> 
     </span>
    </p>
   </div>
   <div class='ocr_carea' id='block_1_108' title="bbox 2251 4956 3816 5035">
    <p class='ocr_par' dir='ltr' id='par_1_108' title="bbox 2251 4956 3816 5035">
     <span class='ocr_line' id='line_1_108' title="bbox 2251 4956 3816 5035; baseline 0.008 -29"><span class='ocrx_word' id='word_1_743' title='bbox 2251 4956 2402 5015; x_wconf 85' lang='grc' dir='ltr'><strong>παῖς,</strong></span> <span class='ocrx_word' id='word_1_744' title='bbox 2433 4956 2648 5008; x_wconf 76' lang='grc' dir='ltr'><strong>ἅπαντα</strong></span> <span class='ocrx_word' id='word_1_745' title='bbox 2677 4956 2743 5008; x_wconf 77' lang='grc' dir='ltr'><strong>τὰ</strong></span> <span class='ocrx_word' id='word_1_746' title='bbox 2772 4958 2913 5009; x_wconf 77' lang='grc' dir='ltr'><strong>κατὰ</strong></span> <span class='ocrx_word' id='word_1_747' title='bbox 2939 4959 3037 5027; x_wconf 82' lang='grc' dir='ltr'><strong>τὴν</strong></span> <span class='ocrx_word' id='word_1_748' title='bbox 3067 4959 3353 5030; x_wconf 84' lang='grc' dir='ltr'><strong>’Λνατολὴν</strong></span> <span class='ocrx_word' id='word_1_749' title='bbox 3375 4961 3523 5033; x_wconf 79' lang='grc' dir='ltr'><strong>ἔθνη,</strong></span> <span class='ocrx_word' id='word_1_750' title='bbox 3549 4963 3694 5017; x_wconf 87' lang='grc' dir='ltr'><strong>καθά</strong></span> <span class='ocrx_word' id='word_1_751' title='bbox 3715 4983 3816 5035; x_wconf 85' lang='grc' dir='ltr'><strong>φη-</strong></span> 
     </span>
    </p>
   </div>
   <div class='ocr_carea' id='block_1_109' title="bbox 2252 5045 3816 5122">
    <p class='ocr_par' dir='ltr' id='par_1_109' title="bbox 2252 5045 3816 5122">
     <span class='ocr_line' id='line_1_109' title="bbox 2252 5045 3816 5122; baseline 0.006 -25"><span class='ocrx_word' id='word_1_752' title='bbox 2252 5062 2335 5097; x_wconf 89' lang='grc' dir='ltr'><strong>σιν</strong></span> <span class='ocrx_word' id='word_1_753' title='bbox 2373 5045 2400 5096; x_wconf 88' lang='grc' dir='ltr'><strong>ό</strong></span> <span class='ocrx_word' id='word_1_754' title='bbox 2428 5046 2704 5108; x_wconf 84' lang='grc' dir='ltr'><strong>Εὐσέϐιος.</strong></span> <span class='ocrx_word' id='word_1_755' title='bbox 2739 5045 3042 5112; x_wconf 57' lang='grc' dir='ltr'><strong>ΙίῙαξέντιός</strong></span> <span class='ocrx_word' id='word_1_756' title='bbox 3086 5065 3144 5101; x_wconf 90' lang='grc' dir='ltr'><strong>τε</strong></span> <span class='ocrx_word' id='word_1_757' title='bbox 3188 5051 3284 5119; x_wconf 80' lang='grc' dir='ltr'><strong>τὴν</strong></span> <span class='ocrx_word' id='word_1_758' title='bbox 3326 5050 3574 5122; x_wconf 82' lang='grc' dir='ltr'><strong>Ῥώμην,</strong></span> <span class='ocrx_word' id='word_1_759' title='bbox 3604 5056 3699 5108; x_wconf 74' lang='grc' dir='ltr'><strong>καὶ</strong></span> <span class='ocrx_word' id='word_1_760' title='bbox 3751 5058 3816 5106; x_wconf 68' lang='grc' dir='ltr'><strong>τὰ</strong></span> 
     </span>
    </p>
   </div>
   <div class='ocr_carea' id='block_1_110' title="bbox 2246 5136 3813 5210">
    <p class='ocr_par' dir='ltr' id='par_1_110' title="bbox 2246 5136 3813 5210">
     <span class='ocr_line' id='line_1_110' title="bbox 2246 5136 3813 5210; baseline 0.008 -22"><span class='ocrx_word' id='word_1_761' title='bbox 2246 5136 2353 5188; x_wconf 75' lang='grc' dir='ltr'><strong>ἀπὸ</strong></span> <span class='ocrx_word' id='word_1_762' title='bbox 2388 5136 2487 5204; x_wconf 81' lang='grc' dir='ltr'><strong>τῆς</strong></span> <span class='ocrx_word' id='word_1_763' title='bbox 2520 5137 2747 5201; x_wconf 84' lang='grc' dir='ltr'><strong>Ἰταλίας</strong></span> <span class='ocrx_word' id='word_1_764' title='bbox 2788 5140 2867 5202; x_wconf 83' lang='grc' dir='ltr'><strong>εἰς</strong></span> <span class='ocrx_word' id='word_1_765' title='bbox 2900 5141 3064 5193; x_wconf 87' lang='grc' dir='ltr'><strong>αὐτὸν</strong></span> <span class='ocrx_word' id='word_1_766' title='bbox 3100 5141 3406 5209; x_wconf 66' lang='grc' dir='ltr'><strong>καθήκοντα</strong></span> <span class='ocrx_word' id='word_1_767' title='bbox 3438 5143 3527 5195; x_wconf 85' lang='grc' dir='ltr'><strong>τὸν</strong></span> <span class='ocrx_word' id='word_1_768' title='bbox 3554 5144 3813 5210; x_wconf 76' lang='grc' dir='ltr'><strong>ὠκεανὸν,</strong></span> 
     </span>
    </p>
   </div>
   <div class='ocr_carea' id='block_1_111' title="bbox 2247 5228 2537 5281">
    <p class='ocr_par' dir='ltr' id='par_1_111' title="bbox 2247 5228 2537 5281">
     <span class='ocr_line' id='line_1_111' title="bbox 2247 5228 2537 5281; baseline -0.003 -1"><span class='ocrx_word' id='word_1_769' title='bbox 2247 5228 2470 5281; x_wconf 74' lang='grc' dir='ltr'><strong>διεῖπον.</strong></span> <span class='ocrx_word' id='word_1_770' title='bbox 2520 5247 2537 5279; x_wconf 76' lang='grc' dir='ltr'><strong>ι</strong></span> 
     </span>
    </p>
   </div>
   <div class='ocr_carea' id='block_1_112' title="bbox 2844 5320 3209 5374">
    <p class='ocr_par' dir='ltr' id='par_1_112' title="bbox 2844 5320 3209 5374">
     <span class='ocr_line' id='line_1_112' title="bbox 2844 5320 3209 5374; baseline 0.011 -4"><span class='ocrx_word' id='word_1_771' title='bbox 2844 5320 3093 5374; x_wconf 72' lang='grc' dir='ltr'><strong>ΚΕΦΑΛ.</strong></span> <span class='ocrx_word' id='word_1_772' title='bbox 3136 5320 3209 5374; x_wconf 85' lang='lat' dir='ltr'><strong>B&#39;.</strong></span> 
     </span>
    </p>
   </div>
   <div class='ocr_carea' id='block_1_113' title="bbox 2322 5430 3818 5513">
    <p class='ocr_par' dir='ltr' id='par_1_113' title="bbox 2322 5430 3818 5513">
     <span class='ocr_line' id='line_1_113' title="bbox 2322 5430 3818 5513; baseline 0.008 -31"><span class='ocrx_word' id='word_1_773' title='bbox 2322 5432 2730 5496; x_wconf 82' lang='grc' dir='ltr'><strong>Κωνσταντῖνος</strong></span> <span class='ocrx_word' id='word_1_774' title='bbox 2772 5430 2864 5487; x_wconf 83' lang='grc' dir='ltr'><strong>οῦν</strong></span> <span class='ocrx_word' id='word_1_775' title='bbox 2908 5437 3045 5504; x_wconf 85' lang='grc' dir='ltr'><strong>μετὰ</strong></span> <span class='ocrx_word' id='word_1_776' title='bbox 3092 5438 3190 5508; x_wconf 87' lang='grc' dir='ltr'><strong>τὴν</strong></span> <span class='ocrx_word' id='word_1_777' title='bbox 3232 5438 3325 5491; x_wconf 86' lang='grc' dir='ltr'><strong>τοῦ</strong></span> <span class='ocrx_word' id='word_1_778' title='bbox 3355 5441 3559 5512; x_wconf 76' lang='grc' dir='ltr'><strong>πατρὸς</strong></span> <span class='ocrx_word' id='word_1_779' title='bbox 3599 5442 3818 5513; x_wconf 75' lang='grc' dir='ltr'><strong>ἔννομον</strong></span> 
     </span>
    </p>
   </div>
   <div class='ocr_carea' id='block_1_114' title="bbox 2256 5754 3845 5840">
    <p class='ocr_par' dir='ltr' id='par_1_114' title="bbox 2256 5754 3845 5840">
     <span class='ocr_line' id='line_1_114' title="bbox 2256 5754 3845 5840; baseline 0.016 -34"><span class='ocrx_word' id='word_1_780' title='bbox 2256 5754 2486 5840; x_wconf 76' lang='lat' dir='ltr'><strong>Eusebio</strong></span> <span class='ocrx_word' id='word_1_781' title='bbox 2518 5758 2719 5840; x_wconf 60' lang='lat' dir='ltr'><strong>Crajce</strong></span> <span class='ocrx_word' id='word_1_782' title='bbox 2747 5765 2982 5840; x_wconf 64' lang='lat' dir='ltr'><strong>scriptae,</strong></span> <span class='ocrx_word' id='word_1_783' title='bbox 3035 5784 3158 5823; x_wconf 88' lang='lat' dir='ltr'><strong>nam</strong></span> <span class='ocrx_word' id='word_1_784' title='bbox 3194 5773 3333 5840; x_wconf 82' lang='lat' dir='ltr'><strong>apud</strong></span> <span class='ocrx_word' id='word_1_785' title='bbox 3375 5773 3534 5827; x_wconf 78' lang='lat' dir='ltr'><strong>istum</strong></span> <span class='ocrx_word' id='word_1_786' title='bbox 3565 5774 3845 5832; x_wconf 47' lang='lat' dir='ltr'><strong>Latinnm&#39;</strong></span> 
     </span>
    </p>
   </div>
   <div class='ocr_carea' id='block_1_115' title="bbox 2247 5829 3502 5911">
    <p class='ocr_par' dir='ltr' id='par_1_115' title="bbox 2247 5829 3502 5911">
     <span class='ocr_line' id='line_1_115' title="bbox 2247 5829 3502 5911; baseline 0.014 -32"><span class='ocrx_word' id='word_1_787' title='bbox 2247 5829 2567 5897; x_wconf 68' lang='lat' dir='ltr'><strong>scriptorem</strong></span> <span class='ocrx_word' id='word_1_788' title='bbox 2590 5832 2721 5885; x_wconf 77' lang='lat' dir='ltr'><strong>nihil</strong></span> <span class='ocrx_word' id='word_1_789' title='bbox 2746 5829 3047 5903; x_wconf 71' lang='lat' dir='ltr'><strong>bujrismOJi</strong></span> <span class='ocrx_word' id='word_1_790' title='bbox 3078 5829 3293 5911; x_wconf 79' lang='lat' dir='ltr'><strong>legitur.</strong></span> <span class='ocrx_word' id='word_1_791' title='bbox 3336 5842 3502 5896; x_wconf 60' lang='lat' dir='ltr'><strong>llano.</strong></span> 
     </span>
    </p>
   </div>
  </div>
