4154 6566
433 410 566 475 1201

1314 425 1677 522 HISTORIA
1717 427 2047 489 CONCILII
2085 430 2391 492 NlC/ENI.
2424 457 2490 466 —
2534 435 2681 492 LIB.
2727 434 2776 492 Ι.

3546 430 3680 496 1202

428 525 674 595 κηδείαν,
725 528 819 582 καὶ
864 529 962 594 τὰς
1006 533 1369 604 νομιζομένας
1400 537 1586 606 τιμάς,
1627 538 1832 610 ζημίαν
1865 542 2005 612 ήγή-

2111 554 2211 610 set,
2247 555 2302 602 et
2333 555 2621 601 consuetos
2661 543 3007 614 persolvisset
3043 543 3296 608 honores,
3323 544 3496 600 otium
3531 543 3584 598 in
3614 559 3680 600 ea

429 631 561 668 σατο
589 617 690 688 τῆς
734 619 1016 691 Ῥωμαίων
1066 629 1350 697 συμφορᾶς
1393 627 1512 698 [ῑσ.
1545 629 1638 682 ἐπὶ
1673 633 1796 694 ταῖς
1830 632 2000 704 Ῥωμ.

431 708 762 781 συμφοραῖς]
793 711 889 781 τὴν
915 714 1168 784 ἡσυχίαν.
1203 717 1407 770 Ἤκουε
1432 719 1542 790 γάρ
1575 719 1674 788 τὴν
1714 721 2001 791 Ῥωμαίων

430 797 584 850 πόλιν
618 801 934 870 κάμνουσαν
980 809 1095 868 τοῖς
1148 806 1450 872 Μαξεντίου
1495 813 1722 874 κακοίςο
1777 812 1857 874 εἰς
1899 811 2007 881 γάρ

429 889 692 962 ὠμότητα
714 894 1029 964 τυραννίδος
1058 897 1086 949 6
1117 896 1216 966 τῆς
1258 896 1538 966 βασιλείας
1564 899 1714 968 αὐτῷ
1745 899 2010 969 μετεϐάλ-

431 978 554 1034 λετο
581 982 799 1052 τρόπος.
828 984 1064 1048 Πολλούς
1099 1003 1160 1039 τε
1202 988 1310 1059 γάρ
1354 988 1593 1059 ἀκρίτως
1632 990 1742 1042 τῶν
1778 991 1836 1043 ἐν
1863 990 2006 1044 τέλει

433 1071 647 1142 θανάτῳ
679 1075 1023 1146 παραδιδοὺς,
1055 1077 1260 1148 ζημίας
1308 1096 1369 1132 τε
1421 1079 1516 1133 καὶ
1549 1081 1726 1149 φυγάς
1771 1081 1867 1134 καὶ
1907 1082 2009 1151 τῆς

431 1163 534 1232 γῆς
578 1163 911 1234 ἀναδασμὸν,
959 1167 1052 1221 καὶ
1099 1169 1461 1240 προτιμήσεις
1504 1171 1873 1235 ἀνεξετάστως
1905 1172 2008 1225 ἐπ-

433 1252 690 1308 έϐαλλεν·
718 1256 818 1328 ήδη
861 1257 918 1312 δὲ
958 1260 1050 1312 καὶ
1101 1260 1376 1328 γυναικῶν
1425 1261 1722 1334 ἀλλοτρίων
1770 1263 1932 1333 ὲρῶν,
1971 1263 2006 1334 ἢ

432 1347 545 1409 τοῖς
568 1346 940 1418 ἐπιτάγμασιν
973 1349 1221 1414 ἐϐιάζετο
1241 1365 1255 1380 ’
1280 1353 1374 1406 καὶ⁸
1393 1352 1579 1408 λοιπὸν
1607 1355 1916 1423 ἀνασφαλὲς
1937 1351 2005 1424 ἦν

433 1440 669 1505 γυναῖκα
698 1439 842 1509 ἔχειν
873 1441 1080 1512 stipat-.771
1105 1459 1119 1472 ·
1151 1443 1246 1496 καὶ
1266 1443 1354 1497 διά
1387 1445 1740 1515 σωφροσύνης
1762 1447 2007 1517 φυλακὴν

436 1529 606 1601 πολλή
637 1547 720 1594 τις
749 1527 818 1602 ἦν
850 1533 989 1586 κατὰ
1027 1537 1127 1607 τὴν
1162 1535 1316 1590 πόλιν
1349 1539 1652 1606 μιαιφονία.
1686 1537 1874 1593 Ταῦτα
1914 1539 2009 1592 καὶ

438 1616 670 1674 πλεῖστα
705 1620 873 1694 ἕτερα
905 1623 1118 1678 ἀκούων
1155 1626 1184 1678 6
1213 1624 1626 1694 θεοφιλέστατος
1664 1630 2011 1683 Κωνσταντῐο

437 1726 548 1773 νος,
574 1709 611 1764 ἃ
633 1711 710 1781 μὴ
730 1713 828 1783 τῆς
853 1715 1134 1786 παρούσης
1157 1717 1273 1770 ἐστὶ
1296 1718 1622 1784 συντάξεως,
1638 1716 2007 1788 παρωξύνετο.

438 1798 590 1851 Ποιεῖ
626 1799 734 1871 γὰρ
761 1801 966 1856 οίκείαν
995 1802 1174 1875 λύπην
1219 1808 1337 1870 τοῖς
1376 1806 1639 1876 φιλοθέοις
1686 1806 1941 1878 ἀνδράσιν
1975 1807 2008 1878 ή

437 1889 544 1942 τῶν
566 1889 860 1962 ἀλλοτρίων
894 1895 1237 1965 πραγμάτων
1255 1896 1457 1953 ἀδικία.

1045 2031 1294 2084 ΚΕΦΑΛ.
1338 2028 1409 2084 I".

441 2138 731 2212 Umbro?)
771 2141 1079 2212 βασιλέως
1113 2145 1595 2208 Κωνσταντίνου,
1651 2147 1810 2212 ὅπως
1860 2147 2011 2202 κατὰ

509 2208 612 2262 τοῦ
645 2210 938 2276 τυράννου
964 2212 1296 2276 Μαξεντίου
1323 2208 1935 2280 ἐστρατοπεδεύάατο.

521 2317 725 2370 Ἐδόκει
749 2319 812 2389 δὴ
840 2319 985 2391 αὐτῷ
1014 2321 1198 2374 λοιπὸν
1234 2323 1344 2375 τῶν
1385 2323 1568 2376 ὃπλων
1602 2326 1889 2394 ἅπτεσθαι,
1917 2331 2012 2382 καὶ

436 2409 546 2468 τοῖς
570 2408 794 2462 τοιαῦτα
823 2413 1092 2480 πάσχουσι
1133 2413 1425 2480 Ῥωμαίοις
1455 2416 1766 2486 ἐπαμῦναι*
1802 2419 1863 2472 τὸ
1899 2422 2009 2491 γάρ

439 2498 677 2562 ἐκείνους
715 2502 824 2554 τῶν
853 2502 1035 2555 κακῶν
1079 2503 1374 2572 ἐξελέσθαι,
1423 2507 1535 2560 ἴσον
1572 2505 1660 2579 ἦν,
1704 2507 1875 2574 εἶπεν,
1917 2513 2012 2565 καὶ

439 2593 643 2656 πάντας
684 2594 1000 2664 ἀνθρώπους
1041 2597 1323 2654 διασῶσαι.
1367 2601 1568 2672 Βουλην
1609 2603 1666 2655 δὲ
1707 2603 1995 2674 λαμϐάνει,

439 2690 703 2756 πρότερον
744 2686 844 2746 τὰς
890 2689 1304 2754 ἀποστατούσας
1353 2693 1538 2756 πόλεις
1578 2694 1678 2765 τῆς
1719 2697 2009 2767 Ῥωμαίων

438 2776 730 2845 ἡγεμονίας
757 2777 1218 2843 ἀνακαλέσασθαι,
1255 2781 1352 2846 τὰς
1384 2785 1482 2853 μὲν
1526 2789 1637 2848 τοῖς
1679 2785 1882 2855 λόγοις,
1912 2789 2010 2853 τὰς

435 2867 490 2919 δὲ
515 2872 625 2932 τοῖς
647 2869 849 2933 ὅπλοις,
879 2872 976 2934 τὰς
998 2872 1055 2924 δὲ
1085 2875 1148 2944 τῇ
1188 2876 1288 2942 τῆς
1317 2875 1725 2947 φιλανθρωπίας
1762 2880 2005 2953 εὐποιία.

403 2959 572 3023 ,Τούς
619 2977 678 3013 τε
709 2961 820 3031 γὰρ
868 2964 1066 3034 φόρους
1110 2967 1292 3028 αὐτοῖς
1331 2969 1694 3037 κουφοτέρους
1737 2972 2006 3044 ἀπέφηνε,

440 3052 530 3102 καὶ
579 3050 676 3120 τὴν
725 3052 826 3122 τῆς
873 3054 1189 3126 ἀκροάσεως
1238 3056 1458 3125 ἰσότητα
1504 3063 1754 3130 παρεῖχε,
1800 3063 1898 3126 τάς
1949 3081 2010 3118 τε

436 3144 854 3213 νεωτεροποιίας
877 3147 971 3199 καὶ
1007 3147 1264 3211 ἀπονοίας
1294 3150 1532 3213 συνετῶς
1555 3151 1765 3218 διέλυε,
1790 3157 2009 3209 σιωπῶν

437 3232 639 3303 μᾶλλον
666 3235 699 3306 ἢ
733 3237 912 3304 φοϐῶν
934 3256 947 3268 ο
981 3238 1136 3302 εἰδὼς
1175 3239 1244 3291 τὰ
1276 3239 1499 3311 Σαύρων
1527 3243 1620 3295 καὶ
1650 3245 1716 3297 τὰ
1742 3246 2009 3317 Φράγκων
2037 3221 2078 3277 C

435 3325 528 3376 καὶ
557 3325 624 3378 τὰ
653 3326 950 3396 Γερμανῶν
984 3329 1110 3400 ἔθνη
1153 3331 1442 3400 φιλόκαινά
1461 3350 1520 3386 τε
1555 3331 1716 3401 εἶναι,
1750 3341 1842 3391 καὶ
1876 3342 2010 3409 πρὸς

432 3415 533 3475 τὰς
565 3415 675 3468 τῶν
725 3418 994 3486 βασιλέων
1042 3420 1445 3486 ἐπαναστάσεις
1503 3425 1818 3495 εύρίπιστον
1867 3431 2010 3500 ἔχειν

433 3505 631 3575 ὁρμὴν,
664 3508 759 3560 καὶ
807 3509 973 3578 νόμον
1017 3509 1279 3575 πολλάκις
1311 3512 1410 3583 τὴν
1443 3513 1668 3585 γνώμην
1717 3520 2007 3574 ποιεῖσθαι.

446 3596 795 3666 ’Υπηγάγετο
823 3599 880 3652 δὲ
905 3601 996 3653 καὶ
1030 3602 1293 3666 Σπάνους,
1321 3606 1416 3656 καὶ
1447 3605 1767 3676 Βρετανοὺς,
1802 3611 1894 3662 κοιλ⁷
1917 3611 2012 3675 τάς

434 3687 620 3740 αὐτόθι
642 3691 858 3759 νήσους,
892 3691 986 3744 καὶ
1019 3691 1086 3745 τὰ
1118 3693 1278 3747 λοιπὰ
1305 3694 1459 3766 γένη,
1491 3697 1585 3750 καὶ
1614 3697 1858 3763 ἅπαντας
1887 3703 2012 3766 τοὺς

430 3778 544 3830 τῶν
567 3779 659 3832 τοῦ
694 3780 842 3850 ἡλίου
881 3781 1102 3854 δυσμῶν
1147 3786 1469 3856 γινομένους
1511 3789 1826 3861 μάρτυρας·
1871 3792 2010 3846 εἰδέ-

431 3887 520 3923 ναι
544 3869 620 3940 (6)
653 3873 839 3939 φασὶν,
893 3873 1003 3927 εἴτε
1037 3875 1252 3947 ἀληθῶς
1275 3877 1354 3948 τῷ
1405 3879 1632 3950 ὠκεανῷ
1658 3883 2008 3947 καταδύεται,

431 3961 543 4014 εἴτε
577 3962 672 4014 καὶ
704 3963 836 4034 περὶ
863 3965 925 4017 τὸ
944 3965 1088 4037 ὕδωρ
1111 3967 1345 4035 φθάσας,
1378 3969 1544 4026 πάλιν
1569 3971 1636 4024 δι’
1668 3973 1863 4043 ἑτέρας
1890 3974 2013 4028 ὁδοῦ

432 4053 569 4125 πρὸς
599 4055 747 4126 ἡμᾶς
775 4058 1160 4126 ἀνακάμπτει·
1202 4055 1316 4112 εἷλε
1345 4060 1402 4113 δὲ
1439 4062 1533 4114 καὶ
1559 4061 1638 4133 τῷ
1671 4065 1864 4135 κράτει
1902 4066 2012 4120 τῶν

431 4141 611 4195 ὅπλων
642 4143 712 4196 τά
740 4144 929 4198 αὐτόθι
964 4145 1216 4218 βάρϐαρα
1262 4147 1426 4218 φῦλα,
1459 4151 1724 4223 παρέργῳ
1761 4154 1862 4224 τῆς
1905 4154 2014 4225 μά-

431 4247 535 4301 χης
567 4231 704 4303 πρὸς
733 4233 794 4286 τὸ
845 4233 1005 4305 ἔργον
1045 4239 1517 4309 συγχρησάμενος.
1569 4241 1709 4305 Τοὺς
1759 4243 1858 4312 μὲν
1903 4245 2012 4315 γὰρ

433 4321 726 4387 ὑποτάξας,
757 4326 882 4389 τοὺς
929 4325 986 4379 δὲ
1020 4327 1438 4400 μισθοδοτήσας,
1481 4331 1617 4394 τοὺς
1658 4331 1846 4401 φίλους
1892 4335 2013 4387 ἀντὶ

433 4413 725 4484 πολεμίων,
759 4419 850 4470 καὶ
881 4419 1137 4490 συνήθεις
1183 4422 1304 4476 ἀντὶ
1357 4423 1604 4476 παλαιῶν
1653 4425 1866 4496 ἐχθρῶν
1911 4444 2013 4480 καν-

433 4503 734 4573 ταστήσας,
778 4506 1098 4577 ἐπανήγαγε
1147 4510 1360 4575 πάντας
1417 4512 1762 4582 συμμάχους,
1825 4513 2014 4568 οὐδένα

431 4595 702 4668 λυπήσας,
731 4600 851 4653 οὐδὲ
869 4601 1262 4676 πολιορκήσας,
1295 4605 1391 4659 καὶ
1421 4606 1513 4659 ἐπὶ
1542 4608 1642 4677 τήν
1672 4607 1874 4678 ἐτέρων
1904 4625 2012 4661 σω-

431 4706 498 4757 τη
505 4691 629 4760 ρίαν
659 4692 955 4764 ἐπειχθείς.
987 4694 1161 4750 Ὅπου
1189 4698 1297 4768 γὰρ
1325 4699 1353 4752 6
1378 4697 1512 4762 Θεὸς
1544 4701 1842 4770 συμμαχεῖ,
1876 4701 2013 4755 πάν-

430 4798 498 4835 τα
529 4784 941 4850 κλατευθύνεται,
973 4788 1172 4841 καὶτὸν
1189 4789 1529 4859 ἀνθρώπινον
1555 4789 1818 4862 λογισμὸν
1844 4791 2014 4862 ὑπερ-

431 4874 599 4945 αίρει.
641 4877 798 4931 Μετά
855 4879 1110 4952 τοιαύτης
1157 4881 1410 4951 φιλοθέου
1467 4883 1693 4953 γνώμης
1747 4885 1778 4937 6
1830 4885 2010 4938 πάντα

433 4966 752 5031 πιστότατος
777 4971 1182 5037 Κωνσταντῖνος
1216 4975 1306 5026 τὸν
1349 4974 1540 5045 Ῥῆνον
1588 4975 1680 5027 ἐπὶ
1718 4974 1869 5046 δεξιᾷ
1895 4975 2009 5029 δια-

434 5055 554 5120 ϐὰς,
586 5058 872 5114 καὶπολλὰ
906 5063 1002 5132 μὲν
1039 5063 1161 5134 ὅρη,
1197 5064 1426 5129 πολλοὺς
1460 5065 1516 5118 δὲ
1559 5067 1838 5136 ποταμοὺς
1877 5068 2011 5120 ἀνω-

433 5146 637 5216 νύμους
663 5149 827 5220 ὀλίγῳ
850 5154 1064 5223 στρατῷ
1089 5157 1442 5227 περαιωθεὶς,
1462 5156 1633 5210 πολλά
1660 5175 1718 5210 τε
1754 5157 2009 5231 βάρϐαρα

433 5237 562 5307 ἔθνη
597 5242 1018 5310 χειρωσάμενος,
1053 5245 1270 5299 Γάλλων
1315 5265 1404 5313 τε,
1454 5249 1547 5302 καὶ
1590 5251 1880 5321 Φράγκων,
1914 5251 2016 5304 καὶσ

432 5330 660 5384 Σπάνων
703 5331 837 5384 δέκα
870 5333 998 5404 ἔθνη
1047 5339 1476 5410 προσαγόμενος,
1533 5343 1775 5412 προσῆγε
1824 5341 2009 5394 λοιπὸν

429 5422 530 5492 τῆς
572 5421 802 5487 Ἰταλίας
841 5425 992 5496 δρεσι
1038 5428 1098 5480 τὸ
1129 5431 1458 5502 στράτευμα.
1491 5433 1676 5486 Ταῦτα
1708 5432 2006 5486 ἀκούσαντι

428 5513 509 5583 τῷ
537 5513 845 5584 Μαξεντίῳ,
880 5519 1096 5587 ταραχή
1140 5537 1224 5583 τις
1263 5517 1331 5590 ἦν
1376 5523 1656 5593 ἀδόκητος.
1691 5525 1766 5577 Οὐ
1802 5523 1909 5595 γὰρ
1942 5524 2007 5578 ἄν

431 5620 566 5656 ποτε
605 5604 874 5676 τοσαύτην
912 5608 1098 5679 χώραν
1151 5610 1400 5681 διαϐῆναι
1445 5616 1772 5684 προσεδόκα,
1830 5615 2003 5688 δρεσι,

505 5768 580 5838 {0)
611 5770 791 5836 Forte,
825 5767 878 5824 οἳ
912 5771 1129 5826 εἰδέναι.
1160 5771 1330 5829 Hann.

2108 635 2474 692 Romanorum
2526 637 2836 691 calamitate
2885 635 2987 690 sibi
3033 635 3289 690 damnmn
3331 650 3454 691 esse
3501 635 3687 692 duxit.

2107 727 2328 782 Audivit
2347 729 2490 782 enim
2520 727 2746 782 Romam
2772 725 3030 781 Maxentii
3067 725 3412 794 improbitate
3441 725 3681 794 graviter

2112 817 2294 887 afﬂigi,
2331 818 2426 888 qui
2472 818 2620 888 regni
2661 818 3091 873 moderationem
3121 817 3174 870 in
3205 831 3404 872 saevam
3441 818 3679 886 tyranni-

2109 910 2230 963 dem
2278 917 2724 964 commutaverat.
2774 907 2968 963 Multos
3009 908 3154 960 enim
3207 906 3481 976 principes
3529 906 3686 962 viros.

2111 999 2308 1055 indicta
2348 1015 2510 1054 causa
2550 1001 2666 1054 neci
2697 999 2846 1055 dedit
2879 1017 2892 1054 :
2923 999 3183 1068 supplicia
3218 1009 3272 1052 ct
3316 997 3508 1054 exsilia
3541 996 3680 1052 irro—

2108 1093 2288 1162 gabat,
2341 1109 2502 1162 agros
2548 1103 2602 1148 et
2653 1094 2889 1148 honores
2935 1093 3054 1148 sine
3101 1091 3313 1148 delectu
3365 1089 3633 1145 tribuebat
3657 1107 3681 1143 ιε

2109 1183 2316 1238 alienas
2352 1183 2643 1255 conjuges,
2688 1199 2917 1254 quarum
2963 1198 3148 1237 amore
3201 1180 3538 1250 capiebatur,
3585 1189 3682 1236 aut

2112 1275 2298 1328 fraude
2343 1277 2394 1329 in
2426 1287 2671 1344 stuprum
2701 1275 2892 1340 illexit,
2931 1283 3025 1329 aut
3055 1273 3300 1345 imperiis
3327 1272 3394 1326 ad
3422 1269 3679 1342 ﬂagitium

2111 1363 2361 1432 impulit:
2397 1364 2524 1418 nulli
2575 1373 2748 1419 tutum
2798 1371 2920 1419 erat
2965 1363 3260 1420 formosam
3308 1374 3534 1416 uxorem
3583 1358 3682 1414 ha-

2109 1454 2239 1510 bere
2268 1471 2282 1508 :
2313 1454 2584 1521 pudicitire
2613 1453 2848 1509 tutanda:
2893 1468 3060 1510 causa
3109 1451 3272 1507 multa
3322 1457 3440 1507 erat
3475 1449 3528 1504 in
3567 1456 3679 1506 tota

2110 1544 2245 1599 urbe
2273 1545 2466 1599 ctedes.
2501 1542 2637 1598 Cum
2687 1543 2800 1598 haec
2831 1543 3043 1612 aliaque
3087 1540 3340 1611 plurima,
3368 1553 3490 1608 qua:
3521 1535 3684 1607 hujus

2109 1634 2343 1690 instituti
2392 1649 2498 1689 non
2551 1643 2696 1699 sunt,
2734 1632 3124 1690 Constantinus
3167 1631 3280 1686 Deo
3323 1628 3708 1684 charissimus-

2112 1725 2431 1791 audivisset,
2459 1725 2700 1796 graviter
2730 1732 3034 1780 commotus
3064 1732 3168 1778 est.
3205 1720 3348 1776 Viris
3391 1719 3535 1774 enim
3580 1716 3714 1788 piis»

2114 1816 2396 1886 proprium
2427 1815 2668 1872 dolorem
2697 1822 3002 1872 commovet
3035 1811 3214 1868 aliena
3257 1809 3474 1879 injuria.

2750 2030 2906 2086 CAP.
2957 2030 3043 2085 lii.

2115 2145 2188 2198 De
2248 2160 2364 2214 rege
2417 2131 3114 2214 Constantino,__?;uompdo
3159 2139 3445 2214 exercitum
3499 2146 3699 2191 contra.

2463 2223 2745 2280 tyranuum
2792 2209 3119 2263 Maxentium
3149 2209 3299 2261 duxit
3311 2249 3322 2263 .

2183 2329 2390 2381 Placuit
2420 2342 2548 2396 ergo
2574 2325 2929 2380 Constantino
2960 2339 3106 2377 arma
3139 2335 3352 2392 capere,
3388 2331 3444 2376 et
3479 2320 3682 2375 Roma-

2112 2433 2211 2472 nos
2243 2433 2270 2470 a
2307 2417 2505 2471 talibus
2551 2416 2764 2484 injuriis
2791 2415 3107 2480 vindicare;
3140 2428 3261 2467 nam
3300 2413 3421 2466 illos
3469 2427 3533 2466 ex
3566 2427 3682 2464 ma-

2114 2508 2178 2564 lis
2211 2509 2421 2577 eripere
2451 2508 2672 2576 perinde
2717 2519 2836 2560 esse
2864 2506 3094 2569 diccbat,
3147 2513 3306 2572 atque
3362 2518 3553 2557 omnes
3583 2503 3680 2556 lm-

2114 2599 2288 2654 miues
2319 2613 2473 2652 serva
2489 2613 2564 2652 re.
2595 2598 2834 2652 Primum
2861 2597 3052 2652 statuit
3087 2609 3343 2650 revocare
3372 2596 3534 2649 urbes
3566 2609 3687 2662 quae

2111 2707 2142 2745 a
2170 2691 2417 2744 Romano
2453 2691 2680 2758 imperio
2716 2689 3088 2752 desciverant;
3131 2687 3264 2740 alias
3293 2687 3507 2756 quidem
3548 2699 3685 2738 vcr-

2114 2782 2220 2847 bis,
2263 2783 2394 2835 alias
2420 2797 2548 2836 vero
2579 2781 2763 2844 armis,
2812 2779 3094 2834 nonnullas
3121 2779 3284 2832 etiam
3318 2777 3688 2832 beneficentia;

2113 2883 2168 2928 et
2203 2873 2554 2927 humanitatis
2588 2872 2794 2927 ofﬁciis.
2846 2870 2980 2925 Nam
3035 2869 3232 2924 tributa
3269 2867 3469 2922 leviora
3507 2867 3688 2921 reddi-

2112 2966 2208 3030 dit,
2245 2966 2296 3019 iu
2339 2967 2645 3019 hominibus
2692 2964 2973 3018 audiendis
3013 2960 3471 3028 admittendisque
3504 2973 3687 3027 aequu-

2113 3057 2287 3110 bilem.
2322 3071 2379 3112 se
2409 3057 2635 3126 praebuit
2668 3072 2681 3109 :
2714 3069 2892 3108 rerum
2937 3067 3198 3107 novarum
3233 3050 3418 3106 studia
3451 3059 3505 3104 et
3537 3049 3685 3104 inso-

2113 3147 2308 3202 lentias
2357 3157 2513 3201 Caute
2548 3146 2786 3213 sustulit,
2825 3144 3042 3199 silentio
3088 3142 3260 3212 magis
3291 3157 3451 3210 quam
3487 3152 3629 3205 metu
3665 3157 3680 3194 :

2112 3242 2288 3294 sciens
2320 3238 2640 3304 Saurorum,
2669 3238 3002 3292 Francorum
3033 3245 3087 3291 ct
3137 3235 3529 3291 Germanorum
3553 3247 3688 3302 gen-

2117 3343 2195 3386 tes
2232 3332 2489 3386 novitatis
2529 3333 2818 3393 studiosas,
2866 3339 3053 3384 contra
3109 3343 3264 3398 reges
3315 3336 3494 3380 motus
3527 3324 3689 3379 facile

2112 3424 2408 3486 concitare,
2446 3438 2508 3476 ac
2556 3437 2696 3490 smpe
2741 3421 2904 3474 animi
2954 3435 3171 3474 seusqu
3210 3428 3466 3486 tanquam
3514 3416 3686 3483 legem

2114 3515 2288 3580 sequi.
2324 3513 2560 3565 Adduxit
2581 3512 2744 3564 etiatn
2777 3511 3065 3579 Hispanos,
3099 3507 3415 3571 Britannos,
3447 3517 3502 3561 et
3533 3507 3686 3561 insu-

2115 3599 2288 3654 larum
2332 3615 2452 3668 qua:
2487 3599 2596 3654 illic
2637 3608 2763 3652 sunt
2809 3597 3035 3662 incolas,
3065 3607 3232 3664 atque
3269 3597 3516 3650 nationes
3562 3594 3689 3648 reii-

2116 3706 2512 3760 quas:omncs
2559 3690 2722 3745 etiam
2785 3702 3012 3743 occasus
3059 3687 3188 3741 solis
3246 3697 3429 3750 testes,
3487 3685 3578 3755 qui
3631 3700 3690 3740 se

2116 3785 2257 3838 scire
2277 3781 2575 3853 gloriantur
2603 3791 2779 3833 utrum
2805 3779 2884 3834 sol
2914 3792 3042 3832 vere
3067 3777 3284 3832 Oceano
3310 3778 3686 3844 immergatur,

2115 3875 2228 3930 sive
2261 3875 2463 3930 circum
2496 3889 2663 3942 aquas
2697 3885 2946 3935 currens,
2975 3885 3189 3925 rursum
3229 3870 3333 3923 alia
3369 3871 3455 3924 via
3491 3870 3557 3923 ad
3587 3883 3688 3922 nos

2115 3968 2303 4022 redeat
2333 3984 2348 4022 :
2381 3965 2639 4020 barbaras
2676 3964 2784 4019 illic
2821 3971 3008 4033 gentes
3036 3963 3088 4016 vi
3111 3971 3164 4017 et
3193 3962 3361 4016 armis
3390 3960 3554 4032 cepit,
3587 3961 3688 4014 hac

2113 4059 2263 4113 velut
2308 4059 2431 4113 belli
2483 4059 2793 4112 accessione
2847 4056 2911 4109 ad
2958 4063 3267 4124 susceptum
3317 4067 3451 4120 opus
3486 4066 3687 4122 oppor-

2117 4161 2243 4207 tune
2273 4166 2423 4205 usus.
2470 4151 2546 4205 Ex
2596 4150 2661 4205 iis
2695 4150 2835 4204 enim
2869 4147 3082 4217 populis
3119 4145 3255 4200 alios
3297 4143 3513 4214 quidem
3556 4142 3688 4197 sub-

2114 4246 2245 4314 egit,
2279 4243 2398 4297 aliis
2420 4243 2687 4313 stipendia
2723 4240 2903 4305 solvit,
2928 4237 3212 4294 nonnullos
3243 4236 3402 4290 etiam
3423 4251 3489 4289 ex
3522 4233 3692 4288 hosti-

2115 4337 2215 4393 bus
2271 4337 2493 4400 amicos,
2554 4351 2621 4390 ex
2673 4333 2943 4388 veteribus
2994 4331 3228 4385 inimicis
3275 4327 3580 4383 familiares
3637 4338 3705 4382 ct-

2117 4428 2441 4497 conjnnctos
2487 4426 2720 4482 reddidit
2751 4443 2764 4479 :
2793 4440 2982 4479 omnes
3008 4438 3133 4478 vero
3164 4420 3328 4476 futuri
3355 4419 3480 4474 belli
3506 4418 3687 4474 socios

2044 4549 2088 4604 ι)
2118 4521 2220 4575 sibi
2250 4519 2519 4589 adjunxit,
2549 4517 2816 4572 neminem
2852 4516 3072 4579 izcdens,
3121 4529 3223 4568 nec
3257 4513 3539 4567 obsidione
3569 4525 3692 4579 pre-

2120 4627 2294 4676 mens,
2329 4620 2383 4666 et
2430 4610 2498 4664 ad
2541 4609 2768 4664 aliorum
2819 4605 3049 4662 salutem
3108 4619 3299 4673 magna
3343 4600 3692 4655 festinatione

2120 4717 2437 4772 properans.
2494 4701 2603 4757 Deo
2654 4701 2800 4755 enim
2845 4699 2967 4753 belli
3015 4695 3279 4764 adjutore,
3317 4691 3495 4746 omnia
3546 4698 3719 4744 recte

2116 4805 2394 4870 geruntur,
2426 4803 2480 4848 et
2521 4811 2607 4850 res
2652 4809 2813 4861 supra
2865 4793 3095 4846 humana
3144 4786 3364 4842 consilia
3409 4783 3474 4838 ad
3505 4783 3693 4837 melio-

2117 4901 2202 4940 res
2251 4887 2620 4953 provehuntur
2665 4884 2864 4938 exitus.
2911 4881 3046 4937 Cum
3079 4881 3180 4934 hoc
3222 4877 3513 4948 igitnrtam
3545 4874 3711 4944 pium.

2114 4977 2395 5032 consilium
2465 4976 2516 5030 in
2571 4977 2753 5029 animo
2829 4973 3053 5028 haberet
3117 4969 3460 5024 fidelissimus
3524 4968 3694 5035 impe-

2117 5078 2268 5123 rator
2319 5069 2748 5134 Constantinus,
2795 5065 3043 5120 Rhenum
3091 5061 3289 5116 ﬂumen
3334 5060 3400 5114 ad
3451 5059 3692 5113 dextram

2118 5160 2368 5229 trajecit;
2421 5160 2616 5214 multos
2666 5170 2915 5225 montes,
2965 5158 3161 5212 multos
3212 5155 3374 5210 etiam
3420 5152 3535 5207 sine
3598 5164 3694 5203 ιιοο

2114 5255 2258 5309 ndue
2309 5252 2499 5308 ﬂuvios
2559 5269 2680 5308 cum
2738 5252 2948 5321 exiguis
3007 5250 3236 5318 primum
3293 5244 3462 5314 copiis
3519 5251 3695 5296 trans-

2113 5346 2259 5399 misit
2304 5363 2317 5400 :
2356 5345 2546 5399 deinde
2598 5343 2850 5399 Barbaris
2897 5343 3080 5396 multis
3105 5337 3363 5401 subactis,
3393 5335 3692 5397 Gallorum,

2114 5435 2465 5496 Francorum,
2495 5444 2551 5489 ct
2599 5433 2956 5505 Hispanorum
3008 5431 3191 5486 decem
3234 5427 3544 5482 nationibus
3587 5425 3691 5476 sibi

2112 5527 2379 5596 adjunctis
2416 5565 2432 5592 ,
2486 5526 2750 5596 reliquum
2819 5538 3032 5579 omnem
3085 5522 3382 5578 exercitum
3424 5519 3490 5574 ad
3528 5515 3696 5570 italia:

2111 5629 2322 5675 montes
2373 5619 2646 5689 perduxit.
2710 5614 3041 5673 Maxentium
3094 5625 3200 5670 tam
3267 5611 3560 5682 inopinata:
3618 5605 3708 5660 rei.
