4154 6558
493 441 631 507 1ω3

1765 442 2071 501 GELASII
2111 439 2455 501 CYZICENI

3627 430 3764 496 1204

488 555 711 612 nuntius
740 567 1070 625 magnopere
1108 551 1420 608 commovit.
1473 551 1761 624 Nunquam
1793 555 1938 608 enim
1972 569 2072 623 pn-

2193 553 2273 605 ιαὶ
2311 552 2605 622 ποταμοῖς,
2631 512 2727 603 καὶ
2780 549 3045 613 ποικίλοις
3093 546 3391 621 βαρϐάροις
3431 543 3759 615 πεφραγμέ-

490 645 625 701 tavit
667 644 808 710 fore,
853 650 911 698 ut
944 641 1213 713 quispiam
1266 641 1570 697 exercitum
1623 657 1719 712 per
1768 651 1879 697 tam
1929 643 2069 697 latas

495 736 749 808 regiones
794 734 1093 805 trajiceret,
1154 746 1357 803 easque
1415 733 1712 801 montibus,
1759 734 1962 799 fluviis,
2015 742 2071 789 et

492 827 784 883 multorum
808 825 1169 881 barbarorum
1190 826 1360 881 armis
1385 825 1737 892 interclusas,
1766 835 1930 897 atque
1951 826 2070 881 aliis

491 920 655 974 etiam
702 916 1144 980 ditlieultatihus,
1208 930 1330 986 quae
1387 917 1439 972 in
1503 916 1637 973 locis
1688 918 1922 973 desertis
1974 932 2070 973 sua

493 1019 686 1079 sponte
738 1006 1091 1077 proveniunt.
1161 1006 1476 1076 Regnorum
1544 1007 1689 1061 enim
1759 1007 2071 1077 praesidium

496 1099 793 1154 maximum
852 1098 1175 1168 plerumque
1235 1099 1294 1151 lit
1348 1098 1462 1166 ipsa
1513 1098 1753 1153 locorum
1816 1097 2070 1153 solitudo.

494 1190 707 1248 Placuit
766 1189 985 1244 interim
1030 1189 1331 1243 exercitum
1385 1188 1525 1244 clam
1582 1189 1752 1243 Roma
1790 1204 2073 1260 egressum

496 1281 666 1338 multa
694 1296 815 1336 cum
852 1279 1134 1335 celeritate
1178 1282 1469 1335 adversum
1505 1281 1725 1346 ducere,
1767 1290 1822 1335 et
1863 1282 2072 1335 hostem

498 1373 571 1429 ab
594 1372 749 1428 Italia
774 1370 1065 1441 depellere.
1103 1369 1209 1427 Ubi
1234 1385 1364 1425 vero
1393 1382 1581 1426 contra
1616 1373 1897 1427 instructae
1919 1382 2078 1427 erant

498 1465 665 1531 acies,
702 1472 758 1519 et
797 1463 910 1518 visa
968 1462 1225 1532 utrinque
1267 1463 1527 1518 militaria
1574 1464 1765 1533 signa;
1818 1473 1932 1518 tum
1967 1479 2075 1519 non

500 1555 693 1612 eadem
726 1568 820 1625 spe
848 1553 1135 1624 pugnaturi
1173 1554 1515 1611 videbantur.
1548 1555 1777 1611 Romani
1808 1558 1952 1612 enim
1979 1572 2077 1612 ex-

502 1650 686 1722 positi,
721 1657 777 1704 et
817 1662 915 1718 per
960 1645 1257 1717 phalanges
1311 1647 1491 1716 effusi,
1522 1658 1635 1704 tum
1689 1650 1854 1704 multa
1900 1665 2082 1707 cessa-

504 1744 654 1799 tione
691 1749 746 1796 et
786 1739 970 1811 quiete
1012 1740 1263 1805 recreati,
1297 1741 1445 1810 digni
1492 1741 1819 1797 videbantur
1848 1744 1940 1813 qui
1978 1758 2080 1814 pu-

501 1848 662 1902 gnam
723 1846 846 1886 eum
896 1830 1051 1885 hoste
1102 1832 1536 1897 committerent,
1578 1832 1806 1901 spiritus
1857 1848 2083 1904 magnos

503 1932 760 1992 gerentes
795 1930 851 1976 et
879 1922 1013 1975 urbe
1041 1922 1156 1990 ipsa
1194 1922 1406 1991 dignos.
1446 1922 1788 1978 Constantini
1822 1938 1952 1979 vero
1981 1925 2079 1979 mi-
2118 1908 2157 1963 Β

502 1994 626 2070 lites
650 2015 703 2069 in
737 2015 904 2070 armis
923 2024 1134 2071 stantes
1164 2014 1442 2079 instructi,
1471 2015 1694 2069 multam
1723 2016 1941 2084 quidem
1966 2026 2076 2072 ter-

506 2122 620 2162 ram
670 2115 1091 2175 occupaverant,
1142 2106 1311 2160 multa
1363 2121 1493 2161 vero
1538 2107 1705 2176 spolia
1756 2116 1812 2162 et
1856 2108 2082 2164 exuvias

2170 659 2290 713 νην,
2325 644 2419 696 καὶ
2468 643 2594 705 ταῖς
2641 640 2941 710 αὐτοφυέσι
2971 641 3069 710 τῆς
3111 638 3351 710 ἐρημίας
3391 632 3767 704 δυσχερείαις.

2171 734 2447 802 Μέγιστον
2478 732 2593 803 γάρ
2640 731 2854 800 γίνεται
2898 728 3158 794 πολλάκις
3208 727 3566 798 ἐπιτείχισμα
3614 725 3770 796 βασι-

2170 825 2321 889 λείας
2345 827 2378 895 ή
2405 824 2513 877 τῶν
2533 824 2717 879 τόπων
2748 825 2976 896 ἐρημία.
3010 824 3123 877 Καὶ
3160 822 3225 893 δὴ
3272 821 3470 883 ἐδόκει,
3506 820 3603 873 σὺν
3635 817 3770 871 πολ-

2172 916 2250 988 λῷ
2277 917 2433 987 τάχει
2458 919 2557 989 τῆς
2599 915 2820 987 Ῥώμης
2861 914 3219 981 ὑπεξελθόντα
3250 913 3343 966 τὸν
3378 910 3609 982 στρατὸν
3646 909 3773 963 ἀνθ-

2174 1008 2507 1078 υπεξάγειν,
2568 1009 2665 1062 καὶ
2715 1008 2812 1077 τῆς
2868 1006 3099 1069 Ἰταλίας
3156 1023 3261 1059 που
3313 1000 3770 1076 προανακρούσα-

2179 1101 2323 1156 σθαι.
2378 1101 2466 1164 Ὠς
2493 1101 2549 1156 δὲ
2577 1100 3131 1170 ἀντιπαρετάττοντο,
3158 1097 3255 1151 καὶ
3292 1097 3360 1150 τά
3395 1097 3597 1164 σημεῖα
3630 1091 3773 1146 εἶδον

2177 1192 2444 1260 ἀλλήλων,
2488 1192 2725 1245 ἐνταῦθα
2774 1192 2806 1261 ἡ
2842 1191 2990 1261 μάχη
3050 1189 3238 1242 λοιπὸν
3287 1188 3471 1242 ἄνισον
3525 1181 3638 1254 εἶχε
3671 1183 3772 1253 τὴν

2178 1285 2391 1338 ἐλπίδα.
2422 1285 2485 1338 Ol
2517 1285 2614 1355 μὲν
2642 1283 2753 1354 γάρ
2783 1282 2892 1336 ἀπὸ
2942 1280 3164 1351 Ῥώμης
3198 1278 3647 1351 προεκτεθέντες,
3673 1276 3771 1328 καὶ

2180 1377 2321 1431 κατὰ
2350 1378 2637 1447 φάλαγγας
2666 1376 3005 1448 ἐκχεόμενοι,
3033 1375 3129 1429 καὶ
3151 1375 3214 1428 ἐκ
3237 1372 3439 1442 πολλῆς
3462 1369 3771 1440 ἐκεχειρίας

2178 1469 2591 1533 διαναπαύσεως
2625 1468 2797 1536 ὅντες,
2830 1467 3049 1522 ἐδόκουν
3086 1466 3376 1537 ἀξιόμαχοι
3430 1463 3771 1532 καταφαίνε-

2183 1560 2308 1613 σθαι
2336 1559 2595 1630 φρόνημα
2619 1558 2807 1629 φέρειν
2832 1556 2982 1622 ἄξιον
3001 1557 3101 1627 τῆς
3126 1556 3337 1619 πόλεως
3360 1553 3678 1625 ἐφάμιλλον.
3707 1554 3771 1606 Οἱ

2182 1651 2240 1704 δὲ
2278 1652 2418 1721 μετά
2457 1649 2874 1704 Κωνσταντίνου
2912 1648 3385 1721 παραταττόμενοι
3423 1646 3627 1717 πολλὴν
3672 1646 3773 1715 μὲν

2184 1742 2615 1812 κατειλήφεισαν
2644 1742 2771 1812 γῆν,
2799 1741 2973 1796 πολλά
2998 1741 3055 1794 δέ
3080 1740 3299 1811 λάφυρα
3338 1739 3432 1791 καὶ
3469 1737 3638 1791 σκῦλα
3676 1736 3774 1789 τοῦ

2187 1834 2425 1905 πολέμου
2467 1836 2766 1907 συνήγοντο
2805 1834 2958 1906 πόθῳ
2978 1874 2993 1900 ,
3025 1834 3211 1906 δρόμῳ
3236 1833 3294 1887 δὲ
3328 1831 3529 1903 μᾶλλον
3567 1829 3664 1899 τῆς
3694 1828 3777 1882 νί-

2187 1944 2310 1997 κης,
2344 1927 2377 1998 ἦ
2410 1927 2712 1982 ἀπολαύσει
2732 1927 2842 1982 τῶν
2865 1926 3219 1998 εἰλημμένων
3246 1924 3607 1997 χρησάμενοι.
3631 1919 3771 1990 Ἤδη

2188 2017 2246 2072 δέ
2276 2018 2462 2072 λοιπὸν
2521 2014 2661 2090 ἦσαν
2710 2019 2849 2090 πρὸς
2888 2019 2979 2072 τὸν
3028 2019 3274 2088 κάματον
3313 2013 3772 2087 ἀπαγορεύοντες,

2190 2111 2287 2163 καὶ
2320 2111 2456 2183 πρὸς
2497 2111 2596 2183 τὴν
2633 2111 2948 2182 πυκνότητα
2975 2110 3084 2163 τῶν
3112 2110 3287 2162 πόνων
3321 2108 3633 2167 ἐνδιδόντες.

506 2199 627 2257 belli
680 2200 1047 2269 collegerant,
1101 2214 1263 2255 cursu
1314 2200 1486 2270 magis
1562 2201 1807 2255 victoria;
1862 2208 2113 2267 utentes,
2154 2218 2316 2272 quam
2355 2203 2593 2259 fructum
2640 2204 2876 2273 aliquem
2949 2202 3314 2271 percipientes
3361 2214 3429 2253 ex
3480 2198 3641 2252 rebus
3681 2208 3778 2251 ca-

506 2295 630 2366 ptis.
689 2293 959 2350 Caeterum
1009 2292 1166 2365 longa
1225 2294 1616 2366 defatigatione
1672 2296 1849 2362 fracti,
1914 2297 2079 2351 nimia
2122 2298 2368 2354 laborum
2398 2298 2724 2354 assiduitate
2748 2299 3067 2369 languentes
3098 2306 3253 2352 erant
3282 2305 3335 2349 et
3372 2292 3602 2349 remissi.

1149 2472 1305 2529 CAP.
1348 2474 1442 2529 ιν.

628 2606 707 2661 De
728 2623 882 2661 cruce
907 2625 1026 2678 qua:
1059 2608 1307 2679 apparuit
1339 2606 1690 2663 Constantino
1726 2609 1779 2661 in
1808 2610 1958 2663 cwlo.

576 2831 710 2887 Cum
756 2833 823 2886 ad
860 2833 1005 2887 hunc
1054 2833 1273 2887 modum
1323 2846 1564 2901 pugnare
1605 2832 2001 2899 decrevissent,
2036 2843 2089 2891 et

509 2925 679 2993 Copia:
723 2923 929 2980 viribus
991 2938 1151 2994 pares
1200 2925 1460 2994 utrinque
1503 2934 1712 2980 starent
1771 2926 2088 2991 instructae,

512 3016 651 3071 Dens
675 3015 1094 3073 Constantinum
1131 3015 1349 3071 ctelitus
1388 3026 1588 3081 armat,
1619 3018 1914 3073 ostendens
1947 3018 1995 3072 ei
2036 3018 2089 3072 in

510 3109 650 3165 cudo
682 3108 920 3164 salutare
956 3109 1138 3164 crucis
1186 3107 1402 3178 signum
1435 3124 1501 3163 ex
1536 3109 1673 3165 lucis
1702 3110 1991 3180 splendore
2036 3111 2088 3164 in

510 3201 651 3258 calo
682 3202 969 3271 Iignratum
995 3216 1018 3265 ;Δ
1046 3200 1240 3255 litterae
1280 3216 1414 3255 vero
1457 3201 1685 3256 visionis
1716 3202 1824 3256 vim
1872 3217 2091 3257 omnem

511 3303 564 3348 et
614 3307 831 3348 sensum
893 3291 1263 3361 explieabant,
1312 3292 1512 3362 quibus
1560 3292 1948 3349 scribebatur:
1980 3293 2095 3348 lloc
2124 3278 2166 3338 (ἶ

516 3387 687 3441 vince.
717 3384 840 3441 Ha'c
871 3383 1117 3439 narratio
1159 3384 1467 3440 inﬁdelibus
1493 3384 1673 3440 fabula
1718 3396 1771 3441 et
1816 3400 2096 3441 commen-

519 3491 631 3533 tum
661 3492 784 3534 esse
820 3476 1032 3532 videtur
1060 3476 1111 3531 in
1163 3477 1395 3547 gratiam
1436 3478 1699 3533 doctrinae
1727 3488 1968 3535 nostra}:
1999 3479 2097 3534 sed

512 3585 641 3625 vera
688 3569 912 3625 credere
958 3568 1214 3635 assuetis,
1261 3578 1412 3625 certa
1453 3568 1530 3624 rei
1579 3579 1745 3640 gestae
1780 3570 2097 3626 declaratio.

518 3661 653 3717 Nam
690 3661 834 3718 Dens
869 3662 959 3732 qui
999 3661 1213 3734 signum
1262 3661 1404 3717 istud
1453 3663 1649 3730 pinxit,
1697 3663 1876 3733 reipsa
1912 3674 2099 3734 postea

519 3757 761 3813 ostendit
804 3755 1031 3827 gratiam
1064 3755 1259 3811 litteris
1311 3753 1699 3824 signiﬁcatam,
1752 3754 1976 3809 minime
2004 3768 2100 3806 va-

518 3864 645 3904 nam
696 3847 886 3904 fuisse.
944 3848 1096 3914 Quod
1142 3847 1189 3903 si
1236 3846 1479 3902 nondum
1518 3846 1911 3915 persuademus
1955 3844 2100 3913 quod

523 3940 819 3997 scribimus
846 3938 1022 4011 (prius
1049 3941 1193 3995 enim
1227 3938 1507 3993 historiam
1532 3937 1840 4000 scribimus,
1859 3950 1925 3991 eo
1956 3935 2101 4006 quod

521 4046 635 4086 rem
690 4045 906 4085 omnent
958 4030 1116 4100 paulo
1171 4030 1334 4086 altius
1377 4037 1738 4093 arcessentes,
1785 4026 2103 4096 colligamus

519 4137 641 4193 qua
675 4123 745 4178 ab
776 4123 867 4179 illo
906 4123 1115 4178 utiliter
1143 4131 1294 4193 gesta
1341 4129 1470 4177 sunt
1513 4121 1568 4174 in
1610 4118 1767 4185 vita),
1808 4133 2000 4173 verum
2038 4117 2105 4173 iis

520 4231 642 4289 qua
672 4216 936 4285 deinceps
976 4224 1278 4284 sequuntur
1317 4214 1542 4269 credere
1571 4220 1808 4281 oportet,
1834 4225 1953 4278 quae
1978 4224 2105 4266 cum

522 4320 711 4367 nostra
739 4308 913 4367 etiam
949 4316 1107 4361 (etate
1134 4307 1225 4376 qui
1271 4307 1373 4361 sub
1403 4303 1727 4359 Constantio
1758 4301 2103 4357 Constantini

522 4404 636 4459 lilio
672 4400 1005 4462 militabant,
1037 4397 1153 4451 suis
1190 4397 1452 4450 vidissent
1479 4395 1673 4461 oculis,
1712 4403 1949 4449 veterem
1984 4393 2106 4448 inﬁ-

522 4497 801 4552 delitatem
838 4491 994 4546 novis
1024 4488 1328 4543 visionibus
1361 4497 1647 4543 sanarunt.
1679 4486 1734 4541 Si
1764 4486 1977 4541 Hebraei
2019 4486 2108 4541 his

2808 2478 3061 2533 ΚΕΦΑΛ.
3093 2481 3167 2532 Δ’.

2190 2620 2329 2690 Περὶ
2369 2619 2483 2685 τοῦ¹
2515 2615 2793 2690 σταυροῦ
2835 2615 2948 2690 τοῦ
2984 2612 3270 2690 ὀφθέντος
3317 2611 3389 2664 ἐν
3432 2606 3664 2679 οὐρανῷ
3695 2604 3781 2673 τῷ

2412 2702 2415 2703 ⁷
2606 2685 2861 2752 βασιλεῖ
2901 2685 3354 2749 Κωνσταντίνῳ.

2268 2844 2425 2897 Οὕτω
2451 2843 2505 2896 δὲ
2554 2839 2891 2913 κεκριμένης
2927 2837 3029 2908 τῆς
3074 2835 3276 2906 μάχης,
3323 2833 3416 2886 καὶ
3456 2833 3555 2901 τῆς
3602 2846 3786 2901 παρα-

2196 2937 2403 3003 τάξεως
2454 2934 2744 3006 ἰσορρόπου
2793 2931 2997 3002 οὔσης,
3052 2928 3348 3000 οὐρανόθεν
3381 2929 3409 2980 ὁ
3455 2926 3587 2986 Θεὸς
3627 2925 3789 2977 Κων-

2200 3031 2476 3084 σταντῖνον
2516 3024 2750 3091 ὁπλίζει,
2811 3023 2991 3089 δείξας
3050 3021 3202 3092 αὐτῷ
3258 3019 3321 3073 τὸ
3369 3019 3636 3087 σωτήριον
3686 3013 3787 3067 τοῦ

2200 3119 2437 3192 σταυροῦ
2474 3117 2741 3189 σύμϐολον
2766 3113 3070 3185 φωτοειδῶς
3105 3115 3162 3166 ἐν
3193 3109 3409 3183 οὐρανῷ
3430 3126 3445 3141 ο
3479 3109 3791 3180 γράμματα

2199 3214 2258 3267 δὲ
2286 3214 2489 3285 ἐμήνυε
2515 3212 2614 3281 τῆς
2646 3209 2826 3279 ὅψεως
2851 3208 2953 3277 τὴν
2997 3205 3249 3276 δύναμιν,
3293 3203 3523 3271 λέγοντα
3547 3217 3562 3233 ο
3596 3198 3793 3268 Τούτῳ

2201 3307 2358 3359 νίκα⁶
2382 3302 2541 3358 τοῦτο
2563 3302 2622 3356 τὸ
2646 3302 2893 3373 διήγημα
2931 3301 3044 3362 τοῖς
3078 3298 3178 3371 μὲν
3213 3295 3467 3358 ἀπίστοις
3509 3292 3675 3364 μῦθος
3702 3287 3790 3344 εἶ-

2200 3409 2289 3445 ναι
2332 3389 2606 3443 δοκεῖκαὶ
2652 3389 2900 3459 πλάσμα,
2947 3388 3062 3449 τοῖς
3108 3385 3165 3438 δὲ
3215 3383 3510 3456 ἡμετέροις
3553 3381 3794 3452 δόγμασι

2201 3481 2601 3554 κεχαρισμένον
2624 3498 2639 3514 ο
2676 3482 2789 3543 τοῖς
2818 3480 2862 3534 δ’
2908 3477 3084 3550 ἀληθῆ
3131 3476 3412 3531 πιστεύειν
3445 3472 3795 3543 συνειθισμέ-

2200 3590 2333 3640 νοις,
2381 3570 2616 3643 ἐναργὴς
2666 3569 2760 3623 τοῦ
2797 3569 3121 3641 πράγματος
3159 3569 3194 3639 ή
3243 3567 3539 3633 ἀπόδειξις.
3584 3565 3644 3619 Ὀ
3680 3563 3795 3636 γάρ

2199 3667 2295 3720 τοῦ
2349 3664 2621 3736 συμϐόλου
2658 3662 2952 3735 ζωγράφος
3005 3661 3139 3726 Θεὸς
3191 3660 3395 3725 ἔδειξεν
3449 3658 3596 3729 ἔργῳ
3650 3656 3797 3728 μετὰ

2202 3758 2376 3811 ταῦτα
2407 3755 2506 3826 τὴν
2547 3754 2931 3824 άληθεύσασαν
2978 3751 3075 3807 τοῦ
3113 3751 3447 3823 γράμματος
3491 3749 3672 3821 χάριν.
3728 3748 3797 3801 Εἰ

2203 3849 2261 3903 δὲ
2298 3850 2466 3920 μήπω
2499 3846 2762 3917 πείθομεν
2788 3845 2825 3899 ἃ
2845 3846 3133 3918 γράφομεν
3153 3859 3166 3873 ’
3209 3842 3477 3914 πρότερον
3507 3841 3616 3910 γάρ
3659 3840 3799 3893 lato-

2206 3942 2328 4013 ρίας
2362 3940 2671 4010 γράφομεν,
2706 3937 2796 3991 διὰ
2818 3936 2879 3990 τὸ
2910 3936 3109 4007 μικρὸν
3139 3934 3350 3990 ἀνωθεν
3375 3936 3524 4005 ἡμᾶς
3561 3931 3631 3986 τὰ
3662 3930 3798 4001 χρή.

2207 4051 2344 4104 σιμα
2371 4033 2651 4101 συλλέγειν
2679 4030 2790 4084 τῶν
2821 4030 3015 4100 ἐκείνῳ
3042 4029 3411 4100 βεϐιωμένων.
3442 4025 3584 4078 Ἀλλ’
3611 4024 3711 4077 οὐκ
3735 4023 3795 4074 ἐν

2205 4130 2317 4190 τοῖς
2354 4125 2553 4196 ἐφεξῆς
2587 4125 2837 4179 άπιστεῖν
2870 4123 2974 4185 δεῖ,
3016 4121 3052 4176 ὃ.
3095 4122 3188 4176 καὶ
3239 4121 3333 4174 ἐπὶ
3370 4119 3470 4189 τῆς
3522 4114 3794 4187 ἡμετέρας

2207 4214 2401 4281 γενεᾶς
2430 4212 2480 4265 οἱ
2508 4210 2876 4282 Κωνσταντίῳ
2910 4210 2988 4281 τῷ
3019 4208 3434 4263 Κωνσταντίνου
3467 4204 3619 4260 παιδὶ
3654 4220 3793 4272 συμ-

2208 4305 2649 4377 παραταξάμενοι
2678 4345 2693 4369 ,
2728 4307 2822 4359 καὶ
2879 4306 3322 4376 αὑτοπτήσαντες
3352 4343 3367 4369 ,
3394 4302 3492 4375 τὴν
3557 4299 3792 4356 παλαιὰν

2208 4398 2464 4452 ἀπιστίαν
2526 4399 2748 4468 νεαραῖς
2787 4398 2974 4468 ὄψεσιν
3039 4396 3436 4468 ἐθεράπευσαν.
3502 4393 3627 4447 Εἴτε
3684 4390 3794 4461 γὰρ

2224 4489 2464 4561 Ἑϐραῖοι
2487 4486 2597 4543 εἶεν
2626 4490 2675 4542 οἱ
2708 4490 2918 4555 τούτοις
2950 4489 3349 4558 ἀντιλέγοντες,
3386 4485 3568 4557 πολλῷ
3590 4483 3795 4538 τούτων

523 4579 979 4645 contradixerint,
1007 4578 1175 4632 multa
1209 4592 1275 4632 ex
1307 4592 1492 4633 eorum
1522 4577 1678 4634 libris
1702 4575 2092 4632 incredibiliora

2212 4580 2601 4653 ἀπιθανώτερα
2645 4583 2715 4635 τὰ
2744 4583 2802 4636 ἐν
2831 4584 2951 4646 ταῖς
2977 4581 3201 4635 ἐκείνων
3230 4579 3433 4652 βίϐλοις
3469 4574 3798 4645 πιστευόμεο-

521 4671 756 4745 prot‘erri
789 4679 1036 4741 possunt,
1068 4684 1187 4739 quae
1231 4679 1407 4724 tamen
1436 4685 1560 4725 vera
1593 4685 1715 4727 esse
1755 4669 2053 4725 creduntur
2085 4684 2099 4721 :

524 4776 587 4822 ut
612 4763 782 4819 maria
841 4761 1066 4833 pedibus
1124 4762 1437 4832 peragrari,
1484 4776 1654 4828 aquas
1710 4763 1858 4817 velut
1915 4773 2101 4814 muros

523 4864 821 4915 concretas
864 4864 1014 4912 stare
1062 4862 1118 4909 et
1157 4853 1382 4921 solidas,
1424 4870 1520 4924 per
1554 4856 1772 4924 pelagus
1823 4856 1925 4908 iter
1959 4852 2102 4916 fieri,

2139 4626 2186 4685 D

2211 4693 2310 4730 να’
2360 4674 2606 4729 θάλασσα
2662 4673 3027 4745 πεζευομένη,
3072 4672 3170 4727 καὶ
3216 4672 3360 4742 ὓδωρ
3414 4669 3671 4743 τειχὶξον,
3703 4666 3798 4720 καί¹

2208 4768 2444 4837 πέλαγος
2488 4768 2961 4840 ὀδοιπορούμενον,
3017 4767 3112 4820 καὶ
3156 4765 3286 4829 Θεὸς
3327 4768 3387 4818 ἐν
3434 4763 3582 4834 βάτῳ
3627 4761 3798 4832 φθεγ-

2201 4861 2455 4931 γόμενος,
2508 4860 2604 4914 καὶ
2652 4858 2784 4928 φλὸξ
2835 4856 3227 4930 νομοθετοῦσα,
3264 4856 3357 4910 καὶ
3392 4853 3629 4923 σάλπιγξ
3664 4852 3798 4907 ἄνευ

523 4950 697 5006 Deum
728 4948 781 5003 in
828 4948 964 5003 rubo
1012 4946 1179 5016 loqui,
1223 4944 1493 5001 ﬂammam
1532 4945 1676 5016 leges
1708 4946 1873 5012 ferre,
1919 4945 2092 5001 tubam

2207 4955 2446 5026 ὀργάνου
2475 4954 2574 5024 τὴν
2606 4951 2813 5025 ἔρημον
2845 4950 3175 5021 συνηχοῦσα,
3234 4950 3330 5003 καὶ
3381 4947 3604 5017 ἄγγελοι
3652 4963 3797 5015 συμ-

523 5045 644 5099 sine
691 5055 899 5112 organo
949 5041 1003 5095 in
1064 5038 1359 5095 solitudine
1402 5053 1717 5109 personare,
1768 5037 1985 5105 angelos
2041 5052 2092 5091 at

2211 5045 2701 5120 παραταττόμενοι,
2752 5044 2846 5098 καὶ
2892 5043 3326 5115 ἀρχιστράτηγοι
3371 5040 3656 5107 δυνάμεως
3694 5040 3801 5092 Κυ-

526 5134 774 5205 przelium
797 5132 1015 5198 instrui,
1042 5130 1320 5201 principes
1352 5132 1558 5186 militia:
1589 5131 1800 5185 Domini
1828 5146 1925 5200 pro
1951 5146 2092 5185 exer‘

2219 5140 2331 5211 ρίου
2379 5138 2477 5210 τῆς
2512 5137 2793 5207 φάλαγγος
2835 5133 3313 5207 ὑπερμαχοῦντες,
3344 5134 3437 5189 καὶ
3461 5132 3601 5186 λίθοι
3624 5130 3800 5201 χαλά-

524 5228 637 5282 citu
664 5239 934 5298 pugnare,
962 5234 1019 5279 et
1047 5223 1254 5294 lapides
1282 5223 1426 5278 velut
1456 5224 1773 5294 grandinem
1806 5224 2021 5290 cadere,
2051 5236 2092 5279 el

2220 5231 2341 5301 ζης.
2377 5233 2473 5286 καὶ
2521 5230 2651 5302 βέλη
2702 5230 2874 5300 πυρὸς
2923 5231 3047 5285 ἀντὶ
3089 5229 3199 5283 τῶν
3254 5228 3499 5300 συνήθων
3552 5227 3801 5299 δοράτων

528 5322 635 5376 tela
666 5319 820 5390 ignea
849 5331 948 5387 pro
977 5317 1257 5373 consuetis
1298 5317 1471 5372 hastis
1500 5304 1671 5371 emitti
1708 5335 1720 5371 :
1754 5314 2092 5371 nihilominu:

2221 5324 2553 5395 βαλλόμενα·
2604 5323 2700 5378 καὶ
2754 5324 2904 5393 ὅμως
2950 5323 3322 5387 ἀνεξετάστως
3374 5322 3582 5384 πάντες
3630 5322 3680 5375 el
3738 5316 3798 5375 εὖ

527 5424 717 5464 omnes
740 5407 830 5476 qui
864 5417 1010 5462 recte
1037 5407 1303 5478 sapimus,
1331 5407 1453 5461 istis
1484 5408 1619 5462 citra
1647 5423 1875 5463 examen
1913 5423 2092 5463 assen-

2217 5417 2541 5490 φρονοῦντες
2586 5416 2969 5485 συντιθέμεθα.
3011 5416 3146 5470 Θεοῦ
3190 5416 3300 5487 γάρ
3342 5414 3668 5486 βουλομένου
3711 5415 3801 5467 ού-

530 5504 718 5556 timur.
754 5498 866 5555 Deo
911 5500 1055 5554 enim
1089 5499 1328 5563 volente,
1368 5498 1502 5553 nihil
1531 5508 1613 5554 est
1646 5500 1787 5569 quod
1833 5499 1953 5555 ﬁeri
2002 5513 2088 5553 nor

2215 5512 2305 5566 δέν
2334 5510 2616 5581 ἀνήνυτον.
2655 5508 2778 5562 Εἴτε
2808 5508 3071 5579 Ἕλληνες
3120 5506 3229 5562 εἷεν
3285 5511 3332 5561 οἱ
3392 5508 3451 5560 τὸ
3484 5507 3668 5577 θαῦμα
3725 5506 3802 5576 μὴ

531 5592 724 5664 possit.
771 5591 831 5648 Si
885 5606 1016 5648 vero
1063 5591 1293 5664 gentiles
1346 5593 1669 5647 miraculum
1727 5594 1872 5649 istud
1931 5594 2092 5649 minui

2212 5598 2673 5673 παραδεχόμενοι,
2708 5597 2880 5651 πολλὰ
2931 5597 3127 5669 ἔχομεν
3166 5600 3362 5664 εἰπεῖν,
3419 5598 3455 5652 ἂ
3499 5598 3575 5668 μὴ
3610 5597 3800 5667 βουλό-

534 5685 909 5756 probaverint,
953 5683 1121 5740 multa
1150 5685 1332 5741 dicere
1373 5700 1684 5755 possumus,
1722 5685 1917 5757 quibus
1969 5703 2092 5741 nunc

2217 5692 2357 5765 μεθα
2380 5690 2580 5758 λέγειν.
2607 5688 2757 5741 Πόσα
2791 5688 3123 5761 Ἀλεξάνδρῳ
3148 5689 3395 5759 μέλλοντι
3438 5688 3798 5759 περαιοῦσθαι

532 5793 820 5835 censemus
884 5792 1008 5834 esse
1080 5778 1556 5847 supersedendum.
1610 5778 1819 5845 Quanta
1886 5777 2087 5833 Alexan

2213 5782 2306 5835 τὸν
2334 5780 2426 5835 ἐπὶ
2463 5776 2715 5851 Γρανικῷ
2750 5776 3009 5849 πόλεμον,
3055 5778 3149 5833 καὶ
3178 5778 3277 5849 τήν
3307 5778 3399 5832 ἐπὶ
3429 5778 3658 5849 Δαρείου
3689 5794 3795 5829 πα-

534 5873 633 5928 dre
664 5871 880 5945 ‘voleuti
927 5870 1113 5943 copias
1170 5869 1461 5944 Granicum
1523 5871 1722 5927 lluutcn
1784 5871 2026 5941 trajicere
2060 5887 2088 5926 e

2220 5873 2444 5950 ράταξιν
2482 5912 2497 5940 ,
2545 5869 2874 5925 ἐπεθείασαν
2924 5870 2973 5925 oi
3020 5869 3389 5944 χρησμολόγοι
3427 5887 3442 5937 ;
3490 5868 3668 5924 καίτοι
3722 5867 3793 5920 τά
