4154 6588
413 466 551 535 1205

1292 472 1661 535 HISTORIA
1693 474 2027 536 CONCILII
2066 476 2375 539 NIC/ENI.
2414 505 2481 514 -
2522 479 2668 538 LIB.
2711 479 2760 539 Ῑ.

3504 479 3664 545 ’1206

408 574 633 628 ἐκείνων
681 574 980 645 πλάσματα
1027 577 1127 648 τὴν
1181 583 1516 651 φαινομένην
1560 582 1835 648 ἀπόδειξιν
1892 583 1989 637 οὐκ

2096 584 2291 639 bellum
2349 584 2509 639 Dario
2570 584 2807 649 inferre,
2856 584 3136 640 vaticinati
3185 596 3314 641 sunt
3375 587 3533 644 arioli
3580 590 3663 643 ‘°?

408 662 543 734 ἔχει.
587 665 710 728 Πῶς
752 682 811 717 τε
845 666 1127 738 Σωκράτει
1155 668 1233 740 τῷ
1264 668 1541 742 φιλοσόφῳ
1588 673 1864 743 δαιμόνιον
1902 673 1992 727 διὰ

410 755 596 825 φωνῆς
619 758 929 827 προεμήνυε
953 758 1062 812 τῶν
1095 759 1170 831 μὴ
1189 761 1479 832 πρακτέων
1497 762 1597 832 τὴν
1615 762 1840 817 ἔκϐασιν
1857 803 1872 828 ,
1899 765 1994 819 καὶ

407 847 478 900 τα
511 846 639 916 περ)⁵
671 847 986 920 Πυθαγόρου
1008 848 1104 903 τοῦ
1135 849 1343 920 Σαμίου
1371 850 1476 904 ὑπὸ
1503 852 1614 906 τῶν
1642 853 1853 907 ἐκείνου
1890 871 1993 924 μα-

408 936 1033 1010 θητῶνννσυνταχθέντκ
1087 940 1164 994 ὲῶ
1188 940 1366 1010 λέγειν
1393 942 1487 995 καὶ
1514 943 1582 997 τὰ
1615 945 1725 997 τῶν
1750 944 1991 1015 ποιητῶν

408 1024 722 1095 πλάσματα,
772 1029 867 1080 καὶ
899 1029 1017 1092 πῶς
1066 1046 1213 1093 τινες
1254 1031 1364 1085 τῶν
1395 1032 1526 1103 παρ’
1559 1033 1741 1096 αὐτοῖς
1782 1034 1992 1089 εὐδοκί-

409 1132 547 1185 μων,
570 1119 663 1171 καὶ
693 1119 1064 1189 συμπολεμεῖν
1096 1122 1282 1185 αὐτοῖς
1306 1139 1459 1186 τινας
1486 1122 1593 1175 τῶν
1628 1124 1761 1193 παρ’
1804 1124 1987 1187 αὐτοῖς

408 1208 773 1277 νομισθέντων
804 1209 967 1263 θεῶν·
1001 1212 1089 1264 ἵνα
1134 1213 1208 1283 μή
1236 1229 1323 1275 τις
1365 1213 1434 1267 τὰ
1464 1213 1678 1285 μυθώδη
1711 1217 1823 1277 τοῖς
1853 1214 1988 1285 ἀλη-

408 1297 547 1363 θέσι,
581 1300 783 1354 καὶτὰ
829 1301 1096 1372 μηδαμῶς
1145 1303 1458 1373 πραχθέντα
1509 1305 1621 1366 τοῖς
1668 1304 1988 1376 πραχθεῖσιν

408 1388 783 1453 ἀντεξετάζειν
814 1390 1035 1461 νομίσῃ.
1069 1390 1181 1460 Τὴν
1206 1390 1315 1462 γὰρ
1339 1390 1711 1462 πολυδύναμον
1732 1397 1826 1447 τοῦ
1849 1395 1984 1449 Θεοῦ

409 1476 707 1551 [Χριστοῦ]⁸
741 1481 921 1551 χάριν,
963 1481 1054 1549 ἀφ’
1089 1473 1272 1552 οὗπερ.
1306 1484 1384 1546 είς
1419 1482 1737 1548 ἀνθρώπως
1758 1484 1982 1556 ἤνθησε,

406 1572 501 1624 καὶ
526 1572 583 1623 ὲν
618 1572 857 1644 οὐρανῷ,
888 1575 984 1631 καὶ⁵
1015 1575 1109 1627 ἐπὶ
1145 1575 1279 1644 γῆς,
1298 1576 1391 1628 καὶ
1420 1576 1475 1629 ὲν
1516 1575 1777 1646 θαλάσσῃ,
1805 1577 1897 1629 καὶ
1926 1578 1988 1631 ὲν

405 1665 615 1730 φυτοῖς,
646 1665 744 1717 καὶ
773 1665 847 1716 ἐν
866 1664 1067 1733 ξύλοις,
1098 1668 1192 1721 καὶ
1221 1669 1278 1722 ὲν
1309 1667 1568 1738 ἱματίοις,
1595 1670 1690 1721 καὶ
1727 1669 1785 1721 ὲν
1820 1668 1981 1739 νόσῳ,

406 1753 502 1805 καὶ
541 1755 599 1807 ἐν
631 1754 812 1826 ὑγεία,
850 1756 945 1809 καὶ
975 1758 1034 1809 ἐν
1064 1756 1317 1830 βρωτοῖς,
1342 1758 1439 1813 καὶ
1472 1760 1530 1811 ἐν
1570 1761 1775 1824 ποτοῖς,
1806 1760 1984 1824 ἀλεξι-

406 1840 694 1911 φάρμακόν
726 1859 787 1894 τε
814 1845 1136 1917 γενομένην,
1184 1848 1277 1901 καὶ
1308 1847 1600 1919 γινομένην
1645 1849 1738 1901 καὶ
1788 1848 1984 1919 ἐσομέ-

406 1948 505 2001 νην
531 1932 847 2003 θεραπείαν,
885 1937 979 1989 καὶ
1007 1938 1060 1992 οἱ
1092 1939 1478 2009 πειρασθέντες
1519 1938 1618 2009 μὲν
1666 1939 1841 2005 ῖσασι,
1892 1940 1983 1994 καὶ
2012 1920 2056 1977 Β

407 2022 569 2093 ἡμεῖς
592 2024 649 2077 δὲ
681 2027 822 2081 κατὰ
845 2027 937 2082 τὸν
990 2028 1119 2085 ίδιον
1148 2031 1340 2101 καιρὸν
1382 2032 1677 2105 προϊούσης
1702 2035 1801 2104 τῆς
1834 2035 1982 2087 ίστο-

407 2113 530 2187 ρίας
561 2116 930 2188 ἐκθησόμεθα,

1006 2324 1256 2378 ΚΕΦΑΛ.
1306 2323 1384 2384 Ε’.

405 2428 542 2497 Περὶ
597 2433 703 2504 τοῦ
747 2434 965 2504 σίγνου
1020 2432 1093 2492 οὗ
1122 2436 1410 2502 ἐποίησεν
1439 2438 1472 2489 ὁ
1490 2437 1790 2503 ,βασιλεὺς
1818 2443 1981 2494 Kair-

473 2503 793 2576 στᾳνςτῖνος
816 2503 1144 2560 ἀντίτυπον
1168 2506 1273 2560 τοῦ
1303 2506 1592 2576 ὀφθέντος
1615 2508 1778 2574 αὐτῷ
1800 2525 1977 2565 σταυ-

468 2572 584 2638 ροῦ
605 2572 675 2626 ἐν
698 2576 957 2642 οὐρανῷ.

482 2680 542 2733 '0
564 2680 608 2734 δ’
642 2676 735 2735 οὖν
764 2683 1169 2748 Κωνσταντῖνος
1188 2684 1287 2757 τὴν
1317 2684 1410 2739 τοῦ
1440 2685 1714 2757 θαύματος
1743 2687 1866 2759 δψιν
1903 2692 1986 2754 εἰς

400 2778 661 2847 τροπαίου
704 2779 890 2849 σχῆμα
926 2779 1263 2849 μεταϐαλὼν,
1304 2782 1400 2835 καὶ
1425 2783 1878 2855 χρυσοκολλήτοις
1900 2786 1983 2839 λί-

401 2868 517 2932 θοις
542 2870 909 2941 συναρμόσας,
940 2873 1021 2936 εἰς
1051 2872 1275 2944 δόρατός
1316 2890 1377 2926 τε
1420 2876 1732 2946 ἀπαρτίσας
1789 2876 1985 2948 ὑψηλο-

399 2961 575 3014 τάτου
615 2962 772 3033 ὄψιν,
820 2964 991 3017 ἐδίδου
1047 2965 1233 3036 φέρειν
1285 2969 1400 3030 τοῖς
1444 2968 1819 3037 προῖππεῦσι,
1882 2971 1980 3041 τὴν

397 3052 507 3106 τῶν
556 3056 901 3125 γραμμάτων
933 3056 1224 3126 ὑπόσχεσιν
1266 3057 1355 3111 διὰ
1407 3057 1516 3111 τῶν
1563 3058 1741 3131 ἔργων
1798 3060 1982 3116 λοιπὸν

400 3141 694 3211 ἐπιζητῶν.
726 3144 834 3197 Καὶ
857 3144 956 3215 τῆς
996 3144 1211 3206 ἐλπίδος
1243 3146 1302 3198 οὐ
1329 3146 1596 3217 διήμαρτε
1620 3189 1634 3213 ,
1660 3149 1852 3204 θᾶττον
1882 3151 1982 3222 μὲν

2092 674 2241 742 atqui
2273 674 2388 729 haec
2425 688 2613 729 eorum
2657 682 2961 727 commenta
2994 672 3196 728 nullam
3239 674 3547 731 evidentem
3580 678 3665 732 sui

2093 764 2613 821 demonstrationem
2645 762 2867 829 habent.
2897 763 3176 831 Quomodo
3206 765 3451 821 Socratis
3488 767 3664 836 philo-

2092 854 2247 921 sophi
2284 854 2609 909 daemonium
2652 867 2786 909 voce
2809 856 3203 922 prirnuutiabat
3232 856 3306 911 illi
3343 872 3526 912 rerum
3558 874 3666 914 non

2095 944 2428 1010 agendarum
2466 941 2732 998 eventus?
2755 940 3036 1007 Quomodo
3064 957 3195 997 vero
3222 957 3343 1012 qua:
3373 943 3441 999 de
3467 943 3666 1013 Pytha-

2090 1047 2223 1103 gora
2268 1031 2459 1089 Samio.
2502 1034 2570 1088 ab
2597 1032 2765 1101 ipsius
2794 1031 3076 1100 discipulis
3103 1034 3305 1102 scripta
3336 1035 3500 1089 sunt?
3525 1033 3664 1089 Poe-

2093 1133 2267 1179 tarum
2296 1125 2575 1195 ligmenta,
2605 1139 2670 1179 ac
2712 1139 2818 1192 quo
2850 1133 3005 1191 pacto
3052 1125 3197 1178 inter
3255 1124 3375 1180 illos
3420 1125 3661 1181 nonnulli

2092 1214 2235 1269 fama
2265 1216 2528 1281 celebres,
2565 1215 2826 1284 quosdam
2862 1228 3050 1268 eorum
3080 1228 3218 1283 quos
3250 1215 3378 1270 deos
3396 1230 3517 1271 esse
3540 1216 3659 1271 exi-

2089 1307 2335 1372 stimant,
2364 1320 2467 1360 una
2497 1321 2617 1360 cum
2657 1305 2786 1375 ipsis
2817 1305 3050 1359 militare
3079 1312 3133 1359 et
3162 1304 3362 1360 bellare
3390 1305 3685 1372 scribant,

2087 1377 2335 1452 consulto
2368 1406 2649 1469 pnetereo,
2696 1412 2761 1452 ue
2810 1398 2931 1467 quis
2962 1395 3215 1451 fabulosa.
3236 1409 3391 1450 cum.
3413 1395 3578 1456 veris.
3607 1403 3688 1450 ets

2088 1504 2211 1559 quae
2240 1488 2502 1560 nusquam
2531 1498 2681 1560 gesta
2724 1505 2845 1545 cum
2878 1489 3047 1559 gestis
3071 1502 3395 1559 comparare
3433 1502 3520 1542 me
3565 1503 3662 1557 pun

2090 1589 2186 1635 tet.
2239 1579 2634 1655 Prtepotentem
2691 1580 2834 1634 enim
2885 1579 3085 1634 Christi
3131 1577 3383 1648 gratiam,
3436 1589 3504 1632 ex
3551 1590 3663 1645 quo

2087 1670 2228 1725 inter
2254 1672 2501 1725 homines
2532 1684 2611 1726 ea.
2625 1670 2940 1725 exuberavit
2969 1679 3023 1724 et
3055 1671 3107 1724 in
3137 1669 3295 1734 caelo,
3318 1678 3375 1729 et
3399 1669 3665 1735 interra,

2085 1769 2140 1814 et
2172 1759 2227 1813 in
2258 1760 2413 1827 mari,
2454 1769 2508 1813 et
2546 1760 2596 1813 in
2632 1760 2851 1829 plantis,
2900 1769 2951 1812 et
2992 1760 3042 1813 in
3085 1757 3268 1827 lignis,
3310 1767 3366 1813 el.
3397 1758 3452 1812 in
3481 1757 3656 1812 vesti-

2086 1847 2206 1912 bus,
2248 1857 2303 1903 et
2346 1849 2397 1902 in
2444 1849 2654 1913 morbo,
2680 1857 2745 1903 et
2773 1850 2825 1902 in
2854 1848 3104 1912 sanitate,
3151 1858 3206 1903 et
3242 1848 3479 1913 iu-acibo,
3507 1856 3560 1902 et
3602 1847 3659 1902 in

2086 1949 2234 2008 potu,
2265 1940 2593 1995 tutissimum
2621 1940 2958 2009 praesidium,
2997 1940 3344 1995 etmalorum
3376 1949 3482 1995 tam
3519 1955 3661 2008 prte-

2085 2032 2321 2085 sentium
2367 2046 2529 2100 quam
2579 2031 2883 2086 futurorum
2928 2033 3225 2087 remedium
3262 2044 3403 2097 esse,
3449 2032 3660 2099 experti

2086 2133 2304 2189 norunt,
2350 2132 2405 2179 et
2452 2139 2550 2179 nos
2596 2125 2757 2178 etiam
2811 2125 2867 2179 iu
2915 2138 3227 2194 progressu.
3263 2123 3515 2179 historiae
3561 2138 3687 2177 suo.

2086 2220 2326 2280 tempore
2358 2227 2717 2283 exponemus.

2738 2325 2891 2382 CAP.
2937 2325 2996 2378 V.

2087 2434 2158 2489 De
2180 2435 2369 2491 vexillo
2415 2439 2555 2508 quod
2600 2438 2719 2505 fecit
2779 2439 3157 2494 Conslanlinus
3225 2444 3293 2493 ad
3354 2441 3672 2505 exemplum-

2493 2511 2660 2562 crucis
2692 2510 2745 2563 in
2792 2511 2917 2565 caelo
2946 2529 2977 2565 α
3007 2528 3059 2565 se
3088 2514 3233 2565 viam.

2153 2675 2539 2734 Constantinus
2592 2678 2754 2750 igitur
2805 2681 3019 2752 signum
3075 2683 3220 2753 quod
3270 2684 3530 2751 viderat,
3597 2687 3669 2742 in,

2086 2768 2338 2822 vexillum
2385 2784 2541 2824 suum
2591 2771 2884 2836 transtulit,
2917 2772 3078 2842 idque
3112 2788 3253 2827 auro
3291 2784 3347 2829 et
3384 2775 3681 2845 lapidibus-

2086 2858 2336 2928 pretiosis
2362 2858 2627 2915 intextum
2658 2879 2673 2916 :
2703 2876 2768 2916 ac
2790 2861 2843 2915 in
2870 2862 3010 2933 longi
3032 2863 3419 2920 ssimzeeltastze—
3434 2867 3664 2935 cuspide

2084 2947 2403 3017 praziigens,
2466 2949 2657 3018 primis
2708 2951 2992 3019 equitibus.
3044 2941 3420 3021 perferendum
3476 2955 3683 3020 dedit,

2087 3038 2389 3094 litterarum
2423 3041 2687 3110 promissa
2730 3043 2906 3112 reipsa
2937 3042 3196 3112 deinceps
3245 3046 3529 3114 explorare
3561 3062 3659 3102 cu-

2086 3132 2257 3198 piens.
2294 3131 2403 3187 Nec
2436 3147 2531 3202 spe
2577 3148 2674 3188 sua
2709 3133 3004 3190 frustratus
3035 3145 3161 3190 est:
3189 3137 3297 3190 cito
3341 3137 3486 3191 enim
3532 3152 3655 3192 eum

398 3226 480 3294 οἷς
500 3231 752 3285 τεθέαται
782 3233 1102 3299 πιστεύσας,
1138 3236 1445 3306 ταχυτέραν
1468 3236 1525 3289 δὲ
1551 3238 1648 3308 τῆς
1677 3239 1854 3308 ὄψεως
1882 3241 1979 3314 τὴν

2086 3222 2405 3278 credidisset
2455 3224 2525 3281 iis
2572 3240 2692 3295 quae
2738 3224 2969 3295 viderat,
3023 3242 3160 3297 pene
3212 3227 3376 3283 citius
3429 3229 3657 3286 victoria

401 3323 555 3394 νίκην
579 3324 1006 3395 ὑποδεξάμενος.

1003 3417 1252 3471 ΚΕΦΑΛ.
1290 3420 1382 3484 (τι.

400 3524 540 3595 Περὶ
563 3525 681 3599 τῆς
709 3526 875 3599 κατὰῂ
893 3525 997 3599 τοῦ
1020 3524 1285 3599 ἀσεϐοῦς,
1308 3525 1644 3590 Μαξεντίου
1674 3531 1849 3599 νίκης
1874 3532 1981 3587 τοῦ

624 3595 915 3662 εὐσεϐοῦς
935 3596 1244 3661 βασιλέως
1271 3599 1758 3653 Κωνσταντίνου.

484 3707 663 3778 ’Θ-μὲν
693 3703 1223 3773 οὗν-Κωνσταντῖνος
1264 3708 1355 3762 τὸν
1390 3708 1557 3763 πολὺν
1597 3710 1689 3764 τοῦ
1740 3714 1981 3785 πολέμου

400 3799 648 3869 κάματον
683 3802 750 3870 τῇ
783 3798 964 3851 πίστει
1004 3799 1460 3869 ὑποτεμνόμενος,
1494 3801 1589 3854 καὶ
1626 3801 1717 3855 τὸν
1749 3804 1858 3857 ἀπὸ
1880 3805 1981 3875 τῆς

410 3888 633 3959 Ῥώμης
675 3886 907 3959 στρατὸν
947 3887 1046 3956 οὐχ
1085 3887 1469 3958 ὑφορώμενος,
1508 3890 1778 3958 γενναίως
1831 3893 1982 3947 άντι-

401 3978 813 4050 παρετάττετο..
828 3979 1132 4045 Μαξέντιος
1154 3979 1213 4031 δὲ
1237 3980 1337 4049 τὴν
1370 3981 1785 4037 Κωνσταντίνου
1806 3982 1980 4056 ἀλκὴν

399 4071 605 4134 δείσας,
638 4070 719 4123 ἔτι
753 4088 813 4123 τε
848 4071 944 4125 καὶ
970 4070 1032 4123 τὸ
1075 4073 1231 4140 μῖσος
1272 4072 1560 4142 Ῥωμαίων
1590 4074 1976 4146 ὑφορώμενος·⁶

403 4162 540 4230 πρὸς
583 4161 694 4233 γὰρ
746 4163 871 4224 τοὺς
922 4161 1211 4225 πλείστους
1258 4162 1345 4216 διὰ
1379 4162 1475 4235 τὴν
1528 4165 1781 4218 ἀσωτίανε
1809 4167 1977 4222 αὑτοῦ

401 4252 745 4321 διεϐέϐλητω
805 4252 1075 4322 ἐσκέψατο
1126 4252 1264 4323 δόλῳ
1304 4252 1405 4325 τὴν
1452 4255 1743 4326 ἐπιϐουλὴν
1784 4258 1978 4327 μετελ-

402 4342 515 4401 θεῖν
535 4362 549 4376 ·
576 4346 605 4398 6
633 4344 689 4398 δὲ
714 4345 864 4408 δόλος
895 4345 1117 4416 γέφυρα,
1152 4341 1220 4417 ἦν
1267 4347 1346 4408 εἰς
1393 4348 1649 4419 μηχανῆς
1692 4343 1831 4413 εἶδος
1868 4349 1980 4403 άπὸ

401 4433 511 4485 τῶν
550 4433 808 4487 τοιούτων
854 4436 1232 4503 συμπαγεῖσα.
1278 4435 1352 4488 Τὸ
1412 4435 1511 4506 μὲν
1557 4437 1667 4506 γὰρ
1716 4439 1978 4509 φαινόμε-

402 4536 493 4573 νον
528 4521 757 4585 ἄνωθεν,
808 4521 1058 4585 διάϐασις
1104 4518 1175 4593 ἦν
1229 4523 1320 4579 τὸν
1372 4525 1779 4581 Κωνσταντῖνον
1842 4529 1977 4582 ὑπο-

400 4612 663 4683 δεξομένη
685 4630 700 4644 ⁸
730 4612 794 4667 τὸ
834 4613 891 4667 δὲ
920 4599 1203 4680 λανθάνον,
1251 4617 1417 4682 παγῖς
1449 4616 1551 4685 τῆς
1589 4618 1817 4689 πλάνης,
1864 4623 1977 4685 τοῖς
2006 4600 2054 4658 Ῐ)

402 4705 612 4759 ἐκείνου
655 4706 866 4777 βήμασι
927 4706 1265 4761 συντεθεῖσα.
1310 4707 1573 4777 Διαϐῆναι
1629 4710 1740 4782 γὰρ
1788 4711 1984 4782 μικρὸν

403 4798 533 4864 ἔδει,
586 4800 680 4852 καὶ
733 4799 795 4851 τὸ
845 4800 1146 4871 μηχάνημα
1204 4800 1429 4866 λέλυτο,
1497 4803 1592 4856 κα)⁴
1644 4805 1673 4857 6
1724 4804 1984 4875 πολέμιος

402 4893 649 4961 εἴληπτο,
673 4892 845 4961 τάφον
889 4892 1154 4963 ἀδόκητον
1208 4893 1307 4963 τῆς
1353 4893 1627 4958 ἀπωλείας
1674 4894 1766 4947 τὸν
1820 4897 1984 4951 τόπον

403 4983 616 5036 λαϐὼν
658 4983 772 5037 ἀλλ’
800 4985 828 5036 6
874 4984 973 5055 μὲν
1023 4983 1195 5049 οὕτως
1244 4984 1511 5039 ἐσκεύασε
1540 4986 1641 5056 τῆς
1677 4986 1983 5052 ὲπιϐάσεως

404 5073 474 5126 τὰ
514 5071 797 5142 θήρατρα·
841 5074 960 5129 θεία
994 5075 1051 5129 δὲ
1085 5076 1245 5147 χάρις
1274 5079 1388 5139 τοῖς
1429 5077 1656 5140 οἰκείοις
1705 5068 1977 5149 σοφίσμα-

408 5180 467 5215 σι
514 5162 607 5215 τὸν
634 5164 745 5216 τῶν
780 5165 967 5218 κακῶν
998 5168 1250 5238 τεχνίτην
1298 5166 1638 5237 περιϐάλλει.
1686 5168 1828 5238 Πρὶν.
1870 5169 1979 5241 γὰρ

408 5256 818 5309 Κωνσταντῖνον
875 5255 1116 5323 ἁλῶναι,
1173 5257 1387 5327 φθάσας
1458 5258 1627 5321 αὐτὸς
1680 5258 1980 5312 ὑποπίπτει

404 5350 525 5411 ταῖς
554 5346 784 5409 οἰκείαις
817 5348 1035 5417 τέχναις
1063 5350 1092 5401 6
1121 5349 1403 5419 τύραννος,
1436 5350 1601 5403 κάκεῖ
1619 5351 1981 5420 τυραννοκτό-

404 5459 495 5505 νος
525 5438 719 5493 ἑαυτοῦ
749 5438 1012 5508 γεγονὼς,
1065 5440 1161 5494 καὶ
1203 5440 1446 5512 χρηστὴν
1504 5441 1799 5512 ἐπιϐουλὴν
1856 5441 1979 5495 καθ’

404 5533 599 5589 ἑαυτοῦ
632 5532 907 5595 σκευάσας
946 5532 1053 5603 πρὸ
1078 5533 1178 5600 τῆς
1212 5532 1452 5603 Ῥώμης,
1494 5535 1623 5605 περὶ
1653 5534 1754 5606 τὴν
1789 5533 1982 5588 καλου-

408 5629 579 5698 μένην
638 5625 916 5679 Μουλαίαν
968 5624 1250 5696 γέφυραν,
1301 5628 1329 5679 6
1380 5626 1717 5698 προρρηθεὶς
1767 5626 1981 5692 Μαξέν-

405 5734 517 5781 τιος
562 5716 725 5779 αὐτὸς
779 5715 1014 5779 καταδὺς
1068 5717 1148 5780 είς
1193 5715 1286 5769 τὸν
1336 5715 1604 5786 ποταμὸν,
1652 5716 1977 5786 ἀποπνιγεὶς

2089 3315 2290 3384 potitus
2318 3324 2425 3371 est.

2726 3409 2882 3465 CAP.
2927 3410 3017 3466 Vl.

2091 3521 2166 3575 De
2186 3522 2406 3577 victoria
2425 3538 2582 3593 quam
2603 3523 2720 3592 pius
2745 3523 3127 3578 Constantinus
3156 3527 3219 3579 ab
3247 3526 3406 3591 impio
3435 3525 3659 3580 Maxen-

2671 3596 2743 3647 ιέο
2772 3595 3078 3662 reportavit.

2156 3704 2553 3759 Constantinus
2580 3720 2830 3775 maguum
2872 3705 2996 3759 belli
3046 3705 3287 3761 laborem
3323 3706 3429 3761 li‘de
3462 3708 3658 3776 praeei-

2088 3791 2241 3855 dens,
2277 3803 2327 3847 et
2358 3793 2659 3849 Romanum
2691 3794 2991 3848 exercitum
3025 3794 3245 3848 minime
3270 3793 3654 3859 reformidans,

2088 3901 2214 3940 suos
2241 3899 2427 3940 contra
2462 3887 2674 3942 fortiter
2701 3887 2979 3941 instruxit.
3018 3887 3317 3941 Maxentius
3348 3902 3475 3943 vero
3511 3889 3655 3943 Con-

2087 3976 2312 4031 stantini
2342 3976 2487 4032 vires
2513 3987 2781 4040 metuens,
2808 3986 2863 4031 et
2889 3978 3254 4031 Rutnanorum
3298 3977 3353 4031 iu
3387 3992 3447 4033 se
3469 3978 3667 4032 odium

2085 4078 2399 4137 suspectum
2448 4068 2657 4122 habens
2697 4067 2984 4137 (plurimis
3033 4068 3177 4122 enim
3235 4068 3305 4122 ob
3356 4070 3651 4138 nequitiam

2086 4175 2241 4215 suam
2292 4159 2499 4215 invisus
2535 4158 2687 4230 erat)
2714 4159 2838 4214 dolo
2882 4160 3206 4216 moliebatur
3251 4160 3475 4216 insidias
3507 4178 3523 4216 :
3557 4162 3655 4216 do-

2085 4251 2195 4305 lum
2244 4252 2295 4305 in
2343 4264 2507 4320 ponte
2558 4252 2801 4321 parabat,
2840 4265 2999 4319 quem
3053 4253 3155 4306 hac
3198 4261 3317 4305 arte
3362 4254 3651 4321 compegit.

2085 4341 2239 4406 Quod
2271 4350 2457 4410 aperte
2498 4344 2746 4397 exstabat
2791 4353 2846 4395 et
2884 4344 3198 4410 apparebat,
3232 4342 3652 4397 Constantinum

2085 4434 2330 4502 recipere
2389 4442 2446 4488 et
2498 4432 2785 4488 transitum
2824 4434 3068 4501 prazbere
3120 4448 3276 4504 posse
3320 4433 3650 4489 videbatur:

2083 4526 2177 4580 sed
2231 4524 2431 4579 latebat
2472 4525 2682 4579 occulte
2735 4526 3070 4594 deceptionis
3113 4525 3355 4593 laqueus,
3403 4528 3468 4579 ad
3508 4526 3651 4581 illius

2083 4618 2245 4686 pedes
2289 4615 2614 4671 irretiendos
2641 4626 2880 4684 paratus.
2914 4615 3048 4670 Nam
3082 4618 3330 4686 progredi
3376 4616 3553 4670 solum
3599 4618 3653 4672 in

2079 4726 2145 4765 eo
2193 4709 2410 4779 paulqu
2462 4711 2746 4779 oportebat
2798 4710 3031 4773 hostem,
3080 4718 3138 4761 ut
3180 4708 3353 4762 soluta
3406 4706 3654 4764 machina

2081 4811 2293 4871 captus,
2323 4799 2619 4869 inopinata-
2646 4809 2820 4853 morte
2868 4801 2931 4854 in
2968 4815 3034 4854 eo
3067 4799 3186 4853 loco
3216 4800 3442 4868 periret.
3478 4799 3654 4868 Atque

2081 4896 2161 4950 sic
2193 4895 2283 4950 ille
2309 4893 2507 4949 ﬂumen
2559 4894 2885 4964 trajecturis-
2920 4894 3054 4949 retia
3094 4894 3296 4962 posuit.
3332 4892 3436 4946 Sed
3469 4892 3653 4947 divina

2082 4986 2253 5055 gratia
2290 4986 2555 5040 malorum
2609 4984 2877 5038 artiﬁcem
2924 4984 3040 5038 suis
3081 4984 3251 5051 ipsius
3301 4984 3512 5037 technis
3547 4984 3652 5037 im-

2083 5078 2293 5148 plicuit.
2347 5077 2483 5132 Nam
2539 5088 2828 5146 antequam
2881 5088 3169 5146 caperetur
3229 5076 3652 5142 Constantinus,

2083 5179 2342 5238 tyrannus
2376 5168 2491 5238 ipse
2534 5169 2685 5237 prior
2729 5182 3049 5237 progressus
3089 5168 3142 5222 in
3192 5182 3287 5222 sua
3324 5168 3518 5221 incidit
3564 5184 3653 5223 re-

2084 5261 2190 5325 tia;
2228 5270 2283 5314 et
2309 5260 2417 5314 illic
2457 5260 2540 5314 sui
2585 5258 2756 5328 ipsius
2789 5258 3139 5329 tyrannicida
3156 5258 3353 5323 factus,
3384 5272 3491 5312 non
3532 5258 3655 5313 inu-

2084 5352 2205 5406 tiles
2234 5352 2350 5420 ipse
2381 5351 2484 5405 sibi
2526 5350 2756 5405 insidias
2784 5349 3163 5417 in'conspectu
3198 5348 3383 5403 Romae
3408 5348 3655 5417 posuisse

2082 5444 2253 5509 visus,
2289 5441 2355 5495 ad
2397 5450 2617 5511 pontem
2653 5439 2894 5494 Milvium
2937 5439 3167 5503 dictum,
3202 5436 3506 5491 Maxentius
3540 5438 3654 5507 ipse

2081 5534 2390 5589 demersum
2433 5533 2486 5587 in
2519 5531 2740 5599 ﬂumen,
2774 5530 3073 5586 suffocatus
3124 5529 3284 5600 periit
3309 5529 3388 5594 “;
3437 5537 3495 5582 ut
3536 5544 3654 5583 me-

2084 5626 2187 5680 rito
2212 5623 2682 5695 (quemadmodum
2715 5622 2891 5692 inquit
2926 5619 3192 5676 Eusebius
3223 5618 3512 5688 Pamphili)
3558 5633 3648 5673 ex-

2084 5713 2332 5770 clamarit
2369 5713 2655 5770 universus
2685 5709 2913 5784 populus
2946 5711 3223 5768 Romanus
3254 5726 3270 5765 :
3311 5707 3671 5763 i-rCantemus.

476 5871 811 5929 “Plutarch.
846 5871 1183 5930 inAlcxand.
1265 5870 1303 5903 ¹¹
1333 5870 1449 5927 Lib.
1478 5887 1530 5927 ιχ
1569 5870 1711 5953 ΗΜ.
1740 5872 1918 5927 eccles.
1951 5887 2064 5942 cap.
2098 5870 2151 5924 8.
