4154 6594
526 470 662 536 1207
1790 462 2092 523 GELASII
2132 459 2472 520 CYZICENI
3625 452 3766 516 1208

521 582 748 640 Domino
773 623 785 646 ,
811 576 1040 648 gloriose
1077 574 1220 628 enim
1271 572 1639 643 magniﬁcatus
1676 577 1780 635 est,
1812 584 2008 636 equum
2051 579 2104 621 et

2216 566 2393 620 ὢλετο.
2425 568 2587 619 Ὥστε
2621 568 2714 620 τὸν
2760 569 2930 638 δῆμον
2965 569 3086 623 ὅλον
3127 565 3443 634 Ῥωμαίων,
3487 561 3630 616 καθὰ
3667 578 3779 630 (pf;-

525 683 864 728 asrensorem
897 665 1097 735 deiecit
1129 666 1180 719 in
1231 678 1381 718 mare
1410 679 1425 716 :
1456 661 1672 732 adiutor
1724 668 1774 714 et
1825 669 2097 727 protector

2216 676 2284 710 rw
2306 659 2562 722 Εὐσέϐιος
2592 662 2619 712 ό
2639 660 2942 729 Παμφίλου,
2965 661 3154 729 βοῆσαι
3181 659 3407 725 λέγοντα
3426 672 3440 685 ο
3466 673 3485 706 ι
3516 654 3778 724 Ι’ᾼσωμεν

522 765 694 817 factus
747 766 834 814 est
894 756 1024 810 mihi
1085 757 1152 810 ad
1203 753 1426 809 salutem
1448 753 1532 818 ";
1581 769 1601 802 ι
1653 757 1800 807 ειιι
1837 748 1969 814 Quis
2026 749 2101 802 si-

525 852 667 908 milis
727 849 822 904 tibi
862 847 918 903 in
949 846 1070 912 diis,
1101 845 1357 901 Domine?
1378 843 1499 914 quis
1526 843 1716 898 similis
1741 842 1860 906 tibi,
1903 841 2098 911 glorio-

525 957 617 996 sus
643 942 696 994 in
719 941 920 994 sanctis
940 973 956 1002 ,
981 933 1313 990 admirabilis
1369 934 1422 987 in
1453 933 1718 996 laudibus,
1745 931 1946 985 faciens
1976 941 2099 996 pro-

527 1031 668 1102 digia
694 1029 778 1083 “i
810 1045 830 1078 ι
893 1026 1097 1093 Quibus
1140 1024 1255 1078 haec
1303 1022 1474 1093 (addit
1520 1021 1719 1090 idem),
1771 1019 1982 1088 aliaque
2015 1019 2099 1070 in-

527 1134 692 1191 super
728 1120 815 1175 bis
860 1116 1058 1173 similia
1081 1124 1136 1171 et
1173 1128 1425 1183 germana
1447 1110 1835 1167 Constantinus
1858 1110 2096 1163 omnium

529 1215 720 1269 ducem
770 1218 825 1265 et
870 1209 1115 1264 victoriae
1158 1214 1433 1260 auctorem
1463 1203 1630 1257 Deum
1677 1211 1732 1256 et
1763 1200 2097 1270 unigenitum

530 1305 649 1372 ejus
678 1301 874 1356 Filium
905 1298 1087 1354 Jesnm
1118 1297 1395 1351 Christum
1439 1294 1614 1362 reipsa
1647 1293 1949 1356 celebrans,
1987 1289 2097 1344 Ro-

533 1408 677 1448 mam
720 1406 844 1448 cum
877 1390 1147 1456 triumpho
1199 1396 1257 1442 et
1285 1385 1488 1440 celebri
1533 1398 1724 1454 pompa
1775 1381 2098 1450 ingreditur,

531 1483 782 1540 omnibus
832 1479 1159 1543 confertim,
1228 1485 1336 1530 tam
1400 1475 1490 1545 qui
1543 1473 1821 1528 senatorio
1878 1472 2097 1536 ordine,

533 1588 698 1645 quam
756 1572 848 1643 qui
902 1570 1026 1625 aliis
1086 1568 1409 1638 dignitatum
1461 1564 1799 1620 ornamentis
1859 1563 2100 1617 illustres

2197 752 2274 821 τῷ
2315 749 2522 821 Κυρίῳ,
2559 750 2784 814 ἐνδόξως
2837 750 2948 822 γάρ
2993 748 3318 813 δεδόξασται,
3366 745 3565 816 φησίνο
3604 743 3778 797 ἵππον

2199 842 2295 896 καὶ
2336 841 2617 910 ἀναὸάτην
2654 841 2877 913 ἔρριψεν
2931 842 3012 904 είς
3063 840 3361 894 θάλασσαν.
3425 834 3628 904 Βοηθὸς
3677 833 3779 887 καὶ

2201 934 2514 1003 σκεπαστὴς
2540 934 2757 1002 ἐγένετό
2793 951 2882 1004 μοι
2924 934 3005 996 είς
3049 931 3342 1002 σωτηρίαν.
3379 948 3399 982 ι
3429 927 3576 982 Καί“
3617 944 3636 977 ι
3677 924 3778 987 Τίς

2197 1025 2382 1094 ὅμοιός
2414 1043 2494 1078 σοι
2528 1026 2586 1077 ὲν
2603 1024 2762 1089 θεοῖς,
2791 1025 2961 1094 Κύριε
2983 1042 2998 1090 ;
3026 1025 3111 1087 τίς
3129 1024 3310 1093 ὅμοιός
3328 1038 3428 1083 σοι,
3451 1017 3779 1086 δεδοξασμέ-

2199 1131 2288 1178 νος
2313 1116 2372 1166 ἐν
2403 1115 2601 1182 ἁγίοις,
2628 1113 2942 1182 θαυμαστὸς
2970 1115 3028 1168 ἐν
3045 1112 3247 1176 δόξαις,
3283 1110 3455 1162 ποιῶν
3475 1109 3714 1178 τέρατα;
3747 1123 3772 1156 ι

2199 1201 2293 1269 Οἷς
2323 1205 2564 1272 ἐπιλέγει
2587 1204 2616 1255 ό
2641 1203 2800 1265 αὐτὸς
2836 1202 3039 1266 ταῦτα,
3077 1201 3172 1253 καὶ
3197 1201 3295 1253 ὅσα
3332 1198 3541 1258 τούτοις
3573 1194 3780 1260 ἀδελφά

2198 1311 2258 1348 τε
2287 1295 2382 1348 καὶ
2417 1294 2632 1364 ἐμφερῆ
2653 1295 3059 1355 Κωνσταντϊνος
3084 1291 3174 1343 τὸν
3195 1305 3403 1359 πανηγε
3412 1286 3546 1357 μόνα
3565 1288 3659 1338 καὶ
3675 1284 3779 1351 τῆς

2200 1385 2356 1454 νίκης
2389 1385 2561 1437 αἴτιον
2589 1384 2742 1447 Θεὸν,
2771 1383 2866 1436 καὶ
2894 1383 2985 1435 τὸν
3015 1380 3276 1452 μονογενῆ
3313 1376 3479 1431 αὐτοῦ
3498 1376 3625 1428 Υίὸν
3665 1365 3776 1442 ’1ηέ

2202 1475 2328 1528 σοῦν
2365 1474 2601 1545 Χριστὸν
2631 1474 2815 1537 αὐτοῖς
2844 1474 3031 1544 ἔργοις
3067 1467 3520 1541 όινυμνιιγσας,ἐπὶ¹
3555 1464 3780 1533 Ῥώμην

2206 1566 2324 1638 μετ’
2370 1566 2651 1619 ἐπινικίων
2707 1565 3022 1634 εἰσήλαυνε,
3071 1563 3291 1616 πάντων
3346 1559 3560 1630 ἀθρόως
3608 1555 3776 1607 αὐτὸν

531 1672 710 1730 erant,
739 1675 861 1717 cum
908 1671 1023 1716 toto
1068 1658 1263 1728 populo
1308 1656 1575 1716 Romano.
1615 1655 1909 1712 infantibus
1939 1654 2099 1708 simul

2216 1658 2310 1711 τῶν
2328 1673 2389 1710 τε
2421 1657 2530 1710 ἀπὸ
2555 1657 2655 1725 τῆς
2685 1657 2992 1726 συγκλήτου
3041 1654 3259 1725 βουλῆς,
3317 1651 3411 1705 καὶ
3449 1650 3559 1702 τῶν
3598 1646 3779 1706 ἄλλως

534 1763 590 1807 et
622 1749 962 1813 mulieribus,
997 1747 1118 1802 laeto
1163 1745 1444 1800 oculorum
1491 1745 1685 1798 obtutu
1725 1752 1778 1797 et
1811 1742 2102 1797 libentibus

2216 1749 2609 1819 Βιασημοτάτων
2638 1789 2654 1814 ,
2715 1748 2812 1801 σὺν
2866 1748 3030 1800 παντὶ
3093 1745 3252 1816 δήμῳ
3319 1741 3608 1812 Ῥωμαίων
3661 1738 3782 1808 ἃμα

538 1843 759 1907 animis,
791 1849 1047 1909 tanquam
1075 1838 1442 1898 liberatorem,
1484 1843 1818 1889 servatorem
1853 1842 1908 1887 et
1936 1833 2102 1887 bene-

2216 1841 2401 1911 ιιομιδῇ
2423 1839 2639 1909 νηπίοις
2666 1839 2760 1891 καὶ
2784 1835 3024 1906 γυναιξὶ,
3043 1834 3292 1905 φαιδροῖς
3309 1833 3573 1903 ὄμμασιν,
3589 1829 3783 1888 αὐταῖς

539 1933 702 1987 licuit:
735 1907 1024 2001 patronum
1070 1944 1260 1992 suum,
1301 1943 1422 1982 cum
1467 1927 1658 1982 faustis
1694 1925 2099 1981 acclamationi-

2216 1907 2425 2001 φυγαῖς,
2477 1907 2572 1983 ὀἷα
2621 1928 2926 1998 λυτρωτὴν,
2966 1925 3189 1996 σωτῆρά
3229 1939 3290 1977 τε
3329 1923 3427 1976 καὶ⁸
3480 1919 3782 1991 εὐεργέτην

537 2025 639 2078 bus
683 2030 741 2078 et
793 2020 1085 2077 insatiabili
1115 2021 1313 2090 gaudio
1362 2019 1507 2073 illum
1547 2018 1965 2087 excipientibus.
2016 2015 2109 2072 Ille

2216 2021 2325 2091 μετ’
2351 2019 2638 2089 εὐφημιῶν
2669 2019 2765 2072 καὶ
2797 2019 3073 2088 ἀπλήστου
3121 2017 3298 2086 χαρᾶς
3342 2011 3776 2082 ὑποδεχομένων.

539 2130 673 2170 vero
710 2113 873 2169 insita
903 2113 958 2167 in
990 2111 1159 2166 Deum
1192 2112 1393 2181 pietate
1429 2111 1688 2172 imbutus,
1721 2109 1980 2179 applausu
2016 2108 2109 2161 illo

2216 2114 2276 2168 Ὀ
2313 2112 2368 2165 δὲ
2397 2112 2634 2181 ἔμφυτον
2663 2112 2760 2182 τὴν
2788 2112 2868 2173 είς
2909 2108 2998 2162 τὸν
3022 2106 3154 2162 Θεὸν
3177 2105 3461 2159 εὐσέϐειαν
3505 2099 3781 2171 κεκτημέ-

540 2206 881 2275 strepituque
907 2203 1150 2272 populari
1183 2203 1330 2256 nullo
1361 2212 1518 2272 pacto
1550 2202 1746 2267 elatus,
1798 2200 1893 2254 sed
1923 2198 2108 2252 auxilii

2216 2221 2319 2268 νος,
2357 2204 2480 2273 μηδ’
2518 2203 2656 2266 ὅλως
2697 2203 2789 2255 ἐπὶ
2817 2203 2935 2263 ταῖς
2969 2199 3120 2269 βοαῖς
3155 2197 3686 2269 παρασαλευόμενος,
3719 2189 3780 2246 εὗ

541 2313 570 2348 a
604 2295 714 2349 Deo
759 2294 906 2348 allati
953 2295 1056 2349 sibi
1105 2294 1271 2363 probe
1312 2293 1585 2358 conscius,
1637 2293 1817 2346 statim
1859 2291 2112 2345 salutaris

2216 2297 2361 2366 μάλα
2383 2295 2483 2365 τῆς
2526 2296 2590 2347 ἐκ
2631 2292 2765 2346 Θεοῦ
2799 2290 3218 2360 συναισθόμενος
3274 2288 3546 2359 βοηθείας,
3583 2285 3782 2339 αὐτίκα

542 2385 812 2455 passionis
845 2393 1100 2454 tropaeum
1145 2385 1197 2437 in
1233 2398 1390 2438 manu
1427 2384 1657 2452 proprite
1700 2383 1949 2452 imaginis
1978 2382 2101 2451 poni

2216 2388 2268 2440 τὸ
2296 2387 2389 2440 τοῦ
2441 2385 2710 2455 σωτηρίου
2760 2383 2963 2444 πάθους
2992 2383 3248 2451 τρόπαιον
3300 2380 3406 2432 ὐπὸ
3457 2381 3613 2448 χεῖρα
3639 2376 3780 2438 ίδίας

536 2477 687 2543 jubet
717 2494 728 2528 :
759 2486 812 2529 et
837 2491 956 2529 cum
985 2485 1221 2531 statuam
1257 2476 1427 2545 ipsius
1456 2475 1643 2528 dextra
1679 2474 1859 2527 crucis
1889 2474 2102 2542 signum

2216 2478 2415 2542 εἰκόνος
2447 2477 2771 2545 ἀνατεθῆναι
2802 2473 3146 2546 προστάττει.
3176 2471 3286 2526 Καὶ
3309 2470 3374 2541 δὴ
3409 2466 3642 2539 σταυροῦ
3683 2483 3785 2536 ση-

543 2575 838 2627 tenentem,
873 2563 1056 2619 Romae
1092 2565 1144 2618 in
1174 2564 1292 2618 loco
1332 2564 1512 2632 populi
1541 2563 1842 2632 frequentia
1875 2565 2109 2617 maxime

2216 2569 2365 2637 μεῖον
2395 2567 2452 2619 ὲν
2469 2568 2534 2636 τῇ
2561 2566 2706 2635 δεξιᾷ
2726 2564 3022 2632 κατέχοντα
3043 2563 3204 2615 αὐτὸν
3224 2563 3280 2614 ὲν
3297 2561 3375 2629 τῷ
3409 2560 3647 2630 μάλιστα
3669 2556 3780 2609 τῶν

540 2655 743 2710 celebri
785 2655 1167 2720 collocassent,
1215 2654 1351 2708 banc
1400 2654 1807 2722 inscriptionem
1851 2652 1936 2708 bis
1983 2654 2113 2721 ipsis

540 2749 721 2803 verbis
748 2745 940 2802 Latino
979 2760 1229 2801 sermone
1278 2747 1332 2800 in
1364 2761 1426 2800 ea
1469 2745 1627 2798 incidi
1659 2744 1930 2797 mandavit
1958 2761 1972 2798 :
1999 2742 2114 2797 Hoc

543 2839 770 2895 salutari
815 2839 992 2908 signo,
1021 2853 1151 2892 vero
1193 2837 1526 2892 fortitudinis
1565 2834 1787 2897 indicio,
1835 2835 2110 2889 civitatem

542 2937 782 2982 vestram
819 2927 1118 2996 tyrannidis
1153 2926 1283 2993 jugo
1313 2925 1560 2986 liberavi,
1591 2935 1644 2978 et
1672 2923 1727 2977 S.
1764 2922 1824 2977 Ρ.
1855 2923 1923 2990 ρ.
1958 2924 2024 2978 R.
2059 2927 2109 2978 in

549 3019 858 3074 libertatem
881 3017 1187 3082 vindicans,
1213 3016 1460 3085 pristina:
1484 3017 1822 3085 amplitudini
1855 3025 1910 3070 ct
1931 3019 2113 3086 splen-
2151 3040 2160 3045 -

548 3109 665 3164 dori
698 3108 932 3163 restitui.
965 3106 1092 3161 Haec
1120 3106 1386 3160 Eusebius
1411 3107 1474 3159 ³⁵.

2213 2659 2309 2711 ἐπὶ
2352 2657 2569 2728 Ῥώμης
2609 2645 3111 2728 δεδημοσιευμένων
3142 2655 3292 2722 τόπῳ
3323 2654 3618 2722 στήσαντες
3639 2689 3655 2713 ,
3682 2648 3786 2701 αὐ-

2216 2749 2313 2817 τὴν
2359 2749 2423 2817 δὴ
2455 2747 2657 2817 ταύτην
2719 2748 3041 2818 προγραφὴν
3085 2743 3408 2814 ὲνταχθῆναι
3430 2736 3780 2811 [ἐγχαράξαι]

2220 2839 2459 2910 ῥήμασιν
2499 2839 2679 2901 αὐτοῖς
2724 2839 3091 2906 ἐγκελεύεται,
3145 2839 3210 2906 τῇ
3269 2834 3555 2902 Ῥωμαίων
3607 2832 3784 2898 φωνῇ’

2218 2929 2405 2999 Τούτῳ
2433 2928 2510 2999 τῷ
2549 2929 2879 3000 σωτηριώδει
2933 2928 3146 2999 σημείῳ
3172 2924 3248 2996 τῷ
3275 2922 3516 2992 ἀληθινῷ
3569 2920 3780 2989 ἐλέγχῳ

2216 3019 2314 3089 τῆς
2346 3020 2590 3090 ἀνδρίας,
2619 3021 2719 3091 τὴν
2748 3022 2903 3074 πόλιν
2937 3020 3089 3090 ὐμῶν
3110 3018 3218 3072 ἀπὸ
3249 3015 3416 3084 ζυγοῦ
3449 3014 3556 3067 τῶν
3587 3011 3790 3078 τυράν-

2216 3128 2320 3165 νων
2334 3112 2607 3176 διασώσας
2634 3113 2986 3184 ἠλευθέρωσα
3011 3129 3025 3143 ο
3058 3111 3139 3164 ἔτι
3166 3110 3272 3179 μὴν
3299 3108 3394 3162 καὶ
3421 3107 3518 3177 τὴν
3546 3102 3789 3171 σύγκλη-

547 3216 638 3252 τον
662 3197 872 3251 καὶτὸν
920 3197 1088 3267 δῆμον
1134 3197 1417 3266 Ῥωμαίων
1449 3201 1515 3268 τῇ
1566 3197 1767 3268 ἀρχαίᾳ
1797 3198 2087 3267 ἐπιφανείᾳ
2125 3200 2221 3253 καὶ
2260 3201 2610 3276 λαμπρότητι
2661 3203 3034 3276 ἐλευθερώσας
3084 3194 3788 3272 ἁποκατέττησα.Τοσαῦτα

553 3289 828 3351 Εὐσέϐιος.

1181 3379 1333 3434 CAP.
1364 3380 1470 3434 VII.

550 3471 626 3524 De
660 3469 861 3524 Licinio
892 3488 922 3523 a
951 3467 1297 3541 Constantino
1321 3471 1404 3537 pio
1430 3473 1585 3522 misso
1617 3481 1796 3524 contra
1829 3482 2111 3541 tyrannum

1040 3543 1126 3608 qui
1158 3541 1210 3592 in
1248 3539 1457 3592 Oriente
1488 3554 1619 3592 erat.

621 3692 869 3748 Ilumnus
899 3702 1078 3748 autem
1104 3692 1242 3762 (sive
1264 3691 1537 3763 Gelasius)
1573 3695 1653 3748 sic
1682 3695 1793 3749 ait:
1849 3695 1977 3751 Post
2000 3695 2115 3751 haec

553 3787 762 3856 rogavit
792 3794 1012 3839 senatus
1042 3784 1309 3839 Licinium
1337 3783 1670 3840 Constantiae
1729 3789 1933 3843 sororis
1965 3789 2113 3845 Con-

551 3876 774 3931 stantini
804 3875 946 3929 illius
975 3875 1048 3944 pii
1081 3875 1358 3941 maritum,
1391 3887 1450 3930 ut
1479 3892 1582 3930 una
1611 3893 1732 3932 cum
1762 3878 2117 3934 Constantino

553 3975 838 4038 rcgnaret:
871 3967 1014 4020 hunc
1042 3967 1224 4020 statim
1267 3968 1318 4021 in
1366 3967 1639 4022 Orientem
1693 3981 1880 4022 contra
1932 3979 2118 4039 tyran-

554 4073 682 4112 num
711 4058 803 4127 qui
835 4056 943 4111 illic
978 4068 1096 4111 erat
1124 4059 1288 4120 misit,
1326 4057 1550 4112 salutem
1573 4057 2006 4114 Christianorum
2027 4062 2116 4130 qui

553 4146 663 4201 illic
689 4154 866 4212 erant,
899 4161 1218 4215 procurans.
1268 4147 1394 4201 Pius
1438 4148 1582 4202 enim
1628 4149 1924 4218 imperator
1959 4155 2120 4209 tantis

554 4236 832 4291 beneﬂciis
855 4252 885 4290 a
920 4235 1029 4292 Deo
1064 4237 1309 4303 aﬂ‘ectus,
1343 4239 1542 4293 bonam
1593 4241 1824 4305 gratiam
1878 4242 2120 4299 benetico

556 4325 852 4394 rependere
881 4326 1031 4380 omni
1064 4326 1244 4381 studio
1273 4328 1574 4384 contendit.
1603 4330 1679 4384 Ea
1702 4342 1821 4386 erat
1852 4334 2121 4390 Christia-

558 4430 750 4470 norum
780 4415 1122 4473 aIIIictionem
1155 4418 1336 4486 quiete
1371 4420 1550 4488 aliqua
1582 4429 1636 4476 et
1685 4424 2004 4479 remissione
2043 4426 2120 4480 le-

556 4524 704 4576 vare,
727 4518 785 4565 et
830 4509 967 4566 alios
1015 4511 1083 4566 de
1111 4511 1304 4567 exsilio
1337 4514 1618 4580 reducere,
1652 4519 1913 4586 quosdam
1945 4534 1975 4572 e
2004 4533 2123 4572 car-

555 4613 680 4655 cere
710 4608 766 4656 et
796 4599 1029 4655 vinculis
1055 4601 1325 4668 emittere,
1357 4604 1642 4661 nonnullos
1671 4621 1793 4660 cum
1825 4607 1984 4662 bonis
2012 4609 2124 4663 suis

556 4690 877 4760 publicatos,
933 4691 988 4745 in
1024 4691 1293 4762 integrum
1337 4695 1645 4763 restituere,
1674 4705 1730 4751 et
1761 4697 1998 4767 ipsorum
2033 4714 2124 4753 ec-

555 4782 750 4838 clesias
778 4783 1126 4838 instaurare:
1157 4784 1340 4839 omnia
1369 4800 1499 4840 vero
1555 4802 1767 4842 summa
1793 4805 1914 4844 cum
1959 4791 2123 4844 animi

557 4872 840 4930 alacritate
884 4872 1033 4938 fecit,
1062 4890 1125 4930 ea
1149 4890 1271 4945 quae
1293 4874 1491 4932 Cbristi
1528 4889 1653 4933 sunt
1687 4880 1904 4949 sapiens
1936 4882 2122 4935 inom-

559 4965 744 5020 nibus.
827 4965 958 5020 Cum
1011 4965 1356 5023 Christianus
1407 4979 1573 5035 esset,
1626 4972 1806 5027 omnia
1870 4982 2122 5042 tanquam

559 5055 898 5112 Christianus
923 5057 1070 5123 fecit,
1105 5059 1197 5114 Dei
1241 5061 1454 5129 quidem
1511 5063 1772 5118 ecclesias
1815 5075 2124 5129 exstruens,

559 5154 614 5200 et
639 5147 893 5215 pretiosis
917 5164 1120 5206 ornans
1147 5152 1419 5219 donariis;
1447 5155 1727 5222 gentilium
1761 5170 1891 5211 vero
1931 5158 2125 5227 templa

561 5241 702 5296 dirui
730 5240 928 5308 iubens
959 5251 1015 5298 et
1044 5243 1281 5299 incendi.

2807 3383 3052 3435 ΚΕΦΑΛ.
3100 3384 3173 3435 Z'.

2218 3470 2359 3538 Περὶ
2409 3471 2677 3524 Λικινίου
2728 3471 3112 3538 πεμπομένου
3153 3467 3312 3534 παρὰ
3341 3467 3446 3521 τοῦ
3496 3466 3788 3538 εὐσεϐοῦς

2291 3536 2750 3628 Κωνσταντίνου
2802 3536 2951 3592 κατὰ
2997 3538 3102 3593 τοῦ
3157 3539 3250 3591 ἐπ’
3296 3536 3623 3605 Ἀνατολῆς
3680 3553 3787 3590 τυ-

2282 3626 2535 3678 ραννου.

2292 3703 2360 3753 "0
2387 3717 2450 3768 γε
2490 3699 2594 3771 μὴν
2657 3700 2934 3767 Ῥουφῖνος
2960 3739 2976 3765 ,
3007 3700 3177 3770 ἤγουν
3252 3698 3506 3760 Γελάσιος
3535 3736 3550 3760 ,
3609 3695 3787 3750 ταῦτα

2221 3793 2367 3861 λέγει
2391 3786 2492 3846 ὦδε
2517 3808 2530 3823 ο
2561 3791 2716 3844 Μετὰ
2745 3791 2920 3846 ταῦτα
2977 3790 3219 3844 Λικίνιον
3271 3789 3525 3866 ,γαμϐρὸν
3586 3787 3789 3856 τυγχάο

2222 3902 2380 3938 νοντα
2401 3883 2499 3937 τοῦ
2553 3883 2835 3951 θεοφιλοῦς
2886 3881 3298 3935 Κωνσταντίνου
3334 3882 3425 3932 ἐπὶ
3467 3882 3534 3950 τῇ
3585 3878 3788 3947 ἀδελφῇ

2223 3973 2599 4044 Κωνσταντίᾳ,
2659 3972 3079 4042 ωμόασιλεύειν
3142 3971 3218 4041 τῷ
3298 3968 3691 4038 Κωνσταντίνῳ
3754 3970 3790 4036 ή

2234 4064 2520 4134 Ῥωμαίων
2566 4064 2807 4133 ᾐτήσατο
2862 4062 3162 4132 σύγκλητος
3193 4078 3208 4092 ·
3262 4063 3447 4116 ὅντινα
3499 4055 3654 4123 αὖθις
3696 4058 3790 4111 ἐπὶ

2225 4155 2322 4223 τὴν
2353 4154 2492 4222 ἑῴαν
2521 4152 2797 4221 ἐξέπεμψε
2833 4152 2976 4205 κατά
3001 4151 3096 4204 τοῦ
3147 4152 3329 4204 ἐκεῖσε
3357 4150 3644 4222 τυράννου,
3690 4147 3790 4219 τὴν

2227 4245 2500 4316 σωτηρίαν
2556 4243 2665 4297 τῶν
2702 4244 2882 4296 ἐκεῖσε
2920 4242 3264 4313 Χριστιανῶν
3316 4240 3783 4313 προμηθούμενος.

2239 4336 2574 4399 Ἀπολαύσας
2617 4335 2726 4407 γὰρ
2774 4336 2884 4389 τῶν
2937 4336 3273 4406 τηλικούτων
3322 4335 3650 4406 εὐεργεσιῶν
3695 4331 3790 4386 ⁶τοῦ

2226 4429 2361 4482 Θεοῦ
2386 4431 2413 4481 ό
2433 4428 2661 4499 εὐσεϐής
2681 4431 3108 4492 Κωνσταντῖνος,
3134 4427 3527 4498 εὐχαριστήρια
3547 4424 3625 4494 τῷ
3640 4424 3794 4494 εὐερ-

2227 4514 2362 4587 γέτῃ
2392 4516 2721 4586 προσφέρειν
2757 4515 3078 4578 ἐσπούδαζε.
3108 4515 3296 4568 Ταῦτα
3330 4515 3388 4567 δὲ
3417 4511 3486 4585 ἦν
3513 4513 3572 4566 τὸ
3591 4515 3794 4567 ἀνεῖναι

2227 4607 2354 4667 τούς
2375 4607 2736 4675 Χριστιανοὺς
2757 4606 2849 4660 τοῦ
2887 4605 3201 4671 διώκεσθαι,
3235 4605 3329 4660 καὶ
3374 4607 3500 4669 τοὺς
3529 4605 3588 4658 ἐν
3612 4603 3798 4675 ἐξορίιι.

2229 4695 2388 4756 ὄντας
2421 4695 2829 4762 ἀνακαλεῖσθαι,
2869 4698 2996 4761 τοὺς
3025 4697 3083 4750 ἐν
3103 4696 3495 4767 δεσμωτηρίοις
3519 4693 3796 4765 ἀφίεσθαι,

2231 4787 2323 4838 καὶ
2355 4789 2465 4849 τοῖς
2503 4787 2825 4857 δημευθεῖσι
2847 4788 2944 4851 τὰς
2971 4788 3160 4851 οὐσίας
3194 4789 3374 4842 αὐτῶν
3429 4787 3799 4842 ἀποκαθίστα-

2232 4877 2373 4942 σθαι,
2439 4877 2536 4939 τάς
2580 4895 2640 4931 τε
2680 4879 3004 4950 Ἐκκλησίας
3051 4881 3231 4934 αὐτῶν
3271 4878 3668 4951 ἀνορθοῦσθαν
3704 4876 3803 4931 καὶ

2230 4971 2408 5023 πάντα
2439 4970 2610 5024 ἐποίει
2638 4973 2734 5025 σὺν
2763 4973 3041 5045 προθυμίᾳ
3069 4974 3260 5044 πολλῇ,
3311 4973 3380 5027 τὰ
3429 4973 3524 5025 τοῦ
3557 4969 3800 5040 Χριστοῦ

2230 5061 2463 5133 φρονῶν.
2526 5064 2606 5117 Τά
2643 5065 2817 5117 πάντα
2857 5065 3182 5135 Χριστιανὸς
3209 5064 3305 5130 ὢν,
3341 5063 3417 5126 ὡς
3475 5059 3805 5133 Χριστιανὸς

2231 5155 2412 5207 πάντα
2475 5154 2771 5225 ἔπραττεν,
2813 5157 3111 5229 ἀνεγείρων
3166 5158 3265 5220 τὰς
3323 5155 3647 5226 Ἐκκλησίας
3707 5149 3804 5204 τοῦ

2235 5246 2393 5310 Θεοῦ,
2417 5248 2512 5300 καὶ
2545 5248 2866 5302 πολυτελέσι
2889 5250 3066 5319 τιμῶν
3093 5250 3464 5322 ἀναθήμασιν,
3513 5249 3593 5301 ἔτι
3621 5246 3678 5300 δὲ
3705 5253 3803 5302 καὶ

558 5337 685 5402 τοὺς
721 5334 988 5405 Ἑλλήνων
999 5335 1163 5399 ναοὺς
1183 5336 1587 5408 καθαιρεῖσθαι,
1612 5339 1705 5391 καὶ
1721 5340 1853 5411 πυρὶ
1867 5339 2271 5412 διαφθείρεσθαι
2310 5341 2680 5410 προστάττων.

1171 5430 1326 5487 CAP.
1371 5431 1508 5488 VIII.

720 5523 797 5577 De
836 5520 1125 5578 Maximini
1156 5523 1388 5579 Orientis
1436 5526 1647 5595 tyranni
1676 5525 1958 5580 dementia.

633 5676 875 5734 Orientis
905 5686 1084 5732 autem
1107 5686 1366 5750 tvrannus
1392 5677 1483 5733 Dei
1507 5677 1778 5734 Ecclesias
1806 5680 2009 5738 interea
2035 5684 2127 5739 de-

517 5866 521 5873 -
635 5838 675 5867 "
708 5836 875 5892 Exod.
912 5852 1000 5900 xv,
1034 5835 1083 5888 I.
1167 5836 1206 5867 ³³
1233 5835 1361 5890 ibid.
1395 5835 1475 5890 Η.
1552 5835 1753 5892 “Loco
1784 5839 1873 5893 cit.

2835 5438 3086 5491 ΚΕΦΑΔ.
3137 5439 3222 5492 Η¹.

2234 5526 2376 5594 Περὶ
2397 5524 2507 5595 τῆς
2523 5526 2630 5581 τοῦ
2647 5527 2799 5598 μετὰ
2821 5529 3128 5653 ἀὲατολὴν
3149 5530 3447 5598 τυράννου
3470 5527 3815 5597 Μαξιμίνου

2905 5615 3174 5653 πονοιαρ.

2905 5615 3174 5664 πονοιας.

2320 5689 2378 5742 'O
2410 5689 2590 5760 μέντοι
2622 5691 2764 5746 κατὰ
2793 5692 2894 5761 τὴν
2943 5693 3230 5764 Ἀνατολήν
3278 5692 3540 5764 τύραννος
3591 5689 3689 5754 τὰς
3718 5686 3814 5744 τοῦ
