4154 6528
300 432 435 498 1209

1180 419 1547 487 HISTORIA
1584 423 1917 484 CONCILII
1960 421 2268 483 NlCzE'NI.
2308 446 2377 455 -
2414 418 2561 477 LIB.
2604 416 2655 476 Ι.

3424 388 3561 455 1210

296 540 431 594 Θεοῦ
500 538 829 609 Ἐκκλησίας
876 534 1122 607 ἐπόρθει.
1187 532 1546 605 Ἐκπεριῆλθε
1600 531 1659 585 δὲ
1708 530 1904 587 αὑτὸν

2008 529 2352 597 ~0pulabiitur.
2426 523 2638 591 [)ccepit
2693 520 2867 589 ipsum
2905 507 3208 582 huiusmodi
3238 518 3422 559 causa.
3452 499 3562 553 Ma-

297 632 522 701 τοιαύτη
570 648 655 694 τις
700 630 886 684 αἰτίαο
917 628 990 680 Τὸ
1038 625 1269 696 μέγεθος
1309 627 1410 696 τῆς
1460 624 1523 677 οὐ
1555 625 1675 677 κατ’
1712 620 1872 687 ἀξίαν

299 724 448 795 αὐτῷ
480 723 882 794 ἐπιτραπείσης
922 718 1218 793 ἡγεμονίας
1247 720 1384 789 μήτε
1444 713 1556 779 οἷός
1599 734 1657 771 τε
1691 716 1878 786 φέρειν

300 814 398 879 ῶν,
423 815 559 869 ἀλλὰ
578 815 645 869 δι’
677 807 935 884 ἀπειρίαν
966 810 1245 883 σώφρονος
1283 811 1378 863 καὶ
1401 808 1682 879 βασιλικοῦ
1729 808 1879 876 λογι-

305 908 444 979 σμοῦ
489 908 869 980 ἀπειροκάλως
921 908 1035 969 τοῖς
1076 904 1400 975 πράγμασιν
1448 901 1735 973 ἐγχειρῶν,
1791 898 1883 952 ἐπὶ

306 1000 440 1052 πᾶσι
462 998 521 1051 δὲ
547 995 930 1069 ὑπερηφανίας
956 994 1302 1065 μεγαλαυχία
1333 992 1432 1063 τὴν
1462 990 1641 1061 ψυχὴν
1670 988 1884 1056 ἀλόγως

307 1090 518 1162 ἀρθεὶς,
545 1090 647 1161 ἥδη
687 1090 777 1143 καὶ
818 1088 961 1140 κατὰ
1009 1086 1120 1140 τῶν
1152 1085 1253 1155 τῆς
1280 1083 1559 1155 βασιλείας
1589 1080 1884 1143 κοινωνῶν,

310 1181 534 1236 καὶτοῦ
582 1181 821 1252 μάλιστα
868 1177 1304 1242 Κωνσταντίνου,
1349 1173 1445 1227 τοῦ
1490 1175 1670 1228 πάντα
1720 1170 1887 1225 αὐτοῦ

311 1272 698 1342 διαφέροντος,
750 1269 898 1338 γένει
929 1285 989 1321 τε
1050 1268 1146 1321 καὶ
1209 1268 1383 1337 τροφῇ
1472 1264 1568 1318 καλ⁵
1644 1262 1888 1333 παιδείᾳ,

312 1361 584 1433 ἀξιώματί
638 1378 699 1415 τε
747 1360 842 1415 καὶ
878 1348 1115 1425 συνέσει,
1152 1358 1249 1410 καὶ
1299 1356 1429 1425 τόγε
1475 1356 1695 1409 πάντων
1727 1371 1892 1424 κορυ-

314 1455 628 1525 φαιότατον,
665 1452 1013 1526 σωφροσύνῃ.
1051 1450 1145 1504 καὶ
1184 1450 1251 1519 τῇ
1282 1448 1414 1519 περὶ
1433 1448 1527 1500 τὸν
1550 1445 1730 1516 ἀληθῆ
1758 1445 1893 1498 Θεὸν

313 1546 568 1618 εὐσεϐείᾳ
597 1545 1017 1615 διαλάμποντος,
1071 1541 1275 1612 τολμᾷν
1314 1538 1543 1611 ὥρμητο
1587 1538 1895 1609 Μαξιμῖνος

315 1635 703 1708 θρασύνεσθαι,
743 1636 841 1690 καὶ
884 1633 1101 1705 πρῶτον
1133 1630 1325 1686 ἑαυτὸν
1368 1632 1493 1694 ταῖς
1543 1631 1733 1698 τιμαῖς
1790 1628 1897 1682 ὐπ-

313 1726 622 1801 αγορεύειν.
659 1726 968 1789 Ἐπιτείνας
992 1724 1051 1778 δὲ
1073 1725 1154 1787 είς
1182 1722 1447 1778 ἀπόνοιαν
1468 1721 1693 1793 μανίας,
1712 1722 1813 1785 τάς
1836 1737 1897 1774 τε

317 1820 624 1891 συνθήκας,
674 1817 742 1882 ἀς
784 1817 921 1889 πρὸς
960 1815 1201 1870 Λικίνιον
1251 1814 1540 1884 πεποίητο,
1581 1828 1897 1884 παρασπον-

1979 625 2309 697 gnitudinem
2371 613 2793 687 ii'nperii,‘qnod
2826 608 2877 665 ei
2934 620 3096 675 supra
3155 598 3404 656 meritum
3466 593 3563 648 οὺ-
3654 656 3655 659 η

1982 682 2221 790 iigerat,
2255 713 2396 768 ferre
2452 682 2622 778 atque
2672 682 2943 759 sustinere
3008 712 3114 753 non
3176 697 3427 763 poterat,
3462 682 3561 741 sed

1980 813 2191 867 honesti
2221 807 2457 879 regiique
2506 798 2702 870 ingenii
2736 809 2963 864 expers,
2991 791 3170 858 inepte
3197 794 3252 840 et
3279 791 3562 853 perperam

1983 923 2073 963 res
2112 873 2562 975 gerebat._Gravi
2624 891 2839 948 tandem
2902 893 3066 953 atque
3114 873 3436 934 intolerabili
3471 885 3564 924 ar-

1982 999 2224 1070 rogantia
2264 995 2474 1058 elatus,
2505 988 2667 1043 etiam
2718 989 2906 1037 contra
2965 972 3175 1044 imperii
3212 968 3422 1033 socios,
3450 978 3568 1017 ma-

1985 1096 2130 1149 xime
2182 1103 2309 1142 vero
2363 1091 2551 1141 contra
2610 1072 3025 1136 Constantinum
3075 1062 3200 1137 (qui
3235 1061 3398 1115 rebus
3447 1071 3569 1111 om-

1989 1185 2145 1240 nibus
2176 1180 2251 1234 illi
2295 1178 2450 1244 longe
2492 1168 2875 1229 antecellebat,
2939 1173 3162 1232 genere,
3221 1151 3565 1213 educatione,

1991 1274 2352 1333 institutione.
2379 1239 2642 1336 dignitate
2700 1268 2755 1315 et
2778 1250 3101 1327 prudentia;
3158 1247 3378 1316 quippe,
3425 1239 3569 1310 quod

1990 1368 2233 1422 omnium
2264 1369 2427 1430 caput
2461 1366 2570 1417 est,
2598 1350 2764 1408 animi
2798 1343 3174 1403 moderatione
3203 1349 3257 1393 et
3282 1350 3414 1391 vera
3439 1347 3570 1403 erga

1993 1463 2163 1516 Deum
2191 1458 2392 1526 pietate
2421 1442 2795 1521 praefulgebat)
2837 1439 3041 1494 audere
3071 1432 3275 1504 quaevis
3304 1438 3359 1484 et
3397 1435 3572 1487 atten-

1996 1564 2110 1609 tare
2139 1523 2379 1604 aniiuum
2406 1539 2641 1605 induxit,
2678 1535 2813 1591 etin
2839 1528 3139 1586 honoribus
3168 1523 3417 1591 votisque
3480 1530 3575 1586 pu-

1997 1642 2154 1701 blicis
2182 1651 2301 1695 sese
2332 1634 2508 1705 primo
2530 1632 2649 1684 loco
2670 1622 3021 1685 renuntiare;
3052 1630 3177 1671 mox
3194 1610 3479 1669 stultitiam
3516 1605 3571 1660 in

1996 1697 2233 1793 furorem
2260 1697 2498 1791 vertens,
2530 1720 2735 1777 findere
2774 1729 2898 1771 cum
2934 1707 3141 1765 Licinio
3182 1712 3339 1774 pacta
3380 1697 3566 1793 rupit,

2002 1844 2067 1884 ac
2089 1825 2288 1881 bellum
2333 1829 2493 1875 atrox
2515 1808 2835 1870 concitavit.
2903 1802 3191 1857 Postremo
3234 1806 3357 1850 cum
3419 1786 3572 1846 brevi

315 1880 508 1982 δήσας,
559 1880 794 1981 πόλεμον
831 1880 1104 1964 ’ἄσπονδον
1151 1908 1410 1978 αἱρεῖται.
1443 1880 1585 1960 Εἶτα
1613 1880 1675 1957 ὲν
1702 1904 1896 1982 βραχεῖ

2008 1880 2184 1977 omnia
2244 1910 2575 1972 miscuisset,
2634 1909 2938 1967 omnesque
2965 1890 3216 1947 civitates
3273 1880 3572 1943 turbasset,

315 1978 386 2059 τά
408 2004 587 2059 πάντα
637 1978 907 2072 κυκήσας,
943 2000 1124 2055 πᾶσάν
1150 2016 1211 2054 τε
1237 1998 1393 2054 πόλιν
1435 1994 1762 2069 ἐκταράξεις,
1794 1978 1895 2048 καὶ

318 2100 428 2152 πᾶν
457 2097 822 2169 στρατόπεδον
852 2094 1180 2165 μυρίανδρον
1220 2093 1284 2146 τὸ
1309 2090 1515 2161 πλῆθος
1535 2085 1894 2157 συναγωγῶν,

318 2190 517 2255 ἔξεισιν
547 2192 625 2253 είς
655 2188 833 2258 μάχην
862 2187 1006 2257 πρὸς
1036 2185 1300 2246 Λικίνιον,
1334 2183 1477 2236 κατά
1504 2198 1563 2233 τε
1594 2180 1761 2235 αὐτοῦ
1801 2178 1899 2231 καὶ

318 2282 415 2336 τοῦ
448 2280 610 2335 αὐτὸν
645 2280 956 2343 στείλαντος
984 2276 1418 2332 Κωνσταντίνου.
1449 2274 1560 2328 Καὶ
1594 2274 1658 2343 δὴ
1690 2272 1900 2338 συμϐα-

320 2373 430 2426 λὼν
473 2375 565 2436 είς
613 2375 824 2443 χεῖρας,
874 2371 1080 2440 ἔρημος
1122 2369 1220 2439 τῆς
1277 2369 1341 2419 ἐκ
1376 2364 1513 2418 Θεοῦ
1572 2364 1899 2417 καθίσταται

318 2465 644 2536 ἐπισκοπῆς,
674 2464 734 2530 ἐξ
789 2463 953 2517 αὑτοῦ
983 2462 1083 2530 τῆς
1120 2460 1277 2530 νίκης
1314 2457 1408 2510 τοῦ
1465 2457 1684 2510 πάντων
1736 2455 1897 2524 μόνου

320 2555 455 2610 Θεοῦ
487 2552 955 2625 πρυτανευθείσης
1003 2552 1081 2622 τῷ
1112 2551 1234 2603 τότε
1272 2548 1566 2619 κρατοῦντι
1602 2548 1898 2599 Κωνσταν·

321 2650 476 2719 τίνῳ.
539 2646 825 2701 Ἀπόλλυσι
884 2644 984 2715 μὲν
1040 2642 1236 2714 πρῶτα
1292 2642 1355 2695 τὸ
1399 2642 1486 2710 ἐφ’
1528 2632 1572 2707 ᾧ
1617 2635 1900 2691 ἐπεποίθει

322 2738 601 2794 ὁπλιτικὸν
655 2736 859 2808 πλῆθος
888 2738 915 2788 ό
945 2734 1253 2804 ἀλιτήριος*
1305 2730 1416 2786 τῶν
1458 2747 1517 2783 τε
1565 2725 1900 2799 ἀμφάὐτὺν

322 2830 633 2903 δορυφόρων
694 2828 1024 2899 γυμνωθεὶς,
1075 2826 1170 2879 καὶ
1217 2824 1432 2877 πάντων
1473 2821 1678 2891 ἔρημον
1736 2818 1901 2873 αὐτὸν

325 2920 812 2983 καταλελοιπότων,
842 2919 920 2990 τῷ
942 2936 1002 2972 τε
1032 2916 1322 2988 κρατοῦντι
1369 2912 1899 2985 προσπεφευγότων,

325 3015 562 3077 ὑπεκδὺς
591 3015 620 3066 ὁ
647 3014 881 3076 δείλαιος
925 3012 1002 3076 ὡς
1051 3011 1317 3081 τάχιστα,
1357 3009 1450 3062 τὸν
1511 3008 1573 3060 οὐ
1621 3006 1905 3078 πρέποντα

322 3106 472 3178 αὐτῷ
525 3106 800 3176 βασιλικὸν
840 3104 1043 3175 κόσμον
1078 3102 1269 3166 δειλῶς
1330 3102 1425 3154 καὶ
1480 3097 1763 3170 δυσμενῶς
1811 3096 1905 3150 καὶ

325 3170 604 3271 ἀνάνδρως
630 3197 857 3259 ἀποδὺς,
890 3170 1145 3250 ὑποδῦνει
1178 3195 1241 3247 τὸ
1290 3192 1495 3262 πλῆθος
1516 3232 1530 3255 ,
1590 3191 1687 3244 καὶ
1711 3190 1903 3241 ἔπειτα

2014 3203 2247 3258 hostium
2284 3170 2473 3249 manus
2497 3186 2746 3245 evitavit,
2772 3181 2933 3237 saluti
2967 3191 3078 3231 sua:
3119 3170 3432 3228 consulens.

2672 3279 2682 3284 “
2820 3274 2853 3284 ⁵·
2931 3280 2939 3284 -
3046 3281 3055 3284 -
3101 3276 3140 3284 --
3180 3260 3432 3284 A-I.-.-.I..-

324 3290 721 3363 διαδιδράσκει,
749 3286 1195 3357 κρυπταζόμενός
1220 3301 1281 3337 τε
1312 3284 1417 3338 ἀνά
1438 3284 1565 3346 τοὺς
1586 3284 1791 3353 ἀγροὺς
1813 3282 1907 3334 κα)⁸

323 3380 421 3444 τὰς
460 3380 656 3450 κώμας
682 3418 697 3442 ,
734 3378 885 3449 μόλις
917 3376 1025 3430 τῶν
1052 3374 1399 3446 πολεμιστῶν
1450 3373 1550 3436 τὰς
1594 3375 1787 3443 χεῖρας
1826 3372 1907 3423 δι-

326 3473 515 3537 έξεισι,
546 3472 617 3523 τὰ
647 3470 748 3539 τῆς
802 3467 1080 3539 σωτηρίας
1115 3465 1266 3537 αὐτῷ
1319 3464 1740 3535 προμνώμενος.
1778 3464 1910 3533 Ἔρ-

326 3580 448 3632 γοις
470 3563 652 3625 αὐτοῖς
676 3558 735 3614 εὖ
773 3560 919 3631 μάλα
947 3559 1172 3622 πιστοὺς
1210 3558 1306 3611 καὶ
1332 3557 1551 3627 ἀληθεῖς
1574 3558 1699 3618 τοὺς
1734 3555 1910 3619 θείους

328 3655 607 3725 ἀποφῆναι
662 3653 870 3706 ἔνεστιν
926 3643 1026 3704 ὧδε
1068 3650 1387 3721 χρησμοὺς,
1435 3651 1493 3701 ὲν
1536 3646 1619 3711 οἷς
1652 3649 1868 3717 εἴρηται
1893 3664 1909 3679 ο

334 3768 353 3800 ι
393 3748 468 3801 Οὐ
502 3746 736 3810 σώζεται
769 3743 1022 3813 βασιλεὺς
1052 3742 1139 3794 διὰ
1171 3740 1371 3810 πολλὴν
1403 3739 1652 3811 δύναμιν,
1697 3739 1791 3791 καὶ
1823 3738 1913 3807 γί-

328 3855 434 3906 γας
465 3836 526 3891 οὐ
559 3835 867 3905 σωθήσεται
920 3835 978 3887 ὲν
1007 3833 1203 3905 πλήθει
1240 3833 1430 3903 ίσχύος
1477 3831 1665 3885 αὐτοῦ.
1695 3831 1914 3900 Ψευδὴς

334 3932 500 3992 ῐππος
523 3930 602 3990 είς
631 3926 942 3998 σωτηρίαν·
976 3926 1033 3978 ὲν
1070 3925 1128 3978 δὲ
1159 3924 1355 3996 πλήθει
1405 3924 1691 3994 δυνάμεως
1744 3921 1913 3977 αὐτοῦ

335 4021 397 4073 οὐ
460 4017 789 4086 σωθήσεται.
874 4015 1008 4069 Ἰδοὺ
1065 4016 1116 4068 oi.
1199 4014 1504 4086 ὀφθαλμοῖς
1534 4012 1741 4084 Κυρίου
1822 4011 1916 4064 ἐπὶ

332 4112 458 4172 τοὺς
492 4108 862 4178 φοϐουμένους
904 4105 1103 4169 αὑτὸν,
1143 4105 1272 4168 τοὺς
1330 4104 1660 4168 ἐλπίζοντας
1714 4102 1807 4156 ἐπὶ
1854 4100 1915 4154 τὸ

334 4202 481 4266 ἔλεος
502 4201 667 4256 αὑτοῦ
681 4217 696 4230 ·
720 4198 989 4271 ῥύσασθαι
1008 4200 1071 4252 ὲκ
1095 4199 1327 4252 θανάτου
1345 4198 1446 4261 τὰς
1465 4197 1647 4269 ψυχὰς
1663 4194 1860 4267 αὐτῶν.
1892 4214 1910 4247 ι

347 4292 407 4345 ὐ
427 4292 484 4346 δὲ
510 4291 779 4362 δυσσεϐὴς
797 4291 969 4362 ἀθρόᾳ
1006 4290 1140 4344 Θεοῦ
1163 4291 1397 4362 πληγεὶς
1424 4290 1670 4360 μάστιγι,
1710 4288 1771 4341 ὲν
1794 4288 1916 4341 δευ-

334 4386 471 4456 τέρᾳ
491 4384 731 4455 πολέμου
757 4385 999 4455 συμὸολῇ
1024 4385 1396 4454 καταστρέφει
1416 4383 1507 4435 τὸν
1538 4381 1672 4452 βίον.
1705 4381 1918 4434 Γίνεται

336 4478 395 4531 δὲ
430 4476 580 4548 αὐτῷ
623 4477 695 4531 τά
739 4478 840 4548 τῆς
868 4476 1273 4547 καταστροφῆς,
1308 4475 1407 4545 οὐχ
1446 4469 1537 4528 οἷα
1594 4476 1919 4544 στρατηγοῖς

1997 2019 2158 2081 atque
2188 1998 2687 2060 nunierosissimum
2720 1987 3051 2046 confecisset
3102 1978 3423 2039 exercitum,
3459 1971 3578 2027 exit

1999 2062 2345 2170 adjpngnam,
2384 2102 2490 2146 tam
2523 2095 2712 2142 contra
2746 2079 3011 2135 Licinium
3043 2074 3239 2143 ipsum,
3270 2080 3432 2137 quam
3473 2062 3569 2132 qui

2002 2167 2423 2250 illuni—miserat,
2468 2176 2909 2237 Constantinum.
2970 2167 3077 2222 Sed
3141 2175 3334 2217 manus
3384 2170 3583 2213 conse-

2004 2298 2147 2346 rens,
2175 2279 2355 2333 divina
2387 2287 2491 2341 ape
2542 2266 2879 2325 destituitur,
2927 2254 3155 2313 victoria
3189 2264 3317 2306 tunc
3352 2249 3419 2303 al)
3464 2246 3581 2315 ipso

2003 2389 2112 2428 uno
2140 2369 2381 2425 omnium
2406 2365 2517 2417 Deo
2557 2371 2740 2413 rerum
2794 2349 3023 2423 potieuti
3053 2343 3411 2399 Constantino
3453 2338 3580 2390 suti-

2002 2465 2329 2521 ministrata.
2389 2454 2631 2508 Primum
2662 2445 2960 2502 sceleratus
2984 2439 3074 2493 ille
3094 2451 3215 2491 eam
3241 2442 3577 2487 armatorum

2005 2556 2233 2611 militum
2268 2561 2508 2607 manum,
2536 2542 2620 2597 cui
2670 2536 2995 2594 confidebat,
3047 2525 3262 2582 amisit;
3300 2537 3423 2575 mox
3486 2534 3582 2574 sa-

2007 2650 2234 2705 tellitum
2275 2638 2526 2711 praesidio
2566 2632 2824 2691 nudatus,
2844 2636 2900 2680 et
2922 2625 2990 2677 ab
3029 2620 3153 2675 aliis
3178 2615 3453 2676 omnibus,
3481 2609 3576 2679 qui

2008 2741 2194 2799 relicto
2226 2736 2317 2789 illo
2343 2734 2409 2787 ad
2431 2731 2689 2783 victorem
2727 2718 3102 2787 confugerant,
3148 2711 3418 2767 desertus,
3446 2702 3585 2756 claui

2009 2830 2264 2890 discessit
2300 2827 2583 2885 miser;et
2642 2815 2849 2883 regium
2908 2816 3184 2869 ornatum,
3245 2800 3337 2868 qui
3388 2807 3581 2865 parum

2009 2886 2326 2980 egigni“...
2358 2913 2607 2975 decebat,
2664 2903 2851 2960 timide
2910 2896 3069 2952 simul
3128 2901 3183 2946 et
3235 2886 3490 2944 iracunde
3532 2890 3588 2938 et

2010 3013 2347 3074 muliebriter
2368 3019 2596 3068 exuens,
2624 2992 2955 3055 multitudini
2987 3004 3105 3044 sese
3129 2983 3429 3045 immiscet;
3466 2976 3589 3045 fuga

2011 3109 2205 3166 deinde
2241 3106 2481 3173 elapsus,
2523 3106 2577 3152 et
2609 3096 2661 3149 in
2710 3090 2856 3161 agris
2905 3086 3147 3152 vicisque
3199 3075 3440 3138 latitans,
3500 3068 3594 3123 vix

3491 3162 3589 3217 Αι-

2010 3295 2100 3367 qui
2134 3292 2259 3345 inde
2287 3288 2462 3356 reipsa
2494 3279 2781 3336 ostendere
2820 3274 2967 3334 licet,
3003 3276 3151 3323 certa
3177 3260 3464 3318 admodum
3494 3271 3590 3311 ve-

3002 3360 3033 3367 -.
3162 3358 3191 3367 ..
3234 3355 3268 3367 ._
3467 3347 3579 3367 .,___

2010 3347 2180 3453 rjaque
2206 3394 2326 3434 esse
2356 3347 2539 3431 divina
2563 3368 2806 3433 oracula,
2836 3368 2890 3418 in
2925 3360 3121 3430 quibus
3145 3355 3347 3411 dicitur
3374 3369 3390 3405 :
3432 3347 3588 3403 «Non

2011 3477 2254 3530 salvntnr
2279 3485 2370 3524 rex
2404 3481 2500 3537 per
2552 3460 2749 3515 multas
2797 3456 2982 3525 c0pias
3008 3466 3158 3515 suas,
3191 3458 3243 3502 et
3274 3447 3426 3517 gigas
3482 3456 3588 3495 non

2013 3563 2313 3622 Salvabitur
2348 3532 2779 3614 iii-multitudine
2818 3544 3155 3601 fortitudinis
3212 3553 3341 3593 suae.
3402 3532 3588 3587 Fallax

2013 3672 2184 3726 equus
2220 3655 2287 3707 ad
2318 3650 2583 3707 Salutem:
2627 3644 2681 3699 in
2738 3634 3068 3694 abundantia
3142 3638 3322 3684 autem
3377 3622 3599 3677 virtutis

2015 3764 2128 3803 Sua:
2162 3762 2266 3802 nun
2293 3741 2613 3799 salvabitur.
2673 3735 2814 3789 Ecce
2840 3729 2982 3786 oculi
3031 3722 3245 3781 Domini
3285 3732 3448 3786 super
3484 3728 3599 3770 tne-

2018 3849 2231 3895 tnentes
2257 3852 2403 3898 eum,
2439 3842 2493 3886 et
2525 3831 2576 3883 in
2606 3828 2674 3882 iis
2709 3825 2798 3895 qui
2831 3828 3051 3891 sperant
3081 3829 3239 3885 super
3286 3809 3598 3867 misericor-

2016 3933 2102 3988 dia
2158 3931 2308 3999 ejus;
2360 3936 2418 3979 ut
2479 3931 2633 3978 eruat
2670 3934 2703 3973 a
2752 3924 2923 3970 morte
2971 3910 3181 3965 animas
3236 3918 3424 3960 eorum
3462 3901 3527 3954 ".
3569 3918 3595 3953 ι

2013 4025 2184 4081 Porro
2213 4020 2407 4086 impius
2435 4017 2526 4070 ille
2568 4014 2612 4044 ”
2646 4007 2923 4081 repentina
2976 4001 3069 4057 Dei
3102 4000 3257 4071 plaga
3288 4007 3599 4066 percussus,

2018 4117 2070 4172 in
2102 4112 2339 4170 secunda
2371 4108 2495 4164 belli
2539 4100 2944 4161 conflictatione
2965 4090 3260 4155 occumbit,
3289 4087 3453 4142 alium
3477 4086 3600 4138 vita:

2014 4211 2221 4265 exitum
2278 4203 2527 4267 sortitus,
2566 4213 2729 4269 quam
2768 4192 2859 4264 qui
2901 4188 3130 4244 ducibus
3171 4179 3444 4239 bellicosis
3477 4190 3602 4232 con-

2017 4303 2225 4370 tingere
2258 4296 2416 4359 solet,
2442 4293 2532 4363 qui
2561 4304 2658 4362 pro
2684 4287 2886 4341 virtute
2927 4291 2982 4337 et
3004 4295 3102 4351 pro
3135 4274 3331 4332 amicis
3382 4270 3600 4326 fortiter

2018 4404 2077 4445 se
2109 4396 2381 4457 gerentes,
2424 4381 2609 4436 lidenti
2638 4382 2820 4433 animo
2851 4373 3142 4445 gloriosam
3174 4376 3403 4423 mortem
3433 4376 3601 4433 oppe-

2018 4452 2164 4536 tuni.
2216 4478 2313 4532 llle
2345 4489 2475 4530 vero
2500 4471 2699 4541 impius
2736 4477 2790 4523 et
2827 4466 2920 4522 Dei
2948 4461 3315 4523 adversarius,
3347 4456 3475 4511 dum
3499 4452 3600 4507 ad-

339 4547 715 4642 πολεμάρχαις
751 4547 892 4641 ὑπὲρ
947 4569 1150 4640 ἀρετῆς
1175 4567 1273 4622 καὶ
1319 4567 1616 4637 γνωρίμων
1658 4566 1904 4629 πολλάκις

2026 4577 2131 4630 huc
2152 4570 2430 4627 exercitus
2454 4580 2582 4623 suus
2604 4564 2660 4619 in
2706 4561 2877 4616 armis
2927 4564 3123 4620 staret,
3166 4554 3283 4621 ipse
3313 4547 3456 4603 domi
3484 4556 3601 4597 mo-

340 4661 745 4734 ἀνδριζομένοις
774 4663 834 4718 ἐν
852 4662 1073 4733 πολέμῳ
1098 4661 1197 4732 τὴν
1225 4660 1423 4731 εὐκλεῆ
1450 4660 1708 4729 τελευτὴν
1722 4659 1921 4729 εὐθαρ-

342 4755 453 4818 σῶς
482 4756 779 4826 ὑπομεῖναι
814 4753 1036 4823 συνέόη.
1084 4752 1248 4806 Ἀλλά
1273 4751 1383 4823 γὰρ
1414 4752 1509 4806 ἅτε
1532 4768 1615 4815 τις
1645 4749 1914 4821 δυσσεϐὴς

342 4851 437 4903 καὶ
468 4848 772 4921 θεομάχος,
822 4848 921 4917 τῆς
977 4845 1335 4916 παρατάξεως
1383 4843 1458 4897 ἐτ’
1507 4843 1656 4914 αῦτῷ
1692 4841 1797 4912 πρὸ
1826 4842 1919 4895 τοῦ

342 4941 523 4995 πεδίου
544 4940 910 5011 συνεστώσης,
936 4940 1077 4993 οῐκοι
1103 4938 1281 5010 μένων
1310 4937 1475 5000 αὐτὸς
1501 4936 1596 4989 καὶ
1615 4932 1921 5007 κρυπταξό-

344 5050 526 5103 μενος,
562 5032 660 5103 τὴν
689 5034 1072 5103 προσήκουσαν
1117 5030 1392 5101 τιμωρίαν
1442 5028 1658 5098 ὑπέχει,
1706 5025 1921 5097 ἁθρόως

342 5124 479 5177 Θεοῦ
541 5122 773 5193 πληγεὶς
826 5122 1085 5193 μάστιγι·
1135 5121 1212 5184 ὡς
1260 5118 1522 5189 ἀλγηδόσι
1572 5117 1778 5178 δειναῖς
1828 5113 1924 5167 καὶ

346 5213 729 5287 περιωδυνίαις
760 5213 1136 5285 ἐλαυνόμενος,
1171 5213 1302 5283 πρὶν
1356 5212 1389 5283 ἢ
1454 5212 1809 5271 καταπεσεῖν,
1844 5207 1926 5260 λι-

349 5307 436 5378 μῴ
490 5323 551 5359 τε
611 5305 1040 5377 διαφθείρεσθαι,
1075 5308 1171 5369 τάς
1221 5321 1279 5357 τε
1323 5304 1533 5375 σάρκας
1585 5301 1752 5357 αὑτοῦ
1791 5300 1921 5363 ὅλας

345 5399 565 5469 ἀοράτῳ
603 5397 697 5450 καὶ
730 5396 979 5468 θεηλάτῳ
1011 5398 1145 5467 πυρὶ
1172 5395 1580 5465 κατατήκεσοαι
1605 5410 1621 5426 ³
1652 5394 1726 5458 ῶς
1767 5394 1923 5465 διαρ-

350 5490 551 5562 ρεῦσαν
582 5490 643 5542 τὸ
679 5488 780 5558 μὲν
814 5489 925 5541 πᾶν
952 5483 1093 5551 εἶδος
1139 5488 1238 5557 τῆς
1268 5489 1504 5550 παλαιᾶς
1538 5487 1753 5558 μορφῆς
1782 5487 1928 5554 ἀφα-

345 5582 626 5652 νισθῆναι,
654 5578 817 5650 ξηρὸν
866 5579 910 5632 δ’
949 5578 1113 5632 αὑτὸν
1166 5578 1326 5647 μόνον
1384 5578 1569 5630 ὀστέον
1618 5577 1924 5644 γεγονέναι,

345 5671 458 5730 οῗόν
506 5694 558 5729 τι
615 5671 812 5745 μακρῷ
864 5674 1042 5744 χρόνῳ
1092 5669 1652 5739 κατεσκελετευμένον
1709 5670 1927 5721 εἴδωλον

428 5859 469 5891 ιδ
507 5858 647 5912 l‘szil.
679 5873 845 5923 χχχιι,
879 5855 1062 5909 ili-19.

2025 4677 2195 4730 ratus,
2228 4664 2369 4717 intra
2403 4660 2639 4731 parietes
2684 4654 2928 4717 latitans,
2981 4647 3195 4702 debitas
3245 4641 3343 4695 luit
3382 4638 3598 4708 pinnas,

2025 4758 2305 4825 inopinato
2330 4729 2422 4808 Dei
2480 4746 2696 4819 ﬂagello
2727 4755 3059 4815 percussus:
3096 4739 3176 4791 sic
3210 4744 3275 4789 ut
3307 4730 3455 4803 gravi
3504 4729 3602 4782 dn-

2028 4851 2162 4912 lore,
2197 4856 2250 4901 et
2277 4844 2472 4900 acerbo
2505 4840 2783 4897 cruciatus
2810 4849 2973 4891 sensu
2996 4831 3250 4902 agitatus,
3286 4824 3599 4895 priusquam

2024 4938 2321 5001 occideret,
2351 4934 2469 4987 dira
2498 4932 2641 4986 fame
2672 4930 3067 4987 conficeretur;
3101 4919 3219 4985 eius
3255 4917 3420 4972 etiam
3466 4925 3600 4966 caro
3678 4943 3681 4947 ‹

2028 5031 2279 5084 universa
2301 5025 2411 5096 igni
2433 5039 2538 5079 non
2569 5021 2870 5087 conspicuo
2897 5028 2951 5073 et
2973 5031 3068 5087 per
3086 5014 3177 5068 Dei
3201 5012 3337 5065 iram
3358 5007 3600 5062 immisso

2028 5095 2410 5177 intabesceret,
2437 5115 2517 5170 sic
2542 5122 2601 5167 ut
2632 5110 2881 5165 diﬂluens
2907 5106 3150 5177 pristina:
3170 5101 3359 5157 forma:
3395 5095 3600 5165 efﬁgies

2030 5221 2140 5267 tota
2174 5210 2464 5272 deleretur,
2504 5207 2917 5272 exsiccatusqne
2950 5200 3005 5253 iii
3041 5195 3182 5252 nuda
3216 5208 3340 5249 Ossa
3375 5192 3488 5259 ipse
3520 5203 3606 5243 re-

2031 5303 2324 5370 digeretur,
2365 5309 2419 5352 ct
2448 5308 2705 5365 tanquam
2772 5291 3122 5348 simulacrum
3172 5284 3438 5355 quoddam
3486 5281 3604 5335 lonv
3656 5257 3669 5270 ’

2032 5392 2338 5461 ginqnitate
2364 5389 2620 5459 temporis
2653 5385 2980 5441 exhaustum
3025 5387 3475 5442 attenuatumque
3515 5386 3606 5426 re-

2033 5484 2405 5551 linqueretur:
2442 5483 2515 5533 ita
2551 5477 2720 5545 utqui
2752 5482 2948 5542 praesto
2978 5472 3223 5532 aderant,
3256 5466 3373 5536 eius
3403 5475 3606 5533 corpus

2036 5574 2169 5627 nihil
2205 5573 2350 5626 aliud
2387 5587 2506 5626 esse
2539 5569 2932 5630 existimarent,
2960 5578 3122 5633 quam
3151 5559 3458 5628 sepulcrum
3486 5554 3607 5605 aui-

2035 5682 2136 5721 nizie
2164 5680 2283 5736 quire
2315 5667 2367 5721 in
2394 5680 2459 5721 eo
2488 5664 2598 5735 jam
2622 5674 2835 5718 mortuo
2873 5656 3102 5729 etplane
3131 5653 3347 5726 putrido
3376 5646 3604 5722 jdefossn

1146 5855 1187 5885 ’⁸
1220 5852 1416 5909 Euseb.
1452 5850 1543 5906 lib.
1580 5868 1630 5907 ix
1667 5852 1803 5907 Hist.
1843 5851 2025 5907 (τεῖρε.
2053 5864 2172 5918 cap.
2213 5848 2265 5901 8.
