4154 6560
600 453 732 517 1211
1863 450 2167 508 GELASII
2208 449 2549 509 CYZlCENI
3716 442 3864 506 1‘21?

595 578 756 621 esset.
813 563 967 620 Estu
993 576 1157 633 porro
1188 561 1408 615 intimas
1455 559 1633 613 adhuc
1687 557 1953 616 medullas
2004 557 2167 612 vehe-
2195 562 2235 619 Α

2220 565 2242 619 L
2270 556 2661 627 ὑπολειφθῆναι
2685 572 2702 589 ν
2728 555 2804 619 ὡς
2840 556 3006 626 μηδὲν
3034 554 3163 611 ἄλλο
3185 573 3238 609 τι
3266 552 3511 625 νομίζειν
3532 553 3661 616 τοὺς
3708 571 3860 624 παρ-

597 657 828 712 mentius
861 663 1173 723 perurente,
1195 651 1511 706 exsilierunt
1540 651 1588 704 ei
1613 644 1777 713 oculi,
1799 658 1914 723 et_e
1943 649 2057 702 suis
2079 663 2168 702 se-

2275 648 2434 711 όντας
2452 686 2468 711 ,
2511 646 2545 718 ἣ
2574 647 2746 715 τάφον
2771 646 2918 717 αὐτῷ
2936 648 3039 716 τῆς
3062 646 3244 717 ψυχῆς
3270 644 3552 714 γεγονέναι
3579 642 3644 697 τὸ
3667 643 3853 715 σῶμα,

595 744 751 798 dibus
782 714 1110 805 excidentes,
1144 756 1344 795 caecum
1384 740 1753 809 reliquerunt:
1785 714 1876 807 qui
1904 746 2021 806 post
2050 736 2164 791 [nec

2270 740 2328 792 ἐν
2373 739 2472 808 ἤδη
2517 714 2697 808 νεκρῷ
2759 738 2850 791 καὶ
2890 714 3209 800 *παντελῶς
3255 734 3660 804 ἀπορρεύσαντι
3717 714 3858 788 κατ-

595 849 738 903 ιινενε
770 834 1017 901 spiritum
1039 833 1265 896 ducens,
1296 830 1521 885 Domino
1550 830 1858 894 conﬁtetur,
1903 838 2163 882 mortem-

2270 828 2627 899 ωρυγμένης·
2667 829 3024 900 σφοδρότερον
3065 828 3121 882 δὲ
3151 828 3232 882 ἔτι
3275 828 3474 898 μᾶλλον
3514 827 3615 896 τῆς
3642 826 3860 898 Θέρμης

597 916 977 992 queinvouat:
1002 923 1067 977 ad
1088 933 1392 976 extremum
1423 920 1705 975 confessus
1736 935 1797 974 se
1820 920 1921 974 ista
1943 928 2166 988 propter

2270 919 2431 973 αὐτὸν
2462 919 2526 971 ὲκ
2549 917 2746 988 βάθους
2779 916 2993 987 μυελῶν
3036 916 3507 986 καταφλεγούσης,
3545 914 3850 985 προπηδῶ-

598 1014 908 1077 amentiam,
939 1026 1042 1081 qua
1074 1022 1259 1066 contra
1283 1011 1555 1066 Christum
1583 1026 1711 1066 usus
1738 1010 1933 1076 fuerat,
1967 1010 2159 1065 merito

2272 1027 2355 1064 σιν
2394 1012 2450 1065 δὲ
2478 1010 2655 1065 αὐτοῦ’
2679 1010 2749 1064 τὰ
2774 1010 3017 1080 ὄμματα.
3045 1012 3141 1066 καὶ
3166 1011 3267 1079 τῆς
3300 1011 3437 1073 ἱδὶας
3465 1009 3674 1079 λήξεως
3704 1009 3857 1061 ἀπο-

597 1105 822 1171 porpeti,
862 1103 1094 1155 animam
1130 1103 1348 1156 emittit.

2272 1102 2526 1169 πεσόντα,
2585 1102 2759 1172 πηρὸν
2808 1102 2971 1155 αὐτὸν
2996 1101 3331 1171 ἀφιᾶσιν.⁹0
3389 1101 3448 1154 δὲ
3494 1101 3589 1153 ἐπὶ
3632 1102 3858 1162 τούτοις

595 1195 900 1256 ἀναπνέων,
954 1194 1481 1264 ἀνθομολογούμενος
1539 1191 1617 1262 τῷ
1671 1191 1900 1263 Κυρίῳ,
1936 1191 2171 1245 θάνατον
2232 1193 2552 1247 ἐπεκαλεῖτο
2579 1210 2595 1227 ·
2632 1195 2725 1247 καὶ
2764 1194 2825 1247 τὸ
2898 1193 3244 1247 πανύστατον
3289 1192 3515 1254 ἐνδίκως
3538 1189 3713 1245 ταῦτα
3750 1189 3859 1260 τῆς

594 1290 739 1342 κατᾶ
763 1287 854 1341 τοῦ
900 1287 1136 1358 Χριστοῦ
1162 1289 1448 1357 παροινίας
1476 1288 1639 1341 ἕνεκα
1667 1286 1995 1341 πεπονθέναι
2023 1286 2383 1359 ὁμολογήσας,
2416 1288 2611 1358 ἀφίησι
2638 1288 2739 1359 τὴν
2762 1287 2964 1358 ψυχήν.

1257 1424 1411 1478 CAP.
1442 1423 1510 1478 IX
1531 1447 1547 1465 ν
2885 1425 2897 1477 1

2885 1424 3136 1478 ΚΕΦΑΛ.
3179 1423 3254 1475 θ’.

920 1537 994 1590 De
1017 1538 1354 1591 ecclesiarum
1398 1538 1811 1593 instauratione.
2433 1538 2560 1608 napi

2433 1538 2571 1608 Περὶ
2608 1537 2719 1608 τῆς
2746 1537 2879 1592 τῶν
2919 1535 3265 1604 ἐκκλησιῶν
3292 1534 3705 1602 ἀνανεώσεως.

665 1651 797 1705 Cum
848 1652 913 1703 ad
940 1650 1081 1702 hunc
1111 1649 1324 1701 rnodum
1360 1648 1702 1715 Maximinus,
1741 1650 1886 1704 inter
1936 1649 2181 1720 reliquos

2342 1653 2500 1708 Οὕτω
2552 1653 2691 1724 δῆτα
2739 1651 3053 1721 Μαξιμὶνου
3117 1647 3363 1702 ἐκποδὼν
3420 1649 3740 1718 γενομένου,
3790 1646 3860 1708 ὃς

594 1742 812 1808 pietatis
842 1741 1018 1793 hostes
1045 1739 1200 1807 longe
1254 1740 1606 1805 deterrimus,
1640 1755 1669 1794 e
1700 1742 1877 1796 medio
1923 1742 2171 1797 sublatus
2198 1806 2234 1811 _

2218 1806 2234 1811 _
2272 1744 2565 1798 ἐπιλοίπων
2601 1742 2713 1804 τῶν
2743 1741 2841 1811 τῆς
2869 1739 3178 1802 θεοσεϐείας
3213 1738 3422 1808 ἐχθρῶν
3452 1738 3712 1791 ἀπάντων
3737 1737 3858 1807 χεό-

594 1806 737 1888 esset
780 1850 795 1886 :
852 1806 1321 1898 I‘Icclesize,j;ratia
1354 1831 1444 1885 Dei
1488 1833 1896 1901 omnipotentis,
1931 1833 2000 1887 ab
2039 1833 2169 1902 ipsis
2198 1806 2234 1859 Β

2219 1806 2242 1859 ³
2272 1846 2455 1902 ριστος
2482 1806 2819 1900 ἀναπέφηνε,
2845 1828 2915 1881 τὰ
2945 1827 3047 1897 μὲν
3074 1828 3174 1898 τῆς
3193 1806 3325 1879 τῶν
3351 1826 3689 1894 Ἐκκλησιῶν
3720 1806 3859 1878 ἀνα-

597 1922 962 1976 lundamentis
983 1921 1357 1989 erigebantur,
1378 1932 1435 1975 et
1466 1921 1671 1976 Christi
1697 1921 1922 1978 verbum
1954 1923 2020 1977 ad
2055 1923 2173 1993 glo-

2269 1921 2517 1985 νεώσεως
2555 1922 2620 1973 ὲκ
2648 1919 2920 1989 θεμελίων
2968 1919 3156 1991 χάριτι
3185 1916 3323 1971 Θεοῦ
3349 1917 3445 1971 τοῦ
3476 1918 3858 1987 παντοκράτο-

599 2015 734 2067 riam
769 2012 858 2066 Dei
896 2026 1075 2065 rerum
1099 2011 1338 2064 omnium
1371 2012 1728 2065 moderatoris
1795 2011 2167 2079 eﬂloresceus,

2272 2028 2365 2083 ρος
2389 2010 2638 2081 ἠγείρετο
2667 2026 2682 2041 ο
2713 2012 2741 2064 ὅ
2767 2027 2827 2063 τε
2856 2010 2952 2063 τοῦ
2980 2008 3221 2081 Χριστοῦ
3267 2008 3428 2077 λόγος
3459 2009 3537 2072 εἱς
3564 2009 3724 2074 δόξαν
3752 2008 3855 2062 τοῦ

599 2105 789 2174 majori
815 2118 976 2172 quam
1007 2113 1163 2157 antea
1195 2102 1445 2157 libertate
1484 2104 1902 2172 praedicabatur.
1956 2106 2081 2160 Haec
2106 2105 2161 2161 in

2268 2101 2378 2155 τῶν
2409 2102 2547 2155 ὅλων
2576 2101 2711 2155 Θεοῦ
2761 2102 3111 2172 διαλάμπων,
3151 2099 3375 2171 μείζονα
3404 2101 3503 2170 τῆς
3527 2098 3851 2169 ἔμπροσθεν

601 2210 745 2251 nono
795 2194 933 2249 libro
958 2193 1345 2249 ecclesiastica:
1374 2193 1627 2249 Historiae
1681 2196 1898 2264 scripsit
1936 2198 2172 2267 optimus

2270 2194 2621 2264 ἀπελάμϐανε
2654 2194 2991 2266 παρρησίαν.
3024 2193 3213 2248 Ταῦτα
3250 2195 3308 2247 ἐν
3335 2194 3542 2263 ἐννάτῳ
3575 2194 3728 2263 τόμῳ
3746 2192 3855 2261 τῆς

599 2290 692 2344 illo
725 2288 990 2343 Eusebius
1016 2286 1279 2356 Pamphili
1315 2303 1328 2339 :
1364 2300 1428 2339 ex
1483 2285 1625 2340 illius
1656 2288 1799 2341 enim
1840 2295 1896 2342 et
1942 2288 2168 2342 aliorum

2271 2285 2730 2354 ἐκκλησιαστικῆς
2778 2284 3045 2354 Ἱστορίας
3067 2285 3096 2336 ὁ
3134 2283 3314 2336 πάντα
3344 2269 3567 2354 ἀριστος
3594 2282 3860 2359 συντέτα-

599 2382 895 2446 laboribus,
929 2388 988 2433 ut
1013 2394 1173 2447 supra
1202 2379 1337 2444 dixi,
1385 2394 1599 2434 summa
1635 2379 1815 2447 capita
1848 2379 2168 2448 decerpens,

2270 2392 2363 2446 χεν
2391 2378 2419 2429 ὁ
2453 2375 2735 2445 Παμφίλου
2768 2374 3028 2439 Εὐσέϐιος
3064 2392 3079 2407 ο
3108 2375 3220 2429 τῶν
3273 2375 3383 2444 γὰρ
3441 2374 3605 2429 αὑτοῦ
3643 2373 3856 2437 πόνων,

596 2479 917 2540 praesentem
954 2471 1096 2525 hunc
1120 2468 1355 2523 libellum
1383 2484 1488 2538 qua
1513 2480 1730 2537 possum
1756 2468 2027 2522 brevitate
2042 2484 2172 2524 cou-

2271 2469 2347 2532 ὼς
2378 2468 2634 2539 ἀνωτέρω
2666 2486 2758 2539 μοι
2790 2468 3031 2539 εἴρηται,
3062 2453 3160 2523 καὶ
3184 2469 3294 2522 τῶν
3324 2468 3502 2524 ἄλλων
3530 2468 3632 2540 τὴν
3654 2466 3859 2521 ἀνὰλε-

602 2579 743 2629 texo,
783 2578 995 2618 summo
1052 2562 1232 2617 studio
1266 2562 1532 2617 festinans
1553 2576 1863 2617 sermonem
1902 2561 2171 2617 deducere

2274 2561 2354 2624 ξιν
2381 2558 2733 2630 ποιούμενος,
2775 2559 2869 2612 τοῦ
2928 2559 3190 2630 βιϐλιδὶου
3250 2561 3441 2614 τούτου
3483 2559 3574 2613 διὰ
3603 2550 3874 2630 βραχέων

598 2655 663 2707 ad
698 2668 969 2708 summum
1007 2652 1178 2716 illum,
1223 2653 1515 2719 illustrem,
1541 2663 1788 2707 sanctum
1825 2662 1879 2709 et
1926 2655 2167 2709 divinum

2271 2648 2594 2721 ἐγχαράττω
2619 2649 2720 2720 τὴν
2768 2648 3045 2715 σύνταξιν,
3088 2649 3319 2724 πλείστῃ
3369 2652 3471 2721 ὅσῃ
3513 2649 3718 2720 σπουδῇ
3751 2649 3865 2718 τὴν

600 2753 841 2798 montem
876 2744 1189 2814 apostolicae
1222 2746 1362 2798 illius
1379 2755 1434 2798 et
1463 2744 1746 2799 laudabilis
1769 2748 1956 2815 synodi
1990 2761 2172 2801 sacer-

2272 2741 2499 2811 πορείαν
2535 2740 2628 2794 τοῦ
2670 2740 2828 2809 λόγου
2874 2741 3197 2812 ποιούμενος
3247 2743 3341 2796 ἐπὶ
3378 2744 3441 2797 τὸ
3491 2741 3694 2813 uthle
3758 2742 3861 2796 καῖί.

601 2833 784 2886 dotum
826 2832 941 2896 Dei,
976 2848 1095 2900 qua:
1124 2833 1314 2888 Nicaea:
1341 2833 1444 2888 fuit
1478 2849 1494 2887 :
1528 2836 1761 2890 maxime
1792 2852 1912 2889 cum
1942 2838 2174 2905 prophe-

2271 2830 2663 2902 λαμπροφανές
2688 2831 2845 2899 ἅγιον
2868 2832 2964 2886 καὶ
2993 2831 3135 2886 θεῖον
3162 2832 3287 2903 ὅρος
3311 2833 3414 2903 τῆς
3447 2833 3590 2886 κατά
3616 2833 3862 2886 Νίκαιαν

603 2931 709 2976 tam
746 2920 892 2975 velut
950 2937 1111 2976 manu
1161 2923 1586 2993 prehendentem
1639 2940 1725 2979 me
1748 2934 1804 2980 et
1862 2926 2170 2981 hortantem

2273 2923 2639 2992 ἀποστολικῆς
2676 2924 2772 2977 καὶ
2841 2923 3101 2994 ἐναρέτου
3163 2924 3274 2978 τῶν
3320 2924 3417 2978 τοῦ
3466 2924 3600 2978 Θεοῦ
3662 2923 3865 2994 ἱερέων

600 3013 851 3067 videam:
908 3012 1149 3078 (Venite,
1181 3016 1376 3082 inquit,
1411 3019 1770 3072 ascendamus
1814 3018 1881 3071 ad
1932 3029 2170 3073 montem

2276 3012 2492 3066 συνόδου
2510 3028 2523 3043 ⁸
2557 3013 2700 3083 ὁρῶν
2731 3013 2969 3084 μάλιστα
2986 3013 3078 3067 τὸν
3104 3015 3397 3085 προφήτην
3427 3013 3736 3085 κρατοῦντά
3786 3030 3862 3084 με

601 3104 838 3171 Domini,
865 3115 920 3159 et
946 3109 1012 3160 ad
1060 3106 1275 3160 domum
1338 3107 1429 3162 Dei
1463 3106 1631 3162 Jacob
1672 3127 1685 3163 :
1723 3116 1779 3163 et
1829 3111 2172 3165 annuntiabit
2198 3138 2241 3195 ρ

2225 3138 2241 3194 Ξ
2272 3105 2371 3175 τῆς
2386 3104 2564 3175 χειρὸς
2580 3105 2674 3157 καὶ
2690 3105 3085 3176 προτρέποντα·
3109 3105 3325 3171 «Δεῦτε,
3353 3106 3539 3174 φησὶν,
3562 3104 3865 3174 ἀναθῶμεν

602 3196 758 3251 nobis
787 3198 930 3250 viam
966 3213 1144 3260 suam,
1203 3208 1256 3253 et
1279 3199 1677 3256 ambulabimus
1706 3201 1758 3255 in
1786 3216 1871 3257 ea.
1933 3202 2010 3255 Et
2038 3202 2168 3257 Sion
2211 3193 2226 3195 ⁷

2273 3199 2353 3260 είς
2388 3197 2450 3250 τὸ
2501 3198 2626 3268 ὅρος
2657 3196 2752 3250 τοῦ
2792 3198 3019 3269 Κυρίου,
3052 3198 3148 3251 καί⁵
3178 3199 3258 3261 εἱς
3288 3198 3378 3251 τὸν
3412 3193 3561 3253 οἶκον
3592 3197 3691 3251 τοῦ
3716 3196 3864 3250 Θεοῦ

599 3288 743 3343 enim
773 3290 942 3343 exibit
964 3291 1070 3354 lex,
1094 3300 1150 3344 et
1178 3291 1401 3346 verbum
1433 3292 1643 3347 Domini
1693 3308 1760 3348 ex
1799 3293 2159 3349 Jerusalem.)

2286 3288 2479 3342 Ἰακώϐ
2499 3304 2512 3319 ·
2548 3288 2644 3342 καὶ
2674 3289 2970 3358 ἀναγγελεῖ
2996 3291 3126 3360 ἡμῖν
3155 3291 3255 3359 τήν
3279 3290 3395 3343 όδδν
3421 3289 3608 3355 αὑτοῦ,
3635 3291 3732 3344 καὶ
3759 3306 3866 3342 πο·

601 3380 740 3436 Vere
771 3381 913 3436 enim
945 3381 1076 3436 Sion
1110 3392 1164 3439 et
1187 3382 1514 3457 Jerusalem,
1550 3396 1603 3439 et
1636 3401 1798 3440 mons
1834 3388 2042 3442 Domini
2091 3387 2173 3440 al-

2278 3380 2580 3452 ρευσόμεθα
2620 3382 2676 3451 ἐν
2709 3382 2868 3452 αὐτῇ.
2917 3382 3010 3434 Ἐκ
3052 3383 3161 3451 γὰρ
3206 3381 3343 3435 Σιὼν
3391 3381 3733 3446 ἐξελεύσεται
3770 3382 3864 3434 νό-

600 3473 859 3538 tissimus,
885 3484 939 3528 et
961 3475 1153 3530 domus
1190 3477 1279 3530 Dei
1304 3476 1492 3544 Jacob,
1514 3487 1598 3533 est
1628 3479 1841 3533 divinus
1868 3480 1958 3533 ille
1983 3481 2172 3534 ortho-

2279 3491 2397 3545 μος,
2427 3475 2521 3527 καὶ
2569 3474 2727 3542 λόγος
2774 3476 2980 3546 Κυρίου
3034 3476 3093 3542 ἐξ
3138 3472 3518 3547 Ἰερουσαλήμ.
3552 3493 3571 3527 ι
3618 3474 3866 3545 ’Δληθῶς

599 3564 867 3621 donorum
910 3567 1003 3621 Dei
1058 3569 1401 3623 sacerdotum
1462 3582 1660 3635 cretus,
1713 3572 1805 3641 qui
1858 3573 1909 3626 in
1968 3572 2170 3640 Spiritu

2276 3567 2381 3637 γὰρ
2412 3566 2549 3620 Σιὼν
2598 3567 2695 3620 καὶ⁹
2738 3567 3116 3638 Ἰερουσαλὴμ,
3173 3568 3266 3620 καὶ
3302 3567 3429 3637 ὅρος
3472 3566 3681 3637 Κυρίου
3717 3565 3870 3637 ὑψη-

600 3669 790 3715 sancto
814 3661 1142 3729 perscrutati
1184 3662 1486 3718 docuerunt
1536 3678 1633 3733 per
1672 3664 1995 3734 Scripturas
2049 3680 2175 3732 pro-

2276 3658 2516 3724 λότατον,
2544 3660 2638 3713 καὶ
2668 3656 2815 3721 οἶκος
2833 3658 2926 3712 τοῦ
2959 3658 3094 3713 Θεοῦ
3143 3659 3358 3724 Ἰακὼϐ,
3392 3660 3420 3711 ὁ
3453 3659 3597 3723 θεῖος
3642 3659 3860 3722 ἐκεῖνος

600 3753 862 3820 phetieas,
891 3754 1237 3824 evangelicas
1265 3765 1319 3809 et
1346 3756 1702 3825 apostolicas,
1737 3757 1805 3811 de
1834 3758 2000 3811 verbo
2027 3757 2172 3823 vitae,

2276 3751 2384 3804 τῶν
2411 3750 2505 3804 τοῦ
2571 3751 2708 3804 Θεοῦ
2740 3750 3036 3821 ὀρθοδόξων
3097 3751 3288 3822 ἱερέων
3316 3750 3525 3821 ὅμιλος,
3579 3748 3867 3821 Πνεύματι

602 3846 706 3900 boc
737 3855 839 3912 est,
862 3844 1001 3900 Filio
1034 3845 1149 3910 Dei,
1192 3830 1349 3915 quod.
1374 3862 1501 3901 vere
1540 3847 1819 3902 increatus
1850 3847 1919 3901 sit
1973 3862 2173 3901 secun-

2277 3842 2417 3914 ἁγίῳ
2488 3842 2939 3913 διασκεψαμένων
2982 3843 3078 3897 καὶ
3151 3842 3625 3913 παραστήσαντων
3673 3840 3763 3895 διά
3795 3858 3862 3893 τε

600 3926 726 3987 dum
751 3944 1001 3989 naturam
1029 3934 1351 3997 divinitatis,
1382 3951 1489 3990 non
1529 3945 1765 4001 creatus,
1809 3939 2168 4004 quemadmo-

2277 3931 2507 4002 Γραφῶν
2539 3932 2916 4003 προφητικῶν,
2946 3933 3041 3986 καὶ
3070 3931 3464 4001 εῦαγγελικῶν,
3495 3933 3589 3986 καὶ
3624 3935 3865 3985 ἀποστο-

600 4027 725 4080 dum
762 4036 949 4080 contra
987 4027 1136 4080 illum
1171 4027 1563 4095 blasphemavit
1613 4028 1703 4082 Dei
1756 4028 1929 4082 hostis
1964 4038 2019 4082 et
2072 4029 2174 4082 im-

2275 4022 2442 4076 λικῶν
2483 4025 2613 4094 περὶ
2646 4024 2744 4076 τοῦ
2798 4024 2975 4093 Λόγου
3034 4025 3134 4093 τῆς
3173 4025 3342 4095 ζωῆς,
3376 4023 3523 4077 τοῦτ’
3577 4022 3694 4075 ἐστι
3724 4021 3864 4075 Υἱοῦ

601 4116 722 4183 pius
749 4114 838 4169 ille
862 4115 1057 4168 Arius:
1093 4114 1237 4184 quod
1269 4116 1508 4184 ejusdem
1540 4126 1744 4171 natura:
1766 4127 1822 4172 et
1854 4117 2175 4175 substantia:

2274 4114 2370 4169 τοῦ
2401 4115 2558 4182 Θεοῦ,
2599 4116 2674 4180 ὡς
2702 4116 2920 4188 ἀληθῶς
2966 4118 3222 4181 ἀκτιστος
3246 4120 3312 4188 τῇ
3342 4120 3441 4187 τῆς
3467 4115 3724 4186 θεότητος
3754 4115 3864 4184 φύ-

601 4206 817 4260 sitcum
852 4204 1013 4260 Patre
1040 4206 1131 4275 qui
1157 4221 1277 4260 eum
1310 4216 1438 4263 ante
1480 4208 1662 4263 omnia
1706 4208 1902 4264 saecula
1949 4210 2172 4280 genuit:

2278 4228 2380 4273 σει,
2408 4208 2504 4262 καὶ
2540 4209 2600 4262 οῦ
2632 4208 2861 4279 κτίσμα,
2889 4208 3072 4272 καθὼς
3091 4211 3119 4263 ὁ
3142 4208 3410 4279 θεομάχος
3441 4209 3537 4262 καὶ
3564 4208 3861 4262 ἀσεϐέστα-

601 4296 743 4364 quod
779 4295 1013 4364 denique
1042 4304 1098 4349 et
1128 4295 1364 4365 Spiritus
1406 4308 1627 4352 sanctus
1674 4297 1917 4368 ejusdem
1970 4302 2174 4370 pariter

2274 4319 2366 4366 τος
2414 4302 2533 4354 κατ’
2573 4298 2738 4354 αὐτοῦ
2765 4298 3190 4370 ἐϐλασφήμησεν
3243 4300 3463 4371 ’Δρειος
3487 4314 3501 4329 ο
3536 4300 3627 4352 καὶ
3652 4300 3733 4351 ὅτι
3760 4298 3860 4368 τῆς

608 4385 907 4440 divinitatis
928 4394 983 4439 et
1009 4386 1266 4441 essentia:
1293 4386 1365 4442 sit
1392 4401 1515 4441 cum
1548 4386 1712 4443 Patre
1734 4399 1787 4443 et
1816 4388 1972 4457 Filio,
2004 4392 2174 4445 mani-

2277 4393 2449 4463 αὐτῆς
2490 4391 2698 4457 οὐσίας,
2757 4386 2825 4462 ἧς
2870 4390 3024 4444 καὶὸ
3054 4392 3325 4462 γεννήσας
3382 4391 3545 4445 αὑτὸν
3601 4391 3707 4463 πρὸ
3748 4390 3857 4444 τῶν

605 4478 900 4534 testissime
922 4479 1299 4533 ostenderunt.
1364 4478 1431 4533 Et
1484 4496 1612 4535 vere
1660 4480 1803 4538 altus
1855 4482 1949 4538 Dei
1994 4501 2169 4549 mons,
2206 4467 2245 4521 D

2216 4467 2249 4521 ί)
2278 4484 2490 4539 αἰώνων
2541 4483 2799 4538 ἁπάντων
2829 4483 3085 4559 ,ὑπάρχει
3134 4481 3326 4553 Πατήρ
3353 4523 3369 4550 ,
3405 4482 3502 4536 καὶ
3549 4481 3650 4535 ’τοῦ
3694 4481 3856 4535 αὐτοῦ

602 4586 723 4639 qua:
752 4570 906 4625 uobis
934 4569 1003 4625 ab
1033 4569 1189 4626 initio
1210 4580 1318 4633 est.
1352 4580 1410 4625 ut
1433 4578 1590 4627 antea
1632 4574 1933 4628 declaravit
1964 4590 2169 4645 sermo,

2278 4577 2590 4647 χρήματος·
2623 4573 2831 4645 ὁμοίως
2862 4573 2921 4626 δὲ
2953 4574 3049 4626 καὶ
3082 4575 3147 4627 τὸ
3203 4572 3430 4643 Πνεῦμα
3464 4572 3525 4627 τὸ
3568 4573 3725 4641 ἅγιον
3754 4573 3854 4643 τῆς

602 4665 671 4717 ab
700 4662 814 4732 ipse
839 4662 1064 4718 Domino
1096 4677 1190 4732 per
1206 4664 1477 4733 apostolos
1501 4665 1656 4720 nobis
1705 4666 1925 4735 tradita,
1946 4679 2000 4722 et
2032 4686 2173 4725 nunc

2279 4669 2447 4739 αὐτῆς
2479 4666 2732 4738 θεότητος
2777 4665 2873 4719 καὶ
2904 4664 3115 4729 οὐσίας,
3142 4660 3210 4736 ἦς
3233 4666 3262 4717 ὁ
3289 4665 3478 4736 Πατὴρ
3533 4666 3626 4719 καὶ
3650 4667 3678 4718 ὁ
3707 4664 3857 4730 Υἱὸς,

604 4769 700 4822 per
720 4753 891 4824 ipsius
921 4757 1232 4811 sacerdotes
1274 4756 1469 4810 Nicaeae
1499 4769 1858 4829 congregatos
1875 4759 2172 4831 Scripturae

2279 4759 2589 4830 σαφέστατα
2628 4756 2854 4821 ἔδειξαν.
2886 4757 2998 4810 Καὶ
3023 4756 3241 4827 ἀληθῶς
3294 4755 3499 4828 ὑψηλὸν
3532 4756 3657 4827 ὅρος
3695 4754 3850 4820 Θεοῦ,

604 4844 928 4900 testimoniis
955 4844 1103 4901 clare
1138 4845 1399 4915 explicata
1440 4851 1745 4905 veneranda
1775 4852 1862 4906 illa
1894 4864 1950 4909 et
1980 4865 2167 4911 sancta

2273 4849 2478 4905 ἀνωθεν
2508 4851 2658 4921 ἡμῖν,
2688 4849 2832 4903 καθά
2859 4848 3236 4920 προεδήλωσεν
3270 4850 3298 4901 ὁ
3326 4849 3488 4918 λόγος
3523 4848 3656 4920 παρ’
3683 4847 3851 4901 αὐτοῦ

604 4934 726 4990 tidei
780 4934 984 5005 regula,
1011 4935 1077 4990 de
1113 4950 1218 5004 qua
1252 4935 1475 5003 clarius,
1508 4937 1732 5007 juvaute
1782 4940 1913 5005 Deo,
1949 4959 2170 5014 progre-

2272 4941 2368 4996 τοῦ
2425 4941 2629 5012 Κυρίου
2655 4940 2744 4994 διὰ
2775 4941 2885 4993 τῶν
2915 4941 3231 4994 ἀποστόλων
3260 4940 3459 5008 δοθεὶς,
3509 4941 3605 4995 καὶ⁵
3639 4940 3736 4994 νῦν
3769 4938 3857 4994 διὰ

602 5024 783 5080 diente
808 5025 1018 5096 longius
1051 5041 1301 5083 sermone
1334 5042 1365 5083 a
1401 5030 1557 5085 nobis
1586 5030 1908 5087 disseretur.
1965 5033 2071 5090 Sed
2105 5037 2171 5091 ad

2272 5033 2381 5088 τῶν
2435 5033 2598 5089 αὐτοῦ
2659 5035 2849 5106 ἱερέων
2897 5035 3042 5090 κατά
3096 5035 3195 5107 τὴν
3245 5036 3498 5091 Νικαέων
3550 5034 3856 5107 Γραφικαῖς

604 5116 942 5185 propositum
973 5116 1353 5174 ecclesiastica».
1387 5119 1629 5176 historia:
1659 5134 2039 5194 argumentum
2086 5144 2173 5182 re-

2278 5124 2604 5196 μαρτυρίαις
2651 5124 2977 5196 τρανωθεὶς,
3037 5127 3065 5179 ό
3120 5126 3500 5196 προσκυνητὸς
3558 5120 3716 5188 οὗτος
3762 5124 3857 5177 καὶ

606 5217 897 5272 vertamur,
928 5216 1231 5276 repetentes
1263 5224 1349 5275 ea,
1403 5213 1600 5280 quibus
1646 5212 1789 5269 Deus
1837 5217 2036 5285 populo
2073 5233 2172 5274 suo

2274 5214 2429 5283 ἆγιος
2451 5216 2549 5285 τῆς
2573 5216 2875 5287 ἀμωμήτου
2893 5217 3129 5281 πίστεως
3158 5218 3283 5287 ὅρος
3303 5232 3315 5246 ’
3344 5218 3469 5289 περὶ
3496 5213 3558 5272 οὗ
3586 5217 3848 5285 σαφέστε-

603 5297 934 5361 subveuerit,
958 5307 1011 5353 et
1044 5310 1305 5371 tyrannos
1332 5316 1363 5356 e
1401 5302 1580 5357 medio
1625 5304 1907 5359 sustulerit
1953 5322 2052 5376 per
2091 5308 2175 5364 di-

2275 5323 2367 5376 ρος
2400 5307 2530 5376 ἡμῖν
2589 5306 2848 5378 συνεργία
2905 5306 3007 5377 τῆς
3045 5306 3140 5360 τοῦ
3184 5305 3321 5360 Θεοῦ
3356 5308 3582 5377 χάριτος
3639 5305 3849 5377 προῖὼν

603 5400 799 5444 tectum
829 5405 1043 5445 servum
1076 5407 1231 5447 suum
1280 5394 1661 5463 imperatorem
1713 5395 2171 5457 Constantinum:

2274 5397 2593 5465 ἀποδείξειὸ
2619 5398 2797 5467 λόγος.
2834 5397 2973 5451 Ἀλλ’
3013 5399 3107 5452 ἐπὶ
3156 5398 3258 5468 τὴν
3295 5400 3670 5471 προκειμένην
3720 5400 3855 5469 ήμῖν

601 5498 762 5551 quam
794 5498 887 5551 per
909 5484 1156 5539 eumdem
1188 5500 1375 5553 pacem
1407 5486 1782 5542 conciliaverit
1813 5490 1927 5545 suis
1957 5490 2011 5545 in
2058 5501 2173 5548 toto

2272 5488 2371 5558 τῆς
2398 5487 2859 5559 ἐκκλησιαστικῆς
2880 5487 3121 5559 ἱστορίας
3150 5486 3408 5562 ῥπόθεσιν
3438 5488 3853 5557 ἐπανέλθωμεν,

601 5574 736 5628 orbe
762 5574 1033 5629 ecclesiis.
1068 5592 1101 5637 r
1134 5573 1298 5630 Solus
1335 5590 1566 5646 magnus
1588 5576 1876 5645 Dominus,
1911 5580 2004 5651 qui
2044 5580 2176 5637 facit

2276 5579 2708 5644 ἐπαναλαϐόντες
2726 5580 2795 5635 τὰ
2821 5579 2950 5653 περὶ
2964 5580 3065 5650 τῆς
3080 5580 3174 5633 τοῦ
3194 5580 3459 5650 βασιλέως
3481 5580 3616 5633 Θεοῦ
3658 5582 3740 5643 εἱς
3759 5580 3854 5632 τὸν

602 5662 877 5719 mirabilia
900 5679 1092 5736 magna
1122 5666 1276 5722 solus
1308 5666 1375 5731 ¹·⁷,
1406 5674 1461 5723 et
1499 5666 1901 5739 inscrutabilia,
1934 5687 2172 5745 quorum

2276 5674 2436 5730 αὐτὸν
2458 5672 2671 5748 [αὐτοῦ]
2698 5674 2826 5729 λαὸν
2851 5673 3225 5746 ἀντιλήψεως,
3253 5674 3350 5728 καὶ
3381 5673 3483 5745 τῆς
3510 5671 3619 5727 τῶν
3644 5670 3856 5742 τυράν-

682 5846 728 5876 ¹⁶
755 5849 767 5864 ‘
801 5844 904 5900 lsa.
946 5860 1002 5911 II,
1031 5847 1083 5901 5.
1167 5847 1207 5878 ¹⁷
1246 5847 1387 5903 Psal.
1421 5864 1614 5934 currv,
1655 5850 1707 5906 4.
