4154 6546
308 404 445 470 1213

1188 407 1558 469 HISTORIA
1598 398 1934 469 CONCILII
1976 412 2279 473 NIGENI.
2320 440 2391 451 -
2430 416 2577 475 LIB.
2615 417 2666 475 Ι.

3430 416 3563 480 1214

294 534 403 571 νων
422 518 804 588 καταστροφῆς
821 518 910 572 διά
930 518 1023 572 τοῦ
1041 519 1373 590 θεράποντος
1387 519 1553 573 αὑτοῦ
1574 521 1668 574 τοῦ
1688 521 1874 590 θεοφι-

1986 540 2088 579 non
2108 535 2189 579 est
2206 540 2468 580 numerus
2490 526 2561 580 ‘3:
2582 527 2676 595 qui
2698 542 2881 581 rerum
2904 529 3341 597 opportunitates
3358 542 3410 583 et
3427 541 3561 584 tem-

293 606 421 671 λοῦς
438 608 849 661 Κωνσταντίνου
865 609 959 662 τοῦ
974 609 1259 679 βασιλέως
1286 610 1355 680 ἢν
1372 610 1437 664 δι’
1454 611 1619 664 αὑτοῦ
1651 612 1876 683 εἰρήνην

288 697 668 767 ηὲπρυτάνευσε
689 702 807 762 ταῖς
828 700 967 753 κατά
1000 700 1098 771 τὴν
1119 702 1442 773 οἰκουμένην
1454 702 1618 756 αὐτοῦ
1653 703 1879 775 Ἐκκλη-

276 787 442 847 ισίαις
472 802 486 816 ο
533 804 568 837 «ι
595 785 652 840 Ὀ
676 788 831 854 μόνος
867 788 1036 858 μέγας
1073 789 1300 857 Κύριος,
1341 792 1370 842 6
1402 790 1570 842 ποιῶν
1601 790 1879 861 θαυμάσια

303 877 514 945 μεγάλα
542 878 702 947 μόνος
756 879 852 931 καὶ
886 879 1290 950 ἀνεξιχνίαστα,
1324 875 1399 934 ὧν
1439 882 1539 935 οὐκ
1578 882 1729 935 ἔστιν
1755 883 1878 953 ἀρι-

303 967 439 1037 θμός
460 984 474 996 ’
508 967 537 1019 6
560 968 788 1023 ἀλλοιῶν
820 972 1047 1041 καιροὺς
1071 973 1165 1025 καὶ
1199 973 1444 1043 χρόνους,
1480 974 1753 1043 μεθιστῶν
1780 975 1878 1044 βα-

300 1060 471 1123 σιλεῖς
507 1077 568 1112 τε
593 1060 689 1114 καὶ
719 1061 1017 1125 καθιστῶν,
1069 1063 1298 1134 ἐγείρων
1325 1064 1434 1116 ἀπὸ
1483 1065 1588 1133 γῆς
1634 1068 1878 1135 πτωχὸν,

301 1149 400 1202 καὶ
420 1149 527 1203 ἀπὸ
557 1150 790 1221 κοπρίας
814 1151 1035 1219 ἀνυψῶν
1075 1153 1285 1223 πένητα
1311 1177 1328 1197 ο
1361 1153 1578 1206 καθεῖλε
1610 1155 1877 1219 δυνάστας

302 1240 411 1293 ἀπὸ
438 1239 664 1309 θρόνων,
714 1243 807 1294 καὶ
847 1241 1029 1311 ῦψωσε
1074 1242 1397 1313 ταπεινούς⁶
1451 1245 1752 1309 πεινῶντας
1795 1249 1878 1299 ἐν·

304 1329 544 1400 έπλησεν
582 1330 821 1398 ἀγαθῶν,
855 1333 950 1385 καλ⁸
981 1332 1343 1398 πλουτοῦντας
1384 1336 1735 1401 ἐξαπέστειλε
1776 1354 1871 1390 κε-

302 1423 448 1486 νοὺς,
478 1423 573 1476 καὶ
588 1423 877 1494 βραχίονας
893 1425 1259 1496 ὑπερηφάνων
1277 1428 1597 1499 συνέτριψεν
1621 1445 1634 1459 ·
1657 1447 1676 1481 ι
1700 1432 1728 1483 6
1751 1429 1881 1482 θαυ-

304 1514 636 1584 ματουργὸς,
671 1517 699 1569 6
746 1516 1137 1588 μεγαλουργὺς,
1168 1522 1197 1571 6
1226 1519 1335 1575 τῶν
1354 1520 1491 1573 ὅλων
1524 1523 1819 1593 Δεσπότης,
1852 1523 1880 1574 6

300 1606 396 1659 τοῦ
420 1605 731 1675 σύμπαντος
755 1608 961 1678 κόσμου
980 1609 1173 1679 δημιου
1183 1611 1332 1680 ργὺς,
1350 1614 1378 1665 6
1406 1614 1820 1685 παντοκράτωρ,
1852 1616 1880 1666 6

304 1700 643 1769 πανάγαθος,
659 1702 689 1752 6
710 1696 791 1763 εἷς
815 1702 910 1755 καὶ
930 1704 1088 1772 μόνος
1107 1703 1237 1766 Θεός
1260 1720 1275 1735 ’
1308 1721 1326 1753 ι
1352 1698 1423 1775 τῼ
1443 1704 1502 1757 τὸ
1526 1705 1711 1759 καινὸν
1729 1701 1882 1776 ᾆσμα

302 1792 738 1862 ἀναπέμπωμεν,
772 1793 1282 1864 προσυπακούοντες
1303 1794 1380 1863 τῷ
1405 1794 1642 1847 ποιοῦντι
1662 1795 1877 1865 θαυμά-

1981 630 2116 685 pora
2150 624 2472 682 commutat,
2511 618 2603 685 qui
2630 617 2855 687 deponit
2885 634 3041 689 reges
3071 631 3124 674 ct
3158 623 3443 676 constituit
3477 624 3556 676 '9:

1982 706 2269 762 Snscitans
2289 721 2317 760 a
2339 718 2481 761 terra
2504 707 2719 777 inopem
2738 718 2790 763 et
2820 708 2887 763 de
2908 720 3155 766 stercore
3183 715 3400 783 erigens
3424 731 3561 785 pau-

1981 815 2165 869 perem
2187 800 2263 852 '°:
2293 798 2546 868 deposuit
2566 808 2819 868 potentes
2838 800 2905 854 de
2935 800 3083 868 sede,
3108 806 3438 859 etexaltavit
3458 809 3560 859 hu-

1985 891 2143 946 miles
2193 907 2221 944 a
2256 901 2400 945 terra
2446 908 2459 945 :
2504 892 2815 946 esurientes
2870 891 3113 959 implevit
3173 895 3352 959 bonis,
3390 907 3442 951 et
3475 897 3559 950 di-

1979 982 2119 1036 vites
2171 981 2382 1037 dimisit
2436 982 2627 1037 inanes
2663 983 2705 1013 ¹¹
2730 1021 2745 1047 ,
2782 998 2800 1033 ι
2833 990 2888 1035 et
2931 982 3152 1036 brachia
3199 988 3558 1055 superborum

1982 1074 2236 1128 contrivit
2280 1091 2293 1127 :
2332 1074 2421 1142 qui
2453 1083 2536 1128 est
2569 1089 2747 1127 rerum
2796 1073 3193 1127 admirabilium
3233 1076 3433 1142 opifex,
3467 1078 3558 1147 qui
3608 1086 3613 1089 ‘

1983 1180 2295 1234 magnarum
2341 1166 2692 1232 architectus,
2723 1166 2813 1235 qui
2863 1166 3237 1220 universorum
3277 1166 3557 1233 Dominus,

1980 1257 2072 1325 qui
2111 1257 2275 1311 totius
2308 1256 2493 1310 mundi
2523 1256 2844 1323 fabricator,
2870 1258 2960 1328 qui
3006 1258 3369 1325 omnipotens,
3416 1267 3560 1313 totus

1983 1346 2175 1412 bonus,
2219 1362 2361 1402 unus
2404 1358 2458 1401 et
2492 1349 2639 1404 solus
2683 1348 2846 1416 Dens,
2910 1350 2996 1403 cui
3040 1364 3236 1404 novum
3288 1348 3558 1403 canticum

1981 1448 2282 1504 cantemus,
2331 1439 2462 1493 illud
2500 1441 2761 1495 addentes
2796 1458 2811 1494 :
2847 1459 2868 1493 ι
2906 1440 2965 1493 Ei
2988 1442 3077 1508 qui
3135 1440 3263 1494 facit
3292 1439 3557 1493 mirabilia
3600 1504 3604 1507 γ

1984 1545 2179 1601 magna
2234 1532 2407 1594 solus,
2462 1532 2722 1599 quoniam
2769 1531 2822 1584 in
2870 1530 3123 1584 saeculum
3183 1530 3559 1585 misericordia

1983 1622 2139 1691 ejus:
2172 1622 2263 1689 qui
2293 1623 2564 1690 percussit
2607 1636 2763 1690 reges
2800 1637 3050 1690 magnos,
3082 1630 3135 1675 et
3157 1622 3355 1675 occidit
3398 1637 3559 1688 reges

1985 1711 2170 1779 fortes,
2197 1713 2451 1781 quoniam
2483 1713 2534 1766 in
2560 1712 2815 1766 saeculum
2843 1711 3215 1767 misericordia
3249 1712 3367 1781 ejus
3392 1730 3404 1765 :
3432 1713 3559 1780 quia

1988 1805 2042 1858 iu
2076 1806 2378 1859 humilitate
2409 1813 2593 1859 nostra
2642 1804 2955 1858 recordatus
3009 1812 3093 1857 est
3151 1804 3318 1858 nostri
3374 1804 3557 1857 Domi-

306 1901 397 1938 σια
427 1885 638 1954 μεγάλα
670 1885 844 1959 μόνῳ,
874 1886 954 1938 ὃτι
984 1888 1063 1949 εἰς
1084 1886 1176 1939 τὸν
1202 1886 1373 1940 αἰῶνα
1402 1887 1463 1939 τὸ
1498 1885 1646 1949 ἕλεος
1678 1887 1843 1939 αὐτοῦ
1865 1904 1877 1916 ·

1992 1895 2210 1948 nus".t
2267 1893 2347 1947 0b
2371 1894 2485 1948 haec
2507 1895 2687 1948 omnia
2719 1909 2991 1963 nunquam
3035 1892 3350 1947 desinamus
3414 1892 3560 1947 cele-

304 1976 383 2045 τῷ
409 1976 705 2042 πατάξαντι
758 1976 996 2046 βασιλεῖς
1029 1979 1296 2048 μεγάλους
1318 2017 1333 2041 ,
1366 1979 1460 2032 καὶ
1492 1978 1877 2031 ἀποκτείναντι

308 2066 545 2137 βασιλεῖς
568 2067 859 2139 κραταιούς
885 2086 898 2099 ⁸
924 2070 1005 2123 ὅτι
1026 2072 1105 2131 εἰς
1134 2069 1223 2121 τὸν
1254 2068 1424 2122 αἰῶνα
1443 2068 1502 2121 τὸ
1521 2067 1845 2132 ἕλεοςαύτοῦ
1864 2085 1877 2098 ·

304 2164 390 2216 ὅτι
412 2164 467 2215 ἐν
489 2165 557 2232 τῇ
573 2162 900 2216 ταπεινώσει
923 2162 1081 2232 ἡμῶν
1109 2164 1356 2235 ἐμνήσθη
1376 2164 1532 2235 ἡμῶν
1559 2166 1587 2217 6
1614 2163 1870 2235 Κύριος.)

316 2253 434 2323 Ἐφ’
482 2250 563 2316 οἷς
610 2254 815 2307 ἅπασιν
844 2254 1208 2324 ἀνυμνοῦντες
1266 2255 1342 2326 μὴ
1380 2255 1742 2325 διαλείψωμεν
1788 2256 1879 2308 τὸν

300 2343 413 2398 τῶν
459 2344 597 2398 ὅλων
625 2345 780 2412 Θεὸν,
806 2345 901 2398 καί⁸
934 2346 1024 2399 τὸν
1063 2346 1253 2400 τούτου
1290 2347 1556 2418 μονογενῆ
1589 2347 1720 2400 Υἰὸν
1766 2348 1872 2417 Ἰη-

305 2435 434 2489 σοῦν
464 2436 701 2504 Χριστὸν
734 2437 826 2489 τὸν
859 2436 1066 2509 Κύριον
1093 2438 1276 2509 ἡμῶν,
1311 2439 1403 2491 τὸν
1455 2440 1552 2493 σὺν
1590 2440 1667 2509 τῷ
1702 2438 1879 2508 ΙΙατρὶ

304 2528 522 2582 πάντων
552 2529 683 2597 ἡμῖν
700 2528 809 2581 τῶν
829 2528 1050 2596 ἀγαθῶν
1076 2529 1273 2594 αἴτιον,
1305 2530 1395 2584 τὸν
1426 2530 1527 2599 τῆς
1549 2529 1878 2598 θεογνωσίας

303 2618 471 2673 αὐτοῦ
494 2620 789 2691 εἰσηγητὴν
825 2621 1004 2691 ἡμῶν,
1038 2621 1128 2674 τὸν
1156 2624 1257 2691 τῆς
1287 2623 1366 2685 εἰς
1401 2622 1563 2675 αὑτὸν
1592 2621 1875 2686 εὐσεϐείας

300 2710 643 2774 διδάσκαλον,
698 2711 789 2763 τὸν
827 2711 934 2763 τῶν
978 2710 1193 2763 ἀσεϐῶν
1246 2710 1506 2783 ὀλετῆρα,
1555 2711 1647 2764 τὸν
1680 2727 1880 2782 τυραν-

303 2802 572 2865 νοκτόνον,
599 2802 691 2856 τὸν
711 2802 806 2855 τοῦ
842 2803 957 2873 βίου
986 2802 1301 2874 διορθωτὴν,
1333 2803 1425 2855 τὸν
1479 2803 1589 2856 τῶν
1633 2804 1879 2872 ἀπεγνω-

305 2894 521 2963 σμένων
550 2894 776 2964 Σωτῆρα
810 2894 1014 2964 Ἰησοῦν
1043 2895 1101 2946 ἐν
1132 2895 1211 2947 ἑνὶ
1230 2894 1457 2965 στόματι
1487 2896 1580 2948 καί⁴
1620 2897 1717 2967 μιᾷ
1741 2912 1879 2966 καρ-

302 2981 392 3052 δίᾳ
429 2982 625 3045 πάντες
662 2981 1007 3052 δοξάζωμεν·
1044 2984 1126 3035 ὅτι
1148 2982 1213 3052 δὴ
1238 2983 1419 3052 μόνος,
1451 2977 1541 3037 οἷα
1558 2984 1877 3049 παναγάθου

305 3071 515 3142 Πατρὸς
544 3071 852 3143 μονώτατος
910 3073 1170 3143 ὑπάρχων
1228 3073 1546 3142 πανάγαθος
1588 3076 1727 3139 Παῖς
1753 3116 1767 3139 ,
1818 3076 1878 3129 ἐν

290 3163 471 3235 βουλῇ
492 3164 590 3234 τῆς
605 3166 899 3235 πατρικῆς,
919 3165 1014 3218 καὶ
1039 3164 1255 3229 ἑαυτοῦ,
1290 3166 1385 3219 καὶ
1406 3166 1500 3218 τοῦ
1533 3167 1686 3235 ἁγίου
1704 3169 1878 3221 Πνεύ-

307 3271 478 3325 ματος
522 3255 938 3327 φιλανθρωπίας
963 3295 978 3317 ,
1038 3255 1149 3308 τῶν
1190 3255 1339 3309 κάτω
1376 3273 1481 3309 που
1523 3258 1793 3327 κειμένων
1822 3259 1878 3310 ἐν

305 3343 485 3415 φθορᾷ
512 3345 610 3414 τὴν
634 3346 912 3415 σωτηρίαν
938 3347 972 3414 η
983 3344 1098 3414 μῶν
1123 3345 1578 3416 προμηθούμενος
1600 3387 1615 3410 ,
1647 3343 1705 3401 εὖ
1737 3348 1881 3418 μάλα

301 3435 602 3506 προθύμως
620 3437 720 3507 τὴν
751 3437 1029 3506 ἡμετέραν
1068 3438 1265 3496 ὑποδὺς
1291 3438 1474 3506 φύσιν,
1504 3437 1761 3510 καθάπερ
1795 3458 1881 3505 τις

303 3528 527 3595 ἄριστος
583 3526 766 3596 ἰατρδς
808 3527 907 3589 τάς
934 3525 1222 3589 ἀσθενείας
1251 3527 1408 3596 ἡμῶν
1450 3527 1756 3594 ἀναλαϐὼν,
1789 3531 1882 3584 καὶ

304 3617 409 3680 τὰς
443 3617 633 3681 νόσους
688 3618 891 3687 φέρων,
950 3618 1044 3670 κα)⁸
1073 3617 1195 3671 τότε
1237 3618 1331 3671 καὶ
1364 3617 1451 3671 ἀεὶ
1490 3619 1766 3690 σωτηρίαν
1789 3622 1884 3674 καὶ

303 3708 450 3778 ζωὴν
502 3709 583 3779 τῷ
624 3709 732 3762 τῶν
759 3708 1060 3780 ἀνθρώπων
1116 3710 1525 3782 κατειργάσατο
1579 3712 1749 3781 γένει.
1785 3716 1885 3777 ’ος

302 3802 367 3874 δὴ
396 3803 648 3873 βασιλεὺς
678 3804 962 3872 βασιλέων,
991 3806 1084 3858 καὶ
1101 3805 1194 3858 τοῦ
1222 3806 1351 3859 ἰδίου
1374 3806 1504 3859 λαοῦ
1534 3808 1622 3861 ἀεὶ
1652 3825 1884 3879 προμη-

1990 1988 2148 2042 brare
2178 1985 2550 2041 universorum
2600 1985 2790 2049 Deum,
2822 1986 3156 2053 unigenitum
3206 1984 3322 2051 ejus
3360 1984 3556 2038 Filium

1986 2077 2168 2133 Jesum
2196 2077 2473 2132 Christum
2509 2076 2790 2129 Dominum
2823 2085 3085 2140 nostrum,
3124 2074 3270 2128 illum
3306 2091 3429 2129 cum
3456 2074 3561 2129 Pa-

1989 2176 2069 2222 tre
2102 2167 2341 2221 omnium
2379 2166 2646 2219 bonorum
2675 2162 2829 2217 nobis
2853 2173 3151 2227 auctorem,
3179 2163 3375 2217 divin:e
3402 2164 3558 2218 nobis

1988 2258 2311 2328 cognitionis
2337 2256 2636 2320 doctorem,
2665 2269 2810 2309 vera:
2840 2270 2966 2323 erga
2996 2254 3171 2323 ipsum
3206 2255 3419 2324 pietatis
3445 2270 3562 2309 ma-

1987 2350 2237 2421 gistrum,
2265 2348 2551 2418 impiorum
2604 2359 2937 2410 eversorem,
3020 2345 3421 2399 interfectorem
3474 2356 3560 2416 ty-

1991 2454 2308 2503 rannorum,
2333 2438 2463 2492 vitae
2493 2446 2692 2491 nostra:
2723 2437 3144 2496 moderatorem.
3200 2446 3254 2489 et
3312 2446 3559 2489 nostrum

1986 2532 2250 2595 omnium,
2277 2545 2399 2585 cum
2440 2530 2696 2597 rejectiet
2728 2528 2993 2597 repudiati
3024 2542 3270 2581 essemus
3294 2566 3309 2591 ,
3368 2526 3561 2581 Salva—

1990 2636 2156 2678 torem
2183 2621 2391 2684 Jesum,
2415 2635 2522 2675 uno
2580 2634 2768 2675 omnes
2796 2634 2913 2685 ore,
2936 2633 3167 2687 ,uuoque
3205 2618 3371 2673 corde
3424 2618 3563 2672 cele-

1988 2715 2241 2767 bremus:
2280 2713 2423 2780 quod
2460 2710 2608 2764 solus
2654 2719 2907 2778 tanquam
2964 2708 3153 2779 optimi
3207 2707 3386 2761 Patris
3421 2723 3561 2762 unus

1990 2806 2104 2874 ipse
2130 2804 2368 2873 optimus
2408 2800 2599 2867 Filius,
2632 2811 2881 2871 paterna,
2918 2815 3014 2854 sua
3048 2800 3219 2869 ipsius
3249 2808 3303 2853 et
3326 2795 3561 2867 Spiritus

1986 2898 2148 2951 etiam
2184 2895 2357 2949 sancti
2384 2892 2699 2956 clementia,
2732 2891 2892 2946 saluti
2923 2902 3142 2954 nostraz,
3200 2905 3322 2945 cum
3357 2891 3407 2943 in
3444 2905 3562 2959 pec-

1987 2998 2233 3042 catorum
2263 2984 2609 3054 corruptione
2631 2994 2687 3038 et
2709 2983 2959 3039 sordibus
2984 2984 3559 3052 jacerertiuskprospi-

1988 3078 2161 3143 ciens,
2202 3084 2452 3130 naturam
2482 3082 2722 3128 nostram
2757 3073 2989 3128 libenter
3019 3073 3290 3128 induerit:
3344 3083 3399 3127 et
3438 3081 3561 3126 tan-

1985 3186 2147 3241 quam
2180 3169 2415 3238 optimus
2437 3166 2677 3222 medicus
2719 3166 3088 3220 inlirmitatem
3118 3176 3359 3220 nostram
3388 3166 3564 3220 susci-

1989 3263 2161 3331 piens,
2194 3269 2250 3314 et
2274 3259 2492 3311 morbos
2523 3256 2797 3322 auferens,
2832 3265 2961 3310 tunc
2983 3265 3037 3309 et
3089 3272 3303 3327 semper
3328 3256 3560 3311 salutem

1989 3363 2044 3409 et
2075 3355 2240 3408 vitam
2269 3361 2456 3406 nostro
2489 3350 2670 3418 generi
2708 3350 3026 3403 restituerit.
3090 3350 3192 3415 Qui
3245 3364 3334 3403 rex
3372 3364 3558 3419 reg-nn

1986 3444 2165 3516 populi
2197 3444 2281 3498 sui
2310 3456 2497 3507 curam
2560 3455 2751 3508 agens,
2818 3439 3076 3493 dilectum
3122 3454 3339 3493 servum
3400 3454 3558 3492 suum

1986 3535 2400 3592 Constantinum
2430 3531 2649 3600 pietatis
2682 3544 2805 3599 erga
2834 3544 2893 3583 se
2922 3539 2975 3582 et
3004 3529 3123 3581 lidei
3174 3529 3343 3581 armis
3392 3528 3566 3582 muni-

1984 3640 2119 3693 tum,
2150 3629 2205 3682 in
2232 3626 2428 3696 impios
2460 3636 2744 3695 tyrannos,
2779 3623 3107 3676 Maxentium
3132 3622 3317 3675 Romae
3352 3630 3405 3673 cl
3444 3621 3565 3673 Ma-

1982 3722 2252 3776 ximinum
2283 3719 2336 3772 in
2369 3717 2615 3782 Oriente,
2643 3714 2970 3770 concitavit:
2997 3712 3191 3782 quibus
3223 3726 3319 3781 per
3352 3712 3500 3765 illum
3534 3725 3566 3765 e

1985 3811 2166 3867 medio
2192 3809 2443 3872 sublatis,
2480 3821 2747 3862 summam
2782 3814 2838 3860 et
2868 3803 3215 3873 tranquillam
3249 3815 3437 3872 pacem
3468 3816 3565 3871 po-

304 3894 586 3965 θούμενος,
619 3896 712 3948 τὸν
738 3897 888 3966 αὐτῷ
918 3896 1070 3965 φίλον
1111 3902 1202 3951 καὶ
1224 3898 1532 3969 θεράποντα
1560 3900 1689 3955 ἴδιον
1729 3904 1879 3957 Κων-

1988 3905 2113 3975 pulo
2137 3919 2237 3958 suo
2269 3900 2527 3956 reddidit.

304 3989 581 4040 σταντῖνον
612 3989 724 4050 τοῖς
749 3986 848 4055 τῆς
879 3987 959 4050 εἰς
986 3987 1147 4043 αὑτὸν
1186 3989 1467 4054 εὐσεϐείας
1498 3992 1592 4045 καὶ
1659 3993 1896 4058 πίστεως
1930 3995 2115 4058 ὅπλοις
2154 3994 2387 4065 φράξας,
2450 3992 2594 4047 κατὰ
2630 3989 2739 4042 τῶν
2770 3986 2981 4041 ἀσεϐῶν
3038 3984 3333 4057 τυράννων.
3366 3983 3473 4038 Τοῦ
3505 4002 3565 4039 τε

303 4076 448 4131 κατά
494 4076 716 4147 Ῥώμην
764 4078 1092 4145 Μαξεντίου,
1124 4082 1337 4135 καὶτοῦ
1383 4084 1521 4152 μετά
1561 4084 1659 4157 τὴν
1711 4088 2001 4160 Ἀνατολὴν
2039 4088 2350 4160 Μαξιμίνου
2406 4088 2817 4158 ἀνεγήγερκεν⁶
2886 4081 2978 4145 οὓς
3023 4082 3093 4134 δι’
3124 4077 3291 4132 αὑτοῦ
3335 4077 3563 4148 ἀνελὼν,

304 4170 537 4243 φαιδρὰν
575 4171 672 4226 καὶ
708 4171 931 4242 βαθεῖαν
959 4175 1183 4246 εἰρήνην
1214 4177 1293 4247 τῷ
1320 4179 1507 4251 οἰκείῳ
1547 4178 1661 4252 λαῷ
1686 4181 2049 4237 ἀποδέδωκεν.

910 4312 1161 4367 ΚΕΦΑΛ.
1219 4310 1274 4367 l'.

553 4422 696 4490 Περί
749 4421 861 4491 τῆς
894 4426 1169 4480 Λικινίου
1213 4428 1635 4496 κακοτροπίας.

2630 4310 2782 4368 CAP.
2809 4309 2879 4362 Χ.

2378 4428 2452 4483 De
2475 4428 2649 4496 pravis
2690 4424 2881 4477 Licinii
2914 4422 3171 4475 moribus.

374 4556 490 4611 Ούκ
519 4552 586 4628 ἦν
624 4557 680 4611 δέ
729 4558 857 4630 ἄρα,
888 4560 1053 4629 φησὶν
1082 4562 1110 4613 6
1142 4562 1430 4632 Παμφίλου
1475 4563 1759 4629 Εὐσέϐιος,
1799 4564 1877 4635 τῷ

2056 4563 2254 4617 Verum
2288 4562 2502 4616 invidia:
2535 4559 2824 4631 probitatis
2870 4556 3012 4611 hosti
3042 4555 3241 4626 (inquit
3300 4553 3563 4608 Eusebius

308 4650 583 4720 μισοκάλῳ
600 4650 801 4720 φθόνῳ,
824 4650 902 4721 τῷ
929 4668 988 4703 τε
1021 4652 1279 4719 φιλοπονή
1291 4670 1366 4723 ρῳ
1395 4655 1607 4724 δαίμονι
1642 4657 1883 4727 φορητὸς

304 4740 338 4811 ἡ
366 4741 472 4795 τῶν
493 4742 787 4813 ὁρωμένων
818 4742 914 4796 θέα
934 4760 947 4773 ·
984 4743 1172 4814 ὥσπερ
1194 4742 1286 4798 οὖν
1309 4745 1430 4798 οὐδὲ
1460 4747 1689 4818 Λικινίῳ
1721 4764 1885 4818 μετα-

303 4835 567 4903 τραπέντι
600 4837 898 4906 ἐτύγχανεν
928 4837 1174 4909 αὐτάρκη
1192 4839 1328 4911 πρὸς
1348 4837 1603 4911 σώφρονα
1627 4839 1886 4909 λογισμὸν

305 4925 373 4979 τὰ
402 4929 514 4990 τοῖς
552 4927 859 4998 ἔμπροσθεν
904 4928 1293 5001 δεδηλωμένοις
1308 4934 1592 5002 τυράννοις
1610 4932 1885 5003 συμϐεϐηο

307 5017 460 5071 κότα.
500 5019 595 5080 Ὃς
636 5015 695 5073 εὖ
732 5022 1042 5092 φερομένης
1067 5021 1217 5091 αύτῷ
1243 5023 1345 5093 τῆς
1381 5024 1577 5095 ἀρχῆς,
1604 5024 1703 5094 τῆς
1728 5023 1883 5095 βασι-

306 5105 446 5169 λέως
478 5106 717 5177 μεγάλου
744 5110 1155 5163 Κωνσταντίνου
1185 5111 1517 5183 δευτερεύων
1538 5112 1729 5184 τιμῆς,
1759 5114 1883 5169 ἐπι-

305 5198 587 5270 γαμϐρίας
635 5216 693 5252 τε
726 5200 819 5251 καὶ
878 5203 1165 5274 συγγενείᾳ
1209 5203 1547 5275 ἠξιωμένος,
1596 5208 1885 5279 μιμήσεως

313 5290 414 5360 μὲν
441 5291 542 5360 τῆς
565 5290 671 5341 τῶν
705 5290 887 5343 καλῶν
933 5292 1368 5362 ἀπελιμπάνετο,
1413 5298 1512 5367 τῆς
1542 5298 1598 5351 δὲ
1635 5299 1743 5352 τῶν
1763 5301 1886 5353 ἀσε-

309 5379 421 5433 ϐῶν
465 5382 748 5449 τυράννων
776 5381 1077 5453 μοχθηρίας
1107 5384 1299 5456 ἐζήλου
1346 5388 1444 5458 τὴν
1474 5391 1841 5460 κακοτροπίαν
1866 5407 1879 5420 ·

308 5470 403 5524 καὶ
457 5463 533 5525 ὧν
559 5469 653 5524 τοῦ
706 5470 823 5542 βίου
866 5472 965 5544 τὴν
1011 5478 1399 5548 καταστροφὴν
1452 5480 1662 5535 ἐπεῖδεν
1698 5483 1880 5546 αὐτοῖς

306 5561 606 5634 ὀφθαλμοῖς
632 5601 647 5628 ,
686 5563 892 5619 τούτων
916 5565 1146 5621 ἕπεσθαι
1177 5572 1244 5641 τῇ
1274 5568 1469 5644 γνώμῃ
1504 5573 1727 5640 μᾶλλον,
1752 5573 1784 5644 ἢ
1814 5576 1879 5645 τῇ

1990 4654 2261 4724 Pamphili
2284 4654 2352 4725 ¹³)
2379 4654 2668 4722 omnisque
2728 4650 3021 4720 impietatis
3080 4648 3280 4702 fautori
3343 4647 3564 4702 diabolo

1992 4762 2332 4817 nequaquam
2362 4747 2554 4800 harum
2581 4758 2765 4799 rerum
2801 4739 3167 4809 spectaculum
3220 4738 3560 4793 tolerandum

1989 4842 2310 4897 videbatur:
2344 4854 2521 4915 neque
2555 4837 2743 4891 itidem
2773 4833 2986 4889 Licinio
3009 4832 3157 4887 velut
3187 4831 3301 4901 jam
3331 4840 3560 4893 mutato,

1988 4950 2050 4988 ca
2076 4948 2194 5002 quae
2221 4931 2463 5003 tyrannis
2494 4929 2765 5000 prioribus
2790 4927 3116 4997 obtigerant,
3157 4923 3291 4979 satis
3331 4922 3559 4993 exempli

1990 5028 2056 5080 ad
2086 5025 2405 5080 modestiam
2442 5032 2494 5077 et
2527 5021 2693 5075 animi
2734 5020 3160 5075 moderationem
3211 5015 3561 5071 excolendam

1990 5120 2277 5173 dederunt.
2334 5116 2434 5182 Qui
2469 5131 2589 5170 cum
2627 5113 2854 5183 imperio
2889 5125 3146 5181 prospere
3196 5109 3484 5172 frueretur,
3510 5116 3564 5162 et

1992 5212 2258 5267 secundas
2286 5209 2337 5263 in
2370 5209 2575 5262 honore
2602 5217 2723 5275 post
2750 5205 3127 5275 imperatorem
3148 5200 3561 5272 Constantinum

1990 5303 2237 5373 Magnum
2265 5299 2554 5362 obtineret,
2580 5308 2635 5354 et
2678 5296 3058 5367 conjunctione
3108 5302 3268 5361 atque
3303 5290 3563 5345 allinitate

1989 5392 2105 5461 ejus
2134 5392 2325 5461 dignus
2360 5390 2575 5445 habitus
2625 5396 2768 5443 esset
2797 5402 2812 5439 :
2842 5384 3024 5438 relicta
3051 5390 3231 5436 tamen
3276 5378 3563 5451 pneclaro-

1990 5501 2107 5538 rum
2149 5482 2423 5537 hominum
2449 5481 2770 5545 imitatione,
2799 5478 3039 5548 perditos
3067 5476 3353 5545 impiorum
3374 5482 3560 5543 tyran-

1990 5589 2182 5627 norum
2211 5588 2387 5627 mores
2432 5572 2716 5627 aemulatus
2744 5580 2827 5625 est
2867 5586 2881 5623 :
2935 5577 2989 5623 et
3024 5580 3252 5637 quorum
3300 5564 3557 5618 miserum

381 5741 650 5819 "11911-3.
680 5744 752 5819 9_._
785 5743 1068 5819 _‘f‘_Euseb.
1094 5744 1241 5819 lib._i§
1274 5744 1416 5802 Hist.
1448 5748 1629 5803 eccles.
1659 5764 1776 5819 cap.
1812 5758 1857 5803 ι.
1936 5748 2143 5805 “’Psal.
2170 5764 2301 5816 exn,
2320 5749 2373 5804 7.
2448 5749 2489 5779 ²¹
2520 5745 2651 5801 Luc.
2682 5760 2721 5812 l,
2750 5744 2838 5808 5-2,
2874 5743 2961 5799 55.
3038 5744 3081 5775 ³⁸
3110 5740 3246 5797 Psal.
3276 5736 3548 5806 cxxxv,4,

313 5811 400 5878 17,
437 5813 521 5876 l8,
541 5812 629 5867 25.
709 5814 754 5845 ¹³
784 5812 902 5870 Lib.
938 5830 990 5879 δ,
1020 5830 1140 5885 cap.
1184 5816 1269 5869 18.
