4154 6560
613 428 748 493 1215

1875 423 2177 481 GELASll
2212 422 2554 482 CYZICENI

3737 416 3869 479 I216

608 544 733 594 vita:
762 538 964 593 exitum
1003 535 1178 591 oculis
1226 534 1625 603 conspexisset,
1677 548 1865 588 eorum
1914 534 2178 602 perditam

2303 530 2383 584 τοῦ
2414 531 2727 603 κρείττονος
2753 531 2907 604 φιλίᾳ
2933 548 2994 584 τε
3024 531 3120 584 καὶ
3148 530 3389 586 διαθέσει
3415 530 3680 602 ἐμμένειν
3701 530 3870 600 11606-

611 640 844 686 tneutem
882 627 1035 697 sequi
1061 625 1269 691 maluit,
1317 640 1480 694 quam
1533 625 1587 679 in
1648 624 2044 694 praestantioris
2081 623 2182 676 viri

611 723 848 777 amicitia
910 729 1073 788 atque
1159 716 1441 786 proposito
1508 727 1882 784 perseverare.
1976 712 2184 766 invidia

610 814 753 867 enim
785 820 971 866 contra
1001 808 1436 871 Constantinum,
1470 824 1498 861 a
1528 822 1635 876 quo
1664 805 1891 876 plurima
1922 804 2183 858 beneficia

613 904 843 972 accepit,
870 901 1260 962 inﬂammatus,
1287 898 1599 968 pestiferum
1627 907 1679 952 et
1719 897 1941 951 crudele
1990 894 2186 949 bellum

614 994 687 1048 illi
710 991 908 1047 infert:
942 1006 1049 1046 non
1081 1002 1288 1044 naturae
1314 989 1456 1057 leges
1484 986 1771 1049 reveritus,
1799 999 1904 1038 non
1952 983 2187 1054 jurisju-

612 1086 789 1150 randi,
814 1099 918 1138 non
942 1083 1239 1154 sanguinis,
1266 1096 1369 1135 non
1394 1079 1658 1134 fmderum
1685 1078 2018 1134 recordatus.
2045 1076 2193 1130 Cou-

614 1176 886 1232 stantinus
929 1174 1071 1228 enim
1106 1183 1361 1241 tanquam
1390 1171 1626 1239 optimus
1655 1170 1925 1239 princeps,
1980 1183 2088 1238 quo
2136 1168 2187 1222 in

614 1284 738 1321 eum
787 1266 931 1320 clara
982 1280 1125 1319 vera:
1175 1262 1562 1317 benevolentia:
1606 1261 1800 1315 indicia
1851 1259 2187 1325 ostenderet,

616 1375 768 1413 suam
806 1358 975 1425 ipsius
1061 1354 1376 1408 afﬁnitatem
1414 1353 1488 1407 illi
1546 1368 1650 1407 non
1690 1353 1904 1417 invidit,
1952 1352 2191 1406 illustres

618 1450 835 1519 nuptias
881 1449 1085 1503 sororis
1120 1446 1193 1502 illi
1237 1461 1340 1501 non
1373 1446 1677 1516 denegavit.
1723 1443 1789 1498 Et
1823 1452 1942 1513 post
1974 1458 2183 1512 pauca:

619 1542 726 1597 Sed
760 1542 952 1610 impius
978 1539 1219 1595 Licinius
1243 1539 1515 1594 contraria
1548 1538 1634 1593 his
1653 1537 1720 1591 ad
1748 1535 1978 1599 mittere,
2002 1548 2194 1589 omnes

619 1632 896 1688 machinas
955 1629 1197 1701 quotidie
1251 1639 1443 1685 contra
1489 1627 1917 1699 praestantiorem
1976 1624 2192 1695 excogi-

618 1734 757 1786 tare,
786 1738 975 1778 omnes
1037 1721 1356 1778 insidiarum
1409 1721 1524 1777 vias
1577 1719 1772 1775 investi
1829 1733 1960 1790 gare
1989 1717 2188 1785 cmpit,

620 1825 680 1869 ut
737 1829 834 1884 pro
902 1814 1128 1868 summis
1189 1810 1469 1867 beneficiis
1534 1809 1795 1864 maleficia
1853 1810 2193 1877 rependeret.

2292 621 2440 675 λετο.
2480 622 2870 693 Διαφθονηθεὶς
2902 622 3191 693 τοιγαροῦν
3231 621 3311 691 τῷ
3337 621 3738 693 πανευεργέτῃ,
3770 621 3870 675 πό-

2292 708 2461 780 λεμον
2508 710 2720 782 δυσαγῆ
2770 711 2865 765 καὶ
2901 711 3208 765 δεινότατον
3240 710 3380 781 πρὸς
3405 711 3572 764 αὐτὸν
3620 709 3877 779 ἐκφέρει,

2293 799 2353 851 ού
2398 799 2615 867 φύσεως
2644 800 2823 869 νόμων
2857 799 3207 869 φεισάμενος,
3237 800 3334 869 οὐχ
3361 799 3743 869 ὁρκωμοσιῶν,
3775 798 3873 869 οὐχ

2294 888 2547 958 αἵματος,
2584 889 2644 941 ού
2692 888 2977 960 συνθηκῶν
3024 890 3247 959 μνήμην
3297 890 3355 941 ἐν
3403 888 3612 959 διανοίᾳ
3665 886 3909 957 λαϐώνμ

2304 979 2363 1033 .0
2426 980 2525 1050 μὲν
2596 981 2707 1051 γὰρ
2785 979 2935 1052 αὐτῷ
2969 1019 2983 1044 ,
3039 975 3129 1034 οἷα
3179 979 3493 1049 πανάγαθος
3561 979 3821 1050 βασιλεὺς
3852 1021 3869 1046 9

2294 1072 2506 1135 εὐνοίας
2574 1073 2835 1143 παρέχων
2902 1072 3137 1143 ἀληθοῦς
3202 1066 3453 1143 ’σύμϐολα
3481 1113 3498 1137 ,
3551 1071 3874 1141 συγγενείας

2293 1164 2393 1233 τῆς
2453 1163 2593 1233 πρὸς
2642 1163 2806 1217 αὑτὸν
2879 1164 2982 1217 οὐκ
3040 1162 3339 1233 ἐφθόνησε,
3392 1162 3589 1234 γάμων
3631 1179 3691 1215 τε
3738 1162 3873 1231 λαμ-

2295 1254 2450 1326 πρῶν
2503 1254 2740 1325 ἀδελφῆς
2800 1255 3095 1325 μετουσίαν
3157 1256 3257 1307 οὐκ
3323 1256 3703 1324 ἁπηρνήσατο.
3766 1254 3875 1307 Kal

2298 1346 2417 1417 μεθ’
2478 1346 2671 1418 ἔτερα·
2718 1346 2881 1400 Ἀλλὰ
2935 1346 3145 1411 τούτοις
3190 1339 3452 1401 τάναντία
3500 1346 3741 1409 Λικίνιος
3800 1346 3877 1399 δι-

2295 1438 2620 1510 επράττετο,
2650 1437 2912 1500 παντοίας
2954 1437 3228 1509 ὁσημέραι
3258 1437 3404 1491 κατὰ
3430 1437 3527 1491 τοῦ
3567 1436 3881 1507 κρείττονος

2299 1531 2550 1602 μηχανὰς
2596 1530 3039 1602 ἐπιτεχνώμενος
3091 1533 3120 1584 ό
3185 1530 3476 1601 μισόθεος,
3548 1530 3755 1593 πάντας
3815 1544 3878 1581 τε

2294 1620 2525 1674 ἐπινοῶν
2543 1619 2841 1691 ἐπιϐουλῆς
2865 1620 3124 1692 τρόπους,
3140 1619 3216 1684 ὡς
3248 1618 3314 1673 ἂν
3334 1620 3524 1683 κακοῖς
3541 1619 3635 1673 τὸν
3650 1618 3883 1689 εὐεργὲ-

2293 1731 2395 1784 την
2415 1713 2737 1786 ἀμείψηται.
2766 1711 2863 1777 Οἷς
2902 1714 3145 1781 ἐπιλέγει
3170 1730 3185 1745 ·
3218 1711 3310 1782 Τῷ
3337 1713 3396 1767 δὲ
3421 1707 3492 1784 ἦν
3534 1712 3644 1782 ἄρα
3682 1712 3711 1766 ὸ
3743 1710 3891 1775 Θεὸς

2296 1806 2472 1874 φίλος,
2515 1805 2772 1877 κηδεμὼν
2828 1805 2926 1861 καὶ
2979 1804 3175 1875 φύλαξ,
3227 1804 3307 1875 τῷ
3353 1803 3747 1875 Κωνσταντίνῳ
3792 1803 3893 1855 u.

620 1906 825 1971 Quibus
882 1905 998 1959 baro
1058 1903 1278 1973 insuper
1340 1903 1487 1957 addit
1544 1918 1560 1958 :
1613 1902 1811 1956 Verum
1875 1901 2015 1957 Deus
2070 1902 2195 1957 huic

2303 1915 2430 1968 γων,
2463 1899 2524 1963 δς
2576 1899 2725 1971 αὐτῷ
2779 1899 2880 1965 τὰς
2932 1901 2992 1953 ἐν
3035 1900 3336 1971 ἀπορρήτῳ
3390 1897 3488 1952 καὶ
3534 1897 3720 1951 σκότει
3768 1912 3884 1966 μη-

623 1993 996 2062 (Cuustautino
1045 1991 1330 2062 inquiens)
1388 1992 1596 2047 amicus
1637 1991 1759 2059 fuit,
1812 2001 2032 2047 curator
2071 1990 2190 2061 ejus

623 2099 674 2141 et
720 2095 941 2153 custos,
976 2085 1067 2152 qui
1114 2084 1341 2139 insidias
1389 2085 1442 2139 in
1488 2085 1702 2138 occulto
1752 2093 1807 2139 et
1857 2085 2093 2139 tenebris
2143 2085 2193 2141 ei

623 2194 653 2229 ιι
692 2188 919 2246 tyranno
978 2184 1347 2240 comparatas,
1402 2175 1454 2230 in
1507 2174 1679 2229 lucem
1729 2175 1986 2243 produxit
2030 2186 2195 2245 atque

624 2266 903 2337 patefecit.
958 2264 1191 2319 Tantum
1245 2274 1430 2319 sancta
1463 2266 1682 2334 pietatis
1711 2281 1860 2320 arma
1898 2267 1964 2320 ad
2006 2265 2195 2335 depul.

624 2360 829 2412 sionem
863 2357 1123 2421 hostium,
1177 2364 1230 2408 et
1260 2357 1325 2408 ad
1365 2354 1556 2408 salutis
1596 2355 1759 2407 etiam
1820 2362 2019 2407 nostra:
2070 2367 2194 2420 pro-

623 2447 1009 2518 pugnationem
1045 2445 1283 2516 praesidii
1316 2446 1554 2500 habent:
1592 2446 1786 2512 quibus
1816 2445 2196 2520 sanctissimus

625 2539 921 2606 imperator
968 2547 1154 2592 noster
1210 2537 1469 2605 prazclare
1521 2549 1728 2605 sepius,
1784 2537 2109 2602 multiplices
2143 2545 2195 2591 et

625 2633 850 2685 callidas
879 2629 1240 2685 exsecrabilis
1273 2629 1449 2684 hostis
1491 2628 1715 2681 insidias
1762 2627 1945 2682 divino
1993 2628 2195 2683 auxilio

627 2722 831 2792 elfugit.
886 2721 1131 2775 Licinius
1181 2720 1380 2775 deinde
1432 2720 1521 2774 ubi
1552 2718 1919 2775 clandestinos
1970 2728 2196 2773 conatus

624 2830 751 2868 suos
788 2815 1096 2883 neutiquam
1127 2827 1195 2866 ex
1222 2810 1391 2866 animi
1426 2811 1693 2867 sententia
1739 2808 2031 2865 succedere
2065 2810 2198 2865 vidit

626 2907 795 2975 (Deus
825 2906 965 2959 enim
998 2920 1210 2959 omnem
1252 2903 1432 2958 dolum
1465 2918 1527 2956 ac
1555 2901 1819 2956 fallaciam
1850 2902 1937 2970 pio
1969 2903 2199 2972 impera-

640 2996 741 3048 tori
782 2995 1119 3065 aperuerat),
1162 3009 1260 3047 nec
1298 3002 1479 3061 posset
1522 2991 1752 3060 amplius
1787 2991 1996 3052 facinus
2038 3007 2194 3046 suum

630 3086 836 3148 celare,
868 3085 1064 3139 bellum
1097 3084 1269 3152 palam
1318 3092 1497 3137 movet
1548 3098 1562 3134 :
1610 3097 1674 3136 ac
1720 3083 1846 3137 dum
1882 3097 2003 3135 cum
2051 3080 2197 3136 Con-

629 3178 869 3231 stantino
920 3177 1119 3231 bellum
1175 3174 1452 3242 suscipere
1504 3174 1812 3238 constituit,
1865 3173 1978 3243 jam
2032 3174 2195 3227 etiam

626 3280 818 3324 contra
854 3269 1226 3323 universorum
1271 3267 1440 3320 Deum
1489 3265 1837 3321 Constantini
1886 3267 2195 3334 custodem,

627 3375 898 3431 quemque
951 3368 1107 3415 norat
1154 3358 1568 3414 Constantinum
1621 3357 1834 3422 colere,
1886 3359 2057 3412 aciem
2114 3360 2199 3411 in-

627 3463 841 3507 struere
872 3451 1107 3505 instituit
1137 3465 1152 3503 :
1192 3461 1245 3505 et
1281 3452 1348 3505 ab
1383 3466 1447 3505 eo
1489 3461 1730 3519 tempore
1781 3450 1899 3520 pios
1955 3450 2200 3513 homines

630 3544 858 3610 imperio
885 3557 981 3596 suo
1008 3543 1254 3598 subditos
1284 3544 1480 3597 misere
1514 3540 1749 3595 vexavit.
1806 3541 1871 3594 Et
1926 3553 2048 3611 post
2093 3542 2200 3597 alia

629 3635 874 3703 quaedam
908 3650 922 3685 :
959 3633 1146 3689 Modus
1172 3643 1351 3688 autem
1384 3643 1440 3687 et
1467 3634 1608 3687 ratio
1638 3632 1804 3686 caedis
1827 3647 1931 3701 qua
1963 3647 2055 3686 eos
2084 3648 2203 3702 per-

630 3731 760 3781 dere
785 3727 1083 3793 consuluit,
1112 3727 1397 3797 peregrina
1436 3725 1563 3790 fuit,
1617 3734 1671 3779 et
1719 3734 1873 3778 antea
1927 3739 2200 3793 nunquam

633 3819 741 3872 nlla
796 3819 1114 3875 saeculorum
1157 3819 1420 3872 memoria
1481 3816 1690 3870 audita.
1745 3815 1877 3870 Nam
1928 3818 2201 3870 Amasiam

633 3921 687 3963 et
737 3911 974 3978 reliquas
1034 3908 1188 3963 Ponti
1235 3908 1503 3973 civitates,
1564 3908 1783 3975 quantis
1834 3906 1992 3961 malis
2041 3904 2202 3975 aﬂligi

629 4002 811 4071 jussit,
841 4016 1057 4054 omnem
1087 4000 1531 4067 exsuperantiam
1579 3998 1915 4054 crudelitatis
1966 4008 2203 4065 superat.

636 4092 751 4147 Illic
786 4108 851 4146 ex
881 4092 1125 4147 ecclesiis
1156 4092 1247 4145 Dei
1280 4090 1417 4146 alias
1454 4091 1649 4158 dejecit
1682 4098 1738 4144 et
1789 4089 1905 4146 solo
1958 4090 2206 4158 adaequa-

646 4184 743 4245 vit,
784 4182 918 4236 alias
951 4182 1160 4236 occludi
1189 4180 1374 4251 jussit,
1428 4195 1495 4235 ne
1549 4181 1834 4249 quisquam
1886 4192 2071 4232 eorum
2115 4175 2205 4247 qui

636 4289 730 4327 eas
760 4271 1105 4344 frequentare
1145 4281 1520 4336 consueverat,
1574 4286 1641 4326 eo
1671 4277 2032 4328 commearet.
2070 4282 2206 4321 neve

638 4366 846 4419 debitos
878 4364 1056 4418 cultus
1086 4373 1142 4419 et
1172 4374 1292 4418 vota
1318 4364 1426 4419 Deo
1465 4365 1734 4419 redderet.
1765 4363 1879 4417 Non
1920 4364 2067 4417 enim
2102 4377 2200 4432 pro

636 4474 695 4516 se
744 4458 832 4511 illa
882 4456 999 4511 ﬁeri
1050 4457 1399 4512 existimabat
1453 4458 1751 4527 (quomodo
1829 4458 1973 4511 enim
2050 4456 2210 4510 aliter

2292 1990 2615 2060 χανωμένας
2660 1991 2767 2044 ὑπὸ
2820 1990 2914 2044 τοῦ
2977 1991 3244 2061 τυράννου
3299 1988 3597 2052 ἐπιϐουλὰς
3639 1989 3723 2052 είς
3760 1988 3881 2057 φῶς

2293 2081 2441 2149 ἄγων
2465 2082 2733 2151 διήλεγχε.
2758 2082 3028 2135 Τοσοῦτον
3060 2082 3265 2153 ἀρετῆς
3287 2079 3505 2152 [ἀρετὴ]
3532 2081 3593 2134 τὺ
3618 2079 3759 2150 μέγα
3779 2080 3885 2151 τῆς

2296 2172 2611 2236 θεοσεϐείας
2664 2175 2827 2228 ὅπλον
2887 2175 3028 2245 πρὸς
3086 2176 3302 2244 ἄμυναν
3365 2174 3464 2244 μὲν
3520 2172 3753 2246 ἐχθρῶν,
3800 2174 3889 2225 οι-

2294 2265 2447 2329 κείας
2478 2266 2533 2319 δὲ
2560 2266 2806 2338 φυλακὴν
2850 2266 3128 2337 σωτηρίας
3163 2267 3360 2337 ἰσχύει.
3408 2260 3478 2338 ᾯ
3515 2267 3580 2335 δὴ
3637 2283 3885 2336 πεφραγο

2299 2357 2460 2426 μένος
2505 2360 2532 2410 ὁ
2566 2358 2976 2425 θεοφιλέστατος
3022 2358 3181 2428 ήμῶν
3227 2359 3487 2428 βασιλεὺς
3537 2361 3888 2411 Κωνσταντί-

2295 2462 2404 2509 νος,
2436 2449 2502 2516 τῇ
2551 2448 2616 2499 ἐκ
2672 2446 2767 2499 τοῦ
2831 2446 2965 2499 Θεοῦ
3014 2445 3238 2517 βοηθείᾳ
3282 2446 3380 2508 τὰς
3413 2445 3508 2498 τοῦ
3559 2442 3889 2512 δυσωνύμου

2294 2538 2666 2599 πολυπλόκους
2713 2538 3009 2601 ἐπιϐουλὰς
3058 2539 3449 2609 διεδίδρασκεν.
3494 2538 3552 2591 ὐ
3586 2538 3643 2591 δὲ
3684 2536 3892 2606 τύραν-

2294 2646 2385 2693 νος
2412 2630 2510 2698 τὴν
2540 2629 2804 2699 λαθραίαν
2857 2628 3132 2697 συσκευὴν
3172 2628 3247 2691 ὡς
3277 2627 3531 2697 οὐδαμῶς
3574 2625 3721 2695 ἐώρα
3740 2625 3895 2678 κατὰ.

2296 2719 2521 2791 γνώμην
2568 2719 2891 2791 χωροῦσαν·
2945 2719 3040 2773 τοῦ
3076 2719 3215 2772 Θεοῦ
3262 2721 3440 2774 πάντα
3489 2719 3641 2772 δόλον
3684 2735 3752 2770 τε
3789 2718 3902 2770 καὶ·

2300 2810 2653 2883 ῥᾳδιουργίαν
2702 2809 2779 2877 τῷ
2821 2809 3063 2878 θεοφιλεῖ
3093 2808 3305 2879 βασιλεῖ
3334 2808 3639 2879 κατάφωρα
3669 2806 3896 2861 ποιοῦν-

2296 2918 2423 2966 τος·
2465 2904 2567 2955 οὐκ
2601 2901 2683 2955 ἐτι
2726 2896 2838 2965 οἶός
2880 2918 2940 2954 τε
2983 2899 3059 2954 ὢν
3115 2899 3575 2972 ἐπικρύπτεσθαι,
3631 2898 3893 2971 προφανῆ

2297 2994 2534 3064 πόλεμον
2568 2996 2805 3065 αἱρεῖται
2831 3008 2845 3023 ⁸
2892 2992 3059 3063 ὁμόσε
3093 2992 3228 3063 δῆτα
3287 2991 3682 3062 Κωνσταντίνῳ
3724 2990 3897 3044 πολε-

2302 3087 2424 3155 μεῖν
2442 3084 2714 3151 διαγνοὺς,
2743 3083 2843 3154 ἤδη
2878 3083 2971 3137 καὶ
3015 3083 3158 3137 κατὰ
3184 3082 3279 3137 τοῦ
3323 3082 3460 3137 Θεοῦ
3496 3084 3604 3136 τῶν
3632 3083 3769 3136 ὅλων
3809 3084 3907 3145 ὡς

2301 3175 2543 3246 φρουροῦ
2574 3174 3011 3234 Κωνσταντίνου.
3059 3174 3119 3227 ὃν
3149 3175 3422 3244 ἠπίστατο
3462 3174 3645 3229 σέϐειν
3698 3173 3892 3237 αὐτὸν,

2301 3266 2748 3336 παρατάττεσθαι
2782 3264 3077 3337 ὦρμηται’
3136 3265 3375 3319 κᾶπειτα
3431 3264 3560 3329 τοὺς
3593 3265 3684 3317 ὑπ’
3736 3262 3900 3333 αὐτῷ

2302 3356 2570 3421 θεοσεϐεῖς
2604 3357 2824 3427 ἤλαυνε.
2874 3356 2985 3410 Καὶ
3003 3356 3135 3427 μεθ’
3159 3356 3324 3428 ἕτερα
3343 3373 3357 3387 ·
3386 3357 3496 3409 Καὶ
3531 3358 3560 3409 ὁ
3590 3355 3794 3426 τρόπος
3829 3355 3893 3408 δὲ

2299 3450 2394 3503 τοῦ
2420 3449 2542 3505 κατ’
2570 3449 2749 3504 αὐτῶν
2779 3449 2939 3519 φόνου
2979 3448 3130 3515 ξένος
3177 3466 3260 3513 τις
3292 3444 3391 3520 ἦν,
3440 3448 3537 3502 καὶ⁸
3572 3442 3686 3511 οἷος
3733 3448 3907 3501 068$-

2302 3540 2523 3595 πώποτε
2552 3540 2822 3611 ἠκούσθη.
2848 3540 2961 3603 Τὰς
2995 3538 3127 3608 γοῦν
3164 3540 3309 3611 ἀμφὶ
3332 3541 3431 3612 τὴν
3469 3542 3765 3610 Ἀμάσειαν
3792 3542 3899 3595 καὶ

2305 3633 2407 3696 τὰς
2435 3633 2635 3696 λοιπὰς
2663 3632 2758 3685 τοῦ
2793 3632 3001 3686 Πόντου
3052 3631 3237 3695 πόλεις
3278 3633 3424 3696 ὅσοις
3462 3634 3656 3695 κακοῖς
3704 3631 3896 3696 πιέζεο

2308 3726 2433 3779 σθαι
2456 3725 2783 3796 προσέταξε,
2818 3726 3002 3779 πᾶσαν
3053 3725 3361 3797 ὑπερϐολὴν
3396 3725 3679 3795 ὠμότητος
3718 3726 3893 3798 ὑπερ-

2312 3816 2619 3893 ηκόντισεν.
2650 3814 2819 3869 Ἔνθα
2843 3815 2953 3868 τῶν
2982 3815 3289 3887 ἐκκλησιῶν
3320 3815 3416 3869 τοῦ
3444 3816 3580 3870 Θεοῦ
3603 3818 3661 3871 αἱ
3688 3817 3787 3887 μὲν
3824 3816 3891 3883 ἐξ

2307 3907 2476 3976 ὕψους
2508 3909 2587 3969 εἰς
2624 3906 2822 3975 ἔδαφος
2850 3902 3005 3969 αὖθις
3047 3906 3495 3979 κατερρίπτοντο,
3521 3908 3621 3972 τὰς
3661 3908 3720 3961 δὲ
3753 3908 3891 3963 ἁπο-

2306 3997 2582 4051 κλείεσθαι
2607 3995 2929 4064 ἐκέλευσεν,
2966 3996 3043 4061 ὡς
3093 3997 3160 4052 ἂν
3193 3997 3269 4069 μὴ
3298 3998 3583 4067 συνάγοιτό
3644 4016 3731 4063 τις
3779 4000 3901 4055 τῶν-

2306 4088 2596 4153 είωθότων,
2641 4088 2775 4158 μηδὲ
2819 4089 2896 4159 τῷ
2940 4088 3060 4160 Θεῷ
3082 4089 3181 4155 τὰς
3222 4090 3579 4161 ὀφειλομένας
3632 4091 3891 4162 λατρείας

2312 4182 2407 4237 καὶ
2431 4182 2597 4252 εὐχὰς
2629 4180 2946 4238 ἀποδίδωσι.
2975 4181 3363 4244 ,Συντελεῖσθαι
3406 4183 3518 4254 γὰρ
3554 4184 3651 4254 οὐχ
3701 4185 3905 4254 ήγεῖτα

2318 4272 2457 4344 ὑπὲρ
2498 4272 2663 4326 αὐτοῦ
2706 4273 2914 4327 ταῦτα’
2957 4274 3075 4337 πῶς
3103 4273 3212 4345 γὰρ
3235 4268 3347 4327 οἷόν
3375 4292 3436 4327 τε
3464 4271 3543 4347 ’ἦν
3595 4275 3754 4329 τοῦτο
3792 4276 3886 4329 ἐν-

2309 4367 2449 4419 νοεῖν
2479 4365 2569 4418 τὺν
2599 4364 2886 4436 μισόθεονς
2932 4364 3123 4435 φαύλῳ
3162 4367 3425 4420 συνειδότι
3467 4365 3626 4421 τοῦτο
3670 4367 3887 4435 λογιζό-

2314 4473 2509 4525 μενος,
2539 4457 2677 4528 ὑπὲρ
2713 4457 2769 4510 δέ
2814 4457 3228 4511 Κωνσταντίνου
3268 4458 3365 4511 τοῦ
3413 4458 3697 4528 θεοφιλοῦς
3727 4459 3886 4529 βασι-

640 4552 879 4619 rogitare
920 4550 1097 4618 potuit
1145 4550 1235 4619 qui
1290 4549 1457 4602 Deum
1488 4549 1625 4615 odit,
1674 4564 1836 4617 prava
1873 4548 2199 4603 conscientia

2316 4547 2455 4610 λέως
2490 4548 2753 4620 πράττειν
2791 4549 2959 4619 ἡμᾶς,
3010 4549 3105 4603 καὶ
3158 4548 3250 4603 τὸν
3278 4549 3410 4603 Θεὸν
3449 4549 3720 4604 ίλεοῦσθαι
3753 4549 3887 4603 ἐπέ-

643 4641 770 4694 illud
791 4654 975 4694 secum
1005 4640 1120 4710 ipse
1152 4652 1405 4710 reputans
1424 4640 1491 4707 7),
1524 4641 1615 4695 sed
1642 4655 1740 4695 nos
1762 4655 1860 4709 pro
1882 4639 2210 4708 imperatore

640 4731 730 4801 pio
788 4731 1142 4787 Constantino
1191 4734 1371 4787 omnia
1428 4748 1613 4803 agere,
1662 4740 1716 4786 et
1768 4729 1936 4786 Deum
1995 4732 2212 4801 placare

643 4837 961 4891 persuasum
1010 4824 1261 4879 habebat.
1316 4822 1430 4877 llac
1469 4825 1655 4890 itaque
1690 4823 1946 4893 opinione
1975 4825 2214 4879 concita-

644 4927 749 4977 tus,
783 4930 996 4971 omnem
1031 4916 1228 4970 furoris
1259 4916 1340 4969 sui
1373 4916 1633 4983 impetum
1668 4915 1720 4969 in
1753 4930 1851 4970 nos
1896 4915 2213 4985 intorquere

641 5007 847 5061 statuit.
897 5004 962 5061 Et
1011 5007 1170 5075 paulo
1228 5016 1351 5077 post
1399 5021 1415 5059 :
1476 5007 1626 5061 Multi
1661 5007 2037 5078 episcoporum
2095 5009 2213 5065 sine

639 5114 801 5154 causa
830 5099 1237 5170 abripiebantur
1276 5098 1343 5154 ad
1370 5099 1715 5169 supplicium,
1744 5108 1799 5154 et
1842 5101 2207 5170 puniebantur

644 5202 896 5261 tanquam
925 5192 1128 5258 sicarii,
1168 5193 1257 5262 qui
1292 5193 1423 5246 nihil
1457 5193 1581 5246 mali
1631 5193 2056 5261 commiserant;
2116 5210 2214 5248 no-

644 5300 770 5337 vum
810 5284 1000 5339 mortis
1028 5300 1198 5353 genus
1249 5284 1549 5339 subibant:
1603 5298 1832 5353 corpora
1870 5298 2057 5338 eorum
2098 5287 2212 5354 pri-

644 5389 787 5427 mum
846 5373 1022 5443 gladio
1076 5374 1129 5427 in
1182 5376 1377 5428 multas
1435 5373 1728 5443 particulas
1778 5374 2211 5442 dissecabantur,

642 5462 837 5516 deinde
872 5472 992 5531 post
1039 5464 1255 5518 crudele
1293 5464 1419 5517 illud
1468 5474 1522 5518 et
1554 5464 1882 5519 horrendum
1928 5475 2215 5533 spectacu-

642 5552 753 5606 lum
783 5553 835 5605 in
866 5555 1004 5608 altos
1052 5556 1218 5608 maris
1251 5556 1515 5624 gurgites,
1570 5571 1677 5625 quo
1708 5572 1735 5610 a
1777 5555 2016 5626 piscibus
2047 5556 2213 5611 devo-

644 5654 911 5707 rarentur,
968 5644 1378 5714 abjieiebantur.
1447 5648 1527 5701 Ad
1576 5649 1692 5701 hmo
1752 5663 1942 5703 rursus
1995 5649 2210 5718 piorum

642 5735 879 5788 outnium
920 5736 1077 5805 fugce,
1110 5736 1345 5790 virorum
1376 5739 1583 5807 pariter
1622 5747 1677 5793 et
1724 5740 2011 5794 mulierum
2050 5748 2213 5808 atque

645 5827 809 5883 ctiam
859 5827 1186 5883 infantium:
1245 5840 1296 5883 ct
1348 5846 1414 5885 ex
1449 5831 1540 5886 Dcl
1576 5833 1746 5887 servis
1797 5832 1886 5888 alii
1941 5834 1991 5888 itt
2029 5849 2207 5903 agros,

2312 4657 2520 4694 πειστο.
2553 4640 2718 4694 Ὅθεν
2744 4640 2808 4692 ἐκ
2826 4640 3017 4693 τούτου
3040 4640 3549 4713 παρορμηθεὶς,τὺν
3575 4640 3744 4711 θυμὸν
3765 4640 3886 4694 καθῗ

2311 4734 2468 4804 ἡμῶν
2512 4732 2863 4803 ἐπισκήπτει,
2910 4733 3023 4786 Καὶ
3063 4732 3200 4803 μετὰ
3241 4733 3480 4805 βραχέαο
3525 4732 3635 4785 Καὶ
3671 4732 3737 4804 δὴ
3785 4732 3889 4785 ἀπ-

2312 4827 2506 4896 ήγοντο
2535 4824 2723 4878 πολλοὶ
2748 4824 2859 4880 τῶν
2892 4827 3229 4892 ἐπισκόπων,
3250 4830 3345 4882 καὶ
3372 4827 3691 4892 ἐκολάζοντο
3722 4828 3891 4898 ἀπρο-

2314 4918 2614 4987 φασίστως,
2638 4918 2839 4988 ὁμοίως
2870 4922 2983 4984 τοῖς
3019 4922 3329 4991 μιαιφόνοις
3350 4924 3399 4975 οἱ
3433 4922 3600 4993 μηδὲν
3631 4922 3889 4992 ἠδικηκό-

2311 5024 2423 5071 τες,
2478 5009 2806 5080 καινοτέραν
2855 5010 3222 5082 ὑπομένοντες
3274 5013 3565 5085 τελευτὴν,
3624 5013 3769 5081 ξίφει
3831 5013 3890 5065 τδ

2316 5100 2478 5172 σῶμα
2506 5104 2585 5165 εἰς
2615 5102 2788 5157 πολλὰ
2825 5106 3091 5175 τμήματα
3134 5106 3761 5177 κατακρεουργούμενοι,
3800 5108 3892 5158 καὶ

2316 5193 2455 5263 μετὰ
2489 5195 2588 5263 τὴν
2622 5196 2803 5266 ἀπηνῆ
2834 5197 3039 5268 ταύτην
3080 5200 3168 5253 καὶ
3202 5199 3573 5269 φρικτοτάτην
3602 5198 3753 5259 θέαν,
3782 5200 3894 5260 τοῖς

2313 5282 2414 5351 τῆς
2441 5283 2717 5353 θαλάσσης
2743 5284 2945 5355 βυθοίς,
2998 5290 3112 5351 τοῖς
3166 5287 3377 5357 ἰχθύσιν
3417 5290 3498 5350 είς
3539 5286 3703 5357 βορὰν
3741 5286 3893 5358 Epp!—

2314 5392 2531 5427 πτοντο.
2566 5377 2741 5444 Φυγαὶ
2794 5378 2853 5431 δὲ
2886 5378 3044 5442 αὖθις
3097 5380 3189 5431 ἐπὶ
3224 5378 3435 5441 τούτοις
3473 5379 3580 5433 τῶν
3625 5378 3894 5431 θεοσεϐῶν

2314 5464 2568 5518 ἁπάντων
2602 5467 2767 5535 ὁμόσε
2833 5469 3042 5538 ἀνδρῶν
3096 5469 3190 5522 καὶ
3238 5468 3515 5537 γυναικῶν
3548 5467 3644 5537 σὴν
3695 5466 3893 5535 κομιδῇ

2315 5556 2527 5625 νηπίοις
2558 5558 2830 5625 ἐγίνοντο·
2884 5562 2978 5613 καὶ
3028 5560 3188 5613 πάλιν
3233 5560 3414 5629 ἀγροὶ,
3450 5559 3542 5612 καὶ
3574 5556 3735 5610 πάλιν
3768 5558 3896 5625 ἐρη-

2319 5647 2459 5716 μίαι,
2497 5650 2664 5703 νάπαι
2695 5669 2753 5703 τε
2781 5653 2872 5704 καὶ
2902 5652 3000 5722 ὅρη
3038 5654 3162 5714 τοὺς
3198 5650 3291 5704 τοῦ
3327 5649 3569 5721 Χριστοῦ
3620 5647 3893 5717 θεραπον-

2316 5754 2415 5800 τας
2466 5740 2809 5811 ὑπεδέχοντο,
2868 5742 3011 5797 κατὰ
3065 5742 3281 5797 πάντων
3332 5741 3762 5811 ἁνακινήσαντος
3793 5734 3890 5789 τοῦ

2316 5826 2605 5895 δυσσεϐοῦς
2637 5832 2726 5887 τὸν
2757 5832 3009 5905 πόλεμον.
