4154 6582
357 408 491 476 1217

1234 408 1599 467 HISTORIA
1639 407 1974 468 CONCILII
2010 410 2316 472 ΝΙΟίΕΝΙ.
2362 440 2425 448 -
2464 416 2609 474 LIB.
2653 416 2700 474 Ι.

3363 479 3367 484 .
3467 415 3603 481 1218

353 516 595 571 nonnulli
636 516 687 570 iu
725 514 1066 579 solitudines,
1132 514 1349 583 quidam
1394 514 1446 567 in
1492 515 1659 568 silvas
1707 529 1826 569 sese
1900 517 2249 580 abdiderunt,
2316 535 2439 573 cum
2494 537 2648 588 mque
2693 522 2944 577 omnibus
2993 522 3230 582 nefarius
3283 526 3371 583 ille
3407 527 3603 582 bellum

353 610 658 664 indixisset.

418 705 531 758 Kal.
560 701 703 773 μετά
736 699 978 770 βραχέα·
1006 699 1070 751 Ei
1121 698 1195 768 μὴ
1220 697 1449 768 τάχιστα
1489 698 1552 751 τὸ
1586 696 1780 768 μέλλον
1813 696 1924 751 ἔσε-

2113 694 2179 749 Ει
2209 695 2393 764 paucis
2440 694 2740 765 interiectis
2786 714 2800 752 :

352 796 476 849 σθαι
516 790 807 864 προλαϐὼν
850 791 880 842 ό
930 789 1039 842 τῶν
1092 789 1309 842 οίκείων
1362 787 1550 858 ψυχῶν
1607 788 1927 859 ὑπερμαχος

340 885 501 949 Θεὸς,
543 885 623 947 ὡς
660 885 720 936 ἐν
773 881 927 951 βαθεῖ
981 880 1160 949 σκότῳ
1203 879 1299 933 καὶ
1340 880 1497 932 νυκτὶ
1546 877 1928 951 ζοφωδεστάτῃ

347 972 618 1042 φωστῆρα
660 971 835 1041 μέγαν
863 969 1075 1038 ἀθρόως
1104 967 1202 1021 καὶ⁹
1242 968 1462 1039 σωτῆρα
1491 969 1604 1031 τοῖς
1643 969 1809 1021 πᾶσιν
1838 967 1929 1031 ἑξ-

338 1064 558 1135 έλαμψε
612 1063 706 1116 τὸν
742 1060 907 1115 αὑτοῦ
942 1061 1250 1130 θεράποντα
1282 1060 1708 1125 Κωνσταντίνον,
1740 1056 1927 1129 ὑψηλῷ

346 1157 616 1227 βραχίονι,
646 1153 1006 1225 γενναιοτάτη
1027 1152 1084 1205 δὲ
1106 1153 1252 1222 χειρὶ
1275 1152 1713 1223 χειραγωγήσας.
1739 1149 1927 1221 Τούτῳ

349 1249 449 1319 μὲν
488 1244 581 1303 οὖν
614 1246 824 1301 ἀνωθεν
853 1246 914 1309 ἐξ
952 1244 1200 1315 οὐρανῶν
1241 1243 1455 1314 καρπὸν
1513 1241 1792 1305 εὐσεϐείας
1831 1243 1928 1294 έπ-

341 1340 516 1405 ἀξιον,
548 1341 787 1411 τρόπαια
820 1337 963 1393 κατά
990 1337 1101 1389 τῶν
1131 1335 1345 1389 ἀσεϐῶν
1372 1336 1599 1405 παρεῖχε
1628 1333 1806 1404 νίκης,
1834 1332 1926 1386 τὸν

331 1430 399 1484 δὲ
435 1430 721 1501 ἀλιτήριον
767 1429 949 1491 αὐτοῖς
1002 1425 1328 1497 συμϐούλοις
1386 1425 1558 1479 ἅπασι
1605 1425 1701 1479 καὶ¹
1754 1423 1928 1494 φίλοις

343 1519 449 1573 sua
506 1522 622 1583 τοῖς
671 1518 1083 1574 Κωνσταντίνου
1141 1516 1270 1569 ποσὶ
1305 1516 1489 1587 πρηνῆ
1539 1514 1840 1569 κατέϐαλεν
1898 1515 1927 1567 ὁ

344 1610 756 1664 Κωνσταντίνου
784 1609 880 1663 καὶ
918 1608 1137 1662 πάντων
1169 1607 1328 1677 ἡμῶν
1375 1606 1527 1670 Θεός.
1568 1607 1657 1670 Ὠς
1693 1606 1801 1677 γὰρ
1846 1606 1927 1668 εἰς

341 1701 548 1773 ἔσχατα
572 1702 769 1774 μανίας
788 1702 858 1755 τά
890 1702 1013 1754 κατ’
1060 1699 1223 1754 αὑτὸν
1278 1698 1540 1769 ηλαυνεν,
1593 1698 1693 1752 οὐκ
1726 1698 1800 1752 ἐτ’
1831 1699 1920 1751 ἀνι

340 1794 502 1849 εκτὸν
516 1789 656 1847 εἶναι
690 1792 1052 1862 λογισάμενος
1075 1791 1330 1862 βασιλεὺς
1360 1792 1766 1855 Κωνσταντῖνος
1795 1792 1824 1843 ὁ
1849 1789 1927 1860 τῷ

340 1885 461 1955 Θεῷ
486 1885 660 1954 φίλος,
700 1884 793 1937 τὸν
826 1883 1069 1953 ἔμφυτον
1119 1883 1374 1952 σώφρονα
1424 1883 1518 1935 καὶ¹
1563 1881 1762 1950 εὐσεϐῆ
1798 1897 1926 1933 συν-

341 1972 569 2044 αγαγὼν
594 1972 875 2043 λογισμὸν,
906 1970 1112 2025 καὶτὸν
1131 1971 1355 2042 στερρὸν
1371 1970 1462 2023 τοῦ
1493 1970 1701 2023 δικαίου
1724 1969 1926 2040 τρόπον

2855 697 2966 755 Nisi
3003 701 3143 757 Deus
3168 717 3444 760 servorum
3476 724 3604 762 suo—

2032 801 2153 841 rum
2212 799 2580 855 propugnator
2640 788 2926 845 celerrime
2983 794 3125 860 qnod
3183 794 3419 851 futurum
3488 810 3608 854 erat

2030 879 2417 949 prrevertisset,
2452 890 2508 934 et
2546 880 2968 934 Constantinum
3005 883 3266 940 famulum
3297 892 3450 943 suum
3488 900 3609 945 tan-

2029 983 2188 1038 quam
2217 969 2353 1025 lueis
2380 970 2650 1039 quoddam
2698 971 3034 1041 splendidum
3077 974 3239 1043 juhar
3278 979 3330 1031 in
3362 981 3610 1038 obscuris

2028 1060 2269 1116 tenebris
2320 1071 2374 1116 ct
2406 1062 2701 1133 caliginosa
2730 1074 2887 1118 nocte
2919 1076 3138 1133 repente
3165 1069 3505 1137 ostendisset,
3554 1083 3609 1127 et

2031 1151 2379 1207 liberatorem
2408 1154 2705 1209 excitasset
2731 1154 3004 1217 omnibus,
3034 1164 3088 1209 et
3111 1157 3325 1211 excelso
3362 1161 3605 1226 brachio,

2028 1259 2095 1299 ac
2121 1260 2383 1315 generosa
2418 1260 2581 1300 manu
2631 1246 2877 1301 duxisset
2926 1264 2942 1301 :
3003 1248 3089 1302 cui
3135 1249 3354 1318 quidem
3406 1263 3605 1320 tropaea

2031 1336 2278 1391 victoria:
2307 1347 2498 1392 contra
2532 1338 2748 1406 impios,
2779 1338 2933 1406 quasi
2960 1336 3195 1394 fructum
3227 1341 3400 1409 ipsius
3420 1343 3604 1411 pietati

2029 1427 2267 1482 debitum
2326 1426 2542 1483 cmlitus
2598 1428 2826 1499 largitus
2881 1439 2984 1495 est,
3051 1431 3375 1503 sacrilegum
3424 1441 3602 1486 autem

2026 1516 2178 1572 illum
2214 1522 2323 1572 una'
2351 1534 2472 1573 cum
2511 1520 2839 1575 consiliariis
2865 1522 3116 1578 omnibus
3161 1534 3220 1579 et
3260 1526 3450 1580 amicis
3498 1528 3602 1581 sub

2024 1606 2371 1661 Constantini
2433 1608 2657 1677 pedibus
2728 1610 3060 1679 prostravit,
3128 1612 3470 1669 Constantini
3549 1626 3605 1669 et

2024 1704 2270 1751 nostrum
2320 1698 2561 1752 omnium
2604 1698 2765 1754 Deus.
2802 1698 2935 1753 Nam
2982 1700 3071 1754 ubi
3121 1700 3236 1770 ejus
3281 1704 3485 1758 insania
3536 1708 3603 1759 θυι

2026 1794 2324 1842 extremam
2363 1803 2649 1857 progressa
2698 1798 2780 1845 est
2810 1791 3099 1845 amentiam
3128 1832 3144 1856 ,
3173 1793 3465 1862 imperator
3497 1797 3605 1850 Deo

2028 1882 2225 1936 ebarus
2275 1896 2378 1935 non
2430 1883 2662 1950 amplius
2705 1882 2982 1939 ferendum
3043 1887 3271 1955 putavit,
3322 1889 3415 1943 sed
3447 1888 3604 1942 insita

2026 1968 2131 2023 sibi
2179 1978 2233 2024 et
2280 1969 2520 2025 modesta
2569 1971 2732 2026 animi
2803 1973 3011 2028 ratione
3059 1976 3251 2043 piaque
3292 1992 3402 2031 rem
3449 1992 3610 2045 repu-

344 2040 731 2135 φιλανθρωπίᾳ
759 2040 1183 2133 κερασάμενος,
1228 2040 1531 2130 ἠέπαμῦναι
1591 2060 1769 2129 κρίνει
1814 2060 1924 2120 τοῖς

2031 2070 2171 2126 tans,
2223 2070 2382 2128 atque
2412 2077 2655 2115 severam
2699 2063 2836 2130 juris
2895 2065 3131 2153 regulam
3183 2082 3304 2121 cum
3360 2070 3608 2123 humani-

344 2155 452 2209 ὑπὸ
474 2154 551 2223 τῷ
578 2153 825 2224 τυράννῳ
846 2151 1387 2222 ταλαιπωρουμένοις
1409 2165 1423 2179 '
1472 2151 1566 2204 καὶ
1597 2149 1659 2201 τό
1683 2167 1743 2218 γε
1777 2147 1928 2201 πλεῖ-

345 2263 469 2300 στον
512 2244 815 2315 ἀνθρώπων
854 2244 1032 2312 γένος,
1080 2242 1302 2313 βραχεῖς
1346 2240 1632 2311 λυμεῶνας
1682 2237 1928 2293 ἐκποδὼν

343 2336 736 2409 ποιησάμενος,
762 2333 1147 2387 ἀνασώσασθαι
1177 2333 1437 2403 ὁρμᾶται.
1475 2331 1628 2403 Μάνῃ
1670 2329 1778 2400 γὰρ
1809 2329 1929 2398 φιλ-

340 2428 631 2498 ανθρωπίᾳ
665 2428 950 2498 χρωμένου
993 2423 1087 2477 τοῦ
1116 2422 1630 2492 φιλανθρωποτάτου
1662 2420 1929 2492 βασιλέως

346 2517 763 2573 Κωνσταντίνου
807 2517 899 2569 τὸν
944 2514 1052 2585 πρὸ
1094 2513 1283 2568 τούτου
1329 2514 1541 2584 χρόνον,
1587 2513 1683 2566 καὶ
1735 2511 1827 2565 τὸν
1867 2512 1927 2565 οὑ

347 2610 699 2683 συμπαθείας
732 2609 881 2675 ἀξιον
912 2607 1210 2672 ἐλεοῦντος,
1242 2604 1320 2676 τῷ
1351 2606 1450 2676 μὲν
1492 2604 1744 2658 δυσσεϐεῖ
1782 2603 1931 2676 αὐτῷ

344 2705 556 2774 ἐγίνετο
586 2703 746 2757 πλέον
773 2702 947 2764 οὐδὲν,
974 2702 1074 2773 τῆς
1100 2700 1301 2764 κακίας
1320 2700 1424 2753 οὐκ
1450 2698 1931 2769 ἀπαλλαττομένῳ,

345 2796 561 2863 αὕεοντι
585 2795 642 2848 δὲ
679 2794 879 2865 μᾶλλον
909 2794 1009 2864 τὴν
1044 2791 1183 2846 κατά
1215 2790 1324 2845 τῶν
1381 2791 1706 2862 ὑποχειρίων
1762 2789 1932 2844 ἐθνῶν

345 2888 577 2943 λύτταν·
605 2889 722 2950 τοῖς
754 2886 813 2939 δὲ
853 2885 1220 2956 κακουμένοις
1270 2883 1499 2954 οὐδεμία
1541 2878 1609 2953 ἦν
1652 2881 1925 2953 σωτηρίας

345 2980 520 3044 ἐλπὶς,
550 2979 655 3033 ὑπὸ
692 2977 867 3032 δεινοῦ
915 2977 1115 3048 θηρίου
1149 2975 1669 3045 καταπονουμένοις.
1724 2975 1816 3027 Διὸ
1860 2974 1925 3044 δὴ

344 3072 424 3142 τῷ
454 3069 823 3143 φιλανθρώπῳ
851 3069 1014 3139 μίξας
1058 3070 1120 3122 τὸ
1174 3068 1539 3137 μισοπόνηρον
1569 3066 1599 3118 ὁ
1642 3066 1752 3119 τῶν
1788 3066 1929 3135 ἀγα-

348 3163 457 3218 θῶν
480 3162 731 3235 χορηγὸς,
766 3162 1049 3233 πρόσεισιν
1094 3160 1210 3230 ἅμα
1252 3158 1405 3212 παιδὶ
1452 3157 1684 3228 Κρίσπῳ
1724 3156 1933 3227 βασιὶεί

348 3254 850 3326 φιλανθρωποτάτῳ
885 3251 993 3304 ἀπὸ
1016 3252 1116 3319 τῆς
1158 3247 1462 3319 Ἐσπερίων
1511 3248 1610 3316 τῆς
1662 3245 1924 3316 μεγίστης

2033 2160 2140 2204 tate
2181 2160 2236 2204 et
2289 2152 2573 2205 clementia
2624 2161 2968 2221 temperans,
3015 2152 3108 2209 eos
3157 2157 3244 2224 qui
3311 2159 3608 2228 tyrannidis

2026 2244 2157 2314 jugo
2199 2245 2663 2314 opprimebantur,
2703 2245 2969 2313 juvandos
3004 2258 3229 2313 censet,
3259 2258 3419 2318 atque
3469 2266 3607 2318 putt-

2032 2336 2110 2390 cis
2162 2334 2382 2389 nefariis
2430 2350 2461 2390 e
2520 2336 2696 2391 medio
2746 2338 2991 2402 sublatis,
3046 2339 3334 2393 maximam
3401 2353 3607 2394 morta-

2033 2426 2163 2481 lium
2189 2435 2394 2493 partem
2420 2441 2637 2481 servare
2669 2436 2940 2497 properat.
2979 2426 3113 2483 Nam
3139 2444 3261 2484 cum
3288 2443 3447 2485 antea
3502 2432 3605 2486 im-

2034 2529 2253 2587 perator
2295 2518 2717 2571 humanissimus
2766 2519 2879 2573 sola
2908 2519 3192 2575 clementia
3222 2535 3349 2576 usus
3386 2522 3598 2584 fuisset,

2035 2620 2091 2665 et
2124 2612 2416 2664 miseratus
2450 2622 2595 2664 esset
2633 2610 2778 2664 nulla
2826 2611 3306 2667 commiseratione
3356 2612 3602 2681 dignum,

2033 2702 2199 2771 impio
2229 2702 2444 2770 quidem
2478 2701 2553 2754 illi
2599 2716 2627 2754 a
2663 2702 2930 2770 pravitate
2962 2686 3279 2772 neutiquam
3306 2704 3605 2765 decedenti,

2032 2796 2125 2850 sed
2162 2794 2337 2862 potius
2371 2794 2572 2848 rabiem
2609 2808 2761 2846 suam
2817 2803 3004 2847 contra
3053 2804 3238 2862 gentes
3280 2793 3380 2847 sibi
3422 2794 3605 2861 subje-

2032 2894 2150 2938 ctas
2182 2883 2420 2954 augenti,
2468 2881 2601 2936 nihil
2675 2882 2964 2941 ciententia
3010 2883 3096 2937 illa
3130 2883 3366 2952 profuit:
3398 2881 3607 2938 amictis

2034 2990 2164 3030 vero
2192 2984 2249 3029 et
2280 2976 2344 3028 ab
2376 2974 2599 3028 immani
2632 2974 2719 3026 illa
2749 2973 2922 3027 bellua
2952 2972 3244 3038 divexatis,
3275 2974 3416 3027 nulla
3448 2974 3604 3042 plane

2038 3065 2136 3118 l'uit
2163 3064 2359 3119 salutis
2397 3078 2519 3133 spes
2553 3065 2760 3118 relicta.
2816 3063 3155 3133 Quapropter
3201 3065 3466 3118 bonorum
3519 3066 3606 3120 ille

2034 3156 2477 3211 subministrator
2504 3154 2918 3219 Constantinus,
2957 3156 3213 3225 nequitiae
3260 3159 3441 3210 odium
3479 3171 3601 3210 cum

2039 3247 2381 3302 humanitate
2432 3248 2790 3316 permiscens,
2841 3245 3003 3300 simul
3057 3262 3176 3301 cum
3226 3246 3418 3315 Crispo
3466 3246 3599 3311 lilio,

359 3347 576 3418 Ῥώμης
594 3347 687 3399 ἐπὶ
724 3346 823 3412 τὴν
861 3342 1032 3413 Ἑῴαν
1061 3340 1203 3396 κατά
1225 3339 1318 3393 τοῦ
1343 3339 1633 3409 τυράννου,
1660 3338 1924 3408 σωτηρίας

2038 3338 2280 3406 principe
2314 3337 2735 3399 humanissimo,
2774 3337 2840 3389 ab
2871 3333 3180 3391 Occidentis
3208 3338 3339 3391 urbe
3370 3339 3601 3397 inasima

345 3400 735 3505 deﬁtngﬁrraat
780 3400 895 3496 τοῖς
933 3400 1327 3501 ἀπολλυμένοις
1374 3400 1660 3491 ἐκτείνας)
1704 3400 1924 3497 παμϐα-

2036 3429 2200 3482 Roma
2233 3430 2285 3482 in
2318 3427 2594 3483 Orientem
2645 3437 2834 3480 contra
2881 3435 3166 3497 tyrannum
3214 3431 3602 3497 proﬁciscitur,

348 3531 487 3583 σιλεί
517 3526 637 3596 Θεῷ
664 3526 761 3579 καλ⁵
816 3523 977 3576 Παιδὶ
1033 3520 1255 3593 Χριστῷ
1305 3520 1519 3590 Σωτῆρι
1566 3518 1784 3588 ποδηγῷ
1834 3520 1926 3572 καὶ

349 3621 627 3690 συμμάχῳ
669 3616 964 3687 χρώμενοι,
1015 3614 1198 3684 πατὴρ
1234 3613 1642 3673 Κωνσταντῖνος
1680 3609 1926 3679 βασιλεὺς

347 3711 467 3781 ἅμα
497 3708 598 3777 υίῴ
645 3706 862 3777 βασιλεῖ
915 3704 1170 3775 Κρίσπῳ,
1216 3704 1384 3773 ἄμφω
1435 3701 1618 3773 κύκλῳ
1662 3700 1926 3761 διελόντες

348 3803 448 3873 τὴν
483 3798 627 3852 κατά
673 3797 783 3850 τῶν
831 3796 1102 3867 θεομισῶν
1130 3794 1458 3866 παράταξιν,
1497 3793 1685 3866 ῥᾳδίαν
1715 3791 1814 3862 τὴν
1847 3791 1927 3844 νί-

348 3909 454 3962 κην
481 3890 871 3961 ἀποφέρονται,
922 3888 1035 3942 τῶν
1069 3887 1213 3941 κατά
1257 3886 1358 3957 τὴν
1400 3884 1674 3957 συμϐολὴν
1707 3884 1925 3938 πάντων

348 3982 855 4055 ὲξευμαρισθέντων
880 3980 1067 4043 αὐτοῖς
1109 3979 1204 4034 καὶ
1244 3978 1387 4032 κατά
1419 3976 1644 4049 γνώμην
1682 3976 1789 4031 ὑπὸ
1829 3974 1923 4030 τοῦ

349 4072 739 4145 παμϐασιλέως
760 4068 920 4135 Θεοῦ,
946 4069 1090 4125 καθά
1115 4086 1279 4142 φησιν
1299 4071 1328 4123 ό
1350 4067 1803 4139 φιλαληθέστατος
1821 4067 1926 4121 Εὐ-

348 4165 532 4229 σέϐιος
566 4166 596 4219 ὁ
634 4162 728 4218 τοῦ
762 4163 1125 4233 πανευφήμου
1162 4161 1472 4232 Παμφίλου.
1518 4161 1800 4229 Ῥουφῖνος
1841 4160 1920 4226 δὲ,

348 4258 537 4328 φησιν,
566 4256 617 4309 εί
638 4254 734 4309 καὶ
767 4254 1037 4325 μηδεμίαν
1062 4255 1258 4325 μοῖραν
1288 4252 1397 4308 τῶν
1422 4252 1802 4323 γεγενημένων
1830 4250 1923 4306 ἐπί

349 4346 595 4401 Λικινίου
624 4344 972 4415 πραγμάτων
1001 4344 1429 4414 ἐμνημόνευσεν,
1462 4343 1611 4413 ὅμως
1655 4344 1751 4397 καὶ
1783 4341 1925 4396 αὐτά

347 4438 418 4493 τά
448 4435 652 4502 λεξίδια
678 4435 774 4489 τοῦ
816 4433 1224 4506 προρρηθέντος
1253 4432 1674 4503 ἀναλεξάμενος,
1713 4432 1924 4503 ἐνθήσω

347 4531 413 4600 τῇ
471 4527 787 4597 συγγραφῇ.
827 4526 967 4595 Φησὶ
1001 4523 1058 4576 δὲ
1102 4517 1290 4587 οὗτος·
1343 4524 1581 4586 Λικίνιος
1632 4524 1731 4594 μὲν
1772 4517 1865 4576 οὖν
1895 4522 1924 4575 ό

350 4615 786 4689 συμϐασιλεύων,
815 4613 964 4684 αὑτῷ
991 4613 1236 4684 δηλονότι
1273 4612 1352 4683 τῷ
1384 4611 1592 4683 βασιλεῖ
1634 4613 1924 4665 Κωνσταν-

2033 3521 2321 3576 salutarem
2351 3519 2600 3572 dextram
2627 3518 2876 3571 omnibus
2904 3520 3253 3585 pereuntibus
3276 3523 3557 3589 porrigens
3582 3539 3598 3576 :

2032 3622 2187 3684 pater
2219 3612 2379 3665 simul
2405 3626 2468 3663 ac
2491 3610 2654 3671 illius,
2682 3608 2792 3661 Deo
2822 3608 2982 3662 Patre
3010 3624 3189 3662 rerum
3222 3610 3598 3664 universarum

2034 3714 2266 3765 rectore,
2314 3713 2368 3758 et
2396 3701 2614 3757 Christo
2644 3700 2779 3755 Filio
2814 3702 3050 3755 omnium
3104 3702 3407 3767 Salvatore,
3461 3704 3599 3758 duce

2030 3808 2083 3854 et
2109 3797 2437 3851 auxiliatore
2469 3804 2702 3859 utentes,
2750 3794 2987 3862 undique
3038 3794 3154 3848 acie
3182 3806 3371 3849 contra
3409 3795 3602 3863 impios

2031 3886 2379 3957 circumiecta
2410 3898 2467 3943 et
2499 3887 2786 3958 disposita,
2837 3886 3148 3959 perfacilem
3192 3896 3466 3957 reportant
3523 3889 3603 3942 vi-

2028 3979 2279 4046 ctoriam,
2313 3995 2435 4036 cum
2482 3982 2661 4036 omnia
2693 3981 2838 4035 ineo
2863 3979 3118 4036 conﬂictu
3152 3994 3215 4035 ex
3263 3980 3427 4034 animi
3476 3994 3600 4035 sen-

2031 4073 2198 4129 tentia
2229 4074 2357 4145 ipsis
2382 4074 2718 4144 eomplanata
2756 4084 2939 4129 essent
2964 4072 3035 4128 ab
3085 4073 3324 4128 omnium
3371 4074 3603 4142 impera-

2032 4171 2147 4218 tore
2183 4162 2314 4229 Deo,
2347 4172 2405 4218 ut
2425 4172 2658 4220 testatur
2691 4164 2939 4219 veritatis
2966 4163 3397 4219 studiosissimus
3426 4163 3601 4221 Ense-

2031 4251 2155 4309 bius
2181 4254 2521 4310 celeberrimi
2558 4253 2845 4324 Pamphili.
2887 4252 3129 4308 Bullinus
3158 4269 3284 4310 vero
3306 4255 3432 4309 licet
3476 4255 3598 4309 nul-

2030 4345 2136 4401 lam
2167 4346 2277 4401 fere
2308 4355 2516 4416 partem
2547 4363 2726 4403 rerum
2756 4362 2786 4401 a
2812 4347 3018 4403 Licinio
3046 4358 3328 4420 gestarum
3358 4361 3598 4403 comme-

2032 4440 2349 4503 moraverit,
2402 4446 2584 4493 tamen
2647 4438 2790 4494 illius
2847 4439 3066 4495 voculas
3122 4438 3268 4494 velut
3326 4440 3378 4494 in
3430 4455 3594 4492 unum

2028 4542 2229 4596 corpus
2263 4528 2542 4597 colligens,
2587 4530 2713 4583 huic
2745 4529 3135 4584 commentario
3188 4530 3445 4585 inseram.
3507 4527 3598 4584 Sic

2034 4621 2208 4689 inquit
2234 4621 2321 4675 ille
2348 4639 2362 4675 :
2398 4620 2637 4675 Licinius
2670 4624 2761 4690 qui
2788 4637 2893 4675 una
2924 4637 3045 4676 cum
3075 4622 3432 4676 Constantino
3490 4621 3595 4673 im-

346 4716 495 4787 τίνῳ,
545 4714 646 4777 τάς
691 4710 1014 4782 Ἑλληνικὰς
1052 4710 1192 4780 ἔχων
1233 4708 1413 4775 δόξας,
1457 4708 1922 4779 ὲμίσειιΧριστια-

2029 4724 2278 4782 peratore
2322 4714 2599 4783 regnabat,
2642 4714 2924 4783 gentilium
2954 4714 3298 4783 opinionibus
3333 4714 3592 4776 imbutus,

345 4808 467 4871 νούς
492 4823 506 4838 ⁸
538 4806 635 4860 καὶ
655 4804 908 4875 διωγμὸν⁶
938 4804 1035 4874 μὲν
1070 4802 1325 4872 προφανῆ
1370 4803 1491 4854 κατ’
1537 4801 1713 4871 αὐτῶν
1767 4800 1918 4871 φόϐῳ

2028 4806 2203 4860 odisse
2237 4808 2403 4873 cwpit
2432 4808 2768 4861 Christianos
2795 4824 2809 4860 :
2842 4808 2935 4862 sed
2963 4805 3377 4860 Constantinum
3419 4808 3588 4873 iutpco

343 4898 438 4949 τοῦ
470 4896 734 4966 βασιλέως
757 4894 1174 4949 Κωνσταντίνου
1206 4896 1377 4947 κινεῖν
1420 4893 1795 4957 ὑπεστέλλετο,
1828 4893 1919 4945 λε-

344 4985 584 5056 ληθότως
614 4985 672 5039 δὲ
706 4984 933 5046 πολλοὺς
964 4985 1340 5054 ὲσκευωρεῖτο.
1376 4981 1587 5055 Προϊὼν
1629 4982 1709 5045 δὲ,
1754 4987 1919 5050 φανε-

348 5079 460 5149 ρῶς
478 5079 568 5132 τὸν
596 5077 741 5131 κατά
768 5078 991 5131 πάντων
1011 5076 1252 5145 διωγμὸν
1276 5074 1518 5128 ἀνεκίνει
1542 5075 1599 5126 ὲν
1627 5076 1739 5137 τοῖς
1768 5074 1917 5127 Ἀνα-

345 5170 506 5240 τολῆς
533 5170 739 5235 τόποις,
764 5168 840 5231 ὡς
866 5169 959 5222 καλ⁵
989 5166 1218 5230 πολλοὺς
1242 5165 1334 5220 τοῦ
1361 5165 1599 5237 Χριστοῦ
1636 5166 1917 5235 μάρτυρας

344 5261 728 5332 ἀναδειχθῆναι
763 5262 821 5314 ὲν
849 5259 1122 5328 διαφόροις
1159 5259 1365 5323 τόποις,
1411 5260 1476 5311 ὲκ
1508 5256 1572 5329 δὴ
1609 5257 1801 5309 τούτου
1836 5257 1917 5319 εἰς

343 5352 641 5425 ἀπέχθειαν
695 5352 795 5423 τὴν
844 5351 982 5421 πρὸς
1032 5350 1195 5403 αὑτὸν
1247 5350 1511 5421 μεγίστην
1563 5348 1915 5419 τὸνβασιλέα

344 5448 754 5503 Κωνσταντῖνον
804 5444 1076 5512 ἐκίνησεν.
1109 5439 1289 5495 Ἦσαν
1343 5443 1401 5496 δὲ
1457 5442 1597 5514 πρὸς
1650 5442 1914 5512 ἀλλήλους

340 5539 614 5609 πολέμιοι.
639 5534 824 5588 Ταῦτα
852 5534 949 5603 μὲν
977 5526 1152 5595 οὗτος.
1203 5533 1266 5587 Οἱ
1299 5533 1357 5586 δὲ
1408 5533 1605 5598 λοιποὶ,
1653 5534 1768 5588 ὅσοι
1814 5534 1915 5604 τῆς

338 5630 602 5685 Εὐσεϐίου
651 5627 745 5681 τοῦ
800 5625 1089 5695 Παμφίλου
1143 5624 1399 5695 ἀληθείας
1464 5628 1787 5698 συνήγοροι,
1842 5627 1921 5680 δι-

352 5723 584 5785 ελόντες,
621 5720 810 5789 φασὶν,
866 5718 1033 5785 ἄμφω
1082 5715 1181 5786 τὴν
1223 5718 1506 5787 στρατιὰν,
1551 5718 1733 5789 πατὴρ
1763 5721 1921 5773 Κων-

354 5814 631 5874 σταντῖνος
691 5808 971 5881 βασιλεὺς,
1025 5808 1117 5861 καὶ
1168 5808 1282 5870 υίὸς
1337 5808 1583 5877 Κρίσπος
1631 5809 1919 5878 βασιλεὺς,

2027 4908 2261 4952 ratorem
2298 4898 2526 4958 veritus,
2574 4913 2695 4951 cum
2734 4908 2920 4965 aperte
2945 4912 3037 4950 eos
3060 4909 3259 4950 vexare
3286 4912 3389 4949 non
3422 4897 3587 4949 audc-

2025 4999 2129 5049 ret,
2158 4989 2354 5042 multos
2375 4989 2602 5043 occultis
2636 4989 2845 5041 insidiis
2873 4988 3169 5056 perimebat
3194 5005 3207 5040 :
3241 4987 3435 5039 deinde
3461 5002 3588 5054 prn-

2024 5080 2302 5148 grediente
2336 5091 2575 5147 tempore
2606 5079 2780 5148 palam
2816 5092 3003 5131 omnes
3051 5077 3103 5130 in
3152 5076 3388 5132 Orientis
3420 5078 3586 5145 parti-

2025 5174 2124 5225 bus
2174 5170 2621 5240 persequebatur,
2650 5171 2729 5224 sic
2766 5180 2821 5223 ut
2864 5169 3045 5238 plures
3087 5167 3285 5222 Christi
3323 5176 3588 5237 martyres

2021 5262 2077 5316 in
2130 5262 2356 5315 diversis
2409 5261 2541 5316 locis
2589 5263 3025 5316 ostenderentur.
3079 5258 3154 5313 Ex
3218 5275 3283 5314 co
3342 5268 3586 5328 tempore

2022 5355 2316 5408 maximum
2344 5353 2423 5407 sui
2448 5354 2629 5408 odium
2657 5352 3019 5407 Constantino
3044 5352 3322 5417 excitavit,
3350 5351 3586 5419 factique

2019 5453 2146 5497 sunt
2176 5444 2359 5496 hostes
2387 5442 2487 5494 sibi
2522 5442 2751 5496 invicem
2785 5439 3002 5495 infensi.
3038 5440 3423 5509 llaecvquidem
3470 5439 3585 5495 ille.

2017 5531 2115 5598 Qui
2149 5545 2275 5585 vero
2321 5532 2538 5587 Eusebii
2570 5531 2785 5586 veritati
2831 5532 3107 5587 adlucrere
3158 5532 3396 5597 nudum,
3433 5531 3587 5584 aiunt

2017 5624 2374 5695 imperatores
2400 5625 2607 5689 ambos,
2661 5634 2865 5692 patrem
2912 5626 3326 5680 Constantinum
3379 5632 3432 5679 et
3459 5624 3584 5675 Cri-

2019 5732 2172 5786 spum
2207 5718 2394 5781 lilium,
2423 5717 2596 5771 diviso
2628 5718 2865 5771 exercitu
2906 5727 3094 5770 contra
3129 5718 3350 5784 impium
3386 5722 3580 5783 tyran-

2023 5824 2147 5862 num
2182 5808 2474 5877 profectos,
2502 5808 2743 5877 Crispum
2776 5808 2985 5877 quidem
3037 5807 3199 5861 ﬁlium
3244 5820 3363 5862 cum
3412 5801 3580 5871 c0piis
