4154 6562
620 400 755 467 1219

1902 408 2206 468 GELASII
2246 407 2589 469 CYZICENI

3740 409 3883 471 1220

618 523 732 577 suis
781 520 833 574 in
889 519 1075 575 Asiam
1121 520 1225 576 iter
1273 520 1594 588 intendisse,
1632 528 1843 592 patrem
1879 537 2007 577 vero
2060 539 2181 578 cum

2292 522 2429 576 κατά
2452 521 2547 574 τοῦ
2571 519 2805 583 ἀσεϐοῦς
2826 520 3095 591 τυράννου
3129 520 3405 593 ὥρμηντο.
3432 519 3492 575 Ὀ
3518 520 3620 591 μὲν
3648 515 3743 573 οὖν
3763 521 3886 584 υίὸς

616 614 937 671 satellitibus
970 614 1083 668 suis
1114 629 1209 684 per
1236 614 1505 686 Europam
1545 616 1688 670 viam
1718 614 2046 673 confecisse.
2076 614 2184 669 lm-

616 721 785 776 purns
822 720 951 760 vero
982 705 1069 761 ille
1094 712 1375 776 tyrannus.
1408 708 1556 761 omni
1586 706 1861 776 impietate
1896 709 2102 776 pariter
2132 716 2187 761 et

616 795 761 849 unde
796 794 1049 863 pollutus,
1095 810 1163 849 ex
1212 795 1431 850 Oriente
1472 796 1772 849 exercitum
1830 809 2178 849 numerosum

617 885 822 939 ducens
869 892 1057 939 contra
1087 899 1200 949 eos,
1232 893 1285 937 et
1318 900 1507 954 magna
1538 885 1773 952 spirans,
1822 884 2185 939 Nicomediam

617 974 805 1027 venit:
860 983 913 1028 et
943 989 1066 1028 cum
1135 974 1303 1044 probe
1339 975 1505 1027 sciret
1550 975 1694 1042 pium
1721 973 2012 1042 principem
2042 973 2185 1028 Con-

615 1064 912 1118 stantinum
950 1063 1042 1119 Dei
1096 1066 1406 1119 sacerdotes
1444 1079 1639 1132 magna
1689 1064 2033 1119 observantia
2091 1079 2185 1118 co-

616 1153 748 1217 lere,
778 1163 833 1207 et
858 1169 1068 1208 summo
1098 1154 1151 1208 in
1183 1155 1388 1209 honore
1448 1153 1651 1208 habere
1697 1152 1985 1208 Eusebium
2018 1152 2185 1208 Nico-

617 1245 805 1299 mediae
838 1245 1173 1313 episcopum,
1234 1246 1325 1314 qui
1370 1246 1481 1313 jam
1531 1254 1690 1301 antea
1743 1246 1887 1301 illius
1938 1247 2186 1316 partibus

618 1333 939 1398 adhaeserat,
969 1344 1156 1389 contra
1179 1335 1486 1405 religiosum
1533 1336 1912 1407 imperatorem
1941 1336 2188 1392 mercede

619 1426 893 1492 conducit,
942 1425 1265 1481 existimans
1318 1442 1412 1497 per
1462 1427 1611 1482 illum
1668 1438 1724 1483 et
1766 1428 1911 1485 illius
1958 1429 2183 1496 socios;

613 1518 1028 1574 Constantinum
1086 1517 1598 1586 inexpugnabilibus
1654 1520 1746 1575 Dei
1798 1522 1964 1576 armis
2013 1522 2189 1575 muni-

617 1621 729 1665 tum
764 1624 796 1665 e
826 1610 1004 1665 medio
1036 1609 1239 1665 tollere.
1287 1610 1608 1666 Societatem
1637 1627 1765 1682 ergo
1809 1628 1931 1667 eum
1980 1612 2188 1669 Licinio

614 1702 713 1756 init
754 1701 1100 1756 admirandus
1141 1701 1232 1755 ille
1259 1701 1520 1756 Eusebius
1542 1742 1557 1767 ,
1585 1703 1766 1759 multis
1824 1704 2188 1774 promissiOni-

612 1795 713 1849 bus
759 1795 826 1849 ab
867 1795 1155 1864 impietatis
1206 1796 1353 1849 socio
1420 1796 1688 1850 inductus.
1723 1796 1899 1867 Atque
1946 1798 2061 1852 haec
2112 1798 2184 1851 ita

2287 615 2539 686 Κρίσπος
2569 615 2663 668 ἐπὶ
2696 615 2766 667 τὰ
2795 615 2937 668 κατά
2980 615 3081 684 τὴν
3124 615 3311 667 Ἀσίαν
3348 616 3492 686 μέρη
3519 615 3619 668 σὺν
3658 617 3724 685 τῇ
3777 616 3881 666 αὐ-

2286 705 2381 758 τοῦ
2415 706 2646 776 στρατιᾷ
2685 704 2783 774 τὴν
2829 704 3054 777 πορείαν
3077 705 3435 774 ποιούμενοςο
3497 707 3526 758 6
3577 704 3635 757 δὲ
3693 705 3885 774 πατὴρ

2290 797 2701 858 Κωνσταντῖνος
2739 796 2883 848 κατά
2926 794 3029 863 τῆς
3071 793 3344 865 Εὐρώπης
3392 796 3508 857 τοῖς
3537 793 3680 864 ἀμφ’
3711 793 3885 846 αὐτὸν

2287 887 2616 959 δορυφόροις
2669 886 2767 958 τὴν
2812 888 2931 941 ὁδὸν
2977 888 3218 957 διήνυεν.
3265 888 3322 940 Ὀ
3376 887 3434 941 δὲ
3481 887 3883 957 μισόθεος,καὶ⁵

2289 980 2468 1049 πάσης
2494 979 2749 1042 ἀσεϐείας
2779 980 2875 1031 καὶ
2909 978 3225 1049 μιαιφονίας
3254 977 3511 1048 ἐμπλεος,
3552 978 3611 1043 ἐξ
3646 974 3879 1032 Ἀνατο-

2287 1070 2394 1123 λῶν
2425 1070 2566 1140 μετὰ
2597 1069 2857 1123 πλείστου
2889 1072 3015 1124 ὅσου
3056 1068 3289 1139 στρατοῦ
3325 1071 3449 1122 κατ’
3478 1069 3660 1122 αὐτῶν
3694 1086 3881 1137 παρα-

2287 1160 2639 1231 ταττόμενος,
2680 1161 2777 1214 καλ⁵
2802 1161 3164 1231 μεγαλαυχῶν
3195 1160 3393 1231 ήρχετο
3413 1176 3427 1191 ο
3460 1158 3673 1228 φθάσας
3714 1160 3770 1211 δὲ
3820 1162 3882 1213 ἐν

2287 1254 2353 1322 τῇ
2382 1250 2738 1321 Νικομηδέων
2759 1290 2773 1315 ,
2806 1249 3063 1319 ἐγνωκὼς
3104 1251 3198 1303 καὶ
3235 1250 3392 1313 εἰδὼς
3424 1249 3523 1322 τὴν
3560 1249 3656 1303 τοῦ
3686 1249 3880 1318 θεοφι-

2286 1342 2413 1406 λοῦς
2455 1342 2869 1397 Κωνσταντίνου
2899 1341 3075 1414 ψυχὴν
3123 1342 3390 1396 σέϐουσαν
3428 1342 3557 1405 τούς
3608 1341 3703 1394 τοῦ
3739 1340 3881 1393 Θεοῦ

2292 1435 2482 1506 ἱερεῖς,
2520 1436 2616 1488 καὶ
2646 1436 2728 1488 ὅτι
2749 1434 2837 1488 διά
2872 1436 3052 1505 πάσης
3072 1436 3195 1503 ἄγοι
3227 1435 3412 1505 τιμῆς,
3461 1434 3765 1505 μισθοδοτεῖ
3784 1435 3883 1489 τὸν

2287 1527 2392 1593 τῆς
2423 1527 2779 1597 Νικομηδέων
2828 1528 3126 1581 ἐπίσκοπον
3173 1527 3457 1591 Εὐσέϐιον,
3508 1526 3675 1580 πάλαι
3706 1527 3883 1595 πρόσ-

2290 1636 2437 1689 φυγα
2505 1619 2671 1673 αὐτοῦ
2721 1620 2885 1684 ὅντα,
2944 1619 3087 1672 κατά
3140 1619 3234 1671 τοῦ
3300 1618 3559 1681 εὐσεϐοῦς
3607 1617 3882 1687 βασιλέως

2290 1712 2723 1777 Κωνσταντίνου,
2766 1712 3015 1782 οἰόμενος
3045 1710 3110 1764 δι’
3138 1710 3303 1764 αὐτοῦ
3335 1711 3428 1764 καὶ
3464 1710 3575 1762 τῶν
3606 1710 3743 1780 ἀμφ’
3782 1710 3881 1763 αὐ-

2290 1802 2382 1855 τὸν
2409 1802 2619 1855 ἀνελεῖν
2650 1803 2741 1855 τὸν
2769 1804 2883 1865 τοῖς
2911 1800 3004 1854 τοῦ
3030 1801 3165 1854 Θεοῦ
3184 1800 3570 1873 πεφραγμένον
3587 1800 3883 1868 ἀκαταμα-

611 1900 673 1939 se
708 1886 1021 1949 habere,”
1084 1885 1249 1954 ipsius
1303 1883 1503 1940 Christi
1560 1886 1795 1940 amantis
1855 1886 2187 1956 imperatoris

2303 1896 2485 1965 χὴτοις
2510 1894 2696 1957 ὅπλοις
2737 1895 3167 1948 Κωνσταντϊνον.
3200 1892 3512 1947 Συντίθεται
3543 1887 3637 1945 οὖν
3669 1890 3821 1960 αὐτῷ
3850 1892 3882 1941 6

612 1976 857 2043 epistola,
888 1990 1046 2045 quam
1102 1977 1167 2029 ad
1215 1973 1654 2031 Nicomedienses
1714 1976 1903 2041 misit,
1941 1991 2190 2045 comper-

616 2077 727 2121 tum
785 2081 906 2121 esse
954 2074 1151 2135 potest.
1194 2065 1286 2121 Sic
1334 2066 1474 2121 enim
1517 2067 1570 2120 in
1609 2066 1713 2122 (lue
1761 2066 1906 2123 illius
1956 2069 2194 2138 epistolae

612 2159 690 2211 ait
712 2158 824 2228 ﬁ):

2300 1985 2615 2056 Θαυμαστὸς
2648 1986 2928 2051 Εὐσέϐιος,
2961 1985 3318 2054 ἐπαγγελίαις
3366 1983 3694 2055 λιπαρηθεὶς
3722 1984 3880 2053 παρὰ

2299 2076 2393 2130 τοῦ
2438 2077 2768 2141 συνασεϐοῦς
2809 2077 2975 2131 αὐτοῦ
3035 2078 3303 2131 Λικινίου.
3341 2076 3464 2131 Ὀτι
3496 2076 3670 2129 ταῦτα
3702 2074 3883 2138 οὕτως

2301 2164 2431 2236 ἔχει,
2466 2167 2524 2233 ἐξ
2555 2167 2725 2238 αὐτῆς
2767 2165 2861 2220 τοῦ
2894 2166 3238 2237 φιλοχρίστου
3274 2157 3539 2236 βασιλέως
3587 2163 3883 2231 ἐπιστολῆς

611 2254 787 2307 ἔνεστι
841 2251 1348 2325 πληροφορηθῆναι,
1413 2246 1482 2322 ἧς
1548 2255 1662 2316 τοῖς
1725 2253 2127 2324 Νικομηδεῦσιν
2199 2257 2531 2327 ἐπέστειλεν,
2578 2254 2683 2315 ὧδέ
2734 2278 2849 2325 πως
2901 2260 3074 2329 λέγων
3119 2260 3256 2331 πρὸς
3308 2259 3386 2331 τῷ
3430 2259 3572 2313 τέλει
3624 2257 3725 2328 τῆς
3752 2258 3882 2309 ἐπι-

613 2345 807 2414 στολῆς
827 2361 842 2376 ·

683 2438 815 2503 Quis
852 2437 1195 2492 innocentem
1232 2434 1627 2490 multitudinem
1662 2433 1765 2489 ista
1801 2436 2026 2490 docuit?
2076 2437 2186 2491 Eu-

612 2531 794 2586 sebius
828 2529 1081 2584 videlicet
1111 2529 1407 2599 tyrannica:
1442 2528 1776 2583 crudelitatis
1805 2531 2006 2586 socius.
2053 2530 2184 2586 Nam

612 2622 755 2690 quod
800 2620 1097 2675 excubaret
1139 2627 1194 2673 et
1225 2620 1449 2673 omnino
1496 2617 1743 2684 vigilaret
1789 2634 1885 2690 pro
1936 2630 2183 2690 tyranno,

611 2726 681 2767 ex
718 2711 904 2765 multis
940 2709 1085 2765 illius
1115 2710 1279 2773 rebus
1307 2707 1473 2778 gestis
1508 2707 1667 2762 facile
1723 2719 1903 2778 potest
1937 2710 2183 2779 intelligi.

614 2804 890 2871 Siquidem
922 2800 1065 2856 istud
1094 2801 1488 2870 episcoporum,
1539 2814 1835 2870 eorumque
1894 2817 2020 2857 vere
2072 2802 2188 2872 epi-

612 2910 897 2965 scoporum
928 2894 1101 2948 caedes
1126 2904 1386 2947 testantur
1410 2907 1427 2957 ;
1456 2891 1597 2945 istud
1626 2893 1995 2947 crudelissima
2029 2895 2187 2949 Chri-

611 2989 911 3040 stianorum
960 2982 1263 3054 persecutio
1307 2981 1482 3052 palam
1532 2984 1747 3038 clamat.
1804 2983 1989 3053 Neque
2046 2993 2193 3039 certe

611 3080 678 3132 de
705 3079 771 3133 iis
817 3091 937 3147 quze
966 3084 1156 3131 contra
1189 3089 1275 3130 me
1318 3074 1445 3144 egit,
1484 3076 1583 3130 hoc
1632 3075 1751 3130 loco
1780 3077 1941 3131 verba
1975 3077 2192 3142 faciam,

2365 2437 2460 2501 Τίς
2491 2438 2642 2489 ἐστιν
2675 2437 2703 2490 6
2736 2434 2910 2490 ταῦτα
2951 2434 3173 2499 διδάξας
3198 2431 3370 2497 οὕτως
3402 2433 3608 2487 ἀκακον
3638 2433 3879 2505 πλῆθοςς

2296 2531 2555 2593 Εὐσέϐιος
2599 2528 2800 2601 δηλαλὴ
2840 2531 2869 2582 6
2905 2528 3005 2598 τῆς
3045 2527 3378 2598 τυραννικῆς
3417 2526 3700 2597 ὠμότητος
3734 2546 3879 2600 συμ-

2298 2622 2528 2695 μύστης.
2554 2619 2681 2674 Ὅτι
2710 2619 2819 2688 γὰρ
2850 2608 3124 2688 πανταχοῦ
3146 2616 3240 2669 τοῦ
3273 2616 3537 2687 τυράννου
3581 2617 3880 2687 γεγένηται

2294 2712 2635 2785 προσφύλαξ,
2668 2708 2999 2779 πολλαχόθεν
3030 2709 3146 2761 ἐστι
3191 2708 3443 2778 συνορᾷν.
3476 2705 3647 2760 Τοῦτο
3678 2707 3778 2778 μὲν
3816 2711 3881 2763 αἱ

2292 2802 2399 2857 τῶν
2445 2802 2760 2856 ἐπισκόπων
2800 2800 3007 2870 σφαγώ¹
3040 2799 3527 2869 διαμαρτύρονται,
3581 2798 3719 2852 ἀλλὰ
3766 2800 3881 2854 τῶν

2290 2893 2506 2965 ἀληθῶς
2560 2892 2912 2945 ἐπισκόπων·
2962 2890 3121 2943 τοῦτο
3166 2890 3223 2942 δέ
3270 2892 3303 2959 ἡ
3348 2889 3706 2961 χαλεπωτάτη
3765 2893 3881 2949 τῶν

2284 2982 2636 3063 Χριστιανῶν
2666 2981 2913 3045 ἐκδίωξις
2941 2980 3238 3052 διαρρήδην
3271 2979 3388 3050 βοᾷ.
3432 2981 3597 3035 Οὐδὲν
3627 2982 3737 3053 γὰρ
3765 2982 3881 3036 τῶν

2296 3078 2373 3138 είς
2407 3074 2507 3144 ἐμὲ
2536 3073 2923 3143 γεγενημένων
2951 3072 3083 3143 παρ’
3112 3071 3276 3124 αὐτοῦ
3306 3071 3403 3123 νῦν
3435 3072 3563 3143 ἐρῶ,
3596 3073 3665 3127 δι’
3687 3067 3764 3127 ὧν
3790 3074 3880 3128 ὅτι

613 3183 710 3238 per
779 3182 902 3237 qua:
974 3163 1407 3220 adversariorum
1478 3174 1666 3219 contra
1735 3180 1820 3220 me
1893 3181 2187 3222 concursus

2300 3166 2534 3236 μάλιστα
2581 3166 2637 3217 αἱ
2667 3163 2775 3217 τῶν
2807 3163 3067 3216 ἐναντίων
3104 3162 3287 3232 μερῶν
3333 3162 3453 3215 καθ’
3498 3162 3657 3232 ἡμῶν
3702 3166 3880 3235 ἐπρα-Δ

612 3270 872 3329 quantum
909 3258 1024 3312 fieri
1075 3265 1290 3326 poterat
1334 3257 1571 3311 maxime
1620 3257 2067 3325 procurabantur,
2096 3260 2186 3326 qui

614 3353 788 3407 oculis
857 3362 1110 3419 tanquam
1176 3348 1600 3417 speculatoribus
1658 3363 1747 3402 me
1808 3349 2113 3404 observavit
2169 3367 2183 3404 :

612 3443 740 3512 quin
772 3442 934 3496 etiam
968 3439 1270 3494 ministerio
1303 3453 1470 3509 prope
1518 3439 1765 3503 militari,
1816 3455 1923 3508 quo
1958 3448 2187 3510 tyranno

612 3550 768 3604 opem
819 3534 1003 3599 ferret,
1062 3531 1378 3601 perfunctus
1427 3542 1533 3587 est.
1588 3532 1666 3588 Ac
1705 3547 1863 3587 nemo
1913 3534 2188 3587 existimet

612 3641 700 3681 me
744 3625 1088 3694 imparatum,
1144 3623 1427 3692 minusque
1467 3623 1792 3679 instructum
1847 3639 1968 3680 esse
2021 3626 2185 3680 etiam

612 3716 680 3769 ad
716 3715 847 3769 istas
874 3728 982 3778 res,
1018 3713 1064 3767 si
1103 3727 1240 3783 opus
1272 3711 1453 3776 fuerit,
1489 3714 1813 3768 certissimis
1853 3715 2188 3783 argumentis

612 3806 1048 3871 conlirmandas;
1099 3804 1379 3860 verissime
1409 3804 1552 3858 enim
1580 3804 1794 3860 ostendi
1850 3813 2045 3874 potest,
2073 3816 2184 3859 tum

614 3896 981 3967 presbyteros,
1015 3905 1125 3949 tum
1178 3896 1438 3950 diaconos
1474 3910 1502 3947 a
1538 3909 1623 3949 me
1658 3894 1951 3950 manifesto
1985 3894 2182 3965 depre-

564 3979 572 3984 ’
615 3990 833 4055 hensos,
864 3987 956 4055 qui
989 3987 1277 4042 Eusebium
1310 3986 1530 4041 assidue
1578 3986 1873 4055 stipabant.
1922 3986 2029 4041 Sed
2071 3987 2187 4041 haec

616 4093 725 4133 non
756 4091 822 4132 eo
868 4077 1122 4130 dicuntur
1151 4090 1180 4128 a
1217 4089 1323 4136 me,
1381 4075 1526 4143 quod
1581 4075 1696 4144 ipse
1742 4090 1805 4129 ea
1853 4074 2090 4143 graviter
2131 4085 2187 4131 et

617 4168 803 4237 iniquo
831 4167 1015 4221 animo
1042 4164 1234 4231 feram,
1272 4164 1364 4219 sed
1400 4179 1505 4233 quo
1536 4180 1630 4221 eos
1660 4179 1774 4220 suae
1814 4165 2050 4235 ipsorum
2086 4181 2185 4235 pn-

618 4261 745 4313 deat
775 4256 1016 4310 insaniae.
1044 4254 1176 4308 Illud
1206 4254 1380 4308 solum
1416 4263 1615 4317 metuo,
1646 4254 1770 4309 illud
1798 4254 1978 4309 animo
2004 4270 2183 4317 verso,

618 4347 760 4418 quod
795 4362 893 4402 vos
928 4346 1083 4400 video
1141 4346 1193 4399 in
1241 4344 1401 4413 hujus
1447 4344 1690 4401 criminis
1724 4346 2038 4400 societatem
2092 4360 2187 4398 vo-

617 4441 776 4496 cari:
832 4454 958 4494 nam
1007 4438 1347 4493 institutione
1384 4436 1601 4492 Eusebii
1644 4446 1701 4492 et
1752 4438 2182 4501 conversatione,

2295 3256 2633 3327 γματεύοντο
2662 3253 2958 3325 συνδρομαί
2981 3269 2995 3283 ⁸
3041 3249 3194 3317 οὗτος
3225 3255 3318 3307 καὶ
3350 3255 3665 3325 ὀφθαλμοὺς
3704 3273 3879 3310 καταο

2298 3349 2533 3411 σκόπους
2571 3347 2786 3417 ἔπεμπε
2819 3347 2940 3400 κατ’
2972 3346 3131 3416 ἐμοῦ,
3162 3347 3260 3400 καὶ
3293 3347 3454 3415 μόνον
3490 3348 3588 3401 οὐκ
3614 3348 3877 3412 ἐνόπλους

2293 3439 2373 3510 τῷ
2396 3439 2645 3510 τυράννῳ
2690 3437 3072 3507 συνεισέφερεν
3100 3436 3421 3506 ὑπουργίας.
3469 3438 3609 3507 Μηδ*
3646 3439 3749 3508 ἐμέ
3791 3456 3877 3502 τις

2293 3533 2488 3587 οἰέσθω
2542 3527 2682 3585 εἶναι
2739 3530 3033 3599 πρδςντὴν
3089 3527 3296 3581 τούτων
3339 3528 3616 3593 ἀπόδειξιν
3654 3532 3877 3601 ἀπαρά-

2296 3641 2521 3679 σκευον·
2554 3623 2775 3692 ἐλεγχος
2816 3620 2926 3690 γάρ
2960 3621 3108 3673 ἐστιν
3149 3618 3404 3691 ἀκριϐὴς,
3448 3620 3530 3673 ὅτι
3581 3621 3708 3685 τούς
3738 3639 3873 3692 πρε-

2295 3716 2591 3787 σϐυτέρους
2619 3713 2861 3775 καὶτοὺς
2891 3712 3170 3774 διακόνους
3216 3711 3345 3773 τούς
3392 3711 3637 3781 Εὐσεϐίῳ
3698 3729 3875 3784 παρα-

2294 3806 2682 3878 πεμπομένους
2706 3800 3169 3875 [παρεπομένους]
3198 3802 3448 3871 φανερῶς
3474 3802 3563 3855 ὐπ’
3580 3802 3717 3872 ἐμοῦ
3746 3820 3872 3856 συν-

2292 3898 2567 3969 ειλῆφθαι,
2614 3896 2943 3965 συνέστηκεν
2991 3892 3408 3965 [παρέστηκεν].
3488 3893 3657 3948 Ἀλλά
3700 3894 3870 3949 ταῦτα

2296 3992 2397 4063 μὲν
2428 3988 2558 4059 παρ’
2588 3987 2747 4059 ἡμῶν
2782 3986 2876 4039 νῦν
2910 3987 3011 4039 οὐκ
3050 3986 3480 4056 ἀγανακτήσεως
3518 3985 3726 4052 ἕνεκεν,
3757 3986 3874 4039 ἀλλ’

2293 4085 2375 4146 εἰς
2424 4082 2689 4151 αἰσχύνην
2735 4078 2958 4132 ἐκείνων
2999 4079 3414 4148 προενήνεκται.
3460 4077 3666 4130 Ἐκεῖνο
3716 4078 3869 4147 μόνον

2292 4173 2463 4235 δέδια,
2496 4172 2674 4225 ἐκεῖνο
2705 4166 3104 4237 διαλογίζομαι,
3147 4166 3229 4219 ὅτι
3278 4165 3424 4235 ὑμᾶς
3450 4163 3561 4235 δρῶ
3610 4163 3748 4235 πρὸς
3774 4163 3866 4233 τὴν

2290 4263 2388 4317 τοῦ
2441 4262 2786 4333 ἐγκλήματος
2814 4257 3101 4313 καλεῖσθαι
3147 4255 3428 4309 κοινωνίαν
3452 4270 3469 4287 ο
3519 4253 3606 4307 διὰ
3635 4253 3743 4324 γάρ
3775 4256 3867 4323 τῆς

2295 4354 2559 4408 Εὐσεϐίου
2616 4351 2893 4421 διαγωγῆς
2923 4366 2981 4403 τε
3030 4349 3126 4402 καλ⁴
3173 4346 3526 4417 διαστροφῆς,
3573 4345 3866 4414 συνείδησιν

2295 4445 2715 4518 κεχωρισμένην
2745 4446 2843 4514 τῆς
2869 4440 3128 4512 ἀληθείας
3162 4439 3439 4510 εἰλήφατε.
3484 4437 3625 4490 Ἀλλ’
3646 4436 3790 4489 ἔστιν
3808 4436 3863 4489 οὐ

616 4531 946 4589 conscientia
979 4539 1158 4584 vestra
1186 4545 1213 4583 a
1249 4529 1478 4583 veritate
1506 4528 1742 4587 deﬂexit.
1783 4526 1982 4583 Verum
2033 4528 2187 4595 lmjns

2297 4540 2519 4611 βραδεῖα
2551 4536 2838 4609 θεραπεία,
2860 4536 2974 4603 είγε
3002 4533 3299 4588 ἐπίσκοπον
3329 4530 3519 4584 πιστόν
3548 4545 3608 4582 τε
3629 4528 3724 4582 καλ⁸
3750 4526 3867 4580 ἀκέ-

617 4624 695 4680 rei
730 4623 979 4693 expedita
1010 4631 1094 4676 est
1124 4631 1180 4676 et
1209 4620 1387 4675 facilis
1414 4622 1647 4686 curatio,
1702 4620 1745 4675 si
1794 4621 1952 4674 modo
1980 4619 2191 4690 episco-

616 4731 743 4787 pum
798 4713 1007 4769 fidelem
1048 4723 1104 4767 et
1138 4712 1406 4783 integrum
1461 4712 1624 4776 nacti,
1678 4711 1866 4767 oculos
1918 4713 1985 4766 ad
2023 4712 2188 4765 Deum

616 4809 793 4862 denuo
824 4804 1227 4861 converteritis.
1272 4803 1422 4869 Quod
1457 4803 1673 4871 quidem
1708 4803 1759 4858 in
1796 4804 2080 4873 praesentia
2109 4813 2194 4857 est

617 4896 670 4951 in
700 4909 879 4952 vestra
909 4898 1071 4951 situm
1133 4904 1424 4964 potestate,
1474 4896 1725 4963 quodque
1774 4896 1937 4949 etiam
1987 4894 2190 4948 dudum

617 4990 784 5044 vestri
815 4990 1022 5043 arbitrii
1053 4988 1271 5054 fuisset,
1319 4987 1422 5041 nisi
1466 4986 1728 5041 Eusebius
1783 4985 1922 5056 ipse,
1972 4986 2042 5041 de
2085 5001 2192 5055 quo

619 5080 751 5144 dixi,
782 5094 947 5148 pravo
989 5094 1177 5133 eorum
1228 5080 1316 5147 qui
1357 5093 1480 5132 emn
1514 5078 1771 5146 juverunt
1818 5077 2045 5133 consilio
2090 5078 2194 5133 huc

618 5184 861 5241 prmsens
898 5169 1116 5234 ruisset,
1149 5178 1203 5223 et
1238 5180 1444 5223 rectum
1480 5169 1709 5239 eligendi
1742 5169 1986 5224 ordinem
2019 5170 2192 5239 impu-

620 5262 814 5315 denter
860 5261 1264 5315 conturbasset.
1327 5261 1434 5314 Sed
1491 5260 1747 5330 quoniam
1803 5261 1931 5315 mihi
1979 5262 2047 5315 de
2095 5263 2195 5317 hoc

620 5353 738 5421 ipso
773 5351 1002 5406 Eusebio
1044 5366 1211 5421 pauca
1246 5353 1382 5421 apud
1419 5366 1513 5405 vos
1542 5351 1764 5406 dicenda
1799 5360 1944 5417 sunt,
1981 5367 2188 5422 quaeso,

618 5443 849 5499 libenter
892 5443 1171 5498 attendite.
1215 5442 1331 5498 Non
1378 5457 1475 5497 vos
1505 5444 1744 5513 praeterit
1774 5445 2065 5500 concilium
2097 5444 2193 5499 Ni-

617 5551 742 5591 caeae.
786 5535 1145 5600 celebratum,
1183 5536 1270 5591 cui
1307 5537 1442 5606 ipse,
1472 5536 1616 5591 sicut
1663 5538 2010 5594 conscientia:
2057 5553 2192 5593 mea:

617 5644 813 5684 munus
844 5628 1165 5698 postulabat,
1201 5629 1420 5684 interfui
1453 5648 1468 5685 :
1521 5646 1628 5685 non
1656 5630 1763 5684 alio
1808 5645 1940 5686 sane
1962 5632 2188 5697 ‘animo,

686 5811 898 5870 “Antid
930 5810 1199 5868 Theodor.
1231 5810 1324 5865 Ill).
1353 5825 1368 5864 ι
1404 5807 1542 5865 Hist.
1567 5825 1686 5879 cap.
1714 5809 1807 5864 20.

2294 4650 2444 4704 ραιον
2470 4632 2566 4685 νῦν
2606 4630 2736 4700 γοῦν
2766 4629 3044 4691 λαϐόντες,
3087 4626 3223 4697 πρὸς
3261 4623 3395 4677 Θεὸν
3425 4622 3672 4692 ἀπίδητε.
3699 4621 3864 4688 Ὅπερ

2292 4726 2388 4777 ἐπὶ
2417 4723 2512 4777 τοῦ
2555 4724 2822 4795 παρόντος
2852 4724 2909 4774 ἐν
2949 4720 3076 4791 ὑμῖν
3107 4720 3276 4781 ἐστιν,
3312 4716 3341 4768 ὃ
3382 4715 3476 4768 καλ.
3509 4713 3679 4767 πάλαι
3709 4711 3864 4782 ἐχρῆν

2292 4818 2394 4888 τῆς
2426 4816 2702 4885 ὑμετέρας
2754 4812 2988 4883 κρίσεως
3018 4808 3312 4880 ⁴ἠρτῆσθαι,
3344 4808 3394 4860 εί
3444 4806 3520 4875 μὴ
3557 4807 3586 4858 6
3617 4819 3865 4875 προειρη-

2299 4908 2461 4979 μένος
2491 4906 2749 4968 Εύσέϐιος
2784 4905 2931 4974 δεινῇ
2961 4900 3069 4955 τῶν
3112 4901 3234 4953 τότε
3272 4896 3688 4967 συλλαϐομένων
3728 4894 3865 4963 αὐτῷ

2292 4997 2614 5069 προαιρέσει
2663 4994 2896 5048 ἐνταῦθα
2946 4990 3216 5062 ἐληλύθει,
3264 4990 3358 5043 καὶ
3401 4988 3501 5058 τὴν
3532 4986 3632 5057 τῆς
3669 4984 3864 5048 τάξεως

2291 5088 2558 5158 ὀρθότητα
2587 5084 2956 5154 ἀναισχύντως
2989 5080 3391 5150 συνεπεπράχει
3440 5078 3551 5151 lia.
3597 5093 3867 5129 συνετετσ-

2297 5177 2495 5249 ράχει].
2540 5177 2680 5230 Ἀλλ’
2707 5175 2897 5245 ἐπειδὴ
2934 5175 3061 5245 περὶ
3106 5173 3202 5225 τοῦ
3234 5169 3401 5225 αὐτοῦ
3445 5167 3709 5222 Εὐσεϐίου
3742 5166 3867 5236 πρὸς

2292 5271 2391 5344 τὴν
2421 5270 2696 5340 ὑμετέραν
2747 5267 2966 5336 ἀγάπην
3010 5265 3165 5334 ὀλίγα
3196 5263 3441 5335 προσῆκε
3490 5260 3718 5329 φράσαι,
3774 5276 3868 5327 μα-

2296 5362 2587 5434 κροθύμως
2619 5358 2909 5413 ἀκούσατε,
2942 5357 3234 5426 Μέμνηται
3263 5358 3296 5424 ἡ
3336 5351 3580 5424 ὑμετέρα
3622 5348 3865 5412 ἀνεξικα-

2298 5454 2414 5517 κία,
2455 5453 2548 5505 ἐπὶ
2594 5451 2696 5521 τῆς
2727 5448 2975 5502 Νικαέων
3021 5446 3230 5508 πόλεως
3271 5441 3601 5512 γεγενῆσθαι
3659 5436 3866 5490 σύνοδον

2295 5542 2645 5597 ἐπισκόπων·
2794 5538 2890 5594 καὶ
2927 5539 3088 5601 αὐτὸς
3130 5535 3240 5604 ἐγὼ
3285 5533 3607 5605 πρεπόντως
3657 5530 3725 5599 τῇ
3771 5526 3865 5598 τῆς

2293 5632 2437 5704 ἐμῆς
2479 5631 2839 5695 συνειδήσεως
2882 5628 3108 5701 λατρεία
3162 5625 3449 5696 παρήμην,
3495 5621 3644 5675 οὐδὲν
3684 5620 3864 5687 ἕτερον
