4154 6546
332 365 464 430 1221

1196 364 1601 426 'HISTORIA
1641 357 1977 421 CONCILII
2016 355 2323 417 NIC/ENI.
2361 382 2428 393 -
2467 360 2612 420 LIB.
2654 361 2706 422 Ι.

3463 360 3600 425 1222

326 479 675 551 βουλόμενος,
707 477 741 549 ἢ
773 477 1028 548 ὁμόνοιαν
1056 477 1265 531 ἀπασιν
1285 474 1652 546 ἐργάσασθαι,
1686 472 1782 526 καὶ
1806 471 1911 541 πρὸ

2022 482 2182 541 quam
2220 477 2280 521 ut
2328 478 2438 522 tum
2489 471 2831 527 concordiam
2886 471 3029 529 inter
3070 486 3259 530 omnes
3302 476 3601 531 constitue-

326 574 548 627 πάντων
578 569 796 638 ἐλέγξαι
828 570 925 622 καὶ
954 568 1357 623 ἀποσείσασθαι
1386 568 1447 621 τὸ
1482 568 1716 637 πρᾶγμα
1743 563 1922 627 τοῦτο,

321 662 351 715 ὃ
392 662 492 732 τὴν
523 660 622 731 μέν
647 660 823 731 ἀρχὴν
854 658 1068 728 εἰλήφει
1100 657 1188 713 διά
1208 659 1305 729 τῆς
1328 656 1542 731 ’Δρείου
1567 657 1660 711 τοῦ
1685 653 1928 720 Ἀλεξανο

322 753 495 822 δρέως
517 752 798 817 ἀπονοίας,
832 753 1234 822 ίσχυροποιεῖτο
1252 751 1310 804 δέ
1335 751 1682 824 παραχρῆμα
1710 747 1801 803 διά
1823 749 1923 818 τῆς

323 842 590 895 Εὑσεϐίου
641 843 845 895 ἀτόπου
912 859 973 895 τε
1022 842 1118 895 καὶ
1169 841 1420 913 ὀλεθρίας
1480 841 1737 912 σπουδῆς.
1781 839 1923 895 Ἀλλ’

324 936 489 999 αὑτὸς
514 928 669 997 οὗτος
699 933 983 999 Εὐσέϐιος,
1016 933 1475 1005 προσφιλέστατοι
1523 933 1619 986 καὶ⁸
1660 930 1926 1001 τιμιώτα-

323 1044 428 1093 τοι,
466 1025 586 1097 μεθ’
630 1026 763 1095 ὅσης
803 1022 1057 1095 νομίζετε
1092 1024 1406 1097 συνδρομῆς
1450 1025 1544 1077 ἀτε
1581 1022 1645 1093 δὴ
1676 1021 1781 1075 ὑπὸ
1824 1020 1923 1091 τῆς

327 1118 691 1188 συνειδήσεως
721 1117 895 1187 αὐτῆς
920 1115 1259 1188 ἡττώμενος,
1284 1115 1404 1187 μεθ’
1428 1116 1560 1186 ὅσης
1580 1114 1637 1167 δὲ
1656 1113 1922 1183 αἰσχύνης

323 1212 392 1281 τῇ
439 1208 781 1279 πανταχόθεν
821 1207 1164 1281 ἐληλεγμένῃ
1207 1206 1533 1278 ψευδολογίᾳ
1580 1205 1749 1259 αὑτοῦ
1798 1221 1921 1258 συν-

330 1302 536 1368 ίστατο,
592 1300 938 1372 ὑποπέμπων
973 1302 1074 1372 μέν
1122 1318 1213 1371 μοι
1268 1300 1560 1371 διαφόρους
1601 1299 1728 1361 τοὺς
1779 1297 1920 1367 ὑπὲρ

326 1394 500 1450 αὑτοῦ
522 1394 834 1460 ἀξιοῦντας,
866 1392 1253 1464 ἐξαιτούμενος
1282 1392 1338 1445 δὲ
1369 1392 1501 1462 παρ’
1534 1391 1669 1462 ἐμοῦ
1702 1408 1921 1461 συμμα-

328 1487 452 1557 χίαν
482 1487 626 1555 τινὰ,
653 1487 801 1549 ὅπως
834 1486 912 1556 μὴ
940 1484 1033 1538 ἐπὶ
1073 1484 1315 1554 τοσούτῳ
1345 1483 1622 1555 ἐλεγχθεὶς
1660 1483 1921 1554 πλημμε-

328 1578 555 1649 λήματι,
592 1577 691 1648 τῆς
723 1575 1077 1647 ὑπαρχούσης
1106 1573 1256 1644 αὑτῷ
1278 1574 1501 1627 ἐκπέσοι
1527 1574 1730 1644 τιμῆς;
1760 1574 1917 1643 Μάρ-

331 1687 430 1734 τυς
462 1671 581 1723 ἐστί
614 1687 704 1740 μοι
748 1669 954 1723 τούτων
1009 1668 1173 1731 αὑτὸς
1223 1670 1251 1721 ὁ
1279 1666 1434 1731 Θεὸς,
1473 1667 1528 1731 ὃς
1576 1668 1700 1737 ἐμοί
1728 1684 1787 1719 τε
1824 1666 1918 1720 καὶ

2027 573 2181 623 rem;
2222 568 2332 612 tum
2357 561 2597 615 omnium
2620 563 2857 619 maxime
2885 574 2944 619 ιιι
2979 567 3330 636 reprimerem
3380 571 3599 637 penitus

2027 662 2082 706 et
2122 651 2503 709 submoverem
2554 669 2674 709 eam
2716 671 2897 711 rerum
2940 659 3426 726 perturbationem.
3478 675 3599 729 quae

2026 758 2091 799 ex
2127 744 2243 797 Arii
2279 744 2627 800 Alexandrini
2656 748 2892 807 amentia
2920 757 3059 814 orta,
3088 750 3232 805 illico
3258 765 3325 805 ex
3361 750 3599 805 absurdo

2027 844 2082 891 et
2125 836 2434 905 pernicioso
2485 848 2682 892 conatu
2734 838 2952 894 Eusebii
2981 842 3123 896 vires
3170 842 3409 911 collegit.
3459 840 3594 895 Nam

2025 934 2229 995 quanta
2264 927 2645 993 concursione,
2680 929 3039 984 amantissimi
3084 930 3600 1000 honoratissimique

2028 1016 2251 1084 fratres,
2284 1019 2482 1086 putatis
2512 1017 2671 1073 istum
2710 1019 3023 1084 Eusebium,
3072 1030 3255 1089 utpote
3306 1022 3417 1090 ipsa
3465 1036 3600 1076 con-

2024 1108 2250 1164 scientia
2286 1111 2616 1177 convictum,
2671 1121 2874 1181 quanta
2904 1126 3027 1167 cum
3079 1112 3396 1180 ignominia,
3450 1127 3600 1167 men-

2029 1201 2200 1256 daciis
2251 1204 2490 1272 undique
2528 1204 2901 1273 deprehensis,
2957 1217 3270 1272 aggressum
3325 1218 3447 1258 esse
3485 1203 3601 1273 pri-

2026 1307 2172 1347 mum
2214 1303 2395 1349 certos
2424 1295 2686 1361 quosdam
2723 1294 2970 1349 homines
3018 1293 3315 1348 subornare
3361 1294 3453 1362 qui
3500 1308 3599 1364 pro

2021 1398 2088 1440 eo
2123 1385 2566 1454 deprecarentur,
2599 1386 2795 1442 deinde
2827 1402 2857 1441 a
2889 1402 2979 1442 me
3002 1386 3261 1441 auxilium
3296 1395 3501 1455 petere,
3530 1400 3600 1441 ne

2022 1478 2159 1543 tanti
2186 1477 2411 1532 sceleris
2444 1479 2751 1538 damnatus,
2788 1478 2854 1533 de
2886 1480 3102 1534 honoris
3147 1480 3230 1535 sui
3261 1480 3431 1549 gradu
3462 1480 3600 1548 deji-

2018 1570 2293 1624 ceretur?
2342 1569 2513 1637 llujus
2552 1573 2627 1625 rei
2660 1571 2813 1626 testis
2843 1582 2924 1627 est
2958 1572 3088 1627 mihi
3138 1572 3301 1640 Deus,
3350 1573 3440 1643 qui
3485 1582 3595 1627 tum

2025 1661 2181 1727 mihi,
2222 1671 2332 1716 tum
2369 1662 2527 1717 vobis
2558 1663 2823 1731 benignus
2854 1675 3115 1733 perpetuo
3149 1667 3310 1730 adsit,
3360 1666 3501 1727 quod
3543 1676 3600 1719 et

331 1761 461 1832 ὑμῖν
485 1759 804 1830 φιλαγάθως
835 1758 1115 1830 ἐπιμένοιο
1148 1760 1231 1812 ὅτι
1261 1760 1357 1812 καὶ
1387 1758 1487 1830 ἐμὲ
1518 1758 1679 1820 αὑτὸς
1712 1760 1917 1820 ἐκεῖνος

2022 1767 2200 1807 meum
2231 1755 2794 1824 pervertitjudicium,
2843 1766 2897 1810 et
2930 1757 3160 1826 turpiter
3191 1774 3219 1811 a
3241 1757 3477 1811 veritate
3501 1756 3595 1810 ab-

328 1824 589 1916 Εὑσέϐιος
631 1824 1011 1923 περιέτρεψε,
1070 1850 1169 1905 καὶ
1226 1824 1493 1922 ἀπρεπῶς
1551 1851 1912 1922 ὑφήρπασενο

2022 1841 2193 1896 duxit.
2223 1839 2328 1896 Sed
2360 1843 2538 1898 divina
2564 1844 2904 1913 providentia
2931 1847 2998 1900 ad
3020 1824 3230 1901 rectam
3267 1863 3351 1901 me
3382 1847 3599 1901 reduxit

327 1941 443 1996 ἀλλ’
477 1943 510 2011 ἡ
544 1940 665 1994 θεία
700 1958 769 2011 με
802 1940 1033 2011 πρόνοια
1070 1940 1164 1994 ἐπὶ
1198 1940 1297 2013 τὴν
1337 1940 1716 2012 ἀληθεστάτην
1748 1939 1917 2010 αὐτῆς
1947 2000 1951 2004 ›

327 2031 443 2086 ὁδὸν
474 2034 851 2103 ἐπανήγαγεν·
899 2031 927 2085 ὂ
972 2031 1066 2085 καὶ
1110 2031 1269 2103 ὑμεῖς
1315 2031 1613 2107 ἐπέγνωτε,
1657 2031 1753 2085 καὶ
1796 2032 1917 2083 ἐπι-

327 2120 624 2190 γνώσεσθε.
684 2123 871 2176 Πάντα
923 2122 1021 2193 μὲν
1078 2122 1188 2192 γάρ
1254 2121 1511 2192 ἐπράχθη
1564 2123 1693 2191 παρ’
1750 2122 1915 2175 αὑτοῦ

328 2212 471 2276 τότε,
505 2211 769 2265 Εὑσεϐίου
803 2210 900 2266 τοῦ
933 2213 1150 2267 ἀνοσίου
1184 2211 1354 2281 λέγω,
1389 2211 1571 2275 καθὼς
1600 2212 1761 2277 αὐτὸς
1790 2214 1919 2266 ἐπό-

329 2301 433 2366 θει,
461 2304 568 2356 πᾶν
619 2301 801 2356 ὁτιοῦν
824 2302 993 2357 κακὸν
1036 2303 1129 2356 ἐπὶ
1171 2302 1273 2371 τῆς
1312 2301 1478 2355 αὑτοῦ
1505 2301 1744 2366 διανοίας
1777 2303 1916 2356 ἀπο-

327 2394 729 2467 κρυπτόμενος.
776 2395 940 2449 Ἀλλά
971 2394 1184 2467 πρώην,
1224 2395 1311 2447 ἵνα
1340 2393 1409 2448 τά
1446 2394 1610 2448 λοιπά
1652 2396 1752 2465 τῆς
1792 2397 1918 2449 τοὺ-

329 2506 425 2543 του
460 2489 785 2560 σκαιότητος
812 2489 994 2561 παρῶ,
1026 2489 1079 2542 τί
1114 2489 1350 2561 μάλιστα
1387 2488 1525 2560 μετὰ
1554 2489 1835 2557 Θεογνίου,
1858 2489 1917 2543 ὂν

326 2580 429 2651 τῆς
469 2580 692 2645 ἀνοσίας
741 2579 906 2633 αὑτοῦ
953 2580 1332 2651 προαιρέσεως
1382 2579 1496 2650 ἔχει
1547 2579 1804 2633 κοινωνὸν
1834 2579 1915 2632 δι-

328 2676 631 2749 επράξατο,
669 2675 960 2746 ἀκούσατε,
985 2674 1311 2747 παρακαλῶ.
1346 2674 1733 2746 Ἀλεξανδρέας
1762 2674 1917 2738 τινὰς

326 2767 427 2838 τῆς
456 2766 735 2839 ἡμετέρας
761 2766 998 2838 πίστεως
1024 2767 1513 2838 ἀναχωρήσαντας,
1538 2765 1775 2819 ἐνταῦθα
1795 2766 1917 2818 ἐκε-

329 2857 610 2912 κελεύκειν
641 2856 1044 2928 ἀποσταλῆναι,
1069 2857 1259 2929 ἐπειδὴ
1294 2856 1382 2911 διά
1413 2858 1514 2928 τῆς
1542 2856 1749 2910 τούτων
1778 2858 1918 2928 ὑπη-

332 2950 540 3021 ρεσίας,
577 2949 843 3021 διχονοίας
864 2949 1120 3021 ἠγείρετο
1144 2950 1373 3021 πυρσός.
1409 2948 1549 3002 Ἀλλ’
1572 2945 1716 3003 οὑτοι
1744 2950 1794 3001 οἱ
1819 2966 1917 3002 κα-

329 3039 411 3093 λοί
445 3058 505 3094 τε
540 3041 634 3095 καὶ
668 3042 864 3110 ἀγαθοὶ
903 3042 1229 3107 ἐπίσκοποι,
1266 3040 1361 3105 οὓς
1394 3040 1544 3105 ἅπαξ
1572 3042 1605 3112 ή
1644 3041 1747 3111 τῆς
1793 3058 1917 3094 συν-

2019 1935 2185 1991 viam.
2218 1936 2369 2001 Quod
2406 1946 2460 1989 et
2488 1951 2585 1991 vos
2615 1938 2860 2001 novistis,
2889 1947 2944 1992 et
2974 1939 3313 2007 cognoscetis
3339 1938 3593 2007 amplius.

1996 2025 2154 2090 ,Nam
2192 2036 2303 2080 tum
2330 2027 2514 2081 omnia
2539 2037 2690 2098 gesta
2720 2039 2844 2082 sunt
2882 2044 2948 2084 ex
2975 2031 3090 2097 ejus
3139 2029 3316 2098 impii,
3354 2030 3596 2090 Eusebii,

2019 2119 2266 2189 inquam,
2306 2121 2598 2186 sententia,
2653 2121 2747 2191 qui
2805 2122 3102 2190 perniciem
3152 2136 3370 2176 omnem
3420 2123 3597 2177 adhuc

2019 2211 2158 2266 intra
2187 2213 2571 2283 cogitationem
2620 2229 2774 2268 suam
2827 2213 3063 2268 abditam
3115 2222 3169 2269 et
3213 2215 3483 2269 occultam
3515 2223 3597 2267 te-

2018 2306 2156 2358 nuit.
2184 2304 2265 2358 Ac
2297 2306 2552 2373 prinunn,
2591 2314 2647 2358 ut
2670 2313 2864 2359 caetera
2900 2305 3045 2360 illius
3080 2306 3333 2375 nequitia:
3356 2306 3599 2361 facinora

2000 2394 2362 2464 praeteream,
2402 2398 2605 2462 audite,
2654 2412 2861 2466 quaeso,
2930 2397 3061 2466 quid
3116 2413 3236 2451 cum
3300 2400 3598 2467 'flteogniu,

2017 2502 2176 2556 quem
2211 2489 2359 2557 impii
2400 2488 2627 2541 instituti
2670 2490 2753 2542 sui
2788 2490 2996 2543 socium
3026 2489 3277 2553 habebat,
3314 2499 3598 2560 perpetra-

2019 2582 2180 2636 verit.
2208 2584 2333 2652 lpse
2363 2583 2625 2651 quosdam
2657 2582 3075 2651 Alexandrinos,
3109 2583 3201 2654 qui
3231 2599 3260 2653 a
3292 2584 3395 2637 fide
3419 2593 3598 2635 nostra

2024 2670 2374 2735 defecerant,
2440 2675 2545 2725 huc
2597 2672 2734 2726 mitti
2790 2673 3100 2741 iusseram,
3158 2672 3598 2742 quandoquidem

2023 2779 2211 2818 eorum
2268 2778 2433 2833 opera
2473 2764 2679 2818 dissidii
2738 2762 2952 2817 flamma
3020 2764 3238 2818 incensa
3291 2773 3430 2817 erat.
3493 2761 3598 2817 Sed

2021 2858 2110 2913 isti
2160 2856 2370 2915 honesti
2423 2856 2656 2923 bonique
2711 2854 2919 2909 scilicet
2972 2854 3250 2922 episc0pi,
3282 2867 3419 2923 quos
3474 2867 3599 2907 vera

2016 2950 2234 3006 concilii
2299 2948 2611 3016 dijudieatio
2667 2947 2734 3001 ad
2782 2946 3157 3012 pwnitentiam
3203 2945 3465 3016 agendam
3517 2960 3603 2998 re«

2019 3052 2363 3107 servaverat,
2419 3058 2523 3096 non
2577 3041 2749 3096 solum
2791 3056 2885 3096 eos
2939 3041 3280 3094 admiserunt
3332 3039 3399 3091 ad
3429 3045 3604 3113 se,et

329 3133 449 3189 όδου
488 3133 715 3206 ἀλήθεια
743 3135 879 3206 πρὸς
929 3134 1218 3205 μετάνοιαν
1272 3135 1619 3205 ἐτετηρήκει,
1662 3135 1723 3188 οὑ
1755 3135 1912 3205 μόνον

2023 3152 2207 3192 secum
2283 3145 2399 3189 tuto
2467 3134 2847 3199 collocarunt,
2893 3148 3079 3187 verum
3152 3132 3316 3186 etiam
3386 3130 3601 3185 illorum

331 3225 581 3291 ἐδέξαντο
640 3225 902 3291 ἐκείνους,
960 3224 1055 3279 καὶ
1100 3225 1232 3295 παρ’
1276 3226 1492 3287 ἑαυτοῖς
1523 3224 1913 3294 ἠσφαλίσαντο,

332 3316 467 3371 ἀλλά
515 3318 608 3371 καὶ
640 3315 1005 3384 ἐκοινώνησαν
1053 3314 1235 3378 αὑτοῖς
1278 3314 1377 3383 τῆς
1418 3313 1527 3366 τῶν
1574 3316 1789 3383 τρόπων
1816 3330 1919 3365 κα·-

331 3408 612 3478 κοηθείας.
658 3408 756 3460 Διά
794 3407 953 3461 τοῦτο
995 3408 1125 3477 περὶ
1158 3407 1285 3470 τοὺς
1316 3405 1648 3477 ἀχαρίστους
1697 3405 1919 3467 τούτους

332 3499 525 3570 ἐκρινα
571 3497 798 3568 πρᾶξαι.
844 3497 1223 3568 Ἀρπαγέντας
1271 3498 1382 3567 γὰρ
1425 3498 1621 3559 αὑτοὺς
1656 3495 1919 3549 ἐκέλευσα

332 3592 411 3655 ὡς
443 3590 782 3664 πορῤωτάτω
808 3589 1174 3661 ἐξορισθῆναι.
1198 3589 1315 3642 Νῦν
1346 3589 1615 3660 ἡμέτερόν
1645 3591 1760 3641 ἐστι
1783 3589 1921 3660 πρὸς

331 3683 423 3736 τὸν
452 3682 585 3736 Θεὸν
616 3682 800 3755 ἐκείνῃ
826 3685 893 3753 τῇ
950 3681 1134 3733 πίστει
1187 3679 1406 3750 βλέπειν
1542 3680 1777 3734 πάντοτε
1822 3678 1920 3733 καὶ

331 3773 667 3843 γεγενῆσθαι
710 3774 860 3844 ἡμᾶς
900 3773 992 3825 καὶ
1026 3768 1166 3825 εἶναι
1206 3773 1429 3844 πρέπει,
1480 3774 1577 3825 καὶ
1614 3771 1919 3841 διαπράξα-

336 3867 461 3919 σθαι
486 3866 678 3930 οὕτως,
707 3866 793 3917 ἵνα
815 3864 1148 3927 ἐπισκόπους
1176 3864 1377 3933 ἁγνούς
1397 3880 1455 3917 τε
1481 3863 1576 3917 καὶ
1607 3864 1921 3935 ὀρθοδόξους

292 3948 303 3965 ’
335 3960 431 4012 καὶ
465 3955 881 4027 φιλανθρώπους
915 3956 1129 4027 ἔχοντες
1154 3957 1460 4027 χαίρωμεν.
1499 3956 1564 4008 Et
1589 3972 1671 4018 τις
1702 3954 1759 4007 δέ
1784 3955 1920 4027 πρὸς

340 4052 558 4120 μνήμην
608 4048 715 4101 τῶν
767 4046 1058 4117 λυμεώνων
1110 4047 1356 4111 ἐκείνων,
1406 4047 1441 4118 ἢ
1492 4046 1629 4117 πρὸς
1676 4046 1917 4113 ἔπαινον,

337 4137 688 4212 ἀπρονοήτως
734 4138 1034 4209 ἐξαφθῆναι
1082 4140 1383 4211 τολμήσει,
1432 4139 1778 4210 παραχρῆμα
1821 4139 1921 4209 τῆς

341 4232 475 4293 ἰδίας
512 4230 740 4302 τόλμης,
783 4230 869 4283 διὰ
922 4231 1022 4303 τῆς
1075 4229 1171 4283 τοῦ
1220 4230 1555 4301 θεράποντος
1608 4229 1703 4283 τοῦ
1757 4229 1918 4293 Θεοῦ,

336 4324 477 4377 τοῦτ’
510 4324 657 4376 ἐστιν
681 4323 840 4393 ἐμοῦ,
877 4322 1159 4401 ἐνεργείας
1191 4322 1652 4393 ἀνασταλήσεται.
1693 4322 1754 4376 '0
1785 4321 1922 4386 Θεὸς

342 4416 482 4487 ὑμᾶς
503 4415 843 4485 διαφυλάξοι,
888 4414 1108 4484 ἀδελφολ⁸
1142 4414 1437 4484 ἀγαπητοί.
1804 4406 1807 4407 ν

2021 3227 2332 3295 depravatis
2389 3227 2632 3280 moribus
2682 3227 3184 3281 communicarunt.
3241 3223 3601 3291 Quamobrem

2022 3319 2263 3389 ingratos
2310 3319 2442 3373 istos
2487 3320 2669 3387 aliquo
2717 3328 2878 3387 pacto
2932 3318 3240 3386 puniendos
3293 3317 3502 3380 censui,
3548 3324 3604 3368 et

2015 3410 2148 3478 jussi
2187 3421 2242 3462 ut
2289 3426 2317 3462 a
2350 3411 2465 3464 suis
2522 3411 2730 3480 abrepti
2786 3402 3024 3474 sedibus,
3079 3425 3235 3477 quam
3292 3408 3604 3477 longissime

2022 3502 2415 3571 relegarentur.
2483 3501 2601 3555 Jam
2662 3510 2904 3556 nostrum
2951 3514 3054 3565 est,
3104 3500 3304 3556 calide
3349 3502 3401 3553 in
3430 3500 3597 3553 Deum

2021 3592 2190 3646 aciem
2228 3592 2424 3646 mentis
2453 3602 2646 3645 vestra:
2679 3591 2975 3656 intendere,
3012 3591 3066 3644 in
3111 3607 3215 3659 qua
3255 3604 3351 3643 nos
3384 3604 3599 3656 semper

2022 3685 2294 3740 mansisse
2348 3694 2562 3739 constat
2607 3702 2622 3740 :
2688 3694 2740 3740 et
2789 3698 2932 3738 nunc
2976 3685 3139 3738 etiam
3172 3697 3389 3736 manere
3421 3682 3597 3746 decet,

2020 3791 2349 3848 omnemque
2383 3786 2595 3832 aetatem
2625 3777 2698 3831 ita
2728 3776 2944 3845 degere,
2978 3784 3038 3828 ut
3065 3775 3348 3845 episcopos
3373 3773 3597 3842 integri-

2026 3877 2137 3923 tate
2164 3870 2308 3933 vitae,
2346 3869 2612 3924 doctrinae
2645 3868 2900 3939 puritate,
2938 3878 3053 3922 tum
3078 3866 3411 3937 benignitate
3438 3868 3597 3919 etiam

2021 3960 2075 4017 in
2103 3976 2312 4024 omnes,
2346 3960 2576 4016 eximios
2613 3959 2895 4026 habentes,
2926 3958 3049 4028 jure
3080 3958 3343 4013 lmtetnnr.
3388 3957 3444 4013 Si
3479 3957 3601 4027 quis

2022 4066 2199 4109 autem
2228 4064 2432 4108 temere
2459 4066 2638 4124 pestes
2670 4054 2785 4109 illas
2810 4053 2893 4109 vel
2922 4053 3204 4119 memoria,
3236 4051 3319 4106 vel
3352 4051 3601 4106 laudibus

2021 4147 2298 4202 celebrare
2366 4148 2603 4212 audeat,
2673 4146 2957 4202 confestim
3038 4146 3179 4201 servi
3257 4145 3350 4200 Dei
3432 4160 3597 4215 opera

2023 4238 2308 4310 (meipsum
2355 4240 2498 4309 dico)
2551 4254 2741 4308 paruas
2785 4256 2895 4295 suae
2941 4239 3180 4294 audacia:
3229 4237 3400 4293 dabit.
3458 4237 3601 4293 Deus

2022 4346 2143 4397 vos,
2178 4332 2376 4387 fratres
2411 4333 2742 4401 charissimi,
2777 4332 3073 4389 incolumes
3099 4341 3299 4389 servet.

409 4506 595 4560 Ταῦτα
624 4508 719 4560 καὶ
747 4506 819 4560 τὰ
867 4506 1094 4561 τοιαῦτα
1129 4508 1158 4578 ή
1203 4505 1299 4559 τοῦ
1331 4505 1611 4575 θεοφιλοῦς
1661 4505 1920 4577 βασιλέως

2100 4507 2226 4564 Haec
2259 4508 2471 4579 aliaque
2500 4510 2584 4565 his
2620 4509 2815 4564 similia
2848 4508 2924 4576 pii
2961 4509 3305 4579 imperatoris
3333 4507 3605 4563 Constan-

339 4599 751 4652 Κωνσταντίνου
796 4598 1056 4668 ἐπιστολὴ
1095 4598 1409 4667 σαφέστατα
1443 4596 1609 4662 ἔδειξε
1644 4598 1777 4665 περὶ
1826 4595 1920 4649 τοῦ

339 4690 569 4753 ἀσεϐοῦς
604 4689 865 4743 Εὑσεϐίου
895 4688 990 4742 τοῦ
1046 4688 1437 4759 Νικομηδείας,
1487 4688 1547 4751 ὃς
1602 4686 1924 4759 προσφὺλαξ

339 4784 400 4837 οὑ
448 4783 608 4854 μόνον
653 4783 846 4852 γέγονε
876 4780 972 4835 τοῦ
1020 4781 1309 4852 θεομισοῦς
1344 4781 1614 4843 Λικινίου,
1660 4781 1797 4834 ἀλλά
1830 4783 1925 4834 καὶ

344 4874 667 4946 συμμύστης
696 4876 791 4929 καὶ
811 4874 1087 4945 ὑπουργὸς
1116 4873 1217 4945 τῆς
1250 4875 1459 4929 ἐκείνου
1492 4873 1804 4944 τυραννίδος
1831 4873 1925 4926 καὶ

341 4967 616 5030 ἀσεϐείας.
663 4968 841 5022 Βαδιῶ
891 4968 948 5021 δέ
987 4967 1237 5022 ἐντεῦθεν
1287 4968 1380 5021 ἐπὶ
1420 4967 1520 5039 τὴν
1553 4966 1924 5039 προκειμένην

340 5059 440 5129 τῆς
481 5058 938 5130 ἐκκλησιαστικῆς
963 5060 1205 5132 ἱστορίας
1237 5059 1518 5115 ὑπόθεσιν.

932 5194 1182 5250 ΚΕΦΑΛ.
1223 5196 1327 5250 ιΑν.

348 5304 485 5375 Περὶ
508 5303 613 5384 τῆς
647 5302 796 5384 κατὰ
810 5304 942 5384 *τοῦ
968 5305 1769 5384 ἀσεϐοῦς-,Λικινίουινίκης
1814 5307 1924 5363 τοῦ

556 5374 874 5443 θεοφιλοῦς
894 5374 1201 5442 βασιλέως
1230 5378 1709 5433 Κωνσταντίνου.

416 5506 661 5562 Λικινίου
692 5506 874 5561 τοίνυν
896 5507 992 5561 σὺν
1032 5511 1263 5581 στρατιᾷ
1292 5513 1359 5581 τῇ
1392 5511 1490 5564 σὺν
1517 5510 1666 5581 αὑτῷ
1693 5511 1802 5565 ἀπὸ
1824 5512 1925 5583 τῆς

346 5597 705 5670 Νικομηδέων
753 5598 1156 5671 ἐξορμήσαντος
1202 5601 1294 5653 ἐπὶ
1334 5602 1395 5656 τὸ
1438 5601 1730 5665 Βυζάντιον
1780 5602 1924 5657 κατά

347 5691 630 5759 θεοφιλοῦς
680 5691 1091 5745 Κωνσταντίνου
1133 5691 1225 5745 τοῦ
1270 5692 1535 5764 βασιλέως
1574 5695 1754 5748 ἐκεῖσε
1800 5696 1921 5750 τότε

349 5782 636 5854 παρόντος,
667 5781 774 5837 τῶν
807 5781 851 5836 δ’
884 5781 1162 5856 ἐκατέρων
1188 5784 1596 5856 στρατιωτικῶν
1626 5785 1923 5858 φαλάγγων

2029 4599 2124 4654 lini
2155 4600 2382 4669 epistola
2428 4599 2873 4656 manifestissime
2907 4603 3147 4656 ostendit
3200 4603 3267 4657 de
3311 4602 3476 4669 impio
3512 4600 3604 4653 illo

2030 4691 2263 4748 Eusebio
2282 4691 2612 4748 Nicomedia:
2634 4695 2908 4764 episc0po,
2941 4696 3030 4764 qui
3057 4710 3159 4749 non
3190 4695 3360 4750 solum
3389 4694 3602 4748 scelesti

2028 4785 2223 4842 Licinii
2260 4797 2635 4854 conservator,
2685 4786 2778 4842 sed
2819 4787 3117 4857 tyrannidis
3148 4796 3311 4855 atque
3357 4786 3599 4856 impieta~

2029 4877 2098 4933 tis
2136 4877 2252 4945 ejus
2300 4878 2553 4931 minister
2598 4886 2719 4932 erat
2762 4888 2815 4931 et
2850 4878 3088 4948 adjutor.
3129 4876 3311 4933 Redeo
3347 4878 3602 4946 deinceps

2027 4968 2095 5023 ad
2129 4968 2512 5025 ecclesiastica:
2542 4969 2782 5024 historia:
2811 4980 3209 5039 argumentum.

2669 5193 2818 5247 CAP.
2861 5192 2951 5247 XI.

2029 5306 2104 5363 De
2145 5307 2366 5361 victoria
2410 5309 2660 5378 quam_ab
2689 5309 2846 5374 impio
2884 5306 3091 5361 Licinio
3135 5308 3407 5378 religiosus
3439 5310 3598 5378 impe-

2360 5388 2509 5431 rator
2549 5376 2930 5433 Constantinus
2973 5376 3268 5446 reportavii.

2097 5510 2345 5568 Licinius
2374 5513 2537 5582 igitur
2581 5528 2645 5567 ex
2697 5513 3190 5569 Nicomediensium
3236 5517 3454 5583 regione
3496 5527 3599 5568 una

2026 5616 2151 5657 cum
2181 5602 2426 5657 exercitu
2473 5602 2794 5673 Byzantium
2840 5602 3181 5672 progreditur
3208 5613 3397 5654 contra
3434 5600 3603 5668 impe-

2027 5704 2264 5751 ratorem
2317 5694 2757 5759 Constantinum,
2804 5695 2895 5765 qui
2946 5705 3057 5749 tum
3107 5693 3219 5749 illic
3250 5690 3597 5747 subsistebat.

2026 5788 2134 5846 Sed
2170 5802 2290 5844 cum
2323 5787 2514 5845 ambas
2563 5788 2827 5845 militares
2865 5789 3012 5845 acies
3049 5788 3444 5857 Christigerum
3492 5783 3599 5839 im-
