4148 6612
564 421 712 487 1.293
1844 408 2150 470 GEIIASII
2188 406 2530 468 CYZICENI
2955 411 2965 419 '
3715 403 3875 465 1225.

574 542 878 605 peralorem
913 543 1114 585 corona
1145 528 1364 597 cingere
1385 524 1591 580 videret
1618 522 1918 593 ﬂagitiosus
1958 521 2068 582 ille.
2094 530 2150 575 et
2178 527 2212 581 Α

2248 518 2340 573 τὸν
2373 517 2752 588 Χριστοφόρον
2791 515 3024 588 βασιλέα
3066 515 3126 569 ὲν
3155 514 3341 588 κύκλῳ
3369 516 3548 572 αὐτῶν
3578 518 3875 590 ἐχουσῶν,

577 642 638 683 se
662 641 696 682 a
732 628 844 681 suis
867 623 932 677 ad
983 621 1424 693 praestantiorum
1454 618 1699 689 clypeum
1734 614 2147 683 transfugienti-

2260 609 2384 665 ίδὼν
2430 611 2459 662 ὁ
2488 609 2789 680 ἀλιτήριος,
2841 608 2937 661 καὶ
2983 608 3095 661 τῶν
3125 608 3343 662 οἰκείων
3390 609 3449 663 δὲ
3493 610 3877 681 στρατιωτῶν

573 718 677 773 bus
705 717 981 771 desertum
1006 712 1439 783 conspicaretur,
1493 709 1729 779 primum
1779 705 1841 760 in
1893 704 2150 773 oppidum

2256 700 2460 770 ἔρημον
2503 698 2696 754 ἑαυτὸν
2731 698 3090 770 θεασάμενος,
3120 698 3214 751 ἐπὶ
3243 700 3343 770 την
3365 700 3475 753 τῶν
3517 701 3876 772 κρειττόνων

578 808 848 880 Bithynia.-
871 806 1248 878 Chrysopolim
1286 802 1506 875 (navale
1529 803 1631 857 hoc
1653 808 1739 856 est
1765 796 2150 865 Chalcedonis)

2257 792 2461 847 ἀσπίδα
2498 793 3017 863 προσπεφευγότων,
3062 793 3132 844 τὰ
3170 790 3271 862 μὲν
3307 792 3502 862 πρῶτα
3530 793 3879 864 κρυπτάζε-

574 879 921 958 seseabdere
943 897 1262 968 cogitabat:
1295 911 1418 951 cum
1449 908 1580 948 vero
1611 894 1661 946 id
1699 906 1803 947 non
1840 897 2047 958 posset,
2097 896 2153 942 et

2260 882 2387 934 σθαι
2420 879 2750 944 ἐσπούδαζεν
2769 881 2827 934 ὲν
2860 880 3204 950 Χρυσοπόλει
3234 883 3301 953 τῇ
3332 880 3567 953 Βιθυνῷ·
3611 885 3881 937 ἐπίνειον

580 992 786 1047 videret
816 1003 876 1045 se
916 988 1017 1044 sub
1062 985 1403 1043 Constantini
1446 983 1672 1052 pedibus
1714 979 1870 1050 quasi
1921 990 2152 1046 pronum

2258 974 2316 1026 δὲ
2348 971 2509 1025 τοῦτο
2529 973 2631 1042 τῆς
2662 973 3005 1043 Χαλκηδόνος
3034 972 3171 1025 ἐστί·
3208 973 3283 1044 μὴ
3317 974 3569 1045 δυνηθεὶς
3610 974 3695 1042 δὲ,
3739 974 3881 1028 ἰδὼν

573 1083 867 1153 iacentem,
896 1081 1134 1149 seipsum
1173 1076 1399 1131 dedidit.
1440 1074 1576 1129 Cum
1607 1074 1769 1143 igitur
1789 1069 2150 1139 aequissimus,

2260 1063 2455 1118 ἑαυτὸν
2485 1063 2587 1135 ἤδη
2615 1063 2798 1134 πρηνῆ
2829 1062 3083 1131 κείμενον
3122 1061 3227 1114 ὐπὸ
3269 1066 3385 1126 τοῖς
3432 1065 3882 1118 Κωνσταντξνου

573 1152 727 1240 iuxta
758 1183 823 1223 ac
868 1166 1308 1236 religiosissimus
1339 1164 1632 1233 imperator
1664 1162 1844 1215 vivum
1896 1163 2154 1228 cepisset,

2258 1155 2353 1208 τοῦ
2400 1153 2664 1225 βασιλέως
2725 1155 2906 1217 ποσὶν,
2939 1152 3204 1217 ἐξέδωκεν
3253 1153 3467 1209 ἑαυτόν.
3522 1154 3723 1210 Ζῶντα
3773 1154 3879 1210 οὖν

578 1260 888 1317 humaniter
930 1257 1221 1312 admodum
1262 1255 1413 1309 illum
1452 1252 1728 1318 tractavit,
1780 1265 1880 1307 nec
1931 1251 2153 1317 occidit,

2263 1246 2540 1303 συλλαϐὼν
2560 1249 2589 1300 6
2612 1245 3023 1308 ἐπιεικέστατος
3043 1244 3137 1297 καὶ
3156 1243 3548 1308 εὐσεϐέστατος
3570 1245 3878 1316 βασιλεὺς,

578 1351 949 1421 sedquietum
1007 1358 1064 1404 et
1112 1348 1347 1404 otiosum
1398 1341 1844 1399 Thessalonicam
1907 1342 2157 1397 habitare

2262 1336 2794 1411 φιλανθρωπεύεται,
2820 1336 2918 1390 καὶ
2965 1334 3171 1389 κτείνει
3214 1335 3315 1405 μὲν
3350 1335 3627 1406 οὐδαμῶς,
3680 1339 3880 1390 οἰκεῖν

576 1446 762 1519 jussit.
787 1445 878 1501 Ille
905 1439 1217 1513 aliquandiu
1242 1452 1363 1493 sese
1392 1434 1675 1491 continere
1702 1432 2029 1487 videbatur:
2062 1430 2156 1485 sed

2260 1435 2317 1488 δὲ
2342 1434 2442 1504 τὴν
2472 1431 2873 1503 Θεσσαλονίκην
2903 1429 3239 1501 προσέταξεν
3289 1430 3659 1501 ἡσυχάζοντα.
3699 1431 3790 1517 Ὀ.
3815 1432 3882 1485 δὲ

582 1552 691 1594 non
721 1537 794 1591 ita
822 1533 992 1590 multo
1018 1540 1160 1603 post,
1187 1528 1447 1583 Barbarls
1469 1524 1792 1595 quibusdam
1820 1522 2153 1588 convocatis,

2258 1527 2401 1597 πρὸς
2424 1525 2605 1595 ὀλίγον
2632 1526 2823 1597 χρόνον
2869 1523 3168 1595 ἡσυχάζειν
3187 1521 3363 1577 ἐδόκει
3384 1538 3398 1554 ’
3434 1524 3575 1594 μετά
3596 1525 3655 1578 δὲ
3678 1524 3882 1579 ταῦτα

584 1642 694 1685 una
728 1641 852 1683 cum
886 1623 1019 1694 ipsis
1046 1622 1351 1676 instaurare
1381 1616 1603 1680 bellum,
1637 1622 1693 1669 et
1724 1613 1933 1670 cladem
1967 1627 2159 1680 accep-

2264 1617 2582 1690 Βαρϐάρους
2618 1616 2770 1680 τινας
2814 1612 3329 1687 προσκαλούμενος,
3372 1615 3467 1667 καὶ
3515 1616 3612 1669 σὺν
3665 1617 3882 1679 αὐτοῖς

584 1730 694 1775 tam
749 1716 1045 1787 rependere
1098 1710 1478 1768 meditabatur.
1519 1705 1633 1763 Hoc
1680 1721 1801 1761 cum
1847 1706 2161 1760 rcscivisset

2262 1708 2746 1779 διασκεπτόμενος,
2786 1703 3166 1776 ἀναμάχεσθαι
3188 1703 3289 1772 τὴν
3314 1696 3488 1773 ἧτταν
3516 1705 3876 1771 ἐσπούδαζε.

585 1809 935 1867 ﬁdelissimus
993 1806 1309 1875 imperator,
1345 1801 1459 1855 tolli
1503 1799 1652 1853 illum
1694 1797 1803 1853 Deo
1852 1796 2083 1852 invisum
2127 1810 2160 1850 e

2264 1801 2435 1854 Τοῦτο
2470 1801 2635 1869 γνοὺς
2662 1797 2917 1869 βασιλεὺς
2946 1799 2978 1850 6
3008 1796 3352 1861 πιστότατος,
3383 1796 3749 1868 ἀναιρεθῆναι
3773 1799 3878 1851 τὸν

588 1905 768 1962 medio
795 1901 996 1972 jussit:
1032 1908 1197 1969 atque
1224 1898 1296 1951 ita
1338 1895 1542 1951 Christi
1574 1903 1629 1949 et
1662 1893 1802 1949 servi
1835 1894 1950 1963 ejus
1991 1906 2158 1962 opera
2191 1907 2226 1966 ι]

2264 1883 2493 1961 θεομισῆ
2543 1889 2828 1943 ἐκέλευσε·
2860 1890 2955 1942 καὶ
2982 1885 3225 1958 ἀνῃρέθη
3271 1887 3299 1937 6
3332 1886 3425 1939 τοῦ
3456 1888 3566 1960 ιῖσ.
3596 1890 3703 1943 ὐπδ
3740 1888 3876 1963 τοῦ]

592 1997 839 2055 sublatus
870 1994 961 2049 ille
998 2001 1258 2063 tyrannus
1292 1998 1396 2042 est.

2266 1981 2506 2053 Χριστοῦ
2543 1982 2640 2036 καὶ
2672 1982 2766 2035 τοῦ
2787 1980 2954 2037 αὐτοῦ
2990 1979 3320 2052 θεράποντος
3357 1978 3636 2050 τύραννος.

589 2203 2891 2240 ____________________________.___._.______.

1708 2357 2075 2448 ΛΟΓΟΣ
2152 2354 2745 2445 ΔΕΥΤΕΡΟΣ.

1686 2719 2043 2809 LIBER
2116 2716 2731 2807 SECUNDUS

1127 3068 1357 3127 CAPUT
1409 3061 1706 3120 PRIMUM.
2404 3020 2408 3024 ’
2685 3057 2765 3110 ιςε

2404 3020 2408 3024 ’
2685 3055 3083 3110 ΚΕΦΛΛΛΙΟΝ
3144 3056 3440 3115 ΠΡΩΤΟΝ.

604 3194 683 3249 De
710 3193 865 3264 gestis
889 3199 1001 3259 post
1033 3260 1042 3264 _
1070 3187 1334 3264 sublatum
1374 3182 1653 3264 Licinium,
1679 3189 1737 3258 _et
1790 3177 2005 3264 imperio
2034 3175 2170 3245 regis
2199 3168 2240 3226 C

2276 3172 2413 3260 Περί
2446 3171 2565 3226 τῶν
2591 3171 2896 3264 μετὰντὴν
2928 3172 3248 3264 ἀναίρησιν
3281 3173 3400 3264 {ora
3415 3172 3675 3264 ἀσεϐοῦς
3704 3179 3878 3230 Λικι-

768 3243 1125 3322 Constantini,
1156 3268 1201 3311 et
1233 3258 1296 3309 de
1322 3269 1449 3324 pure
1491 3251 1843 3304 Ecclesiarum
1894 3248 2008 3301 Dei.
2093 3243 2104 3245 ⁷
2346 3245 2406 3296 ri

2346 3245 2485 3296 νίου
2506 3282 2520 3307 ,
2549 3243 2653 3324 ,καί
2698 3244 3192 3324 αὐτοκρατορίας-
3215 3243 3658 3323 τοῦβασιλέως
3693 3251 3871 3300 Κων-

2344 3313 2693 3393 ο-τειντίνου,
2725 3314 2820 3366 καὶ
2854 3310 3097 3380 εἰρήνης
3123 3311 3241 3367 τῶν
3264 3313 3372 3367 τοῦ
3415 3316 3562 3369 Θεοῦ
3619 3315 3879 3386 Ἐκκλη-

2346 3400 2516 3438 σιων.

605 3516 611 3521 '
671 3504 1064 3563 Constantinus
1096 3502 1278 3571 itaque
1307 3512 1489 3555 rerum
1534 3494 1758 3567 potitus,
1810 3508 1905 3563 per
1937 3493 2174 3563 pruden-

2346 3496 2758 3557 Κωνσταντῖνος
2786 3492 2969 3547 τοίνυν
2999 3494 3219 3548 πάντων
3242 3495 3538 3568 γενόμενος
3558 3499 3870 3572 ἐγκρατὴς,

602 3601 731 3655 tium
762 3598 806 3630 ”
847 3597 947 3651 sibi
980 3610 1008 3648 a
1036 3595 1143 3649 Deo
1172 3594 1373 3656 datam,
1402 3601 1454 3644 et
1479 3603 1723 3644 summus
1754 3587 2051 3655 imperator
2085 3586 2177 3639 de-

2275 3589 2363 3643 διά
2389 3589 2488 3659 τῆς
2518 3589 2581 3641 ἐκ
2611 3586 2746 3640 Θεοῦ
2771 3585 3021 3658 δοθείσης
3080 3586 3227 3659 αὐτῷ
3271 3590 3584 3661 συνάρσεως
3615 3591 3877 3664 [ιο-,συν-

602 3695 865 3755 claratus,
896 3704 983 3745 res
1010 3687 1450 3744 Christianorum
1484 3683 1534 3738 in
1566 3683 1679 3736 dies
1705 3680 1875 3751 magis
1922 3694 1987 3734 ac
2010 3678 2178 3746 magis

2277 3678 2493 3754 έσεως],
2535 3680 2896 3752 αὐτοκράτωρ
2936 3679 3194 3751 βασιλεὺς
3231 3680 3605 3753 ἀναδειχθεὶς,
3630 3683 3700 3736 τὰ
3730 3686 3874 3756 Χρι-

604 3799 799 3855 augere
825 3783 971 3838 omni
1008 3781 1187 3836 studio
1223 3777 1602 3834 contendebat.
1625 3774 1789 3846 quue
1814 3773 1976 3828 variis
2006 3773 2180 3827 modis

2281 3772 2513 3827 στιανῶν
2559 3771 2744 3839 αὐξειν
2788 3772 2959 3826 εἰσέτι
2990 3772 3193 3843 μᾶλλον
3236 3775 3331 3826 καὶ
3365 3774 3570 3844 μᾶλλον
3601 3777 3878 3831 ἐσπούδα-

604 3875 918 3948 przcstabat,
968 3874 1177 3945 igneam
1227 3873 1434 3926 habens
1488 3869 1668 3934 (idem,
1718 3877 1772 3923 et
1828 3867 2066 3922 innatam
2124 3866 2177 3920 in

2279 3865 2396 3930 ξεν.
2439 3863 2645 3918 Ἐποίει
2678 3882 2736 3917 τε
2766 3865 2924 3919 τοῦτο
2950 3864 3234 3938 διαφόροις
3265 3868 3377 3930 τοῖς
3406 3867 3655 3938 τρόποις,
3684 3870 3874 3939 ἐμπυ-

608 3966 773 4021 Deum
796 3966 1172 4019 universorum
1206 3961 1523 4017 lidissitnam
1544 3960 1799 4030 pietatem
1831 3975 1846 4013 :
1871 3968 1926 4014 et
1949 3966 2058 4012 tota
2080 3956 2181 4013 sub

2284 3970 2377 4023 ρον
2418 3952 2561 4024 ἔχων
2591 3952 2795 4020 πίστιν,
2830 3955 2925 4008 καὶ
2953 3952 3196 4025 ἔμφυτον
3227 3954 3329 4025 τὴν
3357 3956 3439 4019 είς
3469 3955 3563 4008 τὸν
3588 3955 3698 4009 τῶν
3730 3957 3873 4011 ὅλων

605 4053 745 4113 caelo
774 4052 1015 4109 Ecclesia
1046 4050 1152 4106 alta
1189 4065 1325 4120 pace
1373 4049 1670 4105 fruebatur.
1711 4046 2006 4101 Audiamus
2051 4060 2182 4101 sane

2281 4044 2416 4099 Θεὸν
2436 4045 2766 4117 πιστοτάτην
2793 4044 3095 4102 εὐσέϐειαν.
3133 4046 3244 4101 Καὶ
3275 4043 3345 4120 ἦν
3381 4048 3533 4102 πᾶσα
3562 4049 3596 4120 ή
3632 4048 3739 4103 ὐπὸ
3776 4051 3870 4103 τὸν

605 4147 736 4219 quid
760 4146 851 4201 hic
874 4146 1023 4201 dicat
1044 4143 1443 4215 pulcherrimus
1479 4139 1838 4195 ecclesiastici
1876 4136 2025 4192 futtdi
2058 4150 2183 4190 ara-

2280 4136 2511 4209 οὐρανὸν
2572 4134 2871 4207 Ἐκκλησία
2910 4138 2968 4191 ὲν
3014 4137 3208 4209 βαθείᾳ⁸
3244 4139 3459 4212 εἰρήνη.
3517 4138 3868 4210 ’Δκούσωμεν

609 4250 715 4304 tor,
762 4236 853 4291 ille
893 4235 1006 4291 veri
1064 4234 1494 4291 studiosissimus
1530 4231 1797 4287 Eusebius
1839 4227 2180 4286 celeberrimi

2281 4232 2345 4304 δὴ
2378 4232 2429 4286 τί
2461 4231 2699 4287 ἐνταῦθα
2730 4233 2881 4303 λέγει
2913 4234 3008 4287 καὶ
3040 4236 3069 4288 6
3095 4234 3305 4307 ἀροτὴρ
3340 4235 3370 4287 6
3404 4234 3692 4301 κάλλιστος
3725 4237 3866 4310 [ἀρι-

606 4325 898 4397 Pampbili.
947 4325 1190 4381 Licinius
1214 4326 1285 4392 ’⁸,
1328 4325 1524 4394 inquit,
1550 4320 1881 4393 persimilem
1913 4336 2036 4375 cum
2082 4319 2184 4374 im-

2285 4329 2433 4403 στος]
2485 4330 2587 4401 τῆς
2642 4329 3107 4399 ὲκκλησιαστικῆς
3149 4327 3462 4399 γεωργίας,
3500 4330 3529 4383 6
3574 4329 3868 4401 φιλαληθέ-

609 4420 716 4494 piis
748 4418 995 4490 tyrannis
1024 4418 1165 4472 viam
1197 4427 1440 4480 secutus,
1467 4416 1533 4470 ad
1569 4411 1840 4485 persimile
1867 4411 2027 4466 etiam
2060 4425 2181 4465 cum

2288 4439 2480 4487 στατος
2507 4420 2770 4483 Εὐσέϐιος
2798 4423 2827 4473 6
2856 4418 2951 4473 τοῦ
2980 4419 3178 4491 παμφή
3189 4435 3290 4490 μου
3322 4420 3635 4490 Παμφίλου.
3677 4422 3736 4475 '0
3770 4420 3866 4492 μὲν

611 4511 800 4569 iisdem
829 4510 1157 4566 calamitatis
1183 4507 1539 4580 praecipitium
1568 4520 1671 4560 non
1695 4504 1815 4560 sine
1854 4518 2016 4558 causa
2046 4502 2173 4556 ruit.
2209 4523 2249 4582 ι]

2229 4525 2256 4582 )
2281 4513 2373 4572 οὖν
2401 4516 2663 4579 Λικίνιος,
2694 4513 2850 4585 φησὶ,
2878 4512 2976 4582 τὴν
3006 4511 3201 4581 ὁμοίαν
3228 4514 3343 4581 τοῖς
3372 4512 3554 4576 ἀθέοις
3579 4513 3867 4583 τυράννοις

610 4604 773 4674 Atqui
799 4603 901 4659 iste
926 4603 1027 4657 hoc
1054 4602 1215 4656 modo
1240 4603 1453 4654 tandem
1478 4586 1767 4669 percussus
1793 4606 1847 4651 et
1868 4594 2182 4666 proﬂigatus

2281 4608 2383 4678 τῆς
2409 4606 2665 4669 ἀσεϐείας
2695 4602 2973 4676 μετελθὼν
2999 4603 3138 4667 ὁδὸν,
3172 4603 3266 4656 ἐπὶ
3294 4602 3384 4656 τὸν
3422 4604 3535 4657 ἴσον
3564 4605 3748 4668 αὐτοῖς
3780 4607 3865 4658 ὲν-

607 4697 866 4754 occubuit
912 4714 925 4752 :
994 4693 1386 4749 Constantinus
1430 4702 1610 4746 autem
1650 4690 1938 4755 maximus,
1986 4690 2182 4755 victor,

2281 4699 2447 4763 δίκως
2493 4695 2828 4769 περιηνέχθη
2855 4694 3121 4766 κρημνόν.
3171 4688 3512 4760 Ἀλλ”οὖτος
3556 4697 3656 4767 μὲν
3701 4697 3867 4767 ταύτῃ

609 4800 895 4862 augustos,
921 4789 1069 4844 omni
1096 4800 1296 4859 genere
1335 4785 1555 4855 pietatis
1610 4793 1855 4847 ornatus,
1911 4798 2017 4837 una
2063 4798 2183 4837 cum

2284 4788 2750 4863 περιϐεϐλημένος
2781 4786 2980 4840 ἔκειτο·
3009 4788 3038 4841 ὁ
3080 4787 3139 4840 δὲ
3174 4787 3340 4860 ἀρετῇ
3377 4789 3526 4859 πάσῃ
3562 4790 3660 4859 τῆς
3691 4789 3866 4843 θεοσε-

613 4881 723 4936 lilio
756 4881 943 4949 Crispo
971 4878 1299 4949 imperatore
1323 4874 1432 4930 Deo
1458 4873 1799 4939 charissimo,
1826 4886 1879 4928 ct
1905 4873 2075 4943 patris
2101 4888 2182 4926 re-

2287 4883 2439 4945 ϐείας
2463 4881 2761 4952 ὲκπρέπων
2789 4879 3071 4950 μέγιστος,
3097 4878 3351 4950 νικητὴς,
3380 4879 3689 4949 Αὔγουστος
3718 4883 3865 4935 Κων-

613 4974 714 5029 bus
738 4973 790 5027 in
816 4972 1071 5027 omnibus
1092 4968 1391 5034 simillimo,
1448 4967 1724 5023 Orientem
1762 4967 1812 5020 in
1877 4981 2028 5021 suam
2063 4967 2185 5020 red-

2294 4978 2568 5038 σταντῖνος
2605 4974 2703 5028 σὺν
2751 4973 2905 5025 παιδὶ
2947 4973 3183 5043 Κρίσπῳ
3217 4972 3430 5042 βασιλεῖ
3477 4974 3866 5043 θεοφιλεστάτῳ

613 5066 726 5133 egit
762 5073 1102 5134 potestatem,
1140 5073 1302 5132 atque
1327 5061 1692 5115 Romanorum
1719 5058 2024 5131 imperium,
2053 5059 2191 5113 sicut
2290 5066 2432 5121 κατὰ
2464 5063 2776 5135 πάντωντῴ
2800 5063 2970 5134 πατρὶ
2989 5063 3313 5134 ὁμοιοτάτῳ,
3335 5064 3437 5134 τὴν
3461 5064 3669 5118 οἰκείαν
3705 5065 3866 5136 Ἑῲαν

610 5158 721 5227 jam
752 5155 878 5209 olim
916 5163 1054 5214 erat.
1087 5155 1138 5208 in
1171 5169 1336 5207 unum
1387 5152 1594 5223 redegit
1636 5161 1689 5205 et
1719 5165 1941 5219 regnum
1978 5151 2190 5204 univer-

2293 5157 2693 5227 ἀπελάμϐανε,
2744 5157 2839 5209 καὶ
2887 5155 3016 5224 μίαν
3070 5156 3358 5228 ἡνωμένην
3421 5157 3518 5228 τὴν
3584 5158 3868 5229 Ῥωμαίων

616 5260 733 5300 sum
764 5260 792 5297 a
821 5244 932 5298 sole
966 5244 1176 5299 oriente
1206 5244 1445 5311 undique
1466 5244 1532 5296 ad
1583 5253 1857 5296 extremas
1891 5243 2189 5297 occidentis

2294 5251 2435 5305 κατά
2461 5250 2522 5302 τὸ
2557 5247 2787 5302 παλαιὸν
2818 5249 3079 5318 παρεῖχον
3096 5247 3291 5318 ἀρχὴν,
3313 5248 3412 5319 τὴν
3446 5249 3539 5302 ἀπ’
3563 5250 3867 5321 ἀνίσχοντος

615 5350 762 5398 oras,
792 5344 845 5388 et
866 5334 934 5413 ad
970 5333 1169 5389 alteras
1209 5344 1469 5403 utrasque
1495 5334 1679 5387 mundi
1704 5333 1910 5403 plagas,
1959 5332 2187 5387 Boream

2298 5340 2449 5411 ἡλίου
2477 5343 2657 5394 πᾶσαν
2688 5338 2975 5407 ἐγκύκλιον
3009 5339 3088 5411 [ἐν
3118 5340 3322 5411 κύκλῳ]
3350 5340 3474 5394 καθ’
3513 5344 3751 5413 ἑκάτερα
3782 5344 3870 5409 τῆς

615 5426 844 5497 par-iter,
881 5435 934 5480 et
963 5426 1268 5489 meridiem,
1293 5440 1413 5479 cum
1447 5425 1731 5494 tranquilla
1769 5440 1901 5495 pace
1923 5426 2188 5480 obtinuit:

2299 5431 2639 5501 οἰκουμένης,
2678 5432 2913 5502 Ἀρκτον
2947 5447 3005 5482 τε
3044 5429 3180 5500 ὁμοῦ
3230 5433 3325 5484 καὶ
3373 5433 3744 5505 μεσημϐρίαν,
3800 5437 3870 5495 εἰς

618 5516 848 5588 proinde
879 5527 1057 5572 metus
1082 5517 1346 5571 malorum
1374 5517 1571 5586 quibus
1590 5528 1748 5570 antea
1782 5517 2191 5585 premebantur,

2295 5522 2501 5590 ἔσχατα
2534 5522 2799 5593 δυομένης
2832 5523 3044 5593 ἡμέρας
3081 5524 3185 5575 ὐπὸ
3214 5523 3312 5594 τὴν
3341 5524 3521 5579 αὐτῶν
3549 5526 3774 5595 ἄγοντες
3804 5526 3872 5579 εί·

620 5621 728 5665 tum
771 5627 837 5666 ex
883 5612 1162 5666 hominum
1204 5611 1311 5665 vita
1343 5626 1567 5681 prorsus
1586 5613 1831 5667 sublatus
1856 5611 1973 5666 fuit.
2044 5610 2193 5666 Tunc

2301 5616 2491 5685 ρήνηγο
2537 5617 2800 5687 ἀφῃρεῖτο
2840 5615 2883 5666 δ’
2915 5611 3008 5668 οὖν
3043 5614 3102 5679 ἐξ
3136 5613 3438 5685 ἀνθρώπων
3474 5618 3583 5671 πᾶν
3623 5617 3740 5681 δέος
3771 5615 3869 5670 τῶν

689 5766 983 5892 "ambiens;
998 5765 1180 5890 Pgsani
1216 5765 1347 5822 S.J.
1376 5766 1555 5824 versio
1586 5765 1910 5837 interpolata
1931 5776 1984 5822 et
2018 5768 2070 5823 in
2102 5783 2194 5840 qq.
2222 5770 2507 5826 emendata
2546 5787 2572 5824 a
2607 5770 2851 5825 Dalforeo
2872 5780 2923 5824 et
2952 5768 3215 5827 Romanis
3244 5772 3566 5826 editoribus.
3682 5774 3727 5805 ’⁸
3758 5770 3866 5827 Lib.

647 5854 678 5891 χ
712 5853 851 5891 um.
883 5853 1005 5907 cap.
1040 5853 1093 5890 υ.
