4148 6600
298 454 435 519 15125

1178 448 1538 508 HISTORIA
1579 447 1909 508 CONCIIJI
1949 450 2254 511 NICEN'I.
2302 478 2369 490 --
2406 454 2553 512 LIB.
2596 455 2678 514 II.

3433 456 3565 521 1226

297 569 429 637 πρὶν
479 566 672 623 αὐτους
728 559 1066 624 πιεζόντων·
1120 560 1381 628 λαμπρὰς
1423 560 1477 613 δὲ
1522 560 1738 613 ἐτέλουν
1795 564 1885 614 καὶ

2002 562 2302 632 Γιπριιιιοηιοε
2337 576 2635 618 conventus
2663 568 2795 629 aeti,
2830 575 2940 620 tum
2968 567 3087 621 festi
3117 569 3230 623 dies
3284 570 3560 636 celebrati,

299 654 683 726 πανηγυρικὰς
716 653 924 723 ἑορτῶν
970 653 1205 721 ἡμέρας·
1242 648 1310 720 ἦν
1357 652 1410 703 δέ
1454 655 1631 720 φωτὸς
1675 654 1887 722 ἔμπλεα

296 751 367 803 τὰ
397 750 595 802 πάνταο
628 746 721 798 καὶ
763 743 1010 816 μειδιῶσι
1045 743 1357 813 προσώποις
1380 784 1392 805 ,
1429 743 1641 813 ὄμμασί
1667 761 1723 796 τε
1762 763 1887 812 φαι-

298 843 467 913 δροῖς,
514 841 563 892 oi
612 836 747 907 πρὶν
795 837 1097 906 κατηφεῖς,
1134 834 1398 905 ἀλλήλους
1449 835 1696 889 ἔϐλεπον.
1742 837 1889 907 (Πα-

302 934 403 1004 ρῆν
438 933 513 1002 (7)
543 932 598 985 δὲ
628 929 872 999 αὐτοῖς.)
911 928 1020 980 Καὶ
1051 926 1207 995 ὕμνοι
1245 929 1386 981 κατά
1433 927 1588 980 πόλιν
1631 922 1765 999 ὁμοῦ
1800 932 1889 983 καὶ

301 1027 505 1097 ἀγροὺς
527 1024 615 1077 τὸν
635 1020 859 1092 βασιλέα
876 1020 1030 1085 Θεὸν,
1050 1020 1143 1073 καὶ
1163 1020 1256 1072 τὸν
1271 1020 1462 1073 τούτου
1476 1022 1700 1090 γνήσιον
1725 1023 1890 1076 παῖδα

303 1116 536 1188 Χριστὸν
561 1113 846 1185 πρώτιστα
866 1113 1103 1175 πάντων,
1138 1112 1221 1165 ὅτι
1242 1112 1305 1182 δὴ
1324 1111 1483 1165 τοῦτο
1507 1112 1888 1183 ἐδιδάχθησαν,

305 1209 613 1280 ἐγέραιρον,
647 1206 741 1259 καὶ
771 1206 960 1258 ἔπειτα
983 1203 1075 1257 τὸν
1102 1204 1301 1275 εὐσεόῆ
1332 1203 1556 1274 βασιλέα
1582 1204 1699 1273 ἅμα
1734 1208 1891 1259 παισὶ

306 1300 611 1369 θεοφιλέων
650 1294 1006 1370 [θεοσεϐέσιν]
1049 1296 1351 1367 εὐφήμουν.
1387 1296 1593 1349 Κακῶν
1626 1295 1682 1349 δὲ
1713 1297 1887 1366 ἀμνη-

309 1391 434 1444 στία
471 1389 717 1443 παλαιῶν
749 1384 837 1458 ἦν,
886 1387 978 1440 καὶ
1017 1386 1154 1457 λήθη
1195 1386 1375 1455 πάσης
1409 1386 1749 1449 δυσσεόείας·
1784 1386 1892 1439 τῶν

307 1484 365 1537 δὲ
393 1482 614 1551 ἀγαθῶν
651 1478 981 1553 [παρόντων]
1021 1478 1325 1540 ἀπόλαυσις
1345 1518 1361 1543 ,
1392 1478 1484 1531 καὶ
1512 1478 1735 1547 προσέτι
1766 1477 1895 1548 μελο

307 1575 511 1629 λόντων
545 1573 859 1645 προσδοκία.
906 1571 1194 1624 Ἴιπλωντο
1226 1569 1320 1622 οὖν
1356 1569 1496 1623 κατὰ
1525 1570 1702 1624 πάντα
1730 1570 1893 1624 τόπον

242 1658 245 1659 ν
308 1669 408 1738 τῆς
435 1667 527 1720 τοῦ
551 1665 772 1736 νικητοῦ
798 1664 1063 1735 βασιλέως
1089 1662 1500 1731 φιλανθρωπίας
1524 1660 1751 1732 ἔμπλεοι
1782 1661 1895 1715 δια-

310 1760 513 1823 τάξεις,
534 1761 687 1829 νόμοι
714 1776 771 1810 τε
797 1756 1210 1827 μεγαλοδωρεᾶς
1229 1756 1322 1808 καὶ
1345 1754 1579 1825 ἀληθοῦς
1609 1755 1893 1820 εὐσεϐείας

309 1851 671 1921 γνωρίσματα
718 1849 955 1919 ἔχοντες,
1002 1846 1157 1901 Οὕτω
1186 1846 1319 1917 δῆτα
1361 1846 1542 1915 πάσης
1579 1847 1893 1917 τυραννίδος

311 1942 782 2013 ἐκκαθαρθείσης,
838 1941 1016 2011 μόνοις
1073 1939 1402 2009 ἐφυλάττετο
1463 1939 1531 1991 τὰ
1578 1938 1677 2008 τῆς
1724 1955 1892 2009 προσ-

311 2032 555 2102 ηκούσης
607 2030 886 2100 βασιλείας
916 2028 1111 2099 βέϐαιὰ
1144 2047 1202 2081 τε
1234 2029 1329 2082 καὶ
1366 2026 1699 2097 ἀνεπίφθονα
1734 2030 1890 2082 Κων-

314 2123 576 2191 σταντίνεμ
616 2124 710 2174 καὶ
757 2124 868 2185 τοῖς
926 2120 1113 2174 τούτου
1164 2120 1340 2174 παισί.
1398 2118 1649 2172 Τοσαῦτα
1704 2121 1731 2172 ὁ
1786 2117 1894 2172 τῶν

309 2209 551 2280 ἀρχαίων
596 2209 1067 2279 ὲκκλησιαστικῶν
1101 2210 1463 2279 συγγραφέων
1508 2207 1891 2274 ἀξιοπιστότα-

311 2319 401 2361 τος
454 2302 709 2365 Εὑσέὅιος
770 2304 798 2355 ό
846 2300 939 2354 τοῦ
1015 2302 1336 2372 Παμφίλου,
1396 2300 1683 2365 πλείστους
1738 2304 1893 2366 ὅσους

310 2395 527 2464 ἀγῶνας
556 2396 801 2466 θέμενος,
823 2398 915 2448 καὶ
937 2394 1449 2465 διερευνησάμενος,
1476 2396 1541 2447 ὲκ
1566 2395 1676 2447 τῶν
1707 2394 1894 2457 ἁπλῶς

312 2488 543 2557 ἐχόντων
575 2488 673 2556 τὴν
703 2487 973 2556 ἀναλογὴν
1010 2487 1414 2557 ποιησάμενος,
1449 2489 1506 2540 ὲν
1545 2488 1677 2540 δέκα
1707 2487 1895 2557 τόμοις

312 2576 453 2639 ὅλοις
490 2577 560 2629 τά
591 2569 688 2647 τῆς
726 2576 1188 2647 ἐκκλησιαστικῆς
1216 2580 1345 2648 ἡμῖν
1382 2578 1894 2649 ἱστορίαςὰκριϐῶς

313 2668 719 2722 καταλέλοιπεψ
737 2670 1039 2739 ἀρξάμενος
1067 2670 1162 2739 μὲν
1185 2670 1292 2724 ἀπὸ
1314 2670 1408 2739 τῆς
1424 2670 1519 2723 τοῦ
1541 2670 1743 2741 Κυρίου
1764 2689 1896 2743 παρ-

313 2762 519 2823 ουσίας,
569 2762 864 2833 πληρώσας
909 2763 963 2815 δὲ
1013 2765 1093 2825 είς
1131 2762 1314 2816 τούσδε
1344 2762 1469 2825 τοὺς
1500 2763 1725 2833 χρόνους
1751 2803 1764 2827 ,
1797 2764 1895 2816 οὐκ

314 2853 547 2917 ἀπόνως·
585 2852 701 2916 πῶς
728 2855 838 2923 γὰρ
867 2848 981 2906 οἶόν
1012 2870 1070 2906 τε
1106 2849 1173 2924 ἦν
1204 2852 1475 2923 τοσαύτην
1501 2853 1895 2924 ἀναδεξάμενον

316 2945 576 3016 φροντίδα
603 2944 697 2998 τοῦ
723 2943 1094 2999 διασώσασθαι
1128 2946 1225 3017 τῆς
1266 2945 1480 2999 τοιᾶσδε
1512 2945 1776 3016 συλλογῆς
1798 2944 1895 3016 τὴν

316 3035 615 3107 ἁρμονίως
649 3036 763 3090 ἁλλ’
793 3037 867 3101 ὡς
911 3038 1113 3108 ἀρτίως
1158 3037 1315 3108 ἔφην,
1346 3037 1551 3106 πολλὴν
1578 3038 1896 3105 είσενεγκὰ·

322 3146 480 3198 μενος
505 3127 602 3200 τὴν
632 3130 868 3199 σπουδὴν
898 3130 995 3183 καὶ
1029 3126 1258 3199 πλοῖετον
1292 3128 1498 3199 ἄφατον
1529 3128 1690 3182 πόνου
1709 3144 1721 3157 '
1760 3128 1897 3182 ἀλλὰ

1994 666 2117 707 tunc
2147 656 2324 707 omnia
2365 656 2542 709 hetizia
2576 658 2968 711 rednndarunt.
3017 658 3167 714 Tunc
3197 663 3284 729 qui
3318 675 3442 715 ante
3471 663 3565 717 de-

1994 748 2153 799 missa
2180 760 2231 799 et
2266 755 2540 800 contracta
2569 748 2743 801 h'on‘te
2772 760 2946 813 erant,
2978 751 3134 805 hilari
3190 755 3335 807 vultu
3362 768 3415 807 et
3446 757 3566 809 la-to

1991 837 2271 891 oculorum
2303 840 2491 891 obtutu
2526 852 2582 891 se
2617 848 2800 892 mutuo
2827 853 3177 908 aSpexcrnnt.
3256 844 3407 899 Tunc
3432 846 3565 900 cho-

1993 928 2123 990 reis,
2158 937 2268 981 tum
2315 928 2525 999 hymnis
2559 941 2664 981 tam
2703 945 2795 998 per
2828 930 3067 1001 singulas
3090 934 3359 1000 civitates,
3406 953 3566 1005 quam

1962 1084 1965 1091 ~
1992 1034 2089 1089 per
2114 1036 2293 1091 agros,
2324 1022 2555 1091 primum
2589 1022 2830 1075 omnium
2860 1037 3041 1091 regem
3075 1022 3242 1078 Deum
3269 1037 3322 1081 et
3355 1044 3567 1096 germa-

1996 1130 2121 1167 num
2174 1111 2370 1167 Filium
2395 1113 2506 1179 ejus
2531 1113 2715 1168 Jesnm
2747 1112 3019 1169 Christum
3059 1117 3186 1185 (hoc
3217 1120 3358 1173 enim
3393 1122 3567 1176 edocti

1994 1204 2168 1274 erant)
2203 1206 2632 1274 pra‘diravernnt
2669 1224 2682 1259 :
2727 1204 2924 1260 deinde
2976 1206 3121 1274 pium
3186 1207 3567 1276 imperatorem

1994 1311 2054 1350 ac
2086 1296 2285 1349 liberos
2315 1295 2421 1348 Dvo
2449 1296 2499 1349 in
2554 1297 2745 1365 primis
2812 1297 3009 1352 charos
3057 1296 3307 1355 laudibus
3361 1302 3572 1357 extule-

1998 1396 2139 1441 runt.
2167 1385 2319 1441 Tunc
2344 1398 2584 1442 veterum
2607 1388 2749 1441 nulla
2781 1389 3088 1443 recerdalio
3119 1391 3411 1457 malorum,
3440 1400 3566 1449 tunc

1994 1481 2171 1534 omnis
2198 1479 2489 1549 impietatis
2539 1481 2758 1546 oblivio,
2816 1486 2943 1535 tunc
2993 1483 3176 1537 suavis
3220 1485 3569 1553 prmSentium

1994 1569 2258 1624 bonorum
2285 1586 2411 1623 usus
2430 1581 2483 1625 et
2508 1571 2819 1636 oblectatio,
2848 1580 2976 1625 tunc
3000 1570 3237 1639 jucunda
3259 1572 3565 1631 futurorum

1996 1664 2349 1731 exspectatio,
2381 1674 2506 1737 tunc
2539 1664 2769 1732 denique
2806 1679 2911 1718 non
2942 1663 3159 1719 decreta
3202 1666 3375 1721 solum
3404 1667 3573 1737 impe-

1997 1754 2216 1819 ratoris,
2262 1753 2483 1807 victoris
2518 1754 2887 1821 illustrissimi,
2928 1754 3084 1825 plena
3115 1754 3470 1812 humanitatis
3515 1770 3573 1811 et

1996 1844 2314 1909 clementiae,
2344 1860 2528 1899 verum
2557 1848 2717 1899 etiam
2748 1845 2910 1916 leges,
2933 1846 3131 1901 eximia
3158 1847 3573 1918 magniﬁcentia:

1999 1935 2141 1990 illius
2167 1944 2221 1990 et
2258 1952 2395 1989 vene
2428 1938 2643 2005 pietatis
2669 1937 2878 2009 judicia
2906 1937 3354 2008 complectentes,
3407 1940 3459 1993 in
3493 1938 3572 1993 lo-

1997 2025 2074 2081 cis
2098 2029 2404 2098 quibusque
2430 2029 2736 2099 divulgatm.
2790 2028 2881 2083 Sic
2918 2040 3048 2099 ergo
3102 2029 3356 2099 pestifera
3404 2032 3571 2086 totiua

1999 2120 2299 2191 tyrannidis
2325 2120 2442 2174 labe
2471 2132 2695 2189 purgata
2744 2119 3048 2189 deletaque,
3076 2119 3464 2177 Constantinus
3484 2136 3574 2177 so-

1995 2214 2106 2265 lum
2139 2222 2192 2265 et
2225 2211 2401 2277 liberi,
2449 2211 2657 2279 imperii
2681 2209 2745 2265 ad
2789 2212 2935 2281 ipsos
2980 2212 3102 2279 jure
3128 2214 3448 2282 pertinentis
3474 2230 3573 2284 gu-

1999 2301 2309 2364 bernacula,
2338 2302 2661 2355 auctoritate
2698 2311 2751 2356 et
2775 2302 3026 2373 przesidio
3057 2292 3232 2365 firma,
3264 2303 3479 2358 invidia:
3509 2318 3574 2359 ac

2000 2405 2175 2449 metus
2203 2396 2445 2463 expertia
2474 2394 2728 2463 deinceps
2761 2381 3147 2464 possederunt.
3176 2390 3451 2450 Hactenus
3477 2410 3573 2449 ve-

1999 2501 2171 2544 terum
2200 2488 2695 2544 ecclesiasdeorum
2732 2490 3061 2559 scriptorum
3102 2488 3205 2542 lide
3223 2489 3572 2558 dignissimus

1998 2580 2264 2637 Eusebius
2315 2579 2601 2650 Pamphili,
2670 2581 2759 2649 qui
2797 2595 3007 2634 summa
3045 2576 3392 2635 conuentione
3457 2579 3574 2635 eni-

2001 2684 2140 2738 tens,
2172 2682 2281 2728 tum
2313 2664 2606 2743 exquirens
2630 2671 2861 2741 singula,
2893 2680 2946 2725 et
2979 2687 3047 2726 ex
3082 2671 3165 2726 his
3190 2685 3311 2740 qua:
3364 2668 3576 2739 simpli-

1998 2762 2133 2815 citcr
2163 2770 2221 2816 Se
2258 2763 2550 2825 habebant,
2598 2776 2892 2830 congruam
2958 2762 3187 2827 partium
3260 2770 3571 2814 mensuram

1998 2854 2258 2917 elliciens,
2287 2854 2474 2908 decem
2502 2852 2728 2921 integris
2766 2852 2919 2907 libris
2953 2850 3241 2905 Historiam
3285 2851 3445 2906 nobis
3478 2863 3572 2907 ec-

1998 2948 2354 3001 clesiasucam
2376 2946 2664 3016 perfectam
2694 2944 3213 3013 reiiquit,incipiens
3245 2944 3313 2998 ab
3338 2947 3573 2999 adventu

2003 3040 2233 3104 Domini,
2269 3021 2522 3093 desinens
2571 3047 2754 3091 autem
2798 3036 2855 3090 in
2885 3036 2999 3090 haec
3022 3046 3285 3105 tempora,
3322 3048 3427 3091 non
3452 3036 3573 3090 sine

2003 3133 2204 3186 labore.
2259 3131 2542 3196 Quomodo
2592 3131 2745 3185 eninr
2784 3129 2943 3183 aliter
2997 3129 3110 3183 ﬁcri
3160 3134 3373 3198 peierat
3414 3130 3575 3185 abeo

322 3221 510 3291 μηδεὶς
538 3223 737 3275 οἰέσθω
776 3223 869 3277 τὸν
897 3223 1070 3293 ἄνδρα
1098 3225 1161 3275 ἐκ
1196 3224 1303 3276 τῶν
1334 3224 1464 3294 περὶ
1497 3223 1663 3276 αὑτοῦ
1699 3226 1893 3276 ἐπιπε-

2002 3224 2090 3293 qni
2153 3233 2352 3277 tantam
2393 3237 2579 3278 curam
2626 3231 2957 3290 susceperat,
3023 3231 3081 3274 ut
3118 3220 3251 3275 talis
3300 3221 3575 3277 culicem-

319 3313 701 3383 φημισμένων,
752 3313 828 3376 ὡς
871 3315 970 3385 τῆς
1032 3314 1243 3382 ’Λρείου
1278 3314 1625 3384 βλασφημίας
1671 3316 1801 3367 ποτέ
1842 3333 1893 3368 τι

318 3410 674 3475 πεφρονήκει.
720 3403 883 3456 Ἀλλὰ
912 3404 1209 3464 πεπείσθω.
1239 3405 1315 3467 ὡς
1342 3408 1389 3457 εί
1416 3405 1508 3458 καί
1540 3408 1641 3458 τιν’
1674 3406 1739 3458 ἂν
1771 3406 1895 3458 έλὰ-

318 3494 537 3565 λησενῆ
567 3494 795 3564 ἔγραψε,
827 3497 1022 3564 μικρόν
1051 3513 1101 3546 τι
1133 3496 1466 3566 τῶνἋρείου
1499 3495 1895 3566 ὐπονοούμενα,

317 3587 382 3637 οὐ
422 3586 529 3655 μὴν
578 3586 718 3639 κατὰ
758 3586 856 3656 τὴν
903 3585 1073 3655 ἀσεϐῆ
1131 3588 1340 3639 ἐκείνου
1385 3585 1617 3649 ἔννοιαν,
1672 3586 1785 3640 ἀλλ’
1838 3587 1896 3652 ἐξ

320 3678 654 3749 ἁτιεριέργου
687 3678 1010 3749 ἁπλότητος,
1039 3677 1219 3742 καθὼς
1247 3679 1343 3731 καὶ
1373 3678 1534 3749 αὐτὸς
1563 3679 1621 3731 ὲν
1653 3678 1729 3749 τῷ
1758 3680 1897 3731 ἁπο-

320 3748 595 3841 λογητικῷ
632 3770 818 3842 [αὑτοῦ
855 3748 1018 3843 λόγῳ]
1039 3811 1053 3837 ,
1087 3763 1132 3838 ᾧ
1168 3748 1506 3842 διεπέμψατο
1535 3771 1670 3842 πρὸς
1700 3748 1762 3822 τὸ
1789 3770 1899 3823 τῶν

322 3864 614 3935 όρθοδόξων
659 3863 973 3917 ἐπισκόπων
1015 3864 1191 3917 κοινὸν
1232 3862 1682 3934 μαρτυράμενος,
1726 3862 1899 3917 ταῦτα

323 3956 763 4028 ὲπληροφόρησε.
813 3956 922 4009 Καὶ
966 3955 1255 4026 ἀληθεύειν
1299 3956 1390 4009 τὸν
1424 3955 1591 4026 ἄνδρα
1635 3954 1897 4008 ὑπολάῦοι

324 4050 433 4111 πᾶς
476 4065 558 4111 τις
593 4046 651 4101 εὖ
698 4047 931 4118 φρονῶν,
971 4047 1131 4100 ὁπότε
1164 4047 1411 4108 σύνεστι,
1458 4047 1552 4100 καὶ
1588 4048 1647 4114 ἐξ
1686 4046 1898 4100 ἐκείνου

324 4139 615 4209 πεισθῆναι
645 4140 811 4210 μήπω
841 4138 961 4192 τότε
999 4138 1102 4192 πού
1126 4154 1255 4190 ποτε
1284 4139 1352 4193 τὰ
1384 4139 1595 4209 ’Δρείου
1621 4138 1899 4209 ἀκουσθη-

329 4232 549 4301 σόμενα.
578 4233 752 4296 Δείξει
783 4232 838 4284 δὲ
871 4232 939 4285 τὰ
968 4233 1025 4284 ἐν
1062 4234 1129 4303 τῇ
1175 4231 1379 4301 συνόδῳ
1409 4233 1473 4301 τῇ
1502 4229 1645 4283 κατὰ
1667 4229 1767 4300 τὴν
1800 4230 1900 4282 Νι-

327 4323 504 4376 καέων
534 4322 679 4393 αὑτῷ
709 4322 1056 4392 ὴγωνισμένα
1091 4324 1231 4376 κατά
1262 4324 1362 4393 τῆς
1385 4323 1640 4387 ἀσεϐείας
1685 4322 1897 4393 Ἀρείου

330 4411 469 4481 ὑπὲρ
496 4411 595 4482 τῆς
627 4412 990 4482 ἀποστολικῆς
1025 4412 1117 4464 καὶ
1141 4412 1425 4483 όρθοδόξου
1453 4414 1710 4477 πίστεως.
1755 4414 1896 4466 Ἀλλ’

328 4506 419 4557 ἐπὶ
465 4505 564 4575 τὴν
614 4502 937 4557 ἀκολουθίαν
993 4506 1091 4571 τῆς
1142 4503 1601 4575 ἐκκλησιαστικῆς
1656 4506 1901 4576 ίστορίας

2005 3317 2091 3369 nis
2140 3315 2473 3367 harmoniam
2518 3313 2672 3367 nobis
2727 3320 3108 3380 conservaret,
3156 3316 3262 3368 iuro
3318 3322 3467 3380 vero,
3518 3326 3577 3370 ut

2005 3405 2161 3473 paulo
2204 3414 2332 3459 ante
2381 3405 2515 3464 dixi,
2548 3418 2818 3457 summum
2874 3404 3110 3457 studium
3154 3412 3209 3459 et
3253 3404 3575 3461 ineffabilem

2005 3497 2204 3550 laboris
2226 3496 2437 3564 copiam
2470 3496 2536 3549 ad
2560 3496 2610 3547 id
2636 3494 2945 3548 contulerat
2970 3495 2993 3547 ?
3023 3495 3194 3549 Nemo
3220 3507 3399 3551 autem
3431 3497 3577 3552 εξειὶ-

2005 3588 2309 3643 nietvirum
2338 3588 2479 3640 hunc
2526 3602 2591 3639 ex
2630 3586 2711 3639 bis
2766 3600 2883 3653 quae
2924 3586 2992 3638 de
3042 3586 3130 3639 illo
3160 3586 3301 3640 faina
3344 3588 3577 3642 circum—

2005 3679 2271 3744 feruntur,
2332 3677 2485 3748 quasi
2519 3677 2635 3731 Arii
2694 3676 3041 3746 blasphemiae
3072 3678 3446 3743 consenserit;
3481 3676 3575 3732 sed

2005 3772 2210 3838 credat,
2238 3772 2280 3827 si
2314 3786 2432 3841 qum
2465 3770 2687 3841 protulit
2718 3769 3070 3837 autscripsit,
3096 3770 3213 3822 Arii
3243 3770 3435 3836 dogma
3457 3779 3577 3823 tan-

2009 3865 2175 3919 tillum
2211 3863 2529 3929 subolcutia,
2555 3877 2621 3918 ea
2652 3878 2758 3917 non
2787 3876 2852 3917 ex
2884 3860 3048 3930 impio
3085 3862 3228 3915 illius
3259 3873 3421 3914 sensu
3450 3873 3576 3928 pro-

2009 3955 2193 4009 tulisse
2228 3969 2460 4024 unquam
2502 3963 2594 4008 aut
2625 3954 2925 4022 scripsisse,
2955 3953 3051 4006 sed
3079 3967 3141 4006 ex
3171 3952 3345 4005 minus
3365 3952 3576 4007 euriosa

2006 4064 2304 4119 parumque
2320 4049 2547 4102 sollicita
2574 4048 2916 4116 simplicitate
2939 4064 2952 4101 :
2980 4056 3038 4101 ut
3070 4046 3186 4115 ipse
3214 4048 3262 4099 in
3281 4047 3416 4101 libro
3442 4058 3576 4117 apo-

2007 4142 2258 4209 logetico,
2309 4157 2467 4209 quem
2524 4143 2588 4193 ad
2642 4140 2971 4193 orthodoxos
3049 4153 3235 4192 omnes
3296 4138 3577 4207 episcopos

2007 4235 2176 4299 misit,
2206 4234 2414 4303 plenius
2443 4235 2541 4286 ista
2579 4230 2844 4300 probavit.
2901 4230 3034 4284 Vera
3064 4241 3241 4283 autem
3272 4231 3455 4285 dicere
3482 4231 3577 4284 ho-

2009 4326 2205 4378 minem
2248 4323 2496 4389 ronjiciet
2544 4324 2849 4390 quicunque
2880 4321 3112 4388 prudens
3142 4322 3577 4389 consideratque

2011 4425 2250 4483 tempore
2281 4414 2370 4467 ille
2400 4413 2556 4476 vixit;
2587 4421 2640 4465 et
2670 4426 2735 4465 ex
2778 4412 2868 4466 illo
2910 4412 3116 4477 credat,
3165 4412 3304 4480 quod
3342 4412 3574 4466 nondum

2009 4520 2069 4559 ea
2101 4521 2221 4574 qum
2246 4515 2375 4558 sunt
2395 4504 2530 4566 Arii,
2570 4503 2657 4557 illo
2698 4512 2935 4572 tempore
2969 4502 3151 4557 audita
3205 4520 3429 4572 usquam
3462 4504 3580 4557 fue-

330 4597 665 4667 έπανίωμεν.
699 4595 808 4665 Τῆς
831 4595 924 4648 οὖν
953 4594 1057 4649 ἀνὰ
1080 4595 1179 4666 τὴν
1206 4596 1533 4667 οἰκουμένην
1576 4597 1897 4667 Ἐκκλησίας

2009 4609 2153 4649 runt.
2190 4595 2645 4650 Demonstrabunt
2675 4609 2800 4647 vero
2858 4595 2995 4647 idem
3062 4594 3307 4663 ipsiusin
3375 4596 3580 4664 synodo

330 4688 565 4758 Χριστοῦ
586 4685 679 4739 τοῦ
701 4686 956 4756 Σωτῆρος
976 4687 1010 4756 ἡ
1020 4684 1135 4755 μῶν
1159 4686 1629 4757 είρήνηνβαθείαν
1648 4686 1901 4757 ἐχούσης,

334 4777 796 4848 πρυτανευθείσης
852 4777 990 4847 αὐτῇ
1042 4777 1247 4847 ταύτης
1289 4778 1441 4847 παρὰ
1487 4777 1579 4829 τοῦ
1627 4777 1905 4845 παμϐασι-

330 4867 463 4930 λέως
490 4867 624 4920 Θεοῦ
642 4907 656 4930 ,
688 4866 778 4919 διὰ.
805 4865 897 4918 τοῦ
933 4864 1265 4936 θεράποντος
1294 4864 1457 4916 αὑτοῦ
1497 4864 1905 4918 Κωνσταντίνου

332 4960 427 5011 καὶ
463 4958 571 5009 τῶν
602 4956 766 5010 αὐτοῦ
812 4956 1040 5022 παίδων,
1081 4954 1219 5026 μετὰ
1258 4953 1320 5007 τὸ
1361 4953 1662 5024 μαρτύριον
1690 4954 1784 5005 τοῦ
1817 4954 1906 5004 θε-

335 5049 559 5104 σπεσίου
596 5050 804 5119 Πέτρου
838 5048 933 5101 τοῦ
972 5050 1072 5121 τῆς
1136 5047 1529 5118 Ἀλεξανδρέων
1575 5046 1905 5114 Ἐκκλησίας

333 5140 632 5195 ἐπισκόπου
671 5140 964 5209 γενομένου
989 5180 1003 5205 ,
1035 5139 1413 5203 τελειωθέντος
1456 5138 1619 5191 αὑτοῦ
1663 5140 1719 5190 ὲν
1758 5138 1906 5208 αὑτῲ

330 5234 411 5305 τῷ
441 5232 756 5303 μαρτυρίῳ,
787 5234 879 5284 καὶ
911 5233 1001 5285 τὸν
1034 5231 1137 5299 τῆς
1163 5230 1443 5302 ἀθλήσεως
1471 5230 1748 5301 ἄφθαρτον
1784 5232 1907 5283 στέ-

332 5342 504 5395 φανον
546 5324 996 5393 ἀναδησαμένου,
1050 5324 1275 5394 χηρεύει
1312 5326 1345 5393 ἡ
1379 5325 1559 5377 ἐκεῖσε
1619 5321 1914 5392 Ἐκκλησία.

333 5415 581 5470 ἐνιαυτὸν
610 5414 725 5466 ἒναο
764 5415 901 5483 μετά
929 5414 983 5466 δὲ
1013 5415 1103 5466 τὸν
1134 5414 1379 5466 ἐνιαυτὸν
1419 5416 1804 5483 χειροτονεῖται
1836 5415 1915 5475 είς

331 5510 425 5562 τὸν
449 5507 635 5579 θρόνον
666 5506 830 5559 αὑτοῦ
855 5505 947 5558 τοῦ
978 5505 1132 5572 ἁγίου
1165 5506 1440 5575 μάρτυρος
1471 5506 1678 5575 Πέτρου
1732 5503 1915 5573 ’Λχιλ-

334 5598 432 5665 λᾶς
452 5638 467 5667 ,
496 5599 655 5670 ἀνὴρ,
690 5596 945 5668 στιϐαρὸς
975 5602 1068 5650 καὶ
1097 5596 1467 5667 μεγαλοφυὴς,
1503 5598 1801 5667 ἁγιόφρων,
1828 5597 1915 5648 εὑ-

2008 4688 2225 4742 Νἰοωηο
2258 4697 2447 4742 contra
2492 4687 2821 4756 impietatem
2857 4686 2970 4738 Arii
3029 4699 3125 4754 pro
3178 4686 3481 4753 apostolica
3527 4694 3581 4738 et

2009 4777 2309 4831 orthodoxa
2343 4777 2445 4830 (ide
2461 4777 2782 4830 certamina.
2823 4775 2928 4830 Sed
2980 4778 3043 4829 ad
3083 4776 3465 4831 ecclesiasticae
3503 4776 3584 4830 hi~

2010 4870 2191 4923 storias
2216 4867 2461 4921 ordinem
2486 4878 2840 4922 revertamur.
2878 4866 3013 4922 Cum
3049 4867 3212 4936 igitur
3235 4883 3330 4935 per
3362 4862 3582 4937 univer-

2014 4974 2131 5013 sum
2161 4959 2346 5012 orbem
2375 4957 2616 5011 Ecclesia
2656 4958 2853 5011 Christi
2892 4958 3189 5012 Salvatoris
3255 4959 3421 5011 nostri
3455 4973 3581 5025 pro-

2016 5049 2174 5102 l'uoda
2210 5064 2341 5118 pace
2371 5049 2647 5119 gauderet,
2685 5064 2844 5117 quam
2879 5048 3020 5104 Deus
3062 5050 3432 5103 universorum
3491 5062 3584 5101 rex

2014 5141 2060 5196 ei
2098 5152 2377 5211 paraverat
2401 5157 2495 5210 per
2523 5156 2736 5195 servum
2773 5154 2927 5193 suum
2969 5140 3380 5195 Constantinum
3443 5137 3588 5206 ejus-

2018 5252 2123 5306 que
2156 5235 2330 5301 Iilios;
2368 5244 2487 5304 post
2545 5234 2711 5288 divini
2748 5234 2890 5289 Petri
2937 5233 3281 5302 martyrium,
3334 5231 3423 5296 qui
3487 5229 3590 5283 fuit

2013 5327 2296 5395 episcopus
2320 5326 2571 5381 Ecclesiae
2593 5326 2995 5387 Alexandrinae,
3018 5334 3073 5379 et
3097 5325 3146 5378 in
3184 5325 3301 5393 ipso
3327 5322 3586 5393 martyrio

2015 5418 2115 5471 fuit
2138 5427 2563 5480 consummatus,
2601 5427 2654 5471 et
2684 5420 2995 5486 incorrupta
3033 5417 3113 5469 sui
3154 5413 3469 5469 certaminis
3497 5428 3589 5468 co-

2020 5522 2148 5560 rona
2185 5507 2493 5572 redimitus,
2527 5507 2680 5558 vidua
2710 5507 2964 5558 remansit
2998 5503 3241 5559 Ecclesia
3278 5502 3363 5556 illa
3386 5515 3587 5556 annum

2015 5615 2179 5654 uuuln
2234 5616 2247 5651 :
2306 5608 2584 5653 transacto
2630 5609 2808 5651 autem
2841 5614 3003 5661 anno,
3054 5598 3335 5652 ordinatur
3378 5595 3428 5648 in
3465 5592 3591 5647 sede

404 5778 482 5852 (7)
508 5778 628 5852 Lat.
676 5776 774 5832 llis
819 5788 996 5831 autem
1028 5776 1139 5845 ipse
1169 5776 1474 5831 intereram.
1508 5773 1617 5832 Sed
1646 5776 1781 5844 haec,
1822 5791 1942 5847 qua:
1980 5784 2108 5833 sunt
2178 5774 2381 5832 inclusa
2423 5773 2759 5851 parenthesi,
2800 5788 2906 5831 non
2941 5773 3190 5844 leguntur
3234 5769 3375 5842 apud
3422 5766 3590 5822 Euse-

336 5848 504 5907 bium.
542 5848 694 5903 llano

645 5943 916 6006 Ριτιιοι.
959 5944 1073 6005 Gn.
1119 5938 1397 6002 LXXXV.

3168 5927 3240 5989 39
