4148 6552
651 420 667 479 l
682 418 780 481 227

1914 404 2216 465 GELASII
2257 403 2599 463 CYZICENI

3771 401 3903 465 1228

651 529 823 583 salicti
858 526 1113 597 martyris
1164 521 1310 576 Petri
1376 519 1639 585 Achillas,
1670 520 1753 572 vir
1790 521 1967 589 gravis
1994 530 2049 574 et
2099 535 2212 573 ma-

2324 517 2508 587 λαϐείᾳ
2533 514 2667 585 ι)μοῦ
2701 515 2792 567 καὶ
2828 513 2987 586 σοφία
3021 513 3244 587 πλείστῃ
3296 516 3393 585 ὀσῃ
3428 515 3769 583 διαπρέπων,
3802 534 3901 571 κα-

651 620 957 690 gnanimus,
982 632 1045 670 ac
1072 627 1258 670 sancte
1309 616 1565 683 prudens,
1600 612 1961 682 religioneque
2016 614 2217 681 pariter

651 728 711 766 ac
750 710 1017 780 sapientia
1049 709 1281 778 plurima
1342 715 1587 769 ornatus,
1644 714 1702 759 ut
1733 705 1889 759 nobis
1932 704 2136 772 antiqui
2163 711 2219 757 et

650 802 793 858 omni
835 809 1083 855 carentes
1132 812 1320 852 errore
1352 795 1725 850 commentarii
1789 796 2075 850 referunt:
2127 795 2216 863 qui

649 891 815 945 multa
850 890 1000 960 prius
1036 890 1422 945 exhortatione
1448 902 1597 952 usus,
1648 886 1886 954 suscepit
1924 886 2111 939 Arium
2165 886 2219 939 in

648 984 891 1038 ordinem
935 982 1313 1035 diacoaorum.
1379 980 1514 1034 Cum
1562 989 1743 1032 autem
1804 979 1890 1032 hic
1943 978 2220 1034 mensibus

649 1080 861 1128 tantum
892 1072 1130 1142 quinque
1158 1071 1569 1139 supervixisset,
1637 1070 1874 1137 suscepit
1927 1069 2218 1123 sacerdotii

649 1164 1004 1235 principatum
1036 1162 1231 1217 ibidem
1256 1160 1309 1215 in
1334 1159 1697 1215 Alexandrina
1724 1160 1960 1213 Ecclesia
1986 1161 2221 1215 Alexan-

650 1254 765 1321 der,
799 1255 880 1308 vir
900 1253 953 1309 in
979 1266 1187 1307 summo
1209 1251 1414 1306 honore
1441 1253 1509 1305 ab
1533 1252 1678 1305 omni
1716 1252 1971 1307 Ecclesiae
2002 1256 2147 1306 clero
2169 1262 2223 1308 et

650 1346 847 1418 pepulo
898 1343 1140 1406 habitus,
1206 1340 1546 1411 magniﬁcus,
1610 1340 1876 1407 liberalis,
1939 1341 2219 1406 facundus,

650 1451 855 1508 aequus,
904 1436 998 1491 Dei
1032 1442 1263 1499 amator,
1312 1448 1503 1489 amans
1560 1433 1862 1497 hominum,
1920 1448 2220 1504 pauperum

650 1530 949 1593 studiosus,
988 1529 1159 1582 bonus
1187 1536 1243 1580 et
1266 1534 1584 1580 mansuetus
1626 1540 1756 1595 erga
1785 1541 1995 1590 omnes,
2023 1526 2067 1579 si
2098 1527 2221 1594 quis

659 1622 835 1676 alius:
865 1620 956 1688 qui
982 1628 1037 1672 et
1076 1618 1190 1687 ipse
1224 1616 1414 1671 Arium
1448 1617 1752 1686 proximum
1784 1617 1885 1671 sibi
1943 1621 2226 1689 presbyte-

652 1730 769 1768 rum
801 1710 1100 1767 constituit.
1125 1709 1239 1763 Sub
1274 1710 1375 1763 hoc
1397 1723 1515 1763 cum
1539 1707 1899 1763 Ecclesiarntn
1924 1725 2024 1778 pax
2058 1710 2228 1780 magis

650 1817 716 1857 ac
760 1801 929 1870 magis
984 1799 1222 1869 quotidie
1287 1797 1569 1865 reluceret,
1609 1815 1730 1853 cum
1788 1799 1839 1852 in
1890 1816 2049 1853 unam
2091 1817 2226 1855 con-

2318 606 2427 669 θὼς
2464 609 2595 677 ἡμῖν
2621 608 2689 659 τὰ
2720 605 2925 659 παλαιὰ
2948 606 3037 658 καὶ
3064 608 3317 667 ἀπλανῶς
3367 608 3556 676 ἔχοντα
3587 608 3903 676 διηγοῦνται

2322 699 2751 769 συγγράμματαο
2781 700 2838 761 ὃς
2870 698 3042 751 πολλὰ
3069 699 3447 769 παρακληθεὶς
3476 699 3782 766 ὑπεδέξατο
3807 701 3900 753 τὸν

2323 793 2544 862 Ἀρειον
2584 793 2662 854 εἰς
2693 791 2791 861 τὴν
2826 790 3124 845 διακονίαν.
3161 791 3366 844 Τούτου
3400 791 3457 845 δὲ
3502 791 3904 855 ὲπιϐιὼσαντος

2323 883 2503 953 μῆνας
2545 883 2708 937 πέντε
2756 884 2936 953 μόνον,
2973 884 3302 954 ὑποδέχεται
3337 884 3435 955 τὴν
3465 886 3565 955 τῆς
3602 886 3906 956 ἱερωσύνης

2320 975 2495 1045 ἀρχὴν
2542 976 2641 1044 τῆς
2696 975 2882 1028 αὐτόθι
2924 976 3033 1029 τῶν
3109 975 3506 1047 Ἀλεξανδρέων
3574 978 3906 1046 Ἐκκλησίας

2333 1066 2685 1137 Ἀλέξανδρος
2709 1110 2723 1131 ,
2768 1068 2906 1138 ἀνὴρ
2947 1068 3127 1139 τίμιος
3167 1070 3224 1121 έν
3269 1070 3404 1121 πᾶσι
3430 1108 3445 1127 .
3482 1069 3647 1122 παντὶ
3674 1069 3756 1137 τῷ
3806 1069 3908 1137 τῆς

2334 1158 2662 1228 Ἐκκλησίας
2703 1160 2892 1229 κλήρῳ
2923 1162 3018 1213 καὶ
3048 1159 3161 1229 λαῷ
3202 1159 3631 1230 μεγαλοπρεπὴς
3673 1158 3905 1232 [μικρο-

2326 1246 2605 1318 μεγέθης],
2640 1248 3014 1318 εύμετάδοτος,
3045 1248 3291 1314 εῦλαλος,
3324 1250 3597 1319 ἐπιεικὴς,
3632 1250 3907 1319 φιλόθεος,

2324 1338 2725 1408 φιλάνθρωπος,
2761 1340 3120 1407 φιλόπτωχος,
3152 1341 3410 1411 χρηστὸς,
3450 1342 3732 1413 προσηνὴς
3768 1342 3909 1412 πρὸς

2325 1431 2547 1493 πάντας,
2581 1431 2740 1502 εἴπερ
2768 1448 2850 1493 τις
2878 1431 3057 1495 ἄλλος’
3081 1432 3138 1495 ὃς
3164 1435 3260 1485 καὶ
3284 1434 3445 1496 αὐτὸς
3477 1436 3788 1505 κατέστησε
3818 1435 3909 1486 τὸν

2328 1522 2544 1590 Ἀρειον
2583 1521 2955 1593 πρεσϐύτερον
3003 1522 3233 1592 ἔγγιστα
3278 1525 3498 1597 έαυτοῦ.
3550 1525 3674 1577 Ἐπὶ
3710 1527 3907 1578 τούτου

2324 1611 2425 1682 τῆς
2455 1613 2678 1683 εἰρήνης
2708 1614 2815 1667 τῶν
2869 1614 3206 1685 Ἐκκλησιῶν
3235 1616 3508 1686 ὁσημέραι
3544 1616 3620 1680 ὡς
3651 1616 3735 1669 ἔτι
3771 1617 3912 1685 μᾶλ-

2325 1704 2416 1756 λον
2455 1707 2547 1758 καὶ
2593 1706 2793 1775 μᾶλλον
2826 1706 3290 1778 λαμπρυνομένης
3314 1747 3329 1769 ,
3367 1710 3461 1761 καὶ
3485 1710 3567 1773 είς
3603 1709 3739 1780 μίαν
3774 1712 3909 1778 and.

2330 1811 2478 1848 νοιαν
2532 1796 2914 1866 συνεστώσης,
2970 1799 3065 1850 καὶ
3117 1801 3230 1862 τοῖς
3278 1800 3534 1864 ὲπάθλοις
3574 1801 3683 1853 τῶν
3737 1803 3911 1869 ἁγίων

651 1892 889 1948 cordiam
913 1890 1281 1958 conspirarent
1314 1904 1523 1953 omnes,
1566 1899 1622 1943 et
1664 1890 1715 1943 itt
1747 1900 2054 1944 sanctorum
2080 1907 2221 1945 tuar-

2331 1883 2625 1954 μαρτύρων
2647 1865 2923 1956 πανταχοῦ
2946 1887 3051 1959 γῆς
3076 1892 3502 1963 σεμνυνομένηςο
3532 1893 3632 1945 ούκ
3664 1865 3910 1960 ἐνεγκὼν

653 1992 829 2054 tyrum
885 1980 1119 2051 praemiis
1155 1978 1350 2046 ubique
1387 1976 1623 2032 locorum
1668 1977 2071 2047 gloriarentur:
2122 1993 2221 2033 non

2327 1977 2356 2027 ὀ
2378 1974 2623 2038 διάϐολος
2646 1977 2745 2046 τὴν
2764 1979 3033 2051 τοσαύτην
3054 1981 3148 2034 τοῦ
3180 1986 3505 2037 πιστοτάτου
3537 1984 3640 2055 τῆς
3676 1986 3912 2055 Ἐκκλη-

651 2072 830 2130 ferens
854 2072 1097 2127 diabolus
1151 2079 1355 2124 tantum
1407 2070 1696 2124 ﬁdelissimi
1756 2070 2008 2125 Ecclesia:
2048 2071 2221 2140 populi

2328 2066 2451 2129 σίας
2505 2066 2632 2119 λαοῦ
2666 2069 2756 2121 ἐπὶ
2796 2072 2861 2140 τῇ
2902 2073 2958 2123 ὲν
3015 2072 3152 2145 αὐτῇ
3198 2075 3334 2145 πρὸς
3370 2075 3462 2128 τὸν
3491 2076 3623 2129 Θεὸν
3667 2078 3911 2147 οὐρανίῳ

652 2166 705 2220 in
731 2164 936 2220 cmlesti
979 2176 1105 2231 erga
1162 2162 1327 2216 Deum
1386 2161 1531 2216 cultu
1572 2160 1983 2225 incrementum,
2036 2161 2221 2217 iterum

2327 2160 2593 2232 θρησκείᾳ
2623 2159 2873 2231 αὔξησιν,
2902 2163 3062 2217 πάλιν
3092 2165 3155 2218 ἔκ
3176 2184 3321 2231 τινος
3344 2166 3679 2237 φιλονεικίας
3707 2169 3820 2221 τῶν
3853 2171 3910 2221 ἐν

650 2270 749 2324 per
784 2254 1070 2322 quamdam
1124 2251 1617 2311 ecclesiasticarum
1665 2250 2060 2306 contentionem
2113 2262 2221 2307 tur-

2325 2254 2465 2325 αὐτῇ
2485 2254 2731 2326 ταραχὴν
2758 2254 3074 2321 Missas-at.

652 2347 750 2401 bas
779 2344 997 2400 excitat.

1305 2434 1459 2515 cap.
1503 2456 1569 2514 ll.

916 2566 983 2627 ’δι
1007 2569 1192 2626 heresi
1216 2586 1251 2625 α
1281 2569 1375 2625 ι)ιὶ
1411 2571 1558 2625 hoste
1586 2569 1976 2626 Ario‘invema.

723 2752 1013 2826 Presbyter
1032 2752 1175 2808 enim
1210 2751 1318 2817 ille,
1366 2766 1526 2821 quem
1557 2751 1868 2806 dicebamus
1897 2751 1986 2806 tali
2015 2751 2222 2808 honore

652 2847 873 2917 dignum
898 2845 1266 2901 existimatum
1301 2842 1470 2898 fuisse
1522 2843 1589 2896 ab
1622 2843 1932 2897 Alexandro
1980 2843 2219 2898 Alexan-

650 2937 785 2990 driae
811 2933 1084 3004 episcopo,
1105 2935 1323 2987 nomine
1339 2932 1524 2999 Arius,
1555 2934 1635 2985 vir
1663 2933 1841 3001 specie
1867 2933 2081 3002 quidem
2108 2948 2221 2987 ma-

652 3027 737 3098 gis
769 3024 909 3097 pius,
943 3034 1138 3080 caetera
1164 3039 1291 3079 vero
1351 3024 1603 3079 vanitatis
1658 3034 1714 3078 et
1759 3025 1945 3093 gloriae
1992 3026 2221 3082 callidus

652 3127 883 3184 amator,
940 3115 1269 3187 cmpitcirca
1321 3115 1481 3169 ﬁdem
1522 3116 1575 3169 in
1633 3116 1905 3170 Christum
1936 3118 2216 3189 peregrina

2919 2457 3175 2511 ΚΕΦΛΛ.
3219 2454 3294 2511 B'.

2324 2565 2464 2633 Περὶ
2494 2564 2604 2634 τῆς
2622 2565 3357 2642 ἐφευρεθείσηςλιιὶρέσεως
3388 2572 3504 2624 ὐπὸ
3538 2571 3645 2625 τοῦ
3680 2571 3909 2642 830m}-

2907 2655 3021 2705 χου
3065 2639 3305 2706 Ἀρείου.

2406 2748 2464 2801 '0
2495 2750 2606 2820 γάρ
2637 2750 3007 2820 πρεσϐύτερος
3028 2752 3254 2816 ἐκεῖνος,
3280 2751 3337 2804 ὃν
3371 2752 3577 2824 ἔφαμεν
3602 2755 3701 2823 τῆς
3729 2759 3910 2809 τοιάσ-

2321 2837 2377 2891 δε
2425 2838 2689 2909 ἠξιῶσθαι
2735 2844 2900 2914 τιμῆς
2931 2845 3035 2898 ὑπὸ
3078 2845 3430 2917 Ἀλεξάνδρου
3478 2849 3571 2902 τοῦ
3603 2852 3908 2904 ἐπισκόπου

2334 2932 2777 3005 Ἀλεξανδρείας,
2821 2937 3037 3008 "Aptata;
3068 2936 3325 3008 τοῦνομα,
3380 2940 3519 3009 ἀνὴρ
3553 2945 3907 3011 προσχήματι

2328 3026 2531 3094 μᾶλλον
2570 3029 2839 3099 εὐσεϐὴς,
2887 3031 2958 3083 τὰ
3002 3031 3059 3083 δὲ
3089 3030 3224 3085 ἄλλα
3264 3032 3424 3105 δόξης
3471 3034 3567 3087 καὶ
3613 3037 3908 3107 κενότητος

2323 3116 2526 3188 θερμὸς
2572 3120 2831 3191 ἐραστὴς,
2888 3121 3091 3193 ἤρξατο
3133 3126 3427 3197 προφέρειν
3457 3127 3576 3180 τινὰ
3609 3128 3735 3191 ξένα
3778 3131 3908 3200 περὶ

652 3208 896 3278 quaedam
921 3207 1184 3278 proferre,
1215 3223 1334 3276 quae
1378 3208 1650 3279 prioribus
1686 3209 2016 3278 temporibus
2063 3226 2221 3265 nemo

2324 3209 2421 3277 τῆς
2446 3211 2526 3273 είς
2556 3212 2791 3283 Χριστὸν
2830 3215 3067 3278 πίστεως
3090 3254 3104 3278 ,
3128 3215 3164 3270 ἃ
3198 3220 3312 3280 τοῖς
3351 3217 3660 3289 ἔμπροσθεν
3688 3223 3906 3293 χρόνοις

659 3298 955 3368 quaesierat
988 3312 1225 3368 unquam
1265 3306 1360 3354 aut
1396 3299 1803 3356 introduxerat:
1849 3310 2077 3357 conatus
2104 3302 2224 3358 uni.

653 3391 896 3462 genitum
929 3389 1216 3445 Dominum
1253 3400 1499 3446 nostrum
1530 3389 1713 3447 .Iesum
1743 3393 2018 3449 Christum
2060 3411 2089 3448 a
2117 3394 2222 3450 Pa-

655 3480 752 3534 tris
776 3479 1034 3534 inell‘abili
1064 3490 1118 3536 et
1139 3491 1340 3536 teterna
1394 3480 1680 3537 divinitate
1713 3498 1987 3552 separare,
2016 3501 2225 3555 magnae

655 3574 711 3625 in
738 3570 989 3626 Ecclesia
1020 3573 1443 3642 perturbationis
1470 3584 1661 3627 auctor
1702 3574 1820 3628 fuit.
1866 3574 2063 3630 Verum
2097 3578 2222 3631 dum

654 3660 961 3715 Alexander
989 3661 1226 3731 ingenita
1268 3672 1480 3717 natura:
1507 3678 1618 3718 suae
1662 3663 1995 3734 benignitate
2036 3668 2223 3723 Arium

655 3753 709 3806 itt
764 3752 955 3808 melius
1008 3750 1217 3807 mutare
1264 3753 1425 3808 vellet
1472 3754 1785 3809 tleceutibus
1838 3756 2224 3812 admonitioni-

655 3843 778 3907 bus,
823 3843 1051 3897 necdum
1094 3852 1356 3898 statueret
1403 3845 1668 3899 sententia
1699 3846 1819 3899 uti:
1861 3847 2062 3903 interea
2100 3866 2226 3904 cou-

655 3933 774 4003 tigit
834 3934 904 3987 ob
971 3933 1108 3997 hoc,
1174 3943 1233 3986 ut
1304 3934 1569 4002 pestilenti
1640 3934 1862 3991 haeresis
1919 3938 2227 3995 calamitate

657 4023 808 4078 multi
869 4024 1304 4090 absumerentur,
1353 4034 1407 4080 et
1448 4037 1701 4096 tanqttatn
1752 4044 1818 4082 ex
1863 4045 2026 4099 parva
2086 4033 2228 4087 scin-

655 4116 765 4169 tilla
798 4132 1028 4181 magnus
1053 4115 1192 4185 ignis
1244 4118 1658 4174 accenderetur.
1719 4119 1917 4175 Malum
1964 4123 2228 4194 incipiens

652 4205 723 4258 ab
748 4204 1233 4258 Alexandrinorum
1263 4206 1526 4270 Ecclesia,
1574 4209 1756 4277 plures
1801 4212 1940 4267 alias
1984 4216 2230 4273 civitates

651 4303 813 4361 atque
850 4294 1157 4361 provincias
1187 4297 1554 4363 percurrebat.
1610 4297 1890 4353 Postremo
1924 4316 2047 4356 cum
2080 4306 2228 4360 vide-

655 4394 736 4438 ret
766 4384 1081 4438 Alexander
1117 4386 1313 4437 malum
1348 4386 1398 4438 itt
1431 4386 1584 4456 pejus
1617 4392 1901 4458 progredi,
1964 4396 2226 4463 synodqu

649 4474 1026 4543 subiectorum
1060 4476 1161 4530 sibi
1196 4477 1570 4545 episcoporum
1593 4495 1920 4549 convocans,
1948 4496 2004 4538 et
2030 4488 2221 4541 Arium

648 4564 956 4618 sacerdotio
988 4564 1268 4631 dejiciens,
1302 4565 1415 4619 suis
1451 4566 1670 4638 collegis
1715 4572 1977 4626 rationem
2036 4576 2216 4630 reddi-
2252 4554 2295 4609 θ
2323 4554 2557 4651 σάμενος

646 4654 761 4710 dit:
812 4664 869 4709 et
902 4668 1021 4720 quae
1062 4666 1253 4710 contra
1295 4658 1485 4711 Arium
1520 4658 1694 4713 fusius
1744 4675 2041 4731 exponens,
2094 4676 2213 4720 stu-

646 4746 903 4816 diumque
954 4747 1319 4816 exstirpanda;
1370 4750 1594 4805 haeresis
1639 4751 1703 4805 iis
1735 4752 2004 4821 injiciens,
2053 4766 2111 4810 ut
2143 4758 2211 4813 ad

639 4834 900 4902 judicium
920 4847 1373 4906 praapararentur,
1410 4838 1556 4906 ipsos
1578 4842 1919 4909 adhortatur,
1960 4846 2012 4899 in
2069 4846 2216 4903 hunc

644 4926 862 4979 modutn
891 4926 957 4979 ad
983 4940 1077 4982 eos
1101 4928 1367 4985 scribens.

1297 5148 1445 5203 CAP.
1481 5149 1566 5207 Ill.

642 5257 875 5328 Dejectio
900 5262 1013 5316 Arii
1050 5273 1094 5316 et
1123 5264 1388 5316 sociorum
1420 5265 1556 5333 ejus,
1590 5280 1749 5318 missa
1794 5265 1858 5317 ab
1900 5266 2209 5320 Alexandro

1011 5335 1251 5401 ερίεευμο
1278 5335 1516 5388 omnibus
1543 5335 1817 5403 episcopis.

640 5504 984 5586 CItarissimis
1019 5512 1548 5587 honor-minimisque
1579 5514 1859 5587 fratribus,
1901 5519 1989 5584 qui
2014 5519 2208 5587 ubique

715 5580 934 5644 gentium
963 5590 1082 5632 siml
1100 5585 1365 5634 uobiscum
1399 5580 1737 5637 irt'lt'rclesiw
1764 5580 2052 5641 ruinis'rrrio
2082 5580 2207 5643 rou-

718 5647 898 5709 imtctt’,
928 5650 1229 5704 Alexander
1254 5654 1471 5706 salutem
1518 5658 1571 5707 in
1604 5653 1846 5709 Domino.

2319 3300 2495 3365 οὐδεὶς
2516 3301 2735 3357 πώποτε
2758 3306 3041 3376 ἐζήτησεν,
3076 3309 3108 3379 ἢ
3137 3311 3590 3382 παρεισήνεγκενι
3619 3316 3904 3387 ἐπιχειρή-

2323 3408 2424 3455 σας
2463 3393 2553 3446 τὸν
2587 3400 2850 3467 μονογενῆ
2883 3399 3088 3470 Κύριον
3134 3402 3288 3472 ἡμῶν
3330 3403 3537 3472 Ἰησοῦν
3563 3405 3800 3476 Χριστὸν
3829 3408 3906 3460 δι-

2322 3481 2460 3536 ελεῖν
2498 3484 2599 3555 τῆς
2630 3485 2726 3539 τοῦ
2760 3488 2975 3559 Πατρὸς
3001 3491 3244 3563 ἀρρήτου
3275 3495 3368 3547 καὶ
3395 3495 3581 3549 ἀϊδίου·
3608 3496 3863 3569 θεότητος
3885 3543 3901 3567 ,

2324 3572 2523 3645 πολλῆς
2549 3580 2690 3630 κατὰ
2716 3579 2816 3647 τὴν
2857 3578 3185 3652 Ἐκκλησίαν
3214 3586 3502 3655 παραίτιος
3533 3591 3781 3659 ταραχῆς
3814 3592 3903 3656 γέ-

2322 3680 2495 3730 γονεν.
2542 3667 2703 3722 Ἀλλά
2729 3670 2793 3742 δὴ
2822 3670 2915 3724 τοῦ
2952 3672 3325 3747 Ἀλεξάνδρου,
3354 3681 3619 3749 πραότητι
3662 3682 3901 3749 φύσεως,

2322 3758 2413 3809 τὸν
2449 3761 2664 3827 Ἀρειον
2692 3763 2862 3817 ὲπίτὸ
2884 3765 3105 3835 ἄμεινον
3139 3768 3384 3835 θέλοντος
3416 3775 3744 3843 μεταϐαλεῖν
3776 3794 3902 3845 πρεο

2325 3849 2555 3914 πούσαις
2574 3856 2948 3924 παραινέσεσι,
2977 3861 3201 3929 μηδέπω
3227 3862 3281 3914 δὲ
3310 3864 3592 3933 κρίνοντος
3624 3868 3899 3931 ἀποτάσει

2325 3942 2666 4010 χρήσασθαι,
2700 3946 2836 4011 τέως
2866 3951 3219 4021 ἐπινέμεσθαι
3250 3953 3339 4005 διὰ
3367 3955 3526 4008 τοῦτο
3552 3958 3784 4023 πολλοὺς
3806 3963 3902 4031 τὴν

2326 4030 2578 4105 λοιμικὴν
2621 4039 2943 4108 περίστασιν
2976 4043 3076 4113 τῆς
3115 4045 3379 4115 αἱρέσεως
3422 4048 3665 4117 γέγονεν,
3709 4030 3897 4107 ἔπειτα

2327 4122 2399 4186 ὡς
2448 4126 2555 4177 ἀπὸ
2610 4130 2808 4199 μικροῦ
2861 4134 3159 4204 σπινθῆρος
3217 4137 3360 4207 μέγα
3415 4141 3526 4211 πῦρ
3576 4143 3895 4211 ὲξαφθῆναι.

2342 4213 2668 4286 ’Δρξάμενόν
2694 4238 2753 4272 τε
2781 4222 2841 4274 τὸ
2870 4223 3038 4275 κακὸν
3068 4226 3176 4279 ἀπὸ
3208 4228 3304 4298 τῆς
3346 4230 3741 4301 Ἀλεξανδρέων
3778 4235 3870 4287 Ἕκ

2328 4306 2582 4375 κλησίας,
2617 4310 2711 4362 καὶ
2744 4313 2886 4366 κατὰ
2917 4317 3100 4380 πόλεις
3147 4318 3313 4383 ἄλλας
3372 4322 3467 4375 καὶ
3513 4325 3783 4394 ἐπαρχίας
3819 4327 3892 4378 δι-

2329 4396 2535 4467 έτρεχε.
2572 4400 2770 4464 Τέλος,
2807 4403 2882 4467 ὡς
2928 4408 3128 4461 ἐνεῖδεν
3176 4412 3269 4462 ἐπὶ
3315 4411 3378 4463 τὸ
3412 4415 3593 4484 χεῖρον
3620 4416 3679 4468 τὸ
3725 4418 3891 4470 κακὸν

2330 4492 2574 4559 προϊέναι
2594 4532 2609 4558 ,
2648 4494 2865 4549 σύνοδον
2893 4499 3004 4551 τῶν
3032 4502 3121 4554 ὑπ’
3159 4503 3322 4557 αὑτὸν
3351 4505 3669 4562 ἐπισκόπων
3695 4527 3889 4580 συστη-

2578 4624 2591 4647 ,
2642 4588 2736 4640 καὶ
2790 4590 3036 4645 καθελὼν
3071 4594 3178 4648 στὸν
3246 4597 3488 4668 Ἀρειον,
3552 4601 3770 4654 δίδωσιν
3812 4604 3886 4664 εἰς

2318 4675 2447 4739 τοὺς
2494 4678 2939 4753 συλλειτουργοὺς
2981 4685 3081 4757 τὴν
3135 4688 3393 4745 ὑπόθεσιν
3440 4692 3469 4744 ὁ
3521 4690 3884 4764 Ἀλέξανδρος,

2319 4767 2652 4842 πλατύτερον
2698 4790 2757 4827 τε
2806 4778 2876 4831 τὰ
2924 4780 3069 4833 κατά
3120 4782 3212 4835 τὸν
3272 4785 3491 4856 Ἀρειον
3536 4786 3883 4850 ἐκτεθεικὼς,

2321 4860 2560 4932 σπουδήν
2604 4881 2663 4917 τε
2693 4867 2855 4932 ἐνιεὶς
2894 4871 3029 4940 πρὸς
3062 4873 3341 4945 ἀναίρεσιν
3372 4878 3471 4947 τῆς
3500 4880 3767 4946 αἱρέσεως
3811 4883 3882 4940 είς

2320 4953 2673 5024 παρασκευὴν
2721 4956 2820 5027 τῆς
2862 4957 3209 5027 διαγνώσεως
3255 4964 3450 5029 αὐτοὺς
3505 4968 3882 5038 ἑτοιμάζεσθαι

2318 5042 2772 5111 παρακελεύεται,
2804 5048 3022 5120 γράψας
3062 5051 3199 5122 πρὸς
3227 5055 3426 5120 αὐτοὺς
3452 5058 3632 5111 τοιάδε
3657 5074 3673 5090 ο

2914 5166 3165 5223 ΚΕΦΑΛ.
3204 5168 3280 5224 Γ’.

2317 5273 2738 5359 Καθρίρετικὸτ
2779 5277 2998 5359 Ἀρείῳ]
3028 5282 3128 5359 καί
3152 5283 3271 5359 τῷν
3297 5287 3419 5342 σὺν
3442 5286 3621 5355 αὐτῷ,
3645 5288 3877 5359 διαπεμ-

2389 5341 2537 5424 ξθὲγ
2573 5347 2734 5424 παρᾲ
2785 5341 3174 5424 ᾎζίεξάιύρρυ
3206 5341 3542 5410 ἐπισκόπου
3571 5341 3582 5354 ’
3604 5341 3877 5424 Ἄλεξιιῖ-

2387 5411 2589 5479 δρείας
2616 5411 2740 5481 τοῖς
2771 5411 3122 5488 ἁπαν-*ταχοῦ
3152 5423 3507 5491 ἐπισκόποις

2316 5520 2473 5603 Τοῖς-
2489 5525 2816 5609 ὰγᾳπητοῖς
2845 5529 2945 5608 acle
2986 5530 3354 5609 ⁴ςηιιιωτᾴτοις
3372 5537 3876 5609 -συᾷλειτουρτοῖς

2380 5595 3061 5677 ςρζςῌάπιέηαχιοῦ--τῆςξ
3109 5595 3433 5677 καθολιᾶιῆς
3491 5595 3872 5677 Ἐκκλησῖιιςξ

2390 5662 2876 5731 Ἀλέξανδροςὲν
2905 5662 3097 5739 Κυρἶ
3124 5674 3369 5741 χαίρειν.

992 5780 1147 5846 (Vide
1185 5786 1406 5851 huiusce
1436 5785 1761 5858 Patrologia:
1795 5799 1927 5844 tom.
1971 5790 2180 5859 LXVII,
2213 5796 2322 5851 col.
2362 5797 2550 5865 45-51,
2584 5800 2726 5869 apud
2754 5801 2909 5859 Socr.
2944 5804 3036 5860 lib.
3074 5821 3089 5860 ι
3125 5806 3259 5864 Hist.
3290 5824 3408 5873 cap.
3443 5810 3518 5870 (ἱ.)
