4148 6604
378 467 515 536 1Ξ29

975 591 1221 648 ΚΕΦΛΛ.
1263 596 1336 649 Δ’.

385 697 711 777 Ἒίτισςολὴ
754 705 1214 777 Κωνσταντίνου
1254 708 1565 775 βασιλέως
1604 712 1751 777 πρὸς
1793 711 1942 765 Ἀλέ-

443 767 706 847 ξανδρον
747 770 850 847 καί
882 773 1108 847 ’Ἀρειον
1145 767 1580 847 διαπεμφθδῖσᾶ
1614 767 1949 836 δίὰ”οσίου

342 892 359 904 ,
440 837 774 894 ἐπισκόπου
799 837 1155 911 Κορὸούϐης.

371 951 632 1020 Νικητὴς
648 958 1118 1031 literature/Vae,
1134 959 1434 1031 μέγιστος,
1451 965 1766 1031 σεϐαστός,
1794 967 1948 1020 Ἀλε-

829 1025 1066 1094 ξάνδρῳ
1113 1025 1231 1082 καῖ
1253 1030 1472 1098 Ἀρείῳ.

387 1130 552 1204 (Vide
591 1133 814 1203 hujusce
849 1135 1167 1209 PalroIOgia:
1222 1151 1351 1194 tom.
1375 1141 1556 1218 ’ξδ-
1579 1147 1694 1218 col.
1729 1145 2060 1218 Itin-£048.
2114 1151 2252 1218 apml
2311 1151 2506 1205 Euseb.
2559 1153 2650 1209 lib.
2682 1169 2720 1208 ll
2776 1153 2849 1209 De
2876 1157 2983 1210 vita

1211 1220 1340 1265 tom.
1374 1211 1582 1279 ωινιι,
1613 1215 1910 1281 col.55—60,
1947 1220 2090 1287 apud
2123 1211 2278 1274 Socr.
2314 1221 2403 1276 lib.
2444 1238 2458 1276 ι
2495 1221 2634 1277 Hist.
2666 1239 2714 1279 c.
2753 1226 2828 1297 7)

976 1345 1229 1400 ΚΕΦΑΛ.
1272 1347 1349 1402 E'.

369 1452 564 1540 Ὅπου
601 1457 1460 1540 ςθεοριλέσςίιτοςβασελεθς
1495 1463 1946 1540 Κωνσταντῖνος

437 1524 707 1646 σύνὲοδον
747 1524 1094 1582 ἐπισκόπων
1120 1528 1218 1583 ἐπὶ
1247 1529 1356 1598 τῆς
1400 1524 1668 1587 Νικαέων
1711 1524 1946 1590 κελεύει

437 1610 546 1646 rer
577 1601 740 1646 σθαι.
777 1632 781 1638 -

437 1601 740 1663 γενέσθαι.
777 1632 781 1638 -

446 1705 622 1776 Ὁρῶν
648 1707 828 1761 τοίνυν
870 1709 898 1763 6
930 1708 1183 1780 βασιλεὺς
1230 1714 1639 1786 ταραττομένην
1681 1717 1780 1787 τὴν
1821 1718 1942 1770 Ἐκο

366 1797 617 1870 κλησίαν,
652 1800 870 1854 σύνοδον
889 1803 1277 1874 οίκουμενικὴν
1309 1810 1622 1876 συγκροτεῖ,
1653 1809 1780 1872 τοὺς
1803 1825 1940 1862 παν-

1256 484 1615 544 HISTORIA
1660 485 1989 545 CONCILII
2027 486 2329 547 ΝΙΟίΕΝΙ.
2361 515 2430 524 -
2469 492 2613 553 LIB.
2659 494 2742 554 II.

3487 494 3623 559 1230

2692 607 2840 660 CAP.
2886 607 2974 661 IV.

2057 685 2294 753 Epistula
2328 691 2661 759 imperutoris
2699 693 3032 750 Constantini
3081 701 3150 750 ad
3183 699 3538 753 Alexandrum
3568 707 3621 753 et

2160 760 2341 811 Arium
2376 777 2466 827 per
2495 760 2677 814 Osium
2710 768 3006 833 episcapum
3045 765 3304 822 Corduba:
3329 772 3512 824 missa.

2060 960 2242 1017 Victor
2275 967 2670 1036 Constantinus,
2699 971 2981 1036 maximus,
3014 983 3291 1042 angustus,
3322 967 3645 1030 Alexandro~

2721 1049 2770 1093 et
2806 1041 2952 1097 Aria.

3035 1155 3307 1212 Constant.
3340 1172 3461 1228 cap.
3507 1158 3577 1216 69
3601 1181 3619 1232 ;

2704 1363 2856 1420 CAP.
2904 1365 2964 1420 V.

2051 1470 2326 1536 Quomodo
2374 1475 2663 1543 imperator
2710 1477 3088 1534 Constantinus
3127 1480 3233 1536 Deo
3279 1484 3623 1544 charissimus

2117 1547 2374 1611 synodum
2403 1550 2767 1615 episcoiiorum
2801 1547 3002 1604 Nicaea:
3029 1551 3282 1607 celebrari
3305 1556 3549 1624 jusserit.

2117 1717 2253 1772 Cum
2296 1719 2507 1776 videret
2550 1722 2846 1792 imperator
2893 1726 3264 1795 perturbatam
3298 1730 3619 1798 Ecclesiam,

2047 1810 2334 1864 concilium
2375 1813 2632 1880 generale
2681 1827 2962 1879 convocat,
3023 1819 3303 1890 episcopos
3353 1824 3620 1880 undecun-

363 1893 592 1962 ταχόθεν
623 1895 954 1960 ἐπισκόπους
979 1896 1069 1949 διὰ
1102 1896 1448 1971 γραμμάτων
1471 1899 1550 1962 είς
1581 1898 1816 1952 Νίκαιαν
1842 1899 1940 1969 τῆς

2045 1919 2148 1972 que
2177 1921 2272 1976 per
2296 1907 2525 1972 litteras,
2557 1919 2615 1962 ut
2644 1909 2875 1966 Nicmam
2909 1910 3174 1985 Bithyniae
3203 1931 3614 1986 concurrerent,

363 1982 618 2048 Βιθυνίας
656 1985 964 2057 ἀπαντῆσαι
1029 1987 1380 2059 παρακαλῶν.
1424 1984 1534 2040 Ἦν
1570 1988 1625 2042 δὲ
1664 1989 1811 2060 αὑτῷ
1848 1991 1942 2042 ὲκ-

363 2075 688 2130 καιδέκατον
727 2076 847 2140 ἔτος
896 2077 992 2130 καὶ
1030 2079 1200 2149 μῆνες
1246 2077 1305 2146 ἕξ
1353 2079 1451 2150 τῆς
1501 2079 1810 2149 βασιλείας,
1854 2083 1942 2135 ὅτε

362 2167 536 2220 ταῦτα
575 2168 727 2240 αὐτῷ
760 2169 898 2240 ὑπὲρ
937 2170 1037 2241 τῆς
1086 2165 1553 2242 ἐκκλησιαστικῆς
1598 2173 1821 2244 εἰρήνης
1850 2175 1943 2226 ἐσ-

365 2259 658 2314 πούδαστο.
689 2260 954 2332 Παρῆσάν
977 2278 1038 2315 τε
1077 2264 1140 2316 ἐκ
1181 2262 1395 2316 πολλῶν
1441 2263 1720 2335 ἐπαρχιῶν
1759 2281 1815 2317 τε
1851 2265 1943 2318 καὶ

364 2351 577 2406 πόλεων
605 2354 652 2406 oi
697 2353 1013 2416 ἐπίσκοποι,
1053 2354 1180 2425 περὶ
1207 2347 1283 2408 ὧν
1314 2355 1342 2407 6
1378 2355 1666 2424 Παμφίλου
1689 2356 1944 2420 Εὐσέϐιος

364 2443 424 2495 ἐν
447 2441 527 2512 τῷ
560 2442 730 2513 τρίτῳ
764 2441 957 2514 βιϐλίῳ
989 2443 1098 2497 τῶν
1127 2444 1207 2506 είς
1238 2444 1330 2497 τὸν
1358 2444 1770 2498 Κωνσταντίνου
1802 2445 1940 2516 βίον,

361 2535 486 2590 τάδε
515 2535 656 2588 κατὰ
681 2535 824 2602 λέξιν
855 2537 1018 2608 φησίν
1044 2553 1058 2570 ο
1097 2537 1218 2591 Τῶν
1255 2535 1387 2606 γοῦν
1430 2536 1770 2608 Ἐκκλησιῶν
1801 2539 1944 2592 άπα-

364 2625 493 2690 σῶν,
545 2626 602 2681 αἳ
645 2625 744 2698 τὴν
775 2628 1048 2699 Εὐρώπην
1079 2628 1320 2694 ἅπασαν,
1359 2630 1567 2700 Λιϐύην
1609 2649 1668 2684 τε
1710 2633 1803 2686 καὶ
1843 2634 1942 2701 τὴν

374 2716 562 2772 Ἀσίαν
605 2718 899 2790 ἐπλήρουν,
948 2719 1083 2789 ὁμοῦ
1114 2719 1348 2790 συνῆκτο
1380 2720 1490 2774 τῶν
1530 2720 1626 2774 τοῦ
1667 2722 1800 2776 Θεοῦ
1834 2721 1943 2776 λει-

359 2805 609 2876 τουργῶν
635 2808 702 2860 τὰ
727 2807 1032 2878 ἀκροθίνιαο
1060 2805 1141 2873 εἷς
1166 2825 1225 2861 τε
1243 2805 1390 2872 οἶκος
1415 2811 1722 2882 εύκτήριος,
1754 2811 1942 2884 ὥσπερ

361 2900 427 2952 ἐκ
449 2898 584 2952 Θεοῦ
629 2898 1062 2970 πλατυνόμενος,
1096 2900 1244 2956 ἔνδον
1291 2901 1490 2973 ἐχώρει
1533 2903 1675 2958 κατὰ
1714 2905 1776 2958 τὸ
1811 2904 1942 2958 αὐτὸ

363 2988 569 3060 Σύρους
602 3006 661 3042 τε
703 2987 818 3060 ἅμα
859 2990 954 3042 καὶ
982 2989 1236 3055 Κίλικας,
1269 2991 1522 3056 Φοίνικάς
1553 3009 1612 3045 τε
1643 2993 1737 3045 καὶ
1771 2995 1940 3065 Ἀρα-

362 3080 465 3144 ϐας
499 3080 593 3135 καὶ
624 3081 1039 3145 Παλαιστίνους,
1085 3083 1178 3136 κα)⁸
1213 3082 1307 3136 ἐπὶ
1337 3083 1549 3146 τούτοις
1586 3084 1937 3153 Αἰγυπτίους,

361 3170 653 3243 Θηϐαίους,
689 3171 915 3238 Λίϐυας,
965 3172 1092 3238 τούς
1116 3189 1176 3226 τε
1222 3175 1286 3226 ἐκ
1322 3174 1494 3244 μέσης
1533 3174 1643 3228 τῶν
1674 3175 1938 3246 ποταμῶν

358 3261 734 3334 ὁρμωμένους.
765 3263 902 3334 ’Ἤδη
929 3263 984 3316 δὲ
1010 3264 1103 3316 καὶ
1133 3263 1350 3335 Πέρσης
1385 3265 1683 3327 ἐπίσκοπος
1706 3269 1772 3335 τῇ
1805 3283 1938 3318 συνο

357 3355 462 3426 όδῳ
508 3357 712 3427 παρῆν,
735 3356 857 3410 οὐδὲ
901 3355 1113 3426 Σκύθης
1139 3356 1548 3426 άπελιμπάνετο
1575 3360 1672 3428 τῆς
1701 3359 1934 3429 χορείας

360 3447 562 3510 Πόντος
591 3464 652 3500 τε
683 3447 778 3500 καὶ
822 3447 999 3511 Ἀσία,
1027 3448 1239 3521 Φρυγία
1263 3465 1323 3500 τε
1360 3449 1455 3501 καὶ
1495 3448 1784 3518 Παμφυλία
1815 3452 1939 3514 τοὺς

362 3542 496 3612 παρ’
531 3541 714 3604 αὐτοῖς
749 3541 1014 3611 παρεῖχον
1059 3541 1366 3611 ἐκκρίτους.
1406 3541 1563 3596 Ἀλλὰ
1593 3543 1685 3596 καὶ⁸
1725 3542 1940 3614 Θρᾷκες

361 3631 458 3686 καὶ
489 3629 818 3691 Μακεδόνες,
868 3629 1073 3701 Ἀχαιοί
1098 3647 1156 3683 τε
1188 3631 1281 3684 καὶ
1337 3633 1690 3702 Ἠπειρῶται,
1734 3635 1782 3685 οἱ
1814 3632 1938 3704 [αύ-

358 3720 492 3795 τῶν]
519 3721 599 3776 ἔτι
624 3722 698 3792 (8)
725 3723 1063 3792 προσωτάτω
1091 3721 1365 3787 οἰκοῦντες
1388 3725 1663 3795 ἀπήντων.
1689 3725 1861 3788 Αὐτός
1879 3743 1938 3780 τε

363 3815 591 3869 Σπάνων
621 3817 649 3868 6
687 3815 828 3869 πάνυ
859 3815 1131 3886 βοώμενος
1167 3819 1195 3870 6
1226 3817 1437 3881 ὐσιος,
1478 3816 1690 3887 ἐπέχων
1723 3819 1818 3871 καὶ
1848 3819 1938 3871 τὸν

359 3909 524 3963 τόπον
577 3909 674 3962 τοῦ
703 3908 804 3980 τῆς
848 3909 1112 3982 μεγίστης
1150 3911 1370 3981 Ῥώμης
1417 3912 1718 3965 ἐπισκόπου
1751 3912 1937 3965 Σιλϐἐ-

363 4019 546 4073 στρου,
587 4003 683 4055 σὺν
712 4001 1105 4074 πρεσϐυτέροις
1141 4003 1360 4073 Ῥώμης
1385 4003 1579 4056 Βίτωνι
1613 4005 1707 4057 καὶ
1753 4005 1937 4057 Βικεν-

359 4094 480 4165 τίῳ,
511 4097 620 4158 τοῖς
663 4094 880 4157 πολλοῖς
907 4093 1025 4165 ἅμα
1053 4095 1408 4164 συνεδρεύων.
1458 4097 1570 4166 Τῆς
1607 4114 1667 4149 τε
1706 4096 1799 4150 νῦν
1842 4098 1939 4166 βα·-

364 4181 678 4254 σιλευούσης
709 4184 916 4248 πόλεως
949 4187 976 4237 6
1013 4185 1112 4255 μὲν
1139 4185 1439 4256 προεστὼς,
1473 4189 1840 4258 Μητροφάνης
1861 4191 1933 4259 (9)

361 4273 620 4345 τοῦνομα,
653 4276 742 4329 διὰ
769 4276 950 4347 γῆρας
993 4276 1231 4346 ὑστέρει,
1275 4279 1639 4349 πρεσϐύτεροι
1673 4280 1729 4332 δὲ.
1772 4281 1936 4334 αὐτοῦ

363 4369 632 4442 παρόντες
667 4369 766 4438 τὴν
791 4369 957 4422 αὑτοῦ
993 4369 1145 4434 τάξιν
1179 4370 1414 4425 ἐτέλουν.
1459 4364 1559 4423 Ὦν
1597 4373 1626 4423 ό
1660 4367 1741 4436 εἷς
1787 4373 1936 4427 Ἀλέ-

364 4459 587 4532 ξανδρος
614 4457 704 4532 ἦν,
733 4462 763 4514 6
799 4462 918 4530 μετ’
961 4463 1124 4516 αὐτὸν
1161 4463 1461 4526 ἐπίσκοπος
1489 4463 1590 4532 τῆς
1633 4463 1804 4534 αὐτῆς
1848 4482 1936 4532 γε·

2045 1996 2358 2052 exhortans.
2381 2000 2656 2071 Agebatur
2695 2012 2876 2059 autem
2914 2008 3063 2076 regni
3091 2007 3208 2076 ejus
3231 2025 3404 2066 anuus
3431 2024 3617 2068 sextus

2045 2087 2305 2152 decimus,
2343 2099 2397 2142 et
2436 2092 2641 2147 mensis
2678 2104 2940 2164 praeterea
2981 2109 3186 2163 sextus,
3233 2116 3354 2155 cum
3401 2102 3514 2157 haec
3541 2104 3610 2156 ab

2046 2178 2138 2234 illo
2195 2195 2294 2250 pro
2343 2181 2603 2239 Ecclesiae
2652 2200 2784 2255 pace
2840 2203 3050 2243 summa
3107 2205 3235 2244 cura
3299 2194 3616 2258 agebantur.

2043 2271 2282 2324 Aderant
2312 2281 2495 2327 autem
2524 2289 2590 2329 ex
2617 2275 2860 2346 pluribus
2889 2280 3188 2348 provinciis
3219 2290 3270 2336 et
3301 2282 3617 2339 civitatibus

2043 2361 2305 2431 episcopi,
2340 2365 2406 2419 de
2445 2367 2642 2436 quibus
2671 2368 2936 2424 Eusebius
2969 2370 3235 2442 Pamphili
3289 2374 3425 2430 libro
3458 2380 3616 2433 tertio

2043 2451 2112 2506 de
2164 2453 2273 2508 vita
2325 2455 2689 2525 Constantini,
2732 2459 2846 2516 haec
2885 2462 2996 2530 ipsa
3023 2466 3180 2518 verba
3216 2464 3379 2520 refert
3407 2468 3454 2498 "
3490 2485 3504 2523 :
3537 2466 3620 2525 Ex

2043 2544 2298 2600 clunibus
2358 2547 2634 2616 Ecclesiis,
2684 2567 2809 2622 quae
2882 2555 3197 2626 frequentes
3245 2561 3295 2614 in
3350 2571 3456 2616 tota
3507 2562 3617 2617 Eu-

2044 2647 2197 2702 r0pa,
2243 2635 2428 2692 Africa
2477 2650 2533 2694 et
2581 2643 2710 2696 Asia
2763 2647 3114 2713 exstiterunt,
3159 2651 3252 2704 Dei
3304 2655 3617 2711 sacerdotes

2042 2725 2134 2793 qui
2172 2727 2330 2782 facile
2370 2729 2573 2796 primas
2602 2730 2746 2787 ferre
2791 2737 3148 2804 putabantur,
3201 2739 3252 2793 in
3280 2755 3441 2796 unum
3489 2758 3619 2798 con-

2044 2829 2308 2872 vocantur
2342 2841 2358 2878 ;
2391 2837 2497 2876 una
2545 2824 2710 2878 etiam
2759 2828 2903 2881 aedes
2951 2842 3127 2895 sacra,
3175 2831 3322 2885 velut
3350 2833 3442 2888 Dei
3482 2846 3616 2891 nutu

2042 2912 2298 2978 adaucta,
2330 2912 2468 2967 intra
2497 2915 2732 2985 parietes
2775 2933 2926 2984 suos,
2975 2919 3142 2990 Syros
3165 2924 3370 2992 pariter
3411 2935 3467 2981 et
3489 2926 3620 2983 Cili-

2041 3017 2154 3067 ces.
2187 3003 2468 3061 I‘hmnices
2499 3019 2554 3062 et
2579 3008 2809 3074 Arabes,
2859 3020 2914 3065 ct
2944 3011 3286 3079 Palaestinos,
3330 3015 3614 3088 Egyptios

2043 3111 2225 3165 porro,
2261 3096 2571 3165 Thebanos,
2609 3099 2796 3165 Airos,
2840 3103 3086 3175 aliosque
3125 3121 3192 3160 ex
3228 3105 3614 3178 Mesopotamia

2044 3189 2314 3254 protectos
2373 3193 2596 3258 recepit.
2651 3194 2854 3249 Aderat
2899 3195 3066 3248 etiam
3123 3212 3224 3250 una
3276 3197 3330 3251 in
3380 3199 3618 3254 concilio

2047 3279 2286 3334 Persidis
2311 3282 2616 3350 episcopus,
2643 3301 2741 3337 nec
2763 3287 2831 3340 ab
2858 3287 2959 3340 hoc
2982 3287 3148 3343 choro
3178 3288 3380 3358 Scytha
3409 3292 3612 3348 abluit:

2049 3370 2252 3425 Pontus
2278 3373 2403 3426 item
2435 3384 2488 3427 et
2509 3375 2657 3440 Asia,
2684 3376 3026 3447 Phrygiaque
3050 3389 3103 3432 et
3127 3378 3442 3450 Pamphylia
3473 3383 3618 3437 viros

2046 3465 2187 3532 apud
2249 3479 2309 3518 se
2368 3465 2693 3522 lectissimos
2751 3473 3183 3538 suppeditarunt.
3245 3471 3383 3538 Quin
3447 3476 3612 3529 etiam

2047 3552 2307 3620 Thraces,
2339 3555 2681 3623 Macedones,
2708 3560 2915 3623 Achaei,
2946 3571 2996 3613 et
3024 3561 3276 3630 Epirotae,
3306 3573 3358 3617 et
3383 3580 3613 3633 quorum

2047 3647 2320 3701 domicilia
2355 3647 2519 3701 tnulto
2559 3648 2798 3716 longiore
2842 3651 3084 3706 locorum
3121 3652 3407 3708 intervallo
3444 3655 3615 3710 dista-

2046 3738 2196 3801 bant,
2223 3753 2288 3792 eo
2311 3739 2692 3795 adventarunt.
2718 3740 2837 3811 Ipse
2864 3744 3028 3797 etiam
3053 3741 3216 3798 Osius
3242 3760 3306 3799 ex
3332 3745 3614 3816 llispauis,

2047 3829 2286 3882 nominis
2318 3839 2371 3883 et
2400 3829 2558 3884 fama:
2593 3831 2910 3888 celebritate
2954 3834 3204 3902 insignis,
3237 3837 3327 3904 qui
3367 3837 3615 3894 Silvestri

2044 3919 2280 3988 episcopi
2316 3921 2568 3975 maxima:
2593 3920 2781 3976 Romae
2816 3925 2989 3977 locum
3019 3926 3319 3993 obtinebat,
3359 3944 3460 3981 una
3489 3944 3610 3983 cum

2048 4012 2304 4065 Romanis
2329 4014 2660 4082 presbyteris
2694 4015 2880 4068 Bitone
2903 4026 2957 4069 et
2991 4015 3294 4081 Vincentio,
3334 4035 3457 4072 cum
3494 4021 3614 4076 aliis

2047 4105 2227 4159 tuultis
2259 4107 2310 4158 in
2354 4120 2616 4160 consessu
2651 4107 2740 4159 illo
2787 4107 2978 4162 adfuit.
3025 4107 3186 4163 Urbis
3235 4121 3416 4165 autent
3447 4111 3612 4179 illius,

2046 4212 2211 4265 penes
2238 4212 2396 4265 quam
2432 4198 2712 4266 imperituu
2756 4208 2858 4264 est,
2893 4201 3202 4270 episcopus,
3232 4201 3611 4272 Metrophanes

2046 4291 2285 4353 nomine,
2348 4291 2756 4359 ingravescente
2807 4301 2968 4344 aetate
3013 4295 3342 4363 prsrpedittts
3395 4295 3610 4353 abfuit;

2045 4381 2138 4433 sed
2171 4381 2469 4450 presbyteri
2493 4380 2608 4449 ejus
2633 4380 2722 4448 qui
2749 4382 2997 4445 aderant,
3031 4383 3172 4438 illius
3197 4385 3370 4440 locum
3401 4390 3615 4456 supple-

2045 4482 2276 4538 verunt;
2310 4487 2536 4540 quorum
2573 4486 2711 4526 unus
2750 4471 3056 4528 Alexander
3090 4475 3165 4529 illi
3197 4488 3380 4546 postea
3414 4479 3466 4531 in
3493 4479 3613 4547 ejus

361 4552 534 4621 γονὼς
559 4553 785 4617 πόλεως.
813 4553 1066 4608 Τοιοῦτον
1089 4555 1248 4625 μόνος
1277 4555 1335 4621 ἐξ
1363 4555 1560 4619 αίῶνος
1580 4549 1660 4619 εἷς
1685 4555 1939 4626 βασιλεὺς

2050 4564 2198 4616 urbis
2269 4562 2579 4632 cpiscOpatu
2640 4565 2918 4618 successit.
2977 4565 3159 4621 Talem
3233 4583 3485 4622 coronant
3544 4584 3613 4625 ex

362 4645 774 4708 Κωνσταντίνος
830 4643 1053 4716 Χριστῷ
1108 4645 1372 4713 στέφανον
1439 4645 1624 4716 δεσμῷ
1691 4647 1937 4716 συνάψας

362 4737 612 4808 είρήνης,
633 4736 710 4807 τῷ
733 4735 897 4789 αὐτοῦ
922 4737 1137 4807 Σωτῆρι
1165 4736 1265 4805 τῆς
1303 4737 1426 4789 κατ’
1463 4736 1673 4807 ἐχθρῶν
1705 4738 1802 4791 καὶ
1844 4755 1942 4792 πο-

362 4827 568 4898 λεμίων
619 4828 780 4898 νίκης
827 4827 1130 4898 θεοπρεπὲς
1175 4828 1412 4888 ἀνετίθει
1452 4829 1826 4900 χαριστήριον,
1858 4831 1939 4883 εί-

361 4919 496 4972 κόνα
521 4918 740 4988 χορείας
762 4918 1150 4988 άποστολικῆς,
1175 4916 1377 4989 ταύτην
1407 4920 1530 4973 καθ’
1565 4920 1712 4991 ἡμᾶς
1741 4937 1940 4992 συστη-

364 5009 621 5081 σάμενος.
669 5010 824 5064 Ἐπεὶ
861 5011 957 5064 καὶ
1000 5011 1122 5064 κατ’
1161 5011 1407 5075 ἐκείνους
1451 5012 1736 5082 συνῆχθαι,
1764 5013 1942 5082 λόγος,

362 5100 475 5155 ἀπὸ
498 5101 698 5164 παντὸς
727 5100 913 5164 ἔθνους
937 5101 1046 5154 τῶν
1081 5101 1186 5154 ὑπὸ
1205 5101 1296 5155 τὸν
1311 5103 1541 5175 οὐρανὸν
1563 5103 1764 5176 ἄνδρας
1787 5104 1946 5158 εὐλα-

363 5191 476 5250 osi;
515 5189 698 5254 καθὼς
727 5193 786 5245 ἐν
817 5195 937 5256 ταῖς
976 5193 1211 5265 [Ιράξεσι
1250 5193 1360 5248 τῶν
1408 5195 1740 5260 ἀποστόλων,
1778 5198 1835 5250 ἐν
1863 5191 1945 5259 οἷς

363 5278 662 5349 ἐτύγχανον
713 5281 923 5352 Πάρθοι
965 5283 1058 5337 καὶ
1096 5284 1270 5354 Μῆδοι
1306 5287 1400 5338 καὶ
1456 5286 1763 5355 Ἐλαμῖται.
1798 5287 1942 5356 Πλὴν

363 5371 489 5427 ὅσον
512 5372 744 5436 ἐκείνοις
778 5373 876 5444 μὲν
908 5374 1207 5443 ὑπερείτο,
1245 5377 1322 5447 μὴ
1352 5381 1415 5430 ἐκ
1445 5377 1581 5430 Θεοῦ
1612 5378 1943 5448 λειτουργῶν

435 5529 481 5560 ’⁷
517 5526 651 5596 Cap.
685 5526 718 5580 7
756 5535 812 5582 et
839 5541 994 5598 seqq.

435 5665 514 5750 (8)
556 5664 844 5750 Eusebius,
879 5664 1098 5720 Τούτων
1132 5667 1177 5721 θ’
1208 5669 1258 5722 oi
1280 5667 1399 5724 ἕτιι
1433 5680 1484 5725 et
1514 5672 1583 5727 al.
1622 5687 1776 5738 mox;
1807 5674 1936 5742 ττορ-

368 5735 616 5806 ρωτάτω.
651 5735 821 5789 llaao.

437 5804 515 5874 (9)
552 5801 798 5876 Episcopi
832 5821 1025 5861 nomen
1059 5823 1165 5862 non
1198 5809 1356 5864 habet
1401 5809 1684 5876 Eusebius,
1718 5823 1810 5866 aut
1836 5811 1934 5865 So.

366 5884 545 5933 statos
569 5891 583 5929 :
607 5877 662 5932 iu
695 5875 842 5933 Hist.
880 5876 1115 5952 Tripart.
1145 5879 1240 5937 lib.
1276 5894 1340 5948 ιι,
1365 5895 1484 5954 cap.
1518 5883 1567 5953 l,
1594 5875 1936 5956 exﬁocrate,

2045 4651 2192 4705 ontni
2251 4652 2534 4718 praeterita:
2579 4657 2753 4708 anatis
2817 4659 3075 4710 memoria
3135 4672 3274 4712 unus
3322 4659 3616 4727 imperator

2044 4739 2433 4797 Constantinus
2499 4744 2648 4812 pacis
2722 4745 2934 4798 vinculo
2999 4749 3064 4800 ad
3117 4747 3318 4802 Christi
3388 4751 3612 4818 gloriam

2043 4828 2284 4882 devinxit
2341 4847 2356 4884 :
2409 4840 2465 4885 et
2535 4847 2642 4900 qtto
2711 4831 2981 4887 Salvatori
3053 4851 3150 4890 suo
3218 4839 3425 4906 gratius
3491 4855 3616 4910 age-

2045 4927 2148 4983 ret,
2179 4919 2321 4973 istud
2350 4920 2608 4975 eximiutu
2641 4923 2886 4977 victoria:
2926 4927 2992 4979 ab
3020 4927 3271 4982 hostibus
3294 4943 3350 4984 et
3379 4930 3612 4988 inimicis

2042 5020 2212 5077 partae
2247 5001 2658 5066 monumentum
2691 5014 2908 5079 obtulit,
2940 5017 3167 5087 eﬂigieut
3202 5022 3353 5075 chori
3390 5032 3610 5092 aposto-

2042 5101 2150 5164 lici,
2201 5115 2362 5170 quam
2416 5105 2468 5156 iu
2517 5117 2707 5158 nosno
2757 5120 3024 5160 conventu
3060 5110 3282 5179 pulchre
3323 5114 3610 5180 expressit.

2039 5190 2174 5244 Nam
2205 5203 2260 5247 et
2291 5195 2354 5246 de
2385 5194 2494 5250 illis
2535 5208 2716 5251 serum
2741 5214 2983 5267 sparsus,
3022 5217 3086 5254 ex
3120 5203 3266 5255 otnni
3309 5216 3468 5272 gente
3491 5220 3614 5274 quae

2041 5287 2140 5339 sub
2168 5287 2308 5340 uelo
2341 5297 2446 5354 est,
2478 5290 2622 5342 viros
2651 5291 2767 5359 pios
2805 5294 2854 5344 in
2887 5308 3049 5346 unum
3087 5295 3438 5359 convenisse,
3473 5307 3527 5348 ut
3556 5297 3609 5351 itt

2050 5377 2202 5432 Actis
2240 5384 2606 5445 apostolorum
2636 5385 2910 5450 scribitur,
2949 5385 3090 5440 inter
3112 5402 3248 5456 quos
3280 5397 3437 5442 erant
3473 5387 3610 5444 Par-

2042 5679 2100 5723 ut
2156 5669 2229 5723 ibi
2271 5669 2489 5731 dicitur,
2542 5683 2646 5722 non
2695 5666 3078 5737 Metrophanes
3130 5667 3464 5735 appellatur,
3514 5671 3610 5725 sed
3703 5711 3710 5718 .

2040 5741 2383 5806 Alexander;
2440 5739 2796 5802 Sozomeuus.
2833 5740 2924 5793 lib.
2953 5755 2990 5802 t,
3035 5755 3156 5806 cap.
3192 5739 3276 5799 lii,
3325 5741 3466 5807 quod
3518 5741 3609 5796 alii

2041 5813 2230 5863 dicunt
2260 5810 2324 5862 de
2365 5807 2741 5882 Metrophane,
2772 5809 2902 5867 dicit
2935 5810 3000 5866 de
3032 5807 3176 5867 iulio
3199 5808 3447 5864 Romano
3475 5823 3612 5881 pou-

2044 5882 2210 5938 titice.
2236 5877 2411 5936 Hann.
