  <div class='ocr_page' id='page_1' title='image "/cluster/home/n/w/nwhite01/storage/ocr_20150623/85/hvd.32044011888864/625.png"; bbox 0 0 4148 6552; ppageno 0'>
   <div class='ocr_carea' id='block_1_1' title="bbox 621 449 746 515">
    <p class='ocr_par' dir='ltr' id='par_1_1' title="bbox 621 449 746 515">
     <span class='ocr_line' id='line_1_1' title="bbox 621 449 746 515; baseline -0.016 0"><span class='ocrx_word' id='word_1_1' title='bbox 621 449 746 515; x_wconf 79' lang='lat'><strong>1231</strong></span> 
     </span>
    </p>
   </div>
   <div class='ocr_carea' id='block_1_2' title="bbox 1872 438 2559 504">
    <p class='ocr_par' dir='ltr' id='par_1_2' title="bbox 1872 438 2559 504">
     <span class='ocr_line' id='line_1_2' title="bbox 1872 438 2559 504; baseline -0.009 1"><span class='ocrx_word' id='word_1_2' title='bbox 1872 442 2183 504; x_wconf 76' lang='lat' dir='ltr'><strong>GELASII</strong></span> <span class='ocrx_word' id='word_1_3' title='bbox 2221 438 2559 503; x_wconf 75' lang='lat' dir='ltr'><strong>CYZICENI</strong></span> 
     </span>
    </p>
   </div>
   <div class='ocr_carea' id='block_1_3' title="bbox 3717 428 3845 495">
    <p class='ocr_par' dir='ltr' id='par_1_3' title="bbox 3717 428 3845 495">
     <span class='ocr_line' id='line_1_3' title="bbox 3717 428 3845 495; baseline 0.016 -2"><span class='ocrx_word' id='word_1_4' title='bbox 3717 428 3845 495; x_wconf 75' lang='lat'><strong>1232</strong></span> 
     </span>
    </p>
   </div>
   <div class='ocr_carea' id='block_1_4' title="bbox 615 539 2174 627">
    <p class='ocr_par' dir='ltr' id='par_1_4' title="bbox 615 554 2174 627">
     <span class='ocr_line' id='line_1_4' title="bbox 615 554 2174 627; baseline -0.01 -8"><span class='ocrx_word' id='word_1_5' title='bbox 615 567 715 627; x_wconf 64' lang='lat' dir='ltr'><strong>illi,</strong></span> <span class='ocrx_word' id='word_1_6' title='bbox 750 560 907 623; x_wconf 78' lang='lat' dir='ltr'><strong>Medi,</strong></span> <span class='ocrx_word' id='word_1_7' title='bbox 944 558 1187 611; x_wconf 63' lang='lat' dir='ltr'><strong>Elttntita‘.</strong></span> <span class='ocrx_word' id='word_1_8' title='bbox 1209 558 1272 611; x_wconf 73' lang='lat'><strong>&quot;.</strong></span> <span class='ocrx_word' id='word_1_9' title='bbox 1322 556 1514 610; x_wconf 69' lang='lat' dir='ltr'><strong>Vermn</strong></span> <span class='ocrx_word' id='word_1_10' title='bbox 1546 555 1651 608; x_wconf 93' lang='lat' dir='ltr'><strong>illis</strong></span> <span class='ocrx_word' id='word_1_11' title='bbox 1687 557 1787 609; x_wconf 92' lang='lat' dir='ltr'><strong>hoc</strong></span> <span class='ocrx_word' id='word_1_12' title='bbox 1812 554 2004 616; x_wconf 71' lang='lat' dir='ltr'><strong>defuit,</strong></span> <span class='ocrx_word' id='word_1_13' title='bbox 2038 555 2174 621; x_wconf 76' lang='lat' dir='ltr'><strong>quod</strong></span> 
     </span>
    </p>
   </div>
   <div class='ocr_carea' id='block_1_5' title="bbox 2279 539 3843 627">
    <p class='ocr_par' dir='ltr' id='par_1_5' title="bbox 2284 539 3843 612">
     <span class='ocr_line' id='line_1_5' title="bbox 2284 539 3843 612; baseline -0.007 -9"><span class='ocrx_word' id='word_1_14' title='bbox 2284 552 2606 603; x_wconf 83' lang='grc' dir='ltr'>συνεστάναι</span> <span class='ocrx_word' id='word_1_15' title='bbox 2637 549 2763 610; x_wconf 80' lang='grc' dir='ltr'>τοὺς</span> <span class='ocrx_word' id='word_1_16' title='bbox 2803 547 3031 609; x_wconf 79' lang='grc' dir='ltr'><strong>πάντας.</strong></span> <span class='ocrx_word' id='word_1_17' title='bbox 3077 544 3197 597; x_wconf 75' lang='grc' dir='ltr'>Ἐπὶ</span> <span class='ocrx_word' id='word_1_18' title='bbox 3227 542 3280 597; x_wconf 85' lang='grc' dir='ltr'>δὲ</span> <span class='ocrx_word' id='word_1_19' title='bbox 3323 545 3418 612; x_wconf 85' lang='grc' dir='ltr'>τῆς</span> <span class='ocrx_word' id='word_1_20' title='bbox 3456 539 3733 610; x_wconf 73' lang='grc' dir='ltr'>παρούσης</span> <span class='ocrx_word' id='word_1_21' title='bbox 3760 559 3843 611; x_wconf 58' lang='lat' dir='ltr'><strong>xo-</strong></span> 
     </span>
    </p>
   </div>
   <div class='ocr_carea' id='block_1_6' title="bbox 614 648 2177 719">
    <p class='ocr_par' dir='ltr' id='par_1_6' title="bbox 614 648 2177 719">
     <span class='ocr_line' id='line_1_6' title="bbox 614 648 2177 719; baseline -0.01 -9"><span class='ocrx_word' id='word_1_22' title='bbox 614 672 717 710; x_wconf 76' lang='lat' dir='ltr'><strong>nau</strong></span> <span class='ocrx_word' id='word_1_23' title='bbox 769 667 955 706; x_wconf 87' lang='lat' dir='ltr'><strong>omnes</strong></span> <span class='ocrx_word' id='word_1_24' title='bbox 988 651 1076 719; x_wconf 85' lang='lat' dir='ltr'><strong>qui</strong></span> <span class='ocrx_word' id='word_1_25' title='bbox 1125 666 1191 705; x_wconf 87' lang='lat' dir='ltr'><strong>eo</strong></span> <span class='ocrx_word' id='word_1_26' title='bbox 1237 659 1521 709; x_wconf 84' lang='lat' dir='ltr'><strong>venerunt.</strong></span> <span class='ocrx_word' id='word_1_27' title='bbox 1565 664 1631 702; x_wconf 81' lang='lat' dir='ltr'><strong>ex</strong></span> <span class='ocrx_word' id='word_1_28' title='bbox 1671 648 1759 701; x_wconf 90' lang='lat' dir='ltr'><strong>Dei</strong></span> <span class='ocrx_word' id='word_1_29' title='bbox 1806 648 2177 700; x_wconf 83' lang='lat' dir='ltr'><strong>ministrorum</strong></span> 
     </span>
    </p>
   </div>
   <div class='ocr_carea' id='block_1_7' title="bbox 614 733 2177 806">
    <p class='ocr_par' dir='ltr' id='par_1_7' title="bbox 614 733 2177 806">
     <span class='ocr_line' id='line_1_7' title="bbox 614 733 2177 806; baseline -0.006 -11"><span class='ocrx_word' id='word_1_30' title='bbox 614 755 840 795; x_wconf 89' lang='lat' dir='ltr'><strong>numero</strong></span> <span class='ocrx_word' id='word_1_31' title='bbox 881 749 1037 793; x_wconf 85' lang='lat' dir='ltr'><strong>erant</strong></span> <span class='ocrx_word' id='word_1_32' title='bbox 1088 738 1165 793; x_wconf 90' lang='lat' dir='ltr'><strong>illi</strong></span> <span class='ocrx_word' id='word_1_33' title='bbox 1210 738 1428 806; x_wconf 81' lang='lat' dir='ltr'><strong>quidem</strong></span> <span class='ocrx_word' id='word_1_34' title='bbox 1472 738 1613 791; x_wconf 90' lang='lat' dir='ltr'><strong>:sed</strong></span> <span class='ocrx_word' id='word_1_35' title='bbox 1661 737 1712 789; x_wconf 92' lang='lat' dir='ltr'><strong>in</strong></span> <span class='ocrx_word' id='word_1_36' title='bbox 1767 736 1868 789; x_wconf 85' lang='lat' dir='ltr'><strong>hoc</strong></span> <span class='ocrx_word' id='word_1_37' title='bbox 1929 733 2177 801; x_wconf 59' lang='lat' dir='ltr'><strong>praesenti</strong></span> 
     </span>
    </p>
   </div>
   <div class='ocr_carea' id='block_1_8' title="bbox 611 827 2177 899">
    <p class='ocr_par' dir='ltr' id='par_1_8' title="bbox 611 827 2177 899">
     <span class='ocr_line' id='line_1_8' title="bbox 611 827 2177 899; baseline -0.008 -11"><span class='ocrx_word' id='word_1_38' title='bbox 611 835 776 888; x_wconf 88' lang='lat' dir='ltr'><strong>choro</strong></span> <span class='ocrx_word' id='word_1_39' title='bbox 832 830 931 885; x_wconf 84' lang='lat' dir='ltr'><strong>fuit</strong></span> <span class='ocrx_word' id='word_1_40' title='bbox 990 829 1366 899; x_wconf 86' lang='lat' dir='ltr'><strong>episcoporum</strong></span> <span class='ocrx_word' id='word_1_41' title='bbox 1430 827 1718 882; x_wconf 93' lang='lat' dir='ltr'><strong>multitudo</strong></span> <span class='ocrx_word' id='word_1_42' title='bbox 1765 828 1828 880; x_wconf 87' lang='lat' dir='ltr'><strong>ad</strong></span> <span class='ocrx_word' id='word_1_43' title='bbox 1897 840 2177 878; x_wconf 89' lang='lat' dir='ltr'><strong>numerum</strong></span> 
     </span>
    </p>
   </div>
   <div class='ocr_carea' id='block_1_9' title="bbox 612 919 2177 991">
    <p class='ocr_par' dir='ltr' id='par_1_9' title="bbox 612 919 2177 991">
     <span class='ocr_line' id='line_1_9' title="bbox 612 919 2177 991; baseline -0.006 -14"><span class='ocrx_word' id='word_1_44' title='bbox 612 933 975 978; x_wconf 86' lang='lat' dir='ltr'><strong>trecentorum</strong></span> <span class='ocrx_word' id='word_1_45' title='bbox 1028 931 1082 977; x_wconf 92' lang='lat' dir='ltr'><strong>et</strong></span> <span class='ocrx_word' id='word_1_46' title='bbox 1132 921 1362 991; x_wconf 86' lang='lat' dir='ltr'><strong>amplius</strong></span> <span class='ocrx_word' id='word_1_47' title='bbox 1409 919 1895 990; x_wconf 83' lang='lat' dir='ltr'><strong>:presbyterorutn</strong></span> <span class='ocrx_word' id='word_1_48' title='bbox 1959 927 2177 978; x_wconf 88' lang='lat' dir='ltr'><strong>autem,</strong></span> 
     </span>
    </p>
   </div>
   <div class='ocr_carea' id='block_1_10' title="bbox 612 1009 2175 1082">
    <p class='ocr_par' dir='ltr' id='par_1_10' title="bbox 612 1009 2175 1082">
     <span class='ocr_line' id='line_1_10' title="bbox 612 1009 2175 1082; baseline -0.005 -14"><span class='ocrx_word' id='word_1_49' title='bbox 612 1015 979 1076; x_wconf 85' lang='lat' dir='ltr'><strong>tliaconorum,</strong></span> <span class='ocrx_word' id='word_1_50' title='bbox 1013 1012 1409 1082; x_wconf 84' lang='lat' dir='ltr'><strong>acolythorum,</strong></span> <span class='ocrx_word' id='word_1_51' title='bbox 1442 1020 1497 1065; x_wconf 88' lang='lat' dir='ltr'><strong>et</strong></span> <span class='ocrx_word' id='word_1_52' title='bbox 1527 1010 1757 1064; x_wconf 89' lang='lat' dir='ltr'><strong>aliorum</strong></span> <span class='ocrx_word' id='word_1_53' title='bbox 1790 1009 1879 1077; x_wconf 83' lang='lat' dir='ltr'><strong>qui</strong></span> <span class='ocrx_word' id='word_1_54' title='bbox 1914 1009 2048 1062; x_wconf 90' lang='lat' dir='ltr'><strong>istos</strong></span> <span class='ocrx_word' id='word_1_55' title='bbox 2082 1022 2175 1062; x_wconf 82' lang='lat' dir='ltr'><strong>co-</strong></span> 
     </span>
    </p>
   </div>
   <div class='ocr_carea' id='block_1_11' title="bbox 609 1096 2183 1170">
    <p class='ocr_par' dir='ltr' id='par_1_11' title="bbox 609 1096 2183 1170">
     <span class='ocr_line' id='line_1_11' title="bbox 609 1096 2183 1170; baseline -0.005 -10"><span class='ocrx_word' id='word_1_56' title='bbox 609 1105 962 1169; x_wconf 87' lang='lat' dir='ltr'><strong>mitabantur,</strong></span> <span class='ocrx_word' id='word_1_57' title='bbox 990 1105 1145 1158; x_wconf 85' lang='lat' dir='ltr'><strong>turba</strong></span> <span class='ocrx_word' id='word_1_58' title='bbox 1167 1096 1558 1157; x_wconf 46' lang='lat' dir='ltr'><strong>vix‘nnmerari</strong></span> <span class='ocrx_word' id='word_1_59' title='bbox 1586 1101 1777 1170; x_wconf 91' lang='lat' dir='ltr'><strong>potuit.</strong></span> <span class='ocrx_word' id='word_1_60' title='bbox 1802 1100 1977 1169; x_wconf 77' lang='lat' dir='ltr'><strong>Atque</strong></span> <span class='ocrx_word' id='word_1_61' title='bbox 1995 1114 2059 1154; x_wconf 78' lang='lat' dir='ltr'><strong>ex</strong></span> <span class='ocrx_word' id='word_1_62' title='bbox 2098 1100 2183 1153; x_wconf 87' lang='lat' dir='ltr'><strong>his</strong></span> 
     </span>
    </p>
   </div>
   <div class='ocr_carea' id='block_1_12' title="bbox 609 1191 2177 1264">
    <p class='ocr_par' dir='ltr' id='par_1_12' title="bbox 609 1191 2177 1264">
     <span class='ocr_line' id='line_1_12' title="bbox 609 1191 2177 1264; baseline -0.003 -14"><span class='ocrx_word' id='word_1_63' title='bbox 609 1196 701 1250; x_wconf 84' lang='lat' dir='ltr'><strong>Dei</strong></span> <span class='ocrx_word' id='word_1_64' title='bbox 732 1196 1103 1250; x_wconf 69' lang='lat' dir='ltr'><strong>sacerdotibus</strong></span> <span class='ocrx_word' id='word_1_65' title='bbox 1129 1194 1219 1247; x_wconf 84' lang='lat' dir='ltr'><strong>alii</strong></span> <span class='ocrx_word' id='word_1_66' title='bbox 1257 1195 1554 1264; x_wconf 83' lang='lat' dir='ltr'><strong>prudenter</strong></span> <span class='ocrx_word' id='word_1_67' title='bbox 1598 1203 1653 1246; x_wconf 89' lang='lat' dir='ltr'><strong>et</strong></span> <span class='ocrx_word' id='word_1_68' title='bbox 1691 1191 1896 1246; x_wconf 86' lang='lat' dir='ltr'><strong>diserte</strong></span> <span class='ocrx_word' id='word_1_69' title='bbox 1930 1191 2177 1254; x_wconf 86' lang='lat' dir='ltr'><strong>dicendo.</strong></span> 
     </span>
    </p>
   </div>
   <div class='ocr_carea' id='block_1_13' title="bbox 608 1281 2177 1353">
    <p class='ocr_par' dir='ltr' id='par_1_13' title="bbox 608 1281 2177 1353">
     <span class='ocr_line' id='line_1_13' title="bbox 608 1281 2177 1353; baseline -0.004 -14"><span class='ocrx_word' id='word_1_70' title='bbox 608 1286 700 1340; x_wconf 85' lang='lat' dir='ltr'><strong>alii</strong></span> <span class='ocrx_word' id='word_1_71' title='bbox 735 1286 858 1339; x_wconf 75' lang='lat' dir='ltr'><strong>vita:</strong></span> <span class='ocrx_word' id='word_1_72' title='bbox 904 1285 1190 1353; x_wconf 78' lang='lat' dir='ltr'><strong>gravitate,</strong></span> <span class='ocrx_word' id='word_1_73' title='bbox 1244 1293 1298 1337; x_wconf 83' lang='lat' dir='ltr'><strong>et</strong></span> <span class='ocrx_word' id='word_1_74' title='bbox 1350 1281 1619 1336; x_wconf 89' lang='lat' dir='ltr'><strong>constanti</strong></span> <span class='ocrx_word' id='word_1_75' title='bbox 1675 1296 1851 1334; x_wconf 90' lang='lat' dir='ltr'><strong>rerum</strong></span> <span class='ocrx_word' id='word_1_76' title='bbox 1887 1282 2177 1333; x_wconf 86' lang='lat' dir='ltr'><strong>arduarmu</strong></span> 
     </span>
    </p>
   </div>
   <div class='ocr_carea' id='block_1_14' title="bbox 605 1371 2179 1447">
    <p class='ocr_par' dir='ltr' id='par_1_14' title="bbox 605 1371 2179 1447">
     <span class='ocr_line' id='line_1_14' title="bbox 605 1371 2179 1447; baseline -0.004 -17"><span class='ocrx_word' id='word_1_77' title='bbox 605 1376 984 1447; x_wconf 76' lang='lat' dir='ltr'><strong>perpessione,</strong></span> <span class='ocrx_word' id='word_1_78' title='bbox 1028 1373 1267 1426; x_wconf 91' lang='lat' dir='ltr'><strong>nonnulli</strong></span> <span class='ocrx_word' id='word_1_79' title='bbox 1292 1372 1443 1441; x_wconf 85' lang='lat' dir='ltr'><strong>quasi</strong></span> <span class='ocrx_word' id='word_1_80' title='bbox 1491 1371 1665 1426; x_wconf 88' lang='lat' dir='ltr'><strong>media</strong></span> <span class='ocrx_word' id='word_1_81' title='bbox 1700 1372 1839 1425; x_wconf 90' lang='lat' dir='ltr'><strong>inter</strong></span> <span class='ocrx_word' id='word_1_82' title='bbox 1880 1386 1974 1425; x_wconf 92' lang='lat' dir='ltr'><strong>eos</strong></span> <span class='ocrx_word' id='word_1_83' title='bbox 2007 1372 2179 1423; x_wconf 81' lang='lat' dir='ltr'><strong>inter-</strong></span> 
     </span>
    </p>
   </div>
   <div class='ocr_carea' id='block_1_15' title="bbox 602 1462 2178 1538">
    <p class='ocr_par' dir='ltr' id='par_1_15' title="bbox 602 1462 2178 1538">
     <span class='ocr_line' id='line_1_15' title="bbox 602 1462 2178 1538; baseline -0.004 -18"><span class='ocrx_word' id='word_1_84' title='bbox 602 1467 745 1538; x_wconf 74' lang='lat' dir='ltr'><strong>jccta</strong></span> <span class='ocrx_word' id='word_1_85' title='bbox 774 1467 982 1520; x_wconf 88' lang='lat' dir='ltr'><strong>vivendi</strong></span> <span class='ocrx_word' id='word_1_86' title='bbox 1010 1464 1403 1519; x_wconf 82' lang='lat' dir='ltr'><strong>consuetudine</strong></span> <span class='ocrx_word' id='word_1_87' title='bbox 1434 1463 1642 1525; x_wconf 65' lang='lat' dir='ltr'><strong>eximii,</strong></span> <span class='ocrx_word' id='word_1_88' title='bbox 1670 1462 1939 1531; x_wconf 81' lang='lat' dir='ltr'><strong>insignem</strong></span> <span class='ocrx_word' id='word_1_89' title='bbox 1969 1462 2178 1515; x_wconf 81' lang='lat' dir='ltr'><strong>laudem</strong></span> 
     </span>
    </p>
   </div>
   <div class='ocr_carea' id='block_1_16' title="bbox 606 1554 2178 1627">
    <p class='ocr_par' dir='ltr' id='par_1_16' title="bbox 606 1554 2178 1627">
     <span class='ocr_line' id='line_1_16' title="bbox 606 1554 2178 1627; baseline -0.005 -14"><span class='ocrx_word' id='word_1_90' title='bbox 606 1559 785 1627; x_wconf 80' lang='lat' dir='ltr'><strong>adepti</strong></span> <span class='ocrx_word' id='word_1_91' title='bbox 817 1566 963 1611; x_wconf 88' lang='lat' dir='ltr'><strong>sunt.</strong></span> <span class='ocrx_word' id='word_1_92' title='bbox 1016 1557 1184 1610; x_wconf 82' lang='lat' dir='ltr'><strong>Erant</strong></span> <span class='ocrx_word' id='word_1_93' title='bbox 1211 1556 1375 1611; x_wconf 86' lang='lat' dir='ltr'><strong>etiam</strong></span> <span class='ocrx_word' id='word_1_94' title='bbox 1408 1556 1551 1610; x_wconf 86' lang='lat' dir='ltr'><strong>inter</strong></span> <span class='ocrx_word' id='word_1_95' title='bbox 1577 1569 1670 1607; x_wconf 88' lang='lat' dir='ltr'><strong>eos</strong></span> <span class='ocrx_word' id='word_1_96' title='bbox 1713 1569 1816 1606; x_wconf 89' lang='lat' dir='ltr'><strong>non</strong></span> <span class='ocrx_word' id='word_1_97' title='bbox 1861 1554 2040 1622; x_wconf 77' lang='lat' dir='ltr'><strong>pauci,</strong></span> <span class='ocrx_word' id='word_1_98' title='bbox 2088 1555 2178 1622; x_wconf 89' lang='lat' dir='ltr'><strong>qui</strong></span> 
     </span>
    </p>
   </div>
   <div class='ocr_carea' id='block_1_17' title="bbox 605 1645 2179 1719">
    <p class='ocr_par' dir='ltr' id='par_1_17' title="bbox 605 1645 2179 1719">
     <span class='ocr_line' id='line_1_17' title="bbox 605 1645 2179 1719; baseline -0.004 -16"><span class='ocrx_word' id='word_1_99' title='bbox 605 1661 828 1719; x_wconf 84' lang='lat' dir='ltr'><strong>propter</strong></span> <span class='ocrx_word' id='word_1_100' title='bbox 875 1648 1223 1717; x_wconf 77' lang='lat' dir='ltr'><strong>longinquum</strong></span> <span class='ocrx_word' id='word_1_101' title='bbox 1278 1648 1539 1715; x_wconf 89' lang='lat' dir='ltr'><strong>temporis</strong></span> <span class='ocrx_word' id='word_1_102' title='bbox 1592 1646 1826 1712; x_wconf 85' lang='lat' dir='ltr'><strong>spatium</strong></span> <span class='ocrx_word' id='word_1_103' title='bbox 1875 1661 1981 1711; x_wconf 83' lang='lat' dir='ltr'><strong>quo</strong></span> <span class='ocrx_word' id='word_1_104' title='bbox 2028 1645 2179 1697; x_wconf 65' lang='lat' dir='ltr'><strong>vixe-</strong></span> 
     </span>
    </p>
   </div>
   <div class='ocr_carea' id='block_1_18' title="bbox 605 1736 2180 1809">
    <p class='ocr_par' dir='ltr' id='par_1_18' title="bbox 605 1736 2180 1809">
     <span class='ocr_line' id='line_1_18' title="bbox 605 1736 2180 1809; baseline -0.006 -12"><span class='ocrx_word' id='word_1_105' title='bbox 605 1752 748 1809; x_wconf 74' lang='lat' dir='ltr'><strong>rant,</strong></span> <span class='ocrx_word' id='word_1_106' title='bbox 781 1742 1003 1796; x_wconf 82' lang='lat' dir='ltr'><strong>multum</strong></span> <span class='ocrx_word' id='word_1_107' title='bbox 1026 1740 1243 1794; x_wconf 83' lang='lat' dir='ltr'><strong>honoris</strong></span> <span class='ocrx_word' id='word_1_108' title='bbox 1259 1750 1314 1793; x_wconf 89' lang='lat' dir='ltr'><strong>et</strong></span> <span class='ocrx_word' id='word_1_109' title='bbox 1345 1739 1527 1808; x_wconf 69' lang='lat' dir='ltr'><strong>gloria:</strong></span> <span class='ocrx_word' id='word_1_110' title='bbox 1556 1739 1891 1807; x_wconf 76' lang='lat' dir='ltr'><strong>collegerunt</strong></span> <span class='ocrx_word' id='word_1_111' title='bbox 1922 1753 1935 1789; x_wconf 86' lang='lat'><strong>:</strong></span> <span class='ocrx_word' id='word_1_112' title='bbox 1970 1736 2061 1789; x_wconf 85' lang='lat' dir='ltr'><strong>alii</strong></span> <span class='ocrx_word' id='word_1_113' title='bbox 2089 1736 2180 1804; x_wconf 85' lang='lat' dir='ltr'><strong>qni</strong></span> 
     </span>
    </p>
   </div>
   <div class='ocr_carea' id='block_1_19' title="bbox 2284 630 3847 711">
    <p class='ocr_par' dir='ltr' id='par_1_19' title="bbox 2284 630 3847 711">
     <span class='ocr_line' id='line_1_19' title="bbox 2284 630 3847 711; baseline -0.004 -19"><span class='ocrx_word' id='word_1_114' title='bbox 2284 641 2452 711; x_wconf 85' lang='grc' dir='ltr'>ρείας,</span> <span class='ocrx_word' id='word_1_115' title='bbox 2490 639 2803 691; x_wconf 79' lang='grc' dir='ltr'>ἐπισκόπων</span> <span class='ocrx_word' id='word_1_116' title='bbox 2854 638 2951 706; x_wconf 81' lang='grc' dir='ltr'><strong>μὲν</strong></span> <span class='ocrx_word' id='word_1_117' title='bbox 3000 636 3207 705; x_wconf 75' lang='grc' dir='ltr'>πληθὺς</span> <span class='ocrx_word' id='word_1_118' title='bbox 3249 630 3317 705; x_wconf 76' lang='grc' dir='ltr'>ἦν</span> <span class='ocrx_word' id='word_1_119' title='bbox 3349 631 3691 703; x_wconf 69' lang='grc' dir='ltr'><strong>τριακοσίων.</strong></span> <span class='ocrx_word' id='word_1_120' title='bbox 3731 634 3847 700; x_wconf 83' lang='grc' dir='ltr'>ἀρι-</span> 
     </span>
    </p>
   </div>
   <div class='ocr_carea' id='block_1_20' title="bbox 2280 720 3850 801">
    <p class='ocr_par' dir='ltr' id='par_1_20' title="bbox 2280 720 3850 801">
     <span class='ocr_line' id='line_1_20' title="bbox 2280 720 3850 801; baseline -0.007 -18"><span class='ocrx_word' id='word_1_121' title='bbox 2280 730 2417 801; x_wconf 79' lang='grc' dir='ltr'>θμὸν</span> <span class='ocrx_word' id='word_1_122' title='bbox 2444 729 2961 800; x_wconf 77' lang='grc' dir='ltr'>ὐπερακοντίζουσα·</span> <span class='ocrx_word' id='word_1_123' title='bbox 2990 726 3274 796; x_wconf 78' lang='grc' dir='ltr'><strong>ἑπομένων</strong></span> <span class='ocrx_word' id='word_1_124' title='bbox 3298 724 3353 775; x_wconf 84' lang='grc' dir='ltr'>δὲ</span> <span class='ocrx_word' id='word_1_125' title='bbox 3382 721 3593 784; x_wconf 81' lang='grc' dir='ltr'><strong>τούτοις</strong></span> <span class='ocrx_word' id='word_1_126' title='bbox 3621 720 3850 790; x_wconf 73' lang='grc' dir='ltr'>πρεσϐυ-</span> 
     </span>
    </p>
   </div>
   <div class='ocr_carea' id='block_1_21' title="bbox 2279 814 3853 891">
    <p class='ocr_par' dir='ltr' id='par_1_21' title="bbox 2279 814 3853 891">
     <span class='ocr_line' id='line_1_21' title="bbox 2279 814 3853 891; baseline -0.007 -17"><span class='ocrx_word' id='word_1_127' title='bbox 2279 820 2475 891; x_wconf 85' lang='grc' dir='ltr'>τέρων,</span> <span class='ocrx_word' id='word_1_128' title='bbox 2509 822 2601 873; x_wconf 72' lang='grc' dir='ltr'><strong>καὶ</strong></span> <span class='ocrx_word' id='word_1_129' title='bbox 2627 820 2911 880; x_wconf 86' lang='grc' dir='ltr'>διακόνων,</span> <span class='ocrx_word' id='word_1_130' title='bbox 2962 816 3276 870; x_wconf 79' lang='grc' dir='ltr'>ἀκολούθων</span> <span class='ocrx_word' id='word_1_131' title='bbox 3302 832 3360 867; x_wconf 93' lang='grc' dir='ltr'><strong>τε</strong></span> <span class='ocrx_word' id='word_1_132' title='bbox 3407 814 3675 867; x_wconf 77' lang='grc' dir='ltr'><strong>πλείστων</strong></span> <span class='ocrx_word' id='word_1_133' title='bbox 3717 814 3853 865; x_wconf 82' lang='grc' dir='ltr'>ὅσων</span> 
     </span>
    </p>
   </div>
   <div class='ocr_carea' id='block_1_22' title="bbox 2281 901 3851 983">
    <p class='ocr_par' dir='ltr' id='par_1_22' title="bbox 2281 901 3851 983">
     <span class='ocr_line' id='line_1_22' title="bbox 2281 901 3851 983; baseline -0.006 -19"><span class='ocrx_word' id='word_1_134' title='bbox 2281 912 2485 983; x_wconf 81' lang='grc' dir='ltr'>ἑτέρων</span> <span class='ocrx_word' id='word_1_135' title='bbox 2512 910 2620 963; x_wconf 75' lang='grc' dir='ltr'>οὐδ’</span> <span class='ocrx_word' id='word_1_136' title='bbox 2667 905 2735 979; x_wconf 76' lang='grc' dir='ltr'>ἦν</span> <span class='ocrx_word' id='word_1_137' title='bbox 2774 909 3006 980; x_wconf 69' lang='grc' dir='ltr'>ἀριθμὸς</span> <span class='ocrx_word' id='word_1_138' title='bbox 3044 908 3123 970; x_wconf 91' lang='grc' dir='ltr'><strong>είς</strong></span> <span class='ocrx_word' id='word_1_139' title='bbox 3163 904 3489 974; x_wconf 68' lang='grc' dir='ltr'>κατάληψιν.</span> <span class='ocrx_word' id='word_1_140' title='bbox 3528 902 3648 955; x_wconf 85' lang='grc' dir='ltr'>Τῶν</span> <span class='ocrx_word' id='word_1_141' title='bbox 3673 902 3731 955; x_wconf 81' lang='grc' dir='ltr'>δὲ</span> <span class='ocrx_word' id='word_1_142' title='bbox 3758 901 3851 955; x_wconf 86' lang='grc' dir='ltr'><strong>τοῦ</strong></span> 
     </span>
    </p>
   </div>
   <div class='ocr_carea' id='block_1_23' title="bbox 2280 994 3852 1071">
    <p class='ocr_par' dir='ltr' id='par_1_23' title="bbox 2280 994 3852 1071">
     <span class='ocr_line' id='line_1_23' title="bbox 2280 994 3852 1071; baseline -0.007 -15"><span class='ocrx_word' id='word_1_143' title='bbox 2280 1003 2414 1056; x_wconf 88' lang='grc' dir='ltr'>Θεοῦ</span> <span class='ocrx_word' id='word_1_144' title='bbox 2452 1001 2783 1071; x_wconf 83' lang='grc' dir='ltr'><strong>λειτουργῶν</strong></span> <span class='ocrx_word' id='word_1_145' title='bbox 2809 1003 2857 1053; x_wconf 78' lang='grc' dir='ltr'><strong>οἱ</strong></span> <span class='ocrx_word' id='word_1_146' title='bbox 2891 1002 2989 1070; x_wconf 75' lang='grc' dir='ltr'><strong>μὲν</strong></span> <span class='ocrx_word' id='word_1_147' title='bbox 3030 999 3328 1068; x_wconf 85' lang='grc' dir='ltr'>διέπρεπον</span> <span class='ocrx_word' id='word_1_148' title='bbox 3370 995 3565 1064; x_wconf 77' lang='grc' dir='ltr'>σοφίας</span> <span class='ocrx_word' id='word_1_149' title='bbox 3595 994 3759 1063; x_wconf 87' lang='grc' dir='ltr'>λόγῳ.</span> <span class='ocrx_word' id='word_1_150' title='bbox 3792 995 3852 1045; x_wconf 82' lang='lat' dir='ltr'><strong>Oi</strong></span> 
     </span>
    </p>
   </div>
   <div class='ocr_carea' id='block_1_24' title="bbox 2279 1082 3854 1166">
    <p class='ocr_par' dir='ltr' id='par_1_24' title="bbox 2279 1082 3854 1166">
     <span class='ocr_line' id='line_1_24' title="bbox 2279 1082 3854 1166; baseline -0.008 -18"><span class='ocrx_word' id='word_1_151' title='bbox 2279 1095 2333 1148; x_wconf 81' lang='grc' dir='ltr'>δὲ</span> <span class='ocrx_word' id='word_1_152' title='bbox 2363 1095 2477 1166; x_wconf 81' lang='grc' dir='ltr'>βίου</span> <span class='ocrx_word' id='word_1_153' title='bbox 2511 1093 2834 1165; x_wconf 75' lang='grc' dir='ltr'>στερρότητι</span> <span class='ocrx_word' id='word_1_154' title='bbox 2864 1092 2957 1145; x_wconf 75' lang='grc' dir='ltr'>καὶ</span> <span class='ocrx_word' id='word_1_155' title='bbox 2990 1090 3285 1161; x_wconf 83' lang='grc' dir='ltr'>καρτερίας</span> <span class='ocrx_word' id='word_1_156' title='bbox 3311 1089 3578 1159; x_wconf 80' lang='grc' dir='ltr'>ὑπομονῇ·</span> <span class='ocrx_word' id='word_1_157' title='bbox 3611 1087 3660 1138; x_wconf 91' lang='grc' dir='ltr'><strong>οί</strong></span> <span class='ocrx_word' id='word_1_158' title='bbox 3695 1085 3752 1137; x_wconf 77' lang='grc' dir='ltr'>δὲ</span> <span class='ocrx_word' id='word_1_159' title='bbox 3780 1082 3854 1154; x_wconf 83' lang='grc' dir='ltr'>τῷ</span> 
     </span>
    </p>
   </div>
   <div class='ocr_carea' id='block_1_25' title="bbox 2283 1176 3856 1259">
    <p class='ocr_par' dir='ltr' id='par_1_25' title="bbox 2283 1176 3856 1259">
     <span class='ocr_line' id='line_1_25' title="bbox 2283 1176 3856 1259; baseline -0.006 -19"><span class='ocrx_word' id='word_1_160' title='bbox 2283 1188 2435 1259; x_wconf 84' lang='grc' dir='ltr'>μέσῳ</span> <span class='ocrx_word' id='word_1_161' title='bbox 2470 1188 2658 1259; x_wconf 81' lang='grc' dir='ltr'>τρόπῳ</span> <span class='ocrx_word' id='word_1_162' title='bbox 2684 1184 3142 1255; x_wconf 84' lang='grc' dir='ltr'>κατεκοσμοῦντο,</span> <span class='ocrx_word' id='word_1_163' title='bbox 3163 1176 3343 1235; x_wconf 75' lang='grc' dir='ltr'>Ἦσαν</span> <span class='ocrx_word' id='word_1_164' title='bbox 3368 1198 3427 1233; x_wconf 87' lang='grc' dir='ltr'><strong>τε</strong></span> <span class='ocrx_word' id='word_1_165' title='bbox 3453 1180 3658 1232; x_wconf 85' lang='grc' dir='ltr'>τούτων</span> <span class='ocrx_word' id='word_1_166' title='bbox 3684 1179 3733 1230; x_wconf 90' lang='grc' dir='ltr'><strong>οί</strong></span> <span class='ocrx_word' id='word_1_167' title='bbox 3763 1176 3856 1247; x_wconf 77' lang='grc' dir='ltr'>μὲν</span> 
     </span>
    </p>
   </div>
   <div class='ocr_carea' id='block_1_26' title="bbox 2281 1266 3856 1348">
    <p class='ocr_par' dir='ltr' id='par_1_26' title="bbox 2281 1266 3856 1348">
     <span class='ocr_line' id='line_1_26' title="bbox 2281 1266 3856 1348; baseline -0.006 -19"><span class='ocrx_word' id='word_1_168' title='bbox 2281 1279 2484 1348; x_wconf 77' lang='grc' dir='ltr'>χρόνων</span> <span class='ocrx_word' id='word_1_169' title='bbox 2513 1278 2680 1348; x_wconf 79' lang='grc' dir='ltr'>μήκει</span> <span class='ocrx_word' id='word_1_170' title='bbox 2714 1273 3070 1344; x_wconf 78' lang='grc' dir='ltr'>τετιμημένοι</span> <span class='ocrx_word' id='word_1_171' title='bbox 3097 1288 3110 1301; x_wconf 90' lang='grc'><strong>·</strong></span> <span class='ocrx_word' id='word_1_172' title='bbox 3147 1273 3195 1324; x_wconf 79' lang='lat' dir='ltr'><strong>ot</strong></span> <span class='ocrx_word' id='word_1_173' title='bbox 3231 1271 3287 1324; x_wconf 83' lang='grc' dir='ltr'>δὲ</span> <span class='ocrx_word' id='word_1_174' title='bbox 3312 1271 3524 1339; x_wconf 89' lang='grc' dir='ltr'>νεότητι</span> <span class='ocrx_word' id='word_1_175' title='bbox 3557 1268 3652 1322; x_wconf 70' lang='grc' dir='ltr'>καὶ</span> <span class='ocrx_word' id='word_1_176' title='bbox 3677 1266 3856 1337; x_wconf 75' lang='grc' dir='ltr'>ψυχῆς</span> 
     </span>
    </p>
   </div>
   <div class='ocr_carea' id='block_1_27' title="bbox 2279 1357 3856 1439">
    <p class='ocr_par' dir='ltr' id='par_1_27' title="bbox 2279 1357 3856 1439">
     <span class='ocr_line' id='line_1_27' title="bbox 2279 1357 3856 1439; baseline -0.007 -17"><span class='ocrx_word' id='word_1_177' title='bbox 2279 1370 2432 1439; x_wconf 79' lang='grc' dir='ltr'>ἀκμῇ</span> <span class='ocrx_word' id='word_1_178' title='bbox 2460 1368 2878 1437; x_wconf 73' lang='grc' dir='ltr'><strong>διαλόιμποντες⁹</strong></span> <span class='ocrx_word' id='word_1_179' title='bbox 2902 1368 2950 1417; x_wconf 86' lang='grc' dir='ltr'>οἱ</span> <span class='ocrx_word' id='word_1_180' title='bbox 2989 1364 3045 1416; x_wconf 79' lang='grc' dir='ltr'>δὲ</span> <span class='ocrx_word' id='word_1_181' title='bbox 3089 1362 3213 1432; x_wconf 84' lang='grc' dir='ltr'>ἄρτι</span> <span class='ocrx_word' id='word_1_182' title='bbox 3252 1360 3614 1431; x_wconf 79' lang='grc' dir='ltr'>παρελθόντες</span> <span class='ocrx_word' id='word_1_183' title='bbox 3640 1360 3734 1411; x_wconf 71' lang='grc' dir='ltr'>ἐπὶ</span> <span class='ocrx_word' id='word_1_184' title='bbox 3768 1357 3856 1411; x_wconf 80' lang='grc' dir='ltr'><strong>τὸν</strong></span> 
     </span>
    </p>
   </div>
   <div class='ocr_carea' id='block_1_28' title="bbox 2279 1446 3856 1527">
    <p class='ocr_par' dir='ltr' id='par_1_28' title="bbox 2279 1446 3856 1527">
     <span class='ocr_line' id='line_1_28' title="bbox 2279 1446 3856 1527; baseline -0.008 -17"><span class='ocrx_word' id='word_1_185' title='bbox 2279 1459 2378 1527; x_wconf 81' lang='grc' dir='ltr'>τῆς</span> <span class='ocrx_word' id='word_1_186' title='bbox 2403 1457 2749 1527; x_wconf 74' lang='grc' dir='ltr'>λειτουργίας</span> <span class='ocrx_word' id='word_1_187' title='bbox 2780 1456 3003 1525; x_wconf 80' lang='grc' dir='ltr'>δρόμον.</span> <span class='ocrx_word' id='word_1_188' title='bbox 3038 1448 3132 1515; x_wconf 77' lang='grc' dir='ltr'><strong>Οἷς</strong></span> <span class='ocrx_word' id='word_1_189' title='bbox 3160 1451 3225 1519; x_wconf 81' lang='grc' dir='ltr'>δὴ</span> <span class='ocrx_word' id='word_1_190' title='bbox 3252 1452 3420 1503; x_wconf 77' lang='grc' dir='ltr'>πᾶσιν</span> <span class='ocrx_word' id='word_1_191' title='bbox 3445 1451 3473 1502; x_wconf 99' lang='lat'><strong>6</strong></span> <span class='ocrx_word' id='word_1_192' title='bbox 3497 1447 3752 1519; x_wconf 78' lang='grc' dir='ltr'>βασιλεὺς</span> <span class='ocrx_word' id='word_1_193' title='bbox 3774 1446 3856 1515; x_wconf 72' lang='grc' dir='ltr'><strong>ἐφ’</strong></span> 
     </span>
    </p>
   </div>
   <div class='ocr_carea' id='block_1_29' title="bbox 2282 1542 3857 1622">
    <p class='ocr_par' dir='ltr' id='par_1_29' title="bbox 2282 1542 3857 1622">
     <span class='ocr_line' id='line_1_29' title="bbox 2282 1542 3857 1622; baseline -0.006 -17"><span class='ocrx_word' id='word_1_194' title='bbox 2282 1553 2519 1622; x_wconf 70' lang='grc' dir='ltr'>ἑκάστης</span> <span class='ocrx_word' id='word_1_195' title='bbox 2543 1552 2760 1621; x_wconf 76' lang='grc' dir='ltr'>ἡμέρας</span> <span class='ocrx_word' id='word_1_196' title='bbox 2807 1551 2875 1603; x_wconf 80' lang='grc' dir='ltr'>τὰ</span> <span class='ocrx_word' id='word_1_197' title='bbox 2908 1548 3193 1619; x_wconf 86' lang='grc' dir='ltr'>σιτηρέσια</span> <span class='ocrx_word' id='word_1_198' title='bbox 3222 1545 3459 1617; x_wconf 76' lang='grc' dir='ltr'>δαψιλῶς</span> <span class='ocrx_word' id='word_1_199' title='bbox 3505 1542 3857 1616; x_wconf 85' lang='grc' dir='ltr'>χορηγεῖσθαι</span> 
     </span>
    </p>
   </div>
   <div class='ocr_carea' id='block_1_30' title="bbox 2284 1636 3859 1715">
    <p class='ocr_par' dir='ltr' id='par_1_30' title="bbox 2284 1636 3859 1715">
     <span class='ocr_line' id='line_1_30' title="bbox 2284 1636 3859 1715; baseline -0.005 -19"><span class='ocrx_word' id='word_1_200' title='bbox 2284 1646 2642 1715; x_wconf 78' lang='grc' dir='ltr'>προσέταττε.</span> <span class='ocrx_word' id='word_1_201' title='bbox 2695 1642 2939 1696; x_wconf 79' lang='grc' dir='ltr'>Τοιαῦτα</span> <span class='ocrx_word' id='word_1_202' title='bbox 2994 1642 3092 1712; x_wconf 81' lang='grc' dir='ltr'><strong>μὲν</strong></span> <span class='ocrx_word' id='word_1_203' title='bbox 3122 1641 3250 1712; x_wconf 78' lang='grc' dir='ltr'>περὶ</span> <span class='ocrx_word' id='word_1_204' title='bbox 3288 1639 3395 1691; x_wconf 90' lang='grc' dir='ltr'><strong>τῶν</strong></span> <span class='ocrx_word' id='word_1_205' title='bbox 3439 1640 3554 1691; x_wconf 78' lang='grc' dir='ltr'>ἐκεῖ</span> <span class='ocrx_word' id='word_1_206' title='bbox 3582 1636 3859 1691; x_wconf 82' lang='grc' dir='ltr'>συνελθόν-</span> 
     </span>
    </p>
   </div>
   <div class='ocr_carea' id='block_1_31' title="bbox 2281 1731 3401 1805">
    <p class='ocr_par' dir='ltr' id='par_1_31' title="bbox 2281 1731 3401 1805">
     <span class='ocr_line' id='line_1_31' title="bbox 2281 1731 3401 1805; baseline -0.005 -17"><span class='ocrx_word' id='word_1_207' title='bbox 2281 1753 2391 1788; x_wconf 83' lang='grc' dir='ltr'><strong>των</strong></span> <span class='ocrx_word' id='word_1_208' title='bbox 2422 1736 2450 1786; x_wconf 93' lang='lat'><strong>6</strong></span> <span class='ocrx_word' id='word_1_209' title='bbox 2479 1736 2764 1805; x_wconf 67' lang='grc' dir='ltr'>Παμφίλου</span> <span class='ocrx_word' id='word_1_210' title='bbox 2804 1733 3083 1803; x_wconf 74' lang='grc' dir='ltr'>διεξῆλθεν</span> <span class='ocrx_word' id='word_1_211' title='bbox 3123 1731 3401 1794; x_wconf 79' lang='grc' dir='ltr'>Εὐσέϐιος.</span> 
     </span>
    </p>
   </div>
   <div class='ocr_carea' id='block_1_32' title="bbox 606 1823 3860 1903">
    <p class='ocr_par' dir='ltr' id='par_1_32' title="bbox 606 1823 3860 1903">
     <span class='ocr_line' id='line_1_32' title="bbox 606 1823 3860 1903; baseline -0.006 -12"><span class='ocrx_word' id='word_1_212' title='bbox 606 1836 659 1891; x_wconf 90' lang='lat' dir='ltr'><strong>in</strong></span> <span class='ocrx_word' id='word_1_213' title='bbox 708 1836 827 1903; x_wconf 89' lang='lat' dir='ltr'><strong>ipso</strong></span> <span class='ocrx_word' id='word_1_214' title='bbox 875 1832 1051 1887; x_wconf 55' lang='lat' dir='ltr'><strong>aetatis</strong></span> <span class='ocrx_word' id='word_1_215' title='bbox 1097 1830 1229 1887; x_wconf 85' lang='lat' dir='ltr'><strong>ﬂore</strong></span> <span class='ocrx_word' id='word_1_216' title='bbox 1280 1840 1502 1899; x_wconf 88' lang='lat' dir='ltr'><strong>propter</strong></span> <span class='ocrx_word' id='word_1_217' title='bbox 1557 1830 1895 1898; x_wconf 68' lang='lat' dir='ltr'><strong>ingeniorum</strong></span> <span class='ocrx_word' id='word_1_218' title='bbox 1951 1844 2173 1881; x_wconf 88' lang='lat' dir='ltr'><strong>acumen</strong></span> <span class='ocrx_word' id='word_1_219' title='bbox 2215 1839 2343 1883; x_wconf 90' lang='lat' dir='ltr'><strong>sunt</strong></span> <span class='ocrx_word' id='word_1_220' title='bbox 2410 1844 2666 1899; x_wconf 86' lang='lat' dir='ltr'><strong>magnum</strong></span> <span class='ocrx_word' id='word_1_221' title='bbox 2694 1829 3033 1898; x_wconf 79' lang='lat' dir='ltr'><strong>splendorem</strong></span> <span class='ocrx_word' id='word_1_222' title='bbox 3062 1829 3381 1881; x_wconf 76' lang='lat' dir='ltr'><strong>consecuti:</strong></span> <span class='ocrx_word' id='word_1_223' title='bbox 3442 1823 3661 1892; x_wconf 85' lang='lat' dir='ltr'><strong>quidam</strong></span> <span class='ocrx_word' id='word_1_224' title='bbox 3693 1837 3860 1889; x_wconf 72' lang='lat' dir='ltr'><strong>nuper</strong></span> 
     </span>
    </p>
   </div>
   <div class='ocr_carea' id='block_1_33' title="bbox 604 1914 3859 1995">
    <p class='ocr_par' dir='ltr' id='par_1_33' title="bbox 604 1914 3859 1995">
     <span class='ocr_line' id='line_1_33' title="bbox 604 1914 3859 1995; baseline -0.006 -9"><span class='ocrx_word' id='word_1_225' title='bbox 604 1929 895 1986; x_wconf 78' lang='lat' dir='ltr'><strong>sacerdotii</strong></span> <span class='ocrx_word' id='word_1_226' title='bbox 932 1944 1147 1982; x_wconf 89' lang='lat' dir='ltr'><strong>cursum</strong></span> <span class='ocrx_word' id='word_1_227' title='bbox 1198 1926 1433 1995; x_wconf 79' lang='lat' dir='ltr'><strong>ingressi</strong></span> <span class='ocrx_word' id='word_1_228' title='bbox 1478 1934 1624 1979; x_wconf 91' lang='lat' dir='ltr'><strong>sunt.</strong></span> <span class='ocrx_word' id='word_1_229' title='bbox 1669 1925 1876 1990; x_wconf 79' lang='lat' dir='ltr'><strong>Quibus</strong></span> <span class='ocrx_word' id='word_1_230' title='bbox 1922 1925 2175 1977; x_wconf 83' lang='lat' dir='ltr'><strong>omnibus</strong></span> <span class='ocrx_word' id='word_1_231' title='bbox 2213 1925 2417 1977; x_wconf 78' lang='lat' dir='ltr'><strong>cibaria</strong></span> <span class='ocrx_word' id='word_1_232' title='bbox 2453 1926 2504 1977; x_wconf 91' lang='lat' dir='ltr'><strong>in</strong></span> <span class='ocrx_word' id='word_1_233' title='bbox 2570 1924 2809 1991; x_wconf 82' lang='lat' dir='ltr'><strong>singulos</strong></span> <span class='ocrx_word' id='word_1_234' title='bbox 2840 1924 2954 1976; x_wconf 87' lang='lat' dir='ltr'><strong>dies</strong></span> <span class='ocrx_word' id='word_1_235' title='bbox 2988 1923 3285 1988; x_wconf 84' lang='lat' dir='ltr'><strong>imperator</strong></span> <span class='ocrx_word' id='word_1_236' title='bbox 3350 1920 3497 1990; x_wconf 81' lang='lat' dir='ltr'><strong>large</strong></span> <span class='ocrx_word' id='word_1_237' title='bbox 3537 1928 3589 1970; x_wconf 91' lang='lat' dir='ltr'><strong>et</strong></span> <span class='ocrx_word' id='word_1_238' title='bbox 3621 1914 3859 1972; x_wconf 87' lang='lat' dir='ltr'><strong>liberali-</strong></span> 
     </span>
    </p>
   </div>
   <div class='ocr_carea' id='block_1_34' title="bbox 608 2011 3293 2092">
    <p class='ocr_par' dir='ltr' id='par_1_34' title="bbox 608 2011 3293 2092">
     <span class='ocr_line' id='line_1_34' title="bbox 608 2011 3293 2092; baseline -0.007 -13"><span class='ocrx_word' id='word_1_239' title='bbox 608 2033 686 2079; x_wconf 79' lang='lat' dir='ltr'><strong>ter</strong></span> <span class='ocrx_word' id='word_1_240' title='bbox 715 2020 1045 2092; x_wconf 87' lang='lat' dir='ltr'><strong>suppeditari</strong></span> <span class='ocrx_word' id='word_1_241' title='bbox 1080 2018 1357 2089; x_wconf 68' lang='lat' dir='ltr'><strong>praecepit.</strong></span> <span class='ocrx_word' id='word_1_242' title='bbox 1395 2016 1486 2071; x_wconf 90' lang='lat' dir='ltr'><strong>Sic</strong></span> <span class='ocrx_word' id='word_1_243' title='bbox 1538 2017 1601 2070; x_wconf 89' lang='lat' dir='ltr'><strong>de</strong></span> <span class='ocrx_word' id='word_1_244' title='bbox 1634 2016 1717 2069; x_wconf 88' lang='lat' dir='ltr'><strong>his</strong></span> <span class='ocrx_word' id='word_1_245' title='bbox 1756 2015 1845 2085; x_wconf 76' lang='lat' dir='ltr'><strong>qui</strong></span> <span class='ocrx_word' id='word_1_246' title='bbox 1887 2029 1951 2067; x_wconf 87' lang='lat' dir='ltr'><strong>eo</strong></span> <span class='ocrx_word' id='word_1_247' title='bbox 1992 2025 2380 2080; x_wconf 85' lang='lat' dir='ltr'><strong>convenerant,</strong></span> <span class='ocrx_word' id='word_1_248' title='bbox 2422 2014 2686 2068; x_wconf 76' lang='lat' dir='ltr'><strong>Eusebius</strong></span> <span class='ocrx_word' id='word_1_249' title='bbox 2718 2012 2983 2080; x_wconf 84' lang='lat' dir='ltr'><strong>Pamphili</strong></span> <span class='ocrx_word' id='word_1_250' title='bbox 3016 2011 3293 2066; x_wconf 84' lang='lat' dir='ltr'><strong>disseruit.</strong></span> 
     </span>
    </p>
   </div>
   <div class='ocr_carea' id='block_1_35' title="bbox 1247 2130 1528 2189">
    <p class='ocr_par' dir='ltr' id='par_1_35' title="bbox 1247 2130 1528 2189">
     <span class='ocr_line' id='line_1_35' title="bbox 1247 2130 1528 2189; baseline -0.014 0"><span class='ocrx_word' id='word_1_251' title='bbox 1247 2132 1398 2189; x_wconf 80' lang='lat' dir='ltr'><strong>CAP.</strong></span> <span class='ocrx_word' id='word_1_252' title='bbox 1444 2130 1528 2186; x_wconf 82' lang='lat' dir='ltr'><strong>Vl.</strong></span> 
     </span>
    </p>
   </div>
   <div class='ocr_carea' id='block_1_36' title="bbox 798 2244 1974 2316">
    <p class='ocr_par' dir='ltr' id='par_1_36' title="bbox 798 2244 1974 2316">
     <span class='ocr_line' id='line_1_36' title="bbox 798 2244 1974 2316; baseline -0.008 -13"><span class='ocrx_word' id='word_1_253' title='bbox 798 2248 1074 2316; x_wconf 82' lang='lat' dir='ltr'><strong>Quomodo</strong></span> <span class='ocrx_word' id='word_1_254' title='bbox 1109 2264 1200 2302; x_wconf 73' lang='lat' dir='ltr'><strong>rex</strong></span> <span class='ocrx_word' id='word_1_255' title='bbox 1230 2262 1347 2301; x_wconf 77' lang='lat' dir='ltr'><strong>cum</strong></span> <span class='ocrx_word' id='word_1_256' title='bbox 1378 2245 1632 2313; x_wconf 77' lang='lat' dir='ltr'><strong>episcopis</strong></span> <span class='ocrx_word' id='word_1_257' title='bbox 1661 2244 1974 2299; x_wconf 84' lang='lat' dir='ltr'><strong>consederit.</strong></span> 
     </span>
    </p>
   </div>
   <div class='ocr_carea' id='block_1_37' title="bbox 673 2376 2175 2448">
    <p class='ocr_par' dir='ltr' id='par_1_37' title="bbox 673 2376 2175 2448">
     <span class='ocr_line' id='line_1_37' title="bbox 673 2376 2175 2448; baseline -0.008 -10"><span class='ocrx_word' id='word_1_258' title='bbox 673 2384 809 2438; x_wconf 86' lang='lat' dir='ltr'><strong>Cum</strong></span> <span class='ocrx_word' id='word_1_259' title='bbox 846 2392 1023 2435; x_wconf 86' lang='lat' dir='ltr'><strong>autem</strong></span> <span class='ocrx_word' id='word_1_260' title='bbox 1057 2381 1358 2448; x_wconf 83' lang='lat' dir='ltr'><strong>imperator</strong></span> <span class='ocrx_word' id='word_1_261' title='bbox 1396 2380 1591 2432; x_wconf 79' lang='lat' dir='ltr'><strong>festum</strong></span> <span class='ocrx_word' id='word_1_262' title='bbox 1618 2377 1687 2432; x_wconf 91' lang='lat' dir='ltr'><strong>ob</strong></span> <span class='ocrx_word' id='word_1_263' title='bbox 1726 2376 2010 2431; x_wconf 88' lang='lat' dir='ltr'><strong>victoriam</strong></span> <span class='ocrx_word' id='word_1_264' title='bbox 2047 2389 2175 2427; x_wconf 83' lang='lat' dir='ltr'><strong>con-</strong></span> 
     </span>
    </p>
   </div>
   <div class='ocr_carea' id='block_1_38' title="bbox 603 2464 2176 2540">
    <p class='ocr_par' dir='ltr' id='par_1_38' title="bbox 603 2464 2176 2540">
     <span class='ocr_line' id='line_1_38' title="bbox 603 2464 2176 2540; baseline -0.008 -11"><span class='ocrx_word' id='word_1_265' title='bbox 603 2484 685 2529; x_wconf 87' lang='lat' dir='ltr'><strong>tra</strong></span> <span class='ocrx_word' id='word_1_266' title='bbox 722 2472 991 2527; x_wconf 86' lang='lat' dir='ltr'><strong>Licinium</strong></span> <span class='ocrx_word' id='word_1_267' title='bbox 1024 2481 1235 2540; x_wconf 88' lang='lat' dir='ltr'><strong>partam</strong></span> <span class='ocrx_word' id='word_1_268' title='bbox 1278 2468 1621 2531; x_wconf 84' lang='lat' dir='ltr'><strong>absolvisset,</strong></span> <span class='ocrx_word' id='word_1_269' title='bbox 1657 2468 1805 2521; x_wconf 85' lang='lat' dir='ltr'><strong>venit</strong></span> <span class='ocrx_word' id='word_1_270' title='bbox 1833 2476 1888 2518; x_wconf 89' lang='lat' dir='ltr'><strong>et</strong></span> <span class='ocrx_word' id='word_1_271' title='bbox 1938 2466 2053 2535; x_wconf 89' lang='lat' dir='ltr'><strong>ipse</strong></span> <span class='ocrx_word' id='word_1_272' title='bbox 2084 2464 2176 2517; x_wconf 77' lang='lat' dir='ltr'><strong>Ni-</strong></span> 
     </span>
    </p>
   </div>
   <div class='ocr_carea' id='block_1_39' title="bbox 602 2556 2172 2629">
    <p class='ocr_par' dir='ltr' id='par_1_39' title="bbox 602 2556 2172 2629">
     <span class='ocr_line' id='line_1_39' title="bbox 602 2556 2172 2629; baseline -0.009 -8"><span class='ocrx_word' id='word_1_273' title='bbox 602 2582 768 2621; x_wconf 68' lang='lat' dir='ltr'><strong>caam</strong></span> <span class='ocrx_word' id='word_1_274' title='bbox 796 2566 865 2619; x_wconf 80' lang='lat'><strong>“.</strong></span> <span class='ocrx_word' id='word_1_275' title='bbox 901 2562 1170 2618; x_wconf 84' lang='lat' dir='ltr'><strong>Postridie</strong></span> <span class='ocrx_word' id='word_1_276' title='bbox 1210 2577 1399 2616; x_wconf 88' lang='lat' dir='ltr'><strong>omnes</strong></span> <span class='ocrx_word' id='word_1_277' title='bbox 1430 2560 1665 2629; x_wconf 84' lang='lat' dir='ltr'><strong>episcopi</strong></span> <span class='ocrx_word' id='word_1_278' title='bbox 1702 2559 1754 2611; x_wconf 92' lang='lat' dir='ltr'><strong>in</strong></span> <span class='ocrx_word' id='word_1_279' title='bbox 1797 2573 1959 2610; x_wconf 89' lang='lat' dir='ltr'><strong>unum</strong></span> <span class='ocrx_word' id='word_1_280' title='bbox 1998 2556 2172 2609; x_wconf 91' lang='lat' dir='ltr'><strong>locum</strong></span> 
     </span>
    </p>
   </div>
   <div class='ocr_carea' id='block_1_40' title="bbox 602 2647 2175 2719">
    <p class='ocr_par' dir='ltr' id='par_1_40' title="bbox 602 2647 2175 2719">
     <span class='ocr_line' id='line_1_40' title="bbox 602 2647 2175 2719; baseline -0.007 -9"><span class='ocrx_word' id='word_1_281' title='bbox 602 2665 971 2711; x_wconf 72' lang='lat' dir='ltr'><strong>convenerunt</strong></span> <span class='ocrx_word' id='word_1_282' title='bbox 1005 2672 1019 2709; x_wconf 90' lang='lat'><strong>:</strong></span> <span class='ocrx_word' id='word_1_283' title='bbox 1047 2661 1355 2708; x_wconf 66' lang='lat' dir='ltr'><strong>accesserat</strong></span> <span class='ocrx_word' id='word_1_284' title='bbox 1382 2660 1561 2705; x_wconf 87' lang='lat' dir='ltr'><strong>autem</strong></span> <span class='ocrx_word' id='word_1_285' title='bbox 1600 2660 1654 2704; x_wconf 91' lang='lat' dir='ltr'><strong>et</strong></span> <span class='ocrx_word' id='word_1_286' title='bbox 1680 2658 1799 2719; x_wconf 90' lang='lat' dir='ltr'><strong>post</strong></span> <span class='ocrx_word' id='word_1_287' title='bbox 1829 2648 1975 2718; x_wconf 88' lang='lat' dir='ltr'><strong>ipsos</strong></span> <span class='ocrx_word' id='word_1_288' title='bbox 2009 2647 2175 2715; x_wconf 88' lang='lat' dir='ltr'><strong>impe-</strong></span> 
     </span>
    </p>
   </div>
   <div class='ocr_carea' id='block_1_41' title="bbox 604 2735 2175 2813">
    <p class='ocr_par' dir='ltr' id='par_1_41' title="bbox 604 2735 2175 2813">
     <span class='ocr_line' id='line_1_41' title="bbox 604 2735 2175 2813; baseline -0.007 -14"><span class='ocrx_word' id='word_1_289' title='bbox 604 2756 752 2799; x_wconf 84' lang='lat' dir='ltr'><strong>rator</strong></span> <span class='ocrx_word' id='word_1_290' title='bbox 772 2763 788 2810; x_wconf 88' lang='lat'><strong>;</strong></span> <span class='ocrx_word' id='word_1_291' title='bbox 811 2755 867 2798; x_wconf 81' lang='lat' dir='ltr'><strong>et</strong></span> <span class='ocrx_word' id='word_1_292' title='bbox 888 2752 1171 2813; x_wconf 81' lang='lat' dir='ltr'><strong>postquam</strong></span> <span class='ocrx_word' id='word_1_293' title='bbox 1202 2740 1449 2804; x_wconf 86' lang='lat' dir='ltr'><strong>accessit,</strong></span> <span class='ocrx_word' id='word_1_294' title='bbox 1480 2741 1534 2793; x_wconf 89' lang='lat' dir='ltr'><strong>in</strong></span> <span class='ocrx_word' id='word_1_295' title='bbox 1589 2740 1765 2792; x_wconf 88' lang='lat' dir='ltr'><strong>medio</strong></span> <span class='ocrx_word' id='word_1_296' title='bbox 1790 2735 2050 2799; x_wconf 73' lang='lat' dir='ltr'><strong>constitit,</strong></span> <span class='ocrx_word' id='word_1_297' title='bbox 2079 2750 2175 2789; x_wconf 89' lang='lat' dir='ltr'><strong>nec</strong></span> 
     </span>
    </p>
   </div>
   <div class='ocr_carea' id='block_1_42' title="bbox 602 2830 2173 2908">
    <p class='ocr_par' dir='ltr' id='par_1_42' title="bbox 602 2830 2173 2908">
     <span class='ocr_line' id='line_1_42' title="bbox 602 2830 2173 2908; baseline -0.006 -17"><span class='ocrx_word' id='word_1_298' title='bbox 602 2838 753 2908; x_wconf 79' lang='lat' dir='ltr'><strong>prius</strong></span> <span class='ocrx_word' id='word_1_299' title='bbox 774 2837 963 2891; x_wconf 87' lang='lat' dir='ltr'><strong>sedere</strong></span> <span class='ocrx_word' id='word_1_300' title='bbox 985 2835 1176 2899; x_wconf 87' lang='lat' dir='ltr'><strong>voluit,</strong></span> <span class='ocrx_word' id='word_1_301' title='bbox 1211 2848 1369 2902; x_wconf 84' lang='lat' dir='ltr'><strong>quam</strong></span> <span class='ocrx_word' id='word_1_302' title='bbox 1403 2831 1638 2900; x_wconf 82' lang='lat' dir='ltr'><strong>episcopi</strong></span> <span class='ocrx_word' id='word_1_303' title='bbox 1668 2830 1999 2893; x_wconf 77' lang='lat' dir='ltr'><strong>innuissent;</strong></span> <span class='ocrx_word' id='word_1_304' title='bbox 2026 2837 2173 2881; x_wconf 89' lang='lat' dir='ltr'><strong>tanta</strong></span> 
     </span>
    </p>
   </div>
   <div class='ocr_carea' id='block_1_43' title="bbox 604 2921 2170 2999">
    <p class='ocr_par' dir='ltr' id='par_1_43' title="bbox 604 2921 2170 2999">
     <span class='ocr_line' id='line_1_43' title="bbox 604 2921 2170 2999; baseline -0.009 -15"><span class='ocrx_word' id='word_1_305' title='bbox 604 2928 795 2999; x_wconf 81' lang='lat' dir='ltr'><strong>religio</strong></span> <span class='ocrx_word' id='word_1_306' title='bbox 825 2937 883 2983; x_wconf 79' lang='lat' dir='ltr'><strong>et</strong></span> <span class='ocrx_word' id='word_1_307' title='bbox 931 2926 1235 2983; x_wconf 78' lang='lat' dir='ltr'><strong>reverentia</strong></span> <span class='ocrx_word' id='word_1_308' title='bbox 1287 2939 1413 2992; x_wconf 85' lang='lat' dir='ltr'><strong>erga</strong></span> <span class='ocrx_word' id='word_1_309' title='bbox 1446 2924 1592 2976; x_wconf 85' lang='lat' dir='ltr'><strong>viros</strong></span> <span class='ocrx_word' id='word_1_310' title='bbox 1620 2922 1739 2976; x_wconf 89' lang='lat' dir='ltr'><strong>illos</strong></span> <span class='ocrx_word' id='word_1_311' title='bbox 1794 2921 2170 2989; x_wconf 85' lang='lat' dir='ltr'><strong>imperatorem</strong></span> 
     </span>
    </p>
   </div>
   <div class='ocr_carea' id='block_1_44' title="bbox 601 3008 2175 3090">
    <p class='ocr_par' dir='ltr' id='par_1_44' title="bbox 601 3008 2175 3090">
     <span class='ocr_line' id='line_1_44' title="bbox 601 3008 2175 3090; baseline -0.01 -13"><span class='ocrx_word' id='word_1_312' title='bbox 601 3018 915 3090; x_wconf 72' lang='lat' dir='ltr'><strong>occupavit.</strong></span> <span class='ocrx_word' id='word_1_313' title='bbox 944 3017 1025 3071; x_wconf 71' lang='lat' dir='ltr'><strong>[td</strong></span> <span class='ocrx_word' id='word_1_314' title='bbox 1052 3030 1190 3085; x_wconf 84' lang='lat' dir='ltr'><strong>quos</strong></span> <span class='ocrx_word' id='word_1_315' title='bbox 1217 3012 1627 3068; x_wconf 74' lang='lat' dir='ltr'><strong>laudatissimns</strong></span> <span class='ocrx_word' id='word_1_316' title='bbox 1656 3010 1950 3077; x_wconf 88' lang='lat' dir='ltr'><strong>imperator</strong></span> <span class='ocrx_word' id='word_1_317' title='bbox 1976 3008 2175 3062; x_wconf 74' lang='lat' dir='ltr'><strong>exhor-</strong></span> 
     </span>
    </p>
   </div>
   <div class='ocr_carea' id='block_1_45' title="bbox 603 3099 2171 3166">
    <p class='ocr_par' dir='ltr' id='par_1_45' title="bbox 603 3099 2171 3166">
     <span class='ocr_line' id='line_1_45' title="bbox 603 3099 2171 3166; baseline -0.009 0"><span class='ocrx_word' id='word_1_318' title='bbox 603 3109 854 3166; x_wconf 70' lang='lat' dir='ltr'><strong>tatoriam</strong></span> <span class='ocrx_word' id='word_1_319' title='bbox 885 3116 939 3163; x_wconf 91' lang='lat' dir='ltr'><strong>et</strong></span> <span class='ocrx_word' id='word_1_320' title='bbox 968 3107 1239 3161; x_wconf 84' lang='lat' dir='ltr'><strong>eruditam</strong></span> <span class='ocrx_word' id='word_1_321' title='bbox 1286 3104 1587 3161; x_wconf 80' lang='lat' dir='ltr'><strong>orationem</strong></span> <span class='ocrx_word' id='word_1_322' title='bbox 1624 3100 1834 3165; x_wconf 84' lang='lat' dir='ltr'><strong>habuit,</strong></span> <span class='ocrx_word' id='word_1_323' title='bbox 1875 3100 1927 3153; x_wconf 93' lang='lat' dir='ltr'><strong>in</strong></span> <span class='ocrx_word' id='word_1_324' title='bbox 1959 3099 2171 3153; x_wconf 85' lang='lat' dir='ltr'><strong>laudem</strong></span> 
     </span>
    </p>
   </div>
   <div class='ocr_carea' id='block_1_46' title="bbox 598 3192 2207 3279">
    <p class='ocr_par' dir='ltr' id='par_1_46' title="bbox 598 3192 2207 3279">
     <span class='ocr_line' id='line_1_46' title="bbox 598 3192 2207 3279; baseline -0.006 -23"><span class='ocrx_word' id='word_1_325' title='bbox 598 3212 654 3256; x_wconf 83' lang='lat' dir='ltr'><strong>et</strong></span> <span class='ocrx_word' id='word_1_326' title='bbox 700 3200 927 3272; x_wconf 76' lang='lat' dir='ltr'><strong>gloriam</strong></span> <span class='ocrx_word' id='word_1_327' title='bbox 970 3207 1034 3279; x_wconf 32' lang='lat' dir='ltr'><strong>Oet</strong></span> <span class='ocrx_word' id='word_1_328' title='bbox 1062 3198 1358 3268; x_wconf 79' lang='lat' dir='ltr'><strong>gratiarum</strong></span> <span class='ocrx_word' id='word_1_329' title='bbox 1424 3196 1691 3250; x_wconf 86' lang='lat' dir='ltr'><strong>actionem</strong></span> <span class='ocrx_word' id='word_1_330' title='bbox 1738 3193 1829 3247; x_wconf 87' lang='lat' dir='ltr'><strong>Dei</strong></span> <span class='ocrx_word' id='word_1_331' title='bbox 1891 3192 2207 3265; x_wconf 45' lang='lat' dir='ltr'><strong>universos</strong></span> 
     </span>
    </p>
   </div>
   <div class='ocr_carea' id='block_1_47' title="bbox 602 3283 2173 3363">
    <p class='ocr_par' dir='ltr' id='par_1_47' title="bbox 602 3283 2173 3363">
     <span class='ocr_line' id='line_1_47' title="bbox 602 3283 2173 3363; baseline -0.007 -15"><span class='ocrx_word' id='word_1_332' title='bbox 602 3310 745 3359; x_wconf 82' lang='lat' dir='ltr'><strong>rum,</strong></span> <span class='ocrx_word' id='word_1_333' title='bbox 781 3292 873 3363; x_wconf 80' lang='lat' dir='ltr'><strong>qui</strong></span> <span class='ocrx_word' id='word_1_334' title='bbox 915 3300 1120 3348; x_wconf 86' lang='lat' dir='ltr'><strong>tantam</strong></span> <span class='ocrx_word' id='word_1_335' title='bbox 1169 3290 1271 3345; x_wconf 84' lang='lat' dir='ltr'><strong>sibi</strong></span> <span class='ocrx_word' id='word_1_336' title='bbox 1322 3288 1945 3359; x_wconf 87' lang='lat' dir='ltr'><strong>graliamcoueesserat,</strong></span> <span class='ocrx_word' id='word_1_337' title='bbox 1998 3283 2066 3337; x_wconf 90' lang='lat' dir='ltr'><strong>ita</strong></span> <span class='ocrx_word' id='word_1_338' title='bbox 2094 3283 2173 3337; x_wconf 88' lang='lat' dir='ltr'><strong>lo-</strong></span> 
     </span>
    </p>
   </div>
   <div class='ocr_carea' id='block_1_48' title="bbox 599 3393 794 3440">
    <p class='ocr_par' dir='ltr' id='par_1_48' title="bbox 599 3393 794 3440">
     <span class='ocr_line' id='line_1_48' title="bbox 599 3393 794 3440; baseline -0.01 0"><span class='ocrx_word' id='word_1_339' title='bbox 599 3393 756 3440; x_wconf 88' lang='lat' dir='ltr'><strong>cutus</strong></span> <span class='ocrx_word' id='word_1_340' title='bbox 778 3399 794 3438; x_wconf 73' lang='grc'><strong>2</strong></span> 
     </span>
    </p>
   </div>
   <div class='ocr_carea' id='block_1_49' title="bbox 1225 3494 1530 3551">
    <p class='ocr_par' dir='ltr' id='par_1_49' title="bbox 1225 3494 1530 3551">
     <span class='ocr_line' id='line_1_49' title="bbox 1225 3494 1530 3551; baseline -0.01 0"><span class='ocrx_word' id='word_1_341' title='bbox 1225 3494 1378 3551; x_wconf 77' lang='lat' dir='ltr'><strong>CAP.</strong></span> <span class='ocrx_word' id='word_1_342' title='bbox 1421 3494 1530 3549; x_wconf 81' lang='lat' dir='ltr'><strong>VII.</strong></span> 
     </span>
    </p>
   </div>
   <div class='ocr_carea' id='block_1_50' title="bbox 602 3604 2174 3680">
    <p class='ocr_par' dir='ltr' id='par_1_50' title="bbox 602 3604 2174 3680">
     <span class='ocr_line' id='line_1_50' title="bbox 602 3604 2174 3680; baseline -0.011 -9"><span class='ocrx_word' id='word_1_343' title='bbox 602 3612 788 3671; x_wconf 75' lang='lat' dir='ltr'><strong>Sermo</strong></span> <span class='ocrx_word' id='word_1_344' title='bbox 823 3610 1255 3680; x_wconf 83' lang='lat' dir='ltr'><strong>prosphoneticus</strong></span> <span class='ocrx_word' id='word_1_345' title='bbox 1302 3606 1636 3680; x_wconf 67' lang='lat' dir='ltr'><strong>Constantini</strong></span> <span class='ocrx_word' id='word_1_346' title='bbox 1677 3604 1889 3676; x_wconf 79' lang='lat' dir='ltr'><strong>augusti</strong></span> <span class='ocrx_word' id='word_1_347' title='bbox 1935 3604 2003 3657; x_wconf 87' lang='lat' dir='ltr'><strong>atl</strong></span> <span class='ocrx_word' id='word_1_348' title='bbox 2050 3617 2174 3654; x_wconf 85' lang='lat' dir='ltr'><strong>san-</strong></span> 
     </span>
    </p>
   </div>
   <div class='ocr_carea' id='block_1_51' title="bbox 1165 3676 1610 3747">
    <p class='ocr_par' dir='ltr' id='par_1_51' title="bbox 1165 3676 1610 3747">
     <span class='ocr_line' id='line_1_51' title="bbox 1165 3676 1610 3747; baseline -0.009 -15"><span class='ocrx_word' id='word_1_349' title='bbox 1165 3693 1299 3732; x_wconf 73' lang='lat' dir='ltr'><strong>rtam</strong></span> <span class='ocrx_word' id='word_1_350' title='bbox 1330 3676 1610 3747; x_wconf 75' lang='lat' dir='ltr'><strong>synodum.</strong></span> 
     </span>
    </p>
   </div>
   <div class='ocr_carea' id='block_1_52' title="bbox 638 3794 2183 3888">
    <p class='ocr_par' dir='ltr' id='par_1_52' title="bbox 638 3794 2183 3888">
     <span class='ocr_line' id='line_1_52' title="bbox 638 3794 2183 3888; baseline -0.009 -10"><span class='ocrx_word' id='word_1_351' title='bbox 638 3816 642 3820; x_wconf 70' lang='grc'><em>’</em></span> <span class='ocrx_word' id='word_1_352' title='bbox 672 3820 865 3877; x_wconf 74' lang='lat' dir='ltr'><strong>Plures</strong></span> <span class='ocrx_word' id='word_1_353' title='bbox 892 3794 1110 3888; x_wconf 81' lang='lat' dir='ltr'><strong>quidem</strong></span> <span class='ocrx_word' id='word_1_354' title='bbox 1160 3816 1405 3870; x_wconf 79' lang='lat' dir='ltr'><strong>illustres</strong></span> <span class='ocrx_word' id='word_1_355' title='bbox 1454 3814 1572 3868; x_wconf 86' lang='lat' dir='ltr'><strong>vias</strong></span> <span class='ocrx_word' id='word_1_356' title='bbox 1605 3814 1839 3867; x_wconf 81' lang='lat' dir='ltr'><strong>humano</strong></span> <span class='ocrx_word' id='word_1_357' title='bbox 1886 3809 2069 3881; x_wconf 84' lang='lat' dir='ltr'><strong>generi</strong></span> <span class='ocrx_word' id='word_1_358' title='bbox 2105 3809 2183 3865; x_wconf 76' lang='lat' dir='ltr'><strong>ad,</strong></span> 
     </span>
    </p>
   </div>
   <div class='ocr_carea' id='block_1_53' title="bbox 602 3902 2171 3979">
    <p class='ocr_par' dir='ltr' id='par_1_53' title="bbox 602 3902 2171 3979">
     <span class='ocr_line' id='line_1_53' title="bbox 602 3902 2171 3979; baseline -0.009 -11"><span class='ocrx_word' id='word_1_359' title='bbox 602 3928 753 3968; x_wconf 86' lang='lat' dir='ltr'><strong>suam</strong></span> <span class='ocrx_word' id='word_1_360' title='bbox 782 3910 1213 3979; x_wconf 88' lang='lat' dir='ltr'><strong>redemptionem</strong></span> <span class='ocrx_word' id='word_1_361' title='bbox 1253 3908 1431 3974; x_wconf 87' lang='lat' dir='ltr'><strong>magni</strong></span> <span class='ocrx_word' id='word_1_362' title='bbox 1472 3905 1564 3959; x_wconf 87' lang='lat' dir='ltr'><strong>Dei</strong></span> <span class='ocrx_word' id='word_1_363' title='bbox 1595 3907 1976 3972; x_wconf 84' lang='lat' dir='ltr'><strong>omnipotentis</strong></span> <span class='ocrx_word' id='word_1_364' title='bbox 2012 3902 2171 3972; x_wconf 85' lang='lat' dir='ltr'><strong>justi-</strong></span> 
     </span>
    </p>
   </div>
   <div class='ocr_carea' id='block_1_54' title="bbox 606 3982 2175 4073">
    <p class='ocr_par' dir='ltr' id='par_1_54' title="bbox 606 3982 2175 4073">
     <span class='ocr_line' id='line_1_54' title="bbox 606 3982 2175 4073; baseline -0.01 -13"><span class='ocrx_word' id='word_1_365' title='bbox 606 4008 680 4060; x_wconf 85' lang='lat' dir='ltr'><strong>tia</strong></span> <span class='ocrx_word' id='word_1_366' title='bbox 721 4003 1065 4073; x_wconf 73' lang='lat' dir='ltr'><strong>praeparavit,</strong></span> <span class='ocrx_word' id='word_1_367' title='bbox 1111 4010 1167 4054; x_wconf 88' lang='lat' dir='ltr'><strong>et</strong></span> <span class='ocrx_word' id='word_1_368' title='bbox 1202 4000 1345 4054; x_wconf 85' lang='lat' dir='ltr'><strong>inter</strong></span> <span class='ocrx_word' id='word_1_369' title='bbox 1393 3998 1525 4052; x_wconf 88' lang='lat' dir='ltr'><strong>alias</strong></span> <span class='ocrx_word' id='word_1_370' title='bbox 1556 3982 1904 4064; x_wconf 78' lang='lat' dir='ltr'><strong>insigniorem</strong></span> <span class='ocrx_word' id='word_1_371' title='bbox 1944 3994 2085 4045; x_wconf 88' lang='lat' dir='ltr'><strong>illam</strong></span> <span class='ocrx_word' id='word_1_372' title='bbox 2121 4001 2175 4045; x_wconf 91' lang='lat' dir='ltr'><strong>et</strong></span> 
     </span>
    </p>
   </div>
   <div class='ocr_carea' id='block_1_55' title="bbox 601 4083 2173 4161">
    <p class='ocr_par' dir='ltr' id='par_1_55' title="bbox 601 4083 2173 4161">
     <span class='ocr_line' id='line_1_55' title="bbox 601 4083 2173 4161; baseline -0.007 -13"><span class='ocrx_word' id='word_1_373' title='bbox 601 4093 839 4148; x_wconf 81' lang='lat' dir='ltr'><strong>maxime</strong></span> <span class='ocrx_word' id='word_1_374' title='bbox 884 4091 1279 4161; x_wconf 73' lang='lat' dir='ltr'><strong>refulgentem,</strong></span> <span class='ocrx_word' id='word_1_375' title='bbox 1313 4097 1366 4140; x_wconf 91' lang='lat' dir='ltr'><strong>et</strong></span> <span class='ocrx_word' id='word_1_376' title='bbox 1416 4087 1568 4155; x_wconf 89' lang='lat' dir='ltr'><strong>quasi</strong></span> <span class='ocrx_word' id='word_1_377' title='bbox 1613 4086 1747 4152; x_wconf 74' lang='lat' dir='ltr'><strong>legis</strong></span> <span class='ocrx_word' id='word_1_378' title='bbox 1786 4101 1894 4138; x_wconf 60' lang='lat' dir='ltr'><strong>sua!</strong></span> <span class='ocrx_word' id='word_1_379' title='bbox 1941 4083 2173 4137; x_wconf 88' lang='lat' dir='ltr'><strong>sanctis-</strong></span> 
     </span>
    </p>
   </div>
   <div class='ocr_carea' id='block_1_56' title="bbox 601 4174 2171 4249">
    <p class='ocr_par' dir='ltr' id='par_1_56' title="bbox 601 4174 2171 4249">
     <span class='ocr_line' id='line_1_56' title="bbox 601 4174 2171 4249; baseline -0.007 -11"><span class='ocrx_word' id='word_1_380' title='bbox 601 4185 753 4238; x_wconf 63' lang='lat' dir='ltr'><strong>sima&#39;</strong></span> <span class='ocrx_word' id='word_1_381' title='bbox 787 4196 1077 4244; x_wconf 83' lang='lat' dir='ltr'><strong>summam,</strong></span> <span class='ocrx_word' id='word_1_382' title='bbox 1120 4194 1226 4249; x_wconf 86' lang='lat' dir='ltr'><strong>qua</strong></span> <span class='ocrx_word' id='word_1_383' title='bbox 1269 4194 1367 4232; x_wconf 89' lang='lat' dir='ltr'><strong>nos</strong></span> <span class='ocrx_word' id='word_1_384' title='bbox 1396 4194 1584 4232; x_wconf 89' lang='lat' dir='ltr'><strong>omnes</strong></span> <span class='ocrx_word' id='word_1_385' title='bbox 1624 4178 1677 4230; x_wconf 90' lang='lat' dir='ltr'><strong>in</strong></span> <span class='ocrx_word' id='word_1_386' title='bbox 1714 4184 1900 4230; x_wconf 88' lang='lat' dir='ltr'><strong>sancta</strong></span> <span class='ocrx_word' id='word_1_387' title='bbox 1933 4174 2171 4227; x_wconf 75' lang='lat' dir='ltr'><strong>Ecclesia</strong></span> 
     </span>
    </p>
   </div>
   <div class='ocr_carea' id='block_1_57' title="bbox 603 4265 2174 4341">
    <p class='ocr_par' dir='ltr' id='par_1_57' title="bbox 603 4265 2174 4341">
     <span class='ocr_line' id='line_1_57' title="bbox 603 4265 2174 4341; baseline -0.009 -11"><span class='ocrx_word' id='word_1_388' title='bbox 603 4272 891 4336; x_wconf 80' lang='lat' dir='ltr'><strong>catholica,</strong></span> <span class='ocrx_word' id='word_1_389' title='bbox 936 4271 1093 4341; x_wconf 73' lang='lat' dir='ltr'><strong>quasi</strong></span> <span class='ocrx_word' id='word_1_390' title='bbox 1126 4273 1179 4324; x_wconf 90' lang='lat' dir='ltr'><strong>in</strong></span> <span class='ocrx_word' id='word_1_391' title='bbox 1209 4270 1442 4338; x_wconf 82' lang='lat' dir='ltr'><strong>quodam</strong></span> <span class='ocrx_word' id='word_1_392' title='bbox 1478 4267 1756 4321; x_wconf 80' lang='lat' dir='ltr'><strong>Doniinico</strong></span> <span class='ocrx_word' id='word_1_393' title='bbox 1794 4266 1913 4319; x_wconf 70' lang='lat' dir='ltr'><strong>fidei</strong></span> <span class='ocrx_word' id='word_1_394' title='bbox 1949 4265 2174 4319; x_wconf 90' lang='lat' dir='ltr'><strong>domici-</strong></span> 
     </span>
    </p>
   </div>
   <div class='ocr_carea' id='block_1_58' title="bbox 600 4346 2170 4432">
    <p class='ocr_par' dir='ltr' id='par_1_58' title="bbox 600 4346 2170 4432">
     <span class='ocr_line' id='line_1_58' title="bbox 600 4346 2170 4432; baseline -0.006 -14"><span class='ocrx_word' id='word_1_395' title='bbox 600 4364 673 4420; x_wconf 88' lang='lat' dir='ltr'><strong>lio</strong></span> <span class='ocrx_word' id='word_1_396' title='bbox 716 4362 1069 4432; x_wconf 83' lang='lat' dir='ltr'><strong>congregavit</strong></span> <span class='ocrx_word' id='word_1_397' title='bbox 1098 4374 1112 4414; x_wconf 90' lang='lat'><strong>:</strong></span> <span class='ocrx_word' id='word_1_398' title='bbox 1141 4360 1283 4429; x_wconf 85' lang='lat' dir='ltr'><strong>quod</strong></span> <span class='ocrx_word' id='word_1_399' title='bbox 1333 4346 1481 4412; x_wconf 86' lang='lat' dir='ltr'><strong>omni</strong></span> <span class='ocrx_word' id='word_1_400' title='bbox 1531 4356 1791 4411; x_wconf 87' lang='lat' dir='ltr'><strong>miraculo</strong></span> <span class='ocrx_word' id='word_1_401' title='bbox 1846 4355 2021 4424; x_wconf 90' lang='lat' dir='ltr'><strong>majus</strong></span> <span class='ocrx_word' id='word_1_402' title='bbox 2065 4364 2170 4409; x_wconf 87' lang='lat' dir='ltr'><strong>est.</strong></span> 
     </span>
    </p>
   </div>
   <div class='ocr_carea' id='block_1_59' title="bbox 602 4444 2171 4524">
    <p class='ocr_par' dir='ltr' id='par_1_59' title="bbox 602 4444 2171 4524">
     <span class='ocr_line' id='line_1_59' title="bbox 602 4444 2171 4524; baseline -0.006 -14"><span class='ocrx_word' id='word_1_403' title='bbox 602 4455 774 4524; x_wconf 80' lang='lat' dir='ltr'><strong>Hujus</strong></span> <span class='ocrx_word' id='word_1_404' title='bbox 811 4464 992 4511; x_wconf 88' lang='lat' dir='ltr'><strong>autem</strong></span> <span class='ocrx_word' id='word_1_405' title='bbox 1031 4451 1287 4509; x_wconf 91' lang='lat' dir='ltr'><strong>domicilii</strong></span> <span class='ocrx_word' id='word_1_406' title='bbox 1322 4444 1579 4504; x_wconf 87' lang='lat' dir='ltr'><strong>verticem</strong></span> <span class='ocrx_word' id='word_1_407' title='bbox 1609 4464 1779 4518; x_wconf 84' lang='lat' dir='ltr'><strong>usque</strong></span> <span class='ocrx_word' id='word_1_408' title='bbox 1816 4450 1883 4501; x_wconf 90' lang='lat' dir='ltr'><strong>ad</strong></span> <span class='ocrx_word' id='word_1_409' title='bbox 1933 4448 2171 4501; x_wconf 86' lang='lat' dir='ltr'><strong>siderum</strong></span> 
     </span>
    </p>
   </div>
   <div class='ocr_carea' id='block_1_60' title="bbox 598 4536 2167 4619">
    <p class='ocr_par' dir='ltr' id='par_1_60' title="bbox 598 4536 2167 4619">
     <span class='ocr_line' id='line_1_60' title="bbox 598 4536 2167 4619; baseline -0.007 -16"><span class='ocrx_word' id='word_1_410' title='bbox 598 4546 940 4619; x_wconf 86' lang='lat' dir='ltr'><strong>splendorem</strong></span> <span class='ocrx_word' id='word_1_411' title='bbox 985 4544 1231 4598; x_wconf 84' lang='lat' dir='ltr'><strong>videmus</strong></span> <span class='ocrx_word' id='word_1_412' title='bbox 1252 4542 1599 4610; x_wconf 84' lang='lat' dir='ltr'><strong>pertingere:</strong></span> <span class='ocrx_word' id='word_1_413' title='bbox 1633 4542 1978 4595; x_wconf 68' lang='lat' dir='ltr'><strong>fundamenta</strong></span> <span class='ocrx_word' id='word_1_414' title='bbox 2016 4536 2167 4603; x_wconf 77' lang='lat' dir='ltr'><strong>ve’ro,</strong></span> 
     </span>
    </p>
   </div>
   <div class='ocr_carea' id='block_1_61' title="bbox 598 4630 2173 4709">
    <p class='ocr_par' dir='ltr' id='par_1_61' title="bbox 598 4630 2173 4709">
     <span class='ocr_line' id='line_1_61' title="bbox 598 4630 2173 4709; baseline -0.006 -16"><span class='ocrx_word' id='word_1_415' title='bbox 598 4641 651 4694; x_wconf 94' lang='lat' dir='ltr'><strong>in</strong></span> <span class='ocrx_word' id='word_1_416' title='bbox 685 4640 802 4709; x_wconf 90' lang='lat' dir='ltr'><strong>ipso</strong></span> <span class='ocrx_word' id='word_1_417' title='bbox 832 4639 1011 4690; x_wconf 85' lang='lat' dir='ltr'><strong>adhuc</strong></span> <span class='ocrx_word' id='word_1_418' title='bbox 1042 4636 1224 4704; x_wconf 85' lang='lat' dir='ltr'><strong>operis</strong></span> <span class='ocrx_word' id='word_1_419' title='bbox 1254 4634 1430 4698; x_wconf 83' lang='lat' dir='ltr'><strong>initio,</strong></span> <span class='ocrx_word' id='word_1_420' title='bbox 1459 4633 1648 4687; x_wconf 90' lang='lat' dir='ltr'><strong>divino</strong></span> <span class='ocrx_word' id='word_1_421' title='bbox 1675 4643 1803 4686; x_wconf 90' lang='lat' dir='ltr'><strong>nutu</strong></span> <span class='ocrx_word' id='word_1_422' title='bbox 1841 4642 1956 4685; x_wconf 87' lang='lat' dir='ltr'><strong>tam</strong></span> <span class='ocrx_word' id='word_1_423' title='bbox 1980 4630 2091 4685; x_wconf 89' lang='lat' dir='ltr'><strong>alte</strong></span> <span class='ocrx_word' id='word_1_424' title='bbox 2119 4640 2173 4683; x_wconf 88' lang='lat' dir='ltr'><strong>et</strong></span> 
     </span>
    </p>
   </div>
   <div class='ocr_carea' id='block_1_62' title="bbox 599 4723 2173 4796">
    <p class='ocr_par' dir='ltr' id='par_1_62' title="bbox 599 4723 2173 4796">
     <span class='ocr_line' id='line_1_62' title="bbox 599 4723 2173 4796; baseline -0.005 -14"><span class='ocrx_word' id='word_1_425' title='bbox 599 4729 832 4783; x_wconf 85' lang='lat' dir='ltr'><strong>lideliter</strong></span> <span class='ocrx_word' id='word_1_426' title='bbox 870 4727 1046 4796; x_wconf 88' lang='lat' dir='ltr'><strong>egisse</strong></span> <span class='ocrx_word' id='word_1_427' title='bbox 1080 4724 1291 4779; x_wconf 87' lang='lat' dir='ltr'><strong>radices</strong></span> <span class='ocrx_word' id='word_1_428' title='bbox 1324 4724 1598 4789; x_wconf 87' lang='lat' dir='ltr'><strong>novimus,</strong></span> <span class='ocrx_word' id='word_1_429' title='bbox 1641 4734 1704 4778; x_wconf 88' lang='lat' dir='ltr'><strong>ut</strong></span> <span class='ocrx_word' id='word_1_430' title='bbox 1736 4723 2022 4778; x_wconf 79' lang='lat' dir='ltr'><strong>uniVersus</strong></span> <span class='ocrx_word' id='word_1_431' title='bbox 2068 4731 2173 4774; x_wconf 87' lang='lat' dir='ltr'><strong>ter-</strong></span> 
     </span>
    </p>
   </div>
   <div class='ocr_carea' id='block_1_63' title="bbox 2869 2123 3249 2191">
    <p class='ocr_par' dir='ltr' id='par_1_63' title="bbox 2869 2123 3249 2191">
     <span class='ocr_line' id='line_1_63' title="bbox 2869 2123 3249 2191; baseline -0.003 -13"><span class='ocrx_word' id='word_1_432' title='bbox 2869 2126 3116 2179; x_wconf 72' lang='grc' dir='ltr'><strong>ΚΕΦΑΛ.</strong></span> <span class='ocrx_word' id='word_1_433' title='bbox 3161 2123 3249 2191; x_wconf 71' lang='grc' dir='ltr'><strong>ς’.</strong></span> 
     </span>
    </p>
   </div>
   <div class='ocr_carea' id='block_1_64' title="bbox 2286 2236 3860 2306">
    <p class='ocr_par' dir='ltr' id='par_1_64' title="bbox 2286 2236 3860 2306">
     <span class='ocr_line' id='line_1_64' title="bbox 2286 2236 3860 2306; baseline -0.003 -11"><span class='ocrx_word' id='word_1_434' title='bbox 2286 2243 2477 2296; x_wconf 82' lang='grc' dir='ltr'>Ὅπου</span> <span class='ocrx_word' id='word_1_435' title='bbox 2518 2244 2549 2294; x_wconf 86' lang='grc' dir='ltr'><strong>ό</strong></span> <span class='ocrx_word' id='word_1_436' title='bbox 2587 2240 2889 2305; x_wconf 71' lang='grc' dir='ltr'>,βασιλεὺς</span> <span class='ocrx_word' id='word_1_437' title='bbox 2929 2238 3283 2306; x_wconf 76' lang='grc' dir='ltr'>συνεδρεύει</span> <span class='ocrx_word' id='word_1_438' title='bbox 3321 2236 3447 2303; x_wconf 82' lang='grc' dir='ltr'>τοῖς</span> <span class='ocrx_word' id='word_1_439' title='bbox 3482 2236 3860 2301; x_wconf 76' lang='grc' dir='ltr'>ἐπισκόποις.</span> 
     </span>
    </p>
   </div>
   <div class='ocr_carea' id='block_1_65' title="bbox 2363 2371 3863 2444">
    <p class='ocr_par' dir='ltr' id='par_1_65' title="bbox 2363 2371 3863 2444">
     <span class='ocr_line' id='line_1_65' title="bbox 2363 2371 3863 2444; baseline -0.004 -16"><span class='ocrx_word' id='word_1_440' title='bbox 2363 2374 2714 2437; x_wconf 75' lang='grc' dir='ltr'>Ἐπιτελέσας</span> <span class='ocrx_word' id='word_1_441' title='bbox 2762 2374 2818 2426; x_wconf 82' lang='grc' dir='ltr'>δὲ</span> <span class='ocrx_word' id='word_1_442' title='bbox 2855 2377 2882 2427; x_wconf 92' lang='lat'><strong>6</strong></span> <span class='ocrx_word' id='word_1_443' title='bbox 2922 2373 3176 2444; x_wconf 70' lang='grc' dir='ltr'>βασιλεὺς</span> <span class='ocrx_word' id='word_1_444' title='bbox 3220 2373 3487 2426; x_wconf 83' lang='grc' dir='ltr'>ἐπινίκιον</span> <span class='ocrx_word' id='word_1_445' title='bbox 3536 2371 3679 2424; x_wconf 71' lang='grc' dir='ltr'>κατὰ</span> <span class='ocrx_word' id='word_1_446' title='bbox 3712 2373 3863 2424; x_wconf 88' lang='grc' dir='ltr'>Λικι-</span> 
     </span>
    </p>
   </div>
   <div class='ocr_carea' id='block_1_66' title="bbox 2283 2462 3861 2538">
    <p class='ocr_par' dir='ltr' id='par_1_66' title="bbox 2283 2462 3861 2538">
     <span class='ocr_line' id='line_1_66' title="bbox 2283 2462 3861 2538; baseline -0.004 -18"><span class='ocrx_word' id='word_1_447' title='bbox 2283 2467 2393 2521; x_wconf 85' lang='grc' dir='ltr'>νίου</span> <span class='ocrx_word' id='word_1_448' title='bbox 2438 2468 2654 2538; x_wconf 76' lang='grc' dir='ltr'>ἑορτὴν,</span> <span class='ocrx_word' id='word_1_449' title='bbox 2692 2468 2905 2536; x_wconf 79' lang='grc' dir='ltr'>ἀπήντα</span> <span class='ocrx_word' id='word_1_450' title='bbox 2941 2466 3035 2518; x_wconf 79' lang='grc' dir='ltr'><strong>καὶ</strong></span> <span class='ocrx_word' id='word_1_451' title='bbox 3067 2466 3227 2528; x_wconf 57' lang='grc' dir='ltr'>αὺτὶις</span> <span class='ocrx_word' id='word_1_452' title='bbox 3254 2468 3334 2527; x_wconf 82' lang='grc' dir='ltr'>εἰς</span> <span class='ocrx_word' id='word_1_453' title='bbox 3364 2464 3463 2533; x_wconf 81' lang='grc' dir='ltr'><strong>τὴν</strong></span> <span class='ocrx_word' id='word_1_454' title='bbox 3490 2464 3747 2519; x_wconf 80' lang='grc' dir='ltr'>Νίκαιαν.</span> <span class='ocrx_word' id='word_1_455' title='bbox 3785 2462 3861 2531; x_wconf 78' lang='grc' dir='ltr'><strong>Τῇ</strong></span> 
     </span>
    </p>
   </div>
   <div class='ocr_carea' id='block_1_67' title="bbox 2281 2557 3862 2629">
    <p class='ocr_par' dir='ltr' id='par_1_67' title="bbox 2281 2557 3862 2629">
     <span class='ocr_line' id='line_1_67' title="bbox 2281 2557 3862 2629; baseline -0.005 -16"><span class='ocrx_word' id='word_1_456' title='bbox 2281 2561 2336 2613; x_wconf 80' lang='grc' dir='ltr'><strong>δὲ</strong></span> <span class='ocrx_word' id='word_1_457' title='bbox 2370 2560 2495 2629; x_wconf 74' lang='grc' dir='ltr'><strong>ἑξῆς</strong></span> <span class='ocrx_word' id='word_1_458' title='bbox 2536 2560 2737 2623; x_wconf 85' lang='grc' dir='ltr'>πάντες</span> <span class='ocrx_word' id='word_1_459' title='bbox 2770 2560 2884 2629; x_wconf 77' lang='grc' dir='ltr'><strong>ἅμα</strong></span> <span class='ocrx_word' id='word_1_460' title='bbox 2914 2558 3203 2611; x_wconf 76' lang='grc' dir='ltr'>ἐπίσκοποι</span> <span class='ocrx_word' id='word_1_461' title='bbox 3230 2559 3310 2620; x_wconf 83' lang='grc' dir='ltr'>εἰς</span> <span class='ocrx_word' id='word_1_462' title='bbox 3336 2557 3431 2609; x_wconf 73' lang='grc' dir='ltr'><strong>ἕνα</strong></span> <span class='ocrx_word' id='word_1_463' title='bbox 3461 2560 3625 2610; x_wconf 71' lang='grc' dir='ltr'>τόπον</span> <span class='ocrx_word' id='word_1_464' title='bbox 3658 2557 3862 2625; x_wconf 79' lang='grc' dir='ltr'>συνήρ-</span> 
     </span>
    </p>
   </div>
   <div class='ocr_carea' id='block_1_68' title="bbox 2283 2647 3859 2722">
    <p class='ocr_par' dir='ltr' id='par_1_68' title="bbox 2283 2647 3859 2722">
     <span class='ocr_line' id='line_1_68' title="bbox 2283 2647 3859 2722; baseline -0.001 -19"><span class='ocrx_word' id='word_1_465' title='bbox 2283 2668 2437 2722; x_wconf 83' lang='grc' dir='ltr'>χοντο</span> <span class='ocrx_word' id='word_1_466' title='bbox 2464 2670 2477 2684; x_wconf 88' lang='grc'><strong>·</strong></span> <span class='ocrx_word' id='word_1_467' title='bbox 2517 2651 2716 2721; x_wconf 78' lang='grc' dir='ltr'>παρῄει</span> <span class='ocrx_word' id='word_1_468' title='bbox 2756 2650 2810 2703; x_wconf 80' lang='grc' dir='ltr'>δὲ</span> <span class='ocrx_word' id='word_1_469' title='bbox 2852 2651 2947 2702; x_wconf 75' lang='grc' dir='ltr'><strong>καὶ</strong></span> <span class='ocrx_word' id='word_1_470' title='bbox 2977 2653 3004 2702; x_wconf 90' lang='lat'><strong>6</strong></span> <span class='ocrx_word' id='word_1_471' title='bbox 3038 2649 3292 2719; x_wconf 83' lang='grc' dir='ltr'>βασιλεὺς</span> <span class='ocrx_word' id='word_1_472' title='bbox 3328 2649 3447 2719; x_wconf 81' lang='grc' dir='ltr'>μετ’</span> <span class='ocrx_word' id='word_1_473' title='bbox 3494 2647 3694 2710; x_wconf 78' lang='grc' dir='ltr'>αὐτούς</span> <span class='ocrx_word' id='word_1_474' title='bbox 3720 2664 3735 2679; x_wconf 82' lang='grc'>⁶</span> <span class='ocrx_word' id='word_1_475' title='bbox 3770 2647 3859 2701; x_wconf 68' lang='grc' dir='ltr'>καὶ</span> 
     </span>
    </p>
   </div>
   <div class='ocr_carea' id='block_1_69' title="bbox 2282 2739 3861 2812">
    <p class='ocr_par' dir='ltr' id='par_1_69' title="bbox 2282 2739 3861 2812">
     <span class='ocr_line' id='line_1_69' title="bbox 2282 2739 3861 2812; baseline -0.004 -17"><span class='ocrx_word' id='word_1_476' title='bbox 2282 2742 2405 2794; x_wconf 74' lang='grc' dir='ltr'>ἐπεὶ</span> <span class='ocrx_word' id='word_1_477' title='bbox 2439 2741 2751 2812; x_wconf 77' lang='grc' dir='ltr'>παρῆλθεν,</span> <span class='ocrx_word' id='word_1_478' title='bbox 2799 2742 2879 2803; x_wconf 86' lang='grc' dir='ltr'>εἰς</span> <span class='ocrx_word' id='word_1_479' title='bbox 2927 2740 3091 2811; x_wconf 80' lang='grc' dir='ltr'>μέσον</span> <span class='ocrx_word' id='word_1_480' title='bbox 3142 2739 3292 2809; x_wconf 76' lang='grc' dir='ltr'>ἔστη,</span> <span class='ocrx_word' id='word_1_481' title='bbox 3340 2739 3436 2790; x_wconf 71' lang='grc' dir='ltr'><strong>καὶ</strong></span> <span class='ocrx_word' id='word_1_482' title='bbox 3480 2739 3541 2791; x_wconf 83' lang='grc' dir='ltr'>οὐ</span> <span class='ocrx_word' id='word_1_483' title='bbox 3592 2739 3861 2809; x_wconf 70' lang='grc' dir='ltr'>πρότερον</span> 
     </span>
    </p>
   </div>
   <div class='ocr_carea' id='block_1_70' title="bbox 2283 2831 3859 2906">
    <p class='ocr_par' dir='ltr' id='par_1_70' title="bbox 2283 2831 3859 2906">
     <span class='ocr_line' id='line_1_70' title="bbox 2283 2831 3859 2906; baseline -0.005 -16"><span class='ocrx_word' id='word_1_484' title='bbox 2283 2835 2525 2901; x_wconf 77' lang='grc' dir='ltr'>καθίζειν</span> <span class='ocrx_word' id='word_1_485' title='bbox 2560 2837 2763 2906; x_wconf 76' lang='grc' dir='ltr'>ᾑρεῖτο,</span> <span class='ocrx_word' id='word_1_486' title='bbox 2792 2836 2919 2902; x_wconf 74' lang='grc' dir='ltr'>πρὶν</span> <span class='ocrx_word' id='word_1_487' title='bbox 2960 2833 3025 2886; x_wconf 81' lang='grc' dir='ltr'><strong>ἂν</strong></span> <span class='ocrx_word' id='word_1_488' title='bbox 3057 2832 3108 2885; x_wconf 88' lang='grc' dir='ltr'><strong>οἱ</strong></span> <span class='ocrx_word' id='word_1_489' title='bbox 3147 2832 3435 2885; x_wconf 79' lang='grc' dir='ltr'>ἐπίσκοποι</span> <span class='ocrx_word' id='word_1_490' title='bbox 3472 2831 3821 2885; x_wconf 82' lang='grc' dir='ltr'>ὲπινεύσειαν</span> <span class='ocrx_word' id='word_1_491' title='bbox 3843 2846 3859 2862; x_wconf 74' lang='grc' dir='ltr'><strong>ο</strong></span> 
     </span>
    </p>
   </div>
   <div class='ocr_carea' id='block_1_71' title="bbox 2280 2920 3862 2996">
    <p class='ocr_par' dir='ltr' id='par_1_71' title="bbox 2280 2920 3862 2996">
     <span class='ocr_line' id='line_1_71' title="bbox 2280 2920 3862 2996; baseline -0.002 -18"><span class='ocrx_word' id='word_1_492' title='bbox 2280 2925 2515 2996; x_wconf 83' lang='grc' dir='ltr'>τοσαύτη</span> <span class='ocrx_word' id='word_1_493' title='bbox 2561 2943 2643 2987; x_wconf 77' lang='grc' dir='ltr'><strong>τις</strong></span> <span class='ocrx_word' id='word_1_494' title='bbox 2690 2924 2947 2977; x_wconf 75' lang='grc' dir='ltr'>εὐλάϐεια</span> <span class='ocrx_word' id='word_1_495' title='bbox 2996 2923 3089 2975; x_wconf 69' lang='grc' dir='ltr'>καὶ</span> <span class='ocrx_word' id='word_1_496' title='bbox 3135 2920 3301 2983; x_wconf 84' lang='grc' dir='ltr'>αἰδὼς</span> <span class='ocrx_word' id='word_1_497' title='bbox 3351 2920 3461 2973; x_wconf 89' lang='grc' dir='ltr'><strong>τῶν</strong></span> <span class='ocrx_word' id='word_1_498' title='bbox 3510 2920 3718 2990; x_wconf 86' lang='grc' dir='ltr'>ἀνδρῶν</span> <span class='ocrx_word' id='word_1_499' title='bbox 3773 2923 3862 2974; x_wconf 78' lang='grc' dir='ltr'><strong>τὸν</strong></span> 
     </span>
    </p>
   </div>
   <div class='ocr_carea' id='block_1_72' title="bbox 2282 3013 3860 3088">
    <p class='ocr_par' dir='ltr' id='par_1_72' title="bbox 2282 3013 3860 3088">
     <span class='ocr_line' id='line_1_72' title="bbox 2282 3013 3860 3088; baseline -0.004 -17"><span class='ocrx_word' id='word_1_500' title='bbox 2282 3018 2505 3088; x_wconf 82' lang='grc' dir='ltr'>βασιλέα</span> <span class='ocrx_word' id='word_1_501' title='bbox 2537 3021 2777 3088; x_wconf 85' lang='grc' dir='ltr'>κατεῖχε.</span> <span class='ocrx_word' id='word_1_502' title='bbox 2820 3016 2961 3086; x_wconf 81' lang='grc' dir='ltr'>Πρὸς</span> <span class='ocrx_word' id='word_1_503' title='bbox 2988 3014 3081 3079; x_wconf 83' lang='grc' dir='ltr'><strong>οὒς</strong></span> <span class='ocrx_word' id='word_1_504' title='bbox 3110 3016 3138 3067; x_wconf 91' lang='lat'><strong>6</strong></span> <span class='ocrx_word' id='word_1_505' title='bbox 3170 3014 3421 3084; x_wconf 77' lang='grc' dir='ltr'>βασιλεὺς</span> <span class='ocrx_word' id='word_1_506' title='bbox 3442 3015 3470 3066; x_wconf 93' lang='lat'><strong>6</strong></span> <span class='ocrx_word' id='word_1_507' title='bbox 3500 3013 3860 3085; x_wconf 72' lang='grc' dir='ltr'>πανεύιρημος</span> 
     </span>
    </p>
   </div>
   <div class='ocr_carea' id='block_1_73' title="bbox 2282 3106 3858 3183">
    <p class='ocr_par' dir='ltr' id='par_1_73' title="bbox 2282 3106 3858 3183">
     <span class='ocr_line' id='line_1_73' title="bbox 2282 3106 3858 3183; baseline -0.005 -19"><span class='ocrx_word' id='word_1_508' title='bbox 2282 3110 2668 3183; x_wconf 83' lang='grc' dir='ltr'>παραινετικδν</span> <span class='ocrx_word' id='word_1_509' title='bbox 2707 3111 2803 3163; x_wconf 67' lang='grc' dir='ltr'>καὶ</span> <span class='ocrx_word' id='word_1_510' title='bbox 2835 3108 3212 3162; x_wconf 84' lang='grc' dir='ltr'>διδασκαλικὸν</span> <span class='ocrx_word' id='word_1_511' title='bbox 3262 3107 3629 3177; x_wconf 76' lang='grc' dir='ltr'>προσενήνοχε</span> <span class='ocrx_word' id='word_1_512' title='bbox 3673 3106 3858 3174; x_wconf 85' lang='grc' dir='ltr'>λόγον,</span> 
     </span>
    </p>
   </div>
   <div class='ocr_carea' id='block_1_74' title="bbox 2280 3201 3859 3276">
    <p class='ocr_par' dir='ltr' id='par_1_74' title="bbox 2280 3201 3859 3276">
     <span class='ocr_line' id='line_1_74' title="bbox 2280 3201 3859 3276; baseline -0.003 -17"><span class='ocrx_word' id='word_1_513' title='bbox 2280 3207 2360 3270; x_wconf 85' lang='grc' dir='ltr'><strong>είς</strong></span> <span class='ocrx_word' id='word_1_514' title='bbox 2394 3205 2627 3276; x_wconf 81' lang='grc' dir='ltr'>ὖμνησιν</span> <span class='ocrx_word' id='word_1_515' title='bbox 2657 3206 2751 3258; x_wconf 74' lang='grc' dir='ltr'>καὶ</span> <span class='ocrx_word' id='word_1_516' title='bbox 2782 3203 3089 3272; x_wconf 80' lang='grc' dir='ltr'>δοξολογίαν</span> <span class='ocrx_word' id='word_1_517' title='bbox 3124 3204 3216 3256; x_wconf 76' lang='grc' dir='ltr'>καὶ</span> <span class='ocrx_word' id='word_1_518' title='bbox 3250 3203 3603 3273; x_wconf 75' lang='grc' dir='ltr'>εὐχαριστίαν</span> <span class='ocrx_word' id='word_1_519' title='bbox 3632 3201 3728 3254; x_wconf 89' lang='grc' dir='ltr'><strong>τοῦ</strong></span> <span class='ocrx_word' id='word_1_520' title='bbox 3749 3201 3859 3255; x_wconf 88' lang='grc' dir='ltr'><strong>τῶν</strong></span> 
     </span>
    </p>
   </div>
   <div class='ocr_carea' id='block_1_75' title="bbox 2282 3290 3858 3365">
    <p class='ocr_par' dir='ltr' id='par_1_75' title="bbox 2282 3290 3858 3365">
     <span class='ocr_line' id='line_1_75' title="bbox 2282 3290 3858 3365; baseline -0.001 -14"><span class='ocrx_word' id='word_1_521' title='bbox 2282 3298 2500 3351; x_wconf 77' lang='grc' dir='ltr'>πάντων</span> <span class='ocrx_word' id='word_1_522' title='bbox 2522 3296 2678 3363; x_wconf 84' lang='grc' dir='ltr'>Θεοῦ,</span> <span class='ocrx_word' id='word_1_523' title='bbox 2728 3294 2822 3350; x_wconf 88' lang='grc' dir='ltr'><strong>τοῦ</strong></span> <span class='ocrx_word' id='word_1_524' title='bbox 2851 3293 3091 3351; x_wconf 81' lang='grc' dir='ltr'>τοσαῦτα</span> <span class='ocrx_word' id='word_1_525' title='bbox 3121 3294 3270 3365; x_wconf 81' lang='grc' dir='ltr'>αὐτῷ</span> <span class='ocrx_word' id='word_1_526' title='bbox 3300 3295 3696 3365; x_wconf 81' lang='grc' dir='ltr'>χαρισαμένου,</span> <span class='ocrx_word' id='word_1_527' title='bbox 3753 3290 3858 3350; x_wconf 76' lang='grc' dir='ltr'><strong>ὦδέ</strong></span> 
     </span>
    </p>
   </div>
   <div class='ocr_carea' id='block_1_76' title="bbox 2281 3389 2646 3459">
    <p class='ocr_par' dir='ltr' id='par_1_76' title="bbox 2281 3389 2646 3459">
     <span class='ocr_line' id='line_1_76' title="bbox 2281 3389 2646 3459; baseline -0.003 -16"><span class='ocrx_word' id='word_1_528' title='bbox 2281 3407 2398 3454; x_wconf 88' lang='grc' dir='ltr'><strong>πως</strong></span> <span class='ocrx_word' id='word_1_529' title='bbox 2426 3389 2601 3459; x_wconf 82' lang='grc' dir='ltr'>λέγων</span> <span class='ocrx_word' id='word_1_530' title='bbox 2632 3405 2646 3420; x_wconf 79' lang='lat'>&#39;</span> 
     </span>
    </p>
   </div>
   <div class='ocr_carea' id='block_1_77' title="bbox 2880 3501 3247 3555">
    <p class='ocr_par' dir='ltr' id='par_1_77' title="bbox 2880 3501 3247 3555">
     <span class='ocr_line' id='line_1_77' title="bbox 2880 3501 3247 3555; baseline 0.003 -1"><span class='ocrx_word' id='word_1_531' title='bbox 2880 3502 2923 3554; x_wconf 84' lang='lat' dir='ltr'><strong>K</strong></span> <span class='ocrx_word' id='word_1_532' title='bbox 2936 3502 3133 3555; x_wconf 79' lang='grc' dir='ltr'><strong>ΕΦᾹΛ.</strong></span> <span class='ocrx_word' id='word_1_533' title='bbox 3175 3501 3247 3555; x_wconf 87' lang='grc' dir='ltr'><strong>Ζ’.</strong></span> 
     </span>
    </p>
   </div>
   <div class='ocr_carea' id='block_1_78' title="bbox 2279 3612 3858 3684">
    <p class='ocr_par' dir='ltr' id='par_1_78' title="bbox 2279 3612 3858 3684">
     <span class='ocr_line' id='line_1_78' title="bbox 2279 3612 3858 3684; baseline -0.001 -14"><span class='ocrx_word' id='word_1_534' title='bbox 2279 3616 2469 3684; x_wconf 75' lang='grc' dir='ltr'>Λόγος</span> <span class='ocrx_word' id='word_1_535' title='bbox 2510 3613 2967 3669; x_wconf 71' lang='grc' dir='ltr'>Κωνσταντίνοι·</span> <span class='ocrx_word' id='word_1_536' title='bbox 3010 3612 3310 3684; x_wconf 70' lang='grc' dir='ltr'>σεϐαστοῦ</span> <span class='ocrx_word' id='word_1_537' title='bbox 3359 3616 3858 3684; x_wconf 45' lang='lat' dir='ltr'><strong>amove-mrum:</strong></span> 
     </span>
    </p>
   </div>
   <div class='ocr_carea' id='block_1_79' title="bbox 2658 3682 3458 3752">
    <p class='ocr_par' dir='ltr' id='par_1_79' title="bbox 2658 3682 3458 3752">
     <span class='ocr_line' id='line_1_79' title="bbox 2658 3682 3458 3752; baseline 0.001 -17"><span class='ocrx_word' id='word_1_538' title='bbox 2658 3686 2807 3752; x_wconf 76' lang='grc' dir='ltr'>πρὸς</span> <span class='ocrx_word' id='word_1_539' title='bbox 2836 3684 2949 3748; x_wconf 74' lang='grc' dir='ltr'><strong>τὴν</strong></span> <span class='ocrx_word' id='word_1_540' title='bbox 2987 3686 3164 3750; x_wconf 75' lang='grc' dir='ltr'>ἁγίαν</span> <span class='ocrx_word' id='word_1_541' title='bbox 3189 3682 3458 3736; x_wconf 74' lang='grc' dir='ltr'>σύνοδον</span> 
     </span>
    </p>
   </div>
   <div class='ocr_carea' id='block_1_80' title="bbox 2350 3815 3858 3889">
    <p class='ocr_par' dir='ltr' id='par_1_80' title="bbox 2350 3815 3858 3889">
     <span class='ocr_line' id='line_1_80' title="bbox 2350 3815 3858 3889; baseline -0.001 -16"><span class='ocrx_word' id='word_1_542' title='bbox 2350 3820 2556 3882; x_wconf 80' lang='grc' dir='ltr'>Πολλὰς</span> <span class='ocrx_word' id='word_1_543' title='bbox 2586 3820 2684 3889; x_wconf 85' lang='grc' dir='ltr'>μὲν</span> <span class='ocrx_word' id='word_1_544' title='bbox 2708 3818 2845 3889; x_wconf 83' lang='grc' dir='ltr'>πρὸς</span> <span class='ocrx_word' id='word_1_545' title='bbox 2870 3816 3118 3870; x_wconf 78' lang='grc' dir='ltr'>εὐποιίαν</span> <span class='ocrx_word' id='word_1_546' title='bbox 3140 3815 3217 3885; x_wconf 82' lang='grc' dir='ltr'>τῷ</span> <span class='ocrx_word' id='word_1_547' title='bbox 3240 3816 3349 3868; x_wconf 88' lang='grc' dir='ltr'><strong>τῶν</strong></span> <span class='ocrx_word' id='word_1_548' title='bbox 3373 3816 3678 3887; x_wconf 73' lang='grc' dir='ltr'>ἀνθρώπων</span> <span class='ocrx_word' id='word_1_549' title='bbox 3707 3818 3858 3887; x_wconf 81' lang='grc' dir='ltr'>γένει</span> 
     </span>
    </p>
   </div>
   <div class='ocr_carea' id='block_1_81' title="bbox 2279 3908 3856 3979">
    <p class='ocr_par' dir='ltr' id='par_1_81' title="bbox 2279 3908 3856 3979">
     <span class='ocr_line' id='line_1_81' title="bbox 2279 3908 3856 3979; baseline -0.002 -15"><span class='ocrx_word' id='word_1_550' title='bbox 2279 3912 2717 3978; x_wconf 77' lang='grc' dir='ltr'>ἐπιφανεστάτας</span> <span class='ocrx_word' id='word_1_551' title='bbox 2739 3910 2890 3973; x_wconf 80' lang='grc' dir='ltr'>ὁδοὺς</span> <span class='ocrx_word' id='word_1_552' title='bbox 2922 3911 2955 3979; x_wconf 83' lang='grc' dir='ltr'><strong>ἡ</strong></span> <span class='ocrx_word' id='word_1_553' title='bbox 2984 3908 3078 3961; x_wconf 92' lang='grc' dir='ltr'><strong>τοῦ</strong></span> <span class='ocrx_word' id='word_1_554' title='bbox 3114 3908 3525 3977; x_wconf 81' lang='grc' dir='ltr'>παντοδυνάμου</span> <span class='ocrx_word' id='word_1_555' title='bbox 3556 3910 3690 3961; x_wconf 81' lang='grc' dir='ltr'>Θεοῦ</span> <span class='ocrx_word' id='word_1_556' title='bbox 3733 3909 3856 3979; x_wconf 85' lang='grc' dir='ltr'>τρό-</span> 
     </span>
    </p>
   </div>
   <div class='ocr_carea' id='block_1_82' title="bbox 2280 3998 3857 4073">
    <p class='ocr_par' dir='ltr' id='par_1_82' title="bbox 2280 3998 3857 4073">
     <span class='ocr_line' id='line_1_82' title="bbox 2280 3998 3857 4073; baseline -0.001 -18"><span class='ocrx_word' id='word_1_557' title='bbox 2280 4020 2445 4073; x_wconf 84' lang='grc' dir='ltr'>φιμος</span> <span class='ocrx_word' id='word_1_558' title='bbox 2474 4000 2784 4072; x_wconf 83' lang='grc' dir='ltr'>δικαιοσύνη</span> <span class='ocrx_word' id='word_1_559' title='bbox 2827 4001 3201 4073; x_wconf 79' lang='grc' dir='ltr'>ὑπέστρωσεν,</span> <span class='ocrx_word' id='word_1_560' title='bbox 3251 3998 3350 4067; x_wconf 84' lang='grc' dir='ltr'><strong>οὐχ</strong></span> <span class='ocrx_word' id='word_1_561' title='bbox 3380 3999 3581 4067; x_wconf 72' lang='grc' dir='ltr'>ἣκιστα</span> <span class='ocrx_word' id='word_1_562' title='bbox 3610 3998 3668 4052; x_wconf 86' lang='grc' dir='ltr'>δὲ</span> <span class='ocrx_word' id='word_1_563' title='bbox 3711 4001 3857 4053; x_wconf 81' lang='grc' dir='ltr'>ὲκεί-</span> 
     </span>
    </p>
   </div>
   <div class='ocr_carea' id='block_1_83' title="bbox 2280 4091 3857 4164">
    <p class='ocr_par' dir='ltr' id='par_1_83' title="bbox 2280 4091 3857 4164">
     <span class='ocr_line' id='line_1_83' title="bbox 2280 4091 3857 4164; baseline 0 -19"><span class='ocrx_word' id='word_1_564' title='bbox 2280 4112 2376 4164; x_wconf 87' lang='grc' dir='ltr'><strong>νην</strong></span> <span class='ocrx_word' id='word_1_565' title='bbox 2410 4093 2816 4163; x_wconf 74' lang='grc' dir='ltr'>ἐπισημοτέραν</span> <span class='ocrx_word' id='word_1_566' title='bbox 2847 4093 2943 4146; x_wconf 80' lang='grc' dir='ltr'>καὶ</span> <span class='ocrx_word' id='word_1_567' title='bbox 2974 4091 3207 4161; x_wconf 81' lang='grc' dir='ltr'>μάλιστα</span> <span class='ocrx_word' id='word_1_568' title='bbox 3239 4091 3677 4159; x_wconf 80' lang='grc' dir='ltr'>ἀστράπτουσαν,</span> <span class='ocrx_word' id='word_1_569' title='bbox 3707 4094 3775 4164; x_wconf 84' lang='grc' dir='ltr'>ῆν</span> <span class='ocrx_word' id='word_1_570' title='bbox 3798 4095 3857 4145; x_wconf 82' lang='grc' dir='ltr'>ἐν</span> 
     </span>
    </p>
   </div>
   <div class='ocr_carea' id='block_1_84' title="bbox 2278 4178 3854 4254">
    <p class='ocr_par' dir='ltr' id='par_1_84' title="bbox 2278 4178 3854 4254">
     <span class='ocr_line' id='line_1_84' title="bbox 2278 4178 3854 4254; baseline -0.003 -18"><span class='ocrx_word' id='word_1_571' title='bbox 2278 4184 2356 4254; x_wconf 82' lang='grc' dir='ltr'>τῷ</span> <span class='ocrx_word' id='word_1_572' title='bbox 2401 4183 2680 4253; x_wconf 82' lang='grc' dir='ltr'>κεφαλαίῳ</span> <span class='ocrx_word' id='word_1_573' title='bbox 2726 4181 2817 4235; x_wconf 85' lang='grc' dir='ltr'><strong>τοῦ</strong></span> <span class='ocrx_word' id='word_1_574' title='bbox 2858 4181 3171 4249; x_wconf 84' lang='grc' dir='ltr'>ἁγιωτάτου-</span> <span class='ocrx_word' id='word_1_575' title='bbox 3205 4179 3372 4248; x_wconf 88' lang='grc' dir='ltr'>νόμου</span> <span class='ocrx_word' id='word_1_576' title='bbox 3415 4178 3516 4246; x_wconf 83' lang='grc' dir='ltr'><strong>τῆς</strong></span> <span class='ocrx_word' id='word_1_577' title='bbox 3560 4180 3854 4249; x_wconf 78' lang='grc' dir='ltr'>καθολικῆς</span> 
     </span>
    </p>
   </div>
   <div class='ocr_carea' id='block_1_85' title="bbox 2292 4267 3846 4342">
    <p class='ocr_par' dir='ltr' id='par_1_85' title="bbox 2292 4267 3846 4342">
     <span class='ocr_line' id='line_1_85' title="bbox 2292 4267 3846 4342; baseline -0.003 -17"><span class='ocrx_word' id='word_1_578' title='bbox 2292 4272 2618 4342; x_wconf 85' lang='grc' dir='ltr'>Ἐκκλησίας</span> <span class='ocrx_word' id='word_1_579' title='bbox 2662 4272 2837 4324; x_wconf 81' lang='grc' dir='ltr'>πᾶσιν.</span> <span class='ocrx_word' id='word_1_580' title='bbox 2871 4271 3027 4339; x_wconf 76' lang='grc' dir='ltr'>ἡμῖν,</span> <span class='ocrx_word' id='word_1_581' title='bbox 3068 4268 3268 4331; x_wconf 78' lang='grc' dir='ltr'>παντὸς</span> <span class='ocrx_word' id='word_1_582' title='bbox 3316 4267 3591 4336; x_wconf 81' lang='grc' dir='ltr'>θαύματος</span> <span class='ocrx_word' id='word_1_583' title='bbox 3646 4272 3846 4339; x_wconf 67' lang='grc' dir='ltr'>μέζον,</span> 
     </span>
    </p>
   </div>
   <div class='ocr_carea' id='block_1_86' title="bbox 2279 4359 3852 4433">
    <p class='ocr_par' dir='ltr' id='par_1_86' title="bbox 2279 4359 3852 4433">
     <span class='ocr_line' id='line_1_86' title="bbox 2279 4359 3852 4433; baseline -0.001 -19"><span class='ocrx_word' id='word_1_584' title='bbox 2279 4361 2522 4433; x_wconf 72' lang='grc' dir='ltr'>ἤθροισε,</span> <span class='ocrx_word' id='word_1_585' title='bbox 2558 4362 2654 4431; x_wconf 83' lang='grc' dir='ltr'>τῆς</span> <span class='ocrx_word' id='word_1_586' title='bbox 2678 4361 2914 4424; x_wconf 88' lang='grc' dir='ltr'>πίστεως</span> <span class='ocrx_word' id='word_1_587' title='bbox 2944 4359 3206 4430; x_wconf 77' lang='grc' dir='ltr'>κυριακὸν</span> <span class='ocrx_word' id='word_1_588' title='bbox 3235 4360 3572 4430; x_wconf 80' lang='grc' dir='ltr'>οἰκητήριον.</span> <span class='ocrx_word' id='word_1_589' title='bbox 3601 4360 3771 4413; x_wconf 86' lang='grc' dir='ltr'>Τοῦτο</span> <span class='ocrx_word' id='word_1_590' title='bbox 3796 4361 3852 4413; x_wconf 66' lang='grc' dir='ltr'>δὲ</span> 
     </span>
    </p>
   </div>
   <div class='ocr_carea' id='block_1_87' title="bbox 2279 4451 3852 4526">
    <p class='ocr_par' dir='ltr' id='par_1_87' title="bbox 2279 4451 3852 4526">
     <span class='ocr_line' id='line_1_87' title="bbox 2279 4451 3852 4526; baseline -0.003 -17"><span class='ocrx_word' id='word_1_591' title='bbox 2279 4459 2377 4526; x_wconf 76' lang='grc' dir='ltr'><strong>τὴν</strong></span> <span class='ocrx_word' id='word_1_592' title='bbox 2394 4456 2493 4525; x_wconf 80' lang='grc' dir='ltr'>μὲν</span> <span class='ocrx_word' id='word_1_593' title='bbox 2521 4454 2766 4526; x_wconf 83' lang='grc' dir='ltr'>κορυφὴν</span> <span class='ocrx_word' id='word_1_594' title='bbox 2786 4453 2949 4524; x_wconf 85' lang='grc' dir='ltr'>μέχρι</span> <span class='ocrx_word' id='word_1_595' title='bbox 2975 4451 3071 4505; x_wconf 87' lang='grc' dir='ltr'><strong>τοῦ</strong></span> <span class='ocrx_word' id='word_1_596' title='bbox 3097 4452 3333 4521; x_wconf 81' lang='grc' dir='ltr'>φέγγους</span> <span class='ocrx_word' id='word_1_597' title='bbox 3361 4453 3468 4506; x_wconf 89' lang='grc' dir='ltr'><strong>τῶν</strong></span> <span class='ocrx_word' id='word_1_598' title='bbox 3490 4453 3702 4523; x_wconf 83' lang='grc' dir='ltr'>ἄστρων</span> <span class='ocrx_word' id='word_1_599' title='bbox 3729 4453 3852 4523; x_wconf 69' lang='grc' dir='ltr'>ἐλη-</span> 
     </span>
    </p>
   </div>
   <div class='ocr_carea' id='block_1_88' title="bbox 2276 4545 3859 4617">
    <p class='ocr_par' dir='ltr' id='par_1_88' title="bbox 2276 4545 3859 4617">
     <span class='ocr_line' id='line_1_88' title="bbox 2276 4545 3859 4617; baseline -0.003 -17"><span class='ocrx_word' id='word_1_600' title='bbox 2276 4547 2495 4600; x_wconf 86' lang='grc' dir='ltr'>λυθέναι</span> <span class='ocrx_word' id='word_1_601' title='bbox 2529 4546 2745 4617; x_wconf 85' lang='grc' dir='ltr'>ὁρῶμεν</span> <span class='ocrx_word' id='word_1_602' title='bbox 2768 4562 2782 4577; x_wconf 79' lang='grc' dir='ltr'><strong>ο</strong></span> <span class='ocrx_word' id='word_1_603' title='bbox 2824 4547 2948 4609; x_wconf 85' lang='grc' dir='ltr'>τοὺς</span> <span class='ocrx_word' id='word_1_604' title='bbox 2989 4545 3045 4599; x_wconf 82' lang='grc' dir='ltr'>δὲ</span> <span class='ocrx_word' id='word_1_605' title='bbox 3076 4546 3378 4617; x_wconf 73' lang='grc' dir='ltr'>θεμελίους,</span> <span class='ocrx_word' id='word_1_606' title='bbox 3436 4546 3516 4598; x_wconf 76' lang='grc' dir='ltr'>ἔτι</span> <span class='ocrx_word' id='word_1_607' title='bbox 3546 4548 3859 4617; x_wconf 54' lang='grc' dir='ltr'><strong>ἀρχομένου¹</strong></span> 
     </span>
    </p>
   </div>
   <div class='ocr_carea' id='block_1_89' title="bbox 2276 4637 3850 4710">
    <p class='ocr_par' dir='ltr' id='par_1_89' title="bbox 2276 4637 3850 4710">
     <span class='ocr_line' id='line_1_89' title="bbox 2276 4637 3850 4710; baseline -0.001 -18"><span class='ocrx_word' id='word_1_608' title='bbox 2276 4640 2372 4692; x_wconf 88' lang='grc' dir='ltr'><strong>τοῦ</strong></span> <span class='ocrx_word' id='word_1_609' title='bbox 2401 4639 2585 4710; x_wconf 74' lang='grc' dir='ltr'>ἔργου,</span> <span class='ocrx_word' id='word_1_610' title='bbox 2615 4638 2789 4701; x_wconf 79' lang='grc' dir='ltr'>οὓτως</span> <span class='ocrx_word' id='word_1_611' title='bbox 2842 4637 3072 4707; x_wconf 81' lang='grc' dir='ltr'>βαθέως,</span> <span class='ocrx_word' id='word_1_612' title='bbox 3116 4638 3218 4691; x_wconf 78' lang='grc' dir='ltr'>καὶ</span> <span class='ocrx_word' id='word_1_613' title='bbox 3262 4639 3472 4703; x_wconf 85' lang='grc' dir='ltr'>πιστῶς</span> <span class='ocrx_word' id='word_1_614' title='bbox 3526 4640 3850 4710; x_wconf 65' lang='grc' dir='ltr'>ἐρριζῶσθαι</span> 
     </span>
    </p>
   </div>
   <div class='ocr_carea' id='block_1_90' title="bbox 2280 4728 3852 4802">
    <p class='ocr_par' dir='ltr' id='par_1_90' title="bbox 2280 4728 3852 4802">
     <span class='ocr_line' id='line_1_90' title="bbox 2280 4728 3852 4802; baseline -0.003 -19"><span class='ocrx_word' id='word_1_615' title='bbox 2280 4730 2409 4802; x_wconf 82' lang='grc' dir='ltr'>θείῳ</span> <span class='ocrx_word' id='word_1_616' title='bbox 2437 4730 2665 4799; x_wconf 88' lang='grc' dir='ltr'>νεύματι</span> <span class='ocrx_word' id='word_1_617' title='bbox 2696 4728 3058 4799; x_wconf 80' lang='grc' dir='ltr'>γινώσκομεν,</span> <span class='ocrx_word' id='word_1_618' title='bbox 3087 4730 3163 4793; x_wconf 84' lang='grc' dir='ltr'>ὡς</span> <span class='ocrx_word' id='word_1_619' title='bbox 3188 4731 3369 4783; x_wconf 82' lang='grc' dir='ltr'>πᾶσαν</span> <span class='ocrx_word' id='word_1_620' title='bbox 3400 4730 3496 4800; x_wconf 83' lang='grc' dir='ltr'>τὴν</span> <span class='ocrx_word' id='word_1_621' title='bbox 3529 4731 3852 4800; x_wconf 80' lang='grc' dir='ltr'>οἰκουμένην</span> 
     </span>
    </p>
   </div>
   <div class='ocr_carea' id='block_1_91' title="bbox 596 4813 2174 4913">
    <p class='ocr_par' dir='ltr' id='par_1_91' title="bbox 596 4813 2172 4890">
     <span class='ocr_line' id='line_1_91' title="bbox 596 4813 2172 4890; baseline -0.006 -16"><span class='ocrx_word' id='word_1_622' title='bbox 596 4834 779 4875; x_wconf 83' lang='lat' dir='ltr'><strong>rarum</strong></span> <span class='ocrx_word' id='word_1_623' title='bbox 842 4819 990 4872; x_wconf 84' lang='lat' dir='ltr'><strong>orbis</strong></span> <span class='ocrx_word' id='word_1_624' title='bbox 1048 4817 1099 4871; x_wconf 90' lang='lat' dir='ltr'><strong>id</strong></span> <span class='ocrx_word' id='word_1_625' title='bbox 1173 4832 1335 4870; x_wconf 81' lang='lat' dir='ltr'><strong>sensu</strong></span> <span class='ocrx_word' id='word_1_626' title='bbox 1402 4817 1682 4890; x_wconf 80' lang='lat' dir='ltr'><strong>percipere</strong></span> <span class='ocrx_word' id='word_1_627' title='bbox 1741 4813 2172 4885; x_wconf 29' lang='lat' dir='ltr'><strong>potueritaAd—</strong></span> 
     </span>
    </p>
   </div>
   <div class='ocr_carea' id='block_1_92' title="bbox 2279 4813 3853 4913">
    <p class='ocr_par' dir='ltr' id='par_1_92' title="bbox 2279 4822 3853 4894">
     <span class='ocr_line' id='line_1_92' title="bbox 2279 4822 3853 4894; baseline -0.002 -16"><span class='ocrx_word' id='word_1_628' title='bbox 2279 4824 2532 4894; x_wconf 73' lang='grc' dir='ltr'>αἴσθησιν</span> <span class='ocrx_word' id='word_1_629' title='bbox 2577 4824 2766 4877; x_wconf 85' lang='grc' dir='ltr'>τούτου</span> <span class='ocrx_word' id='word_1_630' title='bbox 2812 4823 3016 4875; x_wconf 70' lang='grc' dir='ltr'>λαϐεῖν.</span> <span class='ocrx_word' id='word_1_631' title='bbox 3070 4822 3203 4875; x_wconf 76' lang='grc' dir='ltr'><strong>Ἀπὸ</strong></span> <span class='ocrx_word' id='word_1_632' title='bbox 3246 4825 3345 4892; x_wconf 80' lang='grc' dir='ltr'>τῆς</span> <span class='ocrx_word' id='word_1_633' title='bbox 3388 4826 3632 4893; x_wconf 74' lang='grc' dir='ltr'>κορυφῆς</span> <span class='ocrx_word' id='word_1_634' title='bbox 3677 4824 3853 4875; x_wconf 85' lang='grc' dir='ltr'>τοίνυν</span> 
     </span>
    </p>
   </div>
   <div class='ocr_carea' id='block_1_93' title="bbox 595 4908 2169 4981">
    <p class='ocr_par' dir='ltr' id='par_1_93' title="bbox 595 4908 2169 4981">
     <span class='ocr_line' id='line_1_93' title="bbox 595 4908 2169 4981; baseline -0.004 -16"><span class='ocrx_word' id='word_1_635' title='bbox 595 4914 800 4969; x_wconf 83' lang='lat' dir='ltr'><strong>vertice</strong></span> <span class='ocrx_word' id='word_1_636' title='bbox 855 4912 1017 4981; x_wconf 86' lang='lat' dir='ltr'><strong>igitur</strong></span> <span class='ocrx_word' id='word_1_637' title='bbox 1064 4911 1321 4980; x_wconf 68' lang='lat' dir='ltr'><strong>praedicto</strong></span> <span class='ocrx_word' id='word_1_638' title='bbox 1381 4910 1469 4976; x_wconf 81' lang='lat' dir='ltr'><strong>qui</strong></span> <span class='ocrx_word' id='word_1_639' title='bbox 1522 4908 1745 4977; x_wconf 83' lang='lat' dir='ltr'><strong>reliquis</strong></span> <span class='ocrx_word' id='word_1_640' title='bbox 1788 4909 2040 4961; x_wconf 88' lang='lat' dir='ltr'><strong>omnibus</strong></span> <span class='ocrx_word' id='word_1_641' title='bbox 2074 4921 2169 4961; x_wconf 88' lang='lat' dir='ltr'><strong>su-</strong></span> 
     </span>
    </p>
   </div>
   <div class='ocr_carea' id='block_1_94' title="bbox 602 5000 2172 5073">
    <p class='ocr_par' dir='ltr' id='par_1_94' title="bbox 602 5000 2172 5073">
     <span class='ocr_line' id='line_1_94' title="bbox 602 5000 2172 5073; baseline -0.003 -17"><span class='ocrx_word' id='word_1_642' title='bbox 602 5004 880 5073; x_wconf 87' lang='lat' dir='ltr'><strong>perjacet,</strong></span> <span class='ocrx_word' id='word_1_643' title='bbox 932 5016 1099 5071; x_wconf 81' lang='lat' dir='ltr'><strong>usque</strong></span> <span class='ocrx_word' id='word_1_644' title='bbox 1157 5002 1224 5055; x_wconf 91' lang='lat' dir='ltr'><strong>ad</strong></span> <span class='ocrx_word' id='word_1_645' title='bbox 1269 5002 1427 5055; x_wconf 79' lang='lat' dir='ltr'><strong>tinem</strong></span> <span class='ocrx_word' id='word_1_646' title='bbox 1466 5001 1646 5055; x_wconf 81' lang='lat' dir='ltr'><strong>exitus</strong></span> <span class='ocrx_word' id='word_1_647' title='bbox 1705 5000 1874 5070; x_wconf 86' lang='lat' dir='ltr'><strong>ipsius</strong></span> <span class='ocrx_word' id='word_1_648' title='bbox 1928 5000 2068 5063; x_wconf 70' lang='lat' dir='ltr'><strong>vitae,</strong></span> <span class='ocrx_word' id='word_1_649' title='bbox 2117 5010 2172 5052; x_wconf 87' lang='lat' dir='ltr'><strong>to</strong></span> 
     </span>
    </p>
   </div>
   <div class='ocr_carea' id='block_1_95' title="bbox 597 5088 2170 5158">
    <p class='ocr_par' dir='ltr' id='par_1_95' title="bbox 597 5088 2170 5158">
     <span class='ocr_line' id='line_1_95' title="bbox 597 5088 2170 5158; baseline -0.001 -15"><span class='ocrx_word' id='word_1_650' title='bbox 597 5100 709 5144; x_wconf 88' lang='lat' dir='ltr'><strong>tum</strong></span> <span class='ocrx_word' id='word_1_651' title='bbox 744 5090 845 5144; x_wconf 81' lang='lat' dir='ltr'><strong>iter</strong></span> <span class='ocrx_word' id='word_1_652' title='bbox 868 5088 1134 5158; x_wconf 66' lang='lat' dir='ltr'><strong>(cquabile</strong></span> <span class='ocrx_word' id='word_1_653' title='bbox 1174 5105 1237 5142; x_wconf 88' lang='lat' dir='ltr'><strong>ac</strong></span> <span class='ocrx_word' id='word_1_654' title='bbox 1273 5088 1487 5155; x_wconf 82' lang='lat' dir='ltr'><strong>planum</strong></span> <span class='ocrx_word' id='word_1_655' title='bbox 1519 5089 1873 5157; x_wconf 83' lang='lat' dir='ltr'><strong>conspicitur,</strong></span> <span class='ocrx_word' id='word_1_656' title='bbox 1913 5098 1964 5142; x_wconf 90' lang='lat' dir='ltr'><strong>et</strong></span> <span class='ocrx_word' id='word_1_657' title='bbox 1992 5090 2170 5156; x_wconf 79' lang='lat' dir='ltr'><strong>Splen-</strong></span> 
     </span>
    </p>
   </div>
   <div class='ocr_carea' id='block_1_96' title="bbox 597 5179 2172 5251">
    <p class='ocr_par' dir='ltr' id='par_1_96' title="bbox 597 5179 2172 5251">
     <span class='ocr_line' id='line_1_96' title="bbox 597 5179 2172 5251; baseline 0 -17"><span class='ocrx_word' id='word_1_658' title='bbox 597 5183 728 5237; x_wconf 89' lang='lat' dir='ltr'><strong>dore</strong></span> <span class='ocrx_word' id='word_1_659' title='bbox 768 5182 907 5237; x_wconf 89' lang='lat' dir='ltr'><strong>lucis</strong></span> <span class='ocrx_word' id='word_1_660' title='bbox 948 5182 1103 5250; x_wconf 84' lang='lat' dir='ltr'><strong>quasi</strong></span> <span class='ocrx_word' id='word_1_661' title='bbox 1152 5181 1334 5235; x_wconf 89' lang='lat' dir='ltr'><strong>colore</strong></span> <span class='ocrx_word' id='word_1_662' title='bbox 1379 5180 1679 5251; x_wconf 76' lang='lat' dir='ltr'><strong>perfusum,</strong></span> <span class='ocrx_word' id='word_1_663' title='bbox 1731 5181 1883 5250; x_wconf 83' lang='lat' dir='ltr'><strong>cujus</strong></span> <span class='ocrx_word' id='word_1_664' title='bbox 1920 5190 1975 5233; x_wconf 88' lang='lat' dir='ltr'><strong>et</strong></span> <span class='ocrx_word' id='word_1_665' title='bbox 2022 5179 2172 5234; x_wconf 77' lang='lat' dir='ltr'><strong>iron-</strong></span> 
     </span>
    </p>
   </div>
   <div class='ocr_carea' id='block_1_97' title="bbox 597 5270 2161 5342">
    <p class='ocr_par' dir='ltr' id='par_1_97' title="bbox 597 5270 2161 5342">
     <span class='ocr_line' id='line_1_97' title="bbox 597 5270 2161 5342; baseline -0.001 -17"><span class='ocrx_word' id='word_1_666' title='bbox 597 5272 869 5342; x_wconf 85' lang='lat' dir='ltr'><strong>tispicium</strong></span> <span class='ocrx_word' id='word_1_667' title='bbox 918 5273 1132 5326; x_wconf 86' lang='lat' dir='ltr'><strong>sidereo</strong></span> <span class='ocrx_word' id='word_1_668' title='bbox 1173 5272 1351 5342; x_wconf 83' lang='lat' dir='ltr'><strong>sigillo</strong></span> <span class='ocrx_word' id='word_1_669' title='bbox 1382 5282 1703 5327; x_wconf 73' lang='lat' dir='ltr'><strong>exornatur.</strong></span> <span class='ocrx_word' id='word_1_670' title='bbox 1731 5270 2023 5325; x_wconf 87' lang='lat' dir='ltr'><strong>Duodecun</strong></span> <span class='ocrx_word' id='word_1_671' title='bbox 2064 5287 2161 5323; x_wconf 90' lang='lat' dir='ltr'><strong>un-</strong></span> 
     </span>
    </p>
   </div>
   <div class='ocr_carea' id='block_1_98' title="bbox 596 5362 2168 5432">
    <p class='ocr_par' dir='ltr' id='par_1_98' title="bbox 596 5362 2168 5432">
     <span class='ocr_line' id='line_1_98' title="bbox 596 5362 2168 5432; baseline 0 -16"><span class='ocrx_word' id='word_1_672' title='bbox 596 5380 747 5418; x_wconf 86' lang='lat' dir='ltr'><strong>mero</strong></span> <span class='ocrx_word' id='word_1_673' title='bbox 784 5374 910 5419; x_wconf 91' lang='lat' dir='ltr'><strong>sunt</strong></span> <span class='ocrx_word' id='word_1_674' title='bbox 933 5364 1198 5418; x_wconf 48' lang='lat' dir='ltr'><strong>columnae</strong></span> <span class='ocrx_word' id='word_1_675' title='bbox 1238 5365 1359 5419; x_wconf 90' lang='lat' dir='ltr'><strong>nive</strong></span> <span class='ocrx_word' id='word_1_676' title='bbox 1401 5365 1742 5418; x_wconf 86' lang='lat' dir='ltr'><strong>candidiores</strong></span> <span class='ocrx_word' id='word_1_677' title='bbox 1778 5372 1939 5432; x_wconf 81' lang='lat' dir='ltr'><strong>atque</strong></span> <span class='ocrx_word' id='word_1_678' title='bbox 1976 5362 2168 5416; x_wconf 85' lang='lat' dir='ltr'><strong>innno-</strong></span> 
     </span>
    </p>
   </div>
   <div class='ocr_carea' id='block_1_99' title="bbox 596 5453 2166 5525">
    <p class='ocr_par' dir='ltr' id='par_1_99' title="bbox 596 5453 2166 5525">
     <span class='ocr_line' id='line_1_99' title="bbox 596 5453 2166 5525; baseline -0.003 -16"><span class='ocrx_word' id='word_1_679' title='bbox 596 5454 753 5519; x_wconf 86' lang='lat' dir='ltr'><strong>biles,</strong></span> <span class='ocrx_word' id='word_1_680' title='bbox 794 5466 850 5509; x_wconf 89' lang='lat' dir='ltr'><strong>et</strong></span> <span class='ocrx_word' id='word_1_681' title='bbox 902 5457 1169 5525; x_wconf 75' lang='lat' dir='ltr'><strong>quaelidei</strong></span> <span class='ocrx_word' id='word_1_682' title='bbox 1217 5457 1673 5509; x_wconf 89' lang='lat' dir='ltr'><strong>constitutionem</strong></span> <span class='ocrx_word' id='word_1_683' title='bbox 1729 5468 1823 5522; x_wconf 88' lang='lat' dir='ltr'><strong>per</strong></span> <span class='ocrx_word' id='word_1_684' title='bbox 1874 5453 2166 5521; x_wconf 89' lang='lat' dir='ltr'><strong>potentiam</strong></span> 
     </span>
    </p>
   </div>
   <div class='ocr_carea' id='block_1_100' title="bbox 598 5544 2172 5615">
    <p class='ocr_par' dir='ltr' id='par_1_100' title="bbox 598 5544 2172 5615">
     <span class='ocr_line' id='line_1_100' title="bbox 598 5544 2172 5615; baseline -0.002 -14"><span class='ocrx_word' id='word_1_685' title='bbox 598 5547 898 5601; x_wconf 86' lang='lat' dir='ltr'><strong>divinitatis</strong></span> <span class='ocrx_word' id='word_1_686' title='bbox 923 5549 1090 5601; x_wconf 87' lang='lat' dir='ltr'><strong>nostri</strong></span> <span class='ocrx_word' id='word_1_687' title='bbox 1119 5548 1418 5601; x_wconf 85' lang='lat' dir='ltr'><strong>Salvatoris</strong></span> <span class='ocrx_word' id='word_1_688' title='bbox 1453 5556 1712 5615; x_wconf 87' lang='lat' dir='ltr'><strong>perpetuo</strong></span> <span class='ocrx_word' id='word_1_689' title='bbox 1745 5546 2032 5597; x_wconf 82' lang='lat' dir='ltr'><strong>sustinent.</strong></span> <span class='ocrx_word' id='word_1_690' title='bbox 2059 5544 2172 5598; x_wconf 92' lang='lat' dir='ltr'><strong>lloc</strong></span> 
     </span>
    </p>
   </div>
   <div class='ocr_carea' id='block_1_101' title="bbox 538 5636 2171 5723">
    <p class='ocr_par' dir='ltr' id='par_1_101' title="bbox 538 5636 2171 5723">
     <span class='ocr_line' id='line_1_101' title="bbox 538 5636 2171 5723; baseline -0.002 -31"><span class='ocrx_word' id='word_1_691' title='bbox 538 5718 541 5723; x_wconf 20' lang='grc' dir='ltr'><strong>η</strong></span> <span class='ocrx_word' id='word_1_692' title='bbox 599 5638 763 5708; x_wconf 83' lang='lat' dir='ltr'><strong>igitur</strong></span> <span class='ocrx_word' id='word_1_693' title='bbox 795 5650 1001 5693; x_wconf 90' lang='lat' dir='ltr'><strong>tantum</strong></span> <span class='ocrx_word' id='word_1_694' title='bbox 1050 5655 1187 5709; x_wconf 89' lang='lat' dir='ltr'><strong>opus</strong></span> <span class='ocrx_word' id='word_1_695' title='bbox 1229 5652 1350 5692; x_wconf 91' lang='lat' dir='ltr'><strong>cmn</strong></span> <span class='ocrx_word' id='word_1_696' title='bbox 1386 5649 1502 5693; x_wconf 86' lang='lat' dir='ltr'><strong>arte</strong></span> <span class='ocrx_word' id='word_1_697' title='bbox 1537 5636 1683 5693; x_wconf 90' lang='lat' dir='ltr'><strong>nulla</strong></span> <span class='ocrx_word' id='word_1_698' title='bbox 1714 5651 1813 5691; x_wconf 89' lang='lat' dir='ltr'><strong>nos</strong></span> <span class='ocrx_word' id='word_1_699' title='bbox 1845 5650 2171 5705; x_wconf 84' lang='lat' dir='ltr'><strong>assequere-</strong></span> 
     </span>
    </p>
   </div>
   <div class='ocr_carea' id='block_1_102' title="bbox 652 5810 1901 5887">
    <p class='ocr_par' dir='ltr' id='par_1_102' title="bbox 652 5810 1901 5887">
     <span class='ocr_line' id='line_1_102' title="bbox 652 5810 1901 5887; baseline -0.005 -15"><span class='ocrx_word' id='word_1_700' title='bbox 652 5816 724 5887; x_wconf 62' lang='lat' dir='ltr'><strong>f&#39;</strong></span> <span class='ocrx_word' id='word_1_701' title='bbox 749 5815 872 5871; x_wconf 75' lang='lat' dir='ltr'><strong>Act.</strong></span> <span class='ocrx_word' id='word_1_702' title='bbox 907 5829 965 5881; x_wconf 84' lang='lat' dir='ltr'><strong>tt,</strong></span> <span class='ocrx_word' id='word_1_703' title='bbox 992 5813 1044 5868; x_wconf 82' lang='lat'><strong>9.</strong></span> <span class='ocrx_word' id='word_1_704' title='bbox 1128 5815 1175 5846; x_wconf 82' lang='lat'><strong>&quot;</strong></span> <span class='ocrx_word' id='word_1_705' title='bbox 1210 5813 1467 5869; x_wconf 81' lang='lat' dir='ltr'><strong>Socrates</strong></span> <span class='ocrx_word' id='word_1_706' title='bbox 1504 5812 1597 5869; x_wconf 85' lang='lat' dir='ltr'><strong>lib.</strong></span> <span class='ocrx_word' id='word_1_707' title='bbox 1632 5827 1671 5877; x_wconf 87' lang='lat' dir='ltr'><strong>t,</strong></span> <span class='ocrx_word' id='word_1_708' title='bbox 1701 5826 1821 5881; x_wconf 88' lang='lat' dir='ltr'><strong>cap.</strong></span> <span class='ocrx_word' id='word_1_709' title='bbox 1850 5810 1901 5866; x_wconf 90' lang='lat'><strong>8.</strong></span> 
     </span>
    </p>
   </div>
   <div class='ocr_carea' id='block_1_103' title="bbox 2280 4911 3853 4985">
    <p class='ocr_par' dir='ltr' id='par_1_103' title="bbox 2280 4911 3853 4985">
     <span class='ocr_line' id='line_1_103' title="bbox 2280 4911 3853 4985; baseline -0.002 -19"><span class='ocrx_word' id='word_1_710' title='bbox 2280 4913 2381 4983; x_wconf 73' lang='grc' dir='ltr'>τῆς</span> <span class='ocrx_word' id='word_1_711' title='bbox 2408 4912 2814 4985; x_wconf 82' lang='grc' dir='ltr'>προειρημένης</span> <span class='ocrx_word' id='word_1_712' title='bbox 2836 4952 2850 4974; x_wconf 93' lang='grc'><strong>,</strong></span> <span class='ocrx_word' id='word_1_713' title='bbox 2880 4911 3106 4963; x_wconf 81' lang='grc' dir='ltr'>ἁπασῶν</span> <span class='ocrx_word' id='word_1_714' title='bbox 3145 4912 3253 4964; x_wconf 87' lang='grc' dir='ltr'><strong>τῶν</strong></span> <span class='ocrx_word' id='word_1_715' title='bbox 3295 4911 3496 4963; x_wconf 84' lang='grc' dir='ltr'>λοιπῶν</span> <span class='ocrx_word' id='word_1_716' title='bbox 3522 4912 3660 4964; x_wconf 75' lang='grc' dir='ltr'>ὅλων</span> <span class='ocrx_word' id='word_1_717' title='bbox 3690 4913 3853 4981; x_wconf 84' lang='grc' dir='ltr'>ὑπερ·</span> 
     </span>
    </p>
   </div>
   <div class='ocr_carea' id='block_1_104' title="bbox 2280 5002 3853 5075">
    <p class='ocr_par' dir='ltr' id='par_1_104' title="bbox 2280 5002 3853 5075">
     <span class='ocr_line' id='line_1_104' title="bbox 2280 5002 3853 5075; baseline -0.003 -16"><span class='ocrx_word' id='word_1_718' title='bbox 2280 5006 2561 5075; x_wconf 79' lang='grc' dir='ltr'>κειμένης,</span> <span class='ocrx_word' id='word_1_719' title='bbox 2636 5005 2764 5073; x_wconf 85' lang='grc' dir='ltr'>ἄχρι</span> <span class='ocrx_word' id='word_1_720' title='bbox 2809 5003 2904 5056; x_wconf 83' lang='grc' dir='ltr'><strong>τοῦ</strong></span> <span class='ocrx_word' id='word_1_721' title='bbox 2974 5002 3160 5066; x_wconf 84' lang='grc' dir='ltr'>τέλους</span> <span class='ocrx_word' id='word_1_722' title='bbox 3216 5004 3316 5071; x_wconf 80' lang='grc' dir='ltr'><strong>τῆς</strong></span> <span class='ocrx_word' id='word_1_723' title='bbox 3359 5004 3564 5067; x_wconf 79' lang='grc' dir='ltr'>-έξόδου</span> <span class='ocrx_word' id='word_1_724' title='bbox 3609 5006 3853 5071; x_wconf 77' lang='grc' dir='ltr'>φαίνεται</span> 
     </span>
    </p>
   </div>
   <div class='ocr_carea' id='block_1_105' title="bbox 2276 5094 3851 5167">
    <p class='ocr_par' dir='ltr' id='par_1_105' title="bbox 2276 5094 3851 5167">
     <span class='ocr_line' id='line_1_105' title="bbox 2276 5094 3851 5167; baseline -0.002 -17"><span class='ocrx_word' id='word_1_725' title='bbox 2276 5096 2453 5167; x_wconf 81' lang='grc' dir='ltr'>ὁμαλὴ</span> <span class='ocrx_word' id='word_1_726' title='bbox 2479 5096 2574 5149; x_wconf 76' lang='grc' dir='ltr'><strong>καὶ</strong></span> <span class='ocrx_word' id='word_1_727' title='bbox 2602 5095 2842 5159; x_wconf 81' lang='grc' dir='ltr'>ίσόπεδος</span> <span class='ocrx_word' id='word_1_728' title='bbox 2871 5096 3086 5165; x_wconf 78' lang='grc' dir='ltr'>πορεία,</span> <span class='ocrx_word' id='word_1_729' title='bbox 3099 5097 3165 5166; x_wconf 81' lang='grc' dir='ltr'>τῇ</span> <span class='ocrx_word' id='word_1_730' title='bbox 3192 5095 3533 5164; x_wconf 86' lang='grc' dir='ltr'>λαμπρότητι</span> <span class='ocrx_word' id='word_1_731' title='bbox 3564 5094 3655 5147; x_wconf 83' lang='grc' dir='ltr'><strong>τοῦ</strong></span> <span class='ocrx_word' id='word_1_732' title='bbox 3678 5098 3851 5163; x_wconf 60' lang='lat' dir='ltr'><strong>(ptati;</strong></span> 
     </span>
    </p>
   </div>
   <div class='ocr_carea' id='block_1_106' title="bbox 2276 5179 3851 5257">
    <p class='ocr_par' dir='ltr' id='par_1_106' title="bbox 2276 5179 3851 5257">
     <span class='ocr_line' id='line_1_106' title="bbox 2276 5179 3851 5257; baseline -0.002 -19"><span class='ocrx_word' id='word_1_733' title='bbox 2276 5185 2561 5257; x_wconf 75' lang='grc' dir='ltr'>χρωμένηο</span> <span class='ocrx_word' id='word_1_734' title='bbox 2597 5179 2665 5257; x_wconf 76' lang='grc' dir='ltr'>ἧς</span> <span class='ocrx_word' id='word_1_735' title='bbox 2708 5185 2805 5238; x_wconf 78' lang='grc' dir='ltr'>καὶ</span> <span class='ocrx_word' id='word_1_736' title='bbox 2847 5188 2907 5238; x_wconf 84' lang='grc' dir='ltr'>τὸ</span> <span class='ocrx_word' id='word_1_737' title='bbox 2954 5185 3205 5255; x_wconf 86' lang='grc' dir='ltr'>μέτωπον</span> <span class='ocrx_word' id='word_1_738' title='bbox 3247 5184 3557 5255; x_wconf 76' lang='grc' dir='ltr'><strong>ἁστροειδείΔ</strong></span> <span class='ocrx_word' id='word_1_739' title='bbox 3596 5182 3851 5253; x_wconf 77' lang='grc' dir='ltr'>σφραγῖδι</span> 
     </span>
    </p>
   </div>
   <div class='ocr_carea' id='block_1_107' title="bbox 2275 5274 3846 5348">
    <p class='ocr_par' dir='ltr' id='par_1_107' title="bbox 2275 5274 3846 5348">
     <span class='ocr_line' id='line_1_107' title="bbox 2275 5274 3846 5348; baseline -0.003 -17"><span class='ocrx_word' id='word_1_740' title='bbox 2275 5277 2733 5348; x_wconf 84' lang='grc' dir='ltr'>κεκοσμημένον,</span> <span class='ocrx_word' id='word_1_741' title='bbox 2802 5276 3128 5329; x_wconf 84' lang='grc' dir='ltr'>δυοκαίδεκα</span> <span class='ocrx_word' id='word_1_742' title='bbox 3171 5275 3262 5328; x_wconf 86' lang='grc' dir='ltr'><strong>τὸν</strong></span> <span class='ocrx_word' id='word_1_743' title='bbox 3329 5274 3563 5345; x_wconf 75' lang='grc' dir='ltr'>ἀριθμὸν</span> <span class='ocrx_word' id='word_1_744' title='bbox 3628 5278 3846 5337; x_wconf 85' lang='grc' dir='ltr'>κίονες,</span> 
     </span>
    </p>
   </div>
   <div class='ocr_carea' id='block_1_108' title="bbox 2272 5366 3845 5439">
    <p class='ocr_par' dir='ltr' id='par_1_108' title="bbox 2272 5366 3845 5439">
     <span class='ocr_line' id='line_1_108' title="bbox 2272 5366 3845 5439; baseline -0.003 -18"><span class='ocrx_word' id='word_1_745' title='bbox 2272 5370 2448 5439; x_wconf 68' lang='grc' dir='ltr'>χιένος</span> <span class='ocrx_word' id='word_1_746' title='bbox 2481 5369 2876 5439; x_wconf 85' lang='grc' dir='ltr'>λαμπρότεροι,</span> <span class='ocrx_word' id='word_1_747' title='bbox 2911 5369 3178 5438; x_wconf 79' lang='grc' dir='ltr'>ἀκίνητοι,</span> <span class='ocrx_word' id='word_1_748' title='bbox 3205 5370 3271 5439; x_wconf 77' lang='grc' dir='ltr'>τῇ</span> <span class='ocrx_word' id='word_1_749' title='bbox 3306 5366 3571 5436; x_wconf 79' lang='grc' dir='ltr'>θέσειτῆς</span> <span class='ocrx_word' id='word_1_750' title='bbox 3593 5367 3845 5427; x_wconf 78' lang='grc' dir='ltr'>πίστεως,</span> 
     </span>
    </p>
   </div>
   <div class='ocr_carea' id='block_1_109' title="bbox 2271 5455 3845 5529">
    <p class='ocr_par' dir='ltr' id='par_1_109' title="bbox 2271 5455 3845 5529">
     <span class='ocr_line' id='line_1_109' title="bbox 2271 5455 3845 5529; baseline -0.001 -20"><span class='ocrx_word' id='word_1_751' title='bbox 2271 5458 2457 5521; x_wconf 86' lang='grc' dir='ltr'>ἁῖδίως</span> <span class='ocrx_word' id='word_1_752' title='bbox 2502 5462 2567 5528; x_wconf 84' lang='grc' dir='ltr'><strong>τῇ</strong></span> <span class='ocrx_word' id='word_1_753' title='bbox 2604 5459 2701 5528; x_wconf 70' lang='grc' dir='ltr'><strong>τῆς</strong></span> <span class='ocrx_word' id='word_1_754' title='bbox 2731 5459 3005 5529; x_wconf 83' lang='grc' dir='ltr'>θεότητος,</span> <span class='ocrx_word' id='word_1_755' title='bbox 3044 5456 3139 5511; x_wconf 88' lang='grc' dir='ltr'><strong>τοῦ</strong></span> <span class='ocrx_word' id='word_1_756' title='bbox 3172 5459 3443 5527; x_wconf 77' lang='grc' dir='ltr'>ἡμετέρου</span> <span class='ocrx_word' id='word_1_757' title='bbox 3474 5456 3723 5527; x_wconf 78' lang='grc' dir='ltr'>Σωτῆρος</span> <span class='ocrx_word' id='word_1_758' title='bbox 3756 5455 3845 5508; x_wconf 82' lang='grc' dir='ltr'>δυο</span> 
     </span>
    </p>
   </div>
   <div class='ocr_carea' id='block_1_110' title="bbox 2269 5547 3843 5619">
    <p class='ocr_par' dir='ltr' id='par_1_110' title="bbox 2269 5547 3843 5619">
     <span class='ocr_line' id='line_1_110' title="bbox 2269 5547 3843 5619; baseline -0.003 -18"><span class='ocrx_word' id='word_1_759' title='bbox 2269 5549 2452 5618; x_wconf 82' lang='grc' dir='ltr'>νάμει,</span> <span class='ocrx_word' id='word_1_760' title='bbox 2500 5548 2852 5619; x_wconf 72' lang='grc' dir='ltr'>βαστάζουσι.</span> <span class='ocrx_word' id='word_1_761' title='bbox 2900 5550 3104 5603; x_wconf 88' lang='grc' dir='ltr'>Τούτου</span> <span class='ocrx_word' id='word_1_762' title='bbox 3152 5550 3333 5602; x_wconf 77' lang='grc' dir='ltr'>τοίνυν</span> <span class='ocrx_word' id='word_1_763' title='bbox 3378 5547 3472 5600; x_wconf 84' lang='grc' dir='ltr'><strong>τοῦ</strong></span> <span class='ocrx_word' id='word_1_764' title='bbox 3530 5549 3843 5617; x_wconf 73' lang='grc' dir='ltr'>τηλικούτου</span> 
     </span>
    </p>
   </div>
   <div class='ocr_carea' id='block_1_111' title="bbox 2268 5636 3844 5713">
    <p class='ocr_par' dir='ltr' id='par_1_111' title="bbox 2268 5636 3844 5713">
     <span class='ocr_line' id='line_1_111' title="bbox 2268 5636 3844 5713; baseline -0.001 -21"><span class='ocrx_word' id='word_1_765' title='bbox 2268 5638 2431 5709; x_wconf 78' lang='grc' dir='ltr'>ἔργου</span> <span class='ocrx_word' id='word_1_766' title='bbox 2462 5641 2525 5693; x_wconf 81' lang='grc' dir='ltr'><strong>οὐ</strong></span> <span class='ocrx_word' id='word_1_767' title='bbox 2556 5640 2721 5713; x_wconf 76' lang='grc' dir='ltr'>τέχνη</span> <span class='ocrx_word' id='word_1_768' title='bbox 2751 5659 2833 5706; x_wconf 90' lang='grc' dir='ltr'><strong>τις</strong></span> <span class='ocrx_word' id='word_1_769' title='bbox 2886 5641 3363 5712; x_wconf 69' lang='grc' dir='ltr'>προσλαμϐάνουσι</span> <span class='ocrx_word' id='word_1_770' title='bbox 3396 5640 3505 5712; x_wconf 72' lang='lat' dir='ltr'><strong>lia.</strong></span> <span class='ocrx_word' id='word_1_771' title='bbox 3535 5640 3697 5710; x_wconf 75' lang='grc' dir='ltr'>τέχνῃ</span> <span class='ocrx_word' id='word_1_772' title='bbox 3741 5636 3844 5692; x_wconf 76' lang='grc' dir='ltr'>τινὶ</span> 
     </span>
    </p>
   </div>
  </div>
