4148 6552
343 433 480 495 1233

1219 437 1586 499 HISTORIA
1625 431 1959 497 CONCILII
1994 434 2300 496 ΝῙΟᾹΞΝΙ.
2340 461 2409 471 -
2442 435 2589 495 LIB.
2630 434 2713 495 II.

3461 430 3595 497 1231

343 541 563 615 προσλ]
597 545 749 611 ἡμῖν,
782 546 876 598 καὶ
920 546 1019 619 τὴν
1064 547 1172 601 ἀπὸ
1222 548 1401 617 ψυχῆς
1447 547 1665 601 δικαίαν
1716 548 1953 611 πίστινν

2056 562 2169 610 aur,
2215 553 2269 600 et
2297 546 2479 599 animo
2499 544 2704 613 justam
2751 543 2907 598 fidem
2953 557 3058 598 non
3105 538 3595 613 comprehendere—

342 630 440 684 τοῦ
468 633 739 686 ἀθανάτου
768 635 933 688 αὐτοῦ
960 637 1126 706 νόμου
1173 640 1252 700 εἰς
1276 637 1401 690 νοῦν
1427 636 1631 690 ἔδωκεν
1654 638 1788 707 ἡμῖν
1825 636 1925 706 τὴν

347 724 656 794 σεμνότητα
678 741 691 753 ·
715 720 887 797 οὗπερ
917 730 1054 798 πρὸς
1079 728 1205 791 τοὺς
1245 727 1495 790 πυλῶνας
1532 728 1684 782 οὐδὲν
1718 728 1925 799 ἕτερον,

346 815 396 868 εί
446 814 520 885 μὴ
567 816 740 886 ἁγνῆς
792 819 886 870 καὶ
932 818 1192 883 εὐσεϐοῦς
1238 818 1535 889 ἐπιθυμίας
1580 819 1926 889 ἐπειγούσης,

351 905 489 978 μόνῃ
516 908 762 979 καθαρᾶς
795 910 1035 974 διανοίας
1080 911 1405 981 πεποιθήσει
1446 912 1725 981 πρόσεισιν
1750 913 1778 963 6
1804 910 1928 981 βου·

348 997 595 1068 λόμενος.
626 1002 796 1055 Τοῦτο
827 1001 938 1075 [Ζσ.
964 1003 1166 1076 τούτῳ]
1200 1003 1257 1056 δὲ
1283 1003 1435 1075 αὐτῷ
1464 1003 1782 1073 θαυμαστήν
1809 1018 1931 1055 τινα

350 1092 559 1163 κόσμου
586 1093 951 1164 λαμπρότητα
974 1096 1247 1166 σωτήριος
1288 1096 1604 1164 προσήγαγε
1638 1092 1893 1163 λογισμός
1912 1106 1927 1120 ⁹

351 1186 499 1254 λέγω
525 1186 602 1243 δὲ.
639 1186 853 1239 ἔνδοθεν
894 1188 1078 1250 πίστις
1123 1185 1451 1254 ἀνθρώπων,
1494 1186 1582 1239 διὰ
1612 1185 1811 1247 παντὸς
1835 1184 1930 1237 τοῦ

354 1278 645 1348 περιϐόλου
676 1280 772 1333 τοῦ
796 1279 1079 1351 Κυριακοῦ
1114 1279 1336 1332 ἀνθοῦσι
1387 1280 1676 1348 στεφάνοις
1701 1294 1932 1348 τετιμη-

357 1370 520 1440 μένη,
546 1370 845 1434 ἀθανασίας
876 1370 1093 1441 καρπὸν
1131 1368 1461 1441 ἀθροίζουσα
1480 1413 1494 1437 ,
1522 1369 1721 1437 ἁγνοὺς
1749 1368 1934 1431 τόνους

353 1461 450 1532 τῆς
486 1462 632 1532 ζωῆς
669 1464 768 1534 τῆς
799 1461 1149 1534 ἀνθρωπείας
1189 1463 1270 1525 είς
1311 1462 1546 1534 φανερόν
1574 1462 1781 1529 ἄγουσα
1814 1459 1935 1512 ἐπι-

356 1556 547 1621 φανεῖς
574 1554 919 1624 καθίστησιν.
966 1549 1129 1616 Αὖθις
1162 1554 1417 1606 ἐντεῦθεν
1458 1554 1491 1624 ἠ
1527 1552 1727 1617 ἔξωθεν
1768 1551 1934 1622 οὐρά-

356 1662 469 1708 νιος
520 1644 646 1709 δόξα
688 1646 1024 1717 ἐστεμμένη,
1077 1645 1172 1699 τοῦ
1218 1645 1413 1707 αίῶνος
1452 1645 1538 1697 ἀεὶ
1587 1628 1933 1712 τικτομίνου,

360 1736 564 1807 μᾶλλον
594 1739 650 1792 δὲ
693 1739 990 1809 φυομένου,
1038 1739 1266 1813 βραδεῖα
1302 1737 1631 1808 ὑπογράφει,
1681 1735 1776 1789 καὶ
1803 1752 1935 1805 τρα-

358 1829 526 1898 φέντα
562 1831 701 1902 μετά
743 1831 837 1885 τοῦ
875 1837 1249 1902 προσήκοντος
1291 1830 1548 1891 ἐπαίνου,
1583 1830 1804 1883 ἃπασαν
1843 1826 1937 1881 τοῦ

2029 654 2164 699 mus.
2210 636 2532 691 immortalis
2566 635 2696 704 legis
2737 634 3152 689 sanctimoltiam
3193 635 3356 689 menti
3399 646 3598 689 nostra:

2028 728 2170 783 Deus
2204 728 2398 782 ittdidit
2435 744 2448 780 :
2485 741 2577 795 per
2618 725 2771 795 cujus
2815 738 3001 797 portas
3032 727 3177 779 nullo
3219 727 3324 780 alio
3370 726 3600 779 ducente

2030 821 2133 873 nisi
2168 829 2319 873 casto
2369 820 2565 886 pioque
2599 816 2893 879 desiderio,
2934 833 3053 870 cum
3087 833 3232 887 purre
3264 817 3459 871 mentis
3498 816 3601 869 fide

2029 912 2123 982 qui
2161 910 2274 963 vult
2321 909 2646 979 ingreditur.
2679 904 2864 961 Eidem
2891 919 3070 960 autem
3101 916 3390 960 structurae
3434 906 3601 959 mira-

2031 1004 2192 1058 bilem
2255 1004 2540 1071 quemdam
2610 999 2914 1053 oruameuti
2970 994 3311 1066 splendorem
3369 995 3603 1050 salubris

2032 1094 2212 1148 attulit
2251 1093 2531 1162 cogitatio,
2585 1091 2820 1154 interna,
2876 1089 3119 1157 inquattt,
3159 1088 3435 1142 hominum
3472 1084 3603 1140 fides

2034 1201 2128 1255 per
2185 1196 2355 1237 totum
2413 1184 2668 1237 domicilii
2722 1182 2981 1237 ambitum
3031 1180 3346 1236 ﬂorentibus
3390 1179 3606 1236 coronis

2020 1277 2315 1340 -tlecnrata,
2381 1275 2809 1329 immortalitatis
2864 1274 3097 1327 fructum
3158 1272 3440 1341 colligens,
3487 1286 3608 1339 qua:

2037 1377 2214 1420 castoa
2250 1368 2371 1420 vita?
2409 1368 2657 1420 humana:
2703 1366 3019 1434 splendores
3062 1365 3114 1418 itt
3155 1374 3398 1434 apertum
3442 1376 3608 1433 agens

2039 1459 2274 1515 illustrat
2325 1474 2340 1510 :
2390 1474 2453 1511 ac
2509 1472 2696 1511 rursus
2740 1454 2939 1512 ibidem
2994 1455 3233 1511 caelestis
3278 1453 3608 1508 existimatio

2036 1550 2281 1603 exterius
2334 1550 2604 1619 operiens,
2657 1546 2838 1602 saeculi
2893 1560 3108 1617 semper
3160 1546 3457 1611 nascentis,
3514 1553 3611 1597 aut

2039 1642 2223 1705 potius
2257 1639 2369 1708 jam
2424 1641 2533 1693 nati
2578 1640 2796 1708 prtemia
2848 1637 3099 1703 deliucat,
3158 1648 3214 1693 et
3254 1638 3452 1692 nutrita
3487 1650 3607 1690 cum

2040 1734 2253 1788 decenti
2288 1732 2447 1787 laude
2492 1741 2657 1785 totam
2702 1730 2915 1785 aJdificii
2961 1729 3351 1799 perfectionem
3399 1736 3612 1782 susten-

2044 1834 2164 1878 tans
2204 1830 2452 1877 exornat.
2495 1821 2692 1874 Domus
2737 1828 2916 1872 autem
2958 1817 3060 1871 ista
3093 1810 3301 1871 Domini
3343 1828 3372 1867 a
3403 1802 3613 1866 duobus

358 1922 525 1975 αὐτοῦ
572 1922 733 1992 ἔργου
774 1924 870 1993 τὴν
900 1922 1310 1994 τελεσιουργίαν
1350 1925 1567 1989 κοσμεῖο
1614 1923 1642 1974 6
1669 1921 1724 1973 δὲ
1777 1921 1939 1982 αὐτὸς

2056 1925 2254 1968 ιιιιιιυιιι
2297 1913 2706 1967 excubitoribus
2740 1909 3082 1964 cuswditur:
3116 1917 3169 1962 et
3210 1905 3369 1961 timor
3394 1902 3612 1973 quidem

359 2006 512 2075 οὗτος
538 2015 567 2067 6
585 2014 862 2086 Κυριακὸς
882 2009 1028 2078 οἶκος
1051 2015 1155 2067 ὐπὸ
1178 2014 1272 2067 δύο
1293 2015 1468 2084 μόνων
1499 2012 1754 2081 φυλάκων
1779 2029 1942 2082 φρου-

362 2108 540 2175 ρεῖται
565 2123 578 2138 ⁸
614 2107 709 2160 καὶ
760 2106 924 2177 φόϐος
972 2108 1071 2179 μὲν
1104 2105 1245 2170 θεῖος
1281 2107 1532 2178 πρόσεισι
1566 2109 1632 2177 τῇ
1665 2106 1822 2159 ἐνίων
1854 2107 1942 2158 ὲν-

364 2196 484 2269 νοίᾳ
533 2200 1036 2270 σωφρονιστήριονο
1084 2199 1315 2269 πάρεστι
1357 2199 1415 2252 δὲ
1462 2198 1548 2251 ἀεὶ
1596 2197 1690 2250 καλ⁵
1732 2200 1844 2259 τοῖς
1883 2196 1943 2250 εὖ

364 2289 659 2360 φρονοῦσιν
702 2290 730 2342 6
762 2291 898 2361 πρὸς
944 2291 1010 2343 τὸ
1050 2291 1209 2344 Θεῖον
1240 2288 1484 2353 ἔπαινος,
1520 2289 1622 2358 τῆς
1676 2288 1946 2351 συνέσεως

362 2378 653 2453 βραϐεῖον·
685 2383 894 2436 τούτων
944 2384 1053 2453 γάρ
1106 2382 1385 2453 ἑκατέρων
1429 2379 1793 2450 ἐπικειμένων
1833 2381 1947 2442 τοῖς

362 2473 661 2544 προθύροις
689 2473 784 2528 τοῦ
819 2476 1125 2544 ἀγιωτάτυυ
1163 2475 1350 2539 τόπου,
1380 2471 1730 2543 δικαιοσύνην
1757 2471 1855 2541 μὲν
1891 2470 1947 2524 αἱ

364 2564 528 2635 θύραι
563 2557 1018 2633 ἀναπεπταμέναι
1043 2564 1311 2634 δέχονται,
1343 2562 1483 2632 αῦτη
1527 2578 1586 2614 τε
1636 2560 1767 2612 εἵσω
1808 2562 1945 2612 οἰκι-

367 2656 573 2718 σθεῖσα,
604 2659 753 2726 μένει
774 2656 1051 2727 ἀκήρατος
1072 2673 1083 2685 ·
1112 2658 1178 2726 τῇ
1206 2654 1261 2706 δὲ
1282 2654 1467 2725 ἀδικίᾳ
1496 2652 1619 2705 οὐδὲ
1649 2651 1804 2721 θέμις
1828 2652 1949 2714 ταῖς

364 2748 562 2820 θύραις
588 2749 928 2819 προσελθεῖν,
957 2747 1093 2801 ἀλλά
1130 2746 1405 2817 ἐξόριστος
1439 2744 1631 2798 τούτου
1655 2744 1749 2796 τοῦ
1782 2742 1948 2795 τόπου

367 2841 676 2893 ἐκκλείεται
701 2860 710 2870 ι
739 2840 913 2894 ταῦτά
938 2858 1024 2910 με,
1050 2833 1094 2893 ὦ
1118 2837 1443 2908 τιμιώτατοι
1461 2836 1555 2889 καὶ
1572 2840 1772 2899 παντὸς
1793 2832 1950 2888 ἐπαί-

366 2949 460 2985 νου
494 2931 634 2999 ἄξιοι
667 2930 907 3001 ἀδελφοὶ,
936 2930 1003 2983 τὰ
1041 2924 1346 3004 πράγματα
1379 2927 1522 2981 οῦτω
1556 2926 1703 2997 σαφῆ
1750 2927 1829 2987 είς
1855 2923 1951 2994 τὴν

367 3023 464 3076 τοῦ
494 3024 663 3077 ἀϊδίου
695 3024 787 3078 καὶ
818 3022 1090 3077 ἀθανάτου
1120 3022 1297 3091 φωτὸς
1327 3019 1688 3089 λαμπρότητα
1720 3018 1947 3088 ἤγαγεν⁴

371 3117 460 3170 ἴνα
495 3117 570 3189 μὴ
603 3118 791 3189 πόρρω
838 3133 905 3187 με
958 3115 1174 3168 ἑστῶτα
1219 3112 1518 3183 ἀμφίϐολός
1562 3130 1645 3176 τις
1684 3113 1815 3174 ἴσως
1856 3112 1953 3180 τῆς

2044 2008 2257 2061 divinus
2308 2004 2667 2074 quorumdam
2730 1999 3111 2070 cogitationem
3158 1997 3420 2066 castigat,
3472 2003 3615 2048 recte

2044 2110 2225 2152 autem
2253 2094 2588 2166 sapientibus
2619 2090 2773 2145 favor
2807 2089 3020 2145 divinus
3053 2103 3270 2157 semper
3292 2095 3489 2156 praesto
3509 2093 3613 2151 est,

2046 2190 2202 2261 quasi
2234 2186 2534 2257 prudentiae
2564 2184 2868 2255 praemium.
2906 2179 3001 2236 His
3032 2179 3241 2235 duobus
3264 2178 3330 2233 ad
3358 2178 3462 2233 loci
3488 2193 3615 2233 san-

2048 2281 2275 2335 ctissimi
2312 2278 2508 2348 januas
2543 2270 2929 2337 assidentibus,
2954 2271 3091 2325 ostia
3117 2284 3239 2323 cum
3276 2267 3612 2338 aperiuntur,

2042 2371 2304 2441 justitiam
2352 2366 2676 2433 suscipiunt,
2716 2377 2834 2432 quae
2866 2360 3011 2415 intus
3053 2358 3306 2414 habitans
3337 2364 3616 2429 permanet

2051 2464 2360 2527 incorrupta
2392 2474 2406 2511 :
2442 2454 2779 2524 iniquitatem
2816 2462 2996 2506 autem
3042 2449 3125 2504 fas
3174 2464 3278 2503 non
3331 2459 3414 2502 est
3449 2450 3618 2516 portis

2049 2550 2505 2621 appropinquare,
2559 2545 2654 2598 sed
2686 2542 2753 2597 ab
2799 2541 2904 2597 illis
2940 2536 3346 2597 excubitoribus
3379 2536 3614 2607 repulsa,

2049 2640 2169 2696 loco
2213 2638 2539 2694 excluditur.
2577 2631 2722 2702 llaec,
2755 2634 2953 2689 fratres
2980 2626 3406 2693 honoratissimi,
3439 2625 3619 2683 omni-

2050 2748 2154 2804 que
2184 2731 2342 2784 laude
2381 2729 2555 2798 digiti,
2591 2742 2711 2781 cum
2770 2725 2841 2777 ita
2889 2722 3001 2778 sint
3052 2716 3357 2782 manifesta,
3417 2731 3503 2770 me
3556 2710 3623 2770 ad

2049 2803 2237 2881 afterni
2278 2832 2333 2876 et
2376 2817 2700 2874 immortalis
2742 2814 2963 2869 luminis
2994 2808 3334 2882 splendorem
3379 2803 3623 2863 deduxe-

2054 2928 2178 2973 runt
2210 2934 2224 2970 :
2257 2931 2322 2969 ne
2349 2916 2392 2968 si
2428 2912 2644 2982 longius
2669 2925 2697 2963 a
2725 2923 2810 2964 me
2849 2906 3065 2971 fuisset,
3096 2902 3345 2970 ambigua
3379 2897 3627 2954 fortassis

2054 3012 2219 3067 animi
2276 3010 2408 3063 fides
2458 3006 2743 3061 veritatem
2787 2999 3037 3056 redderet
3078 2990 3479 3052 inconcinnam.
3517 2986 3624 3044 Ve-

2054 3118 2171 3161 rum
2220 3103 2346 3174 quid
2385 3101 2618 3171 primum
2670 3089 3043 3149 confirmabo?
3087 3086 3327 3156 nunquid
3355 3078 3628 3138 felicitatis

368 3175 758 3282 ‘l’UXIiC'ﬁEO‘liIC
793 3175 1181 3281 ἀέτεργάσηται
1218 3175 1324 3275 rip;-
1371 3205 1626 3275 ἀληθείας
1674 3175 1953 3272 ἀνάρμοσ-

2060 3196 2287 3250 l'ormant
2306 3236 2322 3261 ,
2345 3207 2466 3262 quae
2492 3192 2630 3244 intra
2657 3195 2843 3257 pectus
2868 3197 3045 3237 meum
3072 3187 3333 3248 concepta
3364 3175 3513 3235 latet,
3559 3185 3626 3223 an

2542 3284 2551 3287 ‘
2690 3280 2711 3287 “
2755 3279 2765 3287 ·
3045 3271 3057 3287 Ι
3247 3272 3485 3287 ⁶κ-ι--.ι.ι
3517 3264 3622 3287 n-..

370 3320 483 3357 τον.
537 3302 698 3356 Ἀλλὰ
728 3302 781 3355 τί
811 3301 1029 3371 πρῶτον
1053 3297 1518 3367 διαϐεϐαιὼσομαι
1544 3315 1559 3362 ;
1597 3297 1832 3365 Πότερον
1858 3294 1953 3362 τῆς

372 3395 726 3466 εὐδαιμονίας
773 3393 865 3445 τὸν
896 3391 1087 3456 τύπον,
1127 3391 1250 3461 ἥτις
1292 3390 1426 3442 εἴσω
1468 3387 1562 3441 τοῦ
1593 3385 1823 3457 στήθους
1860 3384 1954 3437 τοῦ

374 3486 509 3557 ἐμοῦ
554 3485 960 3555 συνειλημμένη
1004 3483 1281 3544 λανθάνει,
1335 3481 1367 3553 ἢ
1404 3481 1503 3542 τάς
1545 3479 1695 3539 θείας
1736 3478 1959 3547 εὐεργε-

377 3580 502 3640 σίας
527 3579 625 3641 τάς
654 3577 782 3647 περὶ
816 3576 915 3646 ἐμὲ
948 3576 1040 3628 τοῦ
1064 3574 1472 3642 παντοδυνάμου
1491 3568 1648 3634 Θεοῦ,
1681 3570 1737 3634 ἐξ
1772 3562 1846 3622 ὦν
1870 3567 1959 3620 τὸν

378 3669 615 3740 ἀριθμὸν
643 3667 854 3721 πολλῶν
883 3666 1080 3738 ἔργων,
1116 3665 1301 3719 ἱκανὸν
1345 3658 1435 3716 οὖν
1458 3662 1725 3731 λέγωμεν,
1763 3659 1958 3729 φανείη

376 3763 479 3833 ήδη
499 3761 597 3815 καὶ
615 3762 715 3832 τὴν
742 3761 881 3832 ἐμὴν
907 3759 1235 3831 μετριότητα
1262 3760 1289 3810 6
1314 3755 1476 3816 αὐτὸς
1506 3752 1775 3825 ἡμέτερος
1802 3751 1957 3815 Θεὸς,

379 3854 473 3907 καὶ
508 3852 726 3905 πάντων
753 3852 1092 3921 πραγμάτων
1120 3849 1325 3919 Πατὴρ,
1361 3847 1586 3907 εἰκότως
1616 3842 1792 3913 ἑαυτῷ
1825 3860 1925 3894 κατ
1944 3873 1958 3879 -

288 3982 291 3985 ‹
380 3945 736 3998 εδουλώσατο.
799 3943 1130 4003 Πιστεύετε,
1198 3934 1243 3993 ὦ
1296 3939 1616 4010 τιμιώτατοι
1680 3935 1959 4003 ἀδελφοὶ,

382 4036 897 4107 προσλαμϐάνοντες
939 4035 1197 4104 ἀκέραιον
1232 4032 1437 4094 πίστιν,
1467 4033 1576 4092 τοῖς
1607 4028 1920 4097 λεγομένοις
1942 4040 1957 4056 ·

383 4129 432 4180 εί
465 4130 557 4181 καὶ
590 4126 824 4197 μάλιστα
860 4128 893 4195 ή
928 4127 1036 4194 ἐμὴ
1068 4125 1272 4177 διάνοια
1300 4123 1425 4191 ,τῶν
1469 4121 1629 4174 θείων
1672 4120 1959 4189 εὐεργετη-

387 4219 575 4290 μάτων
604 4217 926 4290 κορεσθεῖσα
956 4217 1293 4286 εὐδαιμονεῖν
1327 4215 1495 4275 δοκεῖ,
1529 4213 1621 4266 καὶ
1643 4212 1749 4266 ἀπὸ
1770 4210 1962 4263 τούτου

386 4316 714 4387 πράγματος
744 4312 963 4382 ἐξόχους
981 4311 1237 4373 ἐπαίνους
1262 4308 1548 4378 πληρῶσαι
1574 4302 1830 4358 δύνασθαι
1848 4303 1965 4371 φαί-

387 4420 568 4460 νεται·
600 4405 749 4475 ὅμως
772 4446 784 4467 ,
815 4405 953 4474 ὅπερ
990 4402 1091 4470 τῆς
1127 4401 1383 4470 ἀληθείας
1421 4401 1454 4469 ἠ
1504 4396 1686 4458 πίστις
1718 4394 1964 4465 ἐναργῶς

386 4499 682 4561 δείκνυσιν,
717 4496 843 4548 οὐτε
876 4494 1049 4563 φωνὴ,
1080 4492 1203 4545 οὐτε
1229 4490 1445 4560 γλῶττα
1474 4487 1551 4559 τῷ
1582 4486 1965 4557 προστάγματι

387 4590 488 4661 τῆς
518 4588 758 4651 διανοίας

390 4700 518 4745 τως.
557 4679 823 4751 Ἀμέτρου
847 4677 955 4749 γὰρ
983 4676 1137 4738 ὄντος
1182 4674 1275 4727 τοῦ
1309 4673 1577 4744 μεγέθους
1609 4672 1716 4724 τῶν
1745 4671 1970 4741 εὐεργε-

394 4776 548 4839 σιῶν,
579 4772 613 4844 ή
658 4772 758 4843 μὲν
787 4772 996 4825 διάνοια
1026 4767 1203 4838 ὑψηλή
1242 4784 1324 4829 τις
1368 4762 1502 4818 οῦσα
1522 4805 1535 4829 ,
1564 4765 1688 4826 τοὺς
1713 4763 1972 4832 ἀνωτέρω

393 4866 488 4921 τοῦ
525 4867 776 4936 σώματος
809 4864 1010 4925 τόπους
1049 4858 1477 4927 καταλαμϐάνει·
1508 4858 1541 4925 ἡ
1576 4854 1632 4909 δὲ
1670 4855 1766 4923 τῆς
1797 4851 1972 4918 γλώτ-

395 4972 495 5025 της
524 4956 717 5025 πορεία
748 4956 826 5017 είς
859 4952 1044 5006 στενὸν
1081 4948 1278 5019 κομιδῇ
1322 4947 1484 4999 τόπον
1531 4942 1970 5012 συγκλεισθεῖσα,

397 5043 616 5111 δόκιμος
652 5043 836 5114 σχεδὸν
869 5043 1123 5108 λέγουσα,
1157 5038 1473 5091 παντάπασι
1503 5034 1705 5105 σιωπᾷ.
1740 5033 1835 5095 Τίς
1864 5031 1971 5102 γάρ

400 5136 557 5207 ἡμῶν
581 5134 722 5187 οὕτω
754 5137 1028 5205 προπετὴς
1067 5130 1341 5201 λογισμῷ,
1375 5131 1460 5181 ἵνα
1491 5128 1748 5197 τοιαύτης
1781 5142 1972 5179 πεποι-

401 5226 612 5296 θήσεως
666 5225 943 5298 ἀπορρίψει
971 5225 1147 5293 λόγον,
1192 5223 1257 5275 δι’
1299 5217 1359 5275 οὗ
1385 5222 1549 5289 φάναι
1582 5219 1645 5271 ἂν
1687 5218 1976 5289 τολμήσειε

404 5318 547 5371 πάνυ
594 5316 831 5379 εὐκόλως
882 5316 958 5385 τῷ
1006 5316 1073 5367 τὰ
1106 5317 1282 5367 πάντα
1325 5312 1609 5383 δυναμένῳ
1655 5309 1792 5379 Θεῷ,
1820 5309 1852 5379 ἢ
1885 5308 1978 5361 καὶ

407 5410 623 5463 πάντων
676 5408 783 5459 τῶν
816 5407 1118 5459 καλλίστων
1162 5403 1478 5475 δημιουργῴ
1499 5446 1512 5467 ,
1544 5403 1786 5466 ἐνδόξους
1818 5401 1978 5453 ἐπαί-

407 5517 528 5563 νους
573 5499 669 5552 καὶ⁸
713 5498 968 5563 ὲπαξίους
1028 5495 1258 5558 ἐντελῶς
1312 5498 1519 5559 εἰπεῖν;
1563 5495 1752 5546 Ὀπότε
1800 5493 1851 5544 εἴ
1896 5507 1979 5554 τις

412 5592 581 5662 μόνην
608 5592 707 5661 τὴν
742 5589 1219 5660 μεγαλοπρέπειαν
1253 5586 1345 5639 τοῦ
1380 5587 1540 5639 αὐτὸν
1584 5585 1839 5654 τετάχθαι
1893 5600 1980 5635 νοο-

414 5683 812 5752 μοθετήςαντος
844 5680 1142 5746 λογίσαιτο,
1177 5676 1331 5738 εἰδὼς
1379 5677 1444 5729 ἂν
1497 5681 1788 5745 σκοπησειε
1817 5674 1983 5746 μηδὲν

409 5770 669 5827 δύνασθαι
695 5770 1007 5841 εὑρεθῆναι,
1037 5769 1173 5837 ὅπερ
1200 5764 1349 5829 ἄξιον
1389 5764 1525 5816 Θεοῦ
1546 5763 1801 5834 λεχθῆναι
1831 5760 1986 5831 δυνήο

417 5880 589 5919 σεται.
614 5862 678 5916 Τί
709 5865 885 5916 τοίνυν
917 5861 1012 5929 τῆς
1050 5859 1186 5930 ἐμῆς
1231 5872 1583 5929 μετριότητος
1612 5858 1709 5926 τὴν
1733 5852 1986 5908 καθοσίω-

2062 3287 2240 3342 ιΙινίιιιι
2271 3301 2395 3354 erga
2422 3298 2507 3337 me
2542 3279 2829 3343 beneficia,
2859 3290 2980 3345 quae
3011 3271 3079 3327 ab
3113 3272 3487 3340 onmipotenle
3517 3264 3630 3318 Deo

2055 3382 2165 3448 jam
2201 3379 2566 3432 demonstrata
2603 3383 2763 3434 sunt,
2795 3381 3026 3438 quorum
3064 3374 3343 3417 numerum
3376 3358 3439 3410 ad
3465 3352 3630 3409 multa

2061 3446 2224 3538 opera
2255 3466 2498 3520 sufﬁcere
2534 3462 2848 3522 aSserimus,
2889 3466 2943 3509 ut
2996 3466 3169 3507 meam
3207 3446 3634 3503 mediocritatem

2062 3562 2204 3616 idem
2255 3558 2393 3609 Deus
2428 3564 2613 3607 noster
2652 3559 2704 3603 et
2732 3545 2972 3601 omnium
3018 3556 3197 3597 rerum
3231 3538 3392 3593 Pater
3437 3533 3633 3590 merito

2062 3650 2296 3708 insuam
2341 3648 2658 3704 servitutem
2696 3635 3005 3709 redegerit?
3036 3632 3273 3693 Credite,
3313 3628 3511 3681 fratres
3537 3624 3637 3678 ho-

2066 3740 2421 3801 noratissimi,
2451 3747 2503 3790 et
2537 3736 2800 3800 integrant
2832 3728 2987 3781 fidem
3021 3718 3177 3780 dictis
3214 3720 3506 3775 adhibete:
3534 3710 3633 3768 etsi

2066 3834 2299 3888 maxime
2349 3830 2559 3884 animus
2607 3839 2756 3877 meus
2798 3820 2889 3873 Dei
2926 3815 3201 3871 beneflciis
3248 3812 3460 3883 plenus,
3509 3805 3636 3860 felix

2063 3942 2182 3981 eSse
2213 3924 2443 3985 videtur,
2486 3928 2540 3974 et
2584 3918 2651 3970 ob
2695 3929 2814 3967 eam
2852 3925 3069 3965 causam
3114 3908 3406 3960 immensas
3450 3895 3638 3952 laudes

2063 4022 2237 4074 eidem
2291 4028 2451 4085 pOSse
2498 4007 2804 4081 persolvere
2834 4022 2846 4057 :
2876 4014 3077 4063 tamen,
3131 4007 3187 4051 ut
3227 3996 3357 4050 ﬁdes
3396 3990 3640 4047 veritatis

2065 4120 2251 4177 aperte
2291 4080 2558 4165 ostendit,
2612 4114 2787 4167 neque
2836 4108 2936 4149 vox
2989 4104 3164 4160 neque
3206 4088 3384 4152 lingua
3443 4080 3641 4157 mentis

2066 4197 2295 4268 imperio
2340 4193 2548 4249 servire
2579 4186 2884 4251 suiliciunt;
2913 4185 3071 4252 idque
3091 4176 3215 4249 jure
3240 4179 3467 4247 Optimo.
3504 4166 3640 4227 Cum

2065 4262 2208 4343 enim
2256 4286 2516 4339 immensa
2567 4280 2632 4334 sit
2684 4273 3073 4331 beneficiorum
3117 4262 3447 4337 magnitudo,
3486 4273 3641 4316 mens

2067 4382 2284 4454 quidem
2336 4380 2497 4429 altior
2535 4372 2810 4427 exsistens
2862 4362 3176 4418 sublimiora
3230 4357 3476 4428 corporis
3521 4349 3639 4407 loca

2066 4442 2294 4538 occupat
2323 4485 2336 4519 :
2361 4465 2557 4533 lingua:
2586 4468 2762 4512 autem
2803 4455 2887 4508 via
2943 4455 2996 4506 in
3041 4462 3322 4520 angustum
3352 4442 3637 4498 admodum

804 4534 1153 4657 ORZupy‘iiaat
1193 4534 1459 4654 ἀρκοῦσν
1498 4534 1591 4634 καὶ
1626 4534 1776 4649 ιμάλα
1805 4534 1953 4630 .6226-

2072 4534 2247 4619 locum
2286 4555 2564 4615 conclusa,
2603 4549 2716 4603 fere
2766 4561 2887 4600 cum
2923 4542 3064 4611 loqui
3106 4539 3366 4599 creditur,
3418 4534 3641 4588 omnino

2201 4654 2209 4657 λ
2346 4650 2357 4657 ·
2461 4645 2494 4657 Α
2543 4645 2553 4655 ·
2711 4641 2723 4652 ο
2770 4656 2773 4657 ν
2826 4647 3065 4657 ελ-...--,-,
3113 4644 3219 4657 .,,,,,
3273 4642 3526 4657 ηηωηήηο,
3560 4636 3635 4657 ΔΜ

2070 4650 2404 4712 conticescit.
2456 4645 2588 4712 Quis
2639 4641 2783 4695 enim
2825 4647 3068 4691 nostrum
3113 4644 3222 4685 tam
3273 4642 3526 4699 praeceps
3560 4636 3643 4679 est

2073 4744 2447 4812 cogitatione,
2508 4744 2563 4787 ut
2623 4732 2781 4800 hujus
2830 4724 3100 4796 opinionis
3152 4718 3643 4777 considerationem

2072 4848 2286 4890 Omnem
2342 4834 2581 4896 respuat,
2630 4823 2860 4888 ideoque
2909 4814 3178 4870 afﬁrmare
3226 4810 3444 4873 audeat,
3489 4802 3646 4862 facile
3705 4800 3713 4812 ’

2074 4924 2528 4981 admodnnresse,
2558 4911 2917 4976 omnipotenti
2952 4910 3061 4963 Deo
3094 4917 3149 4960 et
3192 4919 3370 4958 rerum
3405 4901 3645 4955 omnium

2078 5011 2562 5088 pulcherrimarum
2590 5003 2769 5073 opifici
2823 4996 3090 5070 gloriosas
3120 5004 3173 5049 et
3199 4988 3291 5046 illo
3313 4990 3504 5060 dignas
3535 4989 3649 5041 lau-

2077 5080 2172 5163 des
2205 5098 2422 5159 dicere?
2453 5094 2900 5164 Quandoquidem
2945 5089 2987 5143 si
3032 5087 3156 5157 quis
3194 5084 3362 5139 solam
3392 5081 3530 5151 ejus,
3556 5080 3645 5148 qui

2079 5217 2205 5256 eum
2237 5196 2383 5251 uasei
2422 5189 2725 5252 constituit,
2756 5184 3090 5249 maiestatem
3117 5176 3434 5247 perpendat,
3469 5173 3647 5227 sciens

2080 5291 2342 5358 intelliget
2413 5283 2542 5338 nihil
2594 5274 2818 5333 inveniri
2871 5288 3048 5344 posse,
3088 5263 3230 5340 quod
3279 5270 3383 5321 Deo
3434 5264 3648 5331 dignum

2080 5355 2468 5452 eloquivqneat.
2511 5372 2652 5439 Quid
2688 5385 2817 5438 ergo
2854 5368 2907 5420 in
2963 5380 3095 5419 meae
3140 5358 3530 5415 mediocritatis
3564 5355 3651 5425 ju-

2082 5446 2407 5533 stifieatione
2467 5469 2650 5521 dicere
2701 5459 3016 5529 oportebat,
3083 5470 3240 5524 quant
3300 5450 3441 5521 quod
3511 5446 3649 5501 divi-

2084 5588 2185 5629 nus
2269 5564 2513 5623 veritatis
2591 5574 2770 5612 sermo
2845 5544 3298 5617 demonstraret?
3374 5545 3497 5597 itare
3571 5553 3650 5595 est

2087 5659 2431 5733 magnitudo,
2476 5657 2588 5706 haec
2650 5647 2877 5702 maxima
2938 5642 3229 5695 veneratio.
3272 5638 3655 5691 (Jousideretur

2088 5726 2310 5824 aperte,
2380 5765 2443 5802 an
2507 5740 2781 5803 incidere,
2832 5753 2897 5790 an
2946 5731 3090 5787 mtllo
3133 5746 3318 5785 errore
3357 5726 3500 5780 illabi
3559 5740 3654 5794 po-

2088 5818 2194 5904 test
2239 5846 2289 5901 in
2346 5858 2407 5897 ea
2456 5853 2574 5910 quae
2640 5834 2705 5889 de
2752 5832 2869 5903 ipso
2908 5830 3177 5884 dicuntur.
3226 5826 3400 5891 Atque
3450 5818 3654 5873 utinam
