4148 6558
537 370 672 436 1235

1791 386 2095 447 GELASII
2136 388 2475 450 CYZICENI

3647 387 3781 453 1236

534 486 688 553 mihi,
723 485 811 555 qui
844 485 995 540 vobis
1039 488 1091 541 in
1125 488 1217 542 Dei
1255 489 1562 546 ministerio
1592 507 1709 546 sum
1751 495 2094 562 coniunctus,

2208 516 2290 553 σιν
2324 499 2505 563 λέγειν
2527 500 2715 570 ἐχρῆν,
2751 500 2799 552 εί
2825 498 2898 571 μὴ
2929 498 3106 562 τοῦτο,
3134 500 3270 569 ὅπερ
3295 502 3323 553 ό
3347 499 3486 565 θεῖος
3511 501 3666 570 λόγος
3681 503 3779 573 τῆς

532 578 749 646 copiosa
798 578 1010 631 dicendi
1061 579 1287 636 facultas
1357 594 1687 652 suppeteret,
1736 600 1794 639 ut
1850 587 2099 645 laudibus

533 672 865 725 celebrarent
917 671 1005 725 illa
1053 674 1448 743 prmdicatione
1491 677 1676 748 digna,
1720 694 1837 748 qua:
1882 681 2101 736 divinus

536 758 785 817 Salvator
833 772 1037 829 noster,
1087 766 1326 820 omnium
1372 784 1555 822 rerum
1603 781 1805 835 custos,
1838 773 2101 842 principio

537 852 622 907 sui
670 852 956 919 adventus,
987 858 1201 923 quando
1242 858 1632 927 redemptionis
1663 869 1861 916 nostra;
1900 865 2132 931 gratia,_

535 943 654 1013 puri
705 945 948 1013 Corporis
990 946 1325 1003 domicilium
1360 965 1424 1003 ex
1450 948 1669 1019 Virgine
1710 967 1987 1006 assumere
2018 955 2101 1005 di-

536 1045 733 1106 gnatus
757 1046 865 1100 est,
894 1038 1145 1092 omnibus
1175 1040 1488 1094 hominibus
1522 1042 1825 1111 exemplum
1853 1058 1963 1096 suae
1996 1044 2101 1096 mis

537 1125 851 1181 sericordite
900 1130 1228 1191 ostendens,
1281 1132 1578 1199 tranquillo
1629 1149 1739 1187 sua:
1803 1134 2104 1190 divinitatis

538 1228 673 1272 nutu
718 1217 1109 1274 demonstravit
1140 1222 1153 1275 l
1184 1222 1337 1277 Unde
1383 1224 1546 1292 igitur
1573 1224 1874 1293 incipiam?
1917 1242 1984 1281 an
2038 1228 2104 1282 ab

538 1306 656 1374 ejus
684 1310 926 1364 doctrina
957 1321 1014 1366 et
1039 1312 1369 1380 majestate?
1402 1330 1469 1369 an
1498 1316 1675 1384 potius
1705 1334 1733 1371 a
1769 1318 2105 1373 documentis

539 1399 671 1463 illis,
711 1416 830 1470 quae
879 1403 995 1471 ipse
1036 1418 1132 1472 per
1174 1406 1411 1474 seipsnm
1458 1408 1603 1462 solns
1658 1410 1914 1480 magister
1958 1412 2104 1467 nullo

542 1491 767 1548 docente
801 1495 1139 1550 declaravit?
1180 1498 1342 1567 Atqui
1393 1501 1727 1567 respirarunt
1769 1502 1885 1571 ejus
1927 1505 2102 1584 provi.

542 1581 725 1637 dentia
773 1593 846 1638 tot
894 1586 1096 1657 p0puli,
1129 1598 1261 1658 quot
1306 1606 1530 1644 numero
1574 1595 1956 1661 comprehendi
1998 1581 2104 1650 non

540 1684 792 1741 possunt,
821 1691 985 1745 parvo
1012 1679 1244 1746 quodam
1282 1679 1558 1742 alimento,
1594 1697 1657 1737 ac
1692 1685 1932 1739 minimis
1956 1688 2105 1740 ciba-

543 1764 657 1827 riis,
686 1774 739 1820 et
777 1768 906 1821 solis
942 1769 1150 1823 duobus
1190 1770 1451 1839 piscibus,
1494 1788 1589 1841 per
1616 1775 1851 1829 divinam
1887 1778 2002 1847 ejus
2034 1780 2106 1832 in-

2202 591 2457 659 ἀληθείας
2507 591 2819 658 δείκνυσιν;
2865 585 2939 644 υἷι
2986 591 3046 644 τὺ
3103 591 3330 662 μέγεοος
3376 592 3498 663 ἥτις
3548 595 3779 665 μεγίστη

2202 682 2572 752 προσκύνησις
2602 684 2932 753 σκοπησάτω
2961 684 3167 751 σαφῶς,
3192 684 3240 736 εί
3263 685 3596 756 καταντῆσαι
3623 686 3783 757 δυνή·

2203 789 2353 824 σεται
2382 774 2439 824 ἐν
2470 772 2653 834 αὐτοῖς
2686 775 2797 835 τοῖς
2838 771 2965 841 περὶ
2995 771 3159 823 αὐτοῦ
3198 770 3509 841 λεγομένοις
3527 813 3542 837 ,
3568 773 3660 824 καὶ
3684 773 3781 826 of»

2200 863 2360 931 δεμία
2389 862 2574 932 πλάνη
2596 862 2758 916 αὑτὸν
2783 862 3075 931 όλισθήσει.
3120 864 3229 915 Καὶ
3264 863 3372 915 εἴθε
3421 862 3609 934 μοιτῷ
3647 863 3782 933 ὑμε-

2200 952 2345 1023 τέρῳ
2394 952 2724 1023 συνδιακόνῳ
2757 952 2983 1023 δαψιλὴς
3032 954 3266 1025 εὐπορία
3311 954 3407 1007 τοῦ
3455 954 3637 1021 λέγειν
3679 955 3781 1024 ἀρ-

2204 1042 2436 1106 κέσειεν,
2469 1044 2556 1097 ἵνα
2603 1045 2787 1097 ἐκεῖνα
2814 1043 2940 1107 ἀξια
2985 1044 3114 1097 ὄντα
3151 1043 3244 1097 τοῦ
3290 1043 3657 1115 κηρύττεσθαι
3692 1046 3784 1113 ἐγ-

2204 1136 2491 1204 κωμιάσω,
2530 1137 2673 1207 άπερ
2707 1138 2735 1190 ὁ
2765 1136 2907 1198 θεῖος
2938 1135 3127 1206 Σωτὴρ
3148 1138 3176 1189 ὁ
3199 1135 3487 1207 ἡμέτερος,
3520 1137 3781 1207 πραγμά-

2202 1244 2311 1279 των
2358 1243 2415 1279 τε
2459 1226 2676 1279 πάντων
2726 1224 2922 1296 φύλαξ,
2967 1230 3078 1289 τοῖς
3123 1225 3430 1298 προοιμίοις
3474 1227 3572 1296 τῆς
3614 1224 3781 1280 αὐτοῦ

2204 1317 2528 1388 παρουσίας,
2569 1320 2730 1372 ὁπότε
2777 1322 2873 1390 τῆς
2904 1319 3179 1391 ἡμετέρας
3218 1319 3553 1382 λυσιτελείας
3595 1318 3779 1381 ἕνεκα,

2205 1405 2369 1475 ἀγνοῦ
2403 1407 2653 1478 σώματος
2690 1410 3005 1480 οἰκητήριον
3035 1408 3375 1480 κατηξίωσεν
3408 1409 3473 1461 ἐκ
3501 1408 3781 1480 Παρθένου

2204 1499 2404 1563 λαϐεῖν,
2451 1500 2615 1553 πᾶσιν
2658 1498 2965 1569 ἀνθρώποις
3010 1499 3245 1569 δίδαγμα
3295 1499 3389 1553 τοῦ
3436 1501 3568 1572 παρ’
3609 1498 3778 1555 αὑτοῦ

2205 1589 2382 1641 οἴκτου
2412 1588 2607 1659 δηλῶν,
2650 1587 2868 1659 γαληνῷ
2911 1587 3141 1659 νεύματι
3190 1589 3288 1658 τῆς
3331 1588 3493 1642 αὑτοῦ
3526 1589 3781 1659 θεότητος

2206 1680 2392 1746 ἔδειξε.
2438 1681 2593 1742 Τίνος
2631 1680 2868 1751 ἄρξομαι
2904 1677 3050 1752 ἆρα;
3096 1681 3204 1734 ἀπὸ
3231 1681 3332 1751 τῆς
3364 1680 3529 1735 αὺτοῦ
3561 1680 3780 1749 διδαχῆς

2208 1774 2298 1825 καὶ
2329 1773 2685 1843 σεμνότητο;;
2712 1772 2824 1826 ἀλλ’
2857 1773 2963 1826 ἀπὸ
2981 1773 3139 1826 θείων
3168 1772 3543 1833 διδασκαλιῶν,
3578 1765 3651 1825 ὧν
3680 1771 3778 1824 αὑ-

542 1854 822 1911 dustriam.
883 1856 1072 1913 Lazari
1137 1862 1300 1914 etiam
1337 1874 1456 1932 post
1498 1874 1722 1919 mortem
1783 1868 1929 1922 brevi
1971 1886 2094 1939 qua-

2207 1864 2294 1927 τὺς
2323 1864 2391 1917 δι’
2416 1864 2632 1927 ἐαυτοῦ,
2671 1864 2898 1935 μηδενὸς
2934 1865 3294 1928 διδάσκοντος,
3326 1865 3481 1936 μόνος
3523 1865 3778 1920 διδάσκα-

543 1950 665 1999 dam
689 1946 830 2002 linea
864 1954 1319 2005 resurrectionem
1346 1964 1603 2023 operatus
1631 1967 1735 2020 est,
1772 1968 1825 2011 et
1858 1960 1921 2013 ad
1948 1960 2106 2029 hujus

542 2034 679 2091 lucis
704 2039 1041 2106 splendorem
1066 2041 1256 2096 iterum
1284 2045 1514 2099 reduxit.
1541 2046 1819 2112 Quomodo
1838 2049 2016 2104 dicam
2041 2054 2107 2106 de

541 2139 673 2197 pura
715 2130 876 2184 etiam
912 2133 1216 2199 divinitate,
1261 2150 1356 2204 per
1397 2154 1559 2204 quam
1609 2139 1888 2194 mulierem
1919 2160 2106 2210 quam-

541 2217 662 2271 dam
711 2218 964 2275 ineffabili
1027 2228 1184 2278 modo
1230 2225 1500 2291 intuitus,
1548 2243 1778 2298 eamque
1822 2246 1922 2287 suo
1969 2234 2105 2288 dun-

542 2317 693 2364 taxat
752 2311 1021 2381 colloquio
1082 2316 1375 2385 dignatus,
1438 2334 1625 2372 sanam
1695 2335 1884 2376 rursus
1943 2336 2105 2391 atque

538 2403 683 2456 omni
730 2408 915 2459 morbo
959 2406 1180 2460 liberam
1222 2409 1500 2463 ostendit?
1542 2410 1676 2476 Quis
1722 2423 1904 2468 autem
1946 2415 2105 2484 digne

536 2496 795 2563 praedicet
820 2497 934 2565 ejus
966 2498 1273 2554 immortale
1305 2500 1531 2567 factum,
1560 2518 1656 2571 per
1683 2507 1824 2573 quod
1866 2494 1964 2575 qui
1983 2524 2104 2561 con-

538 2586 689 2641 tinuo
729 2596 784 2642 et
822 2589 912 2642 diu
945 2585 1265 2646 absumente
1318 2595 1505 2649 morbo
1535 2595 1896 2663 detinebatur,
1943 2616 2104 2654 mem-

533 2675 649 2732 bris
693 2680 945 2734 omnibus
986 2682 1176 2737 solutis
1209 2694 1370 2753 atque
1394 2685 1847 2756 divulsisjacens,
1888 2702 2104 2760 repente

538 2767 723 2822 divino
775 2772 1167 2829 medicamento
1210 2785 1456 2843 sanatus,
1509 2780 1791 2847 grabatum
1846 2798 2001 2837 suum
2048 2785 2100 2839 in

536 2872 645 2925 quo
679 2856 918 2927 jacehat,
968 2862 1211 2919 humeris
1252 2866 1528 2934 imposuit,
1575 2879 1628 2924 et
1661 2869 1850 2927 laudes
1895 2874 2101 2941 gratia-

534 2962 655 3001 rum
707 2951 939 3006 actionis
987 2952 1236 3021 fundens,
1289 2970 1383 3026 per
1418 2960 1645 3027 patriam
1693 2971 1747 3015 et
1792 2963 1925 3019 lines
1974 2981 2102 3021 suos

534 3039 818 3095 cucurrit?
860 3052 916 3095 et
947 3042 1187 3100 divinum
1236 3062 1301 3101 ac
1336 3048 1581 3102 stabilem
1625 3051 1741 3119 ejus
1776 3053 2098 3124 ingressum,

535 3142 644 3196 quo
672 3130 947 3198 incedens,
986 3143 1040 3187 et
1068 3137 1295 3191 saeviens
1343 3155 1492 3194 mare
1533 3141 1755 3197 calcans
1784 3147 2096 3211 connexuit,

534 3229 590 3274 et
627 3220 823 3277 divinis
874 3226 1112 3295 vestigiis
1157 3229 1566 3295 profundissimi
1608 3236 1775 3290 maris
1820 3236 2100 3294 humorem

535 3302 825 3382 compegit,
870 3324 924 3368 et
972 3331 1068 3384 per
1114 3319 1349 3372 medium
1385 3320 1605 3389 pelagus
1641 3324 1784 3378 nulla
1820 3326 2102 3396 profundi-

534 3400 664 3456 tatis
712 3418 961 3458 mensura
1011 3405 1334 3475 definitum,
1385 3414 1537 3479 quasi
1596 3429 1692 3482 per
1744 3424 1944 3471 terram
1998 3418 2102 3474 iter

532 3489 681 3556 fecit,
720 3503 774 3547 et
800 3495 1096 3564 simplicem
1129 3499 1469 3567 patientiam,
1513 3519 1609 3573 per
1636 3520 1797 3575 quam
1837 3508 1890 3561 in
1922 3511 2101 3565 omni-

533 3580 638 3637 bus
675 3584 867 3651 victor,
917 3587 1289 3658 insipientium
1340 3595 1662 3663 populorum
1703 3603 2099 3656 contumaciam

528 3674 789 3741 edomuit,
848 3689 901 3733 et
934 3681 1190 3736 domitam
1236 3699 1423 3739 eorum
1475 3687 1753 3756 ferociam,
1795 3693 1983 3760 procul
2031 3696 2099 3749 ab

529 3764 598 3820 iis
640 3770 1033 3839 peregrinatus,
1096 3774 1196 3843 legi
1246 3777 1514 3847 subjecit;
1572 3790 1626 3834 et
1674 3782 1761 3836 illa
1815 3784 1993 3838 dililla
2043 3797 2098 3841 et

529 3859 763 3911 maxima
809 3860 926 3929 ejus
981 3862 1288 3920 divinitatis
1332 3882 1532 3937 opera,
1584 3873 1781 3940 quibus
1824 3875 2091 3942 vivimus,

526 3947 722 4015 quibus
764 3955 1149 4020 approbantur,
1189 3958 1498 4028 quicunque
1537 3978 1643 4015 nun
1692 3964 1862 4019 solum
1904 3968 2097 4025 futura:

528 4034 881 4093 beatitudinis
931 4056 1081 4109 spem
1128 4056 1523 4115 exspectamus,
1569 4053 1662 4107 sed
1695 4056 2095 4125 quodammodo

520 4123 631 4192 jam
674 4130 956 4182 tenemus?
996 4131 1107 4201 Ego
1153 4133 1371 4201 quidem
1416 4139 1612 4207 exiguo
1664 4123 1928 4202 orationis
1964 4165 2094 4204 meae

526 4229 785 4285 apparatu
817 4220 934 4289 plus
973 4238 1076 4277 non
1111 4226 1281 4279 audeo
1314 4228 1512 4293 dicere,
1543 4250 1702 4301 quam
1746 4237 1846 4293 hoc
1893 4240 2089 4307 solum,

525 4309 759 4361 animam
795 4328 965 4366 meam
990 4314 1341 4384 jnstiliratam
1372 4322 1424 4375 in
1455 4325 1776 4381 sinceritate
1824 4344 1918 4383 seu
1951 4334 2090 4401 puri-

523 4406 634 4455 tate
662 4404 867 4456 versari
908 4416 1179 4474 oportere.
1207 4410 1392 4476 Qualis
1417 4414 1580 4483 igitur
1604 4428 1689 4472 est
1734 4421 2086 4490 omnipotens

2207 1957 2296 2020 λος
2328 1958 2596 2028 πέφηνενς
2628 1957 2744 2011 ἀλλ’
2769 1958 2922 2020 ὅπως
2968 1958 3326 2020 ἀνέπνευσαν,
3357 1958 3442 2011 διά
3487 1959 3582 2029 τῆς
3612 1956 3778 2011 αὐτοῦ

2210 2048 2482 2117 προνοίας,
2510 2047 2758 2101 τοσοῦτοι
2798 2049 2981 2118 δῆμοι,
3018 2050 3173 2113 ὅσους
3218 2050 3338 2104 οὐδὲ
3371 2050 3587 2121 ἀριθμῷ
3621 2067 3780 2120 περι-

2206 2136 2386 2191 λαϐεῖν
2418 2133 2528 2192 οἷόν
2549 2155 2632 2203 τε,
2665 2141 2837 2211 μικρᾷ
2865 2157 2971 2193 τινι
3006 2146 3199 2214 τροφὴ,
3236 2142 3332 2195 καὶ
3366 2142 3667 2212 ἐλαχίστοις
3702 2158 3780 2195 σι-

2204 2228 2372 2291 τίοιςθ
2398 2229 2491 2282 καὶ
2517 2229 2700 2300 μόνοις
2730 2231 2822 2284 δύο
2849 2231 3044 2302 ίχθύσι,
3081 2237 3145 2304 τῇ
3174 2233 3363 2287 τούτου
3391 2233 3509 2305 θεία
3531 2234 3776 2305 προνοίας

2205 2319 2295 2371 καὶ
2324 2320 2576 2391 Λαζάρου
2620 2321 2760 2391 μετά
2791 2323 2889 2392 τὴν
2921 2324 3181 2394 τελευτὴν
3211 2324 3440 2396 βραχείᾳ
3469 2325 3575 2378 τινὶ
3601 2325 3779 2395 ῥάϐδῳ

2204 2409 2500 2462 ἀνάστασιν
2528 2412 2820 2480 πεποίηκε,
2859 2413 2952 2464 καὶ
2985 2415 3064 2476 είς
3092 2413 3188 2484 τὴν
3216 2412 3307 2466 τοῦ
3333 2414 3506 2483 φωτὸς
3534 2414 3782 2485 λαμπρό-

2203 2515 2341 2569 τητα
2366 2498 2525 2563 αὖθις
2562 2501 2827 2571 ἀνήγαγε.
2877 2502 2999 2565 Πῶς
3028 2503 3071 2555 δ’
3106 2505 3170 2557 ἂν
3219 2506 3428 2574 εἴποιμι
3469 2502 3565 2575 τὴν
3608 2504 3781 2574 ἁγνὴν

2205 2591 2369 2645 αὐτοῦ
2410 2592 2662 2662 θεότητα,
2703 2594 2751 2646 δί
2784 2591 2851 2666 ἧς
2897 2596 3130 2661 γυναῖκά
3169 2614 3290 2651 τινα
3325 2597 3781 2670 ἀποῤῥητοτέρως

2204 2681 2563 2752 θεασάμενος,
2596 2687 2690 2738 καὶ
2714 2686 2811 2755 τῆς
2844 2686 3037 2738 ἑαυτοῦ
3068 2686 3285 2757 ὁμιλίας
3317 2687 3485 2757 μόνης
3507 2684 3778 2750 καταξιὼ-

2206 2791 2322 2837 σας,
2355 2776 2484 2843 ὑγιᾶ
2512 2794 2569 2829 τε
2593 2774 2769 2841 αὖθις,
2804 2780 2898 2831 καὶ
2928 2779 3127 2841 παντὸς
3161 2781 3464 2850 νοσήματος
3487 2779 3780 2854 ἐλευθέραν

2203 2865 2404 2934 ἐδειξε;
2433 2868 2517 2931 τίς
2543 2868 2590 2921 δ’
2623 2869 2691 2923 ἂν
2722 2870 2842 2923 κατ’
2876 2872 3036 2937 ἀξίαν
3057 2873 3201 2925 εἴποι
3230 2872 3396 2925 αὐτοῦ
3426 2872 3484 2925 τὸ
3510 2872 3779 2925 ἀθάνατον

2202 2956 2384 3027 ἔργον,
2419 2958 2485 3011 δι’
2528 2954 2587 3013 οὗ
2622 2978 2707 3023 τις
2753 2966 2967 3032 συνεχεῖ
2996 2965 3088 3016 καὶ
3125 2965 3312 3035 μακρᾷ
3339 2963 3496 3017 νόσου
3528 2962 3779 3033 τηκεδόνι

2203 3049 2522 3114 ἀναλωθεὶς,
2551 3053 2646 3106 καὶ
2674 3053 2783 3106 τῶν
2816 3053 2995 3123 μελῶν
3025 3053 3190 3106 αὐτοῦ
3214 3055 3483 3125 χυθέντων
3517 3054 3610 3108 καὶ
3659 3054 3779 3108 δια-

2206 3140 2553 3196 σπασθέντων
2600 3145 2737 3197 ὅλων
2779 3146 3051 3216 κείμενος,
3101 3146 3253 3215 ἄφνω
3283 3145 3412 3216 θείῳ
3449 3147 3630 3214 ἰάματι
3663 3148 3779 3217 pws

2207 3232 2374 3298 σθεὶς,
2397 3234 2529 3288 αὐτὸ
2560 3235 2621 3288 τὸ
2654 3238 2990 3307 σκιμπόδιον,
3028 3239 3111 3307 ἐφ’
3232 3238 3430 3303 ἔκειτο,
3463 3242 3574 3300 τοῖς
3600 3238 3776 3308 ὤμοις

2203 3324 2460 3396 ἐπέθηκε,
2493 3327 2586 3379 καὶ
2619 3328 2968 3398 εὐχαριστίας
2998 3328 3250 3392 ἐπαίνους
3291 3328 3522 3398 διαχέων
3543 3370 3557 3393 ,
3588 3327 3677 3381 διά
3710 3343 3772 3379 τε

2201 3415 2298 3485 τῆς
2328 3417 2606 3489 πατρίδος,
2648 3419 2743 3472 καὶ
2782 3420 2883 3489 τῆς
2924 3421 3135 3492 ἐνορίας
3172 3421 3500 3492 διέδραμενς
3542 3420 3675 3472 ἀλλά
3709 3419 3773 3472 τὸ

2201 3507 2343 3560 θεῖον
2371 3508 2556 3574 αὑτοῦ,
2593 3510 2686 3562 καὶ
2728 3510 2999 3581 σταθηρδν
3044 3511 3313 3581 βάδισμα,
3356 3512 3431 3575 ὡς
3476 3511 3771 3565 ἐπιὸαίνων

2198 3598 2297 3668 τὴν
2336 3598 2532 3670 ἀγρίαν
2575 3600 2851 3655 θάλασσαν
2890 3604 3288 3673 καταπατήσας
3329 3601 3586 3666 ἐπέζευσε
3612 3642 3627 3666 ,
3671 3603 3771 3656 καὶ

2196 3691 2309 3753 τοῖς
2336 3682 2502 3754 θείοις
2529 3692 2700 3762 ἴχνεσι
2729 3693 2829 3763 τῆς
2860 3694 3164 3765 βαθυτάτης
3186 3695 3455 3766 θαλάττης
3485 3695 3584 3766 τὴν
3613 3696 3769 3766 ὑγρό-

2197 3799 2333 3852 τητα
2360 3782 2548 3855 ἔπηξε,
2583 3787 2677 3838 καὶ
2723 3786 2810 3839 διά
2854 3787 3023 3856 μέσου
3074 3788 3343 3857 πελάγους
3379 3788 3554 3842 οὐδενὶ
3586 3788 3767 3859 μέτρῳ

2198 3874 2497 3945 βαθύτητος
2541 3865 3014 3947 περιοριζομένου,
3072 3879 3160 3932 διὰ
3214 3881 3337 3950 γῆς,
3394 3881 3493 3952 τὴν
3541 3880 3766 3950 πορείαν

2197 3966 2529 4035 ἐποιήσατο;
2570 3966 2707 4020 ἀλλά
2749 3967 2846 4039 τὴν
2891 3970 3057 4038 ὴπίαν
3096 3970 3258 4024 αὐτοῦ
3288 3970 3656 4035 ἀνεξικακίαν,
3696 3970 3766 4024 δι’

2191 4051 2259 4128 ἦς
2294 4057 2519 4127 νικητὴς
2548 4056 2644 4123 ὢν,
2672 4061 2730 4111 ἐν
2764 4061 2899 4113 πᾶσι
2921 4062 3028 4116 τῶν
3058 4064 3297 4134 ἀνοήτων
3327 4064 3514 4134 δήμων
3543 4064 3641 4131 τὴν
3664 4063 3730 4114 αὐ

2192 4146 2408 4203 θάδειαν
2436 4149 2699 4221 ἐδάμασε,
2737 4154 2832 4205 καὶ
2880 4153 3253 4224 δαμασθεῖσαν
3298 4156 3487 4228 πόρρω
3527 4154 3622 4207 ἀπ’
3662 4155 3760 4205 αύ-

2190 4240 2295 4293 τῶν
2332 4241 2671 4313 διαχωρίζων
2699 4245 2797 4315 τὴν
2824 4246 3143 4317 ἀγριότητα,
3187 4247 3262 4318 τῷ
3285 4248 3432 4317 νόμῳ
3458 4245 3756 4311 ὑπέταξενς

2188 4331 2302 4384 ἀλλ’
2333 4332 2515 4386 ἐκεῖνα
2541 4336 2609 4387 τὰ
2659 4335 3030 4408 ὑπέρλαμπρα
3073 4337 3170 4390 καὶ
3204 4336 3437 4407 μέγιστα
3463 4340 3561 4407 τῆς
3592 4336 3752 4390 αὐτοῦ

2188 4422 2461 4493 θεότητος,
2514 4421 2844 4500 οἷςγζῶμεν,
2898 4423 2978 4491 οἷς
3018 4428 3377 4500 εὐδοκοῦμεν,
3415 4429 3609 4491 οῐτινες
3654 4430 3754 4500 τῆς

519 4490 663 4551 Deus
690 4496 780 4564 qui
818 4497 1015 4552 cwlum
1054 4502 1285 4568 habitat,
1313 4508 1455 4560 circa
1492 4518 1660 4563 totum
1694 4525 1861 4580 genus
1889 4514 2083 4568 huma-

2195 4490 2489 4585 μελλούσης
2528 4490 2876 4587 εὐδαιμονίας
2911 4518 3010 4591 τὴν
3052 4490 3258 4574 ante;
3282 4490 3549 4593 oa'pévov
3584 4490 3751 4591 προὰὲ

517 4599 669 4651 num,
705 4588 936 4644 maxime
978 4602 1158 4647 autem
1202 4610 1265 4649 ac
1313 4599 1580 4668 pra-cipue
1616 4602 1755 4655 circa
1792 4606 2084 4672 pulcherri-

514 4690 681 4741 mam,
730 4686 784 4731 et
816 4682 961 4734 omni
1012 4682 1167 4738 laude
1214 4691 1469 4756 majorem
1494 4688 1786 4757 justitiam,
1838 4698 2081 4765 quando-

511 4766 731 4835 quidem
761 4772 1035 4839 proprium
1065 4774 1302 4831 divinum
1337 4777 1595 4846 Spiritum
1630 4785 1823 4839 merito
1852 4789 2081 4843 sanctis-

512 4855 707 4910 simum
761 4857 931 4928 ipsius
974 4877 1173 4933 corpus
1224 4866 1549 4935 inhabitare,
1604 4881 1659 4924 et
1705 4874 1783 4928 sic
1826 4878 2079 4934 omnibus

516 4946 767 5005 humanis
803 4956 1125 5024 corporibus
1155 4958 1448 5014 salutarem
1483 4977 1603 5017 esse
1631 4965 1851 5036 dignum
1881 4971 2080 5027 tithil?

511 5039 568 5095 Si
596 5040 809 5110 quidem
841 5044 1107 5102 immensa
1142 5048 1372 5104 hostimn
1400 5052 1630 5121 insania,
1662 5063 1814 5125 quasi
1843 5062 2077 5133 caligine

508 5132 737 5201 quadam
771 5136 1093 5204 perniciosae
1138 5141 1341 5196 umbrae
1387 5145 1634 5212 confusa,
1678 5132 2074 5211 sanctissimam

507 5236 561 5278 et
595 5225 890 5281 salutarem
926 5230 1316 5299 omnipotentis
1344 5234 1437 5290 Dei
1467 5237 1871 5308 dispositionem
1907 5248 2075 5303 inter-

506 5318 707 5384 pretari
760 5334 865 5373 nou
915 5320 1126 5378 dubitat
1176 5325 1459 5382 :breviter
1508 5330 1559 5382 id
1616 5349 1745 5402 ego,
1810 5348 2075 5405 quatenus

508 5409 639 5463 fides
680 5420 734 5463 et
784 5412 948 5465 animi
995 5414 1314 5481 justiticatio
1353 5420 1660 5478 facultatem
1708 5428 1917 5483 dicendi
1988 5434 2074 5486 de-

505 5498 665 5564 derit,
698 5517 955 5558 enarrare
984 5510 1222 5563 tentabo.
1254 5509 1321 5565 Et
1350 5513 1567 5580 quidem
1602 5515 1791 5572 harum
1824 5524 2065 5591 gentium

503 5606 682 5665 pravae
705 5594 988 5662 opiniones
1017 5600 1066 5653 id
1101 5600 1448 5671 impudentia:
1479 5622 1648 5676 genus
1697 5610 1980 5677 inducunt,
2012 5625 2068 5668 ut

499 5698 594 5736 ore
663 5685 826 5753 impio
879 5689 1059 5745 dicere
1129 5709 1232 5747 non
1291 5709 1674 5767 expavescunt,
1734 5700 1899 5755 Deum
1959 5719 2068 5758 om-

501 5774 624 5841 uipo
689 5786 886 5831 tentem
938 5785 1115 5838 omnia
1169 5802 1286 5855 qua:
1342 5789 1518 5843 divina
1593 5791 1707 5862 lege
1764 5803 2061 5862 notantur,

2184 4603 2451 4673 δοκῶμεν,
2498 4607 2611 4660 ἀλλ’
2650 4607 2838 4682 ὥσπερ
2875 4612 2985 4664 τινὶ
3029 4612 3216 4683 τρόπῳ
3265 4613 3366 4683 ἤδη
3416 4613 3749 4682 κατέχομενς

2183 4697 2248 4749 Τί
2279 4697 2439 4752 πλέον
2470 4699 2654 4770 τολμῶ
2682 4700 2862 4770 λέγειν
2904 4702 2997 4756 καὶ
3054 4704 3170 4773 μετ’
3213 4705 3382 4774 αὐτῆς
3415 4704 3517 4774 τῆς
3553 4706 3751 4776 μικρᾶς

2180 4788 2273 4841 τοῦ
2319 4789 2478 4859 λόγου
2532 4795 2906 4864 παρασκευῆς,
2956 4796 3005 4848 εί
3051 4797 3126 4867 μὴ
3185 4798 3345 4867 μόνον
3394 4799 3570 4863 τοῦτο,
3614 4799 3750 4868 ὅπερ

2179 4879 2278 4951 τῆς
2306 4882 2447 4953 ἐμῆς
2492 4883 2922 4958 καθωσιωμένης
2976 4886 3158 4959 ψυχῆς
3206 4891 3446 4943 συνεῖναι
3490 4890 3595 4962 χρὴ
3650 4892 3749 4961 τὴν

2180 4972 2562 5045 καθαρότητα;
2606 4976 2822 5041 Ὀποῖος
2866 4980 3046 5033 τοίνυν
3103 4981 3250 5034 ἐστὶν
3294 4985 3322 5035 ὁ
3374 4984 3749 5055 πολυδύναμος

2177 5065 2330 5132 Θεὸς,
2366 5067 2394 5119 ὁ
2420 5068 2511 5122 τὸν
2535 5070 2762 5140 οὐρανὸν
2794 5073 2980 5138 οἰκῶν,
3014 5074 3110 5128 καὶ
3146 5077 3272 5145 περὶ
3301 5077 3408 5130 πᾶν
3441 5077 3501 5130 τὸ
3533 5076 3747 5147 ἀνθρὼ-

2178 5176 2331 5213 πινον
2354 5160 2532 5228 γένος,
2563 5162 2801 5233 μάλιστα
2829 5166 2885 5218 δέ
2915 5167 3007 5220 καὶ
3033 5168 3329 5237 ἐξαιρέτως
3353 5186 3417 5221 πε
3429 5169 3481 5240 pi.
3496 5169 3593 5240 τὴν
3618 5170 3747 5223 καλ-

2174 5250 2363 5320 λίστην
2406 5255 2503 5308 καὶ
2559 5257 2759 5321 παντὸς
2808 5258 3032 5312 ἐπαίνου
3089 5260 3311 5330 μείζονα
3358 5262 3741 5332 δικαιοσύνην;

2172 5341 2333 5393 ὁπότε
2356 5343 2449 5395 καὶ
2479 5345 2570 5398 τοῦ
2615 5347 2745 5400 ἰδίου
2789 5348 2934 5402 θείου
2976 5350 3293 5421 ῐΙνεύματος
3338 5352 3397 5405 τὸ
3438 5350 3744 5421 ἁγιώτατον

2172 5430 2295 5484 κατ’
2322 5431 2480 5498 ἀξίαν
2505 5434 2664 5505 σῶμα
2696 5437 3029 5503 ἐνοικοῦντος
3064 5440 3235 5510 αὐτῷ,
3272 5442 3365 5494 καὶ
3390 5442 3531 5495 οὕτω
3566 5459 3741 5511 σωτη-

2173 5520 2365 5591 ριῶδες
2392 5525 2505 5586 τοῖς
2534 5525 2897 5597 ἀνθρωπίνοις
2921 5531 3169 5600 σώμασιν
3210 5527 3350 5586 εἶναι
3380 5532 3736 5602 κατηξίωσεν.

2182 5612 2396 5684 Ἐπειδὴ
2417 5609 2510 5667 οὖν
2533 5617 2662 5687 περὶ
2684 5620 2781 5689 τῆς
2811 5619 2982 5684 οὕτως
3014 5623 3323 5693 ἁγιωτάτης
3348 5623 3441 5675 καί⁵
3470 5622 3737 5693 σωτηρίου

2164 5706 2266 5776 τῆς
2294 5709 2471 5763 πάντα
2491 5708 2796 5785 δυναμένης
2819 5715 2956 5768 Θεοῦ
2989 5718 3217 5782 τάξεως,
3242 5718 3477 5789 ἄμετρος
3504 5717 3610 5771 τῶν
3640 5720 3735 5788 ἐχ-

2165 5798 2312 5868 υρῶν
2359 5801 2546 5871 μανία,
2596 5802 2785 5879 ὥσπερ
2835 5808 2996 5881 ἀχλύῖ
3053 5811 3159 5863 τινὶ
3204 5810 3585 5883 συγκεχυμένη
3636 5811 3729 5863 ἐπι
