4148 6612
393 401 527 471 i231

1266 419 1633 479 HISTORIA
1671 421 2001 482 CONCILII
2042 424 2346 487 NIC.ENI.
2386 452 2454 461 -
2495 430 2639 489 LIB.
2685 432 2764 489 Il.

3508 442 3644 505 1238

385 528 629 599 ολεθρίου
663 531 1005 600 σκγιύτητος,
1045 537 1341 604 ἑρμηνείαν
1383 539 1652 591 ποιεῖσθαι
1680 540 1777 592 οὐκ
1801 542 1945 610 ἀμφι

2070 556 2243 611 neque
2293 560 2532 609 creasse,
2580 562 2753 616 neque
2800 564 2988 605 creare
3048 551 3301 608 voluisse.
3355 556 3399 609 Ο
3453 570 3640 612 vocem

385 620 601 672 ϐάλλει·
637 620 725 673 διὰ
757 622 1004 692 βραχέων
1036 627 1116 689 εἰς
1165 629 1289 679 ὅσον
1324 630 1357 698 ἡ
1408 630 1586 692 πίστις
1623 632 1716 683 καὶ
1750 634 1783 701 ἡ
1820 632 1953 684 καθ-

383 712 607 774 οτίωσις
635 711 737 779 τῆς
768 713 944 784 ψυχῆς
991 716 1089 786 τῆς
1136 719 1273 788 ὲμῆς
1307 720 1401 772 τοῦ
1427 720 1639 788 λέγειν,
1697 721 1960 792 εὐπορίαν

383 799 731 865 δαψιλεύεται
754 842 770 866 ,
800 803 1168 875 διηγήσασθαι
1212 809 1564 879 πειράσομαι.
1607 811 1715 864 Καὶ
1747 811 1857 882 γὰρ
1903 812 1960 863 αί

382 890 588 944 τούτων
620 892 727 946 τῶν
761 894 929 949 ἐθνῶν
958 898 1236 951 κακόνοιαι
1281 899 1521 953 τοιοῦτον
1552 900 1708 969 γένος
1746 902 1960 969 είσάγει

384 979 747 1053 [εἰσάγουσιν]
787 984 1194 1054 ἀναισχυντίας,
1238 985 1379 1041 ῶστε
1409 988 1596 1042 ἀσεϐεῖ
1625 990 1851 1059 στόματι
1883 991 1959 1060 μὴ

382 1074 687 1145 φοϐηθῆναι
738 1080 937 1141 εἰπεῖν,
992 1080 1085 1133 τὸν
1121 1080 1276 1143 Θεὸν,
1321 1083 1413 1136 τὸν
1462 1083 1956 1154 παντοδυνάμενον,

381 1167 559 1220 πάντα
580 1169 648 1221 τά
666 1169 746 1240 τῷ
771 1170 903 1241 θείῳ
917 1171 1068 1242 νόμῳ
1091 1171 1398 1242 δηλούμενα
1415 1175 1555 1245 μήτε
1578 1175 1955 1245 πεποιηκέναι,

383 1261 520 1330 μήτε
555 1261 779 1333 ποιῆσαι
809 1263 1189 1332 βεϐουλῆσθαι.
1218 1266 1281 1318 Ὢ
1305 1268 1405 1335 τῆς
1443 1266 1697 1339 τοιαύτης
1726 1266 1958 1331 ἀσεϐοῦς

380 1351 584 1422 φωνῆς,
618 1353 719 1423 τῆς
753 1356 876 1409 κατ’
908 1355 1065 1421 ἀξίαν
1093 1357 1313 1412 ἃπασαν
1345 1357 1653 1431 ὑπερϐολὴν
1684 1358 1957 1430 τιμωρίας

379 1440 501 1493 καθ’
532 1443 733 1515 ἑαυτῆς
780 1447 1151 1518 ὲπαιτούσηςί
1188 1448 1374 1511 Οὕτως
1423 1449 1687 1520 ἐμμανῶς
1715 1449 1812 1503 καὶ
1841 1451 1960 1503 τολ-

380 1532 573 1603 μηρῶς
624 1537 724 1607 τῆς
760 1536 909 1601 Θείας
945 1540 1154 1610 ταύτης
1186 1542 1505 1611 εὐεργεσίας
1542 1541 1641 1613 τὴν
1674 1541 1831 1606 δόξαν
1860 1542 1957 1612 τὴν

376 1624 573 1694 μηδενὶ
633 1626 744 1681 τῶν
800 1628 1105 1701 ἀνθρώπων
1158 1631 1565 1704 περιληφθῆναι
1625 1632 1953 1703 δυναμένην,

376 1716 558 1788 ἀφανῆ
586 1720 927 1789 καταστῆσαι
957 1723 1236 1792 ἐπιθυμεῖ.
1267 1724 1331 1777 Τί
1362 1725 1469 1795 γὰρ
1499 1725 1698 1795 μᾶλλον
1728 1725 1761 1794 ἢ
1795 1725 1955 1794 ἀγνόο

375 1826 475 1878 της
525 1808 672 1876 ἄξιον
716 1811 809 1864 τοῦ
837 1813 1011 1881 Θεοῦ;
1080 1816 1201 1885 ἣτις
1232 1817 1297 1869 ἐκ
1341 1816 1443 1886 τῆς
1484 1818 1792 1888 ἁγιωτάτης
1831 1820 1953 1888 ὁμι-

2066 634 2319 703 impiam,
2388 644 2443 688 et
2505 652 2626 706 qua:
2691 636 2850 702 digne
2908 654 3122 719 omnem
3190 643 3436 713 supplicii
3504 662 3641 700 exu-

2064 727 2367 780 berantiam
2407 728 2458 780 in
2490 743 2548 782 se
2582 730 2851 796 postulat!
2876 731 3026 787 Itane
3054 733 3241 789 insane
3288 751 3352 790 ac
3379 737 3641 794 audacter

2062 818 2226 872 divini
2262 817 2422 886 hujus
2456 820 2705 876 benelicii
2753 821 3019 892 gloriam,
3063 839 3225 894 quam
3248 827 3429 884 nullus
3477 830 3639 885 homo

2062 915 2237 974 potest
2261 909 2741 976 comprehendere,
2791 911 3008 965 inanem
3057 914 3290 970 reddere
3322 917 3639 975 desiderat?

2059 995 2198 1062 Quid
2231 998 2377 1051 enim
2408 1000 2647 1063 puritate
2695 1001 2805 1057 Deo
2843 1001 3101 1071 dignius?
3134 1019 3254 1073 qua:
3283 1021 3351 1060 ex
3397 1011 3634 1064 sanctis—

2058 1088 2194 1141 sima
2231 1088 2352 1157 ejus
2387 1090 2803 1145 conversatione
2830 1104 2950 1143 cum
2986 1089 3379 1160 fontejustitite
3415 1111 3635 1165 proma-

2060 1178 2228 1243 navit,
2274 1187 2329 1233 et
2371 1197 2467 1249 per
2500 1191 2669 1235 totum
2696 1182 2848 1238 orbis
2884 1182 3173 1237 circuitum
3222 1184 3523 1252 inundavit,
3581 1198 3636 1242 et

2056 1267 2523 1343 sanctissimarum
2574 1273 2837 1326 virtutum
2878 1271 3167 1327 facultates
3201 1273 3511 1329 hominibus
3538 1276 3635 1329 de-

2058 1358 2403 1423 monstravit,
2431 1374 2568 1428 quas
2590 1361 2943 1432 Assyriorum
2981 1360 3175 1418 affectu
3203 1363 3306 1418 sibi
3347 1364 3496 1431 prius
3526 1366 3634 1420 ini-
3720 1392 3723 1393 ν

2058 1446 2230 1501 micas
2277 1448 2664 1503 existimarunt
2710 1468 2723 1505 :
2781 1466 3013 1520 quorum
3070 1452 3276 1506 malum
3323 1454 3632 1524 exemplum

2056 1536 2409 1601 antecedens,
2446 1538 2686 1605 reliquas
2721 1548 2913 1606 gentes
2964 1554 3023 1596 se
3066 1540 3177 1596 illis
3211 1544 3632 1599 accommodare

2056 1627 2344 1695 persuasit.
2377 1627 2435 1681 ln
2485 1630 2725 1697 quibus,
2775 1637 2836 1684 ut
2880 1645 2980 1685 nos
3031 1632 3249 1700 proprio
3296 1635 3633 1690 theoremate

2051 1720 2490 1787 comprobamus,
2542 1718 2848 1777 Salvatoris
2880 1723 3053 1777 nostri
3100 1722 3198 1777 Dei
3243 1723 3481 1779 divinam
3519 1726 3633 1781 cle-

2055 1810 2315 1862 mentiam
2341 1811 2623 1878 cooperari
2649 1810 2930 1877 videmus;
2954 1811 3393 1881 quandoquidem
3424 1822 3480 1868 et
3501 1829 3632 1883 quo-

375 1898 494 1963 λίας
543 1903 684 1973 μετά
732 1904 833 1974 τῆς
872 1878 1056 1976 πηγῆς
1084 1878 1183 1976 τῆς
1215 1878 1565 1979 δικαιοσύνης
1594 1878 1945 1980 προεληλυθε,

2058 1903 2186 1957 titlie
2212 1914 2267 1957 et
2302 1903 2551 1977 pluribus
2593 1904 2751 1960 annis
2788 1904 3003 1961 illorum
3048 1906 3315 1960 insaniam
3351 1906 3630 1964 ferventer

376 1993 469 2044 καὶ
498 1993 588 2046 διὰ
614 1994 795 2065 πάσης
824 1996 924 2063 τῆς
966 1998 1220 2068 περιόδου
1258 2001 1356 2068 τῆς
1385 2002 1712 2072 οἰκουμένης
1736 2003 1872 2073 ὲπλή
1883 2021 1950 2073 μ-

377 2102 537 2155 μυρε,
566 2086 783 2150 καὶτὰς
820 2088 1082 2159 δυνάμεις
1116 2090 1227 2143 τῶν
1258 2092 1574 2159 ἁγιωτάτων
1602 2094 1809 2164 ἀρετῶν
1838 2098 1952 2159 τοῖς

375 2176 687 2249 ἀνθρώποις
725 2177 1020 2245 ὲπέδειξεν,
1053 2180 1243 2252 ῶσπερ
1277 2182 1490 2246 ἑαυτοῖς
1515 2184 1729 2253 πρῶτον
1752 2184 1953 2255 ἐχθρὰς

372 2268 692 2339 νομίσαντες
717 2271 880 2326 πάθει
903 2271 1012 2325 τῶν
1038 2273 1386 2344 ’Ἂσσυρίωνκ
1424 2269 1505 2337 οἷς
1537 2274 1950 2345 προηγουμένου

373 2355 468 2409 τοῦ
524 2358 733 2426 φαύλου
797 2361 1282 2433 παραδείγματος,
1337 2366 1432 2417 καὶ
1487 2366 1555 2418 τά
1606 2364 1769 2416 λοιπά
1822 2364 1947 2435 ἔθνη

374 2449 666 2505 συνθέσθαι
710 2453 895 2517 αὐτοῖς
939 2454 1257 2526 ἀνεπείσθη.
1302 2457 1391 2510 Ἑν
1436 2452 1536 2521 οἷς,
1574 2456 1762 2524 ὥσπερ
1789 2457 1949 2527 ἡμεῖς

376 2539 481 2611 ίδίᾳ
522 2540 728 2613 θεωρίᾳ
774 2543 1164 2615 δοκιμάζομεν,
1220 2546 1312 2598 τὸν
1363 2547 1455 2599 τοῦ
1508 2547 1759 2617 Σωτῆρος
1794 2548 1949 2617 ἡμῶν

371 2631 507 2683 Θεοῦ
548 2630 692 2684 θεῖον
726 2634 941 2704 ὁρῶμεν
977 2638 1259 2707 συνεργεῖν
1285 2635 1482 2700 οἶκτον,
1512 2638 1672 2690 ὁπότε
1702 2638 1797 2690 καὶ
1827 2640 1947 2691 καθ’

371 2723 590 2794 ἡμέραν
623 2723 717 2777 καὶ
761 2725 905 2778 κατά
927 2726 1153 2796 χρόνους
1195 2726 1421 2790 πολλοὺς
1451 2729 1508 2795 ἐξ
1537 2728 1720 2780 αὐτῶν
1762 2730 1946 2800 πυρῶ-

366 2814 491 2875 δους
525 2814 635 2886 [τσ.
664 2814 902 2888 πορώδη]
942 2816 1138 2887 μανίαν
1164 2819 1575 2889 οίστρουμένην,
1605 2822 1633 2872 6
1662 2820 1824 2882 αὐτὸς
1861 2824 1947 2885 είς

370 2906 470 2975 τὴν
496 2906 589 2959 τοῦ
618 2906 995 2979 σωτηριώδους
1026 2910 1255 2980 ἰάματος
1282 2911 1633 2975 ἀνεξικακίαν
1662 2911 1946 2965 ἐκέλευσεν

367 2999 612 3069 ἀνήκειν.
649 3001 759 3053 Καὶ
804 3001 926 3054 οὐδὲ
974 3000 1147 3064 οὕτως
1180 3006 1292 3065 τοῖς
1337 3002 1543 3065 λοιποῖς
1565 3003 1661 3069 τῆς
1693 3004 1946 3073 τοιαύτης

369 3090 689 3161 εὐεργεσίας
722 3091 782 3144 τὸ
831 3092 1064 3161 μέγεθος
1116 3093 1340 3147 δύναται
1376 3093 1511 3165 πρὸς
1544 3095 1705 3164 χάριν
1747 3095 1941 3159 ἐλθεῖν,

367 3181 466 3251 τὴν
507 3182 658 3254 παρὰ
689 3184 992 3254 ἀνθρώπων
1038 3185 1260 3253 ἄγνοιαν
1291 3187 1388 3256 τὴν
1433 3187 1585 3238 θείαν
1627 3186 1944 3240 δυναστείαν

366 3274 627 3329 δύνασθαι
654 3277 832 3329 πάντα
864 3277 1021 3344 λόγον
1047 3277 1282 3346 ὑψῶσαι,
1307 3279 1402 3331 καὶ
1438 3280 1517 3341 είς
1551 3278 1683 3346 ὐψος
1712 3278 1946 3349 ἀρθέντα

367 3366 799 3435 βεϐαιώσασθαι,
833 3366 1005 3431 ιαύθις
1038 3368 1288 3421 καθελεῖν
1333 3370 1430 3422 καὶ
1476 3368 1762 3422 διαλῦσαιο
1812 3368 1945 3423 ἀλλά

369 3460 571 3528 μᾶλλον
621 3463 734 3522 τοῖς
771 3460 1134 3531 ἀνθρωπίνοις
1182 3460 1506 3531 πράγμασιν
1568 3462 1828 3524 ἐναντίως
1881 3463 1946 3515 ἂν

366 3551 581 3622 ἀπέϐη,
623 3554 671 3605 εί
703 3554 733 3606 6
777 3552 908 3616 656;
957 3554 986 3605 6
1040 3552 1106 3605 τὰ
1138 3554 1315 3607 πάντα
1341 3554 1639 3624 δυνάμενος
1684 3554 1946 3625 σιωπηρῷ

365 3643 465 3713 τῆς
503 3644 669 3697 αὐτοῦ
720 3644 974 3712 θεότητος
1019 3642 1250 3712 νεύματι
1280 3646 1456 3699 πάντα
1487 3647 1750 3718 πράττειν
1808 3664 1944 3717 προ-

366 3734 535 3788 έθετο.
554 3734 772 3789 Μᾶλλον
796 3736 903 3803 γὰρ
926 3734 992 3789 ἂν
1018 3735 1051 3806 ἡ
1078 3733 1183 3786 τῶν
1212 3735 1308 3788 ἀνθ
1319 3734 1516 3807 ρώπων
1537 3736 1706 3805 μανία
1730 3735 1946 3803 ἐγένετο

367 3828 558 3896 συχνὴ,
591 3828 683 3881 καὶ
720 3829 752 3899 ἡ
787 3828 1105 3897 ἀνθρωπεία
1140 3829 1241 3881 οὐκ
1285 3827 1482 3897 ἔχουσα
1528 3829 1700 3898 πέρας
1733 3830 1798 3883 ἂν
1846 3830 1944 3893 τὰς

362 3918 539 3989 ψυχὰς
562 3919 864 3990 ἐπόρθησεν
886 3920 1007 3973 οὐδὲ
1041 3919 1106 3974 ἂν
1131 3919 1199 3972 τὰ
1218 3919 1353 3974 ἄλλα
1381 3920 1605 3973 πλεῖστα
1627 3920 1777 3983 ὄντα,
1801 3920 1903 3974 ἆπε
1912 3939 1944 3991 ρ

362 4012 421 4062 ἐν
456 4012 524 4081 τῇ
570 4008 666 4063 τοῦ
705 4011 913 4080 κόσμου
962 4012 1276 4082 ἀναστροφῇ
1306 4010 1407 4081 τὴν
1466 4010 1604 4063 ἰδίαν
1637 4012 1946 4080 λειτουργεί

362 4101 548 4168 τάξιν,
613 4103 950 4172 ἀναφανῆναι
1018 4102 1336 4172 δεδύνηταιο
1396 4102 1513 4155 ἀλλ’
1569 4104 1700 4172 ὁμοῦ
1765 4105 1944 4157 πάντα

365 4193 465 4262 μὲν
504 4194 603 4264 τῆς
632 4192 851 4266 [μεστά]
881 4195 1100 4262 ἀγνοίας
1153 4195 1248 4248 τοῦ
1282 4196 1461 4261 Θείου,
1502 4196 1707 4265 ταχέως
1735 4195 1801 4248 ἂν
1835 4196 1943 4248 ἀπ-

363 4284 581 4349 ολώλει,
632 4286 727 4339 τοῦ
767 4286 825 4340 δὲ
865 4287 1061 4355 φθόνου
1083 4288 1180 4341 καὶ
1211 4289 1309 4357 τῆς
1342 4287 1637 4358 βασκανίας
1670 4286 1730 4339 τὸ
1759 4287 1943 4341 ἄδικον

328 4372 533 4437 οὕτως
578 4375 779 4444 ὀλίγοις
819 4375 1029 4450 [ὀλίγῳ]
1093 4380 1413 4451 μεμενήκει.
1476 4378 1615 4431 Ἀλλ’
1661 4378 1839 4441 οὐδεὶς
1876 4377 1943 4432 ἂν

364 4465 573 4545 ηὑρέθη
617 4465 822 4537 ταύτης
864 4469 965 4538 τῆς
1000 4470 1297 4540 βασκανίας
1326 4470 1637 4542 ἀλλότριος,
1669 4469 1777 4522 τῶν
1809 4468 1943 4541 θρησ-

2052 1995 2377 2049 concitatatn
2401 2035 2416 2059 ,
2455 1996 2508 2049 in
2560 1996 2819 2051 salutaris
2872 1996 3249 2052 medicamenti
3281 1998 3625 2054 tolerantiam

2052 2087 2340 2154 pervenire
2369 2086 2552 2155 jussit.
2586 2086 2775 2156 Neque
2806 2089 2887 2142 sic
2923 2098 3103 2144 tamen
3134 2090 3202 2143 ad
3239 2090 3481 2160 reliquos
3509 2091 3630 2162 ejus

2051 2180 2299 2235 beneﬁcii
2347 2180 2666 2250 magnitudo
2711 2182 2763 2235 in
2808 2182 3043 2249 gratiam
3079 2193 3260 2251 potest
3296 2185 3625 2255 pertingere,

2050 2274 2276 2325 tttomni
2309 2275 2557 2330 oratione
2598 2275 2739 2328 inter
2781 2276 3030 2331 homines
3071 2277 3364 2347 puritatem
3396 2288 3450 2334 et
3488 2279 3628 2335 divi-

2048 2380 2170 2417 nam
2208 2368 2509 2433 potentiam
2559 2366 2806 2423 exaltare
2856 2377 3096 2439 queant,
3145 2377 3199 2424 et
3237 2369 3528 2425 exaltatam
3570 2371 3624 2425 itt

2047 2456 2278 2540 sublime
2304 2458 2630 2519 conﬁrmare
2660 2479 2672 2514 :
2711 2460 2817 2513 imo
2848 2470 2906 2515 ttt
2940 2462 3133 2515 iterum
3172 2463 3352 2531 potius
3390 2463 3625 2532 depone-

2048 2560 2188 2612 rent,
2221 2560 2387 2618 atque
2414 2550 2798 2616 dissolverent,
2837 2551 3097 2621 contigit;
3130 2553 3382 2619 quamvis
3414 2564 3534 2608 erat
3570 2555 3624 2609 id

2048 2640 2209 2693 rebus
2260 2640 2517 2694 humanis
2563 2641 2723 2709 plane
2782 2642 3094 2696 adversum.
3129 2642 3244 2695 Etsi
3294 2648 3439 2697 enim
3482 2644 3625 2699 Deus

2045 2732 2386 2800 Omnipotens
2418 2733 2585 2786 tacito
2607 2748 2717 2787 suae
2740 2732 3052 2789 divinitatis
3074 2744 3203 2787 ttttttt
3228 2735 3409 2788 omnia
3438 2734 3621 2790 facere

2047 2825 2359 2891 prepositit;
2392 2824 2671 2877 hominum
2701 2834 2882 2877 tamen
2915 2824 3129 2878 insania
3162 2825 3618 2895 lrequentior'fa-

2045 2926 2129 2968 cta
2176 2924 2258 2969 est
2316 2933 2330 2969 :
2376 2915 2476 2968 etsi
2525 2914 2836 2967 humanitas
2904 2915 3109 2969 iutinita
3158 2931 3348 2970 omnes
3412 2916 3625 2971 animas

2046 3008 2307 3069 correxit,
2353 3007 2457 3061 alia
2487 3015 2670 3061 tamen
2714 3006 2969 3077 plttrima,
3017 3022 3139 3076 quae
3177 3010 3231 3063 in
3278 3008 3460 3063 mundi
3494 3023 3626 3063 con-

2048 3100 2351 3152 versatione
2410 3098 2461 3151 in
2522 3097 2712 3153 ordine
2768 3099 2985 3168 proprio
3048 3100 3402 3163 ministrant,
3444 3113 3623 3154 emer-

2046 3201 2173 3254 gere
2199 3204 2302 3241 non
2336 3196 2627 3256 potuerunt
2648 3202 2664 3240 :
2689 3188 2783 3241 sed
2815 3188 2976 3242 simul
2998 3189 3181 3243 omnia
3214 3199 3335 3259 post
3358 3189 3615 3244 divinita-

2050 3278 2118 3331 tis
2146 3278 2538 3348 iguorationem
2568 3279 2679 3333 cito
2720 3280 3023 3347 perierunt,
3057 3290 3112 3334 et
3159 3274 3375 3335 invidia:
3414 3281 3619 3350 iniqui-

2050 3374 2133 3419 tas
2162 3377 2217 3420 et
2254 3367 2653 3435 ingratitndinis
2696 3368 2844 3421 brevi
2871 3367 3111 3421 excitata
3141 3378 3245 3422 est.
3278 3369 3612 3424 Alienusau-

2050 3465 2153 3511 tem
2182 3473 2211 3512 a
2240 3458 2577 3525 malignitate
2621 3473 2781 3512 nemo
2809 3459 3065 3512 inventus
3113 3468 3200 3512 est
3223 3499 3238 3524 ,
3281 3460 3624 3528 superstitio-

2050 3565 2178 3603 num
2210 3548 2504 3620 generibus
2542 3549 2697 3617 longe
2738 3551 2955 3617 lateque
2997 3548 3051 3601 in
3089 3549 3297 3602 animos
3339 3549 3621 3607 hominum

2048 3655 2217 3707 usque
2263 3638 2401 3693 adeo
2451 3637 2681 3702 diffusis,
2734 3649 2792 3693 ut
2843 3654 3031 3693 carum
3086 3639 3417 3707 turpitudine
3464 3638 3623 3708 hujus

2048 3732 2217 3785 nostri
2252 3730 2555 3800 splendoris
2587 3730 2763 3785 lumen
2790 3730 2974 3797 dignis
3019 3728 3187 3785 fuerit
3225 3729 3617 3785 circumfusum

2049 3822 2308 3888 tenebris,
2341 3833 2396 3877 et
2442 3823 2542 3891 ipsi
2590 3838 2807 3890 semper
2831 3822 2951 3878 luce
2980 3823 3198 3893 privati.
3248 3821 3401 3876 Nulla
3439 3826 3621 3889 itaque

2048 3915 2184 3969 ratio
2234 3914 2432 3983 poterit
2474 3931 2648 3969 meatu
2684 3914 2750 3968 de
2798 3913 3071 3984 prtedictis
3122 3913 3281 3968 fidem
3331 3927 3398 3966 ex
3439 3913 3620 3967 animo

2044 4021 2163 4060 meo
2193 4005 2441 4059 avellere.
2496 4004 2653 4058 Nullo
2697 4006 2841 4057 enim
2895 4004 3037 4056 malo
3068 4003 3393 4071 impediente
3434 4018 3621 4058 succc-

2045 4099 2121 4154 dit
2154 4102 2394 4168 perlecta
2422 4099 2685 4169 potentia,
2710 4107 2764 4152 et
2796 4098 2954 4152 vivus
2976 4112 3157 4152 sermo
3182 4097 3455 4162 veritatis,
3482 4112 3620 4151 unus

2043 4192 2411 4260 omnipotens,
2443 4192 2684 4243 omnium
2738 4206 2917 4243 rerum
2971 4199 3181 4253 custos,
3221 4198 3276 4242 et
3302 4198 3498 4243 nostras
3529 4204 3618 4244 sa-

2046 4282 2170 4335 lutis
2218 4292 2558 4351 procurator.
2631 4281 2706 4333 lla
2752 4281 2919 4349 igitur
2964 4280 3176 4334 videtttr
3221 4280 3619 4349 quodammodo

2042 4373 2373 4427 sanctissimi
2426 4373 2587 4426 Verbi
2645 4373 3000 4435 abundantia,
3050 4374 3170 4441 ejus
3208 4387 3365 4440 quem
3422 4371 3616 4427 liberat

2043 4467 2509 4520 CODVCTSﬂlitHlelll
2552 4467 2848 4529 custodire,
2882 4477 2933 4521 et
2980 4466 3117 4519 lucis
3146 4466 3487 4534 splendorem
3524 4482 3619 4519 n0-

368 4557 569 4611 σκειῶν
616 4559 685 4613 τά
715 4560 848 4630 γένη
881 4564 962 4625 είς
997 4563 1252 4616 τοσοῦτον
1306 4562 1559 4632 μεγάλως
1590 4579 1649 4614 τε
1680 4562 1776 4614 καὶ
1806 4561 1941 4615 πλα-

2048 4560 2129 4615 bis
2174 4561 2434 4627 praahere.
2483 4559 2651 4624 Quam
2684 4560 2754 4611 ob
2797 4574 3014 4612 causam
3062 4573 3192 4626 ergo
3239 4557 3479 4626 gentium
3508 4573 3619 4610 οιιι-

366 4650 502 4715 τέως
550 4653 631 4713 είς
682 4652 783 4715 τάς
815 4652 992 4724 ψυχὰς
1033 4654 1142 4708 τῶν
1198 4653 1501 4725 ἀνθρώπων
1550 4653 1933 4725 διαχυθέντων,

358 4747 434 4812 ὡς
465 4746 631 4813 ἀξίως
665 4750 730 4818 τῇ
764 4748 971 4801 τούτων
998 4749 1312 4819 αἰσχρότητι
1344 4748 1404 4801 τὸ
1440 4747 1557 4816 φῶς
1597 4746 1804 4817 ταύτης
1834 4746 1934 4815 τῆς

360 4838 641 4909 ἡμετέρας
704 4839 1091 4910 λαμπρότητος
1154 4838 1507 4892 ὲπισκιασθὲν
1566 4839 1779 4902 αὐτοῖς,
1843 4837 1933 4890 ἀεὶ

360 4928 565 4999 ταύτης
585 4930 784 4995 αὐτοὺς
815 4931 1218 5001 στερίσκεσθαι.
1250 4931 1437 4993 Οὐδεὶς
1463 4924 1555 4985 οὖν
1582 4931 1738 4999 λόγος
1772 4930 1934 5000 δυνή-

364 5034 516 5071 σεται
550 5019 657 5071 τῶν
686 5021 992 5091 εἰρημένων
1017 5022 1116 5089 τὴν
1146 5020 1283 5091 ἐμὴν
1314 5021 1496 5073 πίστιν
1523 5021 1630 5074 ἀπὸ
1658 5021 1756 5091 τῆς
1794 5022 1936 5092 ὲμῆς

362 5108 602 5173 ἐξέλκειν
634 5110 832 5181 ψυχῆς.
866 5112 1102 5165 Ἕπεται
1130 5112 1239 5183 γάρ
1283 5114 1441 5182 αὐτῇ,
1478 5111 1703 5183 μηδενὸς
1730 5113 1933 5182 φαύλου

363 5200 614 5270 ἐμποδὼν
643 5203 823 5267 ὄντος,
848 5204 1078 5275 δύναμις
1112 5206 1311 5270 τελεία,
1347 5208 1375 5259 6
1402 5206 1509 5270 ζῶν
1541 5204 1642 5276 τῆς
1676 5206 1935 5277 ἀληθείας

362 5294 542 5360 λόγος,
592 5289 673 5358 εἷς
705 5295 884 5349 πάντα
912 5298 1225 5367 δυνάμενος,
1277 5298 1451 5365 φύλαξ
1501 5297 1717 5352 πάντων
1757 5314 1937 5368 πραγ-

366 5387 574 5455 μάτων,
627 5386 728 5456 τῆς
767 5387 1046 5457 ἡμετέρας
1096 5389 1369 5458 σωτηρίας
1418 5389 1689 5459 κηδεμών.
1750 5390 1935 5455 Οὐτως

361 5470 455 5528 οὖν
487 5476 635 5528 δοκεῖ
664 5493 771 5529 τινι
801 5477 989 5547 τρόπῳ
1018 5477 1109 5530 τοῦ
1139 5478 1440 5544 ἀγιωτάτου
1468 5480 1631 5532 αὐτοῦ
1659 5480 1819 5549 λόγου
1843 5481 1937 5535 δα-

360 5567 685 5636 ψιλεύεσθαι
714 5568 814 5639 τὴν
863 5568 1082 5637 ὁμιλίαν
1140 5568 1234 5620 τοῦ
1285 5568 1694 5640 ὲλευθεροῦντος
1739 5574 1934 5642 διαφυ-

362 5658 600 5722 λάττειν,
633 5660 727 5713 καὶ
754 5659 847 5714 τοῦ
895 5659 1071 5729 φωτὸς
1095 5660 1193 5729 τὴν
1225 5659 1585 5731 λαμπρότητα
1625 5666 1760 5731 ἡμῖν
1793 5682 1933 5734 παρ-

363 5749 496 5819 έχει.
531 5749 688 5811 Τίνος
720 5750 898 5803 τοίνυν
943 5750 1106 5803 ἕνεκα
1138 5751 1229 5804 καὶ
1259 5750 1353 5803 νῦν
1383 5751 1599 5804 πάντων
1622 5754 1729 5805 τῶν
1763 5754 1935 5807 ὲθνῶν

360 5840 412 5894 οἱ
449 5840 633 5912 δῆμοι,
662 5843 728 5895 τὸ
774 5843 1025 5915 οὐράνιον
1066 5843 1141 5915 μὴ
1170 5842 1508 5914 καθορῶντες
1540 5844 1675 5912 φῶς,
1717 5846 1810 5899 καὶ
1838 5845 1930 5899 τοῦ

2044 4653 2191 4705 nittm
2221 4652 2398 4721 populi
2447 4653 2669 4707 t-(eleste
2695 4651 2877 4704 lumen
2910 4666 3014 4705 non
3057 4651 3406 4719 aSpicientes,
3439 4659 3493 4702 et
3518 4665 3620 4702 no-

2042 4743 2358 4797 bilissimam
2391 4745 2643 4813 pietatem
2668 4752 3098 4805 contemnentes,
3119 4741 3260 4810 quod
3284 4742 3349 4792 de
3368 4750 3509 4793 terra
3534 4748 3620 4794 est

2043 4835 2361 4904 inquiruttt,
2418 4835 2623 4887 nullum
2674 4833 2837 4886 habet
2881 4832 3129 4885 veritatis
3174 4829 3615 4894 fundamentum,

2043 4943 2220 4996 neque
2271 4926 2392 4997 puri
2425 4927 2731 4995 splendoris
2776 4925 3115 4987 claritatem,
3167 4937 3340 4991 neque
3380 4921 3617 4977 caelestis

2042 5018 2348 5072 divinitatis
2386 5016 2797 5086 potentiam?0
2842 5016 3123 5085 indignutn
3153 5014 3399 5067 facinus!
3441 5015 3617 5068 adhuc

2039 5121 2091 5164 et
2119 5126 2260 5165 nunc
2308 5125 2428 5164 cum
2461 5111 2595 5164 nihil
2636 5110 2857 5178 impitntt
2897 5109 3174 5173 ontittant,
3218 5121 3316 5161 nec
3348 5106 3402 5160 itt
3446 5104 3615 5160 Detttn

2039 5203 2358 5270 respiciant,
2391 5212 2444 5257 et
2465 5202 2518 5255 in
2550 5201 2808 5254 miserum
2842 5214 3083 5253 errorem
3111 5197 3481 5267 prolahautur,
3508 5212 3612 5249 non
3709 5204 3719 5210 '

2037 5296 2247 5359 vident,
2273 5304 2326 5348 et
2355 5293 2591 5349 sordidis
2626 5294 2711 5348 his
2751 5292 3008 5362 operibus
3040 5276 3230 5354 mundi
3267 5289 3615 5359 splendorem

2037 5390 2411 5443 contaminare
2442 5403 2548 5441 non
2579 5396 2817 5440 cessant.
2862 5384 3065 5450 Nempe
3089 5383 3316 5452 lignum,
3354 5382 3609 5449 lapidem,

2036 5498 2132 5543 a-s,
2168 5491 2475 5550 argentum,
2505 5488 2558 5532 et
2591 5494 2807 5540 aurum,
2832 5487 2885 5530 et
2915 5476 3218 5544 hnjnsmodi
3245 5474 3348 5526 alia
3380 5476 3445 5526 de
3470 5485 3613 5526 terra

2036 5584 2276 5641 sumpta,
2316 5584 2369 5625 ut
2405 5572 2705 5625 adorentur
2750 5580 3140 5637 proponeutes,
3169 5578 3224 5622 et
3267 5567 3333 5620 ad
3376 5582 3438 5620 ea
3484 5566 3609 5618 vita:

2036 5680 2188 5733 Spem
2234 5664 2448 5734 publice
2490 5662 2811 5725 referentes,
2858 5661 3054 5729 templa
3112 5659 3246 5728 ipsis
3293 5656 3485 5724 insigni
3516 5672 3611 5709 or-

2037 5768 2165 5809 natu
2206 5756 2501 5819 aedificant,
2533 5765 2587 5808 et
2620 5765 2801 5822 postea
2841 5754 2892 5806 in
2938 5769 3050 5807 sua:
3097 5748 3427 5805 adorationis
3456 5747 3609 5799 addi-

2038 5849 2294 5905 tamentis
2333 5848 2679 5920 gloriantur:
2713 5847 2757 5903 si
2808 5847 3027 5919 quidem
3067 5853 3357 5901 structurae
3397 5837 3609 5907 magni-
