4148 6604
589 405 724 472 1339

1853 403 2155 466 GE‘LASII
2194 403 2533 464 CYZICENI
2605 465 2612 472 ,

3690 397 3820 465 1240

589 524 720 576 tudo
750 532 910 590 quam
938 515 1037 584 ipsi
1082 514 1346 578 fecerunt,
1382 512 1598 582 dignum
1632 529 1819 569 eorum
1853 527 2145 585 conspectu

2267 514 2592 580 ινδοξοτάτου
2641 513 2790 564 ὁσίου
2837 510 3328 582 ὑπερφρονοῦντες,
3386 511 3445 564 τὸ
3487 513 3671 581 γήῖνον
3699 517 3819 568 ἐπι-

588 608 906 672 miraculum
942 605 1182 668 exhibet.
1225 604 1672 671 Quandoquidem
1704 614 1882 666 autem
1919 605 2044 660 talia
2071 606 2150 657 fa-

587 716 712 760 cere
736 699 1014 773 videmur,
1066 694 1357 752 manifeste
1398 693 1719 764 intelligitur
1747 695 1890 764 ipsos
1937 695 2156 764 potissi-

588 770 988 860 mnmp'neqne
1029 802 1227 849 sensu,
1291 801 1464 855 neque
1521 787 1638 841 visu
1692 785 1946 856 praeditos
1999 800 2152 850 esse;

586 895 640 942 et
671 890 993 957 arroganter
1022 881 1076 934 in
1111 879 1221 942 suis
1270 881 1558 942 structuris
1600 893 1720 935 sese
1763 880 1972 949 jactare
2023 893 2156 938 con-

587 976 898 1038 vincuntur.
958 971 1142 1039 Qualis
1205 971 1390 1042 igitur,
1448 981 1504 1030 et
1549 980 1780 1038 quantus
1829 981 1912 1024 est
1977 969 2155 1032 omni-

589 1073 782 1136 potens
824 1063 986 1126 Deus,
1042 1077 1145 1122 non
1195 1059 1558 1128 conspiciunt,
1595 1059 1832 1119 omnium
1867 1059 2058 1116 auctor
2104 1066 2160 1111 et

586 1156 753 1232 judex
779 1172 795 1224 ;
823 1168 979 1230 quem
1013 1152 1229 1222 quidem
1265 1151 1517 1218 promise,
1555 1157 1612 1203 ut
1641 1148 1953 1220 opinamur,
1985 1148 2155 1200 virtu-

593 1249 664 1312 tis
715 1246 1066 1317 persuasione
1107 1242 1295 1306 latent.
1365 1242 1543 1316 Ipsius
1597 1243 1740 1304 enim
1801 1241 2160 1308 dispositione

593 1341 764 1408 nostri
793 1341 1035 1409 corporis
1057 1338 1271 1410 species
1314 1337 1550 1392 debitam
1581 1335 1811 1396 formam
1845 1336 2076 1406 accepit,
2103 1343 2163 1392 ut

593 1432 895 1504 harmoniae
944 1429 1180 1503 vigorem
1233 1427 1602 1499 haberemus:
1648 1429 1761 1495 ipse
1793 1426 2159 1496 membrorum

593 1525 833 1589 omnium
863 1521 1253 1584 connexionem
1290 1519 1470 1576 nervis
1511 1518 1824 1582 fortissimis
1863 1517 2163 1586 colligavit,

595 1625 653 1676 ut
711 1616 763 1670 in
811 1614 960 1676 niani
1021 1621 1223 1670 nostr?
1279 1611 1596 1681 intentionis
1642 1611 1876 1673 actione,
1929 1610 2164 1685 promis:

594 1705 890 1772 harmonia:
922 1704 1085 1771 robur
1127 1702 1455 1767 indefessum
1503 1702 1884 1768 retineremus.
1935 1700 2028 1756 liis
2065 1700 2164 1770 igi-

596 1807 684 1858 tur
728 1795 932 1860 salubri
981 1793 1340 1862 dispositione
1369 1792 1655 1853 *absolutis
1691 1793 1943 1862 spiritum
1971 1793 2160 1858 etiam,

594 1887 684 1959 qui
727 1884 844 1951 haec
879 1883 1058 1940 omnia
1092 1895 1308 1951 movere
1347 1895 1410 1940 ac
1459 1880 1716 1940 roborare
1761 1888 1960 1952 posset,
1987 1880 2160 1949 inspi-

597 1977 737 2044 ravit
763 1995 780 2032 ;
809 1977 1092 2047 visumque
1127 1975 1299 2032 oculis
1345 1974 1548 2040 nostris
1573 1974 1863 2039 concessit,
1901 1982 1957 2029 et
2003 1972 2164 2027 intel—

597 2067 792 2136 lectum
819 2066 985 2136 capiti
1016 2078 1204 2124 nostro
1234 2066 1446 2129 indidit,
1467 2077 1522 2120 et
1555 2065 1697 2134 intra
1728 2066 2003 2134 regionem
2028 2066 2166 2122 hanc

598 2168 766 2218 telam
796 2167 995 2230 nostrae
1026 2157 1374 2228 cogitationis
1404 2166 1670 2225 rationem
1702 2157 1990 2212 conclusit.
2023 2156 2168 2224 Qua-

597 2261 816 2328 propter
831 2251 876 2306 si
901 2252 1024 2320 quis
1055 2262 1200 2307 recte
1227 2251 1446 2320 sapiens
1486 2252 1647 2326 huius
1674 2252 2048 2321 dispositionis
2076 2267 2164 2307 ra-

602 2343 803 2400 tionem
831 2341 1166 2406 consideret,
1207 2343 1429 2400 omittat
1456 2353 1646 2400 autem
1689 2343 1812 2406 alia,
1844 2359 1964 2413 qua:
1991 2359 2167 2412 neque

597 2432 788 2499 verbo,
823 2449 997 2510 neque
1026 2449 1256 2492 numero
1293 2435 1678 2503 comprehendi
1721 2447 1966 2525 possunt,
1999 2435 2164 2490 celeri

597 2525 900 2592 attentione
946 2525 1240 2592 salutarem
1285 2533 1338 2587 et
1379 2534 1641 2585 aeternam
1703 2525 2026 2585 immortalis
2074 2525 2167 2580 Dei

597 2614 897 2690 potentiam
931 2615 1114 2668 videre
1138 2625 1298 2687 atque
1330 2614 1635 2684 intelligere
1664 2615 1860 2685 poterit
1887 2632 1902 2678 ;
1935 2631 2038 2676 non
2073 2632 2169 2684 po.

595 2705 725 2766 terit
768 2715 948 2778 autem
987 2721 1175 2771 errore
1224 2708 1404 2774 aliquo
1445 2716 1651 2762 temere
1706 2707 2012 2776 implicari,
2073 2708 2166 2762 sed

597 2797 887 2861 manifeste
918 2798 1274 2868 contemplari
1313 2797 1515 2861 licebit,
1550 2808 1714 2865 atque
1752 2799 1937 2854 videre
1986 2799 2164 2852 omnia

596 2889 689 2960 Dei
717 2891 960 2962 potentia
996 2891 1138 2960 facta
1165 2905 1307 2955 esse,
1343 2891 1485 2946 sicut
1515 2890 1628 2960 ipse
1659 2891 1841 2947 omnia
1888 2893 2001 2946 litae
2027 2891 2170 2948 exsi-

596 2991 743 3053 atere
785 2982 972 3040 voluit.
1009 2980 1078 3037 Ut
1101 2993 1282 3042 autem
1318 2982 1628 3051 perspicere
1677 2980 1857 3048 liceat,
1887 2981 2029 3050 quod
2066 2981 2167 3038 ali-

598 3088 706 3142 qua
733 3073 924 3136 illicita
966 3073 1018 3127 in
1055 3073 1257 3132 mundo
1283 3073 1628 3129 conversatio
1656 3073 2049 3143 ignorationem
2079 3073 2169 3126 Dei

2258 603 2532 674 ζητοῦσιν,
2585 602 2840 672 οὐδεμίαν
2869 602 2991 672 ἕχον
3036 602 3333 656 ὑπόστασιν
3381 601 3672 672 ἀληθείας,
3703 606 3821 660 οὐδέ

2257 696 2588 765 φαιδρότητα
2638 694 2810 763 ἀγνῆς
2867 693 3282 765 λαμπρότητος,
3338 694 3458 748 οὐδὲ
3511 695 3822 752 δυναστείαν

2258 788 2356 856 τῆς
2392 787 2647 858 οὐρανίου
2697 786 2979 854 θεότητος;
3023 788 3088 839 Ὦ
3135 785 3353 852 ἀναξίου
3403 787 3712 858 δράματοςί
3749 789 3824 843 ἔτι

2259 881 2352 933 καὶ
2396 879 2490 931 νῦν
2519 878 2684 948 μηδὲν
2715 878 3054 942 ἐλλείποντες
3079 882 3179 950 τῆς
3207 879 3483 944 ἀσεϐείας,
3527 881 3661 951 μηδὲ
3694 880 3826 951 πρὸς
3899 901 3901 903 ί

2257 970 2319 1023 τὸ
2371 970 2487 1023 δέον
2531 970 2842 1042 ἀφορῶντες
2874 970 2983 1042 [ἷσ.
3019 971 3110 1024 τὸν
3159 971 3292 1024 Θεὸν
3319 971 3675 1044 ἀφορῶντες],
3725 973 3827 1026 ὑπὸ

2259 1062 2360 1131 τῆς
2397 1062 2590 1133 ἀθλίας
2627 1062 2834 1132 πλάνης
2867 1063 3307 1128 καταπίπτοντες
3355 1065 3454 1134 οὐχ
3481 1063 3690 1134 όρῶσιο
3735 1065 3828 1118 καὶ

2259 1157 2373 1221 τοῖς
2405 1158 2672 1226 ῥυπαροῖς
2704 1156 2913 1219 τούτοις
2960 1156 3146 1226 ἔργοις
3190 1158 3301 1220 τοῖς
3338 1155 3433 1210 τοῦ
3480 1157 3689 1225 κόσμου
3734 1157 3828 1218 τὴν

2261 1245 2624 1319 λαμπρότητα
2655 1247 2716 1300 οὐ
2767 1248 3032 1301 παύονται
3069 1247 3396 1319 μιαίνοντες,
3422 1247 3624 1318 δηλαδὴ
3654 1246 3826 1312 ξύλον,

2263 1336 2356 1388 καὶ
2387 1335 2557 1401 λίθον,
2588 1338 2681 1390 καὶ
2709 1336 2932 1406 χαλκὸν,
2957 1338 3049 1390 καὶ
3077 1336 3335 1408 ἄργυρον,
3367 1338 3460 1392 καὶ
3490 1336 3714 1407 χρυσὸν,
3741 1337 3832 1390 καὶ

2262 1423 2464 1488 ταύτας
2493 1426 2592 1488 τὰς
2616 1425 2830 1494 γηϊνας.
2870 1429 2949 1489 είς
2977 1427 3040 1480 τὸ
3066 1430 3392 1497 προσκυνεῖν
3444 1426 3796 1498 καθιδρύντες
3815 1467 3830 1489 ,

2265 1517 2357 1574 καὶ
2395 1516 2502 1570 ἀπὸ
2535 1516 2735 1578 τούτων
2779 1517 2971 1569 ἐλπίδα
3009 1518 3108 1588 τῆς
3161 1517 3306 1588 ζωῆς
3347 1517 3828 1590 άπαγγελλόμενοι,

2264 1610 2422 1674 ναοὺς
2453 1610 2633 1672 αὐτοῖς
2667 1609 2809 1685 μετὰ
2857 1610 3128 1680 ἐπισήμου
3160 1609 3364 1679 κόσμου
3399 1608 3831 1678 οἰκοδομοῦντες,

2264 1703 2359 1770 καὶ
2386 1700 2494 1756 ἀπὸ
2530 1701 2719 1755 τούτου
2756 1700 2929 1764 οὕτως
2969 1699 3226 1767 αὔξοντες
3253 1699 3432 1754 αὐτῶν
3461 1701 3559 1771 τῆς
3592 1715 3832 1768 προσκυ-

2266 1795 2472 1864 νήσεως
2495 1793 2594 1856 τὰς
2637 1791 2952 1866 προσθήκας
2975 1809 2988 1824 ·
3024 1791 3322 1862 ἐπειδήπερ
3369 1790 3430 1844 τὸ
3465 1791 3697 1859 μέγεθος
3730 1788 3834 1842 τῶν

2263 1884 2714 1954 οἰκοδομημάτων
2743 1883 2834 1936 ὑπ’
2863 1883 3042 1936 αὐτῶν
3070 1882 3378 1951 γενόμενον,
3415 1880 3563 1945 ἀξιον
3589 1880 3688 1952 τῆς
3715 1881 3836 1932 ἐαυ-

2264 1977 2372 2042 τῶν
2421 1976 2598 2045 ὅψεως
2663 1975 2960 2046 παρέχεται
3018 1974 3080 2028 τὸ
3139 1973 3343 2044 θαῦμα.
3408 1973 3600 2027 Ὁπότε
3657 1972 3836 2026 τοίνυν

2265 2068 2437 2122 ταῦτα
2467 2070 2643 2120 ποιεῖν
2670 2066 2913 2129 δοκοῦσι,
2962 2064 3150 2135 σαφῶς
3175 2067 3396 2128 νοεῖται,
3438 2066 3486 2118 εί
3519 2065 3614 2119 καὶ
3643 2064 3712 2116 τὰ
3737 2065 3838 2134 μά-

2270 2163 2427 2216 λιστα
2471 2162 2624 2214 αὐτοὶ
2655 2162 2756 2214 οὐκ
2789 2160 3155 2226 αἰσθάνονται,
3191 2159 3309 2218 οὐδέ
3339 2158 3558 2230 ὁρῶσιν,
3599 2159 3685 2212 ὅτι
3731 2159 3839 2220 τοῖς

2273 2251 2483 2312 ἑαυτῶν
2521 2251 2704 2322 ἔργοις
2739 2249 3107 2320 ὑπερηφάνως
3157 2248 3345 2318 αὐχεῖν
3388 2248 3672 2310 δοκοῦντες
3722 2246 3838 2298 ἀλί-

2270 2366 2509 2404 σκονται.
2545 2346 2764 2409 Ἦλίκος
2791 2350 2972 2398 τοίνυν
3005 2345 3098 2398 καὶ
3126 2343 3290 2406 πόσος
3321 2360 3379 2395 τε
3413 2343 3440 2394 ὁ
3468 2340 3600 2408 Θεὸς
3639 2343 3787 2394 ἐστιν
3812 2340 3840 2391 ό

2271 2439 2706 2508 παντοδυνάστης
2749 2437 2848 2507 οὐχ
2891 2434 3190 2506 ὁρώμενος,
3231 2433 3316 2496 τίς
3355 2432 3462 2504 [τσ.
3509 2431 3705 2502 ὁρῶσι,
3739 2429 3839 2502 τίς]

2269 2533 2364 2586 καὶ
2394 2530 2611 2584 πάντων
2638 2528 2905 2594 αὐθέντης
2927 2528 3043 2580 ἐστὶ
3074 2526 3167 2580 καὶ
3194 2524 3407 2598 κριτής,
3437 2524 3498 2578 ὃν
3525 2540 3671 2586 τινες
3704 2522 3838 2591 αὐτῇ

2267 2627 2334 2694 τῇ
2370 2621 2694 2693 πεποιθήσει
2735 2621 2833 2690 τῆς
2881 2618 3050 2686 ίδίας,
3115 2617 3188 2680 ὼς
3252 2616 3581 2686 νομίζουσιν,
3640 2613 3842 2685 ἀρετῆς

2268 2715 2640 2770 λανθάνουσιν.
2672 2711 2847 2765 Αὑτοῦ
2875 2710 2984 2782 γὰρ
3012 2713 3079 2781 τῇ
3111 2708 3443 2763 διατυπώσει
3471 2709 3562 2764 καὶ
3603 2705 3677 2759 τὺ-
3703 2701 3842 2768 εἶδος

2267 2803 2362 2858 τοῦ
2411 2802 2688 2873 ἡμετέρου
2717 2801 2968 2871 σώματος
3019 2799 3182 2854 ἔλαϐε
3217 2799 3308 2852 τὸν
3343 2797 3698 2868 ὀφειλόμενον
3749 2795 3842 2847 τύ·

2272 2913 2393 2960 πον,
2436 2894 2530 2948 καὶ
2579 2893 2666 2945 ἵνα
2716 2892 2934 2962 σχῶμεν
2982 2892 3082 2963 τῆς
3132 2890 3398 2962 ἁρμονίας
3443 2888 3542 2958 τὴν
3571 2887 3778 2958 ἀκμὴν,
3816 2888 3846 2939 ὁ

2269 2987 2432 3052 αὐτὸς
2461 2986 2569 3040 τῶν
2602 2986 2820 3038 πάντων
2853 2983 3038 3055 μελῶν
3056 2983 3151 3054 τὴν
3181 2982 3442 3052 συζυγίαν
3469 2979 3843 3051 ἰσχυροτάτοις

2272 3080 2483 3150 νεύροις
2518 3078 2832 3148 συνέδησεν,
2877 3077 2968 3131 ἴνα
3004 3079 3062 3130 ἐν
3091 3076 3242 3147 πάσῃ
3284 3075 3479 3146 πράξει
3509 3073 3611 3144 τῆς
3639 3071 3842 3144 ἡμετέ-

596 3162 740 3238 apud
793 3163 1040 3226 homines
1079 3161 1360 3226 elfecerit,
1397 3173 1517 3232 post
1558 3173 1740 3218 natum
1802 3178 1866 3216 ex
1919 3163 2165 3218 illnsione

2275 3188 2372 3241 ρας
2419 3169 2658 3239 σπουδῆς
2699 3169 2986 3238 ἀκάματον
3032 3167 3250 3238 ἔχοιμεν
3292 3166 3392 3238 τήν
3424 3165 3606 3236 ἀκμήν
3637 3164 3739 3234 τῆς
3765 3164 3840 3216 oi-

599 3254 808 3326 inimici
839 3254 891 3308 in
941 3253 1158 3324 miseris
1189 3254 1483 3328 infelicium
1521 3257 1798 3312 hominum
1833 3257 2030 3312 animis
2065 3256 2171 3325 pri-

601 3358 748 3416 mum
778 3344 1004 3407 rationis
1036 3357 1342 3416 peccatum.
1383 3363 1446 3401 ex
1472 3347 1651 3404 divina
1686 3349 1800 3418 lege
1829 3348 1987 3404 datur
2019 3349 2173 3402 nobis

601 3434 946 3505 perspicuam
997 3435 1154 3503 hujus
1199 3435 1276 3496 rei
1329 3439 1845 3506 demonstrationem
1899 3441 2168 3510 accipere.

597 3528 679 3590 Ab
708 3527 800 3582 illo
838 3528 980 3588 enim
1027 3539 1266 3598 tempore
1309 3544 1418 3598 quo
1468 3547 1496 3582 a
1532 3529 1744 3585 duobus
1798 3530 1902 3584 illis
1936 3531 1984 3592 in
2023 3531 2172 3599 prin-

599 3618 742 3689 cipio
799 3622 1036 3685 creatis,
1092 3621 1434 3676 convenienti
1498 3622 1772 3692 diligentia
1832 3622 2074 3676 divinum
2119 3629 2174 3676 et

601 3722 857 3777 sanctum
895 3714 1204 3771 mandatum
1228 3715 1575 3768 observatum
1609 3731 1713 3779 non
1757 3725 1835 3770 est
1857 3757 1871 3780 ,
1904 3727 2064 3770 naltts
2091 3725 2173 3778 est

604 3803 859 3869 deinceps
909 3803 1070 3872 lmjus
1110 3805 1486 3872 appellationis
1513 3847 1528 3871 ,
1570 3807 1927 3874 ignorationis
1964 3807 2173 3864 scilicet

601 3894 702 3958 ﬂos
733 3912 748 3961 ;
788 3895 961 3948 iactus
993 3905 1080 3952 est
1130 3907 1309 3951 autem
1340 3899 1632 3952 continuus
1663 3913 1724 3952 ac
1753 3898 1924 3967 magis
1959 3907 2168 3960 auctus,

601 3999 888 4056 postquam
921 3988 1164 4056 praedicti
1194 3989 1301 4049 duo
1337 3990 1413 4044 illi
1461 3989 1734 4045 voluntate
1779 3991 1960 4044 divina
2010 4005 2170 4059 repn-

601 4077 732 4142 diati
770 4088 933 4146 sunt;
971 4094 1143 4148 eoque
1196 4089 1380 4140 autem
1420 4081 1647 4134 materia
1678 4080 1765 4134 illa
1809 4080 2043 4134 miseriae
2073 4081 2168 4132 hu-

601 4183 775 4228 mana:
822 4180 1078 4237 provecta
1117 4181 1224 4235 est,
1260 4181 1317 4235 ut
1360 4173 1588 4228 orientis
1621 4182 1675 4226 et
1713 4171 2014 4226 occidentis
2047 4169 2172 4224 l‘nn-

601 4259 848 4320 damenta
894 4264 1232 4325 damnaverit
1265 4282 1276 4317 :
1311 4265 1423 4333 ipsa
1450 4266 1611 4319 etiam
1649 4265 1977 4318 adversaria:
2018 4274 2169 4333 pole-

601 4352 757 4420 statis
789 4354 1012 4414 Victoria
1044 4364 1252 4409 mentes
1281 4355 1554 4408 hominum
1587 4356 1944 4410 circumvenit
1998 4366 2053 4410 et
2081 4355 2166 4411 ob-

599 4444 858 4501 scttravil.
910 4441 965 4496 In
1017 4444 1132 4513 ipso
1165 4446 1422 4498 ttitttirunt
1469 4456 1740 4514 praecepto
1771 4457 1854 4500 est
1897 4457 2085 4500 saucia
2116 4455 2168 4501 et

2274 3260 2427 3323 κείας
2463 3258 2750 3330 ἁρμονίας.
2804 3257 3020 3311 Τούτων
3071 3256 3251 3312 τοίνυν
3285 3254 3620 3326 σωτηριώδει
3661 3253 3846 3308 διατυ-

2275 3346 2445 3401 πώσει
2490 3345 3077 3418 τελεσιουργηθέντων,
3137 3347 3233 3398 καὶ¹
3285 3345 3503 3414 πνεῦμα
3554 3344 3710 3418 ἡμῖν,
3757 3343 3844 3396 τνα

2273 3439 2446 3492 ταῦτα
2499 3439 2675 3492 πάντα
2713 3436 2982 3492 κινεῖσθαι
3031 3437 3126 3490 καὶ
3175 3437 3448 3507 ἀκμάζειν
3478 3436 3720 3502 δύναιτο,
3755 3435 3841 3489 ἐν·

2275 3529 2521 3594 έπνευσε,
2548 3527 2641 3584 καὶ
2667 3527 2794 3581 θέαν
2819 3529 2931 3590 τοῖς
2954 3527 3248 3598 ἡμετέροις
3281 3526 3577 3598 ὀφθαλμοῖς
3609 3531 3844 3596 συνεχώ-

2276 3638 2430 3691 ρησε,
2451 3621 2546 3673 καὶ
2568 3619 2705 3690 πρὸς
2730 3618 2840 3690 [ian
2866 3620 3001 3690 πρὸς
3023 3617 3257 3690 τούτοις]
3281 3618 3495 3676 σύνεσιν
3509 3622 3574 3690 τῇ
3596 3619 3846 3689 ἡμετέρᾳ

2273 3711 2483 3786 κεφαλῇ
2513 3711 2734 3775 δέδωκε,
2777 3711 2870 3766 καὶ
2900 3711 3028 3765 εἵσω
3058 3711 3154 3782 τῆς
3190 3711 3374 3783 χώρας
3407 3711 3632 3782 ταύτης,
3667 3710 3843 3783 πάσης

2272 3805 2370 3874 τῆς
2399 3803 2635 3865 διανοίας
2670 3803 2766 3868 τῆς
2792 3805 3067 3874 ἡμετέρας
3101 3804 3192 3856 τὸν
3224 3802 3485 3873 λογισμὸν
3510 3802 3839 3858 συνέκλεισε.

2273 3893 2580 3963 Τοιγαροῦν
2610 3895 2661 3946 εί
2684 3911 2766 3956 τις
2797 3893 3076 3964 εὐφρονῶν
3103 3893 3308 3964 ταύτης
3341 3895 3440 3964 τῆς
3461 3891 3845 3954 διατυπώσεως

2273 3985 2363 4038 τὸν
2407 3985 2665 4056 λογισμὸν
2701 3987 3017 4056 σκοπήσειε,
3067 3985 3136 4040 τὰ
3167 3984 3231 4055 δὴ
3279 3984 3446 4040 λοιπά
3496 3984 3777 4044 παύσειεν,
3809 3982 3843 4035 ἃ

2277 4078 2412 4145 μήτε
2460 4077 2622 4146 λόγῳ,
2675 4079 2809 4144 μήτε
2863 4077 3081 4152 ἀριθμῴ
3130 4075 3534 4147 περιληφθῆναι
3593 4075 3839 4135 δύναται,

2272 4169 2466 4240 ταχείᾳ
2500 4169 2797 4240 ἐνθυμήσει
2843 4172 2936 4222 καὶ
2990 4169 3115 4224 ἰδεῖν
3147 4170 3242 4226 καὶ
3293 4168 3527 4226 συνιέναι
3557 4168 3838 4236 δυνήσεται

2271 4263 2371 4334 τὴν
2434 4263 2653 4316 αἰώνιον
2700 4264 2795 4322 καὶ
2849 4263 3169 4335 σωτηριώδη
3225 4262 3320 4320 τοῦ
3379 4263 3651 4316 ἀθανάτου
3707 4259 3836 4312 Θεοῦ

2273 4354 2539 4422 ἐξουσίαν,
2569 4357 2663 4409 καὶ
2701 4357 2760 4408 οὐ
2791 4357 3015 4410 δύναται
3042 4359 3247 4412 ἐκεῖνον
3269 4357 3476 4427 πλάνης
3503 4356 3646 4418 τινὸς
3674 4353 3838 4424 χωρὶς

2227 4455 2232 4462 ·
2271 4445 2560 4514 ἄνθρωπος
2595 4446 2812 4516 ἐνδῆσαι
2835 4463 2847 4476 '
2880 4447 3214 4501 σκέπτεσθαι
3245 4449 3431 4517 σαφῶς
3462 4447 3610 4516 αὐτῷ
3639 4445 3833 4509 ἔξεστι,

609 4534 930 4595 immortalis
973 4545 1026 4589 et
1077 4535 1426 4604 infatigabilis
1479 4538 1570 4590 Dei
1621 4538 2014 4606 omnipotentis
2060 4539 2165 4600 cle-

2273 4534 2366 4588 καὶ
2401 4533 2526 4592 ἰδεῖν
2555 4535 2732 4592 πάντα
2755 4535 2822 4590 τὰ
2848 4537 3112 4604 γεγονότα
3139 4531 3279 4588 εἶναι
3313 4537 3535 4604 δυνάμει
3567 4536 3659 4587 τοῦ
3683 4533 3834 4594 Θεοῦ,

607 4628 837 4698 tnenlia;
867 4629 1120 4683 omnibus
1145 4629 1288 4681 enim
1334 4629 1523 4686 diebus
1577 4640 1630 4686 et
1677 4631 2010 4699 tempmibus
2037 4649 2173 4702 prte-

608 4720 780 4778 teritis
821 4719 1138 4782 innumeras
1181 4719 1499 4789 populorum
1557 4722 1928 4778 multitudines
1977 4724 2044 4778 ab
2072 4727 2172 4779 hoc

602 4827 768 4879 onere
800 4850 816 4873 ,
863 4811 1017 4880 cujus
1073 4811 1322 4865 servituti
1369 4813 1593 4866 addicta:
1639 4815 1890 4880 inerant,
1938 4832 2034 4886 per
2087 4834 2172 4871 tne

603 4917 820 4961 servum
850 4916 1008 4958 suum
1047 4900 1190 4964 Deus
1219 4899 1437 4965 liberat,
1467 4913 1522 4958 et
1556 4905 1608 4958 in
1647 4906 1944 4974 perlectum
1979 4909 2170 4964 aeterni

600 4992 820 5051 luminis
867 4991 1212 5058 splendorem
1259 4993 1498 5048 deducit.
1534 4995 1662 5052 Post
1695 4997 1807 5052 lucc
1839 4999 2020 5068 igitur,
2053 5001 2168 5056 fra-

596 5091 705 5148 tres
756 5078 1231 5144 desideratissimi,
1279 5082 1663 5152 propinquiore
1711 5087 1941 5153 quadam
1987 5089 2166 5155 provi-

597 5169 803 5233 dentia,
852 5177 907 5226 et
939 5166 1235 5222 illustribus
1267 5170 1588 5234 immortalis
1623 5174 1712 5225 Dei
1748 5173 1916 5226 nostri
1950 5173 2166 5228 beneﬁ-

597 5261 698 5334 ciis
749 5261 1102 5330 insigniorem
1133 5278 1218 5315 me
1259 5263 1310 5315 itt
1366 5271 1641 5331 posterum
1691 5265 1950 5331 futurum,
1989 5267 2166 5334 puris-

595 5352 730 5404 sima
786 5367 912 5426 erga
954 5351 1126 5420 ipsum
1181 5351 1284 5420 [ille
1337 5368 1455 5407 smn
1515 5368 1827 5422 persuasus.
1894 5355 2168 5426 Sttscipiat

594 5458 723 5512 ergo
775 5458 860 5495 tne
905 5443 1339 5498 sincerissimum
1398 5447 1687 5500 concilium
1720 5449 2028 5506 sanctitatis
2075 5467 2166 5506 ve-

596 5544 742 5598 stra‘,
778 5549 876 5588 nec
903 5536 1035 5590 milii
1065 5538 1463 5592 sanctissimam
1498 5530 1818 5606 Ecclesium,
1840 5553 1896 5604 et
1921 5559 2165 5600 commu-

595 5626 681 5680 nis
707 5626 950 5680 omnium
974 5640 1216 5683 nostrum
1243 5642 1518 5702 castaeque
1545 5634 1735 5688 matris
1759 5644 1944 5702 portas
1969 5636 2166 5703 opponi

597 5715 935 5776 sustinentis.
970 5717 1234 5783 Quamvis
1269 5723 1412 5776 enim
1450 5739 1594 5778 nunc
1632 5725 1966 5792 potissimum
2001 5727 2163 5784 animi

596 5806 702 5862 mei
742 5809 881 5864 ratio
915 5809 1210 5881 perlectam
1264 5814 1543 5872 catltolicm
1595 5818 1713 5873 ﬁdei
1753 5816 2039 5887 puritatem
2077 5819 2163 5872 in-

2275 4627 2350 4691 ὼς
2383 4628 2545 4690 αὐτὸς
2574 4628 2747 4684 πάντα,
2781 4627 2951 4679 ταῦτα
2991 4621 3128 4680 εἶναι
3159 4626 3498 4696 βεϐούληται.
3533 4627 3648 4682 Ἵνα
3680 4625 3736 4684 δὲ
3756 4627 3836 4694 εἰη

2277 4720 2441 4784 ίδεῖν,
2488 4720 2570 4776 ὅτι
2625 4737 2707 4783 τις
2758 4719 3019 4790 ἀθέμιτος
3071 4721 3274 4789 κόσμου
3319 4719 3564 4771 πολιτεία
3594 4719 3694 4789 τὴν
3746 4714 3835 4768 τοῦ

2271 4812 2408 4866 Θεοῦ
2438 4815 2709 4881 ἀγνωσίαν
2749 4817 2861 4878 τοῖς
2910 4812 3220 4884 ἀνθρώποις
3255 4813 3659 4881 ἀπειργάσατο,
3693 4809 3835 4875 λογι-

2273 4903 2412 4972 σμοῦ
2446 4904 2844 4973 ἁμαρτήματος
2895 4907 3165 4976 προτέρου
3201 4903 3480 4973 τεχθέντος
3523 4903 3588 4953 ἐκ
3633 4899 3834 4967 πλάνης

2269 4993 2362 5050 τοῦ
2388 4993 2584 5065 ἐχθροῦ
2631 4994 2687 5045 ἐν
2731 4999 2850 5058 ταῖς
2901 4999 3006 5048 τῶν
3057 4997 3260 5058 σκαιῶν
3298 4993 3599 5063 ἀνθρώπων
3625 4989 3833 5051 ἀθλίαις

2269 5083 2488 5152 ψυχαῖς,
2529 5085 2592 5136 ἐκ
2619 5085 2712 5136 τοῦ
2739 5086 2885 5138 θείου
2916 5089 3081 5158 νόμου
3127 5087 3311 5140 λαϐεῖν
3345 5085 3500 5156 ἡμῶν
3531 5083 3641 5154 [τά.
3681 5081 3830 5152 ἡμῖν]

2270 5173 2448 5226 ἔνεστι
2485 5174 2632 5244 σοιφῆ
2660 5176 2754 5245 τὴν
2788 5177 2917 5248 περὶ
2948 5176 3139 5229 τούτου
3173 5175 3466 5239 ἀπόδειξιν.
3505 5173 3593 5240 Ἐξ
3624 5173 3829 5225 ἐκείνου

2270 5267 2378 5338 γὰρ
2422 5267 2648 5339 καιροῦ,
2709 5269 2767 5334 ἐξ
2813 5266 2874 5323 οὗ
2910 5271 3015 5322 ὑπὸ
3065 5270 3173 5323 τῶν
3204 5269 3298 5322 δύο
3345 5268 3588 5333 ἐκείνων,
3639 5266 3748 5319 τῶν
3777 5267 3830 5318 ἐν

2270 5362 2410 5430 ἀρχῇ
2442 5361 2922 5436 κατασταθέντων,
2939 5361 2999 5412 τὸ
3026 5361 3163 5423 θεῖον
3191 5361 3284 5412 καὶ
3313 5357 3466 5424 ἅγιον
3504 5357 3830 5427 πρόσταγμα

2270 5452 2488 5523 ἐτύχθη,
2525 5451 2662 5521 μετά
2702 5454 2796 5522 τῆς
2825 5453 3207 5521 προσηκούσης
3234 5450 3552 5520 ἐπιμελείας
3581 5451 3682 5502 οὐκ
3708 5451 3832 5515 ἐφυ-

2269 5543 2438 5614 λάχθη
2465 5543 2604 5613 μετὰ
2625 5543 2795 5596 ταῦτα
2825 5544 2923 5612 τῆς
2955 5542 3324 5614 προσηγορίας
3351 5541 3556 5609 ταύτης
3573 5542 3630 5592 τὸ
3656 5540 3827 5600 ἄνθος·

2268 5633 2456 5700 γέγονε
2491 5633 2544 5686 δὲ
2589 5633 2829 5702 συνεχὲς,
2859 5634 2950 5685 καὶ
2987 5633 3186 5702 μᾶλλον
3211 5631 3541 5701 ἐπηύξησεν,
3575 5629 3633 5694 ἐξ
3659 5626 3718 5681 οὗ
3741 5629 3829 5680 καὶ

2268 5727 2330 5789 οἱ,
2371 5723 2759 5796 προειρημένοι
2814 5722 2906 5776 δύο
2953 5725 3081 5793 θείῳ
3130 5722 3360 5790 νεύματι
3411 5719 3825 5788 ἁπεϐλήθησαν·

2267 5816 2370 5880 ἕως
2418 5817 2474 5869 δέ
2519 5815 2768 5874 τοσούτου
2803 5817 2835 5885 ή
2877 5815 2975 5886 ὒλη
3017 5816 3155 5886 αὐτὴ
3209 5815 3346 5887 μετὰ
3379 5815 3476 5886 τῆς
3518 5811 3823 5881 σκαιότητος
