4148 6592
378 409 509 478 1241

1251 415 1612 476 HISTORIA
1655 413 1986 480 CONCIL'II
2026 415 2332 476 ΝΙΟΕΝῙ.
2370 438 2440 449 --
2476 417 2622 476 LIB.
2666 417 2748 477 ΙΙ.

3497 408 3635 477 12έῖ

377 522 485 578 τῶν
521 523 824 594 ἀνθρώπων
867 527 1115 598 προήχθη
1137 525 1174 590 ,’
1207 527 1348 581 ὥστε
1397 528 1498 597 τῆς
1529 545 1587 581 τε
1636 526 1778 598 ἑῴας
1805 569 1819 591 ,
1859 529 1942 580 καὶ

2056 527 2353 598 vestigans,
2398 529 2498 580 hoc
2531 528 2630 582 sibi
2667 529 2782 581 lieri
2815 528 3034 598 dignum
3075 542 3179 581 non
3225 541 3346 581 esse
3397 527 3633 581 arbitra--

374 616 484 674 τῶν
512 617 648 687 πρὸς
674 617 826 671 δύσιν
865 620 1145 690 κρηπίδων
1185 621 1622 691 κατεψηφίσατοο
1661 622 1799 692 αὑτή
1828 639 1887 674 ἰε
1918 624 1950 692 ἠ

377 707 654 779 ὑπερϐολὴ
685 708 782 777 τῆς
818 710 1072 774 ἐναντίας
1115 711 1398 782 δυνάμεως
1430 711 1529 775 τάς
1581 710 1818 773 διανοίας
1845 712 1954 766 τῶν

372 799 675 868 ἀνθρώπων
721 801 989 857 κατέλαϐε
1020 804 1114 857 καὶ
1147 805 1498 876 ἠμαύρωσεν.
1545 804 1634 857 Ἐν
1688 798 1733 874 ᾧ
1769 805 1950 875 μέντοι

377 891 761 960 προστάγματι
793 890 948 960 ἀγιος
979 893 1074 947 καὶ⁸
1101 893 1369 958 ἀθάνατός
1395 895 1514 946 ἐστι
1545 894 1639 948 τοῦ
1673 894 1742 949 τά
1774 895 1952 951 πάντα

371 979 671 1050 δυναμένου
704 980 840 1034 Θεοῦ
863 982 891 1036 ὁ
923 983 1206 1053 ἀκάματος
1235 979 1405 1046 οἶκος.
1441 985 1653 1048 Πάσαις
1688 985 1796 1056 γάρ
1830 987 1951 1049 ταῖς

373 1070 630 1141 ἡμέραις,
663 1072 758 1125 καὶ
795 1074 909 1136 τοῖς
939 1074 1152 1145 χρόνοις
1192 1077 1306 1138 τοῖς
1366 1075 1819 1146 παρεληλυθόσιν,
1861 1077 1953 1129 άν-

372 1161 706 1234 αριθμήτους
725 1163 836 1216 τῶν
862 1164 1048 1236 δήμων
1073 1164 1476 1238 πολυπληθείας
1504 1165 1610 1218 ἀπὸ
1626 1165 1719 1218 τοῦ
1749 1165 1949 1237 βάρους

371 1253 560 1325 τούτου
589 1253 658 1307 δι’
691 1253 827 1324 ὲ,μοῦ
858 1254 952 1307 τοῦ
992 1255 1156 1308 αὑτοῦ
1189 1255 1521 1325 θεράποντος
1554 1257 1582 1308 ὁ
1606 1254 1738 1318 Θεὸς
1764 1255 1947 1308 δεδου-

370 1323 622 1412 λῖυμένας
671 1323 980 1415 ἐλευθεροῖ,
1018 1343 1110 1398 καὶ
1159 1323 1473 1415 είςήὲντελῆ
1507 1343 1727 1398 αἰωνίου
1768 1349 1947 1414 φωτὸς

371 1431 550 1498 ἐξάξει
597 1432 980 1504 λαμπρότητα.
1043 1435 1180 1487 Ἀπὸ
1229 1433 1434 1487 τούτων
1479 1433 1774 1503 τοιγαροῦν
1810 1433 1943 1503 ἐγὼ,

367 1523 586 1592 ἀδελφοὶ
621 1525 1024 1592 ποθεινότατοι,
1055 1525 1361 1597 οἰκειοτέρα
1410 1525 1516 1578 τινὶ
1570 1524 1796 1596 προνοίᾳ
1851 1523 1945 1576 καὶ

367 1615 600 1680 ἐνδόξοις
661 1617 1010 1688 εὐεργεσίαις
1065 1618 1160 1671 τοῦ
1208 1617 1481 1672 ἀθανάτου
1527 1618 1620 1670 καὶ
1667 1616 1941 1688 ἡμετέρου

368 1707 528 1772 Θεοῦ,
558 1709 619 1762 τὸ
655 1709 843 1764 λοιπὸν
891 1711 1290 1782 ἐπισημότερος
1331 1707 1468 1764 εἶναι
1499 1713 1563 1782 τῇ
1610 1710 1748 1782 πρὸς
1779 1710 1942 1763 αὑτὸν

365 1799 734 1874 καθαρωτάτη
766 1802 948 1856 πίστει
978 1803 1234 1856 πέποιθα.
1265 1801 1520 1868 Δεξάσθω
1549 1801 1841 1871 τοιγαροῦν
1873 1819 1940 1872 με

2058 631 2166 682 tttr,
2194 619 2384 672 suadet
2431 628 2612 672 tamen
2639 630 2805 688 atque
2837 620 3112 673 admonet.
3157 617 3223 672 Et
3252 619 3486 686 propria:
3511 619 3632 688 qui-

2054 712 2174 764 dem
2224 710 2562 764 verecundiae
2615 709 2768 766 frons
2824 712 3068 765 omnium
3135 711 3628 780 pulcherrimarum

2053 806 2310 858 virtutum
2341 803 2578 874 sigillum
2612 804 2829 868 extulit,
2876 814 3169 872 portasque
3201 802 3630 858 immortalitatis

2051 895 2214 962 coepit
2251 895 2587 964 contingere,
2618 894 2871 964 ipsasque
2902 898 3115 964 pulsare
3152 912 3166 948 :
3204 901 3342 950 ut‘et
3374 908 3469 948 vos
3514 908 3629 948 coe-

2051 985 2206 1053 pistis
2229 997 2429 1039 nostra:
2459 985 2817 1040 fraternitatis
2840 985 3216 1051 imprudentize
3239 984 3450 1037 veniam
3475 984 3625 1044 dare,

2051 1064 2241 1144 parem
2293 1079 2412 1132 tidei
2452 1078 2736 1132 catholica:
2796 1077 3174 1147 respicientes.
3218 1074 3332 1129 lloc
3381 1073 3525 1128 enim
3575 1082 3629 1127 et

2050 1165 2216 1220 Deum
2269 1169 2449 1233 decet,
2479 1180 2532 1223 et
2570 1170 2827 1226 Ecclesiae
2871 1167 3158 1223 catholicae
3191 1167 3309 1221 ﬁdei
3345 1165 3622 1228 convenit,

2047 1268 2102 1312 et
2160 1260 2469 1328 reipublica:
2539 1264 2772 1333 negotiis
2829 1262 2960 1315 utile
3026 1270 3110 1315 est
3159 1277 3175 1314 :
3234 1269 3293 1314 ut
3359 1272 3456 1328 pro
3515 1255 3626 1311 divi

2048 1354 2195 1406 nitus
2257 1354 2410 1408 nobis
2471 1370 2728 1410 concessa
2781 1355 3170 1424 pretiosissima
3229 1367 3363 1422 pace
3410 1350 3624 1418 dignam
3683 1373 3704 1417 .-

2045 1445 2342 1512 gratiarum
2381 1448 2652 1502 actionem
2701 1447 2819 1515 ejus
2859 1447 3050 1516 gratim
3103 1443 3348 1514 largitori
3377 1455 3626 1498 commu-

2047 1535 2185 1587 Ililcl‘
2212 1552 2400 1591 0|"le
2431 1537 2746 1592 referamus.
2777 1537 2956 1593 Grave
2991 1537 3133 1592 Cllilll
3157 1544 3320 1597 esset,
3355 1533 3465 1588 imo
3495 1545 3625 1586 νει-0

2043 1643 2206 1698 quam
2247 1633 2530 1695 acerbum,
2589 1633 2836 1688 hostibus
2885 1630 3000 1700 jam
3046 1629 3373 1702 proﬂigatis,
3421 1634 3476 1684 et
3530 1640 3624 1681 ue-

2045 1719 2188 1774 mine
2216 1735 2280 1773 ex
2315 1721 2530 1777 diverso
2579 1738 2637 1779 se
2685 1738 2960 1794 opponere
2995 1722 3250 1790 audente,
3297 1720 3528 1775 invicem
3560 1731 3622 1772 se

2043 1827 2376 1882 oppugnare,
2426 1825 2480 1870 et
2522 1817 2762 1871 laetitiam
2805 1817 3041 1872 inimicis
3072 1827 3237 1886 atque
3283 1799 3427 1869 adeo.
3449 1813 3616 1866 risum

361 1894 394 1964 ὴ
446 1894 722 1965 ἁγιωτάτη
775 1894 991 1958 σύνοδος
1034 1895 1133 1964 τῆς
1180 1895 1451 1968 ὑμετέρας
1499 1896 1808 1966 ἁγιότητος,
1842 1897 1937 1949 καὶ

2045 1905 2281 1973 pra-bere
2307 1922 2322 1972 ;
2364 1917 2418 1962 et
2442 1910 2742 1978 praesertim
2769 1926 2888 1966 cum
2915 1911 2980 1964 de
3008 1909 3168 1964 relms
3197 1904 3397 1961 divinis
3427 1904 3617 1971 dispu-

364 1986 439 2057 μή
492 2003 583 2057 μοι
624 1986 724 2058 τὴν
776 1986 1227 2058 σωφρονεστάτην
1296 1987 1644 2058 Ἐκκλησίαν,
1692 1987 1787 2041 καὶ
1842 1988 1944 2058 τῆς

363 2077 536 2146 ἀγνῆς
587 2077 775 2148 κοινῆς
820 2077 914 2130 κα)⁵
944 2077 1166 2131 πάντων
1195 2077 1355 2147 ὴμῶν
1392 2077 1595 2146 μητρὸς
1643 2077 1745 2140 τὰς
1772 2077 1943 2148 θύρας

2045 2004 2243 2057 tentus,
2293 1995 2701 2069 habeamusque
2740 1999 3047 2054 doctrinam
3085 1992 3446 2064 sacratissimi
3491 1989 3619 2060 Spi-

2041 2087 2199 2154 ritus,
2240 2088 2544 2144 litterarum
2583 2093 2954 2146 monumentis
2993 2091 3280 2162 proditam.
3315 2086 3448 2140 Nam
3496 2081 3620 2138 libri

362 2169 710 2241 ἀντιτεθῆναι
742 2167 1075 2240 άνάσχησθε.
1114 2170 1176 2220 Εἰ
1221 2169 1316 2222 καὶ
1343 2168 1413 2222 τά
1451 2169 1685 2240 μάλιστα
1719 2170 1814 2223 καὶ
1849 2169 1942 2227 νῦν

2045 2182 2494 2250 evangelistarum
2519 2194 2572 2238 et
2594 2184 2987 2255 apostolorum,
3015 2183 3142 2254 quin
3170 2181 3334 2236 etiam
3370 2185 3616 2232 veterum

359 2263 389 2312 ὁ
416 2261 676 2333 λογισμὸς
716 2265 816 2333 τῆς
848 2263 990 2333 ἐμῆς
1017 2261 1197 2332 ψυχῆς
1226 2260 1416 2332 ἐντελῆ
1450 2261 1550 2332 τὴν
1586 2261 1942 2334 καθαρότητα

2045 2271 2426 2339 prophetarum
2454 2272 2670 2326 oracula
2697 2289 2796 2328 nos
2824 2273 3107 2328 evidenter
3134 2271 3350 2333 docent,
3384 2266 3514 2336 quid
3549 2265 3619 2318 de

359 2352 459 2424 τῆς
489 2354 780 2426 καθολικῆς
829 2355 1064 2417 πίστεως
1105 2353 1404 2425 ἐπιζητῶν,
1445 2354 1602 2407 τοῦτο
1632 2355 1812 2427 ἑαυτῷ
1843 2373 1936 2425 γε·

2045 2362 2226 2416 diviuo
2270 2364 2487 2419 numine
2533 2365 2877 2420 sentiendum
2921 2366 3010 2420 sit.
3053 2363 3212 2439 Omni
3271 2362 3435 2430 igitur
3469 2357 3618 2412 sedi-

359 2446 546 2500 νέσθαι
595 2448 697 2500 οὐκ
729 2447 902 2502 οἴεται
934 2443 1072 2502 εἶναι
1106 2447 1276 2514 ἀξιον,
1323 2448 1472 2519 ὅμως
1512 2449 1812 2520 προτρέπει
1846 2450 1941 2503 καὶ

2045 2457 2178 2510 tiosa
2206 2457 2550 2510 contentione
2585 2457 2832 2527 depulsa,
2873 2457 3197 2513 Litterarum
3240 2451 3499 2507 divinitus
3537 2450 3622 2503 in-

360 2538 804 2611 ὑπομιμνήσκει,
837 2541 929 2595 καὶ
977 2540 1038 2594 τὸ
1084 2541 1335 2610 μέτωπον
1378 2540 1475 2610 τῆς
1522 2541 1726 2604 οἰκείας
1758 2541 1939 2606 αἰδοῦς

2045 2546 2366 2614 Spiratarnm
2409 2548 2735 2604 testimoniis
2781 2567 2867 2607 res
2899 2551 2950 2604 itt
2978 2549 3328 2620 quaestionem
3359 2547 3621 2602 adductas

359 2631 551 2686 πασῶν
582 2632 690 2686 τῶν
735 2634 1039 2687 καλλίστων
1069 2631 1282 2702 ἀρετῶν
1317 2630 1599 2703 ἐξενήνοχε
1640 2634 1937 2704 σφραγῖδα,

2045 2638 2424 2693 dissolvamus.

358 2725 454 2779 xui.
491 2727 600 2780 τῶν
636 2727 821 2818 πυλῶν
877 2727 974 2797 τῆς
1029 2727 1330 2791 ἀθανασίας
1381 2725 1585 2798 ἤρξατο
1643 2728 1934 2798 ἅπτεσθαι,
1976 2733 2070 2786 καὶ
2133 2734 2358 2800 τούτους
2397 2735 2650 2808 κρούειν·
2685 2737 2833 2801 ὅπως
2901 2737 2994 2790 καὶ
3025 2738 3183 2808 ὑμεῖς
3225 2735 3325 2805 τῆς
3354 2731 3626 2804 ἡμετέρας

357 2817 719 2890 ἀδελφότητος
748 2817 911 2884 εὐθὺς
977 2820 1332 2890 συγχωρῆσαι
1357 2819 1453 2888 τὴν
1512 2820 1698 2874 ἄνοιαν
1753 2823 1848 2875 καὶ
1909 2824 2133 2896 είρήνην
2187 2827 2288 2897 τῆς
2351 2828 2651 2900 καθολικῆς
2710 2829 2927 2884 εὔνοιαν
2989 2829 3228 2891 πίστεως
3286 2825 3612 2897 βλέψαντες.

357 2913 532 2968 Τοῦτο
566 2914 676 2987 γάρ
696 2913 774 2986 τῷ
807 2915 927 2985 Θεῷ
949 2915 1258 2986 πρεπῶδες,
1288 2914 1384 2968 καὶ¹
1417 2917 1482 2985 τῇ
1557 2917 1656 2988 τῆς
1703 2916 1999 2990 καθολικῆς
2044 2921 2372 2994 Ἐκκλησίας
2424 2925 2606 2978 πίστει
2663 2926 2964 2997 ἁρμόδιον,
3010 2927 3105 2979 καὶ
3159 2921 3239 2992 τῷ
3296 2917 3461 2988 κοινῷ
3515 2914 3625 2969 τῶν

357 3009 699 3078 πραγμάτων
750 3007 1073 3078 συμφέρον·
1123 3008 1214 3063 ἵνα
1263 3007 1366 3076 τῆς
1419 3009 1630 3063 ’θεόθεν
1680 3012 1815 3081 ἡμῖν
1880 3015 2321 3087 παρασχεθείσης
2369 3019 2725 3089 ἐντιμοτάτης
2793 3020 3019 3089 είρήνης
3064 3017 3222 3081 ἀξίαν
3269 3010 3506 3083 ἀμοιϐὴν
3548 3005 3626 3082 τῷ

355 3104 562 3175 ταύτην
613 3105 745 3176 ἡμῖν
799 3105 1158 3176 χαρισαμένῳ
1213 3103 1410 3170 κοινῶς
1457 3107 1701 3170 ἅπαντες
1775 3110 2256 3182 προσενέγκωμεν.
2307 3114 2491 3167 Δεινὸν
2526 3113 2636 3186 γὰρ
2666 3114 2742 3178 ὡς
2809 3115 3028 3186 ἀληθῶς
3098 3113 3164 3168 ἂν
3225 3110 3333 3180 εἴη,
3365 3109 3460 3162 καλ⁸
3485 3106 3627 3175 ἄγαν

355 3196 529 3258 δεινὸν
579 3195 991 3250 καταλυθέντων
1052 3196 1162 3247 τῶν
1212 3195 1508 3265 πολεμίων,
1563 3196 1656 3250 καὶ
1714 3199 1938 3270 μηδενὸς
1999 3201 2322 3254 ἀντιτείνειν
2368 3201 2448 3255 ἔτι
2491 3202 2822 3274 τολμῶντος,
2884 3203 3105 3274 βάλλειν
3161 3202 3309 3272 ἡμᾶς
3337 3196 3624 3267 ἀλλήλους,

356 3298 452 3352 καὶ
495 3301 605 3358 τοῖς
647 3293 969 3364 δυσμενέσιν
999 3293 1194 3364 ἡδονὴν
1239 3293 1334 3346 καὶ
1379 3292 1595 3360 γέλωτα
1644 3295 1944 3365 προξενεῖν,
1985 3297 2159 3360 ἄλλως
2187 3315 2247 3350 τε
2288 3299 2344 3354 δὲ
2406 3300 2499 3352 καὶ
2531 3299 2664 3369 περ)⁴
2724 3299 2885 3352 θείων
2910 3297 3330 3368 διαλεγομένους
3362 3292 3628 3364 πραγμά-

353 3404 487 3452 των,
517 3387 612 3442 καὶ
660 3385 756 3442 τοῦ
807 3385 1074 3453 παναγίου
1108 3385 1420 3455 πνεύματος
1490 3387 1590 3456 τὴν
1630 3387 1978 3442 διδασκαλίαν
2042 3391 2397 3460 ἀνάγραπτον
2435 3392 2680 3463 ἔχοντας.
2735 3392 3109 3461 Εὑαγγελικαὶ
3158 3390 3268 3461 γάρ
3304 3387 3498 3458 βίϐλοι,
3532 3385 3630 3438 καὶ

353 3481 732 3548 ἀποστολικαὶ,
772 3480 869 3536 καὶ
893 3479 1001 3534 τῶν
1051 3479 1299 3533 παλαιῶν
1331 3479 1628 3552 προφητῶν
1654 3482 1724 3534 τὰ
1787 3481 2138 3554 θεσπίσματα
2196 3488 2382 3554 σαφῶς
2433 3489 2580 3558 ἡμᾶς
2608 3489 2752 3559 ἅπερ
2785 3488 2893 3559 χρὴ
2953 3485 3201 3558 περὶτοῦ
3233 3483 3380 3537 θείου
3410 3483 3628 3552 φρονεῖν

356 3574 762 3631 ἐκπαιδεύουσι.
823 3574 934 3644 Τὴν
990 3573 1363 3639 πολεμοποιάν
1417 3568 1509 3626 οὖν
1563 3571 1936 3638 ἀπελάσαντες
1974 3575 2110 3646 ἔριν,
2144 3580 2209 3631 ἐκ
2253 3577 2364 3632 τῶν
2408 3579 2785 3634 θεοπνεύστων
2831 3579 3008 3648 λόγων
3073 3569 3331 3648 λάϐωμεν
3364 3575 3474 3629 τῶν
3529 3572 3627 3643 Ct]-

354 3667 631 3736 τουμένων
657 3665 754 3738 τὴν
787 3664 960 3719 λύσιν.
994 3737 996 3740 ν
2930 3669 2954 3710 .’

425 3759 610 3814 Ταῦτα
641 3760 734 3812 καὶ
761 3757 829 3810 τὰ
855 3757 1066 3820 τούτοις
1097 3757 1453 3828 παραπλήσια
1474 3761 1501 3811 ὁ
1535 3757 1808 3826 πάνσοφος
1839 3757 1935 3827 βα-

2115 3762 2218 3817 Ιςιιι
2251 3760 2464 3828 aliaque
2517 3759 2567 3813 id
2613 3775 2786 3828 genus
2825 3757 3261 3827 sapientissimus
3309 3757 3626 3825 imperator,

357 3850 560 3914 σιλεὺς,
611 3847 700 3904 οἶα
746 3849 810 3919 δὴ
842 3852 973 3913 παῖς
1024 3849 1368 3917 φιλοπάτωρ,
1422 3852 1531 3914 τοῖς
1582 3850 1820 3922 ίερεῦσιν
1860 3849 1936 3914 ὡς

354 3926 602 4017 Πατράσι
627 3943 961 4016 προσέφερε,
986 3943 1092 3995 τῶν
1119 3942 1498 3997 ἁποστολικῶν
1522 3944 1810 4016 δογμάτων
1840 3944 1938 4015 τὴν

356 4036 680 4109 συμφωνίαν
732 4035 1278 4106 πραγματευόμενος.
1325 4035 1439 4104 Τῆς
1487 4035 1542 4087 δὲ
1581 4036 1800 4088 συνῦδου
1829 4035 1938 4090 τῶν

357 4127 721 4182 συνελθόντων
761 4127 852 4178 ἐπὶ
880 4126 942 4177 τὸ
986 4123 1118 4180 αὐτὸ
1159 4123 1508 4176 ἐπισκόπωνο
1540 4123 1841 4193 τριακόσιοι
1880 4121 1937 4174 δὲ

354 4216 496 4292 ἦσαν
529 4219 664 4272 δέκα
719 4221 815 4271 καὶ
860 4215 1006 4269 ὀκτώ
1034 4233 1045 4245 ⁸
1099 4216 1214 4269 ἀλλ’
1266 4218 1313 4269 οἱ
1363 4215 1462 4285 μὲν
1507 4216 1812 4285 τριακόσιοι
1847 4215 1941 4268 καὶ

356 4309 494 4380 πρὸς
519 4311 633 4372 τοῖς
665 4307 982 4377 λεγομένοις
1011 4305 1317 4371 ἐπείθοντο,
1351 4306 1446 4359 καὶ
1470 4307 1565 4377 τήν
1588 4323 1646 4359 τε
1678 4307 1813 4375 προς
1847 4305 1941 4360 ἁλ-

353 4403 549 4474 λήλους
575 4402 852 4471 ὁμόνοιαν,
877 4399 976 4469 τήν
994 4416 1052 4451 τε
1074 4397 1181 4452 τῶν
1211 4397 1496 4466 δογμάτων
1522 4398 1734 4464 ὑγίειαν
1763 4397 1945 4467 ἠσπά-

355 4496 533 4561 ζοντο.
585 4496 648 4548 Οἱ
695 4493 752 4547 δὲ
796 4491 998 4557 λοιποὶ,
1035 4490 1216 4554 καθὼς
1264 4489 1434 4543 πάλαι
1468 4491 1796 4560 εἰρήκαμεν,
1829 4492 1941 4552 τοῖς

353 4586 736 4649 ἀποστολικοῖς
775 4585 1148 4656 ἀντεμάχοντο
1191 4583 1488 4654 δόγμασιν·
1543 4583 1598 4634 οῖ
1642 4598 1788 4644 τινες
1842 4579 1940 4651 τὴν

353 4679 450 4734 τοῦ
496 4680 710 4751 ’Δρείου
755 4675 918 4742 δόξαν
971 4676 1333 4746 μεγαλοφυῶς
1386 4677 1707 4745 συγκροτεῖν
1741 4673 1940 4728 ἐσπού-

353 4772 539 4836 δαζον,
570 4770 701 4824 δέκα
731 4771 824 4823 καὶ
847 4770 986 4822 ὲπτά
1012 4769 1104 4820 τὸν
1129 4767 1364 4839 ἀριθμὸν
1392 4767 1562 4829 ὄντες,
1591 4765 1849 4828 Εὑσέϐιός
1883 4784 1940 4818 τε

348 4863 381 4923 ,ὁ
425 4859 790 4928 Νικομηδεύς,
835 4857 911 4919 ὼς
968 4855 1067 4908 καὶ¹
1118 4857 1383 4926 πρότερον
1433 4852 1674 4924 εἴρηται,
1704 4854 1942 4926 Θεόγνης

358 4949 690 5022 [Θεογόνιος]
719 4952 746 5001 ό
771 4950 871 5019 τῆς
905 4947 1162 5010 Νικαίας,
1191 4947 1389 5018 Μάρης
1418 4945 1783 5016 Χαλκηδόνος,
1809 4945 1944 5000 Θεό-

357 5042 532 5111 δωρος
590 5041 917 5112 Ἡρακλείας
969 5040 1225 5110 Θρᾴκης,
1275 5040 1632 5110 Μηνόφαντος
1691 5039 1939 5108 Ἐφέσου,

2040 3856 2169 3910 dum
2205 3851 2472 3906 doctrina:
2500 3849 2814 3918 apostolicae
2857 3863 3186 3904 consensum
3237 3846 3480 3900 stabilire
3510 3861 3628 3899 tnu-

2042 3948 2253 4007 liretur.
2277 3954 2530 4011 tauquam
2563 3941 2708 3996 lilius
2739 3941 2909 4011 patris
2936 3939 3363 4002 amantissimus,
3406 3938 3626 4005 cpisco-

2045 4039 2128 4107 pis
2163 4046 2219 4092 et
2246 4033 2630 4090 sacerdotibus
2662 4032 2810 4085 velut
2844 4030 3087 4101 patribtts
3119 4029 3421 4099 proposuit.
3457 4029 3630 4086 Erant

2042 4141 2222 4184 autem
2262 4127 2354 4196 qui
2407 4127 2474 4180 ad
2531 4123 2800 4194 synodum
2861 4121 3024 4176 simul
3077 4130 3468 4187 convenerant,
3503 4122 3626 4190 cpi-

2041 4219 2190 4288 εωιή
2235 4217 2468 4274 trecenti
2523 4226 2576 4270 et
2624 4214 2927 4268 octodecim
2964 4232 2979 4268 :
3011 4215 3102 4268 sed
3149 4214 3372 4268 trecenti
3408 4215 3624 4282 quidem

2043 4318 2167 4362 ante
2202 4305 2460 4376 praedicta
2485 4302 2745 4374 persuasi
2772 4312 2948 4365 erant,
2977 4313 3030 4355 et
3060 4316 3387 4358 consensum
3431 4301 3497 4354 ad
3548 4303 3630 4356 in-

2043 4401 2218 4454 vicem
2278 4413 2343 4453 ac
2392 4397 2705 4467 dogmatum
2769 4394 3056 4450 sanitatem
3107 4395 3624 4465 amplectebantur:

2044 4489 2238 4558 reliqui
2299 4498 2506 4552 autem,
2567 4497 2624 4540 ut
2665 4489 2775 4554 jam
2834 4486 3045 4554 pridem
3078 4487 3335 4552 diximus,
3369 4491 3633 4542 adversus

2043 4579 2344 4650 apostolica
2370 4579 2625 4648 dogmata
2663 4577 2999 4648 pugnabant,
3023 4577 3112 4646 qui
3150 4577 3266 4632 Arii
3300 4579 3629 4632 sententiam

2045 4671 2334 4742 magniﬁce
2368 4669 2756 4726 concelebrare
2787 4669 3104 4733 studebant,
3143 4682 3366 4723 numero
3392 4678 3629 4735 septem-

2033 4766 2263 4818 ,deciut:
2309 4764 2577 4819 Eusebius
2617 4763 2823 4816 scilicet
2877 4760 3338 4823 Nicomedieusis,
3385 4759 3538 4825 cujus
3575 4767 3631 4818 et

2045 4857 2298 4926 superius
2339 4856 2668 4909 mentionem
2721 4852 2989 4918 fecimus;
3033 4852 3308 4920 Theognis
3344 4850 3619 4910 Nicamus,

2047 4947 2211 5002 Maris
2240 4947 2727 5010 Chalcedonensis,
2763 4945 3084 5000 Theodorus
3132 4943 3406 4998 lleraclere
3453 4941 3631 4996 Thra—

2046 5043 2168 5104 σὴρ,
2197 5040 2593 5108 lllcuopltantns
2625 5039 2843 5109 Ephesi,
2879 5037 3229 5106 Patrophilus
3259 5035 3628 5106 Scythopolis,

359 5133 706 5202 Πατρόφιλος
760 5133 1180 5195 Σκυθοπόλεως,
1234 5131 1552 5203 Νάρκισσος
1599 5132 1942 5202 Νερωνιάδος

2048 5131 2339 5186 Narcissus
2379 5132 2706 5186 Neroniadis
2739 5132 2991 5186 set-unda:
3025 5130 3254 5194 Cilicim,
3291 5145 3452 5198 quam
3489 5143 3629 5182 nunc

359 5225 617 5288 Κιλικίας
644 5225 927 5294 δευτέρας,
947 5224 1133 5296 ἢνννῦν
1159 5225 1554 5296 Εἰρηνούπολιν
1577 5225 1935 5296 ὀνομάζομεν,

358 5315 579 5379 Θεωνᾶς
645 5316 674 5368 ὁ
738 5315 1146 5386 Μαρμαρίτης,
1206 5316 1500 5380 Σεκοῦνδος
1571 5317 1936 5388 Πτολεμαΐδος

355 5403 658 5472 Δίγύπτου,
704 5404 799 5455 καὶ
837 5403 932 5454 σὺν
966 5403 1148 5465 αὑτοῖς
1187 5403 1364 5475 ἕτεροι
1407 5405 1550 5458 ὀκτὼ
1582 5407 1780 5470 οἵτινες
1807 5410 1937 5460 ἑαυ-

356 5496 485 5558 τοὺς
525 5495 603 5565 τῷ
635 5497 744 5549 τῶν
781 5494 1115 5562 τριακοσίων
1157 5495 1330 5561 ἀγίων
1379 5497 1525 5567 χορῷ
1562 5498 1937 5568 ὲπιμίξαντες,

359 5585 437 5648 ὡς
477 5582 637 5654 δῆθεν
667 5581 960 5653 ὀρθὸδοξοι,
990 5583 1102 5642 τοῖς
1143 5582 1522 5648 ἀποστολικοῖς
1568 5586 1939 5658 ἀντέπραττον

356 5679 647 5749 δόγμασιν,
692 5677 889 5746 Ἀρείῳ
936 5674 1365 5746 συνηγοροῦντες
1389 5694 1403 5707 ·
1435 5677 1651 5744 τούτοις
1675 5681 1940 5747 γενναίως

357 5769 791 5839 ἀντηγωνίζοντο
833 5769 881 5819 οἱ
922 5769 979 5819 ὲν
1008 5767 1185 5833 ἁγίοις
1210 5767 1456 5838 Πατέρες
1499 5769 1658 5840 ἡμῶν
1699 5769 1940 5836 Ἀλέξαν-

358 5861 482 5931 δρος
524 5864 550 5914 ὁ
597 5859 1226 5924 Κωνσταντινουπόλεως
1255 5859 1378 5914 τότε
1410 5861 1780 5937 πρεσϐύτερος
1825 5863 1934 5931 ὢν,

2046 5223 2371 5295 lreuopolim
2419 5224 2793 5293 appellamus,
2838 5221 3093 5276 Theonas
3140 5221 3495 5282 Marmaricm,
3531 5221 3629 5274 Sc-

2047 5316 2256 5370 cundus
2292 5315 2646 5370 Ptolemaidis
2682 5315 2929 5386 ngypti,
2973 5324 3032 5370 et
3057 5329 3179 5369 cum
3225 5315 3304 5368 eis
3334 5315 3424 5368 alii
3463 5323 3619 5376 octo,

2049 5405 2139 5472 qui
2178 5406 2414 5474 seipsos,
2463 5405 2618 5472 quasi
2666 5413 2852 5458 essent
2900 5403 3213 5466 orthodoxi,
3257 5411 3629 5455 trecentorum

2047 5499 2216 5548 choro
2239 5494 2550 5559 miscentes,
2580 5493 2892 5563 apostolicis
2919 5493 3189 5562 dogmatis
3231 5493 3624 5564 repugnabant,

2047 5586 2179 5638 Ario
2213 5585 2640 5638 consentientes.
2669 5586 2800 5639 Cum
2836 5585 2921 5639 bis
2964 5601 3233 5654 generore
3272 5586 3630 5640 decertabant

2046 5678 2220 5731 sancti
2269 5676 2456 5730 l’atrcs
2509 5678 2726 5740 nostri,
2785 5679 3093 5735 Alexander
3164 5692 3292 5734 tunc
3349 5679 3630 5747 presbyter

2046 5769 2710 5839 Constantinopolitanus,
2747 5781 2801 5825 et
2834 5771 3169 5827 Athanasius
3202 5771 3625 5825 arrhidiacouus

2032 5859 2305 5917 Ecclesiae
2332 5862 2849 5920 Alexandrinorum.
2877 5863 3241 5932 Quamobrem
3266 5861 3467 5918 invidia
3497 5875 3629 5917 con--
