4148 6590
597 420 701 485 243

1828 421 2128 482 GELASII
2167 418 2505 481 CYZICENI

3687 417 3824 482 1244

565 544 646 586 tra
680 545 776 585 eos
802 545 951 583 arma
986 529 1176 594 movit,
1207 539 1262 582 ut
1293 539 1478 599 postea
1527 529 1792 583 dicemus.
1830 529 2006 583 Nostri
2043 546 2137 582 au-

2252 529 2336 581 καὶ
2380 529 2694 594 Ἀθανάσιος
2719 520 3098 602 αρχιδιὰκονος
3123 531 3221 597 της
3259 527 3656 599 Ἀλεξανδρείου
3698 532 3822 584 Ἕκα»

567 636 670 677 tetu
709 623 882 675 sancti
927 623 1168 691 episcopi
1211 623 1399 677 Arium
1433 625 1498 675 ad
1529 624 1796 694 synodum
1850 623 2137 687 vocabant,

566 716 940 785 permittentes
971 714 1018 766 ei
1064 714 1280 782 propria
1323 714 1574 784 dogmata
1619 729 1963 782 proponere,
2004 725 2138 767 nutu

562 821 780 876 semper
811 805 1032 859 victoris
1065 806 1450 873 imperatoris:
1501 824 1621 859 nam
1663 819 1715 860 et
1749 807 1860 871 ille,
1895 817 1949 860 ut
1980 808 2141 876 paulo

564 908 693 953 ante
719 897 986 962 diximus,
1023 899 1075 951 in
1110 899 1319 969 synodo
1347 899 1683 953 considebat.

1183 1187 1336 1244 CAP.
1369 1187 1508 1247 VIII.

567 1303 846 1374 Quomodo
905 1307 1196 1378 imperator
1237 1309 1442 1366 libellos
1507 1312 1869 1383 episcoporum
1919 1315 2142 1385 accepit.

639 1483 839 1540 Verum
867 1486 1186 1542 admirabile
1217 1487 1346 1542 illud
1375 1487 1611 1556 facinus,
1653 1491 1798 1560 quod
1839 1491 1891 1546 in
1937 1495 2146 1563 synodo

567 1578 636 1629 ab
660 1577 986 1647 imperatore
1017 1595 1234 1649 semper
1278 1581 1484 1637 victore
1527 1583 1732 1637 factum
1760 1595 1863 1651 est,
1898 1602 2004 1640 non
2052 1587 2147 1642 de-

567 1666 660 1720 bet
685 1668 903 1722 silentio
934 1673 1299 1737 praetermitti.
1340 1672 1556 1726 Etenim
1589 1690 1711 1728 cum
1744 1677 1796 1729 itt
1829 1693 1993 1730 unum
2034 1679 2140 1748 epi-

566 1761 715 1828 st-opi
755 1764 1158 1829 convenissent,
1183 1774 1258 1829 et,
1286 1771 1359 1818 ‘ul
1395 1765 1508 1819 fieri
1536 1767 1673 1820 solet
1710 1769 1760 1821 in
1781 1769 2147 1836 disputatione

2243 621 2509 692 κλησῐας·
2557 623 2639 675 διὸ
2679 626 2776 677 καὶ
2825 622 3021 691 φθόνος
3073 621 3313 675 ὦπλιστο
3361 624 3480 675 κατ’
3519 623 3718 682 αὐτῶν,
3747 624 3823 686 ὡς

2243 711 2474 783 ὓστερον
2513 714 2758 784 λέξομεν.
2813 717 2876 768 Ui
2919 716 2976 768 δὲ
3037 715 3296 785 ἡμέτεροι
3344 714 3490 781 ἅγιοι
3537 716 3826 768 ἐπίσκοποι

2238 804 2472 867 ,καλοῦσι
2503 806 2594 858 τὸν
2647 808 2866 877 Ἀρειον
2899 809 2979 868 εἰς
3012 806 3111 874 τὴν
3153 805 3392 868 σύνοδον,
3437 807 3828 876 ἐπιτρέποντες

2244 895 2392 965 αὐτῷ
2427 897 2687 967 συστῆναι
2733 902 2846 960 τοῖς
2894 899 3045 960 ἰδίοις
3072 899 3331 968 δόγμασι,
3360 898 3594 967 νεύματι
3631 899 3724 951 τοῦ
3755 901 3827 953 τά

2243 988 2421 1040 πάντα
2473 989 2770 1061 νικηφόρου
2819 991 3120 1058 βασιλέως·
3179 989 3436 1055 ἐπείπερ,
3487 989 3564 1052 ὼς
3610 990 3818 1060 ἀρτίως

2245 1081 2568 1151 εἰρήκαμεν,
2599 1083 2693 1135 καὶ
2719 1081 2879 1144 αὐτὸς
2905 1085 2972 1153 τῇ
3006 1081 3206 1150 συνόδῳ
3238 1082 3586 1152 συνήδρευεν.

2843 1193 3095 1245 ΚΕΦΛΛ.
3143 1192 3228 1245 II'.

2247 1304 2446 1371 Ὅπως
2490 1305 2633 1371 τοὺς
2677 1307 3002 1372 λιόἑλλους
3046 1305 3166 1359 τῶν
3192 1307 3547 1360 ἐπισκόπων
3575 1309 3608 1360 ὀ
3643 1309 3829 1371 ,Βασι-

2812 1377 2960 1444 λεὺς
3006 1377 3264 1446 δέχεται.

2329 1487 2492 1541 Ἀλλὰ
2545 1487 2606 1542 τὸ
2655 1488 2795 1542 κατὰ
2847 1487 2946 1558 τὴν
2995 1487 3213 1541 σύνοδον
3243 1487 3467 1556 γεγονὸς
3517 1487 3832 1556 θαυμαστὸν

2248 1578 2401 1647 παρὰ
2432 1577 2526 1632 τοῦ
2573 1578 2641 1630 τὰ
2675 1579 2850 1633 πάντα
2882 1579 3182 1656 νικηφόρου
3220 1577 3510 1648 βασιλέως,
3545 1577 3647 1629 οὐκ
3678 1576 3830 1639 ἄξιον

2249 1673 2428 1743 σιωπῇ
2476 1670 2972 1741 παραπέμψασθαι.
3022 1671 3133 1723 Καὶ
3188 1669 3296 1741 γὰρ
3351 1668 3833 1738 ἐπισυναχθέντων

2249 1763 2469 1816 πάντων
2501 1761 2608 1816 τῶν
2641 1763 2980 1828 ἐπισκόπων,
3013 1762 3110 1816 καὶ
3140 1761 3324 1826 καθὼς
3354 1761 3475 1824 ἐθος
3504 1761 3646 1825 ἐστὶ,
3675 1776 3831 1830 γενο-

567 1854 928 1919 contentiosa,
965 1858 1290 1924 qumstioues
1330 1868 1382 1911 et
1415 1863 1802 1916 controversim
1848 1864 1990 1917 inter
2036 1880 2131 1919 eos

2252 1854 2427 1923 μένων
2458 1851 2740 1924 ξητήσεὼν
2764 1870 2820 1905 τε
2852 1853 2945 1906 καὶ
2973 1853 3314 1923 συγκρίσεων
3344 1852 3497 1924 παρά
3521 1869 3683 1905 τινων
3710 1852 3818 1904 τῶν

570 1943 908 2010 incidissent,
948 1957 1000 1998 et
1036 1949 1124 1999 alii
1156 1949 1292 2002 alios
1332 1963 1694 2015 accusarent,
1724 1970 1955 2023 cumque
1992 1955 2148 2010 libclo

569 2034 1023 2098 lus‘ollcrrenl.
1081 2051 1134 2093 et
1200 2041 1607 2095 criminationes
1679 2046 2005 2114 compositas
2080 2047 2145 2100 ad

569 2127 716 2195 pium
742 2126 1018 2182 deferrent.
1051 2131 1434 2198 imperatorem
1481 2149 1496 2185 :
1533 2133 1620 2188 ille
1651 2147 1903 2205 acceptos
1940 2136 2148 2192 libellos

569 2227 626 2271 et
655 2219 856 2271 annulo
885 2237 982 2272 suo
1012 2221 1348 2292 obsignatos.
1376 2227 1581 2279 servari
1621 2229 1878 2296 przcccpit
1909 2247 1922 2283 :
1946 2237 1999 2282 et
2023 2245 2145 2283 cum

570 2309 759 2362 talium
800 2311 1177 2379 epist-oportuit
1224 2325 1465 2368 tuntuatu
1503 2318 1906 2372 contentionem
1937 2321 2141 2388 perspi-

569 2409 739 2462 ceret,
784 2401 920 2453 dixit
950 2413 1204 2470 oportere
1230 2419 1420 2457 omnes
1447 2408 1606 2460 simul
1633 2419 1784 2462 certo
1823 2409 1907 2463 die
1953 2411 2017 2462 ad
2063 2428 2148 2464 res

569 2503 664 2544 eas
702 2491 1080 2561 disceptandas
1101 2497 1414 2552 convenire.
1447 2497 1792 2554 Prtestitutus
1825 2509 2002 2554 atttem
2035 2503 2149 2557 dies

568 2595 692 2632 cum
725 2583 979 2643 venisset,
1020 2585 1267 2638 consedit
1313 2604 1364 2639 tu
1406 2589 1583 2642 medio
1629 2589 1945 2656 imperator,
1989 2600 2043 2645 et
2074 2593 2152 2646 si-

570 2671 738 2725 lentio
772 2663 1076 2742 opportune
1103 2677 1269 2740 facto,
1299 2683 1540 2733 oumium
1571 2680 1783 2735 libellos
1818 2681 1998 2736 alI'erri
2029 2684 2140 2754 jus-

568 2765 678 2820 sit:
711 2781 848 2835 quos
871 2783 994 2822 cum
1027 2771 1348 2838 accepisset,
1385 2782 1438 2826 et
1480 2773 1531 2826 in
1565 2775 1685 2827 sinu
1717 2791 1815 2827 suo
1839 2777 2137 2842 posuisset,

570 2871 671 2913 nec
708 2859 966 2914 voluisset
1003 2863 1055 2915 in
1105 2864 1405 2919 delationes
1451 2880 1544 2920 eas
1592 2866 1930 2930 incumbere,
1965 2868 2037 2921 ita
2081 2871 2146 2922 ad

568 2951 856 3022 episcopos
885 2955 1123 3025 loquitur
1153 2975 1167 3011 :
1206 2956 1567 3026 Posteaquam
1601 2959 1740 3012 Deus
1770 2977 1862 3013 vos
1897 2963 2140 3014 sacerdo-

572 3051 654 3095 tes
684 3053 738 3096 et
763 3044 974 3109 judires
1006 3047 1310 3116 designavit
1339 3051 1405 3101 ad
1435 3051 1820 3120 disceptandas
1864 3063 1918 3107 et
1951 3053 2148 3119 dijudi-

571 3137 776 3190 caudas
805 3139 986 3206 populi
1024 3141 1456 3204 controversias,
1503 3159 1708 3212 vosque
1740 3147 1871 3197 deos
1899 3145 2147 3200 scriben-

2250 1946 2586 2006 ἐπισκόπων,
2637 1946 2967 2015 ἐρεσχελιῶν
3013 1946 3212 2008 ἕνεκα,
3271 1944 3434 1998 ἄλλου
3485 1944 3622 2015 πρὸς
3674 1943 3836 1998 ἄλλον

2249 2037 2488 2107 ἔχοντος,
2527 2035 2791 2089 λιόἐλλων
2832 2053 2890 2089 τε
2938 2036 3330 2104 ἐπιδιδομένων
3365 2037 3456 2088 ὐπ’
3505 2034 3707 2098 αὐτῶν,
3741 2037 3836 2088 καὶ

2208 2157 2212 2162 -
2250 2125 2617 2197 ἐγκλημάτων
2645 2143 2948 2197 συγκροτου
2959 2127 3133 2194 μένων
3159 2125 3311 2196 παρὰ
3331 2124 3410 2194 τῷ
3436 2125 3652 2178 εὐσεϐεῖ
3679 2125 3835 2195 βασι-

2249 2217 2362 2270 λεῖ·
2386 2216 2681 2287 δεξάμενος
2713 2218 2840 2280 τοὺς
2868 2217 3166 2279 λιϐἐλλους,
3211 2216 3521 2287 σφραγίσας
3546 2233 3606 2268 τε
3639 2217 3715 2286 τῷ
3741 2217 3833 2268 δα-

2250 2307 2455 2379 κτυλίῳ
2491 2306 2681 2371 αὐτοῦ,
2703 2307 2958 2361 ἐκέλευσε
2981 2308 3370 2378 φυλάττεσθαι·
3399 2307 3601 2379 ἐνορῶν
3635 2325 3692 2360 τε
3725 2308 3838 2361 τῶν

2249 2401 2508 2454 τοιούτων
2538 2386 2858 2454 ἐπισκόπων
2878 2399 2976 2470 τὴν
3006 2401 3141 2470 πρὸς
3167 2399 3442 2470 ,ἀλλήλους
3469 2398 3832 2470 ζυγομαχίαν,

2251 2487 2430 2556 εἶπεν,
2463 2491 2545 2544 ὅτι
2568 2491 2674 2561 χρὴ
2704 2491 2916 2552 πάντας
2943 2490 3080 2560 ὁμοῦ
3115 2492 3171 2542 ἐν
3206 2492 3305 2561 μιᾷ
3334 2491 3519 2562 ἡμέρᾳ
3549 2492 3838 2544 συνελθόν.

2249 2602 2366 2649 τας,
2404 2585 2533 2654 περῖ
2563 2583 2766 2638 τούτων
2791 2584 3088 2638 διαλαϐεῖν.
3126 2585 3236 2637 Καὶ
3269 2584 3536 2653 ἐνστάσης
3567 2585 3665 2653 τῆς
3701 2602 3838 2654 προ-

2253 2677 2506 2747 θεσμίας,
2541 2679 2622 2741 εις
2657 2679 2821 2748 μέσον
2856 2677 3089 2739 καθίσας
3117 2677 3143 2729 ό
3169 2677 3445 2746 βασιλεὺς,
3480 2677 3571 2729 καὶ
3603 2677 3838 2748 ἡσυχίας

2251 2771 2554 2840 γενομένης
2605 2770 2683 2840 τῷ
2733 2769 2910 2840 καιρῷ
2957 2771 3300 2841 πρεπούσης,
3333 2769 3550 2824 πάντων
3582 2771 3707 2831 τούς
3749 2770 3837 2822 λι-

2253 2857 2476 2920 ϐἐλλους
2521 2857 2858 2927 προσέταξεν
2904 2857 3219 2927 ἐνεχθῆναι·
3277 2858 3369 2911 καὶ
3423 2858 3486 2927 δὴ
3519 2857 3834 2925 δεξάμενος,

2250 2951 2346 3004 καὶ
2381 2953 2438 3003 ἐν
2462 2949 2540 3019 τῷ
2587 2949 2773 3028 οἰκείῳ
2803 2950 2987 3020 κόλπῳ
3030 2949 3257 3018 θέμενος
3299 2950 3426 3020 μήτ’
3456 2948 3693 3032 ἐγὶκύψαι
3722 2953 3838 3011 τοῖς

2251 3043 2644 3114 ἐμφερομένοις
2695 3043 2982 3114 ἐθελήσας.
3015 3042 3197 3111 λέγει·
3231 3042 3326 3097 τοῦ
3355 3043 3490 3095 Θεοῦ
3522 3043 3663 3112 ὑμᾶς
3694 3059 3832 3112 προ-

2251 3137 2641 3206 χειρισαμένου
2677 3138 2845 3206 ἱερεῖς
2879 3153 2938 3188 τε
2969 3137 3062 3189 καὶ
3091 3137 3378 3207 ἄρχοντας,
3413 3134 3621 3206 κρίνειν
3649 3151 3708 3186 τε
3742 3135 3842 3186 καὶ

572 3226 673 3281 dos
705 3229 938 3295 Censuit,
971 3241 1229 3296 tanquam
1260 3235 1566 3292 ltomiuiltus
1595 3238 1810 3290 czeteris
1836 3238 1990 3300 longe
2017 3253 2148 3306 prte-

2252 3227 2553 3298 διακρίνειν
2612 3229 2680 3280 τά
2727 3227 2931 3296 πλήθη,
2987 3229 3080 3281 καὶ
3123 3229 3281 3292 θεοὺς
3318 3223 3490 3291 εἶναι,
3522 3227 3614 3281 ire
3647 3228 3711 3298 δὴ
3743 3231 3839 3281 άν-

570 3317 870 3372 stantiores
922 3322 1146 3381 {dictum
1185 3325 1327 3378 enim
1361 3337 1485 3380 est:
1533 3345 1550 3376 ι
1590 3327 1697 3396 Ego
1728 3328 1881 3384 dixi:
1921 3329 1999 3383 Dii
2052 3347 2150 3386 vos

572 3407 728 3471 estis,
759 3419 813 3462 et
846 3411 937 3464 lilii
974 3412 1238 3467 Altissimi
1277 3431 1468 3468 omnes
1498 3417 1581 3480 ³ος
1629 3437 1645 3468 ι
1679 3427 1733 3471 et
1762 3438 1776 3472 :
1817 3419 2008 3473 t-Dcus
2041 3430 2152 3476 ste-

571 3499 637 3554 tit
686 3501 740 3555 in
789 3517 1060 3573 synagoga
1103 3510 1326 3561 deorum
1356 3509 1400 3540 “
1429 3513 1502 3576 ι),
1576 3521 1724 3566 certe
1760 3512 1998 3581 vulgaria
2048 3514 2148 3566 ista

576 3591 863 3662 ttog'igere
905 3607 1142 3664 oportet,
1189 3599 1452 3666 otunique
1481 3615 1614 3654 cura
1650 3611 1705 3655 et
1749 3604 1934 3657 studio
1981 3605 2033 3656 in
2067 3620 2152 3660 res

573 3683 786 3740 divinas
814 3686 1148 3744 incumbere.
1182 3691 1427 3760 Cutuque
1448 3693 1703 3760 jus~isset
1743 3697 1918 3764 ignem
1942 3695 2148 3761 allerri,

573 3774 784 3834 libellos
811 3796 1001 3836 omnes
1043 3785 1194 3836 exuri
1233 3787 1508 3854 praecepit.
1561 3788 1893 3841 Dabatenim
1926 3804 2149 3858 operam

573 3884 646 3923 ne
696 3873 948 3939 cuiquam
981 3883 1296 3929 exterorum
1331 3877 1517 3930 talium
1559 3871 1935 3944 episcoporum
1980 3880 2150 3948 iniqui

572 3973 801 4016 conatus
848 3963 1249 4020 inualescerent
1303 3985 1317 4021 :
1365 3979 1510 4022 tanta
1550 3971 1756 4023 scilicet
1807 3972 2155 4039 imperatoris

571 4060 700 4114 erga
745 4047 836 4102 Dei
871 4051 1184 4107 sacerdotes
1227 4058 1529 4110 reverentia
1568 4057 1665 4110 l‘uit
1694 4098 1710 4123 ,
1743 4071 1999 4126 quantam
2054 4060 2156 4114 mi-

573 4137 684 4190 rari
713 4137 910 4192 debent
951 4157 1142 4196 omnes
1178 4146 1268 4211 qui
1321 4157 1467 4202 recte
1519 4150 1754 4217 sapiunt.
1801 4148 1936 4204 Illud
1988 4152 2152 4206 etiam

573 4226 748 4278 simile
775 4229 897 4282 huic
925 4231 992 4285 ab
1023 4248 1088 4286 eo
1122 4233 1321 4287 factum
1360 4253 1464 4292 non
1527 4239 1767 4293 arbitror
1799 4257 2010 4310 aequum
2035 4258 2156 4298 esse

575 4318 799 4374 silentio
838 4324 1074 4377 tradere.
1112 4323 1225 4379 Viri
1254 4327 1471 4396 quidam
1514 4344 1776 4397 procaces
1806 4343 1861 4386 et
1890 4333 2035 4401 laici,
2061 4335 2154 4404 qui

574 4411 839 4467 conviciis
873 4415 1113 4485 rixisque
1135 4417 1565 4482 delectabantur,
1587 4422 1872 4491 episcopos
1890 4424 2154 4492 quosdam

575 4507 926 4574 accusabant,
981 4519 1036 4563 et
1086 4511 1500 4566 criminationes
1548 4515 1783 4583 scriptas
1843 4518 2152 4586 imperatori

576 4595 936 4660 tradiderunt,
991 4600 1152 4667 idque
1203 4611 1492 4670 antequam
1535 4618 1623 4658 res
1677 4605 1742 4658 ad
1793 4607 2141 4661 concordiam

574 4686 768 4742 adduci
795 4689 1081 4759 potuisset.
1109 4691 1196 4746 Ille
1221 4699 1274 4746 et
1296 4709 1389 4749 eas
1410 4710 1624 4764 quoque
1645 4698 1870 4766 recepit,
1902 4699 1996 4754 sed
2030 4699 2144 4753 viu-

573 4778 699 4834 culo
720 4782 1071 4849 constrictas,
1117 4794 1172 4839 et
1203 4783 1408 4841 annulo
1455 4803 1554 4842 suo
1585 4788 1903 4859 obsignatas
1923 4833 1937 4858 ,
1972 4801 2155 4847 custo-

575 4869 679 4924 diri
725 4871 906 4940 jussit.
947 4873 1149 4929 Deinde
1186 4891 1310 4930 cum
1359 4881 1675 4935 concordiae
1715 4885 2011 4954 gratiaeque
2064 4899 2154 4939 re~

575 4959 1019 5017 conciliationem
1067 4963 1307 5029 fecisset,
1337 4969 1521 5023 statim
1565 4985 1661 5024 eas
1718 4987 1911 5028 omnes
1970 4973 2153 5030 alI‘erri

574 5049 764 5119 jussit,
793 5062 848 5107 et
875 5059 1235 5124 praesentibus
1264 5063 1518 5117 omnibus
1548 5064 1820 5134 episcopis
1849 5066 1971 5135 igne
1996 5069 2154 5122 adus-

576 5142 671 5209 sil,
706 5155 993 5215 postquam
1013 5153 1164 5218 prius
1187 5163 1375 5208 sancte
1395 5155 1688 5223 iuravisset
1722 5172 1780 5209 se
1806 5157 1937 5210 nihil
1963 5173 2150 5212 eorum

575 5253 698 5308 quae
721 5240 772 5294 in
796 5240 860 5296 iis
890 5243 1092 5314 scripta
1130 5245 1380 5313 fuissent,
1416 5248 1634 5318 legisse.
1667 5249 1860 5303 Aiebat
1887 5249 2030 5304 enim
2060 5268 2151 5307 sa-

577 5332 860 5388 cerdotum
903 5336 1100 5392 delicta
1138 5342 1298 5410 vulgo
1345 5342 1526 5411 ignota
1585 5357 1705 5395 esse
1753 5353 2038 5411 oportere,
2087 5359 2157 5399 ne

578 5421 705 5475 inde
725 5424 964 5479 scandali
1003 5430 1290 5483 occasione
1324 5440 1559 5500 arrepta,
1607 5431 1820 5487 minore
1853 5448 1974 5487 cum
2011 5446 2156 5488 metu

579 5516 920 5587 delinquant.
968 5521 1173 5576 Ferunt
1219 5524 1392 5592 ipsum
1428 5535 1482 5578 et
1517 5525 1621 5579 hoc
1643 5525 1809 5580 etiam
1853 5527 2153 5590 addidisse.

577 5609 722 5676 quod
754 5611 799 5665 si
840 5614 1058 5681 quando
1090 5615 1206 5684 ipse
1234 5616 1350 5670 suis
1380 5618 1554 5673 oculis
1595 5618 1806 5674 videret
1835 5620 2155 5691 episcopum

581 5701 773 5760 aliena:
807 5707 962 5762 uxori
988 5715 1238 5777 stuprum
1288 5709 1636 5777 inferentem,
1668 5727 1728 5768 se
1766 5727 1862 5769 sua
1913 5727 2153 5784 purpura

649 5861 698 5896 ³⁸
725 5859 872 5918 Psal.
903 5879 1091 5933 Lust,
1125 5867 1178 5924 6.
1256 5866 1297 5898 ³¹
1321 5867 1452 5924 ibid.
1485 5868 1532 5924 Ι.

2253 3321 2487 3392 θρὼπων
2518 3321 2773 3375 ἁπάντων
2799 3320 2900 3373 ὐπε
2914 3321 3194 3391 ρέχοντας.
3225 3321 3575 3392 ὁρισαμένου,
3608 3321 3751 3376 κατὰ
3779 3323 3844 3376 τὸ

2252 3414 2543 3485 εἰρημένον
2568 3430 2582 3444 ο
2628 3433 2647 3464 ι
2691 3415 2831 3483 Ἐγὼ
2864 3410 2994 3468 εἶπα
3017 3431 3031 3445 ·
3066 3415 3190 3467 Θεοί
3217 3417 3365 3480 ἐστε,
3396 3414 3489 3468 καὶ
3526 3415 3632 3468 υἱοὶ
3679 3415 3844 3484 ’Υψίς-

2254 3523 2379 3559 στου
2428 3507 2650 3571 πάντες,
2697 3527 2714 3557 ι
2749 3507 2845 3560 καὶ
2870 3506 2964 3558 τό·
3011 3504 3068 3558 '0
3114 3505 3246 3569 Θεὸς
3278 3505 3408 3577 ἔστη
3450 3507 3509 3557 ἐν
3542 3508 3841 3576 συναγωγῇ

2253 3599 2425 3653 θεῶν·
2471 3619 2488 3652 ι
2525 3599 2632 3670 χρὴ
2661 3599 2771 3650 τῶν
2804 3599 2902 3668 μὲν
2928 3596 3126 3650 κοινῶν
3150 3596 3440 3668 ὀλιγωρεῖν
3471 3599 3842 3669 πραγμάτων,

2255 3694 2436 3745 πᾶσαν
2469 3691 2652 3758 δὲτὴν
2695 3690 2934 3760 σπουδὴν
2970 3689 3101 3760 περὶ
3125 3690 3193 3742 τὰ
3231 3689 3352 3742 θεῖα
3388 3689 3684 3742 ποιεῖσθαι.
3727 3690 3847 3743 Καὶ

2254 3783 2522 3844 κελεύσας
2564 3782 2849 3852 ἐνεχθῆναι
2898 3781 3028 3851 πῦρ,
3065 3781 3457 3853 ἐμπρησθῆναι
3495 3783 3620 3844 τοὺς
3661 3781 3848 3835 λιϐελ-

2253 3874 2379 3937 λους
2421 3873 2779 3944 προσέταξεν.
2833 3874 3105 3926 Ἕσπευδε
3157 3872 3268 3944 γὰρ
3323 3873 3533 3945 μηδένα
3575 3873 3683 3925 τῶν
3737 3874 3848 3940 ἔξω

2253 3967 2554 4033 ἐπιγνῶναι
2605 3966 2714 4018 τῶν
2761 3965 3020 4018 τοιούτων
3072 3967 3391 4020 ἐπισκόπων
3423 3967 3522 4036 τὴν
3551 3965 3846 4037 ἀνώμαλον

2254 4058 2628 4128 ἐπιχείρησιν·
2671 4057 2908 4128 τοσαύτη
2964 4062 2997 4129 ὴ
3053 4059 3150 4112 τοῦ
3207 4059 3471 4128 βασιλέως
3527 4059 3663 4128 πρὸς
3713 4059 3846 4120 τοὺς

2257 4150 2423 4219 ἱερεῖς
2465 4147 2560 4201 τοῦ
2607 4147 2743 4201 Θεοῦ
2783 4148 3064 4211 εὐλάϐεια,
3106 4149 3176 4220 ἦν
3207 4149 3551 4217 θαυμάσειαν
3600 4148 3847 4209 ἅπαντες

2255 4240 2302 4293 oI
2337 4240 2398 4294 εὖ
2430 4239 2777 4310 φρονοῦντες.
2818 4240 3057 4293 Κάκεῖνο
3081 4238 3137 4290 δέ
3170 4241 3530 4309 ὁμοιότροπον
3555 4241 3726 4306 τούτῳ
3748 4236 3846 4288 ὐπ’

2257 4331 2422 4387 αὐτοῦ
2462 4332 2856 4402 γεγενημένον,
2889 4331 2950 4383 οὐ
2979 4329 3189 4384 δίκαιον
3229 4328 3847 4400 ήγούμαῖπαραδοῦναι

2259 4428 2408 4496 σιγῇ.
2459 4424 2943 4496 Φιλαπεχθήμονες
2995 4423 3104 4493 γὰρ
3131 4422 3323 4489 ἄνδρες
3357 4423 3454 4475 καὶ
3488 4420 3848 4492 φιλολοίδορον.

2256 4517 2436 4571 λαῖκοὶ
2471 4517 2778 4588 ἐγράψαντο
2809 4515 2918 4568 τῶν
2949 4515 3264 4568 ἐπισκόπων
3295 4515 3471 4579 τινὰς,
3505 4514 3601 4568 καὶ
3630 4513 3706 4584 τῷ
3742 4512 3846 4582 βα-

2263 4610 2401 4663 σιλεῖ
2458 4611 2557 4672 τὰς
2611 4609 2927 4679 ἐγγράφους
2984 4606 3329 4676 κατηγορίας
3394 4606 3688 4659 ἐπέδοσαν·
3748 4605 3848 4656 καὶ

2259 4698 2434 4752 ταῦτα
2478 4697 2711 4768 πρὸτῆς
2763 4695 3144 4765 γεγενημένης
3195 4695 3472 4764 ὁμονοίας.
3536 4696 3596 4748 '0
3649 4695 3705 4752 δὲ
3749 4693 3848 4746 καὶ

2258 4789 2463 4853 ταύτας
2513 4788 2827 4857 δεξάμενος,
2865 4784 2985 4840 εἶτα
3004 4786 3202 4858 δεσμὸν
3233 4787 3461 4850 ἐπιθεῖς,
3501 4787 3595 4839 καὶ
3625 4785 3703 4856 τῷ
3747 4787 3846 4840 δα-

2260 4883 2463 4953 κτυλίῳ
2484 4881 2891 4954 σημηνάμενος.
2917 4877 3258 4950 φυλαχθῆναι
3284 4877 3378 4931 καὶ
3398 4877 3602 4940 ταύτας
3626 4877 3846 4930 ἐκέλευ-

2261 4991 2376 5028 σεν.
2411 4967 2542 5026 Εἶτα
2580 4971 2682 5042 τὴν
2730 4969 3005 5039 σύμϐασιν
3029 4969 3128 5038 τῆς
3157 4966 3410 5038 ὁμονοίας
3442 4964 3846 5035 ἐργασάμενος,

2259 5065 2463 5128 ταύτας
2491 5063 2962 5135 προσκομισθῆναι
2989 5061 3323 5132 προστάξας,
3359 5059 3646 5128 παρόντων
3673 5055 3842 5109 (indv-

2261 5174 2368 5210 των
2407 5155 2741 5219 ἐπισκόπων,
2773 5155 2908 5225 πυρὶ
2939 5153 3034 5207 καὶ
3073 5151 3276 5216 ταύτας
3307 5151 3479 5204 κατέκ
3493 5166 3668 5212 κυσεν,
3693 5147 3816 5218 ὁμω

2273 5246 2454 5318 μοκὼς
2495 5247 2664 5316 μηδὲν
2692 5245 2800 5298 τῶν
2837 5244 3306 5316 ἐγγεγραμμένων
3343 5240 3736 5309 ἀνεγνωκέναι.
3767 5242 3846 5292 Οὐ

2254 5343 2363 5412 γὰρ
2389 5340 2491 5410 ἔφη
2527 5341 2727 5410 χρῆναι
2752 5339 2860 5393 τῶν
2885 5338 3077 5406 ἱερέων
3106 5337 3176 5390 τὰ
3202 5334 3663 5406 πλημμελήματα
3702 5331 3846 5399 δῆλα

2255 5437 2368 5497 τοῖς
2412 5431 2628 5496 πολλοῖς
2682 5431 2950 5499 γίνεσθαι,
2990 5431 3080 5484 ἵνα
3113 5430 3187 5500 μὴ
3219 5427 3518 5482 σκανδάλου
3569 5426 3849 5494 πρόφασιν

2256 5526 2507 5580 ἐντεῦθεν
2549 5525 2940 5595 λαμϐάνοντες.
2975 5522 3141 5586 ἀδεῶς
3193 5520 3573 5591 ἁμαρτάνωσι.
3619 5517 3758 5570 Φασὶ
3787 5515 3847 5568 δὲ

2264 5618 2429 5674 αὐτὸν
2457 5619 2552 5672 καὶ
2575 5617 2734 5672 τοῦτο
2765 5617 3101 5688 προσθεῖναι,
3133 5613 3213 5677 ῶς
3247 5615 3296 5666 εἰ
3325 5611 3607 5680 αὐτόπτης
3629 5606 3846 5663 ἐπισκόο

2265 5730 2364 5768 που
2385 5713 2625 5783 ἐγεγόνει
2643 5709 2916 5783 [γίνοιτο],
2940 5709 3117 5780 γάμον
3139 5706 3425 5779 ἀλλότριον
3443 5703 3840 5776 διορύττοντος,
