4148 6600
358 396 498 466 1245

1234 403 1600 464 HISTORIA
1636 403 1966 466 CONCILII
2005 409 2310 474 NIC:ENI.
2337 438 2408 448 -
2437 413 2582 474 LIB.
2625 414 2708 476 II.

3466 405 3600 472 1246

355 508 698 580 συγκαλύψαι
742 509 852 582 [ἂν]
885 511 941 563 ἐν
975 513 1040 581 τῇ
1080 512 1369 583 πορφυρίδι
1394 513 1455 566 τὸ
1481 512 1818 583 παρανόμως
1843 530 1910 580 γι

2031 516 2287 588 ﬂagitium
2315 531 2714 582 coutectnrmn,
2741 537 2806 575 ne
2830 521 3154 575 intuentium
3189 519 3327 575 oeuli
3359 519 3601 574 facinore

350 602 598 671 νόμενον,
626 601 699 664 ὡς
723 602 787 655 ἂν
824 603 898 672 μὴ
923 602 1122 671 βλάψαι
1151 603 1276 666 τοὺς
1302 602 1614 672 θεωμένους
1645 603 1753 655 τῶν
1782 603 1926 674 δρω-

353 692 585 764 μένωνὴ
617 693 759 764 ὄψις.
783 694 1030 765 Τοσαύτη
1061 695 1092 766 ἡ
1124 693 1217 747 τοῦ
1258 692 1522 763 βασιλέως
1545 694 1798 766 θεοφιλὴς
1829 696 1924 750 καλ⁸

349 786 675 854 ἀξιάγαστος
724 787 956 851 σύνεσις.
1009 787 1134 840 Ἐπὶ
1193 787 1395 850 πολλὰς
1450 787 1506 840 δὲ
1555 788 1799 858 ἡμέρας,
1863 788 1924 841 ού

353 879 462 949 μὴν
503 878 550 932 δ’
585 878 719 932 ἀλλά
760 880 856 932 καὶ
897 878 1125 949 καιροὺς
1165 876 1364 948 ἐφεξῆς
1392 882 1787 949 συνερχόμενος
1813 881 1924 944 τοῖς

347 969 670 1033 ἐπισκόποις
711 970 740 1022 6
787 968 1071 1039 βασιλεὺς,
1120 969 1237 1038 ἅμα
1293 969 1472 1032 αὐτοῖς
1520 969 1588 1023 τά
1637 971 1768 1040 περὶ
1822 972 1924 1042 τῆς

347 1059 586 1123 πίστεως
606 1059 953 1132 διελάμϐανε,
975 1061 1077 1124 τάς
1105 1077 1165 1112 τε
1186 1060 1476 1132 διαφόρους
1496 1060 1674 1115 αὐτῶν
1699 1062 1924 1134 γνώμας

341 1149 650 1220 ἀνελέγετο.
678 1145 858 1205 Ἦσαν
901 1150 1030 1220 γὰρ,
1063 1150 1244 1215 καθὼς
1286 1151 1548 1214 πολλάκις
1588 1153 1919 1224 εἰρήκαμεν,

345 1239 406 1293 ἰν
439 1241 624 1304 αὐτοῖς
643 1257 789 1304 τινες
816 1241 930 1304 τοῖς
955 1239 1236 1310 ἀθεμίτοις
1273 1241 1486 1312 Ἀρείου
1512 1242 1746 1314 δόγμασι
1779 1261 1918 1314 συμ-

343 1331 658 1403 φερόμενοι,
701 1333 797 1385 καὶ
837 1332 916 1404 τῷ
946 1331 1162 1404 ’πλήθει
1208 1333 1317 1386 τῶν
1365 1333 1536 1402 ἁγίων
1577 1335 1915 1403 ἐπισκόπων,

340 1422 452 1476 τῶν
493 1422 594 1493 τῆς
631 1422 888 1494 ἀληθείας
918 1424 1406 1495 ὑπερμαχούντων,
1433 1427 1914 1495 ἀντιπράττοντες.

353 1509 496 1561 Ἀλλ’
537 1511 587 1563 οί
633 1511 845 1581 ἄριστοι
899 1513 994 1566 καὶ
1041 1514 1109 1567 τά
1153 1514 1329 1567 πάντα
1359 1514 1643 1586 ἱερώτατοι
1675 1517 1917 1587 Πατέρες

339 1599 517 1669 ⁴ἡμῶν,
563 1601 640 1671 τῷ
683 1603 783 1672 τῆς
831 1603 1091 1672 ἀληθείας
1136 1605 1284 1674 ὅπλῳ
1335 1606 1759 1677 ἠσφαλισμένοι,
1818 1609 1916 1680 τὴν

337 1688 620 1764 λαμπρὰν,
662 1695 756 1748 καὶ
799 1696 1100 1767 ἀμώμητον
1145 1697 1328 1750 πίστιν
1387 1699 1526 1768 μετὰ
1591 1702 1914 1771 παρρησίας

331 1781 637 1852 ἐκήρυττον
656 1801 671 1816 ο
703 1785 822 1854 μεθ’
853 1779 928 1838 ὧν
964 1787 1058 1838 καὶ
1082 1788 1428 1857 ὁμολογητῶν
1457 1788 1626 1852 πολὺς
1653 1789 1777 1860 ἀριο
1788 1793 1909 1861 μὸς.

2033 607 2147 677 ipso
2174 608 2574 664 ochndereatur
2606 628 2618 664 :
2655 621 2804 664 tanta
2834 624 2956 666 erat
3003 612 3354 681 imperatoris
3394 621 3449 665 et
3489 621 3596 663 tam

2027 701 2113 767 pia
2149 709 2311 770 atque
2345 702 2686 758 admirabilis
2719 702 3024 770 prudentia.
3052 703 3156 757 Per
3185 702 3368 772 plures
3407 711 3591 768 postea

2026 787 2160 850 dies,
2197 787 2304 841 imo
2337 804 2467 842 vero
2503 800 2554 843 et
2581 805 2677 858 per
2711 806 2926 846 tuenses
2963 791 3145 860 plures
3171 807 3293 845 eum
3331 789 3599 858 episcopis

2027 874 2077 927 in
2111 891 2275 929 unum
2309 876 2486 932 locum
2520 879 2908 941 conveniebat,
2940 888 2993 932 et
3019 893 3122 932 una
3151 895 3271 932 cum
3307 879 3375 932 iis
3405 880 3470 932 de
3494 878 3599 931 [ide

2024 967 2383 1035 disceptabat,
2423 977 2586 1036 atque
2613 969 2860 1022 diversas
2906 984 3093 1022 eorum
3134 969 3434 1022 sententias
3478 981 3600 1034 sup-

2022 1058 2270 1127 putabat.
2309 1059 2473 1113 Erant
2518 1061 2687 1124 enim,
2739 1071 2795 1113 ut
2843 1074 2987 1128 stepe
3014 1060 3127 1130 jam
3155 1059 3412 1124 diximus,
3448 1060 3598 1113 inter

2021 1165 2114 1204 eos
2140 1151 2381 1205 nonnulli
2428 1153 2519 1222 qui
2571 1152 2798 1206 nefariis
2845 1152 2960 1206 Arii
3007 1151 3277 1219 dogmatis
3324 1150 3592 1219 suifraga-

2022 1239 2240 1306 bantur,
2265 1253 2320 1296 et
2363 1242 2693 1296 multitudini
2738 1254 3056 1298 sanctorum
3089 1242 3472 1310 episcopormu
3504 1255 3596 1294 ve-

2021 1331 2238 1386 ritatem
2271 1337 2726 1402 propugnantium
2771 1335 3203 1390 adversabantur
3245 1331 3455 1386 sedulo.
3486 1329 3592 1387 Alii

2019 1438 2147 1476 vero
2200 1427 2388 1493 nptimi
2435 1436 2490 1478 et
2533 1427 2861 1480 sanctissimi
2932 1426 3117 1479 Patres
3172 1424 3340 1477 nostri
3394 1425 3594 1476 verita-

2022 1515 2088 1570 tis
2144 1517 2310 1569 armis
2357 1517 2570 1580 muniti,
2631 1519 2918 1587 gloriosam
2966 1529 3020 1572 et
3064 1519 3390 1587 incnlpatam
3435 1515 3592 1568 tidem

2021 1623 2209 1676 tuagna
2279 1623 2400 1661 eum
2477 1609 2726 1663 libertate
2789 1611 3150 1679 pra-dicabant
3206 1627 3221 1664 :
3292 1623 3415 1661 cum
3472 1607 3594 1676 qui-

2020 1696 2120 1750 bus
2160 1713 2386 1767 tnagnus
2414 1699 2579 1752 etiam
2632 1699 3008 1754 conlessorum
3041 1715 3300 1753 tuunerus
3331 1706 3470 1760 erat,
3501 1696 3592 1765 qui

2020 1789 2326 1842 volentibus
2353 1803 2608 1857 perversa
2656 1791 2770 1843 Arii
2815 1793 3064 1862 dogmata
3107 1790 3425 1855 defendere,
3451 1798 3596 1843 stre-

337 1872 747 1944 ἀνοισταμένων
786 1880 900 1941 τοῖς
945 1878 1190 1932 ἐθέλουσι
1239 1880 1643 1950 περιποιεῖσθαι
1696 1882 1764 1935 τά
1819 1901 1910 1954 μο-

2022 1894 2127 1932 nue
2163 1879 2508 1934 resistebant.

335 1964 516 2039 χθηρά
543 1967 637 2022 τοῦ
678 1970 888 2042 Ἀρείου
915 1970 1185 2040 δόγματα.

933 2080 1184 2135 ΚΕΦΑΛ.
1217 2083 1294 2137 6'.

637 2194 779 2265 Περὶ
811 2194 920 2251 τοῦ
966 2195 1140 2266 ἁγίου
1190 2199 1601 2268 Παφνουτίου.

406 2302 516 2364 Ἤν
543 2308 600 2363 δὲ
632 2310 690 2363 ἐν
719 2311 904 2372 αὐτοῖς
925 2311 1021 2364 καὶ
1045 2311 1074 2364 6
1108 2311 1283 2381 μέγας
1315 2314 1413 2367 καὶ
1465 2313 1623 2382 ἀγιος
1656 2315 1912 2385 Παφνού-

334 2416 450 2464 τιος
470 2399 563 2453 τὸν
597 2399 708 2454 τῶν
760 2399 1108 2472 όμλογητῶν
1157 2402 1255 2455 καὶ
1317 2404 1640 2459 ἐπισκόπων
1680 2425 1916 2461 κατακο-

334 2493 492 2564 σμῶν
525 2493 704 2564 χορὸν,
765 2493 907 2564 ἀνὴρ
938 2493 1258 2562 Αἰγύπτιος,
1309 2495 1445 2549 Θεοῦ
1493 2496 1549 2548 δὲ
1588 2497 1908 2566 ἄνθρωπος,

333 2581 399 2636 ἐκ
426 2581 528 2650 τῆς
569 2581 900 2653 όμηγύρεως
927 2584 1179 2654 ἐκείνης,
1235 2579 1296 2639 οὗ
1347 2586 1653 2655 Μαξιμῖνος
1691 2589 1720 2639 6
1753 2587 1910 2658 βασι-

330 2673 456 2737 λεὺς
479 2675 570 2728 τὸν
609 2675 780 2739 δεξιὸν
829 2675 1098 2747 ἐξώρυξεν
1129 2677 1433 2745 ὀφθαλμὸν,
1474 2685 1569 2732 καὶ
1620 2680 1720 2742 τὰς
1753 2681 1910 2747 λαιάς

329 2766 768 2839 ἐνευροκόπησεν
816 2769 1063 2836 ἀγκύλας
1109 2771 1386 2841 παραδοὺς
1449 2774 1562 2835 τοῖς
1624 2775 1910 2843 μετάλλοις

332 2859 674 2930 συνέχεσθαι.
715 2860 804 2913 Ἐν
829 2853 874 2928 ᾧ
911 2864 1146 2932 τοσαύτη
1189 2858 1258 2934 ἦν
1311 2863 1344 2933 ἡ
1387 2863 1482 2916 τοῦ
1524 2865 1660 2919 Θεοῦ
1709 2869 1904 2940 χάρις,

330 2947 472 3002 ὥστε
500 2953 704 3020 σημεῖα
740 2950 918 3005 αὐτῶν
951 2956 1125 3007 ποιεῖν
1157 2955 1326 3026 μηδὲν
1354 2955 1564 3010 ἐλάττω
1594 2959 1703 3011 τῶν
1733 2961 1906 3019 πάλαι

329 3038 436 3094 ὑπὸ
458 3039 568 3094 τῶν
593 3041 909 3095 ἀποστόλων
937 3044 1343 3114 γεγενημένων.
1395 3048 1556 3119 Λόγῳ
1603 3049 1712 3122 γὰρ
1752 3052 1900 3122 μόνῳ

327 3130 454 3192 τοὺς
483 3130 747 3202 δαίμονας
769 3133 1093 3201 ἐφυγάδευε,
1130 3137 1223 3190 καὶ
1253 3138 1385 3210 εὐχῇ
1426 3140 1718 3210 διαφόρους
1746 3143 1901 3196 ἀσθε-

2670 2079 2821 2133 CAP.
2873 2077 2964 2135 IX.

2490 2192 2560 2246 Dc
2588 2202 2772 2247 sancto
2810 2193 3130 2262 Pup/multo.

2091 2299 2218 2355 Erat
2257 2302 2398 2358 inter
2426 2318 2520 2358 eos
2571 2303 2916 2374 magnusille
2962 2317 3286 2373 sanetusque
3335 2304 3594 2374 Paphnu-

2021 2393 2146 2459 tius,
2173 2395 2543 2449 conl'essornm
2580 2407 2632 2448 et
2661 2397 3036 2464 episcoporum
3072 2398 3234 2451 cunni
3261 2413 3382 2450 notr
3398 2411 3588 2466 parum

2018 2487 2321 2540 ornamenti
2355 2487 2609 2552 allerens,
2648 2506 2845 2557 genere
2880 2489 3191 2559 A'igyptius,
3257 2492 3416 2544 homo
3473 2488 3591 2553 Dei,

2018 2594 2082 2632 ex
2117 2579 2221 2633 illis
2262 2594 2398 2648 quos
2452 2579 2781 2634 Maximinus
2829 2582 3054 2635 dextero
3105 2584 3265 2637 oculo
3292 2583 3513 2645 elInsso,
3537 2591 3591 2634 et

2017 2673 2244 2726 sinistro
2274 2673 2476 2740 peplite
2527 2675 2765 2736 succiso,
2813 2676 2878 2727 ad
2937 2675 3150 2728 metalla
3213 2674 3590 2728 danmaverat.

2017 2765 2121 2820 Sed
2152 2766 2202 2818 in
2236 2766 2334 2820 hoc
2380 2776 2523 2820 tanta
2558 2767 2647 2822 Dei
2700 2770 2872 2837 gratia
2939 2767 3206 2830 elucebat,
3232 2778 3290 2821 ut
3331 2768 3590 2822 miracula

2015 2871 2110 2923 per
2141 2871 2264 2909 eum
2303 2858 2492 2911 tierent
2528 2875 2632 2911 non
2665 2861 2875 2913 minora
2908 2859 3012 2926 bis,
3040 2875 3162 2930 qua:
3189 2860 3318 2913 olim
3365 2863 3434 2915 ab
3461 2876 3594 2928 apo-

2013 2948 2169 3003 SIolis
2205 2949 2343 3003 facta
2391 2961 2540 3003 sunt.
2592 2950 2728 3005 Nam
2761 2951 3034 3006 daemonas
3065 2952 3183 3006 solo
3224 2953 3392 3004 verba
3427 2951 3582 3022 fuga-

2015 3041 2125 3102 bat,
2157 3051 2209 3094 et
2242 3056 2418 3110 aegros
2463 3041 2645 3110 plures
2677 3043 2924 3095 oratione
2976 3042 3238 3097 curabat:
3275 3043 3368 3096 sed
3399 3053 3454 3094 et
3483 3058 3591 3096 ea:-

2014 3133 2092 3186 cis
2117 3133 2310 3199 visum,
2335 3132 2466 3188 fusis
2492 3136 2558 3188 ad
2605 3133 2774 3188 Deum
2827 3134 3100 3204 precibus,
3157 3133 3428 3189 tribuebit
3475 3151 3490 3187 :
3528 3143 3585 3187 et

327 3219 554 3285 νοῦντας
604 3222 908 3294 ἐθεράπευε
941 3263 957 3289 ,
1013 3227 1241 3295 τυφλοῖς
1296 3247 1356 3284 τε
1408 3230 1468 3284 τὸ
1521 3231 1764 3302 βλέπειν,
1814 3235 1907 3288 τὸν

2017 3225 2323 3296 paralytieis
2349 3228 2648 3280 naturalem
2707 3226 3016 3280 ﬁrmitatem
3072 3226 3422 3281 restituebat:
3477 3224 3591 3280 elli-

327 3311 462 3366 Θεὸν
484 3312 883 3385 ἐξαιτούμενος,
917 3318 1214 3388 παρείχετο
1235 3337 1249 3351 °
1285 3321 1380 3374 καὶ
1409 3323 1750 3393 παρεθέντας
1772 3325 1908 3394 πρὸς

327 3404 430 3478 τὴν
457 3406 600 3461 κατὰ
630 3406 793 3476 φύσιν
812 3403 948 3478 ἦγεν
973 3411 1179 3482 ἀκμὴν,
1209 3413 1278 3466 τὰ
1306 3413 1443 3483 μέλη
1467 3417 1713 3485 ἐνεργεῖν
1740 3417 1908 3470 ποιῶν

330 3496 521 3566 ὑγιῶς.
561 3500 656 3554 ’³ον
684 3501 712 3554 6
747 3499 998 3570 βασιλεὺς
1035 3502 1240 3574 σφόδρα
1304 3505 1393 3559 διὰ
1428 3507 1594 3577 τιμῆς
1622 3508 1746 3582 ἦγε,
1783 3527 1908 3563 συν.

328 3587 473 3658 ιχῶς
499 3606 558 3643 τε
587 3590 681 3644 ἐπὶ
700 3591 770 3646 τά
795 3592 1043 3661 βασίλεια
1069 3595 1471 3667 μετεπέμπετο,
1493 3600 1586 3652 καὶ
1612 3600 1704 3654 τὸν
1723 3600 1908 3671 ἐξορυ-

329 3677 470 3748 γμὸν
499 3679 797 3748 κατεφίλει,
821 3681 1058 3752 τοσαύτη
1092 3685 1306 3756 προσῆν
1339 3685 1418 3758 τῷ
1440 3687 1659 3742 εὐσεϐεῖ
1692 3688 1910 3760 βασιλεῖ

329 3770 468 3843 πρὸς
488 3772 615 3837 τοὺς
633 3774 823 3843 ἁγίους
859 3775 1066 3840 πίστις.

943 3892 1196 3947 ΚΕΦΛΛ.
1247 3896 1306 3948 I'.

624 4004 762 4069 Περὶ
817 4004 922 4059 τοῦ
971 4006 1143 4076 ἁγίου
1192 4009 1596 4078 Σπυρίὸωνος.

397 4101 514 4171 Καὶ
542 4115 608 4189 δὴ
632 4131 726 4171 και
759 4119 1042 4189 Σπυρίδων
1075 4121 1323 4192 Κύπριός
1356 4140 1440 4187 τις
1463 4125 1601 4196 ἀνὴρ
1633 4125 1905 4198 ἐπίσημος

329 4207 387 4260 ἐν
423 4208 633 4281 Κυρίῳ,
664 4213 760 4265 καὶ
782 4212 882 4282 τὴν
910 4213 974 4265 ἐκ
997 4213 1187 4276 παιδὸς
1218 4216 1540 4285 ποιμενικὴν
1573 4217 1684 4288 (10)
1713 4222 1906 4289 πεῖραν

327 4302 395 4372 τῇ
428 4299 521 4354 τοῦ
555 4302 795 4373 Χριστοῦ
840 4305 1044 4375 ποίμνῃ
1101 4305 1530 4376 καθιερωμένος,
1583 4310 1907 4382 προφητικῷ

330 4391 433 4464 βίῳ
459 4393 838 4465 διαγινόμενος
867 4395 1197 4464 ἐγνωρίζετο
1221 4413 1232 4426 ·
1257 4397 1317 4462 ὃς
1352 4399 1448 4452 καί
1473 4416 1538 4467 γε
1567 4401 1772 4454 διέπων
1804 4405 1905 4472 τὴν

330 4486 662 4556 ἐπισκοπὴν.
723 4487 817 4541 τοῦ
879 4488 1158 4559 ποιμένειν
1209 4487 1279 4542 τὰ
1336 4489 1442 4543 ἴδια
1493 4492 1745 4562 πρόϐατα
1804 4495 1905 4548 οὐκ

2014 3317 2163 3370 ciens
2185 3327 2241 3370 ut
2265 3323 2505 3371 membra
2530 3334 2662 3372 sana
2687 3319 2798 3372 suis
2817 3318 3171 3387 fungerentur
3193 3317 3405 3370 olliciis.
3441 3317 3592 3373 lluuc

2017 3407 2314 3477 imperator
2337 3424 2550 3463 Stllttllto
2581 3410 2633 3462 in
2668 3410 2872 3464 bnnnre
2897 3411 3106 3474 babuit,
3153 3419 3208 3464 et
3238 3391 3436 3478 sacpius
3465 3424 3590 3464 eum

2017 3498 2156 3552 intra
2183 3499 2438 3566 palatimu
2469 3511 2753 3554 evocatum
2777 3501 3263 3569 complectebatur,
3295 3511 3347 3554 et
3375 3498 3590 3552 ocnlmn

2015 3588 2270 3644 eﬂ'ossntu
2304 3591 2540 3646 Subinde
2567 3592 3021 3646 exosculabatur:
3074 3603 3222 3645 tanta
3276 3599 3394 3646 erat
3448 3590 3592 3660 apud

2015 3681 2162 3750 piqu
2193 3682 2573 3752 imperatorem
2631 3696 2944 3738 sanctorum
3002 3684 3242 3740 virorum
3296 3683 3596 3739 auctoritas

2015 3783 2067 3828 et
2102 3775 2296 3845 gratia.

2675 3890 2828 3946 CAP.
2875 3889 2943 3944 X.

2487 4003 2564 4059 De
2593 4008 2777 4059 sancto
2811 4005 3130 4076 Spyridane.

2088 4119 2355 4191 Spyridou
2377 4119 2538 4174 etiam
2562 4118 2794 4191 Cyprius
2821 4119 2906 4174 vir
2929 4120 3157 4190 insignis
3195 4121 3250 4178 in
3285 4121 3594 4189 Domino",

2016 4215 2106 4283 qui
2147 4229 2177 4266 a
2232 4213 2462 4283 pueritia
2501 4213 2794 4280 pastoralis
2851 4213 2975 4266 vita:
3036 4213 3341 4284 rudimenta
3387 4213 3594 4269 Christi

2015 4304 2160 4374 gregi
2191 4301 2487 4366 devovctts,
2521 4311 2576 4357 et
2616 4302 2991 4372 proplteticam
3024 4303 3190 4357 vitam
3224 4318 3391 4372 agens
3435 4304 3594 4360 inuo-

2017 4397 2150 4449 tuit:
2179 4395 2379 4465 quique
2400 4394 2776 4464 episcopatum
2823 4393 2986 4448 etiam
3034 4391 3450 4459 administrans,
3485 4409 3594 4448 non

2016 4487 2226 4541 destitit
2263 4502 2390 4540 nves
2412 4501 2539 4540 suas
2567 4499 2822 4555 pascere;
2867 4485 3003 4538 adeo
3032 4483 3207 4539 bonus
3237 4494 3355 4538 erat
3401 4494 3453 4537 et
3509 4500 3593 4553 pa«

329 4553 607 4632 ἐπαύετοί
639 4577 796 4632 Οὕτω
837 4578 895 4632 δὲ
1029 4580 1262 4654 χρηστὸς
1298 4581 1390 4634 καὶ
1444 4553 1788 4649 ἀνεξίκακος,
1822 4585 1904 4638 ὅτι

2017 4580 2176 4642 tiens,
2209 4587 2266 4632 nt
2299 4593 2420 4631 euut
2454 4576 2955 4644 latronesqnidam
2989 4585 3148 4629 noctu
3195 4575 3247 4626 in
3294 4575 3433 4628 ovile
3478 4573 3596 4642 ejus

326 4666 548 4739 λῃστῶν
613 4670 802 4738 ἐφόδου
867 4670 1004 4743 δόλῳ
1055 4671 1473 4743 προσϐαλόντων
1542 4677 1610 4745 τῇ
1666 4675 1900 4750 ποίμνῃ,

327 4757 586 4830 ἀοράτοις
635 4775 695 4812 τε
737 4759 954 4831 δεσμοῖς
985 4761 1373 4832 κρατουμένων
1404 4763 1690 4836 κινηθῆναι
1725 4784 1786 4819 τε
1821 4768 1896 4837 μὴ

327 4845 644 4918 δυναμένων
667 4849 773 4914 ἕως
805 4850 971 4922 πρωῒ,
1011 4853 1240 4915 ἐπιστὰς
1265 4853 1293 4906 6
1324 4855 1620 4927 μακάριος,
1645 4857 1710 4911 δι’
1737 4857 1906 4928 εὐχῆς

333 4937 593 5008 ἀνεθῆναι
648 4941 849 5004 αὐτοὺς
893 4943 991 5011 τῆς
1023 4944 1255 5016 συνοχῆς
1303 4949 1488 4999 ποιεῖ·
1521 4949 1582 5002 ού
1619 4949 1726 5020 μὴν
1769 4950 1909 5004 ἀλλά

335 5030 431 5084 καὶ
455 5030 566 5083 τῶν
594 5034 763 5102 κριῶν
783 5035 876 5087 τὸν
921 5036 1214 5106 κράτιστον
1253 5039 1638 5110 ἀποιχομένοις
1668 5042 1906 5108 δίδωσιν,

335 5117 528 5172 εἰπών·
551 5121 780 5188 Λάϐετε,
811 5115 1168 5190 ὧνεανίσκοι,
1198 5127 1331 5198 πρὸς
1358 5129 1666 5213 ἀπόχρησιν
1693 5131 1906 5196 τοῦτον,

337 5211 414 5280 μὴ
443 5212 714 5283 ἄπρακτοι
752 5214 1002 5279 ἀπιόντες
1041 5222 1108 5290 τῇ
1141 5220 1298 5273 νυκτὶ
1347 5211 1522 5293 ταύτῃ
1569 5221 1636 5276 δι’
1667 5223 1770 5294 ἐμὲ
1811 5223 1908 5294 τὴν

333 5303 516 5356 αἰτίαν
559 5303 658 5374 τῆς
695 5306 928 5374 ἀπορίας
977 5310 1433 5380 καταμέμψησθε.
1473 5313 1652 5367 Πολλά
1687 5315 1786 5381 μὲν
1813 5316 1907 5368 καὶ

334 5390 471 5445 ἄλλα
497 5392 754 5463 θαύματα
781 5395 913 5466 περὶ
933 5397 1029 5449 τοῦ
1062 5399 1217 5466 ἀγίου
1247 5401 1439 5455 τούτου
1470 5403 1811 5478 ἀκηκόαμεν,
1845 5405 1905 5461 ἓν

325 5479 393 5538 ’δὲ
417 5485 481 5537 ὲκ
512 5484 724 5538 πολλῶν
757 5487 1172 5560 παραθήσομεν.

405 5662 450 5696 ³⁸
487 5663 619 5718 Vide
651 5663 960 5731 Socratem,
991 5663 1027 5718 l.
1062 5682 1101 5730 ι,
1133 5681 1181 5719 c.
1208 5667 1260 5720 l.

2019 4669 2362 4738 irrupissem,
2394 4679 2446 4722 et
2475 4666 2702 4722 occultis
2746 4681 2810 4720 ac
2839 4664 3028 4719 invisis
3055 4665 3376 4732 quibusdam
3410 4666 3596 4719 vincu-

2014 4763 2079 4820 lis
2109 4764 2507 4826 detinereutnr,
2540 4776 2639 4816 nec
2662 4763 2788 4816 inde
2812 4775 3029 4815 movere
3057 4775 3180 4816 sese
3213 4775 3383 4828 usque
3411 4759 3477 4814 ad
3498 4775 3595 4813 an-

2015 4871 2194 4909 rnram
2225 4862 2482 4925 possent:
2512 4854 2900 4922 superveniens
2930 4853 3139 4918 beatus,
3191 4851 3422 4905 obtinuit
3468 4866 3594 4918 pre-

2013 4945 2164 5000 cibus
2210 4955 2268 4999 ut
2318 4943 2661 5000 solverentur
2690 4943 2958 4998 vinculis:
3000 4943 3107 4996 imo
3157 4957 3286 4996 vero
3360 4941 3592 4996 arietem

2011 5039 2168 5108 longe
2198 5039 2706 5109 prmstantissimum
2740 5037 3064 5090 abeuntibus
3087 5035 3257 5101 dedit,
3301 5035 3592 5105 inquiens:

2008 5129 2254 5200 Accipite
2277 5131 2444 5190 hunc,
2461 5128 2713 5195 juvenes,
2741 5128 2806 5182 ad
2835 5143 2988 5182 usum
3027 5138 3287 5189 vestrum,
3317 5143 3382 5182 ne
3429 5143 3487 5181 re
3512 5126 3591 5180 in-

2009 5223 2151 5276 fecta
2180 5223 2546 5288 discedentes,
2585 5237 2670 5276 me
2717 5221 2818 5275 bac
2855 5229 3018 5274 nocte
3051 5218 3243 5289 impia:
3282 5228 3472 5273 vestra:
3497 5234 3591 5270 an-

2009 5324 2215 5368 ctorem
2261 5314 2547 5368 accnsetis.
2612 5311 2770 5366 Plura
2827 5311 2989 5366 etiam
3039 5311 3147 5365 alia
3203 5311 3468 5365 mirabilia
3523 5311 3591 5368 de

2007 5403 2111 5459 bne
2144 5413 2332 5460 sancto
2355 5405 2694 5461 audivimus:
2725 5419 2891 5458 unum
2923 5411 3102 5458 autem
3127 5418 3192 5458 ex
3249 5402 3434 5458 multis
3465 5419 3590 5473 pro-

2008 5510 2291 5566 ponemus.

405 5800 521 5872 (ιο)
557 5802 653 5858 Ms.
705 5802 885 5859 Codex
941 5802 1079 5859 Bibl.
1103 5803 1277 5859 Paris.
1310 5803 1588 5861 Soc.Jesu
1633 5811 2005 5883 ποιμαινικήν.
2047 5809 2220 5870 llam.
