4148 6618
587 425 720 493 1247

1227 543 1377 600 CAP.
1417 545 1507 601 XI.

587 657 860 724 Quomodo
888 657 1058 726 ﬁliam
1086 673 1348 716 mortuam
1405 664 1713 719 excitaverit
1766 673 1980 733 propter
2027 682 2161 720 nter-

1258 742 1510 786 calorem.

657 839 854 896 Beatus
877 840 965 895 ille
987 851 1042 896 et
1073 842 1304 897 celebris
1350 838 1511 899 homo
1541 845 1633 900 Dei
1656 845 1722 912 ³³,
1775 846 1938 901 tiliam
1979 848 2166 902 halmit

584 936 796 990 lrenetn
826 935 1062 1000 nomine,
1102 951 1220 1004 quae
1250 939 1364 990 seni
1404 937 1966 1004 utiliterministratus,
2014 939 2165 1008 virgo

584 1029 748 1084 vitam
777 1043 992 1084 omnem
1049 1030 1360 1084 castissime
1395 1031 1524 1098 egit.
1586 1030 1714 1084 Post
1765 1032 1882 1098 ejus
1935 1043 2164 1086 mortem

585 1129 853 1174 mercator
884 1120 1102 1190 quidam
1135 1136 1362 1190 peregre
1403 1124 1644 1186 rediens,
1682 1133 1834 1193 rogat
1863 1123 2166 1178 seuemde-

583 1214 846 1281 positum,
904 1213 1046 1281 quod
1076 1212 1194 1282 ejus
1220 1212 1345 1268 ﬁlite
1377 1215 1570 1284 virgini
1614 1215 1937 1286 jampridem
1989 1218 2167 1272 credi-

584 1305 759 1362 derat.
804 1304 940 1358 Rem
973 1320 1190 1359 omnem
1217 1307 1407 1360 beatus
1447 1305 1718 1378 Spyridon
1752 1323 1977 1376 prorsus
2009 1308 2166 1375 igno-

584 1397 724 1450 ravit
745 1413 758 1450 :
785 1396 878 1450 sed
902 1411 1023 1450 cum
1049 1397 1209 1450 homo
1232 1395 1538 1465 depositum
1564 1397 1760 1466 sacpius
1777 1396 2062 1467 ﬂagitaret,
2083 1412 2170 1453 se-

584 1504 711 1554 nex,
735 1498 1086 1559 posteaquam
1127 1488 1252 1542 illud
1281 1504 1375 1558 per
1429 1490 1648 1546 domum
1673 1505 1887 1544 sursum
1918 1506 1982 1546 ac
2011 1491 2170 1546 deor-

582 1594 702 1634 sum
767 1579 1202 1650 perquisivisset,
1245 1595 1348 1636 nec
1397 1583 1689 1650 reperisset
1741 1597 1990 1650 usquam,
2052 1583 2167 1636 ani-

583 1688 674 1728 tuo
725 1673 1020 1743 angebatur
1079 1675 1315 1744 graviter
1373 1693 1387 1731 :
1441 1685 1495 1730 et
1548 1676 1722 1731 virum
1779 1677 2018 1743 monuit,
2068 1691 2180 1733 nec.

582 1765 726 1821 scire
773 1779 835 1821 se
884 1765 1174 1836 quidquam
1219 1767 1285 1821 de
1339 1768 1606 1838 deposito,
1651 1783 1750 1824 nec
1799 1769 2004 1824 essein
2058 1777 2166 1822 tota

581 1857 766 1912 domo.
819 1855 1090 1912 Mercator
1127 1867 1254 1912 tunc
1304 1859 1466 1914 altius
1515 1859 1838 1925 inclamans,
1889 1869 1946 1915 et
1994 1859 2168 1930 laery-

583 1961 737 2002 mans
758 1946 1075 2017 ejulansque
1089 1947 1264 2015 poscit
1291 1948 1620 2016 depositmu,
1645 1947 1931 2002 clamitans
1949 1961 2166 2017 quoque

583 2052 643 2092 se
668 2053 860 2090 manus
897 2037 1161 2091 violentas
1187 2037 1289 2091 sibi
1322 2038 1621 2100 illaturum,
1657 2038 1760 2092 nisi
1796 2039 1940 2105 quod
1980 2041 2162 2094 credi-

583 2129 686 2194 dit,
723 2129 1011 2198 reciperet.
1041 2129 1200 2192 Nam,
1231 2130 1426 2200 inquit,
1459 2146 1518 2186 se
1549 2133 1695 2201 quod
1725 2133 1948 2186 unicum
1973 2147 2168 2186 serva-

583 2222 664 2275 vit
692 2222 988 2276 senectutis
1019 2237 1128 2277 sine
1160 2224 1460 2278 subsidium
1490 2233 1543 2277 et
1569 2224 1846 2289 solatium,
1881 2227 2018 2302 apud
2059 2226 2168 2279 vir-

583 2312 764 2378 ginem
781 2312 1122 2382 deposuisse.
1171 2313 1405 2369 Coactus
1441 2315 1602 2384 igitur
1643 2323 1862 2369 sanctus
1890 2317 1979 2370 ille
2001 2332 2164 2370 senex

585 2419 691 2459 una
714 2407 834 2460 cum
860 2417 1165 2461 mercatore
1197 2407 1263 2460 ad
1291 2407 1604 2477 sepulcrum
1633 2409 1753 2462 tiliae
1780 2419 2056 2476 properat,
2100 2412 2165 2462 ad

585 2502 1014 2572 pereontandum
1040 2517 1102 2556 ea
1129 2503 1198 2556 de
1227 2517 1320 2565 re;
1344 2516 1578 2569 eamque
1603 2517 1670 2555 ex
1715 2504 1935 2556 nomine
1993 2503 2168 2556 int-la-

585 2603 718 2657 mat,
746 2592 899 2659 Filia,
935 2595 1214 2661 inquiens,
1245 2592 1421 2648 lrene.
1451 2592 1540 2646 Illa
1569 2595 1636 2647 de
1662 2594 1912 2663 sepulcro
1940 2610 2167 2663 respon-

586 2684 754 2739 dens:
789 2684 929 2751 Quid
953 2687 1051 2753 vis,
1087 2687 1276 2754 pater?
1317 2685 1454 2741 Tum
1505 2702 1706 2741 senex:
1777 2686 1878 2742 Ubi
1916 2687 2166 2756 posuisti,

587 2777 720 2842 ﬁlia,
757 2780 898 2848 quod
927 2780 1015 2834 hic
1069 2779 1231 2833 homo
1267 2779 1365 2835 tibi
1407 2771 1680 2834 credidit?
1742 2779 1814 2832 At
1864 2780 1952 2833 illa
1990 2779 2166 2834 locum

577 2857 776 2938 aperte
807 2869 944 2938 patri
975 2871 1254 2925 indicans:
1294 2869 1352 2924 lu
1387 2886 1475 2936 eo,
1509 2871 1705 2939 inquit,
1733 2870 1850 2926 loco
1875 2871 2036 2939 jacet,
2075 2886 2169 2939 pa-

578 2949 692 3017 ter.
759 2961 854 3016 Ille
882 2963 947 3016 ad
983 2961 1144 3016 tiliam
1173 2981 1185 3016 :
1213 2962 1361 3018 Vade
1400 2963 1452 3016 in
1495 2977 1649 3031 pace,
1695 2963 1800 3016 tilia
1837 2963 2011 3018 lrene.
2066 2962 2168 3018 Se-

577 3061 693 3108 nex
720 3055 937 3108 domum
966 3069 1267 3123 regressus,
1301 3045 1616 3124 depositum
1653 3056 1706 3108 in
1734 3071 1800 3108 eo
1851 3055 1966 3124 ipso
2026 3056 2164 3120 loco,

588 3159 747 3214 quem
803 3145 976 3214 puella
1030 3145 1356 3216 designavit,
1418 3147 1696 3202 inventum
1751 3149 1868 3202 viro
1920 3150 2163 3203 tradidit.

1855 435 2159 497 GELASII
2196 437 2539 500 CYZICEN.’

2193 559 2239 612 A

3717 440 3875 504 1218

2855 552 3109 608 ΚΕΦΛΛ.
3157 551 3257 606 IA'.

2270 664 2459 719 Ὅπου
2482 664 2596 732 τὴν
2626 632 2921 736 θυγατέρα
2952 666 3139 720 αὐτοῦ
3167 664 3507 719 τεθνεῶσαν
3525 665 3720 733 ere/'1)“
3749 666 3874 718 διὰ

2743 753 2755 759 ’
2833 738 2943 791 τὸν
2981 736 3264 806 ἔμπορον.

2338 850 2626 921 Θυγατέρα
2653 850 2810 920 ἔσχεν
2839 852 2867 904 6
2891 850 3164 922 μακάριος
3188 851 3282 903 καὶ
3302 849 3543 912 ἀοίδιμος
3570 845 3720 911 οὗτος
3749 847 3870 900 τοῦ

2266 940 2401 993 Θεοῦ
2449 941 2772 1012 ἄνθρωπος,
2832 942 3073 1014 Εἰρήνην
3113 941 3376 1014 τοῦνομα,
3424 946 3458 1018 ἢ
3503 947 3580 1017 τῷ
3633 945 3869 1014 γέροντι

2269 1034 2596 1104 προσφόρως
2637 1034 3031 1104 διακονήσασα,
3061 1036 3118 1086 ὲν
3139 1037 3412 1110 παρθενίᾳ
3443 1039 3534 1090 τὸν
3580 1037 3870 1108 ἀνθρώπιο

2267 1142 2357 1178 νον
2414 1126 2529 1195 βίον
2585 1123 2922 1196 διεξέρχεται
2981 1124 3412 1200 [ὑπεξέρχεται].
3461 1129 3681 1200 Ταύτης
3745 1128 3867 1197 μὲν

2270 1216 2562 1287 θανούσης,
2593 1217 2653 1281 ἐξ
2685 1218 2998 1288 ἀποδημίας
3041 1235 3126 1282 τις
3175 1219 3416 1285 ἀναστὰς
3448 1221 3712 1290 ἔμπορος,
3747 1236 3869 1270 ποι-

2271 1309 2514 1380 ραθήκην
2554 1307 2865 1379 ἀπῄτειτὸν
2894 1311 3146 1380 γέροντα,
3200 1312 3265 1382 ἣν
3300 1315 3366 1382 τῇ
3417 1312 3585 1365 αὑτοῦ
3619 1311 3868 1380 θυγατρὶ

2267 1404 2334 1472 τῇ
2377 1399 2632 1470 παρθένῳ
2685 1396 2752 1470 ἦν
2782 1400 3184 1471 παραθέμενος.
3235 1401 3293 1454 ὐ
3326 1403 3380 1454 δὲ
3405 1405 3674 1473 μακάριος
3702 1403 3864 1453 Σπυ-

2267 1493 2433 1564 ρίδων
2455 1491 2691 1562 ἠγνόησε
2727 1491 3006 1556 παντελῶς
3035 1491 3135 1562 τὴν
3157 1492 3415 1546 ὑπόθεσιν
3433 1510 3446 1523 ν
3491 1494 3566 1556 ὡς
3596 1494 3652 1546 δὲ
3684 1493 3867 1553 πολὺς

2267 1578 2336 1653 ἦν
2382 1581 2734 1652 ἐπικείμενος
2781 1581 2931 1652 αὑτῷ
2982 1583 3009 1633 6
3050 1582 3334 1650 ἄνθρωπος
3357 1622 3370 1647 ,
3404 1582 3579 1634 πολλά
3607 1583 3719 1636 ἄνω
3753 1581 3864 1634 καὶ

2269 1676 2421 1728 κάτω
2447 1674 2538 1726 τὸν
2563 1668 2714 1727 οἷκον
2741 1673 3100 1744 διερευνήσας
3135 1673 3164 1724 6
3184 1674 3382 1742 γέρων¹
3416 1674 3513 1726 καὶ
3545 1675 3622 1744 μὴ
3648 1673 3858 1743 εὑρὼν,

2271 1765 2458 1835 ἠνιᾶτο
2514 1765 2742 1834 σφόδρα,
2788 1765 2880 1818 καὶ
2925 1764 3062 1834 πρὸς
3101 1763 3192 1816 τὸν
3248 1763 3416 1834 ἄνδρα
3452 1763 3658 1832 ἔλεγεν,
3707 1765 3861 1833 μήτε

2201 1905 2241 1961 Β
2273 1863 2494 1928 εἰδέναι,
2534 1863 2674 1932 μήτε
2700 1858 2842 1914 εἷναί
2892 1878 2966 1922 τι,
2996 1862 3059 1913 ὲν
3105 1858 3185 1930 τῷ
3238 1859 3394 1929 οἴκῳ.
3437 1859 3498 1913 Ὀ
3523 1859 3580 1912 δὲ
3608 1858 3864 1928 ἔμπορος

2270 1955 2500 2019 ἐκϐοῶν,
2531 1953 2762 2026 δάκρυσί
2797 1970 2854 2006 τε
2877 1952 3268 2023 συνεχόμενος,
3311 1952 3406 2005 καὶ
3447 1951 3863 2021 ὀλοφυρόμενος

2270 2051 2390 2122 ᾔτει
2419 2047 2518 2118 τὴν
2547 2045 3026 2118 παρακαταθήκην
3049 2088 3062 2110 ,
3097 2044 3272 2112 λέγων
3312 2044 3475 2098 αὐτὸν
3507 2043 3860 2113 διαχειρίσα-

2271 2139 2395 2194 σθαι
2426 2139 2525 2208 τῆς
2578 2137 2858 2198 ἀπωλείας
2887 2136 3069 2206 χάριν,
3103 2136 3151 2186 εἰ
3183 2133 3262 2204 μὴ
3307 2133 3459 2187 λάϐοι
3491 2134 3561 2185 τά
3604 2150 3859 2203 παρακα-

2269 2229 2580 2290 τατεθέντα,
2594 2227 2818 2295 φάσκων
2839 2227 3001 2279 ἕνεκα
3020 2227 3208 2298 γήρως
3223 2225 3371 2294 αὐτῷ
3397 2225 3602 2293 ταύτην
3623 2225 3720 2293 τὴν
3743 2241 3856 2277 πα-

2273 2325 2545 2395 ραμυθίαν
2577 2323 2924 2394 πεφυλάχθαι
2941 2323 3108 2396 ,παρ’
3134 2323 3272 2393 αὐτῇ
3297 2325 3363 2393 τῇ
3393 2321 3647 2392 παρθένῳ
3671 2337 3858 2388 παραυ

2269 2418 2522 2487 θέμενος.
2557 2417 2951 2484 Ἀναγκάςεται
2977 2415 3160 2468 τοίνυν
3201 2417 3228 2467 6
3259 2414 3440 2484 γέρων
3469 2415 3495 2466 6
3523 2414 3677 2480 ἅγιος
3705 2413 3858 2463 ἐκεϊξ

2269 2527 2360 2572 νος
2400 2509 2494 2561 ἐπὶ
2549 2509 2611 2561 τὸ
2649 2509 2840 2578 μνῆμα
2888 2508 2987 2570 τῆς
3019 2506 3290 2577 θυγατρὸς
3335 2507 3452 2574 ἅμα
3490 2503 3568 2574 τῷ
3621 2503 3860 2574 ἐμπύρῳ

2269 2601 2511 2672 ὁρμῆσαι
2534 2600 2670 2670 πρὸς
2693 2597 2888 2652 πεῦσιν
2909 2599 3001 2652 τοῦ
3032 2599 3359 2669 πράγματος
3375 2615 3390 2628 ·
3426 2598 3454 2649 6
3479 2596 3524 2649 δ’
3551 2594 3724 2649 ἐλθὼν
3743 2613 3860 2648 κα-

2270 2692 2353 2745 λεῖ
2387 2692 2486 2761 τὴν
2518 2689 2791 2761 θυγατέρα
2833 2688 2892 2753 ἐξ
2935 2689 3197 2758 ὀνόματος
3221 2729 3236 2751 ,
3294 2687 3386 2740 καί
3415 2703 3547 2755 φησι
3579 2685 3714 2753 πρὸς
3744 2686 3814 2737 αὖ
3834 2713 3860 2724 ο

2268 2785 2396 2854 τήν·
2429 2781 2631 2836 Τέκνον
2661 2797 2761 2850 μου
2789 2780 3014 2850 Εἰρήνη.
3047 2779 3109 2830 Ἦ
3143 2777 3199 2830 δὲ
3229 2775 3588 2846 ἀποκριθεῖσα
3615 2774 3722 2827 ἀπὸ
3751 2769 3862 2825 τοῦ

2269 2878 2463 2945 τάφου,
2512 2875 2659 2944 λέγει
2703 2874 2842 2941 πρὸς
2883 2873 3044 2926 αὐτόν
3069 2888 3082 2902 ·
3117 2871 3182 2923 Τί
3225 2870 3422 2932 θέλεις.
3453 2863 3726 2936 ὧπάτερς
3776 2866 3856 2918 ὐ

2269 2969 2324 3023 δὲ
2357 2968 2534 3036 γέρων
2582 2965 2719 3035 πρὸς
2768 2965 2938 3034 αὐτήν
2965 2979 2980 2995 ο
3041 2962 3151 3015 Ποῦ
3185 2962 3387 3015 ἀπέθου
3432 2961 3531 3031 τὴν
3558 2959 3710 3013 τοῦδε
3744 2954 3854 3010 τοῦ

2269 3048 2556 3129 ἀνθρώπου
2606 3053 2936 3124 παραθήκην
2962 3092 2975 3116 ,
3007 3046 3051 3105 ὧ
3087 3050 3367 3120 θύγατερς
3427 3047 3672 3114 Κάκείνη
3708 3044 3864 3114 πρὸς

2271 3152 2432 3204 αὐτὸν
2461 3150 2564 3220 ἔφη
2585 3167 2597 3177 ⁸
2635 3149 2724 3200 Ἐν
2753 3145 2888 3218 τῷδε
2919 3144 3193 3214 κεῖταιτῴ
3218 3144 3384 3211 τόπῳ,
3414 3141 3589 3210 πάτερ
3610 3156 3624 3170 ο
3661 3137 3863 3206 σαφῶς

591 3238 753 3293 Multa
785 3238 873 3293 ille
899 3237 1003 3292 alia
1035 3239 1299 3309 stupenda
1348 3248 1403 3294 et
1459 3239 1774 3296 admiranda
1838 3241 1987 3305 fecit,
2043 3259 2164 3312 qua;

2273 3242 2360 3294 τὸν
2387 3240 2549 3292 τόπον
2574 3237 2965 3307 ἐπισημάνασα
2989 3233 3063 3304 τῷ
3090 3233 3278 3302 πατρί.
3319 3232 3376 3285 '0
3396 3232 3452 3284 δὲ
3477 3229 3611 3300 πρὸς
3636 3230 3808 3298 αὐτήν
3839 3245 3856 3257 ·

590 3330 832 3385 omnium
857 3347 950 3387 ore
972 3333 1339 3400 celebrantur,
1369 3349 1595 3404 quaeque
1628 3337 1808 3390 adlmc
1836 3337 1903 3390 ab
1963 3337 2171 3409 indige-

591 3423 678 3478 nis
704 3425 1067 3479 ostenduutur
1097 3427 1162 3479 ad
1205 3427 1418 3496 plenam
1468 3429 1874 3496 persuasionem
1930 3431 2051 3486 fidei
2116 3433 2169 3486 in

593 3515 778 3572 Jesum
805 3516 1107 3582 Christum,
1135 3518 1200 3573 iis
1231 3519 1321 3588 qui
1355 3519 1408 3572 in
1433 3534 1494 3573 ea
1519 3536 1575 3575 re
1600 3533 1836 3575 mentem
1876 3537 2172 3594 curamque

592 3625 746 3663 suam
783 3611 1040 3678 deligunt.
1069 3610 1289 3666 Talibus
1312 3612 1484 3682 igitur
1506 3614 1635 3667 viris
1661 3630 1830 3684 usque
1855 3615 1920 3667 ad
1954 3633 2012 3670 ea
2039 3626 2173 3670 tetu-

591 3717 724 3773 pora
755 3703 981 3759 ﬂorebat
1031 3705 1385 3770 Ecelesia,ex
1433 3707 1627 3773 quibus
1675 3708 1898 3772 plurimi
1947 3707 2174 3762 Nicatore
2215 3770 2218 3773 ,

594 3797 801 3865 synodo
870 3797 1257 3851 interfuerunt.
1323 3799 1629 3863 Quinetiam
1667 3800 2042 3861 Athanasium,
2079 3816 2174 3854 cu-

593 3885 683 3954 jus
712 3895 870 3940 antea
901 3888 1142 3950 memini,
1165 3897 1290 3942 tunc
1321 3887 1630 3953 diaconum,
1661 3905 1688 3942 a
1728 3905 1880 3943 saera
1915 3891 2003 3942 illa
2049 3905 2175 3942 san--

597 3983 810 4031 ctorum
860 3993 1058 4032 corona
1110 3979 1332 4032 minime
1375 3979 1618 4033 abfuisse
1674 3995 1866 4032 omnes
1918 3979 2171 4032 fatentur.

599 4065 729 4121 Erat
758 4077 936 4121 autem
988 4084 1091 4120 una
1139 4083 1258 4121 cum
1308 4068 1615 4123 Alexandro
1679 4069 2015 4121 Alexandria:
2063 4069 2178 4137 epi-

599 4172 786 4226 scopo,
815 4174 971 4225 quem
1013 4160 1064 4210 in
1093 4157 1272 4212 multis
1305 4157 1442 4213 ﬁdeli
1473 4175 1635 4226 opera
1687 4169 1741 4212 et
1763 4158 1989 4213 consilio
2013 4160 2173 4229 juvit.

599 4249 1085 4304 Communirabant
1122 4251 1548 4319 igilurquotidie
1573 4251 1746 4304 sancti
1787 4252 2025 4320 episcopi
2077 4270 2176 4306 no-

601 4341 700 4395 stri
757 4341 924 4395 tuulto
969 4352 1212 4412 tempere
1243 4344 1507 4411 permulta
1558 4344 1702 4397 inter
1728 4360 1786 4400 se
1823 4349 1887 4399 de
1915 4346 2038 4409 ﬁde,
2076 4348 2174 4401 rati

604 4432 738 4487 nihil
785 4432 894 4486 cito
926 4443 1016 4489 aut
1072 4444 1275 4488 temere
1307 4436 1371 4488 de
1431 4452 1485 4488 re
1541 4446 1686 4489 tanta
1731 4439 1894 4490 statui
1955 4438 2174 4493 debere.

603 4525 792 4580 Arium
821 4524 1130 4596 frequenter
1149 4531 1524 4592 accersebant,
1555 4542 1609 4584 et
1639 4531 1850 4586 crebris
1875 4531 2178 4599 interroga-

606 4620 842 4675 tionibus
865 4621 1262 4690 propositiones
1281 4621 1398 4692 ejus
1422 4622 1753 4679 refutabant:
1775 4624 2032 4687 omnique
2051 4640 2177 4677 cura

603 4729 666 4769 ac
693 4714 1020 4784 cogitatione
1070 4714 1409 4783 qmerebant,
1465 4716 1734 4782 quomodo
1789 4715 1997 4768 nefaria
2041 4715 2183 4768 illius

604 4808 857 4876 dogmata
886 4815 1154 4870 evertere,
1192 4807 1390 4877 quidve
1424 4816 1615 4861 contra
1646 4823 1708 4861 ea
1736 4817 1976 4862 statuere
2009 4817 2062 4860 et
2091 4809 2184 4860 de-

604 4913 832 4952 cernere
863 4906 1157 4967 oporteret,
1194 4899 1305 4953 acri
1337 4915 1551 4966 semper
1585 4901 2028 4953 consideratione
2077 4899 2179 4961 usi,

605 5000 659 5042 et
691 4989 823 5044 l'usis
845 4990 911 5043 ad
944 4991 1108 5044 Deum
1161 4991 1412 5060 precibus
1474 4990 1559 5043 illa
1605 4993 1927 5044 tractabant.
1985 4991 2186 5056 Quam-

606 5079 791 5134 obrem
810 5081 1082 5146 sapienter
1106 5081 1393 5136 admodum
1426 5092 1586 5150 atque
1609 5092 1972 5151 congruenter
1993 5091 2180 5136 centra

609 5173 770 5241 impia
802 5171 918 5226 Arii
971 5183 1026 5227 ct
1071 5182 1398 5228 sectatorum
1426 5173 1546 5242 ejus
1594 5174 1843 5241 dogmata
1893 5174 2182 5244 reprehen-

609 5263 792 5319 siones
823 5281 949 5320 suas
982 5265 1348 5334 opponebam,
1379 5265 1620 5334 impuras
1646 5283 1832 5319 eorum
1860 5274 2047 5321 contra
2086 5267 2176 5320 Dei

612 5353 805 5411 Filium
838 5355 1199 5423 blasphemias
1223 5357 1484 5411 radicitus
1512 5357 1828 5421 evelleutes,
1860 5365 1913 5410 et
1944 5359 2184 5413 delentes

611 5447 872 5502 funditus.
913 5447 977 5500 Et
1001 5448 1289 5521 ei‘quidem
1321 5448 1462 5518 quod
1490 5449 1563 5502 illi
1604 5451 1941 5509 asserebant,
1985 5465 2087 5502 non
2116 5464 2180 5504 ex

557 5579 560 5582 -
615 5540 724 5594 Deo
753 5555 872 5594 esse
903 5541 992 5595 [)ei
1049 5541 1262 5604 Filium,
1327 5544 1478 5606 illud,
1531 5544 1692 5596 Deum
1747 5544 1813 5595 de
1849 5544 1976 5607 Deo,
2013 5545 2182 5596 nostri

615 5643 1007 5700 apposuerunt.
1074 5634 1130 5688 Ei
1181 5649 1309 5688 vero
1334 5635 1474 5704 quod
1505 5635 1573 5688 illi
1615 5635 1890 5699 dicebant,
1929 5651 2033 5688 nou
2065 5651 2186 5690 esse

621 5723 790 5778 Deum
819 5738 1026 5789 verum,
1063 5724 1420 5779 deﬁuiverunt
1452 5725 1620 5779 nostri
1651 5739 1773 5779 esse
1802 5723 1966 5780 Deum
1996 5739 2183 5779 verum

690 5865 734 5897 ³³
768 5866 1042 5929 Socrates,
1066 5861 1169 5917 loc.
1208 5861 1298 5917 cit.

2275 3332 2513 3403 Πορεύου
2560 3331 2618 3384 ὲν
2645 3330 2859 3400 εἰρήνῃ,
2889 3328 3077 3380 τέκνον
3127 3342 3228 3395 μου
3261 3324 3492 3394 Εἰρήνη.
3539 3323 3597 3375 Ὀ
3631 3315 3725 3373 οὖν
3758 3319 3896 3387 γέο’

2277 3442 2383 3495 ρων
2413 3419 2748 3491 ἐπιστρέψας
2805 3418 2966 3479 οίκοι,
3020 3419 3114 3470 καὶ
3172 3413 3348 3486 εὑρὼν
3399 3409 3569 3482 οὗπερ
3618 3407 3770 3463 εἶπεν
3815 3412 3862 3479 ὴ

2274 3519 2543 3590 παρθένος
2580 3516 2793 3570 κεῖσθαι
2833 3515 2934 3582 τὴν
2965 3511 3320 3580 παραθήκην,
3356 3501 3604 3561 ἀπέδωκε
3640 3503 3719 3572 τῷ
3752 3505 3862 3555 ἀν·-

2273 3611 2380 3680 δρί.
2426 3609 2602 3662 Πολλά
2621 3608 2679 3660 δὲ
2703 3606 2800 3660 καὶ
2822 3605 2955 3658 ἄλλα
2995 3601 3091 3655 τοῦ
3113 3601 3305 3670 ἀνδρὸς
3331 3598 3548 3670 ᾅδονται
3573 3593 3861 3664 θαύματα,

2274 3705 2368 3757 καὶ
2397 3698 2845 3771 παραδοξοποιίαι
2875 3696 3091 3757 πολλαὶ,
3131 3694 3186 3746 αἲ
3219 3693 3312 3744 καὶ
3339 3692 3503 3760 μέχρι
3530 3687 3690 3756 δεῦρο
3713 3685 3863 3754 πρὸς

2275 3797 2382 3848 τῶν
2437 3793 2718 3863 ἐγχωρίων
2747 3791 3053 3843 δείκνυνται
3095 3789 3208 3847 τοῖς
3275 3781 3666 3850 ὲφισταμένοις
3713 3778 3864 3846 πρὸς

2276 3887 2648 3958 πληροφορίαν
2669 3884 2770 3953 τῆς
2801 3880 3032 3953 ἀληθοῦς
3057 3879 3212 3950 ήμῶν
3239 3879 3316 3940 εἰς
3345 3875 3574 3943 Χριστὸν
3595 3872 3860 3932 πίστεως.

2273 3978 2553 4039 Τοιούτοις
2621 3973 2911 4043 τοιγαροῦν
2983 3972 3143 4039 μέχρι
3201 3967 3310 4020 τῶν
3361 3964 3570 4035 καιρῶν
3627 3961 3860 4014 ἐκείνων

2275 4071 2450 4138 ἁγίοις
2479 4068 2734 4137 ἀνδράσιν
2754 4068 2787 4136 ή
2831 4062 3130 4131 Ἐκκλησία
3149 4059 3464 4128 διέπρεπεν,
3494 4055 3552 4119 ἐξ
3577 4049 3652 4108 ὧν
3671 4052 3863 4106 πολλοὶ

2277 4162 2528 4233 παρῆσαν
2576 4157 2716 4212 κατὰ
2759 4156 2854 4226 τὴν
2901 4156 2960 4207 ἐν
2995 4151 3203 4222 Natat;
3234 4149 3474 4202 σύνοδον.
3522 4146 3686 4199 Ἀλλά
3744 4145 3855 4214 μὴν

2277 4255 2370 4308 καί
2416 4250 2749 4311 Ἀθανάσιος,
2791 4247 2919 4316 περὶ
2954 4239 3012 4298 οὗ
3047 4245 3138 4297 καὶ
3170 4242 3362 4312 πρώην
3391 4239 3720 4309 εἰρήκαμεν.
3758 4253 3862 4304 τη-

2278 4344 2459 4398 νικάδε
2487 4342 2732 4402 διάκονος
2755 4337 2852 4400 ὢν,
2883 4337 2981 4389 οὐκ
3007 4337 3236 4404 ἄμοιρος
3255 4330 3350 4384 τοῦ
3381 4329 3684 4397 τῶενάγίων
3709 4329 3857 4379 ὲκεί-

2278 4455 2383 4492 νων
2415 4433 2574 4505 χοροῦ
2612 4427 2750 4484 εἶναι
2779 4429 2885 4481 ὑπὸ
2916 4427 3133 4481 πάντων
3171 4425 3504 4493 ὡμολογεῖτο
3531 4437 3542 4450 °
3608 4419 3775 4487 συνῆν
3800 4419 3860 4470 δὲ

2281 4527 2358 4598 τῷ
2399 4522 2733 4593 Ἀλεξάνδρῳ
2780 4521 2855 4590 τῷ
2905 4520 3002 4589 τῆς
3064 4516 3457 4585 Ἀλεξανδρέων
3530 4507 3861 4580 Ἐκκλησίας

2286 4617 2589 4686 ἐπισκόπῳ,
2635 4613 2827 4684 βοηθὸς
2862 4610 3079 4681 ἄριστος
3129 4609 3391 4679 ὑπάρχων
3427 4605 3594 4675 αὐτῷ.
3648 4602 3860 4655 Ἀνεκί-

2286 4729 2410 4764 νουν
2435 4708 2545 4782 [Ion
2592 4701 2948 4774 ’Avaxoivouv]
2997 4700 3127 4770 γοῦν
3178 4700 3449 4770 ὁσημέραι
3506 4699 3554 4749 οἰ
3603 4695 3860 4765 ἡμέτεροι

2285 4802 2431 4870 ἅγιοι
2460 4799 2770 4862 ἐπίσκοποι,
2827 4795 2920 4848 ἐπὶ
2966 4795 3216 4846 πλεῖστον
3264 4793 3387 4844 ὅσον
3421 4791 3650 4861 χρόνον,
3710 4787 3860 4856 πάρ.-

2287 4894 2455 4947 πολλα
2483 4892 2611 4962 περὶ
2633 4891 2731 4960 τῆς
2764 4889 3020 4949 πίστεως,
3049 4887 3286 4954 οἰόμενοι
3314 4883 3423 4936 δεῖν
3451 4881 3612 4952 μηδὲν
3635 4880 3861 4950 εὐχερὲς

2290 4985 2323 5056 ἢ
2363 4981 2637 5053 τολμηρὸν
2679 4980 2809 5051 περὶ
2857 4977 3186 5047 τηλικαύτης
3223 4975 3502 5044 ζητήσεως
3528 4970 3857 5039 διαπράττε-

2288 5076 2432 5130 σθαι.
2489 5072 2706 5143 Συχνῶς
2740 5087 2797 5122 τε
2842 5069 2931 5122 τὸν
2982 5068 3203 5136 Ἀρειον
3266 5064 3719 5135 μετεπέμποντο,
3768 5061 3863 5112 καὶ

2288 5170 2466 5240 πυκνῇ
2495 5166 2780 5237 ἀνακρίσει
2815 5163 2919 5226 τὰς
2971 5163 3261 5232 προτάσεις
3295 5156 3461 5211 αὐτοῦ
3488 5154 3862 5209 ἀναπτύσσονο

2285 5279 2374 5326 τες
2403 5261 2640 5315 διέλυον·
2681 5257 2904 5326 πλείστη
2924 5273 2982 5307 τε
3021 5256 3120 5325 ὅση
3157 5253 3358 5322 σπουδὴ
3401 5251 3497 5304 καὶ
3538 5247 3758 5318 φροντὶς
3795 5241 3864 5314 ἦν

2288 5355 2490 5417 αὐτοῖς,
2515 5351 2631 5414 πῶς
2654 5349 2822 5420 ἐχρῆν
2855 5347 2989 5419 πρὸς
3021 5346 3119 5416 τὴν
3136 5343 3450 5414 ἀνατροπὴν
3480 5341 3586 5393 τῶν
3607 5340 3865 5406 ἀθέσμων

2291 5445 2454 5499 αὑτοῦ
2525 5443 2812 5513 δογμάτων
2875 5439 3220 5510 ψηφίσασθαι
3289 5437 3380 5490 καὶ
3448 5431 3862 5504 ἀνθορίσασθαι.

2253 5539 2446 5600 ,Μετὰ
2475 5537 2675 5606 πολλῆς
2723 5535 2815 5588 οὖν
2853 5535 2952 5604 τῇς
2985 5532 3252 5601 σκέψεως,
3313 5529 3404 5582 καὶ
3459 5527 3556 5597 τῆς
3590 5525 3726 5596 πρὸς
3774 5523 3866 5574 τὸν

2293 5631 2424 5686 Θεὸν
2483 5629 2716 5692 ἱκεσίας,
2766 5626 2936 5680 ταῦτα
2967 5623 3344 5694 διελάμϐανον.
3390 5620 3481 5672 Διὸ
3514 5618 3605 5672 καὶ
3659 5615 3868 5683 σφόδρα

2296 5722 2496 5793 σοφῶς,
2529 5720 2624 5775 καὶ
2654 5718 2775 5774 λίαν
2811 5715 3106 5786 ἁρμοδίως,
3137 5713 3262 5777 τοὺς
3293 5712 3433 5765 κατὰ
3463 5707 3572 5762 τῶν
3595 5704 3868 5776 ἀθεμίτων
