4148 6580
609 461 742 529 1251

1871 467 2178 529 UELASII
2217 467 2562 531 CYZICENI

3713 465 3860 530 125?.

609 576 720 631 lres
745 585 978 640 nostros,
1005 573 1094 642 qui
1127 571 1272 626 illam
1305 573 1671 641 apostolorum
1700 575 1858 631 fidem
1909 579 2170 634 illibatam

2275 582 2500 651 γοῦμεν,
2533 580 2672 634 κατά
2698 579 2812 650 ¹’τὴν
2856 580 3125 634 ἀνέκαθεν
3161 579 3310 650 παρά
3341 577 3433 632 τοῦ
3482 577 3708 649 Κυρίου,
3761 580 3860 633 διὰ

604 678 1014 732 conscrvaruut,
1046 667 1200 720 nobis
1230 668 1296 720 ab
1322 667 1476 721 initio
1513 670 1765 723 tradilant
1822 671 1943 726 fidei
1995 687 2176 743 verant

604 761 912 829 dogmatum
972 757 1360 828 integritatem,
1393 760 1562 825 parati
1602 775 1666 813 ex
1716 763 1887 816 sancti
1944 761 2179 832 Spiritus

605 851 835 905 arbitrio
862 865 955 918 per
984 848 1210 918 plurima
1242 848 1542 904 divinarmn
1583 850 1985 917 Seriptnrarnm
2030 856 2178 909 lesli-

607 940 786 994 monia
807 939 1185 994 demonstrare
1213 940 1325 994 haec
1358 940 1432 994 ita
1464 955 1524 994 se
1560 941 1776 997 habere.
1809 943 1943 998 Cum
1971 945 2083 1000 lnec
2111 947 2178 1000 ab

604 1030 759 1096 ipsis,
789 1028 871 1082 vel
901 1030 1084 1098 potius
1112 1045 1141 1083 a
1176 1029 1379 1099 Spiritu
1407 1041 1596 1086 sancto
1630 1047 1724 1100 per
1754 1033 1901 1102 ipsos
1936 1050 2176 1105 promut-

606 1120 892 1184 tiarentur,
923 1119 1014 1188 qui
1077 1120 1407 1189 impietatem
1461 1122 1576 1176 Arii
1623 1127 1944 1181 asserebant
1999 1125 2177 1199 (erant

603 1220 784 1264 autem
824 1225 920 1278 pro
953 1210 998 1242 ³⁸
1033 1211 1264 1266 Eusebio
1315 1211 1643 1269 Nicomediae
1665 1226 1723 1270 et
1771 1214 2049 1287 Theognio
2087 1217 2171 1273 Ni-

603 1313 750 1362 cane,
786 1313 921 1367 quos
967 1299 1296 1368 jampridem
1356 1301 1757 1374 indicavimus),
1813 1308 2177 1377 respiciebant

604 1389 808 1458 pariter
838 1390 891 1450 in
932 1392 1293 1445 conductitios
1332 1393 1442 1448 Arii
1496 1396 1848 1464 philosophos
1914 1401 2173 1466 quosdam

603 1481 836 1536 maxime
888 1482 1145 1547 disertos,
1179 1499 1316 1552 quos
1341 1502 1462 1539 cum
1499 1488 1719 1541 malitia:
1773 1504 1882 1543 sum
1918 1498 2174 1560 patronos

603 1573 951 1626 conduxisset
978 1574 1160 1640 Arius,
1189 1592 1310 1629 cum
1347 1577 1453 1630 illis
1490 1579 1634 1632 venit
1666 1580 1730 1632 ad
1767 1583 2171 1637 sanetamillant

601 1673 655 1716 et
687 1664 992 1731 generalem
1030 1665 1314 1735 synodum.
1373 1669 1613 1724 Aderant
1653 1681 1832 1726 autem
1857 1685 1914 1726 et
1949 1676 2168 1743 plurimi

600 1753 930 1828 philosophi,
964 1755 1015 1808 in
1045 1758 1243 1831 quibus
1272 1772 1577 1825 sperantes,
1611 1771 1668 1813 ut
1697 1762 1855 1830 paulo
1881 1776 2006 1820 ante
2034 1765 2176 1821 dixi-

603 1865 748 1916 mus,
777 1853 1018 1906 veritatis
1044 1849 1362 1920 adversarii,
1395 1853 1587 1910 llit‘I'llO
1613 1868 1737 1911 cum
1789 1870 1900 1912 sua:
1922 1855 2170 1924 blasphe-

599 1941 722 1997 πίω
747 1944 1002 2014 magistro
1033 1945 1272 2000 damnati
1300 1957 1428 2000 Stllll

601 2033 737 2103 ipsis
761 2049 912 2089 sacra
941 2033 1244 2106 Scriptura,
1273 2052 1390 2106 qum
1413 2038 1579 2093 dicit:
1629 2039 1980 2098 «Maledictus
2014 2045 2174 2100 homo

598 2125 691 2194 qui
726 2127 948 2181 conlidit
977 2128 1029 2182 in
1078 2128 1317 2196 homine,
1352 2138 1407 2183 et
1444 2145 1474 2183 a
1514 2132 1744 2186 Domino
1801 2136 2031 2189 recessit
2080 2151 2176 2191 cor

597 2220 714 2289 ejus
738 2216 839 2272 ³⁸.»
872 2216 1120 2272 Recessit
1143 2219 1290 2274 enim
1320 2234 1448 2280 vere
1478 2236 1509 2274 a
1549 2221 1774 2278 Domino
1804 2223 2172 2293 blasphemum

597 2321 694 2361 cor
723 2306 837 2361 Arii
878 2322 1001 2362 cum
1043 2308 1149 2363 Deo
1171 2311 1483 2380 pugnantis,
1512 2321 1566 2366 et
1598 2327 1784 2366 eorum
1809 2315 1897 2382 qui
1930 2315 2047 2382 ejus
2074 2316 2175 2369 im-

598 2397 781 2466 pietati
863 2401 1295 2466 communicant,
1364 2403 1678 2456 audentium
1751 2405 1929 2460 dicere
1977 2404 2172 2461 Filium

597 2485 693 2541 Dei
719 2497 1020 2542 creaturam
1050 2499 1211 2558 atque
1242 2487 1526 2557 facturam,
1576 2507 1697 2545 cum
1733 2493 1801 2546 sit
1827 2494 2065 2549 onmium
2091 2495 2172 2549 vi-

595 2578 830 2633 sibilium
860 2589 916 2635 et
957 2581 1303 2637 invisibilium
1338 2595 1643 2638 creatarnm
1677 2594 1988 2640 naturarum
2018 2603 2170 2643 crea-

597 2679 684 2724 tor
709 2681 760 2723 et
787 2670 1031 2727 effector.

2277 671 2388 722 τῶν
2428 668 2590 740 ἱερῶν
2633 668 2800 722 αὐτοῦ
2848 670 3184 732 ἀποστόλων,
3219 670 3309 720 καὶ
3339 667 3447 720 τῶν
3494 667 3591 737 τὴν
3626 668 3858 721 ἐκείνων
3927 705 3934 712 -

2280 761 2444 829 ἁγίαν
2472 762 2657 814 πίστιν
2707 761 3060 832 φυλαξάντων
3098 761 3372 824 ἀσπίλως,
3401 759 3646 830 ἀρχαίων
3676 759 3860 828 ἁγίων

2278 851 2436 922 ἡμῶν
2469 851 2725 918 Πατέρων
2747 893 2760 915 ,
2797 852 3196 923 παραδοθεῖσαν
3231 853 3363 921 ἡμῖν
3407 851 3508 918 τῆς
3554 850 3722 919 αὐτῆς
3755 849 3860 900 πί-

2280 961 2448 1007 στεως
2476 943 2652 1015 ἀληθῆ
2682 944 2970 1013 δογμάτων
3014 943 3320 1012 ἀκρίϐειαν,
3352 940 3586 1011 ἑτοίμως
3617 941 3857 1011 ἐχόντων

2277 1036 2456 1108 ἡμῶν,
2488 1039 2586 1091 σὺν
2624 1037 2844 1108 εὐδοκία
2871 1036 2962 1089 τοῦ
3011 1037 3168 1103 ἁγίου
3209 1035 3543 1106 Πνεύματος,
3575 1033 3665 1087 διὰ
3696 1033 3857 1085 πλεί-

2279 1144 2419 1180 στων
2449 1126 2589 1180 ὅσων
2638 1125 2950 1196 μαρτυριῶν
3002 1123 3113 1176 τῶν
3149 1123 3213 1175 ἐκ
3267 1122 3375 1174 τῶν
3406 1120 3567 1173 θείων
3620 1118 3857 1189 Γραφῶν

2274 1218 2473 1286 δεῖξαι,
2519 1217 2693 1271 ταῦτα
2731 1217 2905 1279 οὕτως
2964 1213 3130 1284 ἔχειν.
3190 1209 3432 1266 Τούτων⁴
3463 1211 3595 1281 παρ’
3647 1208 3854 1273 αὐτῶν,

2279 1310 2480 1381 μᾶλλον
2502 1309 2558 1364 δὲ
2586 1308 2654 1362 δι’
2678 1308 2857 1362 αὐτῶν
2885 1307 2990 1360 ὑπὸ
3013 1305 3106 1360 τοῦ
3135 1305 3292 1375 άγίου
3318 1303 3457 1358 Πνεύ
3468 1318 3638 1373 ματος
3667 1303 3856 1370 Exem-

2275 1401 2550 1471 νουμένων
2600 1401 2649 1454 οί
2684 1399 2784 1469 τῆς
2823 1397 3076 1461 ἀσεϐείας
3118 1396 3331 1466 Ἀρείου
3371 1392 3812 1462 ἀντιποιούμενοι
3835 1405 3851 1419 ⁸

2272 1486 2412 1563 ἦσαν
2437 1491 2493 1545 δὲ
2523 1491 2663 1558 ὑπὲρ
2697 1489 2954 1543 Εὑσέὅιον
2972 1489 3060 1541 τὸν
3089 1485 3454 1558 Νικομηδείας
3471 1525 3486 1548 ,
3513 1484 3605 1537 καὶ
3625 1484 3856 1551 Θέογνιν

2273 1586 2365 1637 τὶν
2395 1583 2496 1654 τῆς
2539 1581 2776 1646 Νικαίας
2809 1621 2824 1646 ,
2867 1580 2960 1645 οὒς
2991 1579 3302 1650 ἔμπροσθεν
3337 1579 3439 1649 ἤδη
3461 1576 3813 1648 ἐδηλώσαμεν
3833 1588 3851 1603 ⁸

2277 1675 2592 1728 ἀπέϐλεπον
2629 1673 2686 1726 δὲ
2725 1672 2929 1744 ὁμοίως
2963 1673 3042 1736 είς
3079 1673 3204 1736 τοὺς
3266 1669 3572 1740 μισθωτοὺς
3632 1667 3854 1738 Ἀρείου

2273 1765 2602 1834 φιλοσόφους
2636 1766 2787 1828 τινὰς
2817 1764 3028 1833 λογίους
3051 1765 3353 1835 ὑπεράγαν,
3387 1761 3480 1826 οὓς
3513 1761 3855 1832 συνηγόρους

2273 1858 2374 1927 τῆς
2416 1858 2622 1921 οἰκείας
2671 1857 2974 1930 μοχθηρίας
3029 1857 3444 1927 μισθωσάμενος
3481 1855 3720 1925 Ἄρειος,
3751 1853 3853 1904 σὺν

1475 1964 1488 2000 :
1529 1948 1747 2019 impleta
1786 1951 1839 2004 in
1876 1951 1990 2020 ipso
2033 1963 2087 2007 et
2121 1951 2171 2006 in

2275 1949 2458 2011 αὐτοῖς
2491 1942 2624 2014 ἧκεν
2661 1951 2739 2011 εἰς
2773 1951 2874 2019 τὴν
2905 1950 3064 2017 ἁγίαν
3095 1947 3311 2016 ἐκείνην
3343 1947 3436 2000 καὶ
3467 1943 3852 2014 οίκουμενικὴν

2275 2042 2516 2096 σύνοδον.
2553 2041 2815 2111 Παρῆσαν
2847 2041 2956 2111 γὰρ
2985 2039 3229 2093 πλεῖστοι
3269 2039 3384 2092 ὅσοι
3426 2037 3728 2115 φιλόσοφοι,
3768 2035 3852 2096 είς

2272 2133 2363 2198 οὓς
2384 2135 2695 2206 ἠλπικότες,
2713 2132 2788 2198 ('0;
2811 2132 3012 2203 ἀρτίως
3040 2133 3364 2203 εἰρήκαμεν,
3399 2131 3449 2182 οἱ
3466 2131 3563 2198 τῆς
3591 2124 3853 2196 ἀληθείας

2273 2226 2548 2296 πολέμιοι,
2592 2225 2820 2288 εἰκότως
2870 2223 3135 2278 ὲάλωνται
3165 2223 3260 2274 καὶ
3292 2221 3431 2291 μετά
3460 2218 3554 2272 τοῦ
3583 2219 3684 2286 τῆς
3712 2215 3849 2286 βλα-

2274 2319 2519 2390 σφημίας
2562 2317 2744 2370 αὐτῶν
2777 2315 3122 2370 διδασκάλου.
3175 2311 3566 2383 Πληρουμὲνης
3590 2310 3674 2361 ἐπ’
3700 2305 3850 2377 αὐτῷ

2275 2393 2376 2462 καὶ
2414 2409 2595 2461 αύτῶν
2640 2408 2885 2480 [αὐτοῖς]
2927 2407 3025 2478 τῆς
3073 2409 3222 2479 ἱερᾶς
3269 2403 3491 2477 Γραφῆς
3543 2401 3846 2472 λεγούσης·

2285 2519 2304 2551 ι
2347 2500 2781 2574 Ἐπικατάρατος
2807 2503 2912 2565 πᾶς
2943 2501 3252 2572 ἄνθρωπος,
3294 2499 3352 2561 ὃς
3388 2498 3502 2568 ἔχει
3529 2496 3629 2565 τὴν
3655 2491 3851 2546 ἐλπίδα

2276 2592 2440 2645 αὑτοῦ
2465 2594 2552 2646 ἐπ’
2585 2594 2895 2666 ἄνθρωπον,
2929 2595 3023 2648 καὶ
3054 2591 3392 2662 ἀπδΚυρίου
3415 2587 3624 2657 ἀπέστη
3647 2588 3680 2656 ἡ
3710 2601 3850 2652 καρο

2274 2686 2360 2739 δία
2398 2688 2586 2742 αὑτοῦ.
2627 2689 2902 2758 ’Ἀπέστη
2943 2688 3051 2760 γάρ
3083 2687 3250 2749 ὅντως
3292 2685 3401 2738 ἀπὸ
3432 2680 3523 2734 τοῦ
3579 2679 3782 2750 Κυρίου
3811 2675 3851 2748 ἡ

597 2756 922 2831 βλάσφημος
962 2762 1157 2832 καρδία
1201 2762 1294 2816 τοῦ
1331 2763 1600 2834 Θεομάχου
1651 2765 1859 2836 ’Λρείου
1889 2808 1905 2833 ,
1939 2767 2034 2820 καὶ
2065 2771 2170 2823 τῶν
2209 2778 2482 2832 κοινωνῶν
2547 2779 2649 2848 τῆς
2710 2756 2968 2842 ἀσεϐείας
3006 2756 3205 2838 αὐτοῦ,
3254 2774 3460 2844 κτίσμα
3492 2771 3584 2825 καὶ
3638 2769 3854 2838 ποίημα.

592 2850 979 2921 τολμησάντων
1005 2853 1182 2923 λέγειν
1219 2856 1309 2909 τὸν
1339 2855 1466 2909 Υίὸν
1496 2857 1588 2911 τοῦ
1618 2859 1777 2925 Θεοῦ,
1815 2860 1907 2914 τὸν
1975 2863 2194 2920 πάντων
2233 2870 2458 2944 κτίστην
2493 2873 2588 2927 καὶ
2633 2873 2984 2946 δημιουργὸν,
3028 2873 3276 2944 ἀοράτων
3323 2871 3418 2925 καὶ
3486 2865 3697 2939 ὁρατῶν
3726 2880 3851 2917 κτι-

596 2944 741 2998 στῶν
775 2943 1016 3015 φύσεων.

1215 3039 1370 3096 CAP.
1408 3041 1544 3096 XIII.

599 3152 873 3224 Quomodo
907 3172 936 3208 a
967 3154 1288 3223 philosophis
1317 3157 1429 3208 Arii
1459 3157 1687 3224 plurima
1711 3172 1896 3215 contra
1929 3174 2168 3219 sanctam

670 3222 819 3276 illam
849 3222 1252 3293 apostolicorum
1289 3225 1384 3280 Dei
1425 3222 1751 3284 sacerdotum
1773 3235 2026 3302 synodum
2048 3253 2168 3305 pro-
2197 3237 2239 3293 C

667 3311 776 3365 lota
817 3312 1037 3381 fuerint.

673 3425 822 3482 Unus
851 3443 918 3482 ex
952 3429 1301 3484 mercenariis
1352 3430 1457 3487 illis
1499 3431 1611 3486 Arii
1676 3433 2034 3503 philosophis,
2080 3437 2172 3507 qni

598 3533 710 3588 pra:
745 3517 954 3572 caeteris
991 3519 1242 3574 ciuilibus
1274 3521 1616 3596 admirationi
1656 3522 1775 3586 fuit,
1812 3525 2040 3592 plurima
2077 3542 2173 3595 pro

597 3611 729 3664 Ario
759 3620 949 3664 contra
981 3621 1194 3667 nostros
1221 3613 1504 3683 episcopos
1535 3615 1716 3684 plures
1746 3617 1864 3671 dies
1894 3619 2167 3673 disseruit:

596 3702 677 3757 sic
701 3711 759 3756 nt
781 3703 1020 3773 quotidie
1052 3715 1273 3774 propter
1333 3706 1718 3774 disputationis
1739 3707 2045 3762 conflictum
2088 3711 2168 3763 in-

597 3806 730 3864 gens
754 3802 898 3847 esset
927 3808 1222 3848 concursus
1249 3794 1536 3849 multorum
1571 3796 1634 3848 ad
1679 3799 2003 3852 audiemlum
2049 3816 2172 3868 pro-

599 3886 932 3954 perantium.
987 3886 1344 3956 Philosophus
1381 3886 1596 3941 interim
1649 3890 1817 3944 multa
1863 3889 2171 3944 effundebat

597 3977 652 4030 in
692 3993 754 4027 ea
785 3991 904 4044 qlae
938 3991 968 4029 a
1005 3965 1188 4029 sancta
1224 3979 1431 4046 synodo
1465 3977 1808 4040 dicebantur,
1859 3991 2023 4046 atque
2072 3982 2170 4032 ob-

593 4067 826 4136 jiciehat
880 4066 1073 4134 impias
1098 4067 1210 4118 Arii
1242 4068 1604 4135 blasphemias
1634 4070 1698 4121 de
1747 4068 1882 4122 Filio
1925 4069 2040 4135 Dei,
2083 4070 2169 4124 in-

597 4157 794 4226 quiens
834 4167 1045 4224 tempns
1076 4155 1294 4224 aliquod
1351 4157 1518 4210 fuisse
1544 4174 1665 4212 cum
1697 4160 1783 4213 ille
1830 4173 1933 4214 noa
1987 4173 2166 4218 esset:

601 4257 658 4300 et
705 4247 848 4316 quod
907 4258 1120 4300 creatus
1158 4247 1440 4316 factusque
1484 4259 1626 4302 esset
1663 4266 1728 4303 ex
1783 4251 1847 4305 iis
1891 4267 2009 4320 quae
2064 4270 2165 4309 non

596 4348 724 4393 sunt
758 4353 772 4391 :
805 4339 1055 4407 quodque
1086 4339 1310 4392 alterius
1355 4349 1498 4392 esset
1545 4349 1746 4396 natura!
1777 4355 1828 4397 et
1854 4347 2168 4401 substantia:

594 4445 757 4502 qutun
787 4429 969 4483 Pater.
1035 4428 1213 4498 Atque
1249 4431 1362 4484 haec
1388 4431 1612 4485 scelesta
1635 4433 1748 4487 Arii
1773 4435 2022 4503 dogmata
2056 4455 2169 4491 ma-

594 4538 695 4592 gna
727 4522 890 4576 animi
924 4525 1266 4576 contentione
1294 4530 1347 4577 et
1375 4523 1641 4579 orationis
1690 4525 1913 4582 flumine
1963 4545 2162 4599 propn-

593 4616 814 4687 gnabat.
861 4614 994 4668 Cum
1016 4615 1116 4668 hac
1148 4614 1235 4668 ille
1258 4615 1406 4669 rabie
1427 4625 1615 4669 contra
1657 4616 1754 4672 Dei
1784 4617 1977 4674 Filium
2015 4622 2163 4678 fure-

597 4721 702 4776 ret,
727 4721 783 4764 et
796 4719 1104 4764 sanctorum
1133 4706 1352 4763 Patrum
1377 4723 1630 4764 coronam
1650 4713 2007 4769 insectaretur
2023 4715 2168 4770 acri-

593 4811 697 4866 ter,
739 4799 992 4868 loquente
1052 4798 1103 4852 in
1131 4799 1248 4869 ipso
1283 4809 1339 4853 et
1369 4815 1464 4868 per
1495 4799 1666 4870 ipsum
1700 4804 1950 4858 humanae
1977 4804 2169 4861 salutis

593 4894 750 4947 hoste
810 4899 1090 4946 :econtra
1148 4890 1395 4945 veritatis
1454 4881 1879 4963 propugnatores
1930 4897 2169 4966 episcopi

592 4983 765 5038 nostri
808 4987 1044 5038 rationes
1067 4983 1453 5039 convenientes
1508 4994 1562 5038 et
1602 4987 1859 5042 decentes
1897 5003 1994 5058 pro
2034 5005 2169 5060 apo-

595 5075 805 5130 stolicis
834 5075 1102 5144 degmalis
1118 5075 1237 5129 sine
1264 5077 1492 5129 tumultu
1519 5087 1572 5130 et
1598 5079 1826 5147 strepitu
1845 5082 2164 5149 ριιίιυεονιιο

592 5177 980 5236 opposuerunt,
1017 5182 1267 5232 magnum
1295 5167 1442 5220 illuni
1473 5167 1786 5237 prophetam
1821 5169 1977 5239 juxta
2003 5182 2054 5226 et
2082 5189 2165 5226 re-

593 5274 711 5330 gem
744 5257 993 5310 Davidem
1027 5258 1244 5322 imitati,
1291 5259 1595 5313 dicentem:
1631 5259 1889 5316 «Paratus
1921 5278 2062 5328 sum,
2111 5274 2164 5318 et

592 5365 699 5406 non
730 5364 849 5403 sum
899 5350 1142 5404 turbatus
1198 5349 1264 5404 ³⁷.
1310 5369 1330 5402 ι
1390 5349 1592 5406 Omnes
1641 5351 1785 5405 enim
1827 5365 2075 5410 versatas
2110 5367 2164 5409 et

592 5440 896 5509 implicatas
937 5440 1282 5511 philosophiae
1317 5442 1575 5504 rationes,
1611 5459 1706 5497 ceu
1739 5455 1947 5514 stupas,
1997 5447 2166 5500 divini

590 5533 740 5587 verbi
765 5532 975 5584 flamma
1013 5533 1449 5602 absumpserunt.
1513 5533 1710 5588 Verum
1754 5534 1842 5590 ille
1902 5536 2166 5589 diabolica

593 5626 880 5680 verborum
906 5635 1020 5679 arte
1045 5625 1237 5688 fretus,
1265 5616 1613 5693 pra-dicatam
1640 5629 1706 5680 ab
1731 5629 1998 5698 epis'COpis
2024 5629 2168 5682 veri-

593 5727 757 5774 latent
784 5733 979 5771 vexare
1012 5735 1130 5771 non.
1176 5720 1358 5785 desiit,
1415 5719 1592 5786 facile,
1627 5729 1684 5774 ut
1733 5721 1979 5790 putabat,
2039 5735 2162 5774 cum

656 5872 703 5907 ³⁸
735 5871 869 5930 Cum
903 5873 1007 5928 sive
1033 5885 1245 5948 praeter.
1328 5874 1371 5906 ³⁸
1399 5872 1600 5930 Jerem.
1631 5890 1762 5942 χιιι,
1801 5874 1851 5934 I.

2870 3053 3123 3108 ΚΕΦΛΛ.
3159 3051 3258 3106 11".

2279 3166 2470 3224 Ὀποῠ
2486 3168 2603 3224 ἀπὸ
2625 3170 2701 3224 τῶ
2709 3188 2740 3220 ν
2752 3171 3104 3239 φιλοσόφων
3119 3160 3530 3240 ’ᾼρείουζκαςὰ
3551 3159 3664 3240 ζῆς
3675 3159 3854 3240 ἁγίας

2341 3241 2578 3306 ἐκείνης
2626 3228 2770 3294 τῶν’
2800 3228 3221 3293 ἁποσὲολικῶὶο
3284 3233 3391 3306 τοῦ
3445 3229 3594 3285 Θεοῦ
3648 3228 3856 3298 ἱερέων

2345 3305 2637 3376 συνόδου,
2659 3310 2915 3366 πλεῖστα
2955 3309 3072 3362 ὅσα
3108 3305 3562 3374 ἀποφθέγγεται.

2344 3421 2441 3490 Εἷς
2471 3425 2523 3479 δέ
2541 3444 2626 3490 τις
2655 3425 2764 3479 τῶν
2803 3421 3092 3496 μισθωτῶν
3145 3419 3354 3493 Ἀρείου
3391 3417 3702 3488 φιλόσοφος,
3726 3417 3856 3470 λίαν

2217 3515 2220 3518 ’
2273 3519 2424 3588 παρά
2452 3518 2659 3581 πάντας
2691 3518 2816 3579 τοὺς
2853 3516 3046 3578 ἄλλους
3073 3513 3510 3584 θαυμαζόμενος,
3553 3512 3722 3565 πολλά
3752 3511 3857 3564 καὶ

2273 3611 2567 3682 πάμπολλα
2617 3609 2758 3680 ὑπὲρ
2793 3608 3001 3679 Ἀρείου
3036 3607 3173 3676 πρὸς
3204 3606 3328 3668 τοὺς
3358 3605 3690 3668 ἐπισκόπους
3718 3606 3856 3666 τοὺς

2272 3703 2576 3774 ἡμετέρους
2590 3701 2876 3755 διετείνετο
2898 3700 2992 3752 επὶ
3019 3699 3279 3760 πλείστας
3301 3699 3430 3759 ὅσας
3455 3697 3686 3768 ἡμέρας.
3704 3694 3855 3749 ὥστε

2270 3796 2515 3866 γίνεσθαι
2534 3795 2617 3864 ἐφ’
2646 3795 2883 3866 ἑκάστης
2899 3795 2962 3846 ἐκ
2981 3793 3077 3862 τῆς
3114 3791 3201 3843 διὰ
3229 3791 3337 3842 τῶν
3366 3790 3537 3855 λόγων
3570 3786 3854 3857 συμϐολῆς

2272 3888 2517 3958 μεγάλην
2553 3877 2818 3958 ἀκρόασιν
2867 3883 2960 3936 τοῦ
3002 3883 3238 3952 πλήθους
3271 3880 3377 3932 τῶν
3414 3879 3849 3950 συνερχομένων.

2283 3978 2734 4047 Ἐπισυγχέοντος
2771 3975 2923 4029 τοῦδε
2948 3975 3240 4044 φιλοσόφου
3271 3971 3411 4023 κατά
3440 3971 3548 4022 τῶν
3577 3970 3725 4040 παρὰ
3750 3972 3853 4041 τῆς

2269 4071 2429 4138 ἁγίας
2450 4069 2668 4122 συνόδου
2689 4069 3016 4140 λεγομένων,
3035 4067 3132 4130 τὰς
3151 4066 3364 4128 ἀσεϐεῖς
3381 4063 3591 4135 ’Λρείου
3610 4063 3854 4133 βλασφη-

2271 4163 2400 4231 μίας
2445 4161 2908 4232 προόαλλομένου,
2933 4160 3183 4228 λέγοντος
3208 4175 3272 4210 πε
3283 4159 3334 4227 pi.
3357 4155 3447 4209 τοῦ
3481 4156 3616 4208 Θεοῦ
3642 4157 3719 4221 τὸ,
3737 4152 3851 4208 Ἦν

2267 4269 2398 4306 ποτε
2429 4255 2517 4307 ὅτε
2555 4253 2654 4306 οὐκ
2690 4249 2756 4324 ἦν
2780 4269 2793 4283 ·
2832 4254 2926 4306 κα)⁴
2955 4253 3034 4305 ὄτι
3058 4251 3265 4320 κτίσμα
3286 4251 3377 4302 καί
3410 4249 3620 4318 ποίημα
3650 4248 3709 4312 ἐξ
3740 4249 3845 4301 οὐκ

2265 4344 2434 4398 ὄντων
2457 4385 2472 4410 ,
2507 4346 2595 4398 καὶ
2635 4343 2692 4408 ἐξ
2737 4345 2927 4416 ὲτέρας
2966 4341 3154 4406 οὐσίας
3198 4343 3292 4395 καὶ
3323 4339 3674 4404 ύποστάσεώς
3703 4340 3844 4392 ἐστι.

2268 4438 2378 4491 Καὶ
2426 4437 2566 4509 ὑπὲρ
2622 4436 2824 4489 τούτων
2873 4435 2982 4487 τῶν
3035 4432 3248 4505 μιαρῶν
3299 4432 3586 4503 δογμάτων
3633 4432 3845 4502 Ἀρείου

2269 4529 2436 4593 πολύς
2463 4525 2531 4601 ἦν
2575 4527 2722 4599 αὐτῷ
2750 4530 2778 4580 ό
2811 4525 2981 4596 ἀγὼν,
3021 4527 3110 4580 καὶ
3140 4526 3197 4578 αἱ
3223 4525 3332 4577 τῶν
3391 4524 3566 4592 λόγων
3597 4523 3841 4592 νιφάδες.

2268 4623 2579 4684 Λυττῶντος
2603 4620 2766 4674 αὐτοῦ
2795 4619 2935 4672 κατά
2964 4617 3058 4672 τοῦ
3082 4617 3214 4670 Υἱοῦ
3238 4617 3329 4670 τοῦ
3360 4616 3517 4679 Θεοῦ,
3548 4619 3640 4669 καὶ
3664 4633 3843 4668 κατα-

2265 4713 2551 4787 τρέχοντος
2573 4711 2668 4765 τοῦ
2693 4711 2799 4765 τῶν
2829 4710 3002 4779 ἁγίων
3038 4711 3228 4780 ἱερέων
3261 4708 3483 4762 ἐκείνων
3516 4707 3702 4780 χοροῦ,
3733 4708 3834 4761 λα-

2267 4806 2484 4871 λοῦντος
2509 4807 2567 4858 ὲν
2593 4803 2761 4875 αύτῷ,
2797 4803 2893 4857 καὶ
2925 4802 2992 4856 δι’
3042 4801 3206 4856 αὐτοῦ
3238 4800 3329 4854 τοῦ
3358 4801 3457 4871 τῆς
3490 4800 3598 4854 τῶν
3633 4799 3845 4870 ἀνθρώ-

2272 4915 2390 4950 πων
2426 4895 2696 4966 σωτηρίας
2724 4892 2917 4965 ἐχθροῦ
2941 4910 2956 4926 ο
2997 4894 3045 4947 οί
3075 4893 3134 4947 δὲ
3169 4893 3278 4964 τῆς
3303 4891 3564 4961 ἀληθείας
3589 4891 3846 4962 ὑπερμα-

2269 5006 2374 5059 χοι,
2411 4990 2459 5040 οἱ
2513 4987 2771 5058 ἡμέτεροι
2818 4985 3132 5048 ἐπίσκοποι,
3194 4985 3295 5048 τάς
3354 4983 3716 5058 ὀφειλομένας
3747 4985 3843 5039 καὶ

2273 5077 2592 5148 πρεπούσας
2639 5076 2779 5146 ὑπὲρ
2810 5076 2917 5129 τῶν
2964 5073 3334 5128 ἁποστολικῶν
3376 5073 3662 5144 δογμάτων
3694 5075 3846 5127 ἀντι-

2273 5169 2449 5232 θέσεις
2495 5169 2782 5240 ἀταράχως
2841 5167 2915 5238 τῷ
2969 5165 3242 5236 φιλοσόφῳ
3307 5167 3689 5237 προσέφερον·
3748 5165 3844 5219 τὸν

2274 5261 2446 5330 μέγαν
2495 5265 2780 5330 προφήτην
2810 5257 2945 5329 ὁμοῦ
2977 5259 3070 5310 καὶ
3103 5257 3328 5328 βασιλέα
3366 5256 3528 5310 Δαυῖδ
3563 5255 3841 5327 μιμούμε-

2268 5369 2369 5415 νοι,
2405 5352 2656 5420 λέγοντα⁶
2695 5369 2712 5402 ι
2767 5351 3156 5420 Ἠτοιμάσθην,
3198 5350 3293 5402 καὶ
3317 5349 3418 5402 οὐκ
3450 5349 3781 5420 ἐταράχθην.
3817 5367 3836 5398 ι

2268 5445 2454 5506 uasa;
2494 5444 2603 5515 γὰρ
2657 5443 2753 5506 τάς
2783 5441 2878 5494 τοῦ
2906 5441 3198 5511 φιλοσόφου
3236 5440 3609 5502 πολυπλόκους
3636 5439 3842 5509 προτά-

2263 5553 2395 5598 σεις,
2426 5535 2499 5596 ὡς
2529 5535 2685 5604 πυρὶ,
2713 5534 2791 5604 τῷ
2814 5533 2941 5603 θείῳ
2971 5531 3134 5602 λόγῳ,
3165 5531 3462 5584 στυππείου
3492 5531 3670 5601 δίκην,
3707 5546 3844 5582 κατ-

2262 5626 2572 5698 ανήλισκονζ
2623 5625 2785 5678 Ἀλλὰ
2845 5625 2940 5679 καὶ
2988 5618 3144 5686 οὗτος
3191 5623 3219 5674 ὁ
3277 5623 3568 5693 φιλόσοφος
3615 5626 3683 5692 τῇ
3729 5622 3840 5673 τῶν

2261 5718 2435 5786 λόγων
2465 5716 2746 5789 διαϐολικῇ
2776 5717 3028 5790 εὐτεκνίᾳ
3068 5714 3308 5786 θαρρῶν,
3338 5717 3438 5786 τὴν
3470 5714 3558 5770 διὰ
3579 5713 3687 5768 τῶν
3715 5712 3847 5765 ἐπι-⁷

1931 5875 1972 5907 ³⁷
2009 5873 2156 5930 Psal.
2182 5890 2371 5941 cxvtn,
2397 5875 2487 5930 60.
