4148 6544
367 414 501 479 2253
522 386 527 389 ἵ

1244 410 1609 471 HISTORIA
1644 408 1981 469 CONCILII
2022 408 2334 469 ΝΙΟΕΝΙ.
2374 434 2443 445 -
2478 410 2625 471 LIB.
2666 411 2747 470 II.

3490 408 3623 474 1254

366 528 587 578 σκόπων
638 522 901 594 ἀλήθειαν
976 524 1387 593 κηρυττομὲντμ
1450 519 1810 586 ἀντιτοξεύειν
1862 522 1940 570 ἐν-

2052 521 2243 589 quovis
2278 520 2434 573 obvio
2464 536 2656 573 manus
2691 535 3007 584 conserens,
3046 520 3345 577 dissolvere
3412 522 3623 576 niteba—

366 620 569 672 ίστατο³
607 624 664 669 ε)
702 616 846 685 μάλα
879 616 1052 685 ρᾷετα
1086 616 1220 666 πᾶσι
1251 616 1362 675 τοῖς
1383 615 1737 681 ἐπαγομένοις
1767 610 1937 681 αὐτῷ,

362 712 435 773 ὡς
485 708 641 779 ᾤετο,
692 706 1156 778 προσφερόμενος,
1205 702 1445 757 ἐπιλύειν
1484 720 1541 755 τε
1576 704 1835 769 ἐϐιάζετο
1870 704 1938 757 τά

363 800 657 871 κινούμενα
694 799 850 869 δίκην
879 797 1134 867 ἐγχέλυος
1156 812 1169 825 ο
1200 797 1257 849 ἐν
1285 791 1365 859 οἷς
1402 797 1511 866 γάρ
1559 796 1736 849 ἐδόκει
1763 796 1940 866 ἐαυτῷ

366 891 760 956 συνίστασθαι,
838 889 1209 941 διολισθαίνων
1279 887 1386 939 τῶν
1467 888 1941 959 ἐπικρατεστέρων

366 981 516 1051 αὐτῷ
569 978 1027 1051 προσφερομένων
1058 976 1371 1047 νοημάτων.
1425 977 1587 1030 ’Λλλά
1632 980 1723 1031 καὶ
1769 977 1941 1041 οὕτως

367 1073 740 1145 κορυϐαντιῶν
782 1070 1121 1134 άλαζονικῶς
1161 1071 1303 1124 κατά
1363 1071 1461 1141 τῆς
1510 1072 1941 1142 είρηνικωτάτης

369 1166 587 1219 συνᾷδον
628 1164 872 1235 ἐφέρετο,
905 1161 1141 1223 ἐλπίζων
1174 1162 1331 1231 νικᾷ-ι
1357 1162 1450 1214 τοῦ
1491 1164 1549 1214 ἐν
1575 1163 1757 1224 αὐτοῖς
1789 1163 1944 1215 ἀντί-

369 1272 494 1309 στου
520 1254 837 1324 Πνεῦματος
884 1250 1119 1323 Χριστοῦ
1147 1252 1245 1321 τὴν
1301 1254 1727 1321 ἁκαταμάχητον
1782 1251 1943 1304 δύνα-

366 1364 479 1417 μιν,
511 1347 575 1401 ἐκ
620 1345 728 1398 τῶν
760 1344 979 1397 οἰκείων
1014 1344 1275 1413 ῥημάτων
1319 1344 1675 1414 ἁλισκόμενος
1705 1362 1941 1413 συγκατ-

364 1439 628 1491 έπιπτεν·
670 1436 755 1489 ἴνα
798 1435 945 1506 δείξῃ
973 1434 1160 1500 δ’Θεὸς
1208 1436 1236 1488 ό
1277 1435 1643 1507 δρασσόμενος
1672 1438 1799 1500 τοὺς
1850 1454 1940 1489 σο-

361 1530 496 1599 φοὺς
547 1530 605 1581 ἐν
662 1530 726 1600 τῇ
781 1528 1086 1599 πανουργίᾳ.
1116 1529 1333 1586 αὐτῶν.
1378 1530 1461 1582 ὅτι
1512 1529 1613 1582 οὐκ
1654 1531 1711 1582 ἐν
1739 1529 1939 1601 λόγῳὴ

362 1621 612 1693 βασιλεία
641 1618 829 1680 αὐτοῦ,
858 1619 973 1673 ἀλλ’
1005 1621 1062 1672 ἐν
1090 1620 1318 1691 δυνάμει
1351 1619 1687 1684 συνίσταται,
1714 1621 1781 1675 δι’
1822 1622 1940 1686 ἐνὸς

360 1712 470 1765 τῶν
529 1714 712 1765 ἐκεῖσε
764 1710 969 1764 δούλων
1021 1711 1186 1765 αὐτοῦ
1232 1710 1323 1763 τὸν
1350 1713 1407 1765 ἐν
1438 1712 1514 1782 τῷ
1542 1712 1817 1785 φιλοσόφῳ
1841 1714 1940 1768 λα-

361 1802 557 1858 λοῦντα
608 1804 841 1873 πονηρὸν
885 1802 1116 1872 δαίμονα
1173 1804 1412 1875 ίσχυρῶς
1446 1805 1830 1879 κατεσίγησεν,
1878 1809 1939 1861 οὐ

364 1894 547 1964 μόνον,
588 1893 724 1947 ἀλλὰ
761 1894 857 1947 καὶ
902 1893 1180 1957 ἐξέϐαλεν.
1225 1895 1391 1967 ’Λνὴρ
1440 1896 1550 1968 γάρ
1606 1915 1691 1961 τις
1724 1901 1789 1952 ἐκ
1832 1900 1940 1953 τῶν

361 1990 644 2057 παρόντων
676 1989 740 2058 τῇ
776 1986 987 2056 συνόδῳ
1018 1988 1187 2056 ἁγίων
1219 1989 1586 2059 όμολογητῶν,
1609 1991 1812 2056 ἁπλοῦς
1841 1993 1940 2065 τὴν

362 2076 546 2148 φύσιν,
578 2078 735 2149 εῐπερ
755 2095 838 2142 τις
866 2077 1026 2142 ἀλλος
1056 2080 1163 2131 τῶν
1210 2080 1403 2148 ἁγίων,
1440 2084 1535 2135 καὶ
1562 2083 1731 2153 μηδὲν
1753 2086 1839 2138 ἐτε
1852 2105 1941 2154 ρον

361 2166 517 2231 είδὼς
538 2169 585 2221 ιί
621 2168 695 2239 μὴ
729 2168 938 2238 Ἰησοῦν
969 2171 1223 2242 Χριστὸν,
1261 2174 1353 2225 καὶ
1374 2172 1563 2227 τοῦτον
1590 2176 1935 2248 ἐπαυρωμέ-
1974 2216 1975 2219 η

361 2276 470 2313 νων
502 2262 686 2330 σαρκὶ,
708 2262 847 2316 κατά
864 2262 963 2327 τάς
981 2264 1222 2335 Γραφάς,
1254 2266 1429 2320 συνὼν
1458 2270 1572 2332 τοῖς
1596 2269 1938 2335 ἐπισκόποις,

362 2351 457 2403 καὶ
484 2352 512 2404 ό
519 2352 627 2421 ρῶν
650 2352 740 2405 τὸν
753 2353 1040 2423 φιλόσοφον
1054 2373 1124 2408 κα
1133 2373 1288 2410 τεπαι
1297 2359 1355 2429 ρό
1361 2376 1395 2429 μ
1405 2375 1523 2413 ενον
1534 2359 1643 2413 τῶν
1660 2362 1941 2432 ἡμετέρων

364 2442 534 2511 ἁγίων
562 2444 900 2511 ἐπισκόπων,
942 2447 1037 2500 καὶ
1068 2450 1131 2519 τῇ
1167 2449 1418 2521 μοχθηρᾷ
1449 2451 1617 2505 αὑτοῦ
1640 2452 1941 2525 συζητήσει

362 2534 946 2608 καταλαζονευόμενον,
986 2542 1128 2593 αἰτεῖ
1162 2542 1314 2613 παρά
1338 2543 1446 2596 τῶν
1480 2545 1804 2599 ἐπισκόπων
1832 2546 1942 2600 τῶν

362 2627 457 2681 τοῦ
477 2629 607 2682 Θεοῦ
650 2631 840 2702 ίερέων
865 2634 1047 2703 χώραν
1080 2634 1231 2704 αὐτῴ
1266 2636 1580 2708 συνομιλίας
1601 2639 1731 2710 παρ’
1761 2640 1940 2694 αὐτῶν

364 2724 502 2789 πρὸς
523 2720 612 2772 τὸν
634 2721 922 2791 φιλόσοφον
953 2722 1195 2795 δοθῆναι.
1226 2727 1359 2780 Τότε
1390 2729 1439 2781 el
1465 2729 1587 2783 καθ’
1612 2732 1757 2801 ἡμᾶς
1795 2732 1941 2801 ἅγιοι

364 2811 654 2867 ἐπίσκοποι
680 2808 1029 2886 θεωροῦντες
1068 2817 1163 2871 τοῦ
1214 2821 1408 2892 ἀνδρὸς
1458 2822 1556 2893 τὴν
1617 2825 1897 2895 ἁπλότητα
1923 2865 1937 2891 ,

364 2903 456 2956 καὶ
489 2902 549 2956 τὸ
579 2903 804 2975 ἄπειρον
832 2905 993 2960 αὐτὸν
1025 2903 1164 2962 εἶναι
1197 2912 1565 2982 γραμμάτων,
1604 2913 1827 2967 ἔπειθον
1861 2917 1936 2987 μὴ

362 2994 548 3049 δοῦναι
586 2997 781 3050 ἐαυτὸν
810 2999 911 3078 εἰς⁸
945 2998 1006 3053 τὸ
1038 3002 1223 3071 μέσον,
1261 3004 1475 3075 μήποτε
1517 3006 1670 3077 παρά
1699 3011 1811 3070 τοῖς
1848 3026 1943 3079 μου

363 3086 608 3158 χθηροίς,
639 3090 733 3141 καὶ
771 3090 872 3161 τῆς
907 3090 1170 3162 ἀληθείας
1201 3095 1437 3165 ἐχθροῖς,
1475 3097 1648 3165 γέλως
1692 3098 1937 3171 γένηται.

377 3177 436 3231 Ὀ
462 3178 517 3230 δὲ
555 3178 631 3248 μὴ
674 3181 1043 3252 ἀνασχόμενος
1078 3184 1330 3253 πρόσεισι
1361 3185 1438 3256 τῷ
1479 3189 1755 3260 φιλοσόφῳ
1778 3230 1793 3253 ,
1844 3192 1938 3244 καί
1966 3217 2007 3273 C

362 3285 499 3339 φησι
542 3270 676 3341 πρὸς
707 3271 868 3325 αὐτόν
890 3285 904 3301 ⁸
962 3272 1050 3327 Ἑν
1089 3273 1316 3345 ὀνόματι
1367 3278 1545 3348 Ἰησοῦ
1576 3280 1813 3350 Χριστοῦ
1843 3282 1937 3336 τοῦ

361 3360 453 3413 ἀεὶ
474 3361 572 3441 σὺν
602 3359 679 3431 τῷ
710 3362 887 3433 ῐΙατρλ⁸
912 3362 1064 3426 ὄντος
1094 3364 1229 3417 Θεοῦ
1255 3364 1454 3433 Λόγου,
1482 3367 1714 3420 ἄκουσον
1748 3372 1816 3423 τὰ
1841 3372 1939 3441 τῆς

362 3440 622 3521 ἀληθείας
668 3452 950 3523 δόγματα,
993 3447 1038 3505 ὦ
1069 3454 1352 3525 φιλόσοφε.
1400 3456 1457 3510 Ὀ
1489 3457 1544 3510 δὲ
1581 3461 1717 3528 πρὸς
1746 3440 1935 3513 αὐτόν·

376 3540 504 3593 Ἐάν
523 3540 716 3604 εἴποις.
742 3543 850 3595 Καὶ
866 3546 894 3595 ό
917 3542 1071 3611 ἆγιος
1096 3544 1227 3614 πρὸς
1246 3544 1427 3598 αὐτόν·
1456 3540 1551 3609 Εἷς
1576 3548 1724 3601 ἐστιν
1742 3551 1768 3601 ό
1788 3550 1939 3615 Θεὸς,

366 3634 550 3703 φησιν,
598 3636 627 3685 ὁ
670 3634 760 3685 τὸν
796 3634 1045 3705 οὐρανὸν,
1079 3638 1173 3688 καὶ
1209 3636 1307 3707 τὴν
1339 3638 1466 3707 γῆν,
1503 3638 1595 3690 καὶ
1626 3638 1724 3710 τὴν
1751 3640 1937 3693 θάλασ-

366 3744 488 3791 σαν,
531 3728 625 3779 καὶ
670 3731 739 3780 τὰ
770 3729 827 3779 ἐν
859 3730 1045 3791 αὐτοῖς
1078 3729 1256 3783 πάντα
1298 3730 1710 3804 δημιουργήσας
1735 3772 1751 3797 ,
1795 3736 1821 3786 ό
1850 3736 1941 3788 καὶ

361 3819 453 3871 τὸν
486 3819 773 3888 ἄνθρωπον
804 3823 866 3873 ἐκ
904 3823 1008 3891 γῆς
1036 3820 1362 3885 διαπλάσας,
1396 3824 1742 3895 ὑπεστήσατό
1778 3843 1835 3878 τε
1874 3827 1941 3880 τά

363 3911 543 3963 πάντα
574 3911 648 3980 τῷ
680 3912 837 3980 Λόγῳ
859 3912 1045 3977 αὑτοῦ,
1082 3916 1176 3965 καὶ
1200 3914 1277 3982 τῷ
1305 3914 1448 3984 ἁγίῳ
1476 3916 1775 3987 [Ινεύματι.
1801 3917 1939 3970 Τοῦ-

361 4017 454 4052 τον
478 4001 569 4053 τὸν
594 4003 786 4070 Λόγον,
822 3996 866 4054 ὦ
900 4003 1179 4072 φιλόσοφε,
1222 4004 1357 4057 Θεοῦ
1382 4005 1510 4059 Υίὸν
1544 4008 1707 4077 ἡμεῖς
1741 4008 1940 4072 εἰδότες

364 4094 778 4162 προσκυνοῦμεν
800 4134 813 4157 ,
850 4094 1198 4158 πιστεύοντες
1229 4096 1316 4150 διά
1348 4098 1447 4167 τὴν
1474 4101 1756 4169 ἡμετέραν
1801 4103 1938 4152 ἀπο-

364 4182 634 4252 λύτρωσιν
668 4188 731 4238 ἐκ
762 4185 1038 4255 Παρθένου
1072 4189 1235 4241 αὑτὸν
1272 4192 1679 4262 σεσαρκῶσθαι,
1715 4194 1811 4246 καὶ
1849 4211 1940 4246 τε-

363 4277 555 4346 τέχθαι
593 4279 687 4330 καὶ
714 4277 1218 4349 ἐνηνθρωπηκέναι,
1255 4282 1349 4334 καὶ
1374 4282 1461 4335 διὰ
1496 4282 1588 4335 τοῦ
1614 4287 1711 4354 τῆς
1740 4286 1939 4356 σαρκὸς

364 4366 532 4421 αὑτοῦ
577 4369 785 4431 πάθους
826 4368 921 4421 τοῦ
964 4372 1021 4422 ἐν
1054 4371 1131 4441 τῷ
1186 4374 1407 4443 σταυρῷ
1442 4374 1658 4428 καὶτοῦ
1709 4376 1938 4431 θανάτου

362 4459 800 4529 ἠλευθερωκέναι
829 4460 994 4513 αὑτὸν
1024 4463 1271 4531 ήμᾶςέκ
1304 4465 1399 4533 τῆς
1434 4468 1650 4519 αἱωνῖου
1676 4469 1939 4539 κατακρί-

2047 625 2136 666 ιιιι·
2164 614 2405 679 objeetas
2439 613 2787 681 quaestiones,
2820 629 2886 666 es
2930 614 3265 680 argumentis
3298 614 3461 668 etiam
3512 614 3623 668 for—

2046 705 2295 765 tioribus.
2338 705 2537 772 quilms
2566 705 2861 773 constringi
2891 704 2993 759 sibi
3041 706 3137 774 ipsi
3198 706 3499 767 videbatur,
3540 707 3623 760 irr-

2047 808 2163 851 star
2198 797 2449 863 anguilla:
2471 796 2711 850 elabens.
2773 795 2927 849 Licet
2965 798 3029 848 ad
3071 796 3212 851 hunc.
3258 797 3347 851 ille
3406 799 3623 852 modum

2045 888 2252 951 furens,
2288 887 2456 941 multo
2488 889 2625 941 fastu
2678 888 2732 941 in
2792 887 3138 955 tranquillam
3175 890 3443 958 synodum
3500 905 3622 945 sese

2047 979 2270 1036 inferret
2302 979 2639 1044 insolentius,
2670 978 2990 1033 existimans
3035 994 3094 1033 se
3120 982 3333 1034 vincere
3358 996 3516 1051 posse
3550 982 3626 1036 in-

2043 1072 2241 1126 victam
2270 1071 2491 1125 inereati
2539 1071 2775 1140 Spiritus
2810 1069 3011 1124 Christi
3040 1070 3129 1139 qui
3172 1072 3222 1124 in
3253 1071 3319 1124 iis
3345 1084 3486 1131 erat,
3531 1088 3628 1142 po-

2044 1162 2303 1224 tentiam,
2331 1175 2397 1215 ex
2434 1163 2549 1215 suis
2580 1162 2751 1230 ipsius
2782 1160 2961 1215 verbis
3009 1164 3288 1216 convictus
3346 1165 3645 1220 sucrnbuit'

2047 1252 2297 1305 tamlem:
2329 1259 2388 1306 ut
2417 1254 2727 1306 ostenderet
2762 1252 2922 1316 Deus,
2956 1252 3045 1322 qui
3071 1253 3485 1323 comprehendit
3533 1271 3625 1309 sa-

2045 1341 2257 1411 pientes
2284 1343 2336 1395 in
2362 1342 2557 1395 astutia
2594 1358 2780 1397 eorum
2820 1345 2885 1408 ³⁸,
2932 1344 3074 1414 quod
3101 1360 3204 1397 non
3256 1345 3308 1397 in
3345 1362 3621 1412 sermone,

2044 1433 2138 1487 sed
2174 1432 2226 1485 in
2270 1433 2472 1486 virtute
2524 1450 2745 1503 regnum
2776 1436 2943 1503 ipsius
2971 1436 3133 1488 sitnrn
3176 1436 3269 1496 sit.
3301 1452 3398 1504 per
3433 1433 3625 1505 quem-

2043 1522 2163 1574 dam
2192 1537 2256 1575 ex
2282 1523 2452 1576 servis
2488 1523 2601 1576 suis
2622 1525 2710 1592 qui
2746 1525 2856 1579 illic
2889 1525 3136 1591 aderant,
3188 1528 3386 1581 madum
3418 1531 3625 1581 daemo-

2042 1625 2165 1664 nem
2200 1611 2252 1663 in
2278 1610 2599 1681 plriloSOplro
2646 1612 2952 1682 loquentem
2988 1632 3092 1670 nou
3124 1617 3297 1672 solum
3337 1618 3626 1686 imperiose

2045 1710 2228 1755 tacere
2280 1704 2468 1772 jussit,
2510 1720 2713 1759 verum
2763 1707 2927 1761 etiam
2988 1710 3147 1779 ejerit
3192 1710 3335 1765 inde.
3394 1711 3623 1777 Quidum

2042 1795 2185 1847 enim
2215 1811 2279 1849 ex
2325 1798 2528 1851 sanctis
2571 1798 2979 1854 confeSsoribus
3028 1804 3119 1870 qui
3177 1806 3385 1874 synodo
3450 1808 3623 1859 inter-

1975 1873 2015 1927 Β
2044 1898 2221 1949 erant,
2254 1888 2335 1939 vir
2380 1890 2603 1955 simplex
2642 1902 2832 1944 natura
2862 1903 2915 1945 et
2943 1908 3184 1962 apertus,
3226 1896 3270 1948 si
3337 1898 3459 1964 quis
3486 1898 3625 1953 alius

2043 1993 2106 2033 ex
2126 1996 2189 2031 eo
2213 1990 2375 2041 metu,
2402 1981 2492 2048 qui
2527 1981 2657 2034 nihil
2678 1982 2822 2035 aliud
2855 1998 3073 2040 noverat
3102 1998 3297 2055 pra-ter
3321 1989 3619 2054 Christum,

2044 2080 2097 2122 et
2139 2069 2279 2121 hunc
2305 2071 2625 2123 cruciﬁxum
2675 2071 2725 2123 iu
2752 2088 2937 2137 carne,
2970 2078 3615 2147 secundmnScripturas:

2043 2176 2161 2217 cum
2198 2178 2299 2215 una
2330 2179 2451 2216 cum
2503 2165 2773 2234 episcopis
2804 2179 2965 2231 esset,
3013 2179 3066 2222 et
3115 2170 3324 2225 videret
3377 2173 3619 2242 philoso-

2044 2254 2206 2322 phum
2235 2253 2585 2309 insultautem
2616 2258 2720 2325 piis
2743 2261 2944 2312 nostris
2964 2261 3256 2329 episcopis,
3288 2273 3343 2318 et
3373 2266 3619 2333 disputa-

2046 2345 2211 2399 tionis
2240 2347 2475 2400 versutia
2528 2363 2650 2403 sese
2692 2349 3012 2414 iactantem,
3043 2356 3210 2420 poscit
3257 2357 3326 2410 ab
3350 2357 3621 2427 episeopis

2046 2434 2137 2489 Dei
2198 2437 2581 2491 sacerdotibus
2650 2440 2856 2493 veniam
2915 2442 3258 2511 colloquendi
3286 2455 3340 2501 et
3393 2464 3623 2518 congre-

2044 2525 2221 2580 diendi
2261 2542 2382 2579 cum
2444 2528 2787 2597 philosopho.
2866 2532 3001 2587 Tum
3071 2551 3199 2589 vero
3227 2538 3465 2609 episcolri
3523 2560 3619 2596 no-

2042 2619 2141 2673 etri
2175 2633 2297 2674 cum
2355 2619 2755 2690 simplicitatem
2818 2624 2916 2679 viri
2944 2634 2998 2679 et
3051 2626 3351 2681 litterarum
3397 2632 3619 2701 imperi-

2000 2698 2171 2765 Niam
2238 2712 2503 2775 viderent,
2576 2716 2882 2770 suadebant
2941 2718 2991 2771 ei
3061 2721 3112 2772 in
3192 2722 3431 2776 medium
3509 2742 3620 2781 non

2045 2804 2283 2873 prodire,
2335 2820 2400 2858 ue
2434 2804 2571 2860 forte
2613 2806 2681 2859 ali
2725 2808 2986 2876 improbis
3045 2821 3101 2865 et
3146 2814 3389 2868 veritatis
3441 2817 3617 2871 hosti-

2044 2897 2143 2951 hus
2177 2896 2517 2951 irrideretur.
2582 2898 2671 2952 llle
2715 2916 2835 2955 eum
2891 2905 3169 2956 continere
3228 2920 3286 2959 se
3324 2922 3427 2960 non
3489 2924 3616 2977 pos-

2043 2999 2159 3054 set,
2216 2990 2592 3058 philosolihuur
2643 2993 2976 3059 aggreditur,
3020 3006 3073 3049 et
3120 2995 3186 3049 ad
3233 3012 3354 3051 eum
3405 2999 3614 3068 inquit:

2044 3080 2098 3133 lu
2151 3082 2365 3136 nomine
2418 3082 2541 3136 Jesu
2597 3082 2795 3139 Christi
2848 3084 2939 3140 Dei
2990 3085 3148 3141 Verbi
3215 3104 3429 3159 semper
3491 3108 3615 3146 cum

2045 3173 2201 3228 Patre
2248 3177 2579 3240 exsislentis,
2639 3178 2762 3233 audi
2811 3180 3057 3252 veritatis
3109 3181 3380 3250 dogmata,
3425 3198 3459 3237 0
3490 3185 3614 3253 plri-

2042 3263 2281 3331 losophe.
2322 3265 2499 3330 Certe,
2562 3267 2731 3334 inquit
2793 3268 2901 3333 ille,
2951 3269 2994 3322 si
3048 3270 3272 3324 dixeris.
3314 3270 3447 3325 Tum
3488 3291 3616 3328 sau-

2042 3368 2201 3410 etns:
2238 3356 2400 3421 Deus,
2449 3356 2652 3425 inquit,
2684 3374 2819 3411 unus
2870 3370 2988 3425 est,
3039 3361 3129 3430 qui
3179 3376 3457 3432 poszquarn
3507 3381 3616 3421 cm-

2042 3446 2174 3511 lum,
2207 3460 2428 3513 terram,
2460 3452 2648 3512 maria,
2688 3461 2739 3503 et
2765 3466 3099 3520 (pra-cunque
3130 3454 3180 3507 in
3215 3456 3277 3507 iis
3329 3458 3614 3511 continen-

2041 3546 2148 3601 tur,
2210 3540 2548 3604 fabricasset,
2599 3551 2653 3593 et
2711 3543 2978 3594 iret-tinem
3026 3559 3091 3597 ex
3148 3554 3289 3599 terra
3347 3547 3614 3616 ﬁnxisset,

2041 3632 2222 3683 omnia
2265 3632 2590 3685 sustentavit
2642 3629 2822 3686 Verbo
2871 3649 2990 3695 suo,
3045 3645 3098 3689 et
3145 3634 3348 3703 Spiritu
3399 3650 3613 3694 sancto.

2043 3722 2155 3778 Hoc
2183 3724 2439 3789 Verbum,
2491 3724 2886 3793 ophilosophe,
2942 3726 3029 3780 Dei
3082 3726 3275 3782 Filium
3328 3745 3451 3786 esse
3483 3748 3615 3803 cog-

2044 3828 2347 3881 n05eentes,
2386 3818 2694 3881 adoramus,
2727 3822 3010 3872 credentes
3043 3819 3214 3885 illum,
3247 3831 3300 3874 ιιι
3343 3839 3438 3876 nos
3468 3826 3615 3879 redi-

2045 3920 2233 3972 meret,
2262 3925 2325 3962 ex
2357 3908 2575 3977 Virgine
2601 3925 2820 3962 carm-tu
2856 3914 3229 3978 assumpsisse,
3260 3924 3444 3966 uatum
3470 3930 3614 3983 esse,

2041 4013 2095 4057 et
2128 4001 2403 4055 hominem
2440 4001 2634 4054 laetum
2673 4016 2814 4063 esse,
2870 4010 2921 4054 et
2973 4016 3069 4070 per
3109 4003 3294 4057 carnis
3345 4021 3455 4058 sua:
3486 4021 3611 4074 pas-

2042 4098 2247 4151 sionem
2289 4095 2338 4148 iu
2370 4110 2531 4148 cruce
2559 4105 2611 4147 et
2646 4104 2897 4159 mortem,
2936 4097 3001 4149 ab
3037 4105 3240 4150 aeterna
3267 4098 3617 4156 datnnationo

2044 4204 2141 4243 nos
2169 4187 2509 4249 liberavisse,
2544 4202 2745 4255 perque
2781 4190 3226 4242 resurrecrionem
3253 4206 3429 4255 suam,
3457 4202 3611 4247 atter-

2042 4296 2165 4334 narn
2202 4278 2353 4332 nobis
2384 4279 2548 4330 vitam
2599 4277 2937 4332 contulisse:
2987 4296 3145 4349 quem
3198 4284 3263 4334 ad
3312 4282 3477 4338 cados
3529 4299 3614 4338 re-

2042 4386 2308 4441 gressum,
2350 4384 2630 4437 speramus
2669 4370 2860 4422 iterum
2918 4383 3224 4439 venturum,
3267 4382 3320 4427 ct
3373 4373 3613 4440 judicent

2044 4465 2280 4519 futurum
2318 4463 2556 4517 omnium
2603 4476 2719 4531 qua:
2768 4461 2820 4513 in
2873 4462 2981 4516 vita
3027 4464 3315 4532 gessimus.
3364 4467 3615 4522 Ilaeecine

365 4565 501 4612 σεως
535 4550 624 4601 διά
655 4566 713 4601 τε
748 4549 849 4615 τῆς
902 4551 1255 4615 ἀναστάσεως
1288 4554 1454 4607 αὑτοῦ
1487 4554 1632 4625 ζωὴν
1680 4558 1812 4627 ἡμῖν
1839 4560 1934 4612 αὐ-

2045 4556 2247 4619 credis,
2288 4570 2319 4607 o
2352 4552 2719 4623 philosophe?
2773 4551 2865 4608 llle
2914 4565 3166 4625 tanquam
3213 4555 3511 4611 disserendi
3560 4568 3615 4612 et

360 4641 452 4695 τὸν
506 4641 724 4695 αἰώνιον
773 4644 1216 4712 περιποιεῖσθαιο
1276 4645 1334 4697 ὃν
1398 4646 1493 4700 καὶ
1549 4650 1631 4711 εἰς
1677 4651 1939 4719 οὐρανοὺς

361 4733 657 4787 ἀνελθόντα
706 4732 1001 4805 ἐλπίζομεν
1050 4735 1213 4789 πάλιν
1268 4736 1608 4805 ἐλεύσεσθαι,
1646 4728 1840 4812 κριτήν
1880 4759 1939 4796 τε

362 4825 581 4878 ἔσεσθαι
612 4828 741 4895 περὶ
776 4828 996 4879 πάντων
1044 4822 1118 4881 ὦν
1158 4829 1590 4900 διεπραξάμεθα.
1652 4832 1940 4897 Πιστεύεις

362 4916 569 4980 τούτοις
590 4958 606 4982 ,
636 4911 681 4971 ὦ
712 4918 1001 4987 φιλόσοφε;
1042 4920 1100 4972 '0
1129 4920 1185 4972 δέ
1224 4923 1530 4989 φιλόσοφος,
1564 4923 1640 4986 ὡς
1678 4923 1743 4977 ἂν
1778 4925 1940 4995 μηδε-

363 5006 585 5061 πώποτε
615 5013 810 5081 πεῖραν
845 5010 1020 5080 λόγων
1052 5013 1131 5075 είς
1162 5014 1442 5067 ἀντίθεσιν
1504 5015 1755 5086 ἐσχηκὼς
1775 5057 1789 5079 ,
1827 5021 1934 5070 άπ-

364 5099 598 5171 ηνεώθη,
623 5103 719 5155 καὶ
743 5102 817 5166 ὼς
843 5103 1026 5173 κωφὸς
1060 5104 1092 5175 ἢ
1124 5105 1341 5170 ἄλαλος,
1363 5106 1534 5171 οὕτως
1552 5110 1931 5178 ἀπεσιώπησε·

361 5192 520 5247 τοῦτο
557 5194 714 5264 μόνον
746 5196 942 5266 οἰκτρᾷ
983 5196 1104 5250 λίαν
1136 5201 1201 5269 τῇ
1232 5203 1382 5271 φωνῇ
1417 5201 1555 5271 πρὸς
1590 5202 1752 5255 αὑτὸν
1779 5204 1934 5273 εξρη-

364 5284 497 5349 κὼς,
529 5286 611 5339 ὅτι
640 5287 825 5356 Κάμοὶ
849 5287 1023 5340 ταῦτα
1044 5287 1214 5353 οὕτως
1244 5291 1388 5361 ἐχειν
1418 5294 1586 5354 δοκεῖ,
1612 5294 1778 5364 μηδὲν
1812 5296 1930 5346 ἓτε-

365 5392 459 5446 ρον
481 5372 642 5440 εἷναι,
680 5377 713 5448 ἢ
749 5379 929 5431 πάντα
966 5378 1153 5441 καθὼς
1182 5383 1537 5453 προείρηκας.
1579 5383 1636 5436 ’0
1668 5385 1723 5437 δέ
1753 5385 1935 5456 γέρων

364 5468 503 5539 πρὸς
532 5468 692 5521 αὑτὸν
721 5469 827 5539 ἔφη
852 5484 867 5499 ·
892 5470 953 5523 Et
999 5470 1173 5524 ταῦτα
1220 5473 1392 5536 οὕτως
1431 5476 1577 5545 ἔχειν
1615 5476 1890 5540 πιστεύεις
1916 5518 1931 5542 ,

362 5549 410 5609 ὦ
456 5556 751 5627 φιλόσοφε,
806 5559 1047 5621 ἀναστάς
1077 5561 1359 5615 ἀκολούθει
1400 5581 1527 5633 μοι,
1564 5565 1660 5619 καὶ
1704 5567 1795 5617 ἐπὶ
1838 5567 1935 5635 τὴν

364 5651 662 5722 ἐκκλησίαν
695 5653 1111 5723 σπουδάσωμεν,
1144 5657 1199 5707 ἐν
1291 5657 1435 5728 λήψῃ
1466 5658 1522 5710 τὸ
1552 5661 1773 5728 σημεῖον
1801 5658 1935 5712 ταύ-

435 5808 483 5842 ³³
509 5807 611 5863 Job
643 5824 695 5876 ν,
732 5809 834 5876 l5;
868 5808 886 5863 Ι
917 5809 1042 5864 Cor.
1073 5825 1155 5876 ιιι,
1197 5809 1267 5864 19.

2041 4643 2446 4702 contradicendi
2475 4643 2763 4713 imperitus
2798 4643 3097 4714 obstupuit,
3144 4656 3197 4699 et
3246 4645 3392 4700 velut
3418 4650 3615 4703 surdus

2040 4750 2133 4795 aut
2164 4749 2344 4793 tnutus
2371 4738 2639 4792 obticuit:
2672 4738 2775 4791 hoc
2804 4738 2980 4791 solum
3010 4752 3140 4791 voce
3166 4739 3231 4791 ad
3259 4740 3613 4794 commisera-

2044 4833 2247 4886 tiouem
2290 4829 2482 4883 inﬂexa
2510 4829 2692 4883 dicere
2730 4829 2939 4897 potuit:
2980 4828 3106 4883 Mihi
3148 4832 3259 4883 hzec
3294 4830 3364 4884 ita
3410 4848 3469 4886 se
3516 4832 3613 4886 ha-

2043 4928 2171 4980 bere
2218 4923 2487 4988 videntur,
2543 4936 2642 4974 nec
2702 4921 2843 4974 aliud
2905 4922 3198 4989 quidquam
3258 4922 3441 4977 Verius
3491 4938 3613 4979 esse

2042 5020 2227 5080 credo,
2278 5031 2438 5084 quam
2490 5016 2633 5082 quod
2692 5023 2743 5065 tu
2774 5014 2975 5066 dixisti.
3034 5013 3167 5066 Tum
3199 5029 3357 5068 senex
3404 5016 3519 5070 ait:
3553 5015 3612 5071 Si

2044 5112 2158 5165 haec
2180 5111 2252 5165 ita
2278 5124 2336 5163 se
2368 5109 2565 5162 habere
2591 5109 2789 5170 credis,
2811 5106 3147 5174 philosophe,
3175 5121 3356 5174 Surge,
3381 5123 3612 5175 sequere

2043 5218 2151 5266 me,
2201 5200 2267 5254 ml
2312 5200 2595 5253 ecclesiam
2652 5213 3023 5266 properemus,
3078 5197 3265 5265 inqua
3304 5198 3459 5263 hujus
3490 5198 3610 5252 ﬁdei

2041 5290 2273 5362 sigillum
2307 5290 2562 5357 aceipias.
2607 5288 2965 5354 Philosophus
2998 5296 3175 5340 autem
3224 5302 3344 5339 cum
3378 5298 3611 5340 ruentem

2041 5398 2190 5437 suam
2224 5382 2290 5435 ad
2318 5397 2497 5435 veram
2528 5381 2577 5433 in
2612 5382 2775 5433 Deum
2805 5382 3060 5447 pietatem
3088 5378 3345 5442 ﬂexisset,
3376 5381 3607 5431 surrexit

2040 5485 2095 5529 et
2127 5485 2345 5527 secutus
2376 5482 2458 5526 est
2487 5486 2689 5526 senem.
2735 5472 3045 5524 Conversus
3092 5484 3224 5523 vero
3272 5471 3336 5523 ad
3379 5469 3598 5539 discipu-

2042 5565 2124 5621 los
2157 5581 2306 5628 suos,
2338 5578 2392 5619 et
2425 5566 2491 5617 ad
2532 5579 2624 5618 eos
2654 5564 2742 5631 qui
2781 5562 3029 5616 atnlieudi
3085 5560 3258 5630 gratia
3313 5559 3439 5615 illuc
3477 5575 3608 5614 con-

2042 5658 2350 5714 ﬂuxerant:
2403 5656 2621 5722 Audite,
2661 5656 2854 5726 inquit,
2900 5670 2931 5711 ο
2960 5652 3105 5709 viri:
3145 5654 3382 5724 quandiu
3435 5651 3609 5708 verbis
