4148 6582
559 421 693 488 1255
1026 441 1035 445 “
1829 421 2130 481 GELASII

2245 421 2518 481 {ZICENI

3690 420 3714 482 1
3729 419 3857 484 256

554 534 1037 596 COIIlelltlt.'b:ItI]llS,
1093 529 1254 584 verba
1288 529 1468 583 verbis
1511 530 1763 599 opposui,
1818 542 1871 582 et
1921 529 2126 597 objecta

2245 538 2332 598 της
2366 529 2462 598 τῆς
2497 529 2754 590 πίστεως.
2803 527 2859 580 ’0
2907 526 2962 579 δὲ
3001 525 3288 594 φιλόσοφος
3330 527 3649 597 μεταϐαλὼν
3707 529 3854 582 ὅλον

555 625 770 681 dicendi
803 633 920 678 arte
955 621 1121 676 refelli
1156 643 1167 677 :
1220 622 1313 676 sed
1337 621 1427 674 ubi
1463 636 1559 688 pro
1592 621 1772 675 verbis
1813 620 1993 673 divina
2024 620 2135 671 vir-

553 725 640 770 tus
673 729 736 768 ex
773 727 866 767 ore
903 711 1133 765 dicentis
1167 710 1392 779 prodiit,
1447 723 1552 764 non
1583 719 1871 775 potuerunt
1905 708 2136 777 amplius

554 807 718 862 verba
767 804 956 858 virtuti
1018 803 1298 867 resistere,
1350 817 1447 856 nec
1498 802 1660 855 homo
1701 800 1974 855 adversari
2029 798 2137 852 Deo

554 897 743 952 valuit.
789 897 852 950 Et
884 897 1005 949 ideo
1039 895 1081 947 si
1109 895 1232 963 quis
1265 906 1502 948 vestrum
1538 892 1838 960 intelligere
1879 890 2133 962 potuerit,

558 1006 679 1060 quae
718 989 847 1043 mihi
906 988 1236 1042 intellexisse
1270 988 1476 1052 videor,
1519 987 1702 1040 credat
1737 987 1786 1038 in
1834 985 2133 1047 Christum,

541 1087 615 1136 ‘et
649 1091 910 1148 sequatur
943 1080 1086 1132 hunc
1126 1093 1334 1143 senem,
1366 1078 1418 1131 in
1449 1091 1554 1144 quo
1590 1077 1794 1130 locutus
1841 1081 1923 1128 est
1971 1072 2131 1129 Dens.

557 1171 669 1226 lloc
701 1173 879 1240 itaque
909 1180 1065 1238 pacto
1097 1169 1445 1239 philosophus
1473 1167 1824 1231 illumiuattts,
1875 1173 1928 1220 et
1955 1164 2115 1220 Citri-

561 1264 773 1318 stianus
802 1263 997 1326 lactus,
1027 1276 1086 1315 se
1121 1262 1317 1315 victum
1348 1274 1470 1313 esse
1492 1275 1518 1310 a
1547 1273 1677 1313 sene
1721 1256 2115 1327 gratulabatur.

555 1353 710 1421 Quod
766 1368 890 1408 vero
937 1352 1291 1422 phil050phns
1344 1350 1650 1420 baptizatus
1702 1348 1884 1413 fuerit,
1928 1359 1984 1402 et
2038 1345 2131 1400 Dei

561 1445 820 1499 Ecclesia:
853 1445 1158 1513 adjunctus,
1207 1446 1350 1512 quod
1401 1443 1690 1510 quieverit,
1739 1452 1792 1495 et
1820 1441 1889 1494 ob
1924 1438 2133 1506 magni-

555 1537 655 1590 ﬁca
687 1536 775 1590 Dei
809 1535 948 1590 facta
985 1535 1362 1597 exsultaverit,
1401 1536 1638 1605 synodus
1690 1533 1802 1602 ipsa
1847 1531 2130 1600 gaudebat.

2237 620 2428 672 ἑαυτὸν
2455 620 2591 691 πρὸς
2622 619 2720 690 τὴν
2749 614 2925 690 ἀληθῆ
2956 621 3034 682 εἰς
3061 620 3152 672 τὸν
3180 619 3287 670 τῶν
3323 620 3459 672 ὅλων
3494 619 3626 672 Θεὸν
3655 619 3851 672 εὐσέ-

2235 710 2412 774 ϐειαν,
2444 713 2684 774 ἀναστὰς
2729 710 3016 781 ἠκολούθει
3042 712 3118 780 τῷ
3149 714 3401 783 γέροντι,
3432 713 3523 764 καὶ
3553 713 3854 780 ἐπιστρα-

2235 803 2358 872 φεὶς
2396 804 2540 870 λέγει
2582 806 2691 866 τοῖς
2727 803 2992 872 μαθηταῖς
3026 803 3212 864 αὐτοῦ,
3244 804 3334 856 καὶ
3365 804 3499 855 πᾶσι
3541 804 3651 865 τοῖς
3703 818 3854 854 συν-

2234 895 2477 960 ελθοῦσιν
2538 898 2616 958 εἰς
2656 896 2754 967 τὴν
2791 895 3074 968 ἀκρόασιν.
3151 894 3478 959 Ἀκούσατε,
3532 895 3737 966 φησὶν,
3800 889 3855 947 ὦ

2244 987 2436 1056 ἄνδρες
2462 1026 2476 1051 ,
2509 986 2613 1048 ἕως
2657 988 2745 1038 ὅτε
2777 985 2950 1055 λόγων
2989 987 3293 1056 ἐποιούμην
3333 986 3588 1057 σπουδὴν,
3625 988 3852 1056 λόγους

2241 1077 2572 1141 ἀντετίθουν,
2622 1078 2717 1129 καὶ
2747 1077 2815 1130 τὰ
2849 1078 3272 1148 προσφερόμενα
3306 1079 3469 1149 τέχνῃ
3506 1079 3598 1131 τοῦ
3635 1079 3854 1146 λέγειν

2239 1169 2576 1238 ἀνέτρεπον·
2629 1170 2716 1222 ὅτε
2765 1169 2821 1221 δὲ
2869 1169 2990 1223 ἀντὶ
3036 1167 3212 1236 λόγων
3267 1170 3500 1240 δύναμίς
3557 1188 3642 1234 τις
3699 1171 3850 1225 θεία

2236 1262 2299 1313 ὲκ
2341 1262 2612 1330 στόματος
2659 1259 2752 1312 τοῦ
2790 1260 3080 1328 ζητοῦντος
3101 1261 3468 1332 προελξλνθεν
3488 1303 3501 1325 ,
3529 1263 3630 1316 οὐκ
3663 1265 3848 1334 ἴσχυ-

2237 1367 2335 1402 σαν
2366 1351 2413 1402 οἱ
2445 1349 2592 1418 λόγοι
2618 1349 2806 1403 λοιπὸν
2843 1353 2911 1420 τῇ
2956 1351 3184 1419 δυνάμει
3221 1353 3603 1418 ἀντιτάξεσθαι
3635 1371 3648 1384 ⁸
3693 1351 3848 1406 οὔτε

2235 1441 2343 1510 γὰρ
2377 1438 2662 1509 ἄνθρωπος
2693 1439 2812 1510 Θεῷ
2836 1435 2947 1502 οἷός
2980 1439 3040 1493 τέ
3063 1441 3213 1494 ἐστιν
3242 1443 3686 1512 ἁντιστήσεσθαι.
3729 1443 3851 1497 Διά

2235 1549 2317 1584 τοι
2353 1531 2520 1584 τοῦτο·
2559 1533 2612 1583 εἴ
2661 1550 2742 1594 τις
2793 1532 2944 1602 ὑμῶν
2993 1531 3217 1586 δύναται
3268 1535 3533 1600 συνιέναι,
3590 1537 3666 1599 ὡς
3714 1535 3850 1604 ἐγὼ

560 1624 845 1694 νενόμικα,
878 1623 1158 1676 πιστεύσει
1190 1625 1269 1686 εἰς
1297 1623 1551 1694 Χριστὸν,
1591 1622 1688 1674 καὶ
1750 1619 2386 1690 ἀκολουθησάτωιτούτῳ
2423 1621 2500 1690 τῷ
2533 1620 2788 1690 γέροντι,
2825 1623 2883 1674 ἐν
3026 1623 3287 1692 ἐλάλησεν
3355 1628 3382 1678 6
3412 1626 3563 1684 Θεός.
3619 1625 3852 1680 Τοῦτον

551 1715 643 1768 τὸν
680 1715 882 1786 τρόπον
930 1713 1220 1766 ἀναλαϐὼν
1250 1717 1278 1768 6
1321 1713 1608 1783 φιλόσοφος
1635 1729 1681 1778 ,ε
1711 1709 2029 1780 φωτισθεὶς,
2105 1709 2201 1762 καὶ
2241 1711 2531 1780 γενόμενος
2586 1712 2932 1781 Χριστιανὸς.
2990 1711 3205 1784 ἔχαιρεν
3261 1715 3519 1784 ἡττηθεὶς
3566 1717 3672 1770 ὑπῦ
3725 1717 3841 1770 τοῦ

554 1809 808 1880 γέροντος
837 1821 849 1835 ·

888 1806 1078 1860 τούτου
1133 1806 1189 1858 δὲ
1232 1804 1328 1858 τοῦ
1383 1804 1676 1874 φιλοσόφου
1717 1803 2131 1874 βαπτισθέντος,
2176 1803 2271 1854 καὶ
2321 1808 2384 1874 τῇ
2426 1804 2533 1857 τοῦ.
2573 1804 2710 1857 Θεοῦ
2754 1805 3052 1876 Ἐκκλησία
3127 1807 3532 1876 συναφθέντος,
3571 1811 3667 1862 καὶ
3741 1809 3848 1862 διά

557 1898 970 1969 ἀναπαυομένου
1025 1900 1117 1952 καὶ
1156 1898 1522 1967 ἀγαλλιῶντος
1556 1897 1651 1951 ἐπὶ
1701 1901 1814 1961 τοῖς
1865 1896 2174 1967 μεγαλείοις
2211 1897 2304 1950 τοῦ
2333 1897 2492 1962 Θεοῦ,
2531 1899 2564 1968 ἡ
2597 1898 2814 1961 σύνοδος
2840 1899 3081 1969 ἔχαιρεν.

1173 2016 1326 2070 CAP.
1371 2013 1511 2069 XIV.

563 2127 839 2199 Refutalio
871 2131 1092 2182 alterius
1122 2129 1440 2197 philosophi,
1469 2128 1552 2180 cui
1591 2125 1785 2178 Phu'do
1810 2142 2016 2199 nomen,
2048 2125 2137 2194 qu'

578 2206 580 2208 ’
643 2196 650 2199 ⁷
685 2203 845 2255 etiam
873 2216 967 2268 pro
998 2202 1158 2267 impio
1191 2196 1341 2262 Aria,
1375 2211 1419 2250 et
1452 2199 1773 2264 blasphemia
1808 2199 1872 2249 ab
1907 2196 2001 2249 illo

1050 2272 1281 2333 inventa,
1317 2268 1466 2323 verba
1501 2268 1636 2337 fecit.

561 2442 868 2511 Propositio
915 2443 1211 2512 philosophi
1265 2451 1330 2495 ad
1385 2450 1626 2496 sanctam
1672 2442 1933 2510 synodum
1982 2459 2142 2511 super

843 2517 1019 2569 illud:
1069 2532 1087 2566 ι
1122 2513 1400 2567 Faciamus
1430 2512 1692 2565 hominem
1715 2514 1782 2565 ³⁸).
1820 2532 1839 2564 ι

633 2669 650 2701 ι
687 2649 937 2718 Dixitque
969 2647 1112 2703 Deus
1147 2668 1160 2703 :
1211 2647 1495 2702 Faciamus
1524 2648 1797 2701 hominem
1835 2648 1901 2701 ad
1946 2649 2138 2716 imagi-

559 2757 680 2795 nem
719 2754 770 2796 et
805 2740 1214 2794 similitudinem
1256 2750 1519 2794 nostram.
1558 2757 1576 2791 ι
1611 2738 1667 2793 Si
1703 2741 1916 2809 quidem
1953 2741 2136 2811 igitur,

561 2845 618 2887 ut
665 2850 764 2886 vox
813 2833 1031 2896 indicat,
1093 2847 1242 2886 mens
1291 2835 1452 2887 etiam
1503 2843 1622 2887 erat
1676 2834 1970 2901 Separatim
2015 2834 2140 2886 sub-

561 2927 786 2990 s‘isteas,
819 2925 988 2980 Deum
1042 2927 1247 2980 dixerit
1277 2925 1473 2994 aliquis
1523 2927 1721 2980 habere
1750 2926 1982 2979 hominis
2025 2925 2140 2978 clli-

564 3022 748 3086 gietn:
805 3020 1051 3074 novimus
1101 3029 1279 3073 autem
1329 3018 1495 3073 Deum
1547 3018 1846 3088 simplicem
1899 3035 2019 3075 esse
2078 3037 2140 3074 ac

564 3127 682 3165 s-.ae
743 3113 928 3180 tigura.
964 3111 1101 3176 Quid
1151 3123 1279 3180 ergo
1324 3111 1425 3164 sibi
1483 3110 1671 3164 volunt
1725 3112 2139 3180 appellationum

563 3205 785 3256 istarum
841 3201 1310 3271 signiﬁcationes?
1358 3203 1543 3270 dicite,
1595 3203 1837 3273 nunquid
1869 3204 2011 3261 Deus
2041 3208 2140 3260 ho-

561 3295 723 3348 minis
751 3295 906 3348 habet
937 3293 1165 3364 ﬁguram
1191 3293 1214 3347 ?

565 3407 848 3476 Responsio
879 3417 1182 3460 sanctorum
1226 3406 1453 3483 Patrum
1492 3426 1583 3483 per
1634 3410 1976 3466 Eustathium
2027 3413 2139 3483 epi-

1055 3494 1268 3546 scOpum
1317 3479 1630 3536 Antiochiae.

593 3589 746 3642 ‘Nua
790 3591 888 3654 sic,
944 3606 978 3645 ο
1033 3591 1377 3661 philosophe,
1428 3595 1525 3661 sed
1571 3596 1712 3664 quod
1761 3595 1899 3651 Deus
1952 3596 2137 3652 dixit:

568 3700 586 3732 ι
633 3683 854 3735 ιδιιιξείιιι
884 3682 1146 3737 universa:
1180 3694 1356 3749 terrm,
1383 3695 1438 3739 et
1460 3686 1808 3741 dominentur
1833 3690 1904 3752 ei,
1939 3697 1991 3743 et
2021 3704 2146 3752 om-_

565 3778 724 3827 nibus
747 3790 865 3840 quc
894 3776 1028 3828 inea
1047 3775 1251 3830 snnt‘”
1281 3793 1296 3830 :
1324 3795 1342 3826 ι
1369 3777 1468 3830 hoc
1483 3779 1947 3834 accommodatum
1962 3790 2044 3834 est
2063 3781 2138 3848 ei,

570 3871 752 3920 facere
787 3869 996 3922 scilicet
1026 3869 1298 3923 hominem
1328 3869 1394 3922 ad
1433 3871 1721 3942 imaginem
1756 3870 1870 3937 Dei,
1903 3882 1958 3927 et
2006 3887 2144 3942 pra:-

563 3973 685 4012 essc
736 3959 882 4011 illum
936 3959 1200 4013 universae
1244 3969 1426 4014 terrm.
1461 3958 1596 4015 Nam
1647 3971 1706 4016 ut
1755 3961 1898 4015 Deus
1945 3972 2142 4029 praeest

567 4041 662 4102 toti
694 4061 871 4110 tet-rae.
901 4059 954 4103 et
982 4051 1231 4105 omnibus
1257 4065 1378 4120 quae
1416 4051 1467 4104 in
1510 4066 1574 4106 ea
1621 4062 1782 4119 sunt;
1833 4055 1912 4108 sic
1956 4055 2136 4108 homi-

567 4156 688 4194 nem
737 4142 898 4195 totius
930 4150 1086 4196 ιρι-ται
1130 4150 1185 4195 et
1228 4157 1413 4196 eorum
1444 4159 1564 4214 (IlliB
1590 4145 1643 4199 in
1676 4159 1740 4198 ea
1772 4154 1919 4210 sunt,
1958 4146 2129 4201 veluti

567 4236 798 4290 alterum
836 4234 1116 4303 praesidem
1149 4235 1448 4290 constituit.
1499 4237 1614 4292 Hoc
1641 4237 1762 4292 dico
1791 4252 1933 4305 esse,
1964 4241 2140 4295 homi-

568 4342 692 4381 nem
723 4326 788 4380 ad
817 4325 1102 4396 imaginem
1131 4337 1186 4381 et
1211 4326 1616 4382 similitudinem
1644 4329 1734 4384 Dei
1764 4329 1962 4386 factum
1991 4348 2136 4389 esse.

1195 4549 1347 4605 CAP.
1389 4549 1434 4604 Χ
1448 4551 1506 4605 ν.

600 4665 782 4720 Altera
829 4663 1002 4737 adhuc
1048 4666 1314 4732 responsio
1361 4673 1667 4737 sanctorum
1735 4663 1960 4720 Patrum
2015 4684 2108 4737 per

844 4736 1078 4788 eumdem
1129 4737 1428 4806 episcoimm
1478 4736 1840 4790 Eustathium.

643 4867 662 4900 ι
699 4850 947 4920 Dixitque
983 4849 1166 4905 Deus:
1200 4847 1488 4904 Faciamus
1524 4849 1799 4904 hominem
1837 4851 1902 4904 ad
1947 4851 2141 4922 imagi-

568 4954 692 4995 nem
725 4951 778 4995 et
808 4941 1224 4996 similitudinem
1256 4953 1520 5000 nostram.
1553 4961 1572 4995 ι
1614 4941 1721 4996 Sed
1752 4942 1837 4996 cui
1869 4943 2027 5010 dixit,
2059 4945 2144 4997 in-

568 5033 871 5103 quiramtts,
903 5050 936 5088 ο
968 5035 1308 5104 phiIOSOphc.
1360 5029 1418 5087 lit
1447 5050 1510 5089 eo
1540 5037 1684 5088 enim
1733 5037 1874 5106 quod
1906 5037 2142 5090 dicitur:

575 5141 594 5172 ι
621 5123 870 5192 Dixitque
909 5125 1051 5181 Deus
1080 5143 1093 5178 :
1120 5124 1409 5180 Faciamus
1437 5126 1734 5193 hominem,
1761 5147 1779 5180 ι
1802 5127 2029 5195 subjecit
2072 5127 2156 5180 tli-

568 5227 737 5266 cens:
762 5230 779 5262 t
803 5212 865 5265 Et
885 5211 1012 5267 fecit
1029 5214 1166 5269 Deus
1183 5214 1455 5269 hominem
1478 5232 1492 5268 :
1513 5217 1578 5268 ad
1595 5217 1880 5289 imaginem
1905 5211 1992 5269 Dei
2015 5213 2143 5270 fecit

570 5302 745 5365 illum,
776 5305 1074 5358 masculum
1096 5315 1156 5367 ,οι
1179 5305 1434 5360 leminam
1462 5305 1588 5362 fecit
1612 5323 1725 5361 eos.
1755 5325 1774 5357 ν
1805 5304 1967 5360 Verbi
1995 5321 2147 5375 ergo,

571 5393 882 5461 Faciamus,
929 5397 1256 5474 significatio
1283 5392 1570 5468 persOnain
1603 5413 1723 5453 esse
1766 5400 2149 5454 con‘creantem

572 5489 792 5549 indicat,
828 5499 882 5542 et
908 5489 1169 5559 aequalem
1195 5491 1609 5560 appellationem
1637 5493 1866 5545 inducit.
1904 5492 1975 5548 Ut
2003 5494 2144 5550 enim

575 5578 738 5632 Pater
775 5578 914 5650 Deus
947 5587 1030 5634 est
1059 5581 1147 5650 qui
1181 5582 1315 5634 dixit
1343 5599 1357 5634 :
1425 5602 1442 5632 ι
1478 5583 1760 5637 Faciamus
1789 5584 2056 5638 hominem
2085 5600 2098 5636 :
2131 5601 2148 5632 ι

577 5668 650 5724 ita
701 5676 758 5722 et
812 5667 954 5724 Deus
997 5669 1044 5725 is
1089 5680 1174 5724 est
1227 5673 1313 5725 cui
1359 5671 1515 5738 dixit,
1573 5673 1859 5743 faciamus,
1912 5689 2034 5730 cum
2085 5685 2156 5729 stt

648 5844 694 5881 ιο
726 5847 863 5903 Gen.
905 5847 1057 5916 1,26.
1133 5849 1209 5923 “ﬁ
1233 5849 1366 5905 ibid.

2806 2018 3060 2073 ΚΕΦΑΛ.
3104 2017 3198 2072 ΙΔ’.

2256 2129 2618 2204 Ἀντίρῤηοςις
2637 2130 2839 2204 ἐτέρου
2857 2132 3200 2204 φιλοσόφου
3221 2133 3482 2203 τοῦνομα
3497 2135 3842 2204 Φαίδωνος.

2313 2200 2678 2274 ποιουμένου
2713 2202 2808 2254 καὶ
2843 2201 3204 2274 αὐτοῦᾉτοὺς
3241 2200 3465 2272 λόγοὺς
3521 2210 3676 2274 ὑπὲρ
3719 2200 3846 2262 τοῦ

2315 2271 2613 2344 θεομάχου
2661 2273 2912 2344 Ἀρείου,
2961 2272 3060 2326 καὶ
3109 2273 3221 2342 τῆς
3254 2271 3687 2344 ἐφευρεθείσής
3724 2278 3845 2333 ὑπ’

2315 2343 2502 2396 αὐτοῦ
2533 2342 2956 2412 βλασφημίας.

2245 2455 2541 2527 Πρότασις
2574 2454 2682 2508 τοῦ
2714 2456 3060 2527 φιλοσόφου
3104 2455 3255 2523 πρὸς
3293 2455 3422 2527 ,τὴν
3461 2457 3641 2527 ἁγίαν
3667 2461 3840 2514 σύν-

2421 2526 2564 2580 οδον
2591 2527 2678 2590 εἰς
2699 2531 2767 2580 τό
2788 2541 2800 2555 ⁸
2834 2545 2851 2576 t
2884 2526 3238 2595 Ποιήσωμεν
3261 2526 3596 2596 ἄνθρωπον.
3634 2548 3649 2577 ι

2304 2681 2320 2712 ι
2335 2662 2443 2714 Καὶ
2463 2658 2613 2715 εἶπεν
2637 2664 2664 2714 6
2681 2659 2833 2724 Θεός-
2852 2659 3177 2732 Ποιήσωμεν
3201 2660 3484 2732 ἄνθρωπον
3505 2665 3626 2717 κατ’
3643 2663 3846 2718 εἰκόνα.

2245 2757 2541 2826 ἡμετέραν,
2577 2755 2669 2807 καὶ
2702 2753 2820 2806 καθ’
2851 2753 3129 2823 ὁμοίωσιν.
3175 2772 3192 2802 ι
3241 2755 3302 2806 Εἰ
3343 2749 3437 2807 οὖν
3480 2754 3557 2817 ὡς
3599 2757 3628 2825 ἡ
3661 2757 3841 2827 φωνὴ

2245 2835 2462 2922 δηλοῖ
2488 2847 2581 2898 καὶ
2613 2848 2640 2898 ὁ
2674 2846 2796 2909 νοῦς
2847 2845 3176 2915 ὲξαπαχθεὶς
3202 2887 3216 2910 ,
3247 2845 3720 2918 ἀνθρωπόμορφον
3765 2849 3842 2902 ἄν

2245 2957 2330 3002 τις
2369 2925 2510 3003 ὶξέξοι
2543 2940 2636 2992 τον
2665 2940 2819 2992 Θεόν,
2867 2939 2908 2990 Τ
2911 2939 2969 2991 ὸν
3013 2940 3070 2992 δὲ
3125 2939 3256 2991 Θεὸν
3291 2939 3446 3008 ἴσμεν
3476 2939 3682 2994 ἁπλοῦν
3733 2941 3844 2994 καὶ

2247 3033 2679 3102 ἀσχημάτιστον.
2733 3033 2798 3085 Τί
2852 3027 2944 3087 οὖν
2997 3032 3368 3103 βούλονταιάἱ
3405 3034 3671 3102 σημασίαι
3720 3033 3843 3086 τῶν

2248 3124 2633 3196 προσηγοριῶν
2659 3125 2864 3180 τούτων
2892 3143 2906 3190 ;
2932 3127 3090 3194 φατὲ,
3123 3124 3200 3196 μὴ
3227 3124 3336 3196 ἄρα
3358 3124 3841 3196 ἀνθρωπόμορφον

2245 3213 2307 3266 τὸ
2339 3211 2495 3265 Θεῖον
2515 3229 2530 3281 ;
3633 3215 3636 3218 ⁴

2262 3413 2602 3483 Ἀπόκρισις
2635 3411 2756 3468 τῶν
2791 3414 2976 3480 ἁγίων
3024 3415 3306 3483 Πατέρων
3335 3415 3435 3470 διὰ
3475 3418 3834 3473 Εὐσταθίου

2657 3485 2996 3538 ἐπισκόπου
3041 3487 3422 3555 Ἀντιοχείας.

2314 3599 2426 3671 Οὐχ
2447 3599 2643 3662 οὕτως.
2674 3593 2720 3652 ὦ
2744 3600 3026 3668 φιλόσοφε,
3058 3601 3172 3653 ἀλλ’
3203 3600 3236 3671 ἢ
3271 3600 3332 3654 τὸ
3357 3603 3529 3654 εἰπεῖν
3555 3603 3648 3655 τδν
3669 3601 3836 3656 Θεόν⁸

2250 3713 2268 3744 ι
2292 3694 2635 3765 Ἀρχέτωσαν
2654 3693 2836 3763 πάσης
2864 3695 2962 3762 τῆς
2987 3695 3111 3764 γῆς⁸
3145 3693 3238 3746 καὶ
3257 3693 3340 3757 τὸ,
3377 3695 3839 3763 Κατακυριευσά-

2245 3804 2422 3839 τωσαν
2452 3787 2624 3856 αὐτῆς
2653 3827 2670 3850 ,
2722 3787 2818 3838 καὶ
2849 3788 3067 3839 πάντων
3099 3786 3210 3840 τῶν
3244 3787 3304 3840 ἐν
3334 3787 3497 3858 αὐτῇ,
3530 3806 3549 3838 ι
3581 3786 3744 3840 τοῦτο
3765 3791 3838 3841 τὸ

2245 3878 2434 3949 κύριόν
2469 3879 2620 3940 ἐστι,
2650 3879 2745 3932 τοῦ
2776 3879 2998 3949 ποιῆσαι
3034 3879 3124 3932 τὸν
3159 3879 3443 3950 ἄνθρωπον
3483 3879 3608 3933 κατ’
3639 3879 3838 3934 εἰκόνα

2245 3969 2405 4031 Θεοῦ,
2440 3971 2536 4023 καὶ
2572 3970 2764 4040 ἄρχειν
2811 3971 2977 4025 ἀύτὸν
3023 3965 3204 4042 πάσης
3235 3973 3335 4041 τῆς
3367 3974 3492 4042 γῆς.
3537 3973 3833 4045 Ἐπείπερ.

2245 4061 2320 4124 ὡς
2354 4060 2513 4131 ἄρχει
2546 4062 2574 4113 ὀ
2620 4060 2754 4124 Θεὸς
2790 4063 3009 4131 ἀπάσης
3032 4062 3132 4132 τῆς
3161 4062 3289 4131 γῆς,
3327 4061 3557 4116 καὶτῶν
3592 4064 3650 4115 ἐν
3683 4063 3830 4134 αὐτῇ

2246 4153 2487 4217 πάντων,
2533 4152 2677 4206 οὕτω
2721 4154 2932 4207 καὶτὸν
2964 4154 3253 4224 ἄνθρωπον
3300 4154 3552 4225 δεύτερον
3589 4155 3830 4225 ἄρχοντα

2246 4243 2428 4315 πάσης
2455 4246 2552 4314 τῆς
2585 4243 2691 4313 γῆς
2741 4244 2970 4297 καὶτῶν
3013 4245 3070 4296 ὲν
3112 4242 3251 4313 αὐτῇ
3297 4243 3618 4315 κατέστησε.
3656 4242 3838 4296 Τοῦτο

2246 4333 2386 4390 εἶναι
2415 4338 2498 4402 τὸ,
2536 4338 2656 4391 κατ’
2702 4337 2886 4389 εἰκόνα
2918 4335 3053 4388 Θεοῦ
3101 4335 3194 4388 καὶ
3241 4333 3366 4388 καθ’
3391 4334 3646 4405 ὁμοίωσιν
3671 4336 3832 4404 γενέ-

2249 4430 2372 4483 σθαι
2408 4431 2495 4482 τὸν
2525 4429 2812 4501 ἄνθρωπόν
2853 4446 3015 4498 φημι.

2852 4540 3104 4595 ΚΕΦΑΛ.
3141 4539 3244 4599 IE'.

2251 4665 2381 4719 Ἔτι
2416 4664 2851 4732 ἀνταπόκρισις
2889 4661 3008 4715 τῶν
3045 4662 3232 4730 ἁγίων
3261 4662 3538 4729 Πατέρων
3566 4659 3662 4714 διὰ
3713 4661 3824 4716 τοῦ

2557 4733 2742 4788 αὑτοῦ
2780 4733 3119 4787 ἐπισκόπου
3149 4735 3511 4786 Εὐσταθίου.

2316 4873 2336 4904 ‹
2384 4852 2495 4906 Καὶ
2549 4850 2703 4904 εἶπεν
2733 4852 2762 4904 ὀ
2793 4848 2923 4914 Θεὸς
2955 4863 2970 4878 ⁸
3005 4850 3329 4920 Ποιήσωμεν
3382 4845 3668 4918 ἄνθρωπον
3709 4852 3831 4898 κατ’

2243 4943 2430 4996 εἰκόνα
2477 4941 2754 5012 ἡμετέραν
2804 4941 2901 4992 καὶ¹
2943 4937 3067 4992 καθ’
3097 4939 3380 5008 ὁμοίωσιν.
3435 4957 3453 4989 ι
3504 4934 3666 4988 Ἀλλὰ
3694 4934 3834 5003 πρὸς

2246 5035 2367 5088 τίνα
2396 5033 2524 5102 ἔφη,
2555 5033 2906 5102 ζητήσωμεν,
2951 5030 3226 5100 φιλόσοφε.
3277 5029 3368 5083 Ἑν
3397 5029 3476 5100 τῷ
3502 5028 3608 5099 γὰρ
3629 5029 3829 5079 εἰπεῖν·

2261 5142 2277 5173 ι
2317 5124 2425 5175 Καὶ
2470 5118 2624 5176 εἶπεν
2662 5124 2690 5175 ὁ
2737 5121 2903 5184 Θεὸς,
2951 5121 3268 5190 ποιήσωμεν
3327 5117 3633 5189 ἄνθρωπον,
3677 5136 3696 5169 ι
3744 5117 3838 5169 ἐπ-

2246 5217 2422 5286 ήγαγε
2452 5214 2646 5283 λέγων’
2677 5233 2695 5266 t
2734 5213 2845 5266 Kal.
2888 5211 3145 5281 ἐποίησεν
3180 5211 3207 5262 ὁ
3234 5210 3364 5272 Θεὸς
3393 5210 3484 5262 τὸν
3510 5209 3798 5278 ἄνθρωπον
3819 5223 3832 5239 ⁸

2252 5307 2375 5360 κατ’
2415 5305 2602 5360 εἰκόνα
2653 5304 2788 5358 Θεοῦ
2840 5305 3096 5375 ἐποίησεν
3141 5303 3326 5370 αὑτὸν,
3366 5303 3533 5373 ἄρσεν
3567 5305 3658 5356 καὶ
3697 5301 3834 5373 Gillo

2253 5398 2510 5468 ἐποίησεν
2536 5396 2751 5458 αὐτούς.
2787 5416 2805 5448 ι
2850 5395 2919 5448 ’Π
2949 5392 3042 5448 οὖν
3073 5395 3166 5448 τοῦ
3192 5395 3546 5463 Ποιήσωμεν
3587 5393 3834 5462 σημασία

2253 5491 2314 5542 τὸ
2365 5487 2508 5542 εἶναι
2569 5491 2861 5559 πρόσωπον
2913 5488 3342 5559 συνδημιουργδν
3387 5487 3678 5556 σημαίνει,
3739 5485 3836 5536 καὶ

2258 5582 2791 5653 συνισοπροσήγορον
2837 5581 3066 5648 εἰσάγει.
3120 5579 3209 5642 Ὠς
3254 5579 3367 5648 γὰρ
3412 5579 3540 5640 Θεὸς
3574 5579 3600 5630 6
3644 5577 3836 5644 Πατήρ

2258 5675 2428 5738 ἐστιν,
2481 5677 2509 5726 ὁ
2537 5675 2727 5736 εἰπὼν,
2775 5692 2792 5724 ι
2862 5672 3184 5742 Ποιήσωμεν
3219 5670 3508 5742 ἄνθρωπον
3537 5687 3549 5700 ⁸
3587 5688 3607 5720 ι
3659 5667 3837 5730 οὕτως
