4148 6544
309 477 437 547 125Ἱ
1188 488 1555 549 HISTORIA
1592 489 1875 548 CONCILl

1981 487 2266 547 ἩΟᾸΞΝῘ.
2307 513 2375 522 -
2418 487 2561 547 LIB.
2604 487 2685 546 II.
3418 482 3554 547 1258

303 595 334 648 ὁ
362 593 494 657 Θεός
550 592 665 648 ἐστι
710 594 802 647 καὶ
857 593 990 664 πρὸς
1048 594 1105 648 ὃν
1156 595 1216 649 re
1262 596 1612 666 Ποιήσωμεν
1654 599 1875 669 εἴρηκε,

1981 598 2167 652 eadem
2229 598 2461 651 essentia
2511 597 2811 651 divinitatis
2860 598 3140 667 utriusque
3187 611 3451 666 personae,
3504 606 3559 649 et

307 685 436 754 μιᾶς
492 682 663 754 οὔσης
713 684 813 755 τῆς
866 684 974 736 τῶν
1020 686 1349 756 ἀμεροτέρων
1402 687 1710 758 προσώπων
1760 686 1875 740 θεό-

1984 684 2099 752 ejus
2124 700 2241 755 qum
2274 682 2407 739 dixit
2439 702 2451 737 :
2500 704 2517 736 ι
2549 684 2832 740 Faciamus
2871 685 3141 741 hominem
3175 686 3240 739 ad
3270 685 3555 754 imaginem

306 790 503 845 τητος,
559 772 654 825 τοῦ
711 790 771 826 τε
820 773 1107 841 εἰπόντος,
1166 793 1185 826 ι
1226 775 1545 847 Ποιήσωμεν
1594 775 1875 848 ἄνθρωπον

1989 786 2046 832 et
2081 777 2484 833 similitudinem
2516 786 2781 842 nostram,
2817 796 2836 829 ι
2889 787 2941 831 et
2972 776 3090 847 ejus
3131 793 3250 848 quae
3282 776 3555 832 hominem

307 863 425 917 κατ’
489 864 674 917 εἰκόνα
734 864 1011 936 ἡμετέραν
1068 867 1164 918 καὶ
1217 869 1338 920 καθ’
1394 869 1673 939 ὁμοίωσιν,
1719 888 1737 922 ι
1792 870 1875 922 xui

1989 874 2134 931 fecit.
2173 874 2263 929 Illa
2291 874 2432 929 enim
2470 888 2591 934 vox,
2627 872 2929 939 Faciamus,
2979 885 3217 929 sanctam
3248 889 3468 943 prorsus
3501 881 3557 926 et

304 955 401 1009 τοῦ
449 956 775 1028 ποιήσαντος
830 956 918 1010 τὸν
968 957 1274 1028 ἄνθρωπον.
1326 961 1399 1013 Τὸ
1462 962 1566 1031 γὰρ
1614 960 1875 1027 Ποιήσω-

1989 981 2326 1037 nequaquam
2394 966 2662 1020 diversam
2721 965 2894 1018 Patris
2942 974 2995 1017 et
3044 963 3161 1019 Filii
3216 963 3552 1018 divinitatem

306 1065 439 1116 μεν,
467 1048 527 1101 τὸ
556 1048 870 1118 πανάγαθον
912 1050 1007 1103 καὶ
1045 1050 1469 1120 ἀπαράλλακτον
1505 1053 1604 1123 τῆς
1641 1053 1737 1106 τοῦ
1772 1055 1875 1106 Πα-

1986 1058 2259 1125 exprimit.
2310 1056 2490 1126 Imago
2522 1056 2665 1110 enim
2716 1055 2807 1109 Dei
2852 1053 3079 1125 simplex
3114 1064 3226 1120 est,
3278 1065 3331 1109 et
3378 1054 3555 1110 onmis

307 1142 435 1213 τρὺς
469 1144 560 1195 καὶ
590 1142 720 1196 Υἱοῦ
751 1142 1004 1215 θεότητος
1037 1144 1368 1217 παρίστησιν
1400 1148 1432 1216 ἡ
1459 1148 1635 1218 φωνή.
1676 1149 1740 1199 'H
1775 1146 1886 1217 γὰρ

307 1232 401 1286 τοῦ
433 1233 565 1287 Θεοῦ
607 1233 772 1287 εἰκὼν
813 1235 959 1307 ἁπλῆ
998 1237 1092 1289 καὶ
1126 1235 1423 1301 ἀσύνθετός
1456 1240 1593 1302 ἐστι,
1619 1238 1730 1310 πῦρ
1752 1234 1885 1290 οὖσα

309 1324 372 1392 τῇ
414 1321 594 1392 φύσει.

424 1426 757 1507 Ἀπόκρισις
784 1438 1108 1509 σύμφωνος
1136 1437 1254 1493 τῶν
1278 1441 1461 1509 ἁγίων
1479 1438 1774 1508 Πατέρων.

371 1549 491 1613 Φῶς
520 1550 821 1621 ἀπρόσιτον
858 1550 952 1604 καὶ
1004 1549 1270 1614 densita;
1315 1552 1435 1603 ἐστι
1468 1549 1633 1620 φύσις
1654 1589 1668 1613 ,
1701 1553 1735 1619 ἡ
1785 1549 1887 1619 τῆς

304 1640 467 1709 ἁγίας
517 1641 746 1713 Τριάδος
798 1641 979 1696 οὐσία.
1032 1641 1179 1714 Αὕτη
1223 1643 1373 1695 ἐστὶν
1420 1643 1452 1712 ἡ
1502 1641 1707 1695 διάνοια
1753 1640 1883 1705 τοῦ,

307 1730 681 1803 Ποιήσωμεν.

883 1847 1131 1902 usus.
1167 1849 1281 1915 ις’.

407 1960 772 2029 Ἀπίρῤησις
804 1960 908 2013 τοῦ
940 1959 1284 2029 φιλοσόφου
1318 1959 1469 2028 ὑπὲρ
1511 1959 1764 2028 Ἀρείου.

380 2074 548 2129 Πάλιν
573 2074 684 2146 ἐρῶ
713 2073 774 2127 τὸ
799 2073 891 2126 τὸν
917 2072 1050 2127 Θεὸν
1074 2072 1280 2128 ἁπλοῦν
1307 2069 1471 2139 εἶναι,
1501 2073 1597 2128 καὶ
1626 2073 1881 2145 ἀσχημάο

304 2182 511 2228 τιστον,
564 2166 657 2218 καὶ
705 2163 1021 2219 ἀσύνθετον.
1069 2166 1192 2229 Πῶς
1226 2160 1320 2219 οῦν
1348 2164 1459 2237 ἄρα
1500 2165 1744 2237 νοητέον,
1793 2164 1877 2230 τὸ,

311 2276 330 2309 ι
371 2259 501 2311 Κατ’
533 2256 717 2309 είκόνα
760 2255 1053 2329 ἡμετέραν,
1090 2257 1183 2310 καὶ
1212 2256 1336 2311 καθ’
1372 2256 1696 2327 όμοίωσιον;
1729 2274 1747 2308 ι
1787 2258 1881 2311 καὶ

303 2350 365 2401 τὸ
397 2348 472 2419 μὴ
513 2347 885 2419 προϋπάρχειν
924 2347 1016 2401 τὸν
1050 2348 1271 2402 εἰπόντα
1300 2348 1395 2401 τοῦ
1439 2348 1574 2420 πρὸς
1606 2347 1666 2402 ὃν
1703 2347 1877 2416 ἔλεγε,

310 2457 328 2490 ι
373 2439 692 2509 Ποιήσωμεν
734 2437 1023 2511 ἄνθρωπον
1048 2456 1062 2469 ·
1099 2457 1116 2490 ι
1158 2439 1253 2491 καὶ
1279 2438 1349 2491 τὰ
1380 2436 1510 2507 ἑξῆς
1540 2453 1553 2502 ;
1581 2438 1723 2491 Φατὲ
1748 2439 1880 2509 ἡμῖν

304 2530 452 2600 σαφῆ
482 2529 580 2601 τὴν
606 2529 733 2601 περὶ
766 2529 970 2583 τούτων
1002 2527 1297 2594 ἀπόδειξιν,
1330 2529 1379 2581 εί
1409 2527 1663 2583 δύνασθε.

297 2730 362 2781 Οἱ
387 2727 539 2797 ἅγιοι
558 2726 882 2782 ἐπίσκοποι
904 2726 1002 2781 διὰ
1046 2726 1244 2781 Ὀσίου
1275 2726 1611 2797 ἐπισκόπου
1643 2726 1878 2793 πόλεως

374 2796 756 2865 κουρδούὸης
777 2837 792 2863 ,
821 2797 1257 2866 ἑρμηνεύοντος
1292 2797 1479 2851 αὑτὸν
1520 2796 1747 2865 ἐτέρου,
1794 2802 1878 2851 εὶ-

375 2885 496 2921 πον
524 2883 539 2897 ⁸

374 2979 438 3034 Εἰ
472 2980 843 3052 προϋπῆρχεν,
876 2977 951 3042 ὡς
992 2979 1054 3032 σὺ
1094 2977 1234 3049 φὴς,
1265 2977 1359 3031 τοῦ
1402 2978 1535 3031 reos
1576 2977 1605 3031 ὁ
1642 2978 1871 3049 Πατὴρ,

306 3074 403 3130 καὶ
465 3072 929 3144 μεταγενέστερος
976 3073 1005 3123 ό
1067 3070 1195 3134 Υίδς
1255 3068 1392 3140 μετὰ
1448 3068 1673 3139 χρόνους
1726 3068 1877 3130 τινὰς

308 3163 550 3227 κτισθεὶς
642 3163 748 3216 ὑπὸ
817 3162 915 3214 τοῦ
980 3159 1147 3227 Θεοῦ,
1204 3159 1300 3212 καὶ
1377 3159 1457 3219 εἰς
1518 3158 1643 3212 Υίὸν
1712 3155 1876 3210 αὐτοῦ

307 3253 448 3325 μετὰ
496 3251 679 3307 ταῦτα
716 3250 808 3303 ὑπ’
840 3248 1006 3303 αὐτοῦ
1057 3246 1152 3301 τοῦ
1187 3247 1400 3318 Πατρός
1447 3246 1833 3315 ἀναγορευθεὶς
1859 3287 1874 3311 ,

304 3341 452 3397 καθά
522 3355 659 3406 φατε
713 3337 925 3398 ἀσεϐῶς
978 3333 1455 3405 βλασφημοῦντες,
1516 3336 1597 3397 εἰς
1658 3335 1876 3402 ποίησιν

305 3435 415 3487 τῶν
471 3428 704 3484 κτιστῶν
749 3426 964 3497 φύσεων
1006 3424 1394 3497 προκεκτίσθαι
1450 3424 1614 3477 αὑτὸν
1646 3424 1738 3476 ὑπ’
1773 3425 1874 3476 αύ-

305 3521 437 3575 τοῦ’
504 3514 655 3573 εἶπεν
704 3518 807 3584 ἂν,
861 3516 1001 3569 κατὰ
1060 3515 1161 3584 τὴν
1220 3514 1494 3585 ὑμετέραν
1540 3513 1816 3580 ἁσέὸειαν,
1850 3515 1880 3566 ὁ

308 3614 563 3675 ἄκτιστος
609 3610 741 3672 Θεὸς
778 3608 917 3679 πρὸς
959 3606 1052 3661 τὸν
1114 3605 1330 3659 κτιστὸν
1369 3604 1495 3657 Υίὸν
1535 3605 1656 3657 καθ’
1687 3605 1833 3674 ὑμᾶς
1860 3621 1873 3635 ·

311 3704 557 3775 Πίοησόνη
576 3720 665 3774 μοι
696 3700 977 3771 ἄνθρωπον
1008 3698 1127 3752 κατ’
1166 3697 1353 3751 εἰκόνα
1385 3695 1525 3768 ἐμὴν
1553 3696 1647 3749 καὶ
1680 3695 1879 3766 ὁμοίω-

307 3815 415 3852 σιν.
461 3795 600 3849 Ἀλλ’
645 3794 877 3863 ἐπείπερ
905 3793 990 3846 ἀεὶ
1036 3790 1224 3862 Πατὴρ
1257 3792 1287 3843 ό
1327 3789 1491 3855 Θεὸς,
1526 3789 1601 3851 ὡς
1635 3803 1878 3859 προαπε-

304 3887 582 3959 δείξαμεν,
615 3886 707 3940 καὶ¹
733 3885 821 3940 ἀεὶ
850 3883 1189 3953 συννπὰρχει
1233 3880 1309 3952 τῷ
1346 3883 1520 3953 Πατρὶ
1549 3883 1577 3934 ὁ
1617 3881 1746 3943 Υἱὸς
1771 3920 1786 3945 ,
1810 3881 1873 3934 ού

305 3979 767 4052 μεταγενέστερος
811 3975 1026 4047 χρόνοις
1054 4015 1068 4039 ,
1098 3974 1201 4028 οὐκ
1233 3973 1479 4029 ἐλάσσων
1506 3973 1733 4044 δυνάμει
1764 4013 1779 4035 ,
1813 3973 1876 4027 ού

305 4072 679 4145 περιγραπτδς
725 4070 908 4139 τόπῳ,
956 4067 1073 4122 ἀλλ’
1116 4067 1206 4122 ἀεὶ
1237 4066 1331 4120 καὶ
1374 4065 1643 4130 ὡσαύτως
1690 4066 1876 4130 metu;

305 4163 667 4234 συνυπάρχων
695 4160 774 4231 τῷ
801 4158 1000 4229 Πατρὶ,
1038 4157 1407 4227 γεγενημένος
1453 4154 1513 4222 ἐξ
1548 4156 1714 4211 αὑτοῦ
1744 4158 1878 4211 ἀπε.

305 4257 563 4328 ρινοήτως
577 4253 671 4308 καὶ
692 4250 1104 4321 ἀνεκφράστως,
1130 4247 1274 4301 καθὰ
1290 4249 1725 4319 προειρήκαμεν,
1743 4247 1876 4311 Θεὸς

302 4345 555 4418 ἀληθινὸς
607 4342 682 4397 ὢν
723 4342 831 4407 ἀεὶ,
864 4343 928 4393 ὲκ
976 4340 1069 4393 τοῦ
1115 4340 1202 4393 ἀεὶ
1249 4338 1401 4402 όντος
1436 4338 1688 4407 ἀληθινοῦ
1742 4338 1876 4392 Θεοῦ

302 4440 398 4494 καὶ
454 4436 706 4508 Πατρὸς,
752 4434 1085 4508 συνάναρχος
1117 4430 1198 4502 τῷ
1239 4432 1434 4502 Πατρὶ,
1488 4431 1761 4493 συναῖδιος
1793 4430 1872 4501 τῷ

306 4530 500 4603 Πατρὶ,
554 4523 967 4599 συμϐασιλεύων
1022 4523 1110 4577 ἀεὶ
1176 4521 1253 4593 τῷ
1316 4522 1527 4595 Πατρὶ,
1593 4521 1878 4593 ὀμοούσιος

1986 1151 2391 1220 compositionis
2427 1165 2643 1220 expers,
2673 1163 2792 1203 cum
2829 1150 2901 1203 sit
2928 1147 3068 1216 ignis
3098 1154 3313 1200 natura.

2163 1428 2388 1483 Consors
2451 1429 2717 1497 responsio
2770 1440 3074 1482 sanctorum
3131 1426 3377 1483 Patrum.

2058 1540 2262 1595 Lumen
2294 1542 2666 1595 inaccessibile
2698 1551 2801 1604 est,
2834 1552 2889 1596 et
2916 1552 3109 1596 natura
3136 1541 3553 1611 incomprehen-

1986 1633 2161 1687 sibilis
2188 1641 2494 1687 estsanctae
2524 1631 2807 1687 Trinitatis
2850 1633 3110 1689 essentia.
3153 1631 3252 1688 Hic
3299 1644 3381 1689 est
3429 1649 3556 1687 sen-

1987 1740 2081 1779 sus
2110 1723 2278 1787 verbi,
2314 1720 2621 1777 Faciamus.

2599 1837 2750 1893 CAP.
2793 1835 2932 1893 XVI.

2192 1947 2201 1953 ’
2261 1952 2629 2009 Contradictio
2667 1951 2966 2020 philosophi
2995 1968 3090 2017 pro
3124 1952 3272 2010 Aria.

2049 2066 2249 2120 lterum
2285 2064 2457 2118 dicam
2507 2060 2673 2115 Deum
2709 2061 3006 2131 simplicem
3041 2076 3183 2126 esse,
3220 2061 3338 2118 sine
3384 2061 3551 2133 ﬁgura

1979 2165 2035 2211 et
2061 2155 2468 2224 compositione.
2501 2153 2780 2219 Quomodo
2816 2153 2979 2222 igitur
3027 2153 3428 2224 intelligendum
3465 2163 3551 2208 est

1982 2246 2109 2301 illud
2139 2263 2154 2299 :
2212 2263 2230 2297 ι
2261 2243 2339 2299 Ad
2371 2244 2659 2313 imaginem
2690 2252 2743 2297 et
2775 2242 3180 2297 similitudinem
3216 2234 3452 2297 nustram
3476 2244 3500 2298 τ
3527 2262 3547 2297 ι

1981 2349 2036 2394 et
2075 2352 2180 2406 quo
2211 2345 2365 2407 pacto
2406 2334 2499 2405 qui
2526 2335 2682 2394 dixit.
2743 2353 2761 2385 ‹
2794 2334 3073 2389 Faciamus
3104 2335 3397 2397 hominem,
3428 2353 3447 2388 ι
3499 2347 3553 2389 et

1982 2447 2101 2502 qum
2129 2439 2446 2498 sequuntur,
2494 2443 2597 2481 non
2635 2428 2898 2481 subsistat
2930 2438 3052 2480 ante
3087 2427 3233 2481 illum
3266 2428 3350 2481 cui
3404 2428 3549 2481 dice-

1983 2516 2116 2577 bat?
2157 2517 2444 2587 Enuntiate
2493 2517 2646 2572 nobis
2695 2516 3030 2587 perspicuam
3085 2516 3152 2570 de
3198 2515 3282 2570 his
3327 2518 3550 2569 tlemnn-

1983 2613 2324 2679 SIrationcm,
2361 2610 2403 2666 si
2430 2609 2677 2679 poteSIis.
2864 2656 2867 2659 ,
3192 2608 3195 2609 ⁷

1982 2724 2165 2780 Sancti
2199 2723 2423 2790 episcopi
2446 2737 2539 2788 per
2572 2720 2757 2775 Osium
2802 2722 3099 2789 episcopum
3138 2723 3371 2775 civitatis
3418 2718 3550 2774 Cor-

2113 2794 2287 2857 duba',
2333 2793 2708 2860 interpretante
2736 2790 2883 2842 illum
2907 2791 3095 2857 altera,
3131 2793 3421 2845 dixerunt:

2051 2989 2132 3056 Si,
2193 2998 2253 3045 ut
2301 2996 2354 3043 tu
2411 2987 2566 3051 dicis,
2621 2986 2783 3041 Pater
2833 2996 2958 3042 ante
3007 2986 3202 3042 Filium
3234 2987 3462 3054 exstitit,
3492 2995 3550 3044 et
3632 3020 3637 3023 -

1981 3082 2248 3152 posterior
2274 3079 2447 3135 Filius
2474 3086 2597 3149 post
2640 3077 2819 3151 aliqua
2874 3088 3114 3149 tempora
3168 3086 3383 3134 creatus
3408 3088 3494 3136 est
3518 3097 3548 3135 a

1982 3175 2089 3229 Deo
2126 3184 2178 3229 et
2208 3180 2388 3244 postea
2441 3170 2613 3226 Filius
2664 3172 2733 3227 ab
2780 3171 2967 3226 eodem
3014 3169 3174 3226 Patre
3224 3171 3547 3237 declaratus,

1981 3276 2039 3319 ut
2092 3266 2255 3336 impie
2306 3264 2744 3332 blasphemantes
2795 3263 3059 3330 asseritis,
3106 3264 3255 3334 prius
3292 3278 3416 3319 eum
3475 3264 3548 3321 ab

1981 3358 2097 3427 ipso
2157 3355 2324 3409 fuisse
2401 3363 2642 3408 creatum
2703 3353 2770 3407 ad
2843 3355 3171 3409 creationem
3228 3364 3545 3410 naturarum

1979 3460 2100 3515 qua:
2166 3445 2319 3501 factae
2386 3453 2511 3499 sunt
2569 3461 2584 3499 :
2643 3444 2867 3499 dixisset
2920 3445 3106 3514 utique
3156 3445 3307 3514 juxta
3365 3445 3551 3514 impie-

1983 3547 2147 3592 tatem
2180 3546 2439 3600 vestram,
2473 3535 2752 3590 increatus
2781 3535 2921 3590 Deus
2948 3536 3015 3590 ad
3045 3546 3309 3601 creatum,
3343 3551 3546 3592 secun-

1978 3629 2103 3683 dum
2129 3643 2243 3693 vos,
2277 3627 2471 3683 Filium
2504 3644 2518 3681 :
2552 3626 2743 3682 Facias
2774 3626 2906 3680 mihi
2941 3626 3214 3681 hominem
3249 3627 3316 3681 ad
3349 3627 3548 3697 imagi-

1982 3734 2104 3773 nem
2135 3727 2190 3774 et
2215 3719 2619 3774 similitudinem
2676 3732 2872 3772 meam.
2914 3715 3021 3772 Sed
3070 3717 3335 3786 siquidem
3385 3716 3547 3772 Pater

1978 3825 2193 3879 semper
2222 3820 2305 3867 est
2328 3810 2494 3877 Deus,
2530 3819 2586 3864 nt
2609 3810 2756 3879 prius
2784 3809 3140 3871 ostendimus,
3175 3807 3344 3863 Filius
3374 3809 3541 3863 etiam

1978 3918 2098 3958 cum
2130 3903 2291 3958 Patre
2328 3917 2541 3972 semper
2571 3903 2804 3965 exsistit,
2846 3916 2949 3956 non
2984 3899 3312 3970 letnporibus
3359 3909 3544 3973 poste-

1980 3993 2111 4058 rior,
2162 4009 2266 4047 non
2298 4001 2561 4062 potestate
2619 3992 2816 4057 minor,
2878 4007 2983 4045 non
3033 3991 3152 4047 loco
3194 3990 3543 4046 circumscri-

1978 4095 2118 4154 ptus,
2150 4085 2243 4139 sed
2293 4099 2504 4153 semper
2536 4083 2719 4138 itidem
2774 4091 3031 4153 perpetuo
3074 4097 3196 4137 cum
3233 4080 3390 4139 Patre
3416 4082 3545 4138 sub-

1978 4177 2194 4239 sistens,
2229 4191 2295 4231 ex
2332 4177 2445 4244 ipso
2487 4176 2638 4242 juxta
2685 4176 2938 4244 praedicta
2983 4172 3542 4244 incomprehensibili-

1981 4280 2061 4323 ter
2101 4278 2155 4323 et
2213 4266 2556 4323 ineﬂ'abiliter
2605 4268 2841 4337 genitus,
2902 4281 3062 4321 verus
3124 4267 3265 4320 Deus
3324 4278 3544 4335 semper

1979 4358 2245 4413 exsistens
2273 4376 2285 4411 :
2318 4373 2384 4411 ex
2417 4371 2544 4410 vero
2574 4357 2680 4410 Deo
2704 4364 2759 4410 et
2796 4354 2955 4409 Patre
2981 4369 3195 4424 semper
3225 4356 3540 4420 exsistente,

1979 4447 2262 4501 dominans
2321 4462 2444 4502 cum
2507 4445 2689 4512 Patre,
2739 4455 3039 4499 comternus
3090 4444 3258 4510 Patri,
3309 4459 3544 4515 regnans

1980 4553 2193 4606 semper
2243 4554 2365 4594 cum
2415 4539 2595 4605 Patre,
2644 4536 3125 4593 consubstantialis
3171 4536 3340 4602 Patri,
3389 4551 3544 4606 aeque

300 4624 379 4697 τῷ
434 4624 650 4695 Πατρὶ,
713 4618 1033 4689 ίσοδύναμος
1084 4616 1162 4688 τῷ
1225 4617 1437 4685 [lat-pi,
1512 4616 1872 4687 συνδημιουρ-

1981 4641 2166 4700 potens
2218 4640 2274 4684 ut
2320 4630 2499 4695 Pater,
2531 4640 2746 4685 creator
2773 4646 2897 4685 cum
2930 4628 3112 4683 Patre.
3160 4627 3216 4683 Si
3250 4629 3393 4683 enim
3423 4642 3544 4681 om-

300 4717 397 4785 γὸς
436 4713 517 4785 τῷ
554 4711 752 4784 Πατρί.
814 4710 877 4764 El
911 4709 1020 4780 γὰρ
1071 4708 1160 4762 διὰ
1206 4708 1300 4762 τοῦ
1342 4708 1475 4761 Υίοῦ
1543 4708 1875 4778 γεγενῆσθαι

300 4807 449 4877 λέγει
513 4807 548 4879 η
588 4803 707 4859 θεία
779 4800 889 4855 τῶν
950 4799 1297 4869 Εὑαγγελίων
1352 4799 1541 4869 φωνὴ,
1620 4801 1716 4854 καὶ
1789 4801 1873 4854 δτι

307 4918 329 4953 ι
386 4897 557 4970 χωρὶς
621 4894 788 4951 αὑτοῦ
836 4894 1061 4963 γέγονεν
1114 4891 1234 4945 οὐδὲ
1263 4889 1369 4944 ἒνὸ
1394 4891 1639 4960 γέγονεν,
1680 4908 1699 4943 ›
1755 4891 1872 4946 ἀλλ’

302 4993 450 5062 ὅμως
471 4990 532 5044 οὐ
556 4990 679 5060 δίχα
707 4988 802 5042 τοῦ
832 4986 1043 5057 Πατρὸς
1065 4984 1519 5055 ἐδημιούργησεν.
1548 4984 1689 5037 Ἀλλ’
1717 4983 1873 5037 ἐπεί-

301 5098 410 5152 περ
436 5080 533 5152 μία
561 5079 749 5149 θεότης
772 5117 787 5141 ,
817 5079 911 5132 καὶ
941 5077 1105 5148 βουλὴ
1133 5080 1231 5147 μία
1252 5075 1348 5130 τοῦ
1378 5076 1612 5146 Πατρὸς,
1641 5074 1737 5129 καὶ
1762 5075 1856 5129 τοῦ

304 5173 457 5240 Υίοῦ,
477 5172 570 5228 καὶ
594 5170 689 5224 τοῦ
702 5171 858 5239 ἁγίου
892 5171 1030 5224 Πνεύ
1039 5187 1228 5240 ματος,
1252 5170 1571 5242 ἀχωρίστως
1606 5170 1693 5223 ἀεὶ
1720 5169 1871 5234 ὄντος

300 5265 396 5321 τοῦ
442 5264 652 5333 Πατρὸς
687 5264 821 5334 πρδς
862 5262 954 5315 τὸν
1000 5263 1125 5314 Υἱδν
1145 5302 1160 5325 ,
1189 5262 1284 5315 καὶ
1317 5261 1409 5314 τοῦ
1446 5259 1576 5314 Υίοῦ
1609 5259 1746 5329 πρὸς
1772 5259 1863 5313 τὸν

304 5356 553 5427 Πατέρα·
586 5354 805 5425 νοητέον
845 5349 960 5419 οῦν,
992 5348 1037 5406 ὦ
1076 5352 1354 5422 φιλόσοφε,
1396 5353 1478 5405 ὃτι
1512 5352 1569 5406 ἓν
1599 5351 1742 5405 κατὰ
1770 5351 1869 5425 τὴν

299 5450 399 5521 τῆς
429 5447 682 5518 θεότητος
715 5446 903 5500 οὐσίαν
944 5449 972 5499 ό
1015 5444 1205 5515 Πατὴρ
1235 5445 1330 5498 καὶ
1359 5446 1387 5498 ὁ
1419 5444 1546 5507 Υίὸς
1575 5444 1719 5499 καθὰ
1777 5445 1871 5497 καὶ

300 5541 360 5593 ιν
389 5537 741 5607 Εύαγγελίοις
791 5540 823 5591 ό
867 5537 1024 5599 αὐτὸς
1069 5535 1196 5597 Υἱὸς
1246 5533 1343 5606 βοᾷ
1370 5552 1384 5569 ν
1435 5555 1455 5586 ι
1512 5536 1653 5605 Ἐγὼ
1694 5538 1793 5615 ,καὶ
1844 5538 1874 5590 ὁ

302 5632 492 5704 Πατὴρ
536 5631 595 5685 ἓν
640 5633 827 5700 ἰσμιν.
883 5648 901 5680 ι
954 5630 1097 5700 Πρὸς
1138 5628 1199 5680 ὃν
1243 5627 1432 5696 ἐλεγεο
1493 5647 1511 5681 ι
1546 5629 1869 5699 Ποιήσωμεν

299 5722 586 5795 ἄνθρωπον
609 5722 730 5775 κατ’
752 5720 936 5775 εἰκόνα
964 5720 1240 5791 ἡμετέραν
1261 5720 1354 5773 καὶ
1379 5720 1499 5772 καθ’
1529 5720 1803 5790 όμοίωσινμ
1844 5742 1859 5772 ι

365 5874 416 5911 ⁸⁸
445 5874 604 5930 Joan.
632 5893 671 5943 ι,
723 5876 777 5929 5.
857 5876 900 5907 ⁸⁸
931 5875 1089 5928 .loan.
1126 5890 1178 5934 κ.
1212 5873 1300 5929 50.
1379 5874 1423 5906 ⁸³
1453 5873 1583 5929 Gen.
1618 5893 1652 5937 ι,
1681 5878 1764 5928 ﬁt}.

654 5970 923 6033 Ρηιιοι..
962 5974 1075 6032 Gtt.
1110 5968 1391 6029 LXXXV.
1480 6042 1489 6063 ι

1977 4723 2063 4776 nia
2096 4736 2190 4792 per
2218 4720 2411 4775 Filium
2442 4722 2578 4775 facta
2629 4728 2862 4776 testatur
2905 4721 3086 4775 divina
3118 4718 3537 4788 Evangeliorum

1976 4828 2099 4879 vox,
2154 4832 2173 4866 ι
2205 4822 2259 4869 et
2303 4815 2422 4869 sine
2469 4815 2583 4883 ipso
2615 4814 2816 4869 factum
2848 4824 2932 4868 est
2963 4813 3115 4878 nihil,
3154 4813 3297 4882 quod
3344 4810 3542 4866 factum

1975 4905 2170 4959 est“:
2207 4923 2226 4957 ο
2285 4914 2339 4960 et
2393 4906 2574 4970 simul,
2618 4921 2723 4960 non
2769 4905 2985 4960 divisim
3016 4920 3045 4958 a
3076 4902 3237 4959 Patre
3293 4902 3539 4958 creavit:

1976 4996 2239 5066 siquidem
2274 5012 2375 5051 una
2412 5005 2495 5051 est
2522 4996 2799 5061 divinitas,
2845 5006 2901 5051 et
2926 4997 3193 5051 sententia
3224 5009 3327 5048 una
3364 4992 3540 5048 Patris

1977 5099 2030 5142 et
2061 5087 2180 5142 Filii
2211 5096 2265 5143 et
2303 5084 2540 5157 Spiritus
2568 5088 2763 5155 sancti,
2798 5102 3070 5158 nunquam
3101 5093 3354 5155 separato
3380 5083 3542 5137 Patre

1979 5197 2007 5234 a
2045 5177 2202 5244 Filio,
2237 5194 2408 5251 neque
2452 5178 2587 5236 Filio
2616 5196 2647 5234 a
2700 5179 2896 5236 Patre:
2958 5177 3360 5247 intelligendum
3411 5190 3541 5245 ergo

1980 5281 2079 5336 est,
2116 5287 2148 5325 ο
2179 5270 2514 5342 philosophe,
2566 5272 2713 5342 quod
2739 5272 2898 5327 Pater
2922 5278 2980 5326 et
3029 5269 3198 5323 Filius
3244 5269 3541 5323 secuttdmn

1977 5362 2336 5417 substantiam
2366 5362 2582 5416 deilalis
2616 5376 2779 5416 unum
2816 5370 2965 5425 sunt,
3017 5362 3156 5414 sicut
3182 5368 3237 5415 et
3284 5359 3336 5412 in
3372 5358 3544 5412 Evan-

1977 5458 2114 5527 gelio
2143 5456 2256 5525 ipse
2284 5455 2452 5511 Filius
2481 5456 2678 5509 clamat
2724 5471 2737 5507 :
2777 5473 2795 5507 ι
2829 5452 2945 5523 Ego
2989 5464 3043 5509 et
3067 5452 3229 5511 Pater
3259 5465 3423 5521 unum
3448 5464 3541 5503 su-

1978 5564 2097 5601 mus
2128 5548 2212 5614 “;
2274 5567 2291 5600 ι
2343 5548 2426 5601 cui
2473 5548 2723 5601 dicebat:
2764 5566 2783 5599 ι
2833 5546 3116 5601 Faciamus
3160 5545 3431 5600 hominem
3476 5540 3544 5595 ad

1977 5639 2262 5707 imaginem
2294 5648 2347 5692 ut
2374 5636 2779 5692 similitudinem
2809 5649 3052 5693 nostram
3074 5637 3143 5691 ⁸⁸.
3173 5656 3192 5689 ι

3016 5967 3088 6027 40
