4148 6578
1860 482 2162 543 GELASII
2231 479 2569 542 CYZICENI
3709 472 3845 536 1260

1019 596 1377 654 Conlradictio
1424 594 1738 665 philosophi.
2193 596 2241 652 Α

599 488 734 555 1259

2610 585 2972 655 Ἀντίρῤησις
2999 582 3105 637 τοῦ
3141 583 3503 653 φιλοσόφου.

2339 698 2447 750 Καὶ
2492 696 2592 769 ἢδη
2625 699 2681 750 ὲν
2708 699 2826 760 ταῖς
2853 695 3143 767 προτέραις
3174 695 3576 765 ὲπερωτήσεσιν
3608 694 3845 766 ἔφαμεν,

2272 789 2346 860 μὴ
2377 784 2515 841 εἶναι
2539 789 2628 841 τὸν
2650 788 2781 841 Θεὸν
2817 787 3282 859 ἀνθρωπόμορφον
3302 802 3317 818 ⁸
3344 786 3466 839 τίνα
3494 782 3586 840 οὖν
3608 788 3720 857 ἔχει
3741 786 3847 859 τὴν

2271 880 2545 952 σημασίαν
2586 882 2619 950 ἡ
2653 880 2809 952 ῥῆσις
2849 877 3010 948 αὕτη,
3032 877 3092 930 τὸ
3132 896 3150 928 ι
3181 876 3312 930 Κατ’
3339 877 3520 930 εἰκόνα
3568 878 3848 949 ἡμετέραν

2269 975 2363 1027 καὶ
2396 973 2518 1027 καθ’
2561 971 2851 1043 όμοίωσιν;
2893 991 2911 1023 ι
2972 970 3107 1039 φατὲ
3158 970 3310 1041 ἡμίν.
3359 967 3437 1024 Οὐ
3484 969 3594 1041 γὰρ
3645 970 3849 1041 μικρὸν

2270 1067 2401 1137 ἡμῖν
2427 1067 2461 1137 ἡ
2485 1065 2629 1131 λέξις
2659 1064 2885 1136 παρέχει
2914 1063 3101 1132 ἀγῶνα
3118 1078 3131 1092 °
3168 1062 3307 1126 τέως
3328 1062 3483 1115 τοῦτο
3509 1062 3748 1118 λεκτέον.

666 714 785 773 Jam
816 713 980 769 etiam
1014 712 1069 766 in
1103 710 1373 783 prioribus
1408 706 1922 776 interrogationilms
1950 705 2166 760 diceba-

598 824 719 864 mus
777 806 945 860 Deum
996 819 1103 860 non
1152 803 1350 858 habere
1384 788 1616 856 hominis
1665 797 1889 868 elligiem
1935 815 1949 851 :
2004 811 2164 865 quam

596 915 723 969 ergo
747 896 1192 967 signiﬁcationem
1227 894 1387 948 habet
1415 895 1527 947 haec
1560 892 1735 944 oratio
1764 908 1776 943 :
1844 908 1861 940 ι
1897 889 1977 941 Ad
2029 888 2166 939 ima-

599 992 776 1056 ginem
818 998 873 1043 et
920 986 1325 1042 similitudinem
1360 981 1647 1039 nostram?
1677 999 1695 1032 ι
1772 979 1933 1033 dicite
1993 977 2167 1033 nobis.

600 1079 717 1135 Non
746 1080 889 1135 enim
927 1093 1149 1148 parvam
1181 1076 1334 1130 nobis
1366 1075 1453 1128 hic
1490 1088 1667 1127 sermo
1699 1069 1920 1124 exhibet
1946 1065 2171 1123 dilﬁcul-

601 1183 765 1226 talem
798 1190 814 1224 :
851 1170 1069 1224 interim
1106 1168 1207 1221 hoc
1240 1167 1524 1219 dicendum
1557 1172 1662 1218 est.

2286 1264 2620 1332 Ἀπόκρισις
2670 1259 2798 1332 τῆς,
2828 1261 3003 1330 ἁγίας
3051 1261 3319 1315 συνόδου
3374 1260 3473 1332 διὰ
3520 1261 3627 1316 τοῦ
3657 1262 3852 1317 αὑτοῦ

633 1283 920 1355 Responsio
963 1292 1162 1355 supera:
1202 1279 1521 1355 syuodipe:
1550 1277 1786 1355 eumdem
1838 1276 2132 1344 episcopum

2410 1330 2749 1387 ἐπισκόπου
2787 1331 2994 1386 Ὀσίου
3028 1333 3260 1397 πόλεως
3284 1330 3681 1401 Κουρδούόης.

1005 1349 1188 1406 Osium
1218 1346 1447 1402 civitatis
1481 1346 1761 1402 Cordubw.

676 1465 833 1531 Illud,
892 1486 910 1518 t
950 1465 1015 1519 ad
1050 1463 1336 1533 imaginem
1366 1481 1385 1515 ι
1451 1476 1483 1516 o
1557 1460 1898 1531 philosophe,
1950 1473 2054 1512 non
2105 1457 2170 1511 ad

2317 1443 2418 1533 ,Τὸ
2458 1461 2478 1496 ι
2513 1443 2638 1496 κατ’
2681 1442 2899 1505 εἰκόνα,
2933 1460 2953 1493 ι
2981 1434 3026 1495 ὦ
3065 1441 3345 1512 φιλόσοφε,
3378 1442 3598 1515 νοητέον
3622 1443 3683 1496 οὗ
3706 1446 3859 1498 κατὰ

607 1574 893 1631 corporum
930 1557 1395 1620 constitutionem,
1429 1555 1520 1610 sed
1552 1555 1617 1608 ad
1666 1563 1896 1607 mentem
1947 1552 2170 1606 relatum

2284 1531 2373 1604 τὴν
2418 1533 2686 1603 σωμάτων
2722 1530 2970 1586 σύνθεσιν
2994 1570 3011 1596 ,
3039 1529 3176 1586 ἀλλὰ
3224 1532 3367 1586 κατὰ
3412 1533 3599 1604 νοερὸν
3631 1534 3856 1586 ἐντετυ-

607 1664 660 1708 et
686 1668 1001 1724 expressum
1032 1664 1153 1707 esse
1181 1647 1340 1706 docet
1372 1662 1553 1703 sermo
1586 1645 1852 1701 veritatis.
1880 1643 2015 1699 Audi
2046 1656 2175 1712 ergo

2284 1625 2494 1679 πῶσθαι
2533 1626 2561 1679 6
2599 1624 2698 1696 τῆς
2744 1624 3002 1694 ἀληθείας
3054 1624 3356 1697 παρίστησι
3410 1624 3586 1694 λόγος.
3646 1626 3854 1680 ’Δκουε

601 1755 659 1813 et
688 1712 945 1812 intellige.
989 1741 1127 1797 Deus
1153 1757 1274 1797 cum
1309 1739 1382 1795 sit
1413 1747 1603 1793 natura
1634 1738 1829 1801 bonus,
1859 1734 2173 1805 intelligenti

2284 1713 2456 1768 τοίνυν
2486 1714 2580 1767 καί
2608 1712 2791 1777 σύνες.
2839 1712 3068 1782 Ἀγαθὸς
3095 1712 3172 1767 ὢν
3201 1716 3229 1767 6
3267 1714 3400 1778 Θεὸς
3425 1718 3490 1786 τῇ
3525 1716 3704 1785 φύσει,
3728 1717 3853 1771 ένί-

610 1801 1200 1893 hominis-substantia:
1246 1831 1531 1901 insculpsit
1568 1832 1696 1885 illud
1737 1849 1751 1886 :
1810 1848 1828 1882 t
1857 1828 1938 1882 Ad
1984 1801 2175 1896 imagi-

2284 1803 2415 1875 πηξε
2457 1805 2525 1875 τῇ
2564 1804 2728 1875 νοερᾷ
2760 1802 2857 1855 τοῦ
2912 1801 3206 1875 ἀνθρώπου
3241 1804 3403 1877 οὐσίᾳ
3433 1806 3514 1871 τὸ,
3568 1826 3586 1859 ι
3622 1810 3739 1861 κατ’
3770 1810 3854 1862 εἰ·

611 1944 730 1985 uem
752 1938 805 1984 et
829 1927 1251 1994 similitudinem,
1285 1943 1303 1977 ι
1337 1936 1394 1979 ut
1421 1923 1733 1984 bonitatem,
1758 1917 2174 1990 simplicitatem,

2284 1895 2413 1948 κόνα
2449 1892 2621 1949 αὑτοῦ
2658 1892 2754 1948 καὶ
2802 1892 3084 1965 ὁμοίωσιν,
3132 1913 3150 1946 ι
3204 1888 3317 1949 οἷον
3366 1897 3464 1967 τὴν
3498 1898 3807 1970 ἀγαθότητα
3836 1939 3857 1965 ,

495 2026 503 2033 ’
609 2021 979 2087 sanctitatem,
1020 2018 1331 2088 puritatem,
1363 2016 1674 2079 candorem,
1724 2014 2067 2082 probitatem,
2098 2013 2176 2065 fe-

613 2111 898 2175 licitatem,
928 2119 984 2163 et
1013 2108 1097 2163 his
1124 2107 1320 2163 similia
1369 2128 1382 2162 :
1419 2117 1472 2160 ut
1506 2121 1624 2174 quae
1656 2102 1795 2157 Deus
1837 2112 1925 2156 est
1956 2116 2051 2170 per
2083 2115 2176 2154 na-

613 2212 813 2267 turam,
846 2200 1033 2256 eadem
1070 2214 1166 2269 per
1196 2198 1365 2269 ipsius
1400 2197 1630 2268 gratiam
1666 2195 1870 2249 habere
1900 2204 2079 2263 posset
2109 2193 2176 2247 ab

613 2292 732 2362 ipso
761 2298 974 2346 creatus
1009 2290 1188 2349 homo,
1238 2289 1337 2342 hoc
1371 2296 1474 2349 est,
1512 2285 1681 2355 ipsius
1724 2283 1956 2339 hominis
1996 2298 2167 2338 mens.

613 2382 680 2437 Et
710 2391 773 2438 ut
799 2381 1031 2453 pictores
1062 2378 1219 2449 periti
1255 2376 1636 2432 similitudines
1682 2375 1976 2446 imaginum
2011 2375 2063 2429 in
2099 2383 2179 2429 ta-

614 2475 772 2540 bulis,
808 2489 914 2529 non
940 2487 1008 2528 ex
1041 2487 1148 2527 uno
1178 2486 1392 2541 semper
1418 2468 1618 2534 colore,
1647 2468 1740 2523 sed
1769 2483 1833 2522 ex
1866 2468 2032 2522 variis
2055 2483 2180 2537 per-

614 2576 776 2639 petuo
829 2564 1123 2635 depingunt
1166 2579 1183 2619 :
1222 2562 1302 2618 sic
1349 2561 1494 2616 Deus
1549 2559 1754 2615 homini
1807 2560 1969 2615 etiam
2021 2573 2179 2627 quem

614 2657 843 2722 creavit,
885 2657 939 2710 in
988 2654 1184 2709 animae
1212 2651 1560 2723 intelligentis
1605 2651 1929 2716 conditorio,
1963 2651 2067 2706 hoc
2100 2658 2184 2706 est

616 2753 668 2806 in
705 2760 904 2814 mente,
933 2747 1225 2813 concessit,
1264 2753 1323 2800 ut
1350 2760 1445 2814 per
1487 2743 1717 2799 virtutes
1751 2742 1973 2797 haberet
2027 2740 2181 2807 illud,

616 2851 674 2895 nt
704 2841 771 2895 ad
810 2840 1098 2909 imaginem
1123 2847 1181 2894 et
1212 2836 1624 2893 similitudinem
1653 2849 1808 2891 suam
1843 2835 2179 2904 ﬁngeretur:

616 2947 736 2987 cum
766 2932 818 2985 in
847 2930 1067 2986 homine
1096 2928 1311 2985 abunde
1335 2924 1705 2996 conspiciatur
1725 2925 1901 2994 imago
1929 2938 2024 2995 per
2050 2937 2184 2993 pra--

618 3025 790 3079 dictas
816 3021 936 3075 illas
971 3034 1058 3075 res
1083 3018 1315 3084 divinas,
1343 3032 1480 3088 quas
1507 3015 1650 3071 Deus
1681 3015 1734 3070 in
1772 3014 1889 3086 ipso
1922 3016 2181 3085 reposuit,

618 3113 845 3170 dicens:
892 3130 911 3164 t
942 3110 1228 3167 Faciamus
1254 3108 1528 3165 hominem
1563 3107 1631 3163 ad
1680 3107 1970 3177 imaginem
2016 3116 2073 3164 et
2110 3106 2185 3163 si-

620 3203 971 3259 militudinem
1003 3209 1267 3257 nostram.
1301 3216 1321 3252 ι

1239 3466 1393 3526 CAP.
1432 3465 1595 3522 XVII.

1048 3581 1410 3638 Contradictio
1449 3578 1766 3651 philosophi.

694 3698 1019 3755 Diﬂ'erautur
1074 3695 1179 3751 ista
1226 3695 1327 3749 hoc
1384 3689 1634 3763 praesenti
1696 3697 1980 3759 tempore:
2057 3685 2190 3742 illud

600 3792 801 3864 .potius
844 3788 1190 3860 quaerendum
1244 3793 1351 3849 est,
1408 3784 1477 3838 de
1520 3797 1587 3838 eo
1635 3782 1862 3848 scilicet,
1907 3795 2004 3851 per
2050 3778 2191 3849 quod

626 3884 767 3938 Deus
819 3880 1090 3935 hominem
1140 3877 1289 3941 fecit,
1345 3885 1400 3930 et
1457 3866 1647 3929 omnia
1688 3886 1811 3942 quae
1847 3871 2096 3926 videntur
2138 3877 2194 3923 et

624 3988 745 4046 qum
786 3987 892 4026 non
930 3972 1201 4026 videntur.
1236 3967 1353 4022 Non
1401 3967 1544 4021 enim
1598 3964 1726 4019 mihi
1759 3963 2009 4031 videntur
2046 3969 2194 4016 recte

624 4044 684 4119 se
708 4064 905 4117 habere
936 4076 1057 4130 quae
1089 4060 1326 4121 dixistis,
1373 4056 1517 4126 quod
1566 4070 1730 4109 unum
1784 4044 1986 4124 pariter
2033 4051 2192 4107 fuerit

627 4169 840 4225 semper
868 4153 1036 4207 Filius
1064 4166 1184 4205 cum
1220 4147 1384 4202 Patre
1418 4147 1470 4201 in
1498 4146 1750 4216 idipsum,
1774 4152 1828 4198 et
1855 4142 1999 4213 quod
2024 4140 2193 4196 Filius

626 4262 835 4317 semper
862 4245 1024 4299 fuerit
1054 4245 1194 4298 Deus
1223 4256 1344 4296 cum
1379 4238 1561 4293 Patre.
1595 4238 1704 4308 Ego
1732 4250 1861 4290 vero
1893 4236 2125 4290 dicerem
2159 4248 2190 4287 a

628 4341 737 4394 Deo
764 4338 962 4392 factum
991 4335 1176 4398 fuisse,
1205 4332 1339 4387 utin
1362 4330 1631 4386 creaturis
1655 4329 1959 4385 ministrum
1984 4336 2190 4396 ageret.

628 4430 903 4501 lndigebat
934 4429 1077 4484 enim
1113 4428 1254 4482 Deus
1283 4425 1531 4479 ministro
1558 4425 1624 4478 ad
1654 4421 1891 4477 hominis
1919 4427 1973 4476 et
2002 4418 2189 4475 mundi

534 4570 537 4571 ν
626 4523 921 4591 npillcium.
974 4517 1207 4589 Ideoque
1261 4515 1438 4586 opifex
1507 4514 1647 4569 Deus
1704 4522 1927 4567 naturas
1975 4520 2191 4567 creatas

626 4614 937 4682 effecturus,
970 4610 1255 4668 constituit
1283 4609 1384 4664 sibi
1435 4610 1851 4663 instrumentum
1899 4619 1997 4674 per
2045 4604 2186 4673 quod
2221 4640 2265 4696 Β

628 4715 852 4761 naturas
883 4715 1073 4758 omnes
1102 4709 1332 4755 crearet.
1379 4695 1840 4766 Quemadmodum
1871 4694 2012 4749 enim
2042 4692 2193 4748 faber

628 4796 727 4852 sibi
749 4793 1029 4852 constituit
1059 4793 1209 4863 prius
1258 4792 1703 4853 instrumentum,
1748 4788 1800 4841 in
1843 4799 2031 4841 eorum
2074 4799 2194 4854 qua:

631 4888 872 4941 facturus
898 4894 1002 4950 est,
1026 4892 1352 4939 structuram
1377 4899 1391 4935 :
1429 4881 1503 4936 ita
1539 4880 1659 4935 licet
1702 4879 1755 4933 in
1785 4877 1894 4934 Deo
1919 4879 2181 4947 cogitare,

630 4978 772 5049 quod
802 4991 1111 5048 supponens
1150 4975 1255 5031 sibi
1291 4973 1394 5043 ipsi
1440 4972 1636 5028 Filium
1691 4980 1946 5042 tanquam
1992 4971 2195 5026 instru-

631 5078 895 5133 mentum,
929 5069 1186 5123 mundum
1212 5081 1308 5138 per
1338 5066 1512 5138 ipsum
1549 5065 1835 5121 creaverit.
1872 5063 2025 5130 Quod
2050 5063 2194 5117 enim

631 5159 701 5214 ab
740 5158 999 5230 Apostolo
1029 5158 1229 5215 dictum
1262 5167 1365 5222 est,
1410 5158 1553 5228 quod
1606 5173 1627 5209 t
1655 5155 1836 5211 omnia
1882 5169 1978 5224 per
2020 5156 2193 5222 ipsum

634 5252 772 5305 facta
807 5259 932 5305 sunt
954 5249 1022 5315 ”,
1055 5268 1074 5302 ι
1110 5260 1317 5305 natura;
1344 5262 1443 5320 per
1476 5249 1647 5320 ipsum
1675 5247 1828 5316 quasi
1868 5262 1964 5316 per
1988 5247 2193 5301 instru-

633 5352 867 5398 mentum
918 5341 1073 5397 facta:
1106 5352 1252 5397 sunt.
1288 5341 1355 5397 Et
1385 5340 1529 5412 quod
1576 5338 1717 5395 Deus
1763 5340 1897 5394 dixit
1953 5350 2193 5393 creatum

631 5445 754 5487 esse
805 5431 1074 5499 hominem
1146 5432 1215 5487 ad
1293 5430 1584 5499 imaginem
1656 5438 1713 5484 et
1789 5427 2195 5484 similitudinem

634 5498 1026 5592 nostramfper
1056 5498 1500 5590 instrumentum,
1550 5522 1653 5577 hoc
1696 5529 1780 5575 est
1831 5534 1929 5588 per
1976 5518 2193 5584 Filium,

632 5615 700 5669 ad
745 5629 899 5670 suam
951 5614 1120 5684 ipsius
1165 5614 1455 5687 imaginem
1506 5621 1564 5672 et
1613 5612 2019 5671 similitudinem
2058 5611 2199 5669 Deus

632 5704 787 5763 dixit.

698 5878 749 5917 δ’
776 5872 938 5938 Ιοοηῖ
960 5894 998 5948 ι,
1038 5879 1093 5935 5.

2275 1985 2373 2055 τὴν
2402 1984 2681 2054 ἁπλότητα
2700 2026 2713 2048 ,
2741 1983 2840 2055 τὴν
2874 1984 3136 2054 ἀγιότητα
3161 2027 3175 2051 ,
3218 1986 3315 2058 τὴν
3354 1988 3726 2060 καθαρότητα,
3754 1992 3860 2062 τὴν

2273 2074 2567 2143 ἀφθονίαν,
2599 2074 2701 2144 τὴν
2735 2074 3081 2147 χρηστότητα
3107 2116 3122 2142 ,
3174 2076 3273 2147 τὴν
3307 2079 3689 2150 μακαριότητα
3711 2123 3727 2147 ,
3758 2084 3860 2135 καὶ

2274 2164 2342 2219 τὰ
2374 2164 2584 2228 τούτοις
2615 2166 2818 2236 ὃμοια¹ο
2857 2166 2945 2219 ἴνα
2976 2165 3120 2239 ἇπερ
3149 2168 3299 2221 ἐστὶν
3328 2171 3356 2222 6
3390 2169 3524 2234 Θεὸς
3554 2174 3619 2242 τῇ
3656 2171 3857 2242 φύσει,

2275 2253 2451 2307 ταῦτα
2483 2253 2626 2309 κατὰ
2657 2253 2756 2326 τὴν
2782 2253 2950 2308 αὑτοῦ
2985 2256 3147 2326 χάριν
3177 2255 3324 2326 ἔχειν
3348 2260 3549 2331 δυνηθῇ
3582 2263 3678 2316 καὶ
3709 2265 3737 2316 6
3762 2262 3860 2316 ὑπ’

2254 2344 2442 2407 ,αὑτοῦ
2482 2344 2724 2410 κτισθείς
2752 2344 3041 2416 ἅνθρωπος
3063 2386 3078 2412 ,
3115 2346 3260 2401 τοῦτ’
3305 2347 3421 2403 ἔστι
3448 2350 3509 2403 τὸ
3536 2352 3724 2422 νοερὸν
3756 2354 3861 2406 αὑ·-

2277 2438 2398 2492 τοῦ.
2454 2437 2568 2492 Καὶ
2622 2436 2814 2506 ὥσπερ
2860 2438 2910 2491 οἰ
2964 2436 3072 2490 τῶν
3128 2438 3442 2510 ζωγράφων
3494 2443 3865 2515 ἐπιστήμονες

2278 2532 2584 2603 γράφοντες
2616 2532 2673 2583 ὲν
2705 2530 2884 2585 σανίσι
2921 2530 3021 2594 τὰς
3049 2532 3340 2601 ὁμοιώσεις
3368 2533 3478 2587 τῶν
3515 2535 3761 2599 εἰκόνων,
3792 2538 3866 2592 ὲκ

2279 2625 2552 2696 διαφόρων
2596 2624 2692 2679 καὶ
2734 2624 2835 2677 οὐκ
2881 2623 2943 2688 ἐξ
2988 2625 3107 2688 ἑνὸς
3155 2625 3445 2697 χρώματος
3496 2627 3596 2693 τὰς
3643 2629 3867 2693 εἰκόνας

2280 2718 2708 2788 άπαραλείπτως
2739 2716 3045 2789 γράφουσιν
3074 2733 3088 2748 ο
3122 2718 3264 2772 οὕτω
3299 2719 3531 2772 δέδωκεν
3558 2720 3587 2772 6
3615 2721 3748 2785 Θεὸς
3779 2721 3868 2793 τῷ

2282 2808 2553 2882 ἀνθρώπῳ
2566 2808 2641 2881 τῷ
2660 2808 2752 2861 ὑπ’
2771 2808 2938 2861 αὑτοῦ
2970 2808 3249 2862 κτισθέντι
3275 2809 3333 2862 ὲν
3350 2809 3427 2880 τῷ
3443 2810 3614 2883 νοερῷ
3643 2814 3864 2884 ταμείῳ

2281 2903 2379 2971 τῆς
2397 2900 2593 2971 ψυχῆς,
2623 2899 2769 2953 τοῦτ’
2790 2898 2905 2953 ἐστι
2932 2899 3009 2970 τῷ
3038 2898 3115 2971 νῷ
3139 2941 3155 2968 ,
3206 2900 3350 2971 ἔχειν
3390 2901 3479 2955 διὰ
3512 2903 3621 2956 τῶν
3648 2905 3867 2975 ἀρετῶν

2281 2990 2345 3043 τὸ
2364 2992 2483 3043 κατ’
2503 2989 2685 3043 εἰκόνα
2704 2989 2871 3043 αὐτοῦ
2907 2990 3002 3044 καὶ⁸
3023 2991 3283 3061 ὁμοίωσιν
3304 3009 3317 3024 ·
3336 2991 3436 3062 τῆς
3468 2993 3680 3058 εἰκόνος
3714 2997 3868 3049 άπα-

2286 3082 2573 3154 ραλείπτου
2626 3082 3024 3154 εὑρισκομένης
3080 3085 3138 3137 έν
3182 3082 3261 3156 τῷ
3306 3084 3578 3159 ἀνθρώπῳ
3620 3087 3707 3143 διὰ
3752 3089 3868 3144 τῶν

2286 3173 2705 3246 προρρηθέντων
2732 3174 2891 3229 θείων
2920 3175 3283 3246 πραγμάτων,
3315 3170 3389 3230 ὧν
3418 3178 3682 3252 ἀνέθηκεν
3712 3181 3869 3253 αὑτῷ

2216 3295 2261 3353 C
2289 3265 2466 3327 όΘεὸς
2486 3307 2502 3333 ,
2534 3264 2705 3320 εἰπών
2725 3282 2738 3297 ·
2777 3285 2795 3318 ι
2836 3267 3161 3338 Ποιήσωμεν
3190 3268 3483 3342 ἄνθρωπον
3517 3272 3643 3327 κατ’
3674 3274 3867 3329 εἰκόνα

2290 3353 2563 3427 ἡμετέραν
2600 3354 2696 3409 καὶ
2736 3354 2857 3409 καθ’
2888 3356 3171 3426 ὁμοίωσιν.
3214 3382 3235 3411 ι

2878 3468 3129 3524 ΚΕΦΑΛ.
3165 3470 3263 3527 ΙΖ’.

2652 3580 3016 3650 Ἀντίρῤησις
3048 3569 3156 3637 τοῦ
3177 3587 3546 3655 φιλοσόφου.

2372 3690 2753 3763 ’Υπερκείσθω
2787 3708 2879 3762 μοι
2908 3692 3081 3748 ταῦτα
3104 3694 3197 3749 ἐπὶ
3224 3695 3319 3750 τοῦ
3342 3700 3609 3770 παρόντος
3630 3703 3827 3776 καιροῦ
3846 3722 3865 3738 ⁸

2304 3783 2506 3837 Ἐκεῖνο
2528 3783 2584 3837 δὲ
2613 3783 2812 3854 μᾶλλον
2830 3785 3201 3858 ἐπερωτητέον
3223 3789 3349 3860 περί
3362 3790 3478 3854 τοῦ,
3498 3791 3565 3846 δι’
3591 3812 3651 3850 ου
3676 3795 3865 3868 ἰποίη-

2292 3891 2384 3928 σεν
2408 3874 2437 3927 6
2464 3873 2597 3938 Θεὸς
2624 3874 2715 3928 τὸν
2738 3875 3048 3946 ἄνθρωπον,
3083 3878 3176 3931 καί¹
3196 3879 3376 3936 πάντα
3408 3883 3478 3937 τά
3497 3901 3558 3937 τε
3588 3886 3863 3958 ὁρώμενα,

2288 3967 2359 4022 τά
2386 3984 2446 4021 τε
2488 3967 2564 4039 μὴ
2590 3967 2864 4040 ὁρώμενα.
2900 3969 2975 4022 Οὐ
3003 3969 3112 4042 γάρ
3157 3989 3247 4043 μοι
3271 3974 3420 4029 δοκεῖ
3446 3973 3504 4031 εὖ
3526 3978 3693 4049 ἔχειν,
3722 3982 3867 4053 ἅπερ

2291 4061 2575 4132 εἰρήκατε,
2603 4063 2687 4115 ὄτι
2725 4062 2784 4114 ἓν
2823 4062 2968 4115 κατὰ
3004 4064 3065 4116 τὸ
3100 4065 3231 4119 αὑτὸ
3257 4068 3286 4120 6
3318 4069 3505 4141 Πατὴρ
3536 4071 3632 4124 καὶ
3669 4074 3698 4126 6
3736 4072 3866 4137 Υἰὸς

2291 4152 2477 4217 άῖδίως
2505 4153 2621 4223 ἅμα
2644 4194 2659 4218 ,
2706 4156 2800 4208 καὶ
2848 4155 2932 4208 ὃτι
2967 4155 3099 4220 Θεὸς
3136 4160 3224 4213 ἀεὶ
3267 4163 3746 4236 συμπροῦπάρχων
3787 4165 3867 4236 τῷ

2290 4243 2470 4315 Πατρὶ
2501 4244 2530 4296 6
2558 4243 2708 4307 Υἰός.
2766 4243 2907 4313 Ἐγὼ
2932 4244 2989 4297 δὲ
3022 4247 3188 4319 φαίην
3212 4249 3491 4321 ὑπουργὸν
3521 4253 3579 4306 ὲν
3615 4256 3725 4318 τοῖς
3751 4255 3865 4308 κτίο

2292 4355 2461 4410 σμασι
2484 4340 2813 4412 γεγενῆσθαι
2842 4340 3004 4395 αὑτὸν
3038 4342 3142 4398 ὑπὸ
3174 4345 3266 4400 τοῦ
3298 4347 3458 4406 Θεοῦ.
3526 4326 3726 4403 Ἐδείτὸ
3755 4352 3866 4422 γὰρ

2290 4432 2320 4485 6
2352 4431 2485 4493 Θεὸς
2532 4433 2810 4505 ὑπουργοῦ
2865 4438 2947 4500 εἰς
3001 4436 3099 4507 τὴν
3145 4437 3240 4491 τοῦ
3275 4439 3564 4510 ἀνθρώπου
3620 4442 3714 4494 καὶ
3768 4445 3865 4496 τοῦ

2292 4523 2500 4594 κόσμου
2532 4530 2905 4601 κατασκευήν.
2940 4530 3033 4585 Διὸ
3068 4530 3275 4603 μέλλων
3303 4534 3331 4585 6
3375 4533 3709 4602 δημιουργὸς
3732 4534 3869 4599 Θεὸς

2291 4615 2500 4680 κτίζειν
2560 4617 2658 4680 τὰς
2710 4623 2932 4684 κτιστὰς
2988 4623 3223 4694 φύσεις,
3279 4624 3623 4692 ὑπεστήσατο
3687 4625 3869 4697 ἑαυτῷ

2295 4704 2595 4775 ἐργαλεῖον,
2629 4709 2696 4762 δι’
2739 4705 2798 4764 οὗ
2836 4712 3010 4766 κτίσει
3047 4715 3225 4776 πάσας
3258 4712 3357 4777 τὰς
3396 4712 3609 4783 φύσεις.
3644 4714 3864 4787 ’Ὠσπερ

2294 4796 2404 4869 γὰρ
2432 4799 2460 4852 6
2493 4800 2701 4854 τέκτων
2728 4806 3040 4875 προῦφιστᾷ
3073 4804 3332 4875 ἐργαλεῖα
3367 4808 3447 4867 εἰς
3479 4806 3577 4877 τὴν
3623 4808 3731 4859 τῶν
3773 4810 3866 4863 ὑπ’

2296 4889 2462 4946 αὐτοῦ
2501 4890 2803 4961 μελλόντων
2853 4894 3102 4963 γίνεσθαι
3139 4897 3509 4967 κατασκευήν,
3547 4896 3717 4961 οὑτως
3751 4901 3868 4954 ἐστὶ

2297 4986 2485 5055 νοῆσαι
2522 4986 2615 5039 καί
2652 4986 2745 5040 ἐπὶ
2775 4987 2870 5040 τοῦ
2912 4987 3049 5041 Θεοῦ
3075 5028 3090 5053 ,
3121 4989 3203 5041 ὄτι
3231 4989 3545 5059 ὑποστήσας
3581 4991 3763 5063 ἐαυτῷ
3789 4992 3864 5052 ὡς

2300 5075 2583 5146 ἐργαλεῖον
2605 5077 2696 5130 τὸν
2719 5077 2866 5145 Υἰὸν,
2901 5078 3085 5132 ἔκτισε
3122 5078 3190 5132 δι’
3212 5079 3379 5134 αὐτοῦ
3403 5081 3494 5133 τὸν
3530 5082 3758 5153 κόσμον.
3793 5084 3863 5135 Τὸ

2301 5167 2411 5238 γὰρ
2433 5167 2539 5221 ὑπὸ
2558 5169 2651 5222 τοῦ
2675 5170 2973 5225 ἀποστόλου
3006 5171 3194 5243 ῥηθὲν,
3226 5172 3308 5225 ὅτι
3339 5193 3357 5225 ι
3392 5173 3583 5227 Πάντα
3611 5174 3677 5226 δι’
3701 5172 3865 5229 αὑτοῦ

2300 5257 2537 5326 ἐγένετο,
2582 5278 2602 5312 ι
2641 5260 2717 5323 ὡς
2740 5261 2806 5315 δι’
2840 5264 3119 5333 ἐργαλείου
3154 5265 3483 5338 ἐκτίσθησαν
3513 5267 3571 5319 αἰ
3604 5265 3675 5319 δι’
3701 5265 3870 5320 αὐτοῦ

2300 5349 2513 5419 φύσεις.
2550 5353 2659 5407 Καὶ
2707 5352 2769 5406 τὸ
2800 5355 2921 5407 κατ’
2954 5358 3138 5410 εἰκόνα
3181 5358 3240 5411 δὲ
3275 5359 3552 5429 ἡμετέραν
3606 5360 3698 5411 καὶ
3742 5358 3871 5413 καθ’

2300 5440 2560 5511 ὁμοίωσιν
2599 5445 2775 5497 εἰπεῖν
2808 5444 2901 5499 τὸν
2938 5447 3071 5500 Θεὸν
3109 5448 3394 5519 κτισθῆναι
3426 5453 3518 5504 τὸν
3556 5450 3866 5522 ἄνθρωπον,

2299 5531 2387 5587 διὰ
2410 5534 2502 5587 τοῦ
2532 5536 2839 5606 ἐργαλείου,
2871 5538 3015 5593 τοῦτ’
3048 5539 3163 5594 ἐστι
3196 5540 3286 5595 διὰ
3316 5541 3411 5596 τοῦ
3440 5540 3574 5596 Υἰοῦ
3604 5543 3745 5599 κατὰ
3771 5544 3873 5614 τὴν

2300 5622 2498 5679 ἑαυτοῦ
2540 5627 2728 5683 εἰκόνα
2752 5630 2848 5686 καί⁵
2877 5630 3160 5701 ὁμοίωσιν,
3194 5627 3350 5686 εἶπεν
3380 5634 3410 5687 6
3440 5631 3599 5696 Θιός.
