4148 6578
458 414 586 480 1261

1346 417 1713 480 HISTORIA
1751 414 2085 476 CONCILII
2126 415 2431 478 ΝῘΕΧΕΝῙ.
2473 443 2541 454 -·
2579 421 2725 481 LIB.
2766 422 2849 484 II.

3566 426 3703 492 1262

460 518 921 605 Ἂιγαπόᾷιρισις
944 532 1062 587 τῶν
1082 532 1269 600 ἁγίων
1290 532 1577 605 ,Πατέρων
1600 529 1700 605 Qui
1738 528 2007 605 Λεογτίοι

2133 525 2324 605 Mutua
2372 533 2643 605 resporrsio
2690 544 2997 605 sanctorum
3038 533 3259 590 Patrum
3301 552 3393 605 per
3425 537 3703 597 Leontium

521 597 858 656 ἑπισκόαὶου
889 597 1246 671 Καισαρείας
1280 597 1705 664 Καππαδοκίας
1730 637 1744 662 ,
1786 597 1885 651 καὶ
1917 598 2030 648 Εὐ-

518 673 748 741 ψυχίου
777 673 1118 728 ἐπισκόπου
1150 671 1453 726 Τυάννων.

523 787 585 843 Εἰ
617 780 733 851 οὖν,
768 786 846 849 ὡς
880 786 945 838 σὺ
976 785 1116 857 φὴς,
1150 786 1434 857 ἐργαλεῖον
1466 786 1494 839 ὁ
1531 784 1657 847 Υἱὸς
1698 783 1778 845 είς
1808 780 2027 850 ποίησιν

448 879 556 933 τῶν
599 876 832 931 κτιστῶν
877 876 1096 945 φύσεων
1143 877 1249 930 ὑπὸ
1283 876 1377 930 τοῦ
1426 875 1640 946 [ἰατρὸς
1668 872 1927 941 ἐκτίσθη,
1964 872 2028 924 ἐκ

446 972 557 1025 τῶν
578 969 803 1025 σεαυτοῦ
836 970 1205 1033 καταπίπτεις
1236 969 1436 1039 λόγων,
1471 962 1515 1022 ὦ
1545 967 1823 1037 φιλόσοφε.
1850 964 2014 1033 Λέγει

447 1063 557 1135 γὰρ
584 1064 617 1132 ἡ
659 1060 751 1115 τοῦ
781 1060 1116 1130 Εὐαγγελίου
1163 1062 1339 1131 φωνὴ,
1372 1058 1448 1123 ὼς
1477 1060 1572 1114 καὶ
1599 1057 1761 1120 αὐτὸς
1808 1055 2014 1126 ἀρτίως

445 1153 743 1226 ἐμνήσθης.
788 1172 805 1204 ι
836 1153 1029 1206 -Πὰντα
1066 1152 1131 1205 δι’
1164 1150 1333 1205 αὑτοῦ
1386 1149 1627 1218 ἐγένετο.
1677 1165 1697 1200 ι
1738 1146 1853 1200 Καὶ
1885 1143 2024 1199 ἐπά-

444 1261 531 1313 γει
559 1263 570 1276 ο
598 1263 615 1296 ι
646 1244 751 1297 Καὶ
781 1244 946 1315 χωρὶς
977 1240 1143 1296 αὐτοῦ
1164 1241 1383 1309 ἐγένετο
1409 1241 1532 1309 οὐδὲ
1556 1239 1640 1304 ἓν,
1664 1238 1692 1292 ὃ
1719 1238 1962 1307 γέγονεν.
1999 1254 2017 1288 ι

442 1336 509 1389 Ei
537 1335 629 1389 οὖν
672 1337 783 1388 πᾶν
822 1334 882 1388 τὸ
929 1332 1148 1387 κτιστὸν
1177 1333 1244 1387 δι’
1279 1332 1445 1386 αὑτοῦ
1484 1332 1699 1400 γέγονε,
1729 1328 1825 1382 καὶ
1852 1327 2023 1400 χωρὶς

439 1425 605 1479 αὑτοῦ
639 1425 861 1495 γέγονεν
877 1425 998 1479 οὑδέ
1027 1424 1085 1478 ἒν
1111 1424 1139 1478 ὃ
1162 1422 1374 1493 γέγονε,
1401 1422 1607 1493 κτίσμα
1628 1421 1683 1474 δὲ
1708 1420 1802 1474 καὶ
1820 1422 1847 1474 ὀ
1868 1419 2018 1484 Υἱὸς,

437 1519 514 1583 ὡς
571 1518 732 1583 αὐτὸς
784 1520 935 1589 φής·
985 1517 1181 1573 ἑαυτὸν
1234 1516 1448 1570 ἔκτισεν
1514 1515 1661 1585 ἄρα,
1721 1513 1817 1566 καὶ
1852 1511 1951 1584 οὐχ
1991 1512 2021 1564 ὁ

439 1612 592 1684 Πατή
601 1628 652 1683 ρ.

770 1723 1129 1793 Ἀντιλόρησις
1168 1725 1277 1780 τοῦ
1315 1726 1681 1797 φιλοσόφου.

508 1835 692 1903 ’Ἀπαξ
727 1831 882 1890 εἷπον
903 1878 917 1902 ,
944 1838 1027 1891 ὅτι
1060 1837 1239 1892 πάντα
1286 1837 1354 1891 δι’
1398 1838 1704 1910 ἐργαλείου,
1738 1836 1807 1890 δι’
1850 1834 2016 1891 αὑτοῦ
2046 1867 2089 1924 Α

435 1928 691 1998 ἐποίησεν
730 1930 759 1983 ὁ
793 1929 945 1994 Θεὸς,
982 1932 1062 1994 είς
1092 1931 1224 1984 αὐτὸ
1252 1931 1412 1984 τοῦτο
1446 1932 1679 2002 ποιήσας
1709 1930 1870 1985 αὐτὸν
1901 1929 2009 1984 πά-

436 2038 537 2093 σης
570 2022 797 2086 κτίσεως
837 2021 948 2095 [ῖσ.
976 2024 1083 2096 πρὸ
1113 2023 1339 2095 namq].
1365 2024 1459 2078 καὶ
1487 2024 1625 2095 πρὸς
1660 2024 1877 2096 ποίησιν
1905 2023 2013 2077 τῶν

434 2114 665 2167 κτιστῶν
695 2114 910 2185 φύσεων
943 2116 1221 2187 ἐργαλεῖον
1252 2114 1578 2187 εὐτρεπίσας
1612 2115 1795 2169 αὐτόν.

446 2226 892 2295 Ἀνταπόκρισις
924 2228 1042 2281 τῶν
1063 2228 1248 2298 ἁγίων
1264 2227 1542 2297 Πατέρων
1566 2228 1663 2282 διὰ
1684 2227 1803 2281 τῶν
1816 2226 2015 2282 αὐτῶν

644 2298 997 2352 ἐπισκόπων
1025 2299 1311 2353 Λεοντίου
1340 2300 1440 2355 καί
1464 2299 1803 2367 Εὺψιυχίου.

506 2408 658 2471 Είπὲ,
684 2402 729 2461 ὦ
768 2407 1011 2479 βέλτιστε
1034 2448 1049 2470 ,
1081 2407 1183 2462 ποῦ
1219 2408 1299 2461 σοί
1328 2426 1412 2472 τις
1440 2408 1697 2479 ἐργαλεῖα
1741 2407 2004 2478 ἀνεϐόησε

432 2499 521 2552 τὸν
559 2501 686 2573 Υίὸν
712 2500 822 2573 [ἵσ.
872 2502 967 2555 καὶ
997 2500 1079 2573 τὸ]
1112 2500 1205 2554 τοῦ
1242 2501 1376 2554 Θεοῦ
1401 2518 1416 2566 ;
1447 2501 1499 2554 τί
1528 2501 1621 2553 καὶ
1646 2499 2012 2572 τὸ(11)ἆγιον

430 2588 595 2642 αὑτοῦ
635 2590 888 2662 Πνεῦμα;
934 2590 1213 2662 παράσχου
1238 2592 1368 2661 ἡμῖν
1407 2592 1503 2654 τὰς
1546 2592 1847 2661 μαρτυρίας
1893 2591 2002 2644 τῶν

431 2682 757 2736 ὑποθέσεων.
785 2683 938 2747 Τίνος
954 2682 1399 2754 πνευματοφόρου
1415 2682 1556 2752 ἔχεις
1571 2686 1668 2745 τὰς
1686 2684 2009 2752 ὑπογραφὰς

428 2772 759 2836 ἐκδὼσαντος
792 2773 1073 2843 ἐργαλεῖον
1092 2774 1182 2827 τὸν
1208 2773 1337 2826 Υἰὸν
1357 2773 1450 2827 τοῦ
1474 2772 1609 2826 Θεοῦ
1640 2772 1733 2827 τὸν
1750 2773 2005 2844 κτίστην,

429 2864 648 2918 πάντων
675 2864 783 2918 τῶν
823 2863 1035 2918 αἰώνων
1079 2866 1171 2918 καὶ
1208 2863 1396 2917 πασῶν
1437 2864 1705 2934 στρατιῶν
1754 2866 1991 2936 ἐπουρα-

428 2956 577 3021 νίων,
604 2958 699 3011 καὶ
745 2958 963 3011 πάντων
999 2957 1285 3027 ἐπιγείωνς
1332 2957 1668 3010 Ἐπέικουσον
1716 2956 1919 3020 τοίνυν,
1949 2950 1994 3010 ὦ

427 3049 706 3119 φιλόσοφε,
735 3049 845 3103 τῶν
879 3050 1194 3121 μαρτυριῶν
1223 3049 1333 3102 τῶν
1358 3050 1423 3101 ἐκ
1443 3049 1552 3102 τῶν
1569 3049 1729 3103 θείων
1753 3047 2008 3119 Γραφῶν,

428 3142 535 3195 τῶν
565 3142 913 3213 ὲκθησάντων
941 3143 1074 3196 Θεὸν
1114 3142 1190 3205 ὡς
1225 3142 1400 3196 ἁῖδιον
1426 3142 1503 3214 τῷ
1534 3142 1711 3214 Πατρ)⁸
1753 3141 1844 3195 τὸν
1877 3141 2007 3195 Υίὸν

2201 600 2495 680 episcopum
2531 600 2787 680 Ca'sarew
2819 603 3184 674 Cappadociw,
3240 600 3320 661 etv.
3342 604 3703 680 Eupsycltium

2202 664 2519 738 'I‘yanensem
2554 673 2872 739 episcopum.

2203 779 2258 834 Si
2289 795 2441 850 ergo,
2475 792 2533 836 ut
2558 791 2613 836 ιιι
2644 782 2807 847 dicis,
2850 783 3016 840 Filius
3048 774 3463 843 instrumentum
3499 790 3566 844 ad
3601 806 3699 846 ua-

2132 880 2372 926 turarum
2407 872 2744 929 eﬂ‘ectionem
2778 889 2807 927 a
2842 874 3001 929 Patre
3052 888 3270 933 creatus
3321 892 3421 946 est,
3476 896 3543 935 ex
3594 884 3702 937 tuis

2129 964 2297 1033 ipsius
2324 965 2507 1020 verbis
2541 966 2772 1033 excidis,
2795 982 2829 1021 ο
2858 968 3199 1038 philosophe.
3236 971 3326 1025 Ait
3350 974 3493 1028 enim
3524 974 3699 1030 Evan-

2126 1055 2250 1124 gelii
2277 1071 2403 1122 vox,
2442 1056 2895 1127 quemadmodum
2928 1067 2984 1113 et
3016 1059 3129 1127 ipse
3157 1060 3317 1126 paulo
3345 1072 3471 1117 ante
3503 1065 3698 1119 memi-

2127 1146 2251 1201 nisti
2278 1165 2293 1201 :
2333 1166 2353 1200 ι
2381 1146 2573 1205 Omnia
2606 1163 2700 1217 per
2720 1148 2891 1219 ipsum
2916 1148 3059 1204 facta
3088 1158 3233 1205 sunt.
3264 1169 3285 1203 ι
3318 1150 3386 1205 Ει
3410 1154 3692 1224 adjungit:

2130 1255 2150 1289 ι
2179 1237 2247 1292 Ει
2276 1238 2393 1294 sine
2418 1239 2535 1309 ipso
2558 1240 2762 1295 factum
2792 1250 2873 1297 est
2902 1241 3033 1295 nihil
3068 1241 3210 1311 quod
3242 1240 3441 1298 factum
3464 1256 3547 1300 est
3566 1246 3630 1301 “.
3668 1265 3690 1300 ι

2125 1330 2292 1399 lgitur
2324 1332 2367 1386 si
2399 1347 2560 1387 omne
2589 1345 2834 1389 creatura
2885 1350 2980 1404 per
3028 1335 3200 1404 ipsum
3239 1336 3435 1391 laetum
3484 1349 3588 1403 est.
3640 1352 3694 1395 et

2124 1424 2240 1478 sine
2273 1424 2390 1493 ipso
2426 1422 2629 1477 factum
2663 1434 2745 1480 est
2781 1425 2912 1481 nihil
2958 1427 3098 1497 quod
3142 1426 3341 1482 factum
3390 1436 3493 1496 est,
3528 1429 3696 1486 Filius

2123 1524 2301 1569 autem
2332 1516 2508 1570 iactus
2530 1527 2634 1584 est,
2670 1528 2726 1571 ut
2765 1519 2878 1588 ipse
2916 1521 2997 1575 ais
3026 1539 3039 1574 :
3082 1536 3141 1575 se
3178 1521 3293 1591 ipse
3324 1522 3509 1594 utique
3542 1537 3694 1580 crea-

2123 1607 2220 1670 vit,
2259 1624 2360 1661 non
2399 1606 2577 1663 Pater.

2543 1720 2905 1778 Contradictio
2949 1724 3266 1797 pliilosoiihi.

2193 1826 2372 1883 Semel
2405 1829 2538 1892 dixi,
2567 1832 2709 1901 quod
2736 1833 2914 1887 omnia
2946 1849 3041 1903 per
3068 1836 3240 1905 ipsum
3271 1846 3329 1892 ιιι
3357 1855 3452 1909 per
3479 1841 3684 1900 instru-

2122 1934 2361 1976 mentum
2413 1924 2543 1978 fecit
2591 1926 2753 1991 Deus,
2810 1927 2861 1981 in
2918 1932 3020 1982 hoc
3070 1928 3242 1999 ipsum
3289 1940 3417 1989 ante
3469 1948 3685 1991 omnem

2115 2027 2417 2070 creaturam
2444 2018 2619 2087 ipsum
2646 2016 2869 2085 faciens,
2897 2019 3070 2088 ipsum
3099 2025 3517 2083 instrumentum
3551 2044 3687 2098 prae-

2112 2109 2322 2173 paravit
2375 2109 2443 2161 ad
2514 2119 2823 2163 creatarum
2886 2121 3199 2166 naturarum
3234 2115 3592 2174 eil'ectioncm.

2116 2217 2403 2287 Responsio
2434 2231 2736 2301 sanflorum
2793 2221 3010 2301 Patr_:_tm
3061 2229 3382 2301 pet-eosdem
3414 2231 3680 2301 episcopos

2517 2290 2791 2346 Leontium
2823 2302 2870 2346 et
2904 2290 3281 2365 Eupsycltium.

2183 2403 2296 2468 Dic,
2339 2404 2420 2457 vir
2447 2404 2670 2474 optime,
2716 2405 2931 2461 ubinam
2966 2409 3232 2477 quispiam
3272 2411 3367 2466 libi
3419 2413 3679 2480 insonuit.

2110 2491 2302 2548 Filium
2337 2496 2427 2549 Dei
2471 2506 2523 2550 et
2566 2497 2828 2565 Spiritum
2879 2498 2994 2567 ejus
3037 2510 3281 2555 sanctum
3322 2503 3680 2561 instrumenta

2110 2585 2267 2639 esse?
2293 2587 2659 2643 cxhibeuobis
2702 2589 2892 2643 harum
2932 2591 3307 2662 hypothesium
3354 2597 3678 2654 testimonia.

2109 2678 2293 2746 Cujus,
2347 2679 2438 2747 qui
2464 2679 2677 2747 quidem
2729 2683 2919 2749 spiritu
2953 2685 3200 2749 ducatur,
3255 2687 3681 2757 subscriptiones

2112 2768 2297 2834 habes,
2342 2771 2432 2839 qui
2468 2771 2572 2824 Dei
2605 2770 2802 2828 Filium
2834 2774 3251 2831 instrumentum
3294 2793 3415 2834 esse
3449 2782 3682 2838 tradide-

2111 2862 2202 2928 rit,
2238 2878 2360 2916 cnm
2403 2863 2476 2917 sit
2519 2873 2735 2919 creator
2759 2867 3001 2921 onmium
3052 2869 3399 2935 saeculorum,
3450 2880 3505 2925 et
3561 2888 3650 2927 om

2111 2956 2258 3010 nium
2306 2957 2629 3013 cmlestium
2663 2958 3026 3023 exercituum.
3078 2972 3131 3015 et
3173 2962 3411 3016 omnium
3453 2978 3572 3034 quae
3624 2964 3678 3019 in

2113 3058 2253 3103 terra
2283 3050 2452 3104 sunt?
2503 3051 2641 3105 Audi
2686 3050 2870 3120 igitur,
2902 3067 2934 3104 ο
2981 3052 3318 3122 philosophe,
3372 3057 3681 3111 testimonia

2111 3157 2175 3195 ex
2205 3143 2400 3198 divinis
2429 3142 2748 3214 Scripturis,
2801 3156 3129 3201 coaeternmn
3178 3147 3325 3203 Patri
3373 3149 3564 3205 Filium
3601 3152 3681 3222 ip-

427 3234 613 3298 αὒτοῦ,
632 3235 859 3305 κτίστην
883 3253 942 3287 τε
962 3234 1058 3287 καὶ
1076 3234 1408 3304 δημιουργὸν
1430 3236 1620 3289 πασῶν
1638 3233 1747 3288 τῶν
1766 3234 2002 3289 κτιστῶν

2111 3233 2223 3287 sius
2251 3248 2370 3288 esse
2417 3237 2806 3301 astruentibus,
2859 3245 3271 3307 creatoremqne
3321 3248 3376 3293 et
3429 3239 3678 3311 Opificem

428 3324 663 3393 φύσεων.
704 3324 792 3378 Ἐν
842 3326 940 3395 μὲν
1002 3324 1168 3396 βίϐλῳ
1209 3327 1443 3390 κτίσεως
1480 3326 1624 3397 ἔχεις
1663 3327 1868 3395 Μωσῆν
1911 3326 2005 3379 τὸν

427 3416 733 3485 προφήτην,
754 3416 810 3480 ὃς
846 3417 1268 3487 συνδημιουργὸν
1293 3418 1371 3488 τῷ
1404 3418 1521 3487 Θεῷ
1566 3418 1660 3470 καὶ
1708 3417 1885 3487 Πατρὶ
1913 3417 2004 3470 τὸν

430 3506 558 3559 Υἱὸν
610 3506 879 3572 ἐξέδωκε,
923 3508 1100 3576 λέγων
1151 3509 1293 3562 καθὰ
1330 3509 1745 3580 προειρήκαμέν
1801 3525 1908 3574 σοι,
1959 3502 2005 3563 ὧ

429 3598 707 3669 βέλτιστε*
738 3595 892 3655 εἶπεν
924 3602 952 3655 ὁ
982 3601 1140 3665 Θεὸς,
1168 3618 1187 3653 ι
1225 3592 1548 3673 Ποιήσωμεν
1569 3601 1855 3674 ἄνθρωπον
1884 3602 2005 3655 κατ’

426 3692 610 3746 εἰκόνα
651 3692 927 3765 ἡμετέραν
974 3693 1071 3747 καὶ
1113 3693 1235 3748 καθ’
1279 3694 1580 3764 ὁμοίωσιν.
1631 3714 1651 3746 ι
1704 3693 2005 3765 Πρόσωπον

428 3784 860 3857 συνὸημιουργὸν
891 3785 1188 3854 συγκαλεὶν
1220 3786 1485 3855 πέφυκεν,
1521 3785 1634 3839 ἀλλ’
1670 3786 1791 3856 οὐχὶ
1833 3786 2003 3853 ἐργα-

424 3876 561 3929 λεῖα.
588 3876 660 3929 Τὸ
696 3877 804 3947 γὰρ
832 3877 1005 3931 εἰπεῖν
1045 3894 1058 3908 ·
1095 3895 1112 3928 ι
1156 3878 1266 3932 Καὶ
1290 3878 1547 3947 ἐποίησεν
1578 3877 1606 3929 ὁ
1633 3876 1765 3940 Θεὸς
1787 3875 1878 3929 τὸν
1906 3875 2003 3929 ἄν·

425 3968 665 4040 θρωπον,
721 3968 841 4022 κατ’
892 3969 1082 4023 είκὸνα
1128 3971 1384 4041 ἐποίησεν
1432 3971 1618 4038 αὐτὸν,
1679 3971 1851 4045 ἄρρεν
1906 3972 2001 4025 καὶ

425 4060 559 4127 θῆλυ
606 4060 864 4135 ἐποίησεν
912 4063 1109 4127 αὐτούς
1132 4079 1146 4094 ’
1184 4082 1201 4113 ι
1239 4062 1532 4119 αὐθεντίαν
1563 4063 1858 4137 προσώπου
1900 4082 1998 4137 ση·

430 4148 632 4217 μαίνει.
680 4149 768 4201 Ἐν
805 4148 883 4221 τῷ
930 4151 1040 4221 γὰρ
1086 4154 1299 4205 εἰπεῖν·
1354 4172 1372 4203 ι
1423 4154 1749 4225 Ποιήσωμεν
1797 4154 2003 4225 ἄνθρω-

425 4256 556 4301 πον,
605 4259 623 4290 ι
666 4240 883 4310 ἀναιρεῖ
910 4242 1012 4311 τὴν
1060 4242 1166 4295 τῶν
1213 4243 1512 4314 ἐργαλείων
1544 4244 1807 4298 ἐπίνοιαν.
1854 4246 1999 4317 Τρα-

426 4331 665 4402 νωτέραν
693 4332 847 4403 δέχου
880 4335 1186 4404 μαρτυρίαν
1221 4334 1572 4406 αὑθεντικὴν,
1614 4338 1695 4400 είς
1730 4337 1896 4409 μόνον
1938 4337 1999 4390 τὸ

426 4422 718 4493 πρόσωπον
775 4425 871 4478 τοῦ
923 4425 1054 4478 Υἱοῦ
1098 4427 1437 4492 ἐκτεθεῖσαν,
1493 4427 1785 4482 δεικνῦσαν
1833 4428 1998 4483 αὑτὸν

2106 3326 2350 3378 omnium
2407 3336 2715 3380 creatarum
2765 3337 3099 3382 naturarum.
3153 3328 3209 3382 In
3264 3328 3401 3384 libro
3463 3334 3678 3400 quidem

2105 3417 2333 3473 Genesis
2402 3418 2567 3472 habes
2634 3417 2848 3488 Moysen
2903 3418 3253 3488 prephetam,
3315 3422 3405 3490 qui
3469 3434 3681 3477 creato.

2107 3522 2222 3561 rem
2263 3506 2423 3562 simul
2477 3522 2598 3560 cum
2650 3507 2756 3561 Deo
2810 3515 2866 3561 et
2908 3507 3069 3562 Patre
3127 3506 3321 3562 Filium
3370 3508 3683 3581 fuisse;tra-

2102 3597 2256 3661 didit,
2298 3597 2507 3661 dicens,
2548 3606 2605 3651 ut
2637 3596 2756 3660 tibi,
2801 3598 2883 3652 vir
2929 3598 3149 3666 optime,
3214 3599 3365 3667 prius
3408 3602 3675 3663 diximus:

2111 3706 2130 3741 ι
2163 3688 2446 3743 Faciamus
2500 3688 2774 3743 hominem
2803 3691 2868 3744 ad
2929 3690 3215 3760 imaginem
3259 3694 3332 3760 et]
3365 3692 3679 3749 similitudi-

2106 3798 2230 3837 nem
2265 3790 2506 3836 nostram
2530 3780 2599 3837 ⁸⁵⁸.
2634 3800 2653 3833 ι
2706 3781 2997 3837 Personam
3025 3794 3404 3851 cooperantem
3436 3788 3679 3856 compel-

2104 3873 2217 3928 lare
2272 3883 2462 3927 natura
2514 3883 2887 3943 comparatum
2947 3884 3051 3938 est,
3113 3888 3217 3928 non
3289 3875 3673 3934 instrumenta.

2106 3965 2297 4022 Sermo
2344 3968 2487 4021 enim
2537 3967 2664 4021 ille:
2717 3985 2736 4018 ι
2777 3966 2843 4021 Et
2890 3965 3018 4020 iecit
3063 3965 3202 4021 Deus
3257 3969 3552 4037 hominem,
3607 3975 3674 4027 ad

2104 4058 2394 4129 imaginem
2443 4059 2534 4113 Dei
2586 4057 2913 4124 fecitillum,
2962 4060 3259 4114 masculum
3310 4070 3365 4117 et
3418 4060 3672 4119 feminam
3764 4060 3770 4066 ’

2104 4153 2309 4205 creavit
2341 4166 2435 4206 eos
2457 4152 2545 4215 “;
2581 4170 2600 4204 ι
2657 4166 2903 4221 persome
2962 4152 3336 4206 auctoritatem
3383 4154 3667 4225 signillcat.

2104 4243 2160 4298 In
2191 4258 2257 4298 eo
2288 4245 2434 4298 enim
2457 4244 2599 4313 quod
2633 4244 2751 4297 ait:
2789 4261 2807 4295 ι
2839 4242 3124 4298 Faciamus
3146 4244 3450 4311 hominem;
3481 4265 3499 4299 ι
3538 4248 3673 4303 tollit

2102 4337 2586 4390 instrumentorum
2618 4334 3024 4405 cegitationem.
3064 4336 3273 4390 Clarius
3302 4339 3484 4406 accipe
3514 4341 3667 4392 testi-

2103 4429 2341 4483 monium
2393 4427 2762 4481 authenticum
2814 4427 2914 4482 soli
2949 4441 3189 4497 persona:
3244 4427 3363 4483 Filii
3415 4431 3656 4500 proposi-

424 4515 754 4586 δημιουργὸν
784 4515 973 4569 πασῶν
994 4517 1101 4569 τῶν
1126 4518 1371 4588 γενητῶν
1398 4518 1636 4589 φύσεων,
1658 4520 1731 4583 ὡς
1759 4521 1998 4593 γέγραπ-

2111 4529 2243 4586 ιιιιιι,
2276 4519 2565 4573 ostendens
2595 4517 2769 4586 ipsum
2800 4530 2921 4572 esse
2968 4527 3246 4572 auctorem
3290 4521 3526 4573 omnium
3570 4524 3649 4574 fu-

424 4625 513 4660 ται
547 4608 603 4659 ἐν
634 4606 798 4679 βίϐλῳ
824 4609 1056 4681 Βαροὺχ,
1086 4611 1149 4663 ἐκ
1181 4611 1449 4681 στόματος
1493 4612 1750 4683 Ἰερεμίου
1788 4618 1998 4686 προφή-

421 4717 512 4753 του
551 4699 823 4768 λέγοντος.
866 4720 884 4752 ι
934 4702 994 4754 '0
1042 4703 1463 4767 κατασκευάσας
1508 4703 1606 4773 τὴν
1651 4705 1755 4772 γῆν
1787 4705 1868 4768 είς
1904 4706 1997 4758 τὸν

422 4790 595 4844 αἰῶνα
620 4790 830 4861 χρόνον,
866 4791 1163 4861 ἐνέπλησεν
1188 4792 1356 4864 αὐτὴν
1384 4793 1596 4863 κτητῶν
1626 4794 1993 4864 τετραπόδων.

434 4880 493 4932 ’0
545 4882 893 4936 ἀποστέλλων
931 4883 993 4935 τὸ
1042 4883 1193 4952 φῶς,
1235 4885 1331 4937 καὶ
1361 4885 1688 4954 πορεύεταιο
1740 4886 1998 4940 ἐκάλεσεν

426 4973 608 5037 αὐτὸς,
646 4974 739 5027 καὶ¹
770 4975 1081 5045 ὑπήκουσεν
1125 4975 1275 5047 αὐτῷ
1321 4977 1529 5047 τρόμῳ.
1565 4978 1629 5029 Ol.
1661 4977 1717 5030 δὲ
1769 4959 1997 5047 ὁῖστέρες

425 5065 674 5135 ἔλαμψαν
701 5067 758 5119 ἐν
779 5070 900 5130 ταῖς
923 5068 1190 5136 φυλακαῖς
1218 5069 1418 5131 αὐτῶν,
1451 5069 1545 5121 καὶ
1578 5069 1992 5139 ηὐφράνθησαν.

439 5154 728 5209 Ἐκαλισεν
760 5156 976 5220 αὐτοὺς,
1008 5159 1101 5211 καὶ
1133 5154 1292 5209 εἶπαν
1313 5174 1326 5187 ο
1377 5158 1709 5230 Πάρεσμενρ
1741 5157 1994 5228 ἔλαμψαν

430 5248 549 5317 μετ’
579 5246 922 5317 εὐφροσύνης
943 5248 1023 5319 τῷ
1059 5250 1347 5319 ποιήσαντι
1375 5248 1595 5310 αὐτούς.
1622 5240 1795 5313 Οὗτος
1822 5248 2001 5313 ὁΘεὸς

425 5342 457 5408 ἡ
470 5338 609 5409 μῶν,
648 5341 711 5394 οὐ
742 5338 1126 5411 λογισθήσεται
1159 5343 1345 5415 ἕτερος
1377 5342 1515 5413 πρὸς
1538 5340 1721 5396 αὐτόν.
1778 5339 1998 5412 Ἐξεῦρε

428 5430 607 5483 πᾶσαν
632 5429 751 5482 ὁδὸν
783 5432 1115 5499 ἐπιστήμης,
1150 5433 1240 5484 καὶ
1266 5433 1461 5485 ἔδωκεν
1487 5432 1658 5501 αὐτὴν
1693 5429 1890 5484 Ἰακὼϐ
1921 5427 1999 5500 τῷ

426 5522 581 5576 παιδὶ
612 5523 799 5588 αὑτοῦ,
833 5525 926 5576 καὶ
964 5524 1181 5595 Ἰσραὴλ
1208 5524 1286 5594 τῷ
1307 5524 1650 5596 ἠγαπημένῳ
1683 5524 1776 5577 ὑπ’
1811 5522 1996 5579 αὐτοῦ.

495 5678 540 5711 ⁵⁸
568 5675 726 5733 Joan.
766 5694 803 5744 ι,
834 5678 885 5731 5.
964 5677 1006 5709 ’⁸⁸
1033 5677 1169 5733 Gen.
1200 5694 1237 5739 ι,
1270 5678 1358 5731 21$.
1436 5679 1481 5711 “
1514 5679 1641 5733 ibid.
1674 5679 1763 5733 27.
1828 5689 1855 5712 ⁶

505 5831 695 5904 (Η)1ιι
730 5847 829 5887 ms.
864 5843 1047 5886 nostro
1079 5834 1111 5902 ἣ
1144 5833 1220 5887 τό.
1254 5833 1421 5887 lituo.

2104 4622 2313 4668 ctarum
2346 4622 2682 4672 naturarum,
2717 4609 2856 4662 sicut
2886 4608 3146 4677 scriptum
3176 4618 3258 4665 est
3286 4609 3337 4664 in
3388 4610 3523 4665 libro
3555 4613 3655 4666 Ba.

2106 4702 2262 4767 ruch,
2308 4715 2371 4755 ex
2417 4714 2510 4755 ore
2563 4697 2811 4753 Jeremia:
2860 4700 3132 4768 prophetae
3185 4699 3453 4755 dicentis:
3510 4721 3529 4754 ι
3560 4704 3658 4769 Οιιί

2105 4794 2427 4867 ptzeparavil
2475 4802 2675 4847 terram
2730 4793 2782 4847 in
2829 4803 3090 4847 :cternum
3142 4803 3375 4865 tempus,
3432 4797 3672 4865 implevit

2105 4900 2223 4939 eam
2247 4882 2508 4953 jumentis
2545 4881 3004 4952 quadrupedibus.
3054 4883 3155 4950 Qui
3186 4884 3347 4938 mittit
3376 4884 3580 4952 lumen,
3613 4898 3668 4942 et

2106 4976 2294 5030 vadit:
2335 4974 2549 5029 vocavit
2577 4974 2726 5040 illud,
2757 4984 2812 5029 et
2848 4975 3089 5031 obedivit
3132 4976 3207 5032 illi
3241 4993 3362 5032 cum
3396 4988 3669 5035 tremore:

2107 5079 2172 5119 ac
2201 5063 2370 5119 stella:
2399 5062 2784 5132 splenduernnt
2828 5064 2881 5117 in
2906 5065 3167 5119 cristodiis
3199 5067 3334 5131 suis,
3386 5076 3443 5122 et
3481 5068 3673 5123 lat-tala-

2102 5166 2261 5211 sunt:
2292 5156 2503 5210 vocavit
2544 5170 2658 5219 eas.
2691 5168 2744 5211 et
2771 5157 3019 5211 dixerunt
3050 5175 3066 5212 :
3120 5161 3432 5214 Adsumus:
3488 5160 3672 5229 splen.

2104 5250 2335 5303 dnerunt
2364 5263 2484 5303 cum
2524 5247 2707 5302 laetitia
2737 5248 2785 5301 ei
2816 5250 2905 5317 qui
2940 5250 3065 5303 fecit
3100 5248 3241 5303 illas.
3277 5248 3373 5302 llic
3407 5259 3495 5304 est
3529 5248 3671 5303 Deus

2104 5352 2308 5405 noster,
2355 5351 2410 5395 et
2456 5356 2558 5394 non
2612 5341 2946 5408 reputabitur
2995 5342 3135 5395 alius
3191 5342 3451 5395 adversus
3495 5342 3663 5396 illum.

2104 5432 2309 5485 Invenit
2336 5446 2549 5485 omnem
2579 5431 2717 5484 viam
2750 5432 3015 5495 scientiae,
3069 5443 3121 5485 et
3161 5433 3307 5487 dedit
3350 5448 3466 5487 eam
3501 5430 3669 5486 Iacob

2109 5540 2274 5594 puero
2298 5539 2418 5582 suo.
2454 5536 2506 5577 et
2541 5523 2701 5577 israel
2729 5523 2922 5579 dilecto
2949 5540 3067 5579 suo.
3118 5524 3245 5580 Post
3291 5527 3392 5581 hoc
3441 5526 3491 5578 in
3532 5536 3670 5579 terra
3768 5526 3774 5531 ’
