4148 6580
510 399 645 459 ηδε
1400 408 1403 409 ⁷
1780 394 2081 455 GELASII
2143 393 2485 455 CYZICEN!
3624 388 3772 455 1265

503 510 654 563 visus
672 514 779 572 est,
828 516 883 561 et
923 506 1065 562 inter
1084 505 1331 562 homines
1356 515 1707 562 conversatus
1737 506 1912 562 est".
1952 526 1970 558 1
2012 507 2078 560 Et

2192 507 2332 559 ﬂeta
2366 506 2538 561 ταῦτα
2568 504 2663 559 ἐπὶ
2694 505 2792 577 τῆς
2822 504 2922 576 γῆς
2948 503 3138 577 ὤφθη,
3184 504 3279 558 καὶ
3307 505 3421 566 τοῖς
3452 502 3775 572 ἀνθρώποις

507 599 674 655 Isaias
716 600 791 652 ait
830 599 896 652 ad
934 598 1142 653 Israel:
1199 616 1217 650 ι
1246 596 1523 669 ‘Nnnquid
1571 598 1769 673 nescis,
1823 608 1917 652 aut
1967 614 2075 652 non

2192 599 2623 671 τυνανεστράφη.
2664 617 2681 650 1
2731 600 2840 654 Kal.
2866 599 2895 652 6
2933 598 3162 660 Ἡσαΐας
3194 595 3344 664 λέγει
3395 594 3473 665 τῷ
3508 595 3770 666 Ἰσραήλ·

506 687 804 743 audivisti?
833 685 974 741 Deus
1003 688 1366 756 sempiternus
1410 686 1691 754 Dominus,
1736 687 1827 758 qui
1874 687 2079 742 creavit

2192 710 2204 742 ι
2239 692 2350 746 Kal.
2380 692 2474 745 v6v
2502 693 2603 745 οὐκ
2638 691 2911 761 ἐγνως,“ἢ
2947 690 3021 762 μὴ
3051 692 3323 762 ἧκουσας;
3357 689 3489 753 Θεὸς
3520 689 3774 750 αἰώνιος,

510 779 771 834 terminos
802 788 960 833 terrm
984 780 1049 833 ".
1081 797 1099 830 1
1152 779 1284 845 Quis
1314 779 1478 850 igitur
1505 786 1587 834 est
1621 779 1768 833 Deus
1810 779 1911 834 iste
1936 794 2080 833 sem-

509 870 781 941 piternus,
812 884 844 923 o
866 869 1209 940 philosophe,
1241 872 1331 939 qui
1365 872 1574 925 creavit
1611 870 1871 925 terminos
1902 880 2079 935 terrae,

507 961 599 1031 qui
627 961 679 1015 in
712 971 853 1016 terra
884 962 1028 1017 visus
1056 975 1161 1026 est,
1186 974 1259 1024 et
1307 964 1448 1017 inter
1485 963 1735 1017 homines
1778 976 2075 1018 conversa-

510 1062 597 1106 tus
626 1052 757 1107 est?
785 1051 979 1106 Filium
1008 1055 1089 1108 ais
1118 1060 1502 1108 conversatnm
1534 1050 1705 1106 fuisse
1739 1067 1861 1107 cum
1905 1050 2081 1107 homi-

508 1145 688 1212 nibus,
718 1163 784 1201 an
810 1145 1027 1203 Patrem
1048 1148 1073 1201 τ

956 1261 1245 1331 Responsio
1280 1260 1598 1331 philosophi.

576 1380 771 1447 Filium
800 1377 919 1434 dico
950 1374 1122 1431 fuisse
1154 1383 1557 1437 conversatum,
1588 1381 1647 1426 ut
1677 1371 1873 1426 divinae
1901 1370 2085 1441 Scrip-

508 1481 643 1528 tum
671 1476 878 1525 testatze
930 1474 1078 1530 sunt,
1114 1474 1171 1520 et
1225 1478 1326 1535 ego
1362 1479 1427 1519 ex
1474 1464 1607 1533 ipsis
1648 1476 1940 1531 persuasus
1992 1476 2086 1530 ap-

510 1560 753 1632 probavi.
790 1558 896 1613 Sed
916 1560 1001 1612 est
1034 1555 1212 1611 adhuc
1247 1555 1374 1611 mihi
1404 1553 1726 1625 gravissima
1752 1562 1806 1609 et
1842 1555 1927 1609 cui
1958 1568 2087 1609 cun-

511 1654 699 1709 tradici
726 1667 834 1709 non
859 1658 1056 1720 potest,
1088 1648 1346 1719 obiectio,
1374 1647 1515 1717 quod
1538 1656 1666 1701 ante
1693 1660 1909 1701 omnem
1929 1660 2085 1701 crea-

514 1756 689 1800 turam
729 1742 859 1799 fecit
880 1741 1026 1797 illum
1059 1740 1222 1804 Deus,
1254 1749 1315 1796 ut
1341 1756 1437 1810 per
1488 1739 1664 1808 ipsum
1711 1738 1894 1793 omnia
1932 1752 2084 1793 crea.

2180 784 2312 847 Θεὸς
2339 785 2366 837 6
2390 785 2800 848 κατασκευάσας
2820 784 2888 837 τὰ
2913 784 3060 854 ἄκρα
3083 782 3180 849 τῆς
3203 783 3326 851 γῆς.
3369 799 3386 832 1
3423 781 3521 843 Τίς
3549 776 3642 833 οὖν
3669 774 3775 831 οὒ-

2180 892 2273 940 τος
2306 878 2333 930 6
2361 876 2493 940 Θεὸς
2525 879 2552 930 6
2598 877 2832 942 αίὼνιος,
2876 871 2921 931 ὧ
2958 874 3214 945 φιλόσοφε
3236 915 3251 938 ,
3286 876 3314 927 6
3350 872 3779 931 κατασκευάσας

2181 966 2250 1020 τὰ
2276 967 2423 1040 ἄκρα
2448 967 2547 1039 τῆς
2569 968 2692 1038 γῆς,
2721 969 2750 1021 6
2772 969 2865 1021 καὶ
2894 967 3024 1038 περὶ
3047 966 3151 1038 γῆς
3174 963 3383 1034 ὀφθεὶς,
3413 963 3639 1025 καὶτοῖς
3665 966 3778 1016 ἀν-

2184 1057 2423 1130 θρώποις
2470 1058 2970 1130 συναναστραφείςς
3021 1057 3112 1112 τὸν
3145 1056 3271 1110 Υιὸν
3323 1055 3502 1124 λέγεις
3551 1070 3779 1107 συνανε-

2186 1153 2457 1225 στράφθαι
2485 1156 2598 1217 τοῖς
2627 1151 2956 1224 ἀνθρώποις,
2984 1152 3130 1224 ἢτὸν
3158 1151 3376 1222 Πατέρα
3400 1167 3415 1216 ;

2544 1267 2878 1336 Ἀπόκρισις
2910 1267 3016 1321 τοῦ
3043 1266 3411 1336 φιλοσόφου.

2268 1378 2328 1432 'U
2362 1378 2489 1443 Υἱός
2531 1395 2674 1449 φημι
2710 1375 3199 1447 συνανεστρόιφθαι,
3236 1373 3419 1437 καθὼς
3455 1375 3681 1445 εἴρηκαν
3711 1374 3781 1426 αἱ

2188 1474 2328 1527 θεῖαι
2358 1472 2602 1544 Γραφαὶ,
2637 1471 2791 1541 κάγὼ
2837 1469 3130 1532 πιστωθεὶς
3164 1467 3226 1533 ἐξ
3273 1467 3456 1523 αὐτῶν
3509 1466 3785 1523 ἀποδέδε-

2185 1584 2349 1638 γμαι.
2391 1565 2529 1620 Ἀλλ’
2573 1564 2690 1618 ἐστι
2731 1580 2823 1635 μοι
2850 1563 2931 1617 ἔτι
2980 1562 3329 1632 δυνατωτάτη
3375 1560 3471 1613 καὶ
3510 1560 3779 1630 ἀναντίρο

2189 1663 2351 1732 ρητος
2379 1657 2653 1722 ἀντίθεσις
2687 1657 2815 1728 περὶ
2845 1654 3034 1719 αὐτοῦ,
3070 1655 3153 1708 δτι
3186 1654 3292 1727 πρὸ
3320 1653 3503 1725 πάσης
3536 1653 3779 1714 κτίσεως

2189 1752 2401 1806 ἔκτισεν
2431 1750 2595 1805 αὐτὸν
2621 1752 2649 1803 6
2677 1748 2831 1814 Θεὸς,
2864 1748 2952 1801 ἵνα
2978 1747 3044 1801 δι’
3074 1746 3242 1800 αὐτοῦ
3268 1745 3336 1800 τὰ
3368 1746 3547 1801 πάντα
3579 1745 3775 1815 κτίσῃ.

512 1844 593 1891 ret
624 1852 639 1890 :
674 1842 729 1890 et
754 1835 869 1889 haec
897 1832 949 1888 in
977 1830 1324 1887 ulterioribus
1346 1828 1848 1886 concertationibus
1870 1829 2087 1884 demou-

2192 1844 2302 1898 Καὶ
2326 1842 2503 1897 ταῦτα
2520 1841 2789 1907 ἀποδείξω
2816 1842 2873 1894 ἐν
2903 1842 3017 1902 τοῖς
3038 1837 3349 1911 ἔμπροσθεν
3377 1837 3489 1892 τῶν
3517 1836 3773 1906 ἀγώνων.

511 1926 717 1982 strabo.

512 2016 795 2090 Responsio
834 2022 1149 2090 sanctorum
1199 2013 1423 2090 Patrum
1461 2029 1555 2090 per
1578 2013 1783 2090 eosdem
1814 2000 2090 2081 piissimo:

765 2087 1033 2155 episcopos
1064 2083 1340 2139 Leontium
1372 2096 1419 2138 et
1462 2082 1844 2154 Eupsychium.

584 2262 700 2321 Non
738 2265 835 2332 ita,
870 2264 1203 2334 philos0phe,
1267 2279 1373 2316 non
1443 2263 1647 2333 poteris
1717 2263 2093 2318 demonstrare

512 2372 632 2439 qua
667 2355 875 2413 dixisti.
906 2354 1091 2410 Proles
1119 2354 1263 2410 enim
1299 2352 1393 2408 Dei
1425 2363 1527 2419 est,
1566 2369 1669 2408 non
1694 2369 1855 2424 opus,
1886 2363 1944 2408 ut
1976 2352 2093 2423 plu-

515 2450 663 2505 ribus
696 2446 1054 2503 ostendimus.
1108 2444 1173 2499 Et
1227 2445 1371 2515 quis,
1410 2460 1442 2498 ο
1473 2445 1813 2514 philosophe,
1861 2458 1930 2500 ex
1962 2444 2095 2500 viris

512 2539 711 2607 pietate
738 2552 800 2591 ac
835 2535 1121 2606 prudentia
1155 2533 1616 2604 praepollentibus,
1656 2534 1709 2589 in
1742 2534 1905 2590 tantis
1943 2533 2093 2604 ejus—

512 2634 635 2698 dem
686 2628 913 2694 viribus,
946 2641 1155 2689 earum,
1208 2641 1331 2697 quae
1381 2627 1451 2680 ab
1504 2625 1622 2696 ipso
1671 2626 1902 2682 condita:
1947 2634 2093 2694 sunt,

514 2731 853 2784 naturarum,
885 2727 1139 2787 tanquam
1163 2732 1195 2771 a
1227 2717 1357 2782 Deo,
1386 2717 1487 2772 hoc
1515 2726 1601 2771 est
1638 2716 1707 2771 ab
1733 2717 1848 2785 ipso
1877 2722 2092 2771 creata-

515 2829 656 2880 rum,
688 2827 795 2868 non
819 2810 1195 2879 obstupescit?
1217 2809 1488 2865 clamante
1528 2809 1810 2879 Scriptura
1842 2827 1855 2863 :
1887 2828 1904 2862 ι
1947 2809 2097 2866 Fecit

516 2905 660 2969 Deus
695 2903 968 2965 hominem
988 2903 1076 2970 ’νς
1107 2920 1126 2955 1
1192 2909 1246 2957 et
1283 2918 1296 2955 :
1328 2919 1347 2953 ι
1382 2900 1524 2956 Vidit
1567 2899 1707 2958 Deus
1750 2911 1942 2957 cuncta
1979 2918 2098 2971 quae

516 2995 741 3061 iecerat,
775 3006 831 3051 et
853 3005 1010 3050 erant
1032 2993 1187 3048 valde
1211 2994 1371 3049 bona.
1409 3013 1427 3047 1
1463 2993 1701 3050 Joannes
1724 3006 1903 3049 autem
1935 3010 2099 3050 evan-

516 3086 710 3159 gelista
746 3083 1089 3141 manifestius
1131 3082 1470 3140 demonstrat
1524 3083 1700 3154 ipsum
1733 3100 1950 3155 semper
1976 3100 2097 3139 cum

2202 2024 2539 2092 Ἀπόκρισις
2564 2020 2685 2076 τῶν
2713 2020 2898 2090 ἁγίων
2940 2017 3220 2086 Πατέρων
3267 2017 3362 2092 διὰ
3399 2015 3521 2092 τῶν
3573 2015 3784 2092 Et“;th

2286 2087 2617 2218 quiatdtw
2665 2087 3015 2146 ἐπισκόπων
3066 2088 3352 2144 Λεοντίου
3414 2087 3515 2142 καί
3569 2088 3784 2155 Εὺψυ-

2286 2183 2301 2215 ν
2329 2182 2420 2218 ου.

2263 2182 2420 2235 χιου.

2264 2275 2378 2345 Οὐχ
2397 2274 2592 2340 οὕτως,
2618 2268 2664 2327 ὦ
2688 2272 2968 2343 φιλόσοφε,
2989 2272 3091 2326 οὐκ
3115 2270 3290 2325 ἔνεστι
3318 2269 3488 2336 δεῖξαί
3514 2286 3573 2323 σε
3600 2271 3778 2324 ταῦτα

2194 2365 2338 2437 ἅπερ
2366 2364 2523 2435 ἔφης.
2560 2364 2778 2435 Γένημα
2804 2363 2914 2434 γάρ
2945 2365 3061 2417 ἐστι
3089 2362 3184 2417 τοῦ
3210 2364 3368 2431 Θεοῦ,
3403 2369 3497 2419 καὶ
3526 2365 3587 2418 οὐ
3612 2366 3780 2434 ποίη-

2196 2476 2294 2529 μα,
2320 2457 2574 2529 καθάπερ
2593 2457 2681 2512 διὰ
2700 2457 2961 2511 πλειόνων
2983 2457 3371 2529 ἀπεδείξαμεν.
3400 2459 3507 2511 Καὶ
3528 2459 3611 2522 τίς
3639 2458 3781 2530 γὰρ,

2194 2545 2241 2606 ὦ
2293 2550 2584 2619 φιλόσοφε,
2637 2549 2745 2603 τῶν
2784 2550 2841 2601 ὲν
2892 2548 3146 2620 εὐσεϐείᾳ
3189 2551 3284 2603 καὶ
3324 2551 3572 2621 ἀγχινοίᾳ.
3612 2550 3784 2603 πλουο

2193 2643 2431 2697 τούντων
2456 2642 2667 2712 ἀνδρῶν
2694 2643 2795 2694 οὐκ
2826 2640 3187 2711 ἐκπλήττεται
3222 2642 3315 2695 ἐπὶ
3343 2644 3463 2706 ταῖς
3485 2642 3780 2704 τοσαύταις

2196 2733 2359 2788 αὐτοῦ
2408 2733 2713 2805 ἐνεργείαις
2759 2733 2869 2786 τῶν
2918 2734 3009 2785 ὐπ’
3049 2732 3217 2787 αὐτοῦ
3263 2733 3781 2804 δημιουργηθεισῶν

2198 2823 2447 2891 φύσεων,
2483 2822 2559 2886 ὡς
2593 2821 2698 2875 ὐπὸ
2731 2822 2866 2875 Θεοῦ
2887 2864 2903 2889 ,
2938 2822 3085 2877 τοῦτ’
3124 2824 3272 2878 ἔστιν
3317 2822 3409 2875 ὐπ’
3442 2823 3607 2877 αὐτοῦ
3661 2840 3783 2878 κτισ-

2200 2912 2428 2966 σθεισῶν
2454 2929 2470 2979 ;
2492 2912 2589 2983 τῆς
2616 2912 2837 2982 Γραφῆς
2862 2911 3100 2983 βοώσηςο
3121 2929 3141 2963 ι
3164 2912 3449 2982 Ἐποίησεν
3474 2912 3503 2963 6
3527 2912 3659 2976 Θεὸς
3686 2914 3782 2965 τὸν

2198 3000 2505 3071 ἄνθρωπον.
2559 3020 2577 3053 1
2627 3001 2776 3066 Καὶ,
2819 3018 2838 3051 ι
2893 2996 3046 3053 Εἷδεν
3097 3003 3125 3054 6
3168 3002 3299 3065 Θεὸς
3337 3002 3406 3056 τὰ
3448 3002 3628 3056 πάντα
3676 3002 3780 3055 ὅσα

2200 3094 2443 3164 ἐποίησε,
2488 3092 2585 3145 καὶ
2618 3092 2727 3145 ἰδοὺ
2758 3092 2898 3145 καλὰ
2925 3092 3068 3147 λίαν.
3119 3112 3136 3143 1
3185 3093 3440 3165 Ἰωάννης
3469 3094 3523 3148 δὲ
3555 3095 3583 3147 6
3613 3095 3779 3163 εὐαγ-

515 3174 676 3232 Patre
707 3176 996 3240 exsistere,
1029 3185 1358 3232 coaeternum
1412 3178 1562 3234 Patri
1587 3188 1641 3235 et
1677 3179 1946 3248 superiori
2003 3194 2091 3235 ca-

2201 3184 2455 3256 γελιστὴς
2490 3185 2841 3256 σαφεστέρως
2874 3183 3148 3237 δείκνυσιν
3189 3185 3353 3239 αὐτὸν
3381 3186 3467 3239 ἀεὶ
3503 3185 3784 3255 συνῦπὰρ-

519 3282 745 3335 1'entem,
780 3280 837 3326 ut
872 3271 1065 3327 Pater:
1091 3291 1110 3324 ι
1143 3270 1200 3326 lu
1226 3271 1491 3342 principio
1538 3270 1709 3339 enim,
1750 3271 1945 3340 inquit,
1978 3280 2093 3326 erat

518 3364 775 3433 Verbum,
795 3372 851 3420 et
877 3363 1112 3420 Verbum
1149 3373 1267 3419 erat
1297 3365 1437 3434 apud
1471 3362 1665 3429 Deum,
1702 3371 1757 3418 et
1790 3360 1937 3418 Deus
1973 3371 2093 3417 erat

517 3440 775 3509 Verbum.
805 3452 918 3511 Hoc
938 3464 1056 3509 erat
1088 3454 1141 3509 in
1167 3454 1434 3525 principio
1480 3452 1623 3524 apud
1654 3454 1843 3509 Deum.
1898 3451 2093 3508 Omnia

519 3560 615 3629 per
646 3544 819 3616 ipsum
855 3544 994 3601 facta
1029 3554 1176 3613 sunt,
1205 3556 1258 3600 et
1288 3545 1407 3602 sine
1447 3546 1564 3616 ipso
1604 3545 1808 3603 factum
1833 3553 1916 3601 est
1937 3544 2090 3611 nihil,

517 3638 663 3709 quod
685 3638 886 3696 factum
924 3649 1009 3697 est
1024 3639 1092 3697 ⁸⁰.
1127 3659 1147 3694 1
1188 3640 1328 3696 Ecce
1356 3640 1700 3711 apertissime
1726 3649 2032 3700 ostensum,
2061 3654 2096 3695 ο

518 3729 856 3801 philosophe,
892 3734 1036 3804 quod
1066 3730 1235 3786 Filius
1255 3733 1433 3787 omnis
1462 3738 1659 3787 creata:
1685 3741 1892 3786 naturae
1915 3728 2095 3799 opifex

519 3823 611 3897 sit.
640 3820 810 3895 Igitur
837 3823 882 3878 si
921 3822 1101 3893 opifex
1155 3832 1240 3878 est
1290 3823 1532 3878 omnium
1583 3833 1980 3885 creaturarum,
2036 3828 2096 3873 ut

521 3928 708 3973 revera
757 3921 842 3970 est
878 3924 985 3970 tam
1014 3929 1202 3970 earum
1231 3929 1351 3985 quae
1386 3913 1658 3979 videntur,
1695 3928 1857 3984 quam
1906 3926 2093 3965 earum

518 4020 636 4077 qua:
705 4007 1112 4078 intelliguntur,
1182 4006 1529 4062 manifestum
1592 4016 1676 4061 est
1750 4004 1890 4074 quod
1968 4016 2096 4057 vere

523 4105 659 4176 Deus
692 4108 909 4161 natura
970 4098 1073 4161 sit,
1116 4107 1172 4153 et
1218 4113 1324 4152 non
1372 4098 1826 4156 instrumentum.
1878 4104 1938 4149 ut
1981 4094 2091 4161 ais,

521 4207 696 4265 neque
726 4200 998 4258 creatura,
1025 4206 1197 4261 neque
1226 4189 1463 4267 factura,
1490 4204 1664 4258 neque
1707 4188 1865 4245 Patre
1911 4197 2095 4258 poste-

522 4287 651 4342 rior.
678 4282 812 4338 Illud
834 4282 1003 4347 enim,
1025 4291 1160 4348 erat,
1192 4284 1261 4336 ab
1287 4280 1621 4350 evangelista
1644 4287 1835 4348 quater
1862 4279 2093 4343 dictum,

522 4393 627 4432 non
653 4376 816 4431 habet
865 4374 1068 4446 aliquid
1133 4377 1279 4446 quod
1331 4381 1457 4428 ante
1515 4372 1662 4427 illum
1699 4373 1984 4427 exstiterit.
2026 4370 2094 4427 Ut

2194 3295 2359 3348 χοντα
2402 3275 2479 3347 τῷ
2518 3276 2719 3348 Πατρὶ,
2761 3275 3029 3329 συναῖδιὸν
3073 3292 3134 3328 τε
3183 3276 3278 3329 καὶ
3328 3276 3668 3347 σανάναρχον
3699 3276 3783 3346 τῷ

2196 3369 2371 3440 Πατρί
2395 3385 2408 3398 °
2449 3386 2469 3421 ι
2518 3367 2606 3421 Ἐν
2646 3370 2788 3439 ἀρχῇ
2824 3367 2957 3438 γὰρ,
2985 3369 3175 3439 φησιν,
3216 3365 3285 3439 ἦν
3323 3371 3351 3423 6
3380 3369 3574 3437 Λόγος,
3612 3369 3707 3424 καὶ
3751 3370 3784 3424 6

2195 3462 2368 3531 Λόγος
2391 3456 2458 3534 ἦν
2486 3461 2622 3533 πρὸς
2649 3462 2741 3515 τὸν
2764 3461 2919 3525 Θεὸν,
2950 3462 3043 3515 καὶ
3072 3461 3204 3525 Θεὸς
3235 3457 3301 3533 ἦν
3328 3463 3356 3513 6
3380 3462 3552 3530 Λόγος
3574 3478 3588 3493 ’
3619 3454 3785 3526 οὗτος

2192 3550 2261 3627 ἦν
2295 3556 2352 3608 ὲν
2387 3555 2529 3625 ἀρχῇ
2565 3552 2699 3625 πρὸς
2735 3553 2825 3607 τὸν
2850 3552 3003 3606 Θεόν.
3043 3554 3228 3609 Πάντα
3256 3553 3324 3607 δι’
3355 3554 3519 3609 αὐτοῦ
3560 3553 3784 3623 ἐγένετο

2194 3646 2291 3702 καὶ
2320 3647 2489 3718 χωρὶς
2512 3644 2678 3699 αὐτοῦ
2720 3644 2942 3715 ἐγένετο
2966 3644 3087 3699 οὐδὲ
3120 3644 3213 3709 ἓν,
3234 3646 3262 3699 ὃ
3291 3647 3539 3713 γέγονεν.
3581 3664 3599 3696 1
3647 3644 3783 3700 Ἰδοὺ

2196 3737 2510 3808 σαφέστατα
2530 3737 2818 3801 δέδεικται,
2842 3731 2886 3791 ὦ
2914 3737 3196 3808 φιλόσοφε,
3219 3738 3303 3792 ὅτι
3333 3738 3513 3807 πάσης
3541 3736 3783 3808 γενητῆς

2195 3828 2412 3899 φύσεως
2445 3829 2780 3900 δημιουργὸς
2817 3830 2845 3882 6
2881 3830 3042 3894 Υἱός·
3082 3832 3130 3882 εί
3165 3825 3260 3882 οὖν
3297 3828 3640 3900 Δημιουργὸς
3665 3826 3782 3881 τῶν

2192 3919 2332 3975 ὅλων
2362 3919 2678 3989 κτισμάτων
2705 3917 2875 3986 ἐστὶν,
2900 3919 3087 3990 ὥσπερ
3118 3906 3210 3973 οὖν
3240 3918 3334 3971 καὶ
3364 3917 3532 3981 ἔστιν,
3566 3917 3784 3987 ὁρωμέο

2193 4030 2298 4067 νων
2320 4029 2379 4065 τε
2408 4011 2504 4066 καὶ
2532 4010 2865 4080 νοουμένων,
2895 4010 3057 4079 δῆλον
3082 4011 3164 4063 ὅτι
3194 4009 3327 4072 Θεὸς
3349 4006 3566 4077 ἀληθῶς
3592 4005 3779 4076 φύσει,

2193 4102 2288 4155 καὶ
2342 4100 2443 4155 οὐκ
2497 4099 2806 4173 ἐργαλεῖον,
2870 4100 2943 4163 ὡς
3006 4101 3135 4169 φὴς,
3191 4098 3318 4152 οὐτε
3370 4098 3598 4169 κτίσμα,
3652 4096 3779 4150 οὔτε

2192 4192 2424 4271 ποίημα,
2440 4191 2565 4246 οὔτε
2591 4192 3052 4264 μεταγενέστερος
3074 4191 3168 4245 τοῦ
3188 4191 3423 4262 Πατρός.
3446 4190 3519 4242 Τὸ
3540 4189 3649 4261 γὰρ
3676 4184 3779 4260 ἦν,

2191 4286 2447 4358 τετράκις
2479 4286 2667 4358 λεχθὲν
2698 4286 2802 4342 ὐπὸ
2828 4285 2922 4339 τοῦ
2945 4283 3357 4354 εὐαγγελιστοῦ,
3388 4283 3448 4336 τὸ
3476 4282 3771 4353 προῦπόιρ-

2192 4396 2288 4450 χον
2314 4381 2415 4434 οὐκ
2440 4379 2575 4452 ἔχει.
2600 4381 2718 4435 Ἵνα
2745 4381 2801 4433 δὲ
2833 4380 3188 4441 τελειοτάτως
3217 4378 3401 4449 γνώσῃ
3426 4378 3508 4431 ὅτι
3524 4377 3625 4447 οὐχ
3644 4376 3779 4428 61::-

520 4476 701 4520 autem
732 4463 1126 4537 perfectissime
1176 4476 1442 4533 agnoscas
1481 4461 1625 4531 quod
1677 4474 1780 4515 non
1821 4470 1906 4517 est
1934 4460 2091 4518 alteri

2198 4469 2430 4535 ξούσιος,
2462 4471 2575 4525 ἀλλ’
2598 4469 2960 4533 αὐτεξούσιος,
2981 4469 3055 4531 ὡς
3088 4470 3183 4521 καὶ
3214 4465 3467 4536 ὁΠατὴρ,
3494 4464 3648 4534 δέχου
3683 4464 3779 4516 καὶ

520 4558 817 4630 subjectus,
851 4559 947 4613 sed
969 4556 1051 4613 sui
1079 4556 1249 4627 ipsius
1297 4555 1461 4610 habet
1497 4553 1795 4609 dominium
1820 4563 1878 4608 ut
1904 4553 2089 4620 Pater,

2199 4558 2364 4629 ἄλλην
2400 4559 2805 4632 ἐναργεστάτην
2847 4557 3173 4630 μαρτυρίαν.
3213 4557 3412 4609 Ἄκουε
3459 4553 3638 4608 τοίνυν
3681 4549 3776 4604 τοῦ

520 4656 706 4726 accipe
772 4654 919 4710 aliud
968 4652 1447 4724 expressissimum
1510 4650 1901 4706 testimonium.
1954 4649 2091 4706 Audi

2196 4650 2485 4705 θεσπεσίου
2529 4650 2751 4705 Ἡσαΐου
2777 4649 3027 4720 βοῶντος·
3063 4668 3082 4701 ι
3113 4649 3223 4702 Καὶ
3245 4648 3555 4717 θελήσουσι,
3589 4645 3777 4715 φησιν,

520 4762 649 4822 ergo
673 4748 919 4805 divinum
955 4745 1151 4804 Isaiam
1184 4745 1511 4802 clamantem
1550 4761 1566 4800 :
1600 4761 1620 4797 ι
1659 4742 1725 4799 Ει
1760 4742 1942 4799 volent
1974 4757 2091 4799 esse

2194 4740 2242 4792 el
2274 4739 2644 4811 ἐγεννήθησαν
2686 4739 3073 4812 πυρίκαυστοι.
3115 4758 3133 4791 1
3167 4740 3294 4803 Τοῖς
3333 4738 3608 4801 Ἰουδαίοις
3641 4753 3777 4805 προο

522 4843 645 4913 igne
677 4841 1034 4898 combusti".
1068 4859 1088 4894 1
1147 4837 1350 4895 Judaeis
1411 4837 1779 4908 praenuntians
1823 4854 1836 4891 :
1895 4854 1913 4887 ι
1958 4834 2091 4903 Quia

2194 4832 2494 4902 αναφωνῶν
2513 4850 2528 4864 ·
2556 4851 2574 4885 ι
2607 4834 2731 4888 ’Ότι
2751 4833 2963 4887 παιδίον
2994 4833 3259 4904 ἐγεννήθη
3286 4834 3440 4903 ἡμῖν,
3468 4831 3597 4896 Υἱὸς
3619 4829 3778 4900 ὲδόθη

522 4946 657 5003 puer
676 4941 838 4988 natus
874 4939 960 4988 est
1004 4930 1183 4997 nobis,
1223 4930 1393 4985 Filius
1427 4930 1586 4983 datus
1612 4939 1696 4983 est
1732 4927 1911 4994 nobis,
1945 4926 2091 4995 cujus

2193 4924 2349 4995 ἡμῖν,
2381 4917 2442 4979 o6
2474 4926 2506 4995 ή
2542 4925 2685 4996 ἀρχὴ
2715 4924 2809 4977 ἐπὶ
2853 4922 2950 4977 τοῦ
2981 4922 3132 4994 ὤμου
3163 4922 3330 4976 αὐτοῦ
3352 4962 3368 4987 ,
3400 4920 3494 4975 καὶ
3529 4919 3778 4973 καλεῖται

521 5019 855 5091 principatus
876 5019 1052 5076 factus
1076 5029 1158 5075 est
1181 5034 1344 5088 super
1378 5018 1662 5073 humerum
1692 5015 1829 5085 ejus,
1854 5027 1907 5069 et
1933 5032 2091 5072 voca-

2201 5016 2261 5069 τὸ
2286 5016 2458 5089 ὄνομα
2489 5017 2652 5070 αὐτοῦ
2686 5017 2929 5091 μεγάλης
2956 5015 3151 5087 βουλῆς
3179 5013 3430 5084 ἄγγελος,
3464 5011 3780 5082 θαυμαστὸς

523 5122 610 5169 tur
636 5125 837 5170 nomen
862 5109 980 5181 ejus
1005 5110 1185 5182 magni
1228 5108 1444 5165 consilii
1480 5107 1726 5172 nuntius,
1756 5108 2091 5163 admirabilis

2204 5106 2543 5178 σύμϐουλος,
2583 5106 2714 5169 Θεὸς
2753 5107 3002 5178 ἰσχυρὸς,
3043 5103 3440 5177 ἐξουσιαστὴς,
3487 5104 3672 5175 ἄρχων
3703 5104 3782 5157 εἱ-

521 5201 882 5268 consiliarius,
937 5199 1080 5257 Deus
1120 5201 1297 5266 fortis,
1360 5210 1578 5274 potens,
1612 5199 1868 5269 princeps
1917 5200 2091 5268 pacis,

2203 5202 2407 5270 ρήνης,
2457 5198 2641 5269 πατὴρ
2692 5197 2785 5250 τοῦ
2841 5197 3126 5268 μέλλοντος
3184 5195 3400 5261 αἰῶνος.
3462 5213 3481 5247 1
3541 5196 3776 5258 Ἀκουε,

522 5302 677 5363 pater
705 5292 869 5349 futuri
896 5293 1161 5349 saeculi".
1202 5312 1221 5345 1
1259 5294 1427 5367 Audi,
1452 5291 1790 5362 philosophe.
1819 5290 2091 5345 dominum

2203 5289 2482 5360 φιλόσοφε,
2518 5291 2873 5362 ὲξουσιαστὴν
2901 5291 3066 5347 αὐτὸν
3106 5290 3645 5363 προκηρυττὸμενον,
3680 5289 3781 5343 καὶ

524 5401 647 5443 eum
680 5400 803 5442 esse
836 5385 1206 5456 praedicatum,
1252 5402 1360 5442 non
1424 5397 1602 5441 autem
1659 5383 1990 5447 ministrum,
2038 5392 2091 5438 ut

2206 5379 2299 5449 οὐχ
2338 5380 2656 5445 ὐπεξούσιον
2676 5421 2690 5445 ,
2721 5381 2904 5447 καθὼς
2943 5386 3106 5455 ἡμεῖς
3136 5400 3293 5453 φατε.
3337 5382 3423 5435 Ἐν
3451 5381 3509 5434 δὲ
3541 5380 3640 5451 μιᾷ
3668 5378 3780 5432 τῶν
3818 5441 3829 5452 ⁸

525 5493 622 5536 vos
649 5477 847 5532 dicitis.
874 5476 931 5532 In
962 5492 1070 5533 uno
1098 5486 1278 5533 autem
1310 5492 1532 5533 suorum
1558 5474 1950 5531 beneﬁciorum
1983 5474 2091 5544 ipse

2199 5472 2367 5527 a6:06
2402 5473 2732 5545 εὐεργεσιῶν
2772 5473 3107 5545 παρίστησιν
3143 5473 3335 5527 ἑαυτὸν
3365 5474 3393 5525 6
3427 5471 3589 5534 αὐτὸς
3621 5485 3779 5541 μεδοί-

521 5569 692 5627 Filius
722 5568 812 5625 Dei
842 5569 1151 5641 unigenitus
1181 5569 1427 5625 exhibuit
1456 5569 1700 5640 seipsum
1729 5566 2008 5622 dominum
2042 5576 2091 5622 et

2200 5566 2361 5637 γενὴς
2392 5565 2518 5629 Υἱὸς
2548 5565 2643 5619 τοῦ
2669 5566 2804 5619 Θεοῦ
2836 5566 3186 5633 αὐτεξούσιόν
3216 5582 3273 5618 τε
3306 5566 3400 5618 καὶ
3426 5563 3652 5631 κτίστην
3677 5559 3777 5614 τοῦ

522 5671 823 5718 creatorem
866 5660 1121 5729 hominis,
1170 5660 1224 5715 in
1258 5662 1635 5731 supplemento
1679 5660 1909 5725 scilicet,
1951 5660 2091 5726 quod

2199 5657 2487 5728 ἀνθρώπου
2515 5660 2605 5710 ἐπὶ
2636 5661 2702 5728 τῇ
2726 5660 2816 5711 τοῦ
2847 5662 2910 5712 ὲκ
2936 5658 3200 5727 γεννητῆς
3223 5656 3426 5726 τυφλοῦ
3450 5652 3773 5723 ἀναπληρώο

593 5816 638 5848 ⁸⁷
666 5814 880 5873 Baruch
913 5831 992 5882 In,
1015 5815 1209 5872 52-38.
1286 5815 1333 5847 ⁸⁸
1357 5815 1460 5873 lsa.
1489 5830 1577 5880 ιι,
1605 5814 1696 5870 23.
1778 5815 1828 5846 ⁸⁸
1856 5812 1994 5870 Gen.
2033 5830 2070 5879 ι,

2263 5812 2308 5843 ⁸⁸
2330 5808 2492 5865 Joan.
2525 5826 2562 5875 I,
2600 5812 2714 5865 1-5.
2792 5813 2834 5843 ἰ
2869 5812 2968 5866 lsa.
2997 5826 3071 5875 Ix,
3103 5811 3158 5866 ὅ.
3240 5812 3283 5842 ⁸⁸
3312 5811 3438 5865 ibid.
3470 5811 3526 5864 6.
