4148 6546
360 413 496 479 1265

1241 430 1605 492 HISTORIA
1642 434 1973 496 CONCILII
2016 436 2319 501 NIC/ENI.
2360 468 2431 480 —
2468 446 2613 509 LIB.
2655 450 2735 512 II.

3476 464 3493 527 I
3506 467 3608 530 266

356 546 459 592 σει,
517 528 607 581 ὑπ’
679 530 847 585 αὐτοῦ
898 534 993 587 τοῦ
1047 537 1175 591 Υἰοῦ
1227 541 1322 593 τοῦ
1376 542 1513 595 Θεοῦ
1565 546 1925 619 γεγενημένῃ.

371 620 735 647 ’Δ-...Αημρημ
783 625 888 647 μ’.-
943 627 1049 647 1_,,
1160 628 1186 641 υ
1232 632 1276 647 η
1393 636 1404 647 .
1626 635 1680 647 ..ι
1912 637 1925 647 ι

2038 549 2153 619 ipse
2178 551 2269 608 Dei
2308 552 2477 610 Filius
2513 558 2638 615 fecit
2681 561 2733 613 in
2768 578 2910 620 caeco
2941 582 2968 620 a
3010 573 3312 629 nativitate.
3346 577 3611 647 SpIt-tttiul‘

371 620 738 691 Ἀπαύγασμα
783 625 893 695 γάρ
938 627 1055 681 ἐστι
1095 628 1187 682 τοῦ
1232 632 1447 704 Πατρὸς
1494 635 1793 703 συναῖδιον,
1840 637 1935 691 καὶ

354 714 644 784 χαρακτὴρ
660 715 1084 786 ἀπαράλλακτος
1102 721 1201 792 τῆς
1221 722 1350 793 ὅλης
1366 725 1533 779 αὑτοῦ
1559 727 1932 792 ὑποστάσεως,

354 802 652 873 καθάφησι
686 805 899 872 Παῦλος
925 812 953 863 ὁ
986 812 1307 879 ἀπόστολος,
1339 817 1399 870 τὸ
1428 818 1621 882 σκεῦος
1647 819 1749 891 τῆς
1774 819 1933 874 ἐκλο-

355 893 481 964 γῆς.
522 895 676 957 Ἰδοὺ,
708 896 991 969 φιλόσοφε,
1020 904 1263 959 τοσοῦτοι
1287 907 1547 980 ἄναρχον,
1577 911 1812 983 ἐπείπερ
1839 914 1936 966 καὶ

357 985 711 1041 συνάκτιστον
750 989 831 1059 τῷ
866 991 1060 1063 Πατρὶ,
1094 997 1322 1069 κτίστην
1354 1017 1413 1053 τε
1450 1003 1641 1056 πασῶν
1675 1003 1783 1057 τῶν
1814 1022 1934 1059 κτι-

358 1076 499 1129 στῶν
532 1077 747 1146 φύσεων
769 1122 783 1142 .
823 1082 969 1137 καθὰ
1008 1085 1329 1153 πλειστάκις
1361 1093 1664 1163 εἰρήκαμεν
1686 1133 1701 1157 ,
1733 1095 1842 1149 τῶν
1873 1113 1933 1151 τε

354 1167 675 1237 ὁρωμένων,
706 1170 817 1224 τῶν
865 1189 926 1225 τε
972 1179 1280 1247 νοουμένων
1302 1221 1317 1247 ,
1351 1181 1445 1235 τὸν
1480 1183 1610 1237 Υἱὸν
1645 1183 1741 1238 τοῦ
1797 1186 1933 1241 Θεοῦ

354 1258 661 1325 ἀπέδειξαν.
699 1261 809 1316 Ποῦ
843 1262 900 1317 δὲ
934 1267 1027 1319 καὶ
1054 1270 1103 1320 oi
1138 1270 1419 1343 μάρτυρες
1460 1274 1570 1329 τῶν
1609 1276 1931 1347 ἐργαλείων,

353 1349 527 1417 φῆσον
547 1354 595 1414 εἰ
618 1351 766 1423 ἔχεις
783 1370 796 1385 ·
828 1356 969 1427 τάχα
989 1356 1085 1413 οὖν
1116 1360 1213 1415 καὶ
1240 1363 1320 1427 είς
1347 1363 1605 1435 ἐργαλεῖα
1636 1369 1934 1434 πιστεύσας

351 1440 711 1533 έὸαπτίσθης,
774 1448 957 1521 είπερ,
1004 1449 1081 1515 ὡς
1125 1452 1252 1525 φὴς,
1306 1456 1495 1521 πιστὸς
1544 1459 1806 1533 ὑπάρχεις
1856 1462 1934 1533 τῷ

348 1532 491 1603 (θεᾷλ
956 1566 968 1591 :

949 1656 1203 1712 ΚΕΦΑΛ.
1259 1659 1366 1715 IH'.

362 1757 731 1854 Ἀζτςρέησις
772 1770 1255 1854 τοῦιφινίςςόφορ
1300 1779 1433 1854 περὶ
1474 1782 1601 1854 σοῦ’
1647 1802 1667 1836 ι
1716 1787 1932 1854 Κύριος

2038 650 2122 694 est
2169 642 2312 697 enim
2359 644 2502 699 Patri
2569 658 2893 718 coaeternus,
2940 665 2995 712 et
3035 660 3202 728 figura
3264 642 3610 725 immutabilis

2040 731 2207 788 totius
2260 734 2576 792 substantiae
2611 739 2727 809 ejus
2745 742 2811 808 ⁸³,
2850 752 2906 799 ut
2938 748 3011 803 ait
3060 750 3260 809 Paulus
3312 759 3606 827 apostolus,

2038 835 2134 875 vas
2180 822 2482 880 electionis.
2522 825 2599 881 En
2641 828 2974 902 philosophe,
3039 846 3147 894 tam
3204 822 3359 899 multi
3410 822 3607 902 Filium

2039 911 2133 968 Dei
2165 913 2280 969 sine
2302 915 2476 983 initio,
2509 934 2700 989 nempe
2740 923 3039 983 increatum
3075 944 3135 988 ut
3163 931 3402 1003 Patrem,
3440 934 3610 994 factu-

2038 1018 2151 1059 rem
2180 1014 2360 1062 autem
2398 1010 2641 1066 omnium
2675 1023 2984 1074 crealarum
3017 1031 3355 1094 naturarum,
3387 1038 3443 1084 ιιι
3465 1045 3609 1102 saepe

2036 1095 2295 1161 diximus,
2325 1113 2512 1155 earum
2542 1117 2663 1173 qua
2697 1104 2969 1176 videntur,
2999 1121 3055 1167 et
3084 1128 3204 1183 quae
3252 1095 3606 1192 intelligentia

2036 1187 2430 1256 percipiuntur,
2482 1193 2941 1257 demonstrarunt.
2994 1202 3097 1258 Ubi
3153 1215 3330 1261 autem
3380 1187 3491 1265 sint
3525 1212 3609 1265 in—

2035 1285 2464 1334 strumentorum
2501 1290 2684 1348 testes,
2712 1286 2883 1355 dicas,
2913 1290 2957 1345 si
2986 1292 3151 1349 habes
3184 1313 3197 1349 :
3227 1306 3283 1351 et
3307 1299 3414 1353 cito
3448 1299 3609 1369 Igitur

2033 1367 2262 1422 credens
2297 1370 2348 1424 in
2406 1371 2763 1431 instrumenta
2819 1381 3137 1451 haptizeris,
3188 1367 3495 1460 postquam,
3552 1400 3610 1445 ut

2034 1460 2137 1526 ais,
2171 1461 2280 1518 Deo
2309 1463 2479 1522 fidelis
2502 1468 2745 1526 exsistis.

2603 1664 2833 1734 CAPUT
2859 1679 3042 1738 XVIII.

2036 1780 2400 1860 Contradictio
2448 1776 2757 1860 philosOphi
2774 1791 2839 1847 de
2876 1810 2934 1847 eo
2959 1812 2979 1852 :
3016 1815 3034 1849 ι
3068 1786 3326 1856 Domum:
3374 1806 3633 1860 condidit-

418 1830 625 1941 εἴτιξίέ
645 1830 724 1905 μέ
753 1830 951 1921 me.
976 1830 1457 1941 δδρνςαῡεσῦ-ξιξ
1478 1830 1627 1922 5;...
1651 1830 1924 1920 ⁷αιςξςξῖζ

2042 1830 2396 1839 _.-.--.....--..-
2448 1830 2749 1857 τσ--υνννννη-
2774 1830 2837 1847 ιον
2876 1830 2934 1847 ιν
2959 1837 2972 1852 .
3016 1830 3034 1849 ι
3068 1830 3326 1856 υυυιυιαι
3374 1830 3605 1860 cauam"

2104 1868 2185 1906 me
2238 1855 2461 1941 initiari;
2502 1857 2707 1941 uiarum
2769 1877 2990 1919 suarum
3040 1867 3095 1921 in
3130 1883 3289 1939 Opera
3326 1888 3507 1941 ειιαςι
3541 1880 3608 1931 ex

419 1901 489 1956 ἐκ
520 1901 992 1987 τῶνίπιιρὸᾷιίῶν
1028 1901 1435 1986 Σολομῶντοξξ

427 2015 598 2083 Ἐπεὶ,
622 2021 774 2089 φησὶ,
797 2023 1049 2079 τοσοῦτον
1067 2026 1318 2097 βιάζεσθε
1347 2012 1507 2103 ύμεῖς
1528 2033 1626 2107 τὴν
1641 2034 1924 2107 ἀλήθειαν,

349 2106 405 2159 τί
451 2109 701 2201 είποιμεν
735 2114 864 2185 περὶ
895 2115 1101 2189 ταύτης
1142 2120 1243 2192 τῆς
1280 2126 1519 2195 φανερᾶς
1553 2106 1774 2192 λέξεως,
1805 2131 1925 2201 τῆς⁹

354 2216 375 2249 ι
418 2199 620 2272 Κύριος
654 2201 835 2259 ἐκτισέ
871 2225 940 2278 με
986 2210 1161 2284 ἀρχὴν
1194 2212 1330 2269 ὁδῶν
1359 2217 1523 2272 αὐτοῦ
1553 2220 1633 2286 είς
1668 2220 1803 2292 ἔργα
1832 2199 1927 2277 αύ-

349 2307 462 2347 του.
502 2316 521 2349 1

361 2403 691 2489 Ἆλξόριρέᾳις
719 2410 847 2489 τῶν
882 2414 1067 2489 ἀξίων
1107 2418 1381 2489 Πατάρων
1424 2423 1541 2479 τῶν
1579 2423 1928 2483 ἐπισκόπων

416 2475 517 2558 διᾴ
542 2475 839 2558 Εὺςεὸίίου
861 2475 968 2558 τοῖ’)
994 2475 1314 2558 [lapsana-1)
1341 2475 1923 2553 ἐπιοῖκόπξσύἸξᾶίίγῖιζ

411 2547 582 2615 petae
621 2553 1009 2623 Παλαιτίνης.

421 2660 487 2713 Τί
513 2662 756 2729 πιθανῶς
785 2667 879 2720 καὶ
915 2669 1112 2740 ῥᾳδίως
1135 2712 1151 2736 ,
1179 2672 1257 2736 ὡς
1284 2674 1405 2742 οῐει,
1432 2676 1559 2741 τοὺς
1585 2676 1781 2749 βυθοὺς
1809 2679 1925 2734 δια-

348 2752 709 2843 τιτρὼσκειςς
743 2758 818 2831 μὴ
853 2762 1053 2833 σαυτῷ,
1091 2757 1137 2819 ὦ
1163 2764 1443 2838 φιλόσοφε,
1474 2770 1728 2843 ἀφορμὰς
1758 2773 1924 2829 ἀνάν-

347 2842 506 2937 δρους
526 2848 851 2920 ὲπισώρευε⁶
878 2853 980 2925 ὅρα
1013 2856 1087 2927 μή
1116 2875 1234 2922 πως
1253 2842 1633 2937 δυσεπιϐάτοις
1655 2867 1925 2937 κρημνοῖς

346 2936 828 3009 ὰπαραφυλάκτως
878 2946 1075 3012 ἐπιϐὰς
1116 2952 1487 3025 κρημνισθῇς.
1539 2936 1805 3023 ’Ᾱλλίείς
1838 2960 1921 3025 τὸ,

2106 1924 2394 1993 proverbiis
2421 1925 2745 1986 Salomonis.

2103 2038 2420 2110 Postquam,
2448 2040 2644 2113 inquit,
2682 2050 2967 2117 tantopere
2996 2052 3105 2107 vim
3141 2052 3324 2112 facitis
3369 2057 3604 2127 veritati,

2033 2126 2418 2200 quid‘dicemus
2451 2135 2519 2190 de
2548 2135 2651 2192 hac
2681 2137 2967 2196 manifesta
2997 2146 3265 2203 sententia
3303 2165 3319 2204 :
3360 2167 3380 2201 ι
3423 2126 3609 2207 Domi-

2032 2238 2135 2278 nus
2166 2225 2409 2282 condidit
2456 2232 2543 2284 me
2596 2228 2813 2285 initium
2843 2230 3056 2289 viarum
3100 2250 3321 2295 suarum
3359 2239 3413 2295 in
3441 2256 3604 2313 opera

2031 2315 2207 2372 sua“.
2240 2334 2259 2370 ι

2032 2425 2318 2511 Responsio
2375 2438 2682 2511 functorum
2741 2435 3147 2511 episgoporum_
3175 2458 3269 2511 per
3321 2430 3605 2499 Eusebium

2196 2498 2468 2572 Pamphili
2499 2498 2798 2574 episcapurir
2818 2498 3088 2565 -ϐιέεαιυεω
3109 2498 3438 2569 Ρὰιωειὶἰιαέ.

2104 2683 2242 2752 Quid
2270 2684 2536 2756 profunda
2571 2699 2825 2761 penetras
2862 2692 3213 2762 probabiliter
3241 2710 3307 2749 ac
3344 2693 3521 2762 facile,
3548 2706 3606 2751 ut

2032 2776 2349 2835 existimas?
2370 2794 2435 2834 ne
2468 2779 2562 2835 tibi
2593 2781 2716 2852 ipsi,
2743 2798 2779 2838 o
2806 2783 3145 2855 philosophe,
3197 2786 3376 2842 mollia
3412 2801 3599 2843 cumu-

2033 2867 2113 2923 les
2146 2877 2470 2938 argumenta
2508 2888 2521 2925 :
2564 2871 2689 2927 vide
2728 2887 2797 2927 ne
2850 2874 3107 2944 scopulos
3150 2866 3296 2931 aditu
3360 2874 3608 2935 diﬂiciles

2033 2960 2247 3015 incaute
2277 2961 2667 3025 conscendens,
2707 2978 2945 3034 praeceps
2983 2976 3130 3019 ruas.
3169 2965 3360 3020 Verum
3390 2960 3457 3023 de
3493 2967 3604 3033 iilo‘,

355 3046 372 3078 ι
418 3029 620 3101 Κύριος
650 3033 831 3089 ἔκτισε
871 3055 938 3108 με
965 3081 979 3104 ,
1026 3060 1044 3092 ι
1086 3041 1182 3095 νῦν
1213 3044 1455 3115 φήσομεν
1487 3045 1515 3099 ὃ
1546 3048 1595 3101 οἱ
1628 3048 1738 3119 πρὸ
1765 3050 1925 3121 ἡμῶν

2038 3069 2057 3104 ι
2099 3051 2356 3107 Dominus
2385 3052 2623 3108 condidit
2656 3029 2762 3120 me,
2801 3072 2820 3107 ι
2861 3029 3005 3111 nunc
3028 3055 3293 3122 dicemus,
3319 3058 3461 3127 quod
3491 3029 3606 3114 ma;

346 3120 615 3187 ἐξέδωκαν
645 3128 772 3198 περὶ
798 3130 899 3200 τῆς
924 3130 1125 3196 λέξεως
1153 3133 1379 3205 ταύτης,
1405 3139 1523 3207 τῆς,
1551 3139 1633 3194 ὅτι
1664 3158 1683 3193 ι
1719 3120 1923 3214 Κύριος

2032 3142 2180 3211 jores
2208 3143 2381 3198 nostri
2429 3142 2496 3198 de
2545 3143 2631 3199 illa
2683 3146 2974 3210 sententia,
3008 3164 3029 3198 ι
3060 3146 3325 3204 Dominus
3368 3151 3608 3207 condidit

346 3213 529 3268 ἔκτισε
570 3235 660 3288 με,
704 3237 722 3271 ι
765 3221 934 3276 πολλὰ
967 3224 1068 3293 μὲν
1099 3225 1196 3278 καὶ
1223 3226 1376 3292 ἄλλα,
1408 3231 1503 3283 καὶ
1536 3232 1615 3296 είς
1653 3232 1753 3304 τὴν
1782 3213 1924 3290 κατὰ

2036 3246 2142 3297 me,
2174 3250 2193 3284 ι
2229 3232 2393 3287 multa
2432 3233 2651 3303 quidem
2683 3235 2787 3288 alia
2814 3235 3178 3303 tradiderunt,
3211 3246 3267 3292 et
3288 3237 3355 3292 de
3386 3239 3607 3309 dispen-

348 3307 529 3377 σάρκα
578 3309 637 3363 δὲ
683 3312 993 3382 οἰκονομίαν
1048 3318 1147 3387 τῆς
1204 3319 1526 3387 ἐπιφανείας
1575 3322 1670 3376 τοῦ
1714 3325 1923 3396 Κυρίου

347 3398 508 3467 ἡμῶν
550 3400 727 3471 Ἰησοῦ
757 3403 1020 3473 Χριστοῦ,
1053 3408 1147 3462 καὶ
1174 3409 1323 3474 ὅπως
1352 3411 1635 3483 διείληφαν
1655 3454 1668 3477 ,
1707 3416 1928 3481 πάντως

352 3488 464 3541 ίστε
491 3489 590 3553 τὰς
619 3492 879 3557 ἐκδόσεις.
914 3495 1105 3566 Ἡμεῖς
1128 3498 1185 3553 δὲ
1217 3500 1311 3552 καὶ
1330 3500 1418 3553 ἐπ’
1442 3501 1630 3566 ἄλλαις
1659 3502 1925 3575 ἱστορίαις

346 3578 447 3649 τὴν
470 3578 681 3633 ἔκδοσιν
709 3581 804 3635 νῦν
830 3584 1193 3657 ποιησόμεθα,
1222 3589 1317 3641 τοῦ
1354 3589 1557 3661 Κυρίου
1594 3592 1768 3661 Ἰησοῦ
1792 3594 1926 3661 Χρι-

349 3667 478 3723 στοῦ
510 3671 919 3740 συνεργοῦντος.
957 3676 1066 3729 Καὶ
1095 3678 1143 3730 εί
1174 3676 1346 3742 θέλεις
1366 3719 1383 3743 ,
1424 3678 1680 3750 φιλόσοφε
1706 3717 1722 3745 ,
1755 3681 1925 3753 αὐτὴν

346 3759 475 3829 ὅλην
500 3761 602 3833 τὴν
630 3760 775 3829 λέξιν
805 3765 1161 3836 προτείνομεν
1193 3767 1332 3838 μετὰ
1369 3769 1463 3823 καὶ
1492 3768 1591 3839 τῆς
1620 3769 1796 3841 ἀρχῆς
1831 3770 1928 3824 αύ-

345 3850 465 3920 τῆς.
511 3852 676 3922 Λέγει
710 3854 819 3925 γὰρ
862 3857 896 3926 ή
926 3858 1067 3928 ἀρχὴ
1113 3859 1286 3929 αὐτῆς
1312 3877 1326 3891 ·
1359 3877 1379 3912 ι
1447 3860 1571 3913 Ἐὰν
1619 3861 1925 3930 ἁναγγείλω

346 3939 476 4009 ὑμῖν
507 3941 577 3995 τὰ
621 3943 745 3998 καθ’
776 3946 989 4018 ἡμέραν
1025 3949 1315 4019 γινόμενα,
1354 3947 1713 4022 μνημονεύσω
1757 3951 1829 4006 τὰ
1866 3952 1932 4019 ἐξ

345 4032 541 4097 αἰῶνος
569 4035 894 4109 ἀριθμῆσαι.
948 4058 965 4091 ι
1014 4037 1147 4094 Εἶτα
1190 4042 1385 4111 ἐπάγει
1418 4042 1614 4111 λέγων’
1653 4062 1671 4095 ι
1721 4044 1925 4117 Κύριος

346 4124 528 4178 ἔκτισε
559 4142 629 4196 με
663 4128 839 4200 ἀρχὴν
884 4131 1021 4184 ὁδῶν
1071 4131 1237 4187 αὑτοῦ
1276 4135 1356 4197 είς
1399 4133 1536 4204 ἔργα
1579 4136 1778 4204 αὐτοῦ,
1815 4137 1925 4208 πρὸ

345 4215 440 4269 τοῦ
467 4217 662 4282 αἰῶνος
690 4217 1019 4290 ἐθεμελίωσέ
1050 4239 1139 4292 με,
1172 4224 1231 4277 ὲν
1258 4224 1403 4296 ἀρχῇ
1434 4226 1540 4296 πρὸ
1562 4225 1656 4280 τοῦ
1687 4228 1788 4297 τὴν
1819 4228 1924 4298 γῆν

346 4311 601 4379 ποιῆσαι,
646 4311 752 4382 πρὸ
782 4312 878 4366 τοῦ
916 4314 1013 4378 τὰς
1052 4314 1324 4380 ἀϐύσσους
1368 4319 1627 4388 ποιῆσαι,
1674 4320 1781 4392 πρὸ
1827 4321 1931 4376 τοῦ

346 4401 634 4471 προελθεῖν
656 4404 755 4469 τὰς
788 4407 970 4477 πηγὰς
996 4407 1105 4461 τῶν
1132 4409 1361 4476 ὑδάτων,
1386 4412 1491 4482 πρὸ
1515 4411 1611 4465 τοῦ
1636 4413 1736 4484 δρη
1763 4413 1922 4482 ἑδρα-

346 4490 542 4562 σθῆναι
564 4508 579 4522 ⁸
615 4494 723 4563 πρὸ
753 4495 810 4548 δὲ
840 4497 1059 4551 πάντων
1100 4497 1306 4569 βοῦνων
1340 4503 1502 4572 γεννᾷ
1553 4519 1643 4573 με.
1687 4521 1704 4553 ι
1760 4504 1922 4557 Ὅθεν

2032 3324 2244 3379 satione
2273 3324 2627 3393 apparitionis
2657 3325 2868 3380 Domini
2901 3328 3070 3382 nostri
3110 3326 3245 3383 Iesu
3269 3327 3471 3385 Chrisri
3513 3344 3603 3386 se-

2034 3417 2271 3471 cundum
2290 3430 2537 3482 carnem,
2553 3416 2824 3485 quomodo
2845 3406 3259 3488 explicaverint,
3290 3422 3471 3476 nostis-
3496 3437 3607 3476 om-

2034 3506 2163 3562 nino
2186 3505 2527 3561 traditiones.
2576 3503 2685 3561 Nos
2723 3514 2900 3561 autem
2947 3522 3113 3574 nunc,
3135 3517 3463 3578 cooperante
3502 3511 3606 3564 Dn-

2034 3596 2189 3652 mino
2209 3606 2397 3652 nostro
2435 3595 2563 3652 ἔθευ
2603 3596 2844 3663 Christo,
2880 3612 2953 3653 ex
2977 3599 3101 3655 aliis
3160 3601 3323 3655 etiam
3365 3601 3608 3658 historiis

2034 3690 2451 3759 descriptionem
2501 3689 2760 3747 faciemus
2788 3706 2803 3746 :
2833 3699 2889 3747 et
2932 3690 2983 3747 si
3013 3691 3169 3756 velis,
3199 3707 3232 3747 o
3266 3691 3605 3761 philosOphe,

2035 3779 2206 3849 ipsam
2240 3787 2407 3834 totam
2453 3779 2777 3835 sententiam
2813 3779 2883 3836 ab
2911 3778 3032 3848 ejus
3075 3779 3236 3835 initio
3270 3780 3606 3850 proferemus

2036 3871 2087 3925 in
2122 3871 2378 3925 medium.
2400 3871 2489 3925 Ait
2514 3871 2656 3926 enim
2685 3870 3009 3941 principium
3058 3869 3174 3938 ejus
3208 3889 3221 3926 :
3254 3888 3274 3924 ‹
3308 3872 3364 3926 Si
3399 3887 3605 3926 annun-

2034 3960 2243 4016 tiavero
2273 3959 2425 4014 vobis
2454 3975 2575 4030 qua:
2598 3959 2840 4029 quotidie
2864 3959 3021 4021 (lunt,
3049 3973 3258 4014 memor
3294 3972 3392 4013 eru
3418 3972 3538 4029 qua:
3572 3975 3603 4013 a

2032 4051 2231 4108 saeculo
2258 4064 2566 4106 numerare.
2601 4069 2621 4104 ι
2656 4051 2859 4107 Deinde
2881 4050 3144 4120 adiungit,
3174 4048 3361 4107 dicens
3396 4066 3412 4105 :
3439 4066 3464 4101 ι
3496 4048 3600 4103 Do-

2032 4144 2212 4199 minus
2232 4142 2478 4198 condidit
2509 4155 2595 4197 me
2629 4142 2842 4197 initium
2866 4143 3076 4196 viarum
3104 4154 3324 4196 suarum
3359 4138 3415 4194 in
3438 4152 3601 4209 opera

2031 4249 2152 4297 suo.
2183 4243 2312 4289 ante
2340 4233 2593 4289 saeculum
2626 4231 2871 4289 fundavit
2910 4247 3023 4301 me,
3043 4232 3099 4288 in
3131 4231 3287 4288 initio
3312 4241 3602 4301 antequam

2033 4336 2232 4381 terram
2261 4324 2480 4391 faceret,
2511 4332 2566 4378 et
2588 4332 2879 4393 antequam
2933 4322 3158 4394 abyssos
3196 4322 3418 4386 faceret,
3444 4328 3600 4375 ante-

2029 4434 2193 4491 quam
2225 4417 2577 4488 procederent
2601 4414 2778 4472 fontes
2811 4430 3099 4486 aquarum,
3120 4423 3411 4484 antequam
3442 4427 3598 4467 mon-

2032 4526 2114 4570 tes
2160 4510 2289 4568 facti
2321 4520 2504 4566 essent
2538 4528 2552 4564 :
2588 4519 2715 4565 ante
2745 4518 2925 4564 autem
2978 4520 3166 4564 omnes
3201 4507 3367 4563 colles
3416 4506 3603 4576 genuit

345 4586 775 4652 κατασκευάζων
807 4588 897 4655 τὸ,
945 4589 1028 4643 ὅτι
1084 4610 1101 4641 ι
1144 4590 1349 4663 Κύριος
1377 4592 1561 4648 ἔκτισε
1610 4610 1710 4665 με,
1749 4614 1769 4647 ι
1802 4596 1921 4649 ἐπι-

2032 4606 2194 4664 me“.
2219 4623 2238 4656 ι
2288 4603 2445 4660 Unde
2484 4602 2735 4657 muniens
2797 4601 2950 4668 illud,
2988 4620 3007 4654 ι
3049 4600 3309 4657 Dominus
3358 4597 3604 4656 condidit

344 4677 589 4749 συνάψας
614 4675 760 4733 εἶπε’
810 4697 831 4733 ι
876 4681 1083 4753 Κύριος
1112 4682 1335 4755 ἐποίησε
1367 4684 1550 4756 χώρας
1595 4688 1690 4739 καὶ
1729 4688 1921 4758 ἀοική-

339 4787 487 4835 τους.
526 4792 544 4825 ι
575 4772 837 4844 Ζητῶμεν
870 4773 1056 4828 λοιπὸν
1092 4776 1296 4847 Κύριον
1324 4776 1416 4829 τὸν
1447 4778 1711 4834 κτίσαντα
1734 4781 1919 4851 αὐτὸν,

2018 4715 2127 4765 me,
2160 4719 2181 4753 ι
2233 4695 2489 4753 continuo
2543 4694 2765 4765 inquit:
2809 4693 3115 4750 «Dominus
3168 4692 3298 4749 fecit
3352 4691 3603 4762 regiones

2017 4802 2072 4846 et
2126 4784 2497 4844 inhabitabilis
2529 4785 2606 4839 ".
2656 4803 2675 4836 ι
2728 4784 3045 4851 Quaeramus
3106 4782 3360 4852 deinceps
3421 4780 3601 4836 Domi-

341 4864 431 4917 τὸν
476 4863 573 4917 καὶ
611 4867 913 4935 ποιήσαντα
950 4865 1136 4937 χώρας
1174 4869 1265 4921 καὶ
1299 4870 1626 4941 ἀοικήτουςο
1656 4887 1923 4951 νυγματι-

2038 4900 2144 4941 tum
2189 4880 2278 4951 qni
2328 4878 2531 4934 creavit
2583 4876 2769 4942 illum,
2816 4885 2872 4932 et
2909 4875 3001 4945 qui
3063 4875 3190 4931 fecit
3254 4874 3502 4946 regiones
3546 4882 3601 4927 et

348 4953 494 5017 σθεὶς
522 4954 631 5025 γὰρ
654 4955 684 5007 ὁ
704 4955 960 5026 Σολομῶν
987 4958 1054 5011 ἐκ
1076 4958 1185 5012 τῶν
1219 4958 1314 5013 τοῦ
1346 4958 1551 5033 πατρὸς
1584 4961 1771 5037 [πρὸς]
1802 4948 1922 5020 Ἰὼϐ

2032 4948 2419 5029 ηηιιιιῢίίθὺίιίθ.
2449 4966 2771 5023 Stimulatus
2800 4968 2945 5023 enim
2969 4965 3222 5022 Salomon
3252 4967 3322 5020 ab
3352 4964 3439 5018 his
3477 4979 3600 5033 quae

345 5043 589 5107 εἰπόντος
613 5061 627 5075 ⁸
654 5064 671 5097 ι
702 5044 814 5099 Ποῦ
836 5041 981 5118 ἦσθα
1008 5049 1066 5101 ὲν
1091 5048 1173 5120 τῷ
1192 5050 1476 5121 θεμελιοῦν
1503 5070 1570 5123 με
1598 5052 1698 5124 τὴν
1726 5058 1864 5127 γῆν;
1894 5076 1913 5109 ›

345 5135 494 5194 εἷπε·
535 5160 553 5192 ι
600 5141 1039 5215 Κύριοςὲποίησε
1084 5143 1271 5216 χώρας
1303 5147 1397 5199 καὶ
1430 5149 1744 5220 ἀοικήτους.
1772 5171 1793 5203 ι
1831 5152 1918 5206 Ἐν

343 5233 401 5289 δὲ
433 5232 598 5303 βίϐλῳ
649 5234 866 5304 Βαροὺχ
907 5235 970 5289 ὲκ
1013 5237 1281 5307 στόματος
1324 5237 1589 5311 Ἰερεμίου
1638 5241 1732 5295 τοῦ
1784 5261 1920 5315 προ-

346 5326 544 5397 φήτου,
571 5325 754 5391 καθὼς
787 5328 1275 5399 προαπεδείξαμεν,
1309 5333 1439 5405 περ).
1466 5333 1559 5387 τοῦ
1590 5337 1919 5407 ποιήσαντος

345 5416 531 5489 χώρας
576 5419 672 5472 καὶ
700 5418 989 5488 ἀοικήτους
1018 5418 1202 5488 λέγει·
1236 5440 1257 5473 ι
1300 5422 1420 5478 Υίοὶ
1459 5426 1633 5499 ’Δγὰρ
1670 5429 1725 5481 oi
1749 5429 1916 5500 ἐκζη-

344 5509 571 5573 τοῦντες
597 5509 697 5579 τὴν
730 5508 947 5565 σύνεσιν
988 5510 1082 5564 ἐπὶ
1113 5509 1216 5580 τῆς
1254 5512 1396 5582 γῆς,
1439 5516 1491 5569 οί
1540 5517 1772 5591 ἔμποροι
1819 5520 1917 5592 τῆς

345 5602 532 5676 Μερὰν
560 5603 655 5656 καὶ
682 5602 899 5675 Θαιμὰν
918 5644 933 5672 ,
968 5603 1060 5658 καὶ
1089 5602 1141 5657 οἱ
1190 5601 1475 5675 μυθόλογοι
1495 5647 1511 5676 ,
1555 5612 1648 5665 καὶ
1675 5615 1724 5666 oi
1754 5612 1916 5685 ἐκζη-

418 5780 464 5809 ⁸³
498 5777 659 5835 Hebr.
686 5796 725 5847 ι,
758 5779 812 5835 2.

348 5864 574 5914 xxxvm,
603 5850 655 5906 ι.

2027 5065 2128 5120 Joh
2149 5064 2361 5119 dixerat
2394 5078 2407 5115 :
2443 5081 2462 5113 ι
2495 5057 2597 5115 Ubi
2633 5068 2751 5115 erat
2801 5074 2925 5112 cum
2958 5073 3212 5129 ponerem
3243 5056 3595 5112 fundamenta

2029 5155 2283 5213 terra"?
2319 5173 2339 5208 ι
2390 5154 2615 5224 inquit:
2667 5169 2686 5204 ι
2734 5150 2997 5207 Dominus
3058 5148 3189 5205 fecit
3246 5150 3493 5218 regiones
3543 5156 3600 5202 et

2027 5247 2419 5305 inhabitabilis.
2440 5265 2461 5300 ι
2504 5245 2571 5301 In
2608 5244 2748 5301 libro
2774 5253 2957 5300 autem
2988 5241 3203 5298 Daruch
3231 5256 3299 5297 ex
3323 5255 3416 5296 ore
3440 5239 3596 5296 Iere-

2026 5340 2147 5395 mia:
2178 5339 2477 5410 prophetas,
2508 5344 2570 5392 ut
2590 5336 2743 5408 prius
2771 5334 3129 5400 ostendimus,
3154 5333 3221 5388 de
3251 5346 3320 5388 eo
3342 5333 3432 5402 qui
3468 5330 3598 5388 fecit

2025 5429 2272 5499 regiones
2301 5439 2355 5485 et
2387 5425 2783 5492 inhabitabilis,
2816 5425 3016 5481 dicitur
3052 5440 3068 5480 :
3106 5442 3126 5477 ι
3160 5422 3299 5480 ‘Filii
3329 5425 3474 5495 Agar
3496 5437 3593 5477 ex-

2025 5521 2305 5592 quirentes
2332 5519 2700 5590 prudentiam,
2729 5519 2821 5590 qui
2853 5531 3018 5588 super
3056 5525 3295 5581 terram,
3329 5525 3596 5572 mercato-

2028 5628 2115 5669 res
2136 5613 2319 5670 Meran
2352 5620 2409 5669 et
2442 5613 2719 5680 Tharman,
2747 5624 2802 5669 et
2842 5611 3196 5678 fabulatores,
3224 5620 3280 5668 et
3314 5610 3597 5666 examina-

924 5778 975 5812 “
999 5778 1162 5837 Prov.
1191 5795 1310 5851 vnt,
1331 5781 1422 5837 εἰ.
1534 5782 1578 5813 ⁸³
1606 5782 1738 5844 ibid.
1767 5782 1844 5853 6.,
1917 5784 1961 5817 ⁸⁸
1988 5783 2124 5841 ibid.
2150 5782 2221 5838 22
2243 5797 2394 5853 seqq.
2489 5781 2535 5815 "
2564 5781 2725 5839 Prov.
2769 5797 2886 5851 vm,
2913 5782 2983 5839 26
3013 5797 3122 5842 scc.
3154 5739 3315 5837 Lix.
3428 5779 3472 5812 "
3494 5779 3613 5835 Job.
