  <div class='ocr_page' id='page_1' title='image "/cluster/home/n/w/nwhite01/storage/ocr_20150623/85/hvd.32044011888864/643.png"; bbox 0 0 4148 6576; ppageno 0'>
   <div class='ocr_carea' id='block_1_1' title="bbox 546 398 678 464">
    <p class='ocr_par' dir='ltr' id='par_1_1' title="bbox 546 398 678 464">
     <span class='ocr_line' id='line_1_1' title="bbox 546 398 678 464; baseline 0.015 -2"><span class='ocrx_word' id='word_1_1' title='bbox 546 398 678 464; x_wconf 72' lang='lat'><strong>1261</strong></span> 
     </span>
    </p>
   </div>
   <div class='ocr_carea' id='block_1_2' title="bbox 1781 401 2492 465">
    <p class='ocr_par' dir='ltr' id='par_1_2' title="bbox 1781 401 2492 465">
     <span class='ocr_line' id='line_1_2' title="bbox 1781 401 2492 465; baseline 0.001 -2"><span class='ocrx_word' id='word_1_2' title='bbox 1781 401 2085 464; x_wconf 82' lang='lat' dir='ltr'><strong>GELASII</strong></span> <span class='ocrx_word' id='word_1_3' title='bbox 2149 403 2492 465; x_wconf 79' lang='lat' dir='ltr'><strong>CYZICENI</strong></span> 
     </span>
    </p>
   </div>
   <div class='ocr_carea' id='block_1_3' title="bbox 3662 398 3797 463">
    <p class='ocr_par' dir='ltr' id='par_1_3' title="bbox 3662 398 3797 463">
     <span class='ocr_line' id='line_1_3' title="bbox 3662 398 3797 463; baseline 0.015 -2"><span class='ocrx_word' id='word_1_4' title='bbox 3662 398 3797 463; x_wconf 81' lang='lat'><strong>1268</strong></span> 
     </span>
    </p>
   </div>
   <div class='ocr_carea' id='block_1_4' title="bbox 548 493 2118 589">
    <p class='ocr_par' dir='ltr' id='par_1_4' title="bbox 548 512 2115 587">
     <span class='ocr_line' id='line_1_4' title="bbox 548 512 2115 587; baseline 0.003 -18"><span class='ocrx_word' id='word_1_5' title='bbox 548 526 766 569; x_wconf 72' lang='lat' dir='ltr'><strong>tutores</strong></span> <span class='ocrx_word' id='word_1_6' title='bbox 791 512 1093 585; x_wconf 74' lang='lat' dir='ltr'><strong>prudentia:</strong></span> <span class='ocrx_word' id='word_1_7' title='bbox 1137 532 1152 570; x_wconf 91' lang='lat'><strong>:</strong></span> <span class='ocrx_word' id='word_1_8' title='bbox 1191 514 1333 570; x_wconf 82' lang='lat' dir='ltr'><strong>viam</strong></span> <span class='ocrx_word' id='word_1_9' title='bbox 1360 526 1540 573; x_wconf 87' lang='lat' dir='ltr'><strong>autem</strong></span> <span class='ocrx_word' id='word_1_10' title='bbox 1575 516 1857 587; x_wconf 65' lang='lat' dir='ltr'><strong>sapientia:</strong></span> <span class='ocrx_word' id='word_1_11' title='bbox 1886 533 1993 573; x_wconf 91' lang='lat' dir='ltr'><strong>non</strong></span> <span class='ocrx_word' id='word_1_12' title='bbox 2020 534 2115 574; x_wconf 86' lang='lat' dir='ltr'><strong>c0-</strong></span> 
     </span>
    </p>
   </div>
   <div class='ocr_carea' id='block_1_5' title="bbox 2218 493 3793 589">
    <p class='ocr_par' dir='ltr' id='par_1_5' title="bbox 2218 493 3793 589">
     <span class='ocr_line' id='line_1_5' title="bbox 2218 493 3793 589; baseline -0.001 -20"><span class='ocrx_word' id='word_1_13' title='bbox 2218 518 2378 585; x_wconf 76' lang='grc' dir='ltr'>τηταὶ</span> <span class='ocrx_word' id='word_1_14' title='bbox 2409 518 2512 589; x_wconf 75' lang='grc' dir='ltr'>τῆς</span> <span class='ocrx_word' id='word_1_15' title='bbox 2549 515 2821 581; x_wconf 80' lang='grc' dir='ltr'>συνέσεως</span> <span class='ocrx_word' id='word_1_16' title='bbox 2843 532 2858 548; x_wconf 85' lang='grc'><strong>·</strong></span> <span class='ocrx_word' id='word_1_17' title='bbox 2897 516 3015 570; x_wconf 76' lang='grc' dir='ltr'>όδδν</span> <span class='ocrx_word' id='word_1_18' title='bbox 3058 514 3117 569; x_wconf 76' lang='grc' dir='ltr'><strong>δὲ</strong></span> <span class='ocrx_word' id='word_1_19' title='bbox 3151 514 3346 585; x_wconf 78' lang='grc' dir='ltr'><strong>σοφίας</strong></span> <span class='ocrx_word' id='word_1_20' title='bbox 3392 493 3495 570; x_wconf 58' lang='grc' dir='ltr'>οἰδκ</span> <span class='ocrx_word' id='word_1_21' title='bbox 3529 515 3793 585; x_wconf 73' lang='grc' dir='ltr'>ἔγνωσαν,</span> 
     </span>
    </p>
   </div>
   <div class='ocr_carea' id='block_1_6' title="bbox 544 609 2111 679">
    <p class='ocr_par' dir='ltr' id='par_1_6' title="bbox 544 609 2111 679">
     <span class='ocr_line' id='line_1_6' title="bbox 544 609 2111 679; baseline 0.002 -18"><span class='ocrx_word' id='word_1_22' title='bbox 544 617 869 679; x_wconf 85' lang='lat' dir='ltr'><strong>gnoverunt,</strong></span> <span class='ocrx_word' id='word_1_23' title='bbox 900 621 1076 677; x_wconf 87' lang='lat' dir='ltr'><strong>neque</strong></span> <span class='ocrx_word' id='word_1_24' title='bbox 1109 609 1374 664; x_wconf 74' lang='lat' dir='ltr'><strong>recordati</strong></span> <span class='ocrx_word' id='word_1_25' title='bbox 1415 618 1539 665; x_wconf 86' lang='lat' dir='ltr'><strong>sunt</strong></span> <span class='ocrx_word' id='word_1_26' title='bbox 1596 610 1820 665; x_wconf 78' lang='lat' dir='ltr'><strong>semitas</strong></span> <span class='ocrx_word' id='word_1_27' title='bbox 1850 609 1967 678; x_wconf 88' lang='lat' dir='ltr'><strong>ejus</strong></span> <span class='ocrx_word' id='word_1_28' title='bbox 1983 610 2063 676; x_wconf 83' lang='lat'><strong>”;</strong></span> <span class='ocrx_word' id='word_1_29' title='bbox 2091 630 2111 664; x_wconf 76' lang='grc'><strong>1</strong></span> 
     </span>
    </p>
   </div>
   <div class='ocr_carea' id='block_1_7' title="bbox 543 697 2113 771">
    <p class='ocr_par' dir='ltr' id='par_1_7' title="bbox 543 697 2113 771">
     <span class='ocr_line' id='line_1_7' title="bbox 543 697 2113 771; baseline 0.001 -18"><span class='ocrx_word' id='word_1_30' title='bbox 543 710 598 753; x_wconf 89' lang='lat' dir='ltr'><strong>et</strong></span> <span class='ocrx_word' id='word_1_31' title='bbox 624 706 743 768; x_wconf 90' lang='lat' dir='ltr'><strong>post</strong></span> <span class='ocrx_word' id='word_1_32' title='bbox 767 713 937 767; x_wconf 84' lang='lat' dir='ltr'><strong>pauca</strong></span> <span class='ocrx_word' id='word_1_33' title='bbox 976 715 991 753; x_wconf 87' lang='lat'><strong>:</strong></span> <span class='ocrx_word' id='word_1_34' title='bbox 1027 716 1047 750; x_wconf 78' lang='grc' dir='ltr'><strong>ι</strong></span> <span class='ocrx_word' id='word_1_35' title='bbox 1087 697 1195 754; x_wconf 89' lang='lat' dir='ltr'><strong>Sed</strong></span> <span class='ocrx_word' id='word_1_36' title='bbox 1231 699 1410 756; x_wconf 85' lang='lat' dir='ltr'><strong>sciens</strong></span> <span class='ocrx_word' id='word_1_37' title='bbox 1452 702 1635 757; x_wconf 89' lang='lat' dir='ltr'><strong>omnia</strong></span> <span class='ocrx_word' id='word_1_38' title='bbox 1661 701 1942 771; x_wconf 73' lang='lat' dir='ltr'><strong>cognoscit</strong></span> <span class='ocrx_word' id='word_1_39' title='bbox 1970 716 2113 765; x_wconf 86' lang='lat' dir='ltr'><strong>eam,</strong></span> 
     </span>
    </p>
   </div>
   <div class='ocr_carea' id='block_1_8' title="bbox 545 790 2118 863">
    <p class='ocr_par' dir='ltr' id='par_1_8' title="bbox 545 790 2118 863">
     <span class='ocr_line' id='line_1_8' title="bbox 545 790 2118 863; baseline 0.004 -20"><span class='ocrx_word' id='word_1_40' title='bbox 545 790 821 844; x_wconf 82' lang='lat' dir='ltr'><strong>adiuveuit</strong></span> <span class='ocrx_word' id='word_1_41' title='bbox 870 804 990 844; x_wconf 89' lang='lat' dir='ltr'><strong>eam</strong></span> <span class='ocrx_word' id='word_1_42' title='bbox 1044 790 1330 861; x_wconf 77' lang='lat' dir='ltr'><strong>prudentia</strong></span> <span class='ocrx_word' id='word_1_43' title='bbox 1387 807 1483 847; x_wconf 89' lang='lat' dir='ltr'><strong>sua</strong></span> <span class='ocrx_word' id='word_1_44' title='bbox 1501 794 1586 861; x_wconf 80' lang='lat'><strong>‘°;</strong></span> <span class='ocrx_word' id='word_1_45' title='bbox 1625 812 1644 847; x_wconf 76' lang='grc' dir='ltr'><strong>ι</strong></span> <span class='ocrx_word' id='word_1_46' title='bbox 1679 793 1903 863; x_wconf 90' lang='lat' dir='ltr'><strong>loquens</strong></span> <span class='ocrx_word' id='word_1_47' title='bbox 1952 794 2019 849; x_wconf 92' lang='lat' dir='ltr'><strong>de</strong></span> <span class='ocrx_word' id='word_1_48' title='bbox 2050 808 2118 849; x_wconf 88' lang='lat' dir='ltr'><strong>eo</strong></span> 
     </span>
    </p>
   </div>
   <div class='ocr_carea' id='block_1_9' title="bbox 542 881 2117 954">
    <p class='ocr_par' dir='ltr' id='par_1_9' title="bbox 542 881 2117 954">
     <span class='ocr_line' id='line_1_9' title="bbox 542 881 2117 954; baseline 0.004 -21"><span class='ocrx_word' id='word_1_49' title='bbox 542 882 635 950; x_wconf 88' lang='lat' dir='ltr'><strong>qui</strong></span> <span class='ocrx_word' id='word_1_50' title='bbox 667 881 873 937; x_wconf 82' lang='lat' dir='ltr'><strong>invenit</strong></span> <span class='ocrx_word' id='word_1_51' title='bbox 900 882 1221 954; x_wconf 81' lang='lat' dir='ltr'><strong>sapientiam</strong></span> <span class='ocrx_word' id='word_1_52' title='bbox 1252 883 1537 953; x_wconf 87' lang='lat' dir='ltr'><strong>prudentia</strong></span> <span class='ocrx_word' id='word_1_53' title='bbox 1570 900 1693 949; x_wconf 79' lang='lat' dir='ltr'><strong>sua,</strong></span> <span class='ocrx_word' id='word_1_54' title='bbox 1720 884 1969 954; x_wconf 74' lang='lat' dir='ltr'><strong>adiungit</strong></span> <span class='ocrx_word' id='word_1_55' title='bbox 1997 884 2117 954; x_wconf 89' lang='lat' dir='ltr'><strong>ejus</strong></span> 
     </span>
    </p>
   </div>
   <div class='ocr_carea' id='block_1_10' title="bbox 543 974 2114 1045">
    <p class='ocr_par' dir='ltr' id='par_1_10' title="bbox 543 974 2114 1045">
     <span class='ocr_line' id='line_1_10' title="bbox 543 974 2114 1045; baseline 0.002 -18"><span class='ocrx_word' id='word_1_56' title='bbox 543 987 730 1042; x_wconf 87' lang='lat' dir='ltr'><strong>opera,</strong></span> <span class='ocrx_word' id='word_1_57' title='bbox 753 974 937 1029; x_wconf 91' lang='lat' dir='ltr'><strong>dicens</strong></span> <span class='ocrx_word' id='word_1_58' title='bbox 963 994 978 1029; x_wconf 87' lang='lat'><strong>:</strong></span> <span class='ocrx_word' id='word_1_59' title='bbox 1012 992 1031 1027; x_wconf 71' lang='grc' dir='ltr'><strong>ι</strong></span> <span class='ocrx_word' id='word_1_60' title='bbox 1056 974 1155 1043; x_wconf 88' lang='lat' dir='ltr'><strong>Qui</strong></span> <span class='ocrx_word' id='word_1_61' title='bbox 1192 976 1514 1045; x_wconf 71' lang='lat' dir='ltr'><strong>praeparavit</strong></span> <span class='ocrx_word' id='word_1_62' title='bbox 1541 986 1740 1030; x_wconf 89' lang='lat' dir='ltr'><strong>terram</strong></span> <span class='ocrx_word' id='word_1_63' title='bbox 1775 976 1826 1030; x_wconf 94' lang='lat' dir='ltr'><strong>in</strong></span> <span class='ocrx_word' id='word_1_64' title='bbox 1853 987 2114 1031; x_wconf 70' lang='lat' dir='ltr'><strong>teternum</strong></span> 
     </span>
    </p>
   </div>
   <div class='ocr_carea' id='block_1_11' title="bbox 545 1065 2113 1137">
    <p class='ocr_par' dir='ltr' id='par_1_11' title="bbox 545 1065 2113 1137">
     <span class='ocr_line' id='line_1_11' title="bbox 545 1065 2113 1137; baseline 0.002 -18"><span class='ocrx_word' id='word_1_65' title='bbox 545 1075 778 1135; x_wconf 87' lang='lat' dir='ltr'><strong>tempus,</strong></span> <span class='ocrx_word' id='word_1_66' title='bbox 809 1065 1052 1135; x_wconf 81' lang='lat' dir='ltr'><strong>implevit</strong></span> <span class='ocrx_word' id='word_1_67' title='bbox 1080 1066 1479 1136; x_wconf 85' lang='lat' dir='ltr'><strong>eamjumentis</strong></span> <span class='ocrx_word' id='word_1_68' title='bbox 1508 1068 1973 1137; x_wconf 83' lang='lat' dir='ltr'><strong>quadrupedibus.</strong></span> <span class='ocrx_word' id='word_1_69' title='bbox 2008 1067 2113 1134; x_wconf 85' lang='lat' dir='ltr'><strong>Qui</strong></span> 
     </span>
    </p>
   </div>
   <div class='ocr_carea' id='block_1_12' title="bbox 541 1157 2112 1228">
    <p class='ocr_par' dir='ltr' id='par_1_12' title="bbox 541 1157 2112 1228">
     <span class='ocr_line' id='line_1_12' title="bbox 541 1157 2112 1228; baseline 0.001 -16"><span class='ocrx_word' id='word_1_70' title='bbox 541 1157 743 1212; x_wconf 87' lang='lat' dir='ltr'><strong>emittit</strong></span> <span class='ocrx_word' id='word_1_71' title='bbox 774 1158 979 1222; x_wconf 87' lang='lat' dir='ltr'><strong>lumen,</strong></span> <span class='ocrx_word' id='word_1_72' title='bbox 1008 1168 1063 1212; x_wconf 86' lang='lat' dir='ltr'><strong>et</strong></span> <span class='ocrx_word' id='word_1_73' title='bbox 1109 1158 1372 1214; x_wconf 70' lang='lat' dir='ltr'><strong>vadit“.o</strong></span> <span class='ocrx_word' id='word_1_74' title='bbox 1420 1158 1537 1213; x_wconf 84' lang='lat' dir='ltr'><strong>Non</strong></span> <span class='ocrx_word' id='word_1_75' title='bbox 1579 1158 1974 1215; x_wconf 83' lang='lat' dir='ltr'><strong>connivendum</strong></span> <span class='ocrx_word' id='word_1_76' title='bbox 2009 1171 2112 1228; x_wconf 85' lang='lat' dir='ltr'><strong>est,</strong></span> 
     </span>
    </p>
   </div>
   <div class='ocr_carea' id='block_1_13' title="bbox 539 1248 2117 1323">
    <p class='ocr_par' dir='ltr' id='par_1_13' title="bbox 539 1248 2117 1323">
     <span class='ocr_line' id='line_1_13' title="bbox 539 1248 2117 1323; baseline 0.003 -19"><span class='ocrx_word' id='word_1_77' title='bbox 539 1265 575 1304; x_wconf 92' lang='lat'><strong>0</strong></span> <span class='ocrx_word' id='word_1_78' title='bbox 605 1248 945 1319; x_wconf 83' lang='lat' dir='ltr'><strong>philosophe,</strong></span> <span class='ocrx_word' id='word_1_79' title='bbox 971 1250 1160 1304; x_wconf 89' lang='lat' dir='ltr'><strong>eadem</strong></span> <span class='ocrx_word' id='word_1_80' title='bbox 1202 1265 1389 1306; x_wconf 87' lang='lat' dir='ltr'><strong>rursus</strong></span> <span class='ocrx_word' id='word_1_81' title='bbox 1417 1250 1662 1320; x_wconf 80' lang='lat' dir='ltr'><strong>proferre</strong></span> <span class='ocrx_word' id='word_1_82' title='bbox 1710 1252 1776 1307; x_wconf 90' lang='lat' dir='ltr'><strong>ad</strong></span> <span class='ocrx_word' id='word_1_83' title='bbox 1826 1253 2117 1323; x_wconf 72' lang='lat' dir='ltr'><strong>preposilae</strong></span> 
     </span>
    </p>
   </div>
   <div class='ocr_carea' id='block_1_14' title="bbox 540 1341 2120 1414">
    <p class='ocr_par' dir='ltr' id='par_1_14' title="bbox 540 1341 2120 1414">
     <span class='ocr_line' id='line_1_14' title="bbox 540 1341 2120 1414; baseline 0.003 -18"><span class='ocrx_word' id='word_1_84' title='bbox 540 1341 859 1413; x_wconf 82' lang='lat' dir='ltr'><strong>hypothesis</strong></span> <span class='ocrx_word' id='word_1_85' title='bbox 882 1343 1184 1398; x_wconf 87' lang='lat' dir='ltr'><strong>evidentem</strong></span> <span class='ocrx_word' id='word_1_86' title='bbox 1217 1343 1739 1400; x_wconf 85' lang='lat' dir='ltr'><strong>demonstrationem</strong></span> <span class='ocrx_word' id='word_1_87' title='bbox 1776 1362 1833 1401; x_wconf 70' lang='grc' dir='ltr'>τι</span> <span class='ocrx_word' id='word_1_88' title='bbox 1859 1345 1960 1414; x_wconf 90' lang='lat' dir='ltr'><strong>Qui</strong></span> <span class='ocrx_word' id='word_1_89' title='bbox 1993 1347 2120 1401; x_wconf 88' lang='lat' dir='ltr'><strong>mit-</strong></span> 
     </span>
    </p>
   </div>
   <div class='ocr_carea' id='block_1_15' title="bbox 543 1433 2114 1505">
    <p class='ocr_par' dir='ltr' id='par_1_15' title="bbox 543 1433 2114 1505">
     <span class='ocr_line' id='line_1_15' title="bbox 543 1433 2114 1505; baseline 0.006 -19"><span class='ocrx_word' id='word_1_90' title='bbox 543 1435 626 1498; x_wconf 91' lang='lat' dir='ltr'><strong>tit,</strong></span> <span class='ocrx_word' id='word_1_91' title='bbox 659 1433 855 1503; x_wconf 88' lang='lat' dir='ltr'><strong>inquit,</strong></span> <span class='ocrx_word' id='word_1_92' title='bbox 907 1434 1108 1498; x_wconf 89' lang='lat' dir='ltr'><strong>lumen,</strong></span> <span class='ocrx_word' id='word_1_93' title='bbox 1143 1444 1196 1490; x_wconf 88' lang='lat' dir='ltr'><strong>et</strong></span> <span class='ocrx_word' id='word_1_94' title='bbox 1226 1435 1373 1489; x_wconf 87' lang='lat' dir='ltr'><strong>vadit</strong></span> <span class='ocrx_word' id='word_1_95' title='bbox 1411 1454 1425 1491; x_wconf 89' lang='lat'><strong>:</strong></span> <span class='ocrx_word' id='word_1_96' title='bbox 1458 1437 1673 1491; x_wconf 85' lang='lat' dir='ltr'><strong>vocavit</strong></span> <span class='ocrx_word' id='word_1_97' title='bbox 1709 1437 1860 1505; x_wconf 89' lang='lat' dir='ltr'><strong>illud,</strong></span> <span class='ocrx_word' id='word_1_98' title='bbox 1893 1447 1950 1494; x_wconf 88' lang='lat' dir='ltr'><strong>et</strong></span> <span class='ocrx_word' id='word_1_99' title='bbox 1980 1438 2114 1494; x_wconf 80' lang='lat' dir='ltr'><strong>obe-</strong></span> 
     </span>
    </p>
   </div>
   <div class='ocr_carea' id='block_1_16' title="bbox 539 1525 2117 1599">
    <p class='ocr_par' dir='ltr' id='par_1_16' title="bbox 539 1525 2117 1599">
     <span class='ocr_line' id='line_1_16' title="bbox 539 1525 2117 1599; baseline 0.005 -22"><span class='ocrx_word' id='word_1_100' title='bbox 539 1526 673 1579; x_wconf 84' lang='lat' dir='ltr'><strong>divit</strong></span> <span class='ocrx_word' id='word_1_101' title='bbox 697 1525 772 1579; x_wconf 93' lang='lat' dir='ltr'><strong>illi</strong></span> <span class='ocrx_word' id='word_1_102' title='bbox 804 1541 925 1580; x_wconf 91' lang='lat' dir='ltr'><strong>cum</strong></span> <span class='ocrx_word' id='word_1_103' title='bbox 956 1526 1151 1582; x_wconf 91' lang='lat' dir='ltr'><strong>timore</strong></span> <span class='ocrx_word' id='word_1_104' title='bbox 1187 1542 1202 1580; x_wconf 88' lang='lat'><strong>:</strong></span> <span class='ocrx_word' id='word_1_105' title='bbox 1233 1542 1297 1581; x_wconf 92' lang='lat' dir='ltr'><strong>ac</strong></span> <span class='ocrx_word' id='word_1_106' title='bbox 1319 1526 1488 1583; x_wconf 75' lang='lat' dir='ltr'><strong>stella:</strong></span> <span class='ocrx_word' id='word_1_107' title='bbox 1521 1528 1912 1599; x_wconf 88' lang='lat' dir='ltr'><strong>splenduerunt</strong></span> <span class='ocrx_word' id='word_1_108' title='bbox 1940 1531 1990 1585; x_wconf 94' lang='lat' dir='ltr'><strong>in</strong></span> <span class='ocrx_word' id='word_1_109' title='bbox 2022 1546 2117 1587; x_wconf 88' lang='lat' dir='ltr'><strong>cu-</strong></span> 
     </span>
    </p>
   </div>
   <div class='ocr_carea' id='block_1_17' title="bbox 539 1619 2117 1690">
    <p class='ocr_par' dir='ltr' id='par_1_17' title="bbox 539 1619 2117 1690">
     <span class='ocr_line' id='line_1_17' title="bbox 539 1619 2117 1690; baseline 0.004 -16"><span class='ocrx_word' id='word_1_110' title='bbox 539 1619 733 1675; x_wconf 87' lang='lat' dir='ltr'><strong>stodiis</strong></span> <span class='ocrx_word' id='word_1_111' title='bbox 756 1620 893 1683; x_wconf 86' lang='lat' dir='ltr'><strong>suis,</strong></span> <span class='ocrx_word' id='word_1_112' title='bbox 927 1629 981 1673; x_wconf 90' lang='lat' dir='ltr'><strong>et</strong></span> <span class='ocrx_word' id='word_1_113' title='bbox 1027 1619 1217 1675; x_wconf 73' lang='lat' dir='ltr'><strong>laetatae</strong></span> <span class='ocrx_word' id='word_1_114' title='bbox 1259 1631 1431 1677; x_wconf 90' lang='lat' dir='ltr'><strong>sunt:</strong></span> <span class='ocrx_word' id='word_1_115' title='bbox 1464 1628 1676 1679; x_wconf 88' lang='lat' dir='ltr'><strong>vocavit</strong></span> <span class='ocrx_word' id='word_1_116' title='bbox 1714 1640 1836 1690; x_wconf 88' lang='lat' dir='ltr'><strong>eas,</strong></span> <span class='ocrx_word' id='word_1_117' title='bbox 1863 1636 1917 1679; x_wconf 88' lang='lat' dir='ltr'><strong>et</strong></span> <span class='ocrx_word' id='word_1_118' title='bbox 1966 1628 2117 1682; x_wconf 70' lang='lat' dir='ltr'><strong>dixe-</strong></span> 
     </span>
    </p>
   </div>
   <div class='ocr_carea' id='block_1_18' title="bbox 540 1712 2114 1791">
    <p class='ocr_par' dir='ltr' id='par_1_18' title="bbox 540 1712 2114 1791">
     <span class='ocr_line' id='line_1_18' title="bbox 540 1712 2114 1791; baseline 0.006 -26"><span class='ocrx_word' id='word_1_119' title='bbox 540 1721 667 1766; x_wconf 90' lang='lat' dir='ltr'><strong>runt</strong></span> <span class='ocrx_word' id='word_1_120' title='bbox 700 1712 1012 1767; x_wconf 54' lang='lat' dir='ltr'><strong>:Adsnn‘ms</strong></span> <span class='ocrx_word' id='word_1_121' title='bbox 1041 1729 1057 1768; x_wconf 89' lang='lat'><strong>:</strong></span> <span class='ocrx_word' id='word_1_122' title='bbox 1090 1713 1480 1784; x_wconf 88' lang='lat' dir='ltr'><strong>splenduerunt</strong></span> <span class='ocrx_word' id='word_1_123' title='bbox 1529 1733 1653 1773; x_wconf 90' lang='lat' dir='ltr'><strong>cum</strong></span> <span class='ocrx_word' id='word_1_124' title='bbox 1707 1719 1892 1774; x_wconf 75' lang='lat' dir='ltr'><strong>laetitia</strong></span> <span class='ocrx_word' id='word_1_125' title='bbox 1941 1721 1989 1775; x_wconf 87' lang='lat' dir='ltr'><strong>ei</strong></span> <span class='ocrx_word' id='word_1_126' title='bbox 2021 1722 2114 1791; x_wconf 91' lang='lat' dir='ltr'><strong>qui</strong></span> 
     </span>
    </p>
   </div>
   <div class='ocr_carea' id='block_1_19' title="bbox 537 1805 2115 1879">
    <p class='ocr_par' dir='ltr' id='par_1_19' title="bbox 537 1805 2115 1879">
     <span class='ocr_line' id='line_1_19' title="bbox 537 1805 2115 1879; baseline 0.002 -15"><span class='ocrx_word' id='word_1_127' title='bbox 537 1805 668 1864; x_wconf 76' lang='lat' dir='ltr'><strong>fecit</strong></span> <span class='ocrx_word' id='word_1_128' title='bbox 706 1805 849 1862; x_wconf 88' lang='lat' dir='ltr'><strong>illas.</strong></span> <span class='ocrx_word' id='word_1_129' title='bbox 894 1805 992 1861; x_wconf 87' lang='lat' dir='ltr'><strong>liic</strong></span> <span class='ocrx_word' id='word_1_130' title='bbox 1026 1805 1169 1863; x_wconf 89' lang='lat' dir='ltr'><strong>Deus</strong></span> <span class='ocrx_word' id='word_1_131' title='bbox 1197 1818 1402 1873; x_wconf 89' lang='lat' dir='ltr'><strong>noster,</strong></span> <span class='ocrx_word' id='word_1_132' title='bbox 1437 1824 1541 1864; x_wconf 90' lang='lat' dir='ltr'><strong>non</strong></span> <span class='ocrx_word' id='word_1_133' title='bbox 1588 1810 1925 1879; x_wconf 86' lang='lat' dir='ltr'><strong>reputabitur</strong></span> <span class='ocrx_word' id='word_1_134' title='bbox 1973 1811 2115 1867; x_wconf 90' lang='lat' dir='ltr'><strong>alius</strong></span> 
     </span>
    </p>
   </div>
   <div class='ocr_carea' id='block_1_20' title="bbox 537 1898 2116 1973">
    <p class='ocr_par' dir='ltr' id='par_1_20' title="bbox 537 1898 2116 1973">
     <span class='ocr_line' id='line_1_20' title="bbox 537 1898 2116 1973; baseline 0.004 -20"><span class='ocrx_word' id='word_1_135' title='bbox 537 1899 826 1954; x_wconf 82' lang='lat' dir='ltr'><strong>adversum</strong></span> <span class='ocrx_word' id='word_1_136' title='bbox 855 1914 1002 1956; x_wconf 90' lang='lat' dir='ltr'><strong>eum.</strong></span> <span class='ocrx_word' id='word_1_137' title='bbox 1034 1898 1243 1955; x_wconf 89' lang='lat' dir='ltr'><strong>Invenit</strong></span> <span class='ocrx_word' id='word_1_138' title='bbox 1279 1916 1496 1957; x_wconf 89' lang='lat' dir='ltr'><strong>omnem</strong></span> <span class='ocrx_word' id='word_1_139' title='bbox 1553 1901 1697 1957; x_wconf 87' lang='lat' dir='ltr'><strong>viam</strong></span> <span class='ocrx_word' id='word_1_140' title='bbox 1760 1902 2024 1973; x_wconf 79' lang='lat' dir='ltr'><strong>scientiae,</strong></span> <span class='ocrx_word' id='word_1_141' title='bbox 2061 1915 2116 1962; x_wconf 89' lang='lat' dir='ltr'><strong>et</strong></span> 
     </span>
    </p>
   </div>
   <div class='ocr_carea' id='block_1_21' title="bbox 539 1992 2112 2061">
    <p class='ocr_par' dir='ltr' id='par_1_21' title="bbox 539 1992 2112 2061">
     <span class='ocr_line' id='line_1_21' title="bbox 539 1992 2112 2061; baseline 0.003 -13"><span class='ocrx_word' id='word_1_142' title='bbox 539 1994 685 2049; x_wconf 88' lang='lat' dir='ltr'><strong>dedit</strong></span> <span class='ocrx_word' id='word_1_143' title='bbox 724 2008 842 2049; x_wconf 85' lang='lat' dir='ltr'><strong>eam</strong></span> <span class='ocrx_word' id='word_1_144' title='bbox 898 1992 1065 2049; x_wconf 83' lang='lat' dir='ltr'><strong>Jacob</strong></span> <span class='ocrx_word' id='word_1_145' title='bbox 1099 2009 1258 2049; x_wconf 87' lang='lat' dir='ltr'><strong>servo</strong></span> <span class='ocrx_word' id='word_1_146' title='bbox 1280 2009 1400 2061; x_wconf 92' lang='lat' dir='ltr'><strong>suo,</strong></span> <span class='ocrx_word' id='word_1_147' title='bbox 1439 2003 1493 2050; x_wconf 91' lang='lat' dir='ltr'><strong>et</strong></span> <span class='ocrx_word' id='word_1_148' title='bbox 1537 1994 1700 2050; x_wconf 88' lang='lat' dir='ltr'><strong>Israel</strong></span> <span class='ocrx_word' id='word_1_149' title='bbox 1754 1995 1951 2052; x_wconf 89' lang='lat' dir='ltr'><strong>dilecto</strong></span> <span class='ocrx_word' id='word_1_150' title='bbox 1990 2011 2112 2052; x_wconf 88' lang='lat' dir='ltr'><strong>suo.</strong></span> 
     </span>
    </p>
   </div>
   <div class='ocr_carea' id='block_1_22' title="bbox 538 2082 2112 2151">
    <p class='ocr_par' dir='ltr' id='par_1_22' title="bbox 538 2082 2112 2151">
     <span class='ocr_line' id='line_1_22' title="bbox 538 2082 2112 2151; baseline 0.004 -13"><span class='ocrx_word' id='word_1_151' title='bbox 538 2082 668 2140; x_wconf 87' lang='lat' dir='ltr'><strong>Post</strong></span> <span class='ocrx_word' id='word_1_152' title='bbox 699 2084 814 2140; x_wconf 66' lang='lat' dir='ltr'><strong>haec</strong></span> <span class='ocrx_word' id='word_1_153' title='bbox 842 2085 895 2139; x_wconf 93' lang='lat' dir='ltr'><strong>in</strong></span> <span class='ocrx_word' id='word_1_154' title='bbox 925 2096 1065 2141; x_wconf 88' lang='lat' dir='ltr'><strong>terra</strong></span> <span class='ocrx_word' id='word_1_155' title='bbox 1092 2085 1242 2141; x_wconf 89' lang='lat' dir='ltr'><strong>visus</strong></span> <span class='ocrx_word' id='word_1_156' title='bbox 1281 2094 1386 2151; x_wconf 86' lang='lat' dir='ltr'><strong>est,</strong></span> <span class='ocrx_word' id='word_1_157' title='bbox 1414 2096 1468 2142; x_wconf 91' lang='lat' dir='ltr'><strong>et</strong></span> <span class='ocrx_word' id='word_1_158' title='bbox 1496 2087 1638 2142; x_wconf 90' lang='lat' dir='ltr'><strong>inter</strong></span> <span class='ocrx_word' id='word_1_159' title='bbox 1679 2089 1926 2145; x_wconf 89' lang='lat' dir='ltr'><strong>homines</strong></span> <span class='ocrx_word' id='word_1_160' title='bbox 1976 2105 2112 2145; x_wconf 80' lang='lat' dir='ltr'><strong>cou-</strong></span> 
     </span>
    </p>
   </div>
   <div class='ocr_carea' id='block_1_23' title="bbox 539 2178 2116 2254">
    <p class='ocr_par' dir='ltr' id='par_1_23' title="bbox 539 2178 2116 2254">
     <span class='ocr_line' id='line_1_23' title="bbox 539 2178 2116 2254; baseline 0.006 -25"><span class='ocrx_word' id='word_1_161' title='bbox 539 2187 787 2235; x_wconf 79' lang='lat' dir='ltr'><strong>versatus</strong></span> <span class='ocrx_word' id='word_1_162' title='bbox 834 2178 1051 2235; x_wconf 72' lang='grc'><strong>081⁸³.)</strong></span> <span class='ocrx_word' id='word_1_163' title='bbox 1088 2180 1229 2236; x_wconf 87' lang='lat' dir='ltr'><strong>Duas</strong></span> <span class='ocrx_word' id='word_1_164' title='bbox 1284 2189 1508 2236; x_wconf 87' lang='lat' dir='ltr'><strong>naturas</strong></span> <span class='ocrx_word' id='word_1_165' title='bbox 1566 2190 1845 2251; x_wconf 84' lang='lat' dir='ltr'><strong>opponunt</strong></span> <span class='ocrx_word' id='word_1_166' title='bbox 1893 2185 2116 2254; x_wconf 84' lang='lat' dir='ltr'><strong>proprie</strong></span> 
     </span>
    </p>
   </div>
   <div class='ocr_carea' id='block_1_24' title="bbox 539 2270 2117 2344">
    <p class='ocr_par' dir='ltr' id='par_1_24' title="bbox 539 2270 2117 2344">
     <span class='ocr_line' id='line_1_24' title="bbox 539 2270 2117 2344; baseline 0.005 -20"><span class='ocrx_word' id='word_1_167' title='bbox 539 2270 655 2339; x_wconf 82' lang='lat' dir='ltr'><strong>ejus</strong></span> <span class='ocrx_word' id='word_1_168' title='bbox 680 2272 769 2341; x_wconf 90' lang='lat' dir='ltr'><strong>qui</strong></span> <span class='ocrx_word' id='word_1_169' title='bbox 813 2270 941 2326; x_wconf 83' lang='lat' dir='ltr'><strong>fecit</strong></span> <span class='ocrx_word' id='word_1_170' title='bbox 968 2272 1217 2341; x_wconf 82' lang='lat' dir='ltr'><strong>regiones</strong></span> <span class='ocrx_word' id='word_1_171' title='bbox 1248 2282 1302 2328; x_wconf 90' lang='lat' dir='ltr'><strong>et</strong></span> <span class='ocrx_word' id='word_1_172' title='bbox 1347 2273 1746 2339; x_wconf 87' lang='lat' dir='ltr'><strong>inhabitabilia,</strong></span> <span class='ocrx_word' id='word_1_173' title='bbox 1800 2290 1938 2344; x_wconf 90' lang='lat' dir='ltr'><strong>quas</strong></span> <span class='ocrx_word' id='word_1_174' title='bbox 1977 2276 2117 2332; x_wconf 84' lang='lat' dir='ltr'><strong>dixit</strong></span> 
     </span>
    </p>
   </div>
   <div class='ocr_carea' id='block_1_25' title="bbox 540 2348 2116 2430">
    <p class='ocr_par' dir='ltr' id='par_1_25' title="bbox 540 2348 2116 2430">
     <span class='ocr_line' id='line_1_25' title="bbox 540 2348 2116 2430; baseline 0.005 -15"><span class='ocrx_word' id='word_1_175' title='bbox 540 2359 819 2428; x_wconf 80' lang='lat' dir='ltr'><strong>Salomon,</strong></span> <span class='ocrx_word' id='word_1_176' title='bbox 848 2371 903 2416; x_wconf 91' lang='lat' dir='ltr'><strong>et</strong></span> <span class='ocrx_word' id='word_1_177' title='bbox 936 2348 1174 2430; x_wconf 77' lang='lat' dir='ltr'><strong>Buruch,</strong></span> <span class='ocrx_word' id='word_1_178' title='bbox 1210 2362 1328 2420; x_wconf 89' lang='lat' dir='ltr'><strong>sive</strong></span> <span class='ocrx_word' id='word_1_179' title='bbox 1374 2362 1657 2421; x_wconf 82' lang='lat' dir='ltr'><strong>Jeremias.</strong></span> <span class='ocrx_word' id='word_1_180' title='bbox 1690 2365 1824 2421; x_wconf 89' lang='lat' dir='ltr'><strong>Cum</strong></span> <span class='ocrx_word' id='word_1_181' title='bbox 1856 2367 2002 2422; x_wconf 88' lang='lat' dir='ltr'><strong>enim</strong></span> <span class='ocrx_word' id='word_1_182' title='bbox 2033 2368 2116 2423; x_wconf 87' lang='lat' dir='ltr'><strong>di-</strong></span> 
     </span>
    </p>
   </div>
   <div class='ocr_carea' id='block_1_26' title="bbox 538 2454 2114 2529">
    <p class='ocr_par' dir='ltr' id='par_1_26' title="bbox 538 2454 2114 2529">
     <span class='ocr_line' id='line_1_26' title="bbox 538 2454 2114 2529; baseline 0.005 -20"><span class='ocrx_word' id='word_1_183' title='bbox 538 2454 710 2509; x_wconf 83' lang='lat' dir='ltr'><strong>xisset</strong></span> <span class='ocrx_word' id='word_1_184' title='bbox 738 2473 751 2510; x_wconf 87' lang='lat'><strong>:</strong></span> <span class='ocrx_word' id='word_1_185' title='bbox 778 2473 797 2506; x_wconf 73' lang='grc' dir='ltr'><strong>ι</strong></span> <span class='ocrx_word' id='word_1_186' title='bbox 830 2455 1083 2512; x_wconf 86' lang='lat' dir='ltr'><strong>Condidit</strong></span> <span class='ocrx_word' id='word_1_187' title='bbox 1109 2472 1233 2523; x_wconf 85' lang='lat' dir='ltr'><strong>me;</strong></span> <span class='ocrx_word' id='word_1_188' title='bbox 1263 2477 1283 2512; x_wconf 74' lang='grc' dir='ltr'><strong>ι</strong></span> <span class='ocrx_word' id='word_1_189' title='bbox 1338 2456 1615 2526; x_wconf 77' lang='lat' dir='ltr'><strong>subiunxit</strong></span> <span class='ocrx_word' id='word_1_190' title='bbox 1644 2458 1763 2528; x_wconf 83' lang='lat' dir='ltr'><strong>ejus</strong></span> <span class='ocrx_word' id='word_1_191' title='bbox 1812 2474 2002 2529; x_wconf 87' lang='lat' dir='ltr'><strong>opera,</strong></span> <span class='ocrx_word' id='word_1_192' title='bbox 2027 2462 2114 2517; x_wconf 88' lang='lat' dir='ltr'><strong>di-</strong></span> 
     </span>
    </p>
   </div>
   <div class='ocr_carea' id='block_1_27' title="bbox 539 2547 2109 2621">
    <p class='ocr_par' dir='ltr' id='par_1_27' title="bbox 539 2547 2109 2621">
     <span class='ocr_line' id='line_1_27' title="bbox 539 2547 2109 2621; baseline 0.003 -20"><span class='ocrx_word' id='word_1_193' title='bbox 539 2561 670 2601; x_wconf 86' lang='lat' dir='ltr'><strong>cens</strong></span> <span class='ocrx_word' id='word_1_194' title='bbox 700 2563 716 2601; x_wconf 89' lang='lat'><strong>:</strong></span> <span class='ocrx_word' id='word_1_195' title='bbox 748 2563 767 2598; x_wconf 79' lang='grc' dir='ltr'><strong>ι</strong></span> <span class='ocrx_word' id='word_1_196' title='bbox 810 2547 1069 2604; x_wconf 88' lang='lat' dir='ltr'><strong>Dominus</strong></span> <span class='ocrx_word' id='word_1_197' title='bbox 1106 2549 1235 2603; x_wconf 82' lang='lat' dir='ltr'><strong>fecit</strong></span> <span class='ocrx_word' id='word_1_198' title='bbox 1270 2549 1521 2619; x_wconf 80' lang='lat' dir='ltr'><strong>regiones</strong></span> <span class='ocrx_word' id='word_1_199' title='bbox 1553 2560 1608 2606; x_wconf 93' lang='lat' dir='ltr'><strong>et</strong></span> <span class='ocrx_word' id='word_1_200' title='bbox 1657 2550 2058 2621; x_wconf 75' lang='lat' dir='ltr'><strong>inhabitabilis.</strong></span> <span class='ocrx_word' id='word_1_201' title='bbox 2090 2571 2109 2605; x_wconf 81' lang='grc'><strong>1</strong></span> 
     </span>
    </p>
   </div>
   <div class='ocr_carea' id='block_1_28' title="bbox 537 2636 2114 2712">
    <p class='ocr_par' dir='ltr' id='par_1_28' title="bbox 537 2636 2114 2712">
     <span class='ocr_line' id='line_1_28' title="bbox 537 2636 2114 2712; baseline 0.006 -21"><span class='ocrx_word' id='word_1_202' title='bbox 537 2636 971 2705; x_wconf 79' lang='lat' dir='ltr'><strong>Batiocinemur,</strong></span> <span class='ocrx_word' id='word_1_203' title='bbox 1001 2640 1087 2695; x_wconf 85' lang='lat' dir='ltr'><strong>vir</strong></span> <span class='ocrx_word' id='word_1_204' title='bbox 1135 2642 1358 2711; x_wconf 87' lang='lat' dir='ltr'><strong>optime,</strong></span> <span class='ocrx_word' id='word_1_205' title='bbox 1394 2642 1643 2712; x_wconf 89' lang='lat' dir='ltr'><strong>quisnam</strong></span> <span class='ocrx_word' id='word_1_206' title='bbox 1673 2652 1757 2699; x_wconf 91' lang='lat' dir='ltr'><strong>est</strong></span> <span class='ocrx_word' id='word_1_207' title='bbox 1806 2643 1899 2699; x_wconf 89' lang='lat' dir='ltr'><strong>ille</strong></span> <span class='ocrx_word' id='word_1_208' title='bbox 1929 2643 2114 2701; x_wconf 80' lang='lat' dir='ltr'><strong>Domi-</strong></span> 
     </span>
    </p>
   </div>
   <div class='ocr_carea' id='block_1_29' title="bbox 539 2729 2117 2805">
    <p class='ocr_par' dir='ltr' id='par_1_29' title="bbox 539 2729 2117 2805">
     <span class='ocr_line' id='line_1_29' title="bbox 539 2729 2117 2805; baseline 0.005 -20"><span class='ocrx_word' id='word_1_209' title='bbox 539 2734 642 2785; x_wconf 85' lang='lat' dir='ltr'><strong>ntis</strong></span> <span class='ocrx_word' id='word_1_210' title='bbox 678 2729 882 2786; x_wconf 78' lang='lat' dir='ltr'><strong>faciens</strong></span> <span class='ocrx_word' id='word_1_211' title='bbox 912 2730 1160 2802; x_wconf 78' lang='lat' dir='ltr'><strong>regiones</strong></span> <span class='ocrx_word' id='word_1_212' title='bbox 1198 2743 1254 2787; x_wconf 89' lang='lat' dir='ltr'><strong>et</strong></span> <span class='ocrx_word' id='word_1_213' title='bbox 1304 2732 1675 2790; x_wconf 88' lang='lat' dir='ltr'><strong>inbabitabilia</strong></span> <span class='ocrx_word' id='word_1_214' title='bbox 1706 2753 1722 2789; x_wconf 90' lang='lat'><strong>:</strong></span> <span class='ocrx_word' id='word_1_215' title='bbox 1755 2735 2117 2805; x_wconf 85' lang='lat' dir='ltr'><strong>intelligemus</strong></span> 
     </span>
    </p>
   </div>
   <div class='ocr_carea' id='block_1_30' title="bbox 539 2821 2118 2898">
    <p class='ocr_par' dir='ltr' id='par_1_30' title="bbox 539 2821 2118 2898">
     <span class='ocr_line' id='line_1_30' title="bbox 539 2821 2118 2898; baseline 0.005 -24"><span class='ocrx_word' id='word_1_216' title='bbox 539 2837 646 2876; x_wconf 90' lang='lat' dir='ltr'><strong>non</strong></span> <span class='ocrx_word' id='word_1_217' title='bbox 680 2836 800 2878; x_wconf 87' lang='lat' dir='ltr'><strong>esse</strong></span> <span class='ocrx_word' id='word_1_218' title='bbox 850 2821 1039 2889; x_wconf 85' lang='lat' dir='ltr'><strong>alium,</strong></span> <span class='ocrx_word' id='word_1_219' title='bbox 1079 2824 1173 2878; x_wconf 86' lang='lat' dir='ltr'><strong>sed</strong></span> <span class='ocrx_word' id='word_1_220' title='bbox 1223 2825 1447 2881; x_wconf 90' lang='lat' dir='ltr'><strong>omnino</strong></span> <span class='ocrx_word' id='word_1_221' title='bbox 1491 2840 1613 2883; x_wconf 89' lang='lat' dir='ltr'><strong>eum</strong></span> <span class='ocrx_word' id='word_1_222' title='bbox 1659 2827 1751 2897; x_wconf 85' lang='lat' dir='ltr'><strong>qui</strong></span> <span class='ocrx_word' id='word_1_223' title='bbox 1788 2829 2118 2898; x_wconf 65' lang='lat' dir='ltr'><strong>praeparavit</strong></span> 
     </span>
    </p>
   </div>
   <div class='ocr_carea' id='block_1_31' title="bbox 539 2914 2117 2992">
    <p class='ocr_par' dir='ltr' id='par_1_31' title="bbox 539 2914 2117 2992">
     <span class='ocr_line' id='line_1_31' title="bbox 539 2914 2117 2992; baseline 0.006 -25"><span class='ocrx_word' id='word_1_224' title='bbox 539 2922 742 2968; x_wconf 86' lang='lat' dir='ltr'><strong>terram</strong></span> <span class='ocrx_word' id='word_1_225' title='bbox 772 2914 825 2970; x_wconf 95' lang='lat' dir='ltr'><strong>in</strong></span> <span class='ocrx_word' id='word_1_226' title='bbox 842 2922 1104 2970; x_wconf 65' lang='lat' dir='ltr'><strong>aeternum</strong></span> <span class='ocrx_word' id='word_1_227' title='bbox 1138 2926 1349 2987; x_wconf 88' lang='lat' dir='ltr'><strong>tempus</strong></span> <span class='ocrx_word' id='word_1_228' title='bbox 1374 2917 1451 2986; x_wconf 91' lang='lat' dir='ltr'><strong>(in</strong></span> <span class='ocrx_word' id='word_1_229' title='bbox 1479 2926 1637 2973; x_wconf 75' lang='lat' dir='ltr'><strong>terra:</strong></span> <span class='ocrx_word' id='word_1_230' title='bbox 1669 2920 1813 2974; x_wconf 90' lang='lat' dir='ltr'><strong>enim</strong></span> <span class='ocrx_word' id='word_1_231' title='bbox 1845 2936 2117 2992; x_wconf 67' lang='lat' dir='ltr'><strong>praepara-</strong></span> 
     </span>
    </p>
   </div>
   <div class='ocr_carea' id='block_1_32' title="bbox 544 3006 2117 3085">
    <p class='ocr_par' dir='ltr' id='par_1_32' title="bbox 544 3006 2117 3085">
     <span class='ocr_line' id='line_1_32' title="bbox 544 3006 2117 3085; baseline 0.004 -23"><span class='ocrx_word' id='word_1_232' title='bbox 544 3006 691 3064; x_wconf 87' lang='lat' dir='ltr'><strong>tione</strong></span> <span class='ocrx_word' id='word_1_233' title='bbox 724 3007 976 3063; x_wconf 89' lang='lat' dir='ltr'><strong>consistit</strong></span> <span class='ocrx_word' id='word_1_234' title='bbox 1012 3008 1195 3063; x_wconf 80' lang='lat' dir='ltr'><strong>facere</strong></span> <span class='ocrx_word' id='word_1_235' title='bbox 1222 3008 1474 3078; x_wconf 78' lang='lat' dir='ltr'><strong>regiones</strong></span> <span class='ocrx_word' id='word_1_236' title='bbox 1501 3021 1556 3065; x_wconf 93' lang='lat' dir='ltr'><strong>et</strong></span> <span class='ocrx_word' id='word_1_237' title='bbox 1576 3010 1997 3084; x_wconf 85' lang='lat' dir='ltr'><strong>inhabitabilia),</strong></span> <span class='ocrx_word' id='word_1_238' title='bbox 2022 3016 2117 3085; x_wconf 90' lang='lat' dir='ltr'><strong>qui</strong></span> 
     </span>
    </p>
   </div>
   <div class='ocr_carea' id='block_1_33' title="bbox 541 3097 2117 3177">
    <p class='ocr_par' dir='ltr' id='par_1_33' title="bbox 541 3097 2117 3177">
     <span class='ocr_line' id='line_1_33' title="bbox 541 3097 2117 3177; baseline 0.006 -24"><span class='ocrx_word' id='word_1_239' title='bbox 541 3097 920 3167; x_wconf 86' lang='lat' dir='ltr'><strong>impleviteam</strong></span> <span class='ocrx_word' id='word_1_240' title='bbox 946 3098 1210 3170; x_wconf 88' lang='lat' dir='ltr'><strong>jumentis</strong></span> <span class='ocrx_word' id='word_1_241' title='bbox 1262 3101 1723 3172; x_wconf 86' lang='lat' dir='ltr'><strong>quadrupedibus,</strong></span> <span class='ocrx_word' id='word_1_242' title='bbox 1766 3105 1859 3177; x_wconf 91' lang='lat' dir='ltr'><strong>qui</strong></span> <span class='ocrx_word' id='word_1_243' title='bbox 1905 3107 2117 3163; x_wconf 88' lang='lat' dir='ltr'><strong>vocavit</strong></span> 
     </span>
    </p>
   </div>
   <div class='ocr_carea' id='block_1_34' title="bbox 2218 608 3795 681">
    <p class='ocr_par' dir='ltr' id='par_1_34' title="bbox 2218 608 3795 681">
     <span class='ocr_line' id='line_1_34' title="bbox 2218 608 3795 681; baseline 0.001 -20"><span class='ocrx_word' id='word_1_244' title='bbox 2218 609 2339 662; x_wconf 79' lang='grc' dir='ltr'><strong>οὐδὲ</strong></span> <span class='ocrx_word' id='word_1_245' title='bbox 2386 609 2741 680; x_wconf 69' lang='grc' dir='ltr'><strong>ἐμνήσθησαν</strong></span> <span class='ocrx_word' id='word_1_246' title='bbox 2780 610 2881 674; x_wconf 84' lang='grc' dir='ltr'><strong>τάς</strong></span> <span class='ocrx_word' id='word_1_247' title='bbox 2928 608 3147 680; x_wconf 77' lang='grc' dir='ltr'>τρίϐους</span> <span class='ocrx_word' id='word_1_248' title='bbox 3195 610 3386 681; x_wconf 78' lang='grc' dir='ltr'>αὐτῆς.</span> <span class='ocrx_word' id='word_1_249' title='bbox 3448 628 3467 662; x_wconf 77' lang='grc'><strong>1</strong></span> <span class='ocrx_word' id='word_1_250' title='bbox 3519 611 3631 665; x_wconf 77' lang='grc' dir='ltr'><strong>Καὶ</strong></span> <span class='ocrx_word' id='word_1_251' title='bbox 3679 609 3795 681; x_wconf 88' lang='grc' dir='ltr'>μετ’</span> 
     </span>
    </p>
   </div>
   <div class='ocr_carea' id='block_1_35' title="bbox 2217 693 3891 770">
    <p class='ocr_par' dir='ltr' id='par_1_35' title="bbox 2217 693 3891 770">
     <span class='ocr_line' id='line_1_35' title="bbox 2217 693 3891 770; baseline 0.001 -21"><span class='ocrx_word' id='word_1_252' title='bbox 2217 696 2397 765; x_wconf 87' lang='grc' dir='ltr'>ὀλίγον</span> <span class='ocrx_word' id='word_1_253' title='bbox 2417 713 2432 728; x_wconf 78' lang='grc' dir='ltr'><strong>ο</strong></span> <span class='ocrx_word' id='word_1_254' title='bbox 2468 716 2488 749; x_wconf 74' lang='grc' dir='ltr'><strong>ι</strong></span> <span class='ocrx_word' id='word_1_255' title='bbox 2535 698 2675 751; x_wconf 80' lang='grc' dir='ltr'>Ἀλλ’</span> <span class='ocrx_word' id='word_1_256' title='bbox 2704 700 2733 752; x_wconf 88' lang='lat'><strong>6</strong></span> <span class='ocrx_word' id='word_1_257' title='bbox 2761 697 2916 761; x_wconf 83' lang='grc' dir='ltr'>εἰδὼς</span> <span class='ocrx_word' id='word_1_258' title='bbox 2940 698 3010 752; x_wconf 81' lang='grc' dir='ltr'><strong>τά</strong></span> <span class='ocrx_word' id='word_1_259' title='bbox 3047 698 3226 752; x_wconf 84' lang='grc' dir='ltr'>πάντα</span> <span class='ocrx_word' id='word_1_260' title='bbox 3248 739 3262 764; x_wconf 97' lang='grc'><strong>,</strong></span> <span class='ocrx_word' id='word_1_261' title='bbox 3293 697 3551 768; x_wconf 77' lang='grc' dir='ltr'><strong>γινώσκει</strong></span> <span class='ocrx_word' id='word_1_262' title='bbox 3584 699 3789 770; x_wconf 85' lang='grc' dir='ltr'>αὐτήν,</span> <span class='ocrx_word' id='word_1_263' title='bbox 3880 693 3891 697; x_wconf 56' lang='grc'><em>’</em></span> 
     </span>
    </p>
   </div>
   <div class='ocr_carea' id='block_1_36' title="bbox 2218 789 3794 862">
    <p class='ocr_par' dir='ltr' id='par_1_36' title="bbox 2218 789 3794 862">
     <span class='ocr_line' id='line_1_36' title="bbox 2218 789 3794 862; baseline 0.001 -20"><span class='ocrx_word' id='word_1_264' title='bbox 2218 789 2440 861; x_wconf 76' lang='grc' dir='ltr'><strong>ἐξεῦρεν</strong></span> <span class='ocrx_word' id='word_1_265' title='bbox 2469 790 2639 861; x_wconf 75' lang='grc' dir='ltr'>αὐτὴν</span> <span class='ocrx_word' id='word_1_266' title='bbox 2674 792 2742 861; x_wconf 78' lang='grc' dir='ltr'><strong>τῇ</strong></span> <span class='ocrx_word' id='word_1_267' title='bbox 2774 790 2991 845; x_wconf 82' lang='grc' dir='ltr'><strong>συνέσει</strong></span> <span class='ocrx_word' id='word_1_268' title='bbox 3031 790 3199 845; x_wconf 81' lang='grc' dir='ltr'>αὐτοῦ</span> <span class='ocrx_word' id='word_1_269' title='bbox 3224 806 3238 821; x_wconf 85' lang='grc'><em>’</em></span> <span class='ocrx_word' id='word_1_270' title='bbox 3281 809 3299 843; x_wconf 76' lang='grc'><strong>1</strong></span> <span class='ocrx_word' id='word_1_271' title='bbox 3340 790 3510 844; x_wconf 87' lang='grc' dir='ltr'>εἰπὼν</span> <span class='ocrx_word' id='word_1_272' title='bbox 3538 794 3668 862; x_wconf 77' lang='grc' dir='ltr'>περὶ</span> <span class='ocrx_word' id='word_1_273' title='bbox 3697 791 3794 844; x_wconf 78' lang='grc' dir='ltr'><strong>τοῦ</strong></span> 
     </span>
    </p>
   </div>
   <div class='ocr_carea' id='block_1_37' title="bbox 2217 870 3797 953">
    <p class='ocr_par' dir='ltr' id='par_1_37' title="bbox 2217 870 3797 953">
     <span class='ocr_line' id='line_1_37' title="bbox 2217 870 3797 953; baseline -0.001 -19"><span class='ocrx_word' id='word_1_274' title='bbox 2217 882 2531 952; x_wconf 78' lang='grc' dir='ltr'><strong>ἐξευρόντος</strong></span> <span class='ocrx_word' id='word_1_275' title='bbox 2560 882 2660 953; x_wconf 85' lang='grc' dir='ltr'><strong>τὴν</strong></span> <span class='ocrx_word' id='word_1_276' title='bbox 2690 882 2884 951; x_wconf 90' lang='grc' dir='ltr'>σοφίαν</span> <span class='ocrx_word' id='word_1_277' title='bbox 2910 885 2976 953; x_wconf 79' lang='grc' dir='ltr'><strong>τῇ</strong></span> <span class='ocrx_word' id='word_1_278' title='bbox 3008 870 3440 946; x_wconf 77' lang='grc' dir='ltr'>συνέσειάὐτοῦ,</span> <span class='ocrx_word' id='word_1_279' title='bbox 3472 880 3671 949; x_wconf 87' lang='grc' dir='ltr'>ἐπάγει</span> <span class='ocrx_word' id='word_1_280' title='bbox 3699 881 3797 933; x_wconf 78' lang='grc' dir='ltr'><strong>αὐ-</strong></span> 
     </span>
    </p>
   </div>
   <div class='ocr_carea' id='block_1_38' title="bbox 2218 971 3795 1044">
    <p class='ocr_par' dir='ltr' id='par_1_38' title="bbox 2218 971 3795 1044">
     <span class='ocr_line' id='line_1_38' title="bbox 2218 971 3795 1044; baseline -0.002 -17"><span class='ocrx_word' id='word_1_281' title='bbox 2218 971 2313 1027; x_wconf 76' lang='grc' dir='ltr'>τοῦ</span> <span class='ocrx_word' id='word_1_282' title='bbox 2359 974 2577 1038; x_wconf 76' lang='grc' dir='ltr'>καὶτὰς</span> <span class='ocrx_word' id='word_1_283' title='bbox 2606 971 2907 1044; x_wconf 83' lang='grc' dir='ltr'>ἐνεργείας,</span> <span class='ocrx_word' id='word_1_284' title='bbox 2935 973 3110 1043; x_wconf 84' lang='grc' dir='ltr'>λέγων</span> <span class='ocrx_word' id='word_1_285' title='bbox 3138 989 3151 1003; x_wconf 89' lang='grc'><strong>·</strong></span> <span class='ocrx_word' id='word_1_286' title='bbox 3199 991 3218 1023; x_wconf 77' lang='grc' dir='ltr'><strong>ι</strong></span> <span class='ocrx_word' id='word_1_287' title='bbox 3287 973 3345 1025; x_wconf 88' lang='lat'><strong>&#39;0</strong></span> <span class='ocrx_word' id='word_1_288' title='bbox 3377 973 3795 1035; x_wconf 79' lang='grc' dir='ltr'><strong>κατασκευάσας</strong></span> 
     </span>
    </p>
   </div>
   <div class='ocr_carea' id='block_1_39' title="bbox 2217 1064 3794 1136">
    <p class='ocr_par' dir='ltr' id='par_1_39' title="bbox 2217 1064 3794 1136">
     <span class='ocr_line' id='line_1_39' title="bbox 2217 1064 3794 1136; baseline -0.001 -19"><span class='ocrx_word' id='word_1_289' title='bbox 2217 1064 2319 1136; x_wconf 81' lang='grc' dir='ltr'>τὴν</span> <span class='ocrx_word' id='word_1_290' title='bbox 2366 1066 2469 1135; x_wconf 87' lang='grc' dir='ltr'>γῆν</span> <span class='ocrx_word' id='word_1_291' title='bbox 2511 1065 2593 1127; x_wconf 88' lang='grc' dir='ltr'><strong>εἰς</strong></span> <span class='ocrx_word' id='word_1_292' title='bbox 2638 1066 2728 1117; x_wconf 83' lang='grc' dir='ltr'>τὸν</span> <span class='ocrx_word' id='word_1_293' title='bbox 2778 1064 2952 1118; x_wconf 88' lang='grc' dir='ltr'>αἰῶνα</span> <span class='ocrx_word' id='word_1_294' title='bbox 2990 1065 3214 1135; x_wconf 85' lang='grc' dir='ltr'>χρόνον·</span> <span class='ocrx_word' id='word_1_295' title='bbox 3278 1064 3575 1135; x_wconf 75' lang='grc' dir='ltr'><strong>ἐνέπλησεν</strong></span> <span class='ocrx_word' id='word_1_296' title='bbox 3623 1064 3794 1135; x_wconf 75' lang='grc' dir='ltr'>αὐτὴν</span> 
     </span>
    </p>
   </div>
   <div class='ocr_carea' id='block_1_40' title="bbox 2218 1156 3794 1229">
    <p class='ocr_par' dir='ltr' id='par_1_40' title="bbox 2218 1156 3794 1229">
     <span class='ocr_line' id='line_1_40' title="bbox 2218 1156 3794 1229; baseline 0 -19"><span class='ocrx_word' id='word_1_297' title='bbox 2218 1156 2430 1227; x_wconf 83' lang='grc' dir='ltr'>κτηνῶν</span> <span class='ocrx_word' id='word_1_298' title='bbox 2473 1156 2840 1229; x_wconf 83' lang='grc' dir='ltr'>τετραπόδων.</span> <span class='ocrx_word' id='word_1_299' title='bbox 2899 1156 2959 1209; x_wconf 87' lang='grc'><strong>’0</strong></span> <span class='ocrx_word' id='word_1_300' title='bbox 3006 1156 3351 1211; x_wconf 80' lang='grc' dir='ltr'><strong>ἀποστέλλων</strong></span> <span class='ocrx_word' id='word_1_301' title='bbox 3404 1156 3464 1210; x_wconf 78' lang='grc' dir='ltr'>τὸ</span> <span class='ocrx_word' id='word_1_302' title='bbox 3515 1156 3652 1227; x_wconf 86' lang='grc' dir='ltr'>φῶς,</span> <span class='ocrx_word' id='word_1_303' title='bbox 3698 1159 3794 1210; x_wconf 75' lang='grc' dir='ltr'><strong>καὶ</strong></span> 
     </span>
    </p>
   </div>
   <div class='ocr_carea' id='block_1_41' title="bbox 2218 1244 3793 1322">
    <p class='ocr_par' dir='ltr' id='par_1_41' title="bbox 2218 1244 3793 1322">
     <span class='ocr_line' id='line_1_41' title="bbox 2218 1244 3793 1322; baseline -0.002 -18"><span class='ocrx_word' id='word_1_304' title='bbox 2218 1249 2529 1321; x_wconf 84' lang='grc' dir='ltr'>πορεύεται.</span> <span class='ocrx_word' id='word_1_305' title='bbox 2568 1269 2588 1303; x_wconf 76' lang='grc'><strong>1</strong></span> <span class='ocrx_word' id='word_1_306' title='bbox 2622 1250 2698 1304; x_wconf 82' lang='grc' dir='ltr'><strong>Οὐ</strong></span> <span class='ocrx_word' id='word_1_307' title='bbox 2729 1249 3147 1322; x_wconf 76' lang='grc' dir='ltr'>παρασλεπτέον</span> <span class='ocrx_word' id='word_1_308' title='bbox 3176 1249 3309 1322; x_wconf 78' lang='grc' dir='ltr'>γὰρ,</span> <span class='ocrx_word' id='word_1_309' title='bbox 3346 1244 3392 1303; x_wconf 84' lang='grc' dir='ltr'><strong>ὧ</strong></span> <span class='ocrx_word' id='word_1_310' title='bbox 3422 1248 3695 1319; x_wconf 84' lang='grc' dir='ltr'>φιλόσοφε,</span> <span class='ocrx_word' id='word_1_311' title='bbox 3726 1250 3793 1302; x_wconf 83' lang='grc' dir='ltr'>τὰ</span> 
     </span>
    </p>
   </div>
   <div class='ocr_carea' id='block_1_42' title="bbox 2218 1340 3793 1414">
    <p class='ocr_par' dir='ltr' id='par_1_42' title="bbox 2218 1340 3793 1414">
     <span class='ocr_line' id='line_1_42' title="bbox 2218 1340 3793 1414; baseline -0.001 -18"><span class='ocrx_word' id='word_1_312' title='bbox 2218 1342 2361 1396; x_wconf 82' lang='grc' dir='ltr'>αὐτά</span> <span class='ocrx_word' id='word_1_313' title='bbox 2391 1342 2554 1397; x_wconf 88' lang='grc' dir='ltr'>πάλιν</span> <span class='ocrx_word' id='word_1_314' title='bbox 2586 1341 2940 1414; x_wconf 82' lang='grc' dir='ltr'>διαγορεῦσαι</span> <span class='ocrx_word' id='word_1_315' title='bbox 2978 1341 3115 1414; x_wconf 75' lang='grc' dir='ltr'>πρὸς</span> <span class='ocrx_word' id='word_1_316' title='bbox 3147 1342 3355 1414; x_wconf 78' lang='grc' dir='ltr'>ἐναργῆ</span> <span class='ocrx_word' id='word_1_317' title='bbox 3395 1340 3669 1409; x_wconf 82' lang='grc' dir='ltr'>ἀπόδειξιν</span> <span class='ocrx_word' id='word_1_318' title='bbox 3695 1342 3793 1411; x_wconf 82' lang='grc' dir='ltr'>τῆς</span> 
     </span>
    </p>
   </div>
   <div class='ocr_carea' id='block_1_43' title="bbox 2220 1433 3795 1507">
    <p class='ocr_par' dir='ltr' id='par_1_43' title="bbox 2220 1433 3795 1507">
     <span class='ocr_line' id='line_1_43' title="bbox 2220 1433 3795 1507; baseline -0.001 -19"><span class='ocrx_word' id='word_1_319' title='bbox 2220 1435 2589 1507; x_wconf 80' lang='grc' dir='ltr'><strong>προκειμένης</strong></span> <span class='ocrx_word' id='word_1_320' title='bbox 2620 1435 2953 1499; x_wconf 86' lang='grc' dir='ltr'>ὑποθέσεως.</span> <span class='ocrx_word' id='word_1_321' title='bbox 2992 1454 3010 1486; x_wconf 78' lang='grc' dir='ltr'><strong>ι</strong></span> <span class='ocrx_word' id='word_1_322' title='bbox 3062 1435 3119 1489; x_wconf 86' lang='grc' dir='ltr'>ὐ</span> <span class='ocrx_word' id='word_1_323' title='bbox 3150 1433 3517 1498; x_wconf 88' lang='grc' dir='ltr'>ἀποστέλλων,</span> <span class='ocrx_word' id='word_1_324' title='bbox 3552 1435 3706 1504; x_wconf 71' lang='grc' dir='ltr'>φησι,</span> <span class='ocrx_word' id='word_1_325' title='bbox 3733 1434 3795 1487; x_wconf 80' lang='grc' dir='ltr'>τὸ</span> 
     </span>
    </p>
   </div>
   <div class='ocr_carea' id='block_1_44' title="bbox 2220 1526 3793 1600">
    <p class='ocr_par' dir='ltr' id='par_1_44' title="bbox 2220 1526 3793 1600">
     <span class='ocr_line' id='line_1_44' title="bbox 2220 1526 3793 1600; baseline -0.003 -18"><span class='ocrx_word' id='word_1_326' title='bbox 2220 1528 2357 1598; x_wconf 84' lang='grc' dir='ltr'>φῶς,</span> <span class='ocrx_word' id='word_1_327' title='bbox 2398 1528 2491 1582; x_wconf 65' lang='grc' dir='ltr'><strong>κεν.)⁸</strong></span> <span class='ocrx_word' id='word_1_328' title='bbox 2525 1527 2837 1600; x_wconf 82' lang='grc' dir='ltr'>πορεύεται’</span> <span class='ocrx_word' id='word_1_329' title='bbox 2878 1528 3137 1582; x_wconf 72' lang='grc' dir='ltr'>ἐκάλεσεν</span> <span class='ocrx_word' id='word_1_330' title='bbox 3176 1527 3327 1593; x_wconf 82' lang='grc' dir='ltr'>αὐτὸ,</span> <span class='ocrx_word' id='word_1_331' title='bbox 3360 1528 3455 1580; x_wconf 71' lang='grc' dir='ltr'>καὶ</span> <span class='ocrx_word' id='word_1_332' title='bbox 3485 1526 3793 1597; x_wconf 78' lang='grc' dir='ltr'>ὑπήκουσεν</span> 
     </span>
    </p>
   </div>
   <div class='ocr_carea' id='block_1_45' title="bbox 2217 1616 3794 1693">
    <p class='ocr_par' dir='ltr' id='par_1_45' title="bbox 2217 1616 3794 1693">
     <span class='ocr_line' id='line_1_45' title="bbox 2217 1616 3794 1693; baseline -0.003 -19"><span class='ocrx_word' id='word_1_333' title='bbox 2217 1620 2370 1691; x_wconf 83' lang='grc' dir='ltr'>αὐτῷ</span> <span class='ocrx_word' id='word_1_334' title='bbox 2393 1620 2604 1693; x_wconf 84' lang='grc' dir='ltr'>τρόμῳ·</span> <span class='ocrx_word' id='word_1_335' title='bbox 2626 1621 2676 1673; x_wconf 86' lang='grc' dir='ltr'><strong>οἰ</strong></span> <span class='ocrx_word' id='word_1_336' title='bbox 2702 1620 2758 1673; x_wconf 80' lang='grc' dir='ltr'><strong>δὲ</strong></span> <span class='ocrx_word' id='word_1_337' title='bbox 2775 1619 3005 1691; x_wconf 84' lang='grc' dir='ltr'>ἀστέρες</span> <span class='ocrx_word' id='word_1_338' title='bbox 3027 1619 3273 1691; x_wconf 75' lang='grc' dir='ltr'>ἔλαμψαν</span> <span class='ocrx_word' id='word_1_339' title='bbox 3300 1620 3358 1673; x_wconf 83' lang='grc' dir='ltr'><strong>ἐν</strong></span> <span class='ocrx_word' id='word_1_340' title='bbox 3380 1620 3505 1682; x_wconf 77' lang='grc' dir='ltr'>ταῖς</span> <span class='ocrx_word' id='word_1_341' title='bbox 3526 1616 3794 1688; x_wconf 78' lang='grc' dir='ltr'>φυλακαῖς</span> 
     </span>
    </p>
   </div>
   <div class='ocr_carea' id='block_1_46' title="bbox 2218 1705 3795 1785">
    <p class='ocr_par' dir='ltr' id='par_1_46' title="bbox 2218 1705 3795 1785">
     <span class='ocr_line' id='line_1_46' title="bbox 2218 1705 3795 1785; baseline -0.003 -19"><span class='ocrx_word' id='word_1_342' title='bbox 2218 1712 2420 1777; x_wconf 82' lang='grc' dir='ltr'>αὐτῶν,</span> <span class='ocrx_word' id='word_1_343' title='bbox 2455 1712 2551 1765; x_wconf 76' lang='grc' dir='ltr'>καὶ</span> <span class='ocrx_word' id='word_1_344' title='bbox 2591 1710 3002 1783; x_wconf 75' lang='grc' dir='ltr'>ηὖφράνθησανο</span> <span class='ocrx_word' id='word_1_345' title='bbox 3034 1711 3296 1785; x_wconf 47' lang='grc' dir='ltr'><strong>⁵ἐκάλεσεν</strong></span> <span class='ocrx_word' id='word_1_346' title='bbox 3326 1710 3545 1775; x_wconf 77' lang='grc' dir='ltr'>αὐτοὺς,</span> <span class='ocrx_word' id='word_1_347' title='bbox 3583 1711 3677 1763; x_wconf 79' lang='grc' dir='ltr'>καὶ</span> <span class='ocrx_word' id='word_1_348' title='bbox 3704 1705 3795 1762; x_wconf 84' lang='grc' dir='ltr'><strong>εἷ-</strong></span> 
     </span>
    </p>
   </div>
   <div class='ocr_carea' id='block_1_47' title="bbox 2218 1790 3792 1876">
    <p class='ocr_par' dir='ltr' id='par_1_47' title="bbox 2218 1790 3792 1876">
     <span class='ocr_line' id='line_1_47' title="bbox 2218 1790 3792 1876; baseline -0.002 -18"><span class='ocrx_word' id='word_1_349' title='bbox 2218 1822 2327 1859; x_wconf 85' lang='grc' dir='ltr'><strong>παν</strong></span> <span class='ocrx_word' id='word_1_350' title='bbox 2352 1822 2367 1837; x_wconf 76' lang='grc' dir='ltr'><strong>ο</strong></span> <span class='ocrx_word' id='word_1_351' title='bbox 2401 1804 2722 1876; x_wconf 68' lang='grc' dir='ltr'>Πάρεσμεψ</span> <span class='ocrx_word' id='word_1_352' title='bbox 2755 1802 3004 1874; x_wconf 75' lang='grc' dir='ltr'>ἔλαμψαν</span> <span class='ocrx_word' id='word_1_353' title='bbox 3038 1790 3157 1873; x_wconf 86' lang='grc' dir='ltr'>μετ’</span> <span class='ocrx_word' id='word_1_354' title='bbox 3190 1802 3531 1875; x_wconf 79' lang='grc' dir='ltr'>εὐφροσύνης</span> <span class='ocrx_word' id='word_1_355' title='bbox 3565 1801 3642 1873; x_wconf 78' lang='grc' dir='ltr'><strong>τῷ</strong></span> <span class='ocrx_word' id='word_1_356' title='bbox 3672 1818 3792 1855; x_wconf 85' lang='grc' dir='ltr'>ποι-</span> 
     </span>
    </p>
   </div>
   <div class='ocr_carea' id='block_1_48' title="bbox 2216 1891 3793 1971">
    <p class='ocr_par' dir='ltr' id='par_1_48' title="bbox 2216 1891 3793 1971">
     <span class='ocr_line' id='line_1_48' title="bbox 2216 1891 3793 1971; baseline -0.004 -18"><span class='ocrx_word' id='word_1_357' title='bbox 2216 1901 2409 1971; x_wconf 85' lang='grc' dir='ltr'>ήσαντι</span> <span class='ocrx_word' id='word_1_358' title='bbox 2445 1897 2662 1960; x_wconf 78' lang='grc' dir='ltr'>αὐτούς.</span> <span class='ocrx_word' id='word_1_359' title='bbox 2694 1891 2862 1960; x_wconf 75' lang='grc' dir='ltr'>Οὗτος</span> <span class='ocrx_word' id='word_1_360' title='bbox 2892 1897 2921 1950; x_wconf 88' lang='lat'><strong>6</strong></span> <span class='ocrx_word' id='word_1_361' title='bbox 2950 1895 3084 1959; x_wconf 84' lang='grc' dir='ltr'>Θεὸς</span> <span class='ocrx_word' id='word_1_362' title='bbox 3113 1895 3292 1967; x_wconf 83' lang='grc' dir='ltr'>ήμῶν,</span> <span class='ocrx_word' id='word_1_363' title='bbox 3324 1895 3387 1949; x_wconf 80' lang='grc' dir='ltr'>οὐ</span> <span class='ocrx_word' id='word_1_364' title='bbox 3414 1894 3793 1966; x_wconf 82' lang='grc' dir='ltr'>λογισθήσεται</span> 
     </span>
    </p>
   </div>
   <div class='ocr_carea' id='block_1_49' title="bbox 2215 1988 3790 2064">
    <p class='ocr_par' dir='ltr' id='par_1_49' title="bbox 2215 1988 3790 2064">
     <span class='ocr_line' id='line_1_49' title="bbox 2215 1988 3790 2064; baseline -0.004 -18"><span class='ocrx_word' id='word_1_365' title='bbox 2215 1994 2401 2064; x_wconf 73' lang='grc' dir='ltr'>ἕτερος</span> <span class='ocrx_word' id='word_1_366' title='bbox 2433 1992 2571 2063; x_wconf 69' lang='grc' dir='ltr'>πρὸς</span> <span class='ocrx_word' id='word_1_367' title='bbox 2606 1989 2792 2045; x_wconf 84' lang='grc' dir='ltr'>αὐτόν.</span> <span class='ocrx_word' id='word_1_368' title='bbox 2843 1988 3063 2061; x_wconf 77' lang='grc' dir='ltr'>Ἐξεῦρε</span> <span class='ocrx_word' id='word_1_369' title='bbox 3100 1991 3281 2042; x_wconf 79' lang='grc' dir='ltr'>πᾶσαν</span> <span class='ocrx_word' id='word_1_370' title='bbox 3312 1988 3431 2042; x_wconf 72' lang='grc' dir='ltr'>ὁδὸν</span> <span class='ocrx_word' id='word_1_371' title='bbox 3462 1988 3790 2059; x_wconf 81' lang='grc' dir='ltr'>ἐπιστήμης,</span> 
     </span>
    </p>
   </div>
   <div class='ocr_carea' id='block_1_50' title="bbox 2217 2080 3793 2154">
    <p class='ocr_par' dir='ltr' id='par_1_50' title="bbox 2217 2080 3793 2154">
     <span class='ocr_line' id='line_1_50' title="bbox 2217 2080 3793 2154; baseline -0.004 -14"><span class='ocrx_word' id='word_1_372' title='bbox 2217 2086 2314 2141; x_wconf 71' lang='grc' dir='ltr'>καὶ</span> <span class='ocrx_word' id='word_1_373' title='bbox 2367 2085 2569 2139; x_wconf 78' lang='grc' dir='ltr'>ἔδωκεν</span> <span class='ocrx_word' id='word_1_374' title='bbox 2628 2084 2799 2154; x_wconf 77' lang='grc' dir='ltr'>αὐτὴν</span> <span class='ocrx_word' id='word_1_375' title='bbox 2866 2081 3061 2136; x_wconf 83' lang='grc' dir='ltr'>Ἰακὼό</span> <span class='ocrx_word' id='word_1_376' title='bbox 3113 2080 3191 2152; x_wconf 80' lang='grc' dir='ltr'>τῷ</span> <span class='ocrx_word' id='word_1_377' title='bbox 3246 2080 3400 2135; x_wconf 71' lang='grc' dir='ltr'>παιδὶ</span> <span class='ocrx_word' id='word_1_378' title='bbox 3452 2080 3639 2145; x_wconf 81' lang='grc' dir='ltr'>αὑτοῦ,</span> <span class='ocrx_word' id='word_1_379' title='bbox 3701 2081 3793 2134; x_wconf 76' lang='grc' dir='ltr'>καὶ</span> 
     </span>
    </p>
   </div>
   <div class='ocr_carea' id='block_1_51' title="bbox 2230 2166 3793 2250">
    <p class='ocr_par' dir='ltr' id='par_1_51' title="bbox 2230 2166 3793 2250">
     <span class='ocr_line' id='line_1_51' title="bbox 2230 2166 3793 2250; baseline -0.005 -19"><span class='ocrx_word' id='word_1_380' title='bbox 2230 2166 2445 2250; x_wconf 74' lang='grc' dir='ltr'>Ἰσραὴλ</span> <span class='ocrx_word' id='word_1_381' title='bbox 2472 2174 2550 2246; x_wconf 82' lang='grc' dir='ltr'>τῷ</span> <span class='ocrx_word' id='word_1_382' title='bbox 2579 2173 2921 2245; x_wconf 67' lang='grc' dir='ltr'>ἠγαπημένῳ</span> <span class='ocrx_word' id='word_1_383' title='bbox 2951 2173 3042 2227; x_wconf 83' lang='grc' dir='ltr'><strong>ὑπ’</strong></span> <span class='ocrx_word' id='word_1_384' title='bbox 3083 2172 3272 2227; x_wconf 80' lang='grc' dir='ltr'>αὐτοῦ.</span> <span class='ocrx_word' id='word_1_385' title='bbox 3312 2172 3469 2226; x_wconf 82' lang='grc' dir='ltr'>Μετά</span> <span class='ocrx_word' id='word_1_386' title='bbox 3494 2170 3668 2225; x_wconf 81' lang='grc' dir='ltr'>ταῦτα</span> <span class='ocrx_word' id='word_1_387' title='bbox 3702 2171 3793 2224; x_wconf 80' lang='grc' dir='ltr'><strong>ἐπὶ</strong></span> 
     </span>
    </p>
   </div>
   <div class='ocr_carea' id='block_1_52' title="bbox 2216 2264 3789 2338">
    <p class='ocr_par' dir='ltr' id='par_1_52' title="bbox 2216 2264 3789 2338">
     <span class='ocr_line' id='line_1_52' title="bbox 2216 2264 3789 2338; baseline -0.004 -17"><span class='ocrx_word' id='word_1_388' title='bbox 2216 2268 2313 2338; x_wconf 80' lang='grc' dir='ltr'>τῆς</span> <span class='ocrx_word' id='word_1_389' title='bbox 2340 2268 2443 2338; x_wconf 82' lang='grc' dir='ltr'>γῆς</span> <span class='ocrx_word' id='word_1_390' title='bbox 2473 2264 2653 2336; x_wconf 76' lang='grc' dir='ltr'>ὤφθη,</span> <span class='ocrx_word' id='word_1_391' title='bbox 2688 2267 2783 2318; x_wconf 78' lang='grc' dir='ltr'><strong>καὶ</strong></span> <span class='ocrx_word' id='word_1_392' title='bbox 2810 2267 2923 2328; x_wconf 79' lang='grc' dir='ltr'>τοῖς</span> <span class='ocrx_word' id='word_1_393' title='bbox 2954 2264 3264 2334; x_wconf 86' lang='grc' dir='ltr'>ἀνθρώποις</span> <span class='ocrx_word' id='word_1_394' title='bbox 3296 2264 3732 2334; x_wconf 82' lang='grc' dir='ltr'>συνανεστράφη.</span> <span class='ocrx_word' id='word_1_395' title='bbox 3770 2281 3789 2314; x_wconf 73' lang='grc'><strong>1</strong></span> 
     </span>
    </p>
   </div>
   <div class='ocr_carea' id='block_1_53' title="bbox 2216 2357 3797 2429">
    <p class='ocr_par' dir='ltr' id='par_1_53' title="bbox 2216 2357 3797 2429">
     <span class='ocr_line' id='line_1_53' title="bbox 2216 2357 3797 2429; baseline -0.004 -16"><span class='ocrx_word' id='word_1_396' title='bbox 2216 2359 2329 2423; x_wconf 82' lang='grc' dir='ltr'>Τὰς</span> <span class='ocrx_word' id='word_1_397' title='bbox 2376 2358 2469 2411; x_wconf 80' lang='grc' dir='ltr'><strong>δύο</strong></span> <span class='ocrx_word' id='word_1_398' title='bbox 2514 2357 2706 2427; x_wconf 77' lang='grc' dir='ltr'>φύσεις</span> <span class='ocrx_word' id='word_1_399' title='bbox 2737 2357 3147 2429; x_wconf 81' lang='grc' dir='ltr'>προσθήσαντες</span> <span class='ocrx_word' id='word_1_400' title='bbox 3184 2357 3423 2428; x_wconf 85' lang='grc' dir='ltr'>κυρίως,</span> <span class='ocrx_word' id='word_1_401' title='bbox 3476 2357 3797 2426; x_wconf 76' lang='grc' dir='ltr'>ποιήσαντος</span> 
     </span>
    </p>
   </div>
   <div class='ocr_carea' id='block_1_54' title="bbox 2217 2445 3792 2523">
    <p class='ocr_par' dir='ltr' id='par_1_54' title="bbox 2217 2445 3792 2523">
     <span class='ocr_line' id='line_1_54' title="bbox 2217 2445 3792 2523; baseline -0.002 -18"><span class='ocrx_word' id='word_1_402' title='bbox 2217 2453 2398 2523; x_wconf 75' lang='grc' dir='ltr'>χώρας</span> <span class='ocrx_word' id='word_1_403' title='bbox 2423 2452 2518 2505; x_wconf 78' lang='grc' dir='ltr'>καὶ</span> <span class='ocrx_word' id='word_1_404' title='bbox 2544 2453 2854 2523; x_wconf 84' lang='grc' dir='ltr'>ἀοικήτους,</span> <span class='ocrx_word' id='word_1_405' title='bbox 2883 2451 2947 2514; x_wconf 72' lang='grc' dir='ltr'>ἃς</span> <span class='ocrx_word' id='word_1_406' title='bbox 2981 2445 3103 2505; x_wconf 86' lang='grc' dir='ltr'>εἷπε</span> <span class='ocrx_word' id='word_1_407' title='bbox 3133 2448 3387 2521; x_wconf 82' lang='grc' dir='ltr'>Σολομὼν</span> <span class='ocrx_word' id='word_1_408' title='bbox 3429 2451 3527 2503; x_wconf 61' lang='grc' dir='ltr'><strong>καὶ⁸</strong></span> <span class='ocrx_word' id='word_1_409' title='bbox 3557 2449 3792 2520; x_wconf 77' lang='grc' dir='ltr'>Βαροὺχ,</span> 
     </span>
    </p>
   </div>
   <div class='ocr_carea' id='block_1_55' title="bbox 2217 2541 3796 2617">
    <p class='ocr_par' dir='ltr' id='par_1_55' title="bbox 2217 2541 3796 2617">
     <span class='ocr_line' id='line_1_55' title="bbox 2217 2541 3796 2617; baseline -0.003 -18"><span class='ocrx_word' id='word_1_410' title='bbox 2217 2547 2336 2617; x_wconf 83' lang='grc' dir='ltr'>ήτοι</span> <span class='ocrx_word' id='word_1_411' title='bbox 2376 2544 2664 2616; x_wconf 82' lang='grc' dir='ltr'>Ἱερεμίας.</span> <span class='ocrx_word' id='word_1_412' title='bbox 2695 2542 2879 2597; x_wconf 80' lang='grc' dir='ltr'>Εἰπὼν</span> <span class='ocrx_word' id='word_1_413' title='bbox 2907 2543 3038 2614; x_wconf 83' lang='grc' dir='ltr'>γάρ,</span> <span class='ocrx_word' id='word_1_414' title='bbox 3075 2561 3093 2595; x_wconf 78' lang='grc' dir='ltr'><strong>ι</strong></span> <span class='ocrx_word' id='word_1_415' title='bbox 3136 2541 3360 2596; x_wconf 84' lang='grc' dir='ltr'>’Έκτισέ</span> <span class='ocrx_word' id='word_1_416' title='bbox 3398 2557 3489 2612; x_wconf 84' lang='grc' dir='ltr'><strong>με,</strong></span> <span class='ocrx_word' id='word_1_417' title='bbox 3529 2560 3548 2594; x_wconf 75' lang='grc'><strong>1</strong></span> <span class='ocrx_word' id='word_1_418' title='bbox 3582 2542 3796 2611; x_wconf 84' lang='grc' dir='ltr'>ἐπήγα-</span> 
     </span>
    </p>
   </div>
   <div class='ocr_carea' id='block_1_56' title="bbox 2220 2636 3799 2711">
    <p class='ocr_par' dir='ltr' id='par_1_56' title="bbox 2220 2636 3799 2711">
     <span class='ocr_line' id='line_1_56' title="bbox 2220 2636 3799 2711; baseline -0.006 -15"><span class='ocrx_word' id='word_1_419' title='bbox 2220 2659 2319 2711; x_wconf 90' lang='grc' dir='ltr'><strong>γεν</strong></span> <span class='ocrx_word' id='word_1_420' title='bbox 2356 2640 2519 2696; x_wconf 81' lang='grc' dir='ltr'>αὐτοῦ</span> <span class='ocrx_word' id='word_1_421' title='bbox 2580 2640 2675 2694; x_wconf 80' lang='grc' dir='ltr'>καὶ</span> <span class='ocrx_word' id='word_1_422' title='bbox 2729 2639 2829 2704; x_wconf 71' lang='grc' dir='ltr'>τὰς</span> <span class='ocrx_word' id='word_1_423' title='bbox 2884 2638 3187 2710; x_wconf 81' lang='grc' dir='ltr'>ἐνεργείας,</span> <span class='ocrx_word' id='word_1_424' title='bbox 3243 2637 3455 2706; x_wconf 86' lang='grc' dir='ltr'>λέγων·</span> <span class='ocrx_word' id='word_1_425' title='bbox 3520 2655 3539 2689; x_wconf 78' lang='grc' dir='ltr'><strong>ι</strong></span> <span class='ocrx_word' id='word_1_426' title='bbox 3594 2636 3799 2707; x_wconf 79' lang='grc' dir='ltr'>Κύριος</span> 
     </span>
    </p>
   </div>
   <div class='ocr_carea' id='block_1_57' title="bbox 2217 2722 3797 2805">
    <p class='ocr_par' dir='ltr' id='par_1_57' title="bbox 2217 2722 3797 2805">
     <span class='ocr_line' id='line_1_57' title="bbox 2217 2722 3797 2805; baseline -0.003 -19"><span class='ocrx_word' id='word_1_427' title='bbox 2217 2733 2445 2805; x_wconf 86' lang='grc' dir='ltr'>ἐποίησε</span> <span class='ocrx_word' id='word_1_428' title='bbox 2482 2730 2668 2804; x_wconf 83' lang='grc' dir='ltr'>χώρας</span> <span class='ocrx_word' id='word_1_429' title='bbox 2712 2732 2805 2786; x_wconf 72' lang='grc' dir='ltr'><strong>καὶ</strong></span> <span class='ocrx_word' id='word_1_430' title='bbox 2844 2731 3156 2800; x_wconf 83' lang='grc' dir='ltr'>ἀοικήτους.</span> <span class='ocrx_word' id='word_1_431' title='bbox 3195 2749 3213 2781; x_wconf 73' lang='grc' dir='ltr'><strong>ι</strong></span> <span class='ocrx_word' id='word_1_432' title='bbox 3246 2728 3721 2799; x_wconf 81' lang='grc' dir='ltr'>Συλλογισώμεθα,</span> <span class='ocrx_word' id='word_1_433' title='bbox 3751 2722 3797 2781; x_wconf 80' lang='grc' dir='ltr'><strong>ὧ</strong></span> 
     </span>
    </p>
   </div>
   <div class='ocr_carea' id='block_1_58' title="bbox 2220 2822 3795 2899">
    <p class='ocr_par' dir='ltr' id='par_1_58' title="bbox 2220 2822 3795 2899">
     <span class='ocr_line' id='line_1_58' title="bbox 2220 2822 3795 2899; baseline -0.005 -19"><span class='ocrx_word' id='word_1_434' title='bbox 2220 2827 2486 2899; x_wconf 87' lang='grc' dir='ltr'>βέλτιστε,</span> <span class='ocrx_word' id='word_1_435' title='bbox 2520 2827 2581 2879; x_wconf 73' lang='grc' dir='ltr'>τὸ</span> <span class='ocrx_word' id='word_1_436' title='bbox 2623 2825 2706 2889; x_wconf 88' lang='grc' dir='ltr'><strong>τίς</strong></span> <span class='ocrx_word' id='word_1_437' title='bbox 2738 2823 2939 2895; x_wconf 80' lang='grc' dir='ltr'>Κύριος</span> <span class='ocrx_word' id='word_1_438' title='bbox 2975 2826 3004 2878; x_wconf 87' lang='lat'><strong>6</strong></span> <span class='ocrx_word' id='word_1_439' title='bbox 3037 2826 3269 2894; x_wconf 86' lang='grc' dir='ltr'>ποιήσας</span> <span class='ocrx_word' id='word_1_440' title='bbox 3306 2823 3491 2894; x_wconf 85' lang='grc' dir='ltr'>χώρας</span> <span class='ocrx_word' id='word_1_441' title='bbox 3554 2822 3650 2875; x_wconf 68' lang='grc' dir='ltr'><strong>καλ⁵</strong></span> <span class='ocrx_word' id='word_1_442' title='bbox 3680 2822 3795 2873; x_wconf 80' lang='grc' dir='ltr'>ἀοι-</span> 
     </span>
    </p>
   </div>
   <div class='ocr_carea' id='block_1_59' title="bbox 2218 2913 3799 2991">
    <p class='ocr_par' dir='ltr' id='par_1_59' title="bbox 2218 2913 3799 2991">
     <span class='ocr_line' id='line_1_59' title="bbox 2218 2913 3799 2991; baseline -0.006 -18"><span class='ocrx_word' id='word_1_443' title='bbox 2218 2919 2440 2991; x_wconf 81' lang='grc' dir='ltr'>κήτους.</span> <span class='ocrx_word' id='word_1_444' title='bbox 2472 2918 2775 2989; x_wconf 79' lang='grc' dir='ltr'>Νοήσωμεν</span> <span class='ocrx_word' id='word_1_445' title='bbox 2813 2918 2894 2971; x_wconf 85' lang='grc' dir='ltr'>ὅτι</span> <span class='ocrx_word' id='word_1_446' title='bbox 2923 2917 3025 2989; x_wconf 61' lang='grc' dir='ltr'>οὐκ</span> <span class='ocrx_word' id='word_1_447' title='bbox 3059 2915 3216 2979; x_wconf 74' lang='grc' dir='ltr'>ἄλλος</span> <span class='ocrx_word' id='word_1_448' title='bbox 3237 2955 3253 2980; x_wconf 95' lang='grc'><strong>,</strong></span> <span class='ocrx_word' id='word_1_449' title='bbox 3297 2914 3411 2968; x_wconf 79' lang='grc' dir='ltr'>ἀλλ’</span> <span class='ocrx_word' id='word_1_450' title='bbox 3442 2914 3476 2984; x_wconf 81' lang='grc' dir='ltr'><strong>ἢ</strong></span> <span class='ocrx_word' id='word_1_451' title='bbox 3509 2914 3722 2976; x_wconf 82' lang='grc' dir='ltr'>πάντως</span> <span class='ocrx_word' id='word_1_452' title='bbox 3770 2913 3799 2964; x_wconf 98' lang='lat'><strong>6</strong></span> 
     </span>
    </p>
   </div>
   <div class='ocr_carea' id='block_1_60' title="bbox 2218 3005 3797 3083">
    <p class='ocr_par' dir='ltr' id='par_1_60' title="bbox 2218 3005 3797 3083">
     <span class='ocr_line' id='line_1_60' title="bbox 2218 3005 3797 3083; baseline -0.007 -14"><span class='ocrx_word' id='word_1_453' title='bbox 2218 3011 2640 3075; x_wconf 81' lang='grc' dir='ltr'>κατασκευάσας</span> <span class='ocrx_word' id='word_1_454' title='bbox 2668 3012 2767 3083; x_wconf 81' lang='grc' dir='ltr'>τὴν</span> <span class='ocrx_word' id='word_1_455' title='bbox 2798 3011 2899 3082; x_wconf 82' lang='grc' dir='ltr'>γῆν</span> <span class='ocrx_word' id='word_1_456' title='bbox 2924 3012 3004 3074; x_wconf 82' lang='grc' dir='ltr'><strong>εἰς</strong></span> <span class='ocrx_word' id='word_1_457' title='bbox 3034 3009 3124 3063; x_wconf 79' lang='grc' dir='ltr'>τὸν</span> <span class='ocrx_word' id='word_1_458' title='bbox 3152 3010 3324 3062; x_wconf 86' lang='grc' dir='ltr'>αἰῶνα</span> <span class='ocrx_word' id='word_1_459' title='bbox 3354 3009 3545 3079; x_wconf 88' lang='grc' dir='ltr'>χρόνον</span> <span class='ocrx_word' id='word_1_460' title='bbox 3565 3025 3578 3039; x_wconf 78' lang='grc' dir='ltr'><strong><em>ο</em></strong></span> <span class='ocrx_word' id='word_1_461' title='bbox 3605 3009 3663 3059; x_wconf 84' lang='grc' dir='ltr'><strong>ἐν</strong></span> <span class='ocrx_word' id='word_1_462' title='bbox 3688 3005 3797 3075; x_wconf 83' lang='grc' dir='ltr'><strong>γάρ</strong></span> 
     </span>
    </p>
   </div>
   <div class='ocr_carea' id='block_1_61' title="bbox 2216 3100 3801 3177">
    <p class='ocr_par' dir='ltr' id='par_1_61' title="bbox 2216 3100 3801 3177">
     <span class='ocr_line' id='line_1_61' title="bbox 2216 3100 3801 3177; baseline -0.006 -17"><span class='ocrx_word' id='word_1_463' title='bbox 2216 3104 2297 3177; x_wconf 81' lang='grc' dir='ltr'><strong>τῷ</strong></span> <span class='ocrx_word' id='word_1_464' title='bbox 2325 3105 2753 3170; x_wconf 78' lang='grc' dir='ltr'>κατασκευάζειν</span> <span class='ocrx_word' id='word_1_465' title='bbox 2785 3104 2885 3173; x_wconf 83' lang='grc' dir='ltr'>τὴν</span> <span class='ocrx_word' id='word_1_466' title='bbox 2914 3103 3018 3174; x_wconf 80' lang='grc' dir='ltr'>γῆν</span> <span class='ocrx_word' id='word_1_467' title='bbox 3038 3143 3053 3168; x_wconf 93' lang='grc'><strong>,</strong></span> <span class='ocrx_word' id='word_1_468' title='bbox 3086 3104 3257 3156; x_wconf 86' lang='grc' dir='ltr'>ποιεῖν</span> <span class='ocrx_word' id='word_1_469' title='bbox 3310 3104 3426 3155; x_wconf 85' lang='grc' dir='ltr'>ἐστι</span> <span class='ocrx_word' id='word_1_470' title='bbox 3476 3100 3657 3172; x_wconf 87' lang='grc' dir='ltr'>χώρας</span> <span class='ocrx_word' id='word_1_471' title='bbox 3704 3100 3801 3151; x_wconf 67' lang='grc' dir='ltr'><strong>καὶ</strong></span> 
     </span>
    </p>
   </div>
   <div class='ocr_carea' id='block_1_62' title="bbox 540 3188 2118 3271">
    <p class='ocr_par' dir='ltr' id='par_1_62' title="bbox 540 3188 2110 3269">
     <span class='ocr_line' id='line_1_62' title="bbox 540 3188 2110 3269; baseline 0.008 -27"><span class='ocrx_word' id='word_1_472' title='bbox 540 3188 745 3256; x_wconf 81' lang='lat' dir='ltr'><strong>lumen,</strong></span> <span class='ocrx_word' id='word_1_473' title='bbox 774 3201 829 3245; x_wconf 93' lang='lat' dir='ltr'><strong>et</strong></span> <span class='ocrx_word' id='word_1_474' title='bbox 848 3193 1088 3247; x_wconf 88' lang='lat' dir='ltr'><strong>obedivit</strong></span> <span class='ocrx_word' id='word_1_475' title='bbox 1115 3193 1163 3247; x_wconf 89' lang='lat' dir='ltr'><strong>ei</strong></span> <span class='ocrx_word' id='word_1_476' title='bbox 1200 3206 1323 3246; x_wconf 89' lang='lat' dir='ltr'><strong>cum</strong></span> <span class='ocrx_word' id='word_1_477' title='bbox 1363 3194 1556 3248; x_wconf 90' lang='lat' dir='ltr'><strong>timore</strong></span> <span class='ocrx_word' id='word_1_478' title='bbox 1595 3209 1608 3246; x_wconf 90' lang='lat'><strong>:</strong></span> <span class='ocrx_word' id='word_1_479' title='bbox 1646 3203 1702 3249; x_wconf 91' lang='lat' dir='ltr'><strong>et</strong></span> <span class='ocrx_word' id='word_1_480' title='bbox 1726 3212 1847 3265; x_wconf 69' lang='lat' dir='ltr'><strong>quae</strong></span> <span class='ocrx_word' id='word_1_481' title='bbox 1870 3211 2110 3269; x_wconf 88' lang='lat' dir='ltr'><strong>sequun-</strong></span> 
     </span>
    </p>
   </div>
   <div class='ocr_carea' id='block_1_63' title="bbox 2218 3188 3800 3271">
    <p class='ocr_par' dir='ltr' id='par_1_63' title="bbox 2218 3193 3800 3271">
     <span class='ocr_line' id='line_1_63' title="bbox 2218 3193 3800 3271; baseline -0.005 -18"><span class='ocrx_word' id='word_1_482' title='bbox 2218 3199 2526 3271; x_wconf 82' lang='grc' dir='ltr'>ἀοικήτους.</span> <span class='ocrx_word' id='word_1_483' title='bbox 2584 3199 2642 3253; x_wconf 87' lang='grc' dir='ltr'>Ὀ</span> <span class='ocrx_word' id='word_1_484' title='bbox 2690 3198 2785 3251; x_wconf 74' lang='grc' dir='ltr'>καὶ</span> <span class='ocrx_word' id='word_1_485' title='bbox 2831 3196 3117 3268; x_wconf 81' lang='grc' dir='ltr'>ἐμπλήσας</span> <span class='ocrx_word' id='word_1_486' title='bbox 3159 3196 3327 3265; x_wconf 80' lang='grc' dir='ltr'>αὐτὴν</span> <span class='ocrx_word' id='word_1_487' title='bbox 3358 3193 3571 3266; x_wconf 83' lang='grc' dir='ltr'>κτηνῶν</span> <span class='ocrx_word' id='word_1_488' title='bbox 3603 3210 3800 3263; x_wconf 84' lang='grc' dir='ltr'>τετρα-</span> 
     </span>
    </p>
   </div>
   <div class='ocr_carea' id='block_1_64' title="bbox 544 3282 2119 3359">
    <p class='ocr_par' dir='ltr' id='par_1_64' title="bbox 544 3282 2119 3359">
     <span class='ocr_line' id='line_1_64' title="bbox 544 3282 2119 3359; baseline 0.008 -23"><span class='ocrx_word' id='word_1_489' title='bbox 544 3292 650 3337; x_wconf 88' lang='lat' dir='ltr'><strong>tttr.</strong></span> <span class='ocrx_word' id='word_1_490' title='bbox 681 3282 757 3338; x_wconf 88' lang='lat' dir='ltr'><strong>De</strong></span> <span class='ocrx_word' id='word_1_491' title='bbox 787 3300 895 3355; x_wconf 90' lang='lat' dir='ltr'><strong>quo</strong></span> <span class='ocrx_word' id='word_1_492' title='bbox 948 3285 1144 3355; x_wconf 89' lang='lat' dir='ltr'><strong>inquit,</strong></span> <span class='ocrx_word' id='word_1_493' title='bbox 1196 3285 1339 3357; x_wconf 89' lang='lat' dir='ltr'><strong>quod</strong></span> <span class='ocrx_word' id='word_1_494' title='bbox 1394 3285 1495 3343; x_wconf 72' lang='grc' dir='ltr'>(ιιι</span> <span class='ocrx_word' id='word_1_495' title='bbox 1554 3297 1695 3343; x_wconf 88' lang='lat' dir='ltr'><strong>terra</strong></span> <span class='ocrx_word' id='word_1_496' title='bbox 1748 3290 1897 3347; x_wconf 90' lang='lat' dir='ltr'><strong>visus</strong></span> <span class='ocrx_word' id='word_1_497' title='bbox 1926 3304 2032 3359; x_wconf 90' lang='lat' dir='ltr'><strong>est,</strong></span> <span class='ocrx_word' id='word_1_498' title='bbox 2064 3303 2119 3349; x_wconf 90' lang='lat' dir='ltr'><strong>et</strong></span> 
     </span>
    </p>
   </div>
   <div class='ocr_carea' id='block_1_65' title="bbox 543 3378 2119 3456">
    <p class='ocr_par' dir='ltr' id='par_1_65' title="bbox 543 3378 2119 3456">
     <span class='ocr_line' id='line_1_65' title="bbox 543 3378 2119 3456; baseline 0.007 -23"><span class='ocrx_word' id='word_1_499' title='bbox 543 3378 683 3433; x_wconf 91' lang='lat' dir='ltr'><strong>inter</strong></span> <span class='ocrx_word' id='word_1_500' title='bbox 712 3378 962 3435; x_wconf 90' lang='lat' dir='ltr'><strong>homines</strong></span> <span class='ocrx_word' id='word_1_501' title='bbox 990 3391 1345 3437; x_wconf 83' lang='lat' dir='ltr'><strong>conversatus</strong></span> <span class='ocrx_word' id='word_1_502' title='bbox 1391 3391 1490 3438; x_wconf 87' lang='lat' dir='ltr'><strong>est.</strong></span> <span class='ocrx_word' id='word_1_503' title='bbox 1532 3401 1553 3436; x_wconf 74' lang='grc'><strong>1</strong></span> <span class='ocrx_word' id='word_1_504' title='bbox 1589 3381 2001 3456; x_wconf 89' lang='lat' dir='ltr'><strong>Intelligendum</strong></span> <span class='ocrx_word' id='word_1_505' title='bbox 2034 3398 2119 3444; x_wconf 88' lang='lat' dir='ltr'><strong>est</strong></span> 
     </span>
    </p>
   </div>
   <div class='ocr_carea' id='block_1_66' title="bbox 540 3472 2115 3543">
    <p class='ocr_par' dir='ltr' id='par_1_66' title="bbox 540 3472 2115 3543">
     <span class='ocr_line' id='line_1_66' title="bbox 540 3472 2115 3543; baseline 0.006 -16"><span class='ocrx_word' id='word_1_506' title='bbox 540 3486 690 3542; x_wconf 85' lang='lat' dir='ltr'><strong>ergo,</strong></span> <span class='ocrx_word' id='word_1_507' title='bbox 738 3473 880 3541; x_wconf 88' lang='lat' dir='ltr'><strong>quod</strong></span> <span class='ocrx_word' id='word_1_508' title='bbox 912 3472 1027 3541; x_wconf 88' lang='lat' dir='ltr'><strong>ipse</strong></span> <span class='ocrx_word' id='word_1_509' title='bbox 1061 3482 1149 3529; x_wconf 89' lang='lat' dir='ltr'><strong>est</strong></span> <span class='ocrx_word' id='word_1_510' title='bbox 1189 3473 1475 3543; x_wconf 90' lang='lat' dir='ltr'><strong>Dominus,</strong></span> <span class='ocrx_word' id='word_1_511' title='bbox 1510 3477 1753 3533; x_wconf 88' lang='lat' dir='ltr'><strong>condens</strong></span> <span class='ocrx_word' id='word_1_512' title='bbox 1796 3480 2115 3537; x_wconf 87' lang='lat' dir='ltr'><strong>rationalem</strong></span> 
     </span>
    </p>
   </div>
   <div class='ocr_carea' id='block_1_67' title="bbox 538 3562 2108 3638">
    <p class='ocr_par' dir='ltr' id='par_1_67' title="bbox 538 3562 2108 3638">
     <span class='ocr_line' id='line_1_67' title="bbox 538 3562 2108 3638; baseline 0.008 -22"><span class='ocrx_word' id='word_1_513' title='bbox 538 3562 881 3632; x_wconf 85' lang='lat' dir='ltr'><strong>sapientiam,</strong></span> <span class='ocrx_word' id='word_1_514' title='bbox 910 3563 1126 3619; x_wconf 85' lang='lat' dir='ltr'><strong>initium</strong></span> <span class='ocrx_word' id='word_1_515' title='bbox 1162 3565 1373 3621; x_wconf 88' lang='lat' dir='ltr'><strong>viarum</strong></span> <span class='ocrx_word' id='word_1_516' title='bbox 1407 3582 1654 3635; x_wconf 90' lang='lat' dir='ltr'><strong>suarum,</strong></span> <span class='ocrx_word' id='word_1_517' title='bbox 1685 3584 1847 3638; x_wconf 84' lang='lat' dir='ltr'><strong>quam</strong></span> <span class='ocrx_word' id='word_1_518' title='bbox 1880 3572 1947 3627; x_wconf 90' lang='lat' dir='ltr'><strong>ad</strong></span> <span class='ocrx_word' id='word_1_519' title='bbox 1984 3573 2108 3627; x_wconf 87' lang='lat' dir='ltr'><strong>ima-</strong></span> 
     </span>
    </p>
   </div>
   <div class='ocr_carea' id='block_1_68' title="bbox 539 3655 2115 3735">
    <p class='ocr_par' dir='ltr' id='par_1_68' title="bbox 539 3655 2115 3735">
     <span class='ocr_line' id='line_1_68' title="bbox 539 3655 2115 3735; baseline 0.008 -28"><span class='ocrx_word' id='word_1_520' title='bbox 539 3656 722 3725; x_wconf 86' lang='lat' dir='ltr'><strong>ginem</strong></span> <span class='ocrx_word' id='word_1_521' title='bbox 745 3669 900 3710; x_wconf 86' lang='lat' dir='ltr'><strong>suam</strong></span> <span class='ocrx_word' id='word_1_522' title='bbox 952 3655 1158 3712; x_wconf 85' lang='lat' dir='ltr'><strong>homini</strong></span> <span class='ocrx_word' id='word_1_523' title='bbox 1195 3660 1541 3727; x_wconf 67' lang='lat' dir='ltr'><strong>praeparavit.</strong></span> <span class='ocrx_word' id='word_1_524' title='bbox 1573 3662 1663 3729; x_wconf 92' lang='lat' dir='ltr'><strong>qui</strong></span> <span class='ocrx_word' id='word_1_525' title='bbox 1694 3660 1823 3718; x_wconf 81' lang='lat' dir='ltr'><strong>fecit</strong></span> <span class='ocrx_word' id='word_1_526' title='bbox 1862 3663 2115 3735; x_wconf 83' lang='lat' dir='ltr'><strong>regiones</strong></span> 
     </span>
    </p>
   </div>
   <div class='ocr_carea' id='block_1_69' title="bbox 546 3746 2114 3819">
    <p class='ocr_par' dir='ltr' id='par_1_69' title="bbox 546 3746 2114 3819">
     <span class='ocr_line' id='line_1_69' title="bbox 546 3746 2114 3819; baseline 0.006 -17"><span class='ocrx_word' id='word_1_527' title='bbox 546 3755 596 3802; x_wconf 87' lang='lat' dir='ltr'><strong>et</strong></span> <span class='ocrx_word' id='word_1_528' title='bbox 628 3746 1024 3813; x_wconf 86' lang='lat' dir='ltr'><strong>inhabitabilia,</strong></span> <span class='ocrx_word' id='word_1_529' title='bbox 1055 3748 1146 3819; x_wconf 88' lang='lat' dir='ltr'><strong>qui</strong></span> <span class='ocrx_word' id='word_1_530' title='bbox 1196 3751 1519 3819; x_wconf 73' lang='lat' dir='ltr'><strong>praeparavit</strong></span> <span class='ocrx_word' id='word_1_531' title='bbox 1544 3761 1744 3806; x_wconf 89' lang='lat' dir='ltr'><strong>terram</strong></span> <span class='ocrx_word' id='word_1_532' title='bbox 1771 3755 1823 3807; x_wconf 90' lang='lat' dir='ltr'><strong>in</strong></span> <span class='ocrx_word' id='word_1_533' title='bbox 1853 3766 2114 3811; x_wconf 82' lang='lat' dir='ltr'><strong>aeternum</strong></span> 
     </span>
    </p>
   </div>
   <div class='ocr_carea' id='block_1_70' title="bbox 546 3837 2114 3911">
    <p class='ocr_par' dir='ltr' id='par_1_70' title="bbox 546 3837 2114 3911">
     <span class='ocr_line' id='line_1_70' title="bbox 546 3837 2114 3911; baseline 0.009 -23"><span class='ocrx_word' id='word_1_534' title='bbox 546 3847 777 3907; x_wconf 86' lang='lat' dir='ltr'><strong>tempus.</strong></span> <span class='ocrx_word' id='word_1_535' title='bbox 813 3837 1007 3894; x_wconf 79' lang='lat' dir='ltr'><strong>Verum</strong></span> <span class='ocrx_word' id='word_1_536' title='bbox 1040 3853 1231 3894; x_wconf 87' lang='lat' dir='ltr'><strong>rursus</strong></span> <span class='ocrx_word' id='word_1_537' title='bbox 1258 3840 1583 3911; x_wconf 80' lang='lat' dir='ltr'><strong>principium</strong></span> <span class='ocrx_word' id='word_1_538' title='bbox 1615 3845 1902 3900; x_wconf 61' lang='lat' dir='ltr'><strong>sententiae</strong></span> <span class='ocrx_word' id='word_1_539' title='bbox 1930 3847 2114 3901; x_wconf 89' lang='lat' dir='ltr'><strong>videa-</strong></span> 
     </span>
    </p>
   </div>
   <div class='ocr_carea' id='block_1_71' title="bbox 539 3929 2110 4005">
    <p class='ocr_par' dir='ltr' id='par_1_71' title="bbox 539 3929 2110 4005">
     <span class='ocr_line' id='line_1_71' title="bbox 539 3929 2110 4005; baseline 0.008 -23"><span class='ocrx_word' id='word_1_540' title='bbox 539 3943 659 3984; x_wconf 88' lang='lat' dir='ltr'><strong>mus</strong></span> <span class='ocrx_word' id='word_1_541' title='bbox 689 3947 704 3985; x_wconf 87' lang='lat'><strong>:</strong></span> <span class='ocrx_word' id='word_1_542' title='bbox 736 3947 755 3982; x_wconf 75' lang='grc' dir='ltr'><strong>ι</strong></span> <span class='ocrx_word' id='word_1_543' title='bbox 790 3929 848 3985; x_wconf 87' lang='lat' dir='ltr'><strong>Si</strong></span> <span class='ocrx_word' id='word_1_544' title='bbox 872 3931 1269 3987; x_wconf 89' lang='lat' dir='ltr'><strong>annuutiavero</strong></span> <span class='ocrx_word' id='word_1_545' title='bbox 1302 3934 1455 3989; x_wconf 89' lang='lat' dir='ltr'><strong>vobis</strong></span> <span class='ocrx_word' id='word_1_546' title='bbox 1481 3940 1600 4004; x_wconf 72' lang='lat' dir='ltr'><strong>Quae</strong></span> <span class='ocrx_word' id='word_1_547' title='bbox 1628 3937 1869 4005; x_wconf 89' lang='lat' dir='ltr'><strong>quotidie</strong></span> <span class='ocrx_word' id='word_1_548' title='bbox 1898 3939 2063 4005; x_wconf 85' lang='lat' dir='ltr'><strong>ﬁunt;</strong></span> <span class='ocrx_word' id='word_1_549' title='bbox 2092 3960 2110 3994; x_wconf 77' lang='grc'><strong>1</strong></span> 
     </span>
    </p>
   </div>
   <div class='ocr_carea' id='block_1_72' title="bbox 542 4021 2116 4089">
    <p class='ocr_par' dir='ltr' id='par_1_72' title="bbox 542 4021 2116 4089">
     <span class='ocr_line' id='line_1_72' title="bbox 542 4021 2116 4089; baseline 0.007 -13"><span class='ocrx_word' id='word_1_550' title='bbox 542 4037 645 4076; x_wconf 92' lang='lat' dir='ltr'><strong>non</strong></span> <span class='ocrx_word' id='word_1_551' title='bbox 671 4021 807 4076; x_wconf 80' lang='lat' dir='ltr'><strong>dixit</strong></span> <span class='ocrx_word' id='word_1_552' title='bbox 840 4040 856 4076; x_wconf 86' lang='lat'><strong>:</strong></span> <span class='ocrx_word' id='word_1_553' title='bbox 892 4021 1026 4089; x_wconf 63' lang='lat' dir='ltr'><strong>Quae</strong></span> <span class='ocrx_word' id='word_1_554' title='bbox 1073 4021 1250 4078; x_wconf 81' lang='lat' dir='ltr'><strong>lutura</strong></span> <span class='ocrx_word' id='word_1_555' title='bbox 1288 4036 1416 4081; x_wconf 88' lang='lat' dir='ltr'><strong>sunt</strong></span> <span class='ocrx_word' id='word_1_556' title='bbox 1448 4045 1462 4080; x_wconf 89' lang='lat'><strong>:</strong></span> <span class='ocrx_word' id='word_1_557' title='bbox 1498 4036 1553 4082; x_wconf 91' lang='lat' dir='ltr'><strong>et</strong></span> <span class='ocrx_word' id='word_1_558' title='bbox 1579 4028 1774 4083; x_wconf 81' lang='lat' dir='ltr'><strong>iterum</strong></span> <span class='ocrx_word' id='word_1_559' title='bbox 1804 4029 1878 4083; x_wconf 89' lang='lat' dir='ltr'><strong>ait</strong></span> <span class='ocrx_word' id='word_1_560' title='bbox 1910 4047 1925 4087; x_wconf 87' lang='lat'><strong>:</strong></span> <span class='ocrx_word' id='word_1_561' title='bbox 1954 4050 1973 4083; x_wconf 76' lang='grc' dir='ltr'><strong>ι</strong></span> <span class='ocrx_word' id='word_1_562' title='bbox 2006 4031 2116 4087; x_wconf 82' lang='lat' dir='ltr'><strong>Me-</strong></span> 
     </span>
    </p>
   </div>
   <div class='ocr_carea' id='block_1_73' title="bbox 538 4115 2117 4183">
    <p class='ocr_par' dir='ltr' id='par_1_73' title="bbox 538 4115 2117 4183">
     <span class='ocr_line' id='line_1_73' title="bbox 538 4115 2117 4183; baseline 0.009 -18"><span class='ocrx_word' id='word_1_563' title='bbox 538 4126 658 4166; x_wconf 91' lang='lat' dir='ltr'><strong>mor</strong></span> <span class='ocrx_word' id='word_1_564' title='bbox 689 4126 786 4167; x_wconf 83' lang='lat' dir='ltr'><strong>ero</strong></span> <span class='ocrx_word' id='word_1_565' title='bbox 805 4127 924 4181; x_wconf 75' lang='lat' dir='ltr'><strong>qua:</strong></span> <span class='ocrx_word' id='word_1_566' title='bbox 952 4127 982 4166; x_wconf 94' lang='lat' dir='ltr'><strong>a</strong></span> <span class='ocrx_word' id='word_1_567' title='bbox 1014 4115 1211 4171; x_wconf 73' lang='lat' dir='ltr'><strong>smculo</strong></span> <span class='ocrx_word' id='word_1_568' title='bbox 1244 4131 1565 4183; x_wconf 83' lang='lat' dir='ltr'><strong>numerare;</strong></span> <span class='ocrx_word' id='word_1_569' title='bbox 1597 4137 1617 4169; x_wconf 74' lang='grc' dir='ltr'><strong>ι</strong></span> <span class='ocrx_word' id='word_1_570' title='bbox 1651 4135 1754 4174; x_wconf 91' lang='lat' dir='ltr'><strong>non</strong></span> <span class='ocrx_word' id='word_1_571' title='bbox 1780 4121 1916 4177; x_wconf 92' lang='lat' dir='ltr'><strong>dixit</strong></span> <span class='ocrx_word' id='word_1_572' title='bbox 1941 4141 1956 4177; x_wconf 90' lang='lat'><strong>:</strong></span> <span class='ocrx_word' id='word_1_573' title='bbox 1978 4126 2117 4179; x_wconf 82' lang='lat' dir='ltr'><strong>Ante</strong></span> 
     </span>
    </p>
   </div>
   <div class='ocr_carea' id='block_1_74' title="bbox 537 4203 2113 4288">
    <p class='ocr_par' dir='ltr' id='par_1_74' title="bbox 537 4203 2113 4288">
     <span class='ocr_line' id='line_1_74' title="bbox 537 4203 2113 4288; baseline 0.008 -28"><span class='ocrx_word' id='word_1_574' title='bbox 537 4203 818 4261; x_wconf 68' lang='lat' dir='ltr'><strong>saeculum.</strong></span> <span class='ocrx_word' id='word_1_575' title='bbox 847 4203 1046 4261; x_wconf 85' lang='lat' dir='ltr'><strong>Notum</strong></span> <span class='ocrx_word' id='word_1_576' title='bbox 1077 4216 1159 4262; x_wconf 89' lang='lat' dir='ltr'><strong>est</strong></span> <span class='ocrx_word' id='word_1_577' title='bbox 1191 4208 1364 4272; x_wconf 85' lang='lat' dir='ltr'><strong>vobis,</strong></span> <span class='ocrx_word' id='word_1_578' title='bbox 1397 4211 1538 4277; x_wconf 91' lang='lat' dir='ltr'><strong>quod</strong></span> <span class='ocrx_word' id='word_1_579' title='bbox 1568 4209 1736 4265; x_wconf 85' lang='lat' dir='ltr'><strong>Filius</strong></span> <span class='ocrx_word' id='word_1_580' title='bbox 1769 4211 1860 4267; x_wconf 85' lang='lat' dir='ltr'><strong>Dei</strong></span> <span class='ocrx_word' id='word_1_581' title='bbox 1911 4225 1994 4271; x_wconf 85' lang='lat' dir='ltr'><strong>est</strong></span> <span class='ocrx_word' id='word_1_582' title='bbox 2021 4218 2113 4288; x_wconf 92' lang='lat' dir='ltr'><strong>qui</strong></span> 
     </span>
    </p>
   </div>
   <div class='ocr_carea' id='block_1_75' title="bbox 539 4294 2117 4374">
    <p class='ocr_par' dir='ltr' id='par_1_75' title="bbox 539 4294 2117 4374">
     <span class='ocr_line' id='line_1_75' title="bbox 539 4294 2117 4374; baseline 0.008 -25"><span class='ocrx_word' id='word_1_583' title='bbox 539 4294 859 4350; x_wconf 75' lang='lat' dir='ltr'><strong>rationalem</strong></span> <span class='ocrx_word' id='word_1_584' title='bbox 892 4295 1218 4364; x_wconf 82' lang='lat' dir='ltr'><strong>sapientiam</strong></span> <span class='ocrx_word' id='word_1_585' title='bbox 1250 4298 1515 4365; x_wconf 87' lang='lat' dir='ltr'><strong>condidit,</strong></span> <span class='ocrx_word' id='word_1_586' title='bbox 1543 4301 1634 4370; x_wconf 92' lang='lat' dir='ltr'><strong>qui</strong></span> <span class='ocrx_word' id='word_1_587' title='bbox 1660 4306 1983 4374; x_wconf 75' lang='lat' dir='ltr'><strong>praeparavit</strong></span> <span class='ocrx_word' id='word_1_588' title='bbox 2016 4317 2117 4362; x_wconf 77' lang='lat' dir='ltr'><strong>ter-</strong></span> 
     </span>
    </p>
   </div>
   <div class='ocr_carea' id='block_1_76' title="bbox 536 4386 2114 4465">
    <p class='ocr_par' dir='ltr' id='par_1_76' title="bbox 536 4386 2114 4465">
     <span class='ocr_line' id='line_1_76' title="bbox 536 4386 2114 4465; baseline 0.01 -23"><span class='ocrx_word' id='word_1_589' title='bbox 536 4403 653 4443; x_wconf 83' lang='lat' dir='ltr'><strong>ram</strong></span> <span class='ocrx_word' id='word_1_590' title='bbox 681 4386 733 4442; x_wconf 92' lang='lat' dir='ltr'><strong>in</strong></span> <span class='ocrx_word' id='word_1_591' title='bbox 756 4398 1021 4444; x_wconf 64' lang='lat' dir='ltr'><strong>aternum</strong></span> <span class='ocrx_word' id='word_1_592' title='bbox 1053 4397 1286 4458; x_wconf 88' lang='lat' dir='ltr'><strong>tempus,</strong></span> <span class='ocrx_word' id='word_1_593' title='bbox 1317 4392 1408 4460; x_wconf 86' lang='lat' dir='ltr'><strong>qui</strong></span> <span class='ocrx_word' id='word_1_594' title='bbox 1439 4391 1569 4448; x_wconf 82' lang='lat' dir='ltr'><strong>fecit</strong></span> <span class='ocrx_word' id='word_1_595' title='bbox 1594 4399 1842 4465; x_wconf 88' lang='lat' dir='ltr'><strong>regiones</strong></span> <span class='ocrx_word' id='word_1_596' title='bbox 1871 4408 1927 4455; x_wconf 89' lang='lat' dir='ltr'><strong>et</strong></span> <span class='ocrx_word' id='word_1_597' title='bbox 1956 4402 2114 4457; x_wconf 89' lang='lat' dir='ltr'><strong>inha-</strong></span> 
     </span>
    </p>
   </div>
   <div class='ocr_carea' id='block_1_77' title="bbox 535 4480 2113 4553">
    <p class='ocr_par' dir='ltr' id='par_1_77' title="bbox 535 4480 2113 4553">
     <span class='ocr_line' id='line_1_77' title="bbox 535 4480 2113 4553; baseline 0.007 -14"><span class='ocrx_word' id='word_1_598' title='bbox 535 4480 802 4548; x_wconf 83' lang='lat' dir='ltr'><strong>bitabilia,</strong></span> <span class='ocrx_word' id='word_1_599' title='bbox 827 4482 917 4553; x_wconf 88' lang='lat' dir='ltr'><strong>qui</strong></span> <span class='ocrx_word' id='word_1_600' title='bbox 947 4482 1087 4537; x_wconf 89' lang='lat' dir='ltr'><strong>dixit</strong></span> <span class='ocrx_word' id='word_1_601' title='bbox 1109 4480 1214 4537; x_wconf 82' lang='lat' dir='ltr'><strong>Job</strong></span> <span class='ocrx_word' id='word_1_602' title='bbox 1243 4501 1257 4538; x_wconf 88' lang='lat'><strong>:</strong></span> <span class='ocrx_word' id='word_1_603' title='bbox 1291 4502 1309 4535; x_wconf 75' lang='grc' dir='ltr'><strong>ι</strong></span> <span class='ocrx_word' id='word_1_604' title='bbox 1346 4484 1482 4551; x_wconf 86' lang='lat' dir='ltr'><strong>Cum</strong></span> <span class='ocrx_word' id='word_1_605' title='bbox 1516 4504 1601 4543; x_wconf 92' lang='lat' dir='ltr'><strong>me</strong></span> <span class='ocrx_word' id='word_1_606' title='bbox 1653 4488 1937 4549; x_wconf 82' lang='lat' dir='ltr'><strong>laudarent</strong></span> <span class='ocrx_word' id='word_1_607' title='bbox 1967 4506 2113 4550; x_wconf 88' lang='lat' dir='ltr'><strong>astra</strong></span> 
     </span>
    </p>
   </div>
   <div class='ocr_carea' id='block_1_78' title="bbox 442 4556 2185 4659">
    <p class='ocr_par' dir='ltr' id='par_1_78' title="bbox 442 4556 2185 4659">
     <span class='ocr_line' id='line_1_78' title="bbox 442 4556 2185 4659; baseline 0 -25"><span class='ocrx_word' id='word_1_608' title='bbox 442 4654 447 4655; x_wconf 13' lang='grc' dir='ltr'><strong>γ</strong></span> <span class='ocrx_word' id='word_1_609' title='bbox 534 4576 823 4641; x_wconf 86' lang='lat' dir='ltr'><strong>matutina,</strong></span> <span class='ocrx_word' id='word_1_610' title='bbox 863 4584 917 4631; x_wconf 91' lang='lat' dir='ltr'><strong>et</strong></span> <span class='ocrx_word' id='word_1_611' title='bbox 943 4574 1236 4646; x_wconf 83' lang='lat' dir='ltr'><strong>jubilarent</strong></span> <span class='ocrx_word' id='word_1_612' title='bbox 1275 4593 1464 4634; x_wconf 87' lang='lat' dir='ltr'><strong>omnes</strong></span> <span class='ocrx_word' id='word_1_613' title='bbox 1499 4580 1592 4637; x_wconf 85' lang='lat' dir='ltr'><strong>lilii</strong></span> <span class='ocrx_word' id='word_1_614' title='bbox 1630 4582 1721 4637; x_wconf 83' lang='lat' dir='ltr'><strong>Dei</strong></span> <span class='ocrx_word' id='word_1_615' title='bbox 1742 4585 1809 4638; x_wconf 73' lang='lat'><strong>“.</strong></span> <span class='ocrx_word' id='word_1_616' title='bbox 1846 4605 1864 4638; x_wconf 85' lang='grc'><strong>1</strong></span> <span class='ocrx_word' id='word_1_617' title='bbox 1900 4587 2113 4659; x_wconf 75' lang='lat' dir='ltr'><strong>Moyses</strong></span> <span class='ocrx_word' id='word_1_618' title='bbox 2143 4556 2185 4613; x_wconf 66' lang='grc' dir='ltr'><strong>θ</strong></span> 
     </span>
    </p>
   </div>
   <div class='ocr_carea' id='block_1_79' title="bbox 533 4667 2108 4748">
    <p class='ocr_par' dir='ltr' id='par_1_79' title="bbox 533 4667 2108 4748">
     <span class='ocr_line' id='line_1_79' title="bbox 533 4667 2108 4748; baseline 0.01 -25"><span class='ocrx_word' id='word_1_619' title='bbox 533 4678 715 4725; x_wconf 83' lang='lat' dir='ltr'><strong>antem</strong></span> <span class='ocrx_word' id='word_1_620' title='bbox 743 4667 821 4723; x_wconf 89' lang='lat' dir='ltr'><strong>ait</strong></span> <span class='ocrx_word' id='word_1_621' title='bbox 848 4667 917 4723; x_wconf 88' lang='lat' dir='ltr'><strong>de</strong></span> <span class='ocrx_word' id='word_1_622' title='bbox 941 4683 1007 4722; x_wconf 89' lang='lat' dir='ltr'><strong>eo</strong></span> <span class='ocrx_word' id='word_1_623' title='bbox 1049 4668 1140 4736; x_wconf 89' lang='lat' dir='ltr'><strong>qui</strong></span> <span class='ocrx_word' id='word_1_624' title='bbox 1175 4668 1301 4724; x_wconf 82' lang='lat' dir='ltr'><strong>fecit</strong></span> <span class='ocrx_word' id='word_1_625' title='bbox 1350 4670 1567 4727; x_wconf 87' lang='lat' dir='ltr'><strong>lucem:</strong></span> <span class='ocrx_word' id='word_1_626' title='bbox 1605 4691 1626 4726; x_wconf 74' lang='grc' dir='ltr'><strong>ι</strong></span> <span class='ocrx_word' id='word_1_627' title='bbox 1668 4674 1917 4748; x_wconf 80' lang='lat' dir='ltr'><strong>Dixitque</strong></span> <span class='ocrx_word' id='word_1_628' title='bbox 1946 4679 2108 4747; x_wconf 83' lang='lat' dir='ltr'><strong>Deus,</strong></span> 
     </span>
    </p>
   </div>
   <div class='ocr_carea' id='block_1_80' title="bbox 532 4760 2113 4842">
    <p class='ocr_par' dir='ltr' id='par_1_80' title="bbox 532 4760 2113 4842">
     <span class='ocr_line' id='line_1_80' title="bbox 532 4760 2113 4842; baseline 0.009 -25"><span class='ocrx_word' id='word_1_629' title='bbox 532 4761 655 4817; x_wconf 82' lang='lat' dir='ltr'><strong>Fiat</strong></span> <span class='ocrx_word' id='word_1_630' title='bbox 696 4760 880 4824; x_wconf 77' lang='lat' dir='ltr'><strong>lux“;</strong></span> <span class='ocrx_word' id='word_1_631' title='bbox 914 4779 933 4814; x_wconf 74' lang='lat'><strong>)</strong></span> <span class='ocrx_word' id='word_1_632' title='bbox 969 4770 1027 4815; x_wconf 88' lang='lat' dir='ltr'><strong>et</strong></span> <span class='ocrx_word' id='word_1_633' title='bbox 1047 4760 1325 4831; x_wconf 78' lang='lat' dir='ltr'><strong>subiunxit</strong></span> <span class='ocrx_word' id='word_1_634' title='bbox 1359 4763 1547 4821; x_wconf 87' lang='lat' dir='ltr'><strong>dicens</strong></span> <span class='ocrx_word' id='word_1_635' title='bbox 1579 4784 1593 4820; x_wconf 91' lang='lat'><strong>:</strong></span> <span class='ocrx_word' id='word_1_636' title='bbox 1625 4786 1643 4820; x_wconf 77' lang='grc' dir='ltr'><strong>ι</strong></span> <span class='ocrx_word' id='word_1_637' title='bbox 1680 4768 1942 4842; x_wconf 88' lang='lat' dir='ltr'><strong>Fecitque</strong></span> <span class='ocrx_word' id='word_1_638' title='bbox 1973 4773 2113 4832; x_wconf 88' lang='lat' dir='ltr'><strong>Deus</strong></span> 
     </span>
    </p>
   </div>
   <div class='ocr_carea' id='block_1_81' title="bbox 534 4851 2115 4933">
    <p class='ocr_par' dir='ltr' id='par_1_81' title="bbox 534 4851 2115 4933">
     <span class='ocr_line' id='line_1_81' title="bbox 534 4851 2115 4933; baseline 0.009 -26"><span class='ocrx_word' id='word_1_639' title='bbox 534 4852 643 4907; x_wconf 91' lang='lat' dir='ltr'><strong>duo</strong></span> <span class='ocrx_word' id='word_1_640' title='bbox 702 4851 994 4918; x_wconf 84' lang='lat' dir='ltr'><strong>luminaria</strong></span> <span class='ocrx_word' id='word_1_641' title='bbox 1056 4866 1248 4923; x_wconf 84' lang='lat' dir='ltr'><strong>magna</strong></span> <span class='ocrx_word' id='word_1_642' title='bbox 1307 4863 1366 4910; x_wconf 88' lang='lat' dir='ltr'><strong>et</strong></span> <span class='ocrx_word' id='word_1_643' title='bbox 1408 4857 1676 4928; x_wconf 77' lang='lat' dir='ltr'><strong>stellas“,</strong></span> <span class='ocrx_word' id='word_1_644' title='bbox 1715 4878 1734 4912; x_wconf 74' lang='grc' dir='ltr'><strong>ι</strong></span> <span class='ocrx_word' id='word_1_645' title='bbox 1777 4874 1831 4917; x_wconf 88' lang='lat' dir='ltr'><strong>et</strong></span> <span class='ocrx_word' id='word_1_646' title='bbox 1872 4880 1995 4933; x_wconf 77' lang='lat' dir='ltr'><strong>quze</strong></span> <span class='ocrx_word' id='word_1_647' title='bbox 2027 4882 2115 4921; x_wconf 80' lang='lat' dir='ltr'><strong>se-</strong></span> 
     </span>
    </p>
   </div>
   <div class='ocr_carea' id='block_1_82' title="bbox 536 4936 2114 5027">
    <p class='ocr_par' dir='ltr' id='par_1_82' title="bbox 536 4936 2114 5027">
     <span class='ocr_line' id='line_1_82' title="bbox 536 4936 2114 5027; baseline 0.015 -37"><span class='ocrx_word' id='word_1_648' title='bbox 536 4947 802 5017; x_wconf 85' lang='lat' dir='ltr'><strong>quuntur.</strong></span> <span class='ocrx_word' id='word_1_649' title='bbox 833 4936 1091 4994; x_wconf 82' lang='lat' dir='ltr'><strong>Suﬂicere</strong></span> <span class='ocrx_word' id='word_1_650' title='bbox 1120 4940 1251 4995; x_wconf 88' lang='lat' dir='ltr'><strong>mihi</strong></span> <span class='ocrx_word' id='word_1_651' title='bbox 1282 4942 1554 5010; x_wconf 90' lang='lat' dir='ltr'><strong>videntur,</strong></span> <span class='ocrx_word' id='word_1_652' title='bbox 1576 4963 1609 5002; x_wconf 90' lang='grc' dir='ltr'><strong>ο</strong></span> <span class='ocrx_word' id='word_1_653' title='bbox 1632 4952 1975 5023; x_wconf 83' lang='lat' dir='ltr'><strong>philosophe,</strong></span> <span class='ocrx_word' id='word_1_654' title='bbox 1994 4974 2114 5027; x_wconf 73' lang='lat' dir='ltr'><strong>qua:</strong></span> 
     </span>
    </p>
   </div>
   <div class='ocr_carea' id='block_1_83' title="bbox 536 5029 2111 5122">
    <p class='ocr_par' dir='ltr' id='par_1_83' title="bbox 536 5029 2111 5122">
     <span class='ocr_line' id='line_1_83' title="bbox 536 5029 2111 5122; baseline 0.017 -39"><span class='ocrx_word' id='word_1_655' title='bbox 536 5029 683 5083; x_wconf 87' lang='lat' dir='ltr'><strong>dicta</strong></span> <span class='ocrx_word' id='word_1_656' title='bbox 711 5038 860 5093; x_wconf 87' lang='lat' dir='ltr'><strong>sunt,</strong></span> <span class='ocrx_word' id='word_1_657' title='bbox 891 5038 941 5084; x_wconf 90' lang='lat' dir='ltr'><strong>et</strong></span> <span class='ocrx_word' id='word_1_658' title='bbox 993 5032 1488 5093; x_wconf 87' lang='lat' dir='ltr'><strong>demonstrationes</strong></span> <span class='ocrx_word' id='word_1_659' title='bbox 1551 5048 1931 5114; x_wconf 86' lang='lat' dir='ltr'><strong>ostenderunt,</strong></span> <span class='ocrx_word' id='word_1_660' title='bbox 1966 5056 2111 5122; x_wconf 87' lang='lat' dir='ltr'><strong>quod</strong></span> 
     </span>
    </p>
   </div>
   <div class='ocr_carea' id='block_1_84' title="bbox 536 5121 2116 5202">
    <p class='ocr_par' dir='ltr' id='par_1_84' title="bbox 536 5121 2116 5202">
     <span class='ocr_line' id='line_1_84' title="bbox 536 5121 2116 5202; baseline 0.016 -27"><span class='ocrx_word' id='word_1_661' title='bbox 536 5121 749 5177; x_wconf 90' lang='lat' dir='ltr'><strong>scilicet</strong></span> <span class='ocrx_word' id='word_1_662' title='bbox 781 5122 950 5178; x_wconf 85' lang='lat' dir='ltr'><strong>Filius</strong></span> <span class='ocrx_word' id='word_1_663' title='bbox 982 5123 1073 5179; x_wconf 88' lang='lat' dir='ltr'><strong>Dei</strong></span> <span class='ocrx_word' id='word_1_664' title='bbox 1123 5136 1206 5182; x_wconf 89' lang='lat' dir='ltr'><strong>est</strong></span> <span class='ocrx_word' id='word_1_665' title='bbox 1244 5129 1333 5197; x_wconf 90' lang='lat' dir='ltr'><strong>qui</strong></span> <span class='ocrx_word' id='word_1_666' title='bbox 1366 5134 1511 5201; x_wconf 87' lang='lat' dir='ltr'><strong>apud</strong></span> <span class='ocrx_word' id='word_1_667' title='bbox 1572 5135 1916 5196; x_wconf 82' lang='lat' dir='ltr'><strong>Salomonem</strong></span> <span class='ocrx_word' id='word_1_668' title='bbox 1950 5121 2116 5202; x_wconf 80' lang='lat' dir='ltr'><strong>ratio-</strong></span> 
     </span>
    </p>
   </div>
   <div class='ocr_carea' id='block_1_85' title="bbox 543 5213 1460 5287">
    <p class='ocr_par' dir='ltr' id='par_1_85' title="bbox 543 5213 1460 5287">
     <span class='ocr_line' id='line_1_85' title="bbox 543 5213 1460 5287; baseline 0.013 -22"><span class='ocrx_word' id='word_1_669' title='bbox 543 5213 721 5268; x_wconf 86' lang='lat' dir='ltr'><strong>ualem</strong></span> <span class='ocrx_word' id='word_1_670' title='bbox 780 5215 1101 5285; x_wconf 85' lang='lat' dir='ltr'><strong>sapientiam</strong></span> <span class='ocrx_word' id='word_1_671' title='bbox 1176 5221 1460 5287; x_wconf 87' lang='lat' dir='ltr'><strong>condidit,</strong></span> 
     </span>
    </p>
   </div>
   <div class='ocr_carea' id='block_1_86' title="bbox 537 5309 2116 5385">
    <p class='ocr_par' dir='ltr' id='par_1_86' title="bbox 537 5309 2116 5385">
     <span class='ocr_line' id='line_1_86' title="bbox 537 5309 2116 5385; baseline 0.017 -27"><span class='ocrx_word' id='word_1_672' title='bbox 537 5320 664 5372; x_wconf 84' lang='lat' dir='ltr'><strong>ras,</strong></span> <span class='ocrx_word' id='word_1_673' title='bbox 709 5317 765 5361; x_wconf 88' lang='lat' dir='ltr'><strong>et</strong></span> <span class='ocrx_word' id='word_1_674' title='bbox 796 5324 899 5361; x_wconf 89' lang='lat' dir='ltr'><strong>non</strong></span> <span class='ocrx_word' id='word_1_675' title='bbox 955 5309 1398 5369; x_wconf 88' lang='lat' dir='ltr'><strong>instrumentum.</strong></span> <span class='ocrx_word' id='word_1_676' title='bbox 1442 5314 1516 5371; x_wconf 88' lang='lat' dir='ltr'><strong>Ut</strong></span> <span class='ocrx_word' id='word_1_677' title='bbox 1544 5329 1722 5375; x_wconf 89' lang='lat' dir='ltr'><strong>autem</strong></span> <span class='ocrx_word' id='word_1_678' title='bbox 1779 5325 1875 5379; x_wconf 85' lang='lat' dir='ltr'><strong>tibi</strong></span> <span class='ocrx_word' id='word_1_679' title='bbox 1930 5342 2116 5385; x_wconf 84' lang='lat' dir='ltr'><strong>veram</strong></span> 
     </span>
    </p>
   </div>
   <div class='ocr_carea' id='block_1_87' title="bbox 537 5401 2119 5476">
    <p class='ocr_par' dir='ltr' id='par_1_87' title="bbox 537 5401 2119 5476">
     <span class='ocr_line' id='line_1_87' title="bbox 537 5401 2119 5476; baseline 0.015 -25"><span class='ocrx_word' id='word_1_680' title='bbox 537 5412 716 5453; x_wconf 83' lang='lat' dir='ltr'><strong>rerum</strong></span> <span class='ocrx_word' id='word_1_681' title='bbox 765 5401 1283 5460; x_wconf 88' lang='lat' dir='ltr'><strong>demonstrationem</strong></span> <span class='ocrx_word' id='word_1_682' title='bbox 1358 5408 1779 5469; x_wconf 79' lang='lat' dir='ltr'><strong>manifestiorem</strong></span> <span class='ocrx_word' id='word_1_683' title='bbox 1855 5418 2119 5476; x_wconf 82' lang='lat' dir='ltr'><strong>exhibea-</strong></span> 
     </span>
    </p>
   </div>
   <div class='ocr_carea' id='block_1_88' title="bbox 537 5480 2121 5578">
    <p class='ocr_par' dir='ltr' id='par_1_88' title="bbox 537 5480 2121 5578">
     <span class='ocr_line' id='line_1_88' title="bbox 537 5480 2121 5578; baseline 0.016 -38"><span class='ocrx_word' id='word_1_684' title='bbox 537 5503 694 5567; x_wconf 67' lang='lat' dir='ltr'><strong>mus,</strong></span> <span class='ocrx_word' id='word_1_685' title='bbox 750 5494 1077 5549; x_wconf 86' lang='lat' dir='ltr'><strong>accedamus</strong></span> <span class='ocrx_word' id='word_1_686' title='bbox 1120 5495 1282 5553; x_wconf 82' lang='lat' dir='ltr'><strong>citius</strong></span> <span class='ocrx_word' id='word_1_687' title='bbox 1332 5496 1399 5551; x_wconf 87' lang='lat' dir='ltr'><strong>ad</strong></span> <span class='ocrx_word' id='word_1_688' title='bbox 1448 5499 1527 5556; x_wconf 91' lang='lat' dir='ltr'><strong>rei</strong></span> <span class='ocrx_word' id='word_1_689' title='bbox 1583 5516 1837 5570; x_wconf 85' lang='lat' dir='ltr'><strong>sensum,</strong></span> <span class='ocrx_word' id='word_1_690' title='bbox 1896 5480 2121 5578; x_wconf 80' lang='lat' dir='ltr'><strong>ejusque</strong></span> 
     </span>
    </p>
   </div>
   <div class='ocr_carea' id='block_1_89' title="bbox 1540 5236 2120 5292">
    <p class='ocr_par' dir='ltr' id='par_1_89' title="bbox 1540 5236 2120 5292">
     <span class='ocr_line' id='line_1_89' title="bbox 1540 5236 2120 5292; baseline 0.019 -12"><span class='ocrx_word' id='word_1_691' title='bbox 1540 5236 1597 5281; x_wconf 75' lang='grc' dir='ltr'><strong>ει</strong></span> <span class='ocrx_word' id='word_1_692' title='bbox 1658 5243 1848 5287; x_wconf 87' lang='lat' dir='ltr'><strong>omnes</strong></span> <span class='ocrx_word' id='word_1_693' title='bbox 1904 5246 2120 5292; x_wconf 86' lang='lat' dir='ltr'><strong>creatu-</strong></span> 
     </span>
    </p>
   </div>
   <div class='ocr_carea' id='block_1_90' title="bbox 2220 3287 3801 3359">
    <p class='ocr_par' dir='ltr' id='par_1_90' title="bbox 2220 3287 3801 3359">
     <span class='ocr_line' id='line_1_90' title="bbox 2220 3287 3801 3359; baseline -0.004 -13"><span class='ocrx_word' id='word_1_694' title='bbox 2220 3292 2431 3359; x_wconf 86' lang='grc' dir='ltr'>πόδων,</span> <span class='ocrx_word' id='word_1_695' title='bbox 2466 3294 2494 3345; x_wconf 89' lang='lat'><strong>6</strong></span> <span class='ocrx_word' id='word_1_696' title='bbox 2522 3292 2618 3345; x_wconf 74' lang='grc' dir='ltr'><strong>καὶ</strong></span> <span class='ocrx_word' id='word_1_697' title='bbox 2647 3290 2881 3354; x_wconf 86' lang='grc' dir='ltr'>καλέσας</span> <span class='ocrx_word' id='word_1_698' title='bbox 2909 3290 2971 3343; x_wconf 79' lang='grc' dir='ltr'>τὸ</span> <span class='ocrx_word' id='word_1_699' title='bbox 2999 3288 3116 3358; x_wconf 89' lang='grc' dir='ltr'><strong>φῶς</strong></span> <span class='ocrx_word' id='word_1_700' title='bbox 3137 3329 3153 3353; x_wconf 95' lang='grc'><strong>,</strong></span> <span class='ocrx_word' id='word_1_701' title='bbox 3186 3291 3280 3342; x_wconf 78' lang='grc' dir='ltr'>καὶ</span> <span class='ocrx_word' id='word_1_702' title='bbox 3314 3289 3623 3358; x_wconf 71' lang='grc' dir='ltr'>ὑπήκουσεν</span> <span class='ocrx_word' id='word_1_703' title='bbox 3650 3287 3801 3357; x_wconf 79' lang='grc' dir='ltr'><strong>αὑτῷ</strong></span> 
     </span>
    </p>
   </div>
   <div class='ocr_carea' id='block_1_91' title="bbox 2216 3376 3798 3456">
    <p class='ocr_par' dir='ltr' id='par_1_91' title="bbox 2216 3376 3798 3456">
     <span class='ocr_line' id='line_1_91' title="bbox 2216 3376 3798 3456; baseline -0.004 -18"><span class='ocrx_word' id='word_1_704' title='bbox 2216 3384 2407 3456; x_wconf 86' lang='grc' dir='ltr'>τρόμῳ</span> <span class='ocrx_word' id='word_1_705' title='bbox 2433 3401 2446 3414; x_wconf 91' lang='grc'><strong>·</strong></span> <span class='ocrx_word' id='word_1_706' title='bbox 2476 3384 2571 3438; x_wconf 73' lang='grc' dir='ltr'>καὶ</span> <span class='ocrx_word' id='word_1_707' title='bbox 2597 3383 2668 3437; x_wconf 87' lang='grc' dir='ltr'><strong>τά</strong></span> <span class='ocrx_word' id='word_1_708' title='bbox 2689 3382 2836 3455; x_wconf 76' lang='grc' dir='ltr'>ἑξῆς.</span> <span class='ocrx_word' id='word_1_709' title='bbox 2870 3383 3007 3454; x_wconf 77' lang='grc' dir='ltr'>Περὶ</span> <span class='ocrx_word' id='word_1_710' title='bbox 3036 3376 3097 3436; x_wconf 74' lang='grc' dir='ltr'><strong>οὗ</strong></span> <span class='ocrx_word' id='word_1_711' title='bbox 3126 3381 3296 3449; x_wconf 86' lang='grc' dir='ltr'>λέγει,</span> <span class='ocrx_word' id='word_1_712' title='bbox 3327 3381 3410 3434; x_wconf 84' lang='grc' dir='ltr'>ὅτι</span> <span class='ocrx_word' id='word_1_713' title='bbox 3444 3400 3462 3432; x_wconf 80' lang='grc' dir='ltr'><strong>ι</strong></span> <span class='ocrx_word' id='word_1_714' title='bbox 3527 3380 3653 3435; x_wconf 77' lang='grc' dir='ltr'><strong>Ἐπὶ</strong></span> <span class='ocrx_word' id='word_1_715' title='bbox 3697 3379 3798 3447; x_wconf 66' lang='grc' dir='ltr'>τῆς</span> 
     </span>
    </p>
   </div>
   <div class='ocr_carea' id='block_1_92' title="bbox 2218 3473 3794 3551">
    <p class='ocr_par' dir='ltr' id='par_1_92' title="bbox 2218 3473 3794 3551">
     <span class='ocr_line' id='line_1_92' title="bbox 2218 3473 3794 3551; baseline -0.012 -8"><span class='ocrx_word' id='word_1_716' title='bbox 2218 3480 2321 3551; x_wconf 83' lang='grc' dir='ltr'>γῆς</span> <span class='ocrx_word' id='word_1_717' title='bbox 2370 3478 2549 3550; x_wconf 82' lang='grc' dir='ltr'>ὤφθη,</span> <span class='ocrx_word' id='word_1_718' title='bbox 2606 3478 2703 3532; x_wconf 78' lang='grc' dir='ltr'>καὶ</span> <span class='ocrx_word' id='word_1_719' title='bbox 2756 3478 2869 3540; x_wconf 85' lang='grc' dir='ltr'>τοῖς</span> <span class='ocrx_word' id='word_1_720' title='bbox 2921 3473 3230 3547; x_wconf 84' lang='grc' dir='ltr'>ἀνθρώποις</span> <span class='ocrx_word' id='word_1_721' title='bbox 3279 3473 3717 3543; x_wconf 86' lang='grc' dir='ltr'>συνανεστράφη.</span> <span class='ocrx_word' id='word_1_722' title='bbox 3773 3490 3794 3523; x_wconf 73' lang='grc'><strong>1</strong></span> 
     </span>
    </p>
   </div>
   <div class='ocr_carea' id='block_1_93' title="bbox 2219 3559 3799 3642">
    <p class='ocr_par' dir='ltr' id='par_1_93' title="bbox 2219 3559 3799 3642">
     <span class='ocr_line' id='line_1_93' title="bbox 2219 3559 3799 3642; baseline -0.007 -16"><span class='ocrx_word' id='word_1_723' title='bbox 2219 3573 2460 3642; x_wconf 79' lang='grc' dir='ltr'>Νοητέον</span> <span class='ocrx_word' id='word_1_724' title='bbox 2492 3570 2584 3625; x_wconf 77' lang='grc' dir='ltr'>οὖν</span> <span class='ocrx_word' id='word_1_725' title='bbox 2615 3570 2749 3641; x_wconf 74' lang='grc'>(12),</span> <span class='ocrx_word' id='word_1_726' title='bbox 2787 3569 2868 3622; x_wconf 83' lang='grc' dir='ltr'>ὅτι</span> <span class='ocrx_word' id='word_1_727' title='bbox 2896 3559 3049 3631; x_wconf 75' lang='grc' dir='ltr'>οὗτός</span> <span class='ocrx_word' id='word_1_728' title='bbox 3083 3568 3233 3620; x_wconf 83' lang='grc' dir='ltr'>ἐστιν</span> <span class='ocrx_word' id='word_1_729' title='bbox 3262 3567 3290 3619; x_wconf 87' lang='lat'><strong>6</strong></span> <span class='ocrx_word' id='word_1_730' title='bbox 3319 3564 3527 3636; x_wconf 79' lang='grc' dir='ltr'>Κύριος</span> <span class='ocrx_word' id='word_1_731' title='bbox 3551 3567 3579 3617; x_wconf 92' lang='lat'><strong>6</strong></span> <span class='ocrx_word' id='word_1_732' title='bbox 3604 3563 3799 3626; x_wconf 84' lang='grc' dir='ltr'>κτίσας</span> 
     </span>
    </p>
   </div>
   <div class='ocr_carea' id='block_1_94' title="bbox 2216 3656 3798 3735">
    <p class='ocr_par' dir='ltr' id='par_1_94' title="bbox 2216 3656 3798 3735">
     <span class='ocr_line' id='line_1_94' title="bbox 2216 3656 3798 3735; baseline -0.006 -17"><span class='ocrx_word' id='word_1_733' title='bbox 2216 3665 2315 3735; x_wconf 81' lang='grc' dir='ltr'>τὴν</span> <span class='ocrx_word' id='word_1_734' title='bbox 2348 3663 2662 3735; x_wconf 86' lang='grc' dir='ltr'>λογιστικὴν</span> <span class='ocrx_word' id='word_1_735' title='bbox 2697 3661 2890 3731; x_wconf 83' lang='grc' dir='ltr'>σοφίαν</span> <span class='ocrx_word' id='word_1_736' title='bbox 2917 3662 2997 3725; x_wconf 89' lang='grc' dir='ltr'><strong>εἰς</strong></span> <span class='ocrx_word' id='word_1_737' title='bbox 3023 3660 3197 3731; x_wconf 84' lang='grc' dir='ltr'>ἀρχὴν</span> <span class='ocrx_word' id='word_1_738' title='bbox 3229 3658 3369 3713; x_wconf 82' lang='grc' dir='ltr'>ὁδῶν</span> <span class='ocrx_word' id='word_1_739' title='bbox 3393 3657 3579 3723; x_wconf 79' lang='grc' dir='ltr'>αὑτοῦ,</span> <span class='ocrx_word' id='word_1_740' title='bbox 3607 3657 3673 3727; x_wconf 78' lang='grc' dir='ltr'>ἢν</span> <span class='ocrx_word' id='word_1_741' title='bbox 3695 3656 3798 3726; x_wconf 82' lang='grc' dir='ltr'><strong>ηὐ-</strong></span> 
     </span>
    </p>
   </div>
   <div class='ocr_carea' id='block_1_95' title="bbox 2216 3748 3800 3829">
    <p class='ocr_par' dir='ltr' id='par_1_95' title="bbox 2216 3748 3800 3829">
     <span class='ocr_line' id='line_1_95' title="bbox 2216 3748 3800 3829; baseline -0.006 -18"><span class='ocrx_word' id='word_1_742' title='bbox 2216 3759 2443 3829; x_wconf 85' lang='grc' dir='ltr'>τρέπισε</span> <span class='ocrx_word' id='word_1_743' title='bbox 2468 3756 2549 3827; x_wconf 85' lang='grc' dir='ltr'>τῷ</span> <span class='ocrx_word' id='word_1_744' title='bbox 2586 3756 2709 3810; x_wconf 76' lang='grc' dir='ltr'>κατ’</span> <span class='ocrx_word' id='word_1_745' title='bbox 2736 3753 2925 3808; x_wconf 84' lang='grc' dir='ltr'>εἰκόνα</span> <span class='ocrx_word' id='word_1_746' title='bbox 2953 3751 3118 3807; x_wconf 77' lang='grc' dir='ltr'>αὐτοῦ</span> <span class='ocrx_word' id='word_1_747' title='bbox 3160 3748 3434 3822; x_wconf 85' lang='grc' dir='ltr'>ἀνθρώπῳ</span> <span class='ocrx_word' id='word_1_748' title='bbox 3457 3790 3472 3816; x_wconf 95' lang='grc'><strong>,</strong></span> <span class='ocrx_word' id='word_1_749' title='bbox 3506 3753 3534 3804; x_wconf 89' lang='lat'><strong>6</strong></span> <span class='ocrx_word' id='word_1_750' title='bbox 3566 3750 3800 3818; x_wconf 84' lang='grc' dir='ltr'>ποιήσας</span> 
     </span>
    </p>
   </div>
   <div class='ocr_carea' id='block_1_96' title="bbox 2217 3841 3799 3921">
    <p class='ocr_par' dir='ltr' id='par_1_96' title="bbox 2217 3841 3799 3921">
     <span class='ocr_line' id='line_1_96' title="bbox 2217 3841 3799 3921; baseline -0.006 -19"><span class='ocrx_word' id='word_1_751' title='bbox 2217 3850 2403 3921; x_wconf 81' lang='grc' dir='ltr'>χώρας</span> <span class='ocrx_word' id='word_1_752' title='bbox 2450 3849 2545 3902; x_wconf 74' lang='grc' dir='ltr'>καὶ</span> <span class='ocrx_word' id='word_1_753' title='bbox 2571 3848 2864 3917; x_wconf 84' lang='grc' dir='ltr'>ἀοικήτους</span> <span class='ocrx_word' id='word_1_754' title='bbox 2888 3885 2904 3909; x_wconf 97' lang='grc'><strong>,</strong></span> <span class='ocrx_word' id='word_1_755' title='bbox 2939 3847 2967 3898; x_wconf 87' lang='lat'><strong>6</strong></span> <span class='ocrx_word' id='word_1_756' title='bbox 2998 3843 3416 3906; x_wconf 82' lang='grc' dir='ltr'>κατασκευάσας</span> <span class='ocrx_word' id='word_1_757' title='bbox 3444 3842 3540 3912; x_wconf 82' lang='grc' dir='ltr'>τὴν</span> <span class='ocrx_word' id='word_1_758' title='bbox 3569 3841 3691 3911; x_wconf 84' lang='grc' dir='ltr'>γῆν,</span> <span class='ocrx_word' id='word_1_759' title='bbox 3715 3842 3799 3903; x_wconf 87' lang='grc' dir='ltr'><strong>είς</strong></span> 
     </span>
    </p>
   </div>
   <div class='ocr_carea' id='block_1_97' title="bbox 2218 3931 3797 4011">
    <p class='ocr_par' dir='ltr' id='par_1_97' title="bbox 2218 3931 3797 4011">
     <span class='ocr_line' id='line_1_97' title="bbox 2218 3931 3797 4011; baseline -0.006 -17"><span class='ocrx_word' id='word_1_760' title='bbox 2218 3942 2309 3994; x_wconf 82' lang='grc' dir='ltr'>τὸν</span> <span class='ocrx_word' id='word_1_761' title='bbox 2341 3939 2514 3993; x_wconf 90' lang='grc' dir='ltr'>αἰῶνα</span> <span class='ocrx_word' id='word_1_762' title='bbox 2541 3939 2755 4011; x_wconf 83' lang='grc' dir='ltr'>χρόνον.</span> <span class='ocrx_word' id='word_1_763' title='bbox 2812 3936 2977 3991; x_wconf 76' lang='grc' dir='ltr'>Ἀ).λά</span> <span class='ocrx_word' id='word_1_764' title='bbox 3021 3936 3116 3992; x_wconf 72' lang='grc' dir='ltr'>καὶ</span> <span class='ocrx_word' id='word_1_765' title='bbox 3158 3935 3325 3990; x_wconf 87' lang='grc' dir='ltr'>πάλιν</span> <span class='ocrx_word' id='word_1_766' title='bbox 3357 3938 3456 4003; x_wconf 78' lang='grc' dir='ltr'>τὴν</span> <span class='ocrx_word' id='word_1_767' title='bbox 3488 3932 3659 4004; x_wconf 78' lang='grc' dir='ltr'>ἀρχὴν</span> <span class='ocrx_word' id='word_1_768' title='bbox 3696 3931 3797 4002; x_wconf 83' lang='grc' dir='ltr'>τῆς</span> 
     </span>
    </p>
   </div>
   <div class='ocr_carea' id='block_1_98' title="bbox 2217 4023 3795 4103">
    <p class='ocr_par' dir='ltr' id='par_1_98' title="bbox 2217 4023 3795 4103">
     <span class='ocr_line' id='line_1_98' title="bbox 2217 4023 3795 4103; baseline -0.006 -17"><span class='ocrx_word' id='word_1_769' title='bbox 2217 4032 2418 4099; x_wconf 81' lang='grc' dir='ltr'>λέξεως</span> <span class='ocrx_word' id='word_1_770' title='bbox 2470 4031 2704 4103; x_wconf 75' lang='grc' dir='ltr'>ἴδωμεν·</span> <span class='ocrx_word' id='word_1_771' title='bbox 2761 4049 2780 4082; x_wconf 78' lang='grc' dir='ltr'><strong>ι</strong></span> <span class='ocrx_word' id='word_1_772' title='bbox 2855 4029 2982 4084; x_wconf 82' lang='grc' dir='ltr'><strong>Ἐὰν</strong></span> <span class='ocrx_word' id='word_1_773' title='bbox 3024 4028 3333 4098; x_wconf 85' lang='grc' dir='ltr'>ἀναγγείλω</span> <span class='ocrx_word' id='word_1_774' title='bbox 3378 4027 3508 4098; x_wconf 79' lang='grc' dir='ltr'>ὑμῖν</span> <span class='ocrx_word' id='word_1_775' title='bbox 3554 4025 3625 4080; x_wconf 84' lang='grc' dir='ltr'><strong>τά</strong></span> <span class='ocrx_word' id='word_1_776' title='bbox 3672 4023 3795 4077; x_wconf 88' lang='grc' dir='ltr'>καθ’</span> 
     </span>
    </p>
   </div>
   <div class='ocr_carea' id='block_1_99' title="bbox 2219 4118 3793 4199">
    <p class='ocr_par' dir='ltr' id='par_1_99' title="bbox 2219 4118 3793 4199">
     <span class='ocr_line' id='line_1_99' title="bbox 2219 4118 3793 4199; baseline -0.008 -17"><span class='ocrx_word' id='word_1_777' title='bbox 2219 4127 2435 4199; x_wconf 75' lang='grc' dir='ltr'>ἡμέραν</span> <span class='ocrx_word' id='word_1_778' title='bbox 2471 4126 2755 4197; x_wconf 90' lang='grc' dir='ltr'>γινόμενα.</span> <span class='ocrx_word' id='word_1_779' title='bbox 2805 4144 2824 4178; x_wconf 78' lang='grc'><strong>1</strong></span> <span class='ocrx_word' id='word_1_780' title='bbox 2871 4124 3012 4179; x_wconf 81' lang='grc' dir='ltr'>Ἀλλ’</span> <span class='ocrx_word' id='word_1_781' title='bbox 3050 4124 3151 4178; x_wconf 79' lang='grc' dir='ltr'>οὐκ</span> <span class='ocrx_word' id='word_1_782' title='bbox 3192 4118 3335 4176; x_wconf 66' lang='grc' dir='ltr'>εἶπεν</span> <span class='ocrx_word' id='word_1_783' title='bbox 3380 4120 3464 4173; x_wconf 84' lang='grc' dir='ltr'>Τὰ</span> <span class='ocrx_word' id='word_1_784' title='bbox 3498 4118 3793 4190; x_wconf 83' lang='grc' dir='ltr'>μέλλοντα·</span> 
     </span>
    </p>
   </div>
   <div class='ocr_carea' id='block_1_100' title="bbox 2217 4206 3797 4288">
    <p class='ocr_par' dir='ltr' id='par_1_100' title="bbox 2217 4206 3797 4288">
     <span class='ocr_line' id='line_1_100' title="bbox 2217 4206 3797 4288; baseline -0.008 -16"><span class='ocrx_word' id='word_1_785' title='bbox 2217 4218 2314 4272; x_wconf 77' lang='grc' dir='ltr'><strong>καὶ</strong></span> <span class='ocrx_word' id='word_1_786' title='bbox 2345 4218 2508 4272; x_wconf 89' lang='grc' dir='ltr'>πάλιν</span> <span class='ocrx_word' id='word_1_787' title='bbox 2528 4217 2709 4286; x_wconf 86' lang='grc' dir='ltr'>λέγει·</span> <span class='ocrx_word' id='word_1_788' title='bbox 2737 4234 2756 4269; x_wconf 76' lang='grc'><strong>1</strong></span> <span class='ocrx_word' id='word_1_789' title='bbox 2788 4215 3166 4288; x_wconf 79' lang='grc' dir='ltr'>Μνημονεύσω</span> <span class='ocrx_word' id='word_1_790' title='bbox 3184 4213 3256 4267; x_wconf 85' lang='grc' dir='ltr'><strong>τά</strong></span> <span class='ocrx_word' id='word_1_791' title='bbox 3274 4212 3335 4279; x_wconf 78' lang='grc' dir='ltr'>ἐξ</span> <span class='ocrx_word' id='word_1_792' title='bbox 3357 4211 3552 4275; x_wconf 89' lang='grc' dir='ltr'>αἰῶνος</span> <span class='ocrx_word' id='word_1_793' title='bbox 3581 4206 3797 4279; x_wconf 80' lang='grc' dir='ltr'>ἐξαριθ-</span> 
     </span>
    </p>
   </div>
   <div class='ocr_carea' id='block_1_101' title="bbox 2222 4302 3797 4383">
    <p class='ocr_par' dir='ltr' id='par_1_101' title="bbox 2222 4302 3797 4383">
     <span class='ocr_line' id='line_1_101' title="bbox 2222 4302 3797 4383; baseline -0.008 -18"><span class='ocrx_word' id='word_1_794' title='bbox 2222 4311 2419 4383; x_wconf 69' lang='grc' dir='ltr'>μῆσαι*</span> <span class='ocrx_word' id='word_1_795' title='bbox 2463 4328 2482 4363; x_wconf 71' lang='grc' dir='ltr'><strong>ι</strong></span> <span class='ocrx_word' id='word_1_796' title='bbox 2508 4310 2624 4364; x_wconf 82' lang='grc' dir='ltr'>ἀλλ’</span> <span class='ocrx_word' id='word_1_797' title='bbox 2655 4310 2717 4364; x_wconf 82' lang='grc' dir='ltr'>οὐ</span> <span class='ocrx_word' id='word_1_798' title='bbox 2744 4309 2814 4364; x_wconf 81' lang='grc' dir='ltr'>τὰ</span> <span class='ocrx_word' id='word_1_799' title='bbox 2840 4308 2948 4379; x_wconf 78' lang='grc' dir='ltr'>πρὸ</span> <span class='ocrx_word' id='word_1_800' title='bbox 2972 4307 3188 4371; x_wconf 84' lang='grc' dir='ltr'>αἰῶνος.</span> <span class='ocrx_word' id='word_1_801' title='bbox 3230 4303 3511 4375; x_wconf 83' lang='grc' dir='ltr'>Ἐγνὼσθη</span> <span class='ocrx_word' id='word_1_802' title='bbox 3536 4303 3685 4374; x_wconf 86' lang='grc' dir='ltr'>ὑμῖν,</span> <span class='ocrx_word' id='word_1_803' title='bbox 3712 4302 3797 4354; x_wconf 84' lang='grc' dir='ltr'>ὅτι</span> 
     </span>
    </p>
   </div>
   <div class='ocr_carea' id='block_1_102' title="bbox 2216 4392 3797 4469">
    <p class='ocr_par' dir='ltr' id='par_1_102' title="bbox 2216 4392 3797 4469">
     <span class='ocr_line' id='line_1_102' title="bbox 2216 4392 3797 4469; baseline -0.009 -12"><span class='ocrx_word' id='word_1_804' title='bbox 2216 4406 2246 4457; x_wconf 92' lang='lat'><strong>6</strong></span> <span class='ocrx_word' id='word_1_805' title='bbox 2282 4402 2410 4467; x_wconf 81' lang='grc' dir='ltr'>Υἱὸς</span> <span class='ocrx_word' id='word_1_806' title='bbox 2440 4402 2535 4455; x_wconf 85' lang='grc' dir='ltr'><strong>τοῦ</strong></span> <span class='ocrx_word' id='word_1_807' title='bbox 2567 4401 2704 4457; x_wconf 83' lang='grc' dir='ltr'>Θεοῦ</span> <span class='ocrx_word' id='word_1_808' title='bbox 2736 4402 2916 4465; x_wconf 85' lang='grc' dir='ltr'>ἐστιν,</span> <span class='ocrx_word' id='word_1_809' title='bbox 2947 4401 2977 4454; x_wconf 92' lang='lat'><strong>6</strong></span> <span class='ocrx_word' id='word_1_810' title='bbox 3004 4398 3100 4454; x_wconf 70' lang='lat' dir='ltr'><strong>xui.</strong></span> <span class='ocrx_word' id='word_1_811' title='bbox 3126 4399 3226 4469; x_wconf 82' lang='grc' dir='ltr'>τὴν</span> <span class='ocrx_word' id='word_1_812' title='bbox 3257 4394 3569 4466; x_wconf 83' lang='grc' dir='ltr'>λογιστικὴν</span> <span class='ocrx_word' id='word_1_813' title='bbox 3608 4392 3797 4462; x_wconf 73' lang='grc' dir='ltr'>τοφίαν</span> 
     </span>
    </p>
   </div>
   <div class='ocr_carea' id='block_1_103' title="bbox 2219 4482 3796 4564">
    <p class='ocr_par' dir='ltr' id='par_1_103' title="bbox 2219 4482 3796 4564">
     <span class='ocr_line' id='line_1_103' title="bbox 2219 4482 3796 4564; baseline -0.008 -15"><span class='ocrx_word' id='word_1_814' title='bbox 2219 4496 2433 4564; x_wconf 88' lang='grc' dir='ltr'>κτίσας,</span> <span class='ocrx_word' id='word_1_815' title='bbox 2464 4496 2494 4548; x_wconf 92' lang='lat'><strong>6</strong></span> <span class='ocrx_word' id='word_1_816' title='bbox 2518 4492 2939 4557; x_wconf 86' lang='grc' dir='ltr'>κατασκευάσας</span> <span class='ocrx_word' id='word_1_817' title='bbox 2965 4492 3067 4563; x_wconf 80' lang='grc' dir='ltr'>τὴν</span> <span class='ocrx_word' id='word_1_818' title='bbox 3099 4494 3206 4561; x_wconf 85' lang='grc' dir='ltr'>γῆν</span> <span class='ocrx_word' id='word_1_819' title='bbox 3239 4491 3321 4552; x_wconf 87' lang='grc' dir='ltr'><strong>εἰς</strong></span> <span class='ocrx_word' id='word_1_820' title='bbox 3350 4487 3442 4541; x_wconf 77' lang='grc' dir='ltr'><strong>τὸν</strong></span> <span class='ocrx_word' id='word_1_821' title='bbox 3471 4485 3646 4540; x_wconf 87' lang='grc' dir='ltr'>αἰῶνα</span> <span class='ocrx_word' id='word_1_822' title='bbox 3674 4482 3796 4554; x_wconf 82' lang='grc' dir='ltr'>χρό-</span> 
     </span>
    </p>
   </div>
   <div class='ocr_carea' id='block_1_104' title="bbox 2220 4575 3795 4658">
    <p class='ocr_par' dir='ltr' id='par_1_104' title="bbox 2220 4575 3795 4658">
     <span class='ocr_line' id='line_1_104' title="bbox 2220 4575 3795 4658; baseline -0.01 -15"><span class='ocrx_word' id='word_1_823' title='bbox 2220 4605 2330 4655; x_wconf 91' lang='grc' dir='ltr'>νον,</span> <span class='ocrx_word' id='word_1_824' title='bbox 2358 4590 2387 4642; x_wconf 89' lang='lat'><strong>6</strong></span> <span class='ocrx_word' id='word_1_825' title='bbox 2418 4588 2650 4658; x_wconf 88' lang='grc' dir='ltr'>ποιήσας</span> <span class='ocrx_word' id='word_1_826' title='bbox 2681 4584 2867 4658; x_wconf 84' lang='grc' dir='ltr'>χώρας</span> <span class='ocrx_word' id='word_1_827' title='bbox 2902 4584 3001 4639; x_wconf 77' lang='grc' dir='ltr'>καὶ</span> <span class='ocrx_word' id='word_1_828' title='bbox 3037 4584 3349 4654; x_wconf 84' lang='grc' dir='ltr'>ἀοικήτους,</span> <span class='ocrx_word' id='word_1_829' title='bbox 3379 4580 3407 4634; x_wconf 91' lang='lat'><strong>6</strong></span> <span class='ocrx_word' id='word_1_830' title='bbox 3435 4581 3529 4633; x_wconf 72' lang='grc' dir='ltr'><strong>καὶ</strong></span> <span class='ocrx_word' id='word_1_831' title='bbox 3556 4580 3634 4648; x_wconf 82' lang='grc' dir='ltr'>τῷ</span> <span class='ocrx_word' id='word_1_832' title='bbox 3674 4575 3795 4628; x_wconf 81' lang='grc' dir='ltr'><strong>’1ὼὸ</strong></span> 
     </span>
    </p>
   </div>
   <div class='ocr_carea' id='block_1_105' title="bbox 2219 4671 3796 4750">
    <p class='ocr_par' dir='ltr' id='par_1_105' title="bbox 2219 4671 3796 4750">
     <span class='ocr_line' id='line_1_105' title="bbox 2219 4671 3796 4750; baseline -0.008 -16"><span class='ocrx_word' id='word_1_833' title='bbox 2219 4680 2394 4735; x_wconf 75' lang='grc' dir='ltr'>εἰπών</span> <span class='ocrx_word' id='word_1_834' title='bbox 2413 4697 2428 4710; x_wconf 90' lang='grc'><strong>·</strong></span> <span class='ocrx_word' id='word_1_835' title='bbox 2464 4698 2484 4731; x_wconf 76' lang='grc' dir='ltr'><strong>ι</strong></span> <span class='ocrx_word' id='word_1_836' title='bbox 2517 4680 2650 4733; x_wconf 84' lang='grc' dir='ltr'><strong>Ὅτε</strong></span> <span class='ocrx_word' id='word_1_837' title='bbox 2681 4678 3021 4750; x_wconf 85' lang='grc' dir='ltr'>ἐγενήθησαν</span> <span class='ocrx_word' id='word_1_838' title='bbox 3040 4677 3238 4748; x_wconf 76' lang='grc' dir='ltr'>ἄστρα,</span> <span class='ocrx_word' id='word_1_839' title='bbox 3273 4674 3471 4748; x_wconf 75' lang='grc' dir='ltr'>ᾖνεσάν</span> <span class='ocrx_word' id='word_1_840' title='bbox 3502 4689 3569 4745; x_wconf 89' lang='grc' dir='ltr'><strong>με</strong></span> <span class='ocrx_word' id='word_1_841' title='bbox 3597 4671 3796 4734; x_wconf 86' lang='grc' dir='ltr'>πάντες</span> 
     </span>
    </p>
   </div>
   <div class='ocr_carea' id='block_1_106' title="bbox 2220 4766 3796 4844">
    <p class='ocr_par' dir='ltr' id='par_1_106' title="bbox 2220 4766 3796 4844">
     <span class='ocr_line' id='line_1_106' title="bbox 2220 4766 3796 4844; baseline -0.009 -15"><span class='ocrx_word' id='word_1_842' title='bbox 2220 4773 2443 4844; x_wconf 82' lang='grc' dir='ltr'>ἄγγελοί</span> <span class='ocrx_word' id='word_1_843' title='bbox 2476 4790 2598 4843; x_wconf 84' lang='grc' dir='ltr'>μου.</span> <span class='ocrx_word' id='word_1_844' title='bbox 2639 4790 2656 4823; x_wconf 75' lang='grc'><strong>1</strong></span> <span class='ocrx_word' id='word_1_845' title='bbox 2698 4772 2903 4841; x_wconf 85' lang='grc' dir='ltr'>Μωσῆς</span> <span class='ocrx_word' id='word_1_846' title='bbox 2931 4771 2988 4824; x_wconf 75' lang='grc' dir='ltr'>δὲ</span> <span class='ocrx_word' id='word_1_847' title='bbox 3012 4769 3159 4839; x_wconf 87' lang='grc' dir='ltr'>λέγει</span> <span class='ocrx_word' id='word_1_848' title='bbox 3192 4769 3320 4838; x_wconf 74' lang='grc' dir='ltr'>περὶ</span> <span class='ocrx_word' id='word_1_849' title='bbox 3348 4766 3443 4820; x_wconf 80' lang='grc' dir='ltr'>τοῦ</span> <span class='ocrx_word' id='word_1_850' title='bbox 3473 4768 3796 4836; x_wconf 78' lang='grc' dir='ltr'>ποιήσαντος</span> 
     </span>
    </p>
   </div>
   <div class='ocr_carea' id='block_1_107' title="bbox 2220 4853 3796 4935">
    <p class='ocr_par' dir='ltr' id='par_1_107' title="bbox 2220 4853 3796 4935">
     <span class='ocr_line' id='line_1_107' title="bbox 2220 4853 3796 4935; baseline -0.008 -16"><span class='ocrx_word' id='word_1_851' title='bbox 2220 4865 2282 4919; x_wconf 83' lang='grc' dir='ltr'>τὸ</span> <span class='ocrx_word' id='word_1_852' title='bbox 2312 4865 2462 4935; x_wconf 87' lang='grc' dir='ltr'>φῶς·</span> <span class='ocrx_word' id='word_1_853' title='bbox 2518 4883 2535 4914; x_wconf 80' lang='grc' dir='ltr'><strong>ι</strong></span> <span class='ocrx_word' id='word_1_854' title='bbox 2574 4865 2683 4917; x_wconf 73' lang='grc' dir='ltr'><strong>Καὶ</strong></span> <span class='ocrx_word' id='word_1_855' title='bbox 2728 4860 2880 4915; x_wconf 82' lang='grc' dir='ltr'>εἶπεν</span> <span class='ocrx_word' id='word_1_856' title='bbox 2909 4863 2938 4914; x_wconf 88' lang='lat'><strong>6</strong></span> <span class='ocrx_word' id='word_1_857' title='bbox 2973 4861 3125 4925; x_wconf 75' lang='grc' dir='ltr'>Θεὸς,</span> <span class='ocrx_word' id='word_1_858' title='bbox 3156 4858 3444 4929; x_wconf 80' lang='grc' dir='ltr'>Γενηθήτω</span> <span class='ocrx_word' id='word_1_859' title='bbox 3475 4856 3611 4927; x_wconf 61' lang='grc' dir='ltr'><strong>φῶς</strong></span> <span class='ocrx_word' id='word_1_860' title='bbox 3646 4875 3664 4906; x_wconf 70' lang='grc' dir='ltr'><strong>ι</strong></span> <span class='ocrx_word' id='word_1_861' title='bbox 3704 4853 3796 4907; x_wconf 77' lang='grc' dir='ltr'>καὶ</span> 
     </span>
    </p>
   </div>
   <div class='ocr_carea' id='block_1_108' title="bbox 2220 4947 3796 5030">
    <p class='ocr_par' dir='ltr' id='par_1_108' title="bbox 2220 4947 3796 5030">
     <span class='ocr_line' id='line_1_108' title="bbox 2220 4947 3796 5030; baseline -0.009 -17"><span class='ocrx_word' id='word_1_862' title='bbox 2220 4959 2467 5030; x_wconf 79' lang='grc' dir='ltr'>ἐπήγαγε</span> <span class='ocrx_word' id='word_1_863' title='bbox 2489 4956 2682 5024; x_wconf 83' lang='grc' dir='ltr'>λέγων·</span> <span class='ocrx_word' id='word_1_864' title='bbox 2709 4974 2726 5006; x_wconf 76' lang='grc' dir='ltr'><strong>ι</strong></span> <span class='ocrx_word' id='word_1_865' title='bbox 2750 4955 2857 5008; x_wconf 70' lang='grc' dir='ltr'><strong>Καὶ</strong></span> <span class='ocrx_word' id='word_1_866' title='bbox 2882 4954 3134 5023; x_wconf 79' lang='grc' dir='ltr'>ἐποίησεν</span> <span class='ocrx_word' id='word_1_867' title='bbox 3159 4952 3292 5016; x_wconf 82' lang='grc' dir='ltr'>Θεὸς</span> <span class='ocrx_word' id='word_1_868' title='bbox 3314 4951 3437 5013; x_wconf 74' lang='grc' dir='ltr'>τοὺς</span> <span class='ocrx_word' id='word_1_869' title='bbox 3457 4949 3551 5003; x_wconf 83' lang='grc' dir='ltr'>δύο</span> <span class='ocrx_word' id='word_1_870' title='bbox 3580 4947 3796 5018; x_wconf 84' lang='grc' dir='ltr'>φωστῆ-</span> 
     </span>
    </p>
   </div>
   <div class='ocr_carea' id='block_1_109' title="bbox 2223 5039 3794 5121">
    <p class='ocr_par' dir='ltr' id='par_1_109' title="bbox 2223 5039 3794 5121">
     <span class='ocr_line' id='line_1_109' title="bbox 2223 5039 3794 5121; baseline -0.007 -17"><span class='ocrx_word' id='word_1_871' title='bbox 2223 5068 2322 5121; x_wconf 82' lang='grc' dir='ltr'><strong>ρας</strong></span> <span class='ocrx_word' id='word_1_872' title='bbox 2354 5051 2480 5111; x_wconf 78' lang='grc' dir='ltr'>τοὺς</span> <span class='ocrx_word' id='word_1_873' title='bbox 2532 5046 2837 5119; x_wconf 87' lang='grc' dir='ltr'>μεγάλους,</span> <span class='ocrx_word' id='word_1_874' title='bbox 2878 5048 2972 5100; x_wconf 76' lang='grc' dir='ltr'><strong>καὶ</strong></span> <span class='ocrx_word' id='word_1_875' title='bbox 3014 5046 3139 5109; x_wconf 77' lang='grc' dir='ltr'>τοὺς</span> <span class='ocrx_word' id='word_1_876' title='bbox 3186 5045 3457 5115; x_wconf 84' lang='grc' dir='ltr'>ἀστέρας,</span> <span class='ocrx_word' id='word_1_877' title='bbox 3507 5060 3527 5094; x_wconf 72' lang='grc' dir='ltr'><strong>ι</strong></span> <span class='ocrx_word' id='word_1_878' title='bbox 3590 5042 3683 5095; x_wconf 76' lang='grc' dir='ltr'>καὶ</span> <span class='ocrx_word' id='word_1_879' title='bbox 3726 5039 3794 5093; x_wconf 72' lang='grc' dir='ltr'>τὰ</span> 
     </span>
    </p>
   </div>
   <div class='ocr_carea' id='block_1_110' title="bbox 2216 5132 3792 5214">
    <p class='ocr_par' dir='ltr' id='par_1_110' title="bbox 2216 5132 3792 5214">
     <span class='ocr_line' id='line_1_110' title="bbox 2216 5132 3792 5214; baseline -0.008 -16"><span class='ocrx_word' id='word_1_880' title='bbox 2216 5144 2365 5214; x_wconf 77' lang='grc' dir='ltr'>ἑξῆς.</span> <span class='ocrx_word' id='word_1_881' title='bbox 2423 5142 2612 5196; x_wconf 85' lang='grc' dir='ltr'>Ἱκανά</span> <span class='ocrx_word' id='word_1_882' title='bbox 2661 5137 2800 5193; x_wconf 78' lang='grc' dir='ltr'>εἶναί</span> <span class='ocrx_word' id='word_1_883' title='bbox 2849 5155 2938 5208; x_wconf 89' lang='grc' dir='ltr'><strong>μοι</strong></span> <span class='ocrx_word' id='word_1_884' title='bbox 2993 5138 3141 5191; x_wconf 85' lang='grc' dir='ltr'><strong>δοκεί</strong></span> <span class='ocrx_word' id='word_1_885' title='bbox 3177 5136 3246 5190; x_wconf 83' lang='grc' dir='ltr'>τὰ</span> <span class='ocrx_word' id='word_1_886' title='bbox 3278 5134 3535 5206; x_wconf 86' lang='grc' dir='ltr'>λεχθέντα</span> <span class='ocrx_word' id='word_1_887' title='bbox 3561 5173 3577 5197; x_wconf 94' lang='grc'><strong>,</strong></span> <span class='ocrx_word' id='word_1_888' title='bbox 3611 5133 3704 5187; x_wconf 80' lang='grc' dir='ltr'>καὶ</span> <span class='ocrx_word' id='word_1_889' title='bbox 3738 5132 3792 5185; x_wconf 84' lang='grc' dir='ltr'><strong>αἰ</strong></span> 
     </span>
    </p>
   </div>
   <div class='ocr_carea' id='block_1_111' title="bbox 2217 5224 3793 5305">
    <p class='ocr_par' dir='ltr' id='par_1_111' title="bbox 2217 5224 3793 5305">
     <span class='ocr_line' id='line_1_111' title="bbox 2217 5224 3793 5305; baseline -0.008 -14"><span class='ocrx_word' id='word_1_890' title='bbox 2217 5236 2523 5303; x_wconf 78' lang='grc' dir='ltr'>ἀποδείξεις</span> <span class='ocrx_word' id='word_1_891' title='bbox 2555 5235 2933 5305; x_wconf 85' lang='grc' dir='ltr'>παρέστησαν,</span> <span class='ocrx_word' id='word_1_892' title='bbox 2973 5227 3017 5285; x_wconf 79' lang='grc' dir='ltr'><strong>ὦ</strong></span> <span class='ocrx_word' id='word_1_893' title='bbox 3050 5231 3329 5301; x_wconf 77' lang='grc' dir='ltr'>φιλόσοφε,</span> <span class='ocrx_word' id='word_1_894' title='bbox 3373 5231 3457 5283; x_wconf 82' lang='grc' dir='ltr'>ὅτι</span> <span class='ocrx_word' id='word_1_895' title='bbox 3487 5230 3515 5281; x_wconf 88' lang='grc' dir='ltr'>ὁ</span> <span class='ocrx_word' id='word_1_896' title='bbox 3544 5229 3671 5292; x_wconf 82' lang='grc' dir='ltr'><strong>Υἱὸς</strong></span> <span class='ocrx_word' id='word_1_897' title='bbox 3698 5224 3793 5279; x_wconf 78' lang='grc' dir='ltr'><strong>τοῦ</strong></span> 
     </span>
    </p>
   </div>
   <div class='ocr_carea' id='block_1_112' title="bbox 2220 5322 3795 5399">
    <p class='ocr_par' dir='ltr' id='par_1_112' title="bbox 2220 5322 3795 5399">
     <span class='ocr_line' id='line_1_112' title="bbox 2220 5322 3795 5399; baseline -0.006 -16"><span class='ocrx_word' id='word_1_898' title='bbox 2220 5331 2361 5385; x_wconf 78' lang='grc' dir='ltr'>Θεοῦ</span> <span class='ocrx_word' id='word_1_899' title='bbox 2393 5332 2561 5394; x_wconf 80' lang='grc' dir='ltr'>ἐστιν,</span> <span class='ocrx_word' id='word_1_900' title='bbox 2595 5332 2624 5382; x_wconf 95' lang='lat'><strong>6</strong></span> <span class='ocrx_word' id='word_1_901' title='bbox 2660 5329 2755 5383; x_wconf 74' lang='grc' dir='ltr'><strong>καὶ</strong></span> <span class='ocrx_word' id='word_1_902' title='bbox 2782 5328 2880 5399; x_wconf 80' lang='grc' dir='ltr'>τὴν</span> <span class='ocrx_word' id='word_1_903' title='bbox 2908 5328 2966 5379; x_wconf 82' lang='grc' dir='ltr'><strong>ἐν</strong></span> <span class='ocrx_word' id='word_1_904' title='bbox 3003 5325 3253 5397; x_wconf 88' lang='grc' dir='ltr'>Σολομῶν</span> <span class='ocrx_word' id='word_1_905' title='bbox 3281 5342 3333 5378; x_wconf 87' lang='grc' dir='ltr'><strong>τι</strong></span> <span class='ocrx_word' id='word_1_906' title='bbox 3362 5322 3678 5391; x_wconf 78' lang='grc' dir='ltr'>λογιστικὴν</span> <span class='ocrx_word' id='word_1_907' title='bbox 3706 5336 3795 5373; x_wconf 88' lang='grc' dir='ltr'>σο-</span> 
     </span>
    </p>
   </div>
   <div class='ocr_carea' id='block_1_113' title="bbox 2222 5414 3789 5491">
    <p class='ocr_par' dir='ltr' id='par_1_113' title="bbox 2222 5414 3789 5491">
     <span class='ocr_line' id='line_1_113' title="bbox 2222 5414 3789 5491; baseline -0.007 -15"><span class='ocrx_word' id='word_1_908' title='bbox 2222 5424 2354 5491; x_wconf 86' lang='grc' dir='ltr'><strong>φίαν</strong></span> <span class='ocrx_word' id='word_1_909' title='bbox 2383 5422 2596 5484; x_wconf 88' lang='grc' dir='ltr'>κτίσας,</span> <span class='ocrx_word' id='word_1_910' title='bbox 2623 5421 2714 5475; x_wconf 71' lang='grc' dir='ltr'><strong>καὶ</strong></span> <span class='ocrx_word' id='word_1_911' title='bbox 2739 5422 2916 5475; x_wconf 85' lang='grc' dir='ltr'>πάντα</span> <span class='ocrx_word' id='word_1_912' title='bbox 2939 5420 3006 5473; x_wconf 83' lang='grc' dir='ltr'>τὰ</span> <span class='ocrx_word' id='word_1_913' title='bbox 3028 5419 3244 5482; x_wconf 85' lang='grc' dir='ltr'>κτιστά,</span> <span class='ocrx_word' id='word_1_914' title='bbox 3264 5417 3357 5471; x_wconf 80' lang='grc' dir='ltr'><strong>καὶ</strong></span> <span class='ocrx_word' id='word_1_915' title='bbox 3372 5418 3470 5471; x_wconf 85' lang='grc' dir='ltr'>οὐκ</span> <span class='ocrx_word' id='word_1_916' title='bbox 3489 5414 3789 5485; x_wconf 75' lang='grc' dir='ltr'>ἐργαλεῖον.</span> 
     </span>
    </p>
   </div>
   <div class='ocr_carea' id='block_1_114' title="bbox 2220 5506 3793 5583">
    <p class='ocr_par' dir='ltr' id='par_1_114' title="bbox 2220 5506 3793 5583">
     <span class='ocr_line' id='line_1_114' title="bbox 2220 5506 3793 5583; baseline -0.008 -14"><span class='ocrx_word' id='word_1_917' title='bbox 2220 5514 2340 5569; x_wconf 86' lang='grc' dir='ltr'>Ἷνα</span> <span class='ocrx_word' id='word_1_918' title='bbox 2376 5514 2435 5568; x_wconf 84' lang='grc' dir='ltr'>δέ</span> <span class='ocrx_word' id='word_1_919' title='bbox 2470 5530 2554 5567; x_wconf 81' lang='grc' dir='ltr'><strong>σοι</strong></span> <span class='ocrx_word' id='word_1_920' title='bbox 2576 5513 2922 5583; x_wconf 85' lang='grc' dir='ltr'>σαφεστέραν</span> <span class='ocrx_word' id='word_1_921' title='bbox 2954 5512 3056 5581; x_wconf 80' lang='grc' dir='ltr'>τὴν</span> <span class='ocrx_word' id='word_1_922' title='bbox 3097 5510 3275 5583; x_wconf 80' lang='grc' dir='ltr'>άληθῆ</span> <span class='ocrx_word' id='word_1_923' title='bbox 3310 5508 3419 5564; x_wconf 85' lang='grc' dir='ltr'><strong>τῶν</strong></span> <span class='ocrx_word' id='word_1_924' title='bbox 3452 5506 3793 5580; x_wconf 77' lang='grc' dir='ltr'>πραγμάτων</span> 
     </span>
    </p>
   </div>
   <div class='ocr_carea' id='block_1_115' title="bbox 613 5666 3769 5753">
    <p class='ocr_par' dir='ltr' id='par_1_115' title="bbox 613 5666 3769 5753">
     <span class='ocr_line' id='line_1_115' title="bbox 613 5666 3769 5753; baseline 0.006 -29"><span class='ocrx_word' id='word_1_925' title='bbox 613 5667 661 5701; x_wconf 81' lang='grc'><strong>⁸⁸</strong></span> <span class='ocrx_word' id='word_1_926' title='bbox 700 5666 910 5729; x_wconf 81' lang='lat' dir='ltr'><strong>Barttch</strong></span> <span class='ocrx_word' id='word_1_927' title='bbox 947 5673 1137 5740; x_wconf 73' lang='lat'><strong>&quot;1,25.</strong></span> <span class='ocrx_word' id='word_1_928' title='bbox 1210 5676 1257 5708; x_wconf 82' lang='grc'><strong>⁶⁰</strong></span> <span class='ocrx_word' id='word_1_929' title='bbox 1280 5678 1517 5737; x_wconf 75' lang='lat' dir='ltr'><strong>ibid.&#39;52.</strong></span> <span class='ocrx_word' id='word_1_930' title='bbox 1594 5681 1785 5741; x_wconf 79' lang='lat' dir='ltr'><strong>“ibid.</strong></span> <span class='ocrx_word' id='word_1_931' title='bbox 1818 5687 1910 5743; x_wconf 70' lang='lat'><strong>33.</strong></span> <span class='ocrx_word' id='word_1_932' title='bbox 1991 5688 2035 5720; x_wconf 73' lang='grc' dir='ltr'>θ’</span> <span class='ocrx_word' id='word_1_933' title='bbox 2062 5688 2400 5753; x_wconf 67' lang='grc' dir='ltr'>ἰὺίἀ.54,58.</span> <span class='ocrx_word' id='word_1_934' title='bbox 2482 5693 2528 5720; x_wconf 73' lang='grc'><strong>³³</strong></span> <span class='ocrx_word' id='word_1_935' title='bbox 2556 5689 2657 5746; x_wconf 75' lang='lat' dir='ltr'><strong>Job</strong></span> <span class='ocrx_word' id='word_1_936' title='bbox 2686 5690 2989 5749; x_wconf 83' lang='lat' dir='ltr'><strong>xxxvttt.7.</strong></span> <span class='ocrx_word' id='word_1_937' title='bbox 3044 5689 3089 5722; x_wconf 82' lang='lat'><strong>“</strong></span> <span class='ocrx_word' id='word_1_938' title='bbox 3121 5689 3258 5746; x_wconf 83' lang='lat' dir='ltr'><strong>Gen.</strong></span> <span class='ocrx_word' id='word_1_939' title='bbox 3282 5707 3320 5752; x_wconf 87' lang='grc'><strong>1,</strong></span> <span class='ocrx_word' id='word_1_940' title='bbox 3355 5688 3406 5745; x_wconf 82' lang='grc'>5.</span> <span class='ocrx_word' id='word_1_941' title='bbox 3466 5687 3512 5720; x_wconf 81' lang='grc'><strong>⁸⁵</strong></span> <span class='ocrx_word' id='word_1_942' title='bbox 3534 5689 3664 5744; x_wconf 87' lang='lat' dir='ltr'><strong>ibid.</strong></span> <span class='ocrx_word' id='word_1_943' title='bbox 3698 5683 3769 5742; x_wconf 75' lang='grc'><strong>16</strong></span> 
     </span>
    </p>
   </div>
   <div class='ocr_carea' id='block_1_116' title="bbox 608 5826 2326 5910">
    <p class='ocr_par' dir='ltr' id='par_1_116' title="bbox 608 5826 2326 5910">
     <span class='ocr_line' id='line_1_116' title="bbox 608 5826 2326 5910; baseline 0.01 -29"><span class='ocrx_word' id='word_1_944' title='bbox 608 5826 721 5889; x_wconf 69' lang='grc'><strong>1121</strong></span> <span class='ocrx_word' id='word_1_945' title='bbox 746 5830 886 5887; x_wconf 75' lang='lat' dir='ltr'><strong>Citat</strong></span> <span class='ocrx_word' id='word_1_946' title='bbox 942 5835 1041 5890; x_wconf 81' lang='lat' dir='ltr'><strong>ista</strong></span> <span class='ocrx_word' id='word_1_947' title='bbox 1095 5835 1514 5910; x_wconf 75' lang='lat' dir='ltr'><strong>Cyparissioles,</strong></span> <span class='ocrx_word' id='word_1_948' title='bbox 1569 5841 1757 5898; x_wconf 85' lang='lat' dir='ltr'><strong>decad.</strong></span> <span class='ocrx_word' id='word_1_949' title='bbox 1809 5845 1861 5909; x_wconf 76' lang='grc'>3,</span> <span class='ocrx_word' id='word_1_950' title='bbox 1892 5860 2010 5910; x_wconf 78' lang='lat' dir='ltr'><strong>cup.</strong></span> <span class='ocrx_word' id='word_1_951' title='bbox 2061 5844 2111 5899; x_wconf 66' lang='grc' dir='ltr'><strong>ί.</strong></span> <span class='ocrx_word' id='word_1_952' title='bbox 2158 5843 2326 5898; x_wconf 65' lang='lat' dir='ltr'><strong>Hann.</strong></span> 
     </span>
    </p>
   </div>
  </div>
