4148 6562
378 309 516 376 1269

1263 316 1628 379 HISTORIA
1664 318 1997 382 CONCILII
2034 322 2338 385 NICZENI.
2376 348 2447 360 -
2479 324 2628 385 LIB.
2672 324 2754 385 ΙΙ.

3498 309 3633 377 1270

371 428 645 495 ἀπόδειξιν
680 430 1161 502 παραστήσωμεν,
1214 432 1308 484 καὶ
1349 433 1541 502 τάχιον
1584 432 1826 503 ἔλθωμεν
1865 436 1959 489 ἐπὶ

2090 436 2597 508 :outemplatiouem,
2642 452 2762 507 quae
2791 451 2856 492 ex
2919 432 3199 504 Scriptura
3256 405 3631 500 pronuntiabi-

372 521 463 576 τὸν
496 520 623 575 νοῦν
660 522 757 575 τοῦ
784 524 1136 593 πράγματος,
1174 524 1270 577 καὶ
1302 524 1402 594 τῆς
1445 524 1679 597 θεωρίας
1709 524 1823 597 [Ion
1855 525 1955 598 τήν

2056 544 2193 583 mus.
2221 528 2478 584 Exiturus
2512 544 2544 585 e
2578 528 2685 584 vita
2716 527 2927 599 Moyses
2968 525 3251 598 propheta,
3276 531 3333 577 ut
3368 521 3629 590 scriptum

375 610 629 685 θεωρίαν]
657 613 846 677 αὐτοῦ,
876 615 943 667 τὰ
966 616 1030 668 ἐκ
1058 614 1158 682 τῆς
1187 613 1413 684 Γραφῆς
1432 614 1676 684 λέξωμεν
1698 632 1712 647 ο
1744 616 1954 687 μέλλων

2090 632 2137 675 st
2166 622 2217 676 iu
2243 621 2380 677 libro
2410 622 2695 691 Aualepsis
2748 620 2975 691 Moysis,
3029 634 3152 674 cum
3189 606 3438 671 vocasset
3470 613 3535 666 ad
3574 626 3632 665 se

374 705 404 756 6
433 704 722 776 προφήτης
750 706 956 775 Μωσῆς
998 706 1200 772 ἐξιέναι
1233 705 1326 759 τὸν
1358 706 1493 775 βίον,
1526 706 1603 771 ώς
1643 707 1957 778 γέγραπται

2090 724 2218 764 osue
2248 708 2412 764 lilium
2450 708 2619 777 Nave,
2655 709 2879 779 loquens
2920 708 2987 763 ad
3029 722 3178 770 eum,
3208 703 3389 759 dixit:
3431 722 3449 754 ι
3490 701 3630 755 Ρτωα

377 794 436 847 ἐν
463 794 631 866 βίϐλῳ
656 795 979 866 ἀναλήψεως
1005 796 1268 861 Μωσέως,
1299 798 1815 871 προσκαλεσάμενος
1855 798 1955 869 Ἰη-

382 884 509 939 σοῦν
541 885 657 939 υἰδν
684 886 871 954 Ναυῆ,
913 887 1007 940 καὶ
1032 886 1415 957 διαλεγόμενος
1446 887 1583 959 πρὸς
1620 889 1802 955 αὐτὸν,
1829 887 1953 958 ἔφη·

388 996 406 1030 ι
435 978 547 1032 Καὶ
562 977 928 1048 προεθεάσατό
955 994 1021 1049 με
1047 981 1075 1032 6
1094 978 1226 1041 Θεὸς
1251 978 1357 1049 πρὸ
1378 978 1684 1050 καταϐολῆς
1714 980 1922 1049 κόσμου
1940 1019 1956 1041 ,

2058 802 2192 855 vidit
2227 800 2366 857 Deus
2404 810 2530 855 ante
2564 800 2748 855 mundi
2796 798 3242 855 constitutionem
3276 796 3519 850 luturum
3548 807 3633 844 me

2060 893 2369 948 testamenti
2396 894 2476 965 sui
2512 891 2884 948 mediatorem.
2918 909 2937 944 ι
2978 889 3044 945 Et
3065 892 3118 946 in
3150 890 3289 946 libro
3320 902 3631 944 sermonum

2061 983 2408 1052 mysticorum
2460 981 2679 1052 Moysis,
2713 981 2828 1049 ipse
2863 978 3076 1049 Moyses
3115 978 3182 1033 de
3214 977 3412 1032 Davide
3447 984 3503 1032 et
3534 976 3635 1029 Sa-

382 1065 520 1124 εῐναί
547 1087 616 1141 με
638 1070 737 1140 τῆς
759 1070 1023 1141 διαθήκης
1051 1069 1216 1123 αὑτοῦ
1242 1068 1490 1142 μεσίτην.
1530 1090 1548 1123 ι
1575 1072 1683 1124 Καὶ
1708 1074 1765 1125 ὲν
1789 1070 1959 1141 βίὸὶῳ

2090 1085 2269 1126 )utone
2302 1070 2580 1141 praedixit;
2633 1070 2699 1126 de
2753 1066 3046 1124 Salomone
3084 1068 3163 1123 sic
3197 1082 3213 1122 :
3253 1085 3271 1118 ι
3308 1064 3555 1120 infundet
3586 1065 3634 1118 ci

384 1161 559 1229 λόγων
611 1161 886 1232 μυστικῶν
934 1162 1210 1226 Μωσέως,
1261 1162 1425 1225 αὐτὸς
1467 1162 1675 1232 Μωσῆς
1724 1164 1956 1233 προεῖπε

388 1255 512 1323 περὶ
536 1252 632 1306 τοῦ
675 1253 840 1306 Δαυὶδ
866 1253 960 1307 καὶ
995 1251 1357 1322 Σολομῶντος.
1392 1252 1528 1323 Περὶ
1554 1252 1648 1305 τοῦ
1676 1251 1958 1323 Σολομῶνα

386 1360 476 1407 τος
505 1342 648 1397 οὕτω
669 1346 917 1416 προείπω
943 1346 1056 1408 καὶ,
1094 1363 1111 1396 t
1143 1342 1459 1415 Διαδοχεύσε
1516 1343 1628 1415 [Ion
1654 1342 1956 1415 διαχεύσει]

386 1434 549 1488 αὑτὸν
570 1435 599 1487 6
625 1435 757 1499 Θεὸς
786 1436 976 1505 σοφίαν
1005 1437 1097 1489 καὶ
1132 1433 1502 1508 δικαιοσύνην,
1528 1435 1622 1490 καὶ
1648 1436 1957 1507 ἐπιστήμην

387 1525 492 1595 πλή
504 1542 593 1597 ρη.
615 1526 788 1592 Αὐτὸς
819 1528 1165 1599 οἰκοδομήσει
1185 1529 1277 1582 τδν
1305 1526 1451 1581 οἷκον
1474 1526 1570 1582 τοῦ
1599 1526 1757 1581 Θεοῦ.
1798 1544 1816 1579 ι
1852 1529 1960 1581 Καὶ

386 1617 456 1668 τά
481 1616 629 1687 ἑξῆς.
662 1618 780 1671 Ἵνα
810 1619 867 1671 δὲ
899 1619 1230 1689 σαφέστερον
1258 1618 1345 1690 εἰη
1373 1620 1401 1673 6
1428 1635 1571 1689 φημι
1604 1657 1619 1683 ,
1655 1618 1826 1681 οὕτως
1870 1617 1957 1683 ἑξ-

2060 1158 2198 1215 Deus
2229 1160 2571 1230 sapientiam,
2598 1170 2759 1230 atque
2783 1159 3077 1229 justitiam,
3104 1166 3156 1212 et
3196 1156 3479 1212 scientiam
3510 1155 3629 1225 ple-

2058 1268 2203 1305 nam.
2242 1253 2360 1323 Ipse
2390 1252 2606 1307 domum
2634 1252 2726 1307 Dei
2758 1252 3049 1308 :edilicahit
3079 1270 3094 1305 :
3130 1269 3147 1303 ι
3179 1259 3235 1306 et
3264 1264 3384 1319 qua:
3401 1263 3639 1318 sequun-

2068 1350 2170 1396 tur.
2195 1338 2266 1397 Ut
2292 1349 2473 1398 autem
2502 1345 2573 1398 sit
2598 1341 2940 1398 manifestius
2990 1343 3134 1412 quod
3180 1340 3325 1404 dico,
3356 1338 3430 1393 ita
3480 1336 3640 1390 intel-

2066 1432 2260 1488 lectum
2308 1445 2731 1505 perscrutemur.
2782 1434 2949 1490 Estne
3005 1433 3166 1489 homo
3217 1441 3432 1503 propter
3480 1445 3642 1485 mun-

2066 1525 2214 1588 dum,
2241 1540 2308 1580 an
2357 1527 2590 1580 mundus
2623 1535 2844 1596 propter
2874 1526 3194 1581 hominem?
3239 1525 3637 1594 Philosophus:

2067 1614 2300 1672 Omnino
2326 1616 2555 1671 mundus
2586 1627 2805 1687 propter
2836 1618 3133 1673 hominem.

389 1711 671 1780 ετάσωμεν
702 1712 794 1764 τὸν
824 1711 967 1765 νοῦν.
1012 1711 1071 1764 ὐ
1100 1712 1384 1784 ἄνθρωπος
1414 1713 1503 1765 διὰ
1534 1712 1625 1765 τὸν
1653 1713 1878 1783 κόσμον,
1923 1710 1957 1780 ἢ
1995 1711 2025 1763 6
2077 1710 2281 1782 κόσμος
2332 1710 2418 1764 διὰ
2458 1708 2550 1764 τδν
2613 1709 2933 1784 ἀνθρωπον;
2984 1710 3043 1765 Ὅ
3074 1710 3378 1781 φιλόσοφος’
3419 1710 3644 1775 Πάντως

388 1804 417 1854 6
443 1803 647 1873 κόσμος
676 1805 766 1859 διὰ
793 1805 885 1858 τὸν
924 1803 1231 1875 ἄνθρωπον.

395 1919 462 1970 Ol
507 1916 660 1985 ἅγιοι
690 1919 1011 1973 ἐπίσκοποι
1056 1922 1111 1972 οἱ
1153 1920 1429 1988 ἡμέτεροι
1473 1916 1573 1971 διὰ
1625 1915 1732 1988 τοῦ
1782 1914 1970 1970 αὐτοῦ

2090 1911 2262 1969 Sancti
2294 1914 2462 1969 nostri
2485 1915 2712 1988 episcopi
2747 1916 3111 1988 pet-eumdem
3149 1922 3445 1987 episcopum
3480 1915 3648 1972 Euse-

495 1982 834 2043 ἐπισκόπου
860 1990 1157 2045 Εὐσεϐίου
1177 1982 1284 2042 ἰοῦ
1318 1982 1637 2059 Παμφίλου
1666 1982 1863 2041 εἶπαν.

466 2099 577 2153 Καὶ
616 2102 665 2154 εἰ
706 2103 735 2155 6
779 2103 982 2172 κόσμος
1026 2101 1116 2155 διὰ
1161 2100 1253 2154 τὸν
1285 2099 1594 2171 ἄνθρωπον,
1636 2097 1858 2163 πάντως
1897 2096 1973 2161 ὡς

398 2193 831 2265 προγενεστέρου
860 2193 955 2247 τοῦ
990 2192 1279 2265 ἀνθρώπου
1310 2195 1371 2245 ὲν
1410 2194 1477 2263 τῇ
1523 2192 1615 2246 τοῦ
1645 2190 1782 2245 Θεοῦ
1816 2189 1971 2244 ἐνθυ-

399 2283 561 2354 μήσει
590 2283 764 2350 ὄντος,
784 2284 814 2336 6
842 2285 898 2337 δὲ
936 2283 1138 2355 κόσμος
1168 2283 1627 2355 μεταγενέστερος
1656 2277 1726 2352 ἦν
1754 2281 1849 2335 τοῦ
1878 2282 1974 2335 ἀν-

397 2373 617 2445 θρώπου
653 2376 874 2445 καὶτῆς
914 2374 1232 2445 λογιπικῆς
1275 2373 1466 2443 σοφίας
1510 2374 1568 2425 ὲν
1611 2374 1677 2444 τῇ
1709 2371 1804 2427 τοῦ
1838 2370 1973 2426 Θεοῦ

396 2462 714 2534 ἑνθυμήσει·
748 2464 776 2515 6
810 2463 1097 2535 ἄνθρωπος
1131 2461 1225 2519 οὖν
1255 2461 1688 2535 προγενέστερός
1720 2462 1836 2515 ἔστι
1879 2460 1975 2516 τοῦ

398 2554 626 2625 κόσμου,
668 2556 1012 2627 προϋπάρχει
1052 2557 1147 2609 καὶ
1179 2555 1288 2609 τῶν
1326 2554 1422 2609 τοῦ
1471 2553 1678 2624 κόσμου
1727 2554 1975 2622 φύσεων,

398 2639 509 2698 οἷον
535 2645 766 2717 ούρανοῦ
795 2647 891 2700 καὶ
918 2645 1019 2717 τῆς
1055 2649 1159 2717 γῆς
1186 2688 1199 2711 ,
1232 2646 1476 2717 ἡμέρας,
1504 2643 1702 2707 νυκτὸς
1722 2685 1740 2711 ,
1776 2645 1979 2714 νεφῶν,

400 2735 652 2807 ἀνέμων,
689 2736 965 2801 ἀϐύσσων,
1014 2738 1232 2809 πηγῶν,
1271 2737 1465 2807 ὀρέων,
1500 2735 1727 2808 βουνῶν.
1764 2736 1980 2790 Τούτων

400 2829 619 2883 πάντων
654 2829 1057 2901 προγενεστέρα
1107 2830 1253 2882 ἐστὶν
1298 2831 1332 2901 ή
1368 2828 1551 2899 σοφία,
1587 2829 1683 2883 καὶ
1710 2830 1739 2882 6
1769 2828 1980 2900 ἄνθρω-

402 2938 502 2984 πος
530 2922 589 2973 ὲν
623 2923 690 2992 τῇ
730 2920 823 2973 τοῦ
866 2920 1000 2974 Θεοῦ
1035 2920 1337 2992 ὲνθυμήσει
1362 2921 1463 2992 ἤδη
1501 2918 1846 2991 προῦπάρχει
1886 2919 1981 2973 τοῦ

400 3013 625 3083 κόσμου.
666 3012 807 3066 Ἀλλ’
834 3007 985 3077 οὗτος
1013 3012 1111 3083 μὲν
1136 3008 1229 3066 οῦν
1251 3013 1714 3082 μεταγενέστερος
1743 3008 1983 3074 κτισθεὶς

401 3102 601 3176 ήνεχθη
624 3103 683 3157 ὲν
711 3106 779 3174 τῇ
809 3105 907 3175 τῆς
935 3103 1167 3166 κτίσεως
1200 3101 1442 3172 παρόδῳ.
1482 3101 1540 3153 '0
1583 3099 1641 3153 δὲ
1688 3100 1981 3170 μεταγενέ-

2493 1985 2637 2038 bium
2670 1984 2938 2056 Pamphili
2967 1984 3241 2043 dixerunt.

2144 2099 2200 2155 Si
2242 2099 2476 2154 mundus
2516 2108 2601 2155 est
2655 2108 2878 2170 propter
2912 2103 3213 2166 hominem,
3251 2103 3476 2158 omnino
3524 2118 3649 2159 cum

2078 2190 2239 2245 homo
2268 2189 2417 2257 prior
2443 2190 2510 2246 sit
2546 2189 2599 2245 in
2624 2190 2715 2246 Dei
2755 2192 3050 2261 proposito,
3084 2193 3191 2248 erit
3219 2193 3441 2249 homine
3464 2209 3529 2248 ac
3560 2208 3650 2248 ra-

2080 2279 2320 2338 tionabili
2344 2280 2609 2351 sapientia
2638 2282 2906 2352 posterior
2932 2298 2946 2336 :
2982 2283 3150 2354 igitur
3200 2285 3361 2340 homo
3384 2285 3534 2355 prior
3565 2294 3653 2340 est

2079 2372 2314 2439 mundo;
2343 2380 2431 2429 est
2463 2372 2622 2428 etiam
2647 2372 2796 2443 prior
2824 2374 3034 2429 naturis
3058 2376 3263 2440 ηκιικιί,
3285 2376 3472 2446 quales
3498 2387 3649 2442 sunt,

2078 2463 2299 2527 caelum,
2334 2474 2500 2529 terra,
2534 2463 2674 2530 dies,
2703 2452 2830 2532 nox,
2862 2467 3058 2531 nubes,
3086 2468 3258 2532 venti,
3291 2467 3495 2539 abyssi,
3530 2468 3654 2522 fon-

2081 2566 2183 2623 tes,
2215 2563 2427 2611 montes
2457 2565 2512 2611 et
2534 2554 2721 2611 colles.
2748 2554 3012 2613 Omnibus
3033 2558 3117 2613 his
3145 2559 3293 2628 prior
3315 2568 3402 2613 est
3438 2560 3656 2629 sapien-

2083 2649 2177 2709 tia,
2207 2656 2262 2701 et
2296 2648 2457 2703 homo
2484 2648 2536 2701 in
2567 2646 2661 2703 Dei
2696 2648 2971 2718 proposito
2999 2647 3115 2719 jam
3158 2650 3309 2719 prior
3357 2662 3442 2705 est
3496 2666 3657 2705 mun-

2082 2739 2191 2793 du:
2234 2739 2327 2793 sed
2355 2739 2604 2793 eumdem
2660 2740 2859 2794 accidit
2886 2739 3158 2809 posterius
3198 2740 3251 2795 in
3289 2741 3373 2795 via
3422 2744 3658 2797 creatio-

2086 2831 2167 2884 nis
2200 2831 2476 2886 conditum
2528 2830 2695 2887 fuisse
2731 2849 2748 2885 ε
2778 2831 2869 2902 qui
2925 2841 3105 2886 autem
3151 2833 3207 2886 in
3259 2833 3437 2888 divina
3479 2834 3659 2890 inten-

2086 2922 2231 2978 tione
2267 2923 2481 2978 homine
2499 2924 2767 2993 posterior
2788 2931 2927 2989 erat,
2957 2922 3048 2978 ille
3078 2923 3135 2978 in
3173 2923 3313 2978 viam
3368 2926 3664 2981 creatioeis

2085 3015 2235 3085 prior
2269 3015 2475 3070 incidit.
2518 3014 2624 3071 Sed
2672 3024 2727 3070 et
2753 3016 3023 3084 sapientia
3055 3030 3218 3084 quam
3275 3016 3479 3071 invenit
3530 3033 3661 3088 pru-

2086 3108 2265 3162 dentia
2290 3123 2386 3162 sua
2417 3106 2585 3163 Filius
2611 3106 2731 3175 Dei,
2763 3122 2925 3177 quam
2973 3107 3120 3162 dedit
3173 3107 3376 3161 homini
3429 3108 3496 3161 ad
3529 3106 3666 3162 ima-

404 3213 593 3265 στερος
613 3194 709 3249 τοῦ
739 3194 1025 3267 ἀνθρώπου
1048 3195 1108 3247 ὲν
1137 3197 1203 3267 τῇ
1226 3193 1321 3247 τοῦ
1354 3192 1489 3247 Θεοῦ
1516 3191 1811 3263 ὲνθυμήσει
1832 3188 1984 3256 οὗτος

2090 3199 2265 3268 ginem
2288 3214 2459 3260 suam,
2485 3198 2597 3268 ipsa
2627 3200 2791 3254 etiam
2833 3200 2885 3253 in
2916 3199 3101 3253 divina
3132 3199 3431 3255 intentione
3465 3203 3665 3254 mundo

408 3287 860 3357 μεταγενέστερος
887 3285 1204 3358 παρηνέχθη
1240 3285 1299 3337 ὲν
1324 3286 1391 3354 τῇ
1430 3284 1530 3354 τῆς
1582 3283 1811 3347 κτίσεως
1844 3300 1985 3354 παρ-

407 3376 689 3449 όδῳ.⁹Αλλ’
719 3380 802 3431 ὅτι
832 3378 927 3431 καὶ
960 3379 996 3448 ἡ
1024 3378 1208 3448 σοφία,
1249 3376 1315 3446 ἣν
1352 3374 1541 3446 ἐξεῦρε
1585 3374 1797 3427 συνέσει
1823 3374 1987 3427 αὑτοῦ

411 3469 441 3521 6
469 3469 597 3533 Υίδς
636 3468 731 3522 τοῦ
762 3468 929 3530 Θεοῦ,
971 3472 1038 3537 ἢν
1067 3468 1267 3522 δέδωκε
1304 3466 1383 3537 τῷ
1414 3468 1535 3519 κατ’
1568 3464 1755 3518 εἰκόνα
1795 3463 1989 3518 ἑαυτοῦ

413 3560 718 3633 ἀνθρώπῳ,
757 3562 851 3614 κα)⁸
881 3559 1019 3632 αὕτη
1052 3559 1373 3632 προῦπῆρξε
1403 3558 1497 3613 τοῦ
1527 3558 1733 3629 κόσμου
1763 3558 1859 3612 καὶ
1886 3558 1993 3610 τῶν

417 3655 633 3729 φύσεων
667 3655 831 3708 αὑτοῦ
871 3656 928 3706 ὲν
957 3656 1023 3725 τῇ
1055 3653 1152 3707 τοῦ
1184 3653 1319 3707 Θεοῦ
1353 3652 1679 3724 ὲνθυμήσει.
1702 3650 1872 3715 Εἰδὼς
1902 3647 1995 3705 οὖν

416 3751 474 3804 ὲν
507 3747 685 3819 ἐαυτῷ
712 3750 741 3802 6
780 3745 1055 3818 Σολομὼν,
1095 3745 1365 3818 διδαχθεὶς
1406 3746 1472 3798 ἐκ
1501 3745 1602 3816 τῆς
1627 3743 1723 3797 τοῦ
1747 3742 1882 3796 Θεοῦ
1911 3743 1997 3796 δο-

416 3845 603 3918 θείσης
643 3842 793 3916 αύτῷ
840 3843 1053 3913 σοφίας,
1098 3843 1182 3896 ὃτι
1225 3844 1255 3895 6
1282 3841 1569 3913 ἄνθρωπος
1614 3840 1710 3894 καὶ
1751 3842 1787 3911 ή
1836 3839 2013 3909 σοφίαν

419 3933 774 4006 προῦπῆρξαν
803 3934 901 3988 τοῦ
941 3935 1148 4004 κόσμου
1193 3933 1289 3987 καὶ
1318 3933 1427 3986 τῶν
1459 3932 1680 4003 φύσεων.
1716 3930 1903 3996 αὑτοῦ,
1938 3931 1996 3983 έν

418 4031 482 4099 τῇ
510 4026 601 4080 τοῦ
631 4026 766 4080 Θεοῦ
795 4026 1111 4098 ὲνθυμήσει,
1145 4023 1444 4095 βασανίσας
1481 4024 1543 4079 τὸ
1571 4024 1675 4096 ήδη
1704 4022 1998 4094 προϋπάρ-

420 4136 530 4189 χων
557 4117 653 4170 τοῦ
684 4117 914 4189 κόσμου,
945 4116 1038 4170 καὶ
1080 4117 1138 4170 ὲν
1167 4118 1237 4188 τῇ
1264 4114 1359 4169 τοῦ
1397 4114 1531 4170 Θεοῦ
1562 4115 1861 4187 ὲνθυμήσει
1892 4114 2000 4186 πρὸ

422 4210 725 4282 καταϐολῆς
759 4210 1000 4280 κόσμου,
1026 4208 1055 4262 6
1082 4206 1273 4280 ἐξεῦρε
1300 4210 1370 4280 τῇ
1402 4208 1613 4262 συνέσει
1645 4206 1810 4261 αὑτοῦ
1833 4208 1860 4260 6
1888 4207 2000 4262 Κύ-

429 4321 561 4376 ριος,
582 4303 742 4357 τοῦτο
764 4303 866 4375 ’ήδη
890 4302 1104 4356 ἔκτισεν
1133 4304 1161 4356 6
1187 4301 1350 4367 αὐτὸς
1377 4301 1583 4375 Κύριος
1612 4302 2001 4373 μεταγενέστε-

430 4414 521 4468 ρον
551 4395 646 4450 τοῦ
688 4396 895 4467 κόσμου
925 4396 1021 4450 καὶ
1048 4394 1158 4448 τῶν
1188 4394 1404 4464 φύσεων
1431 4393 1618 4449 αὑτοῦ.
1651 4394 1813 4462 Λέγει
1850 4389 1944 4448 οῦν
1972 4395 2004 4447 6

427 4487 679 4560 Σολομὼν
712 4488 788 4552 ὡς
830 4489 893 4541 ἐκ
933 4487 1230 4559 προσώπου
1278 4486 1379 4553 τῆς
1410 4487 1468 4540 ὲν
1507 4483 1780 4557 ἀνθρώπῳ
1811 4485 2002 4555 σοφίας

2090 3304 2143 3345 et
2171 3290 2354 3345 mundi
2390 3290 2599 3345 naturis
2641 3290 2788 3360 prior
2817 3289 2939 3344 fuit.
2983 3289 3239 3345 Salomon
3272 3290 3437 3360 igitur
3465 3290 3668 3345 instru-

2091 3394 2211 3437 ctus
2257 3382 2543 3457 sapientia,
2602 3396 2763 3451 quam
2814 3382 2864 3436 ei
2903 3380 3049 3438 Deus
3104 3383 3345 3445 dederat,
3382 3382 3434 3436 in
3488 3384 3674 3452 seipse

2094 3473 2273 3527 sciens
2298 3472 2567 3526 hominem
2606 3484 2771 3541 atque
2794 3473 3118 3541 sapientiam
3153 3481 3283 3527 ante
3316 3474 3581 3527 mundum
3610 3481 3673 3528 et.

2098 3564 2283 3620 mundi
2313 3574 2533 3618 naturas
2559 3564 2612 3618 iu
2647 3562 2741 3617 Dei
2782 3564 3059 3632 proposito
3085 3566 3383 3631 exstitisse,
3414 3573 3683 3620 accurate

2098 3655 2364 3713 indicavit
2395 3657 2447 3711 in
2482 3655 2663 3710 divina
2706 3653 3010 3710 intentione
3058 3665 3185 3710 ante
3224 3657 3482 3710 mundum
3541 3655 3667 3711 olim

2100 3748 2285 3805 fuisse.
2310 3746 2465 3814 Quod
2492 3748 2635 3802 enim
2654 3755 2781 3802 ante
2811 3746 2995 3802 mundi
3027 3745 3469 3801 constitutionem
3495 3745 3673 3801 Domi-

2100 3855 2205 3897 nus
2238 3838 2441 3894 invenit
2489 3837 2776 3909 prudentia
2822 3852 2942 3902 sua,
2992 3836 3097 3893 hoc
3122 3837 3339 3892 tandem
3375 3837 3521 3892 idem
3567 3837 3679 3892 Dee

2099 3931 2280 3989 minus
2309 3939 2431 4000 post
2462 3929 2718 3984 mundum
2755 3936 2811 3982 et
2838 3927 3019 3984 mundi
3074 3935 3300 3983 naturas
3328 3928 3554 3983 creavit.
3579 3928 3675 3981 Ait

2100 4038 2233 4093 ergo
2266 4020 2525 4076 Salomon
2547 4021 2700 4091 quasi
2728 4033 2794 4074 ex
2823 4033 3055 4091 persona
3088 4017 3341 4073 humana:
3368 4017 3677 4086 sapientiae,

2099 4128 2221 4184 qua:
2254 4113 2309 4168 in
2349 4112 2528 4167 divina
2580 4112 2882 4166 intentione
2929 4118 3057 4166 ante
3119 4109 3378 4165 mundum
3406 4108 3620 4164 exstitit
3656 4124 3681 4160 ει

2107 4222 2127 4257 ι
2154 4202 2423 4258 Dominus
2461 4201 2705 4259 condidit
2754 4217 2841 4257 me
2868 4201 3082 4256 initium
3122 4199 3331 4255 viarum
3366 4213 3590 4255 suarum
3621 4198 3677 4253 iu

2101 4307 2272 4365 opera
2301 4290 2483 4361 eius."
2510 4310 2541 4360 ;.
2566 4309 2585 4343 ι
2618 4290 2910 4346 humanam
2964 4289 3289 4360 sapientiora
3335 4303 3401 4345 ac
3437 4289 3680 4344 rationa-

2103 4386 2208 4444 lem
2250 4386 2456 4442 homini
2504 4385 2571 4439 ad
2616 4384 2903 4454 imaginem
2938 4383 3031 4439 Dei
3097 4383 3247 4438 facto
3292 4390 3685 4453 praeparatam,

2106 4483 2221 4537 haec
2245 4477 2691 4551 pronuntiantem
2733 4476 2962 4530 induxit.
3013 4475 3124 4533 Hoc
3151 4477 3315 4547 igitur
3342 4486 3481 4543 erat,
3522 4475 3687 4553 tDo-

425 4581 524 4651 τῆς
560 4580 989 4652 προῦπαρξόισης
1019 4578 1113 4633 τοῦ
1142 4578 1369 4650 ,κόσμου
1419 4578 1477 4631 ὲν
1507 4580 1572 4649 τῇ
1611 4576 1706 4630 τοῦ
1739 4576 1875 4630 Θεοῦ
1916 4579 1985 4631 ἐν

2112 4573 2292 4629 minus
2319 4570 2581 4627 condidit.
2613 4587 2632 4621 ι
2661 4566 2739 4622 De
2769 4565 2865 4622 illo
2898 4566 3069 4630 enim,
3118 4566 3211 4637 qui
3259 4568 3314 4621 in
3368 4567 3551 4622 divina
3602 4568 3686 4620 in-

428 4674 685 4744 θυμήσει·
727 4691 745 4724 t
784 4670 987 4740 Κύριος
1025 4668 1209 4739 ἔκτισέ
1238 4686 1307 4741 με
1348 4670 1523 4741 ἀρχὴν
1562 4667 1695 4721 ὁδῶν
1736 4667 1899 4721 αὐτοῦ
1925 4671 2005 4733 εἰς

429 4766 566 4837 ἔργα
610 4763 799 4830 αὐτοῦ,
858 4783 878 4818 ι
933 4767 1002 4835 τῇ
1049 4765 1109 4816 έν
1150 4762 1229 4834 τῷ
1261 4760 1536 4833 ἀνθρώπῳ
1587 4762 1751 4832 σοφίᾳ
1805 4762 2005 4833 ἀνῆκεν

428 4859 691 4928 ἑκφωνεϊν
730 4860 797 4929 τῇ
845 4857 1154 4928 λογιστικῇ,
1195 4857 1262 4926 τῇ
1317 4853 1738 4925 εὑτρεπισθείσῃ
1782 4854 1860 4925 τῷ
1911 4855 2003 4909 ἀν-

433 4944 635 5015 θρώπῳ
664 4943 841 4999 ταῦτα
864 4986 878 5010 ,
910 4943 987 5015 τῷ
1016 4944 1139 4998 κατ’
1179 4944 1364 4997 εἰκόνα
1396 4942 1489 4996 τοῦ
1520 4941 1656 4995 Θεοῦ
1698 4944 2004 5016 γενομένῳ,

434 5034 510 5087 T6
547 5032 640 5087 οὖν
672 5029 762 5106 ἦν,
794 5052 817 5086 ι
844 5036 1045 5107 Κύριος
1075 5035 1279 5100 ἔκτισε,
1308 5054 1325 5087 ι
1360 5034 1439 5106 τῷ
1473 5035 1886 5109 προϋπάρξαντι
1916 5037 2012 5091 τοῦ

438 5124 641 5195 κόσμου
687 5128 746 5178 ὲν
783 5130 852 5197 τῇ
882 5128 975 5179 τοῦ
1023 5127 1160 5181 Θεοῦ
1212 5127 1537 5199 ἔνθυμήσει,
1589 5128 1785 5181 τοῦτο·
1843 5129 2016 5202 τούτῳ

440 5217 777 5291 προσέρριψε
811 5217 942 5289 (Ιό).
976 5219 1049 5272 T6
1080 5220 1135 5273 δὲ
1170 5240 1188 5271 ι
1228 5220 1266 5272 Γ
1270 5220 1399 5290 εννᾷ
1430 5237 1530 5291 με,
1584 5239 1605 5274 s
1641 5220 1823 5285 συνεὶς
1854 5222 2016 5276 πάλιν

441 5310 521 5373 εἰς
557 5309 656 5373 τάς
695 5310 837 5380 μετά
862 5309 1036 5364 ταῦτα
1065 5312 1128 5365 ὲκ
1159 5310 1371 5380 φύσεως
1414 5311 1829 5383 παιδοποιήσεις
1870 5314 2013 5366 ἐκδι-

440 5399 669 5472 δομένου
692 5396 813 5453 εἶπε
841 5400 925 5465 τὸ,
954 5419 973 5451 t
1004 5402 1172 5472 Γεννᾷ
1203 5418 1297 5473 με.
1319 5422 1338 5455 ι
1365 5402 1499 5457 Νόει
1511 5403 1709 5471 τοίνυν,
1736 5403 2021 5473 φιλόσοφε,

514 5560 565 5595 ⁸⁸
592 5556 754 5615 Prov.
788 5574 908 5625 vnn,
937 5558 1027 5614 22.

515 5712 632 5785 (15)
663 5711 755 5771 Sic
779 5714 941 5771 etiam
973 5730 1073 5770 ms.
1105 5722 1309 5771 uoster.
1337 5715 1511 5769 uno.

2116 4666 2356 4723 tentione
2385 4671 2511 4718 ante
2538 4661 2799 4717 mundum
2818 4659 2942 4724 l‘uit,
2969 4660 3072 4715 hoc
3093 4658 3359 4728 exposuit.
3381 4656 3513 4711 Illud
3532 4672 3687 4723 vero,

2117 4779 2136 4811 ε
2176 4758 2481 4829 Gignitme,
2521 4773 2542 4807 ι
2578 4768 2766 4808 rursus
2784 4752 3012 4822 loquens
3035 4749 3107 4806 de
3151 4764 3221 4807 eo
3247 4749 3337 4819 qui
3389 4748 3571 4804 editus
3600 4757 3688 4804 est

2111 4851 2177 4903 all
2209 4846 2489 4917 sequentis
2538 4852 2765 4901 exortus
2808 4851 3081 4898 terrarum
3153 4839 3476 4905 creationes,
3524 4839 3687 4901 dicit,

2123 4962 2143 4996 ι
2174 4941 2359 5011 Gignit
2410 4955 2518 4995 me.
2544 4956 2563 4990 ι
2597 4935 2839 5007 lntellige
2882 4937 3068 5007 igitur,
3108 4933 3450 5005 philosophe,
3515 4947 3693 5003 usque

2119 5035 2185 5088 ad
2225 5029 2642 5104 perfectionem,
2671 5035 2920 5081 naturam
2973 5025 3145 5096 ipsam
3179 5024 3457 5094 antiquam
3488 5023 3690 5079 factam

2114 5141 2258 5192 esse,
2285 5134 2341 5179 et
2371 5130 2703 5178 renovatam.
2728 5117 2865 5175 Illud
2909 5132 3091 5189 ergo;.
3114 5133 3133 5169 ι
3166 5114 3424 5171 Dominus
3448 5115 3691 5171 condidit

2115 5236 2203 5275 me
2229 5218 2445 5273 initium
2484 5216 2693 5270 viarum
2721 5226 2942 5268 suarum
2975 5211 3031 5265 in
3065 5222 3230 5282 opera
3253 5208 3394 5280 ejus,
3439 5227 3459 5261 ι
3495 5207 3564 5263 de
3595 5222 3693 5262 ra-

2117 5311 2265 5366 tione
2290 5323 2353 5364 ac
2375 5306 2644 5379 sapientia
2667 5304 2978 5362 hominibus
3005 5316 3267 5359 concessa
3306 5298 3696 5371 explicandum

2116 5411 2216 5460 est.
2254 5402 2391 5459 Illud
2416 5414 2572 5463 vero,
2589 5416 2614 5450 ι
2635 5397 2817 5469 Giguit
2844 5410 2950 5465 tne,
2977 5413 2997 5450 ι
3021 5394 3086 5452 de
3108 5400 3303 5449 natura
3322 5389 3513 5449 eadem
3530 5388 3697 5461 juxta
