4148 6638
444 302 571 370 1271

1671 308 1975 370 GELASII
2042 309 2384 373 CYZICENI

3559 308 3695 374 1272

442 415 533 471 Dei
552 414 944 486 pmscientiam
963 430 1024 469 ex
1052 413 1162 468 suis
1204 414 1544 483 imaginibus,
1564 418 1715 485 quasi
1751 429 1864 471 rota
1893 434 2024 485 qna-

2139 421 2224 489 τῆς
2270 420 2441 488 αὐτῆς
2472 417 2687 488 φύσεως
2725 415 3128 487 παλαιουμένης
3160 434 3250 470 και
3291 417 3698 489 ἀνανεουμινης

440 508 564 559 dam
607 507 878 577 implicata
935 508 985 559 in
1025 521 1177 561 suam
1230 519 1423 561 metam
1459 510 1730 567 redeunte.
1760 512 1826 563 ab
1857 512 2010 563 initio

441 600 672 665 primum
712 598 877 653 creati
915 600 1146 654 hominis
1180 598 1305 655 facti
1350 599 1416 654 ad
1466 602 1750 672 imaginem
1798 604 1911 665 Dei,
1965 605 2015 655 in

439 704 548 757 quo
591 687 946 751 rationalem,
995 700 1232 745 creatam
1282 693 1597 761 sapientiam
1651 697 1907 764 reposuit,
1956 709 2019 748 ac

438 780 793 834 sinceramsui
848 781 1166 835 cltaritatem
1226 782 1500 853 impressit
1555 784 1713 839 Deus.
1758 786 1908 852 Quod
1961 784 2016 837 in

440 871 618 938 seipso
645 886 909 925 renovans
929 870 1176 926 Salvator
1191 872 1582 943 dispensatoris
1609 877 1673 928 ad
1690 876 1899 929 Patrem
1935 877 2018 928 di-

441 961 591 1016 cebat
613 979 626 1017 :
647 980 666 1012 ι
685 960 971 1027 Quoniam,
997 964 1192 1032 inquit,
1211 975 1334 1019 ante
1367 967 1546 1019 mundi
1572 967 2018 1021 constitutionem

441 1053 672 1108 dilexisti
696 1069 779 1107 me
794 1054 859 1107 ⁸⁷.
880 1054 1013 1109 Illud
1030 1066 1210 1110 autem
1234 1075 1246 1110 :
1273 1075 1291 1108 ι
1316 1059 1452 1110 Ante
1468 1058 1660 1111 smenla
1686 1059 1735 1111 in
1758 1059 2022 1125 principio

442 1144 683 1200 fundavit
721 1162 804 1200 me
826 1147 908 1213 ⁶⁸;
941 1148 1157 1203 »νίἀεηε
1182 1148 1437 1202 Salomon
1460 1149 1600 1219 quod
1625 1149 1820 1203 saecula
1848 1151 1898 1201 in
1923 1151 2024 1203 hoc

443 1237 644 1291 mundo
664 1252 728 1291 ex
769 1237 875 1292 diei
926 1252 991 1292 ac
1014 1239 1187 1293 noctis
1233 1239 1458 1294 circuitu
1491 1241 1895 1294 cousistentiam
1929 1241 2024 1293 ba-

448 1327 612 1394 beut;
653 1330 915 1383 exsistere
941 1340 1118 1383 autem
1156 1340 1281 1384 ante
1329 1330 1470 1385 diem
1517 1343 1571 1386 et
1626 1342 1861 1401 noctem,
1903 1347 2024 1388 esse

445 1418 608 1472 etiam
645 1420 911 1474 exsistere
933 1430 1058 1475 ante
1090 1422 1192 1476 hoc
1224 1422 1511 1478 saeculum:
1564 1438 1658 1477 eas
1709 1424 2024 1477 considera-

449 1510 622 1565 tioues
650 1512 1019 1582 contemplans
1044 1512 1327 1579 Salomon,
1356 1516 1559 1570 homini
1596 1527 1759 1583 atque
1804 1516 2024 1585 sapien-

449 1601 537 1656 tiae
575 1616 826 1673 congrue
863 1607 1315 1662 accommodavit.
1400 1608 1759 1676 Quamobrem
1791 1625 1855 1663 ex
1908 1611 2027 1680 ejus

2120 513 2246 581 ἄχρι
2277 510 2605 573 συντελείας.
2640 510 2711 563 Τὸ
2740 510 2835 565 οὖν
2861 558 2874 574 ,
2911 528 2929 560 ι
2976 510 3181 578 Κύριος
3212 509 3393 562 ἑκτισέ
3426 527 3494 580 με
3522 511 3697 581 ἀρήν

2118 601 2253 655 ὁδῶν
2281 600 2447 655 αὑτοῦ
2478 602 2558 665 εἰς
2586 602 2724 671 ἔργα
2746 602 2937 668 αὐτοῦ,
2978 621 2997 653 ι
3033 602 3112 663 εἰς
3140 600 3237 667 τὴν
3262 600 3371 653 τῶν
3392 600 3697 672 ἀνθρώπων

2119 692 2364 746 δοθεῖσαν
2394 692 2707 761 λογιστικὴν
2739 693 2935 762 σοφίαν
2960 691 3309 760 διαληπτέον.
3338 691 3415 745 Τὸ
3436 691 3493 744 δὲ
3522 709 3540 742 ι
3573 692 3699 746 Γεν-

2119 784 2187 853 νᾷ
2218 801 2306 852 με,
2349 802 2366 835 ι
2403 784 2463 836 τὸ
2494 785 2638 836 κατὰ
2660 783 2970 855 πρόγνωσιν
2994 784 3089 837 τοῦ
3110 782 3246 837 Θεοῦ
3276 783 3450 851 αὐτῆς
3473 782 3573 852 τῆς
3596 783 3697 852 φύι

2124 888 2280 935 σεως,
2314 872 2373 925 τὸ
2397 873 2455 938 ἐξ
2484 873 2653 943 αὐτῆς
2672 873 2732 939 ἐξ
2759 873 2986 926 εἰκόνων
3015 874 3092 937 ὼς
3114 872 3310 943 τροχὸν
3333 874 3699 944 εἰλιττόμενον

2121 964 2208 1016 ἐπ’
2236 964 2398 1017 αὑτὸν
2425 963 2515 1016 τὸν
2547 965 2849 1035 καμπτῆρα
2873 963 3096 1017 ὲπανιὸν
3126 962 3234 1017 ἀπὸ
3268 963 3369 1034 τῆς
3398 963 3575 1033 ἀρχῆς
3605 964 3697 1017 τοῦ

2124 1057 2531 1125 πρωτοκτίστου
2571 1054 2860 1128 ἀνθρώπου
2902 1056 2997 1109 τοῦ
3032 1056 3155 1109 κατ’
3185 1056 3372 1109 εἰκόνα
3404 1054 3541 1108 Θεοῦ
3586 1071 3703 1108 κτι-

2125 1146 2365 1211 σθέντος,
2396 1149 2453 1199 ὲν
2475 1140 2519 1216 ᾧ
2544 1148 2642 1217 τὴν
2665 1148 2983 1219 λογιστικὴν
3009 1148 3201 1217 σοφίαν
3223 1146 3319 1218 τὴν
3344 1147 3570 1218 κτιστὴν
3616 1148 3702 1200 ὲν·-

2124 1238 2339 1309 ἐθηκεν,
2368 1242 2423 1292 ὲν
2439 1233 2482 1309 ᾧ
2511 1241 2610 1310 τὴν
2640 1240 2910 1311 εἰλικρινῆ
2935 1240 3098 1297 αὐτοῦ
3122 1240 3343 1313 ἀγάπην
3364 1239 3702 1294 ὲνετύπωσεν

2123 1332 2152 1383 6
2181 1332 2335 1394 Θεός.
2370 1334 2548 1405 Ὅπερ
2576 1333 2678 1403 τὴν
2704 1333 2988 1387 ἀνάκτισιν
3023 1335 3081 1387 ὲν
3125 1333 3305 1405 ἐαυτῷ
3336 1333 3654 1404 ποιούμενος
3673 1334 3702 1385 6

2126 1422 2315 1494 Σωτὴρ
2346 1423 2499 1491 έλεγε
2530 1425 2665 1495 πρὸς
2690 1424 2782 1477 τὸν
2819 1426 3039 1496 Πατέρα
3068 1425 3458 1496 οἰκονομικῶς·
3516 1443 3534 1476 t
3576 1423 3699 1477 Ὅτι

2127 1514 2422 1583 ἠγάπησάς
2468 1532 2557 1583 με,
2610 1516 2763 1587 φησὶ,
2800 1516 2908 1586 πρὸ
2948 1515 3254 1586 καταϐολῆς
3302 1516 3532 1584 κόσμου.
3569 1532 3587 1564 ι
3630 1513 3704 1566 Τὺ

2124 1606 2200 1668 δὲ,
2238 1627 2255 1657 ι
2298 1608 2412 1677 Πρὸ
2447 1607 2539 1661 τοῦ
2569 1607 2760 1671 αἰῶνος
2782 1607 3111 1679 ὲθεμελίωσέ
3136 1624 3202 1678 με
3233 1607 3291 1659 ὲν
3316 1605 3483 1675 ἀρχῆ,
3521 1624 3540 1654 ι
3567 1604 3706 1656 isto-

447 1706 679 1761 persoua
735 1695 1089 1762 pronuntians
1112 1697 1188 1750 ait
1237 1716 1251 1752 :
1292 1697 1581 1754 «Dominus
1642 1700 1882 1754 condidit
1940 1716 2025 1755 me

2139 1697 2298 1767 οήσας
2350 1697 2379 1748 6
2420 1695 2700 1767 Σολομὼν,
2749 1698 2831 1750 ὅτι
2890 1699 2939 1750 oi
2987 1696 3180 1759 αἰῶνες
3228 1696 3278 1749 οἰ
3324 1695 3383 1748 ἐν
3428 1692 3567 1764 τῷδε
3613 1691 3707 1745 κό-

450 1783 663 1838 initium
690 1786 897 1840 viarum
925 1802 1144 1841 suarum
1180 1790 1233 1843 iu
1261 1804 1425 1857 opera
1470 1790 1611 1860 ejus,
1644 1801 1768 1845 ante
1805 1790 2021 1855 saecula,

2139 1763 2251 1858 τίἰιῳ
2290 1789 2354 1839 ὲκ
2381 1788 2481 1857 τῆς
2502 1763 2750 1860 πέριόδου
2781 1788 2881 1858 τῆς
2910 1787 3125 1859 ἡμέρας
3143 1786 3239 1841 καὶ
3268 1784 3377 1856 τῆς
3391 1763 3583 1847 νυκτὸς
3609 1783 3707 1853 τὴν

450 1874 504 1927 in
536 1875 800 1945 principio
851 1876 1090 1933 fundavit
1124 1896 1261 1933 me.»
1298 1878 1531 1935 Rursum
1576 1884 1823 1950 cogitans
1854 1884 1904 1936 iu
1946 1896 2029 1937 se-

454 1965 704 2035 metipso,
730 1968 871 2037 quod
901 1968 1011 2023 Deo
1047 1970 1206 2037 hujus
1234 1971 1416 2025 mundi
1451 1980 1671 2026 naturas
1704 1982 1828 2027 ante
1858 1972 2032 2027 homi-

455 2072 574 2112 nem
600 2057 828 2128 ejusque
857 2060 1175 2129 Sapientiam
1224 2061 1275 2115 in
1302 2077 1423 2117 esse
1468 2062 1819 2133 perducente,
1866 2079 2032 2133 opor-

457 2158 593 2205 teret
641 2151 1003 2220 praesentibus
1052 2152 1185 2222 ipsis
1236 2153 1465 2217 naturis,
1520 2168 1639 2223 quae
1691 2155 1870 2223 priora
1905 2164 2032 2209 sunt

455 2243 665 2297 adesse.
722 2243 920 2300 Videns
948 2253 1128 2300 autem
1182 2247 1373 2302 ordine
1422 2257 1646 2303 naturas
1682 2248 2030 2316 prodeuntes,

454 2342 509 2387 et
538 2334 678 2401 quod
715 2333 877 2389 homo
910 2336 1135 2406 eiusque
1163 2339 1429 2403 sapientia
1479 2340 1756 2410 proposita
1792 2339 2027 2405 fuerUnt,

459 2432 519 2478 ut
550 2424 751 2492 reliqua
781 2440 945 2494 opera
996 2429 1398 2496 praecederent:
1454 2431 1735 2486 rationalis
1773 2446 1903 2501 ergo
1954 2442 2035 2484 at-

454 2527 562 2584 que
594 2513 883 2581 iudicatrix
925 2520 1189 2587 sapientia
1220 2520 1425 2576 homini
1462 2537 1739 2587 concessa,
1775 2533 1826 2576 et
1879 2522 2036 2577 Salo-

461 2607 628 2674 utoni,
676 2618 739 2663 ιιι
799 2624 1027 2677 magnus
1078 2610 1291 2683 Moyses
1326 2614 1423 2678 ait,
1452 2613 1651 2678 infusa,
1704 2614 1941 2684 loquitur
1980 2615 2033 2667 in

460 2698 782 2755 Salomone:
820 2720 838 2753 t
878 2702 1137 2759 Dominus
1166 2706 1407 2760 condidit
1455 2721 1540 2761 me
1581 2707 1791 2760 initiqu
1828 2708 2033 2761 viarum

461 2806 680 2847 suarum
713 2793 766 2847 in
786 2809 948 2862 opera
978 2796 1130 2863 ejus;
1164 2817 1184 2850 ι
1205 2807 1259 2853 et
1282 2814 1400 2867 qua:
1427 2809 1749 2869 sequuntur.
1784 2800 1858 2853 Ex
1885 2800 2037 2867 cujus

461 2898 709 2951 persona,
742 2900 859 2954 quae
877 2902 998 2941 cum
1025 2889 1242 2944 homine
1277 2890 1427 2960 prior
1458 2893 1814 2957 eratmuudo,
1870 2907 2037 2946 cuar-

463 2990 589 3031 :‘aus
621 2992 782 3048 Opera
822 2978 913 3034 Dei
980 2991 1201 3036 naturas
1245 2983 1295 3036 in
1356 2984 1611 3038 mundum
1667 2983 2034 3053 producentis,

378 3084 381 3089 λ
466 3068 638 3160 inquit
670 3070 784 3139 ipse
823 3088 836 3125 :
879 3072 1169 3128 «Dominus
1219 3074 1350 3129 fecit
1380 3076 1627 3146 regiones
1655 3086 1711 3131 et
1766 3075 2036 3131 inbabita-
2065 3103 2107 3160 ο

466 3157 613 3222 bilis,
644 3170 699 3213 et
717 3176 927 3217 summa
954 3179 1075 3233 qua:
1110 3165 1427 3220 habitantur
1453 3168 1571 3236 ejus
1595 3182 1713 3237 quae
1746 3168 1848 3224 sub
1876 3167 2037 3223 ctelo.

466 3250 692 3316 Quando
723 3253 1065 3322 praeparabat
1094 3254 1312 3321 malum,
1353 3256 1512 3311 simul
1544 3259 1761 3312 aderam
1809 3258 1930 3328 ipsi,
1989 3266 2042 3312 et

465 3343 680 3408 quando
702 3344 1022 3398 secernebat
1046 3358 1196 3399 suam
1232 3347 1414 3401 sedem
1440 3357 1839 3417 superventos;
1873 3348 2043 3419 quan-

467 3431 537 3488 do
572 3432 772 3488 aethera
799 3433 1046 3489 firmabat
1071 3451 1309 3501 sursum,
1340 3446 1393 3491 et
1419 3437 1651 3494 librabat
1683 3439 1859 3496 fontes
1883 3454 2047 3510 aqua-

471 3539 587 3579 rum
639 3543 654 3580 :
690 3527 908 3597 quando
934 3528 1309 3584 circumdabat
1358 3530 1493 3585 mari
1528 3531 1821 3586 terminum
1861 3548 2041 3597 suum,

466 3627 521 3673 et
544 3618 716 3689 legem
747 3622 983 3690 ponebat
1008 3625 1165 3691 aquis
1211 3638 1282 3679 ne
1328 3624 1626 3680 transirent
1689 3625 1825 3679 ﬂues
1877 3639 2041 3679 suos:

466 3711 682 3781 quando
710 3713 1046 3781 appendebat
1073 3713 1417 3770 fundamenta
1446 3725 1623 3779 terrae,
1651 3731 1774 3771 cum
1800 3730 1866 3772 eo
1894 3732 2042 3772 eram

467 3812 660 3858 cuncta
680 3818 1033 3873 componens,
1058 3806 1142 3859 cui
1174 3804 1626 3875 adgaudebat".t
1661 3806 1785 3861 liae
1812 3821 1879 3861 ex
1921 3822 2043 3876 per-

468 3906 602 3948 sana
632 3892 937 3962 sapientiae.
985 3893 1118 3960 Quae
1157 3895 1299 3949 haud
1340 3894 1501 3949 dubie
1533 3897 1844 3961 ostendunt,
1899 3896 2048 3966 quod

470 3987 522 4037 in
546 3982 727 4038 divina
763 3984 1063 4039 intentione
1087 3994 1217 4039 ante
1263 3986 1523 4039 mundum
1555 3986 1787 4047 exstitit,
1819 3995 2045 4054 pr0pter

468 4090 629 4144 quam
660 4074 895 4128 mundus
923 4082 1234 4127 exstructus
1255 4082 1376 4127 est:
1431 4082 1649 4127 constat
1697 4075 1859 4127 etiam
1920 4085 2046 4128 ante

470 4164 654 4217 mundi
686 4173 907 4217 naturas
931 4164 1225 4218 exstitisse.
1254 4162 1433 4218 Testis
1456 4177 1583 4232 ergo
1611 4162 1787 4219 factus
1814 4165 1912 4218 via:
1947 4180 2044 4217 na-

475 4265 741 4319 turarum,
770 4254 859 4323 qui
886 4254 1033 4323 prior
1078 4254 1183 4308 illis
1211 4252 1311 4308 fuit
1337 4270 1523 4309 earum
1566 4256 1809 4309 ordinem
1859 4260 2047 4311 nume;

475 4352 559 4398 rat.
610 4358 709 4412 per
760 4342 1087 4413 sapientiam
1149 4358 1310 4413 quam
1352 4344 1562 4398 invenit
1601 4344 1886 4413 prudentia
1921 4360 2041 4409 sua,

2130 1880 2387 1934 σύστασιν
2411 1880 2615 1951 ἔχουσι.
2650 1880 2724 1932 Τὸ
2751 1879 2807 1933 δὲ
2849 1879 3200 1952 προῦπάρξαι
3231 1877 3330 1947 τῆς
3366 1876 3578 1947 ἡμέρας
3615 1874 3708 1927 καὶ

2129 1973 2227 2043 τῆς
2274 1972 2488 2036 νυκτὸς,
2540 1971 2891 2043 προῦπάρξαι
2936 1972 3053 2026 ἐστὶ
3102 1971 3197 2025 τοῦ
3250 1969 3448 2032 αἰῶνος
3482 1969 3705 2022 τούτου·

2130 2062 2355 2126 ταύταις
2391 2066 2510 2124 ταῖς
2544 2062 2808 2133 ἱστορίαις
2849 2062 3133 2135 θεωρήσας
3167 2063 3196 2115 6
3238 2059 3511 2132 Σολομὼν,
3539 2060 3711 2131 ἥρμο-

2134 2172 2225 2208 σεν
2249 2155 2606 2227 εὐαρμόστως
2627 2154 2705 2226 τῷ
2724 2172 2784 2208 τε
2807 2155 3080 2226 ἀνθρώπῳ
3103 2154 3197 2207 καὶ
3224 2155 3291 2223 τῇ
3320 2152 3499 2225 σοφίᾳ.
3528 2152 3619 2205 Διδ
3647 2151 3713 2205 ὲκ

2133 2246 2424 2317 προσώπου
2476 2246 2647 2316 αὐτῆς
2701 2245 3024 2315 ὲκφωνήσας
3072 2242 3219 2312 λέγει
3272 2240 3371 2295 τό·
3431 2259 3450 2293 ι
3509 2237 3712 2309 Κύριος

2135 2335 2315 2390 ἔκτισέ
2352 2354 2419 2407 με
2445 2337 2621 2407 ἀρχὴν
2641 2335 2776 2389 ὁδῶν
2802 2335 2963 2390 αὐτοῦ
2992 2336 3071 2399 εἰς
3102 2334 3238 2406 ἔργα
3261 2330 3451 2397 αὑτοῦ,
3491 2330 3598 2401 πρὸ
3618 2328 3716 2383 τοῦ

2135 2427 2328 2490 αἰῶνος
2370 2426 2700 2498 ἐθεμελίωσέ
2754 2444 2822 2494 με
2878 2428 2936 2478 έν
2991 2426 3157 2497 ἀρχῇ.
3196 2444 3214 2475 ι
3253 2422 3716 2491 Συλλογισάμενος

2134 2520 2192 2571 ὲν
2222 2518 2401 2590 ἑαυτῴ
2437 2518 2619 2580 πάλιν,
2661 2519 2744 2572 ὅτι
2784 2517 3070 2589 μέλλοντος
3108 2514 3203 2568 τοῦ
3250 2512 3384 2568 Θεοῦ
3445 2513 3716 2583 παράγειν

2134 2609 2338 2673 ταύτας
2362 2609 2460 2672 τὰς
2505 2608 2696 2679 φύσεις
2734 2608 2833 2671 τὰς
2873 2606 3221 2677 ὲγκοσμίους,
3275 2602 3719 2675 προγενεστέρας

2135 2702 2229 2755 τοῦ
2278 2719 2338 2755 τε
2367 2699 2656 2771 ἀνθρώπου
2702 2701 2799 2754 καί⁸
2846 2699 2949 2769 τῆς
2978 2699 3191 2767 σοφίας,
3222 2699 3302 2761 εἰς
3334 2696 3396 2750 τὸ
3433 2690 3595 2760 εἰναι,
3624 2694 3719 2747 καὶ

2137 2796 2218 2847 ὅτι
2252 2793 2335 2846 δεῖ
2355 2792 2480 2855 τοὺς
2509 2790 2976 2861 προγενεστέρους
3028 2791 3291 2860 παρεῖναι
3339 2785 3719 2856 παραγενομέ·

2138 2903 2245 2939 νων
2280 2902 2341 2936 τε
2368 2883 2478 2936 τῶν
2509 2883 2723 2952 φύσεων
2767 2883 3000 2953 ἱστορεῖν
3033 2881 3178 2934 κατὰ
3203 2879 3356 2945 τάξιν
3384 2877 3485 2941 τάς
3527 2876 3720 2946 φύσεις

2140 2973 2606 3044 παραγινομένας,
2649 2973 2742 3026 καὶ
2789 2972 2871 3025 ὅτι
2924 2974 2953 3025 6
3010 2971 3298 3041 ἄνθρωπος
3348 2968 3443 3023 καὶ
3488 2969 3523 3037 ὴ
3558 2965 3721 3034 σοφία

2141 3065 2393 3137 ἡγεῖσθαι
2426 3064 2533 3117 τῶν
2566 3063 2744 3135 ἔργων
2774 3062 3042 3133 ἐτέθησαν
3062 3078 3077 3093 ο
3126 3063 3161 3133 ἡ
3212 3057 3307 3115 οὖν
3336 3059 3415 3132 τῷ
3448 3056 3724 3129 ἀνθρώπῳ

2143 3157 2357 3211 δοθεῖσα
2385 3156 2490 3209 ὑπὸ
2532 3155 2628 3208 τοῦ
2665 3153 2799 3207 Θεοῦ
2830 3153 3119 3224 λογιστικὴ
3159 3153 3251 3206 καὶ
3279 3150 3501 3223 κριτικὴ
3538 3149 3723 3218 σοφία,

2144 3250 2177 3320 ἡ
2213 3248 2604 3320 διαδοχεύσασα
2635 3247 2725 3299 ἐπὶ
2757 3245 3105 3316 Σολομῶντα,
3129 3243 3272 3298 καθά
3302 3259 3466 3315 φησιν
3495 3244 3523 3295 6
3548 3241 3724 3312 μέγας

2143 3344 2366 3414 Μωσῆς,
2398 3342 2548 3412 λέγει
2596 3342 2654 3393 ὲν
2712 3337 3053 3409 Σολομῶντι·
3102 3357 3120 3390 t
3173 3335 3375 3408 Κύριος
3420 3334 3602 3388 έκτισέ
3657 3349 3724 3403 με

2144 3434 2317 3505 ἀρχὴν
2361 3432 2496 3487 ὁδῶν
2550 3431 2712 3485 αὐτοῦ
2762 3430 2844 3493 εἰς
2876 3428 3013 3499 ἔργα
3053 3425 3253 3482 αὑτοῦ·
3296 3445 3314 3478 ι
3350 3426 3447 3479 καί⁵
3473 3424 3543 3477 τά
3572 3422 3722 3492 ἑξῆς.

2142 3525 2252 3593 Ἧς
2300 3529 2364 3580 ὲκ
2420 3521 2713 3595 προσώπου
2744 3521 2844 3591 τῆς
2887 3519 3327 3591 προγενεστέρας
3380 3518 3476 3570 σὺν
3516 3515 3593 3587 τῷ
3632 3515 3726 3568 ἀνο

2146 3621 2351 3694 θρώπῳ
2389 3617 2481 3671 τοῦ
2535 3614 2766 3685 κόσμου,
2796 3612 3150 3684 διηγούμενος
3180 3610 3276 3675 τὰς
3306 3608 3589 3679 ἐνεργείας
3627 3606 3723 3660 τοῦ

2146 3712 2301 3776 Θεοῦ,
2332 3711 2431 3774 τὰς
2460 3712 2517 3763 ἐν
2547 3706 2623 3778 τῷ
2651 3705 2844 3776 κόσμῳ
2874 3703 3214 3775 παράγοντος
3243 3702 3341 3766 τὰς
3377 3700 3587 3770 φύσεις,
3619 3716 3725 3770 φη-

2149 3806 2232 3858 civ
2263 3803 2455 3865 αὐτός’
2496 3821 2515 3853 ι
2551 3799 2753 3869 Κύριος
2782 3796 3005 3865 ἐποίησε
3048 3793 3229 3866 χώρας
3272 3793 3367 3847 καὶ
3412 3792 3726 3862 ἀοικήτους,

2140 3875 2243 3947 «καὶ
2288 3891 2435 3963 ἄκρα
2486 3889 2778 3961 οἰκούμενα
2815 3888 2913 3958 τῆς
2944 3887 3035 3940 ὑπ’
3064 3885 3312 3956 ούρανόν.
3361 3883 3553 3937 Ἦνίκα
3583 3883 3729 3953 ήτοί-

2152 3982 2288 4053 μαξε
2306 3983 2397 4034 τὸν
2414 3981 2662 4052 οὐρανὸν,
2678 3975 3334 4055 συμπαρήμηναύτῷρτε
3367 3974 3609 4045 ἀφώριζε
3636 3975 3730 4029 τὸν

2148 4072 2338 4125 ἑαυτοῦ
2371 4071 2557 4143 θρόνον
2572 4073 2656 4125 ἐπ’
2678 4073 2912 4143 ἀνέμων·
2946 4070 3109 4142 ἡνίκα
3141 4068 3335 4141 ἰσχυρά
3351 4067 3601 4121 ὲποίειτά
3617 4067 3732 4121 ἄνω

2148 4162 2416 4232 νέφη,καὶ
2443 4162 2516 4225 ώς
2534 4163 2794 4231 ἀσφαλεῖς
2810 4162 2975 4215 ἐτίθει
3017 4161 3200 4231 πηγάς
3226 4157 3326 4229 τῆς
3345 4158 3437 4210 ὑπ’
3466 4156 3725 4228 οὐρανόν

2149 4254 2208 4305 ὲν
2220 4253 2296 4323 τῷ
2308 4252 2514 4307 τιθέναι
2527 4256 2591 4325 τῇ
2606 4254 2849 4325 θαλάσσῃ
2868 4250 3212 4323 ἀκριόασμὸν
3231 4247 3415 4312 αὐτοῦ,
3437 4248 3531 4301 καὶ
3562 4246 3730 4300 ὕδατα

2150 4347 2212 4399 ού
2242 4344 2666 4416 παρελεύσονται
2702 4345 2861 4415 λόγον
2899 4346 3162 4415 στόματος
3186 4340 3379 4396 αὐτοῦ’
3400 4341 3494 4395 καὶ
3536 4336 3731 4410 ἰσχυρά

472 4448 749 4505 quamque
771 4434 976 4489 homini
1023 4435 1428 4505 praeparavit".
1504 4435 1639 4501 Quis
1689 4435 1854 4504 igitur
1908 4436 2036 4491 hanc

2154 4438 2325 4492 ἐποίει
2337 4438 2404 4490 τὰ
2420 4436 2648 4507 θεμέλια
2667 4437 2769 4506 τῆς
2782 4436 2907 4507 γῆς,
2920 4436 3066 4507 ήμην
3080 4433 3211 4506 παρ’
3224 4431 3373 4502 αύτῷ
3392 4430 3731 4503 ἁρμόζουσα,

471 4525 796 4596 sapientiam
850 4527 1174 4596 preparavit
1231 4536 1286 4581 et
1316 4528 1462 4582 dedit
1490 4528 1729 4597 homini,
1767 4543 1886 4597 quae
1933 4529 2049 4597 ejus

468 4630 633 4685 opera
667 4619 984 4674 enarravit?
1031 4618 1152 4673 Non
1170 4619 1313 4675 alius
1327 4621 1571 4686 omnino,
1600 4636 1760 4689 quam
1791 4623 1882 4691 qui
1913 4638 2050 4691 pra:-

474 4710 686 4781 paravit.
716 4718 923 4766 terram
955 4708 1010 4765 iu
1035 4720 1305 4764 aeternum
1330 4719 1566 4780 tempus,
1605 4721 1659 4768 et
1682 4713 1771 4782 qui
1808 4714 2051 4782 implevit

471 4819 594 4859 eam
618 4801 883 4873 jumentis
908 4801 1369 4871 quadrupedibus,
1418 4803 1508 4872 qui
1565 4805 1730 4858 mittit
1778 4804 1954 4859 lumen
1994 4814 2050 4860 et

476 4892 643 4946 vadit:
666 4892 881 4946 vocavit
906 4891 1054 4957 illud,
1079 4900 1134 4946 et
1179 4893 1423 4948 obedivit
1453 4894 1526 4948 illi
1560 4894 1755 4950 timore
1812 4914 1824 4950 :
1864 4898 1954 4966 qui
1994 4898 2045 4950 in

476 4993 621 5038 terra
643 4982 793 5037 visus
821 4990 928 5047 est,
955 4991 1009 5036 et
1039 4981 1183 5039 inter
1226 4984 1475 5039 homines
1521 4997 1879 5042 conversatus
1932 4998 2047 5055 est;

384 5128 385 5131 η
480 5074 568 5129 hic
600 5073 922 5140 sapientiam
979 5075 1337 5131 luereditavit.
1409 5074 1525 5131 Non
1575 5088 1656 5134 est
1698 5080 1879 5148 itaque
1927 5078 2051 5133 Filii

476 5164 581 5221 Dei
613 5163 813 5219 illudu.
840 5165 1097 5221 Dominus
1148 5168 1390 5223 condidit
1440 5184 1591 5224 mea
1620 5171 1712 5224 sed
1774 5170 2055 5225 rationalis

478 5256 758 5326 sapientiae
785 5272 946 5325 quam
986 5258 1111 5328 ipse
1135 5259 1393 5315 Dominus
1424 5261 1628 5315 homini
1661 5263 1807 5316 dedit
1832 5277 1894 5315 ac
1917 5277 2056 5328 prae-

479 5347 707 5416 paravit.
763 5356 985 5416 propter
1030 5363 1190 5416 quem
1222 5349 1457 5404 mundus
1503 5348 1677 5403 factus
1714 5360 1817 5405 est.
1848 5351 2051 5404 Claris-

480 5438 619 5494 sime
672 5439 719 5493 si
739 5438 957 5507 quidem
982 5455 1077 5510 per
1098 5443 1282 5497 omnia
1306 5442 1731 5497 demonstratum
1758 5443 1914 5498 estin
1938 5456 2054 5512 per-

484 5544 616 5584 sona
651 5529 935 5585 rationalis
982 5534 1260 5601 sapientiae
1310 5534 1511 5588 dictum
1563 5548 1704 5588 esse.
1746 5533 2049 5588 Continuat

2151 4531 2262 4600 ὲγὼ
2276 4532 2425 4602 ἥμην
2441 4523 2838 4603 ᾖπροσέχαιρε.
2860 4547 2879 4579 ι
2915 4526 3098 4580 Ταῦτα
3116 4528 3180 4578 ὲκ
3198 4524 3488 4597 προσώπου
3507 4523 3605 4593 τῆς
3640 4538 3731 4574 σο-

2151 4623 2299 4692 φίας.
2336 4622 2445 4675 Καὶ
2467 4621 2737 4674 δείκνυσιν
2766 4617 3046 4688 ἀσφαλῶς,
3079 4617 3159 4670 ὅτι
3188 4618 3216 4669 6
3246 4614 3599 4686 προῦπάρξας
3626 4612 3721 4666 τοῦ

2150 4714 2353 4783 κόσμου
2371 4714 2427 4765 ὲν
2447 4715 2521 4783 τῇ·
2539 4712 2631 4765 τοῦ
2643 4711 2778 4764 Θεοῦ
2798 4709 3091 4781 ένθυμήσει
3112 4722 3127 4737 ⁸
3144 4708 3224 4761 διὸ
3254 4707 3345 4761 καὶ
3363 4709 3391 4760 6
3406 4707 3607 4777 κόσμος
3635 4705 3726 4758 εὐ·-

2151 4803 2441 4874 τρεπίσθη,
2466 4803 2709 4872 δηλονότι
2737 4802 2830 4856 καὶ
2845 4801 2953 4856 τῶν
2981 4801 3075 4855 τοῦ
3094 4801 3297 4871 κόσμου
3328 4800 3540 4869 φύσεων
3567 4800 3736 4869 προῦ-

2160 4894 2393 4965 πῆρξεν·
2418 4894 2587 4964 ἴστωρ
2605 4889 2697 4946 οὖν
2710 4892 2999 4963 γενόμενος
3010 4892 3107 4963 τῆς
3123 4890 3357 4962 παρόδου
3372 4889 3480 4942 τῶν
3497 4888 3734 4959 φύσεων,

2161 4984 2462 5057 ύπαριθμεί
2487 4982 2585 5054 τὴν
2615 4983 2767 5051 τάξιν
2789 4982 2987 5046 αὐτῶν,
3022 4984 3050 5035 6
3084 4982 3506 5051 προγενέστερος
3536 4979 3736 5043 αὐτῶν,

2162 5081 2195 5148 ἡ
2220 5077 2400 5145 σοφία,
2420 5078 2485 5147 ἣν
2502 5075 2688 5146 ἐξεῦρε
2708 5077 2774 5147 τῇ
2811 5074 3018 5129 συνέσει
3040 5073 3226 5138 αὑτοῦ,
3255 5074 3321 5145 ἣν
3350 5071 3636 5142 εὐτρέπισε
3660 5069 3738 5142 τῷ

2163 5167 2456 5238 ἀνθρώπῳ.
2501 5168 2595 5224 Τίς
2639 5162 2733 5221 οὖν
2761 5168 2789 5218 6
2819 5167 3021 5236 ταύτην
3052 5165 3153 5237 τὴν
3200 5164 3393 5233 σοφίαν
3435 5177 3737 5234 προευτρε-

2167 5260 2330 5322 πίσας
2360 5259 2451 5311 καὶ
2478 5257 2726 5321 δεδωκὼς
2758 5257 2837 5327 τῷ
2865 5257 3161 5327 ἀνθρώπῳ,
3202 5256 3236 5326 ἦ
3290 5255 3613 5326 ὑφηγήσατο
3640 5255 3740 5306 αύ-

2160 5351 2254 5405 τοῦ
2283 5352 2384 5415 τὰς
2425 5350 2739 5421 ἐνεργείαςς
2773 5351 2898 5403 Ὅτι
2942 5351 3042 5403 οὐκ
3072 5349 3251 5413 ἄλλος.
3288 5348 3403 5402 ἀλλ’
3436 5347 3467 5417 ἢ
3519 5346 3737 5409 πάντως

2158 5443 2188 5494 6
2216 5435 2633 5503 κατασκευάσας
2670 5441 2769 5509 τὴν
2801 5439 2905 5509 γῆν
2936 5440 3017 5502 εἰς
3047 5439 3138 5492 τὸν
3168 5438 3338 5492 αἰῶνα
3366 5436 3625 5507 χρόνον,ό
3644 5433 3741 5487 καὶ

2160 5533 2447 5605 ἐμπλήσας
2487 5532 2655 5602 αὐτὴν
2694 5531 2910 5602 κτηνῶν
2939 5531 3313 5602 τετραπόδων,
3340 5531 3367 5582 6
3396 5526 3631 5588 καλέσας
3676 5526 3737 5580 τὺ

556 5690 603 5739 ⁶⁷’
627 5705 780 5765 Joau.
826 5725 957 5769 xvtt.
993 5711 1081 5764 Ἡ.
1160 5712 1204 5743 ⁸⁸
1235 5710 1391 5770 Prov.
1418 5728 1536 5773 vui.
1570 5712 1661 5795 22.
1738 5714 1781 5745 υ
1819 5714 1945 5767 ibid.
1979 5712 2036 5767 22

2139 5715 2167 5767 ι.
2237 5712 2284 5744 τ⁶
2318 5710 2526 5766 Baruch
2556 5727 2637 5771 tu.
2671 5710 2761 5765 52.
