4148 6544
351 348 487 414 Ῑῗῖ3
1229 355 1599 416 HISTORIA
1641 356 1784 415 (ΣοΝ
1790 355 1910 415 CIL

2016 353 2318 415 ΝΙΟίΕΝΙ.
2358 382 2428 391 —-
2467 356 2611 416 LIB.
2656 356 2737 418 II.
3407 386 3411 391 ο
3478 342 3615 409 1274

345 464 480 535 φῶς,
515 463 608 517 καὶ
638 464 949 536 ὑπήκουσεν
980 464 1128 535 αὐτῷ
1158 467 1346 537 τρόμῳ
1373 483 1385 497 ο
1418 469 1446 521 6
1475 467 1567 520 ἐπὶ
1589 469 1690 538 γῆς
1723 466 1908 536 ὀφθεὶς

2035 478 2214 520 autem
2269 470 2521 538 praedicta
2578 468 2834 521 Dominus
2876 466 2927 519 in
2998 463 3305 532 Evangelio,
3382 461 3607 518 «licens:

345 556 436 611 καὶ
485 557 887 627 συναστραφεὶς
945 556 1273 628 ἀνθρώποις.
1334 558 1523 629 Τούτῳ
1580 560 1915 632 κεκλήρωται

2041 560 2367 614 cSabhatnm
2400 569 2619 630 propter
2647 560 2920 614 hominem
2955 560 3155 612 factum
3180 563 3285 618 est.
3322 568 3426 609 non
3448 554 3612 608 homo

341 648 438 719 τῆς
483 649 692 717 σοφίας.
720 649 855 718 Οὖχὶ
902 648 995 701 τοῦ
1049 649 1179 703 Υίοῦ
1222 651 1316 702 τοῦ
1370 651 1503 715 Θεοῦ
1557 652 1636 716 τὸ,
1678 673 1694 703 ι
1726 651 1915 721 Κύριος

2037 662 2257 720 propter
2290 651 2649 707 Sabhatuut"
2671 669 2719 718 ;›
2750 651 3008 704 attrihuta
3038 648 3237 703 mundo
3259 660 3489 715 persona
3513 659 3609 700 seu

342 742 523 795 ἔκτισέ
558 760 645 812 με,
676 762 693 793 ι
716 742 830 795 ἀλλ’
855 742 887 814 ἢ
917 743 1013 814 τῆς
1032 743 1256 812 λογικῆς
1292 745 1503 813 σοφίας,
1524 746 1619 814 τῆς
1650 745 1741 797 ὑπ’
1761 744 1915 797 αὑτοῦ

2037 745 2203 814 figura
2247 742 2491 807 Salihati,
2530 759 2625 811 pro
2656 759 2760 809 eo;
2796 744 3026 797 mundus
3060 751 3281 811 promer
3312 739 3607 810 .hominem

342 853 403 888 το
418 840 434 883 3
467 838 674 907 Κυρίου
707 836 1165 909 εὐτρεπισθείσης
1196 841 1290 891 καὶ
1327 837 1575 908 δοθείσης
1605 838 1683 909 τῷ
1714 836 1915 907 ἀνθρώ-

2034 837 2208 891 factus
2237 847 2341 901 est,
2377 853 2481 889 non
2523 836 2686 889 homo
2708 845 2928 905 propter
2956 835 3235 887 mundum.

344 947 452 1001 πῳ,
484 931 549 984 δι’
592 931 651 983 ὃν
697 933 724 984 6
770 930 976 1001 κόσμος
1007 930 1247 998 ἐγένετο.
1298 932 1623 1000 Σαφέστατο.
1656 930 1745 984 διὰ
1775 931 1991 984 πάντων
2030 930 2319 993 δέδεικται,
2351 931 2435 984 ὄτι
2466 932 2545 993 εἰς
2575 930 2634 982 τὸ
2668 928 2955 999 πρόσωπον
2986 926 3219 997 εἴρηται,
3261 924 3360 993 τῆς
3386 920 3611 991 λογικῆς

345 1026 557 1095 σοφίας.
590 1022 806 1076 Βεόαιοί
832 1023 887 1077 δὲ
934 1024 1001 1077 τά
1035 1024 1414 1095 προειρημένα
1443 1024 1470 1075 6
1503 1023 1707 1096 Κύριος
1773 1026 1830 1078 ἐν
1878 1023 1956 1096 τῷ
1994 1025 2312 1096 Εὐαγγελίῳ
2338 1025 2515 1093 λέγων
2536 1042 2548 1055 ·
2587 1044 2603 1075 ι
2638 1024 2712 1076 T6
2774 1021 3052 1075 Σάϐϐατον
3080 1019 3167 1073 διὰ
3200 1018 3291 1072 τὸν
3322 1017 3610 1086 ἄνθρωπον

344 1115 581 1182 ἐγένετο,
611 1115 707 1184 οὐχ
744 1116 772 1166 6
805 1112 1088 1183 ἅνθρωπος
1117 1114 1207 1167 διά
1239 1114 1296 1167 τὸ
1343 1114 1619 1169 Σάδδατον
1646 1132 1661 1147 θ
1737 1118 2238 1185 προςωποποιήσας
2286 1116 2374 1168 τὸν
2447 1115 2651 1184 κόσμον
2710 1115 2788 1172 εἰς
2855 1113 3151 1183 πρῶοωπον
3179 1110 3270 1164 τοῦ
3305 1108 3586 1162 Σαδόάτου

344 1204 466 1258 ἀντὶ
494 1202 616 1257 τοῦ·
646 1204 673 1256 6
700 1202 902 1283 κόσμος
932 1202 1020 1255 διὰ
1051 1203 1143 1255 τὸν
1173 1203 1483 1275 ἄνθρωπον,
1514 1204 1629 1256 ἀλλ’
1656 1204 1753 1274 οὐχ
1780 1207 1809 1257 6
1840 1203 2130 1274 ἄνθρωπος
2159 1205 2247 1259 διὰ
2286 1206 2377 1258 τὸν
2412 1206 2639 1275 κόσμον.

580 1321 777 1391 Ἑτέρα
802 1323 1163 1391 ἁγτίφρασις
1194 1322 1301 1377 τοῦ
1332 1324 1698 1392 φιλοσόφου.

424 1437 605 1499 Ἀλλὰ,
639 1435 826 1506 φησὶν,
853 1436 886 1505 ή
924 1435 1087 1505 σοφία
1118 1436 1150 1505 ή
1176 1437 1233 1489 ὲν
1259 1436 1588 1506 Σολομῶντι,
1612 1438 1640 1488 6
1673 1436 1797 1499 Υἱὸς
1829 1436 1925 1489 τοῦ

340 1527 474 1581 Θεοῦ
516 1530 653 1590 ἐστι,
695 1526 841 1581 τοῦτ’
890 1526 1037 1580 ἔστιν
1066 1528 1099 1597 ἡ
1126 1527 1287 1597 σοφία
1333 1527 1431 1581 τοῦ
1463 1527 1623 1593 Θεοῦ,
1664 1528 1693 1580 6
1721 1526 1924 1581 εἰπών’

348 1639 366 1670 ι
404 1618 606 1690 Κύριος
634 1618 815 1672 ἐκτισέ
851 1635 943 1689 με.
987 1639 1004 1671 ι
1040 1619 1231 1673 καὶτὰ
1266 1618 1413 1689 ἑξῆς.

353 1732 685 1798 Ἀπόκρισις
717 1727 1045 1801 τῶνάγσίων
1068 1728 1420 1783 ἐπισκόπων
1440 1729 1590 1799 πρὸς
1615 1732 1721 1785 τὸν
1747 1732 1919 1801 φιλό-

407 1816 605 1926 σοῖον
634 1800 731 1854 διὰ
761 1800 867 1855 τοῦ
895 1801 1233 1855 ἐπισκόπου
1276 1802 1574 1855 Εὑσεϐίου
1611 1802 1718 1857 τοῦ
1754 1800 1920 1872 Παμ-

411 1891 471 1926 ot
519 1890 611 1926 ου.

409 1890 611 1942 putat).

409 1988 565 2051 Εἰπὲ,
594 1981 641 2039 ὦ
672 1982 949 2054 φιλόσοφε,
978 1987 1009 2055 ή
1043 1984 1203 2054 σοφία
1241 1985 1274 2056 ή
1321 1988 1379 2039 ὲν
1406 1986 1712 2056 Σολομῶντι
1744 1986 1820 2050 ὡς
1856 1987 1920 2040 σὺ

340 2080 467 2151 φὴς,
495 2082 528 2151 ή
558 2078 654 2132 τοῦ
690 2077 825 2131 Θεοῦ
872 2078 988 2130 itm
1034 2076 1233 2146 σοφία;
1285 2076 1337 2130 '0
1379 2078 1753 2147 φιλόσοφος·
1790 2079 1919 2142 Ναὶ,

339 2175 527 2242 φησιν,
569 2170 743 2233 οὕτως
785 2169 918 2239 ἔχει.
965 2172 1018 2221 '0
1064 2169 1439 2235 ἐπίσκοπος*
1477 2169 1633 2232 Εἰπὲ,
1676 2172 1709 2239 ή
1761 2172 1923 2239 σοφία

335 2266 431 2319 τοῦ
452 2263 589 2319 Θεοῦ
620 2264 929 2335 πρόγνωσιν
957 2260 1095 2332 ἔχει,
1129 2260 1161 2329 ἢ
1190 2259 1251 2313 οὔ
1278 2277 1293 2327 ;
1330 2261 1385 2313 '0
1414 2262 1753 2330 φιλόσοφος
1776 2280 1790 2293 ο
1814 2263 1923 2316 Ναὶ

336 2358 469 2428 ἔχει.
515 2358 569 2409 '0
603 2357 938 2421 ἐπίσκοπος
962 2371 977 2385 ⁸
1024 2354 1088 2406 Ἥ
1126 2352 1289 2423 σοφία
1324 2352 1417 2407 τοῦ
1441 2352 1574 2407 Θεοῦ
1606 2358 1632 2407 6
1663 2354 1788 2417 Υἱὸς
1826 2355 1922 2407 τοῦ

335 2447 473 2501 Θεοῦ
500 2451 670 2509 ἐστιν,
707 2446 773 2515 ἢν
805 2446 911 2516 φὴς
962 2446 1021 2498 ὲν
1066 2443 1409 2515 Σολομῶντι;
1450 2444 1504 2496 '0
1546 2446 1918 2516 φιλόσοφος’

337 2542 465 2605 Ναὶ,
498 2541 687 2610 φησίν.
737 2538 792 2591 Ὁ
838 2538 1209 2601 ἐπίσκοπος·
1246 2537 1370 2599 Πῶς
1410 2537 1585 2608 κρίνει
1624 2540 1653 2592 6
1697 2539 1919 2608 κρίνων,

336 2636 481 2691 κατὰ
514 2635 845 2706 πρόγνωσιν,
884 2634 915 2704 ἦ
948 2632 1044 2699 ob;
1091 2633 1144 2685 '0
1177 2634 1537 2703 φιλόσοφος.
1572 2635 1700 2697 Ναὶ,
1734 2636 1915 2705 φησίν.

348 2728 507 2781 Ἀλλὰ
536 2727 681 2791 πῶς;
730 2727 783 2779 '0
836 2726 1213 2791 ἐπίσκοπος·
1265 2724 1323 2778 '0
1377 2720 1472 2779 οὖν
1517 2726 1741 2797 κρίνων,
1778 2728 1919 2780 κατὰ

335 2820 645 2889 πρόγνωσιν
691 2818 888 2887 κρίνει,
925 2816 1019 2870 καὶ
1062 2814 1203 2869 κατὰ
1246 2816 1314 2870 τά
1364 2816 1523 2888 ἔργα,
1560 2816 1636 2880 ὼς
1668 2817 1919 2889 προγνώ-

338 2929 509 2982 στης;
559 2910 613 2963 '0
660 2912 1032 2980 φιλόσοφος·
1070 2910 1176 2963 Ναὶ
1221 2908 1392 2963 εἷπον.
1442 2911 1505 2964 '0
1549 2911 1913 2979 ἐπίσκοπος·

336 3004 455 3068 Πῶς
480 2998 574 3057 οὖν
603 3004 637 3073 ή
666 3002 826 3071 σοφία
853 3005 885 3072 ή
920 3003 978 3055 ὲν
1001 3001 1310 3072 Σολομῶντι
1333 3002 1518 3071 λέγει·
1550 3023 1567 3053 ι
1600 3004 1739 3075 Τρία
1767 3006 1917 3058 ἐστὶν

333 3096 569 3151 ἀδύνατά
609 3113 698 3166 μοι
737 3098 948 3166 νοῆσαι,
1001 3096 1187 3149 καὶτὸ
1223 3096 1487 3164 τέταρτον
1514 3098 1613 3151 οὐκ
1658 3098 1916 3165 ἐπιγινώ-

2385 1325 2509 1379 Alia
2546 1324 2843 1392 philosophi
2872 1322 3243 1378 contradictio.

2101 1438 2171 1493 At
2200 1453 2328 1493 vero
2354 1437 2659 1493 Salomonis
2682 1438 2944 1506 sapientia
2979 1448 3232 1501 testatur,
3288 1435 3481 1493 Filium
3514 1439 3605 1497 Dei

2029 1544 2170 1595 esse,
2204 1530 2305 1584 hoc
2322 1542 2425 1593 est,
2457 1530 2549 1583 Dei
2577 1530 2924 1598 sapientiam,
2950 1546 3070 1599 quae
3099 1531 3265 1585 dixit:
3306 1531 3600 1590 «Dominus

2029 1621 2267 1676 condidit
2291 1636 2428 1687 me,»
2457 1632 2510 1676 et
2542 1638 2662 1691 qua:
2692 1631 3011 1692 sequuntur.

2026 1734 2312 1805 Responsio
2340 1746 2642 1810 sanctorum
2689 1736 3052 1810 episcoporum
3108 1738 3178 1789 ad
3236 1739 3602 1810 philosophum

2262 1823 2353 1875 per
2380 1807 2682 1876 episcopum
2718 1806 3001 1860 Eusebium
3027 1809 3320 1877 Pamphili.

2097 1986 2211 2050 Dic,
2241 1985 2579 2056 philosophe,
2612 1985 2876 2053 sapientia
2898 1999 3017 2054 quae
3043 1995 3161 2039 erat
3192 1985 3245 2040 iu
3278 1984 3596 2050 Salomone,

2026 2080 2214 2139 utais,
2274 2088 2462 2133 eratue
2511 2078 2773 2147 sapientia
2832 2078 2966 2133 Dei?
3034 2078 3403 2147 Philosophus.
3463 2079 3605 2135 Vere

2025 2174 2221 2241 inquit,
2252 2181 2369 2225 crat
2402 2172 2662 2239 proiecto.
2706 2170 3017 2239 Episcopus.
3060 2170 3173 2233 Dic,
3199 2172 3463 2238 sapientia
3509 2172 3601 2227 Dei

2026 2265 2418 2334 pnescientiam
2487 2263 2670 2324 hahet.
2742 2264 2959 2317 sitnon?
3018 2262 3386 2331 Philosophus.
3442 2264 3604 2319 Certe

2024 2358 2211 2413 habet.
2259 2356 2572 2424 Episcopus.
2636 2355 2908 2424 Sapientia
2975 2356 3091 2419 Dei,
3146 2372 3308 2424 quam
3354 2356 3492 2411 dicis
3546 2356 3599 2409 in

2024 2449 2315 2504 Salomone
2371 2447 2557 2514 fuisse,
2606 2457 2759 2500 estne
2810 2447 2977 2501 Filius
3042 2447 3174 2501 Dei?
3231 2447 3598 2515 Philosophus.

2021 2543 2204 2605 Certe,
2251 2541 2445 2608 inquit.
2507 2538 2820 2608 Episcopus.
2873 2538 3043 2594 Judes
3073 2540 3348 2608 quomodo
3369 2540 3595 2607 iudicat,

2016 2636 2169 2703 juxta
2204 2632 2622 2702 prmscientiani,
2682 2650 2747 2684 an
2781 2631 2924 2685 non?
2982 2629 3355 2692 l’hilosoiphus.
3416 2631 3596 2693 Certe.

2022 2729 2127 2783 ait:
2165 2725 2437 2796 quomodo
2471 2726 2613 2776 enim
2640 2725 2797 2779 aliter
2820 2725 3087 2794 iudicaret
3113 2726 3134 2778 ?
3166 2725 3473 2795 Episcopus.
3498 2723 3597 2780 Ju—

2019 2821 2119 2875 des
2155 2819 2319 2890 igitur
2348 2817 2497 2887 juxta
2532 2815 3183 2885 praescii-ullamjudiCat,
3213 2826 3267 2869 et
3302 2816 3595 2870 secundum

2020 2929 2181 2984 opera
2223 2927 2341 2982 quae
2388 2913 2537 2981 prius
2592 2910 2786 2965 novit?
2845 2908 3214 2974 Philosophus.
3293 2910 3453 2963 Certe
3483 2908 3595 2976 jam

2020 3007 2149 3061 dixi.
2186 3005 2499 3069 Episcopus.
2534 3003 2816 3071 Quomodo
2866 3002 3034 3073 igitur
3057 3002 3133 3055 ait
3191 3002 3456 3072 sapientia
3493 2999 3597 3055 Sa-

2018 3099 2285 3153 lomonis:
2339 3096 2493 3151 «Tria
2527 3113 2630 3151 non
2683 3112 2902 3165 possum
2970 3094 3293 3166 intelligere,
3341 3103 3596 3165 quartum

334 3205 482 3254 omo;
514 3207 537 3241 ιη
578 3188 658 3240 Τὰ
709 3186 836 3257 τρία
888 3188 1143 3257 είρηκυία
1192 3188 1224 3257 ή
1265 3190 1322 3240 ὲν
1363 3188 1670 3258 Σολομῶντι
1729 3191 1909 3259 σοφία,

2021 3192 2235 3261 penitus
2264 3190 2525 3261 ignoro?»
2556 3204 2786 3258 cumque
2815 3188 2918 3242 tria
2947 3188 3175 3243 dixisset
3198 3188 3462 3259 sapientia
3497 3186 3598 3241 Sa-

332 3284 585 3338 ἀδυνατεῖ
620 3281 791 3350 αὐτὴν
816 3278 1031 3348 νοῆσαι,
1081 3278 1213 3347 περὶ
1243 3278 1335 3331 τοῦ
1363 3280 1627 3349 τετάρτου
1657 3276 1811 3333 εἶπεν
1851 3283 1910 3334 οὐ

332 3371 642 3443 γινώσκειν,
670 3372 767 3424 καὶ
789 3370 944 3432 ὁδοὺς
964 3368 1155 3440 ἀνδρὸς
1178 3370 1236 3421 ὲν
1260 3368 1498 3439 νεότητι.
1547 3370 1609 3422 Εἰ
1641 3367 1734 3422 οὖν
1763 3372 1795 3441 ή
1828 3389 1914 3423 σο-

335 3463 431 3533 φίᾳ
460 3461 555 3515 τοῦ
582 3461 717 3514 Θεοῦ
749 3462 898 3513 ἐστιν
930 3460 964 3529 ή
996 3461 1055 3512 ἐν
1085 3458 1416 3529 Σολομῶντι,
1456 3460 1573 3523 πῶς
1611 3461 1785 3531 κρίνει
1823 3462 1916 3515 τὸν

335 3556 559 3624 κόσμον,
590 3552 666 3623 μὴ
698 3552 867 3605 εἰδυῖα
897 3551 1091 3624 ἀνδρὸς
1115 3552 1271 3614 ὁδοὺς
1301 3551 1360 3604 ἔν
1390 3551 1633 3623 νεότητις
1675 3553 1768 3606 καὶ
1799 3554 1915 3619 πῶς

334 3646 494 3700 τοῦτο
519 3644 737 3717 ἀληθὲς,
769 3645 855 3698 ὅτι
893 3647 921 3698 6
948 3646 1179 3714 ποιήσας
1210 3644 1300 3697 τὸν
1345 3644 1634 3716 ἄνθρωπον
1675 3648 1793 3699 κατ’
1834 3648 1917 3699 εί-

334 3742 466 3793 κόνα
498 3738 654 3801 Θεοῦ,
683 3738 828 3790 τοῦτ’
855 3738 1022 3800 ἔστιν,
1046 3738 1076 3790 6
1103 3738 1223 3801 Υίὺς
1258 3737 1350 3791 τοῦ
1382 3739 1542 3803 Θεοῦ,
1570 3738 1751 3803 καθώς
1782 3758 1915 3813 φησι

331 3831 536 3900 Μωσῆς
563 3832 592 3883 6
629 3830 935 3899 προφήτης,
975 3828 1055 3881 ἔτι
1090 3828 1145 3881 δὲ
1190 3830 1284 3882 καὶ
1318 3831 1573 3902 Ἰωάννης
1614 3834 1643 3885 6
1684 3832 1916 3901 εὐαγγεο

331 3923 539 3991 λιστὴς,
573 3941 591 3971 «
638 3922 819 3975 Πάντα
852 3921 918 3973 δι’
964 3920 1152 3983 αὐτοῦ,
1196 3922 1398 3991 φησὶν,
1444 3923 1701 3992 ἐγένετο·
1744 3944 1763 3976 ι
1814 3926 1916 3978 οὐκ

330 4014 623 4067 ἐπίσταται
674 4012 826 4075 ὁδοὺς
881 4010 1075 4083 ἀνδρὸς
1130 4013 1190 4064 ἐν
1241 4011 1491 4083 νεότητι;
1536 4033 1554 4065 ι
1600 4014 1658 4068 '0
1702 4015 1914 4080 πλάσας

332 4104 479 4159 κατὰ
507 4105 673 4175 μόνας
701 4103 800 4167 τὰς
826 4102 1053 4174 καρδίας
1092 4103 1292 4169 αὐτῶν,
1323 4108 1352 4158 6
1378 4107 1579 4170 συνιεὶς
1618 4109 1701 4168 είς
1738 4108 1917 4161 πάντα

332 4197 401 4250 τὰ
428 4196 563 4268 ἔργα
589 4195 791 4258 αὐτῶν,
839 4197 868 4248 6
916 4195 1127 4259 ὲτάξων
1179 4196 1407 4266 καρδίας
1445 4198 1539 4251 καὶ
1587 4202 1849 4272 νεφροὺς,
1888 4220 1908 4252 ι

332 4290 473 4345 κατὰ
500 4290 592 4342 τὸν
637 4290 925 4360 προφήτην
965 4290 1057 4342 τὸν
1102 4290 1363 4342 είπόνταο
1418 4308 1437 4341 «
1476 4292 1548 4345 Σὺ
1604 4294 1775 4362 ἔγνως
1814 4294 1915 4366 τὴν

332 4382 600 4457 καθέδραν
630 4398 753 4451 μου,
776 4382 870 4434 καὶ
896 4382 993 4451 τὴν
1015 4382 1235 4454 ἔγερσιν
1258 4400 1392 4454 μου·
1421 4385 1486 4437 σὺ
1511 4388 1751 4457 συνῆκας
1779 4388 1915 4442 πάν-

329 4490 429 4537 τας
471 4472 597 4535 τοὺς
629 4471 1016 4545 διαλογισμούς
1054 4492 1177 4544 μου,
1221 4475 1410 4545 φησὶν,
1464 4477 1571 4530 ἀπὸ
1617 4480 1910 4550 μακρόθεν,

2020 3281 2269 3343 lomonis,
2302 3296 2421 3348 quae
2454 3282 2564 3348 ipsa
2592 3295 2696 3333 non
2730 3289 2911 3348 posset
2957 3279 3284 3349 intelligere.
3336 3287 3594 3349 quartum

2020 3374 2161 3427 dixit
2179 3389 2239 3429 se
2289 3373 2559 3442 ignorare,
2587 3387 2779 3439 nempe
2818 3373 2960 3425 viam
2992 3372 3091 3425 viri
3124 3372 3176 3424 iu
3203 3371 3591 3426 adolescent-ia.

2020 3466 2077 3518 Si
2112 3479 2241 3533 ergo
2273 3465 2540 3531 sapientia
2581 3463 2672 3516 Dei
2707 3472 2791 3516 est
2807 3463 3072 3531 sapientia
3099 3462 3429 3524 Salomonis,
3459 3477 3599 3531 quo-

2020 3553 2408 3623 modojudicat
2448 3552 2732 3613 mundum,
2766 3566 2888 3602 eum
2946 3550 3149 3604 nesciat
3182 3550 3331 3604 viam.
3380 3551 3479 3604 viri
3539 3552 3593 3604 in
3676 3582 3677 3585 η

2020 3645 2421 3701 adolescentia?
2443 3655 2497 3699 et
2522 3642 2795 3714 quomodo
2821 3641 2923 3696 hoc
2951 3656 3136 3695 verum
3180 3650 3287 3705 est,
3327 3643 3473 3711 quod
3501 3643 3595 3711 qui

2020 3738 2146 3794 fecit
2184 3736 2457 3791 hominem
2488 3738 2553 3789 ad
2605 3734 2895 3805 imaginem
2949 3732 3066 3796 Dei,
3120 3731 3220 3786 hoc
3266 3741 3372 3798 est,
3426 3730 3603 3787 Filios

2022 3830 2113 3885 Dei
2148 3830 2230 3901 (ut
2259 3827 2475 3899 Moyses
2503 3826 2766 3896 propheta
2800 3825 2896 3889 ait,
2920 3833 2976 3879 et
3009 3823 3076 3877 de
3103 3836 3211 3892 quo
3240 3822 3319 3876 ait
3357 3821 3596 3879 Joannes

2016 3918 2380 3990 evangelista:
2413 3917 2634 3973 «Omnia
2660 3931 2754 3985 per
2793 3916 2967 3987 ipsum
3005 3914 3147 3968 facta
3165 3913 3355 3969 sunt"
3384 3932 3403 3965 ι
3428 3914 3598 3982 ),non

2018 4016 2155 4072 sciat
2194 4015 2337 4068 viam
2369 4012 2469 4066 viri
2504 4012 2556 4065 in
2587 4007 2999 4064 adolescentia?
3038 4006 3170 4075 «Qui
3200 4005 3358 4061 ﬁnxit
3394 4007 3598 4080 sigilla-

2019 4110 2113 4163 tim
2127 4106 2291 4163 corda
2308 4119 2518 4168 eorum,
2544 4102 2634 4171 qui
2663 4100 2912 4171 intelligit
2935 4101 3116 4155 omnia
3133 4115 3297 4170 opera
3313 4115 3500 4156 eorum
3524 4102 3595 4165 ⁷⁵,

2016 4201 2106 4272 qui
2141 4208 2413 4255 scrutatur
2444 4197 2608 4250 corda
2636 4203 2692 4248 et
2722 4208 2877 4248 renes
2896 4194 2943 4225 "
2969 4210 3019 4248 ιι
3067 4190 3230 4247 Juxta
3259 4190 3599 4261 Prophetam

2017 4296 2327 4352 dicentem:
2382 4291 2492 4346 «Tu
2525 4288 2824 4360 cognovisti
2862 4289 3164 4345 sessionem
3186 4302 3381 4351 meam,
3412 4295 3469 4343 et
3511 4302 3600 4342 re-

2018 4387 2412 4444 surrectionem
2474 4397 2674 4449 meam;
2729 4390 2783 4435 tu
2862 4378 3176 4435 intellexisti
3233 4378 3599 4447 cogitationes

2018 4497 2166 4538 meas
2191 4482 2258 4536 de
2287 4480 2467 4549 longe,
2503 4462 2755 4533 semitam
2793 4489 2970 4529 meam
3004 4481 3059 4529 et
3086 4471 3383 4528 funiculum
3418 4484 3597 4525 meum

328 4568 427 4636 τὴν
452 4563 638 4634 τρίϐον
668 4581 794 4634 μου,
824 4569 918 4617 καὶ
956 4564 1056 4636 τὴν
1086 4565 1295 4634 σχοῖνόν
1341 4582 1442 4636 μου
1480 4566 1544 4619 σὺ
1580 4566 1909 4638 ὲξιχνίασας,

2016 4573 2350 4644 investigasti
2385 4580 2434 4625 et
2473 4583 2664 4624 omnes
2708 4567 2823 4621 vias
2873 4579 3020 4620 meas
3054 4562 3471 4635 prmvidiati".s
3530 4559 3600 4615 Et

330 4654 421 4705 καὶ
452 4653 634 4719 πάσας
673 4650 775 4715 τὰς
804 4651 958 4716 ὁδούς
1004 4668 1105 4722 μου
1137 4653 1408 4725 προεῖδες.
1451 4673 1468 4705 ι
1506 4656 1616 4710 Καὶ
1647 4657 1706 4709 ὲν
1736 4657 1910 4730 ἑτέρῳ

330 4747 525 4802 πάλιν·
561 4765 581 4800 «
632 4746 691 4801 '0
723 4744 997 4801 παιδεύων
1017 4743 1167 4816 ἔθνη,
1202 4745 1323 4816 οὐχὶ
1342 4746 1574 4816 ἐλέγξει,
1596 4751 1624 4802 6
1645 4750 1913 4806 διδάσκων

328 4838 615 4910 ἄνθρωπον
658 4836 890 4907 γνῶσιν;
951 4836 1159 4909 Κύριος
1192 4837 1455 4905 γινώσκει
1508 4842 1635 4904 τοὺς
1676 4840 1914 4912 διαλογι-

332 4932 503 5000 σμοὺς
547 4930 659 4982 τῶν
702 4928 1045 5000 ἀνθρώπων,
1092 4930 1174 4984 δτι
1216 4931 1324 4984 είσὶ
1370 4933 1613 5003 μάταιοι.
1652 4953 1672 4985 ι
1715 4935 1771 4988 'O
1820 4936 1914 5003 οῦν

330 5024 503 5076 ταῦτα
534 5024 920 5095 ἐπιστάμενος,
968 5026 1064 5078 καὶ
1112 5024 1289 5079 πάντα
1340 5027 1767 5097 προγινώσκων,
1810 5031 1912 5086 οὐκ

331 5116 621 5170 ἐπίσταται
648 5116 804 5180 ὀδοὺς
831 5117 1022 5182 ἀνδρὸς
1055 5120 1111 5172 ὲν
1142 5118 1381 5189 νεότητις
1411 5119 1522 5174 Καὶ
1563 5120 1733 5175 πολλὰ
1762 5122 1910 5177 ἐστιν

332 5208 511 5277 εὑρεῖν
531 5208 595 5260 ὲκ
622 5207 729 5260 τῶν
752 5207 1006 5278 Γραφῶν,
1037 5210 1105 5261 τὰ
1142 5208 1432 5281 ἠλέγχοντα
1461 5210 1558 5283 τὴν
1580 5213 1767 5267 ἄνοιαν
1802 5214 1912 5268 τῶν

332 5298 518 5362 κακῶς
562 5297 940 5367 ὐπειληφότων
982 5299 1112 5367 περὶ
1156 5299 1251 5351 τοῦ
1302 5300 1468 5371 ῥητοῦ
1518 5300 1735 5357 τούτου.
1785 5302 1912 5368 Πῶς

332 5389 443 5462 γάρ
470 5391 500 5442 6
515 5389 786 5443 διδάσκων
807 5389 1092 5460 ἄνθρωπον
1113 5390 1339 5458 γνῶσιν,
1363 5393 1526 5458 αὐτὸς
1554 5395 1654 5449 οὐκ
1685 5395 1911 5465 ἐπίστα-

331 5500 421 5537 ται
458 5482 610 5547 ὀδοὺς
661 5481 854 5552 ἀνδρὸς
887 5483 947 5534 ὲν
994 5481 1241 5553 νεότητι;
1273 5478 1346 5537 Εὖ
1388 5484 1496 5538 ίσθι
1528 5482 1641 5550 οὖν,
1680 5480 1726 5540 ὦ
1757 5486 1908 5556 φιλό-

334 5590 484 5643 σοφε,
519 5575 601 5628 ὃτι
631 5572 884 5645 Σολομὼν
932 5574 1127 5644 κριτὴν
1171 5573 1331 5628 ἔλαθε
1368 5576 1580 5646 σοφίαν,
1612 5580 1678 5649 ἢν
1720 5579 1908 5652 ἐξεῦρε

403 5730 446 5759 ⁷¹
480 5727 651 5782 Marc.
680 5743 742 5788 ιι,
769 5726 858 5780 27.
917 5727 963 5759 "
999 5726 1155 5799 Prov.
1187 5743 1316 5795 xu,
1354 5727 1437 5783 18.
1481 5729 1527 5762 ⁷³
1556 5729 1711 5786 Joan.
1743 5750 1779 5799 ι,
1821 5734 1874 5790 5.

334 5801 451 5853 2-4.
531 5801 575 5830 ⁷⁷
606 5799 748 5853 l’sal.
782 5812 935 5887 sein,
972 5796 1058 5863 10,
1093 5797 1176 5851 Η.

2013 4680 2230 4721 rursum
2264 4663 2435 4719 ali-bi:
2474 4661 2604 4729 «Qui
2644 4661 2862 4714 instruit
2891 4668 3103 4727 gentes,
3137 4671 3243 4711 non
3271 4660 3481 4725 arguet,
3506 4651 3600 4721 qui

2014 4756 2175 4812 docet
2205 4755 2478 4810 hominem
2535 4752 2840 4807 scientiam.
2906 4748 3168 4803 Dominus
3230 4745 3334 4800 scit
3382 4742 3598 4814 cogita-

2018 4846 2193 4900 tiones
2211 4844 2515 4905 hominum,
2545 4841 2798 4910 quoniam
2839 4854 2991 4893 vana:
3045 4846 3173 4893 sunt
3200 4836 3301 4890 ⁷⁷.»
3334 4831 3441 4902 Qui
3469 4848 3599 4903 ergo

2017 4939 2135 4994 haec
2158 4937 2304 4992 novit
2327 4945 2382 4990 et
2412 4933 2592 4989 omnia
2621 4932 2855 5003 priuauit,
2883 4930 3062 4986 nescit
3087 4929 3227 4983 viam
3258 4926 3360 4979 viri
3393 4924 3446 4979 in
3476 4923 3603 4977 ado-

2018 5028 2315 5086 lescentia?
2360 5027 2425 5081 Et
2476 5025 2644 5080 multa
2675 5040 2741 5079 ex
2797 5021 3099 5091 Scripturis
3160 5019 3286 5073 licet
3328 5015 3593 5079 invenire,

2020 5137 2141 5190 qua:
2168 5118 2593 5189 imprudentiam
2617 5132 2807 5172 eorum
2841 5115 2932 5184 qui
2960 5114 3063 5169 hoc
3096 5112 3299 5167 dictum
3338 5106 3480 5162 male
3510 5107 3597 5160 in-

2019 5208 2284 5283 tellignnt,
2324 5211 2676 5281 redarguam.
2727 5207 3010 5274 Quomodo
3041 5219 3174 5274 ergo
3200 5202 3291 5273 qui
3321 5201 3477 5255 docet
3498 5199 3596 5253 ho-

2017 5305 2219 5361 minem
2257 5303 2567 5365 svientiam,
2604 5302 2720 5372 ipse
2774 5300 2948 5355 nescit
2999 5300 3143 5352 viam
3190 5296 3292 5349 viri
3330 5298 3385 5349 in
3416 5294 3599 5350 adole-

1984 5396 2262 5454 'scentia?
2292 5394 2439 5450 Bene
2470 5394 2635 5464 igitur
2659 5392 2954 5459 intelligas.
2985 5408 3019 5445 ο
3056 5388 3405 5460 philosophe,
3452 5387 3596 5457 quod

2018 5489 2275 5545 Salomon
2300 5487 2538 5557 judicem
2570 5484 2892 5557 sapientiam
2923 5482 3161 5552 accepit,
3194 5495 3356 5548 quam
3391 5476 3598 5532 invenit

2017 5579 2185 5634 Filius
2214 5556 2313 5631 Dei
2341 5576 2631 5648 prudentia
2662 5556 2780 5640 sua,
2811 5590 2974 5644 qnam
3018 5573 3346 5645 przeparavit
3382 5568 3594 5625 homini

1936 5735 1983 5767 "
2007 5732 2151 5790 Psal.
2188 5746 2365 5797 usu,
2398 5726 2485 5786 15.
2560 5732 2607 5764 ⁷³
2641 5728 2783 5786 I‘sal.
2822 5742 2914 5793 vn,
2943 5727 2998 5781 ‘2.
3072 5726 3117 5758 ⁷⁸
3158 5724 3299 5780 Psal.
3331 5734 3609 5787 cxuvnt,‘
