4148 6566
593 304 730 369 1275

1836 288 2141 353 GELASII
2208 285 2547 347 CYZICENI

3725 278 3863 343 1276

588 414 654 466 ad
692 409 985 481 imaginem
1022 422 1196 471 suam,
1227 401 1545 458 rationalem
1589 400 1822 456 scilicet.
1876 399 2173 455 Conﬁrmat

2279 396 2494 448 συνέσει
2526 391 2692 448 αὑτοῦ
2740 394 2769 445 6
2804 393 2928 457 Υἱὸς
2979 393 3073 448 τοῦ
3117 392 3285 460 Θεοῦ,
3340 394 3410 465 ἢν
3435 392 3735 467 ηὑτρέπισε
3777 389 3861 460 τῷ

588 503 699 569 jam
733 501 878 556 dicta
924 500 1068 570 quod
1129 496 1385 552 Dominus
1432 494 1485 549 in
1539 492 1832 565 Evangelio
1891 492 2163 562 loquitur:

596 610 613 643 «
630 592 767 648 Ecce
786 590 1069 661 plusquam
1101 587 1352 643 Salomon
1378 585 1587 651 hic";i
1621 601 1728 655 quo
1751 583 1995 639 htmlitus
2015 599 2169 638 ever-

592 684 660 738 tit
690 682 932 737 dicentes
966 680 1139 748 ipsum
1172 693 1296 735 esse
1348 678 1659 734 Salomonis
1704 675 2053 745 sapientiam.
2112 674 2168 729 Si

590 775 758 843 enim,
794 785 854 828 ut
881 787 983 827 vox
1020 760 1368 840 suffragatur,
1402 770 1664 845 aequalem
1718 768 1886 823 habet
1932 765 2170 836 appella-

593 869 795 923 tionem
834 882 956 921 cum
991 864 1258 935 sapientia
1301 862 1591 934 (sapientia
1632 863 1778 916 enim
1816 860 1907 913 Dei
1964 870 2046 912 est
2076 858 2170 911 Fi-

591 956 698 1012 lius
725 954 863 1026 Dei),
890 962 1128 1024 estergo
1157 952 1298 1007 Deus
1339 951 1620 1022 praescius,
1671 949 1761 1018 qui
1816 950 1969 1017 juxta
2035 962 2172 1017 prae-

592 1049 875 1105 seientiam
896 1046 1130 1117 judicat,
1164 1055 1216 1100 et
1242 1044 1536 1099 secundum
1567 1056 1750 1112 opera,
1776 1050 2028 1110 tanquam
2056 1054 2173 1094 om—

592 1142 738 1195 nium
767 1136 948 1207 opifex
977 1147 1033 1192 et
1067 1144 1306 1198 creator,
1342 1141 1402 1187 ut
1426 1131 1498 1187 ait
1529 1131 1727 1186 Paulus
1752 1146 1846 1185 vas
1868 1130 2170 1195 electionis,

592 1234 682 1304 qui
713 1231 778 1286 ad
830 1230 1089 1285 Hebraeos
1143 1226 1416 1289 scribens,
1476 1225 1555 1278 sic
1591 1224 1659 1277 de
1716 1224 1833 1291 ipso
1884 1222 2166 1290 loquitur:

607 1323 808 1380 «Vivus
853 1331 937 1377 est
963 1334 1142 1377 sermo
1185 1318 1301 1384 Dei,
1333 1326 1388 1372 et
1421 1315 1631 1379 efﬁcax,
1679 1324 1732 1369 et
1783 1313 2174 1386 penetrabilior

594 1418 740 1472 oumi
770 1415 948 1487 gladio
973 1411 1224 1480 ancipiti,
1258 1420 1315 1465 et
1366 1421 1661 1479 penetrans
1714 1422 1886 1478 usque
1932 1407 1999 1462 ad
2033 1408 2173 1462 divi-

593 1507 798 1560 sionem
830 1504 1025 1558 animae
1042 1517 1105 1557 ac
1133 1502 1378 1571 spiritus,
1405 1510 1459 1555 et
1484 1499 1750 1553 discretor
1775 1497 2164 1566 cogitationum

592 1615 655 1652 ac
687 1596 1046 1651 intentionmn
1088 1595 1268 1649 contis
1317 1612 1330 1649 :
1374 1595 1443 1655 eti
1473 1607 1576 1645 non
1606 1600 1690 1645 est
1751 1590 1952 1659 aliquid
1993 1591 2175 1643 Occul-

2277 489 2396 541 κατ’
2431 486 2616 539 εἰκόνα
2645 484 2811 539 αὑτοῦ
2836 486 3136 557 ἀνθρώπῳ,
3172 488 3607 558 συλλογιστικὴν.
3642 485 3862 555 Ἀμέλει

2274 582 2331 635 δὲ
2385 580 2690 634 ἐπιϐεϐαιοῖ
2732 580 2801 633 τά
2833 579 3069 651 ρηθέντα
3104 580 3133 632 6
3165 580 3369 652 Κύριος
3410 581 3466 633 ὲν
3507 576 3863 646 Εὑαγγελίοις

2272 674 2447 743 λέγων
2500 673 2580 737 τὸ,
2639 692 2656 724 ι
2697 672 2809 726 Καὶ
2856 671 2964 725 ἰδοὺ
3019 672 3204 725 πλεῖον
3262 672 3608 744 Σολομῶντος
3654 663 3791 723 ὦδεο
3837 687 3859 719 ι

2286 764 2576 835 Ἀνέτρεψε
2608 765 2737 827 τοὺς
2764 763 3024 833 λέγοντας
3050 763 3214 816 αὐτὸν
3266 761 3407 817 εἶναι
3451 763 3550 835 τὴν
3603 764 3661 815 ὲν
3698 761 3867 812 Σολο-

2277 856 2450 926 μῶντι
2482 858 2697 927 σοφίαν.
2722 859 2784 910 Ei
2806 858 2915 928 γάρ
2942 860 3002 927 τῇ
3030 858 3197 929 ψήφῳ
3225 858 3324 931 [τῷ
3346 856 3529 930 ψόφῳ]
3554 858 3654 927 τῆς
3676 844 3868 925 φὼνῆς

2276 948 2704 1019 ἰσοπροσήγορός
2739 948 2890 1002 ἐστιν
2922 950 2950 1002 6
2994 951 3058 1019 τῇ
3105 950 3300 1020 σοφίᾳ·
3351 952 3385 1020 ἡ
3434 952 3543 1020 γάρ
3581 948 3674 1002 τοῦ
3723 944 3868 999 Θεοῦ

2276 1039 2437 1109 σοφία
2469 1039 2498 1091 6
2527 1039 2657 1103 Υἱὸς
2686 1038 2780 1092 τοῦ
2815 1039 2950 1092 Θεοῦ
2978 1057 2991 1070 ο
3028 1041 3161 1105 Θεὸς
3196 1040 3556 1111 προγνώστης
3586 1040 3722 1103 ἐστὶ,
3765 1038 3869 1090 καὶ

2274 1131 2415 1184 κατὰ
2443 1130 2755 1202 πρόγνωσιν
2796 1132 2995 1202 κρίνει,
3029 1133 3125 1187 καὶ
3157 1135 3298 1186 κατά
3326 1133 3395 1185 τά
3428 1132 3588 1202 ἔργα,
3626 1130 3701 1194 ὡς
3741 1131 3869 1183 κτί-

2276 1240 2407 1294 στης
2433 1222 2528 1275 καὶ
2552 1221 2881 1293 δημιουργὸς
2910 1223 3021 1276 τῶν
3050 1224 3332 1285 ἁπάντων,
3366 1221 3547 1285 καθώς
3590 1236 3724 1291 φησι
3764 1222 3868 1272 καὶ

2274 1314 2303 1366 6
2330 1312 2540 1377 Παῦλος
2569 1313 2628 1366 τὸ
2660 1312 2855 1377 σκεῦος
2882 1314 2984 1383 τῆς
3016 1313 3273 1383 ἐκλογῆς,
3311 1312 3586 1385 Ἑϐραίοις
3606 1312 3863 1382 γράφων,

2274 1401 2377 1458 ὧδέ
2409 1423 2525 1469 πως
2562 1406 2709 1474 λέγει
2749 1406 2876 1476 περὶ
2925 1406 3090 1458 αὐτοῦ
3114 1423 3128 1437 ο
3170 1426 3187 1458 ι
3230 1406 3349 1459 Ζῶν
3376 1405 3487 1475 γάρ
3514 1407 3543 1457 6
3566 1403 3723 1472 λόγος
3761 1402 3865 1455 τοῦ

2273 1497 2409 1550 Θεοῦ
2435 1498 2531 1552 καὶ
2549 1499 2778 1570 ἐνεργὴς
2811 1498 2905 1551 καὶ
2938 1495 3251 1569 τομώτερος
3279 1497 3423 1568 ὑπὲρ
3450 1497 3634 1549 πᾶσαν
3663 1495 3868 1565 μάχαι-

2277 1607 2375 1661 ραν
2402 1589 2673 1660 δίστομον,
2719 1591 2811 1643 καὶ
2855 1588 3239 1659 διῖκνούμενος
3271 1588 3400 1660 ἄχρι
3450 1586 3723 1658 μερισμοῦ
3756 1586 3866 1653 ψυο

594 1696 705 1738 ιιιιιι
767 1685 821 1739 in
859 1694 1149 1754 conspectu
1187 1684 1343 1750 ejus,
1403 1681 1495 1736 sed
1544 1679 1724 1733 omnia
1770 1679 1910 1732 nuda
1950 1688 2076 1733 sunt
2118 1688 2169 1731 et

2279 1681 2379 1751 κῆς
2410 1683 2506 1734 καὶ
2557 1679 2891 1751 πνεύματος,
2929 1682 3026 1734 καὶ
3057 1681 3305 1752 κριτικὸς
3358 1680 3712 1751 ἐνθυμήσεων
3764 1679 3867 1730 καὶ

593 1784 775 1845 aperta
816 1753 1004 1830 oculis
1023 1775 1162 1845 ejus,
1204 1774 1269 1827 de
1307 1788 1415 1842 quo
1458 1786 1637 1826 sermo
1688 1779 1868 1824 noster
1913 1781 1998 1826 cst
2024 1771 2106 1837 7';
2147 1789 2164 1823 ι

2279 1772 2496 1827 ἐννοιῶν
2526 1772 2772 1844 καρδίας·
2803 1772 2900 1825 καὶ
2923 1772 3021 1825 οὐκ
3046 1771 3161 1825 ἔστι
3187 1772 3366 1835 κτίσις
3386 1770 3602 1840 ἀφανὴς
3629 1768 3865 1823 ἐνώπιον

593 1880 643 1920 et
672 1870 737 1922 ad
762 1866 1033 1922 Romanos
1065 1866 1203 1920 idem
1242 1865 1451 1930 scribit,
1498 1862 1719 1918 dicens:
1779 1861 2043 1929 «Quorum
2078 1879 2172 1931 pa-

598 1969 731 2021 tres,
763 1973 827 2011 ex
856 1956 1052 2028 quibus
1074 1966 1156 2011 est
1190 1957 1444 2012 Christus
1470 1958 1768 2011 secundum
1810 1969 2049 2017 carnem,
2082 1952 2171 2022 qui

480 2086 491 2095 .
594 2060 673 2104 est
697 2064 859 2117 super
873 2049 1053 2103 omnia
1083 2049 1224 2103 Dens
1242 2049 1619 2103 benedictusiu
1646 2048 1862 2102 saecula.
1885 2045 2166 2099 Amen”.i

597 2142 688 2196 Sic
733 2150 912 2195 autem
940 2140 1178 2196 ostendit
1221 2140 1365 2209 quod
1416 2139 1510 2194 Dei
1564 2149 1622 2195 et
1673 2139 1850 2195 Patris
1911 2139 2173 2207 sapientia

602 2235 741 2289 lteus
767 2247 895 2288 vere
915 2234 987 2288 sit
1017 2248 1083 2288 ex
1110 2232 1228 2302 ipso
1248 2232 1377 2298 Deo,
1404 2245 1640 2289 aeternus
1672 2249 1738 2288 ex
1764 2242 1990 2295 aeterno,
2014 2246 2176 2286 verus

595 2341 660 2380 ett
683 2340 832 2389 vero,
863 2341 988 2381 cum
1015 2326 1087 2382 sit
1113 2336 1306 2381 natura
1338 2343 1558 2399 semper
1614 2326 1784 2381 Filius
1834 2325 2020 2379 aeterni
2082 2324 2173 2378 Dei

595 2430 651 2471 et
692 2416 886 2472 Patris.

2276 1864 2461 1931 αὐτοῦ,
2501 1866 2677 1919 πάντα
2729 1864 2785 1917 δὲ
2839 1865 3026 1935 γυμνά
3085 1864 3183 1917 καὶ
3232 1860 3707 1934 τετραχηλισμένα
3745 1863 3863 1923 τοῖς

2273 1957 2571 2026 ὀφθαλμοῖς
2593 1954 2783 2021 αὐτοῦ,
2813 1956 2949 2027 πρὸς
2980 1955 3040 2008 ὃν
3076 1957 3209 2027 ἡμῖν
3238 1958 3267 2009 6
3293 1955 3471 2023 λόγος.
3513 1973 3531 2006 ι
3571 1953 3686 2005 Καὶ
3720 1952 3863 2022 πρὸς

2286 2051 2590 2120 Ῥωμαίους
2622 2050 2679 2103 δὲ.
2717 2052 2746 2103 6
2773 2050 2936 2113 αὐτὸς
2962 2050 3187 2119 γράφει,
3226 2048 3431 2119 λέγων’
3467 2069 3486 2101 «
3530 2041 3631 2101 Ὧν
3662 2048 3711 2099 οἱ
3751 2062 3863 2098 πα-

2275 2140 2455 2211 τέρες,
2481 2141 2575 2194 καὶ
2601 2140 2660 2205 ἐξ
2690 2134 2764 2194 ὧν
2789 2142 2818 2193 6
2847 2140 3086 2211 Χριστὸς
3105 2140 3168 2193 τὸ
3198 2140 3339 2194 κατὰ
3367 2140 3571 2210 σάρκα.
3601 2140 3630 2191 6
3659 2135 3734 2189 ῶν
3768 2137 3865 2188 ἐπὶ

2277 2234 2494 2287 πάντων
2537 2233 2670 2295 Θεὸς
2722 2230 3016 2301 εὐλογητὸς
3061 2231 3145 2294 είς
3191 2232 3316 2295 τοὺς
3347 2231 3571 2293 αἰῶνας,
3605 2230 3803 2299 ’Δμήν.
3837 2245 3857 2275 ι

2278 2326 2530 2379 Δείκνυσι
2556 2324 2614 2377 δὲ
2656 2317 2781 2387 ὧδε,
2810 2324 2892 2376 ὅτι
2922 2324 2956 2393 ἡ
3003 2322 3100 2377 τοῦ
3144 2322 3281 2377 Θεοῦ
3316 2324 3410 2376 καὶ
3457 2322 3671 2392 Πατρδς
3701 2319 3864 2389 σοφία

2279 2419 2411 2483 Θεός
2444 2421 2594 2472 ἐστιν
2625 2417 2843 2489 άληθῶς
2892 2416 2951 2482 ἐξ
2977 2416 3145 2470 αὐτοῦ
3177 2416 3270 2472 τοῦ
3296 2417 3454 2482 Θεοῦ,
3499 2417 3667 2480 άῖδιος
3695 2413 3755 2480 ἐξ
3780 2414 3871 2468 6'6-

593 2508 729 2574 ὂίου,
752 2511 847 2563 καὶ
870 2508 1119 2580 ἀληθινὸς
1138 2509 1195 2576 ἐξ
1217 2508 1489 2580 ἀληθινοῦ,
1523 2505 1682 2578 φύσει
1704 2506 1780 2560 ὣν
1799 2506 1885 2559 ἀεὶ
1920 2504 2043 2571 Υἱὸς
2063 2507 2155 2561 τοῦ
2190 2511 2278 2566 ἀεὶ
2308 2511 2460 2575 ὄντος
2492 2510 2627 2563 Θεοῦ
2661 2512 2752 2564 καὶ
2785 2510 3021 2583 Πατρός.

1222 2602 1375 2679 CAP.
1411 2621 1557 2678 XIX.

1021 2738 1393 2793 Contradictio
1422 2738 1748 2809 philosophi.

669 2850 809 2918 Quid
839 2852 1003 2923 igitur
1039 2862 1144 2916 est,
1180 2851 1322 2922 quod
1344 2852 1428 2906 ais
1478 2870 1492 2907 :
1532 2852 1718 2907 «Viam
1743 2852 2027 2922 sapientiae
2069 2866 2175 2907 non

599 2954 986 3014 cognoverunt,
1037 2958 1211 3014 neque
1251 2943 1521 2999 recordati
1541 2944 1911 3000 suntsemitas
1932 2944 2166 3015 ejus”?i

599 3046 656 3089 et
685 3051 805 3105 qua:
834 3046 1155 3104 sequuntur.

601 3145 891 3214 Responsio
920 3156 1227 3201 sanctorum
1275 3147 1639 3215 episcoporum
1662 3161 1753 3214 per
1792 3147 2030 3200 eumdem
2066 3148 2177 3215 epi-

969 3233 1184 3287 scopum
1210 3216 1494 3271 Eusebium
1521 3214 1811 3286 Pamphili.

671 3327 1060 3397 Saepenumero
1090 3328 1251 3383 verba
1286 3328 1569 3398 sapientia:
1588 3328 1962 3393 considerans,
1992 3343 2027 3384 o
2056 3328 2179 3400 phi-

600 3421 842 3491 losOphe,
875 3422 1173 3477 admiratus
1200 3437 1261 3476 es
1285 3420 1564 3491 sapientia:
1588 3422 1869 3486 virtutem,
1889 3422 2031 3490 quod
2058 3423 2180 3477 bre-

600 3512 838 3567 vissimis
867 3512 1231 3567 locutionibus
1262 3512 1556 3567 maximam
1603 3514 1993 3568 sententiarum
2037 3514 2183 3568 veri-.

601 3615 766 3661 tatem
795 3605 847 3658 in
878 3619 944 3659 ea
980 3605 1224 3661 invenire
1246 3605 1438 3659 liceat:
1476 3613 1534 3659 et
1565 3604 1873 3676 justissime
1905 3605 2178 3675 quispiam

598 3697 761 3753 verba
796 3696 1096 3767 Scriptura:
1126 3698 1529 3766 comparaverit
1552 3698 1879 3766 evangelicae
1911 3698 2180 3766 parabolae

599 3790 888 3853 asserenti,
921 3789 1144 3845 «Simile
1169 3806 1293 3846 esse
1338 3806 1562 3861 regnum
1594 3792 1859 3847 caelorum
1903 3808 2071 3862 grano
2103 3792 2180 3846 sic

603 3882 788 3952 napis,
822 3884 966 3953 quod
999 3899 1117 3936 rum
1148 3884 1335 3939 minus
1358 3886 1429 3939 sit
1463 3886 1719 3939 onmibus
1749 3895 1907 3940 terrae
1951 3886 2183 3940 semiui-

598 3975 720 4037 bus,
758 3978 977 4045 quando
1002 3984 1179 4031 tamen
1198 3977 1368 4032 crevit
1390 3987 1443 4032 et
1468 3976 1766 4048 perfectum
1790 3987 1896 4044 est,
1926 3978 2178 4032 idoneum

602 4075 800 4121 tectum
829 4066 1139 4122 volucribus
1166 4070 1370 4138 praebet
1389 4070 1459 4123 δ’.
1478 4087 1497 4120 ι
1553 4068 1646 4125 Sic
1675 4068 1923 4125 videmus
1967 4069 2181 4123 divino-

601 4174 719 4212 rum
750 4158 1035 4213 verborum
1069 4162 1364 4231 poteutiam
1396 4161 1654 4216 brevibus
1686 4161 2053 4217 Iocutionibus
2096 4177 2183 4216 se-

601 4252 885 4315 minatam,
920 4252 1129 4322 plenam
1167 4263 1346 4308 autem
1377 4254 1663 4310 sententiis
1693 4256 1847 4324 quasi
1886 4255 2077 4319 ramis,
2109 4256 2176 4309 ad

2862 2624 3115 2680 ΚΕΦᾹΛ.
3165 2625 3265 2681 ΙΘ¹.

2626 2739 2990 2809 Ἀντίῤῥησις
3028 2739 3133 2794 τοῦ
3164 2742 3527 2809 φιλοσόφου.

2350 2853 2415 2906 Τί
2442 2848 2534 2906 οὖν
2571 2852 2719 2906 ἐστιν
2753 2852 2781 2905 ὃ
2815 2854 2961 2925 φής;
3019 2872 3037 2905 «
3082 2852 3232 2907 Ὀδδν
3261 2852 3317 2906 δὲ
3339 2834 3538 2921 ,σοφίας
3565 2851 3666 2903 οὐκ
3696 2849 3859 2917 ἐγνω-

2284 2962 2404 3010 σαν,
2437 2945 2556 2998 οὐδὲ
2595 2944 2946 3017 ἐμνήσθησαν
2975 2944 3075 3008 τάς
3108 2943 3327 3015 τρίϐους
3355 2943 3525 3013 αὐτῆς
3552 2960 3565 3007 ;
3612 2961 3630 2994 ι
3670 2942 3762 2995 καὶ
3792 2940 3861 2994 τά

2204 3013 2247 3073 ο
2281 3038 2429 3109 ἑξῆς.

2291 3150 2627 3219 Ἀπόκρισις
2656 3151 2774 3206 τῶν
2805 3150 2992 3219 ἁγίων
3027 3149 3377 3203 ἐπισκόπων
3406 3147 3504 3202 διὰ
3535 3146 3642 3202 τοῦ
3676 3146 3861 3202 αὑτοῦ

2475 3221 2824 3305 ⁵ιίπτιονιόπιου
2857 3221 3155 3275 Εὐσεὸίου
3180 3219 3287 3274 τοῦ
3313 3219 3654 3289 Παμφίλου.

2351 3330 2622 3395 Πολλάκις
2653 3331 2790 3404 πρὸς
2823 3330 2893 3386 τά
2929 3332 3152 3403 ῥήματα
3179 3331 3281 3402 τῆς
3315 3331 3505 3401 σοφίας
3545 3330 3773 3398 ἀπιδὼν,
3817 3324 3864 3386 ὦ

2280 3422 2556 3492 φιλόσοφε,
2590 3420 2911 3492 ἐθαύμασας
2938 3421 3040 3491 τῆς
3073 3420 3265 3491 σοφίας
3302 3421 3403 3493 τὴν
3430 3421 3681 3492 δύναμιν,
3701 3423 3867 3494 ὁτιδὴ

2283 3515 2547 3587 μεγίστην
2583 3515 2872 3586 νοημάτων
2898 3514 3159 3585 ἀληθειαν
3203 3513 3352 3567 ἐστιν
3397 3514 3581 3585 εὑρεῖν
3623 3518 3681 3568 ὲν
3728 3516 3860 3587 αὐτῇ

2283 3606 2654 3679 βραχυτάταις
2700 3607 2899 3672 λέξεσι.
2941 3608 3048 3660 Καὶ
3080 3609 3223 3679 τάχα
3250 3609 3476 3673 δικαίως
3506 3610 3571 3663 ἄν
3606 3627 3689 3674 τις
3720 3628 3863 3679 παρ-

2281 3700 2490 3753 εικάσει
2540 3701 2762 3770 ῥήματα
2803 3700 2903 3769 τῆς
2934 3700 3156 3771 Γραφῆς
3189 3703 3256 3772 τῇ
3290 3701 3628 3774 εὐαγγελικῇ
3692 3719 3867 3773 παρα-

2282 3792 2434 3864 ϐολῇ,
2474 3795 2538 3863 τῇ
2586 3790 3010 3864 διαγορενούσῃ,
3053 3811 3072 3845 ι
3125 3793 3393 3847 Ἐοικέναι
3438 3793 3536 3865 τὴν
3593 3794 3867 3865 βασιλείαν

2279 3886 2390 3940 τῶν
2423 3884 2670 3957 οὐρανῶν
2704 3884 2894 3955 κόκκῳ
2926 3885 3225 3949 σινάπεως,
3272 3887 3354 3939 ὅτι
3404 3885 3741 3959 βραχύτερον
3769 3888 3871 3958 μέν

2282 3982 2399 4033 ἐστι
2420 3978 2639 4033 πάντων
2663 3978 2773 4031 τῶν
2805 3976 3139 4048 σπερμάτων
3169 3977 3279 4030 τῶν
3308 3978 3400 4031 ἐπὶ
3428 3978 3529 4049 τῆς
3558 3980 3686 4050 γῆς,
3730 3979 3864 4049 φυὲν

2281 4073 2339 4126 δὲ
2374 4073 2469 4127 καὶ
2513 4071 2928 4143 ἀναπληρωθὲν,
2957 4070 3151 4142 ἱκανὴν
3196 4070 3406 4142 σκέπην
3441 4073 3557 4133 τοῖς
3602 4072 3868 4133 πετεινοῖς

2282 4163 2520 4221 δίδωσιν.
2575 4187 2594 4216 ι
2651 4162 2839 4227 Οῦτως
2864 4162 3083 4234 ὁρῶμεν
3128 4160 3228 4233 τὴν
3257 4161 3365 4215 τῶν
3412 4161 3573 4215 θείων
3607 4162 3869 4233 ῥημάτων

2282 4255 2514 4327 δύναμιν
2544 4256 2603 4309 ὲν
2634 4254 2859 4326 βραχέσι
2902 4252 3272 4325 σπειρομένην
3318 4252 3530 4317 λέξεσιν
3552 4267 3568 4283 ο
3623 4253 3868 4323 ἀναπλη-

606 4343 906 4409 volucrum,
933 4347 1034 4400 hoc
1057 4354 1160 4414 est,
1195 4348 1472 4401 hominmn
1501 4349 2020 4419 contemplationem
2048 4364 2174 4418 pro-

2282 4348 2562 4421 ρουμένων
2593 4346 2651 4401 δὲ
2672 4346 2782 4399 τῶν
2811 4344 3124 4415 νοημάτων,
3163 4343 3258 4397 καὶ
3299 4342 3496 4413 ὥσπερ
3526 4342 3735 4397 κλάδων
3775 4343 3875 4396 ἐπὶ

604 4436 793 4503 tensis,
835 4438 886 4491 in
917 4437 1113 4508 quibus
1153 4447 1301 4492 tanta
1333 4441 1569 4507 potentia
1607 4440 1909 4503 invenitur,
1964 4451 2023 4493 ut
2069 4455 2174 4495 non

600 4528 731 4584 solis
764 4540 925 4585 terrae
968 4532 1384 4597 habitatoribus,
1417 4547 1603 4589 verum
1660 4534 1828 4587 etiam
1860 4534 2173 4589 assistenti-

600 4619 700 4675 bus
756 4621 1070 4676 volncribus
1132 4621 1405 4679 suilieieus
1452 4625 1746 4680 exhibeant
1781 4635 2173 4695 tegumentum.

604 4709 883 4766 Uudeuam
910 4714 1074 4785 igitur
1107 4716 1173 4770 ad
1205 4717 1344 4772 hanc
1382 4719 1878 4773 considerationem
1907 4720 2177 4775 excitatus

600 4817 743 4867 Stltll,
774 4805 875 4859 nisi
907 4821 970 4861 ex
1006 4810 1172 4862 verbo
1206 4819 1409 4864 sanctte
1453 4809 1753 4878 Scriptura:
1775 4814 1915 4866 sacri
1939 4814 2178 4867 «'anloris

599 4893 840 4965 Davidis,
870 4898 937 4952 ad
959 4899 1482 4957 demonstrationem
1522 4913 1575 4958 et
1599 4905 2046 4960 constitutionem
2071 4922 2176 4960 non

603 4988 881 5046 rationalis
924 4994 1207 5059 sapientia:
1248 5005 1306 5049 ut
1373 4996 1488 5065 ipse
1528 4994 1712 5051 fueras
1757 4996 2036 5066 opinatus,
2083 5000 2178 5052 sed

599 5078 716 5147 ejus
742 5097 864 5151 quae
889 5083 1031 5137 illam
1061 5096 1115 5139 et
1147 5088 1330 5141 omnia
1354 5098 1537 5142 creata
1571 5088 1837 5153 condidit,
1870 5089 2179 5159 incompre-

604 5166 889 5225 lteusihilis
914 5174 1216 5241 sapientizc,
1271 5176 1554 5242 increatze,
1608 5185 1663 5230 et
1711 5178 1865 5231 initio
1917 5181 2177 5245 carentis,

602 5259 703 5315 hoc
728 5270 830 5331 est,
852 5264 1092 5321 Christi:
1125 5268 1393 5339 siquidem
1417 5268 1673 5324 Christus
1694 5281 1778 5325 est
1814 5270 1905 5324 Dei
1933 5273 2104 5327 virtus
2125 5282 2180 5327 et

604 5351 697 5408 Dei
718 5357 980 5425 sapientia
995 5359 1064 5426 ⁸³,
1084 5362 1234 5428 juxta
1269 5362 1488 5416 modum
1517 5377 1629 5417 suae
1672 5362 1967 5435 iuell'abilis
2013 5365 2183 5420 deita-

605 5446 675 5500 tis
699 5461 764 5499 ex
797 5445 908 5503 Deo
940 5465 1101 5505 verus
1132 5452 1273 5508 Deus
1296 5451 1553 5510 Verbum.
1607 5453 1822 5511 «Verbo
1867 5457 2011 5511 enim
2069 5457 2176 5514 Do-

674 5625 722 5694 ‘_‘
747 5624 935 5681 Matth.
973 5644 1072 5694 xu,
1102 5629 1189 5684 β.

1305 5632 1351 5663 ⁷³
1388 5631 1549 5688 llcbr.
1613 5649 1685 5698 tv,
1752 5634 1837 5702 l2,
1894 5634 1978 5692 15.

607 5692 655 5726 ⁸³
684 5692 706 5749 ι
733 5696 861 5750 Cor.
900 5713 937 5751 ι.
968 5698 1059 5753 ei.

2092 5636 2139 5668 '°
2171 5635 2327 5690 Rom.
2364 5651 2436 5700 ις,
2462 5635 2519 5691 5.

2274 4438 2374 4509 τὴν
2404 4438 2666 4500 διάνοιαν,
2720 4436 2832 4490 τῶν
2879 4435 3148 4490 πετεινῶν
3189 4435 3677 4505 ὲπεκτεινομένων,
3723 4434 3867 4488 τοῦτ’

2275 4530 2411 4596 ἔστι,
2446 4531 2557 4584 τῶν
2582 4528 2910 4602 ἀνθρώπων,
2957 4529 3199 4599 τοσαύτη
3240 4547 3327 4593 τις
3356 4528 3675 4601 εὑρίσκεται
3709 4528 3871 4583 δύνα-

2277 4616 2390 4696 μις,
2429 4623 2571 4677 ὥστε
2608 4622 2682 4693 μὴ
2738 4622 2921 4691 μόνοις
2951 4624 3066 4685 τοῖς
3092 4623 3382 4692 γεωργοῖς,
3439 4620 3576 4674 ἀλλὰ
3620 4622 3713 4675 καὶ
3757 4624 3871 4685 τοῖς

2274 4715 2593 4787 παρεστῶσι
2633 4716 2902 4777 πετεινοῖς
2934 4712 3128 4782 ἱκανὴν
3174 4714 3439 4786 παρέχειν
3488 4713 3590 4784 τὴν
3635 4713 3867 4784 σκέπην.

2285 4806 2455 4861 Πόθεν
2481 4800 2574 4859 οὖν
2616 4802 2875 4876 ἐκινήθην
2916 4805 3053 4873 πρὸς
3097 4803 3304 4876 ταύτην
3343 4804 3442 4877 τὴν
3477 4805 3707 4871 ἔννοιαν,
3736 4807 3771 4879 ἢ
3806 4808 3872 4860 ἐκ

2283 4900 2382 4972 τῆς
2404 4898 2499 4952 τοῦ
2536 4897 2696 4966 λόγου
2725 4897 2828 4967 τῆς
2872 4898 3022 4967 ἱερᾶς
3062 4898 3280 4969 γραφῆς
3308 4897 3626 4969 ἱεροψάλτου
3671 4900 3865 4962 Δαυὶδ,

2288 4993 2421 5065 πρὸς
2454 4990 2727 5057 ἀπόδειξιν
2763 4991 2856 5044 καὶ
2885 4989 3169 5053 σύστασιν,
3199 4991 3261 5044 οὐ
3298 4992 3397 5062 τῆς
3433 4991 3751 5063 λογιστικῆς
3784 5008 3869 5045 σο-

2287 5084 2438 5151 φίας,
2463 5080 2538 5145 ὡς
2558 5080 2721 5143 αὐτὸς
2750 5080 3069 5151 ὑπείληψαι,
3100 5081 3235 5135 ἀλλὰ
3276 5082 3375 5153 τῆς
3411 5084 3507 5136 καὶ
3534 5083 3747 5153 ταύτην
3768 5083 3862 5136 καὶ

2284 5178 2465 5232 πάντα
2476 5177 2544 5231 τά
2560 5177 2763 5249 γενητὰ
2775 5176 2838 5248 δη
2848 5193 3082 5248 μιουργη
3090 5194 3117 5230 σ
3125 5177 3261 5248 άσης
3277 5177 3667 5249 άκαταλήπτου
3682 5178 3878 5247 σοφίας

2283 5271 2381 5341 τῆς
2393 5270 2495 5324 άκτ
2504 5270 2651 5324 ίστου
2677 5271 2771 5324 καὶ
2783 5271 3044 5340 άνάρχου,
3059 5269 3203 5323 τοῦτ’
3225 5270 3341 5325 ἔστι
3361 5271 3623 5341 Χριστοῦο
3639 5271 3877 5342 ἐπείπερ

2288 5365 2525 5434 Χριστὸς
2547 5361 2682 5417 Θεοῦ
2711 5363 2964 5434 δύναμις,
3001 5364 3096 5418 καὶ
3118 5364 3255 5419 Θεοῦ
3280 5363 3442 5434 σοφία
3479 5363 3620 5418 κατὰ
3653 5364 3747 5417 τὸν
3772 5364 3872 5433 τῆς

2285 5459 2529 5531 ἀρρήτου
2563 5460 2656 5514 καὶ
2696 5458 3055 5530 ἁπερινοήτου
3097 5457 3347 5529 θεότητος
3380 5457 3543 5512 αὐτοῦ
3575 5456 3779 5530 τρόπον
3799 5496 3815 5520 ,
3841 5456 3878 5509 6

2620 5636 2667 5667 ⁸³
2700 5636 2909 5692 Baruch
2946 5652 3028 5704 ιιι,
3059 5636 3151 5691 25.
3259 5637 3303 5667 ἠ
3338 5634 3531 5691 Matth.
3588 5651 3710 5705 xm,
3773 5635 3850 5692 32
