4148 6612
356 431 491 495 12⁸77

1250 435 1613 499 HISTORIA
1653 439 1987 501 CONCILII
2028 442 2333 506 NIC:ENI.
2369 470 2441 482 ν-
2479 449 2624 509 LIB.
2667 448 2751 510 II.

3438 469 3442 473 ·
3472 446 3608 516 1278

351 542 562 635 ἀληθὴς
577 541 674 635 τοῦ
702 542 840 635 Θεοῦ
869 544 1001 610 Θεὸς
1021 546 1210 615 Λόγος.
1240 566 1257 600 ι
1272 632 1273 635 η
1286 548 1376 619 Τῷ
1394 551 1503 621 γὰρ
1515 552 1657 622 λόγῳ
1676 553 1882 624 Κυρίου
1905 570 1923 606 c

2026 561 2330 615 .minirmli
2365 559 2561 614 ﬁrmati
2588 570 2735 629 sunt,
2769 569 2820 617 et
2867 560 3059 631 spiritu
3108 561 3222 616 oris
3265 560 3382 631 ejus
3430 565 3611 619 omnis

346 633 568 703 οὐρανοὶ
583 634 703 687 ἐστε
712 634 887 708 ρεώθη
896 655 1013 703 σαν,
1046 641 1139 693 καὶ
1155 641 1234 711 τῷ
1263 642 1535 712 πνεύματι
1554 642 1647 696 τοῦ
1668 645 1935 716 στόματος

346 722 512 777 αὐτοῦ
530 726 681 778 πᾶσα
698 727 731 796 η
748 726 974 797 δύναμις
989 729 1189 785 αὐτῶν.
1203 750 1221 783 ι
1235 733 1513 798 Ἤκουσας
1531 733 1687 803 λόγον
1698 736 1926 807 Κυρίου,

347 815 590 885 ἤκουσας
616 816 835 888 πνεῦμα
862 820 955 872 τοῦ
989 822 1260 892 στόματος
1287 826 1453 879 αὑτοῦ
1473 842 1487 855 ·
1518 828 1613 881 καί⁵
1637 827 1804 882 ἄκουε
1825 831 1934 883 τοία

348 924 445 959 νυν
471 908 564 961 καὶ⁵
592 908 756 963 πάλιν
796 911 926 981 περὶ
968 912 1066 983 τῆς
1107 915 1416 981 συστάσεως
1443 918 1542 989 τῆς
1571 919 1804 990 ἀληθοῦς
1838 924 1931 975 πί-

351 1017 524 1066 στεως
551 1003 653 1074 τῆς
695 1006 935 1070 εὐσεϐῶς
964 1007 1069 1062 ὑπὸ
1105 1008 1214 1063 τῶν
1244 1011 1488 1066 εὐσεϐῶν
1520 1016 1820 1087 νοουμένης
1871 1034 1931 1070 τε

352 1092 445 1144 καὶ
470 1094 880 1167 κηρυττομένης
898 1113 912 1129 ο
947 1097 1180 1171 ἐπείπερ
1208 1097 1362 1170 οἶμαι
1384 1101 1537 1154 οὐδὲν
1560 1103 1669 1155 τῶν
1701 1122 1934 1174 προανα-

353 1182 711 1254 φωνηθὲντων
754 1202 835 1239 σοι
884 1187 1036 1259 παρά
1083 1189 1354 1261 τοσαύτης
1408 1192 1581 1260 ἁγίων
1627 1194 1932 1266 ἀρχιερέων

357 1276 733 1345 πνευματικῆς
763 1279 985 1347 χορείας
1022 1278 1121 1347 τὴν
1162 1280 1417 1351 αἴσθησιν
1465 1282 1692 1348 δέδεξαι.
1732 1287 1931 1340 Ἀκουε

350 1365 528 1419 τοίνυν
564 1367 825 1435 εὐσεϐῶς,
854 1372 952 1424 καὶ
994 1371 1070 1443 μὴ
1100 1374 1212 1437 τοῖς
1255 1374 1618 1449 ἀνθρωπίνοις
1650 1376 1932 1447 λογισμοῖς

347 1456 723 1528 διερευνᾶσθαι
756 1462 932 1532 πειρῶ
960 1462 1057 1517 τὰ¹⁹
1085 1465 1374 1537 ἀπόρρητα
1440 1464 1513 1520 ’Ὅ
1566 1467 1769 1533 τέλειος
1802 1468 1926 1524 οὔτε

354 1548 624 1619 μειοῦται,
647 1550 771 1606 οὔτε
790 1553 962 1619 αὑξει.
996 1549 1088 1620 Εἷς
1109 1557 1371 1626 ἀγένητος
1393 1558 1420 1611 6
1442 1558 1578 1624 Θεὸς
1606 1562 1698 1615 καὶ
1719 1562 1868 1633 Πατή
1879 1581 1929 1632 ρ.

353 1637 447 1705 Εἷς
474 1644 609 1697 καὶὸ
627 1646 1022 1717 γεγεννημένος
1043 1647 1102 1712 ἐξ
1125 1649 1289 1703 αὐτοῦ
1312 1652 1607 1721 μονογενὴς
1636 1652 1764 1715 Υἱὸς
1797 1652 1932 1717 Θεὸς

350 1733 541 1801 Λόγος.
575 1735 788 1808 ’Ὠσπερ
810 1735 903 1792 οὖν
933 1740 1033 1793 οὐκ
1062 1738 1176 1793 ἔστι
1204 1743 1565 1812 συναγένητος
1586 1742 1664 1813 τῷ
1692 1741 1811 1813 Θεῷ
1836 1746 1931 1797 καὶ

353 1825 528 1895 Πατρὶ
556 1827 688 1891 Θεὸς
727 1830 934 1902 ἕτερος,
988 1832 1158 1897 οὕτως
1206 1832 1326 1886 οὐδὲ
1372 1836 1926 1909 συγγεγεννημένοςῆ

353 1923 879 1991 προγεγεννημένος,
927 1925 960 1996 ἧ
1009 1929 1545 1998 μεταγεγεννημένος
1584 1929 1699 1992 υίὸς
1741 1930 1927 1999 ἕτερος

350 2007 445 2061 τοῦ
475 2010 611 2064 Θεοῦ
648 2012 724 2083 τῷ
760 2019 1038 2085 μονογενεῖ
1073 2016 1188 2087 Υίῷ
1238 2019 1403 2071 αὐτοῦ
1449 2019 1568 2090 Θεῷ
1611 2021 1789 2092 Λόγῳ.
1832 2018 1925 2085 Εἷς

349 2099 521 2165 ὅντως
554 2104 686 2167 Θεὸς
714 2106 808 2158 καὶ
846 2107 1059 2180 Πατὴρ,
1089 2104 1170 2172 εἷς
1198 2109 1368 2174 ὅντως
1412 2113 1508 2165 καὶ
1539 2114 1567 2166 6
1593 2115 1925 2183 γεγεννημέκ

351 2209 439 2255 νος
467 2191 525 2258 ἐξ
545 2196 709 2249 αὐτοῦ
733 2199 1026 2268 ἀφράστως
1063 2200 1189 2266 Υίὸς
1222 2200 1354 2267 Θεὸς
1373 2204 1563 2273 Λόγος.
1596 2207 1805 2277 Ὠσπερ
1833 2201 1923 2259 οὖν

347 2285 408 2338 οὐ
434 2286 593 2357 Λόγῳ
621 2289 765 2361 μόνῳ
787 2291 973 2363 Πατὴρ
1006 2294 1035 2346 6
1062 2292 1214 2357 Θεὸς.
1244 2294 1418 2359 οὑτως
1456 2296 1579 2349 οὐδὲ
1602 2296 1747 2368 λόγῳ
1777 2298 1920 2368 μόνῳ

349 2374 494 2439 Υἱὸς.
526 2377 641 2432 ἀλλ’
676 2380 890 2448 ἀληθῶς
912 2382 1066 2447 Υἱός⁰
1102 2385 1325 2453 γνήσιος
1353 2388 1382 2440 6
1416 2387 1626 2458 Πατὴρ,
1648 2388 1870 2458 γνήσιος
1894 2391 1923 2442 6

348 2469 474 2534 Υίός
488 2487 502 2502 ο
522 2473 653 2537 Θεὸς
670 2476 697 2528 6
715 2475 920 2547 Πατὴρ,
938 2476 1068 2541 Θεὸς
1085 2478 1177 2531 καί⁵
1204 2480 1232 2532 6
1252 2477 1312 2540 ἐξ
1331 2479 1494 2534 αὑτοῦ
1518 2485 1912 2553 γεγεννημένος

346 2558 471 2623 Υἱός
493 2577 507 2592 ο
537 2562 740 2625 τέλειος
780 2566 808 2617 6
856 2565 1064 2637 Πατὴρ,
1092 2566 1301 2632 τέλειος
1329 2570 1492 2623 αὑτοῦ
1532 2571 1626 2624 καὶ
1680 2575 1707 2624 6
1754 2573 1882 2637 Υἱός
1903 2591 1915 2603 ·

344 2650 632 2722 ἀσώματος
663 2656 691 2707 ὁ
719 2656 928 2727 Πατὴρ,
951 2655 1241 2727 ἀσώματος
1279 2660 1372 2714 καὶ
1407 2663 1436 2715 6
1460 2662 1605 2727 Υἱὸς,
1641 2665 1735 2717 καὶ
1769 2666 1913 2719 ἀσω-

347 2742 516 2812 μάτου
544 2745 652 2818 γὰρ
683 2747 989 2820 χαρακτὴρ.
1020 2749 1117 2801 καὶ
1155 2751 1188 2821 ἡ
1234 2749 1397 2804 εἰκὼν
1436 2752 1728 2823 ἀσώματος
1756 2755 1907 2827 δηλο·

343 2834 485 2888 νότι.
512 2837 798 2901 Πιστεύεις
825 2838 1020 2909 τούτῳ,
1040 2833 1085 2893 ὦ
1113 2841 1387 2911 φιλόσοφε,
1415 2844 1496 2896 ὅτι
1515 2846 1835 2916 γεγέννηται
1856 2850 1921 2903 ὲκ

2037 654 2208 707 virtus
2239 667 2424 707 eorum
2448 650 2516 705 ⁸⁸.
2562 674 2581 705 ι
2640 653 2851 708 Audisti
2880 657 3102 710 verbum
3129 653 3364 719 Domini,
3404 655 3604 709 audisti

2036 743 2281 813 spiritum
2312 741 2460 796 auris
2490 740 2607 807 ejus
2633 760 2648 796 :
2688 741 2811 795 audi
2836 758 3023 798 rursus
3062 743 3130 798 de
3160 757 3299 797 verte
3325 741 3445 799 ﬁdei
3473 758 3606 798 con-

2036 837 2343 899 stitutione,
2379 850 2501 903 qum
2537 835 2623 903 pie
2674 849 2703 886 a
2730 833 2835 903 piis
2888 833 3159 888 intellecta
3215 842 3270 889 et
3316 833 3606 903 praedicata

2036 935 2116 982 est
2145 941 2162 979 :
2202 923 2638 995 quandoquidem
2688 922 2941 977 existimo
2966 922 3101 977 nihil
3148 923 3525 991 praedictorum
3555 931 3606 976 te

2033 1017 2312 1088 suscipere
2343 1024 2539 1087 przeter
2573 1015 2705 1068 tanti
2736 1022 3048 1068 sanctorum
3083 1013 3400 1082 pontiﬁcum
3438 1014 3607 1081 spiri-

2038 1110 2198 1164 tualis
2230 1108 2383 1163 chori
2417 1106 2768 1162 sententiam.
2829 1104 2966 1157 Audi
2993 1118 3122 1172 ergo
3152 1103 3261 1172 pie,
3297 1119 3397 1157 nec
3422 1103 3609 1157 huma-

2036 1200 2120 1255 nis
2151 1197 2658 1253 ratiocinationibus
2678 1211 2798 1265 quae
2816 1191 3104 1248 iuellabilia
3132 1201 3280 1256 sunt,
3316 1202 3459 1246 tenta
3482 1208 3606 1262 per-

2034 1290 2291 1347 scrutari.
2355 1288 2633 1344 Perfectus
2694 1299 2799 1341 nec
2847 1284 3128 1351 minuitur,
3200 1297 3301 1337 nec
3354 1293 3601 1351 augetur.

2040 1384 2189 1441 Unus
2216 1383 2487 1452 ingenitus
2516 1380 2658 1434 Deus
2690 1388 2743 1433 et
2776 1380 2934 1433 Pater
2972 1397 2987 1433 :
3027 1392 3165 1432 unus
3195 1391 3259 1430 ex
3285 1390 3351 1430 eo
3388 1376 3604 1446 genitus

2034 1475 2344 1545 unigenitns
2383 1472 2550 1525 Filius
2583 1471 2720 1524 Dens
2748 1469 2983 1525 Verbum
3010 1485 3025 1536 ;
3063 1469 3204 1522 sicut
3230 1482 3333 1521 non
3361 1476 3445 1521 est
3471 1465 3607 1520 alter

2034 1569 2177 1624 Deus
2208 1564 2474 1627 eumDeo
2500 1575 2552 1616 et
2581 1563 2741 1617 Patre
2771 1562 3069 1636 ingenitus,
3097 1562 3165 1616 ita
3200 1576 3373 1631 neque
3400 1576 3604 1632 conge-

2033 1664 2199 1725 nitus,
2227 1675 2398 1729 neque
2434 1658 2603 1728 prior,
2643 1670 2819 1723 neque
2870 1654 3138 1723 posterior
3179 1652 3365 1718 Filius,
3422 1653 3604 1716 diver-

2033 1769 2178 1811 susa
2235 1752 2345 1805 Deo
2385 1750 2667 1818 unigenito
2715 1744 2850 1801 Filio
2880 1746 3019 1815 ejus.
3067 1744 3176 1799 Deo
3204 1742 3403 1803 Verbo.
3453 1742 3603 1799 Unus

2033 1861 2157 1900 vere
2200 1845 2338 1899 Deus
2362 1851 2416 1897 et
2440 1840 2620 1903 Pater,
2650 1855 2787 1894 unus
2814 1839 2976 1893 etiam
3034 1837 3379 1891 ineﬂ'ahilitcr
3427 1852 3493 1891 ex
3531 1853 3596 1891 eo

1961 1908 2002 1962 Β
2031 1937 2244 2008 genitus
2272 1934 2458 1995 Filius,
2485 1932 2624 1985 Deus
2650 1929 2906 1983 Verbum.
2932 1928 3395 1995 Quemadmodum
3422 1936 3600 1981 autem

2029 2041 2130 2079 non
2150 2024 2263 2080 solo
2282 2024 2494 2079 nomine
2512 2022 2672 2076 Pater
2688 2032 2770 2076 est
2789 2020 2951 2085 Deus,
2969 2020 3047 2077 sic
3063 2034 3233 2088 neque
3249 2020 3364 2074 solo
3385 2019 3602 2074 nomine

2025 2111 2216 2178 Filius,
2234 2113 2327 2166 sed
2356 2127 2480 2165 vere
2498 2110 2587 2164 est
2610 2108 2807 2164 Filius:
2834 2124 2992 2163 verus
3013 2121 3097 2163 est
3117 2108 3297 2172 Pater,
3336 2125 3493 2164 verus
3511 2108 3569 2162 Fi
3586 2139 3599 2148 -

2027 2203 2189 2259 Iius.:
2251 2201 2390 2255 Deus
2450 2212 2530 2254 est
2573 2199 2752 2261 Pater,
2801 2196 2943 2252 Deus
2989 2199 3150 2252 etiam
3206 2198 3372 2253 Filius
3420 2214 3485 2253 ex
3535 2214 3601 2253 eo

2025 2295 2273 2365 genitus:
2321 2290 2589 2360 perfectus
2621 2289 2798 2352 Pater,
2831 2287 3096 2358 perfectus
3126 2298 3180 2341 et
3233 2290 3349 2357 ejus
3378 2288 3543 2343 Filius
3581 2307 3595 2344 :

2026 2388 2372 2456 incorporeus
2428 2383 2622 2446 Pater,
2684 2382 3032 2452 incorporeus
3094 2392 3149 2437 et
3198 2380 3364 2436 Filius
3414 2400 3429 2438 :
3514 2384 3599 2436 in-

2025 2479 2268 2546 corporei
2292 2476 2435 2532 enim
2455 2484 2538 2529 est
2577 2474 2765 2543 ﬁgura,
2794 2475 3105 2544 incorporea
3132 2474 3380 2527 nimirum
3402 2474 3597 2542 imago.

2023 2571 2215 2626 Credis
2249 2571 2370 2633 hoc,
2400 2567 2736 2637 philosophe,
2770 2567 2911 2635 quod
2943 2580 3009 2620 ex
3060 2565 3365 2619 substantia
3422 2562 3599 2618 Patris

2023 2664 2097 2718 sit
2121 2664 2334 2731 genitus
2368 2659 2673 2731 unigenitus
2703 2658 2820 2727 ejus
2849 2657 3039 2721 Filius,
3078 2656 3527 2728 quemadmodum
3567 2670 3599 2709 tt

2025 2754 2289 2826 principio
2318 2751 2738 2821 disputationum
2775 2765 2873 2821 per
2935 2750 3162 2820 plurima
3213 2762 3469 2817 expressa
3519 2756 3600 2800 te-

2025 2847 2279 2903 stimonia
2320 2844 2842 2908 demonstravimus,
2877 2843 3095 2897 annon?

340 2924 443 2994 τῆς
471 2927 660 2991 οὐσίας
709 2928 803 2982 τοῦ
836 2931 1051 3001 Πατρὸς
1097 2932 1127 2985 6
1188 2934 1481 3006 μονογενὴς
1512 2937 1639 3001 Υἱὸς
1687 2940 1877 3008 αὑτοῦ,
1911 2941 2164 3017 καθάπερ
2213 2937 2275 3005 ἐξ
2327 2936 2584 3009 ὑπαρχῆς
2634 2934 2743 2990 τῶν
2791 2936 2964 3005 λόγων
3014 2935 3102 2990 διὰ
3146 2936 3414 2991 πλείστων
3461 2938 3600 2991 ὅσων

342 3020 626 3092 γραφικῶν
656 3023 968 3095 μαρτυριῶν
998 3024 1386 3095 ἀπεδείξαμεν,
1419 3026 1572 3097 ἢούς

616 3178 1122 3250 Ἀντεπερώτησις
1148 3182 1255 3237 τοῦ
1282 3184 1643 3253 φιλοσόφου.

692 3313 817 3379 Πῶς
837 3315 933 3369 καὶ
957 3315 1063 3368 τίνι
1085 3316 1271 3387 τρόπῳ
1290 3333 1305 3379 ;
1337 3317 1566 3388 φράσον.

350 3459 413 3510 Ol
472 3454 625 3523 ἅγιοι
683 3454 1005 3509 ἐπίσκοποι
1067 3454 1164 3508 διὰ
1219 3455 1326 3523 τοῦ
1374 3456 1562 3511 αὐτοῦ
1628 3458 1924 3513 Εὐσεόίου

862 3526 1176 3594 Παμφίλου
1209 3520 1407 3581 εἶπαν.

417 3659 509 3729 Μὴ
536 3658 690 3730 ζήτει
730 3659 867 3725 πῶς,
903 3658 1159 3727 φιλόσοφε
1178 3676 1190 3691 ο
1217 3661 1267 3713 εί
1298 3661 1354 3714 δὲ
1391 3660 1489 3732 μὴ,
1534 3660 1678 3716 καθὰ
1704 3661 1808 3732 ἤδη
1837 3662 1927 3715 διὰ

348 3749 607 3803 πλειόνων
631 3749 844 3820 εἴρηταί
876 3766 980 3811 σοι,
1005 3751 1099 3803 καὶ
1129 3752 1187 3802 ὲν
1214 3752 1355 3823 ἀρχῇ
1383 3753 1482 3823 τῆς
1504 3752 1796 3817 διαλέξεως
1819 3752 1924 3805 διε-

350 3842 896 3914 μαρτυράμεθα,νὸτι
951 3844 1254 3914 κρημνίσαι
1306 3845 1528 3899 σεαυτὸν
1578 3844 1920 3911 σπουδάζεις,

345 3936 626 4007 ὃιερευνᾷν
652 3935 992 4006 πειρώμενος
1020 3937 1088 3990 τὰ
1111 3937 1529 4007 ἁνεξερεύνητα.
1566 3939 1629 3991 Εί
1671 3939 1771 4009 μὲν
1814 3939 1924 4010 γὰρ

344 4027 616 4098 ἐνδέχεται
634 4027 815 4097 ζητεῖν
841 4027 955 4090 πῶς
973 4030 1000 4081 ὀ
1019 4029 1331 4100 ἁγέννητος.
1346 4030 1617 4101 ἐνδέχεται
1635 4030 1728 4084 καὶ
1741 4031 1923 4102 ζητεῖν

346 4121 463 4183 πῶς
501 4120 598 4174 καὶ
632 4121 661 4173 6
682 4119 1099 4190 γεγεννημένος.
1132 4121 1195 4173 Et
1232 4120 1289 4173 δὲ
1319 4122 1380 4175 οὐ
1426 4123 1776 4186 καταλείπεις
1822 4124 1921 4193 ζή-

343 4229 518 4282 τησιν,
554 4213 673 4277 πῶς
710 4212 1074 4283 γεγέννηται·
1110 4213 1183 4284 μὴ
1230 4213 1386 4283 ζήτει
1440 4215 1510 4269 τὰ
1552 4216 1919 4286 ἀνερεύνητα,

344 4305 405 4355 οὐ
431 4303 541 4375 γὰρ
569 4303 863 4374 εὑρίσκεις.
896 4303 979 4357 Τὰ
1027 4303 1394 4374 εὑρισκόμενα
1422 4303 1597 4375 ζήτει,
1650 4304 1745 4358 καὶ
1772 4305 1921 4376 εὑρί-

344 4412 518 4458 σκεις.
571 4393 695 4449 Ἐὰν
742 4395 851 4467 γὰρ
897 4393 1089 4466 ζητῇς,
1119 4392 1269 4464 παρά
1307 4393 1448 4458 τίνος
1495 4394 1638 4465 ἔχεις
1689 4394 1919 4466 μαθείνς

2460 3198 2817 3268 Interrogatio
2845 3195 3165 3267 philosophi.

2280 3335 2559 3401 Quomodo
2586 3345 2640 3389 et
2668 3350 2899 3404 quanam
2947 3335 3198 3388 ratione?
3234 3335 3339 3388 dic.

2068 3469 2255 3525 Sancti
2283 3468 2512 3537 episcojii
2539 3483 2632 3536 per
2659 3466 2942 3520 Eusebium
2979 3465 3240 3534 Pamphili
3285 3467 3552 3521 dixerunt.

2092 3667 2165 3721 Ne
2193 3682 2409 3737 qumras
2440 3664 2733 3736 quomodo,
2763 3682 2795 3716 (ι
2841 3665 3186 3734 philosophe;
3231 3666 3491 3734 alioquin,
3540 3678 3598 3721 ut

2020 3759 2131 3825 jam
2164 3758 2407 3828 pluribus
2457 3758 2656 3812 dictum
2687 3765 2771 3810 est
2799 3755 2916 3819 tibi,
2958 3765 3013 3809 et
3042 3759 3110 3808 ab
3163 3756 3317 3808 initio
3360 3755 3598 3824 disputa-

2025 3849 2186 3905 tionis
2224 3848 2401 3903 testati
2432 3864 2637 3916 sumus,
2683 3848 2869 3903 studes
2919 3855 2969 3899 te
3025 3846 3353 3915 praecipitem
3414 3861 3595 3916 agere,

2023 3941 2353 4014 perscrutari
2384 3949 2594 3995 tentans
2620 3955 2737 4008 qum
2772 3937 3142 3992 inscrutabilia
3175 3945 3321 3991 sunt.
3361 3935 3417 3991 Si
3450 3938 3591 3992 enim

2023 4049 2269 4106 qumrere
2306 4034 2452 4098 licet,
2482 4032 2752 4103 quomodo
2805 4047 2912 4084 non
2969 4031 3204 4100 genitus,
3253 4028 3377 4084 licet
3432 4029 3593 4083 etiam

2022 4142 2284 4199 quaerere,
2317 4126 2407 4198 qui
2439 4125 2674 4196 genitus.
2722 4124 2779 4177 Si
2811 4137 2937 4177 vero
2960 4137 3064 4177 non
3093 4122 3297 4178 deseris
3349 4121 3596 4192 quaestio-

2024 4235 2170 4286 nem,
2217 4218 2488 4287 quomodo
2506 4217 2572 4271 sit
2599 4217 2849 4287 genitus;
2877 4233 2944 4271 ne
2968 4230 3181 4287 qttteras
3204 4214 3591 4279 inscrutabilia,

2023 4328 2128 4367 non
2159 4313 2300 4367 enim
2330 4309 2598 4364 invenies:
2654 4325 2866 4378 quaeras
2906 4324 3026 4379 qua:
3060 4306 3288 4361 inveniri
3348 4316 3592 4375 possunt,

2023 4417 2079 4461 et
2100 4404 2366 4460 invenies.
2386 4401 2454 4456 Si
2485 4401 2628 4456 enim
2654 4402 2951 4469 tjtnesieris,
2977 4416 3007 4454 a
3040 4415 3147 4468 quo
3175 4408 3326 4468 potes
3352 4398 3599 4452 discere?

344 4490 497 4559 παρά
530 4487 630 4558 τῆς
659 4488 792 4557 γῆςς
827 4487 925 4557 οὐχ
956 4487 1240 4554 ὑφίστατο,
1276 4485 1435 4558 Παρά
1475 4485 1785 4556 θαλάσσηςς
1829 4486 1922 4538 οὐ-

2027 4511 2057 4552 a
2090 4497 2402 4550 terra?non
2449 4493 2795 4548 subsistebat.
2845 4495 2890 4545 Λ
2921 4493 3097 4546 mari?
3149 4492 3386 4545 nondum
3438 4504 3593 4543 crea-

342 4582 489 4634 δέπω
539 4581 823 4634 ἑκέκτιστο
872 4582 905 4650 ὴ
956 4580 1117 4650 ὑγρά.
1174 4580 1331 4648 Παρὰ
1384 4578 1650 4647 οὑρανοῦ;
1703 4579 1803 4633 οὐκ
1855 4574 1922 4651 ἦν

342 4674 609 4747 ποιηθείς.
642 4674 801 4744 Παρὰ
828 4673 981 4744 ἡλίου
1012 4673 1108 4726 καὶ
1138 4672 1370 4744 σελήνης
1417 4672 1510 4725 καὶ
1550 4672 1796 4743 ἄστρων;
1832 4673 1921 4724 οὐ·

342 4767 489 4820 δὲπω
510 4766 991 4837 δεδημιούργηντο.
1032 4767 1186 4835 Παρά
1219 4764 1467 4834 ἀγγέλων
1503 4765 1597 4818 καὶ
1646 4765 1922 4835 ἀρχαγγέ-

343 4860 482 4926 λων;
520 4857 732 4913 οὐδέπω
778 4854 938 4929 ἦσαν,
981 4858 1212 4929 ἐπείπερ
1251 4858 1345 4909 καὶ
1397 4856 1575 4909 αὐτῶν
1626 4858 1855 4927 ποιητὴς
1891 4858 1920 4909 6

346 4951 495 5014 Υἱός.
512 4951 674 5005 Ἀλλά
703 4953 856 5023 παρά
887 4950 1099 5005 αἰώνων
1121 4967 1134 5013 ;
1168 4949 1275 5021 πρὸ
1296 4948 1511 5002 αἰώνων
1531 4950 1560 5002 6
1586 4949 1915 5016 Μονογενής.

340 5043 437 5112 Μὴ
471 5041 690 5109 ἐξέταζε
719 5044 789 5097 τὰ
821 5042 895 5114 μὴ
918 5044 1003 5096 ἀεὶ
1026 5043 1155 5096 ὄντα
1201 5039 1441 5111 περὶτοῦ
1468 5041 1553 5094 ἀεὶ
1578 5040 1750 5102 ὄντος.
1786 5040 1921 5111 ’Δρ-

346 5137 529 5205 ρητος,
573 5134 866 5206 ἀγέννητος
908 5135 937 5187 6
980 5135 1170 5206 Πατήρ
1195 5152 1207 5163 ·
1243 5135 1500 5207 ἄρῤητος,
1533 5134 1787 5206 ἀρρήτως
1829 5149 1921 5199 γε-

345 5241 504 5293 γεννη
516 5224 674 5294 μένος
701 5225 760 5290 ἒξ
785 5226 949 5279 αὐτοῦ
981 5229 1008 5279 6
1034 5228 1183 5290 Υἱός.
1206 5226 1489 5296 Σιώπησον
1512 5227 1640 5297 περὶ
1662 5224 1753 5278 τοῦ
1779 5223 1917 5290 πῶς,

345 5316 440 5366 καὶ
467 5314 791 5386 παραχώρει
818 5316 977 5369 τοῦτο
999 5316 1073 5387 τῷ
1105 5317 1482 5388 γεγεννηκότι,
1514 5317 1607 5369 καὶ
1630 5315 1709 5385 τῷ
1727 5333 1917 5385 γεγεν-

346 5406 585 5478 νημένῳ.
623 5407 680 5461 ’0
707 5409 816 5479 γὰρ
846 5408 1034 5479 Πατὴρ
1068 5411 1227 5479 μόνος
1253 5409 1513 5479 γινώσκει
1544 5409 1634 5463 τὸν
1688 5409 1811 5462 Υἱὸν
1836 5410 1920 5473 τίς

344 5500 485 5564 ἐστι,
517 5499 612 5553 καὶ
643 5501 672 5554 6
693 5499 817 5564 Υίὸς
848 5500 940 5553 τὸν
983 5501 1222 5573 Πατέρα,
1255 5504 1348 5555 καὶ
1390 5495 1435 5569 ᾧ
1476 5502 1569 5559 ἐὰν
1607 5502 1863 5573 βούληται
1893 5505 1921 5557 6

346 5588 473 5653 Υἱὸς
496 5590 868 5661 ἀποκαλύψαι,
907 5590 1052 5645 καθά
1080 5608 1214 5664 φησι
1255 5593 1316 5645 τὸ
1347 5592 1676 5661 Εὐαγγέλιον
1727 5591 1917 5648 αὑτοῦ.

345 5678 410 5733 Εί
433 5679 490 5735 δὲ
518 5679 596 5753 μὴ
626 5680 786 5754 θέλῃς
810 5682 1124 5738 παύσασθαι
1169 5683 1227 5736 τὸ
1258 5682 1395 5747 πῶς,
1427 5683 1560 5738 ἀλλά
1598 5683 1919 5754 φιλονεικεῖς

418 5860 466 5895 ⁸⁵
494 5861 635 5918 Psal.
664 5880 834 5929 xxx",
859 5865 911 5918 6.
991 5864 1034 5895 ⁸⁸
1060 5861 1250 5918 Matth.
1281 5877 1341 5930 tt,
1368 5860 1471 5933 27.,

2024 4595 2136 4639 tum
2170 4584 2343 4639 fuerat
2375 4601 2543 4638 mare.
2608 4585 2646 4637 Α
2676 4581 2862 4637 caalo?
2910 4585 3143 4636 nondum
3194 4591 3313 4636 erat
3370 4579 3590 4634 factum.

2021 4678 2060 4730 A
2096 4676 2209 4730 sole
2236 4685 2328 4729 aut
2354 4675 2477 4728 luna
2503 4674 2585 4729 vel
2622 4673 2829 4727 stellis?
2859 4672 3095 4727 nondum
3122 4672 3333 4725 fuerant
3356 4670 3590 4724 comlita.

2024 4772 2104 4825 Ah
2150 4767 2356 4839 angelis
2406 4776 2461 4820 et
2495 4764 2877 4834 archangelis?
2918 4763 3152 4818 nondum
3181 4771 3373 4824 erant;
3436 4759 3597 4829 siqui-

2021 4866 2139 4917 dem
2166 4870 2220 4917 et
2266 4860 2504 4931 ipsorum
2553 4856 2725 4911 Iactor
2752 4868 2835 4911 est
2890 4856 3077 4911 Filius.
3140 4854 3244 4909 Sed
3280 4871 3306 4907 a
3344 4850 3596 4908 saeculis?

2026 4956 2139 5023 ipse
2166 4964 2292 5007 ante
2322 4936 2514 5006 saecula
2547 4950 2876 5020 unigenitns.
2929 4947 3004 5003 Ne
3032 4947 3192 5017 igitur
3214 4960 3425 5015 qureras
3478 4960 3596 5012 qua:

2029 5057 2132 5094 nou
2208 5054 2421 5108 semper
2480 5038 2721 5102 fuerunt,
2785 5038 2850 5092 de
2897 5051 2962 5091 eo
3004 5036 3146 5106 quod
3189 5049 3402 5104 semper
3474 5032 3594 5087 fuit.

2029 5130 2313 5189 lneﬂ'abilis
2334 5140 2389 5187 et
2420 5131 2689 5201 ingenitus
2711 5140 2792 5185 est
2815 5128 2995 5194 Pater,
3015 5126 3300 5183 ineﬂ'abilis
3332 5136 3414 5181 est
3444 5134 3499 5180 et
3529 5141 3592 5180 ex

2026 5240 2091 5279 eo
2121 5223 2466 5280 ineﬁ‘abiliter
2504 5223 2715 5291 genitus
2736 5222 2925 5276 Filius.
2984 5221 3190 5275 Taceas
3220 5233 3350 5288 ergo
3390 5218 3458 5272 de
3487 5216 3598 5280 illo,

2027 5313 2316 5386 quomodo,
2341 5321 2395 5368 et
2421 5311 2688 5367 concedas
2717 5311 2818 5366 hoc
2846 5310 2894 5364 ei
2922 5311 3012 5379 qui
3041 5310 3244 5380 genuit,
3296 5317 3351 5360 et
3394 5306 3596 5376 genito.

2030 5409 2190 5463 Pater
2211 5406 2353 5460 enim
2376 5405 2523 5459 solus
2554 5403 2796 5474 agnoscit
2853 5400 3050 5455 Filium
3090 5401 3177 5468 qui
3213 5408 3314 5462 est,
3339 5409 3392 5453 et
3432 5397 3600 5453 Filius

2027 5498 2262 5563 Patrem,
2288 5508 2344 5553 et
2383 5498 2470 5552 cui
2497 5497 2728 5551 voluerit
2759 5496 2926 5549 Filius
2959 5494 3196 5549 revelare
3217 5493 3286 5559 ⁸⁸,
3317 5501 3374 5546 ut
3400 5492 3476 5545 ait
3514 5492 3598 5558 ip-

2027 5593 2140 5647 sius
2174 5592 2549 5661 Evangeliunt.
2606 5587 2661 5642 Si
2695 5601 2873 5643 autem
2903 5605 3007 5641 non
3059 5588 3140 5642 vis
3193 5600 3408 5643 cessare
3449 5583 3574 5638 illud

2026 5686 2138 5755 qui,
2170 5683 2261 5740 sed
2284 5680 2568 5738 contendis
2592 5679 2959 5736 luserutabilia
2982 5680 3332 5750 perscrutari,
3362 5675 3597 5732 ridemus
