4148 6614
568 402 703 467 1279

1803 393 2103 457 GELASII
2172 391 2511 454 CYZICENI

3689 405 3827 472 ιεξο

567 527 713 569 tuam
745 511 1046 577 audaciam,
1085 510 1214 581 quin
1248 508 1422 579 magis
1446 506 1706 564 deﬂemus
1735 518 1807 574 te,
1833 508 1974 577 quod
2029 520 2132 560 non

2243 500 2514 576 διερευνᾷν
2558 506 2628 560 τὰ
2689 507 3105 580 ἀνεξερεύνητα,
3143 513 3535 584 καταγελῶμέν
3582 534 3675 570 σου
3718 520 3821 589 τὴν

558 608 694 661 velis
730 604 834 659 ﬁde
866 604 1170 665 intelligere
1246 600 1413 655 Deum
1466 615 1681 667 semper
1738 598 1953 654 Patrem
2013 596 2133 653 Filii

554 698 661 763 sui,
696 708 750 754 et
768 696 1102 768 unigenitum
1122 710 1276 749 suum
1308 693 1753 761 Filium,semper
1773 691 1888 759 ejus
1917 689 2132 755 Filimn,

557 805 771 860 semper
806 805 926 844 cum
956 788 1118 842 Patre
1161 786 1328 842 fuisse
1382 801 1488 840 non
1534 784 1912 855 posteriorem,
1963 791 2024 836 ut
2079 792 2133 835 tu

556 885 725 954 impie
763 882 988 938 asseris.
1040 879 1144 935 Sed
1187 880 1289 933 lide
1338 877 1577 948 intellige
1605 885 1767 945 atque
1817 875 2134 939 conﬁteare,

559 976 866 1045 perlectum
923 971 1117 1025 Filium
1141 985 1203 1024 ex
1240 968 1499 1038 perfecto,
1536 975 1594 1020 ut
1627 980 1769 1035 saepe
1802 963 2024 1028 audisti,
2050 962 2134 1016 lu-

559 1084 681 1123 men
719 1078 979 1121 aeternum
1016 1081 1079 1119 ex
1115 1071 1318 1119 :eterno
1370 1060 1591 1124 lumine,
1630 1057 1793 1112 Deum
1854 1071 2037 1111 verum
2069 1070 2133 1110 ex

557 1173 685 1214 vero
711 1160 816 1213 Deo
841 1167 895 1212 et
934 1157 1113 1220 Patre,
1146 1155 1445 1208 increatum
1479 1166 1542 1204 ex
1566 1150 1831 1212 iucreato,
1853 1148 1973 1203 sine
1992 1162 2136 1202 com-

561 1250 827 1321 positione
856 1251 921 1303 ah
943 1264 1007 1303 eo
1039 1248 1128 1317 qui
1155 1243 1579 1314 compositionis
1612 1252 1694 1296 est
1724 1256 1943 1308 expers.
1985 1255 2131 1294 sem-

560 1359 658 1415 per
677 1344 1028 1398 exsistentem
1056 1342 1195 1408 apud
1222 1337 1478 1391 Patrem:
1540 1333 1627 1387 «lu
1679 1333 1947 1403 principio
1988 1332 2131 1386 enim

559 1442 677 1488 erat
713 1432 962 1495 Verbum,
986 1438 1041 1482 ut
1064 1428 1138 1481 ait
1162 1427 1402 1481 Joannes
1428 1423 1779 1494 evangelista,
1807 1432 1861 1476 et
1894 1420 2134 1476 Verbum

559 1536 677 1579 erat
706 1524 844 1594 apud
894 1524 1075 1587 Deum,
1125 1530 1178 1575 et
1216 1520 1354 1573 Deus
1405 1528 1527 1573 erat
1582 1518 1814 1572 Verbum
1833 1517 1936 1584 “.v
1978 1515 2131 1580 lllttd,

559 1627 697 1681 erat,
740 1614 1083 1685 philosophe,
1146 1629 1250 1667 non
1312 1612 1473 1665 habet
1537 1610 1745 1680 aliquid
1788 1610 2129 1680 praecedens:

524 1770 535 1777 λ
564 1708 714 1771 illttd,
744 1718 882 1771 erat,
911 1705 1252 1775 philosophe,
1279 1703 1417 1758 tollit
1441 1703 1582 1771 quod
1618 1719 1720 1756 non
1744 1711 1883 1769 erat,
1913 1701 2133 1772 utprius

562 1803 928 1856 ostendimus:
963 1809 1019 1855 et
1057 1799 1208 1865 illud,
1259 1799 1419 1862 Deus,
1483 1796 1622 1851 tollit
1681 1795 1832 1865 quod
1886 1810 1992 1849 non
2050 1803 2135 1849 est

464 1896 470 1903 '
566 1895 728 1950 Deus.
762 1893 991 1962 Scriptis
1017 1892 1200 1955 crede,
1234 1903 1355 1958 qum
1384 1904 1489 1942 ιιυιι
1518 1887 1714 1954 scripta
1748 1893 1894 1949 sunt,
1928 1901 1995 1939 ne
2044 1899 2137 1939 co-

565 1985 725 2053 gites,
760 1997 859 2037 nec
900 1980 1163 2050 inquiras.
1229 1978 1437 2033 Credas
1482 1978 1624 2046 quod
1673 1975 1853 2029 omnia
1898 1974 2140 2029 condidit

573 2076 742 2130 Filius
775 2090 893 2145 quae
926 2075 1064 2128 facta
1096 2082 1220 2126 sunt
1246 2070 1522 2125 voluntate
1567 2068 1763 2134 Patris,
1812 2082 1919 2122 non
1949 2070 2140 2122 oculo-

568 2184 684 2221 rum
729 2167 922 2221 intuitu
955 2168 1119 2236 (Deus
1145 2165 1286 2219 euiut
1344 2160 1761 2231 compositionis
1787 2170 1872 2215 est
1920 2173 2139 2229 expers,

568 2269 625 2313 ut
653 2258 1041 2329 praediximus),
1075 2257 1169 2310 sed
1202 2255 1497 2320 voluntate,
1526 2263 1584 2307 ut
1620 2254 1734 2321 ipse
1779 2252 1927 2307 solus
1953 2252 2136 2306 novit:

567 2348 707 2417 quod
745 2363 840 2402 nos
867 2347 994 2401 Fide
1028 2346 1397 2417 iutelligentes
1425 2342 1807 2413 prmdicamus,
1839 2342 1992 2409 juxta
2016 2357 2143 2395 san-

569 2452 777 2496 ctarqu
862 2440 1265 2507 Scripturarum
1339 2436 1664 2502 doctrinam,
1743 2436 1887 2504 quod
1967 2432 2141 2489 Patris

569 2534 797 2589 consilio
835 2549 896 2586 ac
958 2547 1055 2587 suo
1095 2531 1338 2587 Condidit
1402 2544 1620 2584 omnem
1680 2537 2017 2590 creaturam,
2087 2534 2144 2581 et

569 2642 689 2697 qua!
767 2628 816 2679 iu
897 2625 1036 2678 coelo
1077 2633 1177 2690 est,
1220 2634 1273 2677 et
1344 2638 1465 2689 qua:
1556 2622 1605 2675 in
1678 2631 1849 2684 terra,
1926 2628 2147 2688 etquae

492 2740 493 2745 π
579 2702 814 2780 videtur,
889 2725 943 2770 et
1009 2730 1127 2785 qua:
1195 2713 1552 2782 intelligentia
1632 2712 1957 2783 percipitur,
2035 2725 2142 2765 non

569 2809 979 2873 instrumentis,
1069 2816 1162 2861 aut
1224 2806 1525 2872 machinis,
1601 2819 1698 2859 nec
1775 2805 2000 2877 alicujus
2062 2804 2144 2858 al-

573 2904 737 2957 terius
781 2903 1016 2969 auxilio,
1061 2903 1190 2967 sed,
1235 2912 1291 2954 ιιι
1338 2902 1497 2971 paulo
1546 2912 1672 2956 ante
1724 2901 1957 2956 diximus
1984 2941 1999 2968 ,
2047 2916 2145 2956 vo-

575 2995 778 3049 luntate
822 2993 1038 3060 Patris,
1079 2995 1168 3063 qui
1209 2994 1276 3048 ad
1309 2978 1479 3064 ipsum
1524 3005 1575 3049 et
1612 2995 1677 3047 ad
1722 2993 1980 3063 Spiritum
2021 3009 2147 3049 san-

570 3100 716 3140 ctum
752 3089 957 3142 locutus
991 3097 1114 3141 est:
1159 3106 1176 3138 ‹
1207 3085 1492 3141 Faciamus
1536 3087 1811 3140 hominem
1860 3088 1924 3140 ad
1959 3085 2142 3155 imagi-

2236 594 2460 664 τόλμαν,
2496 597 2695 667 μάλλον
2725 599 2784 653 δὲ
2814 604 2906 654 καὶ
2935 602 3130 656 πενθοῦ
3142 603 3241 673 μέν
3296 620 3376 671 σε,
3415 606 3496 659 ὅτι
3530 608 3592 659 οὐ
3633 607 3819 662 πίστει

2245 684 2419 750 θέλεις
2459 690 2600 741 νοεῖν
2643 690 2734 743 τὸν
2759 691 2893 745 Θεὸν
2938 693 3028 746 ἀεὶ
3069 694 3289 766 Πατέρα
3332 695 3427 749 τοῦ
3466 696 3599 750 Υίοῦ
3628 699 3818 763 αὐτοῦ,

2238 776 2329 828 καὶ
2357 777 2447 830 τὸν
2476 781 2740 850 μονογενῆ
2766 781 2894 835 Υίὸν
2921 783 3108 846 αὐτοῦ,
3139 785 3224 838 ἀεὶ
3258 787 3388 840 Υἱὸν
3418 788 3582 841 αὑτοῦ
3621 804 3821 843 συνυπ-

2241 868 2474 939 άρχοντα
2531 872 2619 924 ἀεῖ
2665 871 2743 942 τῷ
2789 873 2963 945 Πατρὶ
2986 917 3001 942 ,
3059 877 3152 930 καὶ
3203 878 3264 929 οὗ
3320 878 3778 950 μεταγενέστερον
3808 929 3820 939 ,

2240 959 2418 1025 καθὼς
2440 962 2503 1015 σὺ
2523 962 2738 1027 ἀσεϐῶς
2766 966 2892 1036 φής.
2918 965 3079 1021 Ἀλλὰ
3097 968 3204 1021 νόει
3224 967 3425 1032 πίστει,
3449 968 3544 1022 καὶ
3568 969 3825 1040 ὁμολόγει

2235 1050 2438 1107 τέλειον
2479 1053 2543 1106 ὲκ
2585 1054 2788 1108 τελείου
2835 1057 2927 1111 τὸν
2959 1058 3106 1124 Υίὸν,
3144 1060 3219 1124 ὡς
3255 1060 3513 1126 πολλάκις
3556 1063 3822 1134 ἧκουσας,

2245 1143 2360 1212 φῶς
2410 1145 2580 1200 ἀῖδιον
2651 1148 2716 1201 ἐκ
2766 1149 2944 1218 φωτὸς
2988 1151 3159 1206 ἀϊδίου
3180 1193 3197 1220 ,
3276 1154 3410 1209 Θεὸν
3458 1156 3709 1227 ἀληθινὸν
3757 1157 3824 1224 ἐξ

2235 1235 2491 1307 ἀληθινοῦ
2530 1238 2666 1292 Θεοῦ
2717 1242 2810 1294 καὶ
2880 1243 3114 1315 Πατρὸς,
3144 1246 3399 1300 ἁκτιστυν
3440 1248 3499 1313 ἐξ
3538 1251 3823 1317 ἀκτὶστου,

2240 1327 2535 1383 ἀσύνθετον
2586 1331 2645 1397 ἐξ
2674 1332 2999 1399 ἀσυνθέτου,
3020 1335 3107 1388 ἀεὶ
3133 1335 3261 1390 ὅντα
3284 1338 3423 1408 πρὸς
3448 1339 3542 1392 τὸν
3574 1341 3821 1413 Πατέρα·

2243 1439 2261 1472 ι
2308 1420 2396 1473 Ἐν
2420 1421 2562 1492 ἀρχῇ
2602 1421 2712 1493 γὰρ
2743 1419 2812 1494 ἦν
2841 1427 2869 1478 ὁ
2896 1424 3072 1494 λόγος,
3115 1428 3259 1481 καθά
3289 1445 3455 1499 φησιν
3495 1430 3748 1503 Ἰωάννης
3789 1435 3823 1488 6

2235 1513 2653 1586 εὐαγγελιστὴς,
2679 1515 2774 1569 καὶ
2791 1516 2818 1568 6
2838 1516 3008 1584 A670;
3029 1514 3098 1589 ἦν
3122 1518 3254 1590 πρὸς
3278 1519 3368 1573 τὸν
3382 1521 3537 1585 Θεὸν,
3569 1526 3661 1577 καὶ
3687 1526 3824 1590 Θεὸς

2235 1600 2303 1676 ἦν
2336 1608 2364 1659 6
2390 1606 2582 1676 Λόγος.
2624 1627 2643 1660 ι
2680 1609 2754 1661 Τὸ
2792 1604 2881 1677 ἦν,
2924 1610 3203 1679 φιλόσοφε,
3247 1612 3310 1666 τὸ
3341 1617 3694 1687 προϋπάρχον
3720 1620 3823 1672 οὐκ

2237 1699 2379 1770 ἔχει·
2416 1700 2476 1753 τὸ
2505 1696 2594 1771 ἦν,
2632 1700 2909 1771 φιλόσοφε,
2939 1706 3272 1775 περιγράφει
3312 1706 3373 1760 τὸ
3404 1708 3504 1760 οὐκ
3551 1704 3639 1779 ἦν,
3678 1710 3823 1764 καθὰ

2239 1792 2710 1864 προαπεδείξαμεν
2742 1810 2757 1825 ·
2814 1796 2909 1848 καὶ
2967 1796 3028 1849 τὸ
3074 1796 3207 1860 Θεὸς
3265 1801 3597 1872 περιγράφει
3650 1803 3712 1855 τὸ
3757 1800 3820 1856 οὐ

2240 1882 2407 1947 Θεόςο
2446 1885 2572 1947 Τοῖς
2612 1885 3019 1957 γεγραμμένοις
3060 1887 3303 1952 πίστευε,
3355 1889 3424 1943 τὰ
3475 1890 3551 1961 μὴ
3577 1909 3823 1964 γεγραμ-

2243 1974 2380 2045 μένα
2437 1975 2513 2046 μὴ
2565 1978 2755 2040 ἐννόει,
2818 1977 2952 2047 μηδὲ
3000 1977 3171 2048 ζήτει.
3225 1980 3455 2034 Πίστευε
3505 1982 3588 2035 ὃτι
3644 1985 3822 2037 πίντα

2242 2065 2404 2129 αὐτὸς
2461 2067 2896 2139 ἐδημιούργησεν
2931 2071 2960 2122 ὁ
3013 2068 3138 2133 Υἱὸς
3178 2071 3244 2124 τὰ
3299 2074 3641 2146 γεγενημένα
3699 2074 3822 2127 νεῦ-

2245 2175 2377 2228 ματι
2417 2157 2690 2229 πατρικῷ,
2717 2159 2818 2213 οὐκ
2851 2159 3147 2231 ὀφθαλμῶν
3179 2161 3483 2235 βλέμματι·
3529 2165 3822 2230 ἀσύνθετος

2241 2248 2351 2319 γάρ
2416 2250 2445 2302 6
2500 2249 2672 2314 Θεὸς,
2732 2251 2810 2314 ὡς
2859 2254 3304 2323 προειρήκαμεψ
3351 2255 3489 2309 ἀλλὰ
3546 2256 3821 2327 νεύματι,

2243 2341 2319 2405 ὡς
2368 2343 2528 2407 αὐτὸς
2581 2339 2690 2397 οἶδε
2744 2345 2936 2415 μόνος)
2976 2346 3113 2416 ὅπερ
3144 2348 3305 2417 ἡμεῖς
3348 2348 3528 2402 πίστει
3575 2349 3823 2413 νοοῦντες

2244 2433 2611 2505 κηρύττομεν,
2653 2436 2790 2506 μετὰ
2832 2436 2931 2507 τὴν
2960 2436 3308 2493 διδασκαλίαν
3348 2441 3457 2493 τῶν
3492 2442 3653 2513 ἱερῶν
3681 2443 3825 2513 Γραοο

2247 2527 2383 2597 φῶν,
2411 2529 2494 2582 ὅτι
2520 2528 2681 2599 βουλῇ
2705 2528 2799 2582 τοῦ
2819 2530 3030 2601 Πατρὸς
3052 2532 3145 2584 καὶ
3174 2532 3367 2586 ἑαυτοῦ
3389 2534 3823 2606 δεδημεοὺργηκε

2246 2622 2427 2675 πᾶσαν
2457 2625 2558 2692 τὴν
2593 2622 2769 2675 κτίσιν
2802 2624 2900 2694 τήν
2939 2639 2998 2676 τε
3046 2625 3369 2695 ἐπουράνιον
3414 2627 3508 2679 καὶ
3559 2629 3819 2692 ἐπίγειον,

2245 2711 2344 2782 τήν
2357 2727 2417 2763 τε
2432 2710 2717 2782 ὁρωμένην
2734 2712 2828 2765 καὶ
2843 2712 3161 2786 νοουμένην,
3180 2715 3279 2767 οὐκ
3293 2716 3320 2767 6
3328 2716 3565 2785 ργάνοις,
3584 2716 3704 2769 οῦτε
3719 2735 3825 2787 μη-

2247 2805 2454 2873 χαναῖς,
2472 2802 2592 2855 οὐδὲ
2613 2804 2872 2875 συνεργία
2891 2804 3037 2869 τινὸς
3058 2806 3143 2859 ἑτέ
3152 2824 3268 2878 ρου,
3286 2806 3420 2859 ἀλλὰ
3438 2807 3602 2879 βουλή
3612 2825 3690 2861 σει
3712 2810 3823 2861 lla-

2244 2897 2403 2968 τρὸς,
2445 2897 2588 2951 καθὰ
2622 2898 2825 2969 ἀρτίως
2879 2900 3204 2971 εἰρήκαμεν,
3257 2899 3351 2954 τοῦ
3399 2902 3650 2965 εἰπόντος
3684 2902 3822 2973 πρὸς

2247 2987 2413 3041 αὑτὸν
2441 2988 2536 3041 καὶ
2562 2986 2622 3041 τὸ
2658 2988 2883 3060 Πνεῦμα
2904 2989 2965 3042 τὸ
2992 2990 3147 3058 ἆγιον
3170 3006 3183 3020 ⁸
3218 3008 3237 3042 ε
3269 2992 3594 3061 Ποιήσωμεν
3616 2990 3828 3061 ἄνθρω-

2250 3097 2350 3133 πον
2380 3080 2501 3133 κατ’
2543 3081 2731 3134 είκόνα
2763 3082 3042 3154 ἡμετέραν
3074 3083 3170 3137 καὶ
3205 3082 3328 3136 καθ’
3357 3082 3621 3153 ὁμοίωσιν
3660 3102 3676 3134 ι
3710 3083 3826 3137 Οὖκ

572 3193 691 3231 nem
725 3187 779 3230 et
810 3176 1217 3230 similitudinem
1252 3187 1495 3230 nostram
1517 3174 1587 3228 "'.
1637 3172 1811 3228 »Νοιι
1845 3174 1981 3228 dixit
2007 3173 2137 3238 Fac,

2246 3168 2390 3240 εἶπε,
2410 3173 2673 3245 Ποίησον,
2700 3174 2732 3245 ἢ
2765 3174 3059 3245 Ποιήσατε,
3087 3175 3225 3230 ἀλλὰ
3242 3177 3586 3248 Ποιήσωμεν,
3610 3176 3825 3241 δεικνὺς

573 3284 672 3321 nec
710 3266 916 3331 Facite,
947 3268 1038 3321 sed
1074 3266 1396 3333 Faciamus;
1429 3267 1722 3321 ostendens
1763 3267 1816 3320 id
1857 3266 1999 3336 quod
2058 3275 2143 3321 est

569 3361 1052 3426 consubstantiale,
1102 3360 1340 3427 ejusdem
1379 3360 1604 3415 honoris
1656 3359 1707 3413 iu
1755 3360 1909 3414 beata
1958 3358 2048 3413 illa
2089 3368 2145 3414 et

570 3451 822 3507 inell‘abili
865 3452 1128 3507 trinitate.
1169 3449 1245 3505 Ne
1288 3450 1690 3515 obmurmures,
1739 3465 1771 3503 ο
1800 3450 2139 3520 philosophe,

569 3557 746 3613 neque
801 3542 991 3598 oculos
1043 3558 1261 3598 moveas
1307 3561 1320 3596 :
1371 3542 1463 3597 sed
1520 3543 1716 3596 mentis
1770 3543 1967 3597 intuitu
2021 3544 2142 3598 vide

568 3635 987 3705 apostolicorum
1021 3635 1335 3704 dogmatunt
1378 3636 1769 3706 integritatem,
1807 3650 1870 3690 ac
1912 3636 2143 3692 ﬁdeliter

567 3729 805 3798 suscipe,
854 3744 959 3783 nou
997 3728 1226 3798 amplius
1256 3728 1491 3784 inﬁdelis
1534 3728 1825 3791 exsistens,
1861 3731 1954 3783 sed
2008 3729 2140 3784 lide-

566 3820 651 3876 lis.
691 3820 829 3874 Audi
883 3835 1012 3889 ergo
1053 3831 1221 3891 atque
1266 3814 1526 3890 iu'tellige.
1571 3818 1665 3873 Dei
1708 3819 1945 3875 Verbum
1997 3820 2140 3889 quod

566 3913 667 3965 luit
722 3923 847 3967 aute
900 3911 1115 3977 szecula,
1176 3910 1344 3965 Filius
1386 3910 1581 3980 ipsius,
1632 3911 1700 3964 ad
1744 3925 1903 3979 quem
1957 3910 2135 3964 dixit:

570 4021 589 4055 ε
628 4002 913 4059 Faciamus
946 4004 1240 4067 hominem,
1273 4024 1291 4056 ι
1330 4014 1385 4057 ει
1420 4018 1539 4073 qua:
1581 4012 1920 4074 sequuntur,
1965 4004 2137 4071 ipsum

567 4111 759 4151 rursus
787 4096 839 4149 iu
871 4096 1061 4151 diebus
1090 4094 1399 4150 novissimis
1425 4106 1479 4149 et
1510 4094 1687 4149 Patris
1716 4105 1771 4149 et
1799 4109 1897 4148 sua
1930 4103 2141 4148 senten-

567 4187 639 4239 tia
680 4186 843 4239 homo
868 4186 1065 4240 l'actmu
1112 4196 1218 4251 est,
1264 4187 1604 4241 incarnatutu
1636 4202 1699 4241 ex
1729 4185 1971 4256 Virgine,
2025 4201 2142 4256 pro-

566 4289 688 4347 pter
723 4294 847 4333 eum
890 4280 979 4347 qui
1015 4278 1199 4349 lapsus
1243 4288 1350 4343 est,
1382 4278 1683 4343 Adamum;
1735 4279 2136 4348 incorporeum,

564 4386 686 4425 cum
736 4371 789 4424 in
840 4386 1069 4440 corpore
1104 4371 1456 4439 semetipsum
1493 4371 1849 4434 exinanisset,
1896 4379 1957 4425 ut
2004 4371 2141 4425 dixit

566 4463 842 4533 apostolus
885 4462 1084 4518 Paulus
1104 4465 1170 4529 ⁸⁸,
1224 4476 1446 4536 propter
1498 4479 1697 4535 corpus
1743 4462 1950 4533 accepit
1997 4462 2139 4518 Deus

2248 3267 2310 3321 τὸ
2340 3267 2624 3339 ὁμοούσιοι.
2669 3269 2765 3321 καὶ
2807 3268 3072 3339 ὁμότιμον
3102 3268 3196 3323 ἐπὶ
3242 3269 3344 3339 τῆς
3372 3270 3650 3341 μακαρίας
3677 3269 3826 3322 ὲκεί-

2249 3377 2347 3430 νης
2379 3360 2473 3413 καὶ⁴
2517 3360 2799 3431 ἀφραστου
2839 3360 3077 3431 τριάδος.
3129 3362 3239 3414 Καὶ
3266 3362 3339 3431 μὴ
3384 3354 3825 3430 ὑπογόγγυζε,ᾧ

2250 3448 2528 3519 φιλόσοφε,
2566 3449 2662 3503 καὶ
2695 3450 2824 3513 τοὺς
2871 3448 3188 3520 ὀφθαλμοὺς
3230 3451 3510 3515 ἀνακίνει,
3544 3451 3685 3505 ἀλλὰ
3722 3452 3826 3522 ὅρα

2247 3540 2325 3612 τῷ
2346 3540 2447 3612 τῆς
2481 3541 2721 3604 διανοίας
2750 3540 3026 3611 βλέμματι
3060 3541 3160 3612 τὴν
3193 3542 3304 3595 τῶν
3334 3542 3714 3596 ἀποστολικῶν
3744 3542 3828 3596 6o-

2247 3621 2475 3707 γμάτων
2496 3636 2808 3706 ἀκρίϐειαν,
2829 3636 2925 3689 καὶ
2957 3634 3115 3706 δέχου
3139 3634 3370 3700 πιστῶς,
3407 3635 3482 3707 μὴ
3517 3634 3612 3689 ἐπὶ
3643 3635 3829 3689 πλεῖον

2249 3727 2544 3797 γενόμενος
2598 3728 2848 3794 ἄπιστος,
2905 3726 3045 3781 ἀλλὰ
3092 3727 3304 3791 πιστός.
3352 3728 3551 3781 ’Λκουε
3606 3724 3701 3782 οὗν
3732 3729 3829 3782 καὶ

2250 3819 2426 3881 σύνες.
2456 3818 2517 3873 Ὀ
2542 3820 2636 3873 τοῦ
2666 3819 2803 3872 Θεοῦ
2826 3819 3005 3888 λόγος,
3036 3820 3065 3873 ὁ
3097 3820 3202 3889 πρὸ
3230 3818 3444 3873 αἰώνων
3472 3818 3644 3873 αὑτοῦ
3676 3818 3824 3882 Υἱὸς,

2247 3910 2385 3981 πρὸς
2408 3911 2466 3964 ὸν
2488 3906 2639 3963 εἶπε·
2669 3930 2689 3963 ε
2724 3913 3046 3983 Ποιήσωμεν
3060 3912 3369 3983 ἄνθρωπον,
3398 3931 3416 3961 ι
3444 3912 3629 3965 καὶτὰ
3660 3912 3783 3983 ἑξῆς
3803 3929 3820 3943 ⁸

2248 4002 2408 4066 αὐτὸς
2438 4003 2601 4056 πάλιν
2635 4006 2720 4057 ἐπ’
2756 4004 3002 4075 ἐσχάτων
3033 4005 3143 4058 τῶν
3177 4006 3403 4076 ἡμερῶν
3435 4004 3597 4078 βουλῇ
3628 4023 3809 4077 πατρι·

2260 4098 2329 4168 κῇ
2352 4096 2448 4151 καὶ
2479 4098 2657 4169 οἰκείᾳ
2680 4097 2774 4152 ἄνθ
2784 4115 2967 4169 ρωπος
2994 4097 3213 4167 γέγονε,
3248 4097 3558 4169 σαρκωθεὶς
3583 4099 3644 4151 ὲκ
3678 4098 3805 4167 Bap

2248 4190 2404 4244 θένου
2435 4190 2524 4245 διὰ
2552 4190 2645 4243 τὸν
2680 4190 2988 4245 ἐκπεσόντα
3033 4190 3324 4262 ἄνθρωπον
3369 4190 3543 4261 Ἀδάμ
3574 4206 3588 4220 ο
3618 4192 3647 4243 ὁ
3681 4189 3818 4245 ἀσώτ-

2248 4303 2419 4356 ματος
2485 4287 2543 4338 ὲν
2602 4284 2815 4356 σώματι
2880 4286 3129 4352 κενώσας
3182 4288 3394 4351 ἑαυτὸν,
3459 4288 3536 4351 ὡς
3590 4284 3746 4342 εἶπεν
3794 4290 3818 4337 ὅ

2252 4377 2552 4441 ἀπόστολος
2582 4377 2815 4443 Παῦλος,
2853 4376 2944 4431 διὰ
2970 4377 3030 4431 τὸ
3049 4377 3231 4448 σῶμα,
3268 4378 3429 4433 ἔλαϐε
3456 4379 3618 4449 νέφος
3639 4380 3673 4432 ὁ·
3693 4378 3820 4444 Θεὸς

2245 4471 2421 4540 Λόγος
2438 4472 2499 4524 τὸ
2525 4471 2704 4542 σῶμα,
2727 4472 2813 4525 ἵνα
2836 4470 2911 4543 μὴ
2930 4472 3241 4543 καταφλέξῃ
3259 4471 3359 4534 τὰς
3381 4472 3607 4535 πιστὰς
3635 4470 3822 4540 φύσεις

564 4556 798 4612 Verbum
831 4559 1026 4613 nubent
1056 4560 1319 4629 corporis,
1350 4567 1408 4613 ut
1459 4569 1685 4613 naturas
1738 4568 1950 4614 creatas
1981 4560 2138 4628 hujus

2243 4563 2341 4627 τὰς
2372 4563 2431 4617 ὲν
2460 4564 2537 4634 τῷ
2569 4564 2761 4635 κόσμῳ
2783 4580 2797 4594 ⁶
2836 4582 2855 4614 ε
2919 4563 3054 4616 Θεὸν
3084 4563 3193 4633 γὰρ
3250 4562 3424 4625 οὐδεὶς
3460 4562 3674 4632 ἑώρακε
3708 4561 3811 4616 πῶυ

568 4649 751 4703 mundi
793 4666 898 4704 non
936 4651 1279 4705 combureret
1310 4664 1326 4703 :
1362 4669 1379 4703 ι
1411 4650 1577 4705 Deum
1619 4650 1763 4705 enim
1813 4664 1971 4705 nemo
2010 4651 2143 4705 vidit

567 4754 798 4810 unquam
822 4739 893 4799 δ’.
931 4760 949 4793 ι
985 4742 1214 4797 Carnem
1244 4743 1471 4812 accepit,
1500 4752 1557 4797 ιιι
1600 4759 1730 4799 caro
1775 4754 1999 4814 propter
2036 4743 2141 4798 im-

466 4866 469 4869 ν
563 4833 876 4887 mutabilem
929 4852 1049 4888 cum
1102 4836 1218 4903 ipso
1269 4836 1320 4890 in
1380 4851 1543 4890 unum
1609 4837 2047 4908 conjunctionem
2095 4851 2124 4890 a

565 4935 735 4979 tuurte
783 4926 1108 4982 liberaretur
1138 4946 1153 4983 :
1185 4928 1475 4983 invisibilis
1506 4928 1798 4996 visibilem,
1845 4946 1905 4984 ut
1932 4947 1993 4985 ea
2018 4946 2139 5000 qua:

561 5018 832 5085 videntur,
881 5021 1149 5076 sustineat
1178 5043 1189 5076 :
1220 5021 1376 5089 quasi
1422 5024 1583 5079 homo
1616 5024 1670 5078 in
1718 5036 1989 5095 tempore,
2040 5024 2133 5079 sed

563 5126 749 5164 revera
805 5121 1116 5183 utrumque,
1166 5113 1309 5183 Deus
1355 5123 1407 5170 et
1458 5116 1643 5179 homo,
1698 5118 1863 5171 homo
1906 5125 1960 5170 et
1995 5116 2139 5169 idem"

565 5203 706 5258 Deus
737 5221 751 5259 :
785 5220 925 5261 unus
954 5209 1096 5261 enim
1143 5222 1206 5262 ex
1250 5208 1514 5265 ambobus
1546 5209 1819 5273 Christus,
1862 5208 2136 5263 intellecta

562 5307 616 5349 et
647 5297 862 5365 cognita
895 5299 1319 5355 substantiarum
1366 5302 1668 5358 dilTereutia
1697 5303 1994 5357 divinitatis
2021 5302 2141 5370 ejus

560 5397 725 5456 atque
766 5388 968 5454 carnis,
1016 5389 1155 5447 Deus
1198 5405 1319 5448 erat
1363 5404 1418 5448 et
1451 5407 1535 5450 est
1567 5413 1579 5448 :
1609 5394 1784 5450 lat-tus
1828 5406 1912 5449 est
1956 5405 2137 5449 autem

561 5479 724 5535 homo
754 5492 973 5552 propter
1020 5485 1509 5554 dispensationem.
1541 5486 1770 5559 PrOpter
1797 5488 1974 5558 ipsum
2017 5503 2138 5557 ριοη

564 5570 760 5639 ρΙιειαι,
804 5582 1024 5643 propter
1059 5576 1231 5647 ipsum
1264 5578 1516 5648 apostoli,
1562 5587 1784 5651 prOpter
1830 5594 1953 5635 eum
2001 5597 2138 5635 mar-

550 5671 728 5735 tyres.
764 5665 1045 5737 Propltetac
1076 5682 1295 5742 propter
1333 5686 1454 5727 eum
1486 5673 1577 5743 qui
1627 5688 1656 5727 a
1689 5674 1967 5773 proppetis
1997 5690 2135 5747 prte-

2249 4674 2401 4710 ποτε.
2443 4674 2462 4707 ι
2524 4656 2832 4728 Ἐκρατήθη
2867 4656 3069 4727 σαρκὶ,
3108 4656 3196 4709 ῖνα
3232 4656 3326 4708 καὶ
3370 4656 3401 4725 ἡ
3440 4655 3577 4725 σὰρξ
3608 4655 3697 4708 διὰ
3725 4654 3821 4725 τῆς

2247 4749 2386 4819 πρὸς
2413 4748 2579 4803 αυτὸν
2607 4748 2879 4819 ἀτρέπτου
2899 4747 3145 4811 ἑνώσεως
3170 4746 3517 4819 ὲλευθηρωθῇ
3541 4745 3637 4800 τοῦ
3660 4746 3814 4799 θανάσ

2242 4860 2358 4903 του,
2400 4842 2653 4914 ἀόρατος,
2692 4842 2751 4894 ὲν
2791 4840 2995 4913 ὁρατῷ,
3033 4841 3119 4895 ἵνα
3151 4841 3399 4913 ὑπομένῃ
3433 4840 3499 4893 τὰ
3528 4840 3823 4910 ὁρώμενα*

2244 4936 2317 4999 ὡς
2353 4934 2640 5007 ἅνθρωπος
2675 4934 2781 4987 ὑπὸ
2809 4935 3021 5006 χρόνον,
3065 4934 3180 4988 ἀλλ’
3219 4934 3450 5005 ἀληθείᾳ
3482 4932 3605 4988 κατ’
3642 4932 3821 5003 ἀμφόρ

2246 5043 2382 5098 τερα
2411 5026 2545 5089 Θεὸς
2577 5028 2673 5080 καὶ
2704 5027 3011 5099 ἄνθρωπος,
3051 5026 3338 5098 ἄνθρωπος
3371 5025 3468 5079 καὶ
3495 5024 3631 5089 Θεὸς
3661 5025 3692 5077 ὁ
3725 5026 3819 5078 αὖ·

2242 5119 2335 5181 τός
2356 5130 2367 5142 '
2394 5111 2475 5180 εἷς
2493 5118 2603 5188 γάρ
2628 5117 2687 5182 ἐξ
2704 5118 2909 5187 ἀμφοῖν
2928 5116 3165 5186 Χριστὸς
3187 5117 3485 5189 νοουμένης
3514 5116 3611 5170 καὶ
3626 5132 3821 5185 γνωριο

2248 5206 2487 5280 ζομένης
2520 5209 2619 5279 τῆς
2647 5208 2911 5279 διαφορᾶς
2942 5208 3050 5262 τῶν
3071 5209 3291 5276 οὐσιῶν,
3324 5209 3426 5280 τῆς
3466 5226 3527 5262 τε
3566 5207 3821 5279 θεότητος

2245 5300 2411 5355 αὐτοῦ
2445 5300 2540 5354 καὶ
2569 5300 2668 5372 τῆς
2703 5300 2924 5373 σαρκὸς,
2982 5300 3116 5360 Θεὸς
3140 5296 3211 5373 ἦν
3261 5301 3354 5355 καὶ
3401 5300 3518 5355 ἔστι
3549 5317 3564 5330 ·
3597 5301 3821 5369 γέγονεν

2240 5392 2339 5449 ἄνθ
2348 5410 2530 5463 ρωπος
2548 5393 2614 5446 δι’
2627 5394 2960 5466 οἰκονομίαν.
2975 5393 3052 5447 Δι’
3070 5393 3236 5448 αὐτὸν
3258 5395 3557 5466 προφῆται,
3572 5394 3641 5447 δι’
3658 5392 3822 5447 αὑτὸν

2240 5486 2553 5555 ἀπόστολοι,
2571 5486 2638 5540 δι’
2662 5487 2823 5541 αὐτὸν
2847 5487 3149 5559 μάρτυρες·
3170 5487 3448 5559 προφῆται
3472 5488 3561 5542 διὰ
3588 5488 3679 5540 τὸν
3695 5503 3807 5556 προ

2245 5584 2605 5655 φητευθέντα,
2634 5583 2925 5638 ἀπόστολοι
2945 5583 3033 5637 διὰ
3053 5583 3145 5636 τὸν
3166 5582 3577 5653 ἀπεσταλμένον
3615 5583 3814 5635 οίκονου

2246 5675 2442 5746 μικῶς,
2473 5674 2747 5746 μάρτυρες
2774 5673 2863 5728 διὰ
2883 5675 2974 5730 τὸν
3004 5675 3466 5746 πρωτομόιρτυρα.
3486 5668 3655 5727 Ἦλθε
3686 5670 3820 5735 Θεὸς

628 5828 675 5862 ³⁸
702 5827 858 5887 Joau.
894 5847 931 5899 ι,
964 5832 1011 5899 1,
1039 5832 1093 5885 2.
1174 5831 1219 5864 ⁸⁷
1251 5832 1388 5888 Gen.
1422 5849 1460 5900 ι,
1487 5832 1580 5890 26.
1656 5833 1701 5867 ⁸⁸
1727 5833 1957 5907 Philipp.
1991 5850 2051 5901 ιι,
2082 5836 2136 5890 7.

2244 5839 2265 5869 ⁹
2295 5834 2451 5894 Joan.
2484 5853 2521 5903 ι,
2556 5835 2641 5890 l8.

1174 6579 1971 6604 ____________4.#;
2018 6574 2191 6579 μηνί
2224 6569 2321 6573 βά,
2358 6568 2371 6569 γ
2404 6563 2487 6567 μω
2528 6561 2551 6563 ς
2586 6550 2845 6561 μᾉᾉμῌ
