4148 6548
285 412 413 479 1281

1163 421 1529 483 HISTORIA
1566 401 1900 486 cossim
1941 426 2252 491 marem.
2289 455 2359 465 —
2399 431 2543 492 LIB.
2584 433 2669 496 Π.

3359 392 3363 397 ’
3399 439 3534 509 1282

280 527 371 580 ἐπὶ
404 525 530 596 γῆς,
559 516 739 587 όνΥίδς
772 529 938 599 σαρκὶ
969 528 1201 602 κρύψας.
1234 531 1309 593 ὡς
1334 531 1636 604 ηὖουλήθη,
1676 534 1736 587 τὸ
1758 535 1834 605 τῆ.

1960 534 2139 590 dictus
2172 546 2257 592 est
2285 554 2299 592 :
2336 540 2562 608 apostoli
2596 551 2816 610 propter
2841 558 2989 612 eum,
3015 546 3106 617 qui
3134 547 3531 620 dispensatoris

278 617 444 670 αὑτοῦ
457 617 708 688 θεότητος
728 619 976 689 μέγεθος,
995 622 1093 674 οὐκ
1116 621 1413 693 ἐρημώσας
1424 623 1491 677 τὰ
1514 627 1570 676 ἐν
1582 625 1853 695 οὐρανοῖς·

276 708 398 762 οὐδὲ
425 709 535 779 γὰρ
557 711 663 780 πρὸ
674 710 769 763 τοῦ
791 713 1145 783 σαρκωθῆναι
1162 713 1259 786 ἔρη
1270 732 1367 785 μος
1384 715 1549 769 αὑτοῦ
1565 718 1592 769 6
1625 718 1851 787 κόσμος,

277 799 409 863 Θεὸς
438 796 507 872 ἦν
544 801 639 855 καὶ
666 800 801 867 ἔστι,
835 804 1025 872 γέγονε
1075 807 1170 859 καὶ
1212 806 1502 879 ἄνθρωπος
1551 807 1621 860 δι’
1649 810 1855 862 οἰκονο-

1963 626 2159 682 missus
2205 636 2260 683 et
2312 631 2590 697 apostolus
2622 630 2795 688 factus
2845 646 2928 692 est
2960 654 2973 691 :
3005 648 3272 711 martyres
3315 655 3536 713 propter

1961 717 2210 771 eutudem
2264 729 2746 790 protomartyrem.
2795 722 2955 779 Venit
2990 726 3130 783 Deus
3195 732 3246 783 in
3290 741 3492 787 terram

1962 807 2128 861 Filius
2173 808 2226 862 in
2258 825 2499 875 carnem,
2535 812 2818 868 occultans
2848 827 2904 867 ut
2942 817 3132 881 voluit,
3186 836 3297 874 sua:
3331 823 3525 878 divini-

281 888 436 953 μίαν,
464 891 772 963 σαρκωθεὶς
800 895 897 947 καὶ
913 896 1126 966 τεχθεὶς
1154 900 1219 951 ἐκ
1245 898 1522 969 Παρθένου
1554 899 1620 952 δι’
1644 900 1834 954 οἰκείας

1967 899 2093 954 tatis
2129 902 2583 970 magnitudinem,
2620 921 2721 958 non
2750 919 2813 961 ea
2849 922 2969 975 qua:
3008 908 3059 961 in
3088 911 3251 966 'ccelis
3276 923 3403 968 sont
3430 916 3530 969 de-

276 979 711 1053 φιλανθρωπίαν.
755 986 938 1050 ’Ἄξιον
970 988 1171 1041 ἐαυτοῦ
1202 989 1296 1042 καὶ
1330 991 1443 1044 ἴσον
1472 992 1600 1043 Υίὺν
1635 992 1855 1060 ἐγέννη-

278 1087 372 1125 σεν
404 1074 433 1126 6
480 1075 689 1147 Πατὴρ,
739 1077 815 1140 ὡς
869 1073 1009 1132 οἶδεν
1050 1081 1079 1133 6
1108 1084 1375 1152 γεννήσας
1402 1082 1562 1135 αὐτὸν
1595 1083 1728 1145 Θεὸς
1762 1083 1854 1135 καὶ

276 1164 487 1238 Πατὴρ,
523 1169 618 1221 καὶ
661 1169 691 1221 6
732 1168 792 1235 ἐξ
823 1171 989 1224 αὑτοῦ
1036 1173 1404 1244 γεγενημένος
1434 1172 1585 1238 Υίός,
1620 1168 1664 1227 ὧ
1696 1173 1850 1244 φιλό-

274 1271 428 1326 σοφε.

1954 1006 2174 1057 serens;
2227 1008 2401 1062 oeque
2445 996 2588 1048 enim
2644 1006 2769 1051 ante
2825 998 3253 1056 incarnationem
3283 1006 3530 1061 desertus

1959 1081 2027 1135 ab
2052 1096 2116 1134 eo
2150 1092 2265 1137 erat
2304 1085 2557 1140 mundus.
2590 1085 2731 1142 Deus
2772 1097 2890 1141 erat
2929 1098 3112 1153 etest,
3166 1102 3219 1145 et
3251 1094 3422 1159 factus
3448 1105 3531 1151 est

1956 1172 2117 1226 homo
2146 1184 2367 1243 propter
2400 1176 2885 1251 dispensationem,
2919 1179 3231 1235 incarnatus
3269 1194 3323 1237 et
3365 1196 3528 1240 natus

1959 1279 2023 1318 ex
2079 1262 2304 1335 Virgine
2358 1279 2578 1336 propter
2618 1285 2772 1323 suam
2823 1286 2948 1341 erga
2991 1287 3161 1340 genus
3230 1274 3522 1329 hunianum

272 1348 617 1409 charitatem.
662 1352 825 1409 Pater
869 1356 1088 1427 dignum
1138 1359 1315 1428 seipse
1360 1369 1414 1414 et
1441 1359 1704 1430 aequalem
1771 1357 1961 1427 genuit
2027 1356 2241 1421 Filium,
2278 1373 2343 1413 eo
2408 1363 2567 1417 modo
2630 1375 2790 1430 quem
2833 1363 2980 1418 novit
3008 1364 3120 1434 ipse
3148 1366 3238 1435 qui
3274 1380 3396 1421 eum
3427 1382 3523 1437 ge-

272 1445 389 1501 nuit
431 1445 573 1502 Deus
602 1457 654 1503 et
697 1449 879 1518 Pater,
922 1463 977 1507 et
1008 1455 1097 1523 qui
1146 1470 1211 1509 ex
1251 1456 1363 1524 ipso
1399 1456 1611 1527 genitus
1644 1466 1727 1510 est
1754 1453 1950 1517 Filius,
1991 1465 2025 1508 o
2058 1452 2400 1525 philosophe.

601 1561 977 1633 Ἀντιζρῤησις
1022 1552 1139 1622 τοῦ
1156 1568 1523 1639 φιλοσόφου.

338 1670 429 1740 Μὴ
464 1673 557 1726 ἐπὶ
596 1674 847 1730 πλεῖστον
905 1677 1029 1731 ὅσον
1083 1679 1312 1750 ἐπίμενε
1374 1680 1692 1753 βιαζόμενος
1741 1681 1841 1754 τὴν

266 1760 545 1830 ἀλήθειαν,
581 1766 673 1819 καὶ
702 1769 768 1838 τῇ
790 1767 900 1821 τῶν
924 1768 1098 1839 λόγων
1118 1771 1366 1845 εύτεχνίᾳ
1394 1772 1735 1839 ἐπισκιάζειν
1762 1774 1840 1836 ὡς

2373 1567 2739 1626 Contradictio
2783 1570 3099 1644 philosophi.

2017 1680 2097 1737 Ne
2144 1680 2387 1751 pluribus
2436 1698 2753 1753 perseveres
2806 1687 2911 1741 vim
2958 1688 3137 1745 facere
3179 1692 3414 1757 veritati,
3469 1703 3523 1751 et

1946 1778 2232 1829 verborum
2283 1785 2399 1830 arte
2444 1776 2596 1845 quasi
2650 1779 2792 1833 nube
2828 1780 3153 1837 obumbrare
3200 1793 3371 1840 tentes
3419 1803 3521 1842 non

268 1850 428 1919 νέφος
458 1854 657 1925 πειρῶ,
689 1856 789 1927 τῆς
818 1857 1044 1929 Γραφῆς
1092 1860 1407 1934 ἀνάμαυρον
1430 1862 1633 1933 φέγγος
1658 1879 1672 1893 ·
1703 1862 1834 1917 ἀλλὰ

1946 1868 2237 1922 obscurum
2266 1867 2569 1940 Scriptor-ae
2598 1885 2900 1927 sermonem
2929 1892 2942 1928 :
2976 1874 3066 1929 sed
3099 1879 3217 1930 veni
3249 1880 3314 1931 ad
3350 1880 3525 1931 mani-

265 1945 346 2007 εἰς
374 1944 435 1998 τὸ
462 1948 741 2016 προφανὲς
770 1950 871 2021 τῆς
905 1951 945 2003 Γ
948 1954 1125 2025 ραφῆς
1148 1953 1303 2022 ἐλθὲ,
1332 1955 1394 2008 τὸ
1421 1956 1684 2027 προτεθὲν
1711 1973 1794 2010 σοι
1822 1973 1837 1989 ο

264 2037 361 2090 καὶ
394 2039 469 2108 μὴ
496 2040 664 2111 φεῦγε
692 2042 774 2107 τὸ,
807 2062 826 2095 ι
856 2045 1061 2118 Κύριος
1091 2047 1275 2102 ἔκτισέ
1301 2065 1367 2120 με
1386 2048 1563 2121 ἀρχὴν
1586 2050 1721 2104 ὁδῶν
1744 2052 1842 2105 αὐ-

262 2129 359 2183 τοῦ
396 2133 475 2197 είς
502 2134 640 2203 ἔργα
695 2136 862 2192 αὑτοῦ
893 2155 906 2170 ·
944 2160 963 2192 ο
1025 2143 1118 2195 καὶ⁹
1166 2142 1248 2208 τὸ,
1300 2160 1319 2195 ι
1364 2143 1569 2213 Κύριος
1614 2144 1839 2217 ἐποίησε

263 2223 449 2295 χώρας
479 2228 574 2282 καὶ
603 2230 914 2302 ἀοικήτους.
953 2234 1047 2288 καὶ⁸
1090 2233 1234 2307 ἄκρα
1288 2236 1581 2307 οἰκούμενα
1606 2238 1706 2309 τῆς
1745 2239 1838 2292 ὑπ’

261 2319 491 2390 ούρανόν
516 2337 531 2353 ·
574 2342 593 2374 υ
634 2323 764 2393 μίαν
819 2324 913 2379 καὶ
944 2326 1041 2397 τὴν
1091 2326 1261 2397 αὐτὴν
1315 2327 1432 2399 ἔχει
1466 2328 1678 2383 ἔννοιαν
1706 2330 1837 2401 περὶ

262 2412 359 2464 τοῦ
391 2412 511 2476 ἐνὸς
570 2414 801 2485 Κυρίου.
852 2416 1040 2471 Ταῦτά
1087 2419 1203 2471 ἐστι
1254 2418 1349 2472 τοῦ
1399 2418 1558 2484 Θεοῦ,
1593 2419 1686 2474 τοῦ
1745 2421 1838 2474 καὶ

263 2504 666 2575 πρωτόκτιστον
726 2508 1026 2573 κτίσαντος
1061 2512 1140 2572 είς
1172 2510 1346 2581 ἀρχὴν
1380 2510 1515 2564 ὁδῶν
1555 2512 1722 2565 αὐτοῦ
1756 2513 1836 2575 είς

262 2597 396 2669 ἔργα
423 2598 609 2662 αὐτοῦ,
645 2597 703 2651 ὃν
739 2602 833 2653 καὶ
882 2599 1013 2653 Υίδν
1042 2600 1207 2655 αὑτοῦ
1244 2603 1681 2672 προσηγόρευσε,
1737 2602 1833 2656 τοῦ

263 2689 358 2743 καὶ
390 2690 695 2755 Κτίσαντος
754 2692 820 2745 ει*
852 2692 1037 2757 αὑτοῦ,
1074 2694 1149 2756 ὡς
1202 2694 1270 2747 δι’
1296 2694 1601 2765 ἐργαλείου,
1650 2696 1834 2766 χώρας

261 2782 354 2834 καὶ
383 2781 690 2852 ἀοικήτους.
720 2784 781 2835 Εἰ
822 2785 930 2855 γὰρ
974 2785 1066 2838 καὶ
1120 2787 1152 2857 ἡ
1187 2786 1399 2857 κτιστὴ,
1438 2785 1533 2839 τοῦ
1580 2786 1714 2839 Θεοῦ
1741 2803 1834 2838 σο·

260 2873 391 2943 φία,
423 2874 568 2928 τοῦτ’
599 2875 766 2943 ἐστιν,
802 2878 830 2930 6
861 2878 987 2944 Υίὸς
1035 2878 1349 2949 ἐργάζεται,
1400 2879 1518 2933 ἀλλ’
1551 2882 1579 2933 6
1604 2880 1737 2945 Θεὸς
1762 2876 1832 2953 ἦν

256 2966 286 3019 6
319 2964 520 3033 κτίζων
541 2966 608 3021 δι’
642 2967 809 3022 αὐτοῦ
839 2970 908 3024 τὰ
937 2969 1013 3043 μὴ
1040 2970 1191 3037 ὄντα,
1217 2971 1292 3036 ὡς
1321 2972 1388 3025 δι’
1416 2971 1727 3044 ἐργαλείου.

269 3159 613 3240 Ἀπόκρισις
634 3161 755 3240 τῷν
781 3163 964 3240 alio)?
999 3164 1349 3240 ἐπισκόπων
1381 3165 1480 3240 διὰ
1504 3166 1612 3220 τοῦ
1642 3165 1828 3221 αὐτοῦ

465 3232 803 3287 ἐπισκόπου
827 3232 1122 3289 Εὐὰεόἰου
1148 3235 1255 3288 τοῦ
1280 3238 1618 3306 Παμφίλου.

331 3361 474 3415 [ιολῦ
505 3363 835 3433 ιδιαστήκων
877 3365 977 3435 τῆς
1017 3364 1301 3436 βασιλικῆς
1350 3367 1651 3439 λεωφόρου,
1680 3368 1832 3423 τοῦτ’

254 3451 373 3506 ἔστι
402 3453 505 3531 τῆς
531 3454 899 3526 ἁποστολικῆς
925 3455 1181 3521 πίστεως,
1214 3457 1331 3522 πῶς
1366 3458 1473 3524 ἔξω
1502 3460 1706 3531 ταύτης
1738 3460 1833 3530 φὲο

260 3528 450 3618 ρεσθαι
483 3546 686 3619 ἀνέχῃς
738 3548 1042 3619 κρημνίσαι
1094 3550 1319 3603 σεαυτὸν
1355 3551 1505 3616 ἅπαξ
1555 3528 1829 3624 ἐλόμενος,

253 3639 354 3691 καὶ
408 3640 606 3711 μικρὸν
665 3639 971 3705 ἀνανεύσας
1021 3643 1085 3696 ἐκ
1132 3642 1228 3696 τοῦ
1263 3645 1609 3715 περιέχοντος
1642 3663 1699 3698 σε
1733 3646 1832 3715 τῆς

253 3729 510 3793 ἀσεϐείας
564 3728 752 3799 βυθοῦ.
812 3732 983 3785 Ὅταν
1035 3733 1276 3805 ἤκουσας
1338 3734 1486 3806 παρὰ
1520 3734 1620 3804 τῆς
1670 3736 1832 3803 ἁγίας

255 3820 472 3875 συνοδου
495 3821 703 3891 ταύτης
738 3822 839 3892 τὴν
867 3824 1208 3894 προφητείαν
1247 3825 1343 3878 τοῦ
1390 3826 1627 3896 μεγάλου
1670 3827 1843 3899 ἰερεα

255 3915 383 3983 μίου
430 3914 1025 3983 δακτυλοδειδιτοῦντος,
1080 3918 1156 3981 ὡς
1191 3918 1257 3972 ἂν
1303 3920 1448 3974 εῐποι
1484 3938 1588 3984 τις,
1624 3922 1718 3974 καὶ
1740 3920 1829 3974 λέ-

264 4021 463 4073 ίοντοςο
498 4023 517 4057 ι
544 4000 715 4069 Οὗτος
748 4008 776 4059 6
800 4006 931 4069 Θεὸς
954 4006 1132 4077 ἡμῶν,
1152 4009 1211 4061 οὐ
1235 4008 1616 4080 λογισθήσεται
1642 4011 1730 4063 ἐτε
1738 4026 1830 4080 ρος

251 4098 389 4170 πρὸς
424 4098 606 4159 αὑτὸν,
662 4117 681 4152 ι
734 4099 828 4152 καὶ
859 4100 927 4153 τὰ
962 4100 1109 4170 ἑξῆς.
1148 4098 1243 4165 Οἷς
1294 4101 1572 4170 ἐπιλέγει·
1607 4121 1624 4153 ι
1671 4101 1828 4157 Μετὰ

248 4187 423 4242 ταῦτα
454 4189 547 4243 ἐπὶ
567 4189 668 4260 τῆς
697 4188 804 4259 γῆς
842 4187 996 4262 ὤφθη
1020 4233 1033 4256 ,
1073 4192 1171 4245 καὶ
1215 4194 1330 4256 τοῖς
1366 4192 1675 4263 ἀνθρώποις
1706 4211 1831 4247 συν-

250 4280 590 4352 ανεστράφη.
634 4298 652 4333 ι
704 4282 815 4335 Καὶ
848 4277 1026 4345 οἶσθα,
1068 4276 1113 4335 ὦ
1140 4284 1419 4353 φιλόσοφε,
1462 4285 1829 4355 ἐπερωτηθεὶς

251 4372 404 4445 παρὰ
432 4372 539 4427 τῶν
568 4372 741 4442 ἁγίων
763 4374 1101 4441 ἐπισκόπων,
1129 4376 1218 4439 τίς
1244 4378 1338 4430 ἐπὶ
1356 4378 1458 4447 τῆς
1486 4377 1591 4447 γῆς
1618 4377 1825 4446 ὀφθεὶς,

250 4465 481 4529 καὶτοῖς
507 4465 819 4536 ἀνθρώποις
839 4471 1267 4540 συναστραφεὶς,
1290 4471 1318 4521 6
1338 4471 1527 4540 [Ιατὴρ
1550 4471 1583 4541 ἦ
1606 4472 1634 4523 6
1664 4472 1824 4536 Υίός;

1859 3247 1908 3309 C

1952 1957 2146 2012 festam
2186 1956 2466 2027 Scriptura
2489 1977 2561 2026 m,
2609 1977 2727 2032 qua:
2768 1963 2863 2017 tibi
2892 1973 2974 2017 est
3006 1966 3297 2035 proposita,
3329 1980 3382 2021 et
3415 1984 3521 2024 non

1944 2049 2117 2118 fugias
2147 2067 2161 2104 :
2196 2048 2328 2104 illud
2364 2070 2378 2105 :
2418 2071 2436 2103 ι
2467 2052 2739 2109 Dominus
2774 2056 3017 2110 condidit
3045 2072 3130 2111 me
3161 2059 3372 2113 initium
3409 2062 3524 2114 via-

1943 2156 2059 2194 rum
2083 2157 2300 2195 suarmu
2345 2145 2396 2197 in
2447 2160 2610 2214 opera
2655 2146 2769 2215 ejus
2790 2148 2870 2215 ’°;
2909 2167 2927 2201 ι
2965 2158 3019 2203 et
3072 2150 3203 2204 illud
3241 2169 3254 2206 :
3293 2169 3311 2202 ι
3346 2154 3519 2207 Domi-

1942 2248 2043 2287 nus
2071 2231 2202 2288 fecit
2248 2234 2500 2304 regiones
2540 2246 2595 2290 et
2630 2238 3024 2303 inhabilabilia,
3069 2250 3123 2294 et
3155 2257 3363 2296 summa
3399 2258 3517 2313 qua:

1940 2326 2258 2380 habitantur
2299 2326 2414 2395 ejus
2458 2344 2578 2397 quae
2603 2331 2703 2384 sub
2736 2333 2877 2387 coelo
2898 2333 2982 2400 ⁹¹;
3016 2352 3034 2384 ι
3082 2350 3245 2389 unam
3288 2345 3344 2391 et
3371 2352 3518 2391 eam-

1937 2416 2058 2470 dem
2094 2417 2256 2472 habet
2292 2420 2728 2491 intelligentiam.
2760 2423 2834 2479 De
2865 2440 2970 2479 uno
3001 2425 3230 2481 Domino
3266 2426 3374 2482 Deo
3404 2429 3517 2483 haec

1938 2516 2085 2572 sunt,
2141 2509 2233 2578 qui
2280 2511 2459 2579 primo
2513 2510 2717 2567 factum
2772 2516 2978 2571 creavit
3030 2517 3242 2573 initium
3307 2520 3514 2575 viarqu

1938 2616 2157 2655 suarum
2189 2604 2240 2657 in
2286 2618 2449 2672 opera
2502 2606 2640 2674 ejus,
2678 2623 2839 2678 quem
2872 2619 2929 2664 et
2973 2609 3170 2665 Filium
3205 2614 3514 2683 appellavit,

1935 2695 2027 2765 qui
2077 2695 2219 2751 Deus
2264 2697 2429 2751 etiam
2477 2713 2575 2767 per
2622 2700 2822 2770 ipsum,
2857 2702 3053 2757 Filium
3088 2706 3242 2774 quasi
3283 2722 3381 2775 per
3431 2708 3516 2762 in-

1937 2794 2295 2841 strumentum
2349 2786 2481 2845 fecit
2536 2791 2784 2860 regiones
2837 2804 2895 2847 et
2946 2793 3340 2850 inliabitabilia.
3400 2795 3516 2853 Etsi

1935 2878 2079 2933 enim
2110 2889 2295 2934 creata
2332 2880 2423 2935 Dei
2455 2882 2743 2951 sapientia,
2776 2885 2879 2939 hoc
2904 2896 3006 2950 est,
3034 2886 3206 2943 Filius
3236 2899 3514 2959 operatur,

1938 2972 2077 3025 Deus
2124 2981 2305 3027 tamen
2341 2984 2426 3029 est
2468 2976 2560 3044 qui
2602 2991 2699 3046 per
2747 2977 2923 3047 ipsum
2970 2980 3125 3049 quasi
3177 2994 3274 3042 per
3313 2982 3516 3037 instru-

1936 3074 2175 3118 mentum
2201 3081 2264 3119 ea
2298 3082 2418 3136 qua:
2453 3084 2560 3124 nou
2590 3078 2766 3135 erant,
2802 3080 2975 3127 creat.

2007 3175 2295 3247 Responsio
2321 3191 2643 3254 sanctorth
2677 3184 3036 3254 episcOporum
3077 3202 3169 3254 per
3209 3188 3444 3242 eumdem

2249 3252 2544 3321 episcopum
2577 3252 2863 3308 Eusebium
2898 3252 3182 3324 Pamphili.

2011 3385 2147 3440 Cum
2182 3388 2271 3440 diu
2297 3387 2351 3443 in
2384 3392 2468 3442 via
2500 3389 2713 3460 publica
2743 3400 2797 3446 et
2828 3392 2998 3462 regia,
3027 3394 3130 3449 hoc
3155 3402 3257 3461 est,
3296 3397 3348 3450 in
3394 3413 3516 3468 apo-

1933 3477 2122 3533 stolica
2164 3478 2267 3534 lide
2295 3481 2687 3549 permanseris,
2720 3483 2993 3550 quomodo
3017 3494 3170 3540 extra
3205 3486 3352 3542 illam
3386 3488 3512 3544 ferri

1933 3572 2208 3627 sustines?
2230 3582 2288 3626 ut
2313 3572 2474 3626 simul
2514 3575 2757 3631 sublatus
2789 3576 3017 3647 teipsum
3044 3578 3366 3648 praecipites,
3392 3596 3512 3636 eum

1890 3675 1999 3715 .ex
2056 3660 2324 3731 profundo
2381 3662 2677 3729 impietatis
2751 3676 2803 3721 te
2867 3667 3271 3725 circumsmntis
3323 3687 3511 3740 parum

1931 3752 2243 3818 emerseris,
2282 3752 2501 3822 quando
2556 3755 2624 3808 ab
2679 3756 2779 3809 hac
2822 3768 3008 3810 sancta
3058 3761 3266 3830 synodo
3310 3761 3509 3818 audisti

1933 3844 2273 3912 prophetiam
2299 3844 2476 3913 magni
2522 3843 2794 3910 Jeremiaz,
2826 3849 2981 3918 quasi
3024 3850 3211 3921 digito,
3247 3861 3303 3907 ut
3335 3854 3407 3908 ita
3434 3854 3514 3909 lo-

1931 3948 2186 4002 quamur,
2220 3934 2510 3990 indicantis
2545 3946 2601 3990 et
2641 3938 2870 3994 dicentis
2901 3959 2914 3995 :
2946 3958 2964 3992 ι
2995 3940 3094 3997 llic
3125 3943 3266 3999 Deus
3300 3955 3507 4012 noster,

1930 4037 1986 4081 et
2022 4039 2125 4078 non
2162 4027 2506 4096 reputabitur
2534 4028 2673 4083 alius
2715 4032 2975 4086 adversus
3002 4048 3123 4086 eum
3146 4035 3230 4101 ⁹¹;
3263 4053 3282 4087 ι
3312 4046 3366 4091 et
3391 4052 3512 4107 quae

1929 4124 2253 4186 sequuntur,
2297 4115 2494 4185 quibus
2533 4117 2729 4172 addit:
2768 4135 2786 4170 ι
2822 4117 2950 4174 Post
2984 4110 3098 4176 haec
3146 4121 3197 4176 in
3246 4126 3407 4179 terris
3441 4125 3512 4178 vi-

1929 4223 2041 4272 sus,
2085 4187 2148 4261 ἐι
2207 4224 2329 4263 cum
2386 4209 2697 4265 hominibus
2759 4222 3114 4269 conversatus
3163 4225 3247 4270 est
3270 4215 3337 4270 ”.
3369 4235 3388 4268 ι
3444 4217 3510 4272 Et

1931 4298 2093 4363 nosti,
2140 4313 2172 4352 ο
2212 4298 2573 4369 philosophe,
2620 4302 2760 4371 quod
2811 4302 3178 4375 interrogatus
3219 4323 3247 4361 a
3305 4309 3510 4365 sant-tis

1930 4388 2215 4458 episcopis,
2268 4390 2519 4459 quisnam
2573 4393 2626 4447 in
2676 4393 2837 4448 terris
2875 4396 3022 4449 visus
3072 4407 3234 4462 esset,
3281 4409 3336 4454 et
3383 4415 3506 4455 cum

1932 4481 2236 4536 hominibus
2264 4495 2639 4550 conversatus,
2673 4485 2929 4553 Paterne,
2959 4504 3027 4541 an
3057 4488 3507 4547 Filius?conles-

247 4557 345 4611 aut
375 4558 737 4630 ὁμολογήσας,
779 4560 862 4613 ὅτι
891 4562 920 4614 6
945 4560 1097 4625 Υἱὸς,
1138 4561 1324 4626 καθὼς
1356 4566 1410 4616 αί
1445 4563 1583 4618 θεῖαι
1611 4565 1824 4636 Γραφαὶ

1936 4589 2023 4630 sus
2049 4592 2128 4640 es,
2163 4578 2304 4645 quod
2332 4577 2525 4642 Filius,
2561 4591 2621 4635 ut
2656 4581 2850 4635 divinae
2878 4582 3176 4653 Scriptura:
3213 4595 3506 4647 testantur.

249 4647 517 4717 λέγουσιν.
544 4651 620 4703 Οὐ
650 4650 820 4705 ταῦτα
847 4650 1111 4723 είρηκας;
1149 4653 1266 4717 πῶς
1299 4654 1463 4709 πάλιν
1494 4657 1585 4710 ἐπὶ
1605 4657 1696 4711 τὸν
1729 4655 1826 4727 βυ·-

250 4739 343 4793 θὸν
375 4740 475 4811 τῆς
507 4742 812 4814 μοχθηρίας
857 4744 1068 4815 Ἀρείου
1100 4746 1295 4799 ἐαυτὸν
1332 4748 1655 4815 ἀκοντίζεις,
1689 4747 1826 4818 μᾶλ-

248 4831 338 4885 λον
371 4832 428 4886 δέ
461 4833 732 4904 βυθίζεις;
774 4837 837 4890 οὐ
868 4838 977 4910 γὰρ
1019 4839 1314 4907 ἁνέζευξας
1361 4840 1651 4911 χωρισθεὶς
1679 4841 1824 4894 ὲκεί-

249 4942 363 4985 νου.
392 4925 469 4989 ὡς
500 4927 689 4983 ἐαυτὸν
711 4928 1056 4996 συνέζευξας.
1086 4932 1429 5005 Προκρίνεις,
1465 4927 1509 4987 ὦ
1538 4933 1690 4987 ἄθλιε
1712 4934 1821 4989 τῶν

249 5017 626 5071 ἁποστολικῶν
667 5021 955 5091 δογμάτων
984 5024 1052 5079 τὰ
1118 5026 1327 5096 Ἀρείου
1369 5025 1670 5098 βλάσφημα
1718 5029 1821 5100 ρή-

254 5123 420 5176 ματα,
456 5108 661 5179 κτίσμα
689 5116 783 5166 καὶ
806 5102 1087 5184 ἐργαλεῖον
1108 5116 1198 5172 τὸν
1232 5117 1359 5170 Υίδν
1388 5118 1482 5171 τοῦ
1512 5117 1647 5171 Θεοῦ
1678 5119 1819 5172 ἁπο-

251 5198 452 5253 καλῶν.
486 5200 687 5255 ’Ἄκουε
707 5203 885 5256 τοίνυν
903 5205 1041 5275 πρὸς
1063 5197 1239 5277 ἡμῶν,
1260 5202 1306 5261 ὧ
1324 5208 1632 5277 φιλόσοφος,
1664 5210 1781 5262 ετπε
1789 5226 1821 5279 ρ

251 5289 539 5359 φιλόσοφος
558 5287 627 5358 εἴ,
659 5294 753 5347 καὶ
782 5294 996 5359 πείθου,
1020 5295 1094 5367 μὴ
1112 5298 1275 5351 αὑτὸν
1301 5296 1437 5352 εἶναι
1459 5299 1550 5352 τὸν
1579 5299 1703 5353 Υἰὸν
1728 5299 1823 5353 τοῦ

250 5380 385 5434 Θεοῦ
433 5382 536 5454 τὴν
586 5385 813 5457 κτιστὴν
844 5388 1059 5457 σοφίαν,
1100 5391 1200 5461 τὴν
1244 5391 1582 5463 λογιστικὴν,
1616 5393 1717 5466 τὴν
1747 5393 1826 5465 τῷ
1876 5394 1883 5401 ’

248 5474 522 5549 ἀνθρώπῳ
573 5480 668 5533 ὑπ’
709 5481 877 5535 αὐτοῦ
908 5482 1038 5536 Υίοῦ
1094 5484 1187 5538 τοῦ
1218 5484 1353 5539 Θεοῦ
1404 5486 1673 5551 δοθεῖσαν,
1706 5487 1825 5551 ,τοῦ

251 5567 550 5634 κτίσαντος
571 5570 755 5643 χώρας
775 5574 870 5628 καὶ
893 5575 1205 5647 ἀοικήτους.
1251 5578 1575 5649 Ἐπίστησόν
1606 5598 1700 5634 σου
1733 5582 1825 5634 τὸν

249 5657 510 5749 νοῦνημὴ
554 5664 693 5735 πρὸς
730 5666 1029 5738 ἀπέχθειαν
1082 5666 1319 5739 βλέπων,
1356 5670 1493 5727 ἀλλά
1527 5672 1663 5738 πρὸς
1694 5672 1825 5745 ἀλή-

1932 4665 2120 4721 Nonne
2146 4669 2258 4722 ha-c
2291 4670 2510 4724 dixisti?
2546 4675 2816 4739 quomodo
2848 4674 3042 4729 iterum
3078 4677 3129 4730 io
3178 4678 3505 4747 profundum

1932 4759 2216 4826 pravitatis
2251 4759 2363 4813 Arii
2404 4761 2632 4829 teipsum
2664 4763 2914 4831 conjicis,
2959 4775 3053 4820 aut
3089 4768 3268 4835 potius
3295 4769 3507 4824 demer-

1932 4850 2050 4919 gis?
2080 4849 2193 4904 Non
2224 4852 2368 4906 enim
2409 4853 2477 4908 ab
2525 4869 2590 4907 eo
2622 4867 2908 4923 separatos
2939 4868 3117 4913 castra
3150 4875 3418 4926 moveres,
3453 4872 3511 4919 ut

1933 4942 2165 5012 teipsum
2214 4946 2540 5015 implicares.
2603 4947 2857 5013 Praefers,
2901 4966 2933 5004 ο
2972 4951 3159 5018 miser,
3196 4954 3509 5023 apostolicis

1927 5035 2270 5101 dogmatibus
2315 5039 2427 5092 Arii
2474 5042 2631 5094 verba
2685 5040 3037 5111 lilasphema,
3095 5054 3401 5098 creaturam
3452 5053 3510 5101 et

1928 5128 2349 5183 iustrmueutum
2404 5130 2599 5185 Filium
2638 5131 2730 5185 Dei
2784 5134 3076 5200 appellans.
3129 5135 3266 5187 Audi
3302 5151 3430 5205 ergo
3473 5152 3503 5189 a

1928 5219 2104 5285 nobis,
2160 5235 2191 5273 0
2243 5221 2581 5291 philosophe,
2638 5222 2683 5277 Si
2734 5233 2911 5275 tamen
2948 5223 3303 5294 philosophus
3341 5240 3422 5291 es,
3452 5234 3509 5281 et.

1928 5311 2090 5365 crede
2129 5327 2234 5366 non
2272 5312 2445 5382 ipsum
2479 5311 2676 5367 Filium
2706 5314 2796 5368 Dei
2843 5331 2966 5369 esse
2995 5315 3315 5383 sapientiam
3350 5330 3507 5369 crea-

1927 5407 2037 5454 tam
2086 5400 2429 5468 rationalem,
2478 5403 2544 5456 ab
2576 5404 2689 5473 ipso
2725 5401 2861 5456 Filio
2900 5405 2991 5457 Dei
3021 5404 3113 5473 qui
3146 5403 3274 5457 fecit
3306 5414 3505 5457 terram

1928 5504 1983 5545 et
2046 5491 2460 5556 inliabitahilia,
2519 5494 2720 5548 homini
2768 5497 2970 5550 datam.
3041 5496 3293 5552 Animum
3355 5508 3504 5552 tuum

1932 5593 2209 5649 converte,
2248 5598 2351 5637 nou
2386 5584 2451 5635 ad
2483 5583 2664 5636 odium
2707 5585 3026 5652 respiciens,
3068 5592 3161 5640 sed
3195 5587 3262 5638 ad
3306 5587 3507 5640 verita-

1929 5683 2060 5740 tem,
2107 5686 2161 5730 ct
2192 5677 2304 5746 ipsa
2351 5677 2555 5731 veritas
2585 5678 2744 5731 docet
2780 5688 2830 5733 te
2866 5696 2878 5732 :
2906 5690 3068 5748 aulae
3100 5692 3383 5747 agnosces,
3416 5674 3506 5729 Fi-

342 5839 388 5871 "
416 5839 574 5897 Prov.
610 5857 728 5909 vui,
750 5843 844 5898 22.
922 5846 967 5877 ⁹¹
1000 5844 1132 5902 ibid.
1169 5846 1261 5904 26.
1293 5863 1402 5906 sec.
1438 5847 1600 5913 LXX.
1647 5854 1692 5884 θ’
1725 5853 1834 5907 Bar1

1943 5893 1957 5912 .
1993 5869 2073 5913 Ill.
2104 5852 2193 5907 26.
2275 5855 2321 5887 ’³
2353 5857 2486 5910 ihid.
2520 5856 2608 5912 28.
