4148 6596
397 487 534 555 i285

1288 486 1653 546 HISTORIA
1694 488 2029 550 CONCILII
2070 492 2376 553 ΝΙΟᾸΞΝΙ.
2416 514 2484 529 ⁸-
2524 494 2673 556 LIB.
2715 498 2799 559 II.

3455 451 3458 456 ’
3521 492 3655 557 1286

390 604 480 668 λος
540 601 925 670 διαλεγόμενος
979 597 1056 668 τῷ
1104 596 1336 667 δεαϐόλῳ
1376 597 1558 664 λέγει·
1604 614 1622 648 t
1688 597 1820 649 Ἀπὸ
1865 599 1975 668 γὰρ

2090 616 2267 655 rursus
2312 604 2391 656 alt
2420 618 2484 657 ex
2518 618 2750 673 persona
2792 604 2883 659 Dei
2922 627 2933 661 :
2967 625 2986 658 ι
3019 605 3197 660 Exivit
3246 604 3486 675 Spiritus
3521 606 3658 677 t-jus,

392 696 712 766 Πνεύματος
740 692 899 761 ἁγίου
940 689 1107 744 αὐτοῦ
1141 689 1347 750 πάντες
1402 687 1756 758 ὲκτίσθημιν.
1797 708 1815 740 ι
1869 690 1979 743 Kal

2090 703 2133 748 et
2162 691 2335 747 factus
2381 703 2467 748 est
2503 696 2754 750 mundus.
2793 715 2811 747 ι
2848 696 3230 764 lnseparabilis
3256 699 3401 753 enim
3448 707 3533 755 est
3573 698 3655 755 dl-

392 791 555 844 πάλιν
575 788 726 855 λέγει
750 805 766 819 ·
807 805 826 837 ι
889 785 1024 838 Ἀπὸ
1072 781 1369 855 προσώπου
1397 780 1493 834 τοῦ
1538 780 1675 834 Θεοῦ
1699 782 1892 854 ἐξῆλθε
1919 782 1979 835 τό

2090 784 2204 838 vina
2235 794 2290 838 et
2314 784 2603 841 inell'abilis
2634 786 2897 851 Trinitas,
2931 788 3115 852 Pater,
3156 790 3344 855 Filius,
3387 800 3441 845 et
3484 790 3659 861 Spiri-

393 883 619 953 Πνεῦμα
650 878 837 941 αὐτοῦ,
869 877 962 931 καὶ
1010 878 1037 929 6
1068 876 1276 945 κόσμος
1309 876 1553 942 ἐγένετο.
1588 894 1605 923 ι
1650 872 1981 945 Ἀχώριστος

392 974 504 1045 γὰρ
534 973 623 1028 ἀεὶ⁸
644 974 678 1041 ἡ
700 971 820 1024 θεία
853 970 948 1023 καὶ
968 970 1209 1041 ἇρῤητος
1255 968 1449 1038 Τριὰς,
1477 970 1504 1022 ὅ
1526 986 1586 1022 τε
1611 970 1801 1040 Πατὴρ
1827 970 1920 1022 καὶ
1951 970 1979 1021 6

396 1064 523 1127 Υἱὸς
553 1063 647 1116 καὶ
674 1060 735 1115 τὸ
760 1061 914 1130 ἅγιον
954 1059 1204 1130 Πνεῦμα,
1236 1059 1693 1131 δημιουργήσασα
1725 1062 1841 1130 ἅμα
1873 1062 1979 1115 πᾶο

399 1172 497 1209 σαν
529 1153 628 1225 τὴν
657 1152 858 1218 κτίσιν,
906 1152 1009 1222 τήν
1046 1168 1106 1204 τε
1160 1151 1378 1222 νοητὴν,
1430 1153 1522 1204 καὶ
1558 1152 1659 1222 τὴν
1693 1152 1977 1224 αἰσθητήν.

408 1246 573 1315 Λέγει
608 1244 717 1316 γὰρ
750 1246 808 1296 ὲν
833 1242 913 1314 τῷ
938 1243 1017 1313 λβ⁰
1044 1242 1245 1312 ψαλμῷ
1271 1258 1285 1272 ·
1328 1263 1345 1293 ι
1384 1242 1477 1313 Τῷ
1500 1242 1641 1313 λόγῳ
1668 1244 1872 1313 Κυρίου
1915 1246 1964 1295 οἱ

398 1336 619 1408 οὐρανοὶ
657 1333 1094 1406 ἐστερεώθησαν,
1140 1333 1235 1386 καὶ
1261 1331 1339 1403 τῷ
1362 1332 1639 1403 Πνεύματι
1659 1332 1752 1386 τοῦ
1773 1332 1977 1403 στόμασ-

396 1446 486 1492 τος
528 1427 695 1481 αύτοῦ
728 1428 878 1481 πᾶσα
902 1428 936 1497 ἡ
973 1426 1207 1496 δύναμις
1252 1425 1453 1479 αὐτῶν.
1499 1444 1517 1476 ι
1548 1426 1747 1478 ’Ᾱκουε
1778 1425 1842 1496 δὴ
1886 1425 1980 1478 τοῦ

396 1519 532 1573 Θεοῦ
561 1521 620 1573 ὲν
664 1520 865 1590 ’Πσαῖᾳ
896 1519 1149 1586 λέγοντος
1174 1534 1187 1548 ο
1211 1536 1229 1568 t
1254 1515 1395 1586 Ἐγὼ
1424 1516 1625 1588 Κύριος
1655 1518 1684 1570 6
1707 1518 1838 1580 Θεός
1865 1535 1979 1582 σου,

397 1610 780 1682 ὲπακούσομσί
815 1628 908 1664 σου
931 1611 1064 1675 Θεὸς
1111 1599 1346 1681 Ἰσραήλ.
1389 1628 1407 1660 ι
1433 1607 1613 1662 Εἰπὼν
1650 1609 1707 1662 δὲ
1730 1609 1983 1681 περὶτῶν

398 1702 733 1773 εὐεργεσιῶν
762 1704 830 1755 τὰ
870 1702 1006 1772 πρὸς
1027 1702 1119 1755 τὸν
1148 1702 1300 1763 λαὸν,
1333 1703 1534 1771 ἐπάγει
1580 1702 1773 1770 λέγων,
1807 1722 1824 1753 ι
1866 1703 1984 1757 ἰνα

399 1796 552 1846 ίδωσι
572 1834 586 1858 ,
620 1794 716 1847 καὶ
751 1796 1010 1864 νοήσωσι,
1066 1793 1159 1847 καὶ
1191 1793 1522 1846 ἐπίστωνται
1555 1792 1693 1863 ἅμα,
1745 1794 1827 1847 ὄτι
1854 1794 1981 1865 χεὶρ

2085 888 2168 931 tus
2196 888 2446 940 sanctus,
2470 893 2588 946 qua:
2619 880 2779 933 simul
2806 882 3048 934 condidit
3079 896 3295 935 oittnem
3324 893 3657 945 creaturam.

2085 980 2190 1022 tam
2240 984 2362 1039 quas
2405 970 2700 1034 intellectu,
2743 987 2903 1041 quam
2955 988 3075 1041 qua:
3128 988 3291 1027 sensu
3336 975 3655 1045 percipitur.

2083 1062 2262 1131 luquit
2303 1062 2449 1118 enim
2479 1081 2494 1119 :
2529 1082 2547 1114 ι
2574 1063 2754 1118 Verbo
2783 1064 3006 1117 Domini
3036 1064 3156 1119 ειειί
3197 1065 3392 1120 firmati
3431 1075 3577 1132 sunt,
3609 1079 3660 1122 et

2083 1156 2276 1225 spirittt
2302 1157 2415 1211 oris
2439 1155 2557 1225 ejus
2584 1155 2764 1211 omnis
2793 1156 2964 1210 virtus
2994 1170 3181 1211 eorum
3203 1156 3270 1211 ".
3304 1176 3323 1210 ι
3364 1158 3501 1212 Audi
3531 1171 3664 1228 ergo

2085 1247 2252 1302 Deum
2296 1249 2349 1303 in
2399 1248 2535 1303 Isaia
2583 1250 2891 1319 loquentem
2939 1267 3002 1304 :t
3040 1251 3151 1319 Ego
3209 1250 3471 1305 Dominus
3524 1250 3666 1306 Deus

2088 1352 2231 1397 tuus.
2263 1343 2490 1397 Audiam
2535 1352 2585 1396 te
2612 1343 2751 1398 Deus
2792 1344 2953 1398 Israel
2978 1344 3045 1398 ".
3079 1364 3097 1398 ι
3141 1344 3434 1415 Postquam
3474 1354 3660 1401 autem

2084 1435 2150 1489 de
2183 1434 2463 1489 beneﬁciis
2493 1435 2750 1489 disseruit
2781 1451 2901 1506 quae
2942 1439 3009 1492 ad
3060 1437 3315 1507 populum
3364 1437 3663 1506 pertinent,

2084 1526 2349 1597 adiungit,
2399 1528 2632 1585 dicens:
2670 1550 2688 1581 ι
2719 1529 2789 1585 Ut
2839 1531 3078 1595 videant,
3128 1542 3182 1584 et
3228 1530 3561 1601 intelligant,
3611 1540 3669 1586 et

2084 1620 2257 1675 sciant
2307 1622 2447 1689 quod
2500 1639 2695 1678 manus
2742 1624 2955 1678 Domini
3010 1623 3137 1679 fecit
3184 1625 3301 1679 lucc
3356 1624 3562 1685 omnia,
3611 1636 3669 1679 et

2084 1711 2306 1766 sanctus
2348 1711 2513 1767 lsrael
2566 1715 2805 1768 ostendit
2850 1730 2912 1768 ea
2931 1715 3007 1779 ”;
3044 1735 3062 1767 ι
3111 1731 3330 1769 manum
3388 1716 3667 1785 appellans

2086 1801 2348 1872 Spiritum
2400 1805 2517 1869 Dei,
2560 1818 2807 1862 sanctum
2854 1817 3032 1861 autem
3064 1806 3251 1873 lsrael,
3284 1807 3481 1861 Filium
3529 1808 3666 1875 ejus.

400 1886 609 1958 Κυρίου
639 1884 862 1956 ἐποίησε
892 1887 1073 1939 πάντα
1091 1885 1287 1953 ταῦτα,
1312 1888 1407 1943 καὶ
1431 1890 1459 1941 6
1476 1887 1630 1956 ἆγιος
1642 1887 1737 1943 τοῦ
1766 1888 1983 1959 Ἰσραὴλ

2090 1894 2154 1948 Et
2185 1909 2376 1949 rursus
2407 1897 2472 1951 ad
2508 1895 2677 1952 Jacob
2708 1899 2785 1953 ait
2813 1918 2826 1952 :
2859 1918 2877 1951 ι
2913 1898 3103 1954 Manus
3133 1914 3251 1953 mea
3280 1899 3527 1955 fundavit
3559 1911 3669 1954 ter-

400 1979 713 2043 κατέδειξεν
743 1979 886 2032 αύτὰ
916 1996 929 2008 ·
986 1998 1004 2029 ι
1039 1980 1198 2048 χεῖρα
1249 1981 1427 2050 φήσας
1458 1980 1519 2033 τὸ
1571 1981 1725 2049 ἅγιον
1758 1980 1981 2051 Πνεῦμα

2090 1999 2223 2049 ram,
2274 1997 2331 2039 et
2377 1986 2602 2040 dextera
2658 2001 2774 2041 mea
2824 1986 3019 2042 coelum
3084 1986 3397 2054 tirmavit‘;
3430 2006 3449 2040 ι
3510 1994 3569 2040 ut
3616 1995 3672 2039 et

399 2070 493 2125 τοῦ
521 2070 681 2131 Θεοῦ,
713 2071 868 2139 ἆγιον
895 2070 950 2124 δὲ
978 2070 1073 2123 τοῦ
1126 2072 1344 2142 Ἰσραὴλ
1367 2074 1459 2126 τὸν
1495 2071 1626 2124 Υἱὸν
1651 2070 1841 2126 αὐτοῦ.
1871 2070 1981 2124 Kal

2094 2074 2347 2137 Ezechiel
2396 2077 2567 2132 dicit:
2604 2097 2623 2130 ι
2654 2078 2818 2133 Facta
2871 2087 2955 2133 est
3004 2093 3196 2133 manus
3245 2078 3452 2133 Domini
3507 2091 3672 2145 super

401 2163 564 2217 πάλιν
587 2163 722 2234 πρὸς
755 2162 949 2216 Ἰακὼϐ
972 2157 1126 2216 εἶπεν
1150 2178 1164 2194 ο
1195 2181 1213 2214 ι
1262 2163 1327 2221 ’Π
1356 2164 1477 2235 χείρ
1517 2181 1618 2234 μου
1651 2162 1986 2233 ὲθεμελίωσε

2090 2185 2176 2225 nte
2192 2172 2236 2223 ’.
2269 2189 2287 2222 ι
2324 2170 2619 2226 Consuevit
2648 2171 2951 2241 Scriptura,
3000 2188 3032 2227 ο
3078 2173 3416 2242 philosophe,
3451 2187 3667 2226 manmn

398 2258 499 2329 τὴν
535 2258 662 2329 γῆν,
701 2260 795 2313 καὶ
822 2260 855 2330 ή
884 2257 1037 2323 δεξιὰ
1068 2276 1168 2328 μου
1207 2260 1511 2331 ἐστερέωσε
1544 2258 1638 2313 τὸν
1664 2259 1916 2331 ούρανόνο
1962 2277 1981 2311 ι

2090 2272 2185 2317 aut
2238 2264 2523 2319 brachium
2580 2265 2858 2335 appellare
2910 2263 3175 2335 Spiritum
3231 2274 3478 2321 sanctum
3531 2264 3670 2330 Dei,

403 2351 548 2406 καθὰ
578 2353 671 2406 καὶ
705 2349 988 2423 ’ῐεζεκιὴλ,
1019 2350 1196 2420 λέγων
1227 2368 1242 2381 ·
1287 2370 1306 2403 t
1357 2350 1609 2419 Ἐγένετο
1636 2350 1756 2421 χεὶρ
1782 2350 1988 2423 Κυρίου

2090 2353 2373 2409 dexteram
2400 2364 2581 2411 autem
2621 2354 2813 2410 Filium
2844 2356 2984 2427 ejus.

401 2448 491 2502 ἐπ’
523 2448 545 2500 ὲ
556 2446 646 2520 μέ.
691 2465 710 2499 ι
747 2446 953 2501 Εἵωθεν
981 2448 1015 2518 ὴ
1046 2446 1263 2517 Γραφή,
1296 2438 1341 2499 ὧ
1371 2445 1650 2515 φιλόσοφε,
1683 2445 1717 2518 ἢ
1763 2446 1980 2519 χείραῆ
2022 2447 2286 2520 βραχίονα
2345 2450 2535 2506 καλεῖν
2591 2452 2654 2506 τὸ
2683 2451 2909 2524 Πνεῦμα
2946 2452 3009 2507 τὸ
3067 2452 3224 2524 ἆγιον
3254 2452 3351 2508 τοῦ
3389 2452 3550 2520 Θεοῦ,
3580 2452 3670 2508 δε·-

403 2544 522 2612 ξιὰν
548 2544 605 2597 δὲ
642 2542 735 2598 τδν
763 2543 893 2597 Υίὸν
927 2542 1118 2597 αὐτοῦ.

407 2685 537 2739 Ἔτι
591 2686 645 2739 οἱ
686 2683 838 2752 ἅγιοι
880 2682 1139 2752 Πατέρες
1174 2678 1354 2737 εἶπαν
1390 2682 1489 2736 διὰ
1538 2685 1825 2738 Λεοντίου
1857 2682 1990 2737 ἐπί-

633 2756 870 2809 σκόπου
895 2752 1256 2822 Καισαρείας
1284 2754 1734 2821 Καππαδοκίας.

487 2905 670 2960 Ἱκανὰ
702 2906 804 2976 μὲν
840 2906 908 2960 τὰ
951 2906 1212 2977 λεχθέντα
1250 2908 1378 2979 περ)⁸
1411 2907 1520 2961 τῶν
1568 2908 1865 2980 ἐνεργειῶν
1892 2908 1986 2964 τοῦ

404 2998 560 3067 ἁγίου
577 2999 896 3069 Πνεύματος
912 3000 1097 3054 πεῖσαί
1121 3018 1204 3065 σε,
1225 3001 1505 3071 φιλόσοφε,
1518 3003 1600 3055 ὅτι
1619 3001 1913 3073 συνδημιου
1924 3018 1985 3074 ρ-

403 3089 595 3160 γδντῷ
632 3089 810 3163 Πατρὶ
847 3089 943 3145 καὶ
970 3091 1050 3163 τῷ
1097 3090 1216 3163 Υἱῷ
1245 3090 1437 3145 πασῶν
1474 3092 1584 3146 τῶν
1622 3092 1859 3147 κτιστῶν
1888 3091 1991 3164 φύ-

407 3198 565 3243 σεων,
624 3180 719 3234 καὶ
765 3181 865 3252 τῆς
906 3182 1080 3253 αὐτῆς
1137 3182 1392 3255 θεότητος
1439 3184 1534 3237 καὶ
1580 3184 1791 3249 οὐσίας,
1840 3180 1909 3258 ἦς
1962 3185 1991 3236 6

2086 2672 2274 2729 Adhuc
2304 2675 2481 2730 εαηειί
2520 2674 2709 2750 Patres
2753 2677 3003 2750 dixerunt
3047 2695 3142 2750 per
3171 2660 3469 2750 episcopum
3502 2681 3674 2739 Lean-

2473 2750 2608 2801 tt'um
2635 2746 2877 2803 Cererem
2909 2746 3286 2820 Cappadociae.

2163 2906 2449 2963 Sulliciunt
2494 2906 2712 2978 quidem
2764 2922 2885 2977 qua:
2933 2907 3075 2964 dicta
3120 2916 3249 2963 sunt
3301 2910 3368 2963 de
3416 2910 3674 2980 operibus

2084 3001 2262 3055 sancti
2299 2997 2560 3070 Spiritus,
2610 3014 2645 3055 o
2685 2999 3027 3071 philosophe,
3075 3009 3132 3056 ut
3163 2999 3338 3070 ipsum
3372 3001 3565 3056 credas
3598 3002 3676 3057 si-

2096 3092 2206 3148 mul
2254 3107 2378 3147 cum
2420 3090 2586 3147 Patre
2614 3101 2672 3147 et
2700 3090 2839 3148 Filio
2884 3091 3127 3148 omnium
3159 3091 3424 3147 factarum
3454 3103 3676 3148 natura-

2096 3200 2215 3238 rum
2252 3198 2378 3240 esse
2425 3192 2757 3248 creatorem,
2806 3193 2861 3237 et
2907 3182 3151 3253 ejusdem
3184 3181 3483 3238 divinitatis
3513 3193 3677 3254 atque

406 3273 599 3343 Πατὴρ
624 3272 720 3327 καὶ
750 3274 779 3327 6
811 3274 961 3337 Υίός.
1001 3274 1353 3345 Ἑπιστήσας,
1382 3271 1474 3329 οῦν
1501 3276 1591 3330 τὸν
1620 3277 1745 3332 νοῦν
1768 3294 1884 3342 σου,
1925 3277 1986 3330 ἐκ

2092 3277 2437 3342 substantiae,
2505 3275 2660 3345 cujus
2702 3285 2789 3332 est
2830 3275 2996 3331 Pater
3042 3284 3100 3330 et
3127 3273 3319 3330 Filius.
3372 3275 3678 3331 Advertens

405 3365 514 3418 τῶν
544 3364 950 3437 προλεχθέντων
994 3382 1098 3431 σοι,
1145 3366 1307 3420 ἆκουε
1356 3368 1451 3421 καί
1499 3367 1595 3420 νῦν
1640 3367 1983 3437 σαφεστέρας

408 3452 712 3518 ἀποδείξεις
741 3453 871 3525 περὶ
899 3451 1065 3506 αὑτοῦ
1096 3454 1160 3507 ὲκ
1185 3453 1296 3507 τῶν
1326 3453 1503 3522 -ίερῶν
1532 3454 1787 3524 Γραφῶν.
1819 3452 1989 3519 Λέγει

407 3546 436 3598 6
463 3545 751 3616 προφήτης
772 3543 935 3597 Δαυὶδ
962 3547 1020 3598 ὲν
1046 3543 1123 3613 τῷ
1153 3544 1491 3616 ἐνενηκοστῷ
1522 3544 1734 3615 ἑϐδόμῳ
1757 3542 1987 3615 ψαλμῷ·

414 3656 433 3691 ι
474 3636 677 3709 ’ᾼσατε
702 3636 781 3707 τῷ
813 3637 1007 3708 Κυρίῳ
1060 3634 1217 3710 ᾆσμα
1260 3637 1465 3691 καινόν.
1492 3656 1510 3689 ι
1545 3636 1645 3689 Διὰ
1685 3636 1769 3703 τί;
1812 3655 1830 3688 ι
1872 3638 1991 3691 Ὅτι

408 3727 701 3800 Θαυμαστὰ
732 3729 987 3801 ἐποίησεν
1019 3732 1048 3784 6
1094 3729 1320 3802 Κύριος,
1350 3729 1556 3783 ἔσωσεν
1586 3729 1749 3782 αὑτὸν
1776 3731 1810 3801 ἡ
1842 3728 1993 3796 δεξιὰ

408 3824 574 3879 αὑτοῦ
604 3840 618 3855 ·
660 3843 680 3877 ι
712 3825 834 3879 ἀντὶ
859 3823 956 3878 τοῦ
993 3825 1022 3878 6
1052 3824 1180 3888 Υίὸς
1208 3824 1406 3877 αὑτοῦ·
1448 3843 1467 3876 r
1500 3823 1594 3878 καὶ
1628 3823 1658 3876 6
1705 3821 1945 3894 βραχίων
1966 3825 1993 3876 6

408 3918 563 3987 ἆγιος
594 3915 758 3971 αὑτοῦ
784 3933 797 3947 ο
842 3936 861 3969 ι
892 3917 956 3970 τὸ
986 3917 1212 3987 Πνεῦμα
1262 3916 1436 3986 λέγων
1468 3915 1530 3970 τὸ
1560 3915 1737 3985 ἅγιον.
1790 3916 1913 3969 Kal
1934 3916 1992 3967 ἐν

408 4008 724 4072 καθολικαϊς
756 4008 813 4063 δὲ
859 4008 1114 4078 Ἰωάννης
1158 4010 1187 4061 6
1242 4007 1638 4079 εύαγγελιστὴς
1689 4008 1809 4079 βοᾷ,
1864 4009 1993 4078 περὶ

406 4101 500 4156 τοῦ
538 4101 856 4173 Πνεύματος
882 4099 977 4154 τοῦ
1010 4101 1173 4171 ἁγίου
1206 4101 1478 4171 θεολογῶν
1518 4102 1650 4156 αὐτὸ
1678 4102 1773 4155 καὶ
1805 4102 1988 4165 αὐτὸς,

410 4194 555 4249 καθὰ
592 4196 689 4249 καὶ
717 4194 920 4258 πάντες
952 4210 967 4225 ·
1015 4212 1034 4247 ι
1079 4193 1154 4247 Τὸ
1183 4193 1406 4266 πνεῦμά
1424 4198 1541 4250 ἐστι
1568 4196 1630 4249 τὸ
1657 4196 1988 4267 μαρτυροῦν,

410 4291 494 4343 ὅτι
524 4289 586 4342 τὸ
620 4287 842 4359 πνεῦμά
893 4289 1043 4342 ἐστιν
1078 4288 1112 4359 ὴ
1147 4286 1400 4358 ἀλήθεια.
1430 4307 1449 4339 ι
1492 4289 1603 4342 Kal
1638 4290 1756 4359 μετ’
1800 4289 1990 4356 ὀλίγα·

416 4403 435 4435 ι
473 4385 502 4437 6
524 4380 820 4445 πιστεύων,
851 4381 1039 4452 φησὶν,
1074 4383 1154 4445 εἰς
1173 4382 1265 4434 τὸν
1293 4381 1422 4435 Υίὸν
1452 4381 1544 4434 τοῦ
1572 4381 1728 4445 Θεοῦ,
1754 4380 1866 4453 ἔχει
1894 4381 1993 4453 τὴν

411 4476 719 4550 μαρτυρίαν
739 4474 834 4530 τοῦ
858 4474 995 4529 Θεοῦ
1016 4478 1074 4529 ὲν
1097 4474 1278 4546 ἐαυτῷ
1298 4490 1311 4504 ·
1349 4494 1368 4528 ι
1398 4475 1519 4529 ἀντὶ
1542 4474 1660 4541 τοῦ,
1685 4476 1745 4528 τὸ
1769 4475 1994 4545 Πνεῦμα

408 4568 502 4624 τοῦ
533 4568 705 4623 Θεοῦ’
741 4569 769 4622 6
804 4568 861 4622 δὲ
893 4567 969 4640 μὴ
1000 4566 1274 4621 πιστεύων
1311 4568 1389 4639 τῷ
1426 4566 1562 4640 Υίῷ,
1614 4567 1857 4639 ψεύστην
1895 4586 1988 4621 πει

2095 3370 2261 3438 igitur
2287 3369 2529 3423 animum
2563 3369 2629 3423 ad
2654 3383 2718 3425 ea
2746 3383 2866 3438 quae
2891 3370 3044 3438 prius
3073 3367 3171 3423 tibi
3194 3368 3340 3423 dicta
3363 3378 3512 3431 sunt,
3548 3368 3673 3422 audi

2094 3469 2149 3513 et
2200 3474 2346 3513 nunc
2390 3460 2456 3514 de
2498 3459 2687 3513 eodem
2742 3458 3144 3513 manilestiores
3190 3458 3679 3513 demonstrationes

2094 3565 2163 3606 ex
2213 3550 2385 3605 sacris
2415 3549 2654 3605 Litteris.
2706 3548 2797 3603 Ait
2840 3548 3101 3618 propheta
3147 3547 3311 3602 David
3348 3564 3365 3603 :
3403 3565 3422 3599 ι
3450 3547 3679 3602 Cantate
3772 3584 3775 3587 λ

2095 3642 2324 3699 Domino
2353 3642 2622 3698 canticum
2666 3656 2892 3706 novum;
2928 3660 2946 3694 ι
2985 3640 3193 3710 quare?
3233 3656 3252 3692 t
3282 3639 3406 3710 quia
3440 3640 3679 3695 mirabi-

2096 3737 2166 3791 lia
2210 3735 2337 3791 l‘ecit
2371 3734 2642 3790 :salvavit
2690 3735 2910 3789 dextera
2949 3733 3069 3803 ejus
3112 3732 3233 3804 (pro
3276 3746 3342 3786 eo
3389 3731 3531 3802 quod
3570 3740 3675 3797 est,

2097 3828 2266 3883 Filius
2287 3827 2446 3897 ejus),
2470 3838 2521 3881 et
2558 3827 2835 3881 brachium
2870 3835 3119 3881 sanctum
3142 3822 3259 3894 ejus
3278 3824 3320 3892 ⁸,
3360 3842 3379 3877 ι
3413 3824 3675 3894 Spiritum

2096 3928 2343 3975 Sanctum
2379 3917 2713 3989 signiﬁcans.
2748 3916 2814 3971 Et
2838 3916 2891 3971 itt
2922 3914 3207 3971 catholicis
3234 3912 3475 3970 Joannes
3507 3927 3675 3969 evan-

2095 4013 2286 4084 gelista
2319 4013 2457 4066 idem
2488 4010 2708 4073 clamat,
2744 4021 2794 4065 et
2828 4010 2962 4080 ipse,
2990 4007 3136 4079 quod
3163 4018 3218 4063 et
3253 4007 3342 4062 alii
3369 4021 3581 4070 omnes,
3612 4007 3677 4060 de

2096 4106 2302 4176 Spiritu
2358 4112 2551 4159 sancto
2598 4104 2859 4158 divinitus
2904 4102 3216 4157 disserens:
3253 4118 3272 4152 ι
3308 4097 3545 4169 Spiritus
3594 4106 3678 4152 est

2095 4200 2184 4269 qui
2217 4200 2563 4264 testilicatur,
2590 4198 2717 4267 quia
2740 4195 2967 4266 spiritus
2991 4195 3196 4248 veritas
3228 4201 3314 4248 est
3334 4190 3391 4259 ⁸;
3425 4209 3442 4243 ι
3477 4199 3535 4245 et
3555 4198 3677 4259 post

2097 4306 2265 4361 pauca
2300 4308 2314 4345 :
2352 4310 2369 4341 ι
2401 4289 2502 4356 Qui
2545 4288 2742 4352 credit,
2789 4286 2989 4357 inquit,
3029 4285 3085 4340 in
3119 4283 3314 4338 Filium
3352 4283 3470 4348 Dei,
3514 4280 3677 4337 habet

2096 4383 2485 4438 testimonium;
2547 4380 2638 4434 Dei
2740 4379 2792 4433 in
2864 4378 3156 4448 semetipso
3200 4376 3253 4445 ⁵;
3318 4394 3338 4429 ι
3426 4390 3525 4444 pro
3608 4388 3676 4429 eo

2096 4477 2240 4547 quod
2294 4485 2399 4534 est,
2447 4472 2708 4542 Spiritum
2759 4480 3006 4527 sanctum
3057 4468 3152 4525 Dei
3209 4484 3224 4523 :
3287 4486 3305 4520 ι
3352 4466 3455 4535 Qui
3493 4476 3675 4521 autem

2097 4583 2203 4623 nou
2237 4568 2411 4622 credit
2458 4566 2612 4627 Filio,
2660 4566 2977 4620 mendacem
3008 4561 3137 4617 facit
3181 4574 3303 4615 eum
3327 4558 3371 4613 ⁸.
3406 4577 3425 4611 ι
3457 4558 3523 4612 Ει
3556 4571 3675 4610 ma-

409 4661 639 4731 ποίηκεν
681 4659 865 4714 αὐτόν.
917 4678 936 4710 ι
974 4658 1087 4712 Kal
1124 4661 1152 4713 6
1208 4659 1381 4730 μέγας
1428 4659 1486 4712 δὲ
1538 4658 1646 4712 τῶν
1685 4660 1986 4713 ἀποστόλων

2100 4675 2263 4729 gnum
2309 4658 2673 4725 apostolorum
2708 4654 3191 4726 propugnaculum,
3228 4650 3447 4707 divinus
3483 4647 3677 4705 Petrus
3718 4662 3723 4669 '

407 4751 672 4824 πρόϐολος
714 4754 741 4805 6
798 4751 946 4816 θεῖος
1006 4753 1213 4824 Πέτρος
1282 4754 1419 4823 φησὶ
1478 4752 1618 4822 πρὸς
1695 4752 1989 4805 ’Λνανίανο

414 4863 433 4898 ι
471 4845 566 4909 Εἰς
603 4844 658 4898 τί
707 4844 1033 4915 ἐπλήρωσεν
1081 4844 1111 4897 6
1160 4845 1406 4908 Σατανᾶς
1452 4843 1552 4913 τὴν
1598 4842 1824 4911 καρδίαν
1874 4860 1990 4909 σου,

406 4936 710 5008 ψεύσασθαί
744 4952 805 4989 σε
837 4934 900 4988 τὸ
921 4935 1149 5007 Πνεῦμα
1180 4935 1243 4987 τὸ
1270 4935 1464 5001 ἂγιονς
1504 4934 1642 4987 »Καὶ
1664 4932 1785 5004 μετ’
1810 4932 1988 5002 ὀλίγα*

413 5048 431 5080 ι
476 5027 589 5081 Ούκ
623 5026 838 5097 ἐψεύσω
879 5024 1218 5099 ἀνθρώποις,
1259 5025 1399 5080 ἀλλὰ
1429 5024 1506 5096 τῷ
1553 5024 1692 5096 Θεῷ.
1744 5043 1762 5077 ι
1795 5026 1903 5078 Kal
1937 5026 1994 5078 ὲν

405 5119 471 5187 τῇ
506 5114 736 5188 Παλαιᾷ,
794 5116 1001 5171 πάλαι·
1050 5135 1069 5168 t
1108 5117 1214 5171 Τὸν
1252 5116 1508 5189 ούρανὺν,
1556 5115 1713 5188 φησι,
1754 5115 1849 5169 καὶ
1891 5113 1992 5186 τὴν

404 5208 511 5280 γῆν
543 5207 652 5277 ἐγὼ
682 5208 898 5279 πληρῶ,
928 5207 1080 5278 λέγει
1111 5209 1337 5280 Κύριος.
1381 5228 1400 5262 ι
1432 5209 1538 5262 Kal
1575 5211 1604 5262 6
1642 5205 1897 5278 Σολομὼν
1926 5205 1985 5259 δὲ

403 5300 617 5365 δεικνὺς
649 5301 734 5364 τίς
796 5302 826 5354 6
877 5300 1126 5372 πληρῶν,
1178 5301 1377 5372 λέγει’
1434 5321 1454 5354 ι
1504 5300 1730 5373 Πνεῦμα
1780 5298 1984 5371 Κυρίου

403 5393 737 5463 πεπλήρωκε
784 5390 886 5461 τὴν
946 5393 1298 5463 οἰκουμένην.
1355 5412 1375 5446 ι
1427 5394 1626 5448 Πείθου
1681 5392 1861 5448 τοίνυν
1895 5391 1988 5445 καὶ

403 5484 653 5557 περὶτῆς
677 5483 774 5538 τοῦ
807 5484 963 5553 ἁγίου
994 5485 1313 5556 Πνεύματος
1336 5486 1680 5551 δεσποτείας,
1706 5486 1802 5541 καὶ
1828 5485 1985 5556 δέχου

403 5580 500 5632 καὶ
542 5579 641 5641 τὰς
675 5577 808 5649 περὶ
855 5576 1020 5630 αὐτοῦ
1064 5577 1393 5650 μαρτυρίας,
1449 5578 1722 5633 πιστεύων
1753 5577 1834 5631 ὅτι
1885 5576 1986 5647 τῆς

403 5671 573 5742 αὐτῆς
615 5670 871 5743 θεότητος
904 5669 999 5723 καὶ
1028 5670 1241 5737 οὐσίας,
1273 5670 1485 5725 καὶτοῦ
1526 5670 1691 5725 αὑτοῦ
1717 5668 1986 5743 κρίματος

459 5847 505 5878 ’⁷
541 5845 686 5901 Psal.
717 5862 889 5912 nixu,
921 5845 979 5901 6.
1046 5846 1092 5879 ’⁸
1117 5845 1220 5903 lsa.
1253 5862 1363 5910 ut,
1396 5848 1486 5903 l6.
1548 5845 1594 5877 ”
1620 5845 1752 5901 ibid.
1779 5844 1872 5899 20.

405 5916 426 5949 ⁸
454 5916 471 5972 l
498 5915 653 5973 Joan.
687 5933 741 5985 ν,
771 5915 824 5971 6.
885 5918 907 5950 ⁸
936 5916 1070 5973 ibid.
1104 5917 1192 5973 10.

1943 5844 1958 5876 ¹
1990 5843 2090 5898 Isa.
2127 5859 2319 5910 xum,
2353 5843 2442 5907 12,
2476 5843 2561 5898 15.
2640 5844 2658 5874 ³
2689 5842 2884 5898 Ezech.
2914 5858 3001 5905 ιιι.
3026 5841 3119 5899 22.

1299 5917 1319 5949 ⁸
1350 5917 1483 5973 ibid.
1560 5916 1579 5949 τ
1623 5916 1748 5971 Act.
1783 5931 1838 5983 ν,
1868 5916 1922 5971 5.

2090 5917 2177 5972 ιίιί.
2212 5917 2263 5970 4.
2343 5913 2363 5945 ⁸
2394 5912 2599 5970 Jerem.
2632 5930 2791 5980 nm,
2818 5913 2911 5969 Ἡ.
2991 5913 3035 5944 ¹⁹
3061 5914 3189 5984 Sap.
3223 5928 3261 5978 ι,
3289 5912 3344 5966 7.

2090 4753 2162 4806 ait
2190 4752 2259 4805 ad
2294 4751 2558 4804 Auaniam
2596 4767 2610 4803 :
2642 4767 2659 4800 ι
2697 4748 2808 4803 Cur
2832 4745 3073 4814 implevit
3098 4743 3332 4799 Satanas
3372 4756 3466 4797 cor
3493 4750 3665 4805 tuum,

2092 4845 2307 4898 mentiri
2335 4850 2386 4896 te
2419 4842 2647 4912 Spiritui
2672 4849 2861 4894 sancto
2884 4839 2945 4891 τί
2975 4858 2993 4890 ι
3030 4838 3094 4892 Ει
3123 4847 3242 4905 post
3269 4850 3440 4905 pauca
3468 4851 3482 4890 :
3513 4852 3533 4885 ι
3557 4832 3673 4890 Non

2090 4953 2151 4991 es
2186 4937 2445 4989 mentitus
2496 4934 2808 4988 hominibus
2855 4933 2949 4986 sed
2981 4932 3088 4985 Deo
3111 4931 3156 4983 ⁸.
3187 4949 3206 4982 ι
3248 4928 3314 4983 Et
3351 4942 3565 4985 rursum
3617 4927 3671 4983 in

2091 5028 2275 5085 Veteri
2307 5028 2674 5082 Testamento.
2711 5048 2729 5073 ι
2770 5025 2977 5079 Crelum
3008 5034 3063 5078 et
3098 5033 3296 5077 terram
3322 5036 3422 5091 ego
3449 5020 3670 5090 impleo,

2093 5122 2221 5176 dicit
2266 5120 2524 5176 liotninus
2545 5120 2589 5172 ’.
2622 5136 2640 5169 ι
2694 5116 2760 5171 Ει
2810 5116 3065 5171 Salomon
3100 5114 3347 5170 indicans
3397 5113 3520 5182 quis
3564 5111 3671 5166 im-

2093 5211 2258 5279 pleat,
2291 5212 2404 5266 ait:
2444 5230 2462 5263 ι
2505 5210 2741 5275 Spiritus
2770 5208 2977 5262 Domini
3018 5206 3240 5273 replevit
3274 5205 3459 5258 orbem
3495 5213 3670 5257 terra-

2093 5318 2213 5358 rum
2240 5303 2306 5358 ⁸⁸.
2343 5321 2364 5356 ι
2397 5302 2573 5357 Crede
2619 5312 2674 5356 et
2708 5304 2773 5355 de
2803 5310 3070 5371 potestate
3101 5299 3338 5368 Spiritus
3381 5296 3582 5361 sancti,
3615 5305 3671 5351 et

2094 5396 2208 5451 haec
2252 5395 2435 5465 recipe
2464 5396 2531 5450 de
2564 5395 2683 5466 ipso
2709 5395 3045 5456 testimonia,
3074 5393 3220 5463 quod
3255 5392 3493 5461 Spiritus
3538 5405 3670 5445 sart-

2093 5497 2214 5546 ctus
2241 5484 2487 5555 ejusdem
2522 5486 2595 5542 sit
2618 5485 2838 5541 deitatis
2868 5497 2923 5539 et
2953 5485 3287 5551 substantiae,
3317 5481 3671 5555 ejusdemque

2058 5630 2060 5633 ,
2094 5574 2446 5630 auctoritatis
2498 5584 2662 5644 atque
2706 5575 2872 5631 Pater
2907 5583 2962 5630 et
3001 5574 3215 5630 Filius:
3248 5582 3304 5630 et
3337 5588 3460 5630 eum
3507 5572 3670 5629 Patre

2091 5676 2147 5721 et
2176 5667 2318 5723 Filio
2342 5681 2557 5737 semper
2581 5667 2828 5722 exsistat.
2854 5666 3015 5734 Audi,
3046 5666 3382 5738 philosophe.

3193 5845 3215 5875 ³
3240 5841 3381 5896 Psal.
3412 5855 3578 5908 xcvtt,
3613 5841 3667 5898 l.
