4148 6576
543 427 675 494 1287
1787 438 2091 498 GELASII
2165 441 2181 497 l

2180 435 2507 501 IYZICENI
3681 450 3818 513 1288

539 540 653 610 ξῖσ.
685 535 1011 611 χρήματος],
1038 537 1100 593 τὸ
1126 539 1350 611 Πνεῦμα
1386 540 1442 593 τὸ
1477 541 1653 610 ἅγιον,
1679 538 1856 615 οὗπερ
1881 547 1909 597 0
1952 544 2137 616 Πατὴρ
2179 546 2272 598 καὶ
2311 548 2339 598 0
2410 550 2553 612 Υἱὸς,
2585 551 2677 602 καὶ
2718 553 3063 625 συνυπάρχον
3109 553 3196 608 ἀεὶ
3241 553 3319 626 τῷ
3365 556 3543 628 Πατρὶ
3587 558 3678 611 καὶ
3736 558 3817 625 τῷ

544 628 673 700 Υῑῷ.
738 629 1004 693 Ἀκούεις,
1062 629 1340 699 φιλόσοφε.

610 721 897 791 Responsio
926 720 1221 790 philosophi
1250 721 1318 773 ad
1348 730 1557 775 sanctos
1597 720 1778 777 Patres
1805 736 2031 781 nostros.
2149 730 2194 787 Α
2236 720 2248 737 ’

2179 720 2583 791 ιἈετόκρισις
2640 727 2746 780 τοῦ
2799 732 3145 809 ρλξοσςξροιξ
3192 734 3345 801 πρὸς
3403 737 3545 804 τοὺς
3601 741 3817 809 ἁγίους

2780 798 2950 868 ἡμῶν
2986 798 3270 872 Πατέραςῖ.

609 899 799 971 Igitur,
856 910 917 955 ut
969 900 1171 965 dicitis,
1235 907 1290 954 et
1341 899 1651 954 testimonia
1716 899 2122 972 Scripturarum

2297 907 2529 970 Οὐκοῦν,
2571 910 2756 974 καθώς
2805 931 2964 981 φατε,
3020 918 3113 969 καὶ
3167 920 3222 971 αἱ
3265 923 3565 992 μαρτυρίαι
3608 924 3665 977 δὲ
3701 926 3814 978 τῶν

540 1011 679 1068 quas
706 994 1035 1066 prepouitis,
1061 994 1326 1059 indicant,
1353 1002 1563 1064 oportet
1589 992 1845 1063 Spiritum
1877 1007 2122 1051 sanctum

2226 998 2478 1068 Γραφῶν,
2533 995 2608 1055 ὧν
2658 1005 3037 1072 παρηγάγετε,
3084 1006 3329 1076 δηλοῦσι,
3377 1008 3651 1077 θεολογείν
3727 1014 3818 1067 δεῖ

544 1087 709 1143 Deum
767 1101 888 1141 esse
937 1086 1210 1140 aliirmare
1241 1104 1255 1140 :
1289 1087 1382 1139 scd
1438 1085 1568 1139 mihi
1619 1086 1830 1140 videtur
1876 1098 2122 1142 coactam

2226 1092 2322 1144 καὶ
2350 1094 2412 1145 τὸ
2442 1093 2666 1166 Πνεῦμα
2694 1095 2753 1148 τὸ
2787 1095 2944 1165 ἅγιον
2968 1114 2981 1127 ⁸
3016 1100 3111 1153 καί
3143 1117 3232 1169 μοι
3268 1100 3418 1153 δοκεῖ
3445 1102 3820 1175 βεϐιασμένην

539 1193 662 1233 esse
701 1178 841 1231 hanc
877 1175 1226 1240 sententiam,
1281 1177 1381 1230 nisi
1437 1177 1554 1229 alia:
1609 1175 1909 1245 Scriptum
1967 1180 2124 1234 nobis

2227 1178 2367 1237 εἶναι
2391 1186 2490 1255 τὴν
2513 1185 2741 1251 ἔννοιαν,
2800 1190 2847 1241 εἰ
2899 1188 2975 1260 μὴ
3009 1191 3078 1244 τά
3114 1191 3226 1245 τῶν
3265 1194 3499 1265 Γραφῶν
3529 1197 3620 1264 ὑφ’
3654 1200 3821 1268 ἡμῶν

542 1268 902 1337 proferantur.
962 1266 1073 1321 Nisi
1120 1270 1261 1335 quod
1309 1267 1397 1322 illa
1443 1271 1509 1321 de
1562 1268 1677 1321 Elin
1735 1269 2125 1343 demonstratio

2228 1276 2508 1347 παρήχθη.
2538 1278 2683 1349 Πλὴν
2706 1279 2768 1332 τὸ
2791 1282 2888 1350 μὲν
2923 1283 3054 1352 περὶ
3096 1282 3319 1354 Ἐλιοὺμ
3353 1286 3447 1339 τοῦ
3482 1266 3822 1352 Βουζανιτου

544 1360 828 1413 manifesta
872 1370 976 1412 est.
1025 1358 1264 1412 Alteram
1314 1374 1445 1413 vero
1490 1375 1555 1413 ex
1610 1359 1811 1431 Moysis
1860 1362 2123 1433 analepsi,

2229 1367 2406 1437 σαφὴς
2436 1369 2469 1438 ἡ
2501 1355 2794 1437 ἀπόδειξις.
2822 1371 2958 1441 Περὶ
2981 1372 3038 1426 δὲ
3068 1374 3169 1444 τῆς
3196 1375 3457 1447 ρηθείσης
3490 1379 3822 1451 ἀναλήψεως

542 1466 701 1520 quam
736 1460 951 1516 vocant,
982 1463 1039 1503 ut
1066 1450 1225 1520 paulo
1270 1461 1398 1506 ante
1427 1452 1664 1516 dixistis,
1700 1469 1976 1522 nunquam
2024 1470 2123 1508 au-

2226 1458 2494 1522 Μωσέως,
2553 1461 2680 1531 περὶ
2719 1458 2789 1534 ἧς
2838 1463 3042 1534 ἀρτίως
3101 1466 3387 1536 εἰρήκατε,
3430 1470 3551 1522 οὐδὲ
3596 1472 3821 1542 ἀκήκοά

542 1540 649 1596 divi
699 1540 798 1594 nisi
848 1541 1410 1609 nuuczquamobrem
1461 1556 1491 1594 a
1546 1543 1698 1597 vobis
1731 1545 1964 1613 postulo,
2009 1544 2123 1598 cla—

2228 1567 2381 1614 ποτε,
2415 1554 2462 1605 εἰ
2512 1554 2586 1624 μὴ
2630 1553 2725 1607 νῦν
2752 1571 2766 1584 ·
2809 1554 2933 1609 ὅθεν
2989 1558 3130 1611 αἰτῶ
3160 1559 3307 1629 ὑμᾶς
3340 1540 3817 1633 σαφεστέραννμοι

545 1632 741 1687 riorem
788 1632 918 1685 mihi
968 1647 1154 1685 eorum
1188 1648 1309 1703 qua:
1337 1634 1478 1687 dicta
1534 1646 1681 1699 sunt,
1710 1637 2121 1691 consistentiam

2225 1643 2334 1695 τῶν
2389 1643 2690 1713 λεχθέντων
2746 1648 3102 1718 παραστῆσαι
3159 1650 3258 1721 τὴν
3320 1652 3603 1707 σύστασιν.
3663 1656 3815 1727 Πρὸς

542 1722 613 1777 ob
657 1722 843 1777 oculos
891 1723 1220 1778 exhibeatis.
1261 1725 1342 1778 Ad
1383 1726 1838 1803 perfectissimam
1874 1731 2019 1782 euiut
2057 1729 2124 1783 de

2226 1733 2616 1807 ὲντελεστάτην
2648 1738 2754 1808 γὰρ
2782 1738 3160 1811 πληροφορίαν
3198 1743 3327 1814 περὶ
3356 1743 3453 1797 τοῦ
3491 1722 3814 1817 Πνεῦματος

545 1816 749 1887 Spiritu
780 1828 968 1869 sancto
998 1817 1377 1871 certitudinem
1410 1834 1512 1871 non
1546 1820 1677 1874 mihi
1706 1819 1977 1875 snlIicinut
2003 1837 2125 1891 qua:

2226 1825 2326 1878 οὐκ
2352 1828 2607 1900 αὐτάρκη
2631 1848 2721 1900 μοι
2751 1833 2819 1886 τὰ
2856 1832 2961 1902 ἤδη
3002 1835 3133 1905 παρ’
3165 1834 3321 1906 ὑμῶν
3350 1836 3611 1907 λεχθέντα
3638 1855 3651 1868 ’
3676 1838 3812 1892 λευ-

535 1909 649 1977 jam
693 1926 721 1964 a
751 1910 902 1965 vobis
933 1910 1074 1964 dicta
1108 1922 1256 1975 sunt,
1294 1912 1387 1965 sed
1431 1914 1735 1968 randidiori
1767 1925 1928 1984 atque
1964 1917 2125 1970 vehe-

2227 1922 2454 1991 κοτέρας
2516 1924 2623 1993 γὰρ
2676 1924 2850 1979 δεῖται
2892 1926 3147 1996 φράσεως
3199 1929 3295 1982 καὶ
3333 1932 3720 2003 γενναιοτέρας
3768 1938 3805 2006 ὴ

542 2000 795 2054 meutiori
828 2015 1079 2054 sermone
1109 2015 1245 2068 Opus
1271 2001 1433 2055 habet
1476 2004 1588 2057 hrec
1632 2004 1969 2075 hypothcsis.
2005 2004 2121 2061 Non
2156 2073 2180 2092 ν

2058 2021 2121 2061 Dn
2156 2073 2195 2092 η
2227 2014 2506 2077 ὑπόοεσις.
2542 2015 2616 2066 Οὐ
2641 2015 2753 2086 γὰρ
2786 2017 2913 2086 περὶ
2946 2017 3056 2069 τῶν
3079 2019 3409 2090 τυχόντωνὴ
3448 2000 3696 2092 ζήτησις.

544 2088 691 2143 enim
720 2089 785 2142 de
815 2090 1014 2159 passim
1054 2092 1473 2147 occurrentibus
1505 2073 1733 2162 quaestio
1768 2106 1870 2150 est.
2155 2073 2197 2127 Β

556 2198 838 2271 Responsio
886 2212 1185 2288 sanctorum
1224 2202 1473 2288 Patrum.
1501 2223 1592 2288 per
1643 2207 1880 2288 eamdem
1920 2209 2124 2277 episco-

2240 2212 2581 2288 Ἀπόκρισις
2633 2215 2756 2288 τώιή
2805 2217 2985 2285 ἁγίων
3028 2216 3198 2286 ἡμῶν
3241 2221 3518 2288 Πατέρων
3558 2222 3655 2276 διὰ
3698 2224 3805 2277 τοῦ

844 2288 968 2342 pum
995 2272 1274 2327 Leontium
1318 2276 1387 2327 ad
1417 2272 1807 2347 pltilosOpltum.
1949 2272 1958 2277 ’
2299 2272 2482 2337 αὑτοῦ

2299 2272 2488 2337 αὑτοῦ
2533 2272 2877 2340 ἐπισκόπου
2938 2272 3227 2344 Λεοῖοτίου
3290 2272 3441 2360 apere
3487 2292 3593 2346 τὸν
3631 2297 3805 2363 φιλό-

608 2387 744 2443 Cum
795 2387 867 2442 sit
914 2387 1133 2458 copiosa
1167 2404 1358 2444 eorum
1389 2406 1509 2459 quae
1560 2393 1653 2446 tibi
1686 2404 1937 2453 enarrata
1973 2405 2123 2463 sunt,
2297 2371 2514 2422 (⁷0⁵⁵0⁷³⁵

541 2478 953 2545 demonstratio,
998 2490 1052 2534 et
1097 2482 1409 2536 testimonia
1464 2498 1530 2537 ex
1577 2484 1776 2540 divinis
1826 2486 2123 2556 Scripturis

2297 2468 2503 2539 Πολλῆς
2534 2466 2700 2539 οὔσης
2734 2470 2832 2540 τῆς
2874 2471 2984 2524 τῶν
3024 2472 3431 2543 εἰσηγηθέντων
3474 2492 3560 2529 σοι
3585 2476 3804 2530 ἀποδεί-

541 2570 977 2637 evidentissima,
1014 2586 1134 2641 qua:
1169 2575 1499 2642 persuadere
1541 2576 1633 2630 tibi
1666 2579 1994 2646 pr0positam
2022 2581 2123 2649 by:

2225 2564 2380 2630 ξεως,
2408 2564 2502 2615 καὶ
2537 2564 2951 2633 ἐναργεστάτων
2976 2563 3083 2616 τῶν
3117 2566 3431 2636 μαρτυριῶν
3462 2567 3572 2619 τῶν
3601 2570 3663 2622 ἐκ
3686 2569 3793 2621 τῶν

539 2662 810 2731 pothesint
868 2662 1103 2730 valeant,
1161 2666 1450 2731 miramur,
1511 2684 1543 2721 ο
1600 2669 1944 2740 philosOphe,
1996 2687 2125 2740 quo-

2228 2656 2391 2709 θείων
2426 2656 2679 2726 Γραφῶν,
2718 2656 2903 2708 πεῖσαί
2940 2673 2997 2709 σε
3027 2655 3342 2727 δυναμένων
3389 2657 3516 2728 περὶ
3547 2659 3642 2729 τῆς
3675 2676 3804 2729 προ-

542 2754 703 2810 tuodo
735 2755 828 2825 qui
862 2765 1010 2810 tanta
1055 2757 1412 2827 intelligentia
1460 2761 1660 2815 videris
1688 2762 1913 2831 pollere,
1946 2763 2122 2819 adhuc

2225 2749 2484 2818 κειμένης
2525 2749 2855 2814 ὑποθέσεως,
2894 2742 2938 2802 ὦ
2970 2748 3259 2817 φιλόσοφε,
3291 2749 3645 2820 θαυμάζομεν
3684 2752 3800 2816 πῶς

541 2846 776 2902 dubitas.
811 2845 1293 2904 Verumenimvero
1323 2890 1338 2914 ,
1395 2854 1694 2920 praesertim
1735 2868 1857 2907 cum
1902 2863 1953 2909 te
1990 2858 2124 2909 veri-

2224 2842 2492 2911 τοσαύτης
2520 2842 2787 2902 συνέσεως
2831 2842 3003 2895 δοκῶν
3038 2841 3291 2910 ἔμπλεως
3330 2838 3493 2907 ε’ναι,
3522 2844 3602 2897 ἔτι
3632 2846 3800 2916 ἀμφι-

543 2948 706 2994 tatem
734 2939 982 3010 aspicere
1003 2940 1273 3005 volumus,
1308 2952 1363 2997 et
1386 2945 1487 2996 hoc
1517 2958 1823 3012 precamur,
1853 2957 1907 3000 et
1929 2947 2123 3002 exhor-

2226 2932 2461 2995 ϐάλλεις.
2508 2932 2646 2983 Ἀλλ’
2688 2933 2879 3003 ἐπειδή
2918 2950 2977 2985 σε
3006 2933 3140 3003 πρὸς
3163 2933 3262 3004 τὴν
3292 2934 3554 3005 ἀλήθειαν
3585 2935 3798 3005 βλέπειν

542 3039 721 3084 tamur
741 3031 1082 3100 prudentiam
1135 3043 1304 3095 tuam,
1350 3044 1408 3089 ut
1434 3034 1666 3102 incipias
1712 3037 2008 3091 inereatam
2057 3040 2120 3092 il—

2223 3025 2500 3095 ἐθέλομεν.
2542 3026 2812 3078 καὶτοῦτο
2842 3026 3117 3096 εὐχόμεθα
3140 3066 3153 3088 ,
3202 3026 3583 3097 παραινοῦμέν
3614 3046 3708 3081 σου
3735 3032 3796 3100 τῇ

539 3124 649 3177 iam
679 3133 732 3178 et
771 3124 1163 3180 immutabilem
1214 3137 1463 3181 naturam
1499 3132 1603 3183 lide
1652 3129 1968 3200 intelligere,
2016 3147 2119 3184 non

2228 3119 2439 3172 συνέσει
2471 3118 2739 3185 ἄρξασθαι
2796 3118 2977 3171 πίστει
3029 3121 3170 3171 νοεῖν
3215 3118 3314 3188 τὴν
3347 3119 3607 3174 ἄκτιστον
3641 3121 3799 3189 φύσιν

542 3225 722 3270 autem
770 3217 1021 3272 humanis
1057 3217 1381 3284 rationibus,
1429 3226 1488 3273 ut
1534 3236 1676 3290 sa'pe
1704 3222 1962 3287 diximus,
2004 3238 2122 3291 qua:

2224 3212 2459 3280 ἐκείνην,
2509 3214 2601 3265 καὶ
2634 3212 2900 3282 ἄτρεπτον
2931 3230 2945 3243 ο
2982 3213 3075 3266 καὶ
3106 3214 3207 3284 εμὴ
3246 3214 3607 3284 ἀνθρωπίνοις
3659 3215 3801 3284 λογι-

547 3302 891 3357 intellectum
943 3316 1237 3374 superant,
1289 3309 1505 3364 curiose
1553 3310 1756 3365 audeas
1806 3311 2115 3382 inquirere,

2227 3305 2488 3374 σμοῖ;,ὼς
2508 3304 2765 3369 πολλάκις
2792 3306 3116 3375 εἰρήκαμεν,
3134 3306 3610 3376 πολυπραγμονεῖν
3631 3324 3799 3361 κατα-

541 3407 718 3464 neque
764 3395 947 3465 pravis
1001 3407 1057 3452 et
1110 3398 1291 3469 impiis
1344 3402 1460 3455 Arii
1516 3403 1865 3473 opinionibus
1913 3407 2115 3461 auxilio
2146 3412 2179 3468 C

2246 3399 2396 3468 τόλμα
2446 3396 2514 3450 τὰ
2548 3398 2687 3467 ὑπὲρ
2722 3397 2846 3450 νοῦν
2875 3414 2887 3426 ·
2930 3397 3004 3469 μὴ
3030 3401 3149 3461 ταῖς
3182 3397 3495 3462 κακοδόξοις
3526 3399 3621 3453 καὶ
3676 3401 3803 3455 ἀσε-

541 3500 664 3541 esse
709 3488 895 3542 taudiu
946 3491 1257 3556 sustineas,
1313 3493 1546 3547 maxime
1598 3511 1718 3549 cum
1767 3497 2120 3567 philusotihus

2226 3492 2379 3545 ίέσιν
2428 3492 2660 3555 ἐννοίαις
2724 3491 2934 3561 ’Λρεὶου
2959 3491 3337 3562 συμφέρεσθαι
3404 3492 3499 3545 ἐπὶ
3554 3491 3800 3548 πλεῖστον

538 3578 641 3642 sis,
684 3589 742 3632 ut
771 3583 876 3644 ais,
924 3596 958 3636 ο
985 3581 1345 3653 philosophe;
1395 3588 1486 3639 sed
1521 3588 1751 3641 liileliter
1795 3590 2028 3658 suscipe,
2064 3601 2120 3645 ut

2223 3586 2347 3638 ὅσον
2370 3584 2594 3654 ἀνέχου,
2624 3582 2913 3652 φιλόσοφος
2945 3582 3043 3650 ὢν,
3075 3584 3151 3647 ὡς
3182 3583 3311 3655 φὴς,
3348 3582 3628 3653 φιλόσοφε.
3667 3585 3799 3639 ἀλλὰ

541 3670 704 3739 paulo
751 3682 880 3728 ante
930 3676 1260 3741 monuimus,
1304 3689 1359 3731 et
1411 3694 1531 3748 qua:
1576 3680 1666 3733 tibi
1702 3690 1827 3734 sunt
1861 3682 2025 3748 dicta,
2065 3692 2120 3738 et

2221 3679 2375 3748 δέχου
2398 3676 2627 3742 πιστῶς,
2661 3676 2735 3740 ὼς
2756 3677 2958 3746 ἀρτίως
2980 3678 3307 3749 εἰρήκαμεν,
3333 3677 3403 3731 τά
3418 3694 3477 3731 τε
3494 3676 3593 3731 νῦν
3610 3678 3800 3750 ῥηθέν-

542 3776 663 3831 qua:
688 3763 913 3818 dicenda
960 3779 1108 3820 sunt.
1159 3769 1397 3823 Admitte
1447 3785 1606 3823 unam
1640 3772 1973 3829 divinitatem
2022 3774 2122 3829 Pa-

2220 3788 2288 3822 τα
2348 3787 2465 3834 σοι,
2505 3770 2575 3823 τά
2614 3786 2674 3821 τε
2718 3769 2982 3839 μέλλοντα
3037 3769 3394 3840 ῥηθήσεσθαι.
3447 3771 3614 3840 Δέχου
3674 3771 3799 3842 μίαν

543 3853 643 3907 tris
673 3852 867 3909 Filium
901 3856 1249 3912 ineﬂ‘abiliter
1280 3864 1615 3931 generautis,
1638 3874 1691 3917 et
1718 3863 1819 3919 Fili
1851 3881 1916 3921 ex
1938 3883 2003 3921 eo
2026 3883 2120 3939 ge-

2220 3863 2450 3932 θεότητα
2480 3862 2573 3915 τοῦ
2607 3861 2821 3947 Παίτρὸς
2845 3861 2938 3915 τοῦ
2969 3864 3333 3934 γεννήσαντος
3362 3864 3453 3916 τὸν
3484 3864 3613 3917 Υἰὸν
3636 3869 3794 3921 ἀνεκ·

544 3944 664 4009 uiti,
702 3955 759 4001 et
781 3945 1016 4016 Spiritus
1038 3950 1212 4004 sancti
1241 3966 1307 4005 ex
1347 3954 1535 4008 eodem
1570 3953 1727 4011 Patre
1751 3960 2116 4028 procedentis,

2220 3956 2493 4024 φράστως,
2514 3944 2715 4007 καὶτοῦ
2737 3953 2869 4007 Υἱοῦ
2886 3954 2980 4006 τοῦ
2995 3954 3395 4023 γεγεννημένου
3424 3955 3483 4019 ὲξ
3500 3955 3689 4012 αὑτοῦ.
3704 3955 3795 4008 καὶ

544 4036 709 4104 quiet
732 4040 982 4106 proprius
1006 4050 1091 4094 est
1111 4038 1257 4108 Filii,
1278 4053 1334 4095 ut
1354 4042 1431 4097 ait
1452 4046 1664 4102 divinus
1686 4052 1959 4117 apostolus
1978 4052 2119 4107 Pau—

2216 4044 2311 4097 τοῦ
2332 4044 2486 4112 ἁγίου
2515 4044 2654 4097 Πνεύ
2664 4061 2835 4113 ματος
2856 4043 2950 4097 τοῦ
2974 4044 3417 4114 ἐκπορευομένου
3439 4044 3498 4108 ἐξ
3518 4044 3682 4097 αὑτοῦ
3699 4044 3790 4097 τοῦ

541 4129 628 4184 ius
658 4146 671 4183 :
703 4147 721 4180 ι
753 4129 854 4196 Qui
895 4132 1146 4199 spiritum
1179 4133 1381 4191 Christi
1426 4154 1528 4192 non
1560 4140 1741 4207 habet,
1772 4145 1857 4198 hic
1892 4160 1993 4198 non
2033 4156 2118 4201 est

2219 4138 2452 4208 Πατρὸς,
2489 4137 2622 4190 ἰδίου
2653 4136 2709 4189 δὲ
2733 4135 2884 4200 ὄντος
2907 4136 3001 4188 τοῦ
3036 4135 3187 4200 Υἱοῦ,
3224 4136 3367 4190 καθά
3398 4153 3562 4205 φησιν
3598 4137 3625 4189 ὁ
3654 4136 3793 4199 θεῖος

540 4219 660 4290 ejus
681 4220 758 4287 “;
790 4240 808 4272 ι
859 4232 915 4276 et
946 4222 1089 4277 idem
1134 4225 1295 4280 alibi:
1322 4246 1339 4279 ι
1369 4228 1624 4286 Dominus
1671 4244 1849 4287 autem
1879 4233 2113 4304 Spiritus

2215 4228 2513 4291 ἀπόστολος
2572 4227 2816 4291 Παῦλος’
2860 4245 2878 4278 ι
2926 4228 2992 4281 Εἴ
3034 4244 3117 4290 τις
3155 4226 3380 4297 Πνεῦμα
3430 4227 3667 4298 Χριστοῦ
3694 4229 3788 4279 οἰκ

541 4312 727 4380 eat";
760 4330 779 4364 ι
835 4324 890 4368 et
938 4330 1125 4371 rursus
1162 4335 1175 4371 :
1211 4336 1229 4369 ι
1262 4318 1563 4378 Divisioues
1612 4327 1908 4394 gratiarum
1964 4338 2111 4393 sunt,

2215 4322 2348 4390 ἔχει,
2378 4313 2532 4383 οὗτος
2565 4320 2666 4372 οὐκ
2689 4318 2833 4372 ἐστιν
2854 4317 3042 4372 αὑτοῦ.
3086 4338 3103 4369 ι
3135 4319 3241 4371 Καὶ
3273 4318 3505 4388 ἀλλαχοῦ
3538 4322 3566 4371 0
3595 4319 3753 4381 αὑτός
3773 4336 3784 4350 ·

542 4405 683 4459 idem
733 4415 913 4484 autem
970 4406 1207 4478 Spiritus
1247 4428 1261 4464 :
1305 4422 1358 4467 et
1411 4415 1702 4471 divisiones
1753 4419 2113 4474 ministratio-

2219 4429 2238 4462 ι
2286 4412 2345 4463 '0
2364 4410 2421 4463 δὲ
2446 4412 2649 4481 Κύριος
2668 4409 2729 4462 τὸ
2751 4407 2978 4478 Πνεῦμά
3010 4410 3149 4461 ἐστι.
3185 4428 3202 4459 ι
3234 4409 3341 4461 Καὶ
3361 4408 3520 4461 πάλιν
3543 4424 3557 4438 ⁸
3600 4427 3616 4457 ι
3648 4411 3790 4460 Διαι-

542 4513 669 4553 num
707 4508 856 4564 sunt,
896 4498 1036 4555 idem
1067 4512 1247 4557 autem
1279 4504 1533 4561 Dominus
1556 4520 1639 4562 :et
1669 4510 1959 4565 divisiones
1987 4528 2114 4582 ope-

2216 4502 2393 4573 ρέσεις
2421 4503 2478 4556 δὲ
2509 4502 2865 4573 χαρισμάτων
2897 4502 3025 4562 εἰσὶ,
3068 4502 3128 4553 τὸ
3151 4501 3207 4553 δὲ
3241 4501 3375 4553 αὐτὸ
3402 4500 3660 4570 Πνεῦμα’
3700 4500 3789 4553 καὶ

544 4591 813 4646 rationum
829 4601 976 4669 sunt,
996 4592 1137 4647 idem
1152 4604 1332 4650 autem
1352 4596 1511 4666 Deus,
1537 4602 1628 4668 qui
1655 4612 1911 4672 aperatnr
1928 4605 2109 4658 outuia

2212 4596 2507 4665 διαιρέσεις
2532 4594 2818 4647 διακονιῶν
2847 4594 3008 4653 εἰσιν,
3042 4594 3070 4645 0
3104 4594 3161 4645 δὲ
3210 4594 3374 4655 αὐτὸς
3416 4592 3656 4662 Κύριος·
3693 4591 3788 4644 καὶ

540 4683 593 4738 iu
633 4684 885 4740 omnibus
920 4688 1000 4752 ¹²;
1040 4707 1059 4740 ι
1093 4698 1147 4742 et
1176 4700 1294 4758 post
1325 4708 1428 4745 nou
1468 4692 1629 4745 multa
1666 4709 1681 4746 :
1716 4712 1735 4744 ι
1781 4692 1903 4747 Haec
1930 4704 2108 4750 autent
2145 4752 2175 4759 ,Α

2150 4752 2175 4759 ,Α
2212 4687 2486 4758 διαρέσεις
2514 4687 2908 4759 ἐνεργημάτων
2928 4688 3088 4749 εἰσὶν,
3115 4688 3143 4739 0
3161 4686 3217 4739 δὲ
3244 4687 3405 4751 αὐτὸς
3428 4685 3560 4749 Θεὸς
3587 4688 3615 4739 0
3639 4687 3788 4756 ὲνερ-

535 4776 718 4827 omuia
790 4788 1045 4844 operatur
1097 4752 1236 4833 unus
1296 4788 1459 4847 atque
1520 4782 1659 4835 idem
1718 4781 1991 4850 Spiritus.
2037 4786 2111 4837 di-
2144 4752 2173 4804 Π

2152 4752 2186 4804 D
2220 4752 2408 4847 γῶντὰ
2422 4752 2675 4834 πάντα-ὲν
2690 4752 2844 4832 πᾶσι.
2874 4797 2892 4828 ι
2910 4779 3019 4832 Καὶ
3042 4779 3158 4848 μετ’
3174 4778 3235 4830 οὐ
3254 4776 3421 4831 πολλά
3446 4792 3461 4807 ο
3485 4795 3505 4829 r
3526 4777 3711 4832 Πάντα
3732 4752 3790 4830 δὲ

538 4864 727 4919 videns
748 4866 1039 4937 unicuique
1061 4880 1223 4940 prout
1245 4873 1356 4926 vult
1374 4874 1440 4926 ίδ.
1474 4891 1491 4924 ι
1521 4875 1659 4928 Ecce
1687 4874 1800 4937 tibi,
1827 4889 1859 4929 ο
1881 4876 2111 4945 philoso-

2217 4872 2389 4925 ταῦτα
2421 4872 2635 4943 ἐνεργεῖ
2666 4870 2725 4924 τὸ
2758 4869 2816 4923 ἓν
2848 4871 2942 4922 καὶ⁵
2988 4869 3048 4922 τὸ
3087 4869 3220 4923 αὐτὸ
3250 4869 3507 4941 Πνεῦμα,
3548 4869 3790 4943 διαιροῦν

538 4956 673 5024 phe,
700 4957 1193 5017 manifestissimam
1221 4963 1773 5031 demonstrationem,
1799 4982 1917 5034 qua:
1944 4967 2108 5021 Deum

2220 4964 2327 5034 ἰδίᾳ
2356 4964 2568 5034 ἑκάστῳ
2607 4960 2787 5025 καθὼς
2818 4960 3089 5032 βούλεται.
3134 4980 3153 5012 ι
3201 4961 3333 5015 Ἰδοὺ
3356 5001 3370 5024 ,
3396 4954 3441 5014 ὦ
3494 4958 3751 5029 φιλόσοφε
3774 4999 3792 5029 ,

539 5047 792 5112 pnrdicat
818 5050 1078 5117 Spiritum
1106 5066 1352 5109 sanctum
1373 5096 1387 5120 ,
1417 5065 1469 5109 et
1494 5073 1612 5125 qua:
1637 5058 1873 5112 ostendit
1898 5058 2015 5127 ejus
2039 5073 2107 5112 ex

2215 5054 2529 5123 σαφεστάτη
2570 5055 2669 5108 καὶ
2698 5054 3015 5125 τρανωτέρα
3048 5052 3324 5118 ἀπόδειξις
3359 5051 3685 5119 θεολογοῦσα
3728 5052 3791 5105 τὸ

539 5149 730 5193 natura
760 5156 854 5195 sua
884 5147 1375 5212 potestatem.\'ide
1403 5148 1565 5217 igitur
1588 5150 1861 5217 quomodo
1889 5149 1968 5202 sic
1998 5152 2072 5203 ait
2098 5166 2113 5205 :

2216 5147 2439 5217 Πνεῦμα
2464 5148 2524 5200 τὸ
2553 5147 2728 5214 ἅγιον,
2770 5145 3096 5199 δεικνύουσα
3121 5145 3285 5199 αὐτοῦ
3319 5146 3419 5216 τὴν
3446 5142 3788 5209 αὐτεξωσιὸ·

544 5247 564 5281 ι
610 5230 908 5291 Divisiones
937 5238 1315 5307 operatiouum
1352 5249 1509 5303 sunt,
1546 5242 1687 5294 idem
1720 5250 1901 5294 autem
1940 5242 2111 5305 Deus,

2213 5256 2373 5309 τητα.
2408 5239 2550 5309 Ὅρα
2580 5238 2697 5303 πῶς
2719 5233 2825 5291 ὦδε
2852 5238 3000 5306 λέγει
3029 5253 3041 5267 ·
3079 5255 3097 5288 ι
3130 5236 3435 5306 Διαιρέσεις
3462 5235 3519 5288 δὲ
3553 5237 3786 5305 ἐνεργη-

535 5323 631 5392 qui
661 5336 915 5395 operatur
943 5331 1122 5383 omnia
1159 5331 1211 5383 in
1247 5332 1517 5386 ouiuibus.
1555 5351 1573 5383 ι
1613 5330 1678 5384 Et
1713 5331 1838 5384 illud
1874 5348 1887 5385 :
1926 5351 1943 5382 ι
1989 5332 2111 5388 llarc

2202 5322 2405 5402 ’μάτων
2427 5331 2587 5396 εἰσιν,
2611 5334 2639 5385 0
2666 5331 2722 5385 δὲ
2748 5331 2910 5395 αὐτὸς
2952 5331 3083 5393 Θεὸς
3110 5332 3140 5381 0
3163 5329 3404 5401 ἐνεργῶν
3430 5329 3491 5382 τὸ
3522 5328 3699 5382 πάντα
3732 5330 3789 5380 εν

535 5424 714 5471 autem
754 5421 934 5473 mttuia
971 5432 1231 5490 operatur
1268 5440 1405 5477 unus
1450 5413 1624 5493 atque
1655 5406 1791 5477 idem
1839 5422 2108 5492 Spiritus,

2215 5426 2371 5478 πᾶσι.
2406 5443 2425 5475 ι
2456 5424 2565 5476 Καὶ
2588 5424 2668 5489 τὸ,
2699 5425 2884 5477 Πάντα
2915 5422 2972 5475 δὲ
3001 5423 3171 5475 ταῦτα
3202 5422 3415 5492 ὲνεργεῖ
3438 5420 3501 5473 τὸ
3525 5420 3583 5473 ἓν
3614 5422 3709 5473 καὶ
3729 5419 3790 5473 τὸ

537 5508 630 5575 qui
672 5508 858 5562 dividit
900 5512 1189 5582 unicuique
1229 5524 1392 5583 prout
1423 5514 1554 5569 vult.
1600 5533 1618 5566 ι
1662 5515 1727 5570 Et
1763 5515 2016 5570 Dominus
2059 5516 2109 5568 iu

2212 5515 2347 5569 αὐτὸ
2384 5514 2639 5584 Πνεῦμα.
2675 5512 2919 5585 διαιροῦν
2960 5512 3065 5583 ἰδία
3120 5512 3332 5581 ἑκάστῳ
3372 5509 3553 5573 καθὼς
3604 5509 3789 5579 βούλεο

531 5596 865 5670 Lvangeliis,
893 5612 951 5655 ut
977 5603 1107 5665 scis.
1138 5605 1475 5661 manifestius
1503 5606 1572 5661 ad
1602 5606 2004 5660 Samaritauam
2034 5608 2110 5659 Io-

2211 5622 2339 5660 ται·
2390 5625 2409 5658 ι
2449 5608 2560 5660 Καὶ
2582 5607 2610 5658 0
2645 5605 2849 5676 Κύριος
2881 5604 2936 5657 δὲ
2975 5606 3033 5657 ἐν
3080 5602 3467 5671 Εὑαγγελίοις,
3494 5601 3570 5666 ὡς
3596 5597 3786 5663 οἶσθα,

537 5706 732 5761 quens,
763 5692 835 5747 ait
867 5711 881 5748 :
925 5713 942 5743 ι
981 5692 1217 5765 Spiritus
1245 5708 1329 5752 est
1360 5699 1497 5753 Deus
1526 5698 1589 5752 ".
1628 5716 1646 5750 ι
1685 5697 1741 5754 Si
1772 5714 1899 5770 ergo
1935 5699 2112 5766 Spiri-

2224 5697 2410 5767 σαφῶς
2439 5697 2819 5768 διαλεγόμενος
2854 5696 2990 5766 πρὸς
3022 5696 3120 5765 τὴν
3153 5694 3510 5764 Σαμαρίτιδα,
3539 5693 3591 5746 τί
3616 5707 3784 5762 φησις

590 5852 630 5884 ί·
666 5848 822 5905 Rom.
857 5863 971 5914 vut,
1008 5849 1060 5904 9.
1134 5850 1175 5879 "
1209 5849 1249 5903 ll
1280 5850 1405 5908 Cor.
1437 5852 1491 5917 3,
1528 5851 1611 5905 l7.
1689 5853 1731 5885 ¹’
1766 5851 1781 5904 1
1815 5851 1942 5906 Cor.
1983 5868 2079 5917 xtl,
2113 5852 2168 5918 ὁ,
2196 5851 2251 5905 6.
2321 5851 2517 5905 “ibid.
2556 5851 2639 5902 ll.
2725 5851 2766 5880 "
2794 5847 2949 5903 JOau.
2986 5864 3059 5911 tv,
3086 5848 3176 5902 9.0.
