4148 6554
320 398 477 460 -1289

1224 396 1589 459 HISTORIA
1628 397 1961 458 CONCILII
2004 398 2304 459 NIC.‘ENI.
2348 424 2416 435 -
2453 401 2599 461 LIB.
2642 403 2723 461 ΙΙ.

3377 413 3380 418 .
3441 406 3583 471 ,290

336 523 359 554 ι
403 503 629 574 Πνεῦμα
665 505 698 558 6
720 504 880 568 Θεός.
919 521 939 556 ι
994 503 1058 557 El
1099 496 1462 574 οῦνπνεῦμα
1498 503 1666 568 Θεὸς,
1700 504 1914 567 πάντως

2019 514 2103 559 tus
2132 514 2215 559 est
2244 504 2406 567 Dens,
2433 507 2655 564 omnino
2678 516 2736 562 et
2764 508 2903 564 Deus
2931 510 3035 566 erit
3068 511 3323 580 Spiritus,
3354 531 3457 572 non
3485 534 3586 572 au-

332 592 468 656 Θεὸς
499 594 595 647 καὶ
626 593 689 648 τὸ
717 593 938 664 πνεῦμα
956 632 974 658 ,
1000 592 1120 647 ἀλλ’
1143 593 1245 646 οὐκ
1272 592 1432 656 ἄλλος
1456 595 1554 647 καὶ
1576 592 1755 659 ἄλλος,
1777 592 1914 647 ἀλλὰ

336 684 436 756 μία
460 685 652 758 θεότης
690 687 801 740 τῶν
846 686 1092 757 θατέρων
1122 684 1452 756 προσώπων,
1498 684 1643 741 κατὰ
1679 685 1778 757 τὴν
1804 684 1915 741 τῶν

333 779 688 835 ὑποστάσεων
710 780 944 835 ἔννοιαν.
988 775 1151 833 Ἀλλὰ
1176 776 1471 848 πρόσωπον
1493 775 1806 843 ἀκούοντες,
1838 776 1915 849 μὴ

333 870 806 943 ἀνθρωπόμορφον
848 871 912 924 τὸ
959 869 1107 925 θεῖον
1152 868 1529 945 ὑπολάϐωμεν.
1590 868 1916 925 Ἀσύνθιτον

334 961 447 1034 γὰρ
473 963 567 1017 καὶ
591 963 1024 1033 ἀσχημάτιστον,
1070 958 1256 1023 καθὼς
1279 960 1377 1014 καὶ
1403 960 1463 1013 ὲν
1508 960 1653 1032 ἀρχῇ
1688 960 1796 1016 τῶν
1823 960 1913 1014 λό-

337 1069 473 1123 γων,
503 1055 597 1109 καὶ
627 1054 791 1118 αὐτὸς
811 1092 829 1118 ,
856 1053 934 1117 ὼς
957 1053 1054 1107 καὶ
1073 1053 1260 1123 ἡμεῖς,
1289 1050 1775 1123 καθωμολόγησας.
1805 1052 1915 1107 Καὶ

337 1147 449 1219 γὰρ
478 1148 573 1202 καὶ
592 1150 621 1202 6
643 1148 874 1220 οὐρανὸς
907 1146 1005 1201 καὶ
1027 1147 1061 1216 ἡ
1089 1147 1160 1217 γῆ
1200 1146 1496 1218 πρόσωπον
1526 1144 1671 1217 ἔχειν
1697 1162 1914 1217 μεμαρ-

336 1240 591 1311 τὺρηται,
624 1240 766 1294 καθὰ
789 1239 953 1304 αὐτὸς
990 1240 1020 1293 6
1044 1238 1254 1309 Κύριος
1288 1240 1349 1292 ἑν
1385 1236 1745 1306 Εὑαγγελίοις
1774 1238 1914 1310 πρὸς

333 1331 462 1394 τοὺς
488 1331 845 1403 Γραμματεῑς
876 1330 973 1385 καὶ
1021 1330 1350 1402 Φαρισαίους
1379 1328 1760 1399 διαλεγόμενος
1783 1328 1911 1399 ἔφη·

340 1441 362 1475 ι
406 1422 725 1495 Ὑποκριται
741 1463 759 1489 ,
782 1423 846 1477 τὸ
871 1422 1165 1494 πρόσωπον
1184 1420 1282 1475 τοῦ
1310 1419 1543 1493 οὐρανοῦ
1567 1422 1660 1475 καὶ
1682 1422 1782 1493 τῆς
1810 1421 1914 1491 γῆς

331 1515 509 1568 οίδατε
528 1514 871 1586 δοκιμάζειν,
904 1532 923 1567 ι
951 1514 1048 1569 καὶ
1066 1513 1137 1568 τὰ
1157 1512 1307 1585 ἑξῆς.
1333 1514 1449 1568 Πᾶν
1470 1515 1580 1585 γὰρ
1596 1511 1661 1567 τὸ
1681 1514 1914 1584 ὑφεστὸς

324 1606 421 1675 ἐφ’
459 1607 584 1663 δσον
608 1608 934 1677 ὑφίσταται,
961 1607 1258 1678 πρόσωπον
1283 1604 1430 1676 ἔχειν
1453 1605 1674 1675 λέγεται
1702 1608 1805 1678 τῆς
1826 1609 1913 1662 οἱ·

333 1701 491 1767 κείας
530 1702 747 1774 φύσεως
770 1743 786 1769 ,
827 1704 951 1775 ἦτοι
998 1703 1207 1774 σχῆμα.
1261 1699 1425 1754 Ἀλλὰ
1466 1698 1574 1772 μὴν
1619 1701 1649 1755 6
1684 1698 1913 1771 οὐρανὸς

334 1793 429 1845 καὶ
460 1794 494 1861 ή
544 1793 614 1862 γῆ
656 1795 883 1858 κτιστὰ,
919 1791 1065 1847 καθὰ
1095 1793 1193 1846 καὶ⁹
1242 1794 1395 1846 πᾶσα
1433 1792 1469 1862 ἡ
1517 1789 1630 1844 τῶν
1666 1789 1912 1861 γενητῶν

2018 604 2126 650 tem
2160 595 2299 651 alius
2334 605 2498 666 atque
2531 598 2704 666 alius;
2740 600 2833 655 sed
2870 618 2973 658 una
3009 603 3269 662 divinitas
3305 610 3587 681 utriusque

2004 700 2281 757 personae,
2324 687 2478 758 juxta
2530 689 2903 761 bypostasinm
2954 697 3466 756 considerationem.
3514 702 3588 758 At

2015 792 2145 834 vero
2172 794 2294 835 cum
2326 796 2615 851 personam
2645 784 2917 853 audimus,
2951 804 3019 843 ne
3048 791 3407 861 suspicemur,
3438 800 3583 866 quod

2013 881 2099 928 est
2130 872 2370 928 divinum
2410 874 2611 932 habere
2646 878 2935 934 humanam
2974 881 3225 954 eliigiem.
3260 886 3469 958 Expers
3499 900 3585 945 est

2013 964 2158 1018 enim
2199 967 2607 1037 compositionis
2652 977 2817 1040 atque
2863 971 3068 1043 ligurte,
3113 986 3170 1031 nt
3215 979 3271 1034 in
3320 982 3586 1052 principio

2015 1053 2439 1123 disputationum
2475 1066 2531 1112 tu
2567 1059 2710 1129 ipse,
2748 1060 2889 1118 sicut
2923 1071 2979 1118 et
3017 1080 3147 1131 nos,
3184 1068 3469 1127 confessus
3499 1088 3581 1129 es.

2016 1143 2148 1200 Nam
2180 1156 2237 1201 et
2269 1148 2465 1203 ctelum
2496 1159 2555 1205 et
2584 1159 2786 1206 terram
2823 1170 3107 1224 personam
3145 1159 3345 1215 habere
3380 1171 3585 1220 testan-

2017 1248 2126 1302 tur,
2160 1240 2610 1308 quemadmodum
2645 1252 2701 1297 et
2738 1242 2853 1314 ipse
2887 1244 3148 1301 Dominus
3189 1249 3240 1303 in
3278 1250 3584 1321 Evangeliis

1996 1328 2080 1383 ad
2116 1330 2336 1386 Scribas
2367 1341 2423 1386 et
2457 1333 2755 1391 Pharisteos
2789 1337 3036 1407 loquens,
3071 1340 3253 1396 aiebat
3286 1356 3303 1396 :
3342 1361 3363 1394 ι
3408 1344 3587 1417 liypo-

2013 1421 2184 1485 critze,
2211 1422 2402 1477 faciem
2426 1425 2541 1480 sive
2566 1441 2851 1493 personam
2875 1430 2996 1485 οωιί
3022 1439 3079 1487 et
3104 1441 3262 1489 teme
3286 1434 3586 1505 dijudicare

2016 1514 2186 1569 nostis
2202 1514 2286 1583 ";
2328 1533 2347 1568 ι
2382 1525 2439 1572 et
2492 1532 2615 1589 quae
2645 1530 2970 1590 sequuntur.
3004 1524 3275 1595 Quidquid
3309 1530 3455 1583 enim
3490 1545 3587 1600 per

2012 1617 2073 1660 se
2098 1606 2376 1673 subsistit,
2404 1619 2669 1679 quatenus
2696 1625 2793 1680 per
2817 1627 2877 1669 se
2903 1614 3183 1682 subsistit,
3219 1621 3453 1689 propriae
3481 1638 3582 1677 ua-

1998 1704 2149 1751 tum
2189 1711 2500 1768 personam,
2540 1700 2655 1756 sive
2694 1701 2911 1769 faciem,
2953 1707 3067 1762 sive
3114 1708 3339 1779 ﬁgnram
3385 1712 3585 1770 habere

2012 1784 2231 1842 dicitur.
2256 1788 2362 1843 Sed
2384 1790 2579 1845 ctelum
2606 1792 2821 1863 quidem
2849 1804 2904 1850 et
2930 1804 3072 1853 terra
3100 1797 3242 1856 facta
3269 1812 3417 1865 sunt.
3441 1804 3585 1860 sicut

335 1883 519 1953 φύσις·
555 1884 589 1954 ἡ
617 1883 674 1936 δὲ
701 1882 821 1938 θεία
856 1884 951 1938 καὶ
981 1883 1222 1956 ἀρρητος
1246 1882 1425 1950 οὐσία,
1454 1882 1728 1947 iamet-04'
1762 1882 1913 1935 ὑπεί-

2016 1886 2069 1932 et
2099 1880 2277 1935 omnis
2307 1890 2678 1939 creaturarum
2714 1895 2908 1942 natura
2942 1905 2956 1944 :
2992 1889 3294 1946 substantia
3331 1908 3459 1947 vero
3495 1896 3584 1950 di-

333 1992 441 2045 περ
465 1974 671 2039 ἁπλοῦς
694 1976 789 2030 καὶ
823 1974 1137 2040 ἀσύνθετος,
1165 1975 1258 2028 καὶ
1282 1973 1711 2045 ἀσχημάτιστος,
1746 1973 1912 2039 ἀίδιός

332 2084 394 2121 τε
424 2066 522 2120 καὶ
562 2066 849 2131 ἀθάνατος.
906 2066 1046 2120 Ἀλλ’
1073 2066 1167 2121 ἐπὶ
1197 2066 1260 2120 τὸ
1294 2066 1656 2138 προκείμενον
1682 2066 1913 2121 ἐπανέλ-

335 2158 540 2227 θωμεν.
585 2157 969 2228 ’Δπεδείξαμεν
989 2158 1080 2214 διὰ
1105 2158 1368 2213 πλειόνων
1398 2157 1506 2213 τῶν
1526 2158 1592 2213 ὲκ
1614 2158 1725 2212 τῶν
1753 2158 1914 2213 θείων

337 2250 571 2319 Γραφῶν
624 2249 960 2322 μαρτυριιῖιν,
1015 2249 1451 2321 συνδημιουργὸν
1482 2248 1562 2321 τῷ
1595 2250 1771 2321 Πατρὶ
1818 2250 1914 2304 καὶ

333 2340 415 2412 τῷ
456 2341 572 2412 Υίῷ
599 2342 780 2413 πάσης
813 2341 1045 2405 κτίσεως
1074 2341 1362 2414 ὁρωμένης
1400 2358 1460 2394 τε
1491 2343 1588 2395 καί⁵
1617 2342 1914 2414 νοουμένης

333 2427 566 2484 εἶναιτὸ
604 2430 830 2502 Πνεῦμα
871 2430 933 2484 τὸ
963 2431 1141 2501 ἅγιονο
1187 2432 1423 2503 ἐπείπερ
1467 2431 1564 2485 καὶ
1609 2431 1913 2504 ἀχώριστον

341 2523 430 2576 ἀεί
463 2526 579 2577 ὲστι
613 2523 704 2576 τοῦ
743 2523 959 2597 Πατρὸς
985 2524 1078 2577 καὶ
1103 2522 1198 2578 τοῦ
1230 2522 1384 2590 Υίοῦ,
1427 2522 1571 2578 καθὰ
1598 2525 1694 2578 καὶ
1716 2527 1746 2579 6
1783 2524 1910 2589 Υἱὸς

333 2614 429 2667 τοῦ
477 2616 691 2687 Πατρὸς
714 2654 730 2680 ,
764 2615 860 2669 καὶ
900 2616 930 2669 6
962 2614 1155 2687 Πατὴρ
1198 2614 1294 2669 τοῦ
1340 2616 1493 2671 Υἱοῦ.
1540 2616 1710 2689 Δεῦρο
1738 2617 1831 2682 δὲ,
1864 2619 1913 2672 si

333 2703 514 2769 δοκεῖ,
536 2703 788 2774 »λάμὸανε
823 2706 917 2756 καὶ
951 2703 1020 2757 δι’
1062 2704 1502 2776 ὑποδειγμάτων,
1538 2709 1586 2761 εί
1616 2708 1711 2761 καὶ
1750 2708 1913 2762 ἀσθε-

334 2794 626 2866 νεστέρων,
657 2795 904 2868 χρηστὰς
930 2796 1211 2869 ὑποθήκας
1234 2814 1250 2830 σ
1288 2800 1319 2852 6
1347 2782 1504 2869 λόγος
1531 2802 1559 2854 6
1608 2800 1699 2865 σὸς
1717 2840 1733 2867 ,
1766 2801 1913 2856 καθὰ

334 2886 430 2939 καὶ
458 2887 655 2951 παντὸς
691 2887 983 2958 ἀνθρώπου
1004 2928 1022 2955 ,
1059 2891 1395 2963 προφορικὸς
1428 2892 1527 2962 μέν
1558 2894 1693 2959 ἐστι,
1720 2894 1914 2963 γεννᾶ-

334 2996 426 3032 ται
470 2964 842 3053 δὲ’ἀτμήτως
886 2984 952 3037 ἑκ
998 2983 1092 3038 τοῦ
1126 2983 1222 3038 σοῦ
1271 2983 1386 3039 νοῦ.
1439 2985 1673 3058 Ὁμοίως
1711 2987 1806 3041 καὶ
1852 2988 1914 3041 τὸ

336 3072 555 3143 πνεῦμά
582 3090 699 3138 σου,
751 3076 847 3131 καὶ
880 3076 1243 3149 ἐκπορεύεται
1288 3079 1355 3132 ὲκ
1405 3077 1500 3133 σοῦ
1524 3093 1540 3109 °
1593 3080 1688 3134 καὶ
1720 3080 1819 3133 οὑκ
1846 3078 1914 3135 ἂν

333 3162 456 3216 οὐδὲ
479 3163 569 3216 τὸν
590 3163 748 3231 λόγον
778 3182 894 3231 σου,
925 3164 1050 3219 οὔτε
1083 3167 1146 3221 τὸ
1171 3166 1393 3238 πνεῦμά
1416 3184 1510 3221 σου
1541 3167 1719 3231 εἴποις
1750 3168 1911 3223 ἀλλό-

334 3254 487 3325 τριόν
518 3272 635 3309 σου.
670 3257 780 3310 Καὶ
810 3257 985 3312 ταῦτα
1016 3258 1115 3329 μὲν
1142 3259 1241 3311 οὐκ
1268 3259 1334 3311 ἂν
1357 3257 1681 3332 ἀπαξιώσῃς
1706 3261 1794 3315 ἐπ’
1819 3264 1912 3316 ἁν-

338 3345 574 3416 θρὼπων
600 3349 742 3401 νοεῖν
760 3363 775 3377 ’
810 3349 905 3401 ἐπὶ
933 3349 990 3402 δὲ
1018 3348 1119 3420 τῆς
1151 3348 1394 3420 ἀρρήτου
1425 3351 1520 3403 καὶ
1548 3350 1912 3423 ἀπερινοὴτου

302 3438 436 3489 κκαὶ
466 3437 853 3509 ἁκαταλήπτου
879 3438 1065 3503 οὐσίας
1094 3440 1310 3512 ἐκείνης
1339 3439 1432 3493 τοῦ
1453 3440 1611 3506 θεοῦ,
1635 3442 1916 3515 ἀλλότριον

339 3525 432 3577 τὸν
465 3526 525 3579 οὐ
552 3527 883 3599 προφορικὸν
916 3528 1083 3582 αὑτοῦ
1111 3528 1289 3597 λόγον,
1315 3529 1453 3582 ἀλλὰ
1478 3529 1659 3594 ζῶντα
1684 3532 1791 3594 ἀεὶ,
1823 3533 1917 3586 καὶ

340 3616 563 3689 ὲνεργῆ,
588 3618 684 3672 καὶ
706 3617 1018 3693 τομώτερον
1046 3621 1188 3693 ὑπὲρ
1213 3624 1396 3677 πᾶσαν
1432 3621 1715 3694 μάχαιραν
1741 3623 1916 3678 δίστο-

342 3725 468 3779 μον,
500 3712 698 3781 κριτήν
721 3728 781 3765 τε
808 3712 1028 3767 πάντων
1049 3713 1241 3781 ὄντων,
1270 3713 1501 3787 ἐπείπερ
1535 3714 1630 3769 καὶ
1654 3715 1917 3788 δημιουρ-

336 3801 456 3869 τόν*
483 3796 528 3870 ᾧ
548 3802 650 3857 οὐκ
678 3802 797 3858 ἐστι
818 3804 996 3871 κτίσις
1020 3806 1235 3879 ἀφανὴς
1265 3805 1497 3861 ἐνώπιον
1521 3807 1712 3874 αὐτοῦ,
1740 3809 1918 3864 πάντα

336 3893 395 3948 δὲ
422 3895 606 3965 γυμνὰ
635 3896 732 3951 καὶ⁵
759 3899 1236 3971 τετραχηλισμένα
1265 3902 1379 3964 τοῖς
1403 3899 1704 3972 ὀφθαλμοῖς
1725 3901 1914 3958 αὐτοῦ.

339 3984 451 4038 Καὶ
478 3985 539 4038 τὸ
573 3985 797 4057 Πνεῦμα
824 3988 989 4042 αὐτοῦ
1027 3990 1088 4044 τὸ
1126 3990 1281 4061 ἅγιον
1307 3990 1370 4044 τὸ
1410 3991 1648 4063 ἐρευνῶν
1674 3991 1745 4047 τὰ
1776 3990 1916 4064 βάθη

337 4075 433 4129 τοῦ
458 4074 598 4129 Θεοῦ
621 4115 637 4140 ,
666 4077 843 4150 τολμᾷ
866 4095 951 4145 τις
993 4080 1270 4151 ἀλλότριον
1310 4076 1450 4136 εἶναι
1490 4082 1687 4148 είπεῖν,
1736 4083 1770 4153 ἢ
1821 4082 1917 4136 τὸν

339 4167 533 4236 Λόγον,
554 4168 588 4238 ἢ
608 4170 669 4223 τὸ
694 4171 918 4242 Πνεῦμα
943 4171 1038 4226 τοῦ
1065 4172 1236 4241 Θεοῦ;
1259 4173 1293 4244 ἢ
1314 4174 1438 4238 τοὺς
1458 4173 1633 4230 ταῦτα
1660 4173 1918 4244 λέγοντας

342 4258 701 4330 προσίεσθαις
731 4263 852 4329 ναὶ,
871 4263 1147 4333 φιλόσοφε.

920 4377 1171 4432 ΚΕΦΛΛ.
1205 4375 1336 4432 KA'.

354 4463 701 4531 Ἀπόκρισις
748 4463 858 4518 τοῦ
904 4467 1249 4534 φιλοσόφου
1290 4466 1439 4535 πρὸς
1468 4464 1534 4522 τὸ
1567 4469 1772 4525 κοινὸν
1797 4469 1918 4526 τῶν

836 4535 1031 4604 ἁγίων
1048 4536 1413 4591 ἐπισκόπων.

424 4624 646 4697 Ἐπειδὴ
679 4627 760 4691 είς
796 4625 1139 4697 ὑψηλοτέραν
1166 4622 1376 4682 ἔννοιάν
1403 4646 1469 4699 με
1506 4631 1764 4701 ἠγάγετε,
1807 4632 1906 4704 φή-

344 4735 539 4782 σαντες
573 4718 684 4773 δείν
727 4718 860 4790 μίαν
899 4718 1133 4790 θεότητα
1168 4721 1407 4777 νοεῖσθαι
1433 4723 1531 4776 κιιύ⁵
1557 4723 1913 4780 πιστεύεσθαι

343 4808 437 4863 τοῦ
466 4809 706 4882 Πατρὸς,
741 4812 839 4865 καὶ
863 4809 957 4864 τοῦ
987 4811 1142 4875 Υίοῦ,
1168 4812 1376 4868 καὶτοῦ
1394 4813 1552 4883 ἁγίου
1576 4802 1912 4887 Πνεῦματος·

346 4900 725 4971 ὲπιμέμνημαι
752 4900 810 4954 δὲ
834 4900 943 4955 τῶν
969 4902 1098 4975 παρ’
1122 4902 1250 4973 ὑμῖν
1268 4901 1579 4974 ἔμπροσθεν
1607 4904 1912 4975 ῥηθέντων,

344 4992 429 5045 ὅτι
459 4992 590 5055 Θεὸς
637 4994 667 5046 6
712 4993 937 5065 Πατὴρ,
971 4994 1068 5048 καὶ
1106 4994 1238 5058 Θεὸς
1270 4995 1300 5047 6
1344 4994 1502 5059 Υίὸς,
1556 4995 1654 5049 καὶ
1691 4995 1824 5060 Θεὸς
1852 4997 1916 5050 τὸ

348 5082 574 5153 Πνεῦμα
602 5082 771 5152 ἆγιον·
807 5083 903 5137 νῦν
929 5084 987 5138 δέ
1018 5102 1155 5154 φατε
1182 5084 1311 5155 μίαν
1340 5084 1573 5157 θεότητα
1613 5086 1723 5140 τῶν
1747 5087 1915 5159 τριῶν

348 5174 571 5228 τελείων
597 5175 972 5239 ὑποστάσεων,
996 5177 1092 5230 τοῦ
1120 5177 1355 5248 Πατρὸς,
1385 5179 1480 5232 καὶ
1503 5176 1600 5233 τοῦ
1638 5178 1793 5244 Υίοῦ,
1823 5182 1918 5234 uel.

347 5262 444 5317 τοῦ
478 5264 632 5332 ἁγίου
674 5264 987 5335 Πνεῦματος
1010 5281 1049 5331 ’γ
1074 5266 1393 5339 λευκότερον
1441 5269 1778 5342 σαφηνίσατέ
1824 5287 1915 5341 μοι

348 5354 449 5419 τὰς
480 5355 688 5427 ῥήσεις,
719 5357 1044 5428 παρακαλῶ.

363 5470 706 5543 Ἀπόκρισις
726 5469 844 5523 τῶν
859 5469 1357 5543 ΑάγίωνᾼΠατέρων
1376 5472 1525 5540 πρὸς
1545 5473 1652 5527 τὸν
1672 5476 1921 5543 φιλόσο-

478 5556 615 5609 φον,
654 5540 752 5594 διὰ
779 5540 885 5594 τοῦ
908 5540 1093 5595 αὐτοῦ
1118 5542 1401 5596 Λεοντίου
1428 5540 1781 5599 ἐπισκόπου.

432 5651 831 5725 Ἀνέκφραστός
880 5655 1057 5719 ἔστιν,
1099 5656 1329 5727 ἐπείπερ
1379 5657 1474 5710 καὶ
1529 5658 1917 5729 ἀπερινόητος,

428 5807 475 5842 ⁸⁸
505 5805 634 5862 Luc.
665 5823 763 5871 ιιι,
795 5808 885 5863 56.
965 5809 1007 5841 "
1035 5808 1198 5868 Hebr.
1232 5825 1307 5870 iv,
1344 5809 1429 5869 l2.
1509 5810 1552 5842 "
1578 5812 1599 5864 l
1625 5811 1750 5866 Cor.
1781 5828 1842 5880 ιι,
1877 5813 1961 5868 10.

584 5903 855 5963 ΡΑτιιοι.
889 5904 1003 5964 Gn.
1048 5905 1197 5965 LXX
1212 5905 1338 5964 XV.

1946 4562 1995 4623 D

2013 1970 2136 2025 vina
2163 1980 2216 2027 et
2243 1971 2553 2049 ineﬂ‘nbilis,
2580 1975 2817 2033 increata
2846 1979 3110 2050 siquidem
3138 1992 3193 2037 et
3218 1984 3445 2054 simplex
3474 1996 3580 2049 est.

2013 2074 2179 2134 atque
2197 2067 2375 2121 omnis
2393 2067 2801 2135 compositionis
2821 2084 3033 2141 expers,
3054 2073 3357 2144 inﬁgurata,
3379 2088 3582 2132 aeterna

2013 2163 2069 2208 et
2103 2154 2442 2214 immortalis.
2475 2156 2582 2214 Sed
2617 2160 2684 2215 ad
2720 2160 3029 2218 institutum
3069 2176 3427 2224 revertamur.
3460 2169 3585 2225 Plu—

2015 2243 2164 2298 ribus
2185 2257 2254 2299 εχ
2279 2244 2479 2301 divinis
2504 2245 2803 2319 Scripturis
2835 2253 3158 2309 testimoniis
3188 2256 3585 2316 demonstravi-

2014 2347 2136 2387 mus
2169 2332 2431 2403 Spiritum
2468 2347 2716 2392 sanctum
2756 2339 2917 2397 simul
2981 2357 3102 2397 cum
3140 2344 3299 2401 Patre
3338 2364 3404 2404 ac
3438 2348 3584 2407 Filio

2013 2422 2346 2478 conditorem
2369 2439 2494 2482 esse
2516 2428 2693 2483 omnis
2716 2439 2997 2498 creatur-.e,
3024 2444 3078 2489 et
3101 2435 3218 2504 ejus
3242 2452 3360 2506 quin
3388 2440 3585 2496 intelli-

2013 2516 2194 2586 gentia
2245 2518 2540 2588 percipitur
2589 2537 2605 2575 :
2656 2523 3095 2595 quandoquidem
3148 2527 3586 2599 insepararaltilis

2013 2622 2226 2679 semper
2246 2617 2330 2665 est
2353 2626 2383 2664 a
2408 2610 2569 2672 Patre
2592 2628 2656 2668 ac
2677 2613 2836 2681 Filio,
2862 2620 3313 2688 quemadmodum
3338 2623 3393 2679 et
3416 2624 3585 2683 Filius

2013 2714 2042 2752 a
2080 2698 2261 2765 Patre,
2292 2713 2348 2758 et
2380 2701 2545 2759 Pater
2592 2721 2622 2760 a
2660 2706 2817 2763 Filio.
2869 2711 3108 2782 Agedum
3145 2713 3190 2767 si
3227 2715 3457 2783 videtur,
3493 2733 3589 2788 per

2013 2792 2425 2861 similitudines,
2453 2799 2702 2867 quamvis
2730 2800 3087 2870 inﬁrmiores,
3115 2807 3300 2876 accipe
3327 2808 3462 2862 bona
3491 2811 3587 2866 do-

2013 2895 2284 2944 cumenta.
2302 2885 2536 2944 Verbum
2564 2898 2739 2956 tuum,
2763 2900 2822 2948 ut
2844 2900 2899 2948 et
2921 2892 3156 2962 cujusvis
3178 2896 3431 2962 hominis,
3461 2915 3587 2971 pro-

2014 2975 2240 3031 iatitium
2264 2987 2367 3042 eat,
2385 2980 2621 3051 gignitur
2637 2991 2814 3038 autem
2838 2983 3270 3043 insecaliilitercl
3294 3005 3357 3044 ex
3384 3001 3584 3059 mente,

2013 3069 2462 3136 quemadmodum
2497 3072 2720 3143 spiritus
2752 3086 2873 3131 tuus
2905 3080 3143 3146 procedit
3177 3095 3241 3137 ex
3281 3091 3333 3137 te
3364 3100 3377 3137 :
3414 3099 3588 3155 neque

2014 3171 2194 3216 autem
2214 3164 2436 3219 verbum
2466 3173 2638 3233 tuum,
2664 3182 2836 3236 neque
2859 3169 3108 3239 spiritum
3137 3179 3286 3227 tuum
3315 3190 3344 3228 a
3374 3184 3427 3231 te
3455 3177 3589 3232 alie-

2014 3265 2139 3304 num
2172 3265 2293 3306 esse
2321 3253 2545 3310 dixeris.
2576 3256 2641 3310 Et
2670 3256 2781 3311 haec
2811 3260 3026 3329 quidem
3058 3277 3161 3316 non
3194 3264 3500 3334 dedignaris
3531 3268 3584 3322 in

2016 3340 2326 3399 hominibus
2358 3346 2706 3403 considerare
2735 3366 2750 3404 :
2785 3350 2837 3404 in
2875 3351 2961 3407 illa
2989 3368 3119 3409 vero
3150 3355 3245 3411 Dei
3280 3359 3586 3416 substantia

2015 3434 2302 3501 ineffabili,
2336 3446 2391 3491 et
2425 3452 2545 3507 qua:
2581 3450 2802 3509 superat
2839 3442 3202 3510 intellectum,
3238 3459 3402 3516 atque
3440 3466 3589 3506 com-

2016 3527 2275 3596 prehendi
2313 3543 2417 3583 nou
2454 3538 2661 3599 potest,
2693 3532 2916 3587 verbum
2951 3550 3056 3588 non
3094 3537 3457 3606 prolatitium,
3493 3543 3588 3598 sed

2015 3630 2232 3687 semper
2256 3618 2444 3673 vivens
2470 3628 2527 3675 et
2552 3619 2769 3689 eliicax,
2797 3633 2852 3679 et
2882 3627 3267 3694 penetrabilius
3297 3632 3443 3684 omni
3477 3632 3590 3702 gia-

2017 3708 2107 3762 dio
2143 3708 2366 3780 ancipiti
2398 3710 2462 3776 ¹⁷,
2500 3713 2640 3781 quod
2673 3712 2838 3783 judex
2882 3721 2966 3769 est
3003 3717 3282 3786 omnium;
3320 3722 3584 3790 siquidem

2016 3812 2070 3853 et
2100 3799 2283 3870 cpil'ex
2312 3810 2427 3867 est,
2460 3802 2513 3857 in
2547 3802 2701 3871 cujus
2732 3815 3022 3876 conspectu
3057 3808 3198 3864 nulla
3231 3821 3477 3869 creatura
3511 3815 3588 3871 ia-

2021 3898 2120 3955 tet,
2140 3892 2322 3947 omnia
2349 3894 2488 3949 nuda
2515 3905 2569 3950 et
2593 3907 2778 3965 aperta
2805 3899 2857 3953 in
2881 3900 3054 3957 oculis
3077 3900 3195 3971 ejus
3219 3914 3312 3959 :et
3340 3916 3587 3963 sanctum

2019 3982 2137 4053 ejus
2167 3982 2457 4054 Spiritum,
2490 3987 2582 4058 qui
2611 3998 2888 4046 scrutatur
2915 3991 3179 4061 profunda
3215 3995 3304 4050 Dei
3333 3996 3401 4061 ι’,
3430 4001 3592 4054 audet

2018 4074 2214 4144 aliquis
2239 4076 2475 4132 alienum
2501 4091 2625 4134 esse
2650 4078 2941 4146 afﬁrmare,
2966 4092 3059 4138 aut
3076 4083 3316 4139 Verbum
3342 4095 3438 4142 aut
3467 4088 3591 4160 Spi-

2020 4167 2184 4221 ritum
2221 4166 2356 4223 [δείῖ
2388 4178 2481 4224 aut
2520 4171 2634 4227 haec
2668 4184 2982 4230 asserentes
3017 4175 3345 4232 admittere?
3378 4181 3595 4250 utique,

2020 4271 2054 4310 ο
2083 4256 2421 4327 philosophe.

2639 4377 2793 4437 CAP.
2834 4378 2977 4436 XXI.

2023 4463 2309 4534 Responsio
2354 4467 2650 4539 philosophi
2690 4471 2760 4526 ad
2803 4486 3011 4529 sanctos
3052 4478 3320 4546 episcOpos
3364 4479 3420 4535 in
3467 4498 3589 4534 nm:

2697 4558 2896 4597 versum
2904 4583 2919 4598 .

2090 4625 2380 4698 Postquam
2414 4629 2484 4684 ad
2515 4630 2887 4688 sublimiorem
2922 4633 3333 4705 intelligentiam
3367 4655 3454 4695 me
3487 4641 3587 4696 du-

2017 4718 2162 4783 citis,
2187 4730 2500 4778 asserentes
2520 4732 2774 4793 oportere
2798 4739 2959 4779 unum
2984 4727 3323 4784 divinitatem
3352 4731 3591 4802 cogitare

2017 4825 2082 4866 ac
2101 4812 2325 4868 credere
2343 4812 2541 4879 Patris,
2572 4822 2628 4869 et
2678 4802 2826 4882 Filii,
2852 4825 2907 4871 et
2948 4818 3181 4888 Spiritus
3233 4823 3408 4878 sancti
3433 4841 3448 4878 :
3473 4838 3589 4880 me-

2019 4901 2148 4956 mini
2201 4911 2380 4958 autem
2444 4919 2540 4959 vos
2614 4905 2766 4975 prius
2813 4907 3037 4974 dixisse,
3102 4909 3270 4966 Deum
3314 4927 3436 4968 esse
3489 4913 3590 4968 Pa-

2018 5002 2180 5057 trem,
2205 5000 2262 5050 et
2304 4995 2469 5051 Deum
2493 4996 2714 5061 Filium,
2739 5006 2791 5053 et
2816 4999 2983 5055 Deum
3010 5000 3269 5073 Spiritum
3296 5015 3545 5060 sanctum
3571 5024 3585 5061 :

2024 5100 2168 5140 nunc
2188 5095 2369 5142 autem
2390 5088 2572 5145 dicitis
2594 5104 2756 5144 unam
2778 5104 2898 5146 esse
2917 5093 3257 5149 divinitatem
3284 5096 3445 5150 trium
3471 5114 3593 5167 per-

2024 5176 2288 5234 lecturum
2327 5179 2720 5250 ltyposlasitun,
2754 5181 2954 5251 Patris,
2993 5193 3049 5241 et
3081 5183 3224 5254 Filii,
3262 5198 3319 5244 et
3354 5188 3591 5260 Spiritus

2022 5268 2205 5324 sancti
2237 5286 2253 5324 :
2286 5271 2590 5339 candidius,
2624 5289 2836 5343 precor,
2871 5274 2969 5331 itas
3002 5276 3133 5332 mihi
3166 5280 3465 5335 sementias
3495 5294 3590 5336 ex-

2008 5358 2236 5428 plicata.

2027 5473 2314 5545 Responsio
2351 5489 2659 5558 sanctorum
2698 5479 2918 5558 Patrum
2957 5482 3026 5537 ad
3061 5485 3461 5556 philosophum,
3490 5464 3590 5558 per

2356 5552 2594 5605 eumdem
2632 5550 2904 5606 Leontium
2940 5550 3260 5624 episcopum.

2097 5660 2523 5735 inexplicabilis,
2554 5667 2821 5740 siquidem
2857 5680 3036 5728 mente
3067 5682 3123 5728 et
3152 5671 3480 5742 cogitatione
3513 5674 3586 5728 iu-
3656 5682 3663 5693 ‘

3210 5912 3272 5973 ti
