4148 6578
603 370 731 438 1291

1859 365 2164 428 GELASII
2204 365 2548 431 CYZICENI

3711 386 3846 453 1292

597 480 1100 551 comprehensibilis
1142 489 1248 546 est,
1285 488 1341 536 et
1382 475 1806 550 impenetrabilis
1853 477 2029 532 divina
2073 476 2157 530 illa

2267 481 2362 533 καὶ
2393 482 2837 551 άνεπιλόγιστος,
2870 487 2966 540 καὶ
2994 488 3172 561 πάντη
3209 491 3613 563 ἀνεξιχνίαστος
3653 497 3687 567 η
3725 497 3845 553 θεία

594 578 654 623 et
686 569 969 624 ineﬂ‘abilis
993 569 1320 634 substantia,
1349 585 1471 640 quae
1496 568 1750 624 omnibus
1776 567 2163 635 supereminet,

598 676 765 734 atque
796 662 978 716 omnia
1014 661 1257 716 continet
1293 677 1308 716 :
1345 668 1552 714 tantum
1588 658 1710 712 audi
1747 673 1775 710 a
1811 658 1965 711 nobis
2002 674 2017 710 :
2047 655 2166 711 Non

599 757 764 812 alium
799 755 894 806 tibi
931 753 1093 807 Deum
1124 760 1290 820 atque
1316 750 1480 804 alium
1512 747 1856 818 protulimus,
1886 746 2030 800 sicut
2060 746 2168 799 im-

597 846 717 916 pius
739 844 901 898 Arius
929 840 1347 910 blasphemavit,
1373 853 1536 892 unum
1565 837 1730 892 Deum
1761 835 2082 900 increatum,
2112 843 2166 890 et

597 935 827 990 alterum
859 941 1098 988 creatqu
1132 931 1508 1002 pronuntians,
1538 938 1593 983 et
1625 928 1886 996 Spiritum
1917 937 2163 982 sanctum

597 1027 850 1082 similiter
876 1034 1114 1080 creatum
1146 1023 1445 1094 pratdicans
1473 1037 1488 1075 :
1519 1021 1688 1076 absit!
1719 1020 1811 1074 sed
1842 1034 2002 1073 unam
2032 1020 2169 1074 divi-

597 1119 820 1174 nitatem
865 1116 1093 1187 cogitari
1138 1126 1190 1170 et
1234 1115 1381 1169 credi
1425 1114 1784 1179 asseruimus,
1829 1127 1989 1165 unam
2035 1112 2166 1167 sub-

595 1210 874 1275 stantiam,
893 1207 1314 1264 dominationem
1342 1215 1397 1260 et
1427 1204 1750 1259 sententiam
1775 1218 1934 1256 unam
1963 1203 2166 1269 Patris,

597 1312 650 1356 et
685 1299 830 1364 Filii,
863 1307 918 1354 et
948 1296 1184 1369 Spiritus
1211 1296 1420 1351 sancti:
1443 1295 1584 1350 scire
1613 1303 1790 1348 autem
1818 1304 2022 1350 sancta:
2048 1294 2169 1350 Tri-

598 1392 786 1446 nitatis
821 1391 1139 1462 hypostases
1173 1403 1278 1442 non
1311 1401 1431 1442 esse
1467 1385 1785 1455 disiunctas,
1821 1396 1914 1439 aut
1947 1386 2165 1452 locales,

594 1487 689 1541 sed
719 1485 830 1540 sola
861 1484 964 1537 [ide
993 1495 1155 1535 unam
1181 1479 1520 1534 divinitatem
1546 1477 1882 1533 considerari
1908 1487 1963 1532 ct
1993 1478 2163 1543 credi,

595 1586 654 1629 ut
699 1574 894 1644 saepius
935 1572 1198 1635 diximus,
1244 1578 1448 1624 sanctae
1491 1573 1545 1622 ει
1587 1568 2070 1624 consubstantialis
2110 1575 2166 1624 et

593 1666 878 1722 adorandae
905 1662 1206 1718 Trinitatis.
1239 1661 1382 1715 Ecce
1411 1674 1507 1730 per
1529 1659 1709 1713 omnia
1745 1658 1880 1714 ﬁdes
1907 1673 2034 1713 vera
2065 1659 2162 1713 de-

593 1755 944 1820 monstravit,
980 1769 1084 1808 non
1119 1759 1373 1822 oportere
1404 1750 1456 1804 in
1492 1757 1679 1803 sancta
1709 1745 1974 1803 Trinitate
2007 1747 2162 1804 diil’e-

594 1847 820 1902 rentiam
851 1846 1105 1915 cogitare.
1131 1841 1283 1897 Nunc
1308 1850 1488 1895 autem
1517 1853 1706 1905 parum
1735 1839 1973 1892 animum
2004 1839 2162 1893 nobis
2196 1832 2238 1888 Β

591 1939 845 1999 adverte,
880 1946 1039 2004 atque
1073 1933 1302 2004 amplius
1337 1930 1747 2001 persuadeberis
1772 1969 1791 1994 ,
1826 1930 2096 1999 accipiens
2128 1945 2158 1984 a

592 2027 795 2098 Spiritu
821 2036 1009 2081 sancto
1030 2039 1126 2096 per
1149 2039 1248 2079 nos
1271 2023 1506 2079 salvilica
1529 2022 1876 2086 documenta,
1909 2031 1965 2074 ut
1988 2037 2158 2090 agno-

589 2134 712 2175 scas
741 2127 944 2174 sanctaa
973 2115 1255 2172 Trinitatis
1290 2129 1450 2169 unam
1484 2127 1604 2168 esse
1637 2113 1975 2167 divinitatem
2011 2127 2158 2167 serr-

589 2224 687 2280 per
727 2209 1099 2272 exsistentem,
1132 2216 1187 2261 et
1215 2204 1624 2270 subsistentem,
1666 2203 1985 2259 Trinitatem
2033 2217 2160 2257 vere

589 2299 928 2363 Trinitatem,
953 2306 1009 2352 et
1036 2296 1167 2351 nihil
1195 2295 1247 2350 in
1277 2309 1340 2349 ea
1369 2295 1520 2364 prius
1548 2293 1860 2363 aliquando,
1886 2293 1980 2348 sed
2010 2308 2158 2347 sem-

588 2399 685 2461 per
707 2397 764 2446 et
791 2390 980 2445 eodem
1001 2389 1160 2444 modo
1186 2388 1539 2442 exslstentem
1585 2384 1912 2441 individuam
1938 2392 1993 2439 et
2020 2397 2157 2438 con-

593 2480 1004 2537 substantialem
1034 2478 1382 2535 Trinitatem.

1046 2612 1336 2687 Responsio
1374 2613 1696 2686 philosOphi.

661 2731 743 2790 Ne
771 2732 1020 2804 cogitetis
1049 2731 1319 2787 invertere
1347 2745 1433 2785 me
1463 2730 1713 2801 dogmata
1738 2727 1983 2783 veritatis
2014 2745 2028 2784 :
2059 2742 2158 2783 ne-

591 2841 697 2896 que
722 2824 864 2880 enim
890 2838 919 2877 a
945 2822 1212 2892 principio
1237 2821 1660 2890 disputationum
1690 2817 1850 2888 rejeci
1881 2833 2158 2876 sermones

583 2925 796 2970 vestros
823 2929 840 2970 :
866 2915 959 2970 sed
991 2921 1274 2983 prepterea
1303 2921 1617 2981 perscrutor
1641 2911 2032 2966 sententiarum
2061 2927 2151 2968 ve-

585 3019 821 3062 strarum
852 3002 1294 3074 signiﬁcationes,
1324 3015 1382 3055 ut
1415 3003 1506 3056 liat
1536 3002 1668 3056 mibi
1705 3001 2042 3056 manifestior
2069 3011 2154 3057 at-

583 3112 687 3166 que
728 3095 1015 3151 dilucidior
1046 3107 1232 3148 eorum
1265 3107 1384 3161 qua:
1417 3106 1448 3146 a
1484 3092 1636 3147 vobis
1669 3092 1947 3158 dicuntur,
1984 3094 2156 3163 hypo-

585 3187 778 3242 thesis.

586 3299 940 3379 llypothetico
977 3302 1247 3379 responsio
1282 3304 1585 3379 sanctorum
1620 3295 1845 3377 Patrum
1883 3298 1952 3350 ad
1984 3297 2154 3379 philo-

653 3365 872 3438 sophum
902 3373 964 3421 de
990 3370 1140 3437 igne,
1170 3365 1440 3429 splendore
1468 3379 1513 3422 el
1545 3366 1772 3432 Iuntina,
1798 3383 1891 3438 per
1916 3365 2152 3423 eumdem

653 3439 928 3493 Leontium
960 3438 1278 3506 episcopum.

651 3575 788 3630 Audi
835 3583 891 3629 et
935 3589 1100 3636 nunc,
1133 3575 1280 3640 audi,
1315 3588 1348 3628 ο
1392 3573 1729 3645 philosophe.
1769 3574 2154 3645 Proposuimus

565 3667 691 3738 jam
717 3665 1031 3736 cogitationi
1051 3674 1155 3722 tua!
1179 3666 1349 3722 fusius
1366 3681 1432 3722 ex
1454 3668 1648 3724 divinis
1673 3668 1987 3738 Scripturis,
2009 3672 2152 3741 quod

580 3757 835 3812 divinitas
863 3766 948 3812 est
978 3758 1207 3827 simplex
1239 3769 1294 3814 et
1323 3760 1732 3830 compositionis
1763 3775 1980 3829 expers,
2010 3771 2065 3816 et
2095 3771 2152 3816 ut

569 3860 637 3903 -ιιι
662 3849 778 3920 ipse
801 3849 854 3903 in
879 3849 1146 3919 principio
1170 3861 1381 3904 tuarum
1408 3851 1842 3920 propositionum
1870 3851 2152 3907 confessus

578 3956 660 4007 es,
684 3950 739 3996 et
768 3941 910 4011 quod
939 3942 1010 3996 sit
1041 3942 1183 4013 ignis
1212 3943 1553 4007 immortalis,
1577 3952 1835 4009 aeternus,
1858 3955 1916 3999 et
1940 3945 2152 4000 increa-

567 4043 666 4088 -tus
695 4043 910 4102 natura,
937 4033 1115 4089 lumen
1149 4035 1473 4090 immensum
1503 4045 1559 4090 et
1585 4035 2148 4106 incomprehensibile,

580 4142 679 4182 nec
709 4127 763 4182 in
797 4141 900 4182 una
934 4139 1163 4196 persona
1192 4125 1344 4201 juxta
1374 4124 1686 4181 Judaeorum
1715 4113 2027 4195 opinionem
2062 4128 2148 4183 in-

580 4220 871 4290 telligatur,
896 4219 989 4273 sed
1015 4231 1230 4286 semper
1253 4217 1305 4271 in
1332 4216 1600 4272 Trinitate
1629 4233 1980 4288 personarum
2030 4235 2150 4292 qua:

577 4325 608 4363 a
642 4324 699 4364 se
732 4309 960 4362 invicem
993 4305 1231 4375 separari
1265 4316 1576 4376 nequeunt,
1610 4309 1678 4362 ab
1709 4309 1960 4362 omnibus
1988 4309 2148 4364 Chri-

575 4399 770 4456 stianis
796 4398 1036 4452 creditur
1058 4409 1111 4452 et
1141 4399 1465 4466 praedicatur
1489 4402 1752 4455 immensa
1778 4399 2016 4456 Trinitas
2041 4400 2147 4456 Pa-

2269 574 2366 626 καὶ
2397 572 2635 644 άρρητος
2663 576 2821 631 οὐσία
2849 579 3057 650 ἐκείνη,
3091 582 3124 652 ἡ
3153 581 3221 635 τὰ
3264 583 3443 636 πάντα
3472 585 3839 656 ὑπερέχουσα,

2269 663 2364 717 καὶ
2392 663 2462 716 τὰ
2493 665 2668 718 πάντα
2708 669 3037 739 περιέχουσα
3065 687 3080 702 ·
3111 671 3252 742 πλὴν
3284 673 3448 727 ἄκουε
3477 676 3617 746 πρὸς
3647 677 3802 747 ἡμῶν
3822 695 3837 710 ’

2267 754 2370 806 οὐκ
2393 753 2552 807 ἀλλον
2569 771 2650 808 σοι
2673 755 2804 812 Θεὸν
2827 760 2920 811 καὶ
2947 759 3107 813 ἄλλον
3128 762 3455 833 εἰρήκαμεν,
3475 765 3731 836 καθάπερ
3749 769 3843 820 καὶ

2267 844 2297 896 ὁ
2329 844 2533 917 ἀσεϐὴς
2551 847 2974 922 ἐϐλασφήμησεν
3006 854 3245 924 Ἀρειος,
3273 847 3378 907 ἕνα
3397 855 3530 908 Θεὸν
3565 857 3840 922 ἄκτιστον,

2269 934 2364 987 καὶ
2411 935 2569 989 ἄλλον
2624 939 2840 994 κτιστὸν
2907 942 3177 1014 εἰρηκὼς,
3219 945 3315 997 καὶ
3375 945 3437 999 τὸ
3478 946 3702 1018 Πνεῦμα
3745 948 3843 1004 τοῦ

2269 1024 2404 1079 Θεοῦ
2445 1029 2646 1096 ὁμοίως
2676 1031 2894 1084 κτιστδν
2935 1033 3259 1104 κεκηρυχὼς
3298 1035 3398 1107 (μὴ
3431 1037 3685 1107 γένοιτο),
3707 1039 3842 1094 ἀλλὰ

2270 1116 2399 1187 μίαν
2443 1117 2675 1190 θεότητα
2707 1123 2945 1177 νοεῖσθαι
2984 1127 3078 1180 καὶ
3119 1127 3476 1182 πιστεύεσθαι
3509 1131 3836 1201 εἰρήκαμεν,

2272 1207 2404 1278 μίαν
2455 1209 2664 1276 οὐσίαν,
2721 1215 3021 1285 κυριότητα
3060 1233 3121 1269 τε
3183 1218 3283 1270 καὶ
3327 1217 3524 1289 βουλὴν
3573 1221 3703 1291 μίαν
3741 1222 3835 1276 τοῦ

2270 1299 2487 1371 Πατρὸς
2530 1303 2624 1355 καὶ¹
2673 1303 2772 1356 τοῦ
2826 1306 2951 1359 Υίοῦ
3010 1310 3105 1360 καὶ
3161 1308 3255 1363 τοῦ
3297 1311 3455 1378 άγίου
3489 1312 3836 1383 Πνεύματοςο

2268 1390 2466 1444 είδέναι
2506 1409 2566 1445 τε
2612 1394 2713 1458 τὰς
2765 1396 2868 1466 τῆς
2907 1398 3067 1466 ἁγίας
3116 1401 3346 1471 Τριάδος
3398 1404 3725 1468 ὑποστάσεις
3773 1407 3836 1459 οὐ

2266 1481 2685 1553 διεζευγμένας,
2739 1488 2860 1542 οὐδὲ
2924 1491 3198 1556 τοπικὰς,
3259 1494 3395 1548 ἀλλὰ
3461 1496 3646 1550 πίστει
3703 1498 3838 1570 μόνῃ

2270 1573 2402 1643 μίαν
2434 1574 2662 1646 θεότητα
2706 1579 2948 1633 νοεῖσθαι
2983 1583 3077 1636 καὶ
3119 1582 3511 1653 πιστεύεσθαι,
3555 1587 3701 1642 καθά
3744 1592 3840 1643 καὶ

2271 1666 2531 1730 πολλάκις
2566 1671 2888 1742 εἰρήκαμεν,
2937 1674 3035 1743 τῆς
3067 1676 3227 1743 ἁγίας
3266 1679 3360 1731 καὶ
3418 1682 3704 1750 όμοουσίου
3746 1686 3837 1738 καὶ

2265 1763 2648 1832 προσκυνητῆς
2702 1764 2948 1835 Τριάδος.
3018 1767 3150 1822 Ἰδοὺ
3219 1770 3309 1824 διὰ
3365 1773 3585 1827 πάντων
3640 1775 3838 1841 ἔδειξεν

2267 1849 2302 1917 ἡ
2358 1847 2563 1920 ἀληθὴς
2600 1850 2813 1918 πίστις,
2850 1855 2924 1924 μὴ
2966 1854 3075 1908 δεῖν
3125 1857 3216 1910 ἐπὶ
3259 1859 3358 1928 τῆς
3403 1861 3565 1929 ἁγίας
3610 1864 3654 1915 Τ
3657 1865 3837 1934 ριάδος

2259 1941 2402 1992 νοεῖν
2441 1939 2727 2012 διαφοράν.
2762 1936 2888 1998 Ὧδε
2924 1944 2984 1998 δὲ
3008 1947 3205 2016 μικρόν
3252 1964 3345 2002 σου
3382 1951 3473 2004 τὸν
3499 1952 3628 2006 νοῦν
3656 1953 3835 2008 δοῦναι

2261 2031 2393 2100 ἡμῖν
2422 2031 2699 2102 ὲθέλησον,
2733 2036 2826 2087 καὶ
2853 2037 3174 2109 πιστωθήσῃ
3201 2039 3294 2092 ἐπὶ
3320 2040 3522 2106 πλείον,
3549 2045 3836 2115 δεχόμενος

2261 2123 2366 2176 ὐπὸ
2415 2124 2511 2178 τοῦ
2563 2126 2717 2192 άγίου
2769 2129 3086 2198 Πνεύματος
3139 2131 3205 2183 δι’
3259 2134 3418 2203 ἡμῶν
3473 2137 3836 2208 σωτηριώδεις

2261 2216 2563 2286 ὐποθήκας,
2590 2218 2678 2270 ἵνα
2703 2218 2846 2288 γνῷς
2879 2222 2979 2290 τῆς
3008 2221 3168 2291 ἁγίας
3191 2223 3422 2294 Τριάδος
3451 2227 3582 2296 μίαν
3610 2228 3837 2299 θεότητα

2260 2306 2350 2359 ἀεὶ
2375 2306 2540 2361 οὖσαν
2586 2311 2681 2362 καὶ
2710 2310 3050 2379 ὑφεστῶσαν,
3095 2315 3302 2386 Τριάδα
3340 2318 3556 2388 άληθῶς
3595 2321 3838 2392 Τριάδα,

2258 2400 2352 2452 καὶ
2381 2400 2546 2470 μηδὲν
2583 2403 2642 2454 ὲν
2677 2403 2814 2474 αὐτῇ
2858 2406 3212 2476 προϋπάρχον
3245 2408 3410 2475 ποτὲ,
3447 2410 3583 2464 ἀλλὰ
3631 2413 3718 2464 ἀεὶ
3742 2411 3840 2465 καὶ

2257 2491 2518 2557 ὡσαύτως
2545 2488 2710 2548 οὖσαν
2734 2494 3040 2567 ἀδιαίρετον
3069 2499 3163 2550 καὶ
3187 2499 3470 2568 όμοούσιον
3501 2502 3728 2573 Τριάδα.

2615 2628 2950 2698 Ἀπόκρισις
2977 2630 3085 2685 τοῦ
3122 2634 3487 2702 φιλοσόφου.

2329 2740 2419 2811 Μή
2482 2757 2549 2812 με
2590 2741 2766 2794 οἴεσθε
2814 2743 3249 2817 ἀποστρέφεσθαι
3294 2749 3363 2803 τὰ
3431 2749 3529 2820 τῆς
3578 2749 3837 2821 ἀληθείας

2255 2831 2519 2902 δόγματα·
2545 2833 2605 2886 οὐ
2635 2834 2743 2906 γὰρ
2770 2836 2836 2889 ἂν
2867 2838 2931 2890 ὲκ
2959 2838 3184 2910 πρώτης
3207 2841 3490 2910 καταρχῆς
3515 2841 3624 2894 τῶν
3653 2842 3827 2911 λόγων

2255 2926 2602 3000 παρωσάμην
2655 2929 2810 2999 ὐμῶν
2868 2933 2992 2996 τοὺς
3051 2932 3278 3002 λόγους,
3326 2935 3463 2989 ἀλλὰ
3524 2936 3613 2989 διὰ
3673 2939 3833 2990 τοῦτο

2256 3019 2460 3092 ὲρευνῶ
2487 3021 2586 3085 τὰς
2620 3023 2728 3076 τῶν
2767 3025 3056 3095 νοημάτων
3091 3026 3245 3097 ὐμῶν
3278 3029 3584 3100 σημασίας,
3617 3031 3704 3084 ἵνα
3739 3048 3807 3084 σα

2257 3113 2498 3185 φεστέρα
2535 3133 2624 3186 μοι
2666 3117 2759 3169 καὶ
2801 3116 3113 3191 διευκρινὴς
3138 3121 3365 3192 γένηται
3408 3121 3573 3193 ἡτῶν
3607 3122 3837 3194 λεγομέ-

2257 3224 2362 3259 νων
2393 3207 2524 3277 παρ’
2555 3207 2709 3277 ὐμῶν
2745 3209 3023 3276 ὑπόθεσις.

2266 3320 2600 3395 Ἀπόκρισις
2627 3323 2746 3376 τῶν
2772 3324 2957 3394 ἁγίων
2997 3325 3273 3394 Πατέρων
3317 3325 3640 3395 ὑποθετικὴ
3684 3327 3840 3394 πρὸς

2323 3393 2432 3466 τὸν
2457 3396 2795 3466 φιλόσοφον
2819 3393 2952 3466 περὶ
2983 3393 3173 3466 πυρὸς
3210 3396 3310 3449 καί
3356 3393 3830 3466 ἀπαυγὰσματος

2324 3462 2422 3514 καί
2447 3463 2664 3531 φωτὸς,
2691 3463 2786 3516 διὰ
2812 3462 2920 3517 τοῦ
2942 3465 3125 3518 αὐτοῦ
3153 3466 3439 3520 Λεοντίου
3469 3462 3829 3523 ἐπέισλὶόπου.

2327 3600 2526 3653 ’Ἄκουε
2557 3599 2622 3671 δὴ
2654 3602 2747 3655 καί
2773 3601 2890 3667 νῦν,
2924 3602 3112 3669 ἄκουε,
3140 3596 3186 3656 ὧ
3210 3602 3486 3673 φιλόσοφε.
3527 3603 3666 3673 Ἤδη
3695 3619 3832 3674 προ-

2251 3688 2567 3759 απεθέμεθά
2615 3689 2711 3761 [ῑσ.
2750 3693 3198 3764 προῦπεθεμέθα]
3245 3711 3339 3746 σου
3376 3697 3441 3764 τῇ
3485 3694 3698 3766 διανοίᾳ
3743 3694 3832 3747 διὰ

2252 3779 2518 3832 πλείστων
2565 3780 2705 3834 ὅσων
2749 3782 2856 3835 τῶν
2901 3784 2965 3835 ὲκ
3007 3783 3116 3836 τῶν
3167 3783 3328 3836 θείων
3379 3784 3633 3854 Γραφῶν,
3670 3786 3751 3837 ὅτι
3795 3787 3829 3855 ἠ

2262 3871 2462 3942 Θεότης
2495 3871 2638 3944 ἁπλῆ
2670 3873 2748 3937 τίς
2790 3877 2906 3928 ἐστι
2937 3875 3246 3942 άσύνθετος,
3281 3875 3358 3938 ὼς
3385 3877 3479 3928 καὶ
3507 3875 3666 3938 αὐτὸς
3695 3876 3830 3929 καθ-

2251 3963 2607 4033 ωμολόγησας
2654 3968 2714 4018 ὲν
2764 3968 2906 4037 ἀρχῇ
2952 3984 3044 4020 σου
3083 3968 3192 4022 τῶν
3223 3968 3563 4038 προτάσεωνο
3612 3971 3707 4021 καὶ
3747 3970 3828 4022 ὅτι

2251 4052 2363 4124 πῦρ
2408 4054 2674 4108 ἀθάνατόν
2715 4074 2775 4110 τε
2816 4058 2912 4111 καὶ
2955 4059 3124 4111 ἀΐδιον
3170 4059 3267 4113 καλ⁵
3307 4059 3562 4113 άκτιστον
3590 4056 3728 4114 οὐσα
3761 4063 3826 4130 τῇ

2251 4143 2444 4212 φύσει,
2479 4144 2596 4215 φῶς
2635 4163 2693 4199 τε
2729 4148 3013 4220 ἀχώρητον
3044 4149 3142 4202 καὶ
3168 4150 3576 4221 ἀκατάληπτον,
3607 4152 3702 4204 καὶ
3729 4152 3830 4205 οὐκ

2249 4232 2307 4285 ἐν
2337 4232 2416 4285 ἐνὶ
2446 4234 2723 4305 προσώπῳ
2751 4238 2892 4290 κατά
2917 4237 2979 4301 το
3004 4237 3196 4291 δοκοῦν
3233 4239 3509 4302 Ἰουδαίοις
3534 4239 3826 4309 νοουμένη,

2249 4322 2362 4375 ἀλλ’
2386 4324 2444 4376 ὲν
2472 4326 2663 4396 Τριάδι
2691 4327 2779 4380 ἀεὶ
2803 4328 3132 4398 ἀχωρίστοις
3158 4327 3279 4384 οὖσι
3311 4331 3641 4400 προσώποις,
3675 4333 3828 4401 παρὰ

2250 4416 2386 4468 πᾶσι
2411 4417 2760 4486 Χριστιανοῖς
2789 4421 3107 4475 πιστεύεται
3139 4424 3233 4476 καὶ
3258 4424 3586 4494 κηρύττεται
3619 4425 3652 4494 ἡ
3686 4424 3831 4494 ἀχώ-

577 4491 767 4555 tris,et
791 4485 935 4553 Filii,
954 4497 1010 4542 et
1035 4487 1268 4557 Spiritus
1291 4491 1558 4555 sancti,ut
1580 4491 1692 4560 jam
1710 4493 2144 4558 demonstratum

2257 4523 2438 4577 ριστος
2468 4485 2639 4578 Τριὰς
2667 4509 2762 4563 τοῦ
2793 4513 3003 4583 [ἰατρὸς
3036 4517 3130 4568 xui.
3155 4514 3253 4568 τοῦ
3278 4485 3408 4569 rio?)
3432 4517 3526 4570 καὶ
3550 4485 3652 4570 τοῦ.
3667 4485 3826 4584 ἁγίου

573 4591 678 4637 est.
706 4578 865 4634 Disce
891 4585 1070 4634 autem
1100 4590 1157 4635 et
1185 4595 1351 4646 nunc,
1374 4595 1410 4636 ο
1441 4581 1781 4651 philosophe.
1807 4583 1873 4637 Et
1901 4586 2151 4654 quamvis

575 4669 836 4725 audacius
877 4670 1109 4738 agimus,
1153 4679 1332 4726 tamen
1377 4672 1606 4741 propitia
1649 4672 1722 4728 sit
1763 4673 1924 4729 nobis
1968 4675 2148 4729 divina

576 4762 890 4833 magnitudo
921 4778 936 4815 :
970 4777 1068 4833 pro
1099 4772 1188 4818 tua
1219 4763 1365 4818 enim
1394 4773 1450 4819 et
1477 4764 1708 4820 aliorum
1739 4767 1912 4822 salute
1945 4768 2033 4822 hic
2065 4769 2148 4822 la-

576 4856 676 4910 bor
713 4868 742 4907 a
784 4853 939 4909 nobis
977 4853 1317 4926 transigitur.
1354 4855 1510 4910 Disce
1550 4856 1713 4928 igitur
1748 4874 1816 4914 ex
1857 4859 2150 4916 sensilibus

576 4945 934 5010 intellectilia,
982 4961 1050 5002 ex
1101 4946 1189 5004 bis
1249 4963 1370 5018 quas
1423 4949 1718 5006 intellectui
1770 4951 2149 5021 subjiciuntur,

576 5053 638 5091 ea
693 5049 814 5106 quae
861 5034 1190 5091 intellectum
1241 5048 1518 5108 superant,
1574 5050 1629 5096 et
1677 5055 1744 5096 ex
1782 5041 1868 5096 bis
1916 5057 2038 5111 qua:
2069 5043 2152 5096 di-

575 5135 792 5193 cuntur,
843 5139 908 5181 ea
976 5139 1094 5196 quae
1148 5137 1272 5182 sunt
1317 5143 1479 5198 super
1539 5143 1756 5184 omnem
1819 5144 2146 5186 sermonem.

577 5220 836 5287 Quamvis
862 5227 1040 5273 autem
1066 5220 1250 5274 omnia
1277 5229 1330 5274 et
1355 5235 1473 5289 qua:
1498 5221 1748 5274 videntur
1768 5230 1824 5276 et
1845 5237 1965 5290 qua:
1994 5223 2150 5276 intel-

577 5309 838 5378 liguntur,
864 5322 929 5364 ex
957 5310 1275 5365 caelestibus
1300 5311 1564 5366 creaturis
1588 5321 1642 5364 et
1668 5311 1750 5366 his
1775 5327 1895 5382 quae
1922 5313 1974 5367 in
2003 5323 2148 5369 terra

578 5400 663 5454 vel
695 5401 796 5454 sub
831 5409 977 5455 terra
1012 5411 1169 5467 sunt,
1203 5401 1439 5478 conferri
1473 5413 1745 5471 nequeant
1778 5418 1899 5458 cum
1938 5405 2025 5460 illa
2063 5407 2147 5460 in-

573 5503 791 5556 crcata,
864 5492 1394 5562 incomprehensibili
1446 5501 1500 5546 et
1542 5493 1833 5549 immortali
1881 5496 1973 5551 Dei
2019 5499 2150 5552 sub-

532 5572 535 5574 .
573 5586 771 5641 stantia
802 5602 815 5638 :
849 5585 1194 5639 nihilominus
1223 5593 1401 5638 tamen
1429 5594 1804 5640 occurrentem
1834 5588 2146 5644 similitudi-

569 5691 698 5730 nem
732 5674 1087 5744 proferemus,
1121 5672 1221 5728 etsi
1253 5690 1354 5728 non
1387 5675 1728 5745 aequabilem,
1761 5677 1827 5731 ad
1861 5678 2144 5733 utilitatem

577 5778 755 5825 tamen
800 5763 1027 5822 ﬁdeliter
1061 5766 1491 5836 suscipientium,
1533 5777 1587 5825 et
1629 5783 1752 5839 qua:
1795 5770 2148 5829 sulIicicntcm

2251 4598 2592 4670 Πνεύματος,
2629 4603 2880 4675 καθάπερ
2919 4606 3320 4662 ἀποδέδεικται.
3363 4607 3617 4662 Μάνθανε
3645 4608 3700 4661 δὲ
3735 4610 3828 4661 καὶ

2249 4689 2364 4755 νῦν,
2405 4684 2452 4744 ὧ
2485 4692 2773 4762 φιλόσοφε,
2817 4697 2867 4748 εί
2909 4699 3006 4750 καὶ
3049 4697 3323 4770 τολμηρὸν
3357 4699 3641 4770 ποιοῦμεν,
3691 4700 3830 4753 ἀλλὰ

2251 4782 2408 4846 ἵλεως
2440 4785 2569 4854 ἡμῖν
2599 4786 2632 4856 ὴ
2684 4786 2803 4840 θεία
2844 4787 3202 4859 μεγαλειότης
3226 4806 3241 4819 ·
3280 4790 3419 4858 ὑπὲρ
3452 4789 3562 4860 γάρ
3600 4792 3700 4859 τῆς
3729 4790 3828 4858 σῆς

2249 4873 2345 4926 καὶ
2385 4874 2494 4926 τῶν
2523 4875 2726 4930 λοιπῶν
2757 4879 3033 4949 σωτηρίας
3074 4882 3102 4933 ό
3149 4880 3310 4943 πόνος
3352 4881 3484 4950 ἡμῖν
3527 4879 3824 4933 διανύεται.

2249 4963 2504 5018 Μάνθανε
2535 4966 2715 5022 τοίνυν
2745 4970 2809 5022 ὲκ
2839 4969 2950 5022 τῶν
2981 4970 3258 5042 αἰσθητῶν
3287 4972 3418 5040 περὶ
3453 4971 3560 5024 τῶν
3589 4970 3819 5040 νοητῶν,

2249 5053 2344 5107 καὶ
2392 5055 2456 5107 ὲκ
2507 5055 2616 5109 τῶν
2652 5059 2795 5110 κατὰ
2835 5059 2960 5113 νοῦν
3007 5061 3136 5132 περὶ
3182 5061 3292 5114 τῶν
3341 5060 3479 5132 ὑπὲρ
3538 5059 3687 5124 νοῦν,
3729 5061 3822 5114 καὶ

2249 5140 2313 5192 ὲκ
2357 5139 2468 5194 τῶν
2519 5141 2828 5213 λεγομένων
2877 5147 3006 5215 περὶ
3050 5148 3160 5202 τῶν
3201 5149 3343 5218 ὑπὲρ
3386 5149 3562 5218 λόγον·
3626 5151 3676 5202 εί
3730 5150 3821 5202 καὶ

2248 5229 2553 5300 ἀσύγκριτα
2585 5234 2763 5288 πάντα
2791 5235 2862 5290 τά
2901 5253 2961 5289 τε
2993 5236 3268 5310 ὁρώμενα,
3313 5239 3384 5292 τά
3426 5256 3481 5291 τε
3523 5240 3819 5308 νοούμενα,

2249 5319 2356 5373 τῶν
2410 5339 2469 5374 τε
2519 5324 2784 5394 οὐρανίων
2835 5327 2929 5380 καὶ
2985 5329 3242 5396 ἐπιγείων
3295 5332 3388 5383 καὶ
3439 5331 3822 5400 καταχθονίων

2249 5416 2586 5484 κτισμάτων,
2647 5419 2782 5489 πρὸς
2838 5422 2936 5492 τὴν
2985 5422 3239 5477 ἂκτιστον
3295 5424 3510 5493 ἐκείνην
3551 5426 3645 5477 καὶ
3683 5425 3823 5476 ἀκα-

2249 5503 2524 5574 τάληπτον
2576 5509 2669 5560 καὶ
2711 5511 2980 5565 ἀθάνατον
3025 5513 3118 5566 τοῦ
3154 5513 3289 5566 Θεοῦ
3332 5515 3539 5568 οὐσίαν·
3568 5514 3727 5584 πλὴν
3761 5513 3824 5566 τό

2248 5594 2489 5664 ἐμπεσὸν
2536 5598 2840 5671 ὑπόδειγμα
2867 5603 2926 5656 οὐ
2979 5604 3196 5674 μέτριον
3243 5605 3377 5675 πρὸς
3415 5607 3683 5675 ὠφέλειαν
3708 5609 3825 5669 τοῖς

2248 5688 2456 5751 πιστῶς
2513 5691 2860 5762 δεχομένοις,
2914 5697 3028 5749 ἀλλ’
3099 5698 3288 5769 ἱκανὴν
3338 5700 3523 5753 εἰκόνα
3578 5700 3820 5769 παρέχον

2247 5778 2345 5850 τῆς
2387 5779 2667 5848 εὐσεϐείας
2703 5787 2814 5850 τοῖς
2840 5787 3076 5852 εὐσεϐῶς
3101 5788 3348 5844 ἐθέλουσι
3377 5792 3540 5858 νοεῖν,
3566 5788 3820 5858 λέξομεν.
