4148 6554
345 424 484 490 1293

1231 426 1595 486 HISTORIA
1633 425 1962 486 CONCILII
2001 425 2303 488 NICEENI.
2343 449 2413 461 -
2447 426 2592 488 LIB.
2633 427 2718 490 II.

3458 423 3590 488 12M

339 539 413 592 Τὸ
445 536 701 608 αίσθητὸν
741 535 897 590 τοῦτο
939 536 1048 608 πῦρ
1090 536 1250 605 φύσις
1284 538 1382 607 μία
1449 539 1528 604 δν,
1568 540 1686 610 ἦτοι
1731 540 1920 604 οὐσία,

2031 540 2247 610 pietatis
2281 540 2564 609 imaginem
2601 541 2839 608 praebeat
2871 538 2957 608 pie
2987 536 3336 594 considerare
3365 539 3586 593 volenti-

341 629 514 700 Τριὰς
554 629 674 680 ἐστι
707 626 848 680 κατὰ
873 627 1059 692 ταυτὸ,
1089 626 1222 699 πῦρ,
1245 628 1582 697 ἀπαύγασμα
1602 667 1618 692 ,
1646 629 1782 697 φῶς.
1811 630 1921 683 Καὶ

340 719 495 772 οὐδὲν
527 717 736 770 τούτων
775 717 1134 787 προϋπάρχον
1168 717 1264 771 τοῦ
1299 717 1529 789 θατέρου
1572 721 1917 791 εὑρίσκεται,

341 811 459 866 ἀλλ’
493 809 638 862 ἔστιν
665 808 986 879 ἀχωρίστως
1023 809 1267 880 ἀλλήλων
1296 810 1363 863 τά
1396 811 1523 880 τρία
1550 853 1564 877 ,
1596 813 1657 864 τὸ
1686 812 1796 884 πῦρ
1815 852 1830 877 ,
1861 813 1922 866 τὸ

352 902 414 966 ἐξ
444 900 607 955 αὑτοῦ
637 899 1010 970 ἀπαύγασμα,
1041 899 1136 952 καὶ
1167 900 1229 952 τὸ
1272 900 1406 968 φῶς.
1445 901 1778 972 Διαχώρισον
1806 903 1919 956 τοί-

343 1009 460 1056 νυν,
488 995 536 1045 εί
560 990 692 1064 δύνῃ
712 1032 726 1056 ,
757 984 803 1044 ὦ
851 990 1106 1059 φιλόσοφε
1129 1032 1144 1056 ,
1172 990 1244 1044 τά
1273 992 1422 1063 τρία,
1460 993 1551 1045 καὶ
1581 993 1754 1058 δεῖξον
1791 997 1920 1065 ἡμῖν

344 1083 573 1156 θάτερον
597 1083 691 1136 τοῦ
715 1083 945 1153 θατέρου
969 1083 1346 1156 προϋπάρχον,
1378 1084 1410 1155 ἢ
1436 1085 1530 1139 τοῦ
1555 1086 1921 1156 ἀπαυγάσμα-

343 1191 435 1235 τος
463 1175 524 1227 τὸ
557 1173 667 1246 πῦρ
700 1172 822 1226 καθ’
861 1173 1022 1226 ἑαυτὸ
1065 1174 1440 1245 προϋπάρχον,
1485 1177 1579 1228 καὶ
1625 1177 1919 1246 μεταγενέ-

346 1282 534 1336 στερον
560 1265 697 1334 μετά
725 1263 954 1336 χρόνους
973 1264 1126 1328 τινάς
1145 1263 1240 1318 τοῦ
1269 1266 1442 1338 πυρὸς
1468 1268 1529 1319 τὸ
1554 1267 1915 1340 ἀπαύγασμα,

343 1357 377 1426 ἢ
426 1355 881 1426 μεταγενέστερον
923 1356 1087 1410 πάλιν
1128 1356 1161 1428 ἢ
1211 1357 1568 1429 μεταχρόνιον
1614 1359 1709 1412 τοῦ
1749 1361 1920 1431 πυρὸς

344 1447 439 1501 καὶ
468 1446 563 1500 τοῦ
593 1447 1030 1518 ἀπαυγάσματος
1060 1448 1119 1501 τὸ
1144 1449 1281 1516 φῶς,
1308 1448 1340 1518 ἢ
1367 1450 1704 1521 προχρόνιον.
1738 1451 1920 1517 Δεῖξον

343 1540 496 1608 ἡμῖν,
531 1539 578 1591 εί
607 1537 762 1610 δύνῃ,
788 1537 1126 1610 διαχωρίσας
1151 1541 1247 1594 ἀπ’
1278 1539 1523 1612 ἀλλήλων
1550 1542 1619 1596 τὰ
1647 1543 1795 1614 τρία,
1827 1547 1920 1600 καὶ

346 1634 422 1704 μὴ
453 1634 578 1704 ούχὶ
625 1632 890 1697 ὡσαύτως
925 1632 999 1687 ὢν
1031 1635 1141 1705 πῦρ
1161 1674 1177 1700 ,
1208 1634 1552 1707 ἀπαύγασμα
1571 1677 1586 1703 ,
1615 1640 1752 1708 φῶς,
1789 1643 1920 1710 μιᾶς

343 1725 512 1796 οῦσης
540 1726 638 1796 τῆς
676 1725 769 1778 τοῦ
805 1725 977 1796 πυρὸς
1009 1725 1245 1796 φύσεως.
1279 1715 1463 1782 Ταῦτα
1488 1730 1632 1784 κατά
1665 1731 1790 1786 νοῦν
1825 1733 1920 1788 λα-

344 1817 455 1870 ϐὼν
486 1817 556 1871 τά
585 1815 821 1887 αίσθητά
851 1817 946 1871 καὶ
975 1819 1166 1871 κτιστά
1186 1860 1200 1883 ,
1244 1821 1294 1872 εί
1339 1820 1432 1874 καὶ¹
1462 1820 1804 1893 ἀσύγκριτα¹,
1845 1825 1921 1888 ὡς

343 1907 547 1976 ἀρτίως
577 1879 902 1979 εἰρήκαμεν,
936 1907 1071 1977 πρὸς
1231 1909 1399 1964 ἀΐδιον
1423 1912 1518 1965 καὶ
1545 1879 1800 1967 ἀκτιιστον
1827 1879 1920 1968 τοῦ
1952 1879 1996 1939 Β

343 1997 481 2050 Θεοῦ
513 1997 721 2063 οὐσίαν,
757 1995 896 2068 πλὴν
937 1996 1093 2068 δέχου
1124 1999 1186 2052 ἐκ
1228 1999 1435 2054 τούτων
1461 2001 1715 2073 ἀφορμὰς
1749 2020 1922 2077 σωτη-

347 2088 520 2159 ρίους,
553 2087 646 2140 καὶ
677 2085 964 2158 πτερώσας
1010 2089 1075 2158 τῇ
1116 2087 1298 2142 πίστει
1329 2089 1389 2142 τὸ
1419 2091 1519 2159 τῆς
1560 2090 1798 2155 διανοίας
1829 2109 1922 2146 σου

344 2180 532 2251 δμμα,
560 2179 791 2249 ἀνάϐηθι
814 2177 906 2234 ἐπὶ
937 2178 1036 2251 τὴν
1058 2178 1268 2251 ὑψηλὴν
1302 2180 1398 2235 τοῦ
1423 2181 1561 2236 Θεοῦ
1593 2183 1887 2253 ἐπίγνωσιν
1906 2201 1920 2216 ο

345 2273 442 2324 καὶ
468 2271 768 2342 ἀπαντήσει
806 2287 909 2337 σοι,
947 2271 1022 2336 ὥς
1050 2289 1115 2341 γε
1145 2273 1420 2344 εὐχόμεθα
1447 2275 1542 2328 καὶ
1573 2275 1921 2348 πιστεύομεν,

345 2363 798 2435 ἐναστράπτουσὰ
847 2381 931 2417 σοι
977 2366 1012 2437 ἡ
1063 2365 1225 2437 χάρις
1264 2367 1299 2437 ή
1329 2366 1424 2421 τοῦ
1454 2368 1666 2440 [ἰατρὸς
1699 2369 1792 2423 καὶ⁹
1830 2370 1924 2424 τοῦ

347 2455 477 2509 Υῖοῦ
513 2456 606 2510 καὶ
639 2455 735 2510 τοῦ
766 2455 926 2524 ἁγίου
960 2457 1298 2528 Πνεύματος,
1333 2459 1653 2516 δεικνύουσά
1680 2479 1762 2516 σοι
1797 2462 1926 2533 μίαν

347 2545 579 2615 θεότητα
616 2545 727 2617 πῦρ
769 2541 936 2600 οὖσαν
969 2547 1260 2612 ἀθάνατον,
1294 2548 1390 2605 καὶ
1418 2553 1759 2624 ἀπαύγασμα
1781 2595 1795 2620 ,
1832 2556 1925 2610 καὶ

347 2637 498 2705 ιεὼς,
541 2637 717 2707 ἁπλῆν
746 2637 839 2691 καὶ
872 2637 1188 2708 ἀσύνθετον,
1223 2640 1550 2714 ἀχώριστον,
1593 2644 1922 2716 ἀδιαίρετον,

347 2728 728 2798 ἀπερινόητον,
757 2729 852 2782 καὶ
872 2729 1240 2802 ὲνέκφραστον
1264 2733 1468 2804 Τριὰδα
1490 2734 1705 2806 ἀληθῶς
1732 2738 1925 2807 όμοού-

349 2835 490 2882 σιον,
528 2819 630 2889 τὴν
656 2819 751 2874 τοῦ
795 2821 1010 2894 Πατρός
1029 2861 1046 2888 ,
1076 2823 1170 2877 καὶ
1199 2822 1295 2877 τοῦ
1344 2823 1500 2893 Υίοῦ,
1536 2829 1628 2881 καὶ
1651 2827 1742 2882 τοῦ
1768 2829 1923 2898 ἁγίου

349 2909 686 2982 Πνεύματος.

348 3021 543 3076 Ὅπου
561 3025 830 3078 πιστεύει
847 3026 882 3080 δ
900 3026 1348 3100 φιλόσοφος-[εὶς
1368 3029 1481 3098 τὴν
1493 3032 1672 3103 ἁγίαν
1695 3037 1923 3104 Τριάδα.

419 3133 606 3187 Ταῦτα
636 3136 878 3201 ἀκούσας
913 3139 940 3191 6
970 3139 1290 3210 φιλόσοφος.
1335 3147 1432 3198 καί⁵
1460 3145 1537 3209 ὡς
1574 3147 1633 3201 ιν
1674 3149 1926 3204 ὲκστάσει

2023 633 2143 686 bus.
2171 630 2457 685 Sensibilis
2483 631 2584 685 iste
2610 629 2770 700 ignis,
2796 639 2989 683 natura
3017 644 3122 683 una
3151 630 3265 685 sive
3291 630 3589 683 substantia

2020 735 2143 775 cum
2175 721 2268 784 sit,
2323 719 2537 774 trinitas
2565 728 2651 775 est
2683 719 2737 773 in
2769 720 2980 783 eodem,
3013 720 3172 790 ignis,
3203 719 3476 788 splendor,
3511 720 3590 772 lu-

2023 826 2181 878 men;
2219 820 2274 864 et
2309 809 2442 864 nihil
2483 811 2676 865 horum
2717 809 2991 863 invenitur
3026 809 3197 863 altero
3233 810 3380 878 prius
3415 824 3537 863 esse
3573 827 3586 862 :

2021 903 2113 957 sed
2146 918 2175 956 a
2210 915 2268 957 se
2302 901 2535 956 invicem
2571 899 2816 969 separari
2852 914 2958 954 non
2995 910 3219 968 possunt
3254 901 3386 965 tria,
3423 901 3588 969 ignis,

2021 1006 2083 1048 ex
2119 995 2236 1063 ipso
2265 992 2524 1063 splendor
2575 1003 2630 1048 et
2661 992 2860 1046 lumen.
2894 992 3171 1061 Distingue
3203 993 3386 1060 igitur,
3422 995 3465 1046 si
3501 1008 3592 1061 pn-

2022 1093 2125 1150 tes,
2159 1101 2192 1141 o
2229 1087 2570 1156 philosOphe,
2607 1086 2708 1140 tria
2745 1086 2880 1149 haec,
2914 1094 2970 1140 et
3000 1086 3224 1139 ostende
3261 1087 3415 1140 nobis
3449 1086 3591 1139 aliud

2022 1177 2130 1231 alio
2153 1177 2302 1246 prius
2325 1177 2607 1243 exsistere,
2631 1175 2716 1231 vel
2747 1175 2922 1246 ignem
2949 1184 3077 1230 ante
3103 1176 3447 1245 splendorem
3476 1186 3595 1244 post

2019 1267 2225 1338 aliquot
2252 1276 2494 1336 tempora
2523 1267 2645 1336 igne
2671 1266 3056 1337 posteriorem;
3083 1275 3174 1319 aut
3203 1281 3387 1319 rursus
3415 1266 3590 1319 lumen

2021 1356 2143 1427 igne
2165 1356 2248 1412 vel
2273 1357 2560 1427 splendore
2583 1357 2853 1429 posterius
2881 1371 3001 1412 esse
3029 1367 3292 1426 tempore,
3319 1356 3401 1409 vel
3430 1357 3591 1409 etiam

2021 1450 2172 1521 prius
2206 1467 2220 1506 :
2257 1452 2482 1507 ostende
2520 1451 2565 1506 si
2604 1458 2792 1521 potes,
2829 1451 3076 1506 dividens
3110 1451 3178 1505 ab
3214 1449 3445 1505 invicem
3482 1450 3593 1504 lucc

2023 1545 2146 1610 tria,
2181 1553 2236 1599 et
2268 1559 2373 1599 non
2409 1545 2570 1599 simul
2602 1542 2869 1620 exsistere
2904 1544 3102 1613 ignem,
3138 1543 3481 1612 splendorem
3541 1552 3594 1596 et

2021 1634 2202 1690 lumen
2230 1652 2245 1690 :
2269 1649 2391 1689 eum
2421 1643 2599 1690 tamen
2625 1634 2696 1689 sit
2720 1649 2824 1689 una
2852 1634 2991 1704 ignis
3018 1645 3233 1689 natura.
3261 1633 3384 1689 Haec
3409 1634 3592 1689 animo

2021 1727 2261 1782 retinens
2288 1725 2508 1782 sensilia
2534 1735 2590 1781 et
2615 1735 2817 1791 creata,
2845 1726 3097 1795 quamvis
3125 1726 3454 1782 conferenda
3489 1745 3592 1781 non

2019 1827 2178 1884 sunt,
2214 1827 2274 1872 ut
2305 1818 2465 1888 paulo
2499 1827 2624 1872 ante
2655 1817 2928 1882 diximus,
2963 1817 3030 1870 ad
3063 1825 3322 1872 aeternam
3360 1817 3504 1872 illam
3540 1827 3595 1873 et

2024 1907 2620 1978 ineomprebensibilem
2654 1907 2744 1961 Dei
2775 1908 3166 1973 substantiam,
3199 1909 3382 1976 accipe
3413 1924 3477 1962 ex
3513 1911 3594 1964 bis

2022 1999 2338 2054 occasiones
2372 1999 2661 2066 salutares,
2694 2009 2750 2054 et
2784 2000 2888 2054 llde
2920 2000 3074 2069 quasi
3111 2000 3233 2054 aliis
3269 2001 3592 2069 quibusdam

2022 2093 2287 2161 adaptans
2327 2091 2526 2146 mentis
2569 2100 2671 2146 tua:
2711 2090 2960 2156 oculum,
2997 2092 3064 2146 ad
3100 2092 3466 2147 sublimiorem
3503 2092 3594 2146 Dei

2023 2181 2406 2253 cogitationem
2433 2183 2686 2244 ascende,
2711 2191 2766 2237 et
2792 2191 3042 2237 occurret
3071 2182 3188 2247 tibi,
3215 2193 3272 2236 ut
3297 2197 3516 2240 oramus
3542 2191 3596 2238 et

2022 2273 2599 2340 credimus,irradians
2628 2281 2679 2328 te
2693 2273 2865 2345 gratia
2896 2272 3092 2338 Patris,
3122 2284 3176 2330 et
3207 2274 3350 2341 Filii,
3383 2286 3438 2332 et
3471 2275 3594 2344 Spi-

2025 2367 2163 2422 ritus
2186 2365 2383 2432 sancti,
2407 2375 2461 2420 et
2482 2366 2775 2421 ostendens
2802 2366 2897 2422 tibi
2922 2383 3086 2422 unam
3109 2366 3450 2423 divinitatem
3478 2379 3599 2422 tan-

2024 2473 2184 2528 quam
2226 2457 2403 2528 ignem
2448 2457 2848 2523 immortalem,
2893 2457 3234 2528 splendorem
3279 2467 3333 2514 et
3379 2459 3595 2526 lumen,

2025 2547 2326 2617 simplicem
2356 2558 2412 2602 et
2440 2546 2559 2602 sine
2591 2549 3006 2617 compositione,
3040 2549 3483 2620 inseparabilem,
3515 2551 3597 2605 in-

2025 2637 2285 2702 divisam,
2333 2636 2730 2706 incogitabilem
2781 2646 2836 2693 et
2887 2637 3215 2694 ineﬂ'abilem
3267 2639 3594 2696 Trinitatem

2025 2744 2152 2784 vere
2188 2728 2739 2796 consubstantialem,
2772 2715 2971 2796 P'atris,
3009 2741 3066 2786 et
3106 2730 3250 2799 Filii,
3281 2741 3334 2788 et
3365 2731 3598 2804 Spiritus

2025 2820 2221 2876 Sancti.

2099 3021 2200 3078 Ubi
2238 3025 2401 3079 credit
2440 3025 2778 3094 philosophus
2817 3025 2874 3078 in
2914 3034 3152 3080 sanctam
3195 3025 3526 3083 Trinitatem.

2099 3139 2234 3194 Cum
2264 3140 2376 3195 haec
2403 3140 2644 3196 audisset
2673 3139 3044 3210 philosophus,
3071 3150 3126 3196 et
3150 3141 3302 3212 quasi
3333 3153 3515 3214 raptus
3544 3145 3594 3198 in

349 3225 639 3297 γενόμενος
657 3267 672 3290 ,
700 3228 995 3299 ἀπηνεώθη
1020 3232 1114 3285 ὲπὶ
1149 3232 1402 3288 πλεῖστον
1435 3236 1713 3300 ὃσον,⁴καὶ
1735 3243 1783 3293 οῖ
1813 3241 1922 3296 δια·

2028 3229 2291 3284 exstasim
2330 3233 2566 3287 maxime
2597 3231 2954 3302 obriguisset,
2990 3232 3217 3302 ejusque
3248 3234 3601 3305 cogitationes

349 3317 604 3388 λογισμοὶ
633 3319 801 3372 αὑτοῦ
831 3322 1230 3391 συνετάρασσον
1260 3325 1445 3392 αὐτὸν,
1475 3328 1641 3396 φόϐος
1666 3348 1725 3384 τε
1759 3334 1925 3396 πολὺς

349 3409 618 3462 ἐπέπεσεν
644 3411 730 3462 ἐπ’
758 3409 939 3462 αὐτόν·
968 3407 1085 3464 εἶτα
1117 3414 1196 3477 εἰς
1238 3413 1429 3468 ἑαυτὸν
1459 3417 1630 3470 ἐλθὼν
1658 3421 1926 3490 ἀνεκραύ-

350 3511 486 3562 γασε
511 3497 674 3567 μέγα,
705 3497 893 3550 είπὼν·
925 3498 1061 3563 Δόξα
1078 3517 1182 3564 σοι,
1211 3504 1240 3556 6
1263 3502 1395 3566 Θεὸς
1421 3507 1449 3557 6
1477 3505 1788 3574 ἐμπνεύσας
1805 3508 1927 3561 τού-

351 3604 467 3651 τοις
487 3591 601 3650 τοῖς
639 3589 816 3657 ἁγίοις
846 3607 940 3644 σου
983 3591 1046 3644 τὸ
1074 3592 1215 3663 ὑπὲρ
1244 3596 1422 3648 πάντα
1461 3597 1589 3650 νοῦν
1628 3601 1929 3670 μυστήριον

351 3677 452 3742 τῆς
477 3679 744 3747 ἁχράντου
774 3679 868 3732 καὶ
895 3681 1202 3749 ἀχωρίστου
1232 3684 1326 3737 καὶ
1357 3686 1614 3740 ἀκτίστου
1644 3689 1926 3761 Θεότητος.

354 3769 515 3822 Ἃ).λὰ
537 3771 727 3839 δέομαί
752 3788 866 3832 σου,
885 3775 1107 3844 Χριστὲ,
1129 3774 1204 3839 ὡς
1225 3777 1536 3845 Μναγὰθου
1557 3780 1767 3851 Πατρός
1796 3800 1930 3835 παν-

352 3861 552 3928 ἀγαθος
598 3862 752 3926 Υἱὸς,
809 3863 985 3934 πάρες
1031 3866 1174 3938 ἅπερ
1236 3869 1316 3931 είς
1364 3869 1463 3933 σὲ,
1508 3871 1770 3942 ὑπαχθεὶς
1809 3877 1930 3939 ταῖς

352 3952 574 4006 ἀσεϐέσι
607 3954 759 4025 παρά
797 3954 892 4008 τοῦ
947 3956 1158 4028 Ἀρείου
1188 3957 1400 4025 δόξαις,
1433 3961 1702 4032 ἥμαρτον,
1732 3965 1828 4019 καὶ
1854 3967 1929 4036 μὴ

352 4043 834 4117 εἰσπραχθήσομαι
879 4045 1036 4110 δίκας
1075 4047 1223 4118 παρά
1272 4050 1357 4102 σοὶ
1402 4051 1480 4120 τῷ
1527 4052 1721 4124 δικαίῳ
1768 4059 1928 4128 κριτῇ

356 4136 496 4204 ὑπὲρ
525 4138 633 4188 τῶν
673 4137 886 4189 ἀσεϐῶν
939 4136 1200 4208 ῥημάτων
1234 4139 1481 4202 ἐκείνων,
1526 4135 1601 4194 ὧν
1652 4145 1793 4198 κατά
1833 4145 1929 4198 σοῦ

355 4229 611 4298 ἀπέφηνα
644 4230 672 4281 6
723 4229 908 4292 τάλας.
945 4222 1100 4282 Ὀύαὶ
1160 4231 1355 4302 Ἀρείῳ
1393 4232 1484 4286 καὶ
1537 4237 1603 4304 τῇ
1651 4237 1932 4307 συμμορίᾳ

355 4318 523 4371 αὑτοῦ
559 4321 625 4390 τῇ
662 4320 890 4383 ἀσεϐεῖ,
924 4318 1382 4392 βλασφημήσασιν
1414 4325 1495 4388 είς
1549 4325 1642 4379 τὸν
1675 4327 1800 4381 Υίδν
1832 4328 1926 4381 τοῦ

355 4407 514 4472 Θεοῦ,
540 4407 805 4477 λέγουσιν·
834 4405 940 4463 Ἦν
973 4427 1103 4463 ποτε
1131 4412 1219 4464 ὅτε
1244 4413 1344 4466 ούκ
1371 4409 1460 4484 ἦν·
1497 4417 1590 4470 καὶ
1617 4417 1697 4470 ὅτι
1729 4420 1931 4488 κτίσμα

357 4500 452 4551 καὶ
473 4499 683 4570 ποίημα
709 4500 804 4554 καὶ
846 4500 906 4565 ἐξ
950 4501 1144 4572 ἑτέρας
1177 4502 1367 4568 ούσίας
1392 4507 1420 4559 6
1455 4506 1599 4568 ’Υἱὸς
1639 4509 1733 4562 τοῦ
1769 4510 1928 4577 Θεοῦ,

358 4593 451 4644 καὶ
479 4590 541 4643 τὸ
584 4591 808 4663 Πνεῦμα
853 4592 915 4646 τὸ
945 4593 1123 4661 ἁγιον,
1169 4596 1260 4649 καὶ
1305 4597 1380 4668 μὴ
1413 4598 1511 4671 τῆς
1546 4600 1712 4672 αὐτῆς
1745 4605 1933 4669 οὐσίας

356 4678 424 4752 ἦς
486 4684 516 4736 6
570 4681 783 4756 Πατὴρ,
822 4685 1068 4756 είρηκόσι
1110 4686 1201 4740 τὸν
1239 4689 1364 4741 Υίὺν
1403 4690 1498 4744 τοῦ
1545 4692 1680 4746 Θεοῦ
1732 4697 1827 4749 καὶ
1873 4697 1934 4750 τὸ

359 4774 589 4845 Πνεῦμα
633 4776 695 4828 τὸ
734 4777 908 4844 ἅγιον.
978 4777 1388 4848 ’Δναθεματίζω
1435 4783 1528 4835 νῦν
1575 4785 1672 4836 καὶ
1719 4787 1937 4851 πάντως

362 4863 642 4937 [πάντοτε]
697 4867 913 4936 Ἀρειον
938 4866 1149 4930 καὶτὰς
1175 4869 1396 4932 ἀσεϐεῖς
1425 4870 1588 4923 αὐτοῦ
1617 4871 1802 4937 δόξας,
1844 4873 1940 4926 καὶ

361 4957 488 5019 τοὺς
531 4956 601 5010 τά
645 4957 811 5010 αὑτοῦ
853 4958 1182 5029 φρονοῦντας
1222 4959 1460 5026 πάντας,
1498 4962 1743 5026 καὶτοὺς
1775 4963 1935 5033 βλασς

364 5046 682 5117 φημοῦντας
732 5049 872 5102 κατά
902 5066 960 5101 τε
985 5048 1078 5101 τοῦ
1110 5050 1342 5121 Πατρὸς,
1373 5052 1514 5106 κατά
1543 5071 1602 5106 τε
1633 5053 1725 5106 τοῦ
1763 5055 1890 5110 Υίοῦ
1913 5094 1929 5121 ,

365 5138 462 5191 καὶ
515 5139 658 5192 κατά
701 5137 795 5191 τοῦ
844 5141 998 5207 ἁγίου
1032 5142 1369 5213 Πνεύματος.
1429 5145 1487 5198 'O
1528 5145 1638 5216 γὰρ
1677 5148 1767 5201 τὸν
1817 5151 1942 5204 Υίὺν

370 5228 446 5298 μὴ
520 5227 682 5298 ἔχων,
739 5227 862 5280 οὐδὲ
909 5230 999 5282 τὸν
1042 5232 1260 5302 Πατέρα
1315 5233 1452 5303 ἔχει·
1496 5235 1590 5289 καὶ
1639 5239 1668 5290 6
1727 5241 1808 5302 εὶς
1849 5240 1941 5294 τὸν

371 5318 496 5370 Υἰδν
525 5319 620 5371 καὶ
648 5318 709 5370 τὸ
740 5319 964 5389 Πνεῦμα
994 5322 1054 5373 τὸ
1091 5322 1248 5391 ἅγιον
1291 5324 1712 5398 βλασφημήσας,
1740 5333 1820 5397 είς
1847 5333 1939 5386 τὸν

369 5409 589 5480 Πατέρα
619 5409 1033 5482 ἐϐλασφήμησε.
1059 5413 1406 5470 Καθικετεύω
1433 5419 1533 5486 τὴν
1563 5419 1834 5492 ὑμετέραν
1866 5423 1938 5477 Ξε-

371 5502 472 5572 ιάν
513 5501 824 5574 γερουσίαν,
870 5501 1174 5574 βοηθήσατέ
1215 5523 1306 5576 μοι
1345 5507 1432 5560 διά
1463 5508 1572 5561 τῶν
1618 5511 1757 5580 ὑπὲρ
1803 5513 1937 5584 ἐμοῦ

370 5595 506 5666 πρὸς
533 5596 624 5650 τὸν
655 5597 889 5668 Χριστὸν
926 5598 1016 5651 τὸν
1048 5598 1176 5651 Υἱδν
1220 5599 1313 5651 τοῦ
1342 5600 1475 5652 Θεοῦ
1512 5603 1728 5657 ίκεσιῶν
1761 5605 1937 5676 ὑμῶν,

369 5685 750 5742 ἀκολουθοῦντι
795 5688 1031 5758 μάλιστα
1064 5691 1178 5753 τοῖς
1221 5689 1291 5742 δι’
1326 5689 1478 5760 ὑμῶν
1522 5691 1625 5745 ὑπὸ
1655 5695 1749 5749 τοῦ
1779 5697 1936 5766 ἁγίου

432 5824 476 5857 ¹¹
506 5825 752 5894 Senatui,
782 5829 882 5885 lioc
912 5839 1014 5897 est,
1045 5832 1206 5886 cmtui
1235 5841 1417 5890 vestro
1444 5847 1619 5888 sacro.

2029 3319 2204 3387 ipsum
2239 3322 2642 3389 perturbarent,
2681 3338 2908 3392 magnus
2944 3323 3108 3377 timor
3141 3324 3191 3376 in
3231 3340 3353 3378 eum
3393 3326 3598 3381 incidit.

2032 3409 2232 3466 Deinde
2257 3411 2310 3464 in
2340 3411 2579 3479 seipsum
2611 3428 2861 3468 reversus
2891 3414 3146 3468 clamavit
3169 3416 3344 3478 valde,
3372 3417 3555 3472 dicens
3583 3437 3597 3474 :

2028 3498 2210 3553 Gloria
2237 3499 2356 3564 tibi,
2379 3499 2541 3565 Deus,
2571 3501 2663 3571 qui
2697 3501 2972 3570 inspirasti
3002 3503 3204 3557 sanctis
3237 3505 3319 3558 bis
3349 3505 3457 3559 tuis
3485 3521 3603 3576 my-

2029 3589 2276 3656 sterium,
2300 3591 2442 3658 quod
2465 3605 2680 3645 omnem
2707 3592 3038 3648 intellectum
3070 3603 3315 3662 superat,
3341 3595 3604 3650 immacu-

2031 3683 2174 3746 latae,
2207 3682 2484 3737 immensa
2511 3693 2567 3739 et
2600 3685 2854 3740 increata:
2890 3685 3217 3740 Divinitatis.
3253 3686 3358 3740 Sed
3390 3703 3487 3742 orn
3519 3699 3601 3756 te,

2030 3773 2269 3839 Christe,
2293 3785 2547 3845 tanquam
2579 3777 2934 3848 uudequaque
2963 3778 3084 3833 boni
3116 3778 3294 3834 Patris
3323 3780 3606 3850 undequa-

2028 3880 2136 3934 que
2166 3865 2364 3920 bonum
2398 3866 2591 3922 Filium
2611 3907 2625 3932 ,
2656 3869 2898 3924 condona
2931 3885 3050 3938 qua:
3079 3870 3259 3940 impiis
3287 3871 3461 3926 adhuc
3489 3873 3603 3927 Arii

2027 3957 2372 4027 opinionibus
2419 3960 2672 4015 seductus
2719 3963 2936 4031 peccavi
2983 3980 2997 4017 :
3043 3977 3143 4018 nec
3191 3965 3366 4033 pomis
3413 3980 3607 4033 graver

2030 4051 2171 4121 apud
2213 4062 2264 4106 te
2301 4049 2508 4121 justum
2535 4052 2780 4122 judicent
2824 4063 3044 4124 propter
3081 4054 3241 4124 impia
3288 4056 3377 4109 illa
3419 4056 3604 4121 verba,

2030 4159 2151 4213 qua:
2183 4139 2445 4198 adverSns
2477 4154 2528 4199 te
2559 4145 2723 4199 miser
2756 4146 2974 4215 protuli.
2996 4145 3088 4200 Vae
3115 4147 3244 4201 Ario
3272 4157 3326 4200 et
3354 4146 3473 4217 ejus
3505 4148 3607 4201 im-

2030 4238 2120 4307 pio
2167 4237 2360 4302 etetui,
2406 4238 2903 4309 blasphemantibus
2943 4239 3204 4295 adversus
3247 4239 3443 4295 Filium
3490 4241 3605 4304 Dei,

2031 4326 2338 4384 dicentibus
2368 4347 2383 4384 :
2412 4327 2538 4383 Erat
2561 4331 2779 4398 quando
2806 4345 2911 4385 non
2940 4338 3080 4395 erat,
3105 4340 3158 4385 et
3186 4333 3328 4400 quod
3355 4341 3605 4386 creatura

2032 4421 2103 4475 sit
2128 4429 2184 4477 et
2210 4435 2362 4490 opus,
2394 4435 2457 4475 ex
2491 4409 2596 4475 alia
2627 4424 2928 4477 substantia
2959 4423 3126 4478 Filius
3157 4423 3250 4478 Dei
3281 4434 3335 4478 et
3365 4424 3607 4494 Spiritus

2035 4523 2284 4577 sanctus;
2316 4523 2373 4567 et
2401 4512 2705 4567 dicentibus
2743 4512 2933 4567 Filium
2969 4514 3058 4568 Dei
3094 4524 3146 4568 et
3183 4514 3444 4584 Spiritum
3481 4533 3608 4572 san-

2034 4615 2182 4661 ctum
2211 4620 2316 4659 non
2346 4620 2466 4660 esse
2494 4604 2734 4671 ejusdem
2765 4607 3103 4673 substantiae,
3132 4608 3285 4676 cujus
3313 4619 3397 4663 est
3426 4607 3606 4662 Pater.

2032 4696 2444 4750 Anatbematizo
2475 4711 2616 4749 nunc
2641 4703 2698 4749 et
2725 4710 2939 4764 setnper
2967 4696 3153 4751 Arium
3183 4708 3236 4751 et
3268 4699 3459 4764 impias
3489 4698 3608 4766 ejus

2034 4785 2336 4855 opiniones,
2365 4795 2422 4840 et
2451 4799 2643 4840 omnes
2673 4801 2794 4838 cum
2825 4799 2890 4838 eo
2917 4786 3240 4849 sententias,
3271 4795 3324 4840 et
3355 4787 3608 4856 blasphe-

2038 4883 2250 4932 mantes
2276 4876 2536 4930 adversus
2563 4877 2775 4931 Patrem
2803 4886 2858 4930 et
2882 4876 3077 4930 Filittm
3107 4886 3160 4931 et
3189 4877 3448 4945 Spiritum
3480 4895 3608 4932 san-

2040 4974 2209 5019 ctum.
2245 4963 2346 5031 Qui
2383 4965 2528 5020 enim
2569 4965 2763 5020 Filium
2809 4981 2916 5020 non
2957 4966 3148 5031 habet,
3187 4981 3358 5034 neque
3399 4967 3608 5022 Patrem

2042 5055 2204 5110 habet
2234 5071 2248 5108 :
2281 5063 2338 5110 et
2365 5055 2456 5124 qui
2492 5064 2677 5109 contra
2711 5055 2910 5110 Filium
2945 5065 3040 5109 aut
3072 5056 3331 5126 Spiritum
3366 5069 3608 5112 sanctum

2041 5147 2468 5216 blasphemavit,
2517 5148 2570 5202 in
2621 5147 2838 5202 Patrem
2894 5147 3308 5216 blasphemavit.
3358 5147 3612 5218 Supplice

2039 5249 2220 5295 autem
2261 5255 2432 5297 saera:
2468 5251 2664 5295 vestrae
2702 5241 3053 5307 senectuti",
3094 5239 3346 5310 adjuvate
3388 5257 3474 5296 me
3517 5258 3610 5310 per

2038 5343 2250 5389 vestras
2301 5334 2368 5389 de
2419 5345 2508 5389 me
2555 5332 2623 5387 ad
2671 5331 2946 5388 Christum
2999 5331 3194 5386 Filium
3247 5332 3338 5388 Dei
3387 5348 3611 5403 preces,

2047 5425 2279 5478 maxime
2301 5439 2424 5478 cum
2440 5422 2552 5491 jam
2576 5424 2910 5478 consentiam
2937 5422 3020 5477 bis
3040 5439 3160 5490 qua:
3181 5439 3208 5476 a
3231 5423 3383 5478 vobis
3404 5423 3468 5493 de
3490 5439 3616 5478 san-

2045 5525 2132 5569 cto
2173 5515 2374 5586 Spiritu
2415 5516 2660 5584 exposita
2697 5525 2752 5569 et
2789 5514 3008 5569 deﬁnita
3049 5524 3176 5568 sunt
3213 5533 3229 5570 :
3266 5524 3321 5570 et
3354 5517 3615 5570 confiteor

2043 5607 2407 5678 867-868
2429 5606 2518 5662 illa
2544 5620 2666 5660 esse
2689 5621 2812 5660 vera
2842 5615 3003 5675 atque
3027 5607 3204 5672 ﬁrma,
3232 5608 3334 5661 hoc
3355 5618 3476 5662 esse
3498 5623 3615 5660 cre-

2047 5702 2212 5766 dens,
2245 5701 2387 5769 quod
2422 5713 2702 5756 sacrorum
2736 5699 2968 5769 scriptor
2999 5699 3196 5755 Paulus
3224 5700 3363 5755 dixit
3399 5720 3408 5752 :
3449 5718 3465 5750 ‹
3507 5699 3616 5768 My-
