4148 6570
578 392 714 465 1295
1457 455 1461 461 ,
1817 384 2085 447 GELASI
2093 383 2120 445 Ι
2159 382 2180 444 (

2278 381 2501 444 ZICENI
3688 374 3824 440 1296

574 510 799 568 sterinm
839 482 1214 562 absconditum
1254 516 1284 556 a
1323 498 1541 557 saeculis
1583 507 1639 554 et
1678 499 2141 568 generationibus,
2174 542 2180 558 ι

2278 496 2562 565 Ινεύματος
2601 490 2871 546 ὲκτεθεῖσι
2912 492 3006 546 καὶ
3048 488 3417 563 ὁριζομένοις·
3451 487 3547 543 καὶ
3576 486 3827 558 ὁμολογῶ

571 600 717 667 quod
758 611 903 651 nunc
948 593 1243 650 revelatum
1281 601 1387 657 est,
1429 600 1488 646 ut
1532 590 1746 655 asserit,
1784 590 1993 644 sanctis
2031 588 2150 657 ejus

2278 589 2425 641 ςαῦτα
2449 586 2629 657 ἀληθῆ
2651 582 2812 647 εἶναι,
2845 586 2941 639 καὶ
2969 584 3187 655 βέϐαια.
3221 583 3392 639 Τοῦτο
3420 581 3531 652 γὰρ
3558 579 3829 635 πιστεύων

574 688 835 763 apostolis
866 697 923 745 et
954 685 1229 758 prophetis
1248 685 1318 749 ’⁸,
1358 702 1380 737 ι
1416 692 1472 739 et
1498 682 1656 739 vobis
1689 680 1740 735 in
1777 678 1979 750 Spiritu
2017 693 2151 734 san-

2282 675 2426 742 ἷναι,
2456 680 2594 749 ὅπερ
2628 679 2656 732 ό
2685 677 3011 750 ἱεροφάντης
3039 672 3162 733 εἶπε
3190 674 3422 737 Παῦλος·
3456 692 3476 727 t
3513 672 3589 727 T6
3623 674 3831 743 μυστή-

575 791 683 848 cto,
708 795 926 851 semper
945 780 1153 835 scilicet
1177 777 1552 839 exsisteutem.
1576 780 1632 829 et
1655 772 1815 828 simul
1839 771 2145 829 subsisten-

2278 788 2369 825 »ιον
2414 770 2477 824 τὸ
2505 769 2992 842 ἀποκεκριμμένον
3024 769 3134 824 ἀπὸ
3166 768 3279 823 τῶν
3319 766 3554 829 αἰώνων,
3603 765 3697 819 καὶ
3724 763 3835 819 ἀπὸ

579 884 709 941 tem,
733 888 797 928 ac
822 878 1227 943 permanentem
1249 883 1373 925 cum
1393 866 1505 927 Deo
1528 875 1585 921 et
1607 863 1769 921 Patre
1793 861 1987 921 Filium
2007 862 2149 933 ejus,

2278 861 2361 915 ῖῶν
2389 861 2614 930 γενεῶν,
2648 860 2679 915 δ
2706 861 2803 917 νῦν
2833 859 3194 931 ἀπεκαλύφθη
3216 899 3233 923 ,
3266 856 3448 921 καθὼς
3473 857 3690 928 εἴρηται
3721 857 3833 917 τοῖς

577 976 634 1021 et
664 965 925 1035 Spiritum
951 962 1196 1033 ejusdem
1223 968 1495 1016 sanctum.

2278 953 2432 1022 ιγίοις
2464 952 2631 1008 αὑτοῦ
2662 953 2987 1018 ἀποστόλοις
3008 953 3106 1008 καὶ
3134 952 3476 1022 προφήταις,
3520 965 3541 1000 ι
3584 946 3679 1002 καί⁵
3709 946 3835 1015 ὑμῖν

581 1060 639 1113 ὲν
666 1056 978 1128 Πνεύματι,
1010 1055 1099 1112 ἀεὶ
1145 1055 1275 1109 όντα
1320 1052 1411 1107 καὶ
1485 1049 1898 1121 συνυπάρχοντα
1960 1048 2055 1105 καὶ
2096 1048 2521 1123 σννδιαμένοντα
2548 1049 2629 1121 τῷ
2669 1048 2789 1122 Θεῷ
2819 1050 2914 1104 καὶ
2977 1048 3156 1120 Πατρὶ
3189 1046 3284 1102 τὸν
3346 1046 3473 1101 Υίὸν
3512 1042 3701 1111 αὐτοῦ,
3740 1043 3835 1095 καὶ

579 1150 642 1204 τὸ
670 1150 895 1221 Πνεῦμα
920 1147 1088 1204 αὐτοῦ
1111 1147 1176 1202 τὸ
1201 1146 1383 1215 ἀγιον.

1179 1262 1333 1318 CAP.
1376 1260 1547 1317 XXII.

2838 1260 3091 1316 ΚΕΦΔΛ.
3128 1257 3258 1313 KB’.

582 1384 845 1439 Addentes
868 1380 1037 1436 sancti
1056 1376 1242 1432 Patres
1264 1376 1326 1430 de
1347 1375 1519 1449 fonte,
1536 1374 1712 1439 ﬂuuio,
1738 1383 1967 1449 ct_aqua_,
1994 1371 2156 1428 locuti

2278 1375 2625 1449 προσθέντες
2647 1378 2701 1449 οἱ
2718 1374 2887 1449 arma
2895 1371 3149 1449 Hazépsc
3166 1367 3338 1425 εἶπον
3361 1366 3511 1449 ίτρὸς
3530 1365 3636 1449 τότ
3647 1366 3836 1449 ,φιλό-

671 1436 794 1510 tim
823 1453 894 1506 ad
926 1449 1290 1521 philosophum
1322 1436 1415 1517 per
1440 1436 1740 1517 episcopum
1770 1436 2066 1499 Leontium.

2301 1436 2688 1521 'qogaorjrcpi
2722 1436 2955 1521 πηγῆς,
2979 1436 3103 1521 ’καὶ
3128 1436 3421 1521 ποταμοῦ,
3471 1438 3569 1492 καὶ
3598 1436 3836 1502 ὕδατος,
3894 1464 3897 1465 ν

2330 1511 2429 1573 6ιᾶ
2449 1515 2556 1572 τοῦ
2588 1511 2927 1571 ἐπισκόπου
2956 1511 3263 1568 Λεοντίου.

653 1632 788 1688 Illud
814 1630 1000 1697 etiam,
1028 1627 1201 1684 amice
1226 1626 1566 1698 philosophe,
1591 1598 1735 1695 quod
1769 1633 2019 1694 superest
2047 1623 2155 1678 hu-

2334 1633 2571 1689 Κάκεῖνο
2611 1629 2669 1683 δὲ
2696 1626 2941 1699 νοητέον,
2986 1619 3032 1680 ὦ
3071 1623 3192 1695 φίλε
3213 1622 3399 1677 λοιπὸν
3440 1620 3540 1692 τῆς
3574 1617 3833 1691 ἀληθείας

580 1726 669 1795 jus
690 1723 953 1789 veritatis,
976 1720 1424 1777 considerandum
1451 1729 1555 1774 est.
1578 1717 1802 1773 Fontem
1831 1717 2152 1787 cogitemus,

2278 1726 2539 1797 ριλόσοφε.
2574 1725 2764 1796 Πηγὴν
2796 1724 3076 1795 νοήσωμεν
3106 1720 3385 1791 γεννῶσαν
3419 1717 3664 1789 ποταμὸν
3713 1715 3838 1770 ὓδα-

587 1818 677 1886 qui
711 1816 929 1871 ﬂuvium
961 1828 1116 1883 aqua:
1145 1820 1368 1880 generat
1405 1828 1418 1866 :
1454 1812 1633 1866 omnis
1663 1810 1808 1865 enim
1842 1808 2069 1873 ﬂuvius,
2103 1814 2164 1862 ut

2278 1837 2357 1883 τος
2372 1835 2390 1850 ⁸
2418 1820 2528 1881 πᾶς
2553 1816 2663 1889 γὰρ
2689 1817 2952 1888 ποταμὸς,
2979 1813 3057 1879 ὼς
3083 1811 3259 1877 οἶσθα,
3291 1811 3476 1884 πηγὴν
3510 1810 3625 1882 ἔχει
3648 1810 3843 1880 γεννή-

589 1908 752 1973 nosti,
783 1906 984 1961 fontem
1017 1904 1177 1959 habet
1206 1903 1504 1971 genitorem
1535 1919 1550 1956 :
1579 1902 1704 1956 inde
1734 1901 1977 1971 procedit
2010 1915 2167 1972 aqua:

589 2001 800 2056 ﬂuvius.
838 1998 944 2054 Sed
978 2010 1137 2052 nemo
1179 1994 1399 2050 ﬂuvium
1445 1994 1681 2065 appellat
1714 1993 1951 2059 fontem,
1988 2006 2166 2063 neque

590 2094 790 2147 fontem
819 2088 1034 2142 ﬂuviqu
1064 2104 1080 2141 :
1106 2086 1199 2141 sed
1229 2084 1371 2151 fons,
1398 2083 1521 2139 fons
1547 2083 1870 2154 appellatur,
1895 2092 1948 2140 et
1974 2082 2166 2139 ﬂuvius

590 2185 802 2247 ﬂuvius,
834 2191 889 2237 et
923 2191 1210 2248 utrumque
1242 2192 1385 2246 aqua
1420 2191 1549 2230 una.
1582 2176 1808 2241 Quando
1841 2185 2021 2230 autem
2058 2174 2169 2229 vult

590 2275 855 2348 quispiam
894 2286 927 2327 e
964 2270 1112 2326 fonte
1148 2269 1232 2325 vel
1271 2268 1434 2323 ﬂuvio
1470 2283 1666 2339 aquam
1710 2267 1960 2335 haurire,
1998 2276 2168 2323 mutat

594 2363 1087 2429 nomenclaturam;
1124 2374 1229 2415 non
1261 2360 1404 2416 enim
1432 2360 1563 2415 dicit
1591 2357 1794 2424 :Vade,
1816 2358 2167 2431 progrediens

594 2460 814 2514 haurias
837 2468 887 2511 et
910 2455 1054 2510 feras
1074 2452 1203 2507 mihi
1225 2450 1429 2507 fontem
1452 2460 1547 2506 aut
1568 2449 1812 2516 ﬂuvium,
1831 2452 1925 2506 sed
1948 2465 2167 2522 aquam,

592 2561 645 2607 ct
674 2565 779 2604 una
810 2547 1029 2619 quidem
1058 2554 1284 2609 natura,
1314 2553 1425 2600 tres
1451 2551 1629 2598 autem
1658 2557 1902 2612 personte
1929 2542 2171 2598 dicende

592 2650 741 2705 sunt,
769 2641 911 2706 fons,
939 2637 1150 2698 ﬂuvius.
1177 2645 1233 2691 et
1258 2650 1420 2706 aqua.
1451 2635 1558 2690 Sed
1587 2643 1645 2690 et
1672 2634 1855 2689 divina
1886 2633 2167 2704 Scriptura

592 2734 779 2788 eadem
813 2744 1065 2786 asserens
1097 2728 1455 2783 demonstrat.
1486 2724 1670 2797 Neque
1702 2724 1844 2781 enim
1880 2724 1948 2780 ab
1978 2724 2169 2781 eadem

592 2825 770 2880 aliena
794 2838 892 2878 nos
917 2822 1011 2876 tibi
1038 2819 1328 2890 loquimur,
1353 2833 1386 2874 ο
1409 2817 1646 2889 legitime
1669 2817 1721 2871 iu
1746 2825 2021 2887 posterum
2045 2831 2173 2886 gra-

595 2921 684 2972 tize
713 2915 809 2983 ﬂli,
867 2912 1115 2984 quamvis
1143 2911 1199 2966 in
1229 2908 1695 2973 similitudinibus,
1727 2910 1868 2979 typis
1892 2918 1946 2963 et
1976 2907 2171 2979 imagi-

597 3007 753 3063 nibus
785 3018 1090 3060 sermonem
1127 3000 1374 3057 veritatis
1406 3012 1747 3055 enarramus.
1782 2997 1877 3053 Ait
1908 2998 2074 3069 igitur
2107 3000 2173 3054 de

2265 1924 2475 1979 τειρανο
2505 1901 2624 1961 εἶτα
2662 1906 2990 1978 προέρχεται
3023 1904 3122 1974 μὲν
3161 1904 3191 1956 6
3230 1902 3473 1974 ποταμὸς
3502 1900 3597 1955 τοῦ
3626 1899 3839 1963 ὓδατος.

2279 2000 2417 2053 Ἀλλ’
2447 1999 2626 2066 οὐθεὶς
2657 1998 2813 2054 καλεῖ
2834 1998 2926 2052 τδν
2956 1995 3200 2068 ποταμὸν
3233 1995 3439 2067 πηγὴν,
3462 1994 3497 2063 ἦ
3526 1993 3625 2065 τὴν
3661 1992 3844 2064 πηγὴν

2268 2093 2532 2163 ποταμόν·
2557 2090 2673 2145 ἀλλ’
2694 2092 2728 2162 ή
2763 2090 2915 2161 πηγὴ
2939 2088 3091 2159 πηγὴ
3118 2087 3388 2150 καλεῖται,
3420 2085 3516 2140 καὶ
3540 2084 3569 2137 6
3600 2082 3846 2153 ποταμδς

2268 2183 2515 2255 ποταμός
2543 2198 2557 2211 ⁸
2589 2181 2682 2237 καὶ
2712 2181 2996 2252 ἀμφότερα
3025 2178 3084 2232 ἓν
3113 2178 3277 2249 ὕδωρ.
3327 2177 3497 2231 Ἐπάν
3522 2175 3580 2230 δέ
3610 2193 3695 2239 τις
3727 2173 3847 2227 ἐθέ-

2266 2279 2349 2330 λοι
2378 2274 2687 2348 ἀρύσασθαι
2729 2274 2796 2326 ὲκ
2827 2271 2920 2327 τοῦ
2952 2269 3198 2341 ποταμοῦ
3245 2270 3278 2342 ἢ
3318 2269 3417 2339 τῆς
3455 2267 3643 2339 πηγῆς
3682 2266 3846 2336 ὕδωρ,

2272 2366 2595 2440 μεταϐάλλει
2624 2365 2724 2437 τὴν
2747 2362 3138 2438 προσηγορίαν.
3156 2362 3271 2416 Οὐκ
3296 2362 3413 2434 ὲρεῖ
3436 2360 3566 2431 γὰρ,
3584 2357 3847 2421 Ἀπελθε,

2269 2455 2561 2528 πορευθεὶς
2590 2453 2877 2524 ἀντλησον,
2914 2452 3010 2507 καῖ
3040 2452 3172 2523 φέρε
3206 2469 3297 2523 μοι
3323 2451 3423 2522 τὴν
3448 2451 3655 2523 πηγὴν,
3689 2449 3723 2519 ἢ
3757 2448 3851 2501 τὸν

2268 2546 2538 2618 ποταμὸν,
2577 2547 2694 2601 ἀλλ’
2722 2545 2887 2617 ὕδωρ.
2916 2546 3025 2599 Kal.
3062 2544 3161 2617 μία
3196 2544 3297 2614 μὲν
3335 2545 3369 2615 ή
3405 2541 3567 2612 φύσις
3588 2582 3604 2605 ,
3636 2539 3763 2610 τρία
3791 2539 3850 2593 δὲ

2270 2639 2541 2710 πρόσωπα
2582 2636 2805 2701 λεκτέα,
2836 2636 3023 2708 πηγὴ,
3052 2633 3315 2704 ποταμὶς,
3350 2631 3514 2703 ὕδωρ.
3562 2629 3725 2684 Ἀλλά
3754 2628 3853 2682 καὶ

2270 2728 2462 2806 ἠνθεία
2504 2727 2699 2801 Γραφὴ
2749 2726 2927 2781 ταῦτα
2976 2724 3256 2797 φράζουσα
3301 2722 3609 2776 δείκνυται·
3644 2720 3705 2773 ού
3738 2718 3849 2789 γὰρ

2270 2821 2524 2893 ἀλλότρια
2552 2819 2759 2892 ταύτης
2789 2820 2952 2890 ἡμεῖς
2984 2835 3068 2871 σοι
3098 2814 3469 2887 φθεγγόμεθα,
3493 2815 3716 2884 γνήσιον
3743 2812 3853 2865 λοε-

2272 2914 2372 2968 πθιν
2400 2912 2592 2967 τέκνον
2627 2913 2727 2984 τῆς
2756 2912 2979 2982 χάριτος
3004 2928 3017 2942 ·
3050 2912 3098 2963 εί
3129 2910 3225 2963 καὶ
3259 2908 3335 2973 ὡς
3367 2909 3426 2961 ὲν
3450 2905 3850 2977 ὑποδείγμασι,

2273 3008 2368 3063 καὶ
2404 3006 2621 3071 τύποις,
2670 3004 2768 3059 καὶ
2795 3004 2969 3059 εἰκόσι
2995 3003 3095 3073 τῆς
3126 3001 3384 3073 ἀληθείας
3410 2999 3504 3054 τὸν
3537 2999 3695 3068 λόγον
3733 2998 3851 3050 είσ-

598 3098 733 3157 Filio
751 3096 932 3152 divina
953 3094 1271 3164 Scriptura:
1302 3111 1321 3145 ι
1347 3091 1551 3148 lnclino
1586 3091 1640 3147 in
1666 3105 1760 3149 eos
1791 3092 1946 3162 quasi
1977 3090 2171 3147 ﬂuvius

2278 3101 2625 3175 ηγησάμεθα.
2646 3100 2810 3169 Λέγει
2835 3094 2929 3155 οῦν
2959 3097 3086 3170 περὶ
3109 3096 3206 3150 τοῦ
3233 3094 3365 3149 Υίοῦ
3392 3097 3426 3165 ή
3466 3092 3585 3148 θεία
3614 3092 3848 3164 Γραφήηο

598 3189 862 3262 pacis’°':
898 3205 918 3241 ι
945 3187 1225 3259 egrediens
1277 3185 1527 3241 videlicet
1558 3200 1623 3241 ex
1671 3200 1795 3240 vero
1842 3184 1965 3240 vita:
2002 3185 2172 3251 fonte,

600 3285 777 3342 Patris
805 3282 1110 3351 divinitate,
1143 3290 1200 3335 ut
1230 3280 1344 3351 ipse
1369 3282 1628 3336 Dominus
1658 3282 1711 3337 iu
1739 3280 2033 3351 Evangelio
2060 3280 2173 3336 cla-

600 3392 745 3436 mat:
774 3396 794 3431 ι
826 3376 937 3448 Ego
960 3392 990 3431 a
1016 3376 1176 3431 Patre
1197 3374 1363 3443 exivi,
1384 3384 1440 3429 et
1460 3375 1620 3432 venio
1638 3377 1683 3409 “
1712 3391 1728 3430 :
1759 3394 1780 3429 ›
1807 3384 1862 3432 et
1887 3374 2033 3445 quod
2063 3374 2177 3445 ipse

598 3469 941 3541 apertissime
969 3467 1105 3522 dixit
1134 3484 1149 3521 :
1183 3484 1202 3517 ι
1236 3464 1350 3537 Ego
1375 3476 1432 3521 et
1457 3465 1620 3523 Pater
1642 3482 1806 3529 unum
1838 3482 2027 3527 sumus
2047 3467 2115 3531 “,
2150 3484 2170 3520 ι

597 3575 654 3624 et
690 3563 818 3618 illud
856 3579 870 3616 :
914 3578 935 3613 ι
976 3559 1091 3628 Ego
1127 3559 1180 3615 in
1216 3559 1404 3625 Patre,
1438 3568 1494 3615 et
1529 3557 1690 3614 Pater
1721 3560 1776 3615 in
1812 3575 1901 3617 me
1924 3561 1970 3593 ⁸³
2004 3577 2020 3617 :
2062 3578 2083 3614 ι
2122 3570 2179 3617 et

600 3651 744 3724 quod
776 3649 1037 3722 Spiritum
1068 3658 1316 3705 sanctum
1346 3664 1415 3706 ex
1444 3650 1564 3720 ipso
1595 3650 1789 3707 ﬂdeles‘
1810 3665 2003 3708 omnes
2031 3653 2177 3709 acci—

599 3745 798 3816 pimus,
826 3743 918 3814 qui
948 3741 1192 3814 ejusdem
1223 3742 1539 3798 substantiae
1565 3750 1648 3799 est
1674 3742 1829 3814 cujus
1854 3753 1907 3799 et
1936 3743 2098 3800 Pater
2124 3754 2179 3801 et

601 3836 797 3903 Filius,
834 3835 1133 3905 procedens
1179 3847 1211 3887 a
1256 3832 1436 3899 Patre,
1477 3835 1731 3904 proprius
1767 3849 1895 3891 vero
1935 3834 2081 3901 Filii,
2122 3845 2180 3890 ut

600 3928 852 3998 superius
877 3926 1233 3995 ostendimus.
1262 3923 1419 3991 Quod
1448 3934 1632 3980 autem
1664 3926 1735 3981 ab
1766 3927 1883 3997 ipso
1913 3927 2071 3983 nobis
2100 3925 2182 3982 ef-

604 4020 878 4085 luudatur,
903 4019 1209 4073 clarissime
1235 4019 1287 4072 in
1313 4018 1621 4089 Evangeliis
1646 4020 1829 4075 docuit
1856 4020 1969 4091 ipse
1997 4021 2180 4076 Domi-

605 4125 729 4173 nus,
753 4109 938 4164 dicens
965 4125 982 4164 :
1018 4127 1037 4161 ι
1073 4106 1131 4163 Si
1160 4109 1284 4178 quis
1310 4109 1449 4175 sitit,
1472 4111 1653 4164 veniat
1677 4112 1743 4166 ad
1774 4114 1883 4179 me,
1909 4121 1963 4166 et
1988 4111 2136 4168 bibat
2161 4130 2177 4168 ε

605 4202 698 4271 qui
730 4200 903 4256 credit
932 4200 987 4255 in
1020 4215 1125 4267 me,
1158 4210 1217 4255 ut
1251 4200 1530 4271 Scriptura
1568 4210 1820 4271 testatur,
1853 4203 2091 4259 ﬂumina.
2113 4204 2182 4262 de

606 4301 793 4349 ventre
818 4291 933 4360 ejus
956 4291 1124 4348 ﬂuent
1147 4308 1301 4363 aqua:
1322 4294 1457 4349 vivae
1475 4295 1544 4349 “.
1575 4313 1595 4347 ι
1622 4294 1827 4363 Quibus
1849 4298 2181 4369 evangelista

608 4385 865 4440 divinitus
887 4384 1207 4455 inspiratus,
1230 4383 1432 4439 dictum
1454 4385 1845 4456 interpretans,
1867 4389 2140 4445 subinfert
2163 4407 2180 4445 :

2281 3216 2301 3249 ι
2339 3195 2557 3261 Κλίνω,
2579 3195 2770 3265 φησὶν,
2801 3193 2889 3246 ἐπ’
2929 3191 3130 3252 αὐτοὺς
3154 3188 3231 3253 ὡς
3272 3188 3517 3258 ποταμὸς
3545 3186 3792 3257 εἰρήνης’
3824 3202 3845 3236 s

2274 3286 2708 3360 ἐκπορευόμενος
2748 3283 2991 3356 δηλονότι
3034 3284 3099 3336 ὲκ
3125 3282 3226 3350 τῆς
3266 3279 3502 3350 ἀληθοῦς
3533 3278 3719 3350 πηγῆς
3748 3274 3851 3347 τῆς

2276 3379 2421 3451 ζωῆς
2439 3421 2455 3445 ,
2481 3378 2580 3449 τῆς
2600 3377 2696 3431 τοῦ
2728 3376 2940 3449 Πατρδς
2969 3371 3408 3446 θεότητος,καθά
3431 3387 3596 3442 φημι,
3628 3368 3789 3431 αὐτὸς
3823 3370 3855 3422 6

2276 3476 2483 3548 Κύριος
2526 3475 2583 3528 ὲν
2612 3472 2966 3542 Εύαγγελίοις
2999 3470 3098 3542 βοᾷ
3124 3486 3140 3501 ·
3177 3488 3195 3523 ι
3242 3466 3384 3537 Ἐγὼ
3412 3468 3478 3521 ἐκ
3514 3464 3611 3520 τοῦ
3638 3463 3855 3535 Πατρδς

2274 3569 2521 3641 ἐξῆλθον,
2548 3568 2647 3622 καὶ⁸
2673 3568 2816 3639 ἥκω.
2849 3585 2870 3619 ι
2901 3566 3141 3620 Κάκεϊνο
3161 3562 3219 3617 δὲ
3238 3563 3381 3634 ὅπερ
3398 3560 3507 3631 ἔφη
3529 3558 3852 3612 λευκόταταο

2281 3682 2302 3718 ι
2345 3660 2489 3733 Ἐγὼ
2512 3662 2607 3715 καὶ
2626 3664 2655 3715 ὁ
2676 3660 2865 3732 Πατὴρ
2887 3659 2946 3712 ἓν
2967 3659 3159 3729 ἐσμεν.
3177 3676 3196 3710 ι
3230 3655 3341 3710 Καὶ
3364 3654 3448 3720 τὸ,
3462 3672 3483 3706 s
3522 3652 3665 3721 Ἐγὼ
3691 3652 3751 3705 ὲν
3776 3648 3857 3719 τῷ

2277 3754 2473 3826 Πατρὶ,
2510 3753 2604 3806 καὶ
2629 3752 2658 3805 ό
2686 3751 2877 3822 Πατὴρ
2914 3749 2973 3802 ὲν
3000 3748 3145 3819 ἐμοί’
3185 3765 3205 3800 ι
3239 3743 3335 3801 καὶ
3360 3744 3422 3800 τὸ
3450 3741 3680 3815 Πνεῦμα
3708 3741 3767 3795 δὲ
3792 3739 3857 3793 τὸ

2278 3847 2435 3915 ἅγιον
2474 3846 2557 3898 ὅτι
2589 3843 2649 3909 ἐξ
2674 3840 2839 3895 αὑτοῦ
2886 3840 3239 3911 λαμϐάνομεν
3267 3839 3509 3900 ἀπαντες
3543 3836 3594 3890 oi
3633 3832 3856 3895 πιστοὶ,

2276 3938 2378 4010 τῆς
2405 3937 2574 4007 αὐτῆς
2596 3935 2656 3989 δν
2680 3934 2891 3999 οὐσίας,
2913 3928 2983 4004 ἦς
3003 3935 3033 3988 6
3061 3932 3248 4003 Πατὴρ
3274 3930 3369 3985 καὶ
3395 3929 3545 3994 Υίδς,
3569 3924 3859 3998 ἐκπορευό-

2281 4044 2443 4100 μενον
2468 4027 2568 4098 μὲν
2607 4026 2675 4079 ὲκ
2699 4024 2793 4079 τοῦ
2826 4024 3061 4095 Πατρὸς,
3094 4022 3222 4078 ῐδιον
3247 4022 3305 4076 δὲ
3332 4023 3392 4075 ὃν
3418 4022 3515 4074 τοῦ
3540 4018 3693 4082 Υίοῦ,
3724 4017 3859 4071 καθ-

2277 4119 2424 4189 άπερ
2465 4117 2727 4190 ἀνωτέρω
2769 4116 3152 4187 ἀπεδείξαμεν.
3187 4115 3309 4168 Ὀτι
3340 4113 3397 4167 δὲ
3426 4112 3486 4177 ἐξ
3526 4110 3690 4165 αὑτοῦ
3722 4111 3858 4179 ἡμῖν

2280 4209 2580 4276 ἀναϐλύζον
2608 4211 2760 4274 ἐστὶ,
2793 4211 3110 4279 σαφέστατα
3138 4209 3198 4260 ὲν
3231 4203 3584 4274 Εὑαγγελίοις
3620 4201 3858 4265 ἐδίδαξεν

2279 4303 2443 4368 αὐτὸς
2470 4305 2501 4358 6
2542 4302 2748 4374 Κύριος
2790 4301 2980 4356 εἰπών·
3029 4320 3049 4354 ι
3107 4296 3235 4354 Ἐάν
3270 4317 3358 4362 τις
3400 4297 3564 4368 διψᾷ,
3616 4293 3860 4366 ἐρχέσθω

2281 4395 2420 4466 πρὸς
2452 4394 2522 4466 μὲ
2542 4433 2559 4459 ,
2589 4395 2687 4448 καὶ⁸
2728 4394 2932 4447 πινέτω
2955 4410 2971 4425 ·
3015 4393 3044 4446 6
3084 4390 3356 4445 πιστεύων
3384 4391 3465 4452 είς
3494 4389 3596 4458 ἐμὲ
3620 4426 3634 4450 ,
3676 4383 3859 4448 καθὼς

614 4495 634 4529 ι
668 4475 781 4531 Hoc
809 4487 992 4531 autem
1019 4474 1157 4530 dixit
1182 4475 1248 4530 de
1273 4473 1501 4543 Spiritu,
1525 4491 1685 4546 quem
1715 4467 1994 4547 accepturi
2023 4488 2180 4535 erant

2281 4485 2438 4542 εἶπεν
2468 4490 2501 4557 ἡ
2537 4486 2765 4558 Γραφὴ,
2799 4485 3038 4559 ποταμοὶ
3071 4485 3138 4539 ὲκ
3162 4484 3261 4555 τῆς
3290 4483 3499 4546 κοιλίας
3528 4479 3693 4534 αὐτοῦ
3731 4478 3860 4549 ῥεύ-

611 4571 897 4627 credeutes
921 4570 974 4625 in
999 4568 1205 4625 eum".
1237 4587 1257 4621 ι
1286 4568 1349 4624 Ει
1376 4569 1639 4639 propheta
1670 4570 1837 4626 David
1863 4572 1929 4627 de
1954 4572 2057 4628 hoc
2082 4572 2188 4627 nti-

610 4676 716 4732 que
744 4661 894 4718 fonte
922 4660 1073 4727 vitae,
1102 4654 1291 4715 sancta
1327 4661 1606 4730 trinitate,
1634 4661 1757 4719 vide
1785 4663 1914 4733 quid
1943 4663 2142 4720 clamet
2167 4682 2183 4721 :

616 4774 636 4806 ι
673 4754 825 4825 Apud
851 4761 905 4808 te
931 4762 1017 4808 est
1046 4752 1169 4809 fons
1192 4754 1338 4818 vitae,
1364 4762 1420 4808 et
1449 4756 1504 4809 in
1535 4754 1738 4811 lumine
1767 4764 1857 4813 tuo
1882 4756 2191 4813 videbimus

608 4848 796 4903 lumen
819 4846 900 4915 “;
931 4865 950 4899 ι
984 4844 1191 4901 fontem
1216 4847 1340 4901 vita:
1367 4846 1534 4902 Deum
1560 4856 1617 4903 et
1635 4846 1856 4904 Patrem
1884 4848 2185 4921 appellans,

566 4973 579 4991 κ
611 4942 678 4994 ad
701 4939 897 4994 Filium
917 4952 1047 4993 vero
1064 4937 1301 5009 loquens
1320 4956 1335 4994 :
1354 4939 1400 4995 si
1421 4938 1639 5009 quidem
1660 4938 1820 4996 Pater
1840 4951 1924 4996 est
1945 4942 2007 4997 iu
2022 4940 2181 5009 Filio,

612 5042 667 5087 et
696 5030 866 5086 Filius
897 5031 950 5086 in
988 5029 1148 5086 Patre
1179 5047 1194 5084 :
1229 5029 1407 5085 lumen
1439 5039 1619 5087 autem
1653 5032 1825 5101 ipsum
1856 5029 2051 5086 Filium
2083 5046 2183 5086 no-

613 5124 804 5187 tuinat,
830 5125 884 5179 in
908 5137 1015 5192 quo
1039 5122 1241 5178 lumine
1266 5132 1497 5178 testatur
1514 5123 1803 5179 videndum
1828 5139 1949 5180 esse
1973 5125 2178 5190 lumen,

614 5217 877 5287 Spiritum
907 5226 1155 5271 sanctum
1185 5233 1200 5270 :
1235 5233 1253 5268 ι
1290 5214 1346 5270 lu
1379 5216 1603 5280 lumine,
1630 5216 1827 5286 inquit,
1859 5226 1950 5272 tuo
1978 5218 2187 5273 videbi-

602 5322 737 5373 mus
772 5307 974 5363 lumen.
1019 5326 1039 5361 ι
1076 5306 1220 5363 Fons
1252 5307 1397 5364 enim
1430 5308 1554 5364 vita:
1589 5324 1654 5364 ac
1687 5309 1908 5365 luminis
1946 5325 2070 5365 vere
2106 5320 2192 5366 est

619 5397 779 5453 Pater
816 5415 830 5452 :
875 5397 1055 5452 lumen
1092 5398 1255 5453 etiam
1294 5407 1379 5455 est
1414 5397 1583 5454 Filius
1620 5414 1686 5454 ex
1726 5398 1890 5455 Patre
1930 5399 2134 5455 lumine
2170 5419 2185 5455 :

506 5566 510 5570 Δ
619 5490 798 5544 lumen
825 5488 991 5547 etiam
1017 5497 1099 5544 est
1130 5486 1366 5559 Spiritus
1395 5500 1619 5547 sanctus
1648 5506 1715 5546 es
1743 5490 1933 5561 eodem
1965 5491 2187 5547 lumine.

619 5580 931 5653 Siquidem,
958 5590 1017 5636 ut
1046 5581 1201 5637 nobis
1232 5596 1373 5653 saepe
1401 5583 1689 5665 dicendum
1720 5593 1831 5647 est,
1861 5600 1966 5639 una
1994 5593 2079 5639 est
2107 5585 2189 5640 di-

672 5764 719 5795 “
748 5763 954 5817 Coloss.
989 5779 1026 5826 ι,
1049 5762 1138 5817 26.
1226 5764 1292 5797 ¹⁰⁶
1326 5766 1433 5821 Isa.
1468 5780 1617 5829 vat,
1653 5766 1738 5818 Η.
1807 5766 1849 5797 ¹¹
1876 5765 2032 5822 Joau.
2070 5782 2187 5832 vm,
2217 5766 2306 5821 42.

619 5836 711 5899 '57,
738 5833 828 5889 38.
892 5836 935 5867 ³⁵
970 5835 1098 5890 ibid.
1128 5835 1216 5892 '59.
1295 5836 1339 5867 "
1368 5836 1511 5891 Psal.
1549 5851 1710 5900 xxxv,
1741 5835 1823 5890 10.

2285 4597 2438 4635 σουσι
2466 4579 2660 4644 ὓδατος
2700 4578 2924 4644 ζῶντος.
2970 4596 2991 4632 ι
3048 4572 3144 4641 Οἷς
3178 4579 3207 4631 ό
3247 4572 3636 4644 εὐαγγελιστὴς
3673 4570 3859 4625 θεόθεν

2282 4671 2665 4745 ἑμπνευσθεὶς,
2695 4670 2756 4725 τὸ
2796 4670 2962 4744 ῥηθὲν
2990 4667 3332 4741 ἑρμηνεύων,
3360 4664 3614 4737 ἐπιφέρει
3642 4663 3816 4729 λέγων
3840 4677 3854 4692 ο

2290 4781 2309 4814 ι
2347 4761 2517 4815 Τοῦτο
2546 4761 2603 4816 δὲ
2636 4760 2788 4833 ἔλεγε
2839 4760 2968 4831 περὶ
3010 4759 3106 4812 τοῦ
3153 4757 3471 4828 Πνεύματος
3514 4750 3576 4811 οὗ
3621 4753 3858 4827 ἤμελλον

2283 4852 2582 4926 λαμϐάνειν
2611 4855 2661 4907 οί
2690 4852 3040 4916 πιστεύοντες
3072 4854 3152 4916 είς
3181 4850 3365 4906 αὐτόν.
3402 4868 3423 4902 s
3452 4850 3565 4905 Καὶ
3592 4851 3621 4902 δ
3645 4838 3881 4918 προηγῇ-ἶ

2286 4962 2388 5018 της
2407 4946 2466 5000 δὲ
2493 4945 2657 5000 Δαϐιδ
2676 4946 2779 5016 δρα
2798 4945 2854 4998 τί
2876 4945 3002 5017 περὶ
3023 4943 3228 5015 ταύτης
3250 4943 3352 5016 τῆς
3370 4942 3554 5013 πηγῆς
3574 4941 3672 5011 τῆς
3692 4939 3858 5000 δντως

2282 5035 2434 5107 ζωῆς
2454 5053 2469 5068 ·
2499 5037 2597 5108 τῆς
2622 5036 2783 5106 ἀγίας
2805 5037 3034 5106 Τριάδος
3064 5036 3191 5108 βοᾷ,
3221 5036 3304 5090 ὅτι
3341 5054 3360 5087 ι
3396 5035 3555 5105 Παρά
3598 5033 3683 5085 σοὶ
3710 5031 3858 5101 πηγὴ

2288 5126 2455 5199 ζωῆς,
2483 5129 2541 5182 ὲν
2576 5127 2656 5199 τῷ
2685 5130 2823 5198 φωτί
2855 5147 2949 5183 σου
2975 5128 3220 5201 ὀψόμεθα
3246 5129 3362 5200 φῶς
3385 5145 3399 5159 ·
3437 5145 3459 5181 ι
3502 5125 3688 5197 πηγὴν
3716 5123 3857 5193 ζωῆς

2287 5219 2381 5273 τὸν
2406 5219 2540 5275 Θεδν
2562 5221 2657 5274 καὶ
2680 5222 2904 5293 Πατέρα
2922 5222 3124 5277 καλῶν.
3153 5222 3294 5292 Πρὸς
3318 5221 3409 5274 τὸν
3433 5220 3563 5273 Υίὸν
3587 5217 3644 5271 δὲ
3665 5216 3857 5285 λέγων,

2287 5310 2522 5382 ἐπείπερ
2542 5312 2572 5364 6
2594 5311 2785 5384 Πατὴρ
2813 5314 2873 5365 ὲν
2897 5311 2974 5383 τῷ
2995 5313 3131 5384 Υίῷ,
3160 5314 3257 5368 καὶ
3280 5314 3310 5367 ό
3332 5312 3459 5375 Υἱὸς
3476 5312 3534 5364 ἐν
3560 5309 3637 5380 τῷ
3661 5307 3855 5379 Πατρί·

2289 5401 2407 5471 φῶς
2431 5402 2489 5456 δὲ
2509 5403 2602 5457 τὸν
2628 5402 2758 5457 Υίδν
2784 5405 3136 5477 ὑπαγορεύει,
3164 5406 3221 5459 ἐν
3308 5404 3445 5475 φωτὶ
3462 5403 3610 5472 λέγει
3632 5399 3858 5472 ὄψεσθαι

2290 5492 2428 5562 φῶς,
2456 5495 2521 5549 τδ
2548 5494 2773 5566 Πνεῦμα
2794 5496 2857 5550 τὸ
2898 5497 3073 5566 ἅγιον.
3120 5516 3139 5549 ι
3188 5499 3283 5552 Ἐν
3306 5499 3416 5570 γὰρ
3449 5496 3528 5568 τῷ
3566 5496 3704 5567 φωτί
3730 5511 3860 5561 σου,

2292 5588 2478 5657 φησιν,
2508 5587 2751 5660 ὀψόμεθα
2790 5591 2907 5660 φῶς
2934 5606 2949 5622 ·
2990 5610 3009 5643 ι
3042 5593 3194 5663 πηγὴ
3236 5595 3348 5663 γὰρ
3378 5592 3546 5655 δντως
3574 5591 3672 5661 τῆς
3716 5587 3861 5659 ζωῆς

2388 5771 2430 5801 ²¹
2460 5767 2616 5823 Joan.
2652 5786 2705 5837 ι,
2735 5772 2825 5828 50.
2904 5775 2951 5807 ⁸³
2978 5772 3133 5831 Jottu.
3167 5790 3278 5841 xw,
3315 5774 3402 5831 10.
3483 5776 3529 5808 ’⁸
3553 5776 3714 5836 Joan.
3764 5794 3859 5845 vn,
