4148 6574
323 464 456 527 1297

1201 470 1567 532 HISTORIA
1604 466 1936 533 CONCILII
1976 470 2257 534 NIC/ENI
2320 499 2389 509 -·
2428 475 2574 535 LIB.
2616 474 2698 535 ῘΙ.

3374 418 3378 422 6
3438 472 3572 541 1298

320 578 415 633 καὶ
448 578 626 648 φωτὸς
654 580 684 634 6
711 580 904 653 Πατήρ
923 599 938 613 ·
967 583 1084 650 φῶς
1111 585 1207 638 καὶ
1244 586 1272 637 6
1303 586 1428 650 Υίὺς
1448 626 1463 653 ,
1494 588 1559 641 ἐκ
1586 588 1763 656 φωτὸς
1798 588 1893 642 τοῦ

2000 588 2194 645 vinitas
2221 590 2400 645 Patris
2427 597 2482 644 et
2508 588 2629 644 Filii
2662 594 2718 643 et
2745 587 2979 658 Spiritus
3004 590 3203 658 sancti,
3228 599 3285 645 ut
3314 591 3429 661 ipse
3456 594 3573 677 cla-

323 667 556 739 Ιιατρός·
587 668 704 738 φῶς
736 671 919 725 καὶτὸ
949 672 1174 744 Πνεῦμα
1201 674 1265 728 τὸ
1302 674 1460 744 ἅγιον
1500 677 1558 743 ἐξ
1600 678 1767 731 αὐτοῦ
1796 679 1892 734 τοῦ

322 760 518 829 φωτός.
583 759 843 834 Ἑτέείπερ
867 801 883 826 ,
928 763 1005 827 ὡς
1046 765 1305 829 πολλάκις
1358 767 1489 837 ἡμῖν
1522 768 1763 834 λεκτέον,
1799 769 1896 840 μία

322 850 512 919 θεότης
541 851 635 905 τοῦ
668 855 878 926 Πατρδς
903 856 999 909 καὶ
1023 855 1119 909 τοῦ
1146 857 1277 911 Υἱοῢ
1300 859 1396 912 καὶ⁹
1418 859 1513 912 τοῦ
1543 861 1702 929 ἁγίου
1728 859 1896 913 Ilvati-

324 958 516 1011 ματος,
549 943 691 998 καθά
719 946 879 1009 αὐτὸς
908 947 1006 1017 βοᾷ
1030 947 1118 1001 διὰ
1146 948 1254 1003 τῶν
1287 951 1643 1022 προφητικῶν
1681 952 1854 1021 λόγων
1877 968 1891 983 ·

327 1050 345 1082 ι
390 1031 532 1099 Ἐγὼ
561 1034 677 1103 είμι
707 1033 862 1097 Θεὸς,
892 1036 993 1089 οὐκ
1040 1034 1188 1091 ἔστιν
1211 1037 1369 1101 ἄλλος
1395 1053 1408 1067 ·
1459 1039 1555 1093 καὶ
1603 1039 1716 1109 ἐγὼ
1759 1040 1896 1105 Θεὸς

323 1122 567 1193 πρῶτος,
616 1126 711 1180 καὶ
758 1126 870 1194 ἐγὼ
905 1126 1043 1196 μετά
1075 1127 1282 1193 ταῦτα,
1330 1130 1426 1184 καὶ
1463 1132 1545 1197 είς
1584 1132 1678 1185 τὸν
1726 1132 1897 1186 αίῶνα

322 1213 432 1282 ἐγώ
463 1216 597 1285 είμι.
635 1234 654 1268 ι
687 1216 798 1271 Καὶ
844 1217 1029 1272 πάλιν*
1075 1237 1093 1272 ι
1144 1220 1284 1290 Ἐγώ
1332 1224 1469 1292 είμι,
1522 1222 1616 1275 καὶ⁵
1663 1223 1764 1276 οὐκ
1802 1222 1897 1293 ὴλ-

322 1302 591 1374 λοίωμαι,
667 1307 761 1360 καὶ
828 1309 909 1370 είς
967 1308 1060 1363 τὸν
1109 1310 1285 1365 αίῶνα
1347 1312 1459 1381 ἐγώ
1518 1300 1672 1385 sit“,
1710 1334 1730 1367 ι
1800 1317 1899 1371 καὶ

321 1395 389 1449 τὰ
433 1396 581 1467 ἑξῆς.
642 1398 753 1451 Καὶ
810 1397 953 1453 κατὰ
1011 1400 1083 1455 τὰ
1142 1404 1675 1476 προαποδειχθέντα,
1730 1408 1897 1476 ἀναγ-

325 1488 476 1539 καῖον
504 1489 612 1559 γὰρ
636 1485 790 1559 οἶμαι
836 1491 1199 1572 ἐπαναλαϐεῖν
1238 1494 1339 1560 τὰς
1372 1499 1579 1568 ῥήσεις,
1615 1500 1662 1554 εί
1694 1500 1788 1554 καὶ
1821 1499 1898 1572 μὴ

328 1575 505 1640 πάσας
526 1578 616 1631 διὰ
644 1579 705 1631 τὸ
731 1564 960 1649 πλῆθος,
995 1581 1114 1637 ἀλλ’
1129 1578 1223 1637 οὖν
1245 1586 1344 1650 τὰς
1369 1564 1729 1659 σαφεστέρας,

323 1667 384 1718 τὸ
417 1667 775 1740 βεϐαιοτέραν
797 1671 898 1742 τὴν
934 1673 1193 1729 σύστασιν
1224 1675 1371 1747 ἔχειν
1397 1678 1465 1732 τὰ
1495 1680 1779 1751 εἰρημένα.
1814 1681 1898 1736 Τὰ

323 1752 416 1811 οὖν
443 1759 508 1813 ἐκ
547 1760 815 1831 στόματος
855 1764 1120 1837 Ἱερεμίου
1149 1766 1245 1821 τοῦ
1268 1772 1547 1841 προφήτου
1577 1772 1897 1857 παραθήσο-

1998 690 2107 736 mat
2149 696 2246 751 per
2284 682 2450 736 verba
2494 680 2809 750 praphetica
2857 700 2870 736 :
2920 700 2940 734 ι
2985 680 3098 752 Ego
3141 694 3259 736 sum
3303 682 3475 747 Deus,
3520 692 3575 737 et

1997 787 2101 827 non
2135 774 2229 825 ’ρει
2274 772 2411 826 alius
2449 790 2463 827 :
2500 780 2556 825 et
2590 786 2690 841 ego
2728 772 2937 842 primus
2976 791 2989 827 :
3025 782 3082 828 et
3127 787 3225 844 ego
3268 782 3483 841 postea,
3521 783 3575 829 et

1998 864 2050 919 in
2105 862 2360 919 stecuium
2421 879 2519 933 ego
2549 878 2668 919 sum
2687 864 2766 928 ’7;
2802 882 2820 915 ι
2848 873 2903 919 et
2932 879 3144 919 rursum
3172 882 3186 919 ε
3219 882 3238 917 ι
3272 864 3385 936 Ego
3429 880 3569 929 sum,

1997 965 2053 1011 et
2091 970 2196 1010 non
2273 963 2473 1021 mutor,
2524 964 2579 1009 et
2625 955 2679 1009 in
2727 954 2983 1011 sarculum
3043 970 3143 1026 ego
3206 972 3325 1011 sum
3350 957 3417 1022 ’⁸,
3464 975 3481 1008 ι
3517 968 3570 1009 et

1997 1062 2117 1117 qua:
2165 1056 2482 1116 sequuntur.
2523 1045 2591 1100 Et
2634 1045 2789 1115 juxta
2841 1048 2989 1116 prius
3045 1047 3411 1103 demonstrata
3474 1064 3569 1100 ne.

1998 1140 2293 1195 cessarium
2351 1138 2588 1193 arbitror
2639 1139 2781 1194 dicta
2838 1148 3105 1209 repetere,
3159 1140 3407 1207 quamvis
3464 1154 3571 1193 non

1998 1230 2178 1287 omnia
2211 1237 2431 1300 propter
2475 1226 2896 1293 multitudinem,
2948 1228 3041 1282 sed
3076 1224 3327 1289 clariora,
3389 1236 3447 1281 ut
3480 1228 3571 1279 lir-

1999 1321 2223 1375 tniorem
2287 1318 2522 1373 habeant
2580 1316 2984 1373 consistentiam
3034 1330 3156 1385 qum
3217 1315 3359 1369 dicta
3421 1323 3566 1368 sunt.

1997 1407 2129 1475 Quae
2159 1406 2328 1475 igitur
2354 1412 2600 1461 erantex
2650 1420 2747 1459 ore
2791 1404 3040 1460 Jeremiae
3067 1404 3342 1473 prophetae
3370 1418 3570 1472 propo-

1998 1514 2228 1555 nemus:
2271 1517 2289 1550 ι
2317 1497 2421 1564 Qui
2457 1497 2815 1567 praeparavit,
2845 1497 3042 1567 inquit,
3084 1506 3281 1551 terram
3314 1496 3367 1550 in
3412 1503 3571 1549 arter-

1998 1608 2125 1647 num
2163 1602 2396 1661 tempus,
2451 1602 2504 1645 et
2542 1591 2811 1661 implevit;
2837 1605 2954 1645 eam
3015 1588 3274 1656 iumentis
3336 1587 3571 1655 quadru—

1997 1684 2243 1754 pedibus.
2284 1683 2385 1750 Qui
2423 1684 2586 1738 mittit
2610 1683 2815 1748 lumen,
2862 1692 2916 1738 et
2955 1681 3145 1736 vadit:
3179 1680 3563 1743 vocavitillud,

1996 1784 2053 1831 et
2078 1775 2318 1831 obedivit
2354 1774 2583 1828 timore:
2617 1771 2788 1827 stellae
2809 1770 3203 1841 Splenduerunt
3228 1770 3281 1824 in
3313 1770 3573 1825 custodiis

327 1865 460 1918 μεν·
507 1869 525 1903 ι
569 1852 635 1906 '0
683 1857 1124 1925 κατασκευάσας,
1178 1862 1334 1932 φησὶ,
1381 1861 1481 1933 τὴν
1526 1852 1632 1935 γῆν
1674 1867 1755 1928 είς
1806 1866 1898 1920 τὸν

2000 1866 2133 1931 suis,
2181 1875 2236 1921 et
2259 1864 2703 1921 exsultaverunt:
2758 1871 2963 1918 vocata:
2994 1873 3140 1928 sunt,
3187 1872 3245 1917 et
3276 1861 3568 1916 dixerunt:

324 1940 498 2003 αἰῶνα
531 1944 744 2016 χρόνον,
768 1947 1063 2021 ἐνέπλησεν
1091 1925 1263 2022 αὐτην
1287 1925 1499 2020 κτηνῶν
1526 1925 1891 2027 τετραποδων.
1925 1925 1972 1987 Β
2000 1925 2271 2013 Adsumus
2320 1973 2335 2008 :

334 2030 393 2085 ὐ
425 2034 773 2090 ἀποστέλλων
818 2038 880 2092 τὸ
927 2038 1066 2109 φῶς,
1115 2044 1209 2096 καὶ
1258 2044 1572 2116 πορεύεται,
1632 2049 1895 2105 ἐκάλεσεν

320 2124 476 2188 αὐτὸ,
512 2125 607 2181 καὶ
656 2128 969 2202 ὑπήκουσεν
1019 2134 1170 2205 αὐτῷ
1214 2138 1449 2208 τρόμοι·
1495 2139 1626 2193 οίδέ
1667 2142 1896 2216 ἀστέρες

321 2212 576 2289 ἔλαμψαν
602 2224 661 2275 ὲν
680 2225 801 2288 ταῖς
828 2225 1098 2293 φυλακαῖς
1124 2228 1329 2291 αὐτῶν,
1363 2231 1456 2285 καὶ
1477 2212 1892 2304 ηύφράνθησαν·

321 2307 584 2363 ἐκάλεσεν
617 2312 842 2379 αὐτοὺς,
894 2317 988 2370 καὶ
1038 2312 1233 2372 εἶπαν·
1279 2320 1606 2394 Πάρεσμενο
1648 2323 1895 2396 ἔλαμψαν

325 2396 443 2467 μετ’
470 2398 811 2472 εὐφροσύνης
835 2401 914 2474 τῷ
941 2404 1231 2476 ποιήσαντι
1263 2408 1488 2476 αὐτούς.
1516 2404 1687 2478 Οὗτος
1713 2415 1742 2467 6
1763 2414 1896 2480 Θεὸς

322 2488 501 2558 ἡμῶν,
536 2492 598 2544 οὐ
631 2492 1017 2567 λογισθήσεται
1044 2498 1232 2572 ἕτερος
1263 2503 1401 2571 πρὸς
1434 2504 1615 2557 αὐτόν’
1652 2525 1670 2558 ι
1705 2507 1799 2561 καὶ
1824 2508 1897 2562 τὰ

323 2580 470 2648 ἑξῆς.
507 2581 825 2650 Ἀναγκαῖον
845 2586 960 2649 οὖν,
984 2581 1029 2641 ὧ
1053 2589 1434 2659 θεοφιλέστατε
1457 2595 1738 2665 φιλόσοφε,
1769 2598 1894 2651 ἐπι-

2393 1954 2781 2025 splenduerunt
2808 1969 2929 2009 cum
2982 1952 3347 2009 exsultatione
3373 1950 3565 2005 [actori

2000 2065 2120 2107 suo.
2148 2046 2249 2104 Hic
2283 2048 2425 2103 Deus
2452 2055 2661 2112 noster,
2694 2061 2800 2101 non
2834 2046 3173 2117 reputabitur
3204 2044 3342 2100 alius
3375 2045 3569 2098 adver-

2001 2158 2095 2201 sus
2122 2158 2246 2199 eum
2274 2141 2343 2206 ”,
2379 2161 2399 2194 ι
2459 2149 2514 2195 et
2542 2154 2662 2209 quae
2688 2146 3008 2208 sequuntur.
3057 2136 3436 2193 Necessarium
3474 2134 3573 2204 igi-

2003 2242 2111 2299 tur,
2158 2247 2193 2287 o
2237 2232 2346 2288 Deo
2397 2227 2747 2286 diieCtissime
2793 2225 3132 2297 philosophe,
3185 2227 3289 2280 huc
3331 2223 3570 2278 animum

2003 2326 2306 2388 advertere,
2351 2331 2407 2379 et
2456 2320 2753 2389 Scriptura:
2787 2333 3006 2375 sensum
3056 2315 3283 2388 aperire.
3324 2314 3573 2369 Ostendit

2000 2414 2167 2478 enim,
2200 2422 2258 2467 ut
2286 2422 2339 2468 tu
2377 2414 2491 2481 ipse
2520 2412 2722 2483 pariter
2756 2410 3042 2468 confessus
3068 2424 3150 2474 es,
3191 2409 3260 2462 de
3290 2404 3429 2461 Filio
3457 2406 3570 2459 haec

1999 2504 2143 2559 dicta
2173 2518 2313 2559 esse.
2366 2522 2384 2555 ι
2418 2501 2548 2558 Post
2572 2505 2687 2558 haec
2710 2502 2880 2567 enim,
2916 2501 3114 2570 inquit,
3165 2499 3217 2553 itt
3252 2507 3394 2552 terra
3423 2498 3571 2549 visus

2001 2605 2106 2663 est,
2134 2605 2189 2652 et
2222 2596 2364 2651 inter
2397 2595 2649 2651 homines
2677 2602 3037 2661 conversatus
3060 2598 3145 2645 est
3171 2589 3237 2645 ³ο.
3270 2606 3291 2641 ι
3355 2587 3411 2641 Si
3444 2599 3572 2653 ergo

325 2672 521 2759 στῆσαι
553 2665 655 2727 ὧδε
685 2675 778 2731 τὸν
805 2678 952 2779 νοῦν..
984 2681 1077 2734 καὶ
1107 2682 1411 2750 ἀναπτύξαι
1426 2687 1526 2756 τῆς
1548 2689 1767 2761 Γραφῆς
1797 2689 1895 2762 τὴν

2000 2670 2151 2759 juxta
2188 2688 2406 2757 impiam
2437 2687 2552 2743 Arii
2592 2686 2937 2756 pravitatem,
2964 2682 3069 2737 alia
3095 2681 3310 2753 quidem
3339 2686 3423 2734 est
3449 2673 3569 2779 Filii

323 2754 581 2818 διάνοιαν.
625 2765 833 2831 Ἐδειξε
883 2760 1011 2838 γὰρ,
1047 2770 1192 2826 καθά
1239 2776 1334 2828 καὶ
1376 2754 1535 2840 αὐτὸς
1587 2754 1896 2849 animo.

2000 2754 2306 2833 substantia
2335 2786 2539 2842 creata,
2582 2754 2641 2832 ut
2672 2776 2746 2834 sit
2774 2776 2916 2831 Deus
2945 2775 3105 2830 Patre
3132 2771 3397 2844 posterior
3422 2785 3439 2836 ;
3494 2767 3571 2822 ait

324 2865 517 2917 γησας,
548 2852 630 2906 ὅτι
659 2855 788 2926 περὶ¹
812 2854 910 2909 τοῦ
939 2857 1071 2912 Υἱοῦ
1100 2860 1275 2916 ταῦτα
1299 2864 1640 2935 προείρηται.
1680 2886 1700 2919 ι
1738 2869 1897 2924 Μετά

323 2936 495 2993 ταῦτα
521 2941 649 3011 γὰρ,
696 2945 884 3015 φησὶν,
929 2949 1022 3003 ἐπὶ
1049 2950 1150 3020 τῆς
1182 2952 1285 3023 γῆς
1323 2952 1499 3025 ὤφθη,
1535 2954 1628 3010 καὶ
1664 2960 1779 3022 τοῖς
1804 2960 1895 3012 ἀν-

326 3028 563 3101 θρώποις
612 3039 1047 3113 συνανεστράφη.
1098 3060 1117 3094 ι
1154 3042 1217 3096 Εί
1258 3038 1351 3097 οὖν
1396 3045 1537 3099 κατὰ
1575 3046 1675 3118 τὴν
1719 3048 1892 3120 ἀσεϐῆ

326 3123 632 3196 μοχθηρίαν
677 3129 911 3202 Ἀρείου,
942 3133 1080 3206 ἄλλη
1107 3152 1192 3200 τις
1222 3135 1378 3192 οὐσία
1412 3138 1607 3210 κτιστή
1648 3140 1764 3194 ἐστι
1796 3141 1891 3195 τοῦ

326 3213 457 3268 Υίοῦ
486 3218 581 3270 καὶ
608 3223 1067 3297 μεταγενέστερος
1098 3225 1191 3280 τοῦ
1219 3228 1431 3300 Πατρὸς
1457 3230 1609 3294 Θεός·
1650 3231 1802 3300 λέγει
1836 3234 1893 3287 δὲ

324 3307 453 3376 περὶ
506 3287 672 3363 αὐτοῦ
722 3287 933 3385 Γραφήο
1044 3287 1213 3383 Doto;
1251 3322 1279 3374 6
1318 3287 1449 3386 Θεὸς
1492 3287 1668 3393 ἡμῶν,
1712 3287 1774 3379 οὐ
1808 3325 1897 3379 λο-
1925 3287 1966 3344 C

325 3395 646 3467 γισθήσεται
689 3400 879 3473 ἕτερος
922 3406 1061 3474 πρὸς
1103 3408 1297 3462 αὐτόν’
1339 3428 1358 3462 ι
1392 3413 1454 3465 οὐ
1485 3413 1616 3477 Θεὸς
1647 3417 1676 3468 6
1709 3416 1899 3487 Πατὴρ

325 3488 470 3577 κατα
506 3490 605 3560 τὴν
646 3493 855 3563 Ἀρείου
896 3494 1186 3563 ἀσέϐειαν,
1211 3498 1440 3573 ἐπείπερ
1473 3502 1619 3572 λέγει
1643 3506 1775 3577 περὶ
1802 3507 1898 3561 τοῦ

328 3573 481 3639 Υἰοῦ,
502 3594 519 3628 ι
542 3577 603 3630 οὐ
621 3578 1003 3653 λογισθήσεται
1024 3587 1209 3658 ἕτερος
1227 3589 1363 3660 πρὸς
1389 3592 1550 3647 αὐτόν
1568 3608 1581 3623 ο
1594 3612 1613 3644 ι
1631 3573 1731 3649 καί
1745 3596 1900 3665 ἐλέγ-

326 3680 512 3733 χονται
545 3669 595 3720 οί
626 3670 843 3735 ἀσεϐεῖς
888 3672 1295 3746 Ἀρειομανῖται
1327 3680 1426 3733 σὺν
1466 3681 1547 3751 τῷ
1591 3684 1690 3754 τῆς
1739 3686 1902 3756 βλασ-

328 3758 541 3827 φημίας
570 3762 751 3816 αὐτῶν
780 3763 1014 3837 αὐθέντῃ
1034 3806 1051 3830 ,
1082 3769 1190 3840 πρὸ
1220 3769 1320 3840 τῆς
1348 3772 1477 3842 περὶ
1507 3772 1601 3827 τοῦ
1636 3776 1763 3830 Υίοῦ
1799 3779 1899 3849 ἀρ-

328 3850 557 3918 νήσεως,
587 3853 748 3907 αὐτὸν
777 3856 870 3909 τὸν
898 3858 1119 3930 Πατέρα
1146 3861 1472 3927 ἐκϐαλόντες
1497 3865 1600 3936 τῆς
1621 3867 1893 3939 θεότητος·

329 3943 421 3996 καὶ
451 3942 602 3997 ἄθεοι
632 3946 913 4013 παντελῶς
946 3951 1293 4019 εὑρίσκονται
1323 3956 1372 4008 οἱ
1394 3957 1493 4026 τῆς
1516 3957 1778 4027 ἀληθείας
1802 3974 1902 4015 1co-

324 4034 520 4104 λὲμιοι.
552 4054 571 4088 ι
617 4037 676 4091 '0
700 4039 808 4110 γὰρ
828 4039 923 4094 τὸν
952 4042 1079 4097 Υξδν
1110 4044 1187 4116 μὴ
1223 4045 1382 4117 ἔχων,
1420 4066 1442 4099 ι
1476 4048 1625 4103 καθά
1650 4067 1818 4122 φησιν
1844 4054 1904 4107 ἐν

2002 2882 2181 2926 autem
2211 2874 2277 2927 de
2310 2871 2429 2942 ipso
2474 2872 2799 2942 Scriptura:
2862 2890 2884 2925 ι
2917 2870 3016 2926 llic
3067 2871 3207 2949 Deus
3252 2876 3462 2929 noster,
3516 2872 3570 2918 et

2004 2980 2110 3031 non
2146 2966 2485 3034 reputabitur
2538 2966 2674 3024 alius
2712 2968 2976 3023 adversus
3029 2979 3150 3020 eum
3180 2981 3195 3020 :
3230 2980 3250 3015 ι
3311 2967 3573 3029 sequetur

2000 3072 2065 3111 ex
2100 3056 2380 3125 impietate
2407 3058 2522 3113 Arii
2552 3058 2764 3114 Patrem
2790 3059 2956 3114 Deum
2986 3072 3092 3114 non
3125 3069 3269 3120 esse.
3306 3051 3569 3121 siquidem

2001 3148 2075 3201 ait
2108 3146 2175 3201 de
2203 3148 2382 3203 Filio:
2442 3168 2462 3200 ι
2499 3149 2563 3202 Ει
2609 3164 2715 3204 non
2762 3149 3099 3220 reputabitur
3129 3148 3263 3201 alius
3313 3145 3572 3199 adversus

2001 3253 2221 3293 eumn
2288 3250 2345 3295 et
2399 3242 2796 3296 convincuntur
2850 3241 2995 3311 impii
3037 3239 3389 3293 Ariomanita:
3449 3250 3569 3289 cum

2002 3345 2112 3385 suae
2148 3330 2503 3401 blasphemiae
2534 3342 2775 3397 auctore,
2829 3341 3025 3402 praeter
3057 3330 3179 3386 Filii
3228 3327 3569 3400 negationem

2002 3422 2179 3492 ipsum
2216 3422 2431 3478 Patrem
2462 3439 2493 3478 a
2524 3423 2807 3479 divinitate
2838 3423 3124 3494 depellere,
3158 3430 3212 3476 et
3235 3419 3379 3474 athei
3415 3432 3573 3488 pror-

2002 3528 2093 3568 sus
2122 3515 2598 3584 deprehenduntur
2619 3514 2863 3571 veritatis
2886 3513 3179 3570 adversarii
3203 3530 3216 3565 :
3253 3529 3270 3562 ι
3294 3509 3394 3577 Qui
3427 3508 3568 3564 enim

2002 3605 2199 3661 Filium
2231 3620 2337 3661 non
2373 3607 2551 3673 habet,
2586 3627 2605 3660 ι
2663 3616 2720 3662 ιιι
2755 3609 2807 3661 in
2844 3606 3123 3662 catholicis
3154 3605 3251 3671 ait,
3295 3623 3313 3655 ι
3346 3618 3444 3656 nec
3472 3601 3571 3655 Pa-

2006 3708 2142 3752 trem
2177 3697 2338 3753 habet
2358 3699 2425 3752 ³⁸.
2455 3718 2475 3751 ι
2516 3699 2672 3755 Fides
2702 3710 2880 3754 autem
2914 3698 3177 3753 catholica
3214 3710 3375 3750 unam
3404 3694 3572 3747 deita-

2007 3799 2112 3845 tem
2145 3791 2294 3845 novit
2316 3798 2371 3845 et
2403 3790 2549 3855 colit,
2580 3790 2760 3846 Patris
2788 3801 2840 3846 et
2865 3787 2988 3845 Filii
3018 3798 3073 3843 et
3097 3788 3331 3860 Spiritus
3360 3785 3568 3841 sancti:

2001 3886 2261 3937 adversus
2286 3897 2446 3951 quam
2472 3892 2593 3953 ‘pon
2624 3883 2976 3938 :estimabitur
3002 3882 3128 3936 alia.
3164 3881 3329 3935 Porro
3364 3888 3572 3950 mystev

2004 3974 2143 4028 rium
2179 3976 2282 4029 hoc
2332 3984 2537 4031 sanctae
2570 3985 2733 4043 atque
2762 3974 3049 4028 adoranda:
3103 3983 3157 4028 et.
3208 3971 3575 4027 consubstan-

2004 4062 2148 4118 tialis
2184 4062 2492 4131 Trinitatis,
2528 4080 2742 4120 omnem
2783 4064 3113 4120 intellectum
3148 4073 3311 4131 atque
3364 4073 3573 4115 sermo-

324 4126 663 4194 καθολικαῖς,
706 4150 725 4183 ι
751 4132 873 4186 οὐδὲ
901 4134 994 4189 τὸν
1020 4136 1241 4208 Πατέρα
1264 4138 1400 4208 ἔχει.
1435 4159 1454 4191 ι
1475 4140 1540 4192 Ἦ
1567 4140 1625 4195 δὲ
1643 4144 1898 4217 καθολικὴ

2006 4168 2124 4208 nem
2159 4164 2402 4226 superat,
2439 4166 2495 4211 et
2543 4170 2767 4224 prorsus
2798 4155 3183 4227 comprehendi
3216 4158 3320 4207 ndn
3375 4158 3568 4221 potest,

329 4219 509 4283 πίστις
551 4222 682 4292 μίαν
713 4224 955 4297 Θεότητα
1008 4224 1136 4295 οῐδε,
1188 4231 1284 4285 καὶ
1323 4231 1528 4300 ταύτην
1571 4235 1903 4305 πρεσϐεύει,

2005 4245 2099 4299 sed
2124 4246 2237 4300 sola
2275 4247 2382 4301 ﬁde
2413 4244 2636 4317 percipi.

322 4310 418 4373 τοῦ
452 4313 685 4384 Πατρὸς,
723 4317 816 4371 καὶ
857 4319 955 4373 τοῦ
990 4319 1142 4386 Υίοῦ,
1174 4321 1269 4376 καὶ
1317 4323 1412 4375 τοῦ
1445 4325 1602 4393 ἁγίου
1669 4328 1989 4400 Πνεύματος
2018 4349 2036 4373 ·
2099 4340 2232 4409 παρ’
2269 4338 2339 4411 ἢν
2376 4310 2441 4394 ού
2508 4310 2893 4413 λογισθήσεται
2934 4340 3110 4411 ἐτέρα.
3151 4336 3227 4393 Τὸ
3266 4338 3321 4392 δὲ
3364 4314 3571 4409 μυστή-

327 4425 443 4508 pc?"
494 4409 651 4464 τοῦτο
718 4413 815 4482 τῆς
890 4415 1052 4485 ἁγίας
1120 4417 1215 4471 καὶ
1262 4422 1644 4491 προσκυνητῆς
1691 4425 1788 4478 καὶ
1824 4428 2115 4497 ὀμοουσίου
2173 4409 2425 4505 Τριάδος,
2484 4409 2845 4508 ἀπερινόητον
2902 4436 2997 4491 καὶ
3026 4409 3420 4505 ἡάνέκφραστον
3476 4430 3570 4493 καὶ

326 4500 506 4575 πάντῃ
534 4503 922 4578 ἀκατάληπτον
969 4508 1224 4582 ὑπάρχει,
1260 4512 1444 4573 πίστει
1480 4515 1618 4587 μόνῃ
1662 4517 1900 4574 νοεῖσθαι
1936 4500 2250 4596 δυνάμενον.
2410 4500 2419 4503 ⁷
2598 4500 2609 4507 υ
2736 4500 2748 4508 ”
2840 4524 2843 4527 ’

894 4623 1142 4679 xeo“.
1200 4624 1331 4705 x17»

898 4734 960 4789 Ὀ
985 4739 1343 4808 φιλόσοφος.

401 4845 532 4901 Θετα
563 4849 639 4911 ὡς
671 4846 905 4932 etnec»;
926 4848 1019 4906 καὶ
1044 4853 1223 4923 φωτὸς
1248 4854 1483 4926 ἔμπλεα,
1513 4858 1581 4914 ea:
1606 4861 1761 4932 παρά
1807 4864 1903 4918 τοῦ

328 4937 489 5005 ἁγίου
519 4939 838 5011 Πνεύματος
875 4928 926 4996 δί
952 4943 1109 5015 ὑμῶν
1144 4947 1552 5020 ἐκφωνηθέντα.
1590 4928 1794 5027 Δέομαι
1845 4957 1904 5011 δὲ

329 5029 507 5099 ὑμῶν,
536 5031 809 5104 ἐρασμίων
837 5052 927 5105 μοι
969 5036 1139 5093 ὅντων
1175 5039 1285 5094 τῶν
1317 5042 1479 5114 ιερῶν
1513 5046 1617 5117 τῆς
1646 5047 1902 5102 διδασκα-

328 5122 451 5185 λίας
500 5121 654 5193 ὑμῶν
702 5124 897 5193 λόγων,
932 5130 1199 5201 ὑπόσχετέ
1220 5150 1312 5203 μοι
1352 5135 1453 5200 τὰς
1488 5138 1707 5208 εὐαγεῖς
1744 5140 1898 5210 ὑμῶν

329 5213 522 5306 ἀκοὰς.
566 5212 663 5306 καὶ
713 5216 848 5287 πρὸς
885 5218 923 5272 ἃ.
957 5221 1221 5291 ἐπερωτῶ
1256 5226 1522 5297 διδάξατε,
1563 5231 1650 5285 ἵνα
1693 5233 1899 5306 πληρε-

332 5305 533 5398 στάτην
562 5305 800 5378 λήψεσθε
836 5311 987 5383 παρά
1017 5310 1113 5366 τοῦ
1145 5314 1280 5371 Θεοῦ
1312 5320 1414 5393 τὴν
1453 5323 1592 5394 ὑπὲρ
1625 5324 1727 5396 τῆς
1757 5324 1900 5398 ἐμῆς

332 5397 605 5469 σωτηρίας
636 5399 890 5471 ἀμοιϐήν.

346 5512 700 5598 Ἀπόκρισις
721 5514 842 5598 τῶν
864 5517 1060 5598 ργίςιιν
1080 5521 1371 5598 ματέρων
1400 5526 1550 5598 πρὸς
1581 5528 1689 5583 τὸν
1723 5529 1898 5598 suade

438 5598 636 5652 σοφον
662 5584 760 5638 διὰ
788 5586 893 5641 τοῦ
922 5584 1110 5644 αὑτοῦ
1133 5584 1414 5649 Λεοὶρτίου
1434 5584 1791 5656 ἓπίσκόποῖι.

402 5697 537 5752 Εἰπὲ
577 5698 607 5751 ὃ
656 5697 869 5769 βούλει,
923 5702 1265 5775 ἐπιθυμητὸν
1304 5708 1412 5779 γὰρ
1460 5711 1593 5780 ἡμῖν
1630 5711 1907 5782 πληροφοο

1923 4633 1978 4692 D

2588 4642 2742 4702 CAP.
2782 4642 2973 4698 XXlll.

2598 4757 2971 4826 Philosophus.
3036 4816 3039 4819 ν

2068 4869 2260 4927 Divina
2298 4885 2487 4927 revera
2521 4879 2578 4926 et
2605 4870 2742 4926 lucis
2781 4873 2937 4939 plena
2971 4874 3121 4932 sunt,
3152 4878 3271 4936 quae
3298 4880 3331 4920 a
3358 4862 3567 4934 Spiritu

2000 4972 2189 5017 sancto
2221 4974 2318 5032 per
2349 4977 2446 5019 vos
2490 4961 2712 5018 fuerunt
2755 4963 3045 5032 explicata.
3080 4960 3194 5016 Oro
3240 4967 3418 5014 autem
3470 4972 3569 5012 vos

2001 5051 2149 5124 (amo
2171 5053 2316 5108 enim
2341 5067 2527 5110 sacros
2541 5052 2803 5109 doctrina
2829 5056 3023 5107 vestra:
3046 5047 3374 5118 sermones),
3403 5061 3570 5117 spon-

2003 5145 2129 5201 dete
2177 5145 2310 5202 mihi
2347 5146 2464 5216 pias
2507 5156 2565 5202 et
2611 5145 2893 5217 religiosas
2943 5154 3101 5200 aures
3133 5152 3365 5208 vestras,
3416 5151 3471 5196 et
3499 5142 3569 5196 de

2005 5238 2093 5293 his
2123 5237 2313 5293 docete
2355 5252 2476 5307 quae
2508 5236 2687 5294 adhuc
2734 5237 2969 5309 inquiro,
3026 5246 3086 5291 ut
3134 5235 3499 5306 plenissimam
3536 5248 3567 5285 a

2006 5329 2118 5386 Deo
2166 5345 2264 5400 pro
2307 5329 2480 5386 salute
2530 5345 2654 5386 mea
2704 5334 3195 5386 remuneratimtem
3263 5326 3567 5397 accipiatis.

2010 5526 2292 5597 Responsio
2337 5538 2642 5583 sanctorum
2682 5528 2904 5583 Patrum
2950 5527 3020 5580 ad
3068 5527 3431 5597 philowphum
3478 5541 3571 5594 per
3684 5561 3689 5567 ι

2346 5600 2585 5653 eumdem
2620 5599 2893 5654 Leontium
2925 5600 3242 5668 episcopum.

2082 5711 2178 5766 Dic
2205 5714 2349 5782 quod
2401 5713 2502 5777 vis,
2535 5714 2779 5783 cupimus
2802 5713 2948 5769 enim
2991 5724 3042 5768 te
3080 5712 3387 5782 plenissime
3431 5710 3570 5765 scire

408 5854 451 5886 ’⁷
485 5852 585 5913 lsa.
617 5872 725 5924 xu,
757 5858 824 5927 5;
861 5877 985 5928 xcv,
1015 5862 1105 5918 2|.
1186 5865 1231 5897 ³⁸
1254 5863 1482 5921 lalaeh.
1518 5881 1596 5933 ιιι,
1631 5867 1684 5922 6.
1753 5870 1795 5900 ³³
1824 5869 2032 5924 Bnruch
2092 5885 2175 5935 ιιι,
2211 5868 2397 5925 32-56.
2473 5870 2517 5903 ⁸ο
2544 5872 2669 5927 ibid.
2709 5872 2798 5926 '58.
2877 5873 2916 5904 ³¹
2944 5871 2958 5924 Ι
2986 5869 3143 5927 Joan.
3175 5887 3233 5933 ιι,
3265 5869 3353 5926 $3.
