4148 6570
608 399 627 455 1
639 396 743 460 299

1852 407 2154 467 GELASII
2193 405 2530 466 CYZICENI

3736 395 3867 462 1300

603 517 667 573 de
697 521 969 588 omnibus,
1004 520 1238 577 maxime
1283 535 1406 577 cum
1451 520 1565 592 jam
1604 531 1657 578 te
1705 520 2018 577 illustrante
2049 521 2172 591 Spi-

2286 521 2444 592 ρῆσαί
2492 538 2552 575 σε
2594 520 2651 575 ὲν
2709 523 2909 585 πᾶσιν,
2957 520 3216 594 εὐμαρῶς
3264 516 3566 590 δυναμένου
3625 533 3725 568 σου
3771 515 3864 571 νῦν

605 611 707 664 ritu
735 623 944 678 sancto,
973 612 1131 669 facile
1158 613 1333 684 possis
1359 613 1627 670 dictorum
1657 613 2175 670 demonstrationem

605 704 907 772 percipere.

2283 614 2520 682 μάλιστα
2569 614 2821 686 δέχεσθαι
2851 614 2952 678 τὰς
2991 612 3297 680 ἀποδείξεις
3337 610 3448 664 τῶν
3494 610 3741 681 ῥήσεων,
3777 609 3865 661 ὲλο

2279 703 2619 774 λαμφθέντος
2653 723 2747 760 σου
2787 706 2891 759 ὐπὸ
2915 705 3012 760 τοῦ
3043 704 3201 774 ἁγίου
3236 701 3578 773 Πνεύματος.

604 808 910 867 Gratiarum
934 815 1073 870 actio
1100 815 1418 890 philosophi,
1450 828 1496 890 et
1521 818 1866 889 interrogatio
1900 818 1964 872 de
1992 816 2173 871 divina

2286 819 2638 887 Εὐχαριστία
2668 821 2772 875 τοῦ
2797 821 3162 890 φιλοσόφου,
3190 819 3288 872 καί
3320 818 3698 890 ἐπερώτησις
3735 811 3867 880 περὶ

1197 888 1585 943 incarnatione.

673 994 859 1052 Gratia
893 1007 1273 1054 sacro‘vestro
1323 999 1507 1068 capiti.
1562 999 1732 1054 Dicite
1783 1009 1964 1056 autem
2017 1001 2176 1065 mihi,

2538 890 2645 958 τῆς
2673 891 2778 946 τοῦ
2800 888 3033 960 Κυρίου
3059 888 3598 958 ὲνανθρωπήσεως.

2349 1006 2521 1077 Χάρις
2548 1003 2702 1075 ὐμῶν
2729 1003 2794 1074 τῇ
2829 1003 2947 1074 ἰερᾷ
2977 1001 3209 1071 κεφαλῇ.
3239 997 3380 1052 Φατὲ
3410 997 3468 1050 δέ
3498 1013 3611 1066 μοι,
3638 989 3684 1046 ὦ
3707 990 3865 1062 ἰερώ·

603 1102 636 1138 o
692 1088 1043 1155 sanctissimi,
1101 1092 1370 1158 quomodo
1419 1089 1493 1144 sit.
1546 1089 1950 1160 intelligendum
2006 1090 2176 1144 Deum

2286 1113 2453 1159 τατοι,
2480 1095 2598 1159 πῶς
2626 1094 2845 1165 νοητέον
2893 1094 2951 1147 τὸ
2974 1093 3065 1146 τὸν
3095 1093 3228 1146 Θεὸν
3263 1092 3455 1160 Λόγον,
3493 1091 3587 1142 τὸν
3607 1085 3708 1140 τοῦ
3732 1084 3864 1137 Θεοῦ

607 1175 839 1233 Verbum
887 1179 981 1234 Dei
1037 1180 1231 1236 Filium
1287 1182 1340 1236 in
1378 1191 1520 1236 terra
1551 1182 1725 1238 visum
1759 1198 1900 1250 esse,
1950 1192 2005 1238 et
2038 1183 2179 1238 inter

605 1269 853 1326 homines
887 1281 1292 1337 conversatum,
1327 1287 1448 1327 cum
1477 1273 1822 1342 aspectabilis
1868 1289 1973 1329 non
2012 1275 2086 1328 sit
2111 1275 2180 1329 ab

604 1360 751 1415 omni
775 1371 958 1418 creata
984 1372 1200 1429 natura,
1226 1372 1281 1419 et
1323 1379 1441 1433 qua:
1470 1363 1704 1428 videtur,
1732 1374 1785 1420 et
1816 1381 1937 1435 qua:
1978 1364 2178 1419 intelli-

604 1453 784 1520 gentia
814 1455 1143 1526 percipitur:
1173 1467 1227 1512 et
1259 1472 1378 1526 qua:
1424 1458 1496 1512 sit
1542 1473 1726 1524 causa,
1759 1456 1977 1529 propter
2017 1474 2178 1528 quam

603 1544 721 1600 haec
755 1554 903 1616 gesta
931 1556 1076 1614 sunt,
1109 1548 1346 1605 doceatis
1371 1564 1518 1619 rogo.

611 1656 894 1725 Responsio
941 1669 1244 1713 sanctorum
1297 1659 1522 1731 Patrum
1569 1662 1637 1715 ad
1687 1661 2052 1730 philosOpltum
2087 1677 2180 1731 per

1062 1731 1363 1799 episcopum
1405 1729 1703 1786 Leontium.

673 1838 848 1896 Causa
906 1843 1206 1910 praesentiae
1257 1844 1374 1913 ejus
1431 1845 1499 1898 ab
1551 1844 1666 1914 ipso
1718 1835 2032 1914 dispensata
2095 1855 2180 1900 est
2213 1867 2256 1924 η

604 1941 825 2002 propter
852 1933 1149 2002 primorum
1189 1935 1471 1990 hominum
1504 1935 1696 1990 Adami
1727 1948 1781 1991 et
1810 1936 1938 1991 Eva:
1972 1936 2178 2006 lapsum

606 2022 661 2077 in
719 2023 984 2092 paradiso,
1036 2025 1128 2094 qui
1180 2034 1350 2080 totum
1421 2026 1658 2095 ipsorum
1722 2040 1893 2097 genus
1957 2026 2179 2084 invasit.

605 2112 896 2184 Postquam
953 2115 1117 2184 igitur
1175 2118 1502 2187 transgressi
1560 2128 1913 2188 praeceptum,
1998 2118 2180 2173 divina

605 2206 777 2276 gratia
809 2206 1005 2274 privati
1039 2204 1288 2274 fuerunt,
1327 2222 1449 2262 eam
1490 2209 1727 2264 humano
1776 2209 1958 2280 generi
1992 2208 2178 2278 Opiter:

607 2296 779 2351 voluit
809 2298 1116 2353 restituere.
1175 2297 1239 2352 Et
1271 2299 1728 2356 considerandum
1762 2300 1850 2354 hic
1885 2307 1988 2365 est,
2037 2300 2180 2369 quod

607 2390 1058 2458 quemadmodum
1112 2389 1253 2447 Deus
1301 2391 1437 2447 dixit
1479 2409 1492 2446 :
1543 2409 1562 2445 ι
1595 2390 1878 2447 Faciamus
1907 2391 2179 2447 hominem

605 2480 674 2534 ad
729 2481 1012 2551 imaginem
1064 2489 1117 2537 et
1166 2481 1570 2538 similitudinem
1628 2492 1907 2549 nostram;
1959 2491 2013 2537 et
2049 2481 2184 2537 fecit

610 2571 747 2626 Deus
794 2571 1065 2629 hominem
1087 2573 1134 2606 "
1156 2613 1172 2641 ,
1203 2592 1222 2626 ι
1247 2573 1400 2643 juxta
1452 2574 1601 2644 prius
1631 2573 1806 2629 dictas
1842 2573 2182 2628 demonstra-

609 2663 820 2730 tiones;
850 2666 990 2721 idem
1027 2682 1211 2722 rursus
1239 2667 1378 2722 dixit
1419 2687 1434 2722 :
1472 2666 1762 2722 Servemus
1796 2666 2061 2736 perditum
2091 2665 2183 2720 bo-

609 2757 831 2819 minem,
865 2773 1026 2827 quem
1068 2759 1135 2813 ad
1175 2758 1462 2835 imaginem
1511 2768 1566 2814 et
1618 2757 2024 2813 similitudinem
2085 2772 2182 2812 no-

608 2857 779 2903 stram
835 2848 1081 2904 fecimus.
1142 2850 1217 2907 Ut
1277 2861 1454 2905 autem
1507 2851 1649 2906 Deus
1703 2860 1759 2906 et
1812 2851 1972 2905 Pater
2024 2852 2178 2916 dixit,

615 2939 940 3007 Faciamus;
973 2950 1027 2997 et
1055 2940 1226 2996 Filius
1256 2941 1401 2998 Deus
1435 2957 1500 2998 ex
1534 2941 1641 2998 Deo
1673 2942 1801 2998 fecit
1833 2961 1846 2997 :
1886 2943 2022 2998 idem
2059 2958 2181 2996 rur-

611 3045 704 3083 sus
737 3045 799 3083 ex
832 3029 1011 3088 Patris
1041 3031 1312 3087 sententia
1355 3031 1574 3087 salvare
1624 3032 1897 3088 hominem
1935 3032 2100 3088 voluit
2128 3033 2180 3088 in

618 3121 932 3192 semetipso.

879 3321 1236 3394 Interrogatio
1262 3324 1559 3396 philosOplti
1590 3326 1655 3380 de
1691 3325 1895 3381 eodem.

686 3433 751 3486 Et
781 3432 1052 3502 quomodo
1077 3434 1130 3489 in
1162 3443 1307 3491 terra
1341 3435 1512 3502 visus,
1548 3446 1604 3492 et
1657 3437 1813 3506 quasi
1847 3437 2006 3492 homo
2043 3436 2186 3491 inter

615 3523 862 3578 homines
904 3534 1254 3581 conversatus
1296 3533 1400 3592 est,
1452 3540 1577 3582 cum
1643 3524 1716 3580 sit
1779 3524 1922 3580 Deus
1988 3523 2185 3579 immu-

617 3615 843 3670 labilis?

614 3726 899 3796 Responsio
926 3737 1236 3800 sanctorum
1253 3726 1496 3800 Patrum
1537 3745 1630 3800 per
1657 3728 1954 3784 Macarium
1985 3729 2180 3798 episco-

1025 3816 1149 3868 pum
1189 3797 1749 3869 Ilierosolymitarum.

683 3909 845 3966 Juxta
891 3912 1058 3967 divini
1119 3912 1271 3968 Pauli
1317 3927 1551 3968 vocem:
1605 3931 1623 3966 ι
1663 3893 1910 3983 Magnum
1967 3913 2185 3983 pietatis

616 4011 698 4059 est
789 4014 1190 4060 sacramentum
1283 4007 1426 4075 quod
1499 4004 1901 4060 manifestatum
1971 4014 2056 4060 est
2131 4005 2184 4058 in

617 4108 780 4149 carne
806 4094 894 4161 ³³;
930 4114 949 4149 ι
1009 4095 1109 4151 hoc
1148 4105 1256 4160 est,
1295 4095 1388 4151 Dei
1438 4093 1628 4151 Filius.
1689 4093 1891 4151 Eodem
1943 4104 2187 4166 tempore

619 4185 758 4239 idem
813 4185 1062 4256 apparuit
1113 4186 1340 4257 angelis,
1391 4184 1575 4255 Neque
1627 4183 1775 4239 enim
1836 4185 2042 4255 angelis
2104 4186 2186 4240 vel

618 4273 996 4347 archattgelis,
1040 4277 1122 4331 vel
1163 4276 1433 4347 aliquibus
1471 4275 1783 4332 etelestibus
1830 4277 2188 4348 potestatibus

617 4367 850 4424 visibilis
880 4377 964 4424 est
996 4366 1338 4435 Unigenitus,
1376 4365 1811 4437 quandoquidem
1839 4369 2003 4424 Deum
2031 4383 2189 4425 nemo

620 4460 754 4514 vidit
782 4475 1019 4530 unquam
1049 4459 1116 4513 “.
1151 4458 1318 4528 Cujus
1350 4457 1418 4512 de
1441 4458 1594 4513 cmlis
1621 4458 1910 4514 adventum
1938 4462 2187 4526 audiens,

2279 1186 2428 1251 Υἰὸν,
2451 1186 2544 1238 ἐπὶ
2574 1186 2674 1256 τῆς
2696 1185 2798 1254 γῆς
2831 1177 3034 1253 ὦφθαι,
3084 1182 3178 1235 καὶ
3218 1183 3331 1244 τοῖς
3372 1175 3689 1250 ἀνθρώποις
3744 1191 3867 1226 συν-

2280 1273 2674 1345 ανεστρὰφθαι,
2704 1271 2933 1326 ἀθέατον
2956 1269 3085 1322 ὄντα
3111 1269 3260 1339 πάσῃ
3295 1268 3487 1336 κτιστῇ
3514 1262 3706 1331 φύσει,
3723 1261 3864 1329 ὁρω-

2280 1365 2418 1436 μένῃ
2453 1382 2513 1417 τε
2555 1363 2651 1417 καὶ
2679 1360 2944 1433 νοουμένῃ
2966 1376 2980 1390 ·
3011 1359 3104 1413 καὶ
3141 1358 3225 1421 τίς
3251 1359 3284 1428 ή
3319 1355 3466 1410 αἰτία
3495 1353 3562 1407 δι’
3593 1352 3665 1423 ἢν
3691 1348 3866 1404 ταῦτα

2278 1453 2788 1528 ἐπραγματεύσατο,
2821 1451 3070 1520 διδάξατε
3089 1493 3105 1514 ,
3131 1447 3459 1521 παρακαλῶ.

2292 1658 2633 1724 Ἀπόκρισις
2657 1652 2776 1707 τῶν
2806 1653 2990 1724 ἁγίων
3037 1649 3311 1724 Πατέρων
3359 1646 3512 1724 πρὸς
3537 1643 3666 1724 ⁸τὸν
3692 1643 3863 1716 φιλό-

2487 1718 2686 1795 σοφον
2711 1723 2809 1776 διὰ
2831 1718 2935 1776 τοῦ
2963 1721 3302 1775 ἐπισκόπου
3335 1718 3649 1773 Λεοντίου.

2363 1841 2428 1894 Ἦ
2457 1839 2554 1910 μὲν
2579 1839 2728 1891 αἰτία
2757 1836 2857 1906 τῆς
2888 1833 3051 1888 αὐτοῦ
3086 1830 3386 1904 παρουσίας
3408 1826 3746 1901 ᾠκονομήθη
3772 1825 3862 1880 ὐπ’

2283 1931 2448 1986 αὐτοῦ
2475 1930 2564 1984 δια
2588 1928 2686 2000 τήν
2715 1930 2773 1981 ὲν
2815 1927 2893 1997 τῷ
2935 1924 3253 1998 παραδείσῳ
3285 1922 3391 1976 τῶν
3432 1920 3862 1994 πρωτοκτίστων

2282 2023 2586 2094 ἀνθρώπων
2612 2020 2706 2074 τοῦ
2740 2035 2798 2073 τε
2846 2019 3018 2089 Ἀδὰμ
3044 2018 3138 2071 καὶ
3165 2019 3264 2088 τῆς
3297 2013 3442 2078 Εὐας
3478 2010 3863 2082 γεγενημένην

2282 2117 2621 2178 ἀπόπτωσιν,
2669 2114 2802 2183 ιῆτις
2835 2112 2981 2166 ama
3028 2110 3088 2163 τὸ
3131 2108 3311 2163 αὐτῶν
3348 2106 3651 2175 ἐπενέμετο
3684 2103 3860 2173 γένος.

2294 2211 2447 2264 Ἐπεὶ
2478 2205 2572 2262 οὐν
2603 2205 2953 2277 παραϐάντες
2977 2204 3077 2274 τὴν
3107 2202 3348 2272 ἐντολὴν,
3386 2199 3481 2254 τοῦ
3514 2197 3666 2252 θείου
3707 2194 3862 2266 χαρί-

2283 2318 2488 2372 σματος
2544 2298 2938 2370 ἐστερήθησαν,
2986 2295 3146 2349 τοῦτο
3192 2293 3486 2350 ἀποδοῦναι
3533 2290 3804 2361 ἠθέλησεν
3834 2287 3863 2338 6

2281 2393 2619 2465 Δημιουργὸς
2649 2391 2725 2462 τῷ
2772 2390 2882 2443 τῶν
2921 2388 3225 2460 ἀνθρώπων
3268 2387 3439 2456 γένει.
3481 2384 3594 2437 Καὶ
3644 2381 3864 2450 νοητέον

2280 2484 2534 2547 ἐνταῦθα,
2568 2485 2649 2538 ὅτι
2694 2483 2882 2553 ὥσπερ
2913 2481 3069 2534 εἶπεν
3095 2482 3122 2533 6
3151 2479 3284 2539 Θεός
3309 2493 3321 2506 ·
3359 2495 3378 2529 ι
3411 2477 3744 2545 Ποιήσωμεν
3773 2472 3864 2525 ἇν-

2281 2579 2499 2650 θρωπον
2530 2577 2650 2630 κατ’
2678 2575 2862 2628 εἰκόνα
2891 2573 3174 2644 ἡμετέραν
3204 2571 3299 2625 καὶ
3326 2568 3448 2623 καθ’
3466 2567 3747 2637 ὁμοίωσιν·
3773 2563 3864 2615 καὶ

2281 2652 2536 2739 ἐποίησεν
2562 2668 2590 2720 6
2622 2666 2754 2729 Θεὸς
2784 2665 2874 2718 τὸν
2901 2662 3209 2735 ἄνθρωπον,
3250 2679 3268 2712 ι
3310 2657 3452 2712 κατὰ
3483 2655 3584 2719 τὰς
3616 2654 3863 2724 προρρη-

2281 2761 2466 2824 θείσας
2499 2757 2833 2824 ἀποδείξειςο
2865 2756 2894 2808 6
2917 2754 3078 2817 αὐτὸς
3106 2751 3268 2806 πάλιν
3301 2745 3443 2814 εἰπε,
3476 2747 3753 2814 Σώσωμεν
3775 2743 3861 2795 τὸν

2280 2850 2596 2906 ἀπολωλότα
2632 2847 2939 2919 ἄνθρωπον,
2977 2846 3035 2899 ὃν
3075 2845 3192 2898 κατ’
3232 2841 3420 2895 εἰκόνα
3456 2839 3736 2910 ἡμετέραν
3772 2835 3862 2887 καὶ

2280 2944 2400 2998 καθ’
2427 2942 2686 3013 ὁμοίωσιν
2711 2941 3067 3011 ἐποιήσαμεν.
3096 2936 3205 2990 Καὶ
3222 2934 3452 3004 ὦσπερό
3477 2931 3611 2993 Θεὸς
3641 2928 3739 2982 καὶ
3760 2929 3862 2980 Πα-

2279 3035 2384 3106 τὴρ
2418 3030 2541 3087 εἰπε
2594 3033 2655 3087 τό
2677 3049 2689 3062 ·
2748 3031 3117 3100 Ποιήσωμεν,
3155 3027 3248 3082 καὶ
3277 3028 3305 3080 6
3334 3026 3460 3089 Υἱὸς
3491 3021 3858 3096 ἐδημιούργη-

2281 3141 2393 3188 σεν,
2418 3124 2548 3187 Θεὸς
2571 3122 2645 3176 ὣν
2680 3123 2742 3176 ὲκ
2763 3119 2919 3175 Θεοῦ·
2951 3123 2978 3174 6
3003 3119 3166 3182 αὐτὸς
3208 3117 3372 3171 πάλιν
3408 3115 3580 3187 βουλῇ
3614 3111 3856 3181 πατρικῇ

2207 3206 2254 3269 C
2285 3215 2561 3271 ἀνασῶσαι
2595 3217 2653 3270 ὲν
2686 3214 2865 3284 ἑαυτῷ
2891 3211 3169 3283 ήϐουλήθη
3200 3209 3292 3263 τὸν
3335 3208 3650 3280 ἄνθρωπον.

2367 3321 2764 3392 Ἐπερὼτησις
2786 3321 2891 3376 τοῦ
2917 3321 3258 3392 φιλοσόφου
3285 3317 3550 3388 περὶτοῦ
3575 3314 3789 3371 αὑτοῦ.

2356 3435 2467 3490 Καὶ
2505 3435 2625 3499 πῶς
2663 3435 2756 3489 ἐπὶ
2793 3434 2894 3504 τῆς
2938 3435 3043 3503 γῆς
3085 3429 3263 3502 ὤφθη,
3298 3431 3395 3485 καὶ
3438 3425 3855 3495 συνανεστράφη

2282 3526 2358 3590 ὼς
2387 3524 2674 3599 ἄνθρωπος
2719 3525 2837 3588 τοῖς
2885 3521 3217 3595 ἀνθρώποις,
3267 3520 3399 3584 Θεὸς
3440 3518 3516 3573 ὢν
3566 3515 3858 3572 ἀναλλοίω-

2285 3633 2374 3680 τος
2395 3635 2409 3683 ;

2297 3731 2642 3800 Ἀπόκρισις
2672 3728 2834 3797 παρὰ
2864 3729 2983 3783 τῶν
3014 3727 3198 3800 ἁγίων
3224 3726 3502 3800 Πατέρων
3522 3722 3624 3778 διὰ
3653 3726 3853 3777 Μακα-

2553 3803 2694 3869 ρίου
2725 3797 3070 3854 ἐπισκόπου
3103 3797 3559 3867 Ἰεροσολύμων.

2355 3915 2511 3970 Κατὰ
2541 3915 2641 3986 τὴν
2679 3914 2867 3984 φωνὴν
2910 3912 3002 3967 τοῦ
3035 3911 3325 3967 θεσπεσίου
3379 3907 3616 3971 Παύλου,
3654 3925 3673 3957 ι
3703 3903 3858 3971 Μέγα

2284 4010 2402 4063 ἐστί
2433 4008 2494 4062 τὸ
2525 4009 2626 4079 τῆς
2679 4006 2963 4070 εὐσεϐείας
3017 4004 3338 4076 μυστήριον,
3375 4002 3403 4054 ὃ
3445 3997 3762 4071 ἐφανερώθη
3802 3996 3858 4048 ἐν

2287 4102 2454 4172 σαρκί
2482 4116 2496 4133 ο
2538 4099 2719 4154 »τοῦτ’
2741 4099 2908 4164 ἔστιν,
2951 4100 2980 4152 6
3005 4095 3100 4151 τοῦ
3156 4095 3292 4149 Θεοῦ
3339 4093 3487 4157 Υἰός.
3522 4091 3660 4144 Τότε
3706 4087 3858 4148 αὐτὸς

2287 4193 2443 4264 ὤφθη
2469 4193 2562 4246 καὶ
2586 4191 2860 4260 ἀγγέλοις.
2904 4189 3040 4244 Οὐδὲ
3075 4187 3182 4259 γὰρ
3213 4185 3491 4255 ἀγγέλοις,
3525 4184 3558 4254 ἢ
3590 4177 3856 4254 ἀρχαγγέ-

2288 4287 2420 4352 λοις,
2452 4286 2486 4356 ἦ
2511 4301 2622 4338 τισι
2651 4283 2762 4338 τῶν
2791 4281 3136 4352 ἐπουρανίων
3173 4278 3458 4348 δυνάμεων
3487 4274 3681 4337 θεατὸς
3710 4274 3735 4324 ό
3755 4271 3858 4356 Mo-

2289 4353 2541 4449 voysv-ljv
2577 4375 2810 4446 ἐπείπερ
2843 4374 2975 4428 Θεὸν
3015 4373 3191 4435 οὐδεὶς
3219 4369 3432 4440 ἑώρακε
3482 4367 3732 4421 πώποτε.
3764 4353 3857 4416 Οὐ·

2291 4488 2398 4542 περ
2423 4473 2520 4542 τὴν
2558 4469 2616 4537 ἐξ
2645 4467 2894 4541 οὐρανῶν
2947 4465 3343 4535 καταφοίτησιν
3376 4461 3612 4526 ἁκούων,
3653 4458 3727 4530 μή
3770 4471 3854 4507 το-

620 4552 928 4606 nullatenus
959 4551 1235 4604 immensa:
1284 4549 1586 4606 divinitatis
1637 4551 1856 4607 localem
1910 4554 2186 4625 migratio-

2295 4564 2462 4633 πικὴν
2506 4561 2836 4634 μετάστασιν
2869 4559 2970 4628 τῆς
2995 4558 3282 4629 ἀχωρήτου
3318 4554 3482 4610 αὐτοῦ
3518 4548 3855 4616 ὑποπτεύσῃς

528 4637 533 4641 ’
621 4641 1084 4710 uemsuspiceris,
1142 4641 1236 4696 sed
1268 4642 1742 4712 dispensationem
1789 4645 1964 4716 cogita
2023 4647 2188 4703 totius

623 4731 781 4800 hujus
807 4733 984 4802 magni
1019 4747 1205 4788 revera
1233 4733 1454 4804 pietatis
1487 4737 1838 4801 sacramenti,
1889 4738 1942 4792 in
1970 4754 2076 4808 quo
2103 4755 2193 4794 su-

622 4839 740 4878 mus
776 4823 1042 4879 renovati.
1093 4823 1396 4880 Renovatio
1433 4826 1576 4881 enim
1629 4826 1728 4882 fuit
1765 4829 2027 4885 novitatis
2079 4846 2192 4885 res-

620 4913 876 4983 sumptio.
927 4914 1032 4971 Per
1080 4915 1184 4971 hoc
1215 4917 1362 4971 enim
1385 4915 1476 4986 qui
1503 4916 1658 4973 nobis
1687 4918 1834 4974 dedit
1881 4920 2194 4976 similitudi-

621 5023 745 5062 nem
773 5022 947 5075 suatn,
979 5007 1124 5064 Deus
1149 5007 1384 5064 Verbum
1412 5010 1480 5063 ad
1506 5010 1914 5068 similitudinem
1948 5024 2189 5070 nostram

621 5104 921 5159 descendit.
963 5103 1302 5177 lmpossibile
1327 5116 1412 5163 est
1437 5117 1614 5164 autem
1644 5111 1811 5165 Deum
1857 5110 2014 5166 nobis
2047 5111 2187 5167 assi-

625 5194 818 5257 milari.
849 5205 904 5251 et
931 5212 1036 5254 non
1068 5198 1379 5255 incarnari:
1423 5216 1598 5272 neque
1650 5202 1795 5257 enim
1845 5203 2053 5271 species
2100 5204 2190 5258 iu-

624 5301 884 5356 rorporea
914 5289 1232 5347 substantia:
1262 5292 1616 5366 incorporeas,
1668 5309 1789 5365 quae
1827 5295 2044 5365 quidem
2080 5295 2193 5364 ipse

625 5386 761 5438 erat.
806 5381 1056 5446 accessit,
1085 5383 1180 5438 sed
1205 5398 1466 5454 corporea
1494 5402 1508 5450 ;
1551 5399 1810 5455 corporea
1845 5394 2023 5439 autem
2058 5387 2192 5441 sub-

626 5468 830 5523 stantia
883 5472 1088 5542 absque
1125 5475 1498 5545 assumptione
1544 5489 1649 5531 uon
1699 5485 1854 5529 erat:
1911 5485 2193 5545 propterea

519 5585 523 5588 -
626 5573 824 5629 corpus
852 5579 980 5619 vere
1006 5566 1320 5634 assumpsit,
1355 5575 1415 5620 ιιι
1440 5567 1530 5636 qui
1568 5581 1596 5618 a
1627 5567 1798 5637 prima
1833 5565 2191 5632 fraternitate,

632 5668 731 5713 ἰοο
761 5666 864 5723 est,
895 5659 1072 5728 gratia
1108 5660 1283 5714 sancti
1337 5659 1593 5731 Spiritus,
1635 5675 1797 5729 quam
1846 5676 1942 5731 per
1993 5662 2196 5732 primos

700 5811 745 5845 "
768 5812 906 5870 Gen.
938 5828 975 5874 t,
1013 5811 1105 5876 ‘26,
1135 5811 1226 5868 Ἦ.

2289 4655 2560 4724 θεότητος,
2584 4651 2897 4723 οἰκονομίαν
2929 4650 2986 4704 δὲ
3017 4650 3128 4704 νόει
3167 4649 3227 4702 τὸ
3264 4648 3387 4701 ὅλον
3426 4645 3585 4699 τοῦτο
3615 4646 3678 4698 τὸ
3717 4638 3853 4712 μέγα

2287 4745 2362 4809 ὡς
2389 4745 2604 4815 ἀληθῶς
2628 4743 2728 4812 τῆς
2775 4741 3059 4804 εὐσεϐείας
3088 4741 3408 4812 μυστήριον,
3439 4739 3495 4790 ὲν
3524 4730 3568 4805 ᾧ
3595 4729 3856 4790 ἁνεκαινί-

2292 4838 2519 4909 σθημενο
2559 4837 2923 4899 Ἀνακαίνισις
2951 4835 3060 4906 γὰρ
3085 4834 3276 4902 γέγονε
3315 4833 3638 4901 καινότητος
3669 4822 3854 4882 ἐπανά-

2295 4931 2475 5002 ληψις.
2509 4931 2608 4985 Διὰ
2639 4931 2703 5000 δὴ
2741 4929 2902 4983 τοῦτο
2933 4928 3166 4989 ἀποδοὺς
3199 4928 3332 4998 ήμίν
3379 4925 3478 4996 τήν
3511 4924 3650 4992 πρὸς
3678 4916 3853 4974 ἑαυτὸν

2296 5025 2576 5094 ὁμοίωσιν,
2600 5025 2628 5077 6
2655 5022 2815 5083 αὐτὸς
2843 5020 2937 5074 τοῦ
2970 5018 3105 5073 Θεοῦ
3133 5019 3302 5086 Λόγος
3329 5018 3408 5080 εἰς
3429 5016 3690 5086 ὁμοίωσιν
3712 5007 3853 5081 ἡμῶν

2297 5113 2584 5185 κατῆλθεν.
2633 5112 2920 5166 Ἀδύνατον
2945 5110 3001 5163 δὲ
3023 5105 3093 5180 ἦν
3114 5108 3246 5162 Θεὸν
3274 5108 3604 5182 ὁμοιωθῆναι
3637 5107 3763 5176 ἡμῖν
3787 5095 3853 5169 μὴ

2300 5204 2671 5276 σαρκωθένταν
2706 5203 2767 5257 οὐ
2820 5203 2930 5274 γὰρ
2956 5199 3246 5271 ἀσώματον
3285 5196 3426 5264 εἶδος
3461 5198 3611 5269 αὐτῷ
3641 5190 3850 5263 ἀσωμά-

2293 5313 2388 5350 του
2416 5295 2602 5360 οὐσίας
2646 5295 3017 5366 προσεγίνετο,
3039 5293 3175 5365 ὅπερ
3197 5288 3265 5364 ἦν
3297 5291 3486 5356 αὐτὸς,
3512 5291 3650 5345 ἀλλὰ
3674 5288 3731 5342 τὸ
3767 5299 3854 5335 σω-

2299 5387 2528 5459 ματικόν
2551 5403 2565 5417 '
2605 5387 2890 5458 σωματικὴ
2918 5386 2976 5439 δὲ
3025 5385 3183 5437 οὐσία
3212 5385 3337 5437 ἄνευ
3378 5381 3734 5452 προσλήψεως
3762 5373 3851 5426 οὐκ

2294 5479 2535 5546 ἐγίνετο·
2563 5478 2651 5532 διὰ
2673 5477 2829 5531 τοῦτο
2859 5476 3021 5547 σῶμα
3057 5475 3276 5544 ἀληθῶς
3311 5471 3672 5545 προσέλαϐεν,
3707 5469 3784 5520 ἵνα
3807 5461 3850 5512 οἱ

2293 5571 2394 5642 τῆς
2428 5569 2487 5636 ἐξ
2521 5571 2694 5642 ἀρχῆς
2724 5569 3088 5639 ἀδελφότητος
3124 5567 3468 5628 ἐκπεσόντες,
3517 5564 3605 5617 διὰ
3649 5563 3743 5630 τὴν
3766 5551 3849 5642 τοῦ

2295 5641 2588 5733 ἀσωμάτου
2617 5641 2795 5725 εἴδους
2829 5659 3090 5729 ἀλλαγὴν,
3121 5657 3267 5711 τοῦτ’
3297 5656 3415 5709 ἔστι
3454 5655 3556 5724 τῆς
3583 5652 3674 5707 τοῦ
3699 5641 3852 5703 Πνεύ·

1321 5814 1411 5869 ⁸³1
1443 5814 1584 5870 Tim.
1619 5829 1701 5880 ιιι,
1739 5814 1822 5871 16.
1905 5815 1949 5848 ³⁸
1973 5813 2127 5871 Joan.
2167 5815 2319 5881 t,18.
