4148 6544
302 445 433 510 1301

1182 444 1546 504 HISTORIA
1586 438 1917 502 CONCILII
1957 435 2260 498 NIC:ENI.
2299 457 2370 472 --
2401 433 2547 493 LIB.
2591 430 2675 490 II.

3351 404 3354 407 ’
3409 414 3546 480 1302

303 575 472 630 ματος
503 559 748 630 χάριτος,
766 552 834 629 ἧς
864 557 952 612 διὰ
974 557 1080 612 τῶν
1108 557 1339 628 πρώτων
1368 555 1671 627 ἀνθρώπων
1692 554 1784 608 τοῦ
1808 568 1868 605 τε

1989 558 2224 604 iarentes
2265 545 2531 600 Adamum
2573 549 2629 595 et
2677 537 2842 594 Evam
2872 532 3178 595 amisimus,
3211 542 3306 599 per
3353 526 3539 596 ﬁgura:

312 650 482 720 ’Δδὰμ
502 650 598 704 καὶ
624 651 722 719 τῆς
749 650 892 715 Εὔας
915 650 1297 719 ἀπωλέσαμεν,
1314 651 1391 713 είς
1409 648 1743 718 ἀδελφότητα
1769 648 1874 700 eis-

301 741 558 810 αχθῶμεν
623 739 711 793 διὰ
743 740 845 809 τῆς
880 741 1197 811 σωματικῆς
1228 739 1606 811 προσλήψεως,
1647 738 1740 792 καὶ
1768 738 1873 792 πάι

303 829 387 881 λιν
413 829 473 882 τὸ
492 829 784 899 ἀσώματον
811 828 947 893 εἶδος
967 829 1028 884 τὸ
1057 829 1200 884 θεῖον
1231 829 1618 898 ἀπολάϐωμεν.
1650 827 1875 898 Λαμϐά-

303 935 386 973 νει
439 919 498 971 δὲ
527 919 705 990 σάρκα
735 922 798 972 ὲκ
845 919 1123 987 γυναικός.
1156 919 1344 982 Οὕτως
1402 919 1511 990 γὰρ
1551 918 1648 971 καὶ⁹
1682 919 1894 988 ὁμογεο.

304 1006 401 1077 νὴς
440 1008 574 1076 ἡμῖν
620 1008 968 1073 καθίσταται,
1006 1008 1093 1060 ἴνα
1136 1009 1229 1061 καὶ
1261 1008 1336 1072 ὡς
1378 1008 1695 1078 όμογενέσιν
1744 1008 1877 1077 ἡμῖν

311 1097 522 1168 μεταδῷ
552 1098 652 1168 τῆς
688 1099 844 1169 δόξης
871 1099 969 1168 τῆς
1003 1098 1219 1163 ἑαυτοῦ,
1253 1099 1340 1152 ἵνα
1382 1099 1479 1152 καὶ
1507 1098 1606 1169 τὴν
1645 1090 1878 1166 γυναῖκα

304 1190 395 1244 διὰ
421 1190 520 1259 τῆς
540 1192 851 1260 γεννήσεως
872 1190 1180 1264 ἁνασὼσῃ.ι
1202 1191 1515 1260 Σωθήσεται
1538 1189 1668 1261 γὰρ,
1691 1189 1874 1259 φησὶν,

308 1284 341 1352 ὴ
374 1282 511 1352 γυνὴ
555 1283 643 1336 διὰ
676 1283 773 1353 τῆς
805 1284 1170 1352 τεκνογονίας.
1209 1302 1227 1334 ι
1253 1282 1398 1352 Σὰρξ
1425 1281 1482 1335 δὲ
1509 1282 1880 1352 προσείληπτο

306 1373 368 1426 τὸ
398 1375 538 1427 κατὰ
573 1373 737 1441 φύσιν
772 1373 973 1445 ἔχουσα
1025 1374 1288 1438 ζωτικόνο
1315 1373 1547 1444 οὐδεμία
1577 1373 1688 1445 γὰρ
1741 1373 1880 1444 σὰρξ

309 1465 438 1518 ἄνευ
495 1464 590 1517 τοῦ
649 1464 906 1533 ζωτικοῦ,
955 1466 984 1520 ὃ
1029 1467 1122 1521 καὶ
1168 1466 1348 1537 ψυχὴν
1409 1467 1556 1532 ίδίως
1604 1468 1638 1539 ή
1687 1466 1878 1540 Γραφὴ

310 1557 486 1613 καλεῖ.

868 1674 932 1727 '0
962 1675 1321 1744 φιλόσοφος.

377 1784 478 1848 Τίς
514 1786 614 1839 οῦκ
645 1787 711 1839 ἂν
739 1785 984 1858 ἐκπλαγῇ
1017 1789 1109 1841 ἐπὶ
1141 1791 1252 1853 τοῖς
1286 1790 1593 1860 μεγαλείοις
1620 1790 1715 1844 τοῦ
1745 1791 1880 1846 Θεοῦ

1975 644 2311 711 incorporea:
2339 636 2693 691 mutationem
2735 627 3133 686 excideramus,
3168 620 3237 675 ad
3286 615 3543 672 fraterni-

1977 743 2141 788 tatem
2185 746 2282 802 per
2311 726 2558 798 corporis
2588 719 3008 788 assutnptionem
3040 713 3448 770 reducerentur,
3488 714 3545 760 et

1976 827 2170 880 iterum
2203 823 2574 890 incorpoream
2602 813 2836 884 speciem
2868 809 3106 863 divinam
3147 802 3541 870 acciperemus.

1976 917 2188 984 Accipit
2217 889 2396 968 autem
2430 923 2645 964 carnem
2673 919 2740 960 ex
2771 901 3036 956 muliere:
3086 897 3168 952 sic
3205 893 3350 946 enim
3384 889 3541 945 nobis

1978 983 2172 1063 similis
2195 1005 2368 1058 factus
2397 1009 2498 1066 est,
2539 1007 2597 1052 ut
2618 1009 2717 1050 nos
2742 993 2844 1048 sibi
2876 988 3081 1047 similes
3106 983 3402 1057 participes
3429 994 3540 1033 sua:

1979 1097 2166 1170 gloriae
2214 1094 2440 1154 faceret,
2497 1100 2550 1143 et
2604 1098 2664 1142 ut
2718 1085 3000 1140 mulierem
3055 1095 3154 1149 per
3199 1075 3540 1130 nativitatem

1980 1203 2134 1242 suam
2163 1186 2415 1240 salvaret.
2471 1197 2491 1232 ι
2527 1176 2834 1232 Salvabitur
2878 1173 3048 1233 enim,
3102 1168 3300 1237 inquit,
3355 1162 3550 1217 mulier

1979 1294 2077 1351 per
2128 1276 2359 1331 ﬁliorum
2408 1270 2808 1343 generationem
2831 1267 2900 1320 ³³.
2951 1283 2970 1316 ι
3022 1262 3164 1317 Caro
3211 1265 3394 1311 autem
3445 1267 3548 1306 asc

1980 1342 2190 1438 sumpta
2220 1379 2328 1432 est,
2353 1342 2474 1434 quae
2495 1362 2790 1418 secundum
2836 1366 3087 1413 naturam
3123 1349 3356 1405 habebat
3405 1342 3548 1413 quod

1980 1464 2143 1518 vitale
2164 1469 2289 1515 est:
2341 1457 2482 1512 nulla
2515 1454 2659 1509 enim
2693 1465 2822 1505 caro
2846 1462 2911 1503 eo
2959 1447 3103 1516 quod
3137 1442 3300 1498 vitale
3341 1447 3426 1495 est
3461 1450 3550 1492 ca-

1983 1565 2084 1622 ret,
2114 1551 2256 1625 quod
2287 1548 2569 1620 Scriptura
2599 1541 2818 1616 proprie
2841 1539 3080 1594 animum
3117 1533 3372 1606 appellat.

2594 1651 2959 1720 Philosophus.

2053 1785 2182 1851 Quis
2208 1797 2313 1836 non
2345 1782 2557 1846 stupeat
2582 1772 2636 1825 in
2680 1768 2766 1824 his
2802 1765 2894 1820 Dei
2932 1759 3285 1831 magualibus,
3311 1764 3370 1810 ut
3398 1752 3544 1807 dice-

310 1873 537 1938 τούτοις,
569 1876 645 1939 ὡς
689 1877 888 1945 ἐφατες
927 1852 1080 1948 VIIth
1117 1852 1240 1942 πῶς
1276 1852 1543 1950 λαμϐάνει
1572 1852 1774 1955 *σάρκα
1819 1885 1882 1936 ὲκ

1989 1878 2163 1934 batis?
2212 1873 2592 1928 Verumtamen
2629 1858 2899 1932 quomodo
2954 1852 3163 1922 accepit
3207 1861 3430 1904 carnem
3479 1859 3546 1900 ex

311 1966 590 2033 γυναικὸς,
625 1967 809 2031 καθὼς
839 1967 1040 2040 ἀρτίως
1070 1969 1357 2040 είρήκατε;

326 2078 669 2147 Ἀπόκρισις
700 2078 820 2152 τῶν
863 2083 1047 2150 ἁγίων
1085 2083 1362 2152 Πατέρων
1401 2086 1499 2141 διὰ
1545 2087 1652 2141 τοῦ
1697 2088 1884 2143 αὐτοῦ

525 2151 830 2218 Μακαρίου
853 2152 1187 2207 ἐπισκόπου
1232 2151 1672 2226 Ἱεροσολύμων.

380 2282 528 2383 ζ’ῐῖδη
548 2285 856 2383 εἰρήκαμέν
881 2303 985 2352 σοι,
1012 2280 1058 2340 ὧ
1084 2287 1348 2357 βέλτιστε,
1379 2291 1643 2361 μηδαμῶς
1661 2293 1753 2346 ἐπὶ
1777 2293 1886 2346 τῶν

312 2373 408 2426 τοῦ
438 2373 576 2427 Θεοῦ
602 2377 916 2447 μυστηρίων
942 2377 1123 2445 λέγειν
1145 2380 1205 2431 τὸ
1235 2379 1382 2443 ὅπως
1406 2395 1419 2408 '
1454 2381 1745 2454 ἀπόρρητα
1778 2383 1886 2455 γάρ

313 2467 421 2518 εἰσι
447 2466 540 2518 καὶ
559 2465 971 2535 ἅνεπιλόγιστα·
995 2469 1070 2532 ὡς
1089 2470 1144 2522 δὲ
1164 2472 1228 2522 ὲκ
1246 2470 1353 2524 τῶν
1384 2472 1544 2542 ἱερῶν
1573 2473 1748 2542 λόγων
1775 2477 1883 2530 ὲδι-

313 2557 608 2627 δαχθημεν,
636 2557 870 2630 ἐροῦμεν
899 2561 1022 2613 ὅσον
1049 2562 1077 2614 6
1102 2559 1256 2630 λόγος
1283 2563 1631 2633 παραστῆσαι
1660 2565 1886 2638 δυνήσε-

314 2666 424 2701 ται.
457 2650 530 2702 Τὸ
555 2650 662 2721 γὰρ
690 2652 965 2716 παντελῶς
1008 2654 1416 2725 καταληπτικὺν
1454 2657 1548 2710 τοῦ
1585 2661 1885 2731 μυστηρίου

316 2740 548 2804 ἐκείνου,
593 2741 691 2810 τῆς
719 2740 813 2794 τοῦ
852 2743 1056 2812 Κυρίου
1089 2745 1356 2814 ὲνσάρκου
1399 2744 1734 2815 οἰκονομίας,
1767 2749 1888 2813 πῶς

315 2831 558 2898 γέγονεν,
588 2829 730 2885 οἶδεν
762 2831 1065 2903 ἀνθρώπων
1101 2835 1220 2888 οὐδὲ
1253 2835 1499 2904 ἀγγέλων
1531 2837 1736 2901 οὐδεὶς,
1767 2839 1886 2891 οὐδὲ

317 2919 479 2982 αὐτὸς
508 2919 745 2990 Γαϐριὴλ
774 2921 802 2972 6
827 2920 1289 2990 διακονησάμενος
1319 2923 1396 2993 τῷ
1427 2925 1711 2995 μυστηρίῳ
1740 2926 1885 2979 ὲκεί-

316 3027 411 3078 νῳ,
441 3010 564 3062 οὐδὲ
593 3012 627 3082 ἠ
667 3011 942 3079 πάναγνος
964 3012 1060 3065 καὶ
1086 3013 1302 3085 καθαρὰ
1332 3016 1424 3069 καὶ
1449 3015 1584 3084 ἁγία
1609 3016 1887 3086 Παρθένος

318 3101 506 3170 Μαρία
529 3103 882 3172 παραστῆσαι
905 3104 1190 3177 δυνήσεται
1210 3107 1310 3176 τὴν
1329 3108 1456 3177 ὅλην
1472 3109 1572 3177 τῆς
1596 3109 1764 3179 αὐτῆς
1790 3108 1886 3163 τοῦ

317 3193 450 3292 θεοῦ
481 3194 656 3292 Λόγου
684 3196 1368 3292 σαρκιῦσεως-κατάληψιν.
1395 3201 1566 3264 Αὐτὸς
1592 3201 1700 3272 γὰρ
1728 3201 1888 3271 μόνος
1909 3234 1956 3292 C

315 3285 346 3337 6
371 3287 666 3386 μονογενὴς
692 3287 786 3338 τοῦ
815 3287 947 3340 Θεοῦ
992 3289 1118 3352 Υἱὸς
1145 3289 1206 3342 τὸ
1234 3291 1460 3361 ἀκριϐὲς
1493 3287 1603 3345 οἶδε
1633 3295 1731 3363 τῆς
1761 3294 1888 3346 ἐαυ-

319 3376 412 3428 τοῦ
438 3376 504 3429 δι’
537 3378 682 3447 ὑμᾶς
732 3378 1220 3450 ἑνανθρωπήσεως.
1263 3384 1324 3435 Ei
1365 3384 1471 3453 γὰρ
1505 3384 1600 3436 καὶ
1639 3384 1890 3456 παρέδωο

322 3484 423 3520 σαν
451 3469 579 3537 ἡμῖν
604 3468 655 3521 oi
683 3467 781 3522 ἀπ’
807 3469 985 3540 ἀρχῆς
1019 3471 1287 3526 αὐτόπται
1315 3475 1410 3526 καὶ
1445 3475 1712 3546 ὑπηρέται
1743 3476 1893 3544 γενό⁴

322 3577 476 3631 μενοι
502 3559 595 3613 τοῦ
621 3560 804 3629 λόγου,
837 3563 979 3616 καθά
1020 3581 1186 3635 φησιν
1207 3568 1236 3618 6
1265 3568 1500 3632 Λουκᾶς,
1528 3569 1659 3638 περὶ
1687 3568 1785 3639 τῆς
1809 3570 1895 3622 ὲνο

322 3653 529 3722 σάρκου
575 3653 741 3706 αὑτοῦ
787 3657 1133 3725 οίκονομίαςυ
1165 3658 1244 3710 ὅτι
1283 3659 1346 3710 ὲκ
1380 3658 1695 3729 σπέρματος
1724 3661 1889 3716 Δαυῖδ

320 3745 415 3796 καὶ
460 3743 712 3815 ’Λϐραὰμ
742 3746 801 3798 τὸ
835 3747 975 3800 κατὰ
1012 3749 1212 3819 σάρκα,
1251 3749 1427 3802 καὶτὸ
1464 3769 1482 3801 t
1527 3750 1615 3815 Ἐξ
1649 3745 1716 3822 ἦς
1739 3756 1893 3820 ἐγενο

321 3833 458 3903 νήθη
500 3834 761 3904 Ἰησοῦς,›
791 3835 932 3890 τοῦτ’
967 3837 1114 3890 ἔστιν
1150 3841 1213 3891 ὲκ
1243 3841 1343 3908 τῆς
1370 3839 1668 3910 Παρθένου,
1701 3861 1718 3893 ι
1755 3844 1783 3894 6
1806 3842 1893 3895 λεο

319 3924 550 3994 γόμενος
580 3926 814 3997 Χριστός
837 3943 851 3956 ·
882 3928 975 3980 καὶ
1011 3929 1090 3981 ὅτι
1116 3921 1192 3984 ὧν
1222 3931 1269 3982 οί
1299 3929 1569 4001 πατέρες,
1601 3931 1695 3984 καὶ
1723 3931 1783 3997 ἐξ
1809 3925 1885 3986 ὧν

320 4017 348 4066 6
379 4015 613 4085 Χριστὸς
643 4016 702 4068 τὸ
751 4016 894 4069 κατὰ
922 4017 1128 4087 σάρκαο
1164 4038 1182 4069 ι
1211 4018 1305 4072 καὶ
1337 4019 1419 4072 ὃτι
1453 4038 1471 4070 t
1503 4019 1600 4072 οὐκ
1621 4020 1890 4088 ἀγγέλων,

323 4107 458 4161 ἀλλὰ
509 4107 825 4179 σπέρματος
892 4110 1146 4181 ’Δϐραὰμ
1201 4110 1523 4179 ἐπελάϐετο,
1580 4131 1598 4163 ι
1662 4115 1758 4168 καὶ
1812 4115 1895 4168 ὃτι

328 4216 346 4248 ι
381 4197 724 4298 κατὰ-πάντα
752 4201 1007 4272 ὡμοιώθη
1029 4203 1180 4271 ἡμῖν,
1222 4202 1364 4273 πλὴν
1399 4204 1498 4274 τῆς
1533 4205 1831 4276 ἁμαρτίας,
1869 4225 1888 4258 ι

320 4289 492 4342 ταῦτα
521 4289 701 4360 ἴσμενο
733 4292 760 4343 ό
786 4291 842 4344 δὲ
867 4293 1088 4362 τρόπος,
1105 4293 1223 4356 πῶς
1241 4293 1415 4347 ταῦτα
1445 4295 1760 4366 γεγένηται,
1788 4297 1895 4351 πά·-

323 4396 422 4450 σης
453 4379 682 4450 λογικῆς
709 4383 926 4452 φῦσεως
949 4384 1268 4454 ὑπερϐαίνει
1308 4385 1566 4442 διάνοιαν.
1593 4387 1757 4455 Λέγει
1787 4387 1894 4460 γὰρ

318 4475 414 4526 καὶ
439 4476 566 4544 περί
584 4474 773 4529 τούτου
817 4477 1082 4548 Ἱερεμίας
1103 4479 1132 4530 6
1163 4479 1477 4550 προφήτης·
1514 4498 1531 4531 ι
1563 4481 1673 4533 Καὶ
1693 4480 1896 4552 ἄνθρωο

1987 1971 2229 2032 muliere,
2259 1975 2315 2018 ιιι
2344 1961 2500 2032 paulo
2531 1965 2657 2012 ante
2686 1949 2996 2008 asseruistis
3021 1947 3044 2001 ?

1985 2083 2265 2153 Responsio
2296 2085 2596 2153 sanctorum
2625 2068 2847 2153 Pii-trum
2875 2079 2966 2153 per
2983 2060 3223 2116 eumdem
3251 2056 3302 2111 Μ
3310 2054 3547 2110 acariunt

2332 2146 2632 2216 episcOpum
2666 2134 3174 2204 Hierosolymorum.

2051 2287 2172 2343 lam
2229 2281 2539 2338 monuimus
2590 2284 2666 2340 te,
2711 2271 2795 2326 vir
2838 2268 3059 2338 optime,
3111 2274 3456 2332 nequaquam
3493 2257 3551 2311 in

1987 2378 2184 2436 divinis
2211 2373 2487 2447 mysteriis
2504 2370 2713 2430 dicere,
2748 2359 3062 2433 quomodo?
3092 2353 3381 2411 ineffabilia
3405 2351 3550 2407 enim

1987 2479 2113 2526 sunt
2176 2475 2234 2522 et
2268 2441 2878 2530 incomprehensibilia.
2916 2450 2988 2505 Ut
3021 2457 3202 2502 autem
3255 2459 3318 2498 ex
3378 2441 3554 2496 sacris

1987 2559 2209 2618 Litteris
2264 2555 2438 2612 edocti
2491 2563 2701 2611 sumus,
2766 2545 3006 2599 dicemus
3054 2546 3315 2608 quantum
3377 2533 3556 2588 oratio

1987 2653 2243 2722 consequi
2279 2647 2494 2720 poterit.
2527 2637 2906 2697 Omnimodam
2936 2633 3081 2689 enim
3115 2627 3357 2700 mysterii
3409 2623 3554 2679 illius

1985 2715 2384 2817 cognitionem,
2428 2732 2699 2808 quomodo
2747 2725 3084 2798 dispensatio
3136 2722 3190 2777 in
3237 2731 3403 2775 carne
3451 2715 3553 2768 Do-

1987 2837 2116 2894 mini
2151 2835 2293 2889 facta
2324 2831 2414 2895 sit,
2445 2826 2620 2882 mdlus
2651 2835 2826 2892 neque
2853 2817 3159 2880 hominum,
3187 2823 3360 2882 neque
3387 2821 3554 2876 ange-

1989 2932 2185 2993 lorum,
2223 2938 2321 2980 nec
2351 2924 2464 2993 ipse
2508 2915 2750 2980 Gabriel,
2785 2913 2876 2984 qui
2922 2911 3097 2967 eidem
3153 2903 3412 2978 mysterio
3448 2899 3555 2952 mi-

1987 3019 2258 3082 nistravit,
2292 3028 2467 3083 neque
2491 3010 2715 3066 omnino
2750 3015 2958 3068 sancta,
2982 3018 3113 3072 pura
3157 3010 3208 3056 et
3235 3006 3383 3053 casta
3408 2993 3557 3062 virgo

1988 3113 2158 3169 Maria
2202 3105 2459 3177 consequi
2498 3103 2698 3173 poterit
2738 3109 2904 3155 totam
2942 3095 3104 3162 hujus
3148 3093 3239 3148 Dei
3273 3087 3433 3145 Verbi
3476 3085 3556 3140 in—

1989 3202 2322 3263 carnationis
2362 3194 2794 3264 intelligentiam.
2836 3189 2953 3259 Ipse
2993 3187 3193 3242 etenim
3237 3182 3383 3238 solus
3432 3177 3558 3231 uui-

1991 3298 2200 3369 genitus
2234 3294 2331 3348 Dei
2379 3289 2550 3345 Filius
2577 3294 2768 3341 exacte
2798 3281 2948 3338 novit
2986 3293 3139 3335 suam
3190 3281 3413 3346 propter
3459 3284 3558 3324 nos

1991 3360 2495 3445 inhumanationem
2523 3397 2538 3447 ;
2592 3378 2687 3432 sed
2717 3389 2842 3444 qua:
2874 3372 3029 3426 nobis
3075 3367 3430 3428 tradiderunt,
3464 3360 3556 3430 qui

1994 3482 2061 3536 ab
2089 3477 2242 3533 initio
2285 3475 2387 3543 ipsi
2417 3471 2691 3532 viderunt,
2723 3475 2779 3522 et
2807 3461 3044 3520 miistri
3075 3461 3296 3516 fuerunt
3347 3468 3556 3511 sermo-

1993 3574 2099 3634 nis,
2135 3576 2192 3622 ut
2250 3566 2327 3620 ait
2377 3562 2554 3618 Lucas
2573 3559 2644 3623 ³⁶,
2694 3557 2761 3611 de
2791 3555 2934 3610 illius
2975 3553 3026 3607 iu
3060 3563 3224 3606 carne
3276 3547 3558 3615 dispensa-

1994 3663 2160 3727 tione,
2199 3656 2341 3726 quod
2371 3652 2578 3710 scilicet
2611 3664 2680 3706 ex
2721 3647 2929 3703 semine
2981 3641 3146 3697 David
3187 3648 3242 3694 et
3282 3637 3556 3692 Abraham

1991 3750 2285 3810 secundum
2314 3758 2564 3810 carnem;
2601 3751 2656 3797 et
2701 3756 2716 3793 :
2754 3758 2772 3792 ‹
2803 3738 2878 3792 De
2932 3750 3039 3805 qua
3087 3742 3246 3788 natus
3269 3740 3353 3784 est
3379 3727 3556 3790 Jesus,

1993 3851 2083 3920 qui
2116 3856 2342 3905 vocatur
2368 3843 2613 3899 Christus
2633 3839 2704 3905 ³⁷,
2735 3857 2754 3891 ι
2807 3837 2858 3892 id
2886 3843 2988 3898 est,
3027 3848 3090 3888 ex
3130 3829 3390 3898 Virgine:
3445 3843 3463 3875 ι
3497 3825 3562 3878 Et

1994 3919 2220 4011 quorum
2251 3936 2459 3998 Patres,
2514 3941 2570 3987 et
2617 3947 2683 3986 ex
2735 3929 2932 3998 quibus
2959 3925 3211 3980 Christus
3260 3919 3558 3976 secundum

1994 4045 2209 4086 carnem
2234 4028 2316 4093 ³⁸;
2355 4045 2373 4080 ι
2412 4035 2466 4080 et
2496 4042 2519 4076 ι
2549 4023 2692 4092 quod
2722 4036 2829 4076 non
2889 4017 3224 4089 angelorum,
3256 4012 3348 4068 sed
3374 4025 3559 4065 semen

1993 4125 2224 4179 Abrahae
2252 4115 2604 4190 apprehendit
2624 4115 2674 4147 ”
2699 4129 2716 4181 ;
2749 4130 2768 4166 ι
2806 4120 2860 4168 et
2889 4110 3030 4181 quod
3084 4127 3101 4160 (
3131 4122 3229 4176 per
3251 4104 3430 4160 omnia
3465 4117 3565 4157 no-

1994 4217 2078 4270 bis
2108 4213 2444 4270 assimilatus
2481 4219 2588 4274 est,
2618 4215 2846 4276 excepto
2882 4211 3105 4273 peccato
3127 4201 3172 4233 ⁸ο
3196 4217 3211 4266 ;
3237 4218 3255 4250 ι
3302 4199 3420 4252 haec
3458 4196 3564 4250 scio

1997 4321 2158 4371 mus;
2209 4304 2400 4357 modus
2439 4311 2619 4356 autem
2669 4313 2778 4368 quo
2828 4296 2946 4350 haec
2990 4302 3142 4364 gesta
3185 4300 3333 4354 sunt,
3386 4288 3566 4342 omnis

1996 4407 2264 4451 creatura:
2315 4394 2596 4448 rationalis
2645 4389 3029 4460 cogitationem
3082 4381 3434 4440 transcendit.
3475 4379 3567 4432 Ait.

1996 4498 2172 4544 autem
2204 4498 2259 4544 et
2282 4489 2350 4543 de
2381 4488 2482 4542 hoc
2499 4485 2762 4540 Jeremias
2784 4481 3047 4553 propheta
3076 4497 3094 4534 :
3130 4495 3148 4529 ι
3178 4476 3350 4530 Homo
3383 4482 3488 4534 est,
3511 4480 3564 4526 et

323 4569 422 4632 πός
453 4568 592 4630 ἐστι,
638 4569 734 4622 καὶ
773 4570 856 4632 τίς
901 4571 1168 4639 γνώσεται
1212 4573 1409 4639 αὺτόν;
1448 4593 1468 4626 ι
1509 4573 1889 4644 Θαυμάζοντος

319 4659 376 4712 δὲ
414 4659 507 4712 τοῦ
557 4660 870 4712 ωιλοούωου.
909 4663 1004 4712 καὶ
1043 4665 1244 4712 παντὸς
1288 4664 1383 4712 τοῦ
1412 4666 1889 4712 συναθοοισθέντοε

1999 4581 2120 4648 quis
2150 4586 2442 4648 cognoscet
2472 4576 2618 4630 illum
2645 4574 2734 4625 “1?
2765 4591 2784 4621 ι
2826 4570 3152 4626 Admirante
3183 4578 3362 4622 autem
3392 4563 3566 4631 philo-

1998 4671 2185 4712 mntm-
2237 4677 2288 4712 et
2340 4677 2449 4712 tnta
2501 4663 2843 4712 multitudine
2891 4660 3123 4712 collecta
3172 4659 3238 4712 ad
3289 4652 3564 4709 ausculta-

414 4659 507 4712 τοῦ
557 4660 870 4730 φιλοσόφου,
909 4663 1004 4716 καὶ
1043 4665 1244 4727 παντὸς
1288 4664 1383 4718 τοῦ
1412 4666 1889 4737 συναθροισθέντος

1998 4671 2188 4739 sopbo,
2237 4677 2290 4722 et
2340 4677 2450 4720 tota
2501 4663 2843 4718 multitudine
2891 4660 3123 4716 collecta
3172 4659 3238 4712 ad
3289 4652 3564 4709 ausculta-

321 4750 560 4820 πλήθους
616 4753 698 4816 είς
749 4753 850 4823 τὴν
907 4753 1192 4824 ἀκρόασιν,
1258 4755 1587 4826 προσθέντες
1639 4757 1692 4810 οἱ
1749 4759 1894 4826 ἆγιοι

322 4843 606 4912 Πατέρες,
649 4842 739 4897 διὰ
794 4846 1085 4916 Μακαρίου
1136 4847 1442 4901 ἐπισκόπου
1506 4847 1892 4918 Ἰεροσολύμων

319 4931 482 4986 εἶπαν
504 4950 519 4963 ·

397 5027 536 5097 Ἤδη
585 5026 675 5079 διὰ
707 5027 975 5085 πλείστων
1025 5032 1166 5086 ὅσων
1210 5032 1594 5104 ἀπεδείξαμεν,
1641 5033 1724 5086 ὅτι
1763 5031 1899 5094 Θεὸς

321 5114 390 5188 ἦν
414 5118 441 5169 ὁ
477 5120 770 5190 μονογενὴς
802 5123 930 5185 Υἱὸς
962 5123 1056 5176 τοῦ
1083 5124 1217 5178 Θεοῦ
1237 5165 1251 5190 ,
1287 5126 1511 5195 γέγονεν
1533 5125 1649 5197 [γρ.
1682 5125 1777 5176 καὶ
1802 5123 1896 5191 γέ-

323 5209 504 5280 γονεν]
545 5209 831 5281 ἄνθρωπος
877 5213 967 5267 διὰ
1000 5217 1431 5288 φιλανθρωπίαν,
1460 5217 1772 5288 σαρκωθεὶς
1805 5215 1898 5268 καὶ

323 5302 609 5371 γεννηθεὶς
635 5304 700 5355 ὲκ
746 5305 844 5374 τῆς
876 5307 1153 5377 Παρθένου
1187 5311 1404 5380 Μαρίας
1443 5311 1742 5382 ἀπορρήτῳ
1776 5325 1900 5376 γεν-

323 5399 496 5467 νήσει.
541 5397 760 5467 Ἐπειδὴ
787 5398 894 5468 γὰρ
923 5399 1215 5470 ἠϐουλήθη,
1244 5403 1318 5466 ὡς
1343 5404 1730 5473 προαπέδειξεν
1755 5404 1782 5455 6
1805 5401 1891 5454 λό-

324 5506 441 5557 γος,
471 5491 819 5543 ἀνακαινίσαι
849 5491 917 5543 τὰ
947 5490 1036 5544 διὰ
1064 5493 1161 5561 τὴν
1191 5493 1508 5548 ἀπόπτωσιν
1537 5495 1644 5548 τῶν
1675 5510 1890 5564 πρωτο-

326 5579 582 5634 πλάστων
626 5581 876 5646 λυθέντα,
922 5583 1148 5652 γέγονεν
1191 5585 1249 5639 ὲν
1296 5588 1408 5648 τοῖς
1462 5586 1770 5656 ἡμετέροις,
1804 5584 1892 5636 ἵνα

397 5751 486 5803 ³⁵1
520 5752 659 5806 Tim.
704 5769 763 5812 II,
799 5753 880 5806 15.
982 5751 1024 5781 ³⁸
1051 5751 1178 5805 Luc.
1214 5768 1251 5817 ι,
1278 5752 1331 5805 2.
1411 5753 1452 5783 ⁸⁷
1483 5751 1664 5805 Matth.
1711 5768 1746 5813 l,
1787 5749 1868 5802 16.

323 5815 600 5878 "Jcrem.
637 5795 765 5887 xv",
804 5791 986 5878 θεον.
1214 5791 1251 5817 ιν
1281 5791 1331 5805 --
1711 5791 1746 5813 ,,

1998 4761 2218 4821 tionem,
2267 4757 2524 4811 addentes
2591 4752 2763 4807 sancti
2824 4750 3038 4813 Patres,
3101 4762 3196 4816 per
3264 4741 3571 4799 Macariuut

1995 4851 2305 4920 episcopum
2335 4845 2826 4915 Hierosolymorum
2850 4842 3106 4896 dixerunt
3132 4855 3149 4893 :

2063 5029 2312 5084 Pluribus
2335 5026 2446 5096 iam
2481 5023 2996 5087 demonstravimus,
3032 5021 3175 5092 quod
3208 5020 3349 5075 Deus
3375 4993 3564 5086 unige-

2000 5123 2145 5176 uitus
2170 5119 2338 5175 Filius
2363 5117 2456 5170 Dei
2480 5117 2655 5170 factus
2691 5117 2765 5170 sit
2799 5115 2961 5168 homo
2992 5121 3208 5183 propter
3249 5109 3556 5179 benignita-

2000 5223 2105 5266 tem
2145 5224 2268 5278 erga
2313 5223 2482 5279 genus
2539 5207 2856 5270 humanum,
2898 5205 3212 5258 incarnatus
3255 5213 3308 5257 et
3345 5201 3560 5271 genitus

1996 5322 2060 5360 ex
2090 5303 2309 5373 Virgine
2343 5300 2509 5354 Maria
2565 5296 2927 5369 inexplicabili
2977 5295 3342 5365 generatione.
3399 5293 3560 5346 Post-

1999 5410 2158 5461 quam
2186 5393 2332 5447 enim
2363 5391 2553 5456 voluit,
2591 5398 2648 5444 ut
2692 5404 2871 5443 sermo
2903 5386 3051 5456 prior
3071 5385 3332 5448 OSteudit,
3356 5383 3561 5436 instau-

2004 5502 2124 5541 rare
2149 5501 2268 5555 qum
2311 5499 2405 5553 per
2442 5484 2742 5552 primorum
2788 5488 3072 5546 parentum
3108 5476 3318 5544 lapsum
3353 5474 3563 5526 fuerant

1999 5579 2200 5640 soluta,
2235 5586 2394 5630 natus
2420 5574 2583 5630 estin
2631 5571 2851 5638 nostris,
2897 5579 2954 5624 ut
2996 5585 3094 5623 nos
3139 5569 3193 5623 iu
3238 5566 3351 5621 suis
3395 5564 3563 5634 ipsius

1984 5747 2028 5778 ³⁸
2055 5746 2210 5799 Rom.
2249 5761 2325 5811 ut,
2362 5744 2416 5800 5.
2537 5745 2581 5776 ³⁸
2608 5743 2770 5799 "chr.
2811 5759 2867 5807 tt,
2908 5743 2988 5797 16.
3070 5743 3114 5772 ³⁵⁵
3149 5739 3310 5793 llclir.
3371 5752 3443 5798 tv,
3478 5734 3556 5786 iii.
