4148 6574
549 418 688 482 1303

1807 423 2110 484 GELASII
2152 423 2495 483 CYZICENI

3670 408 3816 474 13M

548 537 838 596 reticeret;
893 530 1331 587 condescendens
1384 532 1543 601 quasi
1588 535 1828 605 optimus
1880 537 2164 598 medieusi

2246 536 2379 606 ιιμᾶς
2408 534 2614 606 ποιήσῃ
2640 535 2700 588 ὲν
2730 535 2844 596 τοῖς
2885 531 3106 596 ἑαυτοῦ,
3137 527 3487 599 συγκαταϐὰς
3515 527 3591 591 ὡς
3624 529 3814 596 ias-pe;

548 624 855 680 inﬁrmitati
894 633 1115 678 nostra.
1157 623 1358 678 lterum
1391 625 1640 683 dicemus
1668 628 1771 683 hoe
1799 629 2128 684 condescen-

548 714 701 777 dere,
731 721 788 766 et
817 713 1166 778 descendere,
1202 721 1260 767 et
1297 714 1462 778 mitti,
1503 716 1656 785 juxta
1714 732 1828 774 sua:
1883 719 2129 773 inhuma-

552 803 792 858 nationis
831 804 1051 858 modum
1076 803 1474 874 accipiendum,
1512 815 1570 860 ut
1610 807 1762 878 prius
1789 810 2129 864 demonstra-

552 897 754 950 vimus.
798 894 1094 950 Divinitate
1123 899 1268 951 enim
1302 912 1399 951 sua
1432 899 1622 956 omnia
1646 915 1768 954 cum
1800 901 1962 956 Patre
1985 915 2131 956 sem-

554 1004 651 1056 per
679 988 890 1058 implet,
922 987 1224 1043 secundum
1268 990 1419 1058 prius
1459 991 1689 1046 traditas
1723 991 2128 1061 intelligentias.

555 1081 694 1136 Audi
720 1096 872 1150 ergo.
925 1079 1046 1134 Nati
1084 1097 1270 1135 sumus
1317 1096 1385 1135 ex
1434 1082 1707 1138 muliere:
1765 1085 1910 1139 venit
1942 1085 1994 1138 in
2029 1085 2133 1139 hoc

554 1178 782 1241 propter
807 1171 1132 1226 cltaritatem
1159 1187 1287 1241 erga
1318 1173 1586 1230 homines.
1620 1176 1690 1228 At
1717 1190 1816 1230 nos
1866 1191 1931 1231 ex
1993 1175 2134 1230 dele-

557 1271 832 1318 etamento
857 1264 1108 1318 somniet
1139 1264 1345 1319 semine
1371 1265 1472 1319 viri
1498 1283 1515 1332 ;
1543 1268 1659 1335 ipse
1687 1277 1868 1323 autem
1896 1268 2044 1326 solus
2064 1286 2132 1326 ex

561 1354 769 1426 Spiritu
812 1366 1001 1413 saneto
1039 1365 1095 1414 et
1143 1357 1310 1413 Maria
1368 1359 1606 1429 Virgine.
1667 1358 1961 1418 Laetamur
1997 1379 2130 1420 nos:

559 1449 710 1504 venit
737 1449 902 1503 etiam
938 1448 993 1503 in
1026 1449 1130 1503 hoe
1161 1450 1458 1505 secundum
1505 1466 1749 1516 carnem,
1794 1453 1887 1522 qui
1935 1454 2136 1509 deitate

561 1554 658 1596 sua
701 1542 848 1595 omni
893 1541 1042 1596 carni
1076 1540 1390 1596 alimentum
1430 1543 1654 1611 praebet.
1695 1543 2022 1602 Proﬁeimus
2074 1548 2130 1602 in

561 1633 739 1686 aetatis
776 1641 1164 1701 augmentum:
1195 1648 1300 1692 non
1336 1633 1660 1703 dedignatus
1685 1646 1770 1691 est
1799 1645 1854 1690 et
1892 1638 2008 1707 ipse
2031 1638 2135 1694 hoc

565 1724 681 1778 ﬁeri
717 1723 1095 1793 corporaliter,
1129 1726 1270 1780 sicut
1302 1726 1561 1798 scriptum
1593 1735 1698 1792 est,
1739 1728 1882 1798 quod
1929 1748 1947 1781 ι
1978 1727 2136 1785 Jesns

564 1815 879 1885 proﬁciebat
907 1815 1196 1885 sapientia,
1228 1826 1384 1872 tetate
1428 1825 1483 1873 et
1509 1818 1682 1888 gratia
1712 1821 1855 1890 apud
1883 1821 2047 1876 Deum
2079 1831 2134 1876 et

565 1907 811 1964 homines
831 1909 897 1975 “;
926 1928 946 1961 ›
975 1917 1028 1963 et
1055 1924 1224 1979 usque
1253 1911 1316 1964 ad
1347 1911 1680 1966 tricesimum
1711 1927 1912 1967 annum
1961 1923 2136 1968 trans-
2168 1896 2209 1950 Β

569 1999 746 2066 igens,
794 2005 851 2052 ut
889 1998 1033 2054 omni
1063 2000 1206 2054 aetati
1238 1999 1608 2065 benediceret,
1659 2010 1786 2057 tunc
1830 2001 1895 2056 ad
1962 2003 2136 2072 bapti-

566 2107 740 2144 smum
804 2091 974 2159 venit,
1045 2093 1370 2161 praedicante
1417 2091 1624 2150 Joanne
1687 2092 1964 2150 Zachariae
2028 2096 2156 2151 ﬁlio

566 2183 632 2235 ad
691 2182 944 2250 populum
1004 2183 1328 2253 baptismum
1401 2182 1820 2251 poenitentia“,
1872 2200 1978 2239 non
2037 2201 2139 2239 au-

567 2285 674 2328 tem
720 2274 1057 2329 remissionis
1101 2283 1479 2343 peccatorum,
1511 2284 1605 2328 aut
1640 2275 1946 2346 adoptionis
1998 2277 2138 2331 ﬁlio-

570 2381 687 2419 rum
722 2365 922 2420 donum
972 2365 1270 2434 largiente:
1301 2381 1406 2420 non
1446 2367 1590 2420 enim
1638 2376 1758 2421 erat
1789 2366 2013 2423 Joannis
2038 2369 2142 2424 hoe

566 2461 719 2522 dare,
778 2460 872 2512 sed
921 2473 1099 2528 neque
1156 2457 1352 2527 angeli,
1418 2472 1606 2511 verum
1658 2459 1828 2526 ipsius
1881 2461 2141 2515 duntaxat

568 2550 829 2605 incantati
864 2560 919 2604 et
955 2550 1294 2604 inltutnanati
1324 2547 1416 2602 Dei
1451 2547 1640 2603 Verbi.
1687 2548 1756 2603 Et
1790 2551 1990 2621 accipit
2043 2568 2140 2606 ιιο-

566 2654 736 2696 strnm
772 2641 1122 2711 baptismum,
1145 2649 1198 2695 et
1227 2654 1349 2693 cum
1377 2648 1524 2694 esset
1553 2638 1696 2693 Deus
1736 2640 1854 2694 sine
1892 2652 2138 2708 peccato.

565 2732 923 2801 corporaliter
959 2733 1262 2800 baptizatus
1289 2738 1372 2785 est
1403 2739 1466 2784 ut
1496 2731 1698 2796 homo;
1752 2747 1856 2785 non
1904 2732 2017 2800 ipse
2062 2732 2145 2786 in-

567 2827 755 2894 digens
802 2824 1092 2894 baptismo,
1143 2823 1238 2876 sed
1291 2833 1352 2876 ut
1398 2829 1640 2877 nostrum
1675 2824 2000 2894 baptismum
2034 2841 2144 2896 ap—

567 2919 866 2986 probaret:
923 2928 982 2971 ut
1031 2917 1324 2971 credamus
1377 2918 1520 2986 quod
1573 2919 2029 2986 quemadmodum
2090 2921 2140 2974 in

567 3023 690 3062 cum
735 3008 1019 3063 descendit
1058 3005 1294 3077 Spiritus
1338 3018 1580 3072 sanctus,
1637 3008 1710 3063 ita
1751 3017 1806 3064 et
1855 3008 1909 3063 in
1955 3025 2054 3064 nos
2089 3011 2141 3064 in

569 3102 687 3172 ipso
729 3101 1054 3171 baptizatos.
1096 3103 1301 3158 Deinde
1340 3110 1696 3160 conversatus
1743 3117 1866 3156 cum
1913 3103 2144 3157 homini-

570 3195 670 3248 lms
698 3193 767 3258 “,
805 3203 858 3248 et
907 3207 1127 3249 suorum
1175 3196 1480 3250 divinorum
1541 3204 1930 3264 praeceptorum
1990 3209 2144 3247 man-

573 3285 708 3338 dans
753 3284 1097 3349 traditiones,
1159 3286 1549 3354 signorumque
1604 3284 1924 3338 admiranda
1979 3297 2142 3351 opera

573 3375 880 3445 perliciens,
904 3387 1028 3446 post
1059 3376 1276 3431 tertium
1301 3393 1522 3441 annum,
1544 3387 1738 3447 quarto
1757 3376 1867 3446 jam
1892 3375 2146 3430 inchoato

574 3473 641 3524 ad
669 3470 1006 3539 corporalem
1037 3484 1135 3539 pro
1157 3469 1312 3525 nobis
1337 3470 1642 3540 passionem
1664 3477 1856 3537 Sponte
1878 3467 2147 3537 pervenit.

572 3557 742 3613 Nobis
771 3559 986 3627 quidem
1019 3560 1316 3614 debebatur
1349 3559 1530 3616 crucis
1568 3559 1931 3628 supplicium;
1975 3560 2067 3613 sed
2101 3561 2147 3613 si

571 3665 764 3707 omnes
812 3652 1055 3706 cruciﬁxi
1115 3652 1410 3708 fuissemus
1460 3653 1708 3722 nosipsos
1750 3669 1779 3705 ιι
1815 3663 1987 3707 morte
2040 3667 2146 3706 non

576 3745 942 3814 potuissemus
991 3745 1245 3800 liberare.
1303 3764 1321 3798 ι
1358 3746 1629 3816 Regnavit
1682 3745 1829 3801 enim
1889 3759 2038 3800 mors
2080 3746 2148 3797 ab

573 3836 747 3890 Adam
783 3851 958 3905 usque
989 3837 1055 3890 ad
1092 3838 1336 3908 Moysen,
1365 3838 1527 3892 etiam
1562 3837 1617 3890 in
1647 3852 1742 3892 eos
1768 3837 1860 3905 qui
1890 3853 1996 3892 non
2025 3852 2151 3906 pee-

578 3926 945 3992 caverunt";
980 3945 1001 3980 ι
1057 3927 1209 3980 multi
1237 3927 1437 3992 sancti,
1483 3926 1635 3981 multi
1668 3927 1967 3996 prophetat,
1997 3926 2148 3980 multi

572 4024 702 4094 justi
730 4041 746 4090 ;
780 4031 837 4075 et
878 4033 1067 4074 eorum
1125 4033 1284 4073 nemo
1333 4019 1570 4088 seipsum
1600 4032 1631 4072 e
1661 4026 1928 4085 potestate
1962 4018 2152 4072 mortis

578 4117 851 4174 redimere
876 4113 1072 4182 potuit.
1114 4110 1220 4164 Sed
1271 4109 1418 4164 venit
1465 4108 1555 4164 ille
1582 4105 1840 4163 Salvator
1878 4108 2147 4173 omnium,

577 4221 630 4264 et
664 4223 693 4261 a
727 4207 883 4261 nobis
913 4205 1093 4260 debita
1126 4202 1390 4272 supplicia
1416 4202 1469 4256 in
1513 4215 1610 4257 sua
1648 4216 1836 4266 carne,
1879 4215 2000 4270 qua:
2034 4201 2152 4254 sine

578 4307 803 4369 peccato
832 4305 971 4362 erat,
1001 4310 1099 4365 pro
1127 4293 1283 4349 nobis
1303 4302 1356 4346 et
1380 4307 1445 4346 ex
1471 4291 1624 4347 nobis
1639 4303 1694 4346 et
1719 4292 1937 4346 nomine
1966 4299 2153 4347 nostro

580 4391 840 4460 suscepit.
881 4388 1354 4444 Descendebamus
1381 4402 1482 4442 nos
1512 4395 1635 4457 post
1668 4395 1895 4440 mortem
1941 4385 2008 4439 ad
2065 4384 2150 4439 in-

579 4483 724 4539 feros
754 4499 768 4536 :
805 4481 1041 4549 suscepit
1067 4492 1123 4536 et
1159 4482 1279 4544 hoc,
1301 4479 1688 4548 descenditque
1712 4486 1906 4547 sponte
1929 4477 1996 4531 ad
2020 4492 2114 4532 eos
2138 4494 2153 4531 :

2230 628 2454 696 ἀριστος
2485 629 2553 697 τῇ
2581 625 2838 696 ἀσθενείᾳ
2868 625 3046 695 ἡμῶν.
3068 621 3238 675 Πάλιν
3257 619 3491 690 ἐροῦμεν
3515 618 3576 670 τὸ
3605 634 3817 685 συγκα-

2229 719 2424 784 ταῦἀν,
2449 718 2638 773 καὶτὸ
2687 718 2990 780 κατελθεῖν,
3032 717 3128 770 καὶ
3165 715 3226 768 τὸ
3266 710 3626 772 ἀπεστάλθαι.
3668 711 3820 764 κατά

2230 812 2323 864 τὸν
2351 811 2452 881 τῆς
2493 810 2966 882 ὲνανθρωπήσεως
3009 807 3175 862 αὑτοῦ
3220 806 3424 877 τρόπον
3461 802 3819 872 διαληπτέον,

2236 903 2314 967 ὡς
2342 903 2817 974 προαπεδείξαμεν
2838 919 2850 932 ·
2876 904 2943 972 τῇ
2971 896 3082 972 γάρ
3115 899 3327 969 θεότητι
3353 896 3520 951 αὐτοῦ
3546 896 3614 948 τὰ
3635 894 3824 946 πάντα

2235 997 2331 1049 σὺν
2359 994 2438 1066 τῷ
2469 995 2646 1065 Πατρὶ
2685 993 2885 1064 πληροῖ
2912 992 3000 1046 ἀεὶ
3043 991 3186 1045 κατὰ
3213 989 3314 1051 τὰς
3349 983 3826 1058 προαποδοθείσας

2233 1089 2464 1150 ἐννοίας.
2486 1088 2688 1138 Ἀκουε
2710 1085 2914 1138 τοίνυν.
2937 1081 3263 1151 Γεννώμεθα
3289 1082 3352 1132 ὲκ
3381 1076 3661 1147 γυναικός-
3687 1071 3826 1144 ἦ).οε

2232 1179 2321 1233 διὰ
2352 1177 2764 1250 φιλανθρωπίαν
2790 1177 2872 1238 είς
2896 1175 3076 1229 τοῦτο.
3112 1173 3258 1227 Ἀλλ’
3291 1173 3452 1242 ἡμεῖς
3480 1171 3578 1240 μὲν
3605 1167 3665 1232 ἐξ
3692 1167 3826 1237 ἡδο-

2233 1271 2332 1341 νῆς
2356 1269 2548 1336 ὕπνου,
2581 1268 2676 1324 καὶ
2701 1267 3018 1338 σπέρματος
3039 1266 3254 1337 ἀνδρός.
3279 1263 3450 1326 Αὐτὸς
3475 1262 3534 1315 δὲ
3563 1261 3728 1332 μόνος
3761 1259 3831 1312 ἐκ

2236 1360 2556 1432 Πνεύματος
2587 1361 2744 1430 ἁγίου
2771 1361 2867 1415 καὶ
2894 1360 3117 1431 Μαρίας
3161 1359 3260 1428 τῆς
3305 1355 3608 1427 Παρθένου.
3649 1350 3831 1404 Γαλα-

2235 1453 2684 1526 κτοτροφούμεθα
2706 1471 2728 1500 ο.
2752 1449 2886 1525 ἦλθε
2906 1452 2999 1506 καὶ
3031 1452 3111 1514 είς
3135 1448 3294 1504 τοῦτο
3326 1447 3511 1519 σαρκὶ,
3545 1446 3574 1498 ὁ
3605 1445 3673 1513 τῇ
3703 1441 3832 1494 θεό-

2233 1563 2358 1617 τητι
2387 1546 2553 1601 αὑτοῦ
2583 1545 2762 1609 διδοὺς
2790 1543 2998 1616 τροφὴν
3042 1542 3193 1613 πάσῃ
3223 1538 3410 1611 σαρκί.
3437 1534 3716 1606 Γινόμεθα
3748 1534 3834 1594 είς

2236 1637 2521 1709 προκοπὴν
2550 1637 2650 1691 καὶ
2687 1635 2917 1708 αὖξησιν
2947 1634 3166 1706 ἡλικίας
3184 1649 3200 1665 ·
3235 1631 3337 1685 οὐκ
3363 1627 3644 1700 ἀπηξίωσε
3668 1624 3833 1694 γενέ-

2237 1737 2362 1786 σθαι
2387 1733 2481 1786 καὶ
2510 1732 2673 1795 αὐτὸς
2703 1730 2864 1784 τοῦτο
2900 1726 3252 1800 σωματικῶς,
3275 1723 3459 1788 καθὼς
3488 1722 3832 1792 γέγραπται,

2238 1824 2320 1876 ὅτι
2352 1843 2370 1876 ι
2419 1823 2630 1895 Ἰησοῦς
2658 1823 2968 1894 προέκοπτε
3001 1819 3164 1892 σοφίᾳ
3198 1818 3294 1872 καὶ
3328 1816 3514 1888 ἡλικίᾳ
3537 1813 3636 1867 καὶ
3667 1812 3834 1883 χάρι-

2237 1933 2288 1968 τι
2325 1912 2476 1985 παρᾶ
2498 1913 2616 1986 Θεῷ
2655 1915 2751 1967 καὶ
2789 1911 3104 1984 ἀνθρώποις
3125 1927 3139 1941 ο
3171 1929 3190 1962 ι
3251 1908 3346 1962 καὶ
3377 1909 3484 1970 ἓως
3512 1921 3837 1977 τριακοστο-

2240 2008 2400 2072 ετοῦς
2429 2008 2623 2080 χρόνου
2651 2006 2930 2073 διανύσας,
2965 2007 3054 2058 ἵνα
3085 2005 3267 2058 πᾶσαν
3296 2000 3510 2071 ἠλικίαν
3533 1999 3833 2068 εὐλογήσῃ·

2237 2102 2358 2156 τότε
2389 2102 2480 2154 ἐπὶ
2511 2100 2571 2152 τὸ
2623 2098 2909 2170 βάπτισμα
2949 2096 3190 2167 ἔρχεται,
3229 2092 3600 2165 κηρύσσοντος
3642 2088 3834 2142 Ἰωάν-

2237 2209 2329 2247 νου
2368 2191 2485 2244 υίσῦ
2521 2190 2801 2261 Ζαχαρίου
2827 2189 2903 2259 τῷ
2936 2187 3050 2258 λαῷ
3075 2187 3359 2258 βάπτισμα
3391 2183 3706 2256 μετανοίας,
3731 2182 3836 2234 οὐκ

2239 2284 2487 2352 ἀφέσεως
2515 2283 2828 2353 ἁμαρτιῶν,
2860 2277 2987 2333 οὔτε
3034 2277 3312 2342 υἱοθεσίας
3345 2277 3519 2346 δῶρον
3561 2272 3834 2335 διδόντοςο

2240 2374 2300 2426 οὐ
2331 2375 2440 2444 γὰρ
2458 2368 2526 2444 ἦν
2564 2371 2814 2425 Ἰωάννου
2838 2369 3011 2434 ταῦτα
3036 2367 3242 2433 δοῦναι,
3266 2366 3380 2421 ἀλλ’
3408 2365 3533 2419 οὔτε
3562 2363 3832 2434 ἀγγέλου,

2241 2465 2359 2518 ἀλλ’
2395 2464 2558 2517 αὑτοῦ
2592 2463 2687 2516 τοῦ
2738 2461 3118 2534 σαρκωθέντος
3160 2461 3256 2512 καὶ
3308 2459 3836 2529 ὲνανθρωπήσαντος

2241 2556 2374 2610 Θεοῦ
2415 2556 2613 2624 Λόγου.
2647 2556 2760 2609 Καὶ
2793 2555 3046 2625 ἀνέχεται
3073 2554 3134 2606 τὸ
3155 2552 3296 2622 ὑπὲρ
3329 2551 3486 2622 ήμῶν
3521 2550 3834 2621 βάπτισμα,

2249 2651 2344 2702 καὶ
2405 2648 2536 2710 Θεὸς
2573 2646 2649 2700 ῶν
2687 2646 3003 2718 ἀμάρτητος
3037 2643 3338 2714 ἐϐαπτίσθη
3376 2641 3707 2712 σωματικῶς
3759 2639 3839 2702 tit;

2241 2739 2547 2810 ἄνθρωπος,
2577 2739 2677 2791 οὐκ
2705 2738 2866 2800 αὐτὸς
2893 2737 3146 2807 δεόμενος
3172 2733 3566 2805 βαπτίσματος,
3594 2730 3714 2785 ἀλλ’
3749 2729 3837 2782 ἵνα

2242 2829 2304 2883 τὸ
2342 2831 2610 2903 ἡμέτερον
2636 2828 2918 2899 βάπτισμα
2952 2827 3150 2898 δοξάσῃ
3175 2841 3189 2855 ⁸
3237 2827 3324 2879 ἵνα
3345 2823 3717 2894 πιστεύωμεν.
3753 2823 3838 2876 ὃτι

2243 2922 2430 2993 ὥσπερ
2456 2923 2541 2976 ἐπ’
2563 2922 2723 2975 αὐτὸν
2755 2920 2990 2990 κατῆλθε
3020 2919 3080 2972 τὸ
3108 2917 3330 2989 Πνεῦμα
3356 2918 3418 2970 τὸ
3447 2917 3623 2985 ἆγιον,
3650 2913 3836 2975 οὕτως

2244 3019 2337 3070 καὶ
2365 3016 2450 3085 ἐφ’
2479 3018 2627 3086 ἡμᾶς
2668 3016 2795 3077 τοὺς
2843 3016 2923 3078 είς
2969 3013 3133 3068 αὑτὸν
3199 3009 3652 3082 βαπτιζομένους.
3703 3002 3837 3060 Εἶτα

2247 3107 2718 3178 συναναστραφεὶς
2766 3109 2880 3169 τοῖς
2921 3105 3251 3177 ἀνθρώποις,
3295 3103 3396 3164 τάς
3437 3119 3495 3154 τε
3527 3100 3637 3153 τῶν
3674 3098 3837 3152 θείων

2246 3197 2413 3250 αὐτοῦ
2459 3196 2691 3250 ἐντολῶν
2721 3195 3001 3268 παραδοὺς
3044 3195 3308 3258 ἐκδόσεις,
3339 3193 3438 3256 τάς
3482 3210 3540 3246 τε
3586 3191 3699 3244 τῶν
3743 3207 3838 3260 ση-

2250 3291 2418 3360 μείων
2459 3289 2834 3359 ὲργασάμενος
2868 3287 3333 3358 θαυματουργίας,
3361 3285 3450 3338 ἐπὶ
3492 3283 3687 3354 τριετῆ
3713 3283 3837 3352 χρό-

2248 3400 2358 3447 νον,
2391 3383 2487 3436 καὶ
2531 3382 2791 3451 τετάρτου
2847 3381 3184 3451 ἀρξαμένου,
3230 3379 3404 3442 οὕτως
3453 3378 3546 3430 ἐπὶ
3592 3377 3656 3429 τὸ
3693 3375 3836 3445 ὑπὲρ

2249 3474 2407 3545 ἡμῶν
2469 3472 2717 3527 ἑκούσιον
2769 3473 2935 3527 αὐτοῦ
2997 3471 3310 3542 σωματικὸν
3361 3471 3581 3542 ἔρχεται
3628 3469 3834 3534 πάθος·

2249 3570 2381 3638 ἡμῖν
2425 3569 2534 3639 γὰρ
2578 3566 2963 3638 κεχρεὼστητο
3003 3560 3244 3633 τιμωρία
3286 3559 3559 3632 σταυροῦ·
3613 3560 3731 3612 ἀλλ’
3788 3561 3838 3612 ει

2252 3662 2454 3724 πάντες
2486 3658 2931 3730 ὲσταυρώοημεν,
2963 3654 3088 3709 οὕτε
3115 3655 3340 3717 ἑαυτοὺς
3367 3656 3432 3707 ὲκ
3464 3651 3560 3706 τοῦ
3597 3653 3834 3706 θανάτου

2253 3754 2498 3824 ἁρπάσαι
2545 3752 2864 3823 ἰσχύσαμεν.
2909 3769 2928 3802 ι
2980 3749 3334 3804 Ἐϐασίλευσε
3380 3745 3490 3817 γὰρ
3536 3747 3566 3798 ό
3601 3744 3838 3804 θάνατος

2252 3847 2360 3901 ἀπὸ
2401 3846 2572 3916 Ἀδὰμ
2603 3844 2764 3915 μέχρι
2796 3842 3039 3904 Μωσέως
3063 3841 3159 3893 καὶ
3189 3839 3282 3892 ἐπὶ
3310 3839 3438 3901 τοὺς
3468 3838 3542 3907 μὴ
3571 3835 3834 3905 ἁμαρτή-

2256 3956 2476 4002 σαντας.
2511 3957 2529 3990 ι
2570 3936 2762 3991 [Ιολλοὶ
2797 3935 2963 4002 ἆγιοι,
2999 3931 3185 3986 πολλοὶ
3210 3932 3511 4001 προφῆται,
3536 3927 3726 3981 πολλοὶ
3760 3925 3836 3979 δίο

2255 4048 2401 4085 καιοι
2425 4045 2439 4060 °
2474 4030 2569 4082 καὶ
2599 4029 2779 4090 οὐδεὶς
2807 4025 2988 4079 αὐτῶν
3026 4023 3128 4094 τῆς
3172 4021 3267 4076 τοῦ
3309 4020 3541 4075 θανάτου
3583 4016 3836 4082 ἐξουσίας

2255 4122 2446 4175 ἑαυτὸν
2470 4120 2706 4190 ἠδυνήθη
2757 4116 3154 4190 λυτρώσασθαι.
3197 4115 3357 4168 Ἀλλὰ
3387 4110 3552 4185 ἦλθεν
3603 4113 3767 4174 αὐτὸς
3808 4112 3837 4163 ὀ

2253 4212 2363 4266 τῶν
2386 4212 2606 4266 πάντων
2635 4209 2846 4280 Σωτὴρ,
2877 4209 3089 4272 καὶτὰς
3108 4209 3243 4277 ἡμῖν
3281 4203 3736 4276 χρεωστουμένας
3763 4217 3838 4253 τιο

2259 4305 2472 4376 μωρίας
2521 4305 2602 4366 εἰς
2633 4301 2730 4372 τὴν
2752 4301 2810 4367 ἐξ
2835 4300 3012 4370 ἡμῶν,
3035 4299 3150 4352 ἀνθ’
3171 4297 3352 4368 ἡμῶν,
3388 4295 3528 4366 ὑπὲρ
3547 4294 3708 4363 ἡμῶν
3748 4295 3837 4345 ἁν-

2257 4397 2573 4467 αμάρτητον
2605 4391 2770 4447 αὐτοῦ
2811 4390 3104 4456 ὑπεδέξατο
3159 4391 3356 4461 σάρκα.
3408 4384 3834 4457 Κατεφερόμεθα

2262 4488 2399 4559 μετά
2428 4487 2519 4541 τὸν
2553 4487 2780 4541 θάνατον
2810 4487 2892 4549 εἰς
2910 4484 3000 4538 τὸν
3021 4483 3174 4555 ᾅδην·
3202 4481 3486 4547 ἀνεδέξατο
3525 4482 3620 4534 καὶ
3653 4478 3832 4538 τοῦτο.

579 4593 685 4633 non
723 4587 902 4631 tamen
959 4578 1230 4637 detentus,
1275 4573 1416 4628 sicut
1455 4579 1509 4625 et
1557 4586 1678 4634 nos.
1727 4571 1821 4624 sed
1871 4570 2150 4625 descendit

2258 4577 2349 4629 καὶ
2379 4575 2647 4644 κατῆλθεν
2675 4574 2937 4634 ἑκουσίως
2970 4574 3050 4635 είς
3065 4572 3252 4624 αὐτόν’
3283 4572 3345 4624 οὐ
3369 4568 3679 4639 κατηνέχθη
3706 4567 3834 4620 καθ·

581 4677 790 4723 tantum
817 4683 834 4733 ;
869 4682 975 4721 non
1003 4668 1146 4721 enim
1174 4674 1294 4720 erat
1322 4650 1812 4730 subjectus'morti,
1841 4661 1934 4716 sed
1961 4661 2150 4715 mortis

579 4759 850 4813 dominus.
888 4758 1133 4825 Cumque
1167 4755 1312 4812 solus
1347 4753 1740 4820 descendisset,
1794 4770 1919 4812 cum
1969 4758 2153 4816 multis

581 4851 758 4904 rediit.
802 4851 918 4918 lpse
947 4849 1091 4904 enim
1119 4860 1238 4905 erat
1283 4851 1565 4922 spirituale
1603 4865 1830 4921 granum
1871 4849 2150 4916 frumenti,

579 4946 723 5012 quod
757 4958 854 5012 pro
877 4944 1032 4997 nobis
1060 4943 1260 4997 cadens
1284 4944 1337 4996 in
1366 4953 1591 5008 terrain,
1619 4953 1675 5000 et
1705 4958 1868 4998 carne
1892 4944 2152 5008 moriens,

581 5048 679 5102 per
710 5048 820 5087 suae
846 5033 1143 5088 divinitatis
1169 5034 1462 5101 potentiam
1511 5033 1786 5103 corporale
1817 5047 1973 5088 suum
2017 5041 2154 5088 tem-

583 5125 727 5195 plum
756 5125 1038 5180 suscitavit
1072 5119 1370 5182 secundum
1394 5126 1728 5196 Scripturas,
1767 5124 1999 5180 fructum
2025 5123 2155 5178 atre-

585 5233 710 5274 rens
741 5218 902 5274 totius
941 5217 1162 5274 humani
1200 5220 1412 5290 generis
1443 5218 1917 5282 resurrectionem,
1955 5223 2010 5272 ei
2032 5223 2154 5286 post

582 5311 886 5366 triduauam
934 5315 1287 5382 sepulturam,
1334 5319 1390 5366 et
1439 5310 1668 5366 reditum
1707 5325 1774 5365 ex
1828 5309 2058 5365 mortuis
2084 5311 2150 5365 ad

584 5405 774 5466 vitam,
831 5421 1099 5476 apparens
1143 5404 1442 5475 discipulis,
1495 5406 1729 5459 ostendit
1781 5406 1859 5458 eis
1915 5418 2046 5473 quas
2099 5404 2154 5458 in

584 5514 745 5552 cruce
797 5500 1092 5570 pertulerat
1141 5499 1225 5552 sui
1282 5497 1525 5567 corporis
1573 5497 1873 5566 passiones,
1929 5498 2152 5553 dicens:

555 5579 559 5582 ’
590 5609 608 5640 ι
642 5590 858 5661 Palpate
888 5606 994 5656 me,
1038 5605 1100 5645 ac
1129 5590 1305 5643 videte
1334 5588 1476 5658 quod
1507 5603 1607 5658 ego
1633 5604 1754 5645 sum
1779 5590 1825 5622 "
1845 5631 1860 5655 ,
1894 5607 1912 5641 ι
1959 5589 2047 5658 qni
2077 5590 2156 5642 fa-

583 5684 670 5738 cio
710 5683 1070 5748 admirabilia,
1121 5682 1210 5752 qui
1253 5691 1308 5738 et
1354 5697 1452 5752 pro
1481 5693 1658 5739 vestro
1689 5699 1886 5754 genere
1912 5684 1965 5737 in
1993 5698 2158 5739 carne

658 5861 700 5894 "
723 5859 854 5916 Luc.
886 5876 944 5925 ιι,
976 5859 1068 5915 52.
1147 5859 1191 5891 ⁵³
1214 5858 1344 5917 Luc.
1382 5877 1441 5928 ιι,
1479 5862 1531 5916 5.

2257 4670 2398 4740 άπερ
2460 4669 2646 4739 ἡμεῖς,
2678 4666 2814 4721 ἀλλὰ
2840 4665 3108 4735 κατῆλθεν
3132 4681 3145 4695 ο
3193 4664 3254 4716 οὐ
3296 4663 3408 4732 γὰρ
3441 4657 3509 4733 ἦν
3536 4660 3832 4729 ὑποκείμε-

2255 4775 2344 4822 νος
2375 4756 2454 4829 τῷ
2490 4757 2726 4826 θανάτῳ,
2757 4755 2870 4809 ἀλλ’
2923 4753 3276 4824 ὲξουσιαστὴς
3330 4751 3425 4805 τοῦ
3471 4751 3708 4805 θανάτου
3743 4747 3831 4802 καὶ

2259 4851 2421 4922 μόνος
2459 4849 2760 4916 κατελθὼν,
2796 4848 2935 4920 μετὰ
2976 4846 3214 4917 πλήθους
3261 4843 3610 4915 ἀνελήλυθεν.
3663 4839 3830 4902 Αὐτὸς

2257 4941 2367 5013 γὰρ
2393 4936 2460 5012 ἦν
2489 4942 2518 4994 ό
2545 4941 2731 5012 νοερὸς
2761 4942 2959 5004 κόκκος
2984 4939 3078 4993 τοῦ
3115 4940 3287 5002 σίτου,
3311 4938 3340 4991 ὁ
3370 4937 3512 5008 ὑπὲρ
3542 4935 3706 5008 ἡμῶν
3739 4950 3830 4987 πε-

2258 5031 2367 5085 σὼν
2393 5034 2475 5095 είς
2506 5032 2606 5101 τὴν
2653 5033 2776 5102 γῆν,
2820 5033 2917 5085 καὶ
2977 5030 3263 5084 ἀποθανὼν
3307 5030 3491 5101 σαρκὶ,
3537 5027 3595 5092 ὃς
3635 5030 3704 5100 τῇ
3735 5025 3829 5095 τῆς

2261 5123 2514 5193 θεότητος
2539 5123 2707 5177 αὐτοῦ
2735 5123 2962 5193 δυνάμει
2990 5123 3255 5193 ἀνέστησε
3282 5122 3373 5175 τὸν
3399 5122 3709 5192 σωματικὸν
3733 5118 3827 5171 αὑ-

2256 5218 2352 5272 τοῦ
2373 5218 2518 5282 ναὸν,
2543 5217 2686 5271 κατὰ
2704 5217 2803 5280 τὰς
2828 5216 3071 5288 Γραφάς,
3103 5215 3602 5288 καρποφορήσαντα
3626 5212 3725 5284 τὴν
3737 5207 3829 5264 τοῦ

2260 5311 2462 5372 παντὸς
2504 5308 2848 5381 ἀνθρωπίνου
2891 5307 3083 5377 γένους
3113 5308 3432 5369 ἀνάστασιν,
3468 5305 3561 5358 καὶ
3605 5300 3829 5374 ἐμφανί-

2264 5423 2363 5470 σας
2392 5407 2505 5467 τοῖς
2542 5403 2809 5474 μαθηταῖς
2856 5406 2996 5473 μετὰ
3043 5401 3141 5472 τὴν
3191 5402 3488 5471 τριήμερόν
3509 5401 3705 5470 ταφὴν,
3736 5394 3827 5449 καὶ

2262 5499 2362 5568 τὴν
2387 5499 2451 5550 ὲκ
2476 5496 2687 5566 νεκρῶν
2712 5495 3027 5560 ἀναϐίωσιν,
3055 5494 3326 5559 ἐπέδειξεν
3356 5495 3537 5556 αὐτοῖς
3572 5491 3639 5546 τὰ
3671 5493 3727 5543 ἐν
3755 5487 3829 5558 τῷ

2266 5589 2485 5661 σταυρῷ
2514 5589 2609 5643 τοῦ
2642 5588 2898 5659 σώματος
2932 5587 3097 5642 αὐτοῦ
3127 5587 3295 5656 πάθη,
3339 5585 3510 5640 εἰπὼν
3532 5602 3547 5617 ⁸
3586 5604 3604 5636 ι
3644 5583 3828 5654 Ψηλα·

2265 5685 2472 5755 φήσατέ
2501 5701 2588 5754 με,
2623 5685 2716 5736 καὶ
2750 5683 2907 5750 ἴδετε,
2945 5684 3026 5737 ὅτι
3055 5680 3215 5746 αὐτὸς
3249 5683 3362 5752 ἐγώ
3381 5685 3518 5755 εἰμι,
3562 5700 3581 5735 ι
3633 5683 3659 5735 ὀ
3698 5685 3828 5732 θαυο

1610 5859 1912 5918 '“Bat'uclt.
1946 5875 2032 5931 ut,
2059 5861 2147 5916 58.
2223 5861 2267 5896 ⁸⁵
2291 5862 2448 5916 liotn.
2485 5877 2533 5926 ν,
2572 5860 2654 5916 Μ.
2730 5863 2772 5892 ’⁸⁸
2800 5859 2928 5914 Luc.
2966 5876 3112 5925 .wm',
3150 5859 3240 5914 '59.
