4148 6576
388 440 526 509 1305

1269 450 2005 513 HISTORIA’CONCILH
2046 452 2352 516 NlCtENI.
2392 476 2463 491 -
2502 455 2654 519 LIB.
2691 455 2777 516 II.

3438 438 3644 517 ’1306

386 556 736 630 ματουργῶν,
766 559 795 612 ὁ
833 559 928 615 καὶ
967 560 1036 615 τά
1078 560 1219 628 ὑπὲρ
1260 559 1354 613 τοῦ
1381 564 1660 633 ἡμετέρου
1691 563 1882 632 γένους
1910 565 1964 617 ἐν

2074 578 2193 620 mea
2226 563 2507 635 passiones
2530 564 2768 635 suscepi.
2803 563 3007 621 Deinde
3032 576 3131 635 per
3151 561 3268 619 dles
3286 561 3643 633 quadraginta

383 653 449 722 τῇ
477 650 640 721 σαρκί
676 668 780 721 μου
815 652 1250 722 καταδεξάμενος
1270 654 1436 723 πάθη.
1472 650 1607 708 Εἶτα
1640 657 1735 708 ἐπὶ
1767 672 1965 711 τεσσα-

388 744 624 813 ράκοντα
664 743 878 815 ἡμέρας
904 743 1348 814 συναυλιζόμενος
1374 746 1580 810 αὐτοῖς,
1618 747 1744 811 δούς
1770 766 1831 803 τε
1860 749 1963 803 αὐ-

384 836 497 896 τοῖς
550 834 832 905 σωτηρίων
881 835 1112 889 ἐντολῶν
1155 836 1460 908 ὑποθήκας,
1497 839 1829 910 ἀνελήλυθεν
1880 842 1963 905 είς

358 925 511 987 τοὺς
544 927 829 997 οὐρανοὺς.
878 926 1181 997 βλεπόντων
1234 928 1437 995 αὐτῶν,
1480 930 1539 983 ἐν
1581 930 1732 1003 δεξιᾷ
1774 949 1836 985 τε
1868 931 1962 986 τοῦ

389 1016 603 1088 Πατρὸς
636 1018 990 1072 κεκαθικέναι
1018 1018 1180 1073 αὑτὸν
1229 1020 1280 1072 oi
1328 1019 1466 1092 ίεροὶ
1511 1021 1758 1087 ἐδίδαξαν
1791 1022 1961 1092 λόγοι.

394 1111 491 1163 ’ον
513 1110 607 1163 καὶ
628 1108 782 1180 ἦξειν
809 1110 1200 1183 προσδοκῶμεν
1221 1112 1314 1165 ἐπὶ
1339 1112 1621 1185 συντελείᾳ
1643 1113 1738 1167 τοῦ
1770 1115 1966 1180 αἰῶνος

389 1202 572 1270 κρίναι
613 1200 821 1277 ζῶντας
867 1201 963 1255 καὶ
997 1202 1246 1272 νεκροὺς,
1282 1201 1486 1268 ἀῖδίως,
1530 1202 1608 1267 ὡς
1635 1204 1722 1257 ἀεὶ
1751 1206 1965 1275 συμϐα-

391 1293 672 1348 σιλεύοντα
698 1293 776 1365 τῷ
809 1295 986 1367 Πατρὶ
1003 1298 1085 1360 είς
1116 1296 1243 1361 τοὺς
1264 1297 1527 1369 ἀπείρους
1561 1298 1783 1363 αίῶνας.
1815 1299 1964 1375 Αὕτη

390 1385 425 1455 ἠ
451 1385 553 1455 τῆς
596 1384 926 1456 Ἐκκλησίας
956 1385 1291 1456 ἀποστολικὴ
1319 1388 1414 1442 καὶ
1441 1387 1742 1459 ἀμώμητος
1761 1390 1965 1456 πίστις,

389 1477 579 1549 ἥντινα
609 1478 817 1533 ἀνωθεν
850 1478 981 1550 παρ’
1032 1478 1200 1535 αὐτοῦ
1228 1478 1325 1534 τοῦ
1352 1480 1564 1552 Κυρίου
1583 1481 1672 1537 διά
1700 1482 1810 1536 τῶν
1831 1484 1971 1538 ἀποε-

394 1568 594 1625 στόλων
641 1572 707 1624 ἐκ
736 1570 1019 1642 προγόνων
1065 1572 1149 1635 είς
1196 1572 1459 1642 ἐκγόνους
1507 1574 1968 1648 παραδοθεῖσανή

405 1660 704 1733 Ἐκκλησία
744 1661 1059 1733 πρεσϐεύει.
1100 1665 1197 1718 καὶ
1243 1663 1339 1719 νῦν
1380 1666 1478 1719 καὶ
1521 1666 1605 1730 είς
1633 1666 1722 1720 ἀεὶ
1767 1666 1973 1738 ταύτην

392 1759 606 1826 κρατεῖ,
637 1756 883 1822 εἰπόντος
922 1757 1018 1812 τοῦ
1055 1758 1264 1830 Κυρίου
1314 1761 1432 1825 τοῖς
1462 1760 1733 1832 μαθηταῖς
1754 1776 1770 1791 ο
1806 1779 1827 1814 ι
1864 1746 1974 1816 Πο-

2068 672 2295 712 versans
2322 671 2446 711 cum
2475 657 2578 722 eis,
2627 655 2952 725 tradensquo
2985 654 3092 710 illis
3117 653 3373 709 salutaria
3404 667 3648 723 praecep-

2070 757 2246 803 torum
2274 749 2522 820 pignora,
2565 747 2703 820 ipsis
2725 747 3033 803 videntibus
3056 747 3124 802 ad
3160 747 3328 802 cmlos
3353 745 3534 811 rediit,
3561 757 3648 799 se-

2070 840 2308 910 dereqne
2363 839 2511 894 illum
2567 840 2634 893 ad
2676 838 2855 895 Patris
2907 840 3153 894 dextram
3194 837 3335 893 sacri
3366 836 3514 890 Libri
3555 836 3649 890 de-

2072 942 2378 989 monstrant
2400 933 2468 986 ‘7.
2505 932 2674 999 Quem
2698 940 2754 988 et
2782 932 2837 986 in
2865 931 2974 987 ﬁne
3002 929 3187 986 saeculi
3214 929 3281 983 ad
3292 927 3645 997 iudicandum

2070 1027 2225 1083 vivos
2263 1035 2320 1082 et
2364 1035 2608 1082 mortuos
2651 1034 2938 1080 venturum
2979 1032 3361 1093 exspectamus
3404 1035 3421 1075 :
3459 1020 3551 1090 qui
3592 1019 3645 1073 in

2068 1129 2357 1185 eternum,
2391 1128 2451 1172 ut
2478 1132 2695 1189 semper
2727 1132 2830 1171 una
2859 1131 2981 1172 cum
3003 1114 3168 1170 Patre
3198 1122 3386 1183 regnat
3425 1126 3520 1181 per
3546 1110 3646 1164 rin-

2069 1210 2223 1267 ﬁnita
2254 1211 2470 1266 saecula.
2516 1209 2643 1267 llaec
2685 1217 2770 1264 est
2810 1206 3069 1264 Ecclesiae
3112 1205 3248 1261 ﬁdes
3272 1203 3565 1273 apostolica
3591 1210 3648 1253 et

2068 1302 2366 1372 inculpata,
2390 1317 2552 1373 quam
2580 1305 2812 1373 desuper
2834 1302 2902 1357 ab
2924 1300 3040 1372 ipso
3066 1298 3292 1353 Domino
3315 1310 3412 1365 per
3430 1302 3648 1365 aposto-

2070 1393 2172 1462 los,
2198 1403 2253 1450 et
2278 1408 2310 1449 a
2361 1393 2618 1450 Patribus
2640 1395 2708 1450 ad
2756 1394 2895 1450 ﬁlios
2928 1393 3180 1447 traditam
3222 1388 3457 1444 Ecclesia
3491 1385 3642 1448 colit,

2068 1496 2124 1543 et
2156 1500 2330 1557 usque
2375 1502 2521 1542 nunc
2562 1496 2619 1541 et
2651 1487 2709 1543 in
2758 1487 3146 1556 sempiternum
3182 1481 3397 1541 retinet.
3431 1478 3647 1534 dicente

2071 1579 2187 1635 suis
2208 1578 2489 1649 discipulis
2519 1580 2747 1637 Domino
2773 1597 2790 1635 :
2816 1596 2838 1633 ι
2863 1577 3069 1633 Euntes
3091 1579 3279 1632 docete
3304 1586 3495 1628 omnes
3520 1586 3649 1641 gen-

2071 1680 2176 1738 tes,
2224 1673 2564 1745 baptizantes
2598 1686 2695 1729 eos
2747 1673 2803 1727 in
2828 1671 3051 1728 nomine
3092 1668 3297 1731 Patris,
3321 1675 3380 1722 et
3409 1663 3554 1729 Filii,
3591 1671 3650 1716 et

2073 1764 2316 1836 Spiritus
2339 1766 2515 1823 sancti
2531 1766 2599 1822 ⁸⁸.
2634 1782 2657 1821 ι

397 1850 680 1924 ρευθέντες
703 1852 1079 1927 μαθητεύσατε
1098 1855 1281 1911 πάντα
1312 1855 1382 1910 τὰ
1422 1855 1574 1929 ἔθνη,
1597 1830 1962 1929 βαπτίζοντες
2000 1830 2201 1928 αὐτοὺς
2224 1865 2307 1929 είς
2368 1864 2432 1918 τὸ
2455 1862 2629 1927 ὄνομα
2684 1860 2782 1917 τοῦ
2805 1830 3031 1933 ’Πατρδς
3054 1858 3149 1913 καὶ
3172 1856 3266 1912 τοῦ
3285 1855 3418 1909 Υίοῦ
3438 1852 3533 1908 καὶ
3551 1844 3647 1905 τοῦ

393 1948 553 2018 ἀγίου
582 1949 921 2022 Πνεύματος.
964 1967 985 2003 ι

970 2043 1225 2100 ΚΕΦᾹΛ.
1264 2042 1397 2103 KA'.

391 2155 536 2226 Περὶ
574 2154 685 2226 τῆς
734 2154 857 2212 τῶν
908 2155 1186 2231 Πατέρωιξ
1236 2158 1577 2228 ὁμοφωνίας
1616 2157 1734 2230 τῆς
1777 2164 1868 2231 είς
1901 2164 1971 2218 τὸ

1006 2227 1353 2297 ὀμοούσιον.

458 2335 683 2391 τούτων
718 2336 893 2404 οὕτως
922 2337 1029 2393 ὑπὸ
1057 2337 1155 2393 τοῦ
1186 2338 1344 2407 ἀγίου
1388 2340 1709 2412 Πνεύματος
1743 2343 1833 2397 διὰ
1864 2342 1974 2398 τῶν

389 2428 563 2496 ἁγίων
583 2427 742 2500 ημῶν
772 2431 1051 2502 Πατέρων,
1069 2428 1179 2484 τῶν
1209 2432 1268 2484 ἐν
1296 2430 1479 2503 ἐκείνη
1511 2435 1576 2505 τῇ
1609 2433 1739 2506 ἁγίᾳ
1770 2433 1973 2505 συνόδῳ

393 2519 847 2592 συνειλεγμένων,
874 2521 1327 2594 ἐκφωνηθέντων,
1357 2524 1663 2595 ἐμεγάλυνε
1702 2526 1796 2580 τὸν
1839 2526 1973 2580 Θεὸν

390 2609 534 2665 ἅπαν
571 2612 633 2665 τὸ
670 2613 874 2684 πλῆθος
894 2615 1091 2676 ἐκεῖνο.
1127 2614 1189 2669 τὸ
1222 2615 1305 2676 είς
1341 2615 1441 2686 τὴν
1463 2616 1728 2688 ἀκρόασιν
1755 2618 1972 2690 ἐκείνην

391 2702 664 2759 συνελθόν.
702 2705 1041 2778 Ἐπηκροᾶτο
1071 2706 1130 2761 δὲ
1163 2707 1261 2760 καὶ
1290 2706 1457 2771 αὐτὸς
1487 2708 1516 2760 ό
1560 2707 1973 2776 θεοφιλέστατος

391 2795 664 2865 βασιλεὺς,
695 2799 999 2869 συμπαρὼν
1027 2798 1122 2851 καὶ
1144 2799 1308 2864 αὐτὸς
1349 2798 1420 2853 τά
1470 2798 1697 2852 πλείστα
1732 2803 1797 2871 τῇ
1840 2818 1970 2854 συν-

389 2888 519 2959 όδῳ·
550 2892 647 2943 καὶ
712 2890 1142 2961 ὑπεραγασθεὶς,
1167 2891 1385 2957 ἐδόξαζε
1413 2890 1506 2945 τὸν
1534 2891 1689 2956 Θεὸν,
1711 2892 1971 2947 τοιούτων

388 2980 699 3044 ἐπακούσας
725 2980 887 3035 θείων
912 2980 1223 3052 δογμάτων,
1248 2984 1455 3055 χαίρων
1481 2982 1618 3052 δῆτα
1639 2985 1731 3037 ἐπὶ
1758 2987 1824 3056 τῇ
1859 2984 1968 3038 τῶν

388 3074 671 3144 ἡμετέρων
697 3072 1009 3128 ἐπισκόπων
1033 3076 1345 3148 συμφωνίᾳ,
1375 3075 1673 3147 ἠγαλλιᾶτο
1700 3075 1780 3148 τῷ
1803 3076 1970 3131 πνεύ-

391 3183 558 3235 ματι*
599 3165 827 3220 ἔσπευδε
858 3167 967 3238 γὰρ
1008 3168 1237 3240 μηδένα,
1284 3170 1360 3242 μὴ
1411 3170 1611 3240 μέγαν,
1656 3170 1731 3241 μὴ
1771 3170 1969 3243 μικρὸν

386 3254 722 3326 διαφωνῆσαι
754 3254 959 3326 ταύτης
995 3256 1095 3327 τῆς
1136 3259 1405 3331 σωτηρίου
1454 3259 1767 3330 ὁμολογίας.
1816 3262 1970 3315 Μετά

385 3346 515 3415 γοῦν
543 3346 643 3417 τὴν
667 3346 866 3419 πολλὴν
894 3332 1099 3418 ταύτην
1129 3351 1224 3402 καὶ
1258 3350 1479 3420 χρονίαν
1517 3350 1618 3421 τῆς
1650 3366 1965 3423 προσκυνη-

383 3435 485 3505 τῆς
537 3415 785 3504 σκέψεως
823 3415 1224 3511 ἐκπλήρωσιν,
1258 3415 1417 3506 ψέδοξε
1463 3415 1630 3496 πᾶσιν
1679 3415 1814 3513 όμοῦ
1856 3415 1969 3506 τοίς
1996 3415 2040 3475 c

385 3528 704 3597 ἡμετέροις,
737 3528 799 3581 τὸ
838 3528 1124 3599 ὁμοούσιον
1151 3528 1260 3583 δεῖν
1297 3530 1585 3602 ὁρίσασθαι
1617 3534 1709 3586 ἐπὶ
1745 3533 1843 3603 τῆς
1872 3534 1966 3587 ἐκ-

384 3619 779 3691 κλησιαστικῆς
816 3619 1052 3687 πίστεῳς
1088 3620 1151 3675 δν
1191 3620 1395 3692 τρόπον
1435 3624 1530 3677 καὶ
1561 3624 1611 3677 οί
1663 3624 1803 3695 μετά
1839 3625 1967 3689 τοὺς

383 3712 719 3775 ἀποστόλους
752 3711 897 3780 ἅγιοι
929 3710 1086 3783 ήμῶν
1116 3713 1361 3784 Πατέρες
1407 3714 1616 3785 ταύτην
1660 3719 1967 3789 παρέδοσαν

381 3803 481 3875 τὴν
509 3803 715 3867 πίστιν,
749 3802 896 3859 τοῦτ’
926 3805 1043 3858 ἐστι
1065 3808 1164 3874 τῆς
1194 3806 1366 3877 αὐτῆς
1394 3807 1584 3872 οὐσίας
1616 3809 1715 3880 τῆς
1737 3808 1830 3863 τοῦ
1853 3812 1965 3864 llat-

381 3896 509 3967 τρὺς
538 3895 821 3967 ὁμολογεῖν
863 3896 955 3950 τὸν
1006 3895 1135 3951 Υίδν
1168 3898 1261 3951 καὶ
1293 3898 1355 3951 τὸ
1396 3899 1622 3970 Πνεῦμα
1668 3900 1730 3954 τὸ
1785 3900 1961 3971 ἅγιον.

382 3992 610 4047 Ἦντινα
644 3992 827 4046 πίστιν
857 3994 1060 4056 πάντες
1088 3995 1138 4046 οί
1168 3994 1226 4045 ὲν
1255 3995 1321 4065 τῇ
1371 3994 1655 4049 Νικαέων-
1674 3997 1963 4068 συναθροι-

383 4085 603 4148 σθέντες
632 4083 777 4153 ἅγιοι
818 4085 1110 4139 ἐπίσκοποι
1140 4085 1499 4152 ἐϐεϐαίωσαν,
1527 4087 1587 4141 τό
1634 4105 1695 4142 τε
1724 4090 1833 4142 τῶν
1883 4090 1962 4143 ίε-

384 4176 624 4246 ρατικῶν
652 4175 746 4229 καὶ
779 4174 1131 4246 όμολογητῶν
1182 4174 1392 4247 ἀνδρῶν
1438 4176 1664 4247 πλῆθος,
1712 4178 1874 4242 αὑτός
1902 4197 1961 4234 τε

380 4265 411 4320 ό
439 4265 796 4338 πανεύςρημος
826 4268 923 4321 καὶ
947 4267 1362 4338 θεοφιλέστατος
1390 4267 1664 4339 βασιλεὺς,
1695 4272 1790 4325 καὶ
1814 4272 1961 4326 ἅπαν

377 4355 441 4410 τὺ
483 4358 665 4411 ἐκεῖσε
708 4358 817 4413 τῶν
850 4357 1057 4413 πιστῶν
1088 4359 1445 4430 συνεληλυθὸς
1484 4360 1709 4425 πλῆθος.
1741 4364 1958 4435 χαίρον-

378 4465 469 4512 τες
496 4448 848 4515 ἀπεδέξαντο
879 4448 978 4523 τὴν
1015 4450 1307 4522 ὁμολογίαν
1352 4452 1451 4524 τῆς
1499 4453 1754 4518 πίστεως,
1812 4471 1957 4525 παρ.

377 4539 536 4603 εκτὸς
568 4542 933 4595 ἑπτακαίδεκα
963 4540 1276 4596 ἐπισκόπων
1311 4542 1405 4599 τὸν
1442 4543 1713 4615 ἀριθμὸν,
1736 4547 1863 4616 περὶ
1882 4538 1957 4598 ὧν

378 4634 472 4687 καὶ
497 4636 755 4705 ἀνωτέρω
777 4633 1083 4706 εἰρήκαμεν
1108 4650 1124 4665 ’
1153 4629 1235 4698 οἷς
1253 4636 1283 4688 ό
1315 4635 1533 4707 Ἄρειος
1562 4636 1956 4707 ἐπιτέρπεσθαι

377 4725 570 4793 δοκῶν,
607 4726 705 4781 σὺν
732 4726 913 4790 αὐτοῖς
947 4724 1111 4792 ἐάλω,
1147 4725 1457 4797 συμφώνοις
1488 4726 1639 4799 αὑτῷ
1679 4724 1821 4795 οὖσι,
1870 4729 1957 4783 λε-

376 4818 582 4886 γόντων
599 4818 781 4874 αὐτῶν
804 4818 904 4873 σὺν
932 4818 1102 4889 αὐτῷ,
1122 4816 1322 4885 ἔξωθεν
1348 4820 1440 4874 τὸν
1473 4820 1603 4875 Υίὸν
1633 4821 1957 4893 δεδημιουρ-

376 4908 580 4978 γῆσθαι
607 4909 685 4981 τῷ
715 4907 837 4981 Θεῷ
865 4910 930 4965 ἐκ
964 4909 1038 4982 μὴ
1065 4909 1236 4963 ὄντων
1262 4910 1426 4965 τινῶν
1452 4911 1824 4975 ὐποστάπων,
1851 4912 1950 4965 καὶ

377 4999 479 5053 οὐκ
504 4999 600 5053 ἀπ’
625 5001 796 5074 αὐτῆς
823 5004 922 5073 τῆς
950 5003 1046 5057 τοῦ
1074 5003 1287 5076 Πατρδς
1316 5003 1568 5076 θεότητος
1602 5000 1955 5074 γεννηθέντα.

948 5116 1199 5187 una.
1252 5113 1381 5169 κε’.

376 5221 573 5277 Ὅπου
593 5221 714 5307 ύπρ
738 5223 844 5307 τοὶᾷ
864 5226 1067 5307 κοινοῦ
1091 5226 1202 5295 τῆς
1226 5225 1494 5307 σρνᾴδορ
1522 5226 1946 5307 ἐκκηρύττεται

586 5295 621 5346 ό
658 5292 886 5361 ἀσεϐὴς
908 5292 1160 5364 Ἄρειος,
1188 5298 1287 5351 καί
1312 5300 1367 5350 ol
1395 5296 1519 5351 σὺν
1542 5292 1722 5363 αὐτῷ.

446 5403 538 5458 Διὺ
569 5404 946 5476 ἐκκηρύκτους
975 5406 1173 5469 αὐτοὺς
1208 5406 1305 5459 καὶ
1346 5404 1504 5471 αὖθις
1556 5406 1811 5475 γενέσθαι
1850 5408 1950 5461 σὺν

388 5496 583 5568 Ἀρείῳ
613 5498 713 5567 τῆς
744 5497 1040 5568 καθολικῆς
1073 5497 1418 5569 Ἐκκλησίας,
1450 5499 1715 5571 παμψηφὶ
1747 5501 1948 5564 πάντες

371 5587 425 5640 oi
458 5588 604 5655 ἆγιοι
644 5588 802 5660 ἡμῶν
845 5589 1084 5659 Πατέρες
1113 5588 1401 5659 ὡρίσαντο,
1446 5590 1946 5661 ἀναθεματίσαντες

373 5678 572 5743 αὐτούς
589 5695 649 5732 τε
674 5678 770 5734 καὶ
785 5678 883 5750 τὴν
899 5678 1070 5750 ἀσεϐῆ
1092 5677 1272 5732 αὐτῶν
1290 5675 1468 5743 δόξαν,
1493 5678 1586 5732 καὶ
1605 5679 1674 5733 τά
1699 5681 1940 5754 ῥήματα,

442 5833 489 5868 "
511 5836 633 5891 Act.
664 5853 700 5900 ι,
733 5835 889 5891 5-H.
969 5834 1013 5867 ⁸⁸
1038 5833 1226 5890 Matth.
1258 5849 1449 5900 ιενιιι,
1485 5836 1569 5900 l9,
1600 5838 1669 5892 20

2002 2051 2072 2113 Β.

2665 2044 2823 2104 CAP.
2861 2043 3054 2102 XXIV.

2213 2161 2295 2219 De
2320 2164 2554 2219 omnium
2591 2177 2849 2219 consensit
2874 2163 3016 2217 circa
3041 2157 3509 2216 consubstantiale.

2145 2335 2242 2393 llis
2303 2336 2407 2393 boc
2470 2337 2633 2391 modo
2678 2350 2712 2392 a
2768 2344 2961 2391 sancto
3015 2333 3221 2403 Spiritu
3269 2346 3369 2403 per
3426 2337 3648 2387 unctos

2072 2427 2266 2485 Patres
2294 2439 2513 2483 nostros
2534 2426 2587 2482 in
2622 2440 2776 2481 sacra
2805 2425 2895 2480 illa
2926 2425 3131 2495 synodo
3158 2423 3437 2488 collectos,
3475 2422 3645 2492 expli-

2072 2519 2231 2584 catis,
2256 2517 2640 2589 magnilicabat
2670 2515 2839 2572 Deum
2862 2527 2969 2571 tuta
2993 2515 3083 2571 illa
3106 2513 3412 2576 multitudo.
3436 2527 3557 2582 qua
3577 2511 3647 2567 ad

2073 2609 2404 2664 auditionem
2441 2607 2587 2662 illam
2614 2617 2963 2663 convenerat.
2992 2603 3349 2660 Auscultabat
3380 2613 3557 2658 autem
3591 2613 3648 2657 et

2072 2700 2189 2771 ipse
2211 2700 2321 2756 Deo
2338 2699 2759 2755 amabilissimus
2779 2714 2897 2763 rex,
2930 2699 3021 2768 qui
3046 2706 3103 2751 ut
3128 2697 3414 2767 plurimum
3461 2699 3650 2751 aderat

2071 2793 2297 2865 synodo,
2340 2802 2398 2847 et
2457 2791 2881 2847 admirabundus
2954 2790 3210 2847 laudabat
3266 2791 3455 2854 Deum,
3522 2803 3645 2844 cum

2072 2887 2253 2941 divina
2319 2885 2453 2959 hac
2502 2885 2741 2941 audisset
2817 2884 3114 2952 dogmata;
3172 2891 3225 2937 et
3277 2883 3515 2954 gaudens
3578 2882 3647 2936 de

2072 2987 2378 3033 nostrorum
2421 2976 2796 3047 episcOporum
2828 2974 3138 3042 concordia,
3182 2974 3490 3030 exsultabat
3528 2975 3646 3044 spi-

2071 3070 2218 3126 ritu:
2250 3073 2500 3128 studebat
2525 3071 2671 3127 enim
2702 3069 2972 3125 neminem
3007 3083 3181 3138 neque
3230 3082 3513 3138 maguum,
3549 3081 3648 3121 ne-

2071 3176 2177 3233 qne
2228 3177 2461 3235 parvum
2504 3161 2572 3218 ab
2624 3162 2726 3217 bac
2763 3160 3105 3217 confessione
3149 3158 3459 3214 dissentire.
3521 3156 3648 3211 Post

2072 3254 2286 3326 longam
2341 3255 2507 3326 igitur
2535 3262 2699 3324 atque
2755 3252 3061 3307 diuturnam
3134 3250 3294 3321 hujus
3352 3250 3646 3302 adoranda:

2072 3343 2529 3401 considerationis
2558 3342 2971 3413 plenitudinem,
3000 3341 3177 3396 visum
3209 3349 3293 3395 est
3322 3337 3483 3394 simul
3526 3354 3647 3397 om-

2074 3436 2234 3492 nibus
2278 3434 2497 3501 nostris,
2538 3432 3004 3490 consubstantiale
3054 3435 3106 3488 in
3140 3433 3509 3490 ecclesiastica
3544 3434 3647 3487 lide

2074 3527 2286 3589 deliniri
2316 3536 2586 3598 oportere,
2623 3529 2688 3581 ad
2709 3526 3220 3583 eumdem’modum
3271 3543 3378 3596 quo
3427 3538 3481 3583 et
3525 3537 3647 3598 post

2072 3618 2346 3691 apostolos
2378 3620 2545 3676 sancti
2575 3618 2764 3675 Patres
2808 3619 2979 3675 nostri
3027 3619 3184 3675 [idem
3218 3621 3371 3693 hanc,
3397 3618 3638 3674 tradide-

2073 3721 2217 3779 rant,
2249 3715 2353 3770 ltoc
2382 3720 2485 3779 est,
2518 3712 2763 3768 conliteri
2787 3710 2983 3767 Filium
3016 3720 3071 3766 et
3094 3710 3355 3780 Spiritum
3390 3719 3643 3765 sanctum

2070 3807 2314 3876 ejusdem
2351 3805 2665 3861 substantize
2696 3819 2816 3859 cum
2847 3802 3028 3859 Patre.
3054 3801 3224 3869 Quam
3263 3801 3421 3857 ﬁdem
3454 3815 3643 3856 omnes

2069 3899 2263 3957 Nicaeae
2302 3897 2611 3970 congregati
2640 3896 2809 3952 sancti
2842 3895 3079 3966 episcopi
3116 3897 3532 3956 conﬁrmarunt,
3584 3901 3642 3945 et

2072 4003 2182 4050 tota
2218 4007 2500 4049 sacrorum
2532 4001 2584 4046 et
2632 3988 3003 4045 conﬁtentium
3052 3988 3287 4042 virorum
3334 3985 3640 4050 multitttdo,

2069 4096 2125 4144 et
2161 4089 2276 4157 ipse
2307 4084 2714 4141 lattdatissimus
2762 4089 2817 4137 et
2860 4079 2971 4135 Deo
3022 4078 3406 4135 dilectissimus
3445 4093 3555 4143 rex,
3588 4087 3645 4132 et

2069 4190 2180 4236 tota
2215 4177 2449 4234 ﬁdelium
2486 4192 2607 4247 quae
2658 4173 2770 4229 illic
2791 4180 3124 4229 convenerat
3162 4170 3471 4233 multitudo,
3506 4185 3641 4240 gau-

2068 4276 2257 4330 dentes
2279 4272 2421 4326 ltanc
2451 4268 2574 4325 ﬁdei
2602 4268 2996 4325 confessionem
3040 4274 3415 4336 susceperunt,
3448 4275 3644 4335 praeter

2067 4361 2458 4434 septemdecim
2490 4360 2864 4432 episcOpornm
2893 4374 3203 4422 numerum,
3246 4359 3311 4412 de
3332 4357 3527 4428 quibus
3548 4373 3642 4409 sn-

2066 4472 2162 4526 pra
2187 4455 2350 4511 etiam
2374 4454 2614 4509 diximus
2641 4470 2655 4508 :
2700 4453 2900 4524 quibus
2930 4468 3051 4507 cum
3076 4452 3333 4507 delectari
3369 4450 3533 4505 Arius
3564 4451 3642 4505 vi-

2066 4550 2305 4611 deretur,
2335 4553 2613 4602 convictus
2637 4556 2721 4601 est
2744 4558 2864 4600 cum
2902 4545 3034 4614 ipsis
3058 4544 3107 4598 ei
3154 4534 3640 4605 consentientibus,

2067 4641 2159 4710 qui
2187 4655 2310 4696 cum
2332 4654 2398 4695 eo
2419 4639 2737 4695 asserebant
2787 4640 3032 4692 exterius
3056 4634 3258 4689 factum
3306 4648 3427 4689 esse
3475 4650 3504 4686 a
3534 4632 3642 4685 Deo

2066 4730 2256 4785 Filium
2282 4746 2348 4786 ex
2370 4729 2695 4799 quibusdam
2719 4728 3037 4783 substantiis
3059 4740 3166 4780 non
3200 4724 3563 4790 exstantibus,
3588 4734 3643 4778 et

2064 4836 2167 4878 non
2190 4837 2258 4879 ex
2285 4822 2401 4892 ipsa
2420 4821 2602 4877 Patris
2624 4820 2908 4876 divinitate
2930 4817 3177 4889 genitum
3210 4816 3399 4873 fuisse.

2660 5105 2812 5162 CAP.
2873 5104 3043 5164 XXV.

2058 5219 2334 5287 Quomodo
2370 5221 2444 5276 ab
2486 5220 2727 5275 universa
2762 5221 2965 5290 synodo
3002 5204 3487 5276 excommunicslttr
3531 5222 3636 5277 ὅσοι-ο

2385 5292 2503 5361 pius
2525 5290 2709 5354 Arius,
2732 5300 2781 5345 et
2806 5290 2896 5360 qui
2921 5306 3041 5346 cunt
3061 5290 3156 5346 illo
3187 5300 3362 5348 erant.

2126 5401 2416 5474 Propterea
2455 5418 2645 5460 rursus
2691 5410 2845 5458 extra
2879 5403 3123 5459 ecclesiae
3158 5403 3442 5459 catholica?
3475 5417 3629 5458 com-

2054 5492 2366 5549 munionem
2417 5492 2540 5562 pelli
2585 5508 2681 5548 eos
2728 5509 2853 5549 cum
2896 5493 3029 5549 Ario
3070 5495 3323 5550 omnibus
3357 5493 3630 5563 suﬁragils

2050 5587 2224 5642 sancti
2261 5586 2452 5643 Patres
2486 5586 2655 5642 nostri
2691 5586 3049 5654 dellnierunt,
3096 5588 3628 5644 anatbcmatizantes

2050 5680 2227 5751 ipsos,
2280 5679 2583 5750 ctimpiam
2645 5678 2883 5751 ipsorum
2943 5679 3293 5751 opinionem,
3347 5689 3404 5737 et
3463 5680 3627 5735 vetba
