4148 6616
520 427 653 493 tam
1076 384 1080 388 ’
1751 425 2058 487 GELASII
2098 427 2111 481 ι

2207 424 2441 486 ΞΙΕΕΝΙ
3638 428 3788 492 1308

515 554 725 604 eertum,
754 545 917 606 atque
947 536 1294 607 blasphemas
1319 537 1638 600 sententias.
1670 537 1868 608 quibus
1896 538 2081 590 adver-

2207 535 2293 588 καὶ
2320 535 2388 589 τὰ
2419 534 2665 606 νοήματα
2695 534 2878 589 αὐτῶν
2904 536 2972 590 τά
3013 536 3333 609 βλάσφημα,
3363 535 3445 601 οἷς
3477 537 3792 610 ἐκέχρηντο

514 645 610 684 sus
639 628 833 683 Filium
864 628 955 682 Dei
980 630 1294 695 utebantur,
1309 629 1550 683 dicentes
1578 646 1592 682 :
1623 627 1700 682 Ex
1736 643 1840 681 non
1868 636 2091 682 exstan-

516 722 662 776 tibus
704 721 879 790 ipsum
911 736 1054 785 esse,
1080 730 1133 776 et
1159 722 1301 790 quod
1328 730 1446 776 erat
1479 723 1695 790 quando
1727 736 1835 774 non
1864 730 2007 784 eral,
2037 726 2092 775 et

516 813 659 884 quod
694 813 961 867 libertatis
1008 816 1076 866 ad
1115 814 1377 867 tualitiam
1415 823 1577 883 atque
1626 813 1879 889 virtutem
1916 827 2092 881 capax

518 914 603 959 est
650 904 766 972 ipse
808 901 978 957 Filius
1009 902 1126 968 Dei,
1158 914 1212 958 et
1250 903 1393 973 quod
1427 904 1499 960 sit
1549 914 1798 959 creatura
1833 914 1889 956 et
1935 918 2092 970 opus.

519 996 711 1050 tbunia
742 996 855 1051 haec
899 1006 953 1049 et
983 996 1242 1065 ipsosmct
1273 1004 1460 1049 sancta
1487 993 1724 1066 synodus
1748 994 2093 1050 anathemate

521 1071 814 1156 percussit,
870 1102 971 1141 nec
1027 1087 1215 1141 audire
1267 1087 1485 1156 quidem
1539 1085 1815 1141 sustinens
1873 1086 2093 1156 impiam

479 1209 482 1211 λ
522 1193 709 1233 eorum
758 1177 1067 1249 opinionem
1119 1187 1174 1231 et
1216 1177 1531 1243 amentiam,
1563 1172 1726 1247 atque
1776 1177 2095 1246 hlasphema

524 1269 709 1324 verba.
741 1260 880 1335 Quin
925 1278 981 1324 et
1011 1268 1241 1323 tabellas
1270 1268 1510 1335 ipsorum
1562 1268 1860 1339 impietatis
1889 1268 2095 1337 plenas,

524 1376 663 1424 quias
699 1359 899 1414 oﬂ‘erre
950 1360 1068 1413 ausi
1126 1357 1375 1421 fuerant,
1420 1360 1670 1430 protinus
1704 1359 2094 1416 dilacerarunt.

528 1452 595 1506 Et
627 1467 749 1521 qua:
777 1450 992 1520 quidem
1028 1450 1239 1505 illorum
1267 1460 1444 1516 erant,
1482 1467 1513 1505 a
1544 1461 1731 1507 sancta
1776 1453 1985 1524 synodo
2015 1464 2098 1508 Ia-

527 1544 632 1597 lem
659 1544 847 1598 sortita
884 1550 1011 1597 sunt
1048 1542 1230 1597 ﬁnem.
1271 1543 1402 1609 Quae
1436 1552 1618 1598 autem
1650 1542 1773 1599 ﬁdei
1824 1554 1982 1599 erant
2008 1560 2100 1599 or-

528 1635 802 1700 thodoxae,
850 1643 907 1690 et
953 1635 1296 1690 concorditer
1341 1650 1532 1690 omnes
1561 1635 1805 1706 episcopi
1852 1651 2103 1707 compre-

528 1728 753 1782 hensum
806 1726 1061 1782 brevibus
1123 1728 1302 1783 verbis
1356 1728 1817 1798 complectentes,
1879 1739 2102 1799 propter

529 1818 702 1874 ﬁdelis
749 1818 1067 1889 populorum
1118 1820 1479 1875 multitudinis
1535 1820 1979 1889 simplicitatem,
2022 1823 2099 1878 ita

529 1908 731 1979 scripto
762 1917 1130 1979 exposuerunt
1158 1908 1439 1964 catholica:
1471 1908 1593 1964 lidei
1624 1910 1948 1981 symbolum.

1112 2113 1275 2173 CAP.
1306 2113 1495 2171 XXVI.

535 2222 811 2289 Expositio
853 2224 1123 2278 catholica:
1166 2234 1214 2278 et
1266 2223 1566 2292 apostolica:
1602 2224 1728 2292 ﬁdei
1777 2226 1832 2279 in
1889 2223 2105 2280 Nicwna

602 2297 803 2364 synodo
834 2294 1209 2363 promulgatio,
1239 2296 1334 2348 sub
1369 2294 1487 2348 Deo.
1513 2294 1827 2348 charissima
1880 2296 2107 2361 impera-

601 2376 716 2417 tore
746 2364 1112 2428 Constantino,
1160 2364 1216 2417 in
1250 2364 1525 2418 consulatu
1572 2364 1789 2418 Paulini
1820 2374 1869 2417 et
1939 2366 2106 2418 uliani

603 2435 911 2500 illustrium,
941 2451 1079 2486 anno
1111 2434 1176 2485 ab
1202 2432 1500 2487 Alexandro
1544 2432 1904 2489 DCXXXVI.
1935 2450 2107 2487 mense

603 2504 770 2557 Junio
795 2514 914 2557 ante
939 2519 1032 2558 χιιι
1060 2504 1286 2557 Kalend.
1311 2503 1509 2569 Iulias,
1537 2505 1591 2558 in
1636 2502 1821 2559 Nica'a
1845 2503 2108 2574 Bithynia’

605 2573 897 2643 metropoli.

602 2819 887 2876 Credimus
911 2818 963 2872 in
993 2833 1158 2872 unum
1184 2817 1375 2879 Deum.
1406 2816 1622 2873 Patrem
1651 2818 2102 2887 omnipotentem,

533 2913 773 2967 omnium
820 2911 1109 2966 visibilium
1168 2920 1222 2966 et
1270 2910 1620 2965 invisibilium
1670 2921 2010 2967 creatorem:
2048 2914 2113 2967 Et

538 3005 592 3059 in
636 3019 801 3058 unum
852 3001 1136 3057 Dominum
1204 3000 1388 3055 Jesum
1433 2998 1708 3055 Christum
1769 2999 1962 3056 Filium
2021 3004 2110 3058 Dei

539 3097 869 3168 unigenitum
903 3110 970 3149 ex
1016 3093 1175 3148 Patre
1216 3102 1422 3158 natum,
1469 3094 1521 3148 id
1562 3102 1646 3148 est
1691 3109 1757 3149 ex
1812 3094 2111 3151 substantia

539 3188 739 3253 Patris,
792 3186 957 3240 Deum
1022 3185 1089 3239 de
1135 3184 1264 3246 Deo,
1316 3183 1495 3239 lumen
1554 3184 1622 3239 de
1678 3184 1900 3251 lumine,
1946 3186 2109 3241 Deum

544 3293 727 3332 verum
754 3278 819 3331 de
837 3277 947 3331 Deo
965 3290 1117 3343 vero,
1139 3276 1379 3345 genitum
1399 3291 1503 3330 non
1524 3275 1744 3341 factum,
1768 3278 2114 3333 consubstan-

544 3367 726 3421 tialem
774 3365 959 3431 Patri,
991 3380 1087 3437 per
1120 3353 1280 3435 quem
1329 3365 1511 3421 omnia
1557 3366 1697 3422 facta
1739 3378 1866 3423 sunt
1900 3383 2019 3437 qua:
2059 3369 2112 3423 in

543 3459 686 3515 cmlo
722 3467 775 3513 et
803 3472 925 3529 quae
958 3458 1010 3513 in
1046 3467 1214 3512 terra.
1245 3455 1345 3524 Qui
1378 3466 1597 3527 propter
1634 3472 1730 3514 nos
1783 3458 2034 3514 homines
2061 3468 2116 3513 et

546 3557 766 3618 propter
799 3556 1036 3601 nostram
1082 3547 1309 3603 salutem
1348 3547 1652 3615 descendit,
1706 3558 1762 3607 et
1805 3548 2117 3606 incarnatus

544 3651 661 3705 est,
710 3649 761 3694 et
794 3640 954 3696 homo
986 3639 1197 3705 lactus,
1232 3654 1425 3709 passus
1464 3649 1584 3704 est,
1616 3640 1854 3710 sepultus
1885 3650 2003 3706 est,
2063 3650 2117 3696 et

550 3733 849 3789 resurrexit
891 3733 1046 3787 tertia
1079 3732 1187 3795 die,
1221 3741 1276 3787 et
1298 3732 1545 3788 ascendit
1585 3731 1637 3787 in
1671 3733 1859 3799 caelos,
1883 3742 1937 3789 et
1964 3734 2116 3788 sedet

547 3824 615 3877 ad
642 3823 919 3880 dexteram
945 3823 1146 3887 Patris,
1167 3833 1221 3877 et
1251 3824 1446 3879 iterum
1477 3832 1738 3879 venturus
1766 3810 1859 3880 est
1871 3825 2119 3894 judicare

552 3916 701 3969 vivos
732 3923 787 3971 et
827 3925 1087 3970 mortuos.
1116 3914 1185 3970 Et
1230 3914 1283 3968 in
1325 3912 1589 3982 Spiritum
1620 3924 1887 3969 sanctum.
1923 3913 1993 3970 lis
2018 3930 2117 3968 au-

553 4016 661 4060 tem
692 4006 782 4076 qui
815 4006 1004 4060 dicunt
1050 4006 1216 4060 fuisse
1248 4006 1540 4075 aliquando
1593 4015 1803 4076 tempus
1850 4022 1973 4062 cum
2011 4021 2115 4060 non

550 4106 717 4161 esset,
764 4106 819 4152 et
871 4098 1036 4153 exiis
1078 4113 1197 4167 qua:
1237 4113 1342 4152 nou
1386 4105 1515 4151 sunt
1556 4106 1756 4161 ortum,
1791 4097 1872 4152 vel
1919 4113 1983 4152 ex
2015 4098 2118 4153 alia

549 4189 900 4243 subsistentia
937 4200 1030 4243 aut
1058 4190 1359 4244 substantia
1405 4203 1548 4252 esse,
1579 4189 1663 4243 vel
1698 4201 1936 4244 creatum
1976 4204 2118 4258 esse,

554 4278 637 4333 vel
667 4279 909 4333 converti
944 4288 1036 4332 aut
1079 4278 1275 4332 mutari
1306 4292 1466 4348 posse
1491 4275 1684 4331 Filium
1718 4275 1848 4342 Dei;
1878 4276 1997 4332 istis
2028 4292 2122 4331 ca-

557 4369 752 4425 tholica
784 4379 838 4426 et
877 4370 1165 4440 apostolica
1206 4368 1447 4425 Ecclesia
1487 4370 1774 4424 anathema
1813 4370 2116 4425 denuntiat.

557 4457 684 4516 Haec
735 4469 815 4515 est
861 4459 1014 4527 ﬁdes,
1065 4474 1226 4531 quam
1279 4468 1646 4530 exposuerunt
1706 4457 1897 4514 Nicazaa
1944 4459 2118 4515 sancti

2193 625 2335 679 κατά
2365 624 2460 679 τοῦ
2487 625 2618 679 Υἱοῦ
2646 626 2740 680 τοῦ
2772 626 2908 680 Θεοῦ
2935 628 3206 696 λέγοντες,
3254 629 3313 696 ἐξ
3343 630 3443 684 οὐκ
3466 630 3638 685 ὄντων
3679 633 3795 685 αῦ-

2192 718 2289 771 τὸν
2320 712 2481 784 εἶναι,
2514 718 2608 772 καὶ
2646 720 2727 773 ὅτι
2762 714 2831 790 ἦν
2854 736 2981 773 ποτε
3007 721 3095 773 ὅτε
3125 721 3226 774 οὐκ
3253 718 3320 791 ἦν
3339 760 3354 785 ,
3386 722 3482 776 καὶ
3525 722 3796 787 αὐτεξου-

2197 811 2405 882 σιότητι
2434 810 2637 874 κακίας
2668 811 2765 865 καὶ
2800 811 3001 881 ἀρετῆς
3030 811 3281 865 δεκτικὸν
3315 812 3481 866 αὐτὸν
3517 809 3664 867 εἶναι
3693 813 3791 866 τὸν

2197 902 2328 956 Υἱδν
2373 900 2469 955 τοῦ
2522 902 2687 966 Θεοῦ,
2732 903 2939 973 κτίσμα
2988 903 3235 972 λέγοντες
3284 904 3449 959 αὐτὸν
3498 901 3637 958 εἶναι
3694 905 3822 958 καὶ⁴

2195 994 2429 1064 ποίημα.
2468 994 2882 1063 Ἀνεθεμάτισεν
2926 995 3140 1050 ἅπαντα
3179 995 3349 1051 ταῦτα
3376 996 3469 1050 καὶ
3491 997 3703 1060 αὐτοὺς
3758 998 3796 1066 ἡ

2196 1087 2329 1156 ἁγία
2365 1087 2601 1151 σύνοδος,
2650 1086 2773 1140 οὐδὲ
2798 1087 2923 1140 ὅσον
2952 1086 3185 1141 ἀκοῦσαι
3216 1088 3318 1158 τῆς
3349 1087 3579 1151 ἀσεϐοῦς
3616 1088 3796 1156 δόξης

2196 1177 2397 1243 αὐτῶν,
2434 1177 2528 1231 καὶ
2573 1176 2855 1240 ἀπονοίας,
2892 1176 2988 1230 καὶ
3038 1176 3147 1230 τῶν
3195 1176 3539 1249 βλασφήμων
3596 1177 3795 1231 αὐτῶν

2199 1270 2463 1340 ῥημάτων
2502 1269 2871 1341 ἀνασχομένη.
2930 1268 3093 1323 Ἀλλά
3144 1271 3241 1325 κα)⁵
3288 1270 3349 1324 τὸ
3384 1271 3678 1325 πιττάκιον
3732 1270 3794 1323 δὲ

2199 1360 2400 1424 αὐτῶν,
2439 1361 2576 1431 ὅπερ
2621 1360 2794 1430 γέμον
2836 1362 2936 1431 τῆς
2974 1360 3231 1426 ἀσεῦεῑας
3268 1361 3447 1417 αὐτῶν
3500 1360 3795 1415 ἐπιδοῦναι

2200 1452 2527 1523 ἐτόλμησαν,
2560 1450 2904 1522 παραχρῆμα
2926 1451 3241 1523 διέρρηξαν.
3288 1452 3401 1507 Καὶ
3428 1452 3498 1507 τά
3532 1453 3633 1524 μὲν
3658 1452 3793 1506 κατ’

2199 1538 2445 1602 ἐκείνους
2484 1538 2722 1592 τοιοῦτον
2767 1538 2961 1610 εἴληφε
3010 1540 3161 1609 παρά
3202 1541 3304 1612 τῆς
3342 1542 3505 1611 ἁγίας
3557 1543 3789 1596 συνόδου

2197 1629 2371 1694 τέλος.
2405 1628 2488 1683 Τὰ
2513 1628 2573 1682 δὲ
2602 1626 2732 1699 περὶ
2761 1628 2863 1700 τῆς
2894 1627 3176 1700 όρθοδόξου
3206 1631 3442 1695 πίστεως
3471 1631 3794 1702 συμφώνως

2199 1718 2440 1782 ἅπαντες
2465 1719 2515 1771 οἱ
2544 1717 2837 1772 ἐπίσκοποι
2871 1719 2929 1771 ὲν
2953 1719 3157 1788 ὀλίγοις
3187 1721 3416 1793 ῥήμασι,
3444 1721 3533 1775 διὰ
3554 1722 3659 1788 τὴν
3688 1722 3788 1776 τοῦ

2201 1809 2395 1865 πιστοῦ
2423 1809 2665 1880 πλήθους
2684 1809 2795 1864 τῶν
2823 1810 2972 1864 λαῶν
3005 1811 3287 1882 ἁπλότητα
3314 1812 3376 1865 τὸ
3402 1813 3524 1866 ὅλον
3554 1813 3792 1885 περιλα-

2133 1878 2173 1933 B
2205 1902 2399 1965 δόντες
2424 1942 2439 1966 ,
2466 1878 2570 1956 ὧδέ
2609 1918 2727 1965 πως
2760 1901 3053 1974 ἐγγράφως
3077 1878 3380 1959 ἑκτίθεντᾶι
3410 1903 3471 1959 τὸ
3506 1904 3607 1976 τῆς
3631 1878 3791 1961 ’καθ-

2203 1992 2390 2064 ολικῆς
2417 1992 2652 2057 πίστεως
2676 1991 2965 2064 σύμσολον.
3188 2040 3189 2043 η

2775 2106 3028 2160 ΚΕΦΔΛ.
3068 2107 3219 2165 κε’.

2210 2224 2486 2295 Ἕκθεσις
2534 2220 2646 2295 τῆς
2701 2220 3030 2295 καθολικῆς
3061 2221 3193 2295 (Η)
3243 2222 3343 2295 καὶ
3374 2224 3793 2295 ἁποστολικῆς

2277 2293 2555 2356 πίστεως.
2588 2292 2933 2362 Aureae/(mc
2960 2293 3079 2346 ὑπὸ
3120 2291 3225 2358 τῆς
3251 2293 3323 2348 ἐν
3353 2296 3567 2362 Natali;
3628 2291 3790 2351 om};

2275 2362 2439 2423 ὁδου,
2467 2362 2563 2415 ἐπὶ
2617 2361 2723 2415 τοῦ
2774 2362 3237 2429 θεοφιλεστάτου
3296 2361 3602 2431 βασιλέως
3628 2369 3793 2420 Kair-

2274 2432 2620 2495 σταντίνου,
2662 2431 2732 2483 ἐν
2775 2431 3026 2498 ὑπατείᾳ
3049 2432 3355 2487 Παυλῖνον
3406 2435 3503 2487 καὶ
3542 2437 3792 2489 Ἰουλια-

2276 2501 2388 2555 νοῦ
2443 2501 2562 2555 τῶν
2601 2499 2907 2572 λαμπρῶν,
2959 2501 3132 2572 ἐςους
3160 2501 3305 2572 γάπύ
3379 2503 3790 2572 Ἀλεξάνδρου

2277 2576 2434 2641 χαις-κ
2468 2573 2539 2624 ὲν
2569 2568 2713 2638 μηνὶ
2744 2571 2931 2641 Δεσίῳ
2962 2568 3035 2638 τῇ
3055 2570 3176 2641 πρὸ
3205 2571 3524 2641 δεκατριῶν
3554 2568 3792 2629 Καλαν-

2277 2640 2419 2768 (ἑιὲνί
2450 2641 2722 2706 Ἰουλίου,
2773 2640 2842 2694 ἐν
2886 2640 3101 2708 Νίκαια
3127 2644 3494 2711 μητροπόλει
3548 2644 3661 2713 τῆς
3685 2647 3791 2699 Βι-

2358 2729 2396 2765 ν
2421 2729 2512 2777 ας.

2284 2820 2620 2892 Πιστεύομεν
2649 2822 2760 2895 (l5)
2794 2823 2873 2887 εἰς
2920 2823 3018 2877 ἕνα
3042 2823 3174 2877 Θεὸν
3215 2824 3437 2896 Πατέρα
3471 2842 3790 2896 παντοκρα-

2209 2929 2365 2984 τορα,
2394 2912 2605 2983 ὁρατῶν
2647 2928 2708 2965 τε
2738 2911 2958 2966 πάντων
2993 2914 3087 2966 καὶ
3118 2913 3364 2982 ἀοράτων
3395 2916 3650 2985 ποιητήν.
3676 2916 3792 2968 Καὶ

2213 3005 2292 3069 εἰς
2319 3005 2414 3057 ἕνα
2445 3003 2649 3073 Κύριον
2699 3004 2907 3073 Ἰησοῦν
2930 3004 3163 3074 Χριστὸν
3209 3004 3296 3057 τὸν
3326 3005 3456 3058 Υἱδν
3480 3004 3577 3059 τοῦ
3625 3004 3789 3067 Θεοῦ,

2214 3095 2547 3167 γεννηθέντα
2597 3097 2661 3149 ὲκ
2710 3095 2805 3150 τοῦ
2853 3095 3064 3168 Πατρός
3108 3096 3399 3166 μονογενῆ.
3449 3096 3597 3149 τοῦτ’
3642 3096 3791 3148 ἐστιν

2138 3216 2181 3275 C
2216 3188 2281 3240 ἐκ
2328 3185 2429 3256 τῆς
2469 3185 2658 3249 οὐσίας
2686 3185 2779 3240 τοῦ
2818 3186 3064 3257 Πατρός,
3114 3186 3248 3241 Θεὸν
3290 3186 3353 3240 ὲκ
3379 3186 3534 3250 Θεοῦ,
3578 3185 3696 3255 φῶς
3728 3187 3795 3238 ὲκ

2216 3276 2425 3346 φωτὸς,
2454 3275 2587 3332 Θεὸν
2644 3276 2900 3347 ἀληθινὸν
2953 3278 3019 3331 ὲκ
3068 3276 3204 3331 Θεοῦ
3258 3276 3547 3353 ἀληθινοῦ,
3593 3294 3793 3346 γεννη-

2212 3368 2375 3421 θέντα
2400 3406 2415 3431 ,
2463 3368 2525 3420 οὐ
2576 3367 2902 3439 ποιηθέντα,
2938 3367 3226 3439 ὁμοούσιον
3263 3367 3342 3438 τῷ
3376 3367 3583 3438 Πατρὶ,
3629 3367 3701 3420 δι’
3729 3355 3792 3419 οὗ

2210 3461 2278 3514 τά
2311 3459 2491 3515 πάντα
2526 3460 2767 3528 ἐγένετο,
2813 3460 2879 3515 τά
2925 3460 2984 3512 ὲν
3025 3458 3104 3530 τῷ
3152 3458 3369 3531 οὐρανῷ
3406 3460 3501 3513 καὶ
3528 3459 3597 3513 τὰ
3634 3461 3693 3511 ὲν
3722 3460 3791 3529 τῇ

2210 3554 2317 3623 γῇυ
2366 3551 2458 3606 τὸν
2509 3551 2577 3605 δι’
2631 3553 2777 3623 ἡμᾶς
2827 3552 2969 3616 τοὺς
3003 3549 3355 3621 ἀνθρώπους,
3388 3552 3508 3619 ,καὶ
3553 3550 3659 3605 διὰ.
3694 3548 3794 3619 τὴν

2216 3643 2495 3714 ἡμετέραν
2546 3642 2820 3715 σωτηρίαν
2871 3641 3236 3707 κατελθόντα,
3294 3642 3389 3697 καὶ
3414 3641 3789 3713 σαρκωθέντα,

2216 3738 2310 3791 καὶ
2339 3736 2838 3807 ὲνανθρωπήσαντα
2858 3777 2873 3801 ,
2927 3734 3173 3789 παθόντα
3194 3774 3209 3798 ,
3245 3734 3484 3805 ταφέντα
3510 3732 3659 3806 (l6),
3695 3732 3793 3785 καὶ

2218 3828 2529 3883 ἀναστάντα
2556 3831 2623 3899 τῇ
2660 3829 2820 3900 τρίτῃ
2864 3826 3063 3899 ἡμέρᾳ,
3093 3826 3187 3881 καὶ
3213 3826 3505 3882 ἀνελθόντα
3537 3825 3618 3888 εἰς
3664 3824 3793 3885 τοὺς

2216 3915 2502 3985 οὐρανοὺς,
2560 3917 2655 3969 καὶ
2714 3916 3075 3986 καθεζόμενον
3106 3915 3220 3987 (l7)
3254 3917 3313 3970 ὲν
3353 3915 3502 3984 δεξιᾷ
3545 3912 3641 3967 τοῦ
3680 3915 3793 3967 Πα-

2218 4007 2381 4079 τρδς,
2436 4008 2531 4062 καὶ
2597 4007 2759 4061 πάλιν
2822 4009 3117 4079 ἐρχόμενον
3178 4009 3362 4079 κρῖναι
3413 4004 3625 4070 ζῶντας
3698 4004 3793 4056 καὶ

2221 4099 2469 4170 νεκρούς.
2528 4100 2639 4154 Καὶ
2684 4102 2764 4163 εἰς
2792 4098 2853 4152 τὸ
2903 4100 3059 4167 ἅγιον
3110 4098 3275 4152 αὐτοῦ
3336 4095 3580 4167 Πνεῦμα.
3650 4095 3791 4158 Τοὺς

2218 4189 2276 4243 δὲ
2325 4190 2602 4260 λέγοντας,
2629 4190 2739 4245 Ἦν
2772 4208 2902 4245 ποτε
2950 4192 3039 4244 ὅτε
3086 4190 3187 4243 οὐκ
3231 4185 3321 4259 ἦν,
3359 4187 3453 4241 καὶ
3494 4188 3624 4259 πρὶν
3664 4204 3790 4256 γεν-

2220 4281 2452 4352 νηθῆναι
2509 4282 2609 4335 οὐκ
2662 4278 2752 4353 ἦν,
2802 4282 2895 4335 καὶ
2930 4282 3011 4334 ὅτι
3057 4281 3115 4347 ἐξ
3166 4280 3266 4334 οὐκ
3330 4280 3499 4334 ὄντων
3548 4278 3788 4348 ἐγένετο.

2220 4371 2345 4442 ἢέξ
2395 4372 2587 4444 ἐτέρας
2635 4372 2984 4433 ὑποστάσεως
3032 4370 3283 4441 ἢούσίας
3326 4370 3439 4441 (18)
3482 4368 3790 4439 φάσκοντας

2220 4457 2393 4529 εἶναι,
2441 4462 2476 4535 ἢ
2527 4463 2759 4534 τρεπτδν
2796 4461 2829 4535 ἦ
2878 4459 3165 4515 ἀλλοιωτὸν
3200 4460 3294 4514 τὸν
3323 4460 3451 4515 Υῑδν
3492 4458 3587 4514 τοῦ
3617 4457 3787 4513 Θεοῦσ

630 4635 740 4710 (14)
779 4635 857 4691 Ex
887 4616 1180 4710 Athanasio
1209 4636 1261 4710 i_n
1291 4636 1457 4710 epist.
1486 4633 1866 4710 ad‘loviapum
1897 4634 2028 4705 imp.
2059 4646 2115 4693 et
2150 4645 2191 4700 ι)
2218 4639 2432 4708 quando
2466 4654 2571 4694 non
2611 4650 2764 4705 erat;
2819 4650 2913 4694 aut
2943 4656 3047 4695 non
3097 4648 3218 4710 erat
3268 4646 3555 4707 antequam
3594 4637 3787 4710 lieret_:

555 4703 900 4764 Tlt'eodoreto
929 4707 1021 4765 lib.
1056 4724 1069 4762 I
1104 4704 1251 4761 Eccl.
1282 4703 1404 4759 hist.
1438 4722 1558 4775 cap.
1588 4706 1674 4760 ll.
1707 4703 1883 4759 Hann.

628 4778 738 4847 (l5)
779 4776 856 4830 Ex
891 4775 1128 4832 Historia
1170 4778 1380 4844 tripart.
1434 4776 1526 4830 lib.
1577 4791 1635 4841 ιι,
1684 4789 1804 4847 cap.
1846 4776 1902 4847 9,
1949 4784 2004 4829 et
2052 4792 2120 4831 ex

556 4845 887 4904 collectione
925 4859 1133 4902 vetusta
1168 4860 1433 4899 rationum
1465 4861 1496 4900 e
1525 4860 1655 4899 mss.
1689 4845 1979 4901 Parisiens.
2012 4847 2122 4901 col-

564 4919 688 4987 legii
736 4918 860 4970 Sor.
910 4915 1072 4987 issu,
1126 4916 1350 4987 aliisque
1404 4915 1490 4969 hic
1540 4925 1869 4987 sequentem
1904 4918 2124 4970 exhibet

566 4984 870 5042 liarduinns
909 4985 1180 5040 Nic-auiam
1233 4986 1388 5038 ﬁdem
1431 5002 1446 5038 :
1483 5002 1501 5036 t
1532 4984 1814 5039 Credimus
1859 4986 1912 5038 in
1959 5002 2123 5040 unum

566 5061 755 5123 Deum,
792 5055 1006 5111 Patrem
1050 5056 1498 5124 omnipotentem,
1550 5055 1791 5108 omnium
1835 5056 2125 5110 visibilium

565 5129 1022 5197 iuvisihilimuque
1067 5127 1322 5179 factorem
1367 5124 1498 5197 :_7_E.t
1542 5124 1799 5197 in_u_num
1843 5125 2125 5197 Dominum

566 5209 814 5254 nostrum
845 5192 1028 5251 Jesinn
1051 5197 1321 5249 Christum
1366 5193 1559 5248 Filium
1590 5192 1681 5247 Dei
1713 5204 1897 5247 natum
1935 5209 1999 5247 ex
2031 5194 2130 5248 Pa-

570 5280 674 5334 tre,
703 5268 1057 5337 unigenitum,
1088 5268 1395 5337 huc_est,ex
1415 5264 1712 5337 substantia
1741 5263 1935 5327 Patris,
1963 5265 2126 5337 Deum

568 5356 633 5395 es
662 5333 824 5402 Deo,—
859 5333 1049 5391 lumen
1084 5352 1148 5389 ex
1196 5335 1418 5398 lumine,
1468 5334 1632 5387 Deum
1682 5348 1867 5386 verum
1915 5350 1979 5388 ex
2020 5333 2128 5389 Deo

572 5423 740 5464 vero:
773 5418 957 5462 natum
1008 5422 1108 5459 non
1144 5404 1366 5469 factum,
1414 5403 1923 5458 consubstantialem
1960 5403 2126 5468 Patri,

570 5493 667 5549 per
698 5492 858 5548 quem
888 5476 1069 5529 omnia
1102 5474 1240 5529 facta
1272 5485 1393 5549 sunt
1417 5488 1545 5549 qua:
1576 5473 1630 5527 in
1670 5473 1808 5527 caelo
1838 5483 1891 5527 et
1922 5487 2042 5540 qua:
2072 5474 2124 5527 in

516 5611 520 5615 ,
571 5545 757 5604 terra:
788 5549 880 5616 qui
902 5555 1121 5616 propter
1153 5545 1532 5616 nosbomines
1554 5553 1610 5597 et
1638 5555 1861 5616 propter
1885 5552 2126 5616 nostram

573 5612 1129 5678 salutem-descendit,
1172 5624 1228 5669 et
1261 5614 1592 5679 incarnatus,
1630 5612 1685 5667 et
1720 5614 1880 5668 homo
1912 5612 2125 5666 factus:

574 5704 766 5757 passus
807 5698 913 5750 est,
946 5694 999 5739 et
1034 5685 1328 5757 resurrexit
1350 5683 1516 5757 tertia
1547 5684 1634 5757 die
1664 5698 1678 5736 :
1711 5692 1766 5736 et
1795 5683 2034 5737 ascendit
2075 5682 2127 5735 in

573 5753 759 5825 caelos,
791 5768 846 5811 et
872 5764 1131 5809 venturus
1161 5764 1241 5807 est
1264 5753 1508 5822 judicare
1550 5754 1700 5806 vivos
1747 5762 1803 5806 et
1842 5762 2081 5825 mortuos
2111 5769 2125 5805 :

570 5837 630 5884 et
676 5821 756 5885 in'
792 5826 1053 5898 Spiritum
1114 5821 1382 5881 sanetum.
1434 5824 1680 5880 Diccutcs
1732 5831 1910 5877 autem
1954 5821 2130 5877 :Erat

2225 4706 2313 4763 aut
2341 4710 2466 4779 quia
2498 4725 2565 4765 ex
2609 4726 2713 4764 non
2757 4711 3093 4765 exstantibus
3134 4709 3307 4764 lactus
3334 4706 3453 4773 est;
3487 4716 3580 4760 aut
3618 4722 3683 4760 ex
3714 4706 3791 4757 al-

2230 4790 2342 4833 tera
2396 4780 2701 4835 substantia
2752 4781 2996 4834 dicentes
3036 4795 3195 4834 esse:
3226 4788 3321 4832 aut
3366 4787 3646 4837 creatum.
3699 4784 3791 4827 aut

2228 4850 2633 4905 convertibilem
2675 4850 2868 4904 Filium
2900 4849 3029 4915 Dei;
3063 4852 3163 4904 hos
3190 4850 3326 4903 tales
3365 4846 3793 4915 anathematisat

2228 4920 2495 4976 catholica
2525 4930 2577 4973 et
2609 4920 2900 4988 apostolica
2929 4913 3193 4974 Ecclesia.
3225 4938 3244 4970 ι
3277 4917 3408 4971 Vide
3446 4916 3609 4971 etiam
3650 4913 3792 4968 Hila-

2233 4990 2495 5060 riumilili.
2526 4988 2599 5045 De
2624 4992 2857 5060 synodis,
2892 5005 3040 5045 nmn.
3069 4989 3157 5043 84.

2306 5059 2417 5130 (16)
2454 5058 2579 5115 Haec
2604 5054 2701 5130 vox
2732 5060 2993 5128 ταφέντα,
3026 5075 3132 5113 non
3165 5067 3247 5113 est
3271 5054 3789 5130 aput_l_Atbanasiuut

2233 5131 2288 5185 in
2316 5125 2483 5199 epist.
2526 5130 2592 5183 ad
2628 5125 2937 5192 Jovian'um,
2965 5144 3139 5197 neque
3180 5125 3321 5199 apud
3367 5125 3788 5199 Tlteodoretttttl.

2235 5200 2331 5255 lib.
2358 5192 2373 5253 ἱ
2407 5198 2549 5255 Hist.
2583 5200 2761 5253 eccles.
2797 5215 2919 5267 cap.
2951 5192 3239 5265 “(neque
3262 5196 3462 5267 Latine
3484 5195 3623 5263 apud
3649 5192 3794 5267 Hila-

2237 5271 2374 5324 rium
2428 5271 2480 5323 in
2538 5269 2673 5323 libro
2735 5269 2808 5323 De
2848 5264 3038 5337 s'yuod.
3114 5264 3203 5321 ubi
3236 5265 3559 5338 symbolum
3606 5264 3793 5318 recitat

2238 5355 2388 5394 num.
2433 5340 2535 5399 δός
2586 5353 2758 5406 neque
2805 5340 2854 5393 in
2880 5334 3096 5392 'codice
3122 5334 3375 5392 Eccleéia:
3419 5334 3686 5389 Africana:
3729 5347 3793 5387 ex

2237 5409 2430 5464 coneil.
2463 5408 2716 5478 Carthag.
2751 5424 2823 5463 Vl.
2866 5407 2935 5461 lls
2950 5423 3035 5478 no,

2303 5479 2415 5547 (l7)
2458 5477 2581 5531 Haec
2630 5476 2893 5532 sententia
2941 5476 3355 5547 καθεζόμενον,
3384 5484 3514 5547 etc..
3556 5487 3671 5547 non
3714 5478 3793 5525 est

2230 5543 2371 5618 apud
2396 5543 2801 5611 'Athanasium,
2844 5557 2898 5601 et
2945 5543 3217 5618 Theudor.
3262 5546 3394 5618 locis
3421 5543 3601 5618 citatis
3643 5559 3658 5595 :
3697 5554 3792 5595 nec

2232 5612 2383 5688 apud
2408 5618 2699 5688 llilarium,
2723 5629 2823 5688 aut
2841 5617 2892 5670 iu
2910 5616 3123 5688 Acoucil.
3148 5612 3654 5688 Carth.‘_vt_.__Hssn.

2305 5687 2415 5758 (18)
2457 5687 2657 5740 Athan.
2690 5686 2741 5758 in
2775 5685 2978 5758 lithe
3002 5688 3155 5758 decr.
3182 5684 3385 5758 synodi
3421 5682 3790 5758 Nicatn.__rou-

2235 5749 2321 5814 trti
2340 5749 2526 5815 Arian.
2550 5772 2669 5828 pag.
2696 5756 2820 5823 269,
2846 5755 2904 5821 ἐξ
2928 5756 3119 5829 ἑτέρας
3139 5749 3329 5817 οὐσίας
3354 5762 3584 5809 tantum.
3618 5749 3787 5805 iisan.

4023 1454 4041 1485 ⁸
