4148 6556
371 429 506 498 1309

1248 431 1613 492 HISTORIA
1652 432 1982 494 CONCILII
2020 430 2327 492 NIC/ENI.
2359 454 2428 464 --
2465 431 2610 492 LIB.
2656 431 2736 490 II.
2841 504 2849 512 .

3405 418 3407 422 ’
3480 430 3613 495 tato

365 549 492 611 τοὺς
514 547 790 610 τοιούτους
817 543 1202 615 ἀναθεματίζει
1231 545 1264 614 ἠ
1298 543 1561 616 καθολικὴ
1589 544 1684 596 καὶ
1712 545 1944 596 ἀποστο-
1970 595 1974 604 ε

2052 544 2216 598 nostri
2252 543 2464 606 Patres.
2495 543 2781 599 orthodoxi
2816 544 3049 615 episcOpi
3084 563 3098 600 :
3132 545 3364 614 primum
3395 547 3612 615 quidem

367 639 490 709 λικὴ
533 638 848 707 Ἐκκλησία.
913 637 1061 705 Λῦτη
1097 636 1244 688 ἐστὶν
1277 637 1310 704 ἡ
1341 635 1540 698 πίστις,
1590 635 1659 704 ἢν
1691 633 1938 697 ἐξέθεντο

366 733 416 784 0i
449 733 506 783 ἐν
537 731 745 800 Νικαίᾳ
791 728 934 796 ἅγιοι
964 727 1122 798 ἡμῶν
1155 725 1397 796 Πατέρες
1426 727 1475 777 οί
1508 723 1778 795 όρθόδοξοι
1815 725 1939 776 ἐπί-

369 838 594 875 σκοπον
638 819 852 892 πρῶτον
906 819 1005 890 μὲν
1055 817 1198 871 κατὰ
1231 817 1442 888 Ἀρείου
1490 815 1940 886 βλασφημοῦντος

369 912 464 965 καὶ
493 911 743 980 λέγοντος
789 909 992 980 κτίσμα
1035 908 1127 961 τὸν
1159 907 1288 962 Υίδν
1337 907 1430 962 τοῦ
1460 908 1619 973 Θεοῦ,
1667 910 1762 962 καὶ
1796 909 1942 962 κατὰ

369 1001 660 1054 Σαϐελλίου
703 1018 761 1054 τε
802 1000 896 1053 καὶ
945 999 1234 1065 Φωτεινοῦ,
1268 999 1363 1053 καὶ
1397 999 1608 1052 Παύλου
1638 999 1729 1052 τοῦ
1764 1001 1942 1070 Σαμο-

371 1092 600 1158 σατέως,
637 1093 732 1144 καὶ
770 1092 1093 1161 Μανιχαίου,
1119 1091 1213 1144 καὶ
1264 1091 1620 1144 Οὐαλεντίνου
1659 1092 1753 1146 καὶ
1780 1093 1942 1162 Μαρ-

372 1183 586 1247 κίωνος,
610 1183 705 1236 καὶ
732 1183 872 1237 κατὰ
895 1182 1074 1252 πάσης
1115 1182 1173 1235 δέ
1203 1183 1488 1254 αἱρέσεως,
1524 1183 1646 1252 ἥτις
1671 1183 1940 1254 ἐπανέστη

372 1277 438 1345 τῇ
469 1273 732 1344 καθολικῇ
784 1272 879 1326 καὶ
925 1272 1258 1344 ἀποστολικῇ
1306 1272 1636 1344 Ἐκκλησία·
1679 1271 1774 1336 οὓς
1806 1290 1942 1326 κατ-

375 1364 587 1434 έκρινεν
637 1365 671 1434 ἠ
721 1365 780 1416 ἐν
832 1365 897 1433 τῇ
959 1363 1215 1417 Νικαέων
1273 1362 1426 1416 πόλει
1487 1362 1799 1433 συνηγμένη
1834 1363 1942 1416 τῶν

376 1456 545 1524 ἁγίων
574 1455 871 1528 όρθοδόξων
903 1455 1138 1518 σύνοδος,
1188 1448 1263 1509 ὧν
1292 1456 1361 1510 τὰ
1397 1455 1657 1525 ὀνόματα,
1687 1455 1781 1508 καὶ
1831 1453 1942 1506 τῶν

377 1549 654 1617 ἐπαρχιῶν
686 1546 886 1612 αὐτῶν,
930 1547 1080 1599 ἐστίν
1116 1546 1550 1615 ὑποτεταγμένα.
1592 1545 1944 1614 Ἀναφέρεται

376 1641 554 1692 τοίνυν
589 1640 682 1692 ἐπὶ
715 1639 807 1692 τὸν
855 1637 1053 1708 εὐσεϐῆ
1091 1638 1185 1690 καὶ
1234 1634 1591 1706 πανεύφημον
1624 1634 1850 1706 βασιλέα
1876 1635 1946 1688 τὰ

378 1733 484 1784 ὐπὸ
512 1733 608 1802 τῆς
634 1731 850 1786 συνόδου
875 1730 1194 1801 κεκριμένα,
1222 1729 1258 1799 ἥ
1284 1745 1342 1782 τε
1369 1728 1508 1782 κατὰ
1531 1728 1639 1781 τῶν
1661 1727 1945 1797 Θεομάχων

376 1823 669 1892 ἀπόφασις,
698 1823 846 1893 καὶὴ
882 1823 978 1894 τῆς
1009 1820 1290 1893 όρθοδόξου
1325 1819 1564 1882 πίστεως
1599 1818 1847 1880 έκθεσις·
1879 1818 1947 1887 ἣν

2041 636 2302 689 adversus
2330 637 2518 689 Arium
2547 637 3006 707 blasphemantem
3033 648 3086 692 et
3107 639 3372 692 dicentem
3401 648 3614 692 creatu-

2042 742 2155 780 ram
2183 724 2380 780 Filium
2417 727 2531 792 Dei,
2562 737 2614 780 et
2642 739 2831 782 contra
2883 729 3174 784 Sabellium
3215 739 3270 782 et
3301 728 3610 792 Pltotinutn,

2040 827 2098 871 et
2129 816 2354 871 Paulutn
2382 819 2817 884 Samosatenum,
2845 832 2895 874 et
2926 820 3305 884 Manicheum,
3331 828 3385 875 et
3413 818 3615 873 Valen-

2041 909 2235 974 tinutn,
2259 919 2310 963 et
2344 907 2696 976 Marcionem,
2722 921 2775 965 et
2806 909 3063 965 adversus
3094 925 3307 965 omnem
3339 911 3614 976 haeresim,

2042 1014 2164 1068 quae
2208 1009 2327 1054 orta
2372 1007 2456 1054 est
2492 999 2547 1052 in
2585 999 2852 1054 catholica
2899 1007 2955 1053 et
2986 1000 3278 1069 apostolica
3319 998 3560 1053 Ecclesia
3599 1017 3612 1054 :

2042 1105 2181 1159 quos
2213 1090 2486 1145 damnavit
2507 1092 2743 1162 synodus
2765 1101 3074 1146 sanctorum
3113 1091 3533 1145 ortlmdoxornm
3562 1092 3614 1144 in

2042 1181 2258 1235 civitate
2297 1180 2474 1236 Nicaea
2501 1191 2822 1250 congregata
2843 1222 2857 1248 ,
2887 1197 3114 1252 quorum
3138 1183 3354 1237 nomina
3385 1223 3400 1246 ,
3426 1197 3614 1251 quem-

2044 1266 2330 1321 admodum
2373 1276 2428 1322 et
2475 1268 2866 1337 provinciarum
2915 1271 3110 1339 quibus
3137 1279 3437 1336 praeerant,
3490 1270 3618 1323 snb-

2038 1355 2227 1424 juncta
2255 1367 2402 1412 sunt.
2441 1357 2772 1414 Refenmtur
2801 1360 2968 1427 igitur
2997 1360 3064 1415 ad
3099 1361 3244 1430 pium
3281 1368 3335 1414 et
3360 1359 3616 1413 illustris-

2046 1450 2240 1504 simum
2282 1449 2660 1520 imperatorem
2705 1466 3096 1522 quaecunquea
3132 1451 3342 1521 synodo
3399 1449 3619 1504 fuerant

2039 1539 2284 1609 iudicata
2337 1548 2392 1595 et
2440 1541 2710 1595 sententia
2758 1552 2945 1597 contra
3005 1542 3098 1597 Dei
3144 1543 3325 1596 hostes
3375 1541 3505 1604 lata,
3564 1549 3620 1594 ct

2045 1631 2363 1685 orthodoxa:
2410 1631 2534 1686 ﬁdei
2564 1632 2857 1701 expositio;
2893 1648 3052 1702 quam
3085 1643 3142 1686 ut
3171 1632 3430 1687 divinitus
3460 1631 3617 1686 obla-

2049 1729 2157 1774 tam
2202 1721 2432 1777 libenter
2486 1731 2542 1777 et
2594 1737 2789 1800 magna
2843 1738 2965 1778 cum
3022 1724 3327 1779 reverentia
3380 1723 3617 1790 excepit,

2047 1812 2232 1868 hostes
2264 1823 2442 1869 autem
2471 1815 2593 1885 ejus
2621 1823 2873 1885 tanquam
2907 1816 3016 1870 Deo
3045 1818 3400 1871 adversantes
3425 1815 3619 1869 exsilio

375 1913 450 1974 ὡς
485 1913 666 1965 Θεόοεν
689 1909 1107 1982 πρωνεχθεῖσαν
1131 1909 1386 1979 ἀσμένως
1415 1907 1777 1980 προσεδέξατο
1808 1909 1947 1978 μετᾶ

2052 1906 2357 1961 multandos
2383 1907 2617 1962 censuit.
2672 1905 2779 1962 Sex
2813 1923 2975 1978 porro
3003 1922 3072 1961 ex
3101 1907 3318 1961 Arianis
3347 1905 3617 1976 episcopis

377 2004 634 2073 πλείστης
673 2004 803 2073 ὅσης
832 2000 1292 2071 σεϐασμιότητος·
1337 2000 1463 2063 τοὺς
1509 1999 1566 2052 δέ
1593 1997 1799 2069 ταύτης
1848 2015 1947 2052 πο-

376 2091 616 2162 λεμίους,
658 2091 732 2154 ὡς
761 2091 856 2146 ἆτε
899 2090 1018 2161 Θεῷ
1043 2088 1525 2161 ἐναντιουμένους,
1561 2089 1777 2160 ἑξορίαν
1807 2090 1942 2143 ὐποο

377 2182 569 2250 στῆναι
596 2180 908 2250 ψηφίζεται.
952 2180 1051 2246 Ἓξ
1090 2182 1270 2234 τοίνυν
1317 2181 1382 2233 ἐκ
1424 2180 1532 2233 τῶν
1565 2180 1702 2251 μετὰ
1736 2180 1948 2250 Ἀρείου

375 2273 692 2325 ἐπισκόπων
744 2273 840 2325 σὺν
892 2271 1040 2342 αὐτῷ
1081 2271 1278 2342 Ἀρείῳ
1317 2269 1553 2334 καὶτοῖς
1602 2271 1730 2342 περὶ
1786 2271 1948 2324 αὐτὸν

377 2361 779 2430 συναποστῆναι
807 2359 1118 2430 ⁴ἠνέσχοντο.
1150 2359 1214 2413 Οἱ
1241 2359 1297 2414 δὲ
1319 2359 1428 2430 γὰρ
1455 2358 1647 2413 ἕνδεκα
1676 2359 1950 2424 δείσαντες

373 2450 467 2501 τοῦ
499 2467 556 2502 τε
609 2449 888 2518 Θεοφιλοῦς
921 2451 1184 2520 βασιλέως
1213 2452 1312 2522 τὴν
1345 2451 1668 2521 παρουσίαν,
1713 2452 1808 2504 καὶ
1850 2453 1949 2520 τῆς

379 2541 598 2593 συνόδου
652 2541 758 2593 τῶν
814 2542 1128 2594 ἐπισκόπων
1152 2542 1216 2594 τὸ
1259 2541 1482 2612 πλῆθος,
1533 2541 1607 2612 μὴ
1636 2541 1950 2610 ἐξοστρακι-

379 2635 575 2694 σθεῖεν,
601 2633 1022 2704 ὑποκρινάμενοι
1045 2633 1452 2702 ὑπογράφουσιν
1467 2633 1546 2696 εἰς
1565 2634 1624 2686 τὸ
1640 2634 1946 2703 ὁμοούσιον,

377 2726 538 2793 χειρὶ,
588 2724 648 2775 οὐ
682 2722 961 2793 προθέσει.
1004 2721 1222 2792 Ταύτης
1242 2721 1341 2790 τῆς
1372 2720 1632 2782 ὐπουλίας
1660 2720 1886 2791 ἔξαρχος
1925 2723 1954 2774 ὁ

376 2815 742 2885 Νικομηδείας
775 2814 1058 2878 Εὐσέϐιος,
1097 2814 1157 2876 ὃς
1191 2813 1285 2866 καὶ
1321 2811 1485 2882 μέχρι
1517 2810 1706 2876 τέλους
1732 2812 1952 2866 δείκνυ-

376 2924 466 2959 ται
499 2910 562 2976 τῇ
610 2907 694 2975 ἐφ’
742 2907 980 2977 ἑκάτερα
1017 2903 1359 2974 κεχρημένος
1405 2901 1619 2973 γνώμῃ,
1656 2901 1801 2954 καθα
1848 2903 1954 2954 Εὐ-

380 2997 594 3059 στάοιός
641 3013 700 3048 τε
734 2997 762 3049 ό
804 2996 904 3066 τῆς
945 2993 1282 3063 Ἀντιοχέων,
1330 2991 1428 3046 καὶ
1459 2992 1716 3055 Εὐσέϐιος
1744 2994 1772 3044 ὁ
1800 2994 1956 3061 Παμ-

378 3088 554 3155 φίλου,
601 3087 913 3150 Ἀοανὰσιός
942 3103 1001 3140 τε
1029 3073 1059 3140 ό
1085 3085 1279 3157 μέγας,
1311 3085 1408 3140 καὶ
1457 3085 1659 3148 πάντες
1692 3086 1739 3138 oi
1763 3085 1832 3138 τὰ
1859 3087 1956 3156 τῆς

381 3179 596 3232 συνόδου
630 3179 1075 3251 συγγραψάμενοι
1107 3175 1444 3247 διηγοῦνται.
1481 3176 1559 3247 Τῇ
1593 3176 1704 3246 (l9)
1731 3193 1790 3230 τε
1820 3177 1958 3247 πρὸς

2047 2013 2170 2052 cum
2201 2000 2316 2068 ipso
2343 2000 2493 2063 Ario,
2523 2009 2577 2054 et
2617 1999 2710 2068 qui
2747 2015 2868 2054 cum
2906 2015 2971 2054 eo
3003 2008 3177 2065 erant,
3211 1998 3460 2053 exsulare
3493 2011 3621 2058 sus,-

2048 2087 2343 2144 tinuerunt.
2400 2087 2656 2144 Undecim
2711 2089 2879 2154 enim,
2937 2090 3027 2159 qui
3075 2086 3464 2160 religiosissimi
3519 2085 3622 2141 int-

2050 2183 2316 2250 peratoris
2351 2182 2714 2251 praesentiam,
2744 2191 2798 2235 et
2830 2183 3017 2253 synodi
3055 2182 3428 2253 episcoporum
3475 2175 3622 2232 mul-

2052 2271 2336 2326 titudinem
2387 2273 2602 2328 reveriti
2649 2281 2796 2337 sunt,
2845 2287 2951 2326 non
3000 2272 3218 2328 fuerunt
3249 2270 3489 2339 relegati.
3539 2268 3625 2322 Si-

2051 2363 2321 2418 mulantes
2370 2365 2556 2430 enim,
2605 2378 2766 2418 manu
2809 2364 3050 2431 quidem,
3081 2377 3185 2417 non
3236 2363 3535 2431 preposito,
3571 2361 3622 2414 in

2051 2454 2516 2510 consubstantiale
2561 2456 3023 2523 subscripserunt.
3061 2453 3431 2507 Simulationis
3461 2452 3622 2521 hujus

2054 2544 2318 2598 Eusebius
2347 2543 2771 2600 Nicomediensis
2802 2544 3057 2611 princeps
3091 2543 3210 2606 fuit,
3247 2543 3339 2613 qni
3376 2552 3430 2597 et
3457 2557 3627 2610 usque

2053 2647 2110 2692 et
2149 2639 2202 2692 in
2234 2637 2394 2691 tinem
2425 2637 2687 2691 alterutra
2723 2637 2993 2692 sententia
3028 2651 3158 2691 usus
3185 2635 3352 2691 fuisse
3380 2635 3624 2690 ostendi.

2056 2740 2164 2794 tur,
2210 2738 2270 2783 ut
2299 2728 2623 2784 Eustathius
2653 2728 3047 2796 Antiochenus,
3076 2736 3130 2782 et
3175 2726 3440 2782 Eusebius
3472 2725 3630 2779 Pam-

2055 2818 2226 2889 phili,
2274 2826 2330 2874 et
2383 2833 2606 2888 magnus
2656 2817 3018 2881 Athanasius,
3077 2825 3132 2869 et
3180 2828 3371 2869 omnes
3411 2812 3500 2865 alii
3533 2811 3624 2879 qui

2055 2912 2264 2980 synodo
2307 2909 2784 2979 subscripserunt,
2823 2908 3087 2964 referunt.
3118 2907 3344 2974 Propter
3373 2904 3513 2958 hanc
3547 2903 3625 2955 si-

2057 3001 2406 3056 mulationem
2449 3003 2623 3054 virum
2674 3001 2817 3055 hunc
2861 3011 3059 3053 nostrae
3117 2996 3402 3053 sententia:
3464 2993 3631 3046 fuisse

2055 3093 2308 3156 arbitrati
2359 3102 2508 3157 sunt,
2557 3093 2652 3163 qui
2691 3091 3126 3147 adversariorum
3172 3097 3372 3146 costum
3401 3098 3632 3156 genero-

2059 3183 2174 3239 sius
2198 3190 2693 3254 propugnaverunt.

377 3273 522 3342 ἡμᾶς
552 3271 617 3324 δι’
646 3270 986 3342 ὑποκρίσεως
1017 3269 1110 3323 τὸν
1142 3267 1312 3341 ἄνδρα
1347 3267 1443 3322 τοῦ
1473 3267 1650 3321 δοκεῖν
1719 3261 1860 3322 εἶναι
1927 3271 2024 3325 καὶ
2061 3273 2160 3344 τῆς
2202 3274 2311 3328 τῶν
2368 3275 2630 3329 ἐναντίων
2696 3271 3006 3345 συμμορίας
3058 3268 3322 3341 γενναίως
3382 3266 3635 3334 ὑπερμα-

380 3365 602 3438 χοῦντες
641 3365 774 3434 (20).

971 3497 1224 3552 ΚΕΦΔΛ.
1263 3496 1392 3550 ΚΖ’.

471 3618 540 3672 Al
567 3614 677 3684 τῆς
704 3613 965 3678 πίστεως
1000 3608 1340 3684 ὑπογραφαὶ
1366 3607 1486 3663 τῶν
1508 3607 1878 3662 ἐπισκόπων.

458 3737 641 3796 Ὀσιος
684 3731 983 3794 ἐπίσκοπος
1026 3729 1232 3791 πόλεως
1286 3723 1634 3796 Κουρδούϐης
1683 3724 1792 3785 τοῖς
1821 3720 1963 3774 κατὰ

396 3823 617 3894 Ῥώμην
657 3823 752 3876 καὶ
795 3820 1035 3874 Σπανίαν
1067 3820 1160 3873 καὶ
1201 3817 1433 3872 Ἰταλίαν
1463 3817 1666 3878 πᾶσαν,
1712 3814 1809 3867 καὶ
1844 3815 1962 3876 ταῖς

389 3915 450 3967 ἐν
483 3915 593 3976 τοῖς
621 3913 826 3975 λοιποῖς
847 3911 1048 3975 ἔθνεσι,
1077 3913 1190 3972 τοῖς
1217 3908 1476 3962 ἐπέκεινα
1518 3905 1640 3960 κατ’
1671 3905 1770 3975 ἐμὲ
1791 3901 1961 3969 οὖσιν,

402 4006 508 4068 ἕως
561 4004 653 4058 τοῦ
694 4001 973 4068 Ὠκεανοῦ,
1034 4001 1218 4070 ἁγίαις
1250 3999 1344 4054 τοῦ
1393 3997 1529 4052 Θεοῦ
1592 3997 1963 4067 Ἐκκλησίαις,

387 4099 474 4151 διὰ
504 4097 612 4150 τῶν
635 4097 731 4151 σὺν
762 4095 912 4167 αὐτῷ
949 4094 1338 4166 πρεσϐυτέρων
1378 4091 1599 4162 Ῥώμης
1625 4090 1854 4155 Βίτωνος
1873 4089 1966 4144 καὶ

390 4190 694 4244 Βικεντίου.

476 4304 821 4376 Ἀλέξανδρος
883 4300 1291 4372 Ἀλεξανδρείας
1339 4299 1438 4353 σύν
1493 4296 1802 4366 Ἀθανασίῳ
1840 4297 1964 4350 τότε

389 4397 751 4469 ἁρχιδιακόνῳ
803 4397 938 4462 δντι,
992 4396 1113 4458 ταῖς
1168 4393 1289 4446 κατ’
1339 4393 1616 4460 Αἴγυπτον
1655 4391 1837 4443 πᾶσαν
1872 4388 1968 4443 καὶ

390 4490 619 4560 Λιϐύην,
667 4489 762 4542 καὶ
793 4487 1131 4542 Πεντάπολιν
1164 4483 1258 4539 καὶ
1283 4483 1351 4537 τὰ
1375 4485 1549 4556 ὅμορα
1583 4483 1816 4549 τούτοις,
1862 4483 1968 4547 ἕως

388 4585 497 4636 τῶν
529 4583 628 4652 τῆς
665 4582 853 4644 Ἰνδίας
887 4577 1192 4650 ἐπαρχιῶν.

463 4692 760 4754 Εὐστάθιος
802 4689 1131 4759 Ἀντιοχείας
1156 4687 1256 4758 τῆς
1286 4687 1528 4758 μεγάλης
1552 4687 1649 4755 τῆς
1683 4686 1794 4757 (9.1)
1824 4685 1966 4738 κατά

391 4783 592 4854 Συρίαν
618 4782 825 4852 κοίλην,
856 4781 949 4834 καὶ
981 4777 1409 4848 Μεσοποταμίαν
1442 4778 1646 4840 πᾶσαν,
1688 4776 1783 4828 καὶ
1816 4774 1967 4828 Κιλι-

391 4877 518 4928 κίαν
553 4876 843 4946 ἑκατέραν.

476 4966 728 5038 Ἰωάννης
756 4968 973 5037 Πέρσης
1000 4965 1099 5036 τῆς
1131 4962 1233 5037 [ῐσ.
1263 4957 1407 5033 ταῖς]
1436 4962 1492 5013 ἐν
1523 4956 1745 5026 Περσίδι
1791 4954 1964 5025 πάσῃ,

397 5055 491 5108 καὶ
517 5058 583 5126 τῇ
612 5056 826 5128 μεγάλῃ
868 5057 1045 5127 Ἰνδίᾳ.

468 5147 715 5210 Λεόντιος
765 5149 1105 5218 Καισαρείας
1141 5144 1553 5208 Καππαδοκίας,
1599 5141 1660 5196 τὸ
1695 5140 1794 5212 τῆς
1843 5139 1968 5192 Ἕκα

398 5239 633 5310 κλησίας
675 5239 767 5292 τοῦ
802 5240 1007 5309 Κυρίου
1058 5239 1444 5308 καλλώπισμα,
1477 5238 1598 5298 ταῖς
1643 5235 1765 5287 κατ’
1797 5231 1970 5304 αὐτὴν

398 5330 822 5392 Καππαδοκίαν,
875 5329 1163 5393 Γαλατίαν,
1211 5329 1415 5382 Πόντον
1445 5325 1805 5391 Διοσπόντου,
1856 5327 1970 5378 Πα-

400 5425 716 5494 φλαγονίαν,
773 5423 971 5477 Πόντον
1013 5422 1375 5494 Πολεμαῖκδν,
1425 5418 1715 5490 Ἀρμενίαν
1768 5419 1972 5490 μικρὰν

402 5519 494 5573 καὶ
531 5517 795 5588 μεγάλην.

471 5607 688 5671 Θεωνᾶς
730 5606 999 5673 Κυζίκου,
1033 5608 1146 5670 ταῖς
1181 5604 1322 5659 κατὰ
1351 5603 1446 5674 τὴν
1483 5601 1668 5657 Ἀσίαν
1696 5601 1791 5657 καὶ
1849 5599 1972 5653 Ἐλ-

474 5765 586 5840 (ἱθ)
628 5767 765 5840 [αοεο
800 5768 897 5840 ﬁt:
932 5763 1103 5840 "MF"-
1487 5833 1495 5840 .
1783 5830 1792 5840 .
1909 5829 1938 5840 ..

476 5830 589 5909 (20')
635 5830 772 5906 Lege
806 5830 942 5904 ὑπὲρ
970 5837 1229 5905 μάχοντα.
1258 5832 1497 5888 Tametsi
1531 5848 1648 5887 cum
1674 5830 1826 5885 libris
1858 5830 1970 5884 edi-

2621 3495 2774 3553 CAP.
2829 3493 3047 3551 XXVII.

2134 3607 2548 3677 Subscriptiones
2580 3606 2934 3674 episcoporum
2969 3602 3125 3671 ﬁdem
3147 3600 3565 3672 approbantium.

2132 3722 2290 3778 Osins
2325 3723 2608 3793 episcopus
2651 3721 2916 3778 Cordubae
2953 3718 3157 3774 sanctis
3205 3716 3296 3770 Dei
3356 3714 3635 3777 Ecclesiis,

2063 3831 2182 3886 qua:
2215 3817 2399 3872 Romae
2428 3827 2574 3882 sunt,
2619 3823 2674 3870 et
2700 3816 2753 3869 in
2781 3814 2930 3868 Italia
2967 3821 3021 3866 et
3051 3808 3306 3879 Hispania
3340 3817 3476 3872 tota,
3503 3816 3557 3861 et
3583 3807 3635 3859 itt

2065 3908 2291 3977 reliquis
2311 3907 2536 3962 ulterius
2564 3906 2870 3960 nationibus
2896 3917 3065 3972 usque
3088 3902 3154 3956 ad
3179 3900 3453 3954 Oceanum
3484 3911 3636 3951 com-

2065 3998 2422 4065 morantibus,
2468 4013 2563 4067 per
2603 4012 2698 4052 eos
2732 3995 2821 4064 qui
2849 4009 2970 4047 cum
3000 3993 3116 4061 ipso
3153 3998 3328 4056 erant,
3355 3988 3632 4042 Romanus

2063 4093 2409 4162 presbyteros
2440 4087 2692 4145 Vitunem
2717 4095 2773 4143 et
2804 4084 3171 4142 Vincentium.

2135 4288 2441 4344 Alexander
2483 4283 2824 4340 Alexandria:
2869 4296 2990 4336 cum
3044 4276 3342 4333 Athanasio
3388 4283 3516 4330 tunc
3548 4289 3636 4329 ar-

2066 4380 2401 4442 chidiacuno,
2427 4376 2688 4432 Ecclesiis
2717 4391 2810 4444 per
2838 4382 3004 4427 totam
3037 4369 3353 4441 Egyptum,
3391 4366 3634 4437 Libyam,

2066 4479 2121 4527 et
2175 4467 2533 4538 Pentapolim,
2583 4475 2640 4521 et
2684 4466 2934 4536 regiones
2993 4460 3290 4523 ﬁnitimas,
3345 4471 3520 4525 usque
3569 4456 3637 4510 ad

2066 4559 2231 4615 India:
2263 4557 2596 4628 provincias.

2138 4667 2456 4723 Eustathius
2487 4679 2695 4735 magna:
2725 4659 3028 4716 Antiochiae
3057 4657 3362 4728 episc0pus,
3394 4650 3642 4704 ecclesiis

2068 4763 2121 4816 in
2181 4758 2480 4827 leesyria
2552 4764 2606 4809 et
2671 4749 3054 4822 MesOputamia
3124 4755 3274 4809 tota,
3337 4753 3394 4796 et
3451 4740 3637 4805 Cilicia

2068 4864 2322 4922 utraque.
2864 4842 2866 4844 ’

2141 4942 2379 4998 Joannes
2407 4940 2595 5004 Persa,
2629 4935 2888 4994 Ecclesiis
2915 4934 2970 4989 in
3005 4941 3113 4988 tota
3143 4927 3328 4984 Persia
3359 4935 3415 4998 et
3447 4938 3642 4992 magna

2074 5034 2247 5090 India.

2145 5126 2400 5182 Leontius
2450 5123 2707 5180 Caesareae
2761 5117 3134 5190 Cappadociae,
3167 5112 3413 5171 ecclesiae
3438 5108 3640 5165 domini

2077 5225 2489 5281 ornamentum,
2524 5214 2782 5270 Ecclesiis
2831 5213 2882 5266 in
2926 5211 3114 5266 eadem
3146 5203 3506 5276 Cappadocia,
3535 5199 3646 5257 Ga-

2078 5312 2239 5376 latia,
2269 5311 2440 5364 Ponto
2488 5306 2793 5378 Diosponti,
2837 5302 3224 5373 Paphlagonia,
3263 5298 3436 5352 Ponto
3492 5294 3648 5349 Pule-

2078 5403 2254 5460 maico
2283 5397 2726 5474 [Polemoniaco],
2756 5395 3014 5452 Armenia
3046 5405 3239 5463 magna
3272 5397 3328 5445 et
3354 5401 3542 5458 parva.

2150 5595 2403 5652 Theonas
2430 5591 2637 5666 Cyzici,
2666 5589 2923 5646 Ecclesiis
2947 5588 2997 5642 in
3024 5586 3176 5650 Asia,
3201 5593 3255 5638 ct
3287 5581 3646 5648 Hellesponto,

2085 5755 2154 5810 tis
2187 5754 2460 5807 consentit
2491 5753 2656 5806 codex
2692 5760 2875 5803 noster
2907 5757 3007 5799 ms.
3048 5744 3220 5798 ΙΙΑιιυ.

2145 5825 2256 5895 (ει)
2299 5823 2602 5892 chendum
2631 5823 2769 5880 ταῖς.
2810 5818 2982 5874 Hann.
