4148 6612
528 407 662 473 tan

1758 378 2060 463 (Πηλειί
2098 398 2440 463 CYZlCENl

3664 384 3815 446 1312

525 530 581 574 et
614 517 781 589 Lydia
809 526 865 572 et
891 516 1071 581 Caria,
1098 530 1195 585 per
1216 515 1501 585 episcopos
1521 513 1615 585 qui
1645 514 1747 569 sub
1775 516 1893 585 ipso
1920 521 2099 574 erant.

2231 513 2524 582 .ήσποντον,
2576 510 2775 566 Λυδίαν
2814 526 2876 563 τε
2912 506 3008 563 καὶ
3034 505 3270 578 Καρίαν,
3305 500 3397 558 διὰ
3427 498 3535 555 τῶν
3562 495 3671 552 ὐπ’
3708 496 3818 548 αὐ-

528 610 850 691 Eutycltium
886 608 1157 679 Smyrnae,
1184 616 1241 663 et
1268 606 1532 662 Marinum
1562 606 1816 663 Troadis.

598 782 867 840 Macarius
919 781 1415 853 Hierosolymorum
1471 798 1596 837 cum
1651 780 1887 838 Eusebio
1939 781 2106 836 Pam-

529 875 661 944 phili
690 873 942 942 episcopo
969 872 1234 927 Caesarem
1276 872 1597 938 Palmstinm,
1632 871 1888 927 Ecclesiis
1919 872 1972 927 iu
2014 873 2111 926 Pa-

532 964 766 1031 laestina,
796 964 993 1018 Arabia
1032 972 1087 1017 et
1116 963 1416 1018 Phoenicia.

605 1058 911 1111 Alexander
959 1053 1361 1109 Thessalonicae
1416 1052 1703 1123 episcopus
1753 1069 1849 1122 per
1873 1069 1970 1109 eos
2016 1057 2107 1125 qui

535 1149 639 1203 sub
686 1149 802 1217 ipso
847 1156 1158 1209 censentur,
1202 1143 1462 1198 Ecclesiis
1493 1144 1544 1197 in
1582 1142 1891 1199 Macedonia
1934 1146 2110 1215 prima

536 1250 592 1297 et
615 1241 876 1303 secunda,
908 1255 1031 1294 cum
1060 1237 1130 1291 iis
1169 1252 1290 1306 qua:
1313 1236 1365 1288 in
1388 1232 1616 1300 Graecia,
1643 1245 1698 1290 et
1728 1236 1939 1305 EnrOpa
1974 1246 2109 1304 tota,

539 1334 591 1386 in
623 1342 852 1401 utraque
880 1330 1126 1402 Scythia,
1157 1336 1212 1383 et
1256 1326 1509 1381 omnibus
1536 1325 1769 1396 denique
1795 1329 1848 1383 in
1875 1328 2111 1402 Illyrico,

539 1422 815 1477 Thessalia
844 1432 899 1477 et
924 1423 1153 1478 Achaia.

612 1512 927 1568 Nunechius
956 1511 1240 1569 Laodiceae
1282 1514 1568 1587 cpiscopus
1596 1517 1857 1577 Ecclesiis
1910 1535 2029 1591 qua:
2059 1521 2112 1576 in

539 1604 770 1675 Phrygia
804 1604 975 1673 prima
1003 1614 1061 1659 et
1091 1606 1347 1665 secunda.

617 1698 958 1765 Protogenes
1004 1695 1093 1750 ille
1137 1698 1511 1777 admirabilis,
1561 1701 1801 1758 Sardica:
1852 1702 2111 1768 civitatis,

543 1785 750 1840 sanctis
795 1786 885 1839 Dei
915 1785 1178 1842 Ecclesiis
1204 1788 1258 1843 in
1305 1788 1494 1859 Dacia,
1518 1791 1795 1859 Calauria,
1826 1794 2113 1860 Dardania,

543 1888 593 1932 et
623 1877 916 1946 provinciis
940 1878 1159 1933 vicinis.

616 1969 943 2026 Cmcilianus
986 1969 1455 2044 Carthaginensls,
1500 1978 1706 2034 sanctis
1732 1974 1828 2034 Dei
1863 1977 2119 2034 Ecclesiis

547 2063 602 2116 in
650 2063 943 2132 provinciis
981 2063 1207 2132 Africae,
1249 2065 1534 2138 Numidiae,
1576 2081 1742 2144 atque
1782 2071 2120 2129 Mauritania:

418 2160 435 2183 ‘
548 2155 849 2227 utriusque.

620 2331 799 2387 Pistus
823 2333 1239 2407 Marcianopolis
1263 2339 1571 2408 episcopus,
1621 2340 1881 2396 Ecclesiis
1919 2343 1972 2397 in
2009 2341 2123 2414 My-

550 2421 654 2487 sia,
686 2423 1042 2490 Athenarum,
1085 2437 1141 2481 et
1183 2426 1461 2484 Gallorum
1489 2431 1761 2500 gentibus,
1796 2441 1853 2486 et
1886 2434 2124 2489 civitati-

550 2510 651 2565 bus
684 2526 806 2581 quae
836 2512 921 2570 his
948 2514 1139 2571 vicina:
1163 2526 1311 2573 sunt.

620 2603 928 2661 Alexander
947 2604 1445 2679 Constantinopolis
1468 2621 1597 2668 tunc
1616 2613 1791 2668 solum
1817 2616 2123 2688 presbyter,

551 2698 737 2759 postea
785 2706 912 2748 vero
965 2693 1223 2751 Ecclesiae
1266 2697 1410 2753 illius
1453 2700 1822 2770 episcopatum
1875 2706 2123 2770 sortitus,

552 2794 677 2835 cum
728 2780 892 2840 Paulo
932 2794 1061 2841 tunc
1105 2785 1309 2842 lectore
1356 2799 1519 2859 atque
1551 2790 1723 2861 ipsius
1747 2794 1986 2862 notario,
2024 2793 2127 2853 Ec-

553 2871 736 2930 clesiis
757 2874 1000 2931 omnium
1022 2876 1318 2947 Cycladum
1346 2881 1668 2939 insularum.

628 3050 692 3105 lli
734 3067 925 3109 omnes
964 3056 1140 3111 sancti
1184 3068 1349 3129 atque
1394 3062 1673 3130 apostolici
1711 3064 1817 3120 viri
1878 3067 2128 3122 omnibus

2205 606 2298 658 τὸν
2344 603 2675 668 ἐπισκόπων,
2729 601 2992 673 Εὐτυχίου
3062 598 3338 670 Σμύρνης,
3392 594 3486 648 καὶ
3532 588 3811 660 Μαρίνου

2209 697 2482 767 Τρωάδος.

2278 785 2565 856 Μακάριος
2596 780 2990 853 Ἰεροσολύμων
3013 780 3110 833 σῦν
3132 777 3380 847 Emesa,»
3396 774 3475 845 τῷ
3495 770 3813 843 Παμφίλου

2208 871 2494 941 έπισκόπῳ
2538 868 2874 941 Καισαρείας
2918 868 3019 939 τῆς
3061 865 3173 938 (22)
3224 866 3367 919 κατά
3418 860 3819 928 Παλαιστίνην

2210 964 2306 1017 καὶ
2344 962 2606 1033 Ἀραϐίαν
2639 961 2733 1015 καὶ
2764 960 3044 1030 Φοινίκην.

2291 1053 2641 1125 Ἀλέξανδρος
2699 1051 3103 1120 Θεσσαλονίκης
3159 1047 3248 1102 διά
3304 1044 3415 1100 τῶν
3470 1046 3563 1099 ὐπ’
3634 1042 3822 1097 αὐτὸν

2210 1145 2525 1208 τελούντων,
2558 1148 2677 1208 ταῖς
2720 1144 2862 1198 κατά
2905 1142 3240 1197 Μακεδονίαν
3272 1138 3497 1211 πρώτην
3535 1138 3640 1190 καὶ
3682 1136 3822 1188 δευ-

2210 1238 2396 1307 τέραν,
2430 1238 2527 1290 σὺν
2551 1238 2617 1307 τῇ
2645 1235 2877 1301 Ἑλλάδι,
2908 1236 3009 1306 τήν
3030 1250 3090 1287 τε
3123 1232 3396 1304 Εὐρώπην
3420 1230 3629 1291 πᾶσαν,
3664 1227 3823 1279 Σκυ-
3934 1256 3939 1263 -

2212 1330 2332 1384 θίαν
2358 1330 2643 1402 ἑκατέραν,
2676 1332 2771 1384 καὶ
2790 1332 2906 1394 ταῖς
2934 1328 3074 1383 κατά
3093 1328 3155 1381 τὸ
3193 1325 3495 1399 Ἰλλυρικὸν
3526 1322 3816 1388 ἀπάσαις,

2212 1422 2517 1476 Θεσσαλίαν
2546 1436 2605 1475 τε
2628 1423 2722 1475 καὶ
2761 1422 3008 1493 Ἀχαΐαν.

2282 1512 2573 1583 Νουνέχιος
2633 1512 2955 1576 Λαοδικείας
3008 1514 3130 1575 ταῖς
3194 1508 3340 1565 κατά
3389 1508 3490 1580 τὴν
3547 1506 3819 1579 Φρυγίαν

2215 1604 2442 1677 πρώτην
2468 1606 2564 1659 καὶ
2593 1605 2877 1677 δευτέραν.

2286 1698 2643 1768 Πρωτογένης
2684 1699 2713 1751 ὁ
2770 1697 3072 1765 Θαυμάσιος
3103 1694 3314 1757 πόλεως
3344 1690 3648 1763 Σαρδικῆς,
3686 1691 3818 1754 ταῖς

2215 1789 2273 1841 ὲν
2320 1788 2516 1860 Δακίᾳ,
2547 1788 2870 1860 Καλαυρίᾳ,
2922 1786 3227 1859 Δαρδανία,
3263 1783 3356 1838 καὶ
3402 1785 3524 1846 ταῖς
3571 1782 3819 1853 ὁμόροις

2217 1880 2447 1946 τούτοις.

2289 1973 2615 2037 Κεκιλιανδς
2672 1972 3039 2045 Καρθαγένης
3088 1970 3212 2035 ταῖς
3268 1969 3411 2024 κατά
3460 1969 3650 2032 πάσας
3713 1966 3822 2029 τὰς

2220 2066 2510 2137 ἐπαρχίας,
2540 2065 2641 2129 τάς
2665 2081 2725 2117 τε
2766 2065 3054 2135 Ἀφρικάς,
3086 2064 3181 2116 καὶ
3212 2062 3310 2126 τὰς
3342 2058 3674 2131 Νουμιδίας,
3717 2057 3821 2111 καὶ

2218 2157 2594 2229 Μαυριτανίας
2637 2155 2976 2228 ἀμφοτέρας,
3032 2154 3223 2218 οὐσαις
3277 2152 3466 2222 ἁγίαις
3513 2152 3610 2205 τοῦ
3672 2147 3822 2203 Θεοῦ

2233 2248 2606 2319 Ἑκκλησίαις.

2292 2338 2490 2402 Πιστὸς
2528 2333 3063 2407 Μαρκιανουπόλεως
3100 2333 3223 2399 ταῖς
3259 2334 3400 2389 κατά
3424 2333 3526 2406 τὴν
3560 2333 3821 2393 Μυσίαν,

2222 2431 2318 2484 καὶ
2363 2429 2432 2483 τὰ
2474 2428 2583 2482 τῶν
2640 2427 2883 2495 Ἀθηνῶν
2926 2427 3019 2479 καὶ
3073 2425 3295 2480 Γάλλων
3351 2424 3504 2495 ἔθνη,
3541 2424 3640 2478 καὶ
3692 2424 3821 2486 ταῖς

2223 2519 2619 2591 πλησιοχώροις
2650 2518 2855 2573 τούτων
2895 2518 3134 2572 πόλεσιν.

2306 2610 2650 2680 Ἀλέξανδρος
2701 2604 3332 2669 Κωνσταντινουπόλεως
3372 2605 3495 2659 τότε
3552 2604 3821 2678 πρεσσύ-

2223 2719 2381 2774 τερος
2429 2702 2509 2755 έτι
2536 2700 2631 2767 ὢν,
2684 2702 2763 2762 είς
2799 2699 3026 2771 ὕστερον
3056 2700 3113 2753 δὲ
3150 2699 3241 2753 καὶ
3284 2698 3389 2770 τῆς
3439 2698 3821 2768 ὲπισκοπικῆς
3893 2756 3901 2763 ,

2226 2790 2498 2863 ίερατείας
2524 2790 2626 2861 τῆς
2650 2787 2843 2845 αὐτόθι
2880 2784 3209 2858 Ἐκκλησίας
3240 2786 3447 2857 λαχὼν,
3476 2786 3573 2840 σὺν
3609 2785 3822 2855 Παύλῳ

2225 2884 2306 2938 ἔτι
2343 2882 2464 2935 τότε
2515 2880 2840 2952 ἀναγνώστῃ
2886 2880 3001 2934 δντι
3041 2879 3135 2934 καὶ
3179 2879 3413 2951 νοταρίῳ
3446 2876 3651 2945 αὐτοῦ,
3691 2878 3820 2940 ταῖς

2225 2976 2284 3029 ὲν
2315 2976 2435 3040 ταῖς
2459 2974 2644 3045 νήσοις
2671 2974 2875 3037 πάσαις
2909 2970 3196 3037 κυκλάσιν.

2297 3059 2459 3119 οῦτοι
2522 3064 2724 3127 πάντες
2780 3062 2830 3117 oi
2873 3062 3019 3133 ἀγιοι
3053 3061 3150 3116 καὶ
3216 3058 3563 3115 ἀποστολικοὶ
3619 3056 3821 3126 ἄνδρες

556 3142 659 3197 sub
703 3145 842 3199 coelo
889 3148 1094 3203 sanctis
1146 3150 1235 3206 Dei
1296 3151 1585 3221 Ecclesiis,
1634 3172 1756 3225 igua:
1807 3159 1859 3212 in
1909 3158 2124 3215 Nicrena

2231 3158 2433 3221 πάσαις
2460 3159 2583 3219 ταῖς
2617 3157 2722 3210 ὐπὸ
2763 3155 2855 3209 τὸν
2900 3152 3134 3227 οὐρανὸν
3173 3151 3473 3242 ἁγίαιςτοῦ
3504 3148 3822 3242 ΘεοῦᾼἘκ-

557 3243 745 3289 sant-ta
801 3251 995 3311 magna
1050 3248 1106 3294 et
1157 3244 1396 3311 generali
1448 3252 1653 3319 synodo
1696 3249 1917 3307 decreta
1967 3263 2123 3319 sunt,

559 3328 1010 3395 transntittentes,
1042 3333 1240 3403 ubique
1272 3338 1631 3395 tradiderunt.

1118 3528 1272 3587 CAP.
1316 3532 1572 3605 XXVIII.,

586 3634 861 3705 Quomodo
901 3642 1188 3712 imperator
1237 3662 1303 3700 ex
1349 3648 1483 3724 solio
1516 3666 1733 3721 surgens
1762 3650 1872 3707 Deo
1909 3652 2109 3724 gratias

1254 3720 1440 3787 egerit.

632 3824 931 3895 Imperator
962 3839 1143 3885 autem
1175 3830 1581 3899 Constantinus,
1598 3845 1720 3906 post
1740 3839 2131 3908 expositionem

560 3930 724 3970 ro-ctze
754 3928 913 3988 atque
965 3922 1272 3990 apostolicm
1318 3924 1461 3993 ﬁdei,
1499 3942 1529 3982 a
1569 3926 1774 3998 Spiritu
1819 3940 2009 3987 sancto
2040 3948 2135 4003 per

563 4018 835 4066 trecentos
860 4025 1078 4068 sanctos
1107 4013 1295 4071 Patres
1323 4019 1474 4087 quasi
1501 4035 1596 4075 ore
1620 4038 1728 4077 uno
1759 4025 2130 4094 promulgatae,

559 4106 701 4157 etab
722 4106 975 4161 onmibus
1008 4110 1389 4179 comprobatae,
1410 4114 1500 4182 qui
1522 4114 1587 4168 ad
1622 4126 1865 4173 sanctam
1905 4119 2049 4176 illam
2074 4123 2135 4177 ll-

564 4195 649 4249 dci
666 4196 1117 4266 disceptationem
1143 4216 1554 4273 concurrerant,
1579 4210 1833 4278 expansis
1861 4213 2135 4282 manibus,

562 4295 619 4342 et
664 4286 837 4344 oculis
891 4289 943 4346 in
976 4292 1173 4349 coelum
1225 4296 1291 4350 ad
1326 4297 1492 4354 Dcum
1522 4300 1772 4367 sublatis,
1816 4304 1990 4375 ipsum
2028 4307 2135 4363 Do.

565 4381 767 4435 minum
811 4384 1050 4439 omnium
1102 4396 1341 4442 nostrum
1376 4388 1706 4447 Salvatorem
1732 4404 1788 4449 et
1821 4394 2136 4453 benefacto-

2232 3247 2480 3319 κλησίαις
2515 3249 2584 3302 τὰ
2609 3247 2666 3300 ἐν
2701 3248 2767 3318 τῇ
2796 3244 3044 3298 Νικαέων
3071 3243 3202 3316 ἁγίᾳ
3238 3241 3451 3313 μεγάλῃ
3490 3242 3586 3294 καὶ
3621 3240 3818 3293 οίκου-

2232 3340 2427 3409 μενικῇ
2467 3337 2668 3407 συνόδῳ
2718 3334 3024 3407 κεκριμένα
3065 3331 3631 3405 διαπορθμεύσαντες,
3672 3346 3829 3420 πανο.

2229 3430 2395 3503 ταχοῦ
2421 3432 2526 3501 γῆς
2555 3428 2905 3501 παρέδωκαν.

2796 3542 3048 3598 ΚΕΦΑΛ.
3087 3542 3226 3597 KH'.

2237 3656 2427 3715 Ὅπου
2451 3661 2484 3714 ό
2504 3658 2803 3735 βασιλεὺς
2831 3657 3102 3735 ἀνᾳστᾲς
3136 3656 3204 3735 ἐκ
3230 3654 3337 3710 τοῦ
3361 3654 3601 3735 θρνόνρυζ
3632 3655 3820 3723 εὐχα-

2398 3729 2749 3797 ριστηρίους
2778 3727 2983 3797 φωνὰς
3010 3726 3346 3796 ἀναπέμπει
3372 3726 3451 3791 τῷ
3486 3726 3628 3791 Θεῷ.

2313 3843 2373 3896 ὐ
2406 3842 2464 3895 δὲ
2500 3840 2755 3913 βασιλεὺς
2783 3840 3189 3903 Κωνσταντίνος
3223 3839 3316 3892 ἐπὶ
3358 3841 3426 3908 τῇ
3460 3837 3681 3891 ἐκθέσει
3717 3836 3818 3905 τῆς

2233 3935 2399 4008 ὀρθῆς
2426 3934 2519 3995 καὶ
2555 3932 2918 4003 ἀποστολικῆς
2952 3932 3206 3996 πίστεως,
3236 3932 3337 4002 τῆς
3383 3931 3449 3983 ὲκ
3490 3928 3818 3999 Πνεύματος

2235 4030 2392 4099 ἁγίου
2438 4026 2526 4081 διὰ
2572 4025 2681 4080 τῶν
2728 4025 3058 4097 τριακοσίων
3113 4021 3486 4112 ἁγίων-ὴμῶν
3544 4022 3816 4091 Πατέρων

2238 4119 2669 4191 ὲκφωνηθείσης,
2702 4116 2891 4188 ὥσπερ
2937 4117 3005 4170 δι’
3039 4117 3159 4179 ἑνὸς
3220 4114 3508 4185 στόματος,
3566 4115 3662 4167 καί⁵
3714 4129 3814 4166 κυ-

2238 4213 2505 4285 ρωθείσης
2550 4210 2703 4282 παρά
2750 4210 2979 4278 πάντωη
3008 4209 3117 4262 τῶν
3156 4207 3574 4279 συνδραμόντων
3602 4207 3684 4268 εἰς
3713 4204 3814 4272 τὴν

2236 4303 2398 4371 ἁγίαν
2427 4301 2641 4372 ἐκείνην
2678 4299 2775 4370 τῆς
2805 4298 3038 4360 πίστεως
3062 4296 3347 4368 ἀκρόασιν,
3415 4293 3513 4347 καὶ
3561 4291 3662 4356 τὰς
3697 4290 3812 4361 χεῖο

2241 4411 2337 4464 ρας
2377 4390 2654 4455 διπλώσας,
2710 4389 2803 4442 καὶ
2828 4388 2891 4441 τὸ
2918 4386 3073 4457 ὄμμα
3113 4385 3294 4449 τείνας
3326 4385 3405 4448 είς
3453 4383 3545 4436 τὸν
3584 4381 3813 4451 οὐρανὸν

567 4484 678 4523 rem
721 4471 883 4527 claris
920 4474 1098 4529 verbis
1143 4478 1396 4540 laudavit.
1434 4480 1579 4550 quod
1615 4483 1978 4540 desideratam
2022 4487 2128 4556 epi-

2238 4485 2375 4556 πρὺς
2403 4483 2495 4537 τὸν
2521 4481 2674 4549 Θεὸν,
2703 4481 2970 4550 εὐφήμοις
3001 4480 3242 4550 ῥήμασιν
3264 4475 3542 4579 ἀνύμνησε
3573 4473 3667 4579 τίὲν
3702 4471 3813 4577 των

561 4578 847 4631 scaporum
870 4569 1237 4634 concordiam,
1256 4578 1310 4625 et
1339 4575 1650 4628 eorumdem
1673 4574 1818 4629 circa
1851 4586 2051 4631 rectam
2081 4589 2128 4633 el

2239 4577 2459 4630 πάντων
2504 4572 2661 4645 ἡμῶν
2691 4571 2937 4642 Σωτῆρα
2964 4568 3061 4624 καὶ
3093 4568 3388 4640 εὐεργέτην
3414 4566 3567 4631 θεὸν,
3609 4566 3693 4618 ὅτι
3716 4566 3812 4632 τὴν

476 4692 481 4697 .
561 4657 856 4712 salutarem
903 4656 1060 4714 ﬁdem
1090 4674 1412 4718 consensum
1445 4664 1670 4735 largitus
1696 4668 1791 4722 sit.
1822 4665 1994 4723 Tanta
2033 4671 2139 4726 sci-

564 4748 690 4803 licet
713 4764 841 4804 cura
882 4752 1118 4819 optimus
1160 4753 1247 4808 ille
1284 4770 1348 4824 ac
1374 4754 1484 4811 Deo
1516 4759 1715 4813 cltarus
1758 4758 2054 4830 imperator
2081 4761 2135 4818 in

564 4837 835 4895 Ecclesias
881 4842 974 4897 Dei
1021 4852 1078 4897 et
1123 4845 1401 4912 paciﬁcam
1456 4859 1730 4919 pastorum
1784 4854 2134 4909 concordiam

564 4930 828 4987 incubuit.
867 4930 981 4986 Non
1011 4933 1300 4990 absurdum
1325 4948 1504 4994 autem
1547 4942 1800 4998 existimo
1830 4944 1957 4999 huic
1983 4962 2136 4999 com-

567 5023 835 5077 meutario
877 5024 1135 5092 inserere,
1165 5043 1285 5096 quae
1313 5030 1534 5099 pulchre
1564 5033 1823 5089 disseruit
1869 5037 2136 5095 Eusebius

566 5112 831 5183 Pamphili
859 5114 928 5171 de
966 5118 1075 5172 vita
1101 5118 1438 5177 Constantini
1467 5124 1576 5180 Deo
1610 5128 1859 5182 amabilis
1892 5128 2138 5198 impera-

571 5205 721 5271 toris,
750 5206 816 5261 de
841 5208 1026 5276 gestis,
1046 5210 1283 5281 inquam,
1304 5213 1355 5267 in
1380 5216 1586 5283 synodo
1608 5218 1771 5272 verba
1800 5217 1978 5274 facere
2006 5221 2141 5275 inci-

565 5299 742 5370 piens.
795 5300 935 5356 Sunt
976 5313 1157 5359 autem
1218 5306 1334 5361 haec
1360 5305 1457 5363 “z
1514 5325 1533 5359 ι
1573 5307 1711 5363 Cum
1763 5310 1927 5380 igitur
1973 5313 2139 5370 multa

565 5399 751 5444 essent
778 5405 844 5447 ex
878 5402 1109 5463 utraque
1146 5408 1300 5465 parte
1328 5399 1626 5469 proposita.
1676 5416 1977 5472 magnaque
2004 5419 2137 5459 con-

567 5481 831 5536 troversia
858 5482 909 5536 in
939 5483 1054 5553 ipso
1074 5486 1458 5554 disputationis
1487 5488 1732 5562 ingressu
1757 5506 1786 5546 a
1815 5492 2134 5563 quibusdam

652 5658 699 5695 "
720 5657 839 5713 Lib.
866 5675 948 5725 Ill,
979 5676 1094 5730 cap.
1130 5663 1215 5717 13.

637 5820 754 5891 (ΞΩ)
788 5816 930 5889 Lege
954 5819 1095 5882 ταῖς.
1143 5818 1318 5875 llslto.

2238 4666 2581 4739 ποθουμένην
2615 4664 2763 4736 αὐτῷ
2794 4663 2903 4718 τῶν
2940 4660 3257 4717 ἐπισκόπων
3283 4659 3561 4730 ὁμόνοιαν,
3592 4659 3687 4711 καὶ
3717 4656 3812 4724 τὴν

2240 4765 2369 4835 περὶ
2414 4761 2513 4834 τῆς
2550 4759 2719 4832 ὀρθῆς
2747 4759 2843 4813 καὶ
2879 4760 3149 4829 σωτηρίου
3199 4756 3435 4819 πίστεως
3467 4754 3649 4808 αὐτῶν
3681 4754 3809 4821 ὁμοί

2241 4857 2446 4929 φωνίαν
2503 4853 2655 4924 αὐτῷ
2718 4851 3111 4923 ὲπρυτὰνευσε.
3149 4848 3415 4913 Τοσοῦτος
3464 4843 3533 4918 ῆν
3567 4847 3596 4899 ὁ
3638 4846 3812 4899 πάντα

2243 4949 2465 5019 ἄριστος
2506 4947 2714 5009 ἐκεῖνος
2742 4945 2833 4997 καὶ
2860 4942 3113 5013 θεοφιλὴς
3139 4940 3390 5012 βασιλεὺς
3422 4938 3549 5011 περὶ
3572 4937 3671 5009 τὴν
3706 4934 3812 4988 τῶν

2242 5035 2334 5089 τοῦ
2354 5034 2488 5088 Θεοῦ
2524 5034 2863 5105 Ἐκκλησιῶν
2886 5033 3144 5104 φροντίδα
3165 5032 3260 5085 καὶ
3280 5031 3379 5102 τὴν
3400 5029 3509 5085 τῶν
3534 5028 3810 5101 ποιμένων

2247 5127 2686 5199 είρηνικωτάτην
2734 5122 3009 5196 ὁμόνοιαν.
3076 5124 3189 5179 Οὐκ
3238 5124 3437 5179 ἄτοπον
3482 5121 3538 5175 δὲ
3569 5119 3809 5191 ἡγοῦμαι

2245 5218 2339 5272 καὶ
2364 5217 2432 5271 τά
2469 5216 2729 5270 Εὐσεὸίου
2760 5212 2856 5271 τοῦ
2888 5215 3198 5289 Παμφίλου,
3240 5214 3383 5285 ἅπερ
3423 5211 3553 5283 περὶ
3583 5210 3805 5271 τούτων,

2242 5308 2353 5361 τῶν
2375 5308 2434 5362 ὲν
2462 5309 2528 5379 τῇ
2556 5306 2760 5379 συνόδῳ
2786 5304 3321 5379 πραγματευθέντων
3348 5302 3514 5372 λέγω,
3540 5296 3807 5353 ποιεῖσθαι

2244 5398 2336 5453 τὸν
2361 5398 2520 5468 λόγον
2553 5398 2855 5470 ἀρχόμενος
2898 5397 3082 5462 καλῶς
3133 5395 3409 5451 διελάὃετο
3439 5394 3498 5445 ὲν
3536 5391 3615 5463 τῷ
3646 5388 3806 5463 τρίτῳ

2242 5491 2408 5545 αὐτοῦ
2461 5490 2650 5563 βιϐλίῳ
2699 5489 2779 5563 τῷ
2831 5491 2907 5555 είς
2960 5490 3052 5545 τὸν
3098 5488 3212 5560 βίον
3257 5484 3672 5543 Κωνσταντίνου
3716 5476 3805 5533 »τοῦ
