4148 6544
352 394 487 463 i313

1234 379 1604 444 HISTORIA
1640 374 1971 437 CONCILII
2010 371 2313 435 NICIENI.
2353 397 2423 410 -
2458 370 2607 432 LIB.
2644 371 2730 434 Ιῐ.

3382 400 3385 404 ·
3457 370 3594 436 1314

348 502 630 573 θεοφιλοῦς
684 498 970 572 βασιλέως,
1031 490 1248 558 ἐντάξαι
1301 489 1429 559 τῇδε
1480 488 1547 556 τῇ
1596 483 1913 573 συγγραφῇ.

2026 480 2324 542 roncitata;
2375 476 2674 546 imperator
2700 474 2795 532 ille
2839 474 3231 531 celeberrimus
3276 488 3469 530 omnes
3497 477 3590 530 be-

359 570 521 647 Ἔστι
550 592 607 645 δὲ
653 570 860 644 ταῦτα*
920 604 939 637 ι
981 583 1251 638 Πλείστων
1294 579 1463 631 δεῖται
1513 575 1602 643 ὑφ’
1652 570 1915 643 ἑκατέρου

344 685 626 755 τάγματος
653 676 1108 753 προτεινομένων,
1145 669 1347 740 πολλῆς
1376 684 1438 720 τε
1473 662 1809 755 ἀμφιϐολίας
1846 660 1917 755 τά

346 751 540 844 πριῖιτα
569 751 721 843 παρά
760 751 923 822 τινων
952 763 1264 835 γινομένης,
1294 757 1608 828 ἐπηκροᾶτο
1639 751 1917 844 πάντωνλό

350 839 603 935 βασιλεὺς
706 858 1059 929 πανεύφημος
1079 895 1093 920 ,
1130 851 1294 923 σχολῇ
1323 866 1384 902 τε
1432 843 1781 935 εὐτονωτάτῃ
1815 839 1917 903 τὰς

348 933 637 1027 προτάσεις
661 950 905 1021 θατέρων
928 946 1035 1001 τῶν
1056 943 1236 1019 μερῶν
1261 938 1565 1009 ὑπεδέχετο*
1597 937 1655 988 ὲν
1683 933 1843 1027 μέρει
1858 946 1918 983 τε

346 1021 875 1113 ἀντιλαμϐανόμενος
903 1036 1013 1090 τῶν
1050 1034 1181 1105 παρ’
1233 1030 1492 1103 ἐκατέρου
1520 1027 1800 1096 τάγματος
1828 1021 1918 1113 λε-

347 1112 616 1205 γομένων,
638 1132 737 1203 ὴρέ
747 1147 822 1203 μα
850 1145 909 1181 τε
935 1126 1135 1197 συνῆγε
1153 1122 1280 1186 τοὺς
1303 1118 1615 1191 φιλονείκως
1640 1112 1920 1183 ἐνισταμέ-

346 1241 493 1289 νους,
516 1225 704 1295 πράως
728 1239 786 1274 τε
812 1218 964 1273 ποιοῦ
975 1233 1133 1288 μενος
1146 1214 1243 1279 τὰς
1261 1212 1403 1286 πρὸς
1428 1211 1657 1263 ἑκαστον
1681 1205 1917 1277 ὁμιλίας,

347 1314 642 1385 ἑλληνίζων
668 1330 727 1365 τε
749 1314 814 1383 τῇ
846 1311 1000 1381 φωνῇ
1025 1324 1040 1339 ⁶
1074 1305 1265 1377 ἐπειδὴ
1303 1302 1437 1376 μηδὲ
1459 1300 1665 1371 ταύτης
1691 1297 1919 1368 ἀμαθῶς

347 1400 482 1476 εἶχε,
511 1401 777 1472 γλυκερός
807 1416 891 1462 τις
909 1395 979 1470 ἦν
1004 1396 1100 1451 καὶ⁸
1129 1386 1422 1467 ήδῦς,τοῦς
1451 1392 1549 1465 μὲν
1579 1388 1915 1460 συμπείθων,

346 1499 471 1563 τοὺς
504 1497 560 1550 δὲ
593 1490 1000 1548 καταδυσωπῶν
1031 1489 1109 1562 τῷ
1132 1488 1298 1560 λόγῳ,
1326 1488 1452 1549 τοῦς
1476 1485 1534 1539 δὲ
1568 1479 1626 1538 εὖ
1658 1484 1917 1563 λέγοντας

349 1587 607 1649 ἐπαινῶν.
655 1586 863 1648 πάντας
904 1600 967 1639 τε
1010 1582 1093 1646 είς
1137 1579 1389 1650 ὁμόνοιαν
1415 1575 1655 1630 ἐλαύνων
1691 1574 1797 1637 ἕως
1827 1572 1917 1626 ὅτε

348 1677 739 1750 ὁμογνώμονας
790 1675 885 1729 καὶ
934 1671 1224 1745 ὁμοδόξους
1274 1669 1361 1724 ἐπ’
1406 1667 1555 1740 αὐτῷ
1589 1666 1699 1739 [ἐπ’
1729 1664 1916 1737 αὐτοῦ]

349 1770 725 1839 κατεστήσατο
744 1782 759 1798 ·
792 1765 869 1828 ὡς
900 1762 1221 1835 όμοφρόνως
1264 1761 1365 1831 μὲν
1396 1757 1668 1831 κρατῆσαι
1699 1755 1797 1827 τὴν
1828 1755 1915 1808 εὑ-

2018 572 2179 641 nigne
2209 570 2482 633 audiebat,
2511 570 2873 623 intentissimo
2903 568 3083 625 studio
3105 569 3388 639 utriusque
3416 570 3590 640 partis

2016 660 2413 735 propositiones
2455 660 2758 729 excipiebat
2805 678 2820 714 :
2876 660 3145 715 interdum
3195 660 3358 715 etiam
3405 662 3586 716 ferens

2016 768 2174 823 opem
2201 751 2448 807 alterutri
2482 750 2898 817 disceptantium
2925 752 3087 821 parti,
3115 766 3208 806 eos
3235 766 3430 823 magna
3462 766 3584 806 cum

2017 843 2367 900 contentione
2389 841 2740 911 digladiantes
2761 841 3019 915 paulatim
3036 842 3442 907 reconciliabat,
3464 858 3586 896 cum

2018 935 2245 1006 singulis
2287 933 2514 988 comiter
2558 939 2614 986 et
2660 932 2891 1002 benigne
2925 946 3232 988 sermonem
3273 932 3590 988 conferebat

2017 1025 2202 1081 Graece
2235 1044 2249 1080 :
2278 1041 2400 1081 nam
2441 1040 2509 1080 ne
2536 1026 2697 1097 hujus
2721 1024 2937 1095 quidem
2971 1024 3163 1095 linguae
3190 1025 3410 1092 ignarus
3448 1030 3588 1078 erat.

2021 1115 2219 1172 Suavis
2242 1124 2361 1170 erat
2389 1125 2442 1170 et
2468 1114 2719 1178 blandus,
2764 1115 2890 1169 dum
2934 1114 3057 1169 aliis
3088 1116 3437 1184 persuadere.
3466 1113 3589 1167 aliis

2018 1221 2270 1263 sermone
2324 1207 2586 1277 pudorem
2655 1207 2991 1279 exprimere,
3052 1206 3187 1260 alios
3239 1206 3329 1276 qui
3387 1205 3588 1259 diserte

2018 1301 2309 1363 dixissent,
2355 1299 2695 1363 collautlare,
2751 1313 2942 1353 omnes
2991 1298 3226 1365 denique
3261 1298 3327 1349 ad
3356 1309 3588 1348 concor-

2017 1394 2160 1447 diam
2211 1390 2467 1446 reducere
2505 1391 2903 1446 contendebat:
2934 1403 3104 1459 usque
3147 1402 3212 1443 eo
3242 1387 3414 1441 donec
3468 1395 3589 1439 tan-

2018 1482 2137 1537 dem
2162 1495 2254 1536 eos
2282 1490 2391 1534 tum
2422 1481 2799 1549 conspirantes
2829 1478 3052 1543 animis,
3097 1487 3207 1531 tum
3238 1477 3590 1546 opinionibus

2018 1571 2421 1626 consentientes
2465 1571 2712 1625 redderet
2741 1579 2842 1625 :ut
2884 1569 3031 1638 pium
3085 1567 3376 1622 Dominicae
3404 1566 3590 1638 gloria:

2017 1666 2258 1721 studium
2309 1665 2669 1737 principatum
2723 1680 2832 1720 uno
2886 1679 3156 1719 consensu
3212 1663 3481 1718 obtineret
3536 1670 3594 1717 ct

2022 1755 2340 1827 praevaleret
2371 1755 2503 1810 ﬁdes
2528 1754 2779 1811 salutaris
2816 1770 2941 1809 vere
2986 1770 3015 1808 a
3048 1754 3249 1825 Spiritu
3279 1761 3469 1808 sancto
3495 1768 3592 1821 per

351 1859 483 1932 σεῦῆ
539 1834 868 1925 δοξολογίαν,
914 1834 1285 1926 κρατυνθῆναί
1340 1866 1402 1903 τε
1431 1848 1529 1920 τὴν
1585 1847 1801 1916 άληθῶς
1851 1847 1917 1900 ὲκ

2026 1863 2206 1905 omnes
2255 1848 2541 1918 prmdictos
2581 1856 2798 1902 sanctos
2838 1845 3028 1901 Patres
3082 1855 3301 1901 nostros
3350 1844 3589 1914 promul-

350 1950 667 2021 Πνεύματος
713 1946 871 2016 ἁγίου
913 1943 1066 2018 παρὰ
1091 1944 1311 1997 πάντων
1341 1940 1450 1994 τῶν
1496 1936 1919 2009 προρρηθέντων

349 2042 521 2112 ἁγίων
553 2040 711 2113 ἡμῶν
744 2038 1002 2109 Πατέρων
1048 2032 1460 2106 ὲκφωνηθείσαν
1504 2031 1774 2100 σωτήριον
1828 2029 1921 2085 πί-

351 2151 491 2188 στιν.
536 2134 625 2187 Ἐν
656 2131 705 2184 τ’
734 2129 883 2201 αῦτῷ
925 2128 982 2181 δὲ
1014 2127 1109 2181 καὶ
1140 2126 1268 2196 περὶ
1295 2125 1395 2195 τῆς
1421 2121 1691 2193 σωτηρίου
1725 2120 1921 2191 ἑορτῆς

348 2225 446 2279 τοῦ
471 2225 660 2294 Πάσχα
685 2222 779 2275 ἕνα
810 2219 961 2291 παρὰ
986 2220 1153 2272 πᾶσιν
1168 2213 1567 2287 ὁμολογηθῆναι
1594 2210 1783 2284 καιρὸν
1805 2213 1921 2265 ἑνο-

353 2315 640 2386 μοθέτησε.
671 2313 802 2367 Τότε
830 2312 893 2383 δὴ
922 2311 1014 2364 καὶ
1047 2308 1339 2379 ἐγγράφως
1361 2306 1429 2361 δι’
1454 2304 1918 2374 ὑποσημειώσεως

350 2407 581 2462 ἑκάστου
627 2405 699 2459 τά
728 2405 880 2475 κοινῇ
933 2401 1226 2471 δεδογμένα
1264 2397 1578 2471 κυρωθῆναι
1638 2396 1917 2468 ὡρίσατοο

349 2501 444 2553 καὶ¹
471 2497 603 2569 περὶ
646 2496 756 2550 τῶν
798 2494 920 2549 καθ’
950 2493 1184 2547 ἱκαστον
1224 2487 1697 2560 ὲκκλησιαστικῶν
1732 2487 1919 2542 διατυ-

351 2589 705 2644 πώσεων-καὶ
746 2587 986 2641 κανόνων
1028 2583 1323 2657 ἐγγράφως
1371 2580 1613 2635 ἐκθεῖναι
1645 2580 1771 2643 τοὺς
1798 2580 1921 2633 ἑπι-

352 2684 586 2748 σκόπους
610 2681 919 2754 παρεγγυᾷ.
977 2696 996 2731 ι

923 2792 1177 2848 ΚΕΦΔΛ.
1212 2788 1342 2845 κθν.

351 2910 490 2979 Περὶ
531 2906 808 2965 Ἀκεσίου
839 2905 1179 2984 daretdaret:
1213 2895 1786 2984 τῷνηΝαυατιανῶν,
1822 2894 1922 2950 καί

641 3022 663 3046 ,
879 2973 1000 3030 τῶν
1050 2974 1175 3027 σὺν
1213 2973 1394 3038 αὐτῷ.

421 3097 577 3150 Κινεῖ
604 3093 661 3149 δὲ
689 3092 837 3164 ἡμᾶς
864 3092 898 3162 ἡ
942 3086 1039 3142 τοῦ
1087 3085 1355 3158 βασιλέως
1388 3082 1569 3147 πίστις
1609 3081 1703 3135 καλ⁵
1730 3079 1919 3153 ἐτέρου

2020 1952 2166 2009 gata.
2212 1939 2414 1995 Ibidem
2468 1940 2630 1995 etiam
2680 1939 2798 2009 lege
2852 1939 3068 2006 sanxit,
3119 1950 3177 1993 ut
3223 1938 3363 2010 apud
3401 1953 3593 1993 omnes

2020 2047 2187 2086 unum
2246 2041 2455 2102 tempus
2503 2039 2780 2086 constaret
2831 2045 2929 2100 pro
2986 2030 3243 2086 salutaris
3308 2031 3593 2085 i‘ascltatis

2022 2122 2356 2179 festivitate:
2405 2134 2515 2176 tum
2559 2121 2724 2177 etiam
2770 2131 2829 2176 ut
2866 2138 2963 2192 per
3000 2136 3315 2193 expressam
3350 2122 3593 2193 singulo-

2023 2231 2141 2270 rum
2182 2204 2658 2285 subscriptionem,
2690 2232 2811 2287 qute
2834 2218 2887 2273 iu
2918 2217 3192 2272 commtmi
3229 2217 3443 2271 decreta
3475 2216 3595 2270 fue-

2025 2316 2174 2374 rant,
2214 2307 2583 2363 ﬁrmarentur.
2621 2308 2864 2381 Denique
2911 2308 3197 2380 episcopos
3236 2318 3293 2362 ut
3324 2308 3390 2362 de
3417 2308 3587 2363 eccle-

2022 2397 2258 2453 siasticis
2314 2397 2798 2456 constitutionibus
2851 2408 2907 2456 et
2962 2398 3269 2456 canonibus
3326 2397 3590 2469 scriptum

2023 2492 2266 2556 ederent,
2299 2490 2548 2549 hortatus
2584 2500 2688 2546 est.
2727 2508 2748 2544 ι

2615 2779 2768 2837 CAP.
2810 2779 3006 2837 XXIX.

2022 2894 2101 2955 De
2142 2894 2327 2949 Acesio
2363 2892 2789 2949 Νοοαιίαιωηιιιι
2838 2892 3103 3015 ερίεωρο,
3142 2901 3191 2946 et
3231 2892 3322 2963 qui
3357 2906 3475 2946 cum
3504 2891 3597 2947 illo

2724 2979 2852 3015 eran
2878 2999 2896 3015 .

2724 2979 2896 3017 erant.

2095 3077 2274 3134 Movet
2291 3077 2339 3110 "
2370 3086 2553 3133 autem
2589 3091 2689 3131 nos
2723 3074 3067 3145 imperatoris
3102 3075 3263 3141 ﬁdes,
3288 3084 3423 3131 utet
3449 3075 3595 3131 aliud

353 3190 676 3261 πράγματος
719 3180 1149 3255 ἐπιμνησθῆναι,
1178 3178 1238 3243 ὃς
1273 3176 1374 3249 τὴν
1404 3173 1639 3246 σπουδὴν
1670 3174 1765 3227 καὶ
1792 3172 1925 3245 πρό-

2030 3169 2288 3239 quiddam
2317 3180 2810 3224 commemoremus
2837 3183 2853 3221 :
2882 3167 2973 3236 qui
2994 3175 3142 3222 tanto
3173 3167 3354 3223 studio
3387 3176 3441 3222 et
3472 3183 3601 3237 pru-

352 3298 501 3335 νοιαν
530 3279 630 3351 τῆς
666 3271 1124 3346 ἑκκλησιαστικῆς
1152 3270 1375 3342 εἰρήνης
1403 3269 1657 3331 ἐποιεῖτο,
1688 3265 1763 3331 ὡς
1790 3263 1927 3336 μηδὲ

352 3374 422 3427 τὰ
453 3371 714 3443 ἐλάχιστα
730 3367 895 3421 αὐτὸν
917 3363 1266 3436 παραλιπεῖν.
1290 3360 1401 3414 Καὶ
1425 3358 1668 3414 ’Δκέσιον
1694 3357 1803 3428 γάρ
1827 3356 1927 3427 τῆς

352 3465 462 3519 τῶν
488 3458 844 3516 Ναυατιανῶν
876 3454 1172 3527 θρησκείας
1216 3452 1516 3505 ἐπίσκοπον
1545 3450 1639 3503 καὶ
1671 3448 1798 3511 τοὺς
1830 3446 1926 3501 σὺν

355 3553 504 3626 αὺτῷ
544 3550 832 3621 ὲκεκλήκει
871 3549 949 3610 είς
990 3545 1087 3617 τὴν
1127 3543 1364 3606 σύνοδον,
1399 3541 1474 3602 ὡς
1506 3540 1599 3594 καὶ
1632 3540 1828 3603 αὐτοὺς
1868 3537 1928 3592 τδ

355 3625 640 3716 ὁμοούσιον
690 3639 785 3694 καὶ
812 3637 912 3709 τὴν
941 3635 1148 3707 Τριάδα
1185 3631 1528 3697 δοξάζοντας.
1558 3628 1714 3684 Μετὰ
1746 3625 1842 3683 οῦν
1867 3628 1928 3683 τὸ

355 3733 646 3804 ἐκτεθῆναι
690 3729 788 3785 καὶ
832 3726 1214 3800 ὑπογραφῖμαι
1266 3722 1419 3794 παρά
1450 3737 1511 3775 τε
1555 3720 1659 3791 τῆς
1705 3719 1927 3774 συνόδου

355 3827 452 3885 καὶ
477 3824 572 3881 τοῦ
606 3821 872 3897 βασιλέως
909 3820 1002 3874 τὸν
1028 3819 1155 3891 ὅρον
1199 3816 1300 3889 τῆς
1332 3815 1584 3878 πίστεως.
1617 3811 1808 3884 ἠρώτα
1838 3812 1930 3867 τὸν

368 3918 613 3977 Ἀκέσιον
644 3913 1050 3975 Κωνσταντίνος
1086 3912 1117 3964 ὁ
1146 3908 1419 3981 βασιλεὺς,
1445 3907 1495 3960 si
1543 3907 1638 3959 καὶ
1665 3904 1829 3969 αὐτὸς
1856 3906 1925 3976 τῇ

359 4013 540 4066 πίστει
561 4006 871 4063 συντίθεται
896 4004 993 4060 κα)⁵
1013 4002 1093 4074 τῷ
1115 3999 1327 4074 ὁρισμῷ
1351 3999 1451 4069 τῆς
1472 3996 1717 4070 περὶτοῦ
1740 3997 1931 4068 Πάσχα

359 4102 574 4176 ἑορτῆς.
622 4100 682 4156 ’0
727 4099 786 4156 δὲ
833 4097 1078 4160 ’Δκὲσιος
1120 4094 1256 4165 πρὸς
1296 4092 1481 4158 αὐτὸν,
1504 4090 1675 4145 Οὐδὲν
1719 4090 1927 4154 καινὸν,

358 4195 485 4267 ἔφη,
515 4188 561 4251 ὦ
591 4190 833 4265 βασιλεῦ,
862 4190 896 4260 ἡ
932 4186 1145 4249 σύνοδος
1173 4184 1372 4255 ὥρισεν
1397 4198 1411 4214 ο
1437 4181 1578 4238 οὕτω
1598 4180 1705 4252 γὰρ
1725 4180 1932 4236 άνωθεν

360 4288 598 4350 ἅπαντες
621 4289 687 4340 ἑκ
719 4283 827 4339 τῶν
859 4278 1233 4336 ἀποστολικῶν
1275 4276 1482 4348 θρόνων
1510 4274 1931 4345 παρειλήφαμεν

361 4381 455 4435 καὶ
482 4379 573 4432 τὸν
605 4378 730 4448 ὅρον
771 4374 872 4444 τῆς
915 4372 1175 4436 πίστεως,
1217 4368 1313 4422 καὶ
1356 4367 1448 4420 τὸν
1488 4365 1679 4437 χρόνον
1708 4364 1809 4435 τῆς
1834 4361 1928 4416 τοῦ

361 4472 547 4542 πάσχα
585 4467 798 4539 ἑορτῆς.
835 4463 944 4518 Καὶ
986 4462 1015 4514 ὁ
1064 4459 1315 4532 βασιλεὺς
1343 4456 1479 4528 πρὸς
1510 4456 1695 4511 αὐτόν’
1730 4456 1796 4508 Τί
1837 4449 1960 4508 οὖν’

2026 3263 2209 3318 deutia
2244 3262 2299 3317 in
2331 3261 2763 3318 ecclesiasticam
2805 3275 2992 3331 pacem
3037 3260 3403 3325 incumbebat,
3438 3270 3497 3315 ut
3531 3275 3602 3318 ne

2026 3352 2249 3407 minima
2278 3350 2497 3421 quidem
2540 3351 2855 3421 negligeret.
2899 3348 3110 3405 Etenim
3146 3347 3398 3403 Acesium
3438 3356 3600 3403 secta

2025 3443 2453 3498 Novatianorum
2502 3443 2843 3513 episcopum,
2878 3450 2934 3497 et
2982 3441 3103 3511 ejus
3131 3440 3309 3496 socios
3343 3440 3397 3496 in
3430 3455 3598 3512 syno-

2026 3539 2154 3591 dum
2188 3535 2421 3599 vocavit,
2470 3534 2613 3590 haud
2663 3534 2826 3590 aliter
2870 3549 3031 3603 quam
3068 3533 3213 3603 ipsos
3241 3534 3333 3603 qui
3360 3533 3598 3588 consub—

2028 3626 2281 3684 stantiale
2323 3636 2377 3681 et
2422 3625 2745 3681 Trinitatem
2799 3624 3170 3681 celebrabant.
3208 3624 3286 3680 Ac
3313 3632 3595 3695 postquam

2030 3720 2236 3775 decisio
2282 3719 2349 3774 de
2380 3718 2484 3774 ﬁde
2526 3734 2650 3774 cum
2703 3718 2755 3773 in
2801 3716 3226 3773 commentarios
3255 3716 3447 3780 relata,
3485 3726 3596 3771 tum

2028 3811 2512 3881 subscriptionibns
2568 3809 2883 3864 conﬁrmata
2918 3822 2949 3863 a
2996 3806 3200 3878 synodo
3254 3816 3311 3863 et
3366 3807 3599 3876 impera-

2031 3914 2147 3960 tore
2224 3916 2373 3967 erat,
2449 3901 2747 3972 imperator
2826 3899 3213 3956 Constantinus
3285 3898 3603 3955 sciscitaba—

2031 4008 2118 4051 tur
2157 3996 2225 4050 ab
2254 3994 2480 4057 Acesio,
2511 4003 2689 4048 utrum
2754 3991 2870 4062 ipse
2915 3992 3088 4047 eidem
3118 3991 3264 4059 ﬁdei,
3290 3998 3346 4045 et
3382 3992 3602 4046 decreto

2029 4102 2245 4159 quoque
2279 4088 2348 4142 de
2384 4086 2504 4141 festi
2552 4083 2833 4140 Paschatis
2877 4083 3253 4139 observatione
3301 4083 3603 4139 constituto

2030 4180 2409 4236 assentiretur.
2460 4177 2599 4232 Tum
2634 4176 2767 4232 ille:
2810 4174 2956 4231 Nihil
3000 4175 3145 4241 novi,
3192 4174 3386 4246 inquit,
3430 4190 3463 4229 ο
3498 4177 3603 4231 inr-

2033 4280 2271 4341 perator,
2327 4268 2615 4324 concilium
2672 4267 2945 4334 decrevit;
3003 4281 3126 4321 nam
3184 4269 3485 4337 antiquitus
3537 4269 3605 4321 ah

2032 4361 2410 4433 Apostolorum
2443 4361 2663 4417 sedibus
2693 4374 2885 4414 omnes
2932 4358 3176 4413 eamdem
3223 4358 3346 4413 ﬁdei
3379 4359 3607 4413 decisio—

2036 4471 2197 4522 nem,
2247 4464 2302 4510 et
2341 4454 2482 4509 idem
2532 4461 2745 4521 tempus
2793 4451 2916 4507 [esti
2964 4449 3247 4507 Paschalis
3276 4451 3606 4520 accepimus.

362 4519 795 4634 Λκοινωνίάς
842 4557 999 4629 ἡμῶν
1054 4519 1308 4626 impia};—
1347 4519 1406 4604 ’ὁ
1451 4519 1507 4603 δὲ
1573 4548 1818 4611 Ἀκέσιος
1864 4546 1925 4600 τὰ

2038 4547 2174 4602 Tum
2203 4547 2537 4617 imperator:
2564 4544 2673 4600 Cur
2692 4544 2855 4614 igitur
2882 4554 2933 4597 te
2959 4557 2988 4595 a
3013 4542 3396 4596 communione
3424 4551 3606 4593 nostra

363 4630 455 4710 ιτὲι
481 4652 671 4708 Δεκίου
711 4651 855 4706 κατά
889 4648 983 4702 τὸν
1012 4645 1254 4715 διωγμὸν
1289 4643 1551 4713 γινόμενα
1579 4640 1709 4711 περὶ
1737 4638 1847 4693 τῶν
1875 4640 1925 4693 ὲν

2030 4636 2361 4708 segregasti?
2388 4635 2481 4690 ille
2513 4648 2600 4689 res
2644 4642 2904 4703 regnante
2946 4630 3108 4685 Decio
3152 4638 3371 4697 gestas],
3402 4639 3456 4681 et
3488 4642 3609 4698 qua:

362 4749 442 4822 τῷ
483 4744 795 4821 μαρτυρίῳ
830 4742 905 4815 μὴ
953 4737 1296 4810 δυνηθέντων
1340 4732 1742 4804 ἀγωνίσασθαι,
1798 4729 1925 4784 ἀλλὰ

2035 4727 2409 4801 persecutione
2468 4725 2751 4795 ingruente
2808 4723 3153 4789 acciderant,
3196 4730 3255 4777 et
3293 4728 3361 4774 de
3416 4719 3481 4774 iis
3510 4720 3604 4788 qui

363 4811 779 4915 ἀρνησαμένων,
805 4811 1068 4906 διηγεῖτο,
1099 4832 1195 4885 καὶ
1224 4830 1512 4902 ἀκρίϐειαν
1537 4824 1813 4897 αὐστηροῦ
1836 4842 1925 4879 και

2036 4820 2285 4891 martyrii
2340 4826 2614 4872 certamen
2680 4817 2960 4871 decertare
3014 4829 3121 4868 non
3177 4820 3458 4882 poterant,
3511 4811 3607 4865 sed

364 4903 512 4995 νόνος
561 4903 959 5004 προεϐάλλετο,
1013 4927 1219 4995 λέγων·
1269 4924 1345 4987 ὼς
1374 4923 1516 4991 Ἀρα
1571 4921 1633 4975 οῦ
1662 4918 1768 4990 χρὴ
1811 4918 1925 4981 τοὺς

2038 4911 2317 4967 Christum
2378 4908 2751 4977 almegahant,
2819 4906 3094 4971 narravit,
3173 4903 3610 4973 exquisitamqtte

372 5025 510 5095 μετὰ
556 5025 617 5076 τὸ
676 5023 959 5093 βάπτισμα
1007 5016 1401 5091 ἡμαρτηκότας
1456 5012 1706 5084 δέχεσθαι
1771 5027 1937 5081 μετα-

367 5112 642 5175 νοοῦντας,
673 5112 707 5183 ἢ
737 5112 838 5180 τῆς
868 5109 1155 5173 κοινωνίας
1182 5106 1276 5160 τοῦ
1306 5104 1606 5178 μυστηρίου
1630 5102 1724 5155 τοῦ
1744 5098 1936 5154 λοιποῦ

370 5203 677 5271 ἀξιοῦσθαι.
717 5202 904 5256 Ταῦτα
933 5201 1175 5263 εἰπόντος
1214 5197 1311 5252 τοῦ
1360 5194 1629 5259 Ἀκεσίου,
1661 5193 1767 5265 ἔφη
1802 5192 1939 5263 πρὸς

368 5297 532 5352 αὐτὸν
577 5297 606 5348 ό
641 5293 926 5366 βασιλεύς’
972 5292 1093 5357 Θὲς,
1138 5285 1181 5344 ὦ
1214 5289 1449 5354 Ἀκέσιε,
1486 5287 1728 5359 κλίμακα
1756 5285 1937 5357 μόνος,

371 5390 466 5443 καὶ
497 5386 727 5458 ἀνάϐηθι
758 5385 839 5447 είς
870 5383 963 5436 τὸν
991 5382 1239 5453 οὐρανόν.
1263 5380 1417 5436 Μετὰ
1464 5379 1638 5433 ταῦτα
1665 5378 1864 5436 πάντες
1891 5377 1942 5434 oi

371 5482 661 5535 ἐπίσκοποι
721 5474 1085 5538 διατυπώσεις
1129 5472 1589 5545 ὲκκλησιαστικάς
1653 5470 1944 5543 διαφόρους

371 5572 697 5627 ἐκτίθενται.

462 5793 685 5851 ησεοοτ.
707 5794 807 5851 lib.
828 5808 869 5860 ι,
906 5805 1028 5863 cap.
1064 5790 1162 5863 10;
1187 5798 1242 5848 et
1270 5790 1490 5848 Sozom.
1525 5787 1622 5845 lib.
1654 5804 1695 5857 ι,
1722 5804 1843 5861 cap.
1876 5787 1967 5842 2|.

2042 5003 2213 5059 severi
2250 4999 2529 5070 cujusdam
2577 5000 2800 5054 canonis
2829 4998 3263 5054 observationem
3290 4998 3345 5051 in
3372 4995 3608 5052 medium

2035 5094 2299 5150 adduxit:
2331 5090 2487 5159 Quod
2531 5107 2637 5147 non
2675 5100 2926 5161 oporteat
2978 5106 3072 5146 eos
3118 5090 3217 5162 qui
3263 5097 3385 5158 post
3435 5088 3613 5158 bapti-

2039 5202 2215 5243 smum
2244 5192 2558 5255 peccarunt,
2610 5184 2862 5255 quamvis
2916 5184 3244 5255 pmnitentes
3299 5179 3611 5243 admittere,

2042 5294 2142 5334 nec
2173 5277 2552 5348 mysteriorum
2587 5276 2969 5331 communione
2996 5273 3203 5345 dignari
3228 5273 3294 5325 ¹¹.
3328 5268 3457 5336 Quae
3486 5286 3611 5325 cum

2042 5369 2541 5431 dixissetAcesius.
2584 5368 2880 5438 imperator
2909 5368 2987 5423 sic
3024 5367 3173 5422 illmn
3217 5366 3393 5419 denuo
3420 5363 3615 5417 allatus

2040 5471 2124 5516 est
2155 5476 2170 5516 :
2202 5459 2410 5532 Eriglto
2452 5459 2549 5514 tibi
2579 5459 2805 5524 scalam,
2835 5457 3016 5524 Acesi,
3042 5465 3096 5511 et
3133 5454 3199 5510 ad
3234 5452 3433 5509 ctelum
3464 5454 3615 5506 solus

2042 5553 2346 5610 ascendito.
2387 5552 2515 5610 Post
2554 5554 2668 5607 haec
2707 5566 2899 5607 omnes
2939 5548 3174 5622 episcopi
3215 5546 3398 5602 varias
3441 5545 3614 5601 eccle-

2043 5647 2293 5703 siasticas
2322 5645 2739 5701 constitutiones
2765 5642 2951 5701 edunt.

2048 5787 2093 5819 ⁸¹
2117 5784 2285 5841 Cone.
2313 5784 2513 5841 Eliber.
2546 5800 2667 5842 can.
2698 5784 2765 5859 1.
