4148 6614
530 372 671 443 1315
1762 373 2070 435 'GELASII
2111 374 2453 436 CYZICENI
3655 373 3785 441 1316

1127 488 1282 547 CAP.
1323 485 1492 543 XXX.

2806 491 3060 547 ΚΕΦΑΔ.
3100 488 3181 548 A'.

600 602 678 658 De
705 600 1066 672 diatyposibus
1095 602 1461 657 ecclesiasticis
1487 615 1656 655 sermo
1675 599 2029 669 dogmaticus.

2220 603 2346 673 Περὶ
2397 602 2513 658 τῶν
2564 603 3085 672 ἐκκλησιαστικῶν
3138 604 3571 660 διατυπώσεων
3610 609 3788 678 λόγος

2774 674 3228 729 διδασκαλικόε.

2815 691 3228 740 ισασκαλικος.

601 779 893 836 Versemnr
921 793 1042 835 cum
1074 779 1226 845 luce,
1259 793 1382 848 qua:
1405 786 1490 833 est
1520 776 1791 842 Christus,
1848 783 2105 843 tanquam

533 874 632 943 ipsi
678 870 964 943 pr0pinqui
1012 868 1340 925 exsistentes
1368 908 1384 933 ,
1427 876 1482 923 et
1534 868 1708 935 ipsum
1752 865 2119 936 aspicientes.

535 965 630 1020 Sic
664 966 717 1019 in
750 963 1220 1019 sanctiﬁcantibus
1268 958 1675 1030 precationibus
1728 971 2103 1012 exerceamus.

535 1058 734 1113 Preces
761 1056 905 1111 enim
937 1053 1307 1116 sanctiﬁcant,
1338 1052 1383 1106 si
1424 1049 1668 1105 divinum
1703 1049 1939 1104 Verbum
1972 1050 2107 1104 ado-

535 1163 743 1204 remus.
796 1146 1033 1202 Verbum
1070 1152 1251 1198 autem
1300 1142 1540 1196 divinum
1571 1141 1765 1203 adest,
1802 1139 1890 1194 ubi
1929 1155 2022 1193 cor
2053 1149 2111 1194 et

536 1257 672 1313 pura
703 1240 828 1295 vitae
858 1238 1134 1294 institutio
1164 1237 1218 1290 in
1251 1233 1556 1289 humilitate
1586 1242 1971 1287 conservatur.
2001 1229 2111 1285 La-

540 1333 771 1389 borabat
800 1328 968 1385 lsrael
1000 1326 1267 1383 sacriﬁcia
1305 1324 1627 1393 perliciens;
1658 1322 1967 1377 clamabant
1988 1337 2113 1392 pro-

541 1427 719 1497 pheta
748 1423 816 1478 ad
847 1425 1009 1478 Deum
1046 1438 1060 1476 :
1099 1438 1117 1471 ι
1158 1419 1357 1474 Emitte
1389 1417 1562 1472 lucem
1596 1425 1743 1470 tuam
1794 1427 1851 1471 et
1906 1415 2111 1469 verita-

541 1528 650 1574 tem
688 1525 833 1572 tuam
887 1515 955 1567 ⁸⁹.
995 1531 1014 1566 ι
1049 1510 1128 1565 11ιί
1177 1507 1519 1572 clamabant,
1548 1515 1603 1562 et
1635 1521 1735 1561 nos
1783 1507 2110 1576 accepimus;

546 1630 566 1665 s
604 1610 707 1664 Alii
738 1607 1146 1667 laboraverunt,
1194 1602 1332 1657 sicut
1360 1597 1620 1654 Dominus
1655 1598 1813 1663 dixit,
1845 1607 1900 1652 et
1932 1612 2027 1652 nos
2058 1597 2112 1652 in

541 1702 782 1755 laborem
831 1699 1065 1768 ipsorum
1110 1692 1471 1748 introivimus.
1514 1708 1533 1742 ι
1572 1688 1731 1745 Venit
1752 1689 1896 1744 enim
1927 1689 1991 1743 ad
2019 1703 2115 1743 nos

2290 785 2666 856 Ὀμιλήσωμεν
2685 784 2764 854 τῷ
2785 783 2947 854 φωτὶ,
2977 784 3005 839 ὃ
3032 785 3181 838 ἐστιν
3211 786 3239 838 ό
3268 784 3522 856 Χριστὸς,
3545 785 3627 847 ὡς
3658 786 3789 855 πλη-

2210 876 2324 930 σίον
2356 876 2523 929 αὑτοῦ
2559 876 2812 939 ἑστῶτες,
2842 875 2920 938 ὡς
2947 874 3179 945 ὁρῶντες
3213 874 3394 936 αὑτὸν,
3421 873 3598 937 οὕτως
3633 875 3787 929 πολι-

2208 966 2531 1039 τευσὼμεθα
2587 968 2711 1031 ταῖς
2762 966 2947 1037 εὐχαῖς
3022 964 3396 1033 ἁγιαζούσαις.
3453 965 3628 1035 Εὐχαὶ
3690 965 3794 1035 γὰρ

2208 1057 2548 1128 ἀγιάζουσιν,
2578 1058 2674 1111 ἐὰν
2709 1057 2852 1129 λόγῳ
2881 1056 3009 1127 θείῳ
3048 1057 3515 1130 προσευχώμεθα·
3547 1056 3710 1124 λόγος
3738 1056 3793 1110 δὲ

2211 1152 2356 1214 θεῖος
2393 1151 2695 1222 πάρεστιν,
2734 1149 2863 1203 ἔνθα
2910 1148 3109 1220 καρδία
3145 1150 3241 1202 καὶ
3277 1148 3525 1202 πολιτεία
3574 1148 3795 1217 καθαρά

2212 1243 2271 1296 ἐν
2307 1238 2775 1311 ταπεινοφροσύνῃ
2825 1237 3173 1307 φυλάττεται.
3210 1236 3488 1306 Ἐκαμνεν
3515 1238 3544 1289 ὁ
3582 1235 3798 1305 Ἰσραὴλ

2211 1329 2311 1393 τὰς
2334 1328 2525 1392 θυσίας
2551 1327 2814 1382 ἐπιτελῶν
2832 1342 2848 1359 ο
2877 1325 3111 1398 ἔκραζον
3136 1327 3184 1379 οί
3215 1324 3495 1398 προφῆται
3529 1326 3672 1397 πρδς
3703 1326 3792 1378 τὸν

2212 1420 2346 1473 Θεόν
2370 1437 2385 1450 ·
2413 1439 2432 1472 s
2474 1418 2885 1489 Ἐξαπόστειλον
2916 1416 2977 1471 τὸ
3006 1417 3121 1486 φῶς
3153 1434 3245 1470 σου
3277 1417 3375 1471 καὶ
3399 1417 3498 1487 τὴν
3527 1416 3793 1488 ἀλήθειάν

2215 1529 2331 1565 σου.
2370 1530 2388 1564 s
2435 1512 2663 1564 Ἐκεῖνοι
2688 1509 2941 1582 ἔκραζον,
2967 1510 3061 1563 καὶ
3090 1509 3251 1579 ἡμεῖς
3280 1508 3571 1579 ἐλάϐομεν*
3604 1527 3624 1560 s
3664 1509 3797 1561 ’Δλο

2212 1604 2294 1657 λοι
2327 1603 2739 1668 κεκοπιάκασι,›
2774 1600 2953 1665 καθὼς
2981 1595 3132 1654 εἶπεν
3160 1602 3188 1653 ὁ
3216 1600 3441 1672 Κύριος,
3473 1620 3491 1653 ι
3519 1602 3616 1655 καὶ
3642 1603 3797 1671 ἡμεῖς

2215 1698 2298 1759 είς
2342 1696 2436 1749 τὸν
2475 1695 2643 1748 κόπον
2681 1693 2861 1748 αὐτῶν
2905 1691 3359 1763 είσεληλύθαμεν.
3398 1711 3417 1744 s
3475 1687 3653 1746 Ἦλθε
3692 1692 3796 1764 γάρ

543 1793 826 1853 Dominus,
846 1789 1065 1845 dicens:
1087 1806 1106 1840 s
1127 1787 1238 1856 Ego
1261 1800 1379 1840 sum
1395 1783 1507 1849 lux,
1525 1796 1623 1855 ego
1642 1795 1762 1836 sum
1780 1779 2068 1836 veritas":
2092 1798 2110 1831 ι

2220 1791 2357 1862 πρὸς
2388 1792 2535 1862 ἡμᾶς
2565 1790 2728 1854 αὐτὸς
2758 1790 2787 1844 ό
2828 1787 3036 1860 Κύριος
3078 1787 3290 1856 λέγων’
3325 1806 3345 1840 s
3404 1788 3551 1857 Ἐγώ
3591 1789 3710 1858 είμι
3742 1788 3799 1841 τὸ

544 1890 665 1944 sine
719 1887 903 1942 labore
960 1883 1267 1953 accepimus
1314 1879 1585 1951 gratiam,
1626 1878 1721 1933 sed
1751 1890 1876 1933 cum
1934 1875 2117 1932 labore

2220 1882 2359 1952 φῶς,
2401 1880 2512 1951 ἐγώ
2561 1882 2677 1951 εἰμι
2716 1882 2751 1953 ὴ
2800 1880 3046 1951 ἀλήθεια.
3090 1897 3110 1932 s
3156 1880 3481 1949 Ἀκαμάτως
3533 1880 3799 1949 ἐλάϐομεν

551 1989 769 2052 oportet
800 1993 898 2034 nos
930 1976 1159 2048 gratiam
1189 1985 1542 2030 conservare.

546 2176 625 2232 De
646 2176 727 2230 his
755 2174 843 2244 qui
864 2172 1048 2226 dicunt
1083 2186 1185 2225 non
1221 2176 1459 2239 oportere
1480 2165 1814 2222 Christianos
1848 2162 2117 2221 laborare.

453 2396 462 2405 .
580 2346 887 2418 ‘Quoniam
927 2343 1091 2415 aliqui
1150 2340 1395 2397 nolentes
1450 2338 1726 2401 laborare,
1778 2334 1874 2392 sed
1924 2333 2120 2390 curiosi

546 2459 711 2506 esse,
760 2439 901 2495 male
944 2437 1376 2506 interpretantur
1421 2444 1611 2486 sacras
1646 2427 1857 2483 Domini
1913 2441 2117 2492 voces,

549 2534 827 2592 dicentis:
865 2548 886 2584 s
927 2528 1007 2585 Nc
1053 2528 1173 2585 sitis
1223 2522 1441 2582 solliciti
1495 2521 1690 2576 anima:
1749 2527 1949 2574 vestra:
1996 2518 2123 2588 quid

552 2624 887 2681 manducetis
912 2622 961 2654 “
994 2640 1010 2677 :
1050 2639 1069 2674 ι
1108 2618 1330 2691 perinde
1384 2630 1448 2670 ac
1485 2614 1531 2669 si
1571 2611 1752 2669 verbis
1790 2612 1923 2682 ipsis
1946 2612 2126 2666 adhae-

554 2727 735 2773 rentes
786 2731 895 2771 non
926 2721 1203 2783 oporteret
1233 2707 1580 2765 Christianos
1633 2716 1833 2759 terram
1865 2702 2043 2758 colere
2069 2711 2124 2757 et

552 2809 805 2865 laborare
841 2824 855 2862 :
904 2799 1386 2875 demonstrandum
1420 2807 1506 2852 est
1537 2810 1642 2851 non
1672 2794 1753 2850 sic
1782 2793 1984 2849 dixisse
2016 2793 2124 2848 Do-

552 2902 783 2957 minum.
816 2897 1111 2952 Possumus
1140 2892 1284 2948 enim
1336 2890 1615 2954 laborare,
1657 2895 1712 2942 et
1743 2885 1916 2940 securi
1955 2899 2076 2940 esse
2098 2921 2117 2951 ,

553 2990 790 3047 scientes
816 2995 873 3043 et
900 2985 1183 3041 credentes
1214 3022 1230 3050 ,
1266 2980 1410 3052 quod
1442 2992 1663 3048 operum
1699 2985 2008 3031 nostrorum
2036 2976 2121 3029 in-

554 3085 893 3137 crementum
922 3084 978 3130 et
1008 3071 1218 3128 fructus
1247 3072 1364 3141 ipse
1398 3066 1657 3122 Dominus
1686 3065 1800 3131 dat,
1830 3066 1919 3133 qui
1942 3066 2078 3121 dixit
2104 3085 2118 3121 :

2219 1974 2318 2044 τὴν
2349 1972 2529 2046 χάριν,
2566 1972 2705 2027 ἀλλὰ
2733 1971 2822 2027 διὰ
2854 1971 3103 2043 καμάτου
3135 1970 3218 2025 δεῖ
3242 1973 3393 2042 ἡμᾶς
3425 1971 3664 2041 φυλάξαι
3706 1972 3800 2042 τὴν

2219 2064 2404 2136 χάριν.

2222 2179 2362 2248 Περὶ
2400 2178 2518 2234 τῶν
2557 2179 2860 2250 λεγόντων
2889 2178 2976 2309 gi;
2996 2176 3158 2304 θδεῖν
3200 2176 3603 2247 Χριστιανοὺς
3633 2177 3801 2249 ἐργό-

2603 2298 2609 2303 ,
2918 2263 2994 2302 εσ
3031 2264 3111 2303 αι.

2603 2298 2609 2303 .
2891 2263 3111 2303 (εσθαι.

2306 2358 2569 2430 Ἐπείπερ
2597 2357 2743 2422 τινὲς
2778 2357 2880 2412 ούκ
2917 2355 3248 2429 ἐργάζεσθαι
3280 2355 3635 2428 βουλόμενοι,
3671 2354 3804 2409 ἀλλὰ

2223 2450 2705 2524 περιεργάζεσθαι,
2722 2448 3127 2520 ἐκλαμϐάνουσι
3148 2449 3333 2513 κακῶς
3354 2448 3452 2513 τὰς
3476 2446 3574 2501 τοῦ
3596 2447 3801 2519 Κυρίου

2224 2544 2377 2616 ἱεράς
2426 2542 2630 2612 φωνὰς,
2678 2539 2945 2603 εἰπόντος’
3006 2558 3026 2592 s
3066 2540 3161 2611 Μὴ
3206 2541 3511 2611 μεριμνᾶτε
3549 2542 3622 2610 τῇ
3659 2538 3803 2608 ψυχῇ

2224 2635 2403 2706 ὑμῶν,
2435 2634 2492 2688 τί
2521 2634 2734 2704 φάγητε
2752 2648 2771 2663 ο
2801 2651 2823 2686 s
2857 2630 2936 2695 ὡς
2956 2631 3020 2685 οὐ
3042 2631 3247 2703 χρῆναι
3269 2632 3545 2701 λέγοντες,
3573 2630 3803 2685 ἀκολου·

2223 2727 2451 2790 θοῦντας
2489 2729 2555 2797 τῇ
2604 2727 2756 2796 φωνῇ
2814 2724 2989 2796 ταύτῃ
3040 2724 3372 2795 ἐργάζεσθαι
3414 2725 3494 2789 είς
3546 2724 3653 2793 τὴν
3702 2726 3802 2792 γῆν

2227 2817 2620 2890 Χριστιανούςο
2666 2816 3014 2871 ἀποδεικτέον
3045 2817 3175 2887 ἡμῖν
3212 2815 3289 2887 μὴ
3317 2815 3491 2880 οὕτως
3518 2816 3799 2888 είρηκέναι

2220 2912 2315 2967 τὸν
2345 2910 2570 2983 Κύριον.
2620 2909 2891 2981 Ἐγχωρεῖ
2939 2908 3046 2981 γάρ
3077 2908 3172 2963 καὶ
3213 2906 3546 2978 ἐργάζεσθαι
3583 2907 3684 2962 καὶ
3726 2906 3800 2977 μή

2226 3006 2518 3076 μεριμνᾷν,
2553 3002 2762 3066 είδότας
2802 3004 2949 3074 ἡμᾶς
3001 3002 3095 3056 καὶ
3135 2994 3524 3066 πιστεύονταςζ
3569 3000 3655 3053 ὅτι
3697 2998 3802 3052 τῶν

2223 3095 2399 3167 ἔργων
2426 3095 2583 3167 ἡμῶν
2609 3093 2709 3167 τὴν
2738 3093 2988 3166 αύξησιν,
3019 3094 3115 3148 καὶ
3141 3094 3271 3157 τοὺς
3304 3093 3553 3165 καρποὺς
3584 3090 3744 3152 αὐτὸς
3773 3088 3801 3140 ό

561 3188 582 3224 s
623 3169 716 3225 Sic
747 3176 833 3223 est
861 3179 1086 3251 regnum
1122 3162 1236 3229 Dei,
1270 3157 1720 3231 quemadmodum
1759 3158 1805 3212 si
1839 3156 2001 3212 homo
2031 3157 2117 3228 ja-

2225 3156 2432 3258 Κύριος
2448 3156 2694 3252 δίδωσιν,
2725 3156 2913 3240 είπων·
2944 3156 3178 3249 (οὕτως
3209 3156 3407 3256 ἐστὶνῆ
3431 3181 3683 3255 βασιλεία
3709 3182 3801 3234 τοῦ

560 3264 672 3319 ciat
712 3250 1012 3317 sementem
1057 3257 1110 3312 in
1164 3265 1363 3311 terram
1390 3291 1407 3317 ,
1439 3261 1497 3306 et
1524 3250 1805 3316 dormiat,
1841 3259 1899 3305 et
1938 3264 2124 3323 surgat

557 3365 717 3412 nocte
742 3364 796 3408 et
829 3352 916 3406 die
947 3365 965 3405 :
992 3358 1047 3404 et
1084 3362 1270 3404 semen
1321 3344 1632 3415 germinat,
1666 3350 1722 3397 et
1775 3344 2041 3414 assurgit,
2070 3355 2126 3400 et

559 3463 665 3504 mn
696 3444 845 3502 novit
875 3442 991 3513 ipse
1020 3441 1091 3496 ⁸⁸.
1137 3456 1157 3492 s

972 3666 1046 3723 De
1067 3665 1271 3721 clericis
1302 3664 1441 3720 sacri
1465 3665 1685 3721 ordinis.

630 3785 831 3843 Cler.ct
859 3781 1001 3839 sacri
1034 3780 1238 3836 ordinis
1264 3778 1568 3834 caelestium
1616 3778 1724 3850 typi
1769 3788 1826 3835 et
1867 3779 2131 3850 imagines

558 3891 678 3934 esse
705 3876 919 3930 debent.
946 3872 1242 3942 Episcopus
1263 3870 1477 3940 quidem
1499 3870 1661 3926 debet
1684 3871 1931 3927 obtinere
1951 3871 2128 3927 locum

560 3966 797 4030 Domini,
830 3975 1086 4032 tanquam
1126 3969 1292 4031 caput
1328 3969 1447 4031 post
1482 3961 1632 4016 illum
1678 3961 1935 4018 Ecclesia:
1965 3978 2127 4032 quam

558 4058 765 4127 recepit
804 4072 819 4110 :
857 4053 1143 4124 presbyter
1190 4063 1377 4108 tenere
1425 4052 1585 4108 debet
1616 4054 1802 4109 sedem
1844 4064 1901 4109 et
1953 4055 2127 4110 locum

560 4147 903 4217 serapbicum
931 4159 947 4209 ;
980 4143 1240 4198 diaconus
1274 4153 1452 4198 autem
1482 4145 1835 4200 cbernbicnm
1901 4161 1916 4199 :
1971 4147 2129 4201 mini-

559 4249 675 4297 ster
706 4251 834 4292 vero
863 4234 949 4291 his
973 4233 1285 4290 ministrare
1312 4235 1492 4291 debet.

2225 3278 2382 3345 Θεοῦ,
2412 3278 2488 3342 ὡς
2525 3277 2620 3332 ἐὰν
2654 3277 2939 3349 ἄνθρωπος
2972 3276 3112 3353 βάλῃ
3142 3278 3233 3331 τὸν
3263 3277 3467 3348 σπόρον
3509 3274 3681 3330 αὑτοῦ
3711 3273 3802 3326 ἐπὶ

2225 3371 2325 3441 τὴν
2371 3369 2498 3440 γῆν,
2549 3369 2645 3424 καὶ
2700 3370 2958 3442 καθεύδῃ,
3010 3370 3104 3423 καὶ
3160 3370 3431 3441 ἐγείρεται
3484 3367 3661 3421 νύκτα
3712 3367 3801 3420 καί

2226 3459 2462 3531 ἡμέραν·
2494 3458 2590 3513 καλ⁸
2620 3461 2649 3513 ό
2679 3460 2878 3531 σπόρος
2909 3459 3197 3532 βλαστάνει
3226 3460 3320 3514 καὶ
3352 3457 3663 3527 μηκύνεται
3684 3495 3701 3520 ,
3727 3456 3802 3519 ὡς

2225 3549 2328 3604 οὔκ
2352 3546 2493 3605 οίδεθ
2517 3549 2698 3615 αὐτός.
2738 3568 2759 3604 ι

2669 3686 2808 3757 Περὶ
2834 3687 2954 3743 τῶν
2974 3686 3348 3759 ἱερουμένων.

2301 3800 2440 3865 Τοὺς
2480 3800 2825 3873 ίερουμένους
2864 3802 2941 3865 είς
2971 3800 3141 3855 τύπον
3170 3802 3265 3855 καὶ
3303 3800 3488 3857 εἰκόνα
3517 3803 3629 3875 χρὴ
3664 3797 3800 3876 εἶναι

2227 3892 2336 3945 τῶν
2363 3893 2723 3964 ἐπουρανίωψ
2755 3895 2852 3948 καὶ
2877 3893 2970 3948 τὸν
3008 3892 3106 3965 μὲν
3131 3893 3430 3948 ἐπίσκοπον
3458 3895 3683 3966 ἐπέχειν
3710 3894 3799 3947 τὸν

2227 3984 2394 4038 τόπον
2416 3985 2511 4039 τοῦ
2544 3985 2748 4057 Κυρίου
2768 4026 2783 4051 ,
2813 3986 2889 4049 ὡς
2917 3985 3158 4056 κεφαλὴν
3192 3986 3312 4057 μετ’
3346 3986 3510 4041 αύτδν
3543 3987 3675 4042 ὄντα
3702 3988 3799 4057 τῆς

2242 4076 2589 4149 Ἐκκλησίας,
2616 4072 2684 4150 ἧς
2715 4077 3041 4148 παρείληφε.
3067 4078 3171 4131 Τὸν
3195 4078 3254 4131 δέ
3282 4077 3680 4149 πρεσϐύτερον,
3709 4078 3799 4131 τὸν

2229 4169 2526 4241 σεραφικδν
2574 4168 2793 4239 ἐπέχειν
2847 4168 3072 4240 θρόνον
3127 4168 3221 4223 τὸν
3271 4169 3329 4223 δέ
3374 4169 3656 4238 διάκονον,
3706 4168 3797 4223 τὸν

2228 4261 2564 4333 χερουϐικόν⁸
2594 4261 2686 4315 τὸν
2712 4260 2991 4332 ὑπηρέτην
3017 4261 3098 4325 είς
3118 4259 3398 4317 διακονίαν
3426 4262 3637 4317 τούτων
3659 4256 3794 4317 εἶναι

2229 4350 2517 4422 προσήκει.

594 4456 750 4523 Quod
774 4472 879 4511 non
909 4464 1107 4522 oportet
1140 4453 1302 4510 laicus
1334 4455 1388 4510 iis
1442 4465 1741 4527 suggestum
1775 4462 2073 4517 ascendere.

2230 4480 2368 4550 Περί
2397 4480 2506 4536 τοῦ
2525 4479 2611 4551 μὴ
2637 4479 2766 4535 δεῖν
2792 4480 3047 4548 λατκοὺς
3083 4480 3313 4537 ἀνιέναι
3338 4482 3409 4538 ἐν
3436 4484 3519 4551 τῷ
3548 4485 3789 4556 ἆμόωνι.

625 4589 743 4645 Non
778 4589 901 4646 licet
936 4589 1103 4646 laicos
1135 4589 1187 4645 in
1220 4600 1533 4662 suggestum
1564 4595 1858 4652 ascendere
1881 4637 1896 4665 ,
1932 4608 2128 4669 praeter

550 4699 647 4741 eos
673 4684 768 4755 qui
795 4684 972 4756 legere
1001 4691 1096 4738 aut
1126 4698 1325 4739 canere
1345 4699 1409 4740 ex
1441 4684 1596 4742 libris
1623 4685 1844 4744 debent.

1002 4906 1081 4964 De
1109 4918 1293 4965 sancto
1335 4910 1669 4980 baptismate.

627 5045 899 5114 Baptisma
936 5054 1185 5101 nostrum
1238 5061 1343 5101 non
1381 5046 1553 5103 oculis
1587 5049 1831 5117 corporis
1866 5053 2117 5111 conside-

550 5141 777 5194 randum
808 5146 894 5192 est
923 5178 940 5202 ,
977 5138 1071 5191 sed
1105 5136 1321 5192 mentis.
1369 5137 1578 5207 Aquam
1617 5139 1767 5194 vides
1795 5180 1823 5205 ,,
1837 5144 2117 5199 considera

548 5228 803 5283 virtutem
839 5225 933 5282 Dei
967 5228 1020 5281 in
1052 5227 1208 5298 aquis
1243 5227 1634 5282 absconditam.
1670 5226 1727 5281 In
1750 5239 1940 5285 sancto
1972 5232 2116 5287 enim

551 5320 754 5389 Spiritu
785 5331 838 5373 et
861 5321 985 5390 igne
1016 5320 1278 5389 baptizari
1310 5334 1407 5373 nos
1443 5319 1602 5374 docet
1633 5310 2010 5391 Evangelium.
2048 5324 2108 5379 In

551 5410 656 5464 ﬁde
681 5410 826 5463 enim
862 5410 1210 5479 baptizantis,
1244 5420 1299 5466 et
1327 5409 1429 5464 ﬁde
1461 5410 1739 5480 baptizati,
1761 5419 1876 5481 per
1904 5429 2115 5470 sacram

549 5499 944 5555 invocationem
976 5500 1163 5577 plenas
1189 5500 1617 5557 sanctiﬁcatione
1635 5502 1871 5573 Spiritus
1899 5513 1954 5559 et
1977 5506 2115 5575 ignis

493 5617 496 5621 -
548 5590 712 5647 divini
758 5606 927 5662 aquas
960 5591 1268 5648 considera.
1309 5610 1327 5645 s
1366 5593 1485 5663 lpse
1518 5595 1705 5660 enim,
1750 5596 1946 5666 inquit,
1987 5597 2111 5667 bap-

2297 4614 2434 4687 Περὶ
2461 4613 2554 4668 τοῦ
2591 4613 2667 4687 μὴ
2710 4615 2823 4668 δεῖν
2862 4614 3087 4679 λαῖκοὺς
3114 4615 3323 4671 ἀνιέναι
3365 4619 3424 4673 ἐν
3454 4620 3531 4693 τῷ
3558 4620 3786 4692 άμδωνι,

2225 4705 2364 4778 πλὴν
2405 4705 2525 4768 τῶν,
2551 4705 2900 4776 τεταγμένων
2944 4705 3339 4775 ἀναγινώσκειν
3381 4708 3416 4779 ἦ
3467 4710 3690 4780 ψάλλειν
3734 4708 3789 4761 ἐν

2220 4802 2341 4864 ταῖς
2358 4797 2659 4869 διφθέραις.

2540 4909 2676 4978 Περὶ
2708 4874 2813 4963 τοῦ
2844 4908 3018 4978 ἁγίου
3044 4910 3484 4983 βαπτίσματος.

2292 5045 2368 5099 Τὸ
2413 5045 2696 5118 βάπτισμα
2732 5045 2889 5118 ἡμῶν
2920 5046 2983 5099 ού
3019 5049 3132 5111 τοῖς
3166 5048 3445 5117 αισθητοῖς
3494 5042 3786 5115 ὀφθαλμοῖς

2221 5135 2606 5204 κατανοητέον,
2640 5135 2777 5189 ἀλλὰ
2808 5138 2922 5199 τοῖς
2946 5138 3173 5207 νοεροῖς.
3202 5136 3386 5207 ’Υδωρ
3418 5134 3571 5206 δρᾷς,
3601 5132 3784 5202 νόησον

2219 5225 2318 5296 τὴν
2351 5229 2410 5280 ἐν
2437 5229 2549 5290 τοῖς
2596 5226 2753 5280 ὕδασι
2797 5226 3182 5298 κρυπτομένην
3223 5225 3318 5280 τοῦ
3357 5223 3492 5279 Θεοῦ
3534 5223 3777 5292 δύναμιν.

2233 5318 2323 5371 Ἐν
2349 5317 2457 5389 γὰρ
2490 5317 2766 5389 Πνεύματι
2794 5323 2937 5394 άγίῳ
2964 5321 3061 5375 καὶ
3092 5320 3224 5390 πυρὶ
3254 5314 3611 5388 βαπτίζεσθαι
3640 5310 3780 5384 ἡμᾶς

2216 5408 2265 5463 οί
2290 5409 2427 5480 ἱεροὶ
2451 5410 2760 5467 διδάσκουσι
2780 5413 2945 5482 λόγον
2972 5416 3029 5466 ἐν
3048 5412 3157 5484 γὰρ
3178 5413 3355 5464 πίστει
3378 5408 3472 5462 τοῦ
3499 5405 3777 5479 βαπτίζον⁴

2219 5519 2332 5568 τος,
2359 5503 2453 5556 καὶ
2483 5501 2542 5555 ἐν
2571 5502 2752 5559 πίστει
2782 5505 2877 5559 τοῦ
2914 5502 3310 5575 βαπτιζομένου
3337 5541 3352 5564 ,
3387 5500 3474 5555 διὰ
3502 5500 3603 5570 τῆς
3639 5495 3773 5567 ἱερᾶς

2218 5593 2581 5665 ἐπικλήσεως,
2609 5594 2794 5667 πλήρη
2819 5596 2910 5649 τοῦ
2934 5594 3205 5666 άγιασμοῦ
3230 5594 3321 5648 τοῦ
3345 5592 3661 5663 Πνεύματος
3686 5581 3773 5639 καὶ

615 5767 661 5799 ⁵⁸
687 5766 830 5823 Psal.
858 5736 990 5833 sint,
1023 5762 1079 5820 ὅ.
1158 5762 1380 5823 "Joan.
1418 5781 1488 5833 tv,
1520 5767 1610 5823 58.
1687 5767 1911 5825 l”'.loan.
1947 5784 2065 5835 \‘lll,
2107 5770 2117 5822 l

2231 5786 2345 5839 κη’,
2382 5770 2433 5826 6.
2509 5770 2558 5803 ⁸⁸
2577 5768 2770 5825 Matth.
2821 5786 2897 5836 vt,
2924 5770 3015 5824 25.
3093 5769 3139 5802 "
3164 5767 3327 5823 Marc.
3356 5783 3433 5832 Iv,
3460 5767 3551 5831 26,
3585 5765 3676 5823 27.
