4148 6548
345 389 478 458 I317
1219 385 1587 448 HISTORIA
1625 381 1942 445 CONCILI!

2042 378 2305 441 {lC/BNL
2343 403 2414 418 -
2450 376 2598 438 LIB.
2641 377 2723 436 II.
3389 404 3392 408 ~
3454 369 3594 439 I318

338 501 436 555 τοῦ
474 500 623 554 θείου
654 497 826 571 πυρὸς
854 497 964 553 νόει
989 498 1060 552 τά
1090 494 1280 550 ὕδατα.
1318 513 1338 547 ι
1390 493 1564 555 Αὐτὸς
1592 492 1731 561 γὰρ,
1764 488 1921 558 φησὶ,

2049 488 2214 551 iznhit
2246 501 2342 540 vos
2384 486 2435 539 in
2474 484 2680 553 Spiritu
2721 488 2913 538 sancto
2938 489 2994 536 et
3024 480 3147 549 igne
3178 480 3247 534 ⁸⁷.
3290 497 3311 533 ι
3357 479 3585 534 Desceir'

266 606 279 613 ‘
342 592 599 661 βαπτίσει
639 591 783 662 ὑμᾶς
815 590 874 643 ὲν
903 587 1181 658 Πνεύματι
1221 586 1363 655 ἁγίῳ
1396 585 1492 637 καὶ⁵
1516 582 1673 653 πυρί.
1714 600 1734 633 ι
1768 581 1919 633 Κατ-

2042 580 2106 633 lit
2145 580 2326 647 itaque
2351 577 2445 646 qui
2475 575 2782 646 baptizatur
2814 589 2940 629 reus
2982 582 3326 645 peccatorum
3354 611 3370 638 ,
3406 581 3464 626 et
3497 572 3595 626 ob-

340 685 559 754 έρχεται
593 682 694 753 μὲν
724 678 816 736 οῦν
845 683 873 734 ὁ
909 678 1306 751 βαπτιζόμενος
1333 674 1633 736 ὑπεύθυνος
1664 672 1920 743 ἀμαρτη-

2045 669 2222 724 noxius
2252 667 2501 723 servituti
2534 665 2900 735 corruptionis
2927 680 2943 718 :
2972 674 3028 720 et
3056 664 3301 719 ascendit
3332 663 3595 719 liberatus

345 753 552 845 μάτων,
582 775 677 827 καὶ
717 776 784 846 τῇ
816 775 916 845 τῆς
953 770 1162 843 φθορᾶς
1197 767 1411 839 δουλείᾳ
1452 766 1788 837 ἐνεχόμενος·
1824 763 1918 815 ἀν-

2042 762 2092 815 ιιι
2123 761 2225 814 hac
2248 759 2513 813 servitute
2541 767 2597 812 et
2624 764 2866 827 peccato,
2900 755 3078 810 factus
3108 755 3248 809 [ilius
3281 753 3375 808 Dei
3403 763 3456 807 et
3485 753 3597 806 hae-

342 844 561 937 ἔρχεται
603 865 663 919 δὲ
706 844 1094 936 ἐλευθερωθεὶς
1134 862 1234 932 τῆς
1277 878 1338 915 τε
1378 858 1637 929 τοιαύτης
1680 853 1923 916 δουλείας

2042 863 2119 906 res
2155 849 2329 920 gratia
2380 847 2569 918 ipsius,
2601 847 2845 902 cohaeres
2888 855 3069 900 autem
3106 844 3352 906 Christi,
3380 844 3600 897 indutus

344 933 440 1012 καί
465 960 563 1029 τῆς
607 933 908 1029 ἁμαρτίας,
950 954 1077 1018 Υίδς
1121 954 1216 1007 τοῦ
1256 951 1392 1005 Θεοῦ
1441 950 1535 1005 καὶ
1586 946 1924 1019 κληρονόμος

2048 957 2200 1013 psum
2229 939 2509 996 Christum
2529 976 2545 1003 ,
2592 938 2738 993 sicut
2766 938 3028 1007 scriptum
3061 945 3146 991 est
3178 955 3193 990 :
3223 954 3241 987 ι
3280 933 3600 1000 Quicunque

344 1048 528 1119 χάριτι
565 1047 732 1103 αὑτοῦ
763 1044 1039 1116 γεγονὼς,
1075 1043 1517 1115 συγκληρονόμος
1560 1040 1617 1093 δὲ
1661 1034 1923 1108 Χριστοῦ,

2028 1032 2083 1086 in
2107 1030 2383 1086 Christum
2414 1028 2672 1098 haptizati
2695 1028 2852 1090 estis,
2883 1026 3161 1081 Christum
3198 1024 3450 1080 induistis
3473 1022 3539 1074 ⁵⁸.
3574 1038 3592 1070 ι

346 1111 509 1203 αὐτὸν
545 1111 909 1212 ἐνδυσάμενος
945 1137 1036 1190 τὸν
1068 1111 1329 1209 Χριστὸν,
1397 1132 1586 1201 ,καθὼς
1654 1131 1985 1201 γέγραπταιο
2034 1142 2054 1176 ι
2096 1123 2254 1176 Ὅσοι
2291 1123 2370 1186 είς
2416 1120 2652 1193 Χριστὸν
2701 1117 3089 1189 ἐϐαπτίσθητε,
3140 1116 3374 1188 Χριστὸν
3422 1111 3601 1166 ἐνεδύ-

348 1236 535 1289 σασθε.
565 1251 585 1286 ι

349 1325 490 1395 Περὶ
514 1325 624 1393 τῆς
657 1326 822 1393 θείας
851 1325 1173 1395 τραπέζης,
1206 1324 1305 1378 καί
1328 1317 1789 1395 τοῦίέπξαὺτὴν
1813 1335 1927 1395 μυ;

418 1383 670 1463 ἇτηρῖου
716 1383 824 1451 τοῦ
852 1383 1171 1466 ’σώματος
1212 1395 1310 1449 καὶ
1363 1394 1470 1449 τοῦ
1504 1383 1767 1463 αἵματος
1813 1383 1926 1441 τοῦ

420 1466 698 1536 Χριστοῦ.

431 1577 555 1631 Ἐπὶ
590 1577 691 1648 τῆς
729 1576 879 1639 θείας
908 1577 1194 1649 τραπέζης
1243 1576 1403 1632 πάλιν
1438 1572 1716 1629 κάνταῦθα
1750 1570 1825 1642 μὴ
1852 1568 1930 1641 τῷ

350 1668 700 1747 προκειμένῳ
727 1669 877 1739 ἄρτῳ
906 1669 1004 1723 καὶ
1056 1668 1134 1739 τῷ
1166 1667 1412 1739 ποτηρίῳ
1450 1663 1723 1727 ταπεινῶς
1759 1678 1931 1732 προσ-

2030 1305 2107 1363 De
2137 1306 2315 1361 divina
2342 1313 2612 1369 ntensa,et
2648 1302 2712 1357 de
2750 1318 2809 1356 eo
2839 1303 2978 1372 quod
3011 1302 3069 1372 in
3102 1301 3224 1372 ipsa,
3245 1308 3320 1351 est
3351 1299 3600 1369 mysterio

2378 1368 2614 1442 corporis
2652 1384 2699 1427 et
2734 1368 3008 1440 sanguinis
3030 1368 3246 1424 Christi.

2099 1559 2303 1616 Iterum
2353 1558 2518 1613 etiam
2554 1555 2644 1611 hic
2674 1555 2727 1610 in
2776 1554 2957 1609 divina
2989 1566 3170 1607 mensa
3217 1566 3285 1606 ne
3320 1551 3605 1607 humiliter

2033 1652 2225 1707 intenti
2278 1651 2449 1705 simus
2498 1648 2565 1703 ad
2608 1645 2947 1718 propositum
2979 1657 3172 1714 panem
3203 1650 3259 1697 et
3306 1642 3601 1713 poculum:

353 1733 590 1833 ἕλωμεν.
609 1733 750 1814 Ἀλλ’
770 1733 1419 1832 ’ὐψνώσαντεςνήμῶν-τὴν
1459 1758 1717 1824 διάνοιαν,
1749 1755 1929 1808 πίστει

2042 1745 2127 1799 sed
2162 1740 2471 1797 attollentes
2517 1747 2749 1793 mentem
2777 1777 2794 1803 ,
2826 1736 2933 1790 ﬁde
2959 1733 3328 1803 intelligamus
3355 1735 3515 1787 situm
3551 1733 3603 1787 in

2232 1834 2285 1849 an
2420 1847 2453 1849 μ
2490 1847 2530 1849 ,_
2580 1845 2768 1849 -_._-_-__
2813 1828 2961 1849 2"“...
3004 1826 3095 1849 τιμε
3161 1824 3438 1849 ...11--ι-...
3475 1840 3573 1849 ..-Α

352 1854 633 1925 νοήσωμεν
680 1852 895 1906 κεῖσθαι
932 1852 1025 1905 ἐπὶ
1059 1852 1158 1922 τῆς
1207 1851 1360 1922 ἱερᾶς
1408 1848 1622 1919 ἐκείνης
1652 1845 1933 1918 τραπέζης

351 1946 444 1999 τὸν
486 1944 659 2016 ἀμνὸν
689 1942 783 1997 τοῦ
821 1942 982 2008 Θεοῦ,
1012 1943 1105 1996 τὸν
1133 1943 1359 2014 αἴροντα
1396 1942 1496 2013 τὴν
1535 1938 1813 2011 ἁμαρτίαν
1840 1936 1932 1990 τοῦ

353 2035 563 2108 κόσμου
583 2075 599 2101 ,
646 2034 859 2097 ἀθύτως
888 2033 994 2087 ὑπὸ
1019 2033 1130 2086 τῶν
1177 2032 1370 2104 ἱερέων
1400 2031 1678 2103 θυόμενον.
1725 2029 1836 2083 Καὶ
1873 2030 1935 2081 τὸ

352 2125 536 2197 τίμιον
566 2125 732 2179 αὑτοῦ
771 2124 931 2195 σῶμα
981 2126 1074 2178 καὶ
1105 2120 1246 2194 αἷμα
1292 2121 1509 2193 ἀληθῶς
1558 2120 1934 2192 λαμϐάνοντας

245 2227 249 2231 '
355 2218 525 2289 ἡμᾶς,
557 2217 835 2271 πιστεύειν
868 2216 1044 2290 [forte
1082 2214 1462 2288 πιστεύωμεν]
1487 2213 1661 2269 ταῦτα
1700 2209 1836 2267 εἶναι
1866 2214 1935 2265 τά

354 2309 458 2380 τῆς
502 2310 781 2382 ήμετέρας
827 2310 1177 2372 ἀναστάσεως
1208 2308 1476 2379 σύμϐολα.
1512 2306 1613 2360 Διά
1638 2304 1798 2359 τοῦτο
1828 2305 1937 2376 γάρ

355 2398 478 2453 ούτε
510 2399 644 2454 πολὺ
675 2399 1056 2471 λαμϐάνομεν,
1094 2399 1210 2454 ἀλλ’
1244 2399 1426 2469 ὀλίγον
1445 2441 1460 2463 ,
1492 2398 1579 2452 ἵνα
1611 2396 1830 2468 γνῶμεν
1856 2397 1936 2449 ὅτι

356 2492 457 2546 ούκ
483 2493 562 2556 είς
594 2492 935 2564 πλησμονὴν,
968 2492 1084 2547 ἀλλ’
1116 2494 1197 2557 είς
1223 2491 1517 2562 ἁγιασμόν.

598 2606 739 2674 Περὶ
773 2603 883 2673 τῆς
913 2606 983 2660 ἐκ
1015 2604 1246 2675 νεκρῶν
1271 2602 1693 2671 ἀναστάσεως.

434 2716 546 2787 Οὐχ
569 2715 760 2780 ἁπλῶς
786 2718 814 2770 ό
840 2716 1041 2782 Κύριος
1064 2716 1163 2788 τὴν
1190 2716 1387 2771 ἑαυτοῦ
1416 2716 1595 2787 σάρκα
1619 2715 1759 2786 ὑπὲρ
1784 2716 1939 2787 ήμῶν

359 2808 677 2878 παρέδωκεν
727 2809 807 2871 είς
847 2807 1018 2871 πάθος
1068 2808 1165 2863 καὶ
1217 2807 1485 2874 θάνατον,
1537 2807 1655 2861 ἀλλ’
1704 2807 1791 2861 ἵνα
1839 2808 1940 2879 τὴν

358 2898 636 2971 ἡμετέραν
671 2900 945 2970 σωτηρίαν
980 2899 1515 2973 πραγματεύσηται,
1554 2901 1756 2972 καίπερ
1791 2902 1941 2955 ἐλεύ-

362 2991 519 3064 θερος
546 2990 622 3045 ὢν
650 2991 744 3045 τοῦ
778 2991 1013 3046 θανάτου
1034 3033 1050 3059 ,
1082 2991 1264 3056 καθὼς
1293 2992 1552 3065 ἀνωτέρω
1591 2994 1620 3044 ό
1648 2992 1808 3061 λόγος
1836 2995 1942 3048 ἀπ·-

363 3082 554 3147 έδειξε.
602 3084 708 3154 Boi
753 3085 782 3137 ὁ
831 3085 1130 3156 Προφήτης
1172 3084 1250 3147 ὡς
1295 3085 1361 3138 ὲκ
1408 3082 1699 3156 προσώπου
1732 3084 1937 3153 αὑτοῦ,

362 3175 768 3243 προαναφωνῶν
815 3174 879 3228 τὸ
912 3174 1104 3245 μέλλον
1134 3175 1233 3245 τῆς
1277 3172 1420 3227 κατὰ
1459 3174 1637 3245 σάρκα
1663 3174 1830 3228 αὐτοῦ
1860 3176 1939 3228 οι-

364 3261 624 3332 κονομίας
650 3264 982 3334 μυστήριον·
1019 3281 1037 3315 ι
1082 3262 1383 3332 Ἐγενήθην
1411 3303 1426 3328 ,
1459 3263 1647 3332 φησὶν,
1677 3262 1812 3316 ὡσεὶ
1853 3264 1946 3318 dv-

366 3351 583 3424 θρωπος
610 3353 932 3424 ἀϐοήθητος,
967 3355 1024 3408 ὲν
1058 3355 1277 3425 νεκροῖς
1308 3352 1615 3424 ἐλεύθερος.
1677 3371 1697 3406 ι
1746 3352 1845 3416 Τίς
1887 3353 1946 3406 δὲ

366 3442 653 3514 ἐλεύθερος
704 3444 958 3508 θανάτου,
1007 3445 1057 3497 εί
1111 3444 1187 3514 μὴ
1239 3442 1409 3507 Θεός;
1459 3441 1622 3495 Ἀλλὰ
1658 3443 1802 3497 κατά
1845 3440 1946 3505 τὰς

367 3534 888 3605 προαποδειχθείσας
928 3533 1234 3599 ἀποδείξεις
1272 3533 1579 3605 σαρκωθεὶς
1623 3533 1713 3587 διὰ
1760 3532 1947 3603 φιλαν-

367 3622 651 3693 θρωπίαν,
682 3624 904 3693 γέγονεν
960 3624 1097 3676 ὡσεὶ
1143 3622 1434 3695 ἄνθρωπος
1479 3622 1802 3694 ἀϐοήθητος,
1848 3638 1948 3675 τα-

371 3713 644 3779 πεινώσας
672 3714 772 3786 τὴν
801 3716 997 3768 ἑαυτοῦ
1026 3715 1204 3786 σάρκα
1240 3716 1401 3787 μέχρι
1436 3715 1688 3779 θανάτου,
1716 3714 1945 3769 θανάτου

365 3803 424 3858 δὲ
446 3804 703 3877 σταυροῦ,
733 3807 768 3876 ἢ
802 3807 896 3860 καὶ
933 3807 1232 3878 ἐγηγὲρθαι
1270 3808 1644 3878 κηρύττεται,
1676 3806 1764 3860 ἵνα
1799 3808 1947 3877 ἡμᾶς

366 3895 778 3960 ἀπαθανατίσας
797 3935 813 3961 ,
840 3898 1190 3970 πρυτανεύση
1214 3900 1347 3969 ἡμῖν
1363 3901 1474 3961 τοῖς
1503 3897 1947 3967 ἀπεγνωσμένοις

366 3983 437 4049 δι’
477 3985 647 4055 αὐτῆς
676 3985 775 4056 τῆς
814 3985 1091 4056 ἡμετέρας
1129 3987 1385 4058 ἀπαρχῆς
1431 3985 1531 4055 τὴν
1572 3985 1673 4055 τῆς
1713 3984 1949 4041 ἀναστά-

370 4091 510 4139 σεως
559 4075 718 4147 ήμῶν
751 4076 974 4130 ἐλπίδα·
1018 4078 1165 4141 ὅπως
1198 4078 1400 4149 μηκέτι
1446 4070 1598 4146 ὦμεν
1644 4075 1823 4129 δοῦλοι
1869 4075 1948 4146 τῷ

369 4166 574 4236 αίωνίῳ
588 4167 821 4238 θανάτῳ,
843 4166 957 4220 ἀλλ’
972 4167 1266 4237 ἐλεύθεροι,
1281 4167 1532 4238 καθάπερ
1554 4166 1650 4221 καὶ
1670 4169 1703 4238 ή
1726 4168 1946 4239 ἀπαρχὴ

369 4257 528 4329 ήμῶν
577 4257 814 4330 Χριστὸς
838 4295 854 4320 ,
885 4259 1031 4313 καθά
1060 4274 1226 4329 φησιν
1273 4258 1302 4311 δ
1351 4257 1622 4329 μακάριος
1649 4256 1947 4320 ἀπόστολος

370 4347 601 4412 Ιιαῦλοςθ
636 4364 657 4401 ι
708 4348 958 4420 Ἀπαρχή
990 4349 1245 4417 Χριστὸς,
1285 4348 1477 4403 ἔπειτα
1506 4345 1555 4402 οί
1579 4349 1673 4402 τοῦ
1710 4348 1946 4419 Χριστοῦ

2035 1851 2189 1891 sacra
2231 1834 2323 1890 illa
2351 1847 2540 1888 mensa
2574 1845 2772 1900 agnum
2813 1828 2964 1882 illum
3004 1826 3121 1890 Dei,
3161 1824 3440 1880 tollentem
3475 1840 3605 1894 pec-

2034 1936 2214 1983 catum
2242 1925 2451 1990 mundi,
2478 1924 2761 1978 incruente
2785 1934 2815 1973 a
2838 1916 3212 1973 sacerdotibus
3236 1914 3604 1970 immolatum:

2034 2030 2089 2076 et
2146 2019 2441 2090 pretiosum
2494 2016 2667 2086 ipsius
2698 2027 2898 2082 corpus
2928 2019 2983 2065 et
3020 2009 3335 2080 sanguinem
3364 2022 3492 2063 vere
3520 2022 3610 2062 su-

2037 2120 2250 2167 mentes
2279 2150 2295 2175 ,
2346 2106 2572 2164 credere
2621 2106 2734 2159 haec
2782 2118 2903 2158 esse
2956 2110 3159 2157 nostra:
3198 2098 3611 2154 resurrectionis

2037 2201 2304 2275 symbola.
2339 2200 2569 2269 Propter
2595 2196 2699 2251 hoc
2728 2195 2876 2249 enim
2924 2208 3105 2265 neque
3142 2191 3370 2246 multum
3409 2189 3612 2254 accipi-

2039 2308 2179 2359 mus,
2210 2290 2306 2345 sed
2333 2303 2547 2359 parum,
2575 2296 2633 2339 ut
2662 2284 2899 2340 sciamus
2924 2284 3069 2353 quod
3095 2294 3201 2335 non
3226 2278 3486 2344 satietati,
3515 2277 3611 2333 sed

2037 2381 2409 2440 sanctimonia:
2435 2378 2725 2433 sumimus.

2390 2578 2469 2635 De
2508 2574 2889 2633 resurrectione
2922 2590 2954 2627 α
2992 2571 3238 2626 mortuis.

2107 2696 2227 2752 Non
2245 2692 2566 2765 simpliciter
2592 2691 2857 2747 Dominus
2885 2702 3036 2743 suam
3068 2685 3237 2754 ipsius
3262 2697 3482 2739 carnem
3515 2696 3614 2753 pro

2039 2788 2199 2846 nobis
2250 2784 2492 2859 passioni
2527 2793 2583 2839 et
2635 2781 2794 2837 morti
2843 2777 3110 2840 tradidit,
3140 2776 3236 2833 sed
3276 2770 3345 2830 ut
3367 2783 3612 2829 nostrain

2039 2881 2270 2937 salutem
2300 2913 2303 2915 ›
2329 2884 2691 2947 procuraret,
2730 2887 2850 2930 cum
2886 2871 3021 2925 liber
3048 2877 3194 2925 esset
3240 2884 3271 2922 a
3303 2870 3477 2922 morte
3503 2904 3521 2931 ,
3555 2872 3615 2919 ut

2040 2986 2227 3029 sermo
2284 2969 2540 3041 superius
2590 2964 3008 3021 demonstravit.
3076 2961 3293 3016 Clamat
3346 2958 3612 3028 Propheta
3664 2975 3671 2981 δ

2041 3067 2198 3139 quasi
2249 3080 2318 3122 ex
2361 3044 2593 3135 persona
2628 3058 2817 3129 ipsius
2842 3098 2858 3123 ,
2891 3056 3192 3128 praedicens
3225 3055 3465 3110 futurum
3495 3051 3615 3120 ejus

2043 3158 2339 3214 secundum
2371 3169 2593 3212 carnem
2619 3150 2938 3208 oeconomiae
2965 3147 3282 3219 mysterium
3310 3163 3332 3208 ,ι
3363 3164 3382 3197 ι
3415 3144 3615 3201 Factus

2042 3266 2187 3315 sum,
2214 3248 2411 3319 inquit,
2440 3245 2596 3317 quasi
2632 3244 2795 3299 homo
2822 3241 2944 3297 sine
2975 3239 3266 3308 adiutorio,
3297 3239 3441 3293 inter
3464 3252 3613 3293 mor-

2045 3352 2169 3398 tuos
2190 3340 2327 3396 liher
2354 3340 2423 3393 ".
2448 3357 2467 3392 ι
2493 3337 2627 3405 Quis
2655 3345 2836 3392 autem
2857 3334 2994 3390 liber
3023 3349 3052 3388 ιι
3086 3341 3283 3396 morte,
3307 3330 3409 3386 nisi
3435 3328 3617 3385 Deus?

2046 3435 2151 3490 Sed
2180 3434 2335 3504 juxta
2366 3430 2517 3501 prius
2545 3437 2798 3485 ostensas
2833 3424 3329 3481 demonstrationes
3359 3422 3614 3477 incarna-

2049 3528 2134 3581 tus
2176 3533 2405 3594 propter
2457 3519 2736 3576 hominum
2795 3516 3141 3572 dilectionem
3167 3552 3185 3581 ,
3235 3514 3410 3568 factus
3457 3512 3611 3583 quasi

2048 3619 2210 3673 homo
2232 3614 2352 3670 sine
2380 3610 2672 3680 adiutorio,
2701 3608 2995 3664 humilians
3010 3621 3162 3662 suam
3195 3605 3364 3675 ipsius
3392 3617 3612 3659 carnem

2046 3722 2217 3779 usque
2247 3707 2312 3761 ad
2343 3714 2598 3769 mortem,
2635 3710 2862 3759 mortem
2888 3709 3072 3753 autem
3107 3695 3286 3751 crucis
3317 3695 3387 3760 “,
3413 3708 3533 3763 quae
3561 3704 3619 3751 et

2047 3797 2419 3855 resurrexisse
2446 3795 2773 3866 praedicatur
2814 3808 2831 3846 ;
2858 3800 2914 3845 ut
2944 3796 3230 3859 postquam
3263 3801 3362 3841 nos
3393 3787 3617 3840 immor-

2050 3896 2183 3952 tales
2229 3893 2455 3955 l‘ecerit,
2486 3907 2585 3962 per
2617 3889 2888 3960 primitias
2930 3895 3148 3942 nostras
3198 3884 3619 3939 resurrectionis

2048 4002 2196 4058 spem
2232 3985 2386 4041 nobis
2427 3985 2590 4038 etiam
2640 3980 2941 4051 desperatis
2973 3978 3377 4050 suppeditaret,
3414 3987 3473 4030 ut
3511 3992 3617 4030 non

2048 4078 2278 4150 amplius
2323 4076 2546 4132 obnoxii
2578 4073 2750 4129 simus
2783 4081 3001 4127 aeterna:
3046 4069 3245 4133 morti,
3294 4067 3388 4123 sed
3422 4068 3576 4122 liheri
3601 4108 3617 4132 ,

2047 4169 2502 4242 quemadmodum
2553 4175 2609 4221 et
2658 4164 2913 4234 primitiae
2970 4172 3175 4217 nostra;
3231 4159 3525 4220 Christus,
3565 4171 3622 4211 ut

2048 4264 2223 4337 inquit
2250 4264 2444 4317 heatus
2474 4255 2760 4328 apostolus
2796 4255 2992 4310 Paulus
3046 4271 3061 4309 :
3104 4270 3123 4305 ι
3166 4251 3426 4308 Primitiae
3464 4250 3623 4307 Chri-

2048 4355 2397 4423 stus,deinde
2426 4352 2477 4406 hi
2495 4351 2586 4420 qui
2612 4347 3042 4412 suntChristi,in
3063 4342 3291 4401 adventu
3326 4344 3495 4415 ipsius
3518 4344 3615 4397 ἰ.»

369 4442 429 4494 ἐν
450 4443 519 4513 τῇ
545 4442 819 4514 παρουσίᾳ
846 4441 1032 4496 αὑτοῦ.
1090 4461 1109 4494 ι
1152 4444 1251 4496 Ὃν
1280 4442 1376 4495 καὶ
1414 4442 1646 4513 Σωτῆρα
1694 4442 1857 4496 αὑτὸν
1882 4441 1942 4512 δὴ

2054 4448 2118 4501 Et
2188 4446 2363 4515 ipsum
2432 4440 2768 4497 Salvatorem
2830 4437 2975 4492 hunc
3027 4434 3314 4490 Dominum
3371 4444 3619 4487 nostrum

368 4529 557 4583 τοῦτον
596 4530 691 4583 τὸν
731 4528 938 4602 Κύριον
982 4529 1142 4601 ήμῶν
1186 4529 1395 4601 Ἰησοῦν
1425 4530 1660 4602 Χριστὸν
1706 4529 1799 4583 τὸν
1850 4530 1944 4583 τοῦ

367 4622 503 4677 Θεοῦ
528 4624 622 4678 καὶ
639 4624 853 4695 Πατρὸς
870 4624 992 4678 Υίδν
1013 4625 1274 4697 μονογενῆ
1301 4624 1695 4695 ἀπεκδέχεσθαι
1713 4623 1861 4695 ἡμᾶς
1885 4622 1946 4688 ἐξ

366 4714 613 4785 ηὑρανῶν
637 4755 654 4781 ,
687 4715 1065 4787 ἀναστήσοντα
1093 4715 1252 4787 ήμῶν
1284 4717 1348 4770 ἐκ
1376 4716 1485 4770 τῶν
1524 4717 1714 4785 τάφων
1740 4715 1812 4770 τὰ
1844 4714 1949 4768 σώ-

373 4823 543 4878 ματα,
564 4806 653 4859 tm
662 4805 1022 4878 μαρτύρεται,
1053 4805 1261 4876 λέγων*
1287 4825 1305 4859 ι
1327 4805 1514 4878 Ἦμῶν
1533 4807 1594 4860 τὺ
1621 4805 1946 4876 πολίτευμα,

372 4898 577 4966 φησιν,
632 4899 691 4951 ἐν
740 4898 993 4969 οὐρανοῖς
1040 4897 1307 4970 ὑπάρχει,
1352 4898 1413 4964 ἐξ
1468 4893 1529 4955 οῦ
1578 4900 1673 4952 καὶ
1720 4898 1951 4968 Σωτῆρα

368 4988 785 5058 ἀπεκδεχόμεθα
813 4990 1020 5061 Κύριον
1061 4990 1268 5059 Ἰησοῦν
1297 4991 1553 5064 Χριστὸν,
1587 4991 1645 5054 ὃς
1674 5005 1946 5060 μετασχη-

372 5075 594 5147 ματίσει
625 5077 685 5130 ea
717 5079 875 5150 σῶμα
902 5080 1003 5152 τῆς
1029 5081 1410 5145 ταπεινώσεως
1435 5080 1593 5153 ήμῶν
1622 5081 1944 5153 σύμμορφον

368 5166 449 5238 τῷ
476 5165 687 5239 σώματι
712 5172 808 5242 τῆς
832 5171 989 5243 δόξης
1016 5174 1204 5230 αὐτοῦ.
1238 5192 1258 5228 ι
1289 5174 1445 5229 Οῦτω
1465 5175 1571 5247 γὰρ
1596 5175 1678 5229 δεῖ
1699 5175 1759 5229 τὸ
1785 5175 1944 5245 σῶμα

367 5257 527 5330 ήμῶν
555 5259 900 5333 δοξασθῆναι,
937 5264 1014 5328 ὡς
1048 5265 1108 5318 τὸ
1139 5266 1234 5319 τοῦ
1264 5268 1563 5328 Δεσπότου.
1598 5268 1948 5321 ἀνεπίδεκτον

369 5350 566 5414 κακίας
613 5351 707 5406 καὶ
740 5352 962 5408 πάντων
1004 5357 1111 5410 τῶν
1156 5356 1252 5411 νῦν
1280 5358 1499 5424 παθῶν,
1533 5357 1815 5430 ἐλεύθερον
1849 5356 1946 5412 τοῦ

369 5441 600 5496 θανάτου
628 5444 724 5498 καὶ
762 5446 859 5516 τῆς
898 5445 1189 5518 ἁμαρτίας,
1231 5450 1409 5519 ἆγιοψ
1446 5451 1533 5505 ἵνα
1571 5451 1630 5504 ὲν
1663 5449 1945 5521 καινότητι

370 5530 515 5605 ζωῆς
565 5537 665 5591 σὺν
708 5537 861 5611 αὐτῷ
910 5541 1283 5612 περιπατῆσαι
1336 5543 1655 5616 δυνηθῶμεν
1705 5546 1763 5598 ὲν
1803 5544 1946 5614 φωτὶ

2040 4542 2222 4598 Jesunt
2258 4535 2536 4591 Christum
2589 4531 2681 4586 Dei
2718 4537 2774 4595 et
2824 4526 2999 4583 Patris
3039 4525 3236 4580 Filium
3283 4523 3618 4593 unigenitum

2042 4642 2358 4703 exspectare
2394 4641 2493 4681 nos
2544 4626 2597 4679 in
2646 4621 2821 4685 caelis,
2851 4634 2973 4675 cum
3042 4627 3225 4672 nostra
3276 4630 3500 4684 corpora
3551 4631 3619 4669 ex

2042 4721 2307 4798 sepulcris
2350 4714 2693 4777 excitaverit,
2745 4720 2976 4768 testatur
3032 4710 3219 4766 dicens
3264 4726 3278 4763 :
3326 4726 3347 4761 ι
3377 4706 3617 4763 Conver-

2043 4817 2181 4874 satio
2210 4819 2393 4868 nostra
2426 4809 2477 4863 in
2514 4805 2670 4862 caelis
2690 4813 2796 4867 est,
2824 4804 2966 4857 unde
2987 4810 3041 4857 et
3069 4800 3406 4856 Salvatorem
3440 4797 3621 4853 Domi-

2046 4922 2173 4962 num
2200 4911 2449 4959 nostrum
2476 4897 2661 4955 Jesum
2693 4895 2996 4960 Christum,
3027 4892 3121 4965 qui
3148 4892 3464 4949 rel'ormahit
3493 4906 3620 4947 cors

2043 5009 2145 5065 pus
2170 4989 2493 5049 humilitatis
2528 4995 2747 5050 nostrae,
2777 4985 3174 5053 contignatum
3230 4983 3447 5052 corpori
3507 4983 3621 5038 cla-

2044 5085 2224 5140 ritatis
2254 5097 2366 5139 sua:
2408 5082 2475 5137 θ’.
2516 5097 2536 5133 ι
2582 5078 2676 5135 Sic
2712 5077 2856 5133 enim
2898 5084 3113 5147 Oportet
3144 5090 3343 5146 corpus
3372 5084 3617 5131 nostrum

2045 5176 2332 5233 clariﬁcari
2353 5214 2370 5241 ,
2400 5173 2544 5231 sicut
2578 5182 2634 5227 et
2661 5186 2860 5241 corpus
2905 5168 3115 5223 Domini
3144 5207 3160 5232 ,
3190 5178 3245 5223 ul
3273 5167 3533 5223 malitiam
3563 5175 3621 5220 et

2049 5279 2145 5321 eas
2188 5280 2309 5335 qute
2341 5278 2485 5318 nunc
2536 5270 2665 5316 sunt
2718 5258 3000 5329 passiones
3046 5256 3318 5326 suscipere
3364 5264 3619 5324 nequeat,

2048 5357 2277 5411 liberum
2302 5370 2331 5409 a
2352 5364 2527 5410 morte
2557 5363 2609 5408 et
2632 5359 2878 5422 peccato,
2910 5355 3180 5410 sanctum,
3212 5354 3271 5400 ut
3300 5344 3351 5399 in
3379 5345 3620 5400 novitate

2046 5451 2170 5503 vita:
2199 5462 2320 5502 cum
2348 5446 2466 5515 ipso
2487 5445 2754 5514 possimus
2778 5439 3058 5495 ambulare
3083 5438 3136 5492 in
3163 5435 3369 5492 caelesti
3392 5434 3617 5500 lumine,

2044 5557 2257 5614 semper
2288 5556 2411 5598 cum
2462 5541 2579 5610 ipso
2607 5538 2830 5594 Christo
2858 5543 3169 5606 regnantes.
3227 5532 3283 5587 ln
3320 5531 3419 5586 hac
3470 5528 3617 5584 enim

448 5692 495 5724 ⁸⁷
517 5691 824 5777 Μιιιιίιλιιι,
860 5695 943 5751 ll.
1007 5696 1053 5729 ⁸⁸
1073 5666 1251 5777 Galat.
1287 5711 1371 5763 ιιι,
1401 5696 1491 5751 27.
1570 5698 1617 5732 ⁸⁸
1639 5698 1782 5756 Psal.
1815 5713 1942 5755 Lm

2042 5698 2146 5767 ,5,
2177 5698 2231 5755 6.
2290 5695 2594 5769 "Philipp.
2622 5707 2682 5763 ιι,
2708 5694 2763 5750 8.
2857 5658 3335 5759 εἰσοιχνβᾴ
3406 5687 3607 5744 “Phi-

369 5762 503 5835 lipp.
535 5779 621 5829 Ill,
654 5765 745 5819 ευ.
