4148 6546
340 418 476 488 1321

338 533 564 603 medicis
586 538 775 587 sectus
796 535 903 594 est,
942 527 1024 582 vel
1075 540 1107 579 a
1139 524 1389 581 barbaris
1465 519 1780 593 ρουργήθη,
1831 518 1864 588 ἢ
1922 517 1939 569 t'

2081 511 2373 583 βαρϐάρων
2407 507 2498 573 ἐξ·

336 632 609 681 castratus
647 632 763 687 est,
822 622 924 676 iste
970 625 1287 689 permaneat
1334 616 1391 671 in

345 715 511 771 clero.
560 714 713 780 Quod
761 713 808 769 si
862 710 984 780 quis
1021 726 1081 766 sa
1114 724 1219 764 nus
1246 706 1393 776 seip-

339 822 457 862 sum
530 802 872 865 exsecuerit,
945 802 1088 858 hunc
1150 798 1397 867 amplius

338 897 393 951 in
442 895 589 951 clero
646 909 750 949 non
811 891 999 947 haberi
1064 888 1318 945 convenit
1372 911 1384 945 :

338 996 394 1041 et
416 984 960 1053 deinceps-neminem
980 980 1145 1039 laicut
1174 988 1389 1048 oportet

340 1080 670 1149 promoveri.
705 1077 859 1133 Sient
915 1086 1099 1131 autem
1150 1073 1379 1129 manife-

342 1184 486 1228 stum
527 1181 610 1226 est
652 1169 781 1229 illud
821 1169 1025 1223 dictum
1074 1180 1195 1221 esse
1224 1166 1289 1220 de
1320 1165 1387 1221 iis

342 1264 432 1331 qui
489 1276 609 1316 eam
655 1275 769 1315 rem
819 1258 1073 1315 consulto
1123 1256 1383 1311 institue-

343 1368 490 1419 runt,
519 1362 573 1405 et
602 1351 722 1407 ausi
754 1361 882 1405 sunt
911 1351 1119 1420 seipsos
1158 1348 1375 1402 exscin-

346 1450 474 1502 dere
518 1463 531 1498 :
569 1448 641 1500 ita
684 1445 729 1500 si
775 1444 867 1513 qui
894 1443 984 1499 vel
1019 1458 1050 1496 a
1086 1441 1377 1504 barbaris,

345 1538 486 1593 vela
536 1536 773 1592 dominis
812 1534 929 1591 suis
960 1534 1198 1590 eunuchi
1249 1532 1379 1587 facti

345 1629 477 1693 sint,
511 1637 570 1682 et
594 1627 945 1683 inveniantur
975 1625 1179 1694 alioqui
1207 1623 1380 1692 digni,

346 1737 441 1778 eos
481 1721 535 1776 in
554 1720 772 1776 clerum
805 1718 1000 1789 recipit
1022 1732 1221 1773 canon.

838 1889 902 1944 ll.

350 2005 395 2037 ⁸³
433 2005 503 2058 De
521 2002 789 2073 neophgtis
814 2014 982 2073 neque
1013 1998 1086 2073 ad
1116 1999 1386 2067 episcopo-

425 2090 537 2127 rum
601 2069 763 2143 neq—ue
786 2139 796 2143 Α
820 2070 887 2123 ad
904 2140 934 2143 η
946 2069 1378 2138 presbyterorum

424 2146 661 2197 ordinem
676 2139 984 2195 'evelteudis.

420 2253 687 2320 Quoniam
714 2249 879 2305 multa
904 2249 1021 2304 sive
1048 2262 1146 2318 per
1188 2262 1380 2305 neces-

352 2347 568 2403 sitatem
593 2385 610 2412 ,
666 2344 782 2399 sive
835 2343 972 2398 alias
1028 2342 1381 2412 cogentibus,

351 2445 541 2493 contra
628 2435 869 2504 regulam
952 2433 1382 2493 ecclesiasticam

353 2532 505 2589 gesta
530 2530 687 2586 sunt;
718 2521 793 2576 ita
820 2529 879 2574 ut
904 2520 1155 2577 homines
1175 2534 1242 2575 ex
1274 2522 1382 2575 vita

353 2617 541 2687 gentili
597 2632 766 2686 nuper
818 2616 1002 2675 adhuc
1060 2616 1382 2671 accedentes

355 2710 421 2761 ad
454 2706 649 2767 tidem.
684 2714 735 2758 et
773 2719 940 2774 parvo
967 2713 1210 2773 tempore
1232 2715 1383 2757 cate-

356 2796 579 2861 chizati,
612 2795 694 2849 vel
727 2795 978 2850 instructi
998 2833 1021 2859 ,,
1051 2794 1235 2848 statim
1260 2808 1385 2848 cum

357 2888 425 2941 ad
446 2887 744 2957 spiritalem
763 2887 1091 2954 baptismum
1117 2884 1387 2950 venerint,

357 2986 413 3032 et
471 2977 728 3033 continuo
805 2976 1066 3045 baptizati
1135 2975 1382 3043 fuerint,

358 3069 523 3123 etiam
555 3072 624 3124 ad
647 3070 1018 3138 episcOpatum
1050 3068 1133 3123 vel
1172 3068 1390 3138 presby-

360 3164 557 3219 terium
627 3164 1103 3233 provehereutur;
1177 3171 1387 3217 rectum

358 3269 480 3310 esse
509 3254 683 3308 visum
701 3260 784 3308 est
807 3255 873 3308 de
901 3262 1101 3308 caetero
1129 3253 1260 3307 nihil
1286 3252 1394 3309 tale

362 3344 503 3399 ﬁeri.
533 3341 669 3397 Nam
700 3352 751 3397 et
785 3351 1030 3411 tempore
1052 3357 1188 3411 opus
1216 3352 1299 3396 est
1332 3350 1390 3395 ut

360 3436 437 3492 sit
456 3434 971 3499 catechumenus,et
988 3443 1109 3501 post
1129 3430 1392 3500 baptisma

364 3526 531 3582 multa
563 3524 881 3595 probatione
905 3523 1131 3592 indiget.
1165 3521 1397 3576 Evideus

362 3625 599 3680 namque
636 3619 737 3664 'est
791 3608 1145 3677 apostolicum
1198 3622 1399 3678 praece-

364 3711 517 3770 ptum
549 3701 750 3755 docens
785 3716 800 3753 :
838 3716 857 3749 ‹
890 3695 1008 3752 Non
1045 3699 1395 3767 neophytunt,

364 3806 433 3847 ne
459 3792 634 3847 elatus
684 3792 736 3845 in
767 3790 1035 3861 judicium
1069 3789 1315 3853 incidat,
1344 3801 1399 3845 et

365 3884 612 3952 laquemn
646 3864 938 3938 diaboli".
975 3900 995 3933 ι
1023 3878 1081 3935 Si
1098 3895 1239 3936 vero
1265 3895 1395 3949 pro-

363 3975 589 4028 cedente
659 3984 936 4043 tempore,
997 3971 1141 4041 quod
1205 3970 1401 4026 animae

364 4075 561 4121 noceat
602 4075 881 4135 peccatum
912 4063 1193 4118 inventum
1231 4060 1397 4117 fuerit

365 4155 420 4211 in
479 4171 541 4212 ea
606 4170 880 4225 persona,
938 4163 996 4210 et
1032 4155 1404 4237 ‘convincitur

365 4249 577 4304 duobus
604 4248 688 4302 vel
704 4241 896 4303 Atribu's
920 4247 1174 4309 testibus,
1215 4261 1392 4301 cessa-

366 4339 445 4393 bit
476 4353 506 4391 a
535 4337 700 4403 clero,
728 4337 829 4406 qui
858 4335 1164 4404 hujusmodi
1190 4346 1293 4390 est.
1334 4335 1390 4389 Si

364 4431 487 4500 quis
515 4445 645 4485 vero
678 4440 870 4500 praeter
899 4430 1015 4484 hate
1058 4426 1195 4482 facit
1217 4462 1232 4493 ,
1262 4436 1395 4480 κιση-

367 4537 528 4592 quam
594 4506 865 4576 contraria
936 4519 1155 4575 statutis
1214 4517 1388 4573 sancti

368 4614 527 4684 hujus
555 4614 766 4669 concilii
810 4624 1027 4683 gerens,
1060 4612 1231 4666 etiam
1275 4610 1391 4680 ipse

366 4704 432 4758 de
465 4714 606 4758 statu
655 4703 737 4758 sui
782 4701 994 4757 ordinis
1038 4698 1390 4769 periclitabi—

367 4806 421 4849 ῑιι
431 4813 473 4850 Γ.

848 4904 935 4959 ΙΙΙ.

651 5015 692 5046 ⁷¹
725 5016 797 5070 De
820 5016 1127 5085 synesactis.

440 5190 774 5244 Omnitnudis
862 5188 1141 5242 interdixit
1214 5196 1403 5242 sancta

461 5372 503 5402 ιθ
528 5372 608 5424 At.
643 5371 713 5420 Ite
742 5368 824 5420 his
856 5366 944 5434 qni
976 5380 1043 5419 ex
1064 5365 1297 5420 ethnicis
1346 5372 1468 5435 post
1517 5364 1784 5435 baptisma
1812 5364 1881 5421 ad
1931 5364 2133 5420 clerum
2186 5364 2548 5435 applicantur.

371 5440 712 5497 manentibus
743 5436 1077 5490 mulieribus.

371 5549 540 5606 refert
562 5547 756 5601 Franc.
789 5543 1088 5597 Tttrrianus
1128 5540 1223 5593 lib.
1249 5554 1282 5589 v
1310 5536 1649 5591 Delensionis
1667 5551 1767 5606 pro
1781 5538 1940 5604 epist.

372 5604 567 5676 l’ontil‘.
604 5632 721 5684 cap.
751 5615 843 5676 25,
871 5610 1196 5684 his_verbis:_
1216 5607 1417 5684 [sideri
1455 5604 1947 5684 meminithﬂicmq-

371 5707 464 5744 rus
493 5676 911 5753 archiepiscopus
957 5679 1224 5753 Remeasis
1244 5747 1253 5753 _
1272 5680 1327 5729 in
1356 5676 1451 5729 lib.
1470 5676 1565 5753 _De
1599 5677 1939 5753 variisﬂcapi-

374 5762 499 5813 talis
531 5744 899 5812 eccleiiasticis
935 5766 1052 5818 cap.
1099 5748 1191 5808 ‘23,
1221 5747 1284 5799 de
1313 5747 1660 5818 translatione
1693 5763 1719 5799 e
1750 5744 1935 5818 Gnaeo

1223 412 1595 475 HISTORIA
1631 401 1965 471 CONCILII
2005 402 2311 466 ΝΙΟᾹΞΝΙ.
2356 425 2422 438 --
2459 398 2604 458 LIB.
2646 394 2732 456 II.

1463 628 1519 665 ετ
1529 610 1697 682 μήθη,
1712 604 1867 670 οὗτος
1882 605 2090 675 μενέτω
2118 604 2175 656 ὲν
2192 601 2268 671 τῷ
2287 599 2492 669 κλήρῳ.

1462 700 1524 753 El
1552 699 1611 753 δέ
1640 714 1721 760 τις
1746 695 2003 763 ὑγιαίνων
2031 692 2221 746 ἑαυτὸν
2251 687 2494 755 ἐξέτεμε,

1462 786 1649 839 τοῦτον
1681 784 1777 836 καὶ
1818 786 1875 836 ἐν
1905 781 1984 851 τῷ
2022 780 2209 848 κλήρῳ
2241 773 2495 842 ἐξεταζό-

1464 892 1626 944 μενον
1655 871 1969 928 πεπαῦσθαι
1996 870 2284 940 προσήκει,
2315 864 2411 918 καὶ
2433 865 2498 916 ἐκ

1459 966 1554 1020 τοῦ
1604 965 1766 1037 δεῦρο
1816 963 2029 1035 μηδένα
2080 960 2191 1014 τῶν
2237 955 2498 1013 τοιούτων

1458 1060 1655 1130 χρῆναι
1711 1055 2084 1127 προσάγεσθαι
2143 1051 2273 1125 [τσ.
2318 1049 2496 1119 προά-

1458 1148 1694 1220 γεσθαι].
1713 1149 1926 1217 Ὠσπερ
1945 1145 2003 1200 δέ
2022 1144 2183 1199 τοῦτο
2205 1139 2493 1213 πρόδηλον,

1457 1242 1540 1294 ὅτι
1590 1240 1721 1309 περὶ
1780 1237 1889 1291 τῶν
1953 1234 2379 1305 ἐπιτηδευόντων
2434 1228 2497 1283 τὸ

1458 1332 1694 1402 πρᾶγμα
1719 1369 1732 1393 ,
1770 1330 1864 1382 καὶ
1892 1324 2217 1397 τολμώντων
2266 1323 2497 1384 ἑαυτοὺς

1456 1422 1765 1491 ἐκτέμνειν,
1784 1420 2001 1491 εἴρηται
2021 1435 2035 1450 ο
2070 1416 2243 1480 οὕτως
2273 1416 2327 1468 εἴ
2351 1430 2497 1478 τινες

1460 1515 1879 1587 ὑπὸνβαρϐἀρων
1902 1514 1936 1584 ἢ
1962 1510 2239 1567 δεσποτῶν
2262 1507 2497 1578 εὐνουχί-

1462 1608 1706 1678 σθησαν,
1784 1604 2123 1675 εὑρίσκοιντο
2183 1601 2241 1655 δὲ
2317 1599 2495 1662 ἄλλως

1458 1706 1628 1773 ἄξιοι,
1678 1703 1901 1766 τούτους
1953 1702 2033 1764 είς
2076 1696 2277 1771 κλῆρον
2320 1713 2495 1768 προσ-

1462 1796 1651 1851 ίεται-ὁ
1675 1794 1873 1849 κανών.

1458 1998 1597 2068 Περὶ
1620 1996 1880 2051 τῶν-ἀπὺ
1892 1990 2159 2068 ἐθνικιῖρν
2186 1993 2280 2055 εἰς
2309 2003 2495 2059 χειρο-

1647 2068 1862 2121 τονίαν
1880 2064 2290 2135 πραχθέντων.

1539 2248 1756 2319 Ἐπειδὴ
1774 2246 2071 2302 «autem
2095 2245 2496 2313 titubavaquc,

1454 2346 1488 2418 ἢ
1517 2344 1694 2409 ἄλλως
1724 2361 1839 2407 πως
1862 2341 2235 2414 ἐπειγομένων
2260 2340 2369 2393 τῶν
2386 2339 2494 2392 κὰν-

1457 2436 1691 2509 θρώπων
1737 2433 1955 2503 ἐγένετο
1981 2433 2133 2504 παρὰ
2160 2431 2251 2485 τον
2285 2444 2488 2485 κανονοι

1456 2527 1548 2579 τὸν
1576 2524 2070 2595 ἐκκλησιαστικὸν,
2100 2522 2242 2576 ὥστε
2282 2520 2495 2591 ἀνθρώ-

1454 2622 1589 2679 πους
1605 2616 1714 2669 ἀπὸ
1731 2613 1947 2668 ἐθνικοῦ
1972 2614 2088 2684 βίου
2108 2614 2235 2683 ἄρτι
2260 2608 2492 2682 προσελ-

1458 2708 1650 2770 θόντας
1700 2707 1766 2777 τῇ
1813 2704 2026 2767 πίστει,
2070 2703 2168 2757 καὶ
2218 2702 2277 2754 ἐν
2323 2701 2491 2771 ὀλίγῳ

1444 2797 1638 2869 ,χρόνῳ
1663 2794 2094 2866 κατηχηθέντας,
2123 2794 2286 2857 εὐθὺς
2314 2793 2406 2846 ἐπὶ
2431 2792 2491 2845 τὸ

1461 2886 1829 2958 πνευματικὸν
1878 2885 2104 2955 λουτρὸν
2157 2883 2312 2951 ἄγειν
2336 2922 2350 2945 ,
2401 2884 2496 2936 καὶ

1458 2977 1575 3047 ἅμα
1591 2974 1668 3046 τῷ
1682 2972 2048 3045 βαπτισθῆναι
2059 2972 2359 3043 προσάγειν
2382 2968 2488 3040 [ton
2514 3004 2515 3007 η

1461 3065 1765 3142 προάγειν]
1792 3067 1873 3129 εἰς
1901 3064 2223 3127 ἐπίσκοπον,
2260 3062 2295 3133 ἢ
2331 3079 2499 3133 πρεσ-

1466 3159 1715 3231 ϐύτερον,
1741 3156 1921 3221 καλῶς
1941 3156 2088 3227 ἔχειν
2111 3155 2259 3223 ἔδοξε
2279 3152 2373 3207 τοῦ
2396 3152 2500 3205 λοι-

1463 3251 1568 3305 ποῦ
1621 3250 1787 3321 μηδὲν
1815 3248 2058 3303 τοιοῦτον
2091 3245 2373 3316 γίνεσθαι’
2408 3246 2502 3299 καὶ

1464 3343 1576 3414 γὰρ
1607 3344 1703 3396 καὶ
1732 3342 1925 3413 χρόνου
1949 3338 2029 3393 δεῖ
2056 3337 2133 3408 τῷ
2156 3335 2505 3409 κατηχουμέἐ-

1466 3448 1562 3502 νῳ,
1589 3431 1684 3484 καὶ
1715 3429 1856 3499 μετὰ
1881 3427 1944 3482 τὸ
1972 3428 2258 3498 βάπτισμα
2270 3427 2505 3495 δοκιμα-

1470 3521 1591 3584 σῖας
1628 3520 1892 3583 πλείονος.
1930 3518 2113 3587 Σαφὲς
2141 3518 2251 3588 γὰρ
2286 3516 2349 3569 τὸ
2378 3516 2507 3568 ἀποο

1470 3612 1716 3665 στολικὺν
1762 3610 2001 3682 γράμμα
2041 3610 2101 3662 τὸ
2132 3608 2310 3676 λέγον·
2350 3625 2367 3658 ι
2415 3608 2506 3675 Μὴ

1470 3702 1748 3770 νεόφυτον,
1768 3702 1859 3755 ἵνα
1890 3701 1967 3771 μὴ
1992 3698 2262 3768 τυφωθεὶς
2282 3699 2363 3762 εἰς
2386 3699 2499 3768 κρῖ-

1475 3808 1553 3861 μα
1600 3791 1820 3862 ἐμπέσῃ
1856 3791 1952 3844 καὶ
2000 3788 2207 3858 παγίδα
2254 3788 2349 3841 τοῦ
2395 3789 2508 3841 δια-

1472 3881 1649 3937 ϐόλου.
1686 3901 1704 3935 ι
1734 3882 1870 3935 Είδὲ
1892 3879 2285 3948 προϊόντοςετοῦ
2310 3879 2505 3950 χρόνου

1470 3973 1701 4044 ψυχικόν
1767 3991 1819 4027 τι
1882 3973 2192 4045 ἁμάρτημα
2252 3971 2502 4043 εὐρεθεῖη

1473 4069 1604 4137 περὶ
1638 4065 1698 4118 τὸ
1736 4064 2054 4137 πρόσωπον,
2088 4063 2185 4116 καὶ
2227 4063 2505 4132 ἐλέγχοιτο

1475 4158 1580 4211 ὑπὸ
1598 4156 1693 4210 δύο
1720 4157 1814 4208 καὶ
1832 4154 2002 4227 τριῶν
2026 4153 2339 4226 μαρτύρων,
2368 4153 2506 4205 παύ-

1468 4264 1621 4299 σεται
1651 4246 1678 4297 ὁ
1706 4245 1950 4307 τοιοῦτος
1979 4244 2074 4298 τοῦ
2115 4245 2317 4316 κλήρου
2339 4261 2353 4274 °
2389 4246 2418 4297 ό
2447 4244 2505 4297 δὲ

1468 4337 1618 4409 παρὰ
1664 4336 1837 4390 ταῦτα
1868 4336 2061 4402 ποιῶν,
2092 4337 2167 4400 ὠς
2210 4336 2505 4389 ὖπεναντία

1466 4432 1533 4501 τῇ
1573 4429 1787 4501 μεγάλῃ
1818 4429 2021 4500 συνόδῳ
2065 4428 2504 4499 θρασυνόμενος,

1467 4518 1630 4580 αὐτὸς
1676 4517 2016 4571 κινδυνεύσει
2059 4517 2189 4587 περὶ
2232 4516 2326 4570 τοῦ
2373 4519 2507 4589 κλή-

1471 4630 1565 4684 ρου
1603 4612 1740 4686 (ac).

1953 4882 2029 4945 1".

1548 5001 1691 5073 Περὶ
1715 5002 1836 5059 τῶν
1858 5002 1966 5069 τὰς
1998 5003 2438 5069 σννειάιὶκτους

1851 5074 2133 5144 ἐχόντων.

1567 5187 1941 5259 ’Δπηγόρευσε
1972 5188 2203 5242 καθόλου
2232 5189 2266 5257 ἡ
2302 5160 2512 5257 μεγάλη

2049 5744 2201 5800 ἰδίου.
2228 5744 2401 5800 llsno.

375 5828 719 5885 conciliorum
741 5835 787 5876 et
812 5814 1106 5874 canonum:
1129 5820 1204 5872 sic
1223 5818 1358 5870 enim
1391 5816 1462 5867 ait
1490 5832 1507 5868 :
1532 5814 1595 5867 Et
1623 5818 1802 5869 beatus
1832 5814 1936 5868 lsi-

650 5918 917 5978 PATROL.
971 5915 1087 5976 GR.
1117 5908 1404 5999 LXXXV.

2570 504 2787 561 excisus
2815 511 2908 568 snt,
2940 500 3024 561 vel
3083 516 3113 553 a
3158 502 3405 561 baruaris
3443 516 3603 557 esse-

2569 603 2690 648 ctns
2714 634 2728 658 ,
2773 592 2862 651 ille
2891 600 3209 651 permaneat
3253 592 3305 657 in
3338 593 3507 648 clero.
3544 594 3602 647 Si

2568 685 2692 753 quis
2751 692 2930 741 autem
3020 683 3370 751 semetipsum
3436 697 3604 739 sanus

2569 772 2831 839 abscidit,
2886 773 2977 828 hic
3028 774 3229 839 etiam,
3284 774 3385 831 etsi
3434 784 3520 828 est
3551 776 3602 829 in

2569 862 2752 927 clero,
2792 876 3010 923 cessare
3055 862 3214 921 debet
3247 880 3261 917 :
3309 871 3364 918 et
3390 879 3459 921 ex
3503 865 3605 919 hoc

2569 951 2777 1011 nullum
2840 952 3003 1008 talem
3055 961 3278 1022 oportet
3336 954 3600 1010 ordinari.

2570 1041 2723 1099 Sicut
2756 1058 2887 1115 ergo
2921 1047 2988 1099 de
3022 1043 3106 1098 his
3142 1045 3235 1114 qui
3266 1044 3351 1103 vel
3386 1043 3607 1102 allecta—

2569 1144 2789 1201 veruut,
2825 1134 2909 1190 Vel
2955 1135 3073 1192 ausi
3103 1146 3231 1190 sunt
3252 1137 3484 1206 vseipsos
3508 1139 3604 1193 ab-

2569 1226 2840 1291 scindere,
2856 1226 2971 1281 haec
2996 1240 3118 1296 quae
3141 1226 3378 1283 diximus
3402 1237 3603 1282 statuta

2569 1328 2701 1373 sunt
2748 1336 2764 1374 :
2800 1318 2874 1374 ita
2919 1319 2964 1373 si
3001 1318 3095 1389 qui
3137 1317 3221 1373 vel
3253 1332 3281 1372 a
3318 1319 3601 1382 barbaris,

2569 1408 2655 1463 vel
2687 1422 2718 1462 a
2761 1408 3004 1464 dominis
3051 1409 3165 1464 suis
3198 1410 3434 1464 eunuchi
3470 1410 3598 1463 lacti

2569 1506 2717 1563 sunt,
2744 1508 2799 1555 et
2813 1499 3113 1570 probabilis
3134 1502 3262 1557 vita:
3291 1510 3439 1566 sunt,
3461 1501 3602 1557 tales

2569 1590 2667 1645 hos
2696 1590 2921 1659 suscipit
2953 1590 3326 1649 ecclesiastica
3357 1591 3567 1663 regula.

3050 1861 3115 1919 Π.

2572 1975 2648 2030 De
2687 1978 2768 2032 his
2817 1978 2908 2048 qui
2950 1979 3018 2033 ab
3066 1979 3288 2036 ethnicis
3328 1982 3596 2043 uenientes

2921 2049 3262 2104 ordinantur.

2648 2228 2913 2295 Quoniam
2947 2228 3112 2283 multa
3140 2224 3221 2284 vel
3244 2246 3341 2300 pro
3372 2235 3603 2288 necessi-

2574 2327 2707 2384 tate,
2740 2317 2823 2372 vel
2845 2318 3046 2388 alioqui
3076 2320 3398 2386 cogentibus
3423 2322 3601 2378 homi-

2570 2409 2728 2463 nibus
2765 2416 2956 2464 contra
3031 2424 3296 2466 canonem
3346 2414 3607 2469 ecclesia-

2573 2496 2771 2552 sticum
2809 2497 2950 2552 facta
2974 2506 3102 2553 sunt
3124 2537 3140 2562 ,
3175 2498 3250 2553 ita
3276 2510 3335 2555 ut
3368 2502 3612 2559 homines

2570 2604 2635 2645 ex
2669 2591 2777 2646 vita
2824 2590 3009 2662 gentili
3055 2606 3232 2662 nuper
3276 2593 3609 2651 accedentes

2570 2684 2636 2736 ad
2667 2681 2848 2747 iidem,
2883 2692 2938 2737 et
2967 2682 3167 2753 exiguo
3200 2692 3445 2752 tempore
3477 2701 3607 2740 eruo

2569 2774 2689 2840 diti,
2710 2773 2892 2829 statim
2917 2775 2985 2829 ad
3011 2775 3297 2845 spirituale
3328 2777 3604 2835 lavacrum

2569 2868 2858 2931 ducantur,
2884 2877 2941 2922 et
2966 2868 3128 2922 simul
3156 2878 3323 2940 atque
3349 2872 3606 2941 baptizati

2573 2960 2798 3026 fuerint,
2818 2961 2885 3015 ad
2921 2961 3164 3033 episcopi
3189 2963 3272 3019 vel
3305 2966 3607 3037 presbyteri

2570 3050 2885 3121 dignitatem
2934 3064 3352 3121 promoveantur
3402 3074 3417 3112 :
3467 3068 3612 3112 recte

2573 3141 2737 3211 igitur
2768 3139 2948 3196 uisum
2966 3151 3096 3206 est,
3124 3144 3430 3200 demetere
3470 3147 3613 3202 nihil

2578 3234 2684 3287 tale
2711 3233 2909 3287 debere
2934 3232 3084 3289 “lteri.
3116 3232 3251 3290 Nam
3275 3244 3331 3291 et
3368 3245 3609 3307 tempore

2576 3317 3373 3393 opus'habematechumeiius,
3406 3335 3461 3383 et
3489 3339 3612 3397 post

2579 3413 2909 3482 baptismum
2970 3414 3214 3485 llongiori
3277 3418 3611 3485 probatione

2582 3504 2805 3574 indiget.
2836 3503 3081 3559 'Evidens
3122 3520 3356 3576 namque
3393 3519 3613 3577 aposto—

2585 3592 2744 3647 licum
2790 3604 3134 3665 :prseeeptunt
3184 3606 3309 3655 est.
3373 3597 3611 3655 dicens:

2586 3705 2605 3736 ι
2639 3684 2757 3741 Non
2796 3688 3154 3758 rneopltytum,
3172 3702 3254 3743 -ne
3270 3688 3425 3744 :l‘orte
3444 3690 3614 3745 dulla-

2583 3784 2669 3830 tns
2688 3774 2741 3829 in
2759 3773 3026 3842 judicium
3046 3775 3610 3848 incidat,.etlaqueum

2582 3863 2805 3919 diaboli.
2846 3883 2865 3916 ι
2892 3865 2949 3920 Si
2974 3879 3107 3919 vero
3128 3868 3456 3935 procedente
3483 3878 3615 3923 tem-

2587 3967 2742 4022 pore,
2772 3953 2945 4008 animi
2962 3952 3187 4024 aliquod
3206 3966 3505 4025 rpeccatum
3535 3960 3614 4013 in-

2578 4043 2831 4097 veniatur
2858 4043 2912 4097 in
2930 4057 3005 4099 ea
3035 4058 3292 4115 persona,
3308 4055 3374 4100 et
3392 4047 3613 4103 duobus

2580 4135 2668 4189 vel
2713 4135 2887 4193 tribus
2937 4136 3167 4192 testibus
3222 4138 3606 4202 convincatur,

2580 4225 2850 4280 abstineat
2904 4224 3032 4281 talis
3070 4240 3103 4280 a
3155 4235 3327 4285 clero.
3380 4226 3444 4282 Si
3492 4232 3616 4299 quis

2579 4331 2709 4372 vero
2736 4318 2995 4374 adversus
3013 4319 3128 4373 haec
3153 4319 3285 4373 iacit
3311 4356 3329 4385 ,
3362 4328 3617 4391 tanquam

2581 4411 2845 4465 adversus
2875 4424 3143 4480 magnum
3166 4410 3471 4465 concilium
3521 4413 3617 4466 ali-

2584 4503 2714 4571 quid
2746 4502 2975 4566 audens,
3012 4500 3079 4555 de
3102 4498 3362 4555 clericatn
3396 4502 3617 4570 pericli-

2588 4592 2815 4647 labitur.

3062 4868 3156 4927 ‘lll.

2588 4995 2661 5049 De
2689 4995 2767 5048 his
2793 4994 2883 5062 qui
2920 4989 3163 5062 mulieres
3189 4985 3617 5041 subintroductas

2970 5060 3191 5113 habent.

2654 5183 2844 5255 Magna
2893 5178 3132 5252 synodus
3167 5175 3481 5247 plenissime
3533 5190 3620 5229 ve-

2612 5428 2615 5429 ν
2643 5357 2689 5393 το
2720 5359 2737 5413 l
2766 5358 2906 5413 Tim.
2939 5370 3024 5421 tu,
3051 5352 3106 5408 6.
3179 5350 3226 5385 '”
3246 5351 3337 5406 Al.
3372 5350 3447 5405 De
3475 5365 3624 5404 com-

2050 5541 2210 5591 dorus
2233 5543 2288 5589 in
2318 5539 2637 5591 Collectario
2661 5554 2754 5591 suo
2785 5537 2849 5590 de
2876 5531 3163 5589 canonibas
3186 5540 3415 5602 quatuor
3438 5531 3624 5583 editio-

2050 5625 2138 5661 nes
2166 5604 2376 5676 Nica’ni
2407 5607 2616 5661 concilii
2644 5604 3058 5676 compaginavit.

2119 5676 2232 5745 (26)
2258 5675 2505 5745 Joannes
2542 5665 2941 5741 Antioclietius,
2984 5672 3114 5745 περὶ
3142 5670 3238 5726 τοῦ
3281 5670 3486 5742 κλήρου
3529 5665 3626 5720 τοῦ

3238 5897 3314 5959 42
