4148 6572
582 366 719 437 1323

1808 368 2108 433 GELASII
2143 368 2484 434 CYZICENI

578 485 841 557 synodus,
902 496 1076 555 neque
1114 482 1409 554 episcopo,
1453 495 1626 552 neque
1701 483 1954 549 σύνοδος,
2024 488 2159 556 μήτε

1114 482 1409 554 episc0po,
1453 495 1626 552 neque
1701 483 1954 549 σύνοδος,
2024 488 2159 556 μήτε
2218 487 2535 556 ὲπισκόπῳ,
2586 487 2724 556 μήτε

583 578 941 647 presbytero,
992 588 1168 643 neque
1229 574 1476 634 diacono,
1525 589 1623 626 ue-

584 684 691 739 qtte
730 668 821 722 ulli
860 667 1080 720 omnino
1128 666 1445 719 clericorum
1500 679 1624 733 per-

583 761 748 816 mittit
808 759 1008 813 habere
1086 770 1267 811 secum
1338 753 1619 809 mulierem

582 863 916 913 extraneum,
977 846 1078 902 nisi
1126 845 1266 900 forte
1304 855 1473 899 mater
1524 845 1616 915 sit,

580 953 669 998 aut
701 958 875 1006 soror,
917 950 1011 994 aut
1045 940 1229 994 amita.
1264 938 1319 991 In
1347 937 1432 992 his
1463 952 1616 990 nam-

579 1049 686 1103 que
716 1031 964 1101 personis
1008 1037 1063 1084 et
1112 1028 1301 1083 harum
1347 1022 1613 1081 similibus

579 1122 756 1177 omnis
819 1120 1053 1189 suspicio
1121 1117 1441 1172 declinatur.
1510 1115 1610 1181 Qui

581 1212 735 1265 aliter
765 1220 961 1280 praeter
1006 1209 1119 1263 haec
1163 1206 1307 1277 agit,
1341 1203 1612 1275 periclita-

580 1302 727 1356 bitur
754 1300 819 1355 de
839 1298 983 1355 clero
1014 1314 1137 1353 suo.
1444 1306 1447 1309 '

1052 1407 1141 1462 IV.

584 1520 631 1556 ’γ’
656 1522 732 1578 De
758 1523 1061 1593 episwpisu
1085 1519 1608 1593 comprovincialium

922 1589 1253 1644 Ordinandis.

653 1714 881 1784 Oportet
969 1709 1281 1780 episcopum
1375 1708 1608 1762 maxime

583 1801 800 1872 quidem
858 1797 926 1853 ab
974 1796 1224 1852 omnibus
1259 1793 1352 1864 qui
1400 1803 1525 1847 sunt
1556 1794 1608 1848 in

582 1891 861 1965 provincia
908 1889 1176 1959 episcopis
1237 1887 1500 1942 ordinari.
1551 1888 1607 1942 Si

585 1992 712 2039 vero
740 1981 843 2036 hoc
871 1978 1085 2035 dilIicile
1130 1977 1313 2045 fuerit,
1346 1976 1460 2032 sive
1520 1993 1611 2030 ιιι·-

585 2081 743 2143 gente
795 2068 1136 2133 necessitate,
1216 2068 1332 2123 sive
1402 2067 1611 2121 itineris

590 2158 961 2231 longitudine;
983 2164 1131 2211 certe
1150 2155 1294 2210 omni
1323 2155 1480 2209 modo
1501 2162 1611 2209 tres

588 2250 829 2322 episcopi
904 2248 957 2302 in
1009 2262 1173 2300 unum
1228 2245 1428 2300 debent
1490 2258 1611 2299 esse

585 2337 934 2409 congregati;
983 2336 1056 2390 ita
1086 2344 1144 2390 ut
1192 2334 1356 2390 etiam
1390 2340 1611 2390 extero-

588 2444 707 2482 rnm
792 2426 1097 2483 absentium
1165 2439 1490 2480 consensum
1558 2432 1613 2476 et

585 2516 912 2573 sententiam
969 2529 1066 2585 per
1114 2513 1327 2569 litteras
1364 2519 1608 2578 teneant,

586 2617 641 2664 et
663 2609 735 2662 ita
765 2604 966 2661 faciant
1007 2604 1425 2659 ordinationem.
1459 2602 1616 2657 Pote-

585 2711 701 2757 stas
736 2713 866 2755 sane
905 2695 989 2752 vel
1011 2694 1352 2750 conﬁrmatio
1377 2694 1616 2764 pertine-

587 2791 665 2847 bit
692 2804 788 2858 pcr
810 2786 1051 2858 singulas
1082 2784 1390 2855 provincias
1406 2783 1475 2839 ad
1505 2797 1618 2838 nte-

588 2880 1002 2952 tropolitanum.

1072 2991 1139 3047 ν.

586 3106 633 3141 τι
655 3107 752 3178 ⁵οε
799 3106 881 3160 ω.
931 3104 1029 3178 gui
1063 3101 1615 3178 ⁸επιτοιιιιζιιιηῇοαηίω’,

748 3178 854 3231 sive
895 3171 1125 3240 clericis,
1148 3172 1252 3226 sive
1274 3171 1445 3226 laicis.

663 3287 737 3342 De
761 3286 849 3343 his
876 3284 968 3355 qui
994 3281 1530 3340 excommunicantur
1546 3282 1615 3339 ab

588 3376 861 3448 episcopis
893 3373 1012 3431 suis
1062 3387 1162 3444 per
1202 3386 1328 3429 suas
1373 3385 1614 3443 quasque

589 3465 923 3538 provincias,
954 3469 1200 3518 servetur
1222 3462 1323 3517 ista
1342 3462 1611 3519 sententia

589 3557 883 3615 secundum
910 3567 1210 3622 canonem,
1240 3564 1299 3609 ut
1327 3555 1382 3611 hi
1414 3555 1508 3626 qui
1541 3556 1611 3611 ab

591 3650 713 3704 aliis
763 3645 1325 3714 excommunicautur,
1370 3647 1440 3703 ab
1491 3648 1615 3703 aliis

593 3755 699 3797 non
726 3737 1080 3809 recipiantur.
1109 3735 1438 3808 Requiratur
1461 3752 1613 3806 sane,

592 3844 661 3887 ne
689 3829 833 3886 forte
871 3828 996 3897 quis
1033 3842 1133 3897 pro
1170 3827 1350 3898 aliqua
1377 3827 1616 3897 indigna-

593 3921 739 3978 tione
786 3919 952 3977 animi
985 3927 1082 3974 aut
1113 3919 1483 3984 contentione,
1524 3926 1618 3972 aut

592 4011 836 4082 qualibet
867 4008 1239 4068 commotione
1280 4008 1619 4062 stomachan-

596 4102 667 4157 tis
694 4088 934 4169 episcopi
984 4097 1229 4168 abiectus
1259 4097 1349 4152 sit.
1392 4097 1466 4153 Ut
1490 4111 1617 4167 ergo

592 4191 709 4245 hac
741 4189 901 4257 digna
951 4186 1162 4257 possint
1219 4186 1618 4241 examinatione

593 4277 861 4348 perquiri,
898 4284 1113 4331 rectum
1173 4289 1294 4330 esse
1330 4275 1507 4331 visum
1534 4284 1618 4330 est

592 4381 690 4437 per
753 4365 996 4437 singulos
1043 4379 1215 4420 annos
1274 4365 1327 4419 in
1391 4362 1618 4435 singulis

594 4456 903 4527 quibusque
942 4454 1235 4525 provinciis
1272 4454 1356 4510 his
1392 4454 1444 4509 in
1477 4468 1617 4511 anno

591 4547 969 4617 episcoporum
1045 4544 1276 4600 concilia
1356 4543 1511 4611 ﬁeri;
1560 4555 1618 4599 ut

593 4637 756 4695 simul
788 4639 840 4693 in
879 4652 1043 4692 unum
1089 4637 1475 4691 convenientes
1504 4636 1619 4706 epi-

594 4731 741 4799 sc0pi
774 4742 840 4783 ex
873 4726 1147 4782 unhersis
1178 4726 1496 4796 provinciis,
1525 4726 1623 4781 hu-

587 4819 826 4889 jusmodi
888 4817 1203 4872 examinem
1257 4816 1623 4885 qtnestiones;

591 4919 648 4966 et
676 4910 750 4965 ita
778 4909 995 4964 demum
1060 4908 1116 4963 hi
1170 4908 1261 4977 qui
1315 4909 1383 4963 ob
1432 4906 1617 4977 culpas

594 5014 722 5055 suas
764 4999 1139 5069 episcoporum
1198 5013 1418 5053 suorum
1452 4994 1619 5053 oll‘en-

593 5104 713 5147 sam
744 5088 942 5144 merito
992 5088 1405 5155 contraxerint,
1461 5088 1619 5157 digne

592 5180 758 5238 etiam
801 5196 830 5235 a
862 5180 1075 5235 caeteris
1100 5179 1368 5250 episcopis
1394 5193 1616 5233 excom-

597 5270 857 5327 municati
938 5271 1050 5325 sint
1113 5286 1129 5325 :
1208 5282 1488 5338 nsquequo
1563 5266 1614 5319 in

594 5376 884 5418 commune
928 5362 1217 5426 omnibus,
1247 5368 1338 5412 aut
1375 5359 1471 5427 ipsi
1507 5357 1619 5425 epi-

598 5467 763 5524 scopo
821 5465 941 5517 suo,
996 5450 1207 5521 placeat
1245 5449 1614 5503 humaniorem

502 5576 506 5580 ρ
591 5542 742 5599 circa
781 5556 878 5599 eos
914 5540 1058 5596 ferre
1089 5539 1429 5595 sententiain.
1463 5536 1618 5593 Fiant

1699 576 2081 647 πρεσϐυτέρῳ,
2113 579 2252 646 μήτε
2291 576 2525 647 διακόνῳ
2551 616 2564 640 ,
2597 577 2725 648 μήθ’

1694 667 1827 728 ὅλως⁸
1854 666 1964 719 τῶν
1994 667 2052 717 ἐν
2080 666 2158 735 τῷ
2186 666 2373 737 κλήρῳ
2394 667 2500 720 τινὶ
2526 666 2723 732 ἐξεῖναι

1693 756 2044 810 συνείσακτον
2066 757 2228 827 ἔχειν.
2265 757 2412 828 Πλὴν
2436 759 2484 810 εί
2513 758 2588 828 μὴ
2615 757 2725 828 ἄρα

1692 847 1907 919 μητέρα
1951 849 1984 918 ἢ
2039 849 2277 919 ἀδελφὴν
2320 850 2353 919 ἢ
2393 850 2577 913 θείαν,
2618 850 2652 919 ἢ
2689 848 2725 903 ἃ

1692 939 1828 1007 μόνα
1868 939 2135 1009 πρόσωπα
2168 940 2501 1007 διαπέφευγε
2540 942 2725 993 πᾶσαν

1687 1028 1945 1097 ὑποψίαν.
1987 1031 2046 1081 ὐ
2080 1029 2138 1082 δὲ
2167 1031 2322 1099 παρὰ
2345 1030 2521 1084 ταῦτα
2553 1030 2726 1083 ποιῶν

1684 1117 2021 1171 κινδυνεύσει
2048 1120 2177 1190 περὶ
2198 1119 2295 1190 τὴν
2317 1119 2522 1173 ἑαυτοῦ
2542 1119 2719 1186 ἀξίαν.

2157 1399 2231 1450 Δ’.

1684 1507 1825 1577 Περὶ
1863 1505 2286 1573 καταστάσεως
2346 1507 2717 1562 ἐπισκόπων.

1768 1680 2096 1734 Ἑπίσκοπον
2155 1681 2425 1752 προσήκει
2490 1680 2724 1751 μάλιστα

1686 1772 1784 1841 μὲν
1814 1770 1920 1825 ὑπὸ
1959 1771 2175 1824 πάντων
2193 1771 2300 1824 τῶν
2339 1774 2397 1824 ὲν
2434 1774 2499 1842 τῇ
2550 1772 2723 1843 ἐπαρ-

1684 1860 1775 1930 χία
1838 1860 2151 1913 ἐπισκόπων
2209 1860 2571 1914 καθίστασθαι
2607 1876 2621 1890 °
2674 1861 2724 1913 εί

1681 1950 1738 2004 δὲ
1768 1951 2027 2022 δυσχερὲς
2056 1952 2141 2022 εἴη
2172 1950 2232 2004 τὸ
2262 1950 2523 2016 τοιοῦτον,
2574 1951 2608 2021 ἢ
2639 1951 2725 2005 διὰ

1683 2042 2124 2111 καταπείγουσαν
2205 2044 2473 2117 ἀνάγκην,
2530 2043 2562 2114 ἢ
2636 2043 2724 2098 διὰ

1686 2134 1863 2203 μῆκος
1896 2132 2056 2199 ὁδοῦ,
2093 2132 2394 2199 ὲξάπαντος
2434 2136 2584 2207 τρεῖς
2631 2136 2725 2189 ἐπὶ

1681 2226 1743 2279 τὸ
1767 2226 1901 2279 αὐτὸ
1943 2224 2369 2296 συναγομένους,
2414 2228 2724 2298 συμψὴφων

1684 2320 1997 2390 γενομένων
2036 2320 2133 2373 καὶ
2163 2318 2273 2372 τῶν
2322 2320 2592 2384 ἁπάντων,
2630 2325 2726 2378 καὶ

1687 2408 2087 2477 συντιθεμένων
2124 2406 2215 2459 διὰ
2240 2409 2608 2479 γραμμάτων,
2632 2411 2724 2464 τό·

1689 2514 1747 2551 τε
1768 2499 1867 2568 τὴν
1896 2496 2232 2568 χειροτονίαν
2252 2500 2547 2554 ποιεῖσθαι·
2577 2501 2639 2555 τὸ
2666 2503 2723 2557 δὲ

1693 2588 1860 2660 κῦρος
1882 2588 1990 2646 τῶν
2019 2587 2323 2658 γινομένων
2371 2590 2612 2645 δίδοσθαι
2643 2595 2724 2657 είς

1691 2680 1928 2749 ἑκάστην
1957 2679 2225 2750 ἐπαρχίαν
2245 2678 2323 2749 τῷ
2354 2682 2725 2755 μητροπολίτῃ

1693 2770 1997 2839 ὲπισκόπῳ.

2163 2969 2240 3022 Ε’.

1689 3081 1829 3151 Περὶ
1871 3080 1988 3137 τῶν
2029 3080 2447 3149 ἀκοινωνήτων
2484 3082 2723 3153 γινομέ-

2130 3168 2272 3205 νων.

1757 3260 1890 3333 Περὶ
1938 3260 2045 3315 τῶν
2079 3260 2458 3332 άκοινωνήτων
2502 3262 2724 3333 γινομέ-

1692 3368 1820 3417 νων,
1848 3352 1959 3404 εἴτε
1988 3350 2095 3403 τῶν
2145 3353 2203 3403 ὲν
2239 3350 2317 3420 τῷ
2357 3350 2561 3421 κλήρῳ,
2610 3352 2722 3404 εἴτε

1686 3443 1795 3497 τῶν
1826 3444 1882 3496 ὲν
1905 3441 1983 3512 τῷ
2005 3441 2177 3513 λα’ίκῷ
2199 3442 2460 3512 τάγματι,
2484 3440 2589 3494 ὑπὸ
2616 3440 2722 3494 τῶν

1688 3535 1809 3590 καθ’
1829 3536 2065 3605 ἑκάστην
2097 3534 2365 3604 ἐπαρχίαν
2384 3532 2719 3599 ἐπισκόπων,

1688 3626 1957 3700 κρατείτω
1982 3628 2014 3697 ή
2034 3626 2225 3696 γνώμη
2243 3625 2383 3679 κατὰ
2395 3624 2485 3678 τὸν
2503 3624 2720 3689 κανόνα,

1687 3718 1813 3782 τοὺς
1841 3719 1929 3786 ὑφ’
1962 3716 2162 3787 ἑτέρων
2178 3713 2607 3785 άποϐληθὲντας,
2634 3712 2723 3784 ὑφ’

1691 3809 1893 3879 ἑτέρων
1961 3807 2036 3879 μὴ
2101 3806 2439 3879 προσίεσθαι.
2507 3807 2725 3873 Ἐξετα-

1694 3899 1872 3964 ζέσθω
1895 3898 1973 3964 δὲ,
2007 3898 2083 3969 μὴ
2119 3897 2476 3969 μικροψυχία,
2512 3898 2546 3968 ἢ
2578 3898 2717 3966 φιλο-

1692 3988 1951 4059 νεικίᾳ,ἧ
2002 4004 2109 4041 τινι
2160 3986 2387 4058 τοιαύτῃ
2423 3986 2583 4057 ἀηδίᾳ
2630 3986 2724 4040 τοῦ

1689 4078 2011 4141 ἐπισκόπου,
2034 4078 2452 4147 ἀποσυνάγωγοι
2470 4076 2727 4147 γεγένην-

1688 4185 1800 4223 ται.
1848 4169 1966 4221 Ἵνα
1982 4163 2074 4223 οὖν
2102 4166 2260 4223 τοῦτο
2283 4167 2381 4239 τὴν
2414 4167 2726 4237 πρέπουσαν

1692 4262 1939 4327 ἐξέτασιν
1999 4260 2253 4333 λαμϐάνῃ
2278 4300 2295 4325 ,
2352 4259 2531 4323 καλῶς
2577 4258 2722 4331 ἔχειν

1694 4351 1870 4417 ἔδοξεν
1907 4351 2137 4406 ἑκάστου
2167 4351 2411 4405 ἐνιαυτοῦ
2447 4349 2567 4405 καθ’
2591 4350 2721 4404 ἐκά-

1695 4459 1828 4515 στην
1879 4443 2143 4514 ἐπαρχίαν
2171 4442 2252 4505 δὶς
2295 4441 2389 4495 τοῦ
2411 4441 2563 4502 ἔτους
2602 4455 2725 4492 συν·-

1696 4534 1848 4598 όδους
1898 4533 2140 4602 γίνεσθαι
2164 4573 2179 4598 ,
2212 4533 2299 4586 ἵνα
2329 4534 2483 4601 κοινῇ
2510 4530 2724 4584 πάντων

1693 4627 1803 4682 τῶν
1837 4628 2152 4683 ἐπισκόπων
2184 4626 2284 4695 τῆς
2317 4624 2589 4695 ἐπαρχίας
2632 4625 2725 4677 ἐπὶ

1692 4720 1753 4773 τδ
1784 4720 1917 4773 αὐτὸ
1954 4717 2357 4787 συναγομένων,
2386 4718 2456 4769 τά
2504 4715 2726 4770 τοιαῦτα

1698 4814 1988 4884 ζητήματα
2028 4808 2361 4877 ὲξετάζοιτο’
2415 4811 2507 4863 καὶ
2556 4809 2726 4874 οὕτως

1697 4905 1747 4957 oi
1764 4902 2206 4972 ὁμολογουμένως
2224 4902 2725 4972 προσκεκρουκότες

1691 4994 1770 5066 τῷ
1804 4994 2083 5061 ὲπισκόπῳ
2116 4993 2258 5047 κατὰ
2284 4992 2444 5059 λόγον
2501 4990 2729 5044 ἀκοινώ-

1691 5101 1840 5155 νητοι
1872 5086 2020 5155 παρὰ
2066 5084 2283 5136 πάντων
2327 5076 2469 5135 εἶναι
2503 5082 2722 5149 δοκῶσι,

1695 5175 1891 5245 μέχρις
1915 5174 1980 5227 ἂν
2005 5173 2083 5243 τῷ
2113 5172 2279 5241 κοινῷ
2322 5172 2355 5243 ἢ
2392 5170 2469 5241 τῷ
2501 5174 2726 5226 ἐπισκό-

1691 5281 1777 5333 πῳ
1859 5264 1986 5335 δόξῃ
2049 5265 2149 5336 τὴν
2212 5264 2726 5336 φιλανθρωποτέραν

1689 5356 1820 5424 περὶ
1870 5354 2049 5409 αὐτῶν
2087 5356 2344 5409 ἐκθέσθαι
2399 5355 2598 5425 ψῆφον.
2661 5358 2726 5409 Ai

1680 5445 1745 5503 Δδὲ
1768 5445 1970 5499 σύνοδοι
2001 5447 2355 5515 γινέσθωσαν,
2384 5447 2481 5517 μία
2511 5447 2728 5520 μὲνπρδ

1691 5541 1788 5610 τῆς
1844 5539 2318 5609 Τεσσαρακοστῆς,
2394 5539 2483 5591 ἵνα
2544 5541 2726 5611 πάσης

663 5718 711 5752 "
732 5718 820 5775 ΑΙ.
862 5716 938 5773 De
960 5716 1303 5773 ordinatione
1332 5716 1731 5783 episcoporum.
1806 5717 1852 5748 "
1874 5715 1957 5769 ΑΙ.
1991 5717 2060 5769 Ite
2096 5717 2674 5771 t‘xc0tttttrtit:ic:itiano.

3682 372 3823 445 1321

2805 490 2903 543 tnit
2932 492 3262 562 episcopum,
3290 493 3681 565 presbyterum,
3707 497 3822 551 dia.

2798 594 2992 634 conum
3040 592 3133 636 aut
3161 583 3328 637 ullum
3361 585 3676 639 clericorum
3724 589 3820 640 ha-

2799 670 2928 725 bere
3000 688 3181 726 secum
3243 674 3524 728 mulierem
3585 675 3821 731 introduc

2798 770 2939 815 ctam
2984 780 2999 815 :
3044 763 3143 816 nisi
3185 763 3320 817 forte
3346 774 3570 819 matrem
3612 764 3696 819 vel
3740 782 3826 819 so-

2798 866 2973 905 rorem
3017 853 3099 907 vel
3157 853 3417 919 amitam,
3475 854 3558 907 vcl
3586 855 3823 925 denique

2799 953 2891 994 eas
2915 940 3058 995 solas
3087 955 3371 1010 personas,
3403 956 3525 1012 qua:
3549 944 3696 997 omni
3730 960 3825 998 su-

2797 1032 3037 1101 spicione
3062 1047 3248 1086 carere
3282 1032 3483 1088 solent.
3523 1033 3625 1099 Qui
3659 1048 3827 1089 secus

2798 1121 2951 1188 faxit,
2984 1124 3050 1177 de
3073 1121 3341 1193 dignitate
3365 1138 3468 1178 sua
3493 1124 3828 1194 periclitabi-

2797 1227 2905 1273 tur.

3270 1418 3357 1475 IV.

2958 1527 3037 1582 De
3076 1531 3406 1587 ordinatione
3430 1536 3679 1605 episcopi.

2867 1682 3189 1754 Episcopum
3223 1696 3440 1755 oportet
3490 1689 3729 1744 maxime
3758 1693 3826 1743 ab

2797 1776 3050 1830 omnibus
3087 1777 3355 1847 episcopis
3394 1779 3485 1848 qui
3520 1780 3572 1832 in
3606 1781 3826 1848 provin-

2797 1866 2878 1920 cia
2910 1876 3056 1929 sunt,
3103 1869 3361 1922 constitui
3394 1887 3408 1922 :
3455 1871 3597 1939 quod
3643 1870 3690 1925 si
3726 1871 3825 1924 hoc

2799 1954 3011 2011 diiiicile
3047 1957 3132 2011 vel
3165 1956 3235 2012 ob
3270 1970 3547 2027 urgentem
3579 1960 3820 2029 aliquam

2800 2047 3200 2111 necessitatem,
3236 2050 3318 2103 vel
3351 2049 3421 2103 ob
3454 2050 3666 2105 itineris
3703 2052 3825 2106 lon-

2797 2135 3095 2204 gitudinem
3164 2136 3349 2201 fuerit,
3394 2148 3545 2194 certe
3597 2150 3710 2195 tres
3772 2142 3825 2195 in

2799 2241 2963 2281 unum
3008 2226 3184 2282 locum
3229 2231 3826 2293 convenientes,dum-

2800 2318 2960 2371 modo
2989 2317 3365 2393 consenserint
3393 2321 3483 2389 qui
3522 2323 3742 2383 absunt,
3773 2332 3829 2375 et

2801 2417 2898 2474 per
2918 2405 3122 2461 litteras
3164 2409 3603 2477 approbaverint,
3638 2426 3830 2464 manus

2803 2492 3202 2564 iinpositionein
3226 2496 3447 2553 faciant.
3471 2498 3830 2554 Coniirmatio

2799 2603 2930 2642 vero
2956 2604 3143 2644 eorum
3180 2606 3300 2660 quae
3330 2594 3463 2646 liunt
3495 2591 3548 2645 in
3597 2592 3829 2662 singulis

2800 2680 3117 2747 provinciis,
3149 2682 3266 2736 dari
3318 2682 3475 2737 debet
3496 2696 3528 2737 a
3550 2692 3830 2753 metropo-

2800 2771 2967 2827 litano
2995 2772 3272 2843 episcopo.

3277 2972 3342 3028 ν.

3010 3079 3084 3136 De
3124 3086 3612 3143 excommunicatis.

2866 3262 2942 3317 De
3001 3264 3067 3320 iis
3106 3266 3197 3337 qui
3247 3270 3812 3336 excommunicantur,

2794 3354 2908 3408 sive
2930 3356 2981 3407 in
3004 3356 3153 3411 clero
3187 3358 3319 3425 sint,
3353 3359 3532 3415 sivein
3555 3360 3823 3418 laicorum

2795 3444 3006 3512 ordine,
3034 3447 3101 3501 ab
3121 3446 3383 3519 cujusque
3405 3451 3694 3520 provinciae
3707 3453 3824 3523 epi-

2792 3542 2992 3611 scopis,
3038 3542 3282 3598 obtineat
3322 3544 3585 3599 sententia
3625 3561 3823 3601 secun-

2796 3632 2923 3686 dutn
2955 3648 3217 3688 canonem
3252 3633 3555 3702 lubentem,
3596 3637 3664 3691 ab
3692 3637 3822 3692 aliis

2796 3723 3015 3792 electos,
3033 3725 3101 3779 ab
3115 3724 3238 3780 aliis
3253 3740 3358 3780 non
3375 3725 3604 3782 admitti.
3629 3728 3824 3797 Exqui.

2798 3828 2948 3870 ratur
2981 3828 3160 3871 autem
3190 3833 3318 3871 num
3346 3817 3663 3888 impotentia
3700 3822 3821 3874 ani-

2797 3907 2894 3970 mi,
2926 3916 3018 3962 aut
3045 3910 3363 3978 pertinacia,
3395 3920 3488 3965 aut
3512 3910 3690 3979 aliqua
3718 3912 3819 3966 alia

2797 3997 3164 4069 indignatione
3192 4000 3433 4072 episcopi
3462 4002 3575 4057 sint
3600 4016 3821 4056 excom-

2798 4089 3079 4146 municati.
3131 4090 3205 4147 Ut
3248 4090 3412 4166 igitur
3449 4091 3591 4147 istud
3625 4107 3823 4146 conve—

2799 4186 2981 4240 niente
3047 4186 3399 4256 inquisitione
3457 4187 3819 4251 examinetnr,

2801 4286 2943 4331 recte
2969 4276 3171 4346 placuit
3203 4278 3493 4346 quotannis
3519 4291 3614 4346 per
3637 4277 3820 4347 singu-

2799 4363 2878 4419 las
2912 4366 3213 4435 provincias
3243 4367 3325 4421 his
3354 4367 3405 4421 in
3429 4381 3572 4420 anno
3590 4368 3824 4437 synodos

2800 4454 2939 4519 ﬁeri,
3003 4464 3059 4509 ut
3100 4456 3351 4512 omnibus
3397 4456 3685 4525 provinciae
3709 4455 3821 4524 epi-

2796 4547 2973 4616 scopis
3004 4547 3164 4601 simul
3200 4548 3253 4600 in
3295 4562 3459 4601 unum
3488 4548 3665 4603 locum
3688 4563 3819 4600 con-

2798 4636 3156 4703 venientibus,
3173 4637 3478 4705 hujusmodi
3495 4639 3822 4708 qturstiones

2797 4728 3158 4794 excutiantur,
3219 4738 3273 4782 et
3325 4731 3396 4783 ita
3456 4731 3670 4783 demunt
3730 4732 3818 4796 qui

2800 4816 3086 4872 manifeste
3111 4818 3423 4887 episcopum
3470 4818 3813 4884 oil‘endcrint,

2799 4910 2993 4965 merito
3042 4912 3185 4979 apud
3218 4924 3410 4967 omnes
3458 4915 3820 4965 excommuni-

2797 5000 2905 5056 cati
2964 5001 3285 5064 habeantur,
3323 5002 3495 5056 donec
3548 5003 3816 5056 comnnmi

2798 5093 3174 5159 episcoporum
3222 5091 3409 5155 cmtui,
3448 5093 3531 5146 vel
3568 5092 3815 5161 privatim

2799 5180 2898 5249 ipsi
2931 5182 3201 5249 episcopo,
3233 5182 3406 5236 visum
3437 5182 3593 5236 fuerit
3628 5183 3815 5235 huma-

2799 5272 3006 5327 niorem
3036 5273 3100 5327 de
3137 5272 3265 5342 ipsis
3297 5272 3440 5330 ferre
3475 5277 3816 5329 sententiain.

2801 5357 3004 5430 Synodi
3038 5370 3213 5415 autem
3267 5362 3416 5425 ﬁant,
3464 5376 3568 5416 una
3606 5360 3816 5431 quidem

2800 5460 2924 5503 ante
2955 5449 3451 5517 Quatlragcsimnm,
3489 5462 3545 5505 ιιι
3573 5451 3718 5505 omni
3750 5451 3815 5503 si-

2801 5540 3022 5595 multate
3050 5539 3315 5610 deposita,
3342 5542 3538 5595 donum
3566 5542 3817 5595 inundant
