4148 6568
358 433 494 502 1325

1235 444 1603 506 HISTORIA
1641 447 1972 510 CONCILII
2011 451 2316 512 NIC/ENI.
2359 477 2431 490 —
2466 454 2618 516 LIB.
2659 455 2744 515 II.

3401 443 3610 521 ’1326

355 560 536 606 autem
566 551 794 606 concilia
824 553 992 610 semel
1015 555 1232 621 quidem
1267 569 1394 614 ante
1471 563 1835 633 μικροψυχίας
1862 566 1986 620 diva:

1971 569 2283 640 ιρουμένης,
2317 570 2378 623 τὸ
2405 570 2510 623 δῶ-
2581 571 2844 627 otieratur
2874 573 2982 628 Deo
3018 589 3034 628 :
3066 573 3235 629 altera
3285 588 3414 630 vero
3462 577 3606 632 circa

355 641 470 695 dies
492 639 957 712 Quadragesimaa;
989 656 1047 700 ut
1071 647 1320 702 omnibus
1346 650 1391 702 si
1467 668 1560 720 ρον
1583 653 1820 724 καθαρὸν
1850 675 1993 728 προσ

1467 668 1560 720 ρον
1583 653 1820 724 καθαρὸν
1850 639 2227 730 προσφέρηται
2260 661 2338 730 τῷ
2366 660 2506 731 Θεῷ⁶
2584 672 2792 732 tempus
2821 666 3085 721 autumni.

355 747 477 801 qua-
512 743 640 788 sunt
665 735 1029 795 simultatibus
1073 741 1390 809 amputatis,

357 825 611 878 mundum
650 826 890 882 solemne
924 828 1032 884 Deo
1051 845 1248 886 munus
1271 845 1395 900 pos-

354 916 425 970 sit
477 915 680 973 otl‘erri.
737 919 1043 978 Secundum
1103 939 1232 979 vero
1304 926 1393 979 nat

354 1005 498 1060 circa
529 1015 742 1076 tempus
766 1011 1026 1066 autumni.

830 1118 918 1175 VI.

355 1231 404 1264 ’δ
433 1231 590 1300 Quod
610 1232 873 1308 Ecclesia
906 1233 1160 1308 Romana
1195 1254 1393 1308 semper

600 1305 786 1359 habuit
832 1307 1138 1374 primatum.

435 1536 640 1594 Teneat
665 1550 847 1598 autem
873 1559 1078 1600 morem
1109 1547 1390 1619 antiquunm

354 1633 705 1706 etAEgyptus,
727 1638 811 1694 vel
835 1637 1022 1711 Libya,
1046 1651 1101 1697 et
1127 1643 1394 1713 Pentapo-

359 1728 469 1784 lis:
509 1731 580 1784 ita
626 1740 683 1785 ut
721 1736 1006 1804 episc0pus
1055 1737 1392 1794 Alexandria:

355 1820 545 1875 harum
580 1824 822 1878 omnium
883 1826 1084 1882 habeat
1141 1837 1385 1897 potesta-

357 1920 462 1964 tem
488 1928 504 1974 ;
529 1915 784 1981 quoniam
801 1924 854 1970 et
871 1913 1117 1972 Romano
1139 1920 1393 1988 episcopo

355 2001 468 2056 haec
517 2013 603 2058 est
678 2007 1035 2062 consuetudo.
1129 2007 1393 2065 Similiter

356 2105 534 2149 autem
563 2105 619 2150 et
643 2098 733 2165 qui
769 2098 823 2152 in
851 2099 1137 2154 Antiochia
1167 2104 1374 2158 consti-

357 2194 502 2240 tutus
524 2196 626 2243 est.
648 2190 835 2257 Itaque
863 2198 918 2244 et
951 2191 1003 2245 in
1027 2192 1240 2247 caeteris
1267 2208 1392 2262 pro-

355 2276 549 2331 vinciis
571 2279 850 2350 privilegia
880 2280 1028 2335 salva
1060 2282 1174 2337 sint
1200 2283 1388 2341 Eccle-

353 2367 581 2422 siarum.
599 2367 831 2425 Omnino
844 2381 1023 2427 autem
1039 2374 1388 2431 manifestum

351 2455 422 2510 sit
449 2460 548 2511 hoc
592 2475 606 2512 :
639 2460 781 2528 quod
812 2461 856 2514 si
904 2461 1025 2529 quis
1057 2474 1255 2532 praeter
1286 2479 1381 2520 vo-

351 2545 612 2602 Iuntatetn
715 2553 1118 2620 metropolitani
1219 2554 1386 2610 fuerit

350 2638 638 2709 episcopus
669 2643 968 2710 ordinatus,
1028 2647 1173 2702 hunc
1198 2649 1390 2704 statuit

355 2728 471 2784 haec
525 2742 714 2788 sancta
748 2737 982 2805 synodus
1034 2751 1142 2792 non
1191 2738 1390 2795 debere

353 2835 476 2876 esse
512 2823 846 2894 episcopum.
877 2825 1022 2882 Sane
1053 2829 1100 2882 si
1144 2844 1386 2886 commu-

351 2912 404 2966 ni
426 2915 665 2967 omnium
697 2930 963 2972 consensu
991 2920 1388 2976 rationabiliter

353 3001 559 3067 habito,
612 3013 666 3058 et
704 3008 996 3061 secundum
1040 3009 1378 3065 ecclesiasti-

350 3112 468 3154 cam
515 3100 754 3168 regulam
817 3103 960 3157 facto
994 3106 1236 3168 decreto,
1281 3107 1387 3160 duo

351 3189 512 3260 aliqui
555 3199 650 3245 aut
696 3201 806 3248 tres
834 3209 932 3262 per
977 3199 1384 3251 contentionem

348 3294 502 3334 suam
581 3284 1048 3352 contradiXerint,
1145 3287 1387 3341 obtineat

348 3373 618 3428 sententia
654 3372 1030 3444 plurimorum.

813 3485 924 3542 VII.

349 3594 395 3627 "
451 3595 526 3651 De
630 3599 833 3681 honore
914 3599 1386 3682 Hierosolymituni

751 3686 998 3740 episcopi.

421 3782 690 3850 Quoniam
764 3786 1023 3857 antiquus
1074 3801 1190 3842 mos
1248 3789 1388 3844 obti-

351 3876 497 3940 nuit,
574 3885 629 3929 et
690 3884 902 3932 vetusta
989 3877 1242 3942 traditio,
1328 3887 1386 3932 ut

351 3964 541 4032 Atllite,
605 3965 656 4018 id
714 3975 819 4033 est,
887 3965 1384 4037 Hierosolymorum

349 4056 601 4124 episcopo
627 4056 928 4121 deferatur,
962 4056 1162 4112 habeat
1190 4072 1382 4114 conse-

350 4155 579 4215 quenter
637 4148 919 4203 honorem.
972 4147 1386 4218 Metropolitano

355 4257 454 4297 suo
489 4243 726 4313 dignitas
757 4243 908 4298 salva
937 4243 1029 4298 sit.

805 4355 939 4412 VIII.

353 4464 400 4495 ⁷⁸
436 4465 507 4519 De
546 4468 626 4520 his
648 4468 736 4530 qui
769 4466 1020 4519 dicuntur
1049 4469 1261 4531 mundi,
1282 4486 1384 4538 quo

525 4554 707 4606 genere
736 4539 1055 4605 suscipiendi
1074 4541 1200 4592 sint.
1291 4545 1295 4548 ’

428 4649 501 4702 De
525 4651 608 4704 his
638 4652 729 4720 qui
761 4652 968 4719 seipsos
998 4651 1267 4705 Catharos
1288 4691 1304 4715 ,
1335 4652 1384 4704 id

353 4753 436 4794 eat
457 4741 700 4807 Mundus,
733 4753 951 4808 vocant,
975 4757 1018 4795 SI
1041 4743 1132 4811 qui
1162 4743 1382 4797 veniant

261 4871 268 4874 .
355 4831 420 4881 ad
457 4827 751 4883 Ecclesiam
811 4829 1153 4896 catholicam,
1182 4830 1383 4898 placuit

354 4929 542 4973 sancto
577 4920 810 4975 concilio
845 4931 904 4974 ut
953 4922 1294 4983 ordinentur.
1329 4933 1384 4977 et

354 5008 435 5061 sic
469 5020 723 5063 maneant
749 5011 800 5063 in
825 5009 993 5064 clero.
1029 5009 1171 5064 Ante
1200 5011 1383 5064 omnia

355 5111 485 5149 vero
519 5098 618 5151 hoc
649 5112 743 5152 eos
771 5113 864 5166 per
894 5099 1220 5168 scripturam
1255 5113 1387 5155 con-

356 5181 831 5255 venit‘proiiteri;
891 5199 949 5242 ut
1004 5190 1270 5244 fateantur
1327 5207 1384 5247 se

353 5296 475 5332 cum
512 5281 659 5334 utnui
693 5295 958 5336 consensu
997 5283 1383 5337 observaturos

351 5370 633 5425 catholicae
663 5373 671 5379 ’
699 5379 754 5424 et
815 5373 1125 5440 apostolica:
1183 5382 1380 5427 statuta

1464 740 1691 812 δευτέρα
1721 745 1776 798 δὲ
1801 749 1929 818 περὶ
1954 750 2046 803 τὸν
2069 751 2161 804 τοῦ
2188 752 2505 822 μετοπώρου

1466 832 1678 902 καιρόν.

1464 1227 1603 1312 Περὶ
1632 1234 1756 1312 τῶν
1794 1238 2127 1312 Διὶηὲἰιιρέζιυιν*
2180 1245 2385 1312 τιμῶν,
2434 1247 2497 1310 αἳ

1534 1301 1687 1380 Ξτρὸς
1713 1301 1874 1380 τοὺςί
1900 1301 2174 1378 ιὶείζονας
2210 1301 2502 1380 ιὶυϐερνῶ-

1535 1390 1638 1427 σιν
1656 1377 2031 1452 ἐίτιοζκόπους
2055 1377 2165 1451 (27)
2181 1377 2503 1452 sanislsimu-

1533 1446 1752 1512 στικῶς
1777 1446 2290 1518 ἐκανονίσθησαν.

1534 1561 1615 1614 Τὰ
1645 1562 1848 1633 ἀρχαῖα
1880 1563 1976 1634 ἔθη
2016 1567 2318 1636 κρατείτω,
2349 1566 2417 1621 τὰ
2445 1569 2503 1621 ὲν

1463 1652 1724 1725 Αἰγύπτῳ
1768 1657 1863 1709 καὶ
1899 1655 2127 1720 Λισύαις
2169 1659 2263 1711 καὶ
2300 1659 2505 1712 Πεντα-

1463 1743 1636 1805 πόλει,
1691 1744 1833 1799 ὥστε
1881 1748 1971 1800 τὸν
2016 1748 2074 1800 έν
2133 1745 2507 1821 Ἀλεξανδρείᾳ

1463 1834 1764 1889 ἐπίσκοπον
1791 1837 2009 1890 πάντων
2041 1836 2186 1907 ἔχειν
2226 1839 2325 1910 τὴν
2365 1839 2507 1904 ἐξου-

1463 1925 1607 1991 σίαν,
1669 1928 1857 1999 ἐπειδὴ
1926 1930 2020 1982 καὶ
2071 1930 2149 2000 τῷ
2198 1933 2257 1984 έν
2321 1931 2506 2004 Ῥώμῃ

1464 2016 1751 2087 ἐπισκόπῳ
1814 2019 1974 2074 τοῦτο
2044 2021 2276 2092 σύνηθές
2334 2024 2502 2077 ἐστιν.

1475 2104 1712 2175 Ὁμοίως
1744 2107 1801 2161 δὲ
1836 2110 1930 2164 καὶ
1982 2111 2126 2166 κατὰ
2153 2112 2254 2183 τὴν
2300 2113 2503 2166 Ἀντιό-

1460 2214 1637 2268 χειαν,
1667 2200 1759 2252 καὶ
1783 2202 1840 2253 ἐν
1864 2203 1986 2265 ταῖς
2007 2201 2194 2266 ἄλλαις
2215 2204 2506 2275 ἐπαρχίαις

1459 2289 1530 2342 τὰ
1553 2290 1821 2360 πρεσϐεῖα
1841 2290 2112 2360 σῴζεσθαι
2136 2296 2256 2357 ταῖς
2285 2295 2507 2368 Ἐκκληι

1460 2381 1624 2446 σίαις.
1654 2384 1900 2439 Καθόλου
1931 2385 1989 2438 δὲ
2017 2386 2287 2458 πρόδηλον
2307 2389 2502 2454 έκεῖνο,

1458 2475 1539 2528 ὅτι
1566 2475 1618 2528 εῐ
1657 2493 1741 2538 τις
1797 2477 1966 2548 χωρὶς
2007 2479 2233 2547 γνώμης
2271 2478 2365 2533 τοῦ
2403 2497 2508 2551 μη-

1459 2567 1783 2639 τροπολίτου
1815 2570 2028 2638 γένοιτο
2052 2570 2382 2636 ἐπίσκοπος,
2414 2572 2504 2626 τὸν

1462 2660 1701 2714 τοιοῦτον
1728 2663 1760 2733 ή
1791 2662 2007 2726 σύνοδος
2031 2665 2064 2728 ἡ
2097 2663 2306 2733 μεγάλη
2338 2663 2505 2734 ὥρισε

1463 2751 1537 2822 μὴ
1571 2751 1680 2804 δεῖν
1712 2749 1848 2806 εἶναι
1884 2754 2183 2806 ἐπίσκοπον
2210 2769 2222 2782 ·
2257 2753 2352 2807 ἐὰν
2386 2755 2507 2825 μέν·

1458 2860 1542 2896 τοι
1572 2847 1638 2914 τῇ
1666 2845 1818 2916 κοινῇ
1857 2845 2076 2900 πάντων
2101 2846 2268 2917 ψήφῳ
2298 2846 2505 2918 εὐλόγῳ

1458 2933 1594 3005 οὔσῃ
1628 2937 1721 2989 καὶ
1748 2935 1891 2990 κατὰ
1936 2937 2026 2990 τὸν
2064 2935 2267 2990 κανόνα
2295 2937 2388 2990 τὸν
2414 2939 2505 2992 ὲκ-

1458 3027 1864 3098 κλησιαστικὸν,
1883 3028 2022 3101 δύοῆ
2043 3031 2192 3099 τρεῖς
2211 3029 2278 3082 δι’
2298 3027 2504 3083 οἰκείαν

1459 3118 1794 3191 φιλονεικίαν
1844 3121 2191 3189 ἀντιλέγωσι,
2232 3121 2505 3191 κρατείτω

1457 3209 1490 3275 ή
1521 3207 1628 3261 τῶν
1656 3208 1919 3262 πλειόνων
1945 3208 2126 3279 ψῆφος

1940 3492 2017 3544 Z'.

1487 3605 1626 3674 Περὶ
1656 3605 1761 3660 τοῦ
1798 3605 1869 3659 ἐν
1888 3605 2062 3671 Αὶλίᾳ
2105 3605 2473 3661 ἐπισκόπου.

1542 3779 1764 3850 Ἐπειδὴ
1833 3776 2090 3849 συνήθεια
2155 3779 2500 3850 κεκράτηκε,

1458 3872 1552 3925 καὶ
1586 3871 1887 3942 παράδοσις
1946 3869 2172 3942 ἀρχαία,
2224 3869 2364 3924 ὥστε
2412 3872 2503 3925 τὸν

1456 3963 1517 4015 ὲν
1602 3963 1762 4033 Am;
1847 3961 2146 4016 ἐπίσκοπον
2210 3962 2501 4032 τιμᾶσθαι,

1458 4055 1628 4125 έχέτω
1668 4054 1767 4125 τὴν
1811 4054 2136 4108 ἀκολουθίαν
2173 4055 2274 4125 τῆς
2312 4056 2501 4126 τιμῆς,

1462 4151 1528 4220 τῇ
1580 4149 1912 4221 μητροπόλει
1955 4149 2263 4219 σωζομένου
2305 4149 2399 4203 τοῦ
2425 4151 2504 4204 ol-

1459 4257 1519 4292 κε
1530 4241 1609 4292 ίου
1636 4239 1772 4306 ἀξιώ
1779 4257 1969 4310 ματος.

1940 4351 2021 4405 H'.

1512 4466 1649 4535 Περὶ
1675 4465 2121 4535 ὀνομαζομένων
2140 4463 2445 4533 Καθαρῶν.

1532 4643 1668 4712 Περὶ
1684 4644 1794 4696 τῶν
1820 4642 2048 4704 ἑαυτοὺς
2082 4641 2180 4710 μὲν
2206 4640 2500 4710 ὀνομαζόν-

1452 4753 1558 4790 των
1576 4732 1865 4806 Καθαρούς
1883 4749 2035 4798 ποτε,
2052 4732 2508 4802 προσερχομένων

1453 4828 1511 4881 δὲ
1567 4829 1634 4897 τῇ
1683 4825 1962 4894 ἁγιωτάτῃ
2027 4822 2357 4892 ἁποστολικῇ
2411 4822 2503 4874 καὶ⁵

1459 4918 1720 4988 καθολικῇ
1765 4915 2083 4985 Ἐκκλησία,
2104 4915 2248 4977 ἔδοξε
2269 4917 2335 4984 τῇ
2368 4914 2501 4984 ἁγίᾳ

1461 5011 1554 5062 καὶ
1584 5007 1796 5079 μεγάλῃ
1826 5005 2046 5074 συνόδῳ,
2080 5003 2220 5055 ὥστε
2260 5019 2500 5073 χειροτο-

1460 5097 1755 5168 νουμένους
1786 5094 1987 5157 αὐτοὺς
2020 5091 2190 5152 οὕτως
2226 5092 2410 5162 μένειν
2442 5092 2500 5144 έν

1460 5190 1537 5260 τῷ
1559 5189 1659 5257 κλή
1671 5204 1765 5258 ρῳ.
1800 5185 1912 5255 Πρὸ
1931 5184 2188 5237 ἁπάντων
2213 5183 2269 5236 δὲ
2300 5183 2506 5237 τούτων

1460 5279 1793 5350 ὁμολογῆσαι
1810 5277 2006 5338 αὐτοὺς
2024 5275 2314 5346 ἐγγράφως
2331 5291 2503 5344 προσ-

1459 5372 1602 5439 ήκει,
1667 5370 1748 5421 ὅτι
1807 5367 2161 5433 συνθήσονται
2211 5367 2306 5420 καὶ
2365 5367 2499 5420 ἀκο-

3060 1128 3144 1186 γι.

2577 1239 2652 1294 De
2681 1245 2956 1323 prwcipuis
2986 1247 3272 1323 honoribus
3291 1254 3384 1323 qui
3414 1255 3606 1323 majori

2647 1315 2884 1385 episcopo
2934 1319 2988 1369 in
3023 1315 3399 1385 gubernatione
3440 1315 3606 1378 ec'cle-

2645 1383 2859 1436 siastica
2885 1383 3079 1440 decreti
3107 1398 3251 1440 sunt.

2649 1564 2918 1635 Antiquos
2977 1583 3092 1622 mos
3168 1569 3344 1625 valeat
3408 1573 3500 1642 qui
3550 1575 3606 1630 in

2580 1658 2811 1729 Egypto
2850 1671 2953 1728 est,
2995 1663 3161 1736 Libya
3213 1675 3269 1721 et
3303 1665 3604 1740 Pentapoli,

2580 1760 2637 1804 ut
2654 1751 3055 1810 Alexandrinus
3069 1759 3353 1827 episcopus
3363 1762 3604 1819 omnium

2579 1849 2902 1909 potestatem
2955 1845 3182 1912 habeat,
3249 1851 3508 1917 quoniam
3540 1864 3599 1908 et

2581 1929 2730 1983 urbis
2777 1927 2961 1985 Romae
2993 1933 3257 2003 episcopo
3283 1947 3606 1996 consuetum

2580 2019 2681 2073 hoc
2715 2031 2817 2075 εει.
2870 2022 3131 2077 Similiter
3161 2036 3337 2081 autem
3376 2037 3431 2083 et
3463 2031 3608 2101 apud

2577 2109 2918 2167 Antiochiam
2950 2124 3005 2169 et
3038 2124 3260 2171 caeteras
3299 2119 3609 2186 provincias

2579 2202 2867 2272 unicuique
2921 2220 3052 2262 suus
3114 2218 3360 2264 servetur
3407 2211 3603 2271 honor.

2578 2295 2711 2351 Illud
2734 2299 2953 2355 omnino
2973 2303 3316 2358 manifestum
3336 2315 3442 2372 est,
3465 2311 3608 2378 quod

2579 2388 2624 2442 si
2653 2390 2774 2457 quis
2819 2403 3017 2459 praeter
3045 2395 3370 2450 sententiam
3405 2407 3608 2455 metro-

2579 2478 2758 2545 polita:
2819 2479 2994 2536 factus
3066 2482 3226 2538 fuerit
3292 2486 3602 2560 episcopus,

2579 2568 2723 2624 hunc
2757 2586 2947 2644 magna
2978 2575 3221 2644 synodus
3256 2577 3469 2633 censuit
3497 2595 3605 2636 non

2577 2671 2828 2730 oportere
2859 2678 2980 2719 esse
3007 2665 3316 2735 episcopum
3343 2686 3356 2722 :
3393 2669 3440 2726 si
3473 2685 3606 2727 vero

2577 2754 2850 2808 communi
2881 2755 3120 2810 omnium
3177 2758 3454 2830 suﬂ‘ragio,
3508 2775 3605 2818 eo-

2575 2845 2838 2914 quejusto
2855 2849 3150 2904 secundum
3173 2851 3606 2911 ecclesiasticum

2577 2949 2835 2991 canonem
2866 2941 3239 3009 comprobato,
3259 2946 3606 3003 contradixe-

2576 3024 2684 3081 rint
2713 3030 2821 3083 duo
2849 3039 2942 3084 aut
2977 3039 3087 3086 tres
3117 3033 3334 3103 propria
3363 3035 3606 3104 pertina-

2574 3117 2657 3174 cia
2717 3118 2942 3186 inducti,
3009 3121 3184 3177 valeat
3249 3124 3603 3195 plurimorum

2574 3211 2864 3269 sententia.

3028 3494 3138 3552 VII.

2805 3606 2883 3662 De
2920 3608 2994 3663 1E
3000 3610 3087 3666 lia:
3114 3604 3376 3681 episcopo.

2648 3785 2913 3852 Quoniam
2975 3791 3308 3845 consuetudo
3363 3791 3599 3850 obtinuit

2574 3885 2629 3930 et
2661 3877 2882 3945 antiqua
2921 3878 3158 3943 traditio,
3213 3889 3271 3935 ut
3293 3879 3451 3937 Elite
3482 3886 3595 3955 epi-

2580 3980 2776 4036 scopus
2811 3968 3126 4034 honoretur,
3182 3971 3376 4028 habeat
3427 3976 3607 4045 prosi-

2573 4072 2728 4111 mum
2759 4061 2982 4127 gradum
3021 4061 3263 4128 honoris,
3292 4064 3440 4120 salva
3477 4082 3604 4138 pro-

2576 4148 2690 4215 pria
2723 4148 2983 4218 dignitate
3014 4153 3340 4221 metropolis.

3034 4349 3164 4406 VIII.

2578 4460 2652 4515 De
2675 4464 2741 4516 iis
2780 4463 2868 4531 qui
2894 4472 3146 4546 vetantur
3169 4464 3404 4530 Cat/tari,
3436 4468 3492 4520 id
3528 4478 3605 4522 est

3011 4549 3152 4600 puri.

2651 4648 2723 4702 De
2753 4647 2820 4699 iis
2855 4648 2944 4715 qui
3001 4662 3062 4701 se
3119 4647 3412 4714 aliquando
3440 4661 3604 4700 voca-

2581 4749 2706 4794 runt
2753 4737 3040 4799 Catharbs,
3073 4751 3194 4790 cum
3251 4738 3317 4790 ad
3360 4747 3602 4790 sanctam

2578 4829 2899 4884 catholicam
2946 4836 3000 4882 et
3039 4813 3389 4895 apostolicam
3415 4825 3602 4880 Eccle-

2575 4921 2709 4972 siam
2759 4919 3030 4981 venerint,
3080 4916 3276 4985 placuit
3325 4924 3515 4971 sancto
3549 4925 3605 4969 et

2575 5021 2768 5077 magno
2839 5007 3099 5072 concilio,
3175 5021 3234 5060 ut
3300 5020 3490 5060 manus
3537 5005 3605 5058 iis

2574 5098 2975 5166 imponantur,‘
3017 5107 3073 5152 et
3124 5099 3204 5153 sic
3255 5106 3508 5152 maneant
3549 5095 3603 5150 in

2576 5188 2746 5243 clero.
2783 5190 2919 5242 Ante
2947 5190 3126 5243 omnia
3177 5185 3419 5257 proﬁteri
3455 5187 3604 5253 ipsos

2575 5279 2778 5347 scripto
2798 5287 3035 5349 oportet,
3063 5280 3203 5348 quod
3239 5278 3606 5332 observabunt

2571 5377 2626 5423 et
2660 5375 2953 5435 sequentur
2976 5365 3258 5421 catholicae
3288 5373 3344 5418 et
3390 5371 3605 5432 aposto-

353 5461 608 5515 Ecclesiaa
634 5498 650 5524 ,
693 5461 744 5515 id
783 5470 866 5515 est
894 5498 909 5524 ,
949 5461 1382 5516 comntuniCatu-
1456 5460 1781 5530 λουθήσουσι
1844 5460 1957 5521 τοῖς

2027 5459 2128 5528 τῆς
2203 5457 2497 5530 καθολικῆς
2573 5456 2690 5514 licte
2727 5456 2983 5512 Ecclesia:
3031 5456 3315 5527 dogmata,
3346 5455 3447 5509 hoc
3477 5462 3596 5520 est,

424 5615 471 5645 τ’
493 5615 579 5668 ΑΙ.
614 5614 688 5669 De
715 5614 1011 5684 privilegiis
1038 5630 1158 5681 quae
1189 5614 1508 5681 quihusdam
1532 5612 1842 5666 civitatibus
1874 5619 2206 5682 competunt.
2285 5612 2333 5642 "
2355 5614 2441 5666 ΑΙ.
2479 5613 2554 5667 De
2586 5612 2840 5684 episcopo
2869 5610 3048 5678 Elite,
3075 5611 3126 5667 id
3156 5619 3261 5678 est,
3289 5609 3603 5681 Hierosoly-

353 5699 583 5740 morum.
655 5683 812 5741 ⁷⁸111.
849 5687 919 5738 De
949 5686 1033 5738 his
1058 5685 1149 5752 qui
1183 5699 1242 5738 se
1281 5685 1555 5736 nominaut
1583 5683 1865 5736 Catltarns.

404 5819 538 5891 1‘27)
577 5817 670 5873 Vel
699 5821 900 5890 potius,
938 5821 994 5873 αἶ
1025 5821 1137 5884 τοῖς
1168 5817 1420 5890 μείζονας
1445 5815 1783 5886 κυϐερνῶσιν
1810 5817 2042 5870 έπισκοπ

699 5821 900 5890 potius,
938 5821 994 5873 αἶ
1025 5821 1137 5884 τοῖς
1168 5817 1420 5890 μείζονας
1445 5815 1783 5886 κυϐερνῶσιν
1810 5816 2134 5879 έπισκοπάς.
2168 5814 2318 5869 "suo
