4148 6614
535 394 666 461 1327

534 520 625 561 ros
683 516 744 557 se
778 502 883 564 his,
942 500 1033 569 qui
1087 498 1228 569 forte
1291 497 1558 550 secundas

537 594 749 664 nuptias
770 592 979 661 experti
1026 597 1177 654 sunt,
1206 589 1289 643 vel
1335 588 1421 643 his
1466 590 1554 657 qui

537 680 928 750 persecutionis
950 688 1193 745 tempore
1217 677 1350 745 lapsi
1394 686 1519 732 sunt
1542 693 1556 730 :

532 773 730 842 quibus
776 780 954 824 tamen
991 767 1322 837 paenitentiae
1367 768 1559 821 modus

532 873 587 918 et
618 874 827 930 tempus
880 867 1178 926 sequantur
1233 871 1298 911 ea
1342 870 1462 924 quae
1504 856 1557 910 in

531 952 800 1010 catholica
878 958 933 1004 et
994 948 1288 1017 apostolica
1358 948 1559 1002 obser-

533 1055 727 1101 vantur
781 1041 1045 1098 Ecclesia.
1121 1038 1304 1095 Sicubi
1392 1038 1557 1106 igitur

529 1140 637 1210 vel,
663 1142 717 1196 in
775 1137 907 1194 vicis
970 1126 1056 1191 vel
1100 1134 1154 1189 in
1197 1132 1422 1189 urbibus
1458 1129 1558 1186 soli

533 1232 635 1303 ipsi
682 1224 884 1299 reperti
943 1225 1141 1279 fuerint
1188 1222 1443 1287 ordinati,
1503 1221 1558 1275 hi

532 1326 623 1395 qui
679 1323 1027 1380 inveniuntur
1078 1320 1131 1374 in
1189 1318 1355 1383 clero,
1403 1317 1455 1370 in
1495 1330 1560 1371 eo

534 1422 905 1486 permaneant.
936 1410 992 1465 Si
1014 1423 1142 1465 vero
1162 1409 1447 1479 episcopus
1476 1407 1556 1463 vel

534 1505 812 1576 presbyter
854 1498 1136 1556 catholicae
1162 1496 1419 1553 Ecclesiae
1451 1495 1562 1552 fue-

539 1598 633 1662 rit,
673 1595 741 1651 ad
770 1606 953 1663 quem
976 1589 1139 1660 aliqui
1162 1603 1234 1644 ex
1279 1587 1366 1643 his
1399 1601 1561 1642 acee-‘

536 1678 711 1743 dunt‘:
744 1690 955 1739 certum
992 1688 1073 1735 est
1109 1678 1251 1747 quod
1276 1676 1560 1745 episcopus

540 1771 792 1829 Ecclesia:
819 1768 1017 1824 habeat
1041 1780 1192 1821 suam
1220 1763 1555 1834 dignitatem.

540 1860 872 1933 Similiterqet
910 1856 1191 1929 presbyter
1218 1863 1272 1910 et
1302 1853 1557 1908 diaconus

534 1951 753 2006 debent.
788 1947 855 2019 lli
893 1961 1023 2001 vero
1064 1944 1156 2013 qui
1196 1943 1264 1997 ab
1305 1942 1423 1997 istis
1461 1956 1557 1996 ve-

536 2030 710 2105 niun't,
766 2039 811 2093 si
863 2036 999 2091 forte
1031 2035 1314 2103 episcopus
1372 2031 1587 2109 fuerit,

534 2134 761 2193 habeat,
805 2125 1122 2198 presbyterii
1175 2125 1489 2195 dignitatem
1539 2141 1555 2179 :

533 2222 637 2279 nisi
669 2220 806 2275 forte
833 2218 1041 2288 placeat
1076 2217 1331 2285 episcopo
1359 2214 1557 2269 catho-

536 2315 639 2370 lico
671 2312 970 2370 concedere
1001 2309 1051 2364 ei
1082 2309 1247 2364 etiam
1274 2308 1559 2378 episcopa-

533 2402 602 2459 lis
630 2392 862 2460 nominis
892 2400 1173 2455 honorem.
1205 2398 1263 2453 Si
1293 2412 1420 2452 vero
1453 2410 1557 2451 non

532 2490 818 2565 placuerit,
843 2491 1081 2565 inveniat
1109 2489 1156 2542 ei
1179 2486 1377 2552 locum,
1410 2496 1469 2540 ut
1492 2485 1559 2540 sit

535 2586 590 2639 in
654 2571 911 2654 parechia
985 2578 1410 2647 chore’piscopus
1470 2584 1561 2653 aut

537 2674 843 2744 presbyter,
898 2669 1193 2725 dummodo
1242 2680 1561 2738 permanere

539 2764 785 2819 videatur
830 2762 885 2815 in
915 2759 1063 2815 clero
1094 2776 1106 2813 :
1154 2767 1209 2814 et
1265 2773 1333 2811 ne
1366 2756 1417 2809 in
1455 2770 1560 2810 una

536 2858 755 2915 civitate
771 2856 877 2911 duo
902 2855 1012 2910 sint
1040 2853 1299 2924 episcopi.

1004 3008 1097 3065 IX.

537 3123 583 3157 "
624 3122 701 3180 De
750 3112 835 3179 ~his
881 3124 971 3192 qui
1019 3116 1366 3176 inexaminati
1420 3119 1567 3174 ordi-

938 3199 1150 3246 nuntur.

607 3302 664 3361 Si
702 3305 793 3376 qui
844 3303 963 3359 sine
1005 3302 1404 3357 examinatione
1435 3315 1559 3370 pro-

533 3398 672 3454 vecti
695 3394 1018 3466 presbyteri,
1047 3403 1102 3450 et
1122 3402 1246 3464 post
1264 3391 1561 3453 examinati

532 3487 767 3545 confessi
813 3487 1017 3542 fuerint
1062 3495 1280 3556 peccata
1334 3499 1467 3546 sua,
1513 3491 1567 3537 et

536 3594 655 3634 cum
694 3577 927 3634 confesSi
967 3576 1201 3639 iuerint,
1234 3586 1425 3630 contra
1477 3588 1563 3628 re-

533 3671 712 3742 gulam
755 3669 1036 3724 venientes
1085 3668 1333 3724 homines
1377 3680 1566 3748 manus

537 3774 738 3817 temere
756 3761 844 3815 eis
862 3758 1247 3829 imposuerint,
1272 3759 1371 3814 hos
1394 3754 1565 3814 eccle-

538 3853 794 3910 siasticus
858 3848 1015 3907 ordo
1054 3866 1158 3906 non
1225 3850 1441 3920 recipit.
1510 3850 1565 3905 In

533 3944 786 4001 omnibus
802 3943 962 3999 enim
992 3928 1147 4011 quod.
1171 3942 1567 4011 irreprehensi-

535 4036 645 4092 bile
661 4036 745 4091 est
762 4032 1028 4089 catholica
1047 4031 1286 4089 defendit
1306 4032 1539 4087 EccleSia
1552 4073 1566 4085 .

1012 4213 1079 4269 Χ.

710 4330 759 4362 ’⁸
787 4328 864 4383 De
902 4329 1066 4399 lapsis
1103 4328 1383 4383 ordinatis.

607 4507 924 4577 Quicunque
944 4521 1007 4560 ex
1033 4505 1118 4560 bis
1140 4506 1230 4574 qui
1255 4504 1391 4573 lapsi
1416 4513 1558 4571 sunt,

539 4614 634 4669 per
660 4597 1020 4668 ignorantiam
1047 4595 1281 4650 ordinati
1303 4605 1451 4660 sunt,
1478 4595 1559 4651 vel

539 4698 904 4757 contemptum
934 4700 1119 4741 eorum
1163 4686 1253 4755 qui
1294 4701 1386 4741 eos
1415 4687 1560 4741 ordi-

540 4780 829 4844 naverunt,
866 4779 968 4831 hoc
998 4791 1099 4831 non
1129 4775 1443 4843 praeiudicat
1468 4788 1558 4831 ec-

535 4871 854 4927 clesiastica:
893 4868 1113 4938 regulas.
1143 4866 1277 4923 Cum
1308 4869 1449 4924 enim
1475 4883 1563 4924 re-

537 4972 743 5033 pertum
772 4960 952 5026 fuerit,
980 4960 1335 5029 deponantur.

1004 5112 1093 5167 XI.

532 5227 580 5260 τ’
630 5227 703 5281 De
734 5228 1438 5310 prevaricatisfecipiendis
1472 5244 1569 5297 per

854 5308 1228 5365 penitentiam.

603 5401 680 5457 De
734 5402 816 5459 his
872 5406 965 5474 qui
1033 5408 1365 5476 prazvaricati
1440 5417 1562 5462 sunt

1692 450 1695 453 .
1760 389 2065 448 GELASH
2104 390 2236 447 CYZ
2246 388 2448 447 [CENI

1634 497 1725 548 καὶ
1741 495 2107 565 ἀποστολικῆς
2140 495 2466 564 Ἐκκλησίας
2485 494 2683 566 δόγμα-

1635 605 1710 652 σι,
1740 588 1885 641 τοῦτ’
1919 588 2037 640 ἔστι
2073 578 2329 658 διγάμοις
2376 589 2676 653 κοινωνῶν,

1632 680 1725 731 καὶ
1754 681 1867 740 τοῖς
1896 681 1954 729 ὲν
2008 678 2088 747 τῷ
2144 677 2378 748 διωγμῷ
2423 694 2681 748 παραπε-

1634 768 1927 830 πτωκόσιν,
1962 767 2049 835 ἐφ’
2076 761 2150 821 ὧν
2175 767 2272 819 καὶ
2300 766 2490 837 χρόνος
2519 768 2683 821 τέταο

1636 872 1783 919 κται,
1839 856 1933 909 καὶ
1982 855 2173 926 καιρὸς
2228 854 2482 925 ὥρισται,
2540 856 2681 910 ὥστε

1631 944 1828 1007 αὐτοὺς
1886 944 2203 998 ἀκολουθεῖν
2282 947 2341 997 ὲν
2379 946 2514 998 πᾶσι
2569 948 2681 1008 τοῖς

1629 1034 1862 1104 δόγμασι
1921 1034 2023 1102 τῆς
2079 1034 2377 1103 καθολικῆς
2448 1035 2680 1106 Ἐκκλη-

1632 1124 1752 1188 σίας
1781 1165 1795 1190 ,
1881 1124 2050 1179 Ἔνθα
2133 1124 2231 1195 μὲν
2299 1124 2394 1178 οὖν
2481 1124 2679 1189 πάντες

1633 1215 1743 1268 εἴτε
1806 1215 1864 1269 ὲν
1918 1213 2157 1285 κώμαις,
2201 1215 2312 1268 εἴτε
2352 1210 2410 1268 ἒν
2462 1213 2680 1268 πόλεσιν

1630 1300 1785 1359 αὐτοὶ
1818 1304 1969 1375 μόνοι
1998 1304 2341 1376 εὑρίσκοιντο
2380 1321 2684 1375 χειροτονη-

1631 1393 1836 1459 Θέντες,
1861 1395 2243 1466 εὑρισκόμενοι
2272 1395 2331 1448 ἐν
2351 1394 2429 1465 τῷ
2471 1394 2677 1466 κλήρῳ,

1630 1490 1846 1561 ἔσονται
1877 1492 1935 1544 ὲν
1953 1490 2031 1561 τῷ
2051 1490 2200 1561 αὐτῷ
2221 1492 2485 1562 σχήματι.
2521 1491 2677 1544 Ὅσοι

1630 1580 1688 1633 δὲ
1724 1579 1820 1634 τοῦ
1854 1582 1952 1651 τῆς
2000 1580 2301 1650 καθολικῆς
2344 1578 2676 1651 Ἐκκλησίας

1631 1673 1932 1726 ἐπισκόπου
1990 1672 2025 1744 ἢ
2079 1672 2456 1743 πρεσϐυτέρου
2502 1672 2675 1738 ὄντος,

1631 1764 2049 1835 προσέρχονται,
2071 1763 2337 1834 πρόδηλον
2363 1764 2439 1828 ὡς
2490 1766 2524 1829 ὁ,
2579 1765 2677 1836 μὲν

1628 1852 1926 1916 ἐπίσκοπος
1951 1853 2047 1922 τῆς
2096 1853 2424 1924 Ἐκκλησίας
2461 1853 2572 1919 ἕξει
2618 1854 2679 1908 τὸ

1631 1943 1847 2014 ἀξίωμα
1866 1942 1962 1996 τοῦ
1984 1943 2285 1997 ἐπισκόπου
2305 1960 2320 1975 ο
2345 1946 2373 1998 ὀ
2397 1944 2456 1998 δὲ
2477 1945 2676 2014 ὀνομα-

1631 2020 1692 2096 ζό
1698 2052 1764 2105 με
1771 2051 1860 2097 νος
1875 2052 1949 2088 πα
1958 2034 2025 2104 ρὰ
2043 2035 2153 2098 τοῖς
2164 2034 2443 2105 Καθαροῖς
2455 2034 2678 2089 ἐπίσκο-

1631 2140 1731 2187 πος
1779 2126 1877 2193 τὴν
1932 2123 2027 2176 τοῦ
2082 2124 2459 2196 πρεσϐυτέρου
2512 2126 2680 2196 τιμὴν

1630 2215 1775 2280 ἔξει·
1812 2214 1953 2286 πλὴν
2005 2216 2054 2268 εἰ
2098 2214 2174 2284 μὴ
2199 2216 2329 2286 ἀρα¹
2364 2214 2548 2286 δοκοίη
2599 2216 2678 2288 τῷ

1632 2306 1916 2375 ὲπισκόπῳ
1940 2305 2038 2375 τῆς
2086 2302 2375 2374 τιμῆς’τοῦ
2415 2303 2679 2374 ὀνόματος

1634 2384 1796 2449 αὑτὸν
1856 2396 2125 2466 μετέχειν.
2182 2395 2248 2450 El
2278 2380 2343 2447 ¹δὲ
2392 2394 2470 2465 μὴ
2519 2395 2678 2451 τοῦτο

1633 2486 1784 2557 αὐτῷ
1830 2487 2079 2557 ἀρέσκοι,
2127 2487 2404 2556 ἐπινοήσει
2438 2486 2603 2540 τόπον
2643 2486 2675 2559 ἢ

1633 2580 2057 2649 χωρεπισκοπῆς
2129 2577 2163 2648 ἢ
2238 2576 2609 2647 πρεσϐυτέρου
2659 2617 2675 2641 ,

1635 2669 1774 2739 ὑπὲρ
1809 2668 1903 2721 τοῦ
1934 2669 1992 2720 ὲν
2030 2666 2107 2737 τῷ
2133 2666 2321 2737 κλήρῳ
2344 2666 2480 2730 ὅλως
2504 2667 2677 2721 δοκεῖν

1635 2754 1798 2825 εἶναι,
1845 2759 1932 2812 ἵνα
1969 2758 2046 2830 μὴ
2074 2760 2132 2811 ὲν
2163 2761 2231 2829 τῇ
2272 2758 2421 2810 πόλει
2446 2758 2539 2812 δύο
2564 2760 2682 2812 ἐπί-

1637 2867 1829 2904 σκοποι
1851 2842 2003 2903 ὦσιν.

2112 3008 2188 3061 6’.

1651 3117 1791 3185 Περὶ
1833 3116 2203 3185 χειροτονίας
2233 3116 2670 3185 πρεσϐυτέρων.

1708 3313 1777 3367 Εἴ
1808 3332 1953 3377 τινες
1985 3314 2355 3379 ἀνεξετάστως
2390 3313 2673 3387 προήχθη-

1637 3422 1735 3458 σαν
1768 3404 2162 3476 πρεσϐύτεροι.
2191 3406 2225 3475 ἢ
2255 3404 2673 3476 ἀνακρινόμενοι

1637 3496 1997 3566 ὡμολόγησαν
2040 3496 2111 3549 τὰ
2154 3484 2523 3567 ἡμαρτημένα
2571 3496 2671 3548 αὑ-

1634 3589 1786 3649 τοῖς,
1835 3590 1929 3639 καὶ
1987 3576 2464 3657 ὁμολογησάντων,
2518 3585 2671 3656 παρά

1636 3680 1836 3731 κανόνα
1889 3677 2196 3747 κινούμενοι
2244 3675 2522 3747 ἄνθρωποι
2561 3678 2672 3746 χεῖ-

1641 3776 1738 3836 ρας
1773 3765 2148 3818 ἐπιτεθείκασι
2174 3805 2189 3829 ,
2225 3766 2350 3827 τοὺς
2396 3763 2671 3827 τοιούτους

1636 3861 1664 3912 ὁ
1694 3860 1873 3912 κανὼν
1899 3855 1960 3912 οὗ
2002 3859 2318 3928 προσίεται.
2346 3858 2420 3911 Τὸ
2451 3860 2562 3930 γὰρ
2583 3860 2673 3914 ἀν·

1638 3950 1935 4021 επίληπτον
2001 3950 2279 4023 ἐκδικήσει
2323 3951 2358 4021 ἠ
2408 3950 2669 4023 καθολικὴ

1652 4040 1965 4111 Ἐκκλησία.

2125 4221 2158 4276 ll

1640 4334 1776 4402 Περὶ
1833 4334 1955 4387 τῶν
2000 4336 2351 4402 παυόντων,’
2385 4336 2483 4389 καὶ
2529 4352 2671 4404 προ-

1710 4404 2136 4472 χειρισθέντων
2160 4404 2311 4459 κατὰ
2328 4404 2597 4475 ἄγνοιαν.

1710 4514 1869 4568 Ὅσοι
1898 4515 2394 4589 προεχειρίσθησαν
2420 4516 2528 4569 τῶν
2557 4532 2663 4570 παν

1642 4605 2079 4673 ραπεπτωκότων
2135 4605 2279 4659 κατὰ
2331 4605 2578 4672 ἄγνοιαν,
2631 4604 2666 4675 ἢ

1634 4693 1730 4747 καὶ
1779 4694 2107 4764 προειδότων
2154 4693 2264 4748 τῶν
2317 4708 2670 4767 προχειρισα-

1639 4782 1842 4849 μένων,
1874 4783 2031 4837 τοῦτο
2051 4785 2113 4837 οὐ
2148 4785 2431 4856 προκρίνει
2461 4784 2538 4855 τῷ
2570 4801 2671 4838 κα-

1640 4871 1750 4925 νόνι
1767 4872 1844 4945 τῷ
1864 4874 2318 4945 ἐκκλησιαπικῷ.
2338 4875 2674 4937 Γνωσθέντες

1640 4965 1750 5033 γὰρ
1772 4965 2180 5037 καθαιροῦνται.

2077 5119 2192 5186 μ’.

1639 5230 1777 5297 Περὶ
1844 5228 1965 5284 τῶν·
2038 5229 2429 5298 παραϐάντων
2492 5233 2667 5301 χωρὶς

1987 5301 2281 5371 ἀνάγκης.

1706 5408 1846 5479 Περὶ
1878 5409 1988 5463 τῶν
2023 5408 2473 5480 παραϐαινόντων
2502 5412 2672 5483 χωρὶς

2756 500 2897 566 quod
2929 502 3408 558 communicabunt
3430 510 3551 558 cum
3584 506 3677 560 his
3701 507 3793 575 qui

2753 591 3020 646 secundas
3080 593 3298 661 nuptias
3347 597 3554 664 experti
3627 610 3794 662 sunt,

2753 690 2807 734 et
2838 680 2923 735 bis
2948 681 3043 748 qui
3088 685 3484 750 persecutionis
3534 695 3792 755 tempore

2754 767 2886 838 lapsi
2916 778 3066 833 sunt,
3093 771 3294 839 quibus
3324 782 3505 827 tamen
3563 786 3622 829 et
3659 785 3799 829 tem-

2752 871 2852 924 pus
2891 860 3249 915 constitutum
3282 871 3338 915 et
3373 862 3490 917 dies
3522 863 3800 919 deﬁnitus

2751 957 2855 1010 est,
2894 958 2952 1001 ut
2986 959 3289 1019 sequantur
3328 952 3381 1004 in
3411 953 3672 1007 omnibus
3696 957 3797 1008 dea

2752 1046 2898 1091 creta
2926 1038 3208 1094 catholica:
3238 1039 3514 1098 Ecclesiae.
3545 1041 3801 1099 Ubicun-

2754 1143 2863 1197 que
2896 1129 3063 1199 igitur
3123 1132 3238 1186 sive
3280 1132 3333 1187 in
3373 1132 3523 1203 pagis
3583 1135 3708 1191 sive
3743 1138 3799 1191 in

2754 1218 2977 1274 urbibus
3012 1218 3113 1290 ipsi
3144 1210 3495 1278 inveniantur
3519 1225 3795 1289 Ordinati,

2752 1309 2956 1365 inventi
2987 1310 3041 1366 in
3077 1310 3246 1378 clero,
3297 1314 3457 1369 e'runt
3488 1315 3542 1371 in
3590 1317 3793 1372 eodem

2750 1398 2942 1454 ordine
3007 1416 3022 1453 :
3100 1400 3411 1472 quicunque
3477 1415 3669 1459 autem
3734 1420 3801 1458 eo

2753 1489 2997 1557 veniunt,
3028 1491 3122 1547 ubi
3143 1492 3258 1562 iam
3281 1501 3363 1548 est
3408 1494 3674 1550 Ecclesiae
3700 1496 3796 1550 ca—

2749 1580 2964 1636 tholicaa
3000 1583 3288 1653 episcopus
3328 1595 3428 1639 aut
3474 1587 3794 1656 presbyter.

2752 1670 3100 1728 manifestum
3122 1677 3265 1744 quod
3295 1675 3584 1746 episcOpus
3607 1677 3797 1733 Eccle-

2749 1759 2845 1815 siae
2862 1761 3083 1817 habebit
3101 1765 3483 1822 auctoritatem
3505 1769 3789 1837 episcopi:

2750 1851 2843 1919 qui
2874 1862 3058 1907 autem
3111 1869 3141 1907 a
3223 1856 3478 1912 Cathnris
3551 1870 3792 1913 vocatur

2751 1941 3073 2011 episcopus,
3138 1947 3438 2016 presbyteri
3518 1950 3791 2003 honorem

2752 2027 2971 2086 habebit
3002 2049 3015 2085 :
3049 2033 3153 2087 nisi
3189 2034 3327 2089 forte
3356 2036 3631 2106 placuerit
3664 2040 3789 2109 epi-

2752 2135 2915 2190 scopo
2939 2124 3174 2178 nominis
3192 2128 3450 2181 honorem
3470 2128 3547 2181 illi
3580 2130 3792 2200 imper-

2755 2213 2877 2268 tire.
2911 2214 3006 2268 Sin
3037 2216 3215 2271 minus
3256 2217 3361 2272 hoc
3393 2218 3443 2273 ei
3487 2219 3789 2289 placuerit.

2753 2304 3056 2373 providehit
3120 2305 3194 2359 illi
3250 2306 3425 2362 locum
3484 2309 3570 2365 vel
3619 2314 3792 2366 chor-

2752 2393 3016 2463 episcopi,
3052 2394 3137 2449 vel
3168 2397 3498 2467 presbyteri;
3524 2408 3581 2451 ut
3606 2401 3793 2453 omni-

2754 2497 2824 2537 no
2857 2483 2945 2540 ille
2977 2486 3029 2539 in
3060 2485 3211 2541 clero
3257 2502 3379 2544 esse
3435 2490 3707 2557 videatur,
3735 2505 3790 2546 et

2752 2575 2805 2628 iu
2854 2591 2958 2630 una
3007 2576 3139 2632 urbe
3198 2594 3303 2633 non
3366 2581 3475 2636 sint
3524 2584 3634 2640 duo
3666 2588 3793 2656 ενι-

2751 2681 2898 2736 εεορι
2908 2706 2921 2720 .

3221 3014 3308 3071 IX.

2822 3124 2897 3180 De
2924 3127 3251 3185 ordinatione
3267 3131 3713 3202 presbyterorum.

2819 3299 2876 3353 Si
2906 3302 2994 3369 qui
3025 3312 3158 3357 ettra
3177 3306 3634 3363 examinationem
3659 3325 3782 3381 pro-

2745 3393 2874 3446 moti
2904 3403 3030 3447 sunt
3076 3396 3411 3467 presbyteri,
3442 3410 3535 3454 aut
3567 3403 3781 3457 exami-

2744 3482 2855 3536 nati
2885 3485 3119 3541 confessi
3156 3497 3285 3543 sunt
3318 3500 3537 3559 peccata
3570 3508 3694 3559 sua,
3729 3503 3783 3548 et

2742 3585 3029 3646 postquam
3067 3581 3302 3637 confessi
3337 3589 3488 3647 sunt,
3529 3584 3782 3639 homines

2741 3670 2998 3725 commoti
3053 3672 3244 3728 manus
3294 3673 3375 3729 eis
3424 3675 3783 3745 imposuerint

2740 3769 2937 3828 preter
2965 3772 3252 3828 canonem,
3288 3764 3424 3821 tales
3445 3782 3550 3821 non
3580 3769 3783 3823 admit-

2741 3852 2808 3905 tit
2851 3866 3043 3908 canon.
3082 3853 3248 3922 Quod
3287 3856 3431 3912 enim
3456 3856 3765 3929 ‘lrepreheu-

2742 3943 2896 3999 sione
2934 3955 3085 4001 caret
3111 3987 3127 4012 ,
3166 3946 3364 4002 tuetur
3408 3946 3651 4005 Ecclesia
3685 3966 3777 4006 ca-

2743 4035 2960 4092 tholica.

3225 4217 3292 4272 X.

2741 4329 2819 4384 De
2868 4329 3069 4399 lapsis,
3100 4339 3151 4384 et
3199 4330 3457 4411 ordinatis
3493 4347 3584 4399 per
3625 4332 3767 4401 igno-

3126 4408 3373 4454 rantiam.

2809 4512 3127 4583 Quicunque
3184 4529 3250 4569 ex
3305 4514 3472 4583 lapsis
3528 4512 3766 4570 ordinati

2739 4613 2869 4661 sunt
2914 4619 3013 4674 per
3048 4605 3441 4676 ignorantiam,
3470 4603 3560 4659 vel
3603 4604 3765 4658 etiam

2740 4696 3036 4753 scientibus
3069 4697 3135 4752 iis
3164 4697 3258 4767 qui
3291 4696 3633 4759 ordinarunt,
3669 4694 3769 4747 hoc

2743 4804 2852 4846 non
2905 4788 3220 4860 praeiudicat
3257 4785 3455 4841 canoni
3508 4783 3767 4840 ecclesia-

2746 4884 2881 4940 stico
2910 4899 2926 4936 :
2955 4881 3155 4951 cogniti
3184 4880 3333 4935 enim
3367 4880 3730 4950 deponuntur.

3210 5111 3304 5167 Χ..

2742 5230 2818 5286 De
2849 5230 2931 5284 his
2970 5230 3062 5300 qui
3102 5211 3434 5310 prwuohcati
3480 5235 3603 5281 sunt
3634 5224 3766 5278 citra

3059 5309 3434 5355 necessitatem.

2817 5412 2892 5469 De
2912 5412 2997 5467 his
3018 5412 3110 5482 qui
3138 5409 3473 5482 praevaricati
3499 5417 3626 5464 sunt
3644 5409 3767 5464 abs-

602 5599 762 5655 ”Al.
827 5597 906 5656 De
943 5602 1025 5655 his
1082 5604 1171 5671 qui
1203 5604 1268 5655 ad
1322 5603 1685 5675 sacerdotium
1720 5606 1839 5659 sine
1871 5604 2271 5661 examinatione
2304 5608 2530 5675 promoti
2588 5616 2735 5662 sunt.
2811 5610 2959 5663 "Al.
2992 5611 3067 5663 De
3127 5608 3210 5662 his
3270 5607 3356 5674 qui
3431 5612 3761 5673 negaverunt

536 5666 1039 5750 in._perseeutionc,
1096 5666 1148 5723 et
1183 5680 1364 5739 postea
1426 5674 1494 5726 ad
1519 5674 1836 5728 clericatum
1897 5677 2132 5742 promoti
2181 5666 2329 5731 sunt.
2399 5677 2446 5707 τ’
2470 5677 2557 5731 At.
2589 5677 2663 5732 De
2689 5679 2776 5733 his
2801 5681 2890 5748 qui
2929 5666 3361 5749 negaverunt,'ct
3392 5666 3659 5730 habeiitur
3711 5678 3763 5727 in

538 5734 714 5794 Μ
