4148 6548
337 412 472 479 1329

337 525 454 597 sine
503 523 609 579 ulla
655 528 1014 595 necessitate,
1059 530 1176 587 sine
1220 532 1370 586 abla-

1218 424 1583 484 HISTORIA
1621 424 1953 484 CONCILII
1993 424 2297 483 NICIENI.
2338 445 2408 457 -·
2442 422 2588 482 LIB.
2632 422 2713 482 II.

1445 534 1692 603 ἀνάγκης
1712 574 1727 599 ,
1762 534 1796 603 ἢ
1830 532 2175 603 ἀφαιρέσεως
2202 529 2476 601 ὑπαρχόν-

342 613 485 669 tione
549 618 893 686 patrimonii,
956 621 1043 676 vel
1109 623 1227 677 sine
1281 637 1373 691 pe—
1443 641 1574 687 των,
1616 625 1650 695 ἢ
1699 624 1869 695 χωρὶς
1906 641 1980 688 κω

844 621 893 686 i,
956 621 1043 676 vel
1109 623 1227 677 sine
1281 637 1373 691 pe—
1443 641 1574 687 των,
1616 625 1650 695 ἢ
1699 624 1869 695 χωρὶς
1906 621 2191 688 κινδύνων,
2247 621 2281 691 ἦ
2332 630 2478 683 τινος

343 701 543 769 riculo,
576 715 670 761 aut
697 707 876 777 aliqua
911 710 1005 765 tali
1033 726 1111 777 re,
1137 726 1259 779 quae
1288 722 1373 766 est
1444 715 1710 780 τοιούτου,
1761 716 1790 779 ὃ
1832 715 1981 783 γέγοι

844 724 876 763 a
911 710 1005 765 tali
1033 726 1111 777 re,
1137 726 1259 779 quae
1288 722 1373 766 est
1444 715 1710 780 τοιούτου,
1761 716 1790 779 ὃ
1832 715 2058 783 γέγονεν
2093 715 2189 769 ἐπὶ
2237 713 2340 782 τῆς
2388 730 2481 766 τυ-

342 792 394 847 in
452 796 745 861 novissima
794 802 1080 869 tyrannide
1128 803 1368 857 Licinii:

341 884 545 955 placuit
585 897 776 944 sancto
823 890 1093 956 concilio,
1122 892 1249 948 licet
1291 894 1374 947 in-
1443 898 1549 968 ὁδῳ

1448 807 1689 877 ραννίδος
1735 806 1979 861 Λικινίου
2002 822 2016 838 ο
2058 804 2204 870 ἔδοξε
2254 808 2323 875 τῇ
2359 821 2484 857 συν-

1570 939 1586 963 ,
1636 899 1686 951 εί
1742 898 1841 952 καὶ
1870 898 2084 964 ἀνάξιοι
2126 892 2269 965 ἦσαν
2296 896 2486 964 φιλαν-

342 974 489 1043 digni
550 976 659 1031 sint
712 978 1123 1045 misericordia,
1194 990 1371 1036 tamen
1447 987 1714 1059 Θρωπίας,
1740 988 1891 1057 ὅμως
1926 1005 1980 1059 χε

848 979 1084 1034 τῖσαι-ἀίει
1108 1020 1123 1045 ,
1194 990 1371 1036 tamen
1447 987 1714 1059 Θρωπίας,
1740 988 1891 1057 ὅμως
1926 986 2373 1059 χρηστεύσασθαι
2406 987 2486 1047 εἰς

344 1063 547 1167 aliquid
591 1076 780 1122 contra
828 1067 1020 1142 [circa]
1055 1084 1150 1127 eos
1184 1070 1373 1125 bumao
1446 1080 1662 1144 αὐτούς.
1693 1080 1850 1134 Ὅσοι
1888 1075 1982 1133 οὖν

1955 1097 1982 1133 ν
2026 1080 2265 1150 γνησίως
2296 1080 2488 1149 ῑμετα-
2565 1078 2745 1126 tamen
2780 1070 2963 1140 aliqua
2994 1084 3126 1139 erga
3152 1084 3247 1126 eos
3278 1072 3379 1125 uti.
3412 1069 3593 1136 Quos-

346 1158 529 1210 nitatis
582 1160 818 1216 ostendi.
875 1158 930 1214 Si
980 1162 1071 1229 qui
1123 1176 1254 1232 ergo
1307 1176 1381 1227 ex,
1456 1170 1758 1243 μελῶνται,
1791 1170 1919 1241 τρία
1967 1170 1984 1221 ἓ

1967 1168 2065 1238 ἔτη
2103 1171 2163 1223 ὲν
2196 1169 2490 1239 ἀκροωμέ-
2564 1176 2779 1233 cunque
2833 1162 2998 1231 igitur
3046 1163 3192 1217 serio
3247 1163 3509 1231 ptenitet,
3560 1161 3594 1214 ii

346 1245 528 1300 animo
549 1248 833 1316 pmuitent,
863 1251 1035 1305 tribus
1054 1250 1213 1305 annis
1234 1250 1377 1304 inter

348 1337 621 1394 auditores
650 1340 1051 1395 constituantur
1080 1359 1093 1395 :
1125 1342 1173 1397 si
1197 1352 1376 1397 tamen

353 1425 533 1483 ﬁdeles
569 1429 678 1483 sint
701 1448 714 1483 :
738 1438 791 1485 et
813 1440 1019 1501 septem
1054 1432 1209 1488 annis
1236 1432 1377 1486 inter

354 1518 676 1584 poenitentes
746 1521 858 1576 sint
902 1539 917 1576 :
966 1523 1177 1579 duobus
1250 1538 1379 1581 vero

356 1613 513 1667 annis
576 1621 727 1666 extra
803 1616 1236 1670 communionem
1332 1617 1386 1670 in

354 1703 596 1759 oratione
636 1702 750 1758 sola
798 1707 1089 1774 participes
1124 1706 1255 1761 (iant
1286 1722 1383 1775 po-

354 1791 498 1861 pulo.

810 1907 922 1962 XIl.

357 2014 404 2048 ⁸⁸
424 2017 498 2092 De
518 2022 814 2092 poenitentia
833 2038 1013 2074 eorum
1029 2023 1118 2087 qui
1133 2024 1389 2092 baptizati

428 2089 495 2141 ad
523 2090 829 2145 erecti/arent
849 2092 1092 2144 militiam
1124 2089 1394 2146 reuertun-

428 2167 532 2211 tur.

415 2267 485 2330 ,Si
517 2271 609 2338 qui
646 2286 775 2325 vero
811 2276 984 2328 vocati
1013 2289 1110 2343 per
1142 2273 1235 2328 Dei
1272 2289 1397 2344 gra-

360 2362 488 2437 tiam
537 2361 714 2432 primo
760 2366 977 2432 quidem
1041 2366 1397 2423 ostenderunt

361 2452 518 2508 tidem
552 2468 704 2509 suam
755 2456 998 2525 deposito
1033 2457 1237 2514 militia:
1281 2457 1399 2512 cin-

359 2543 502 2612 gulo,
535 2546 772 2615 postlimc
808 2557 986 2604 autem
1026 2549 1094 2604 ad
1119 2550 1393 2620 proprium

365 2636 625 2697 vomitum
666 2640 866 2696 reversi
912 2650 1076 2709 sunt,
1107 2641 1182 2695 ita
1214 2651 1274 2695 ut
1296 2653 1391 2708 pe-

362 2730 559 2793 cunias
585 2730 777 2789 darent
818 2742 873 2788 et
908 2734 1179 2789 ambirent
1208 2747 1396 2787 rursus

362 2822 542 2887 redire
602 2823 669 2878 ad
726 2824 1015 2892 militiam;
1064 2826 1152 2881 isti
1211 2826 1394 2881 decem

361 2914 519 2968 annis
557 2914 669 2973 sint
710 2913 854 2971 inter
884 2916 1246 2983 ptenitentes,
1280 2926 1400 2984 post

267 3024 271 3027 λ
362 3003 597 3071 primum
621 3004 913 3067 triennium
950 3021 1057 3076 quo
1098 3006 1296 3061 iuerint
1324 3007 1399 3061 in-

365 3101 447 3150 ter
502 3095 801 3157 auditores.
850 3097 905 3152 In
963 3098 1217 3154 omnibus
1270 3114 1398 3154 vero

364 3191 492 3247 illud
544 3193 815 3263 praecipuo
862 3195 1297 3260 observandum,
1344 3206 1398 3248 ut

364 3284 582 3341 animus
617 3299 683 3338 ac
708 3286 1044 3353 propositum
1086 3301 1275 3341 eorum
1318 3287 1401 3341 vel

365 3375 577 3442 species
653 3374 989 3442 ptenitentiae
1069 3377 1400 3444 requiratur.

366 3463 686 3534 Quicunque
709 3467 851 3519 enim
897 3482 1017 3521 cum
1038 3468 1186 3521 omni
1213 3468 1407 3527 timore

368 3564 425 3615 et
441 3554 698 3624 lacrymis
719 3557 1191 3623 perseverantibus
1210 3566 1265 3611 et
1285 3572 1407 3626 ope-

372 3647 522 3700 ribus
571 3646 728 3701 bonis
782 3646 1195 3703 conversionem
1229 3662 1405 3713 suam,

371 3752 476 3792 non
515 3737 632 3791 solo
666 3736 875 3803 habitu,
907 3740 1003 3794 sed
1036 3754 1199 3807 opere
1230 3750 1286 3795 et
1318 3754 1407 3795 ve-

372 3832 534 3885 ritate
581 3830 992 3898 demonstrant;
1052 3832 1106 3887 hi
1166 3842 1409 3906 tempora

372 3928 574 3973 statuta
606 3918 936 3987 complentes
974 3923 1171 3978 merito
1199 3923 1408 3978 oratio-

374 4010 530 4064 nibus
554 4009 1051 4070 communicabunt.
1084 4012 1294 4068 Licebit
1316 4029 1412 4066 au-

375 4108 481 4153 tem
500 4100 753 4176 episcopo
770 4106 933 4161 etiam
952 4105 1241 4159 humanius
1264 4104 1410 4158 circa

371 4202 471 4246 eos
499 4191 703 4267 aliqmd
747 4198 1007 4267 cogitare.
1043 4193 1100 4249 Si
1149 4194 1239 4263 qui
1281 4207 1410 4247 vero

377 4280 747 4344 indifferenter
814 4288 1118 4341 habuerunt
1199 4284 1407 4353 lapsum

381 4396 559 4445 suum,
591 4386 644 4433 et
674 4374 919 4432 sufﬁcere
944 4374 1045 4430 sibi
1068 4372 1412 4430 existimave-

387 4479 510 4524 runt
538 4471 603 4524 ad
645 4467 1074 4528 conversionem,
1106 4466 1209 4519 hoc
1238 4463 1411 4534 ipsum

1450 1282 1564 1327 νοις
1595 1265 1905 1334 ποιήσουσι,
1936 1265 2031 1317 καὶ
2057 1265 2196 1317 ἑπτὰ
2227 1264 2323 1334 ἔτη
2359 1264 2492 1317 ὑπο-

1450 1354 1775 1409 πεσοῦνται·
1804 1354 1896 1407 δύο
1925 1353 1982 1407 δὲ
2008 1354 2103 1423 ἔτη
2139 1353 2308 1423 χωρὶς
2336 1369 2497 1423 προσ-

1451 1449 1623 1518 φορᾶς
1658 1447 2048 1518 κοινωνήσωσι
2111 1444 2190 1514 τῷ
2234 1443 2349 1514 λαῷ
2382 1443 2493 1497 τῶν

1458 1539 1652 1609 εὐχῶν.

1920 1896 2020 1951 IB'.

1462 2016 1601 2084 Περὶ
1656 2012 1773 2081 τῶν
1837 2009 2331 2084 ᾀπρταξαιιένων,
2404 2007 2507 2084 καὶ

1533 2078 1721 2138 Enim“
1748 2083 1834 2147 εις
1863 2082 2097 2149 κόσμον
2124 2078 2505 2148 ἀναδραμόν-

1536 2170 1674 2209 των.

1536 2266 1598 2318 Oi
1639 2262 2077 2334 προσκληθέντες
2106 2262 2209 2315 ὑπὸ
2226 2264 2325 2331 τῆς
2351 2265 2505 2330 χάρι-

1467 2374 1579 2421 τος,
1609 2356 1703 2409 καὶ
1732 2354 1831 2426 τὴν
1860 2354 2087 2424 πρώτην
2129 2352 2308 2423 ὁρμὴν
2338 2351 2508 2405 ἐνδει-

1471 2447 1693 2519 ξάμενοι
1718 2487 1732 2511 ,
1766 2447 1861 2499 καὶ
1899 2444 2227 2513 ἀποθέμενοι
2258 2443 2358 2505 τὰς
2398 2440 2506 2506 ζὼ-

1471 2562 1589 2611 νας,
1627 2543 1766 2616 μετὰ
1784 2542 1840 2595 δὲ
1867 2540 2041 2594 ταῦτα
2066 2540 2161 2591 ἐπὶ
2191 2538 2282 2590 τὸν
2304 2537 2501 2590 οἰκεῖον

1469 2637 1663 2708 ἔμετον
1684 2632 2109 2703 ἀναδραμόντες,
2133 2629 2210 2692 ὣς
2234 2644 2387 2690 τινας
2410 2628 2505 2681 καὶ

1469 2727 1709 2800 ἀργύρια
1730 2722 2036 2794 προΐεσθαι,
2061 2722 2159 2777 καὶ
2180 2719 2504 2790 βενεφικίοις

1471 2820 1820 2892 κατορθῶσαι
1849 2817 1910 2870 τὸ
1945 2814 2343 2888 στρατεύεσθαι
2366 2829 2379 2844 ·
2410 2807 2504 2866 οὗ-

1470 2930 1551 2967 τοι
1574 2912 1707 2965 δέκα
1734 2911 1829 2980 ἐτη
1860 2906 2341 2970 ὑποπιπτέτωσαν,
2371 2903 2509 2975 μετὰ

1468 3004 1560 3059 τὸν
1588 3005 1686 3075 τῆς
1728 2998 1979 3073 τριετοῦς
2017 2998 2337 3069 ἀκροάσεως
2379 2996 2504 3069 χρό-

1470 3113 1581 3150 νον.
1627 3096 1742 3163 Ἐφ’
1783 3091 1953 3146 ἅπασι
1999 3090 2055 3143 δὲ
2089 3088 2301 3149 τούτοις
2337 3103 2507 3159 προσ-

1474 3191 1598 3261 ήκει
1663 3185 1939 3253 ἐξετάζειν
2001 3182 2101 3253 τὴν
2160 3178 2505 3252 προαίρεσιν,

1473 3281 1568 3335 καὶ
1600 3279 1661 3332 τὸ
1700 3272 1840 3339 εἶδος
1876 3275 1976 3344 τῆς
2009 3272 2320 3343 μετανοίας.
2350 3271 2508 3324 Ὅσοι

1480 3372 1578 3455 μὲν
1605 3369 1713 3438 γὰρ
1745 3366 1840 3421 καὶ
1882 3365 2061 3436 φόϐῳ,
2096 3366 2193 3417 καὶ
2238 3363 2509 3433 δάκρυσι,

1477 3463 1573 3517 καὶ
1627 3461 1911 3530 ὑπομονῇ,
1966 3458 2063 3510 καὶ
2122 3455 2512 3525 ἁγαθοεργίαις

1478 3554 1576 3621 τὴν
1600 3550 1989 3623 ἑπιστρέφειαν
2009 3548 2155 3618 ἔργῳ
2176 3548 2238 3600 οὐ
2272 3547 2514 3616 σχήματι

1482 3645 1900 3707 ἐπιδείκνυνται,
1937 3634 2083 3695 οὗτοι
2125 3638 2516 3712 πληρώσαντες

1484 3738 1576 3791 τὸν
1641 3735 1832 3807 χρόνον
1896 3733 1987 3786 τὸν
2052 3729 2361 3802 ὡρισμένον
2417 3728 2516 3805 τῆς

1480 3828 1832 3902 ἀκροάσεως,
1881 3823 1990 3878 τῶν
2036 3820 2212 3892 εὐχῶν
2257 3820 2520 3889 κοινωνή-

1482 3937 1659 3975 σουσι.
1687 3917 1845 3974 Μετᾶ
1880 3913 1979 3969 τοῦ
2040 3912 2245 3977 ἐξεῖναι
2274 3910 2354 3982 τῷ
2398 3910 2517 3963 ἑπι-

1485 4012 1673 4081 σκόπῳ
1707 4002 2219 4079 φιλανθρωπότερον
2278 4018 2333 4054 τι
2388 4001 2518 4071 περὶ

1484 4101 1663 4157 αὐτῶν
1698 4095 2112 4170 βουλεύσασθαι.
2138 4090 2294 4170 Ὀσοι
2321 4091 2380 4145 δὲ
2407 4091 2520 4144 δια-

1483 4195 1662 4265 φόρως
1690 4169 1950 4263 ἤνεγκαν,
1981 4187 2076 4241 καὶ
2105 4185 2165 4241 τὸ
2203 4169 2392 4256 σέῆμα
2422 4182 2515 4239 τοῦ

1482 4286 1709 4339 εἰσιέναι
1744 4284 1824 4344 είς
1854 4281 1952 4352 τὴν
1984 4276 2311 4346 Ἐκκλησίαν
2330 4277 2520 4348 ἀρκεῖν

1486 4376 1697 4437 ἑαυτοῖς
1744 4373 2018 4445 ἡγήσαντο
2066 4369 2202 4439 πρὸς
2254 4366 2353 4438 τὴν
2389 4367 2515 4418 ἐπι⁴

1490 4463 1747 4538 στροφὴν,
1788 4446 2089 4527 ἐξάπανττος
2124 4458 2231 4529 πλη
2241 4457 2519 4528 ρούτωσαν

385 4561 524 4629 quod
561 4561 785 4615 introire
818 4560 873 4613 in
921 4554 1217 4611 Ecclesiam
1270 4553 1418 4607 vide—
1488 4558 1578 4612 τὸν
1609 4557 1821 4628 χρόνον.

388 4657 615 4718 bantur;
671 4651 756 4705 isti
815 4648 1131 4704 omnimodo
1173 4656 1414 4716 tempora

386 4756 585 4801 statuta
610 4743 881 4813 complere
913 4741 1129 4796 debent.

839 4850 973 4908 XIII.

392 4976 434 5004 ⁸¹
465 4972 536 5027 De
560 4971 980 5029 reconciliatione
1003 4970 1179 5021 (lauda
1205 4968 1429 5020 morieu-
1500 4947 1638 5017 "3.0z
1684 4942 1930 5029 τῶν,έῖ
1957 4956 2030 5029 ,E‘

890 4985 980 5029 one
1003 4970 1179 5021 (lauda
1205 4968 1429 5020 morieu-
1500 4947 1638 5017 Περὶ
1684 4942 1930 5029 “Brit
1957 4931 2528 5029 ,E‘t",.__‘_*ff?_‘_’_”,’if_’"m

827 5040 980 5094 tibus.
1194 5098 1214 5123 1

466 5154 542 5208 De
590 5151 675 5206 bis
728 5164 854 5205 vero
910 5149 1000 5218 qui
1056 5146 1312 5201 recedunt
1355 5159 1419 5196 ex

395 5259 645 5315 corpore,
671 5243 905 5310 antiquae
934 5239 1070 5309 legis
1109 5236 1295 5307 regula
1326 5235 1423 5289 ob-

1972 4827 2068 4880 Il".

1607 5012 1928 5069 κοινωνίαν
1948 5005 2402 5075 ἑπιζῆιτούντων.

1567 5130 1700 5201 Περὶ
1719 5127 1828 5183 τῶν
1860 5121 2215 5190 ὲξοδευόντων
2242 5120 2271 5172 ὁ
2302 5113 2527 5178 παλαιὸς

1498 5225 1592 5278 καὶ
1619 5218 1901 5280 κανονικὸς
1922 5215 2083 5285 νόμος
2115 5210 2522 5282 φυλαχθήσεται

397 5336 706 5394 servabitur
744 5332 911 5387 etiam
944 5345 1088 5384 nunc
1120 5345 1135 5383 :
1172 5329 1244 5381 ita
1274 5334 1332 5380 ut
1379 5325 1425 5380 si
1500 5317 1594 5370 καὶ
1621 5314 1745 5375 νῦν,
1776 5312 1916 5364 ὥστε
1964 5310 2017 5362 εἴ

889 5348 911 5384 ιι
944 5297 1088 5384 nunc
1120 5345 1135 5383 :
1172 5297 1244 5381 ita
1274 5334 1332 5380 ut
1379 5325 1425 5380 si
1500 5317 1594 5370 καὶ
1621 5314 1745 5375 νῦν,
1776 5312 1916 5364 ὥστε
1964 5310 2017 5362 εί
2037 5324 2119 5370 τις
2151 5301 2407 5369 ὲξοδεύοι,
2434 5297 2527 5353 τοῦ

401 5428 663 5484 recedunt
708 5440 773 5478 ex
827 5436 1089 5493 corpore,
1139 5419 1330 5475 ultimo
1379 5427 1433 5471 et
1504 5404 1838 5464 Δεσποτικοῦ
1888 5402 2039 5473 ὲφοδί

888 5436 1089 5493 ωροτε,
1139 5419 1330 5475 ultimo
1379 5427 1433 5471 et
1504 5404 1838 5464 Δεσποτικοῦ
1888 5402 2104 5473 ὲφοδίου
2161 5400 2237 5471 μὴ
2292 5400 2526 5459 ἀποστε-

402 5470 663 5484 -ννννυηυ
711 5470 773 5478 -σ-
830 5470 1089 5493 *νΤ*”ν1
1146 5470 1320 5475 νηηκη
1934 5470 1944 5473 -

401 5518 714 5577 necessario
766 5516 890 5570 vitae
939 5527 1049 5571 suae
1084 5510 1282 5566 viatico
1325 5525 1429 5562 non
1509 5499 1725 5572 ρείσθω.
1782 5498 1844 5550 Εἰ
1887 5495 1944 5549 δὲ
2000 5494 2034 5547 ὰ

2005 5488 2413 5560 ἁπογνωσθεὶς,
2444 5487 2539 5542 καὶ
2609 5484 2748 5555 quod
2798 5480 2843 5536 si
2888 5479 3212 5547 desperatus
3262 5470 3643 5531 communione

402 5610 808 5675 defraudentur.
843 5604 998 5671 Quod
1028 5603 1075 5658 si
1114 5601 1431 5668 desperatus
1507 5590 1789 5652 κοινωνίας
1842 5586 2040 5657 τυχὼν,

898 5604 998 5660 uod
1028 5603 1075 5658 si
1114 5601 1431 5668 desperatus
1507 5590 1789 5652 κοινωνίας
1842 5586 2043 5657 τυχὼν,
2078 5586 2173 5637 καὶ
2216 5580 2536 5652 προσφορᾶς

2552 545 2657 599 que
2687 532 3034 597 necessitate,
3061 539 3155 585 aut
3183 530 3387 599 absque
3408 530 3582 587 iacui.

2554 630 2727 675 tatam
2756 622 3049 686 ablatione,
3077 634 3174 675 aut
3204 621 3413 690 absque
3445 623 3585 688 peris

2554 712 2694 778 culo,
2731 725 2824 769 aut
2862 716 3047 783 aliquo
3077 715 3277 782 simili,
3308 716 3450 784 quod
3498 713 3590 768 ta-

2556 810 2699 856 ctum
2747 810 2831 857 est
2870 805 2971 860 sub
3020 804 3300 874 tyrannide
3346 802 3538 858 Licinii
3572 820 3589 855 :

2558 891 2760 960 placuit
2792 902 2993 948 sanctae
3025 891 3255 963 synodo,
3291 893 3417 948 licet
3450 893 3592 947 indi-

2558 980 2649 1048 gni
2671 979 3239 1045 fuerintbumanitate,
3262 981 3596 1050 benignitate

2570 1264 2681 1313 tres
2713 1267 2885 1309 annos
2916 1254 3378 1309 inter'audientes
3414 1261 3597 1319 agent,

2569 1350 2773 1412 septem
2822 1344 2977 1397 annis
3031 1349 3446 1423 prosternentur
3474 1354 3600 1408 sup-

2573 1433 2738 1503 plices
2760 1474 2774 1497 ,
2812 1433 3020 1501 duobus
3048 1446 3176 1501 vero
3210 1431 3413 1498 absque
3454 1427 3601 1482 obla—

2577 1522 2743 1585 tione,
2773 1519 3079 1573 orationum
3106 1532 3226 1573 cum
3256 1515 3450 1587 populo
3490 1528 3605 1583 par-

2580 1614 2769 1685 ticipcs
2795 1624 2972 1669 erunt.

3039 1884 3153 1963 xu.

2587 1999 2659 2052 De
2684 1999 2748 2052 iis
2763 1999 2852 2069 qui
2878 1976 3247 2067 separaverunt
3266 2014 3342 2063 se,
3359 1970 3609 2065 iterum

2757 2068 2826 2121 ad
2851 2069 3102 2123 mundum
3133 2068 3420 2122 redierunt.

2653 2248 2756 2316 Qui
2783 2252 2960 2305 vocati
2983 2258 3109 2304 sunt
3136 2262 3232 2317 per
3263 2246 3491 2317 gratiam
3512 2284 3526 2308 ,
3559 2255 3613 2298 et

2582 2341 2811 2412 primam
2860 2341 3190 2397 alacritatem
3222 2353 3379 2395 suam
3429 2344 3612 2393 osten-

2582 2431 2798 2493 derunt,
2823 2439 2876 2484 et
2906 2428 3183 2499 cingulum
3218 2425 3427 2481 militia:
3449 2424 3615 2491 depo-

2581 2528 2805 2576 saerunt
2823 2559 2840 2585 ,
2869 2530 3057 2590 postea
3084 2534 3215 2574 vero
3244 2529 3500 2586 tanquam
3524 2532 3614 2572 ca-

2582 2625 2682 2669 nes
2721 2608 3104 2683 ad'proprlum
3144 2610 3401 2665 vomitum
3437 2608 3615 2663 redie-

2586 2713 2733 2769 runt,
2770 2702 2850 2759 sic
2882 2710 2942 2756 ut
2982 2701 3204 2773 quidam
3246 2700 3409 2756 etiam
3454 2713 3619 2768 pecu-

2585 2796 2728 2849 niam
2757 2793 3063 2857 conferant,
3098 2800 3154 2846 et
3173 2789 3452 2847 beneﬂciis
3478 2787 3620 2842 mlli-

2582 2886 2712 2940 tiam
2760 2890 3051 2953 repetant:
3092 2881 3181 2936 isti
3212 2882 3398 2935 decem
3450 2890 3621 2933 annos

2582 2980 3004 3049 prosternamur
3074 2972 3379 3045 supplices,
3452 2972 3619 3027 etiam

2589 3078 2710 3141 post
2732 3067 3028 3124 auditionis
3060 3064 3378 3121 triennium.
3418 3061 3525 3118 Sed
3562 3061 3621 3117 in

2588 3162 2675 3217 bis
2717 3159 2973 3216 omnibus
3020 3162 3235 3228 oportet
3282 3151 3621 3224 propositum

2588 3253 2925 3323 perpendere
2943 3293 2957 3317 ,
2988 3258 3044 3306 et
3072 3262 3243 3319 genus
3267 3244 3618 3317 paenitentiae.

2587 3344 2908 3412 Quicunque
2933 3340 3078 3396 enim
3112 3340 3324 3402 timore,
3357 3342 3412 3391 et
3439 3335 3621 3405 lacry-

2588 3436 2728 3499 tuis,
2775 3444 2831 3490 et
2879 3429 3317 3503 perseverantia,
3368 3436 3423 3482 et
3460 3424 3624 3481 bonis

2593 3525 2849 3595 operibus
2898 3519 3332 3578 emendationem
3363 3516 3490 3571 vita:
3534 3528 3623 3570 re-

2590 3617 2730 3686 ipsa,
2767 3628 2873 3668 non
2915 3608 3263 3666 simulatione
3293 3605 3621 3671 ostendunt;

2592 3705 2647 3759 iii
2701 3712 2986 3774 postquam
3037 3698 3357 3770 praeﬁnitum
3415 3706 3626 3763 tempus

2590 3795 2887 3851 auditionis
2898 3788 3305 3861 compleverint,
3319 3786 3625 3841 orationum

2592 3887 2885 3957 participes
2908 3890 3069 3939 erunt
3104 3897 3116 3933 :
3161 3880 3359 3936 deinde
3395 3891 3526 3933 vero
3557 3876 3627 3929 li-

2592 3978 2735 4034 cebit
2755 3985 2807 4032 et
2826 3976 3083 4045 episcopo
3108 3969 3397 4025 humanius
3420 3964 3625 4036 aliquid

2594 4072 2659 4126 de
2708 4070 2775 4123 iis
2820 4075 3078 4122 statuere.
3110 4060 3215 4127 Qui
3248 4073 3380 4114 vero
3431 4066 3628 4135 utcun-

2594 4176 2699 4230 que
2750 4157 3012 4217 tulerunt,
3042 4163 3096 4206 et
3133 4151 3303 4205 videri
3343 4146 3627 4202 ecclesiam

2597 4252 2801 4324 ingredi
2843 4249 3088 4306 sullicere
3115 4245 3216 4301 sibi
3242 4244 3627 4299 existimarunt

2595 4346 2661 4398 ad
2698 4339 3055 4398 mutationem
3094 4336 3252 4399 vitm,
3300 4332 3375 4389 illi
3422 4340 3632 4402 tempus

2596 4451 2757 4491 omne
2813 4432 2956 4504 quod
3006 4427 3327 4501 praeﬁnitum
3385 4433 3469 4480 est
3532 4424 3631 4479 im-

2598 4529 2796 4596 pleant.

3048 4804 3183 4859 XIII.

2605 4930 2679 4987 De
2707 4930 2787 4982 his
2824 4929 2914 4996 qui
2946 4927 3191 4980 morituri
3224 4923 3636 4977 communionem

2976 5066 2981 5071 Ἰ
3022 5006 3218 5063 petunt.
3484 5020 3485 5023 π

2685 5117 2758 5173 De
2779 5115 2865 5171 bis
2884 5113 2975 5184 qui
3001 5128 3069 5168 ex
3092 5115 3192 5167 bac
3215 5111 3321 5164 vita
3347 5105 3637 5169 excedunt,

2600 5218 2755 5264 vetus
2806 5215 2861 5262 et
2917 5202 3181 5261 canonica
3228 5199 3321 5254 lex
3392 5204 3639 5275 servetur

2602 5303 2767 5358 etiam
2817 5313 2997 5361 nunc,
3040 5304 3098 5350 ut
3124 5294 3172 5349 si
3215 5291 3337 5362 quis
3383 5279 3642 5352 decedat,

2606 5390 2887 5452 Dominico
2931 5386 3129 5442 viatico
3170 5396 3274 5438 non
3320 5378 3641 5435 fraudetur:

2613 5582 2824 5643 Sumpta
2869 5578 2920 5627 et
2954 5568 3128 5624 hostia
3162 5572 3415 5637 percepta
3449 5561 3644 5616 iterum

474 5766 521 5795 ³ο
545 5763 633 5817 ΑΙ.
665 5764 739 5817 De
770 5761 854 5816 his
887 5760 978 5828 qui
1003 5756 1407 5820 abrenuntiant,
1447 5760 1496 5804 et
1524 5751 1717 5805 iterum
1751 5744 1816 5799 ad
1849 5739 2103 5797 saeculum
2135 5745 2263 5801 sunt
2298 5733 2522 5793 reversi.
2597 5728 2638 5762 ⁸³
2667 5728 2750 5793 Al.
2787 5725 2865 5782 De
2898 5724 2979 5783 his
3009 5721 3101 5793 qui
3131 5721 3187 5778 in
3232 5719 3379 5777 exitu
3408 5729 3645 5772 commu

406 5837 625 5905 nionem
666 5830 963 5902 requirunt.
