4148 6544
307 401 440 470 1337

1179 403 1538 463 HISTORIA
1579 403 1916 470 CONCILII‘
1945 409 2248 470 N’ICL'ENI.
2291 437 2360 445 —
2396 412 2542 471 LIB.
2587 411 2666 469 II.
2718 447 2729 464 .

3383 396 3387 400 ’
3411 407 3549 473 1338

306 512 691 584 συγκαθεύδειν
741 515 865 576 ταῖς
909 515 1198 582 γαμεταῖς,
1231 513 1298 576 ἃς
1352 515 1431 565 ἔτι
1485 514 1666 567 λαῖκοὶ
1720 514 1875 577 ὅντες

1997 521 2063 574 iis
2089 558 2106 586 ,
2136 538 2258 574 cum
2284 522 2546 575 uxoribus
2575 521 2688 576 suls
2734 517 2974 574 dormire
2997 554 3013 581 ,
3063 531 3199 586 quas
3241 517 3356 588 jam
3389 530 3547 576 antea

304 607 592 677 ἠγάγοντο.
628 605 843 660 Τούτων
880 603 1022 657 οὕτω
1053 603 1516 673 διατυπουμένων,
1547 606 1786 669 ἀναστάς
1814 606 1874 660 ὲν

309 697 460 768 μέσῳ
487 696 584 750 τοῦ
606 697 762 768 ὄχλου
787 696 896 748 τῶν
928 694 1242 748 ἐπισκόπων
1279 695 1307 747 6
1339 694 1478 757 θεῖος
1511 695 1872 765 Παφνούτιος,

311 785 527 859 μεγάλῃ·
553 787 618 857 τῇ
643 787 792 856 φωνῇ
834 785 1049 854 ἐϐόησε,
1098 783 1272 852 λέγων
1295 801 1307 814 ·
1351 784 1443 855 Μὴ
1491 784 1752 856 βαρύνετε
1785 788 1876 840 τὸν

307 877 471 948 ζυγὸν
499 877 607 931 τῶν
633 877 976 948 ἱερωμένων·
1018 875 1199 944 τίμιος
1243 875 1372 944 γὰρ,
1421 877 1604 946 φησὶν,
1636 880 1665 931 ό
1699 879 1876 947 γάμος

308 970 365 1022 ὲν
395 969 552 1031 πᾶσι,
587 968 680 1022 καὶ
713 969 744 1039 ἠ
774 967 926 1037 κοίτη
963 966 1242 1036 ἀμίαντος.
1268 967 1358 1036 Μὴ
1379 970 1445 1038 τῇ
1477 969 1748 1040 ὑπερϐολῇ
1777 968 1878 1039 τῆς

308 1058 594 1129 ἀκριϐείας
618 1058 716 1127 τὴν
757 1056 1084 1125 Ἐκκλησίαν
1125 1056 1325 1126 μᾶλλον
1361 1058 1777 1129 προσϐλάψητε·
1814 1059 1875 1112 οὐ

309 1147 417 1216 γάρ
447 1161 580 1214 φησι
601 1144 810 1206 πάντας
845 1142 1106 1198 δύνασθαι
1148 1145 1334 1214 φέρειν
1364 1145 1462 1218 τῆς
1485 1146 1754 1209 ἀπαθείας
1777 1147 1878 1218 τὴν

310 1235 566 1307 ἄσκησιν.
594 1235 800 1298 Οὐδεὶς,
828 1234 902 1298 ὡς
931 1231 1103 1303 οἶμαι,
1146 1235 1550 1307 φυλαχθήσεται
1580 1239 1638 1291 ὲν
1666 1240 1734 1310 τῇ
1770 1255 1878 1291 σω-

311 1327 574 1402 φροσύνῃ,
605 1326 704 1396 τῆς
750 1323 981 1380 ἑκάστου
1012 1329 1255 1398 γαμετῆς
1291 1327 1386 1380 τοῦ
1433 1329 1631 1400 ἀνδρὸς
1655 1345 1882 1401 στερου-

315 1421 496 1490 μένου.
559 1416 930 1491 Σωφροσύνην
978 1419 1034 1472 δὲ
1096 1419 1270 1489 καλὴν
1332 1421 1433 1474 καὶ
1488 1421 1588 1491 τῆς
1643 1422 1878 1492 νομίμου

311 1510 562 1580 γαμετῆς
613 1511 844 1565 ἑκάστου
887 1509 991 1581 τὴν
1035 1511 1347 1565 συνέλευσιν
1403 1512 1588 1580 λέγωο
1647 1511 1722 1583 μὴ
1773 1513 1880 1583 μὴν

311 1601 747 1671 άποξεύγνυσθαι
803 1601 1008 1673 ταύτην
1057 1599 1124 1674 ἢν
1182 1603 1210 1655 6
1245 1602 1378 1676 Θεὸς
1427 1602 1635 1670 ἔζευξε,
1674 1604 1768 1657 καὶ
1812 1606 1880 1676 ἦν

313 1691 460 1757 ἅπαξ
497 1692 870 1763 άναγνὼστης.
899 1693 933 1763 ἢ
969 1689 1199 1763 ψάλτης,
1231 1691 1264 1764 ἢ
1297 1673 1489 1757 ’λαῖκδς
1513 1692 1590 1747 ὢν
1611 1673 1878 1764 ἠγάγετο·

315 1783 613 1839 καὶταῦτα
639 1784 824 1853 ἔλεγεν
865 1787 894 1839 6
951 1785 1120 1855 μέγας
1157 1784 1490 1854 Παφνούτιος
1544 1785 1771 1856 ἀπειρος
1803 1783 1879 1838 ὢν

1975 623 2099 665 cum
2152 611 2273 664 laici
2343 621 2545 672 essent,
2603 606 2882 662 duxissent
2931 606 3072 678 (28).
3129 605 3255 663 Hac
3298 621 3423 662 cum
3472 609 3550 665 illi

1975 701 2394 763 constituerent,
2429 715 2656 768 surgens
2691 699 2743 753 in
2797 700 2972 752 medio
3003 699 3384 768 episcoporum
3420 716 3552 754 con-

1977 801 2137 845 ventu
2173 791 2385 844 divinus
2438 790 2788 856 Paphnutius,
2829 803 3021 857 magna
3057 802 3188 842 voce
3227 788 3364 842 dixit
3397 807 3410 842 :
3445 789 3553 843 No-

1978 883 2071 936 lite
2101 895 2330 949 gravare
2364 880 2550 950 jugum
2597 879 3118 934 ecclesiasticarum.
3145 877 3276 932 Nam
3317 881 3550 933 lienora-

1979 973 2134 1035 biles,
2193 971 2388 1040 inquit,
2438 979 2563 1024 sunt
2616 970 2815 1036 mtptia:
2861 970 3002 1034 apud
3056 984 3266 1033 omnes,
3300 979 3352 1022 et
3406 979 3554 1023 torus

1980 1058 2433 1116 inmaculatus”.
2457 1057 2630 1113 Nolite
2652 1058 2845 1112 laedere
2872 1058 3165 1112 Ecclesiam
3187 1059 3354 1113 nimio
3375 1059 3552 1114 severi

1975 1157 2114 1225 juris
2141 1172 2363 1212 excessu
2401 1173 2414 1210 :
2447 1171 2548 1208 non
2590 1155 2734 1209 enim
2789 1168 2999 1220 omnes,
3029 1154 3125 1217 ait,
3157 1155 3300 1207 ferre
3332 1164 3558 1223 possunt

1979 1248 2104 1302 vitae
2127 1247 2250 1301 illud
2285 1248 2586 1301 institutum
2609 1248 2750 1314 quod
2768 1246 3017 1300 omnibus
3041 1243 3326 1299 alfectibus
3350 1257 3504 1300 vacat
3536 1265 3551 1301 :

1982 1355 2158 1404 nemo,
2194 1348 2254 1393 ut
2297 1339 2510 1408 opinor,
2551 1339 2601 1392 in
2629 1339 2896 1394 charitate
2925 1338 3254 1398 servabitur,
3284 1339 3328 1392 si
3371 1339 3554 1391 mariti

1984 1429 2214 1498 singulis
2246 1430 2361 1484 suis
2390 1430 2673 1498 privantur
2702 1430 2982 1483 uxoribus.
3004 1428 3256 1482 Virorum
3291 1445 3412 1482 cum
3446 1430 3559 1483 suis

1983 1521 2244 1576 uxoribus
2277 1520 2720 1576 consuetudinem
2771 1535 2870 1589 ego
2910 1519 3222 1590 praeclaram
3269 1521 3557 1574 continen-

1986 1613 2116 1666 tiam
2148 1625 2269 1666 esse
2295 1610 2438 1674 dico,
2467 1625 2564 1665 nec
2595 1625 2751 1678 posse
2784 1612 3024 1678 separari
3049 1624 3167 1663 eam
3201 1624 3364 1678 quam
3419 1609 3559 1664 Deus

1983 1699 2262 1767 conjunxit
2285 1699 2353 1763 νο,
2377 1708 2430 1752 et
2460 1715 2619 1766 quant
2651 1700 2838 1760 semel,
2861 1716 2979 1751 cum
3007 1698 3196 1761 lector,
3217 1707 3309 1749 aut
3339 1707 3551 1761 cantor,

1985 1804 2079 1846 aut
2117 1792 2285 1846 laicus
2317 1800 2484 1854 esset,
2510 1805 2734 1843 uxorem
2771 1789 2945 1843 duxit.
2987 1788 3164 1856 Atque
3199 1788 3299 1841 ista
3329 1788 3548 1856 quidem

314 1883 515 1951 γάμου.
537 1879 633 1935 διὰ.
657 1881 718 1936 τὸ
743 1881 1004 1952 νηπιόθεν
1017 1883 1076 1934 ἐν
1103 1881 1458 1950 άσκητηρίοις
1481 1879 1884 1952 ἀνατρέφεσθαι

1993 1884 2158 1938 suasit
2199 1897 2422 1952 magnus
2474 1879 2829 1950 Paphnutius,
2884 1880 3011 1934 licet
3056 1879 3289 1948 coniugii
3352 1893 3553 1947 expers

315 1974 498 2027 αὐτόν.
533 1974 622 2025 Arb
647 1972 886 2036 πεισθεὶς
914 1973 941 2026 6
971 1973 1078 2035 πᾶς
1125 1970 1235 2024 τῶν
1279 1972 1596 2025 ἐπισκόπων
1629 1971 1888 2040 σύλλογος

314 2068 382 2134 τῇ
408 2065 504 2118 τοῦ
529 2064 720 2136 ἀνδρὸς
749 2063 1071 2135 συμϐουλίᾳ,
1098 2064 1406 2134 άπεσίγησε
1437 2064 1565 2137 περὶ
1597 2065 1693 2117 τοῦ
1724 2064 1892 2135 ζητὴ-

327 2172 498 2224 ματος
523 2158 737 2219 τούτου,
763 2157 827 2226 τῇ
853 2155 1045 2226 γνώμῃ
1082 2153 1515 2222 καταλείψαντες
1537 2152 1648 2206 τῶν
1697 2152 1887 2221 βουλο-

321 2245 498 2316 μένων
533 2247 676 2300 κατά
731 2246 1052 2317 συμφωνίαν
1105 2243 1410 2314 ἀπέχεσθαι
1457 2245 1557 2315 τῆς
1613 2243 1750 2308 ίδίας
1787 2261 1891 2312 γα-

323 2353 516 2406 μετης.
1043 2385 1046 2388 .

389 2425 575 2478 Ταῦτα
603 2425 958 2497 ἐπράχθησαν
984 2426 1082 2480 ἐπὶ
1101 2426 1200 2496 τῆς
1220 2426 1382 2495 ἁγίας
1405 2426 1501 2479 καὶ
1531 2427 1775 2498 μεγάλης
1798 2426 1894 2480 καὶ

322 2516 711 2586 οἰκουμενικῆς
769 2516 988 2570 συνόδου
1022 2520 1121 2588 τῆς
1154 2519 1212 2570 ὲν
1243 2517 1450 2588 Νικαίᾳ
1496 2517 1597 2588 τῆς
1637 2516 1894 2583 Βιθυνίας

323 2604 723 2677 ἀθροισθείσης.
760 2608 1020 2673 Εὐσέϐιος
1070 2608 1133 2662 δὲ
1161 2609 1256 2663 καὶ
1287 2609 1566 2676 θεόγνιος,
1594 2609 1688 2662 καὶ
1717 2610 1769 2662 οἱ
1796 2609 1895 2664 σὺν

323 2699 508 2761 αὐτοῖς
561 2699 850 2770 ’Ᾱρειανοὶ,
892 2699 993 2752 οὐκ
1047 2701 1362 2768 ἐνεγκόντες
1411 2700 1510 2770 τὴν
1536 2699 1637 2769 τῆς
1662 2699 1896 2770 ἀληθοῦς

325 2788 558 2854 πίστεως
607 2789 1002 2862 κρατυνθεῖσαν
1059 2790 1372 2859 βεϐαίωσιν,
1409 2789 1487 2844 ἔτι
1541 2791 1648 2861 μὴν
1687 2790 1895 2844 καὶτὸν

329 2881 543 2952 Ἀρειον
578 2880 970 2952 ἀναθεματίσαι
1009 2881 1084 2952 μὴ
1127 2882 1511 2952 ἀνασχόμενοι,
1549 2880 1896 2950 φωραθέντες

324 2973 417 3026 καὶ
445 2969 601 3035 αὖθις
647 2972 741 3024 ἐπὶ
791 2972 988 3042 τούτῳ,
1037 2971 1221 3042 ὲξορίᾳ
1270 2971 1544 3025 ὑπέπεσον
1596 2971 1762 3042 ψήφῳ
1798 2970 1894 3024 τοῦ

327 3059 744 3129 θεοφιλεστάτου
776 3059 1063 3130 βασιλέως,
1098 3061 1196 3114 καὶ
1225 3062 1407 3131 κρίσει
1455 3062 1554 3130 τῆς
1592 3061 1754 3127 ἁγίας
1787 3061 1896 3112 τῶν

324 3152 638 3206 ἐπισκόπων
670 3152 916 3214 συνόδου,
935 3152 1111 3207 ἄλλων
1129 3152 1243 3206 ἀντ’
1273 3151 1454 3208 αὐτῶν
1484 3154 1541 3204 ὲν
1563 3154 1683 3215 ταῖς
1719 3151 1896 3204 αὐτῶν

324 3240 642 3312 παροικίαις
673 3240 1062 3296 καταστάντων
1099 3240 1266 3312 ψήφῳ
1297 3239 1398 3310 τῆς
1442 3240 1613 3310 αὐτῆς
1650 3240 1894 3304 συνόδου,

323 3334 423 3389 καὶ
474 3331 569 3386 τοῦ
625 3332 726 3400 τῆς
759 3329 993 3387 ἑκάστου
1050 3331 1340 3404 παροικίας
1366 3329 1568 3403 κλήρου
1607 3334 1701 3385 καὶ
1733 3332 1893 3386 λαοῦ’

323 3425 420 3478 καὶ
458 3423 707 3493 Ἀμφίων
748 3422 850 3494 μὲν
901 3422 1003 3494 τὴν
1051 3423 1151 3492 τῆς
1198 3423 1552 3493 Νικομηδέων
1601 3422 1899 3493 ἐκκλησίας

328 3514 625 3586 ἡγεμονίαν
668 3509 968 3585 παρέλαϐε,
1009 3509 1260 3586 Χρῆστος
1307 3514 1364 3567 δὲ
1394 3515 1493 3586 τὴν
1517 3515 1616 3584 τῆς
1644 3515 1898 3577 Νικαίας,

327 3609 425 3661 καὶ
451 3606 602 3660 ἄλλοι
624 3605 724 3670 τάς
763 3607 873 3659 τῶν
911 3605 1232 3678 ὁμοφρόνων
1276 3606 1445 3676 αὐτῷ.
1492 3605 1652 3659 Ἀλλά
1685 3607 1782 3675 μὲν
1808 3607 1902 3660 καὶ

330 3697 491 3752 πάλιν
517 3697 640 3759 ταῖς
665 3693 725 3761 ἐξ
767 3693 924 3760 ἔθους
955 3696 1292 3768 χρησάμενοι
1348 3698 1619 3766 μηχαναῖς
1645 3695 1902 3760 Εὐσέϐιος

326 3791 423 3843 καὶ
446 3789 718 3857 Θεόγνιος,
766 3789 861 3843 καὶ
885 3789 984 3859 τὴν
1044 3788 1310 3858 βασιλέως
1352 3785 1765 3860 φιλανθρωπίαν
1805 3790 1901 3856 ἑφ-

329 3882 470 3936 όδιον
493 3881 553 3946 ἐξ
578 3881 796 3949 ἀπάτης
821 3880 1093 3952 εὑρόντες,
1109 3879 1476 3933 ἀναπαλαῖσαι
1505 3879 1666 3933 πάλιν
1689 3881 1784 3932 καὶ
1801 3877 1900 3948 τὴν

327 3971 602 4041 προτέραν
629 3970 948 4024 δυναστείαν
988 3971 1291 4024 ἀπολαϐεῖν
1341 3972 1661 4043 ἐπειρῶντο.
1695 3971 1804 4024 Καὶ
1832 3969 1902 4023 τά

331 4060 430 4130 μὲν
452 4059 659 4113 τούτων
693 4057 933 4114 κάκιστα
974 4063 1346 4134 μηχανήματα
1404 4061 1700 4132 πάμπολλα
1747 4061 1898 4127 όντα,

328 4152 426 4205 καὶ
453 4153 633 4223 πάσης
659 4152 916 4216 ἀσεϐείας
962 4153 1177 4224 ἔμπλεα
1221 4153 1580 4224 τυγχάνοντα,
1632 4154 1767 4224 πρὸς
1801 4156 1901 4226 τὴν

329 4241 661 4314 Θεοδωρίτω)
701 4243 798 4297 καὶ
835 4244 947 4297 τῶν
982 4242 1184 4297 λοιπῶν
1236 4245 1668 4314 συγγραψάντων
1702 4244 1902 4315 ὲκκλη-

328 4335 614 4405 σιαστικὴν
668 4332 909 4406 ἱστορίαν
947 4333 1076 4398 τοῦς
1145 4333 1500 4406 βουλομένους
1565 4333 1901 4407 καταμαθεῖν

325 4427 775 4497 παραπέμψοιμι.
805 4425 982 4480 Βαδιῶ
1002 4426 1059 4480 δὲ
1085 4425 1196 4496 ἐγὼ
1223 4425 1480 4481 ἐντεῦθεν
1508 4409 1586 4500 τῷ
1624 4425 1770 4499 λόγῳ
1807 4429 1902 4482 ἐπὶ

1992 1983 2157 2042 esset,
2224 1983 2510 2043 propterea
2553 1971 2696 2040 quod
2743 1961 2826 2024 in’
2854 1970 3200 2024 monasteriis
3243 1984 3272 2022 a
3327 1969 3560 2040 pueritia

1991 2066 2170 2121 fuerat
2197 2066 2478 2120 educatus.
2520 2061 2786 2130 Quocirca
2838 2062 2941 2116 viri
2985 2062 3217 2116 consilio
3264 2077 3556 2130 persuasus

1992 2157 2368 2226 episcoporqu
2396 2163 2568 2209 cretus
2588 2153 2654 2206 de
2688 2153 2982 2222 quaestione
3005 2167 3068 2206 ea
3093 2153 3276 2215 tacuit,
3297 2161 3351 2205 et
3374 2166 3560 2206 eorum

1993 2247 2210 2317 reliquit
2245 2244 2492 2311 arbitrio,
2536 2243 2626 2313 qui
2675 2242 2863 2296 volunt
2904 2255 2970 2295 ex
3011 2251 3196 2298 mutuo
3233 2255 3497 2296 consensu
3529 2257 3559 2295 a

1993 2338 2224 2410 propriis
2263 2334 2585 2404 coniugibus
2606 2329 2898 2386 abstinere.

2065 2432 2191 2486 llaec
2232 2439 2383 2498 gesta
2437 2437 2563 2488 sunt
2605 2427 2662 2484 in
2711 2435 2942 2487 sancto,
2983 2438 3178 2492 magno
3221 2432 3278 2478 et
3323 2421 3562 2492 generali

1993 2524 2246 2587 concilio,
2319 2521 2462 2590 quod
2509 2517 2701 2574 Nicaeae
2751 2516 2803 2570 in
2857 2514 3109 2587 Bithynia
3177 2523 3561 2584 congregatum

1999 2616 2115 2670 luit.
2148 2613 2416 2668 Eusebius
2447 2620 2650 2675 autem,
2680 2617 2734 2664 et
2762 2605 3094 2676 Theognius,
3119 2615 3173 2660 et
3200 2607 3290 2674 qui
3329 2599 3454 2660 cum
3485 2605 3566 2659 eis

1995 2715 2159 2761 erant
2191 2703 2403 2770 Ariani,
2445 2716 2552 2757 non
2612 2698 2848 2754 ferentes
2893 2698 3200 2753 vincentem
3238 2711 3378 2750 verae
3441 2695 3565 2750 lidei

1996 2796 2484 2858 conﬁrmationem,
2510 2793 2637 2859 quin
2668 2799 2722 2846 et
2751 2790 2880 2844 Ario
2913 2791 3200 2845 anathema
3249 2789 3430 2843 dicere
3461 2803 3566 2843 non

1998 2889 2288 2960 patientes,
2321 2887 2625 2954 iterumque
2654 2883 2706 2936 in
2737 2897 2802 2936 eo
2829 2879 3174 2948 deprehensi,
3203 2880 3395 2934 exsilio
3444 2894 3564 2934 ces-

1998 2987 2224 3044 serunt,
2288 2973 2545 3043 suﬂ‘ragio
2614 2969 3018 3042 religiosissimi
3083 2971 3448 3040 imperatoris,
3511 2979 3570 3023 et

1994 3071 2198 3142 judicio
2220 3068 2394 3125 sancti
2426 3065 2641 3122 concilii
2671 3065 3072 3134 episcoporum,
3111 3073 3395 3134 postquam
3431 3062 3570 3116 alios

1925 3207 1968 3264 C
2001 3179 2099 3234 pro
2127 3163 2260 3232 ipsis
2290 3161 2343 3215 in
2367 3161 2604 3230 ipsorum
2631 3156 2888 3226 parwciis
2917 3157 3319 3212 constituerunt
3347 3154 3568 3209 decreto

2000 3253 2238 3323 ejusdem
2271 3248 2510 3313 concilii,
2553 3259 2608 3301 et
2631 3245 2785 3312 cleri,
2835 3261 2899 3301 ac
2928 3245 3108 3318 populi
3141 3242 3570 3314 uniuscujusque

1999 3343 2255 3414 paruaciae
2305 3357 2319 3395 :
2380 3350 2434 3396 et
2462 3338 2734 3409 Amphion
2771 3337 2989 3408 quidem
3033 3335 3291 3391 Ecclesia:
3327 3334 3560 3390 Nicome-

2000 3433 2178 3489 diensi
2197 3429 2483 3502 praefectus
2508 3438 2625 3494 est,
2659 3428 2920 3483 Cltrestus
2953 3441 3084 3484 vero
3119 3425 3365 3490 Nicaeum,
3398 3436 3453 3480 et
3480 3425 3572 3481 alii

2001 3526 2391 3594 ejusdem‘cum
2419 3525 2538 3594 ipso
2591 3521 2874 3578 sententiae
2913 3520 3057 3576 aliis.
3104 3519 3304 3574 Verum
3355 3530 3567 3575 utentes

2001 3633 2192 3674 rursus
2237 3615 2516 3672 consuetis
2544 3615 2751 3670 artibus
2780 3612 3046 3672 Eusebius
3084 3621 3139 3666 et
3162 3611 3494 3680 Tlteognius,
3519 3619 3576 3666 ct

2000 3710 2342 3766 occasionem
2379 3706 2587 3762 fraudis
2623 3704 2981 3770 invenientes,
3014 3703 3154 3774 regis
3179 3701 3568 3756 humanitatem

2002 3802 2193 3858 callide
2214 3814 2375 3870 agere
2400 3800 2618 3862 iterum,
2653 3806 2706 3851 et
2758 3797 2991 3866 priorem
3041 3805 3360 3865 potestatem
3411 3810 3570 3850 recu~

2001 3909 2194 3965 perare
2230 3891 2536 3946 tentabant.
2583 3884 2688 3943 Sed
2715 3887 2930 3942 illorum
2959 3896 3262 3941 commenta
3297 3887 3566 3956 pessima,

2001 4000 2122 4056 quae
2171 3983 2403 4056 plurima
2456 3990 2640 4048 erant,
2689 3988 2745 4036 et
2803 3980 2983 4035 omnis
3033 3979 3326 4049 impietatis
3376 3978 3570 4050 plena,

2003 4078 2211 4131 discere
2260 4071 2529 4136 volentes,
2608 4069 2677 4125 ad
2744 4067 3145 4125 Theodoretum
3213 4085 3279 4124 ac
3339 4070 3574 4139 reliquos

2003 4167 2242 4222 historiae
2297 4160 2678 4219 ecclesiasticae
2734 4162 3032 4230 scriptores
3091 4161 3419 4216 remiserim.
3455 4160 3567 4231 Ego

2003 4268 2184 4312 autem
2219 4255 2346 4311 hinc
2369 4253 2616 4308 oratione
2666 4251 2969 4320 properabo
3027 4250 3094 4304 ad
3128 4265 3192 4304 ea
3224 4267 3345 4320 quae
3379 4261 3566 4320 postea

2002 4354 2182 4401 secuta
2214 4352 2363 4410 sunt,
2394 4343 2458 4397 de
2483 4342 2679 4412 quibus
2698 4340 3072 4411 episcoporum
3100 4341 3389 4396 concilium
3423 4342 3573 4396 niisit

2002 4437 2287 4508 epistolam
2347 4435 2413 4489 ad
2448 4433 2683 4504 reliquos
2710 4433 3026 4502 episcopos,
3063 4441 3120 4488 et
3161 4448 3350 4487 eorum
3390 4447 3572 4500 parue-

327 4518 399 4572 τά
430 4511 577 4589 έξῆςς
611 4520 740 4590 περὶ
774 4512 852 4574 ὧν
896 4522 930 4590 ὴ
959 4518 1073 4574 τῶν
1103 4517 1420 4574 ἐπισκόπων
1451 4517 1738 4574 ἀπέστειλε
1771 4519 1892 4574 σύν-

2001 4530 2114 4585 cias
2147 4550 2160 4584 :
2202 4526 2330 4597 quin
2356 4526 2522 4580 etiam
2553 4524 2848 4596 imperator
2891 4522 3010 4592 ipse
3042 4537 3256 4593 semper
3293 4521 3469 4575 victor
3519 4531 3575 4574 et

328 4606 448 4670 οδος
476 4611 588 4670 τοῖς
616 4607 1024 4677 ἀπολειφθεῖσιν
1045 4607 1387 4673 ἐπισκόποις.
1419 4609 1515 4663 καὶ
1539 4611 1658 4673 ταῖς
1686 4609 1894 4666 ἑαυτῶν

333 4699 651 4770 παροικίαις
678 4715 692 4728 ο
729 4701 795 4754 οὐ
823 4689 937 4772 μὴν
965 4701 1024 4754 δὲ
1067 4700 1203 4754 ἀλλά
1245 4702 1341 4755 καὶ
1391 4704 1421 4755 ό
1459 4703 1755 4776 νικηφόρος
1802 4705 1900 4758 καὶ

331 4792 649 4856 πιστότατος
676 4791 949 4862 βασιλεὺς,
976 4793 1056 4869 είς
1083 4793 1342 4848 σύστασιν
1369 4795 1468 4865 τῆς
1493 4811 1553 4847 τε
1585 4795 1900 4866 ἐκτεθείσης

333 4881 640 4952 ἁγιωτάτης
665 4883 920 4949 πίστεως,
948 4884 1157 4954 καὶτῆς
1182 4885 1343 4954 ἁγίας
1364 4886 1556 4956 ἑορτῆς
1571 4883 1665 4938 τοῦ
1686 4886 1899 4955 Πάσχα,

333 4975 416 5036 τίς
444 4973 665 5042 ἔλεγχον
693 4975 753 5028 δὲ
773 4975 884 5030 τῶν
909 4976 1011 5047 τῆς
1036 4977 1292 5042 ἀσεϐείας
1319 4974 1738 5048 πρωτοστατῶν.
1774 4975 1903 5031 Ἐπὶ

334 5060 543 5124 τούτοις
569 5064 679 5134 γὰρ
721 5066 858 5118 πᾶσι
904 5067 1263 5137 μεγαλοφυῶς
1303 5065 1770 5139 συγκροτηθείσης
1798 5067 1899 5138 τῆς

337 5153 579 5217 συνόδου,
607 5155 701 5207 καὶ
729 5155 1049 5226 θεοπρεπῶς
1075 5159 1488 5230 ὲκφωνηθείσης
1512 5161 1611 5229 τῆς
1646 5157 1904 5224 πίστεως,

334 5245 406 5299 τά
421 5261 482 5298 τε
512 5245 656 5299 κατά
683 5247 784 5316 τὴν
807 5247 1266 5320 ὲκκλησιαστικὴν
1285 5252 1538 5316 εὐταξίαν
1554 5252 1905 5316 τυπώσαντες

336 5337 553 5421 άπαντα
575 5339 625 5392 oi
655 5339 800 5407 ἅγιοι
830 5340 1092 5412 Πατέρες,
1110 5342 1348 5413 δηλῶσαι
1377 5345 1551 5399 πάντα
1569 5346 1636 5398 τά
1666 5343 1905 5416 ὡρισμέ-

338 5443 404 5481 να
447 5421 538 5482 διά
587 5430 936 5503 γραμμάτων
976 5429 1175 5499 πάσαις
1219 5437 1339 5504 ταῖς
1383 5436 1489 5489 ὑπὸ
1534 5435 1628 5490 τὸν
1674 5437 1902 5508 οὐρανὸν

2006 4619 2378 4686 ﬁdelissimus,
2406 4617 2472 4671 ad
2501 4614 2945 4671 constitutionem
2987 4613 3250 4682 exposita:
3289 4611 3572 4666 sanctissi-

2007 4727 2108 4766 ma:
2131 4711 2251 4765 lidei
2287 4717 2342 4765 et
2371 4717 2574 4764 sancta:
2596 4703 2907 4761 festivitatis
2930 4703 3238 4769 Paschalis,
3286 4703 3352 4756 ad
3383 4703 3575 4756 redar-

2006 4805 2280 4875 gutionem
2332 4809 2685 4870 patronorum
2735 4796 3051 4866 impietatis.
3111 4794 3244 4848 Post
3274 4795 3390 4850 haec
3423 4795 3571 4849 enim

2009 4898 2188 4952 omnia
2228 4894 2516 4964 magniﬁce
2546 4893 2895 4962 conspirante
2938 4889 3191 4955 concilio,
3217 4899 3273 4944 et
3313 4891 3569 4944 decenter

2010 4984 2344 5056 promulgata
2379 4983 2505 5051 ﬁde,
2540 4998 2661 5038 cum
2692 4981 2876 5038 omnia
2907 4995 3026 5051 qum
3065 4981 3134 5035 ad
3163 4989 3363 5035 rectam
3393 4979 3574 5034 Eccle-

2011 5076 2104 5131 sia:
2123 5072 2645 5129 administrationem
2689 5081 2958 5142 spectant,
2990 5070 3166 5125 sancti
3214 5069 3406 5125 Patres
3443 5085 3573 5124 con-

2009 5166 2347 5227 stituissent,
2392 5163 2572 5218 omnia
2618 5161 2837 5218 deﬁnita
2922 5175 3018 5233 per
3070 5161 3280 5216 litteras
3325 5161 3566 5235 indicare

2009 5256 2288 5322 omnibus,
2319 5269 2436 5326 qua:
2465 5256 2564 5311 sub
2588 5254 2726 5310 ctelo
2749 5261 2898 5319 sunt,
2956 5253 3161 5312 sanctis
3194 5250 3282 5305 Dei
3320 5250 3578 5305 Ecclesiis

2005 5349 2350 5412 studuerunt,
2386 5347 2773 5418 subjungentes
2828 5345 2992 5402 etiam
3035 5359 3156 5415 quae
3201 5343 3268 5440 ad
3298 5340 3572 5398 Melctium

2006 5440 2295 5508 pertinent.
2392 5441 2402 5454 ‘

335 5519 519 5602 ᾁγίαις
541 5523 638 5613 στοϐ
664 5523 805 5612 Beati
835 5524 1181 5612 Ἐκκλησίαις
1206 5527 1563 5615 ἐσπούδασαν,
1596 5531 1934 5601 συνάψαντες
1973 5534 2062 5585 καὶ
2093 5531 2159 5586 τὰ
2187 5532 2329 5586 κατά
2356 5530 2645 5605 Μελήτιον.

409 5657 643 5728 manem,
677 5675 796 5738 xi",
833 5660 888 5730 4.
966 5658 1223 5728 9‘Ullalth,
1250 5677 1362 5729 xu,
1383 5663 1436 5718 6.

411 5770 524 5836 (‘18)
554 5771 707 5832 Socr.
742 5772 836 5851 ll‘b.
881 5783 920 5833 ι,
959 5784 1080 5842 cap.
1120 5772 1174 5838 8,
1214 5773 1285 5827 al.
1325 5774 1413 5841 tl;
1465 5773 1680 5840 Sortem.
1725 5777 1815 5831 lib.
1849 5793 1887 5857 εἰ,
1923 5794 2038 5848 cap.
2077 5777 2248 5844 19.,al.
