4148 6614
605 416 740 483 I339

1128 515 1357 574 CAPUT
1387 512 1626 570 XXXIII.

1089 632 1167 688 De
1203 631 1410 701 nefario
1450 627 1684 682 Meletio.

673 753 939 824 Quoniam
1002 760 1182 806 autem
1253 748 1499 803 Bleletius
1572 744 1859 815 episcopus
1936 741 2179 795 delectus

603 864 710 904 non
739 846 906 901 multo
922 852 1066 919 [ante
1096 841 1212 895 Arii
1247 840 1510 901 furorem,
1549 836 1832 891 convictus
1865 849 1893 886 a
1948 832 2183 887 sanctis-

1864 399 2169 461 GELASII
2209 397 2550 459 CYZICENI
2614 410 2617 413 '

3745 364 3880 443 I340

2874 498 3128 552 ΚΕΦΔΛ.
3169 495 3293 550 ΛΡ.

2594 617 2731 683 Περὶ
2778 612 2883 667 τοῦ
2931 610 3189 666 ἀνοσίου
3221 606 3543 676 Malm/Iov.

2363 730 2517 784 Ἐπεὶ
2541 728 2597 782 δέ
2628 728 2722 783 καὶ
2756 724 3027 797 Μελήτιός
3051 740 3136 787 τις
3172 719 3485 790 ἐπισκοπῆς
3524 716 3873 789 χειροτονίας

2282 822 2588 896 ἠξιωμένος
2621 820 2682 875 οὐ
2718 818 2825 891 πρὸ
2870 815 3068 872 πολλοῦ
3112 815 3215 883 τῆς
3264 811 3475 884 Ἀρείου
3518 809 3757 881 μανίας,
3809 809 3882 861 δι-

604 941 742 994 simo
804 906 966 991 Petro
1022 931 1405 988 Alexandrinae
1463 928 1720 983 Ecclesia:
1796 925 2071 995 episcopo,
2131 932 2186 975 et

2297 913 2561 985 ελεγχθεὶς
2584 912 2689 966 ὑπὸ
2708 910 2801 965 τοῦ
2830 908 3109 963 θειοτάτου
3133 906 3344 975 Πέτρου
3369 902 3464 957 τοῦ
3482 902 3584 973 τῆς
3622 899 3882 965 ’Δλεξαν-

605 1036 789 1099 postea
854 1024 1097 1096 martyrii
1161 1035 1361 1076 corona
1404 1027 1689 1081 exornato,
1752 1024 1808 1070 et
1863 1015 2177 1082 episcopatu

606 1120 907 1182 abdicatus,
942 1114 1226 1171 sententia:
1249 1110 1611 1166 abdicationis
1636 1122 1741 1163 non
1767 1106 2061 1175 acquievit,
2089 1103 2183 1159 sed

606 1209 939 1267 Thebaidem
965 1217 1020 1262 et
1052 1207 1338 1261 finitimam
1374 1202 1662 1273 Egyplum
1703 1197 1933 1253 tumultu
1969 1212 2031 1251 ac
2061 1210 2185 1266 pro.

604 1303 758 1359 cellis
822 1298 1185 1356 contentionis
1254 1294 1522 1366 implevit,
1584 1291 1927 1363 tyrannidem
1986 1296 2181 1341 contra

610 1390 1024 1464 praerogativam
1059 1388 1211 1444 sedis
1262 1384 1559 1440 Alexandri
1601 1381 1840 1453 episcopi
1886 1393 2180 1447 usurpans,

609 1492 909 1540 conventus
928 1479 1303 1549 episcoporum
1334 1477 1399 1531 ad
1426 1475 1851 1531 Alexandrinam
1883 1470 2183 1527 Ecclesiam

608 1572 849 1643 scripsit,
904 1585 1025 1640 qua:
1060 1569 1127 1625 de
1157 1568 1372 1624 Meletio
1434 1581 1523 1622 res
1557 1578 1727 1621 novas
1776 1561 2032 1618 moliente
2070 1572 2183 1616 Sta-

610 1667 828 1722 luisset.

2285 1006 2458 1078 δρὲων
2489 1003 2813 1066 ἐπισκόπου,
2868 999 2964 1054 τοῦ
3018 999 3113 1054 καὶ
3144 997 3235 1052 τὸν
3279 994 3375 1077 τοῦ
3413 993 3730 1067 μαρτυρίου
3766 994 3885 1049 στέο

2292 1113 2461 1167 φανον
2499 1093 2934 1166 ἀναδησαμένου,
2970 1088 3321 1159 καθαιρεθεὶς
3344 1088 3374 1141 ό
3405 1087 3566 1151 αὐτὸς
3598 1086 3884 1157 Μελήτιος

2291 1190 2392 1243 οὐκ
2417 1187 2640 1259 ἔστερξε
2678 1186 2779 1257 τὴν
2813 1183 2914 1254 τῆς
2946 1181 3321 1251 καθαιρέσεως
3351 1178 3553 1250 ψῆφον,
3615 1176 3769 1231 ἀλλὰ
3792 1177 3887 1246 τήν

2290 1296 2350 1332 τε
2394 1276 2641 1349 Θηϐαΐδα
2670 1276 2765 1329 καὶ
2788 1272 2887 1345 τὴν
2925 1270 3267 1336 πελάζουσαν
3300 1270 3578 1339 Αἴγυπτον
3624 1265 3883 1339 θορύϐων

2291 1372 2389 1426 καὶ
2413 1370 2583 1442 ζάλης
2607 1369 2892 1440 ἐνέπλησε,
2914 1365 3193 1439 τυραννίδι
3218 1364 3361 1419 κατὰ
3390 1364 3491 1435 τῆς
3520 1361 3883 1431 Ἀλεξάνδρου

2291 1463 2387 1518 τοῦ
2426 1462 2729 1517 ἐπισκόπου
2768 1460 3053 1532 χρώμενος
3096 1455 3389 1529 προεδρίας
3416 1470 3431 1485 ·
3478 1454 3699 1525 ἔγραψε
3741 1453 3800 1506 δὲ
3829 1454 3884 1505 τί

2290 1554 2468 1609 κοινὸν
2507 1554 2609 1625 τῆς
2668 1553 2892 1607 συνόδου
2947 1551 3084 1621 πρὸς
3136 1550 3237 1619 τὴν
3296 1547 3409 1601 τῶν
3474 1545 3884 1616 Ἀλεξανδρέων

2300 1644 2646 1716 Ἐκκλησίαν,
2692 1643 2836 1713 ᾇπερ
2892 1641 3021 1713 περὶ
3066 1641 3165 1713 τῆς
3210 1639 3403 1694 τούτου
3457 1637 3886 1708 νεωτεροποιίας

2291 1733 2633 1809 [νεωτερίας]
2665 1734 3081 1805 ἐνομοθέτησεν.

607 1862 839 1933 Epistola
872 1859 1083 1933 concilii
1138 1858 1333 1933 scripta
1390 1853 1584 1933 sanctis
1636 1851 1751 1933 Dei.
1791 1848 2042 1933 Ecclesiis
2094 1864 2185 1917 per

2297 1845 2589 1933 Συῖοδικὴ
2614 1844 2913 1933 ἐπιστολὴ
2937 1843 3381 1933 τραφεῖσαιτοῖς
3408 1843 3561 1929 κατὰ
3599 1841 3886 1933 ’ρλεξάνῖ

682 1932 1078 1992 Alexandriam,
1128 1918 1441 1997 Egyptum,
1476 1920 1830 1997 Pentapolim,
1863 1929 1911 1997 et
1943 1918 2181 1997 Libyam,

677 2011 728 2056 et
757 2016 958 2056 omnem
996 1989 1188 2053 terram
1205 1989 1335 2065 'q'u'a:
1370 1996 1464 2049 sub
1496 1994 1620 2047 caelo
1658 2001 1754 2065 est,
1783 1989 2110 2065 clerisetiam
2136 1998 2182 2065 et

696 2072 884 2194 ‘opullis
902 2069 1203 2124 orthodoxae
1223 2056 1371 2136 ﬁdei,
1395 2069 1459 2119 ab
1485 2062 1740 2134 episcopis
1771 2061 1942 2114 sancti
1974 2056 2026 2112 Ν
2031 2056 2182 2111 icwni

696 2157 826 2194 :onct
849 2159 905 2194 ιι.

678 2157 905 2197 εοηειιιι.

2364 1912 3097 1995 δρειᾳν,καὶιΑτχυπτοὴ,
3157 1913 3258 1992 grai
3312 1912 3737 1995 Πεγτιίπολιγ,
3790 1914 3879 1995 κςιὶ

2347 1981 2596 2053 ιᾸιὸὑην
2634 1984 2735 2039 καὶ
2757 1981 2886 2051 ταῖς
2913 1985 3065 2039 κατὰ
3100 1982 3308 2038 πᾶσαν
3336 1983 3453 2051 τὴν
3485 1983 3587 2038 ὑπ’
3620 1981 3887 2048 οὐρανόν

2362 2057 2558 2124 ἁγίαις
2595 2055 2702 2110 τοῦ
2744 2053 2895 2109 Θεοῦ
2953 2056 3354 2121 Ἐκκλησίαις,
3398 2053 3657 2124 κλήροις
3685 2068 3753 2124 ξε
3793 2053 3879 2124 καὶ

2359 2120 2545 2190 λαοῖς(
2579 2125 2690 2191 τῆς
2730 2124 3057 2193 ὀρθοδόξου
3112 2120 3394 2190 πίστεως,
3432 2120 3595 2190 παρὰ
3651 2120 3771 2191 τῆς
3820 2121 3883 2174 ἐν

2357 2197 2575 2263 Νικαίᾳ
2605 2195 2777 2265 ἁγίας
2813 2195 3086 2250 συνόδου
3121 2193 3241 2248 τῶν
3270 2194 3647 2249 ἐπισκόπων.

961 2316 1119 2389 (Vide
1144 2314 1367 2382 hujusce
1404 2311 1745 2381 Patrologiaz,
1784 2316 1914 2365 tom.
1948 2304 2213 2374 LXXXII,
2243 2309 2347 2365 col.
2378 2310 2645 2377 927-952,
2676 2310 2821 2382 apud
2851 2310 3129 2367 Theodor.
3163 2308 3275 2366 .lib.
3309 2326 3369 2375 ιι,
3401 2324 3452 2365 c.
3481 2309 3561 2379 9.)

1148 2428 1380 2486 CAPUT
1418 2425 1661 2482 XXXIV.

550 2542 561 2552 ’
611 2545 834 2603 Publica
854 2546 1073 2617 epistola
1102 2540 1637 2667 σετὶρὲτιῖιιὲἐὲἑιὲεὺὶο
1662 2541 1898 2609 episcopo
1929 2536 2191 2594 Cmsarea:

2870 2426 3126 2483 ΚΕΦΑΛ.
3165 2424 3288 2482 ΛΔ’.

2301 2540 2659 2610 Ἐγκύκλιος
2706 2539 3002 2608 ἐπιστολὴ
3046 2539 3343 2610 ’,τραφεῖσα
3389 2539 3549 2608 παρὰ
3585 2539 3882 2594 Εὐσεόίου

2383 2609 2722 2665 ἐπισκόπου
2752 2611 3113 2698 Καισαρείας
3143 2609 3254 2679 τῆς
3273 2611 3345 2665 ἐν
3377 2611 3785 2677 Παλαιστίνῃ.

953 2726 1113 2799 (Vide
1138 2725 1365 2794 bujusce
1417 2723 1735 2792 Patralcgia:
1784 2732 1917 2777 tom.
1951 2722 2215 2790 LXXXII,
2252 2721 2357 2778 col.
2388 2721 2515 2790 959,
2554 2723 2695 2791 apud
2726 2721 3000 2777 Theodor.
3048 2720 3142 2776 lib.
3189 2737 3228 2787 I,
3264 2736 3387 2793 cap.
3421 2722 3533 2793 II.)

1136 2838 1361 2896 CAPUT
1416 2835 1634 2892 XXXV.

921 2935 1074 2991 Fidei
1109 2932 1338 3004 formula
1378 2934 1431 2985 in
1464 2930 1686 2984 concilio
1720 2932 1887 2985 edita.

2922 2837 3175 2891 ΚΕΦᾹΛ.
3216 2837 3355 2891 ΛΕΚ

2428 2928 2500 2985 Ἦ
2525 2928 2595 2983 ἐν
2633 2925 2708 2997 τῇ
2740 2927 2985 2995 συνόδῳ
3020 2926 3498 2997 ὑπαγορευθεῖσα
3528 2927 3766 2993 πίστις.

962 3051 1122 3124 (Vide
1156 3049 1384 3121 hujusce
1431 3049 1749 3119 Ραινοιοςὶιε
1796 3057 1927 3103 ιοιιι.
1978 3046 2241 3113 LXXXII,
2280 3046 2385 3102 col.
2419 3045 2546 3110 940,
2587 3047 2728 3116 apud
2750 3044 3026 3101 Theodor.
3052 3045 3147 3100 lib.
3180 3061 3225 3108 ι,
3257 3060 3378 3116 cap.
3410 3044 3523 3115 Il.)

1157 3164 1389 3221 CAPUT
1430 3161 1670 3218 XXXVI.

625 3286 802 3342 Victor
845 3281 1254 3345 Constantinus,
1300 3281 1582 3402 maximus,
1614 3289 1901 3351 augustas,
1941 3279 2196 3348 episcopis

1249 3360 1296 3402 et
1327 3367 1459 3402 natm
1485 3367 1553 3402 ιε.

1249 3360 1296 3405 et
1325 3360 1553 3420 populis.

2876 3159 3129 3213 ΚΕΦΑΑ.
3163 3157 3305 3227 Acr.

2303 3266 2568 3339 Νικητὴς
2621 3269 3079 3341 Κωνσταντῖνος
3098 3310 3113 3335 ,
3166 3268 3450 3341 μέγιστος
3475 3310 3493 3338 ,
3544 3272 3848 3341 σεϐαστός
3869 3314 3888 3338 ,

2668 3344 2675 3352 ’
2741 3340 3102 3407 ἐπισκόποις
3131 3339 3231 3394 καὶ
3254 3339 3448 3407 λαοῖς.

1074 3468 1231 3538 (Vide
1269 3465 1495 3534 bujusce
1538 3463 1863 3538 Patrologia:
1903 3476 2033 3521 tom.
2076 3463 2284 3529 LXVII,
2328 3462 2431 3517 col.
2489 3462 2580 3527 88,
2607 3464 2746 3531 apud
2778 3460 2934 3517 Socr.
2978 3462 3073 3531 lib,
3120 3478 3161 3526 t,
3188 3476 3311 3533 cap.
3341 3460 3423 3531 9.)

619 3585 860 3656 Epistula
907 3583 1240 3656 imperatoris
1296 3581 1634 3656 Constantini
1680 3582 1749 3635 ad
1776 3581 2190 3656 Alexandrinos

778 3652 1029 3711 adversus
1059 3654 1267 3718 Arium,
1301 3662 1347 3708 et
1379 3652 1447 3705 ad
1476 3667 1653 3706 omnes
1681 3652 2020 3707 orthodoxos.

2307 3575 2637 3642 Ἐπιστολὴ
2699 3575 2806 3630 τοῦ
2850 3573 3160 3641 ,βασιλέως
3218 3575 3684 3629 Κωνσταντίνου
3740 3572 3880 3641 πρὸς

2382 3645 2788 3715 Ἀλεξανδρεῖς
2820 3646 2973 3700 κατὰ
3023 3645 3292 3714 Ἀρείου,
3330 3645 3429 3700 καὶ
3475 3645 3628 3713 πρὸς
3652 3644 3877 3708 πάντας

2369 3716 2623 3783 όρθοδόξ
2626 3734 2759 3783 ους.

1117 3827 1273 3900 (Vide
1301 3828 1524 3899 hujusce
1566 3827 1880 3899 Patrologiw
1915 3837 2047 3883 tom.
2072 3828 2283 3896 LXVII,
2313 3831 2415 3885 cul.
2443 3832 2534 3896 84,
2573 3831 2713 3900 apud
2747 3829 2902 3885 Socr.
2934 3828 3027 3883 lib.
3061 3845 3102 3895 I,
3143 3844 3262 3899 cap.
3295 3828 3375 3899 9.)

617 3945 831 4002 Littera:
861 3942 1213 4004 Constantini,
1247 3957 1379 4010 quas
1418 3938 1602 3993 Nicaea
1633 3941 1703 3994 ad
1744 3942 2009 4010 episcopos
2050 3944 2189 3996 misit

952 4013 1044 4083 qui
1068 4012 1290 4066 concilio
1325 4027 1429 4064 non
1460 4011 1843 4077 interfuerunt.

2308 3943 2637 4011 Ἐπιστολὴ
2673 3942 2779 3997 τοῦ
2810 3939 3123 4006 ,ϐασιλέως
3150 3940 3613 4011 Κωνσταντίνου
3658 3940 3742 4007 ἢν
3770 3939 3877 4011 dm}

2373 4013 2483 4079 τῆς
2515 4008 2783 4067 Νικαέων
2824 4011 3150 4067 ἀπέστειλε
3174 4010 3301 4076 τοῖς
3340 4011 3768 4080 ἀπολειφθεῖσι
3809 4008 3873 4073 τῇ

2372 4084 2613 4150 συνόδῳ
2636 4082 3010 4147 ἐπισκόποις.

621 4194 783 4266 (Vide
807 4191 1386 4266 liujuscePatrologizc
1411 4200 1555 4266 tom.
1587 4188 1709 4266 XX,
1750 4190 1856 4244 col.
1889 4191 2054 4266 j073,
2087 4192 2469 4266 apudjttseb.
2504 4196 2598 4266 lib.
2628 4212 2711 4261 III,
2741 4196 2808 4251 de
2833 4192 2954 4266 Vi_ta
2988 4190 3274 4266 Constant.
3298 4208 3349 4248 c.
3384 4194 3640 4266 Πλιοιιι.
3675 4191 3873 4256 LXVI],

968 4263 1074 4318 col.
1107 4263 1195 4325 89,
1230 4262 1369 4331 apud
1407 4262 1562 4316 Socr.
1597 4261 1691 4315 lib.
1730 4277 1768 4324 I,
1799 4276 1848 4315 c.
1882 4262 1936 4325 9,
1969 4272 2097 4315 tom.
2126 4262 2384 4331 LXXXII,
2417 4267 2521 4323 col.
2550 4262 2676 4332 951,
2713 4264 2854 4335 apud
2885 4261 3158 4321 Theodor.
3191 4263 3283 4321 lib.
3317 4280 3358 4329 ι,
3388 4278 3439 4319 c.
3476 4264 3555 4334 9.)

696 4381 825 4436 Ila'c
890 4380 1053 4451 igitur
1106 4378 1424 4433 absentibus
1483 4392 1511 4429 a
1566 4376 1796 4432 concilio
1852 4392 1947 4448 per
2000 4378 2206 4435 litteras

2374 4383 2566 4439 Ταῦτα
2617 4383 2717 4456 μὲν
2763 4381 2858 4437 οὖν
2910 4382 3026 4446 τοῖς
3074 4380 3455 4449 ἀπολειφθεῖσι
3510 4381 3611 4452 τῆς
3665 4380 3871 4435 συνόδου

630 4472 960 4543 significavit
992 4488 1005 4523 :
1040 4485 1134 4525 eos
1182 4478 1360 4523 autem
1420 4468 1510 4538 qui
1563 4478 1944 4535 convenerant,
1983 4484 2190 4525 sermo-

2297 4475 2583 4531 ὰπέστειλε
2606 4492 2622 4507 ⁸
2668 4476 2797 4538 τοὺς
2838 4473 2896 4527 δέ
2938 4472 3369 4543 συνεληλυθότας
3419 4473 3873 4544 ἐφιλοφρονήσατο

620 4565 780 4619 nibus
827 4572 989 4631 atque
1052 4560 1368 4615 muneribus
1438 4559 1620 4614 multis
1678 4560 1907 4631 benigne
1963 4562 2196 4632 excepit.

616 4656 752 4710 Cum
830 4664 1010 4708 autem
1078 4652 1259 4722 plures
1320 4652 1489 4707 lectos
1559 4653 1855 4721 praeparari
1906 4652 2195 4720 jussisset,

618 4746 785 4804 simul
839 4746 1093 4801 omnibus
1137 4743 1352 4812 epulum
1389 4744 1566 4811 dedit,
1604 4754 1659 4800 et
1692 4742 2022 4800 illustriores
2075 4746 2199 4815 qui-

619 4840 743 4894 dem
788 4853 973 4892 mensa
1024 4852 1121 4891 sua
1156 4837 1408 4907 dignatus
1437 4848 1557 4901 est,
1608 4837 1744 4893 alios
1776 4853 1909 4893 vero
1946 4837 2011 4893 ad
2063 4839 2198 4894 alias

620 4944 843 4983 mensas
872 4929 1095 4983 dimisit.
1124 4928 1256 4982 Cum
1293 4938 1474 4984 autem
1500 4929 1723 4984 vidisset
1750 4928 1974 4985 dextros
2008 4929 2197 4985 oculos

617 5021 939 5090 quibusdam
994 5019 1256 5087 eII'ossos,
1317 5030 1371 5075 et
1430 5020 1785 5075 intellexisset
1832 5021 2195 5075 constantiam

618 5111 836 5181 pietatis
870 5120 924 5165 et
977 5110 1103 5165 Ildei
1157 5111 1207 5164 iu
1259 5110 1535 5166 Christum
1591 5110 1760 5165 cladis
1819 5111 1936 5177 ejus
1974 5126 2197 5165 causam

620 5202 827 5268 fuisse;
892 5200 1039 5256 labra
1087 5201 1404 5257 vulneribus
1454 5199 1771 5267 admovens,
1832 5216 1954 5255 sese
2013 5201 2198 5255 osculo

620 5286 1052 5350 benedictionem'
1077 5294 1201 5348 inde
1241 5308 1434 5347 eruere
1464 5292 1739 5347 credebat.
1783 5290 2044 5347 Convivio
2074 5308 2200 5361 pcr-

619 5398 773 5451 acto,
807 5386 911 5441 alia
952 5386 1091 5441 dona
1132 5400 1325 5438 rursus
1368 5384 1434 5438 iis
1495 5383 1678 5437 attulit
1708 5400 1723 5437 :
1755 5383 1888 5453 quin
1914 5384 2077 5437 etiam
2108 5383 2198 5437 lit-

624 5488 769 5532 teras
790 5479 856 5533 ad
879 5478 1283 5546 provinciarum
1306 5474 1589 5546 prwlectos
1619 5475 1788 5539 dedit,
1817 5476 2199 5545 mandavitque

621 5577 682 5622 ut
730 5568 1036 5637 virginibus
1085 5577 1403 5637 perpetuam
1451 5567 1819 5637 virginitatem
1860 5566 2196 5632 voventibus,

622 5674 679 5716 et
726 5659 927 5725 viduis,
980 5668 1035 5715 et
1083 5657 1150 5714 iis
1188 5659 1282 5728 qui
1327 5659 1526 5713 divinis
1561 5658 1879 5714 ministeriis
1932 5659 2199 5715 obeundis

622 5752 923 5808 consecrati
979 5759 1198 5817 essent,
1252 5752 1306 5806 in
1368 5751 1595 5821 singulis
1652 5750 1963 5806 civitatibus
2023 5766 2197 5806 annua

626 5845 899 5901 frumenta
941 5843 1438 5916 suppeditarentur,
1488 5860 1606 5914 qua:
1640 5859 1745 5901 non
1778 5853 1887 5898 tam
1924 5846 2194 5906 egentium

2306 4567 2400 4621 καὶ
2429 4566 2610 4635 λόγοις
2638 4566 2734 4621 καὶ
2759 4564 2977 4638 δώροις.
3007 4563 3216 4629 Πολλὰς
3254 4564 3311 4620 δὲ
3342 4564 3599 4628 στιϐάδας
3624 4566 3867 4637 εὐτρεπι-

2300 4658 2493 4730 σθῆναι
2537 4658 2823 4722 κελεύσας,
2871 4657 3017 4713 κατὰ
3059 4656 3259 4712 ταυτὸν
3304 4657 3558 4710 ἐστίασεν
3599 4656 3877 4718 ἅπανταςο-

2299 4750 2427 4813 τοὺς
2468 4746 2569 4821 μὲν
2606 4749 3044 4821 ἐπισημοτέρους
3073 4746 3489 4820 ὁμοτραπέζους
3514 4748 3718 4812 λαϐὼν,
3757 4748 3866 4809 τοὺς

2298 4841 2355 4895 δὲ
2384 4840 2576 4903 ἄλλους
2598 4838 2789 4894 διελὼν
2827 4841 2907 4903 είς
2932 4840 3033 4902 τὰς
3060 4838 3229 4902 ἄλλας
3266 4838 3566 4908 τραπέζας.
3598 4838 3865 4908 Θεασάμεο

2299 4951 2388 4996 νος
2415 4932 2473 4986 δέ
2516 4949 2672 4996 τινας
2713 4932 2840 4995 τοὺς
2871 4930 3082 4998 δεξιοὺς
3131 4930 3449 5002 ὀφθαλμοὺς
3496 4932 3598 4986 οὐκ
3638 4922 3861 5004 ἔχοντας,

2299 5025 2414 5079 ἀλλ’
2445 5024 2912 5095 ἐκκεκομμένους,
2945 5024 3043 5077 καὶ
3079 5021 3267 5093 μαθὼν
3288 5023 3366 5088 ὼς
3399 5022 3463 5077 τὸ
3488 5024 3618 5095 περὶ
3646 5026 3749 5096 τὴν
3783 5022 3862 5075 εό-

2301 5117 2518 5172 σέὸειαν
2554 5116 2618 5170 τὸ
2646 5118 2728 5181 είς
2762 5114 3001 5188 Χριστόν
3032 5116 3246 5189 ἑδραῖον
3291 5116 3388 5170 τοῦ
3426 5116 3639 5180 πάθους
3664 5117 3863 5185 ἐγένετο

2298 5210 2491 5276 αἴτιον,
2522 5207 2591 5262 τὰ
2620 5209 2774 5279 χείλη
2807 5210 2920 5272 τοῖς
2948 5207 3229 5279 τραύμασι
3258 5209 3697 5279 προσενηνοχὼς,
3725 5206 3861 5262 ἐλκύ-

2300 5320 2417 5357 σειν
2465 5301 2675 5357 ἐκεῖθεν
2732 5301 2811 5372 τῷ
2857 5301 3126 5373 φιλήματι
3160 5301 3261 5372 τὴν
3306 5298 3560 5368 εὐλογίαν
3605 5301 3859 5354 ἐπίστευε.

2299 5394 2467 5458 Τέλος
2490 5392 2547 5447 δὲ
2582 5391 2681 5447 τοῦ
2724 5392 3034 5463 συμποσίου
3072 5391 3351 5457 λαϐόντος,
3386 5390 3552 5462 ἕτερα
3588 5390 3748 5444 πάλιν
3775 5386 3860 5441 αὺ-

2297 5486 2411 5549 τοῖς
2443 5485 2781 5555 πρσενήνοχε
2826 5484 3010 5555 δῶρα·
3060 5484 3155 5537 καὶ
3208 5481 3397 5552 μέντοι
3440 5483 3539 5535 καὶ
3576 5483 3862 5551 γράμματα

2301 5571 2437 5645 πρὸς
2463 5570 2591 5634 τοὺς
2630 5570 2742 5623 τῶν
2784 5569 2955 5624 ἐθνῶν
2982 5568 3460 5638 προστατεύοντας
3508 5569 3743 5624 δέδωκεν
3778 5567 3859 5635 ἄρ·

2299 5679 2517 5733 κοντας,
2553 5662 2674 5715 καθ’
2706 5661 2943 5732 ἑκάστην
2974 5660 3132 5715 πόλιν
3160 5660 3514 5733 χορηγεῖσθαι
3544 5658 3859 5732 παρεγγυῶν

2299 5752 2682 5825 ἀειπαρθένοις
2715 5754 2809 5807 καὶ
2837 5754 3058 5825 χήραις,
3103 5754 3197 5808 καὶ
3220 5755 3334 5817 τοῖς
3370 5753 3437 5825 τῇ
3465 5753 3590 5825 θεία
3630 5754 3855 5819 λειτουρ-

2301 5848 2397 5917 γία
2427 5847 2823 5916 ἁφιερωμένοις
2850 5847 3045 5913 ἐτήσια
3079 5846 3385 5911 σιτηρέσια,
3425 5846 3707 5912 φιλοτιμία
3737 5839 3853 5911 μᾶλ·
