4148 6556
318 440 453 509 1341

1192 440 1557 503 HISTORIA
1595 439 1925 499 CONClLlI
1964 442 2270 502 NICJENI.
2315 471 2378 477 -
2421 445 2568 505 LIB.
2616 446 2694 505 ll.

3415 416 3554 513 1342

310 556 423 617 λον,
458 552 492 622 ἢ
534 550 694 622 χρείᾳ
735 548 908 602 ταῦτα
961 548 1263 619 μετρήσας.
1299 548 1438 619 Περὶ
1475 541 1551 601 ὧν
1577 548 1675 600 καὶ
1716 546 1885 600 Εὐσέ-

2002 551 2349 613 τιοοεεείιοιε,
2382 568 2541 621 quam
2571 571 2664 607 sua
2706 555 2872 623 ipsius
2904 555 3300 623 magnificentia
3337 571 3555 611 mensus

313 646 431 707 ϐιος
457 646 486 697 ό
514 642 801 713 Παμφίλου
820 640 1201 711 διαλαμϐάνων
1231 632 1334 693 ὧδέ
1371 653 1491 700 πως
1519 637 1697 705 λέγει’
1728 635 1886 690 Οὕτω

311 738 377 808 δὴ
408 737 534 797 τοὺς
569 734 758 801 ἁγίους
786 730 1118 793 ἐπισκόπους
1154 728 1294 799 μετὰ
1327 727 1587 796 πλείστης
1629 727 1760 796 ὅσης
1793 728 1885 779 εὐ-

1986 651 2089 697 est.
2137 642 2211 697 De
2253 644 2446 712 quibus
2476 655 2530 699 et
2572 645 2836 699 Eusebius
2880 645 3139 714 Pamphili
3176 648 3448 702 disserens
3498 647 3553 701 in

1989 732 2131 785 hunc
2157 730 2271 784 fere
2296 733 2532 797 loquitur
2552 735 2766 787 modum
2788 733 2900 803 (29)
2925 752 2939 787 :
2969 735 3061 788 Sic
3082 735 3314 802 denique
3338 744 3557 789 sanctos

311 826 535 889 λαϐείας
571 822 943 885 διαναπαύσας
980 823 1009 874 6
1044 818 1403 889 πανεύφημος
1445 816 1539 871 καὶ
1568 816 1886 875 πιστότατος

2002 821 2267 891 episcopos
2317 838 2437 875 cum
2490 824 2722 877 maxima
2768 825 3068 878 reverentia
3131 825 3556 894 interquiescere

316 917 570 989 βασιλεὺς
598 914 1029 977 Κωνσταντῖνος,
1070 909 1472 981 συνταξάμενός
1493 927 1554 963 τε
1574 924 1577 927 λ
1600 910 1742 977 σφᾶς
1787 908 1888 961 ἐπ-

315 1009 520 1065 ανιέναι
544 1007 746 1069 οἴκαδε,
778 1006 911 1068 τοὺς
938 1005 1146 1068 πάντας
1174 1004 1347 1075 ἠφίει.
1392 1004 1457 1056 Ut
1497 1002 1555 1056 δέ
1583 1000 1889 1072 ἐπανῄεσαν

318 1102 415 1155 σὺν
437 1098 745 1169 εὐφροσύνῃ
768 1097 956 1167 πολλῇ.
997 1095 1253 1165 Ἐκράτει
1278 1110 1338 1147 τε
1365 1093 1553 1147 λοιπὸν
1577 1092 1676 1162 μία
1694 1091 1887 1161 γνώμη

318 1188 471 1261 παρά
500 1191 610 1251 τοῖς
645 1188 802 1251 πᾶσι,
837 1185 967 1258 παρ’
999 1184 1151 1257 αὑτῷ
1181 1183 1393 1255 βασιλεῖ
1440 1181 1886 1253 συμφωνηθεῖσα,

320 1280 749 1350 συναπτομένων
787 1278 977 1347 ὥσπερ
1011 1279 1092 1339 είς
1135 1276 1194 1329 ἒν
1233 1275 1392 1346 σῶμα
1428 1274 1539 1327 τῶν
1578 1276 1645 1327 ἐκ
1678 1271 1889 1344 μακροῦ

318 1368 677 1441 διῃρημένων.
716 1366 935 1438 Χαίρων
968 1366 1104 1437 δῆτα
1127 1367 1157 1419 6
1194 1364 1445 1435 βασιλεὺς
1469 1362 1563 1417 ἐπὶ
1590 1362 1669 1433 τῷ
1694 1378 1892 1432 κατορ-

322 1460 555 1533 θώματι,
584 1462 697 1522 τοῖς
722 1458 797 1528 μὴ
829 1456 1205 1529 παρατυχοῦσι
1235 1458 1302 1527 τῇ
1336 1454 1540 1524 συνόδῳ
1570 1452 1891 1515 ἐπισκόποις

322 1552 531 1622 καρπὸν
592 1549 793 1620 εὐθαλῆ
832 1549 901 1602 δι’
954 1546 1255 1602 ἐπιστολῶν
1298 1546 1587 1615 ἐδωρεῖτοο
1637 1544 1787 1606 λαοῖς
1830 1560 1890 1595 τε

323 1646 480 1710 πᾶσι,
513 1645 628 1707 τοῖς
654 1659 713 1695 τε
750 1641 871 1695 κατ’
900 1640 1107 1709 ἀγροὺς
1139 1639 1236 1692 καὶ
1266 1639 1376 1701 τοῖς
1412 1636 1557 1706 ἀμφὶ
1581 1635 1682 1699 τάς
1707 1634 1892 1697 πόλεις

321 1734 866 1806 οίκοῦσι,χρημάτων
893 1731 1158 1800 ἀφθόνους
1172 1729 1435 1791 διαδόσεις
1460 1726 1732 1781 ποιεῖσθαι
1753 1742 1894 1794 παρ-

324 1825 637 1880 εκελεύετο·
678 1818 781 1879 ὧδὲ
814 1840 888 1893 πη
908 1821 1180 1895 γεραίρων
1211 1822 1312 1890 τὴν
1332 1819 1524 1890 ἑορτὴν
1556 1820 1658 1889 τῆς
1674 1820 1891 1871 εἰκοσα-

324 1918 480 1981 ετοῦς
519 1915 683 1971 αὐτοῦ
734 1914 1043 1986 βασιλείας·
1088 1912 1461 1982 ἑκκαιδεκάτῳ
1495 1910 1594 1981 μὲν
1651 1908 1761 1962 ἐτει
1800 1908 1894 1962 καὶ

329 2012 496 2081 μησὶν
524 2007 584 2073 ἐξ
614 2007 715 2077 τῆς
739 2006 1014 2077 βασιλείας
1035 2003 1227 2069 αὐτοῦ,
1251 2001 1431 2065 καθὼς
1460 2002 1553 2056 καὶ
1589 1998 1845 2071 ἀνωτέρω
1866 2001 1894 2053 ό

324 2101 485 2171 λόγος
537 2099 807 2165 ἀπέδειξε,
860 2099 1003 2152 κατὰ
1042 2096 1115 2151 τά
1159 2095 1368 2149 παλαιά
1407 2094 1745 2165 διηγήματα,
1794 2090 1895 2163 τὴν

327 2194 490 2263 ἀγίαν
518 2192 626 2247 τῶν
657 2192 967 2247 ἐπισκόπων
990 2188 1343 2261 συναθροίσας
1376 2186 1614 2241 σύνοδον.
1650 2183 1896 2254 Εἰκοστῷ

326 2285 385 2345 6's
422 2286 531 2337 ετει
567 2283 937 2337 διαλυσάντων
965 2281 1029 2335 τὸ
1059 2281 1159 2352 τῆς
1192 2280 1412 2334 συνόδου
1451 2277 1748 2349 συνέδριον,
1802 2276 1898 2329 ἀν-

328 2375 522 2429 έλυσεν
559 2375 790 2427 ἕκαστον
820 2375 899 2437 είς
925 2371 1025 2436 τὰς
1045 2371 1180 2434 ίδίας
1209 2369 1521 2441 παροικίας,
1552 2367 1735 2431 καθὼς
1761 2382 1897 2437 προ-

326 2463 710 2520 ανατάτακται.
759 2460 902 2529 Ἐγὼ
939 2460 998 2515 δὲ
1022 2460 1093 2515 τά
1145 2460 1205 2512 ἐν
1237 2460 1377 2529 αὐτῇ
1418 2460 1486 2529 τῇ
1516 2457 1650 2528 ἁγίᾳ
1694 2456 1897 2527 συνόδῳ

327 2555 456 2627 περὶ
479 2554 588 2609 τῶν
620 2554 719 2624 τῆς
749 2551 1048 2622 καθολικῆς
1072 2552 1167 2605 καὶ
1198 2549 1481 2622 όρθοδόξου
1510 2548 1770 2612 πίστεως,
1798 2550 1896 2619 τῆς

326 2664 384 2698 τε
409 2645 708 2716 σεϐασμίου
741 2642 939 2714 ἑορτῆς
982 2640 1078 2695 τοῦ
1112 2640 1267 2709 ἀγίου
1314 2641 1527 2711 Πάσχα,
1555 2640 1664 2693 τῶν
1706 2656 1767 2693 τε
1800 2638 1898 2708 τῆς

328 2737 788 2808 ἐκκλησιαστικῆς
811 2736 961 2799 θείας
988 2728 1329 2805 λειτουργίας
1350 2731 1755 2795 διατυπώσεων,
1786 2728 1899 2783 τῶν

325 2846 387 2884 τε
422 2830 551 2899 περὶ
582 2829 678 2899 τῆς
709 2829 768 2880 ἐν
797 2828 934 2896 αὐτῇ
968 2826 1224 2891 εὐταξίας
1252 2826 1494 2879 κανόνων
1522 2822 1781 2893 κριθέντα
1803 2821 1900 2875 καί⁸

326 2918 610 2991 ὁρισθέντα
642 2918 868 2983 ἐντάξας
901 2919 1041 2973 κατά
1075 2918 1323 2989 δύναμιν,
1354 2915 1483 2988 τῇδε
1510 2918 1577 2987 τῇ
1607 2914 1899 2985 ἐκκλησια-

329 3012 487 3081 στικῇ
533 3006 786 3081 Ἱστορίᾳ,
835 3009 973 3079 πρὸς
1025 3007 1405 3078 πληρεστάτην
1454 3006 1755 3075 ἀσφάλειαν
1790 3003 1899 3057 τῶν

330 3098 728 3169 ἐντευξομένων
769 3097 905 3168 τῷδε
945 3096 1023 3166 τῷ
1063 3098 1374 3167 γράμματι,
1420 3094 1653 3148 ἐνταῦθα
1722 3111 1897 3149 κατα-

329 3192 526 3245 παύσω
551 3191 641 3245 τὸν
664 3189 824 3257 λόγον
848 3206 862 3220 ο
890 3188 961 3242 τὰ
981 3187 1145 3241 λοιπά
1177 3186 1273 3240 τοῦ
1304 3186 1661 3256 πανευφήμου
1688 3189 1783 3239 καὶ
1806 3203 1900 3239 πι-

329 3282 588 3337 στοτάτου
618 3279 884 3351 βασιλέως
921 3278 1120 3348 εὐσεϐῆ
1151 3278 1292 3348 ὑπὲρ
1332 3278 1434 3346 τῆς
1466 3277 1702 3341 πίστεως
1732 3293 1902 3331 σπου-

325 3376 582 3445 δάσματα
618 3375 676 3426 ἐν
717 3372 890 3442 τρίτῳ
931 3370 1236 3436 κατατάξαι
1269 3369 1493 3423 συνιδὼν
1540 3370 1901 3439 συντάγματι,

328 3473 410 3531 εἰς
434 3466 591 3532 δόξαν
611 3465 704 3519 τοῦ
730 3474 948 3519 πάντων
972 3463 1127 3534 ἡμῶν
1152 3462 1403 3533 Σωτῆρος
1422 3460 1683 3532 Χριστοῦ,
1710 3460 1805 3514 καὶ
1826 3462 1904 3523 εἰς

329 3556 742 3628 ἐναργεστάτην
769 3556 1045 3621 ἀπόδειξιν
1067 3557 1167 3626 τῆς
1192 3554 1287 3607 τοῦ
1318 3554 1646 3607 πιστοτάτου
1676 3552 1771 3606 τοῦ
1813 3552 1907 3621 βα·

333 3648 528 3711 σιλέως
548 3646 849 3711 εὐσεϐείας.
886 3648 1097 3701 Ἐκεῖνο
1139 3646 1299 3717 μόνον
1324 3645 1643 3718 προσθεῖναι
1673 3644 1907 3698 ἐνταῦθα

331 3741 628 3807 ἀναγκαῖον
660 3738 845 3810 ᾠήθην
880 3754 893 3767 ’
924 3738 999 3809 μὴ
1043 3737 1326 3810 πάρεργον
1366 3736 1734 3808 ἡγησάμενος,
1772 3735 1907 3790 άλλά

332 3833 428 3885 καὶ
453 3830 574 3884 λίαν
608 3829 868 3900 ἁρμόδιον
887 3844 901 3858 ⁸
930 3832 1001 3883 τὰ
1029 3828 1142 3882 τῶν
1172 3828 1490 3883 ἐπισκόπων
1515 3828 1777 3899 ὀνόματα,
1799 3828 1908 3881 τῶν

332 3924 439 3976 ὑπὸ
458 3921 553 3976 τοῦ
577 3921 760 3975 κοινοῦ
791 3922 1012 3976 πάντων
1033 3921 1143 3974 τῶν
1162 3922 1481 3976 ἐπισκόπων
1506 3923 1587 3984 είς
1611 3922 1711 3983 τὰς
1734 3922 1905 3974 ἀπαν-

331 4011 500 4083 ταχοῦ
530 4013 636 4081 γῆς
678 4013 947 4083 ἐπαρχίας
982 4011 1317 4065 σταλέντων·
1354 4012 1423 4065 δι’
1460 4007 1536 4067 ὧν
1576 4012 1645 4065 τά
1682 4012 1786 4065 ὑπὸ
1812 4012 1909 4081 τῆς

335 4105 557 4159 συνόδου
589 4102 869 4173 κριθέντα,
894 4103 985 4156 διὰ
1015 4102 1310 4157 συνοδικῶν
1347 4103 1651 4156 ἐπιστολῶν
1683 4102 1776 4157 καὶ
1801 4103 1910 4154 τῶν

334 4197 431 4250 τοῦ
466 4196 827 4266 πανευφήμου
863 4194 1129 4265 βασιλέως
1167 4194 1533 4265 γραμμάτων,
1584 4194 1789 4257 πάσαις
1832 4194 1911 4247 δι-

334 4288 620 4359 επέμψατο
648 4290 766 4350 ταῖς
795 4288 899 4340 ὑπὸ
916 4286 1009 4341 τὸν
1031 4286 1258 4356 οὐρανὸν
1279 4286 1464 4353 ἀγίαις
1488 4285 1585 4337 τοῦ
1611 4284 1743 4337 Θεοῦ
1787 4285 1909 4336 Ἐκ-

336 4380 613 4452 κλησίαις,
662 4382 741 4443 είς
774 4379 930 4443 δόξαν
974 4377 1069 4431 τοῦ
1108 4376 1245 4430 Θεοῦ
1291 4378 1385 4430 καὶ
1435 4376 1529 4429 τοῦ
1570 4374 1700 4429 Υίοῦ
1745 4374 1910 4428 αὐτοῦ

350 4471 527 4543 Ἰησοῦ
566 4471 813 4542 Χριστοῦ
858 4470 955 4528 τοῦ
999 4469 1209 4541 Κυρίου
1258 4469 1440 4540 ἡμῶν,
1488 4470 1583 4522 καὶ
1614 4467 1723 4521 τοῦ
1753 4467 1911 4535 ἁγίου

339 4546 680 4634 Πνεῦματος.
733 4563 929 4633 Ἀμήν.

337 4699 683 4768 Κατάιιογος
724 4697 843 4751 τῶν
882 4698 1066 4766 ἁγίων
1101 4695 1468 4768 ἐπισκόπων,
1519 4690 1708 4768 δι’,ὦν
1730 4696 1766 4762 ὴ
1792 4694 1914 4748 σὺν

407 4765 615 4833 αὐτοῖς’
636 4771 705 4821 ἐν·
732 4765 945 4834 Νικαίᾲ
968 4768 1106 4836 ἁγία
1142 4767 1241 4820 καί
1259 4765 1492 4834 μεγάλη
1521 4765 1622 4836 καί
1641 4768 1914 4836 οίκοομε-

412 4839 553 4907 rut-ii
598 4838 860 4901 σύνοδος
898 4834 1025 4903 ταῖςέ
1069 4838 1185 4890 ἀνὰ
1215 4837 1338 4907 ,τὴν
1385 4834 1747 4907 always-vn?
1789 4834 1913 4907 :E’gt:

411 4900 693 4975 κληὰίαις
736 4900 849 4961 τοῦ
874 4900 1023 4962 Θεοῦ
1059 4900 1426 4974 διεπέμψατο
1464 4904 1537 4957 τὰ
1553 4900 1638 4975 ’ἐν
1661 4900 1814 4969 αὐτῇ
1840 4901 1913 4954 δι’

417 4974 613 5034 αὐτῶν
643 4977 959 5047 κεκριμένα
989 4977 1105 5031 ὑπὸ
1135 4976 1241 5030 τοῦ
1263 4976 1437 5044 ἁγίου
1470 4974 1841 5043 Πνεύματος.

419 5117 605 5177 Ὄσιος
634 5114 930 5177 ἐπίσκοπος
961 5113 1310 5184 Κουρδούϐης
1340 5115 1460 5177 ταῖς
1499 5112 1641 5165 κατά
1673 5108 1914 5182 Ῥώμην,

346 5210 442 5272 καὶ
483 5206 735 5267 Ἰταλίαν,
778 5208 871 5258 καὶ
902 5206 1140 5257 Σπανίαν
1183 5207 1382 5270 πᾶσαν,
1426 5205 1521 5257 καὶ
1554 5205 1674 5265 ταῖς
1717 5204 1774 5255 ὲν
1807 5203 1917 5263 τοῖς

346 5300 552 5357 λοιποῖς
583 5297 761 5351 ἔθνεσι
794 5299 907 5358 τοῖς
937 5296 1192 5348 ἐπέκεινα
1216 5297 1335 5349 κατ’
1370 5296 1471 5366 ἐμὲ
1508 5290 1656 5348 οὖσιν
1691 5294 1793 5356 ἓως
1818 5292 1911 5345 τοῦ

360 5388 643 5455 Ὠκεανοῦ,
668 5389 852 5457 ἀγίαις
875 5387 967 5439 τοῦ
993 5386 1128 5439 Θεοῦ
1170 5386 1536 5454 Ἐκκλησίαις,
1568 5386 1657 5439 διά
1686 5384 1794 5438 τῶν
1816 5384 1913 5436 σὺν

348 5482 497 5553 αὺτῷ
536 5479 924 5553 πρεσϐυτέρων
963 5477 1181 5547 Ῥώμης
1217 5478 1446 5541 Βίτωνος
1485 5478 1579 5531 καὶ
1613 5476 1912 5531 Βικεντίου.

434 5656 779 5726 Ἀλέξανδρος
834 5650 1238 5722 Ἀλεξανδρείας
1290 5654 1383 5706 σὺν
1440 5653 1737 5724 ’Δθανασίῳ
1786 5653 1906 5707 τότε

418 5835 535 5909 (29)
578 5834 691 5890 Lib.
726 5848 785 5889 ill
814 5834 883 5887 De
914 5834 1015 5886 ritu
1056 5832 1360 5897 Conamen,
1401 5849 1521 5902 cap,
1562 5832 1651 5901 2|,
1684 5832 1773 5887 22.

1989 913 2192 970 faciens
2249 915 2531 969 laudabilis
2573 930 2793 983 prorsus
2853 932 2918 969 ac
2982 916 3324 971 fidelissimus
3383 917 3557 986 impe-

1992 1014 2140 1059 rator
2184 1003 2599 1071 Constantinus,
2663 1007 3082 1076 pnecipiensque
3148 1008 3266 1062 illos
3334 1008 3552 1062 domum

1990 1097 2209 1161 redire,
2260 1111 2449 1151 omnes
2515 1098 2735 1152 dimisit.
2811 1097 2914 1168 Ipsi
2977 1114 3105 1153 vero
3178 1115 3300 1154 cum
3370 1100 3554 1155 lmtitia

1992 1190 2156 1243 multa
2186 1190 2481 1243 redierunt.
2517 1188 2807 1242 Ohtiuebat
2841 1198 3017 1244 autem
3046 1196 3185 1259 apud
3216 1206 3406 1246 omnes
3449 1206 3554 1245 una

1991 1281 2043 1336 itt
2073 1290 2347 1351 posterum
2380 1280 2671 1344 sententia,
2715 1280 2765 1332 in
2807 1295 2970 1349 quam
3021 1292 3287 1349 prasente
3327 1282 3558 1350 impera-

1993 1385 2111 1431 tore
2140 1374 2540 1445 conspirarunt,
2577 1374 2879 1443 conjunctis
2902 1373 3047 1427 velut
3075 1374 3129 1427 in
3163 1388 3328 1426 ttntttn
3362 1386 3559 1440 corpus

1990 1467 2057 1521 iis
2089 1468 2181 1535 qui
2218 1468 2305 1520 diu
2341 1467 2571 1534 separati
2608 1465 2841 1518 fuerant.
2879 1466 3176 1533 Imperator
3206 1465 3370 1534 igitur
3402 1464 3558 1517 laetus

1992 1558 2061 1613 ob
2109 1572 2224 1611 rem
2268 1556 2501 1609 feliciter
2523 1567 2747 1629 gestant,
2781 1557 2847 1609 iis
2880 1558 2968 1625 qui
2998 1556 3227 1609 concilio
3261 1570 3365 1607 non
3396 1554 3561 1607 inter-

1993 1648 2243 1712 fuerunt,
2276 1647 2581 1716 episcopis,
2626 1650 2844 1700 niterent
2898 1644 3131 1699 fructum
3168 1661 3261 1713 per
3304 1643 3561 1712 epistolas

1994 1740 2158 1795 dabat
2190 1756 2203 1791 :
2235 1738 2442 1806 populis
2494 1739 2743 1791 omnibus
2788 1746 2894 1789 tant
2936 1750 3096 1805 agros
3125 1749 3283 1802 quam
3314 1734 3561 1788 civitates

1997 1830 2396 1891 habitantibus,
2449 1829 2796 1897 pecuniarum
2851 1826 3048 1882 elfusas
3100 1826 3410 1894 largitiones
3443 1826 3560 1879 fieri

1992 1923 2237 1995 jubebat.
2291 1920 2405 1976 lloc
2453 1919 2609 1973 modo
2660 1918 2975 1972 vicesimum
3034 1918 3116 1970 sui
3154 1918 3302 1986 regni
3358 1930 3559 1970 annum

1999 2009 2413 2069 condecorabat.
2463 2008 2629 2064 Sexto
2656 2008 2870 2076 quidem
2901 2006 3113 2062 decimo
3158 2023 3300 2062 anno
3324 2015 3381 2061 et
3409 2016 3565 2060 sexto

2000 2116 2187 2157 mense
2234 2099 2381 2169 regni
2415 2098 2532 2164 sui,
2561 2096 2714 2166 juxta
2758 2103 2974 2152 veteres
3001 2096 3288 2163 historias,
3316 2105 3374 2149 ιιι
3402 2110 3565 2164 supra

1999 2193 2256 2256 diximus,
2293 2202 2537 2247 sanctum
2573 2189 2949 2259 episcoporum
2998 2188 3287 2243 concilium
3339 2200 3564 2257 congre-

1999 2284 2166 2352 gavit.
2208 2284 2365 2338 Auno
2398 2297 2528 2337 vero
2556 2280 2818 2337 vicesimo
2847 2295 2967 2335 cum
2999 2278 3189 2351 synodi
3238 2283 3564 2331 conventum

2002 2377 2357 2439 dissolvisset,
2388 2375 2441 2428 in
2462 2388 2590 2427 suas
2612 2372 2899 2441 partecias,
2926 2382 2986 2425 ut
3011 2371 3210 2425 dictum
3236 2378 3340 2432 est,
3371 2382 3566 2421 unum-

2001 2483 2269 2537 quemque
2303 2465 2532 2520 dimisit.
2580 2465 2693 2534 Ego
2728 2473 2929 2527 autem,
2982 2477 3103 2531 qua:
3146 2460 3200 2515 in
3232 2461 3346 2530 ipsa
3379 2470 3565 2513 sancta

2000 2558 2209 2629 synodo
2237 2557 2303 2611 de
2320 2556 2585 2611 catholica
2616 2564 2670 2607 et
2693 2552 2993 2609 orthodoxa
3028 2553 3156 2617 ﬁde,
3183 2561 3234 2606 et
3264 2552 3567 2604 veneranda

2002 2654 2169 2708 sancti
2204 2649 2485 2706 Paschalis
2517 2647 2836 2713 festivitate,
2893 2647 2959 2702 de
3001 2644 3169 2700 divini
3216 2641 3567 2698 ecclesiastici

2002 2744 2162 2801 olllcii
2218 2740 2697 2797 constitutionibus
2718 2779 2734 2803 ,
2763 2749 2817 2794 et
2844 2739 2909 2793 de
2955 2738 3122 2808 ipsius
3154 2735 3449 2804 disciplina:
3479 2749 3569 2789 ca-

2004 2833 2497 2903 uonibusjudicata
2542 2840 2598 2887 et
2631 2830 2849 2887 deﬁnita
2884 2838 3033 2894 sunt,
3063 2843 3186 2883 cum
3216 2828 3284 2882 ad
3319 2826 3570 2895 plenissi-

2006 2941 2146 2981 matn
2183 2938 2371 2979 eorum
2422 2922 2771 2977 securitatem
2811 2919 2900 2990 qui
2937 2920 3039 2973 hoc
3088 2917 3295 2993 scripto
3325 2922 3567 2976 utentur,

2006 3020 2057 3073 in
2090 3018 2192 3072 bac
2220 3014 2586 3071 ecclesiastica
2618 3012 2881 3077 Historia,
2922 3019 2981 3064 ut
3020 3008 3192 3079 potui,
3223 3008 3412 3062 ordine
3446 3020 3574 3073 pro-

2006 3108 2302 3180 posuerim,
2351 3104 2479 3161 huic
2525 3104 2761 3159 sermoni
2805 3103 2968 3154 Iittc'm
3013 3100 3283 3168 imponant
3316 3112 3331 3149 :
3367 3094 3571 3161 reliqua

2006 3213 2230 3270 prorsus
2263 3194 2545 3250 laudabilis
2577 3202 2737 3263 atque
2770 3190 3068 3245 fidelissimi
3104 3186 3451 3256 imperatoris
3485 3185 3569 3254 pia

2003 3309 2101 3364 pro
2148 3291 2252 3345 ﬁde
2294 3288 2469 3344 studia
2519 3286 2572 3341 itt
2628 3284 2790 3341 tertio
2829 3281 3220 3337 commentario
3273 3278 3571 3333 relaturum

2007 3401 2091 3440 me
2138 3392 2414 3453 reputans,
2464 3380 2517 3433 in
2552 3377 2775 3448 gloriam
2807 3376 3048 3430 omnium
3077 3383 3324 3427 ucstrqu
3380 3369 3574 3424 Salva-

2007 3476 2138 3531 toris
2163 3473 2386 3537 Christi,
2414 3481 2469 3526 et
2496 3472 2549 3524 in
2581 3466 3073 3522 tnauifestissitnam
3104 3463 3321 3533 pietatis
3344 3463 3573 3517 demon-

2005 3568 2322 3624 strationem
2359 3561 2696 3632 imperatoris
2751 3557 2917 3612 nostri
2955 3555 3274 3610 lidelissitni.
3306 3553 3440 3608 Illud
3478 3568 3571 3608 so-

2007 3662 2113 3715 lum
2146 3660 2232 3714 hic
2261 3658 2456 3711 addere
2490 3655 2856 3707 necessarium
2891 3650 3197 3703 existimavi
3237 3650 3254 3714 (
3281 3662 3385 3700 non
3416 3654 3573 3702 extra

2008 3767 2119 3807 rem
2169 3764 2289 3804 esse
2330 3747 2648 3806 arbitratus,
2696 3742 2789 3796 sed
2836 3741 2989 3793 valde
3040 3738 3572 3800 accouunodatuml,

2006 3857 2193 3897 eorum
2224 3838 2433 3892 scilicet
2478 3834 2852 3902 episcoporum
2908 3827 3147 3891 nomina,
3185 3825 3276 3895 qui
3308 3840 3372 3880 ex
3423 3839 3577 3878 cotu-

2009 3932 2156 3987 tuuni
2185 3931 2423 3983 omnium
2456 3926 2835 3995 episcopnrtnn
2887 3933 3151 3973 consensu
3186 3917 3240 3971 itt
3272 3915 3578 3986 provincias

2009 4025 2205 4091 ubique
2238 4032 2505 4074 terrarum
2555 4016 2702 4068 missi
2743 4025 2871 4067 sunt
2905 4029 2919 4064 :
2958 4027 3053 4079 per
3085 4026 3221 4080 quos
3250 4024 3372 4077 quae
3410 4023 3439 4060 a
3483 4022 3577 4079 sy-

2010 4118 2150 4170 nodo
2200 4113 2415 4166 fuerant
2457 4108 2694 4178 judicata
2721 4145 2736 4168 ,
2769 4118 2864 4173 per
2911 4103 3196 4174 synodicas
3249 4099 3506 4170 epistolas
3524 4106 3580 4153 et

2011 4201 2365 4260 lattdatissimi
2418 4202 2560 4269 regis
2614 4199 2820 4252 litteras
2848 4234 2863 4259 ,
2910 4196 2974 4247 ad
3005 4208 3194 4248 omnes
3222 4201 3442 4245 sanctas
3477 4190 3577 4244 sub

2010 4298 2148 4352 calo
2176 4294 2269 4349 Dei
2302 4293 2571 4347 Ecclesias
2599 4299 2725 4344 sunt
2761 4288 3101 4347 transmissa,
3137 4285 3192 4338 in
3223 4284 3448 4353 gloriam
3486 4281 3577 4335 Dei

2013 4386 2206 4447 Patris,
2240 4396 2293 4439 et
2332 4383 2452 4438 Filii
2480 4381 2597 4449 eius
2628 4380 2753 4436 .lesu
2806 4379 3008 4435 Christi
3044 4375 3256 4431 Domini
3296 4372 3493 4439 nostri,
3526 4380 3581 4426 et

2012 4478 2185 4535 sancti
2215 4476 2470 4546 Spiritus.
2500 4474 2693 4528 Amen.

2013 4698 2302 4769 Catalogus
2335 4696 3057 4769 sauciorumepiscoporum,
3094 4704 3186 4758 per
3204 4704 3333 4756 quos
3373 4696 3578 4767 sancta,

1998 4784 2003 4787 ‘
2085 4758 2275 4839 "rogita
2308 4779 2355 4821 et
2389 4758 2955 4839 universalis-synodus
2984 4760 3178 4839 Νἰείιιιεξ
3198 4769 3377 4839 coacta
3397 4758 3579 4835 ,Umistt

2086 4825 2326 4891 omnibus
2374 4838 2426 4887 in
2469 4845 2577 4887 toto
2614 4835 2733 4887 orbe
2754 4825 3036 4885 vlerrurum
3081 4827 3173 4879 Dei
3222 4825 3467 4879 Ecclesiis
3497 4842 3579 4887 ea,

2084 4923 2201 4976 qm:
2232 4909 2295 4958 ab
2337 4905 2463 4970 ipsis
2510 4918 2601 4972 per
2641 4902 2900 4971 Spiritum
2943 4910 3179 4953 sanetum
3209 4896 3261 4950 iu
3300 4915 3359 4950 ea
3387 4896 3583 4951 constt-

2088 4986 2203 5028 tuta
2230 4984 2374 5027 sunt.

2086 5108 2245 5164 Osins
2285 5108 2567 5175 episcopus
2612 5104 2875 5160 Corduba:
2895 5144 2911 5167 ,
2941 5102 3147 5158 sanctis
3177 5101 3268 5155 Dei
3300 5097 3580 5164 Ecclesiis,

2018 5215 2135 5269 qua:
2172 5199 2359 5255 Roma:
2400 5206 2547 5262 sunt,
2596 5206 2649 5251 et
2697 5196 2847 5251 Italia
2888 5206 2943 5251 et
2994 5196 3246 5263 llispania
3272 5202 3413 5255 .tota,
3441 5200 3496 5245 et
3530 5190 3584 5244 itt

2022 5290 2242 5360 reliquis
2298 5290 2519 5344 ulterius
2579 5289 2890 5344 nationibus
2959 5302 3129 5357 usque
3191 5285 3256 5340 ad
3311 5283 3586 5339 Oceanum

2020 5380 2501 5444 commorantibus,
2534 5395 2627 5448 per
2651 5396 2743 5435 eos
2770 5381 2858 5448 qui
2886 5396 3009 5435 cum
3033 5380 3151 5448 ipso
3177 5389 3354 5440 erant,
3386 5377 3585 5429 Itoma-

2022 5489 2124 5529 nos
2154 5475 2495 5543 presbyteros
2537 5471 2784 5527 Vitonem
2817 5471 3040 5545 [Vitutn,
3072 5486 3165 5526 seu
3197 5465 3496 5539 Victorem]
3534 5475 3589 5521 et

2026 5563 2395 5619 Vincentium.

2084 5654 2388 5711 Alexander
2427 5653 2768 5710 Alexandria:
2830 5669 2950 5710 cum
2996 5652 3297 5709 Athanasio
3326 5661 3456 5707 tunc
3499 5663 3587 5701 aro
