4148 6584
637 388 773 455 1343
1898 382 2197 443 GELASII

2317 378 2576 441 'ZICENI
3767 360 3896 423 1344

634 498 977 562 cbidiacono,
1005 494 1262 552 Ecclesiis
1295 507 1389 563 per
1434 501 1600 548 totam
1632 491 1947 562 Egyptum,
1973 489 2198 559 Libyam

2317 485 2663 554 ὶρχιδιακὸνῳ
2684 482 2821 547 ὄντι,
2843 481 2964 543 ταῖς
2989 478 3108 533 κατ’
3133 476 3406 544 Αἴγυπτον
3425 473 3635 563 πᾶσαν,
3675 469 3778 523 καὶ
3800 472 3887 563 Λυ

632 598 689 647 et
739 587 1111 657 Pentapolim,
1165 594 1220 641 et
1265 562 1516 655 regiones
1565 583 1844 645 ﬁnitimas,
1904 594 2073 647 usque
2130 580 2197 636 ad

2317 575 2463 645 Bri-qv,
2499 575 2595 629 καὶ
2634 569 2988 633 Πεντάπολιν,
3032 571 3128 625 καὶ
3165 568 3232 623 τὰ
3275 567 3449 635 ὅμορα
3498 562 3751 623 τούτοις,
3797 562 3897 623 ἕως

636 678 797 735 India:
823 676 1148 747 provincias.

705 768 973 823 Macarius
1002 766 1492 836 Hierosolymorum
1525 781 1646 820 cum
1676 765 1911 821 Eusebio
1940 761 2204 832 Pamphili

636 860 887 929 episcopo
908 859 1168 914 Caesarem
1190 859 1509 924 Palmstinae,
1535 858 1791 913 Ecclesiis
1816 857 1871 912 in
1897 854 2202 920 Palmstina,

635 950 837 1005 Arabia
860 959 915 1004 et
943 949 1244 1006 Phoenicia.

709 1042 1045 1107 Eustathius,
1066 1043 1350 1111 episcOpus
1374 1039 1673 1095 Antiochiae
1703 1054 1927 1109 magnae,
1954 1039 2208 1099 omnibus

638 1131 692 1186 in
723 1129 1044 1204 leesyria,
1071 1131 1123 1184 in
1144 1128 1551 1198 Mesopotamia,
1586 1138 1640 1181 et
1658 1123 1848 1181 Cilicia
1882 1136 2134 1195 utraque.

709 1305 943 1362 Joannes
973 1305 1161 1370 Persa,
1198 1304 1452 1361 Ecclesiis
1478 1306 1531 1360 in
1567 1315 1677 1362 tota
1706 1305 1888 1361 Persia
1929 1319 1985 1362 et
2013 1320 2205 1375 magna

642 1397 812 1452 India.

718 1488 971 1543 Leontius
1012 1488 1269 1545 Ctesarea:
1320 1486 1699 1558 Cappadociae,
1741 1502 1990 1557 magnum
2033 1487 2214 1547 Eccle-

643 1579 737 1631 siae
789 1579 994 1634 Domini
1037 1588 1435 1639 ornamentum,
1488 1578 1741 1632 Ecclesiis
1772 1578 1823 1631 in
1859 1578 2045 1635 eadem
2072 1578 2207 1647 Cap-

645 1669 889 1736 padocia,
920 1666 1149 1733 Galatia,
1178 1669 1349 1724 Ponto
1386 1668 1683 1738 Diosponti,
1744 1666 2125 1748 Paphlagonia,
2158 1672 2209 1725 in

646 1756 816 1813 Ponto
854 1756 1158 1814 Polemaico
1193 1757 1637 1831 [Polemoniaco],
1672 1757 1928 1813 Armenia
1958 1774 2119 1828 parva
2157 1772 2211 1815 et

646 1865 856 1919 magna.

715 1938 962 1996 Theonas
1015 1940 1230 2013 Cyzici,
1264 1942 1520 2001 Ecclesiis
1570 1946 1625 2001 in
1682 1946 1833 2011 Asia,
1889 1952 1943 1998 et
1991 1941 2203 1997 llelles-

648 2042 835 2097 ponto,
883 2042 937 2085 ct
977 2031 1177 2102 Lydia,
1216 2045 1270 2089 et
1318 2035 1496 2100 Caria,
1533 2052 1628 2104 per
1672 2036 1955 2103 episcopos
1983 2034 2078 2101 qui
2114 2032 2217 2087 sub

652 2122 766 2191 ipso
782 2134 957 2189 erant,
978 2124 1301 2196 Eutychium
1322 2127 1582 2199 Smyrnm,
1606 2137 1663 2182 et
1680 2126 1941 2181 Marinum
1965 2123 2211 2183 Troadis.

718 2213 1019 2269 Alexander
1058 2216 1483 2282 Thessalonicae,
1532 2233 1625 2286 per
1673 2232 1768 2273 eos
1811 2216 1901 2285 qui
1951 2215 2051 2269 sub
2097 2210 2215 2282 ipso

649 2316 958 2371 censentur,
1015 2306 1273 2364 Ecclesiis
1316 2309 1370 2363 in
1431 2308 1747 2364 Macedonia
1803 2306 1978 2375 prima
2032 2314 2087 2360 et
2132 2321 2218 2362 se-

650 2399 845 2461 cunda,
897 2415 1021 2454 cum
1072 2402 1137 2457 iis
1167 2417 1287 2473 quae
1317 2402 1370 2456 in
1401 2400 1608 2457 Graecia
1656 2409 1710 2456 et
1739 2399 1953 2469 Europa
1984 2406 2119 2464 tota,
2156 2397 2208 2452 in

651 2500 880 2560 utraque
923 2492 1167 2564 Scythia,
1207 2503 1262 2548 et
1302 2495 1549 2551 omnibus
1589 2494 1820 2563 denique
1864 2492 1920 2549 in
1966 2488 2206 2560 Illyrico,

651 2579 926 2637 Thessalia
957 2594 1010 2638 et
1041 2585 1265 2638 Achaia.

726 2671 1073 2733 Nunechius.
1119 2674 1398 2731 Laodicea:
1454 2675 1742 2745 episcopus
1791 2673 2050 2735 Ecclesiis
2096 2686 2216 2727 cum

651 2765 705 2821 in
735 2765 966 2837 Phrygia
1000 2766 1172 2835 prima
1203 2775 1257 2820 et
1286 2767 1544 2822 secunda.

723 2855 1050 2927 Protogenes
1078 2855 1167 2909 ille
1201 2855 1534 2911 admirabilis
1556 2856 1796 2913 Sardicte
1825 2855 2064 2911 civitatis
2103 2854 2215 2924 epi-

648 2962 865 3018 scopus,
894 2947 948 3001 in
974 2947 1137 3005 Dacia
1164 2949 1301 3019 (50),
1328 2946 1575 3005 Calabria
1602 2987 1617 3014 ,
1651 2947 1941 3016 Dardania,
1986 2956 2043 3003 et
2095 2961 2219 3017 pro-

652 3040 848 3096 vinciis
877 3040 1140 3095 ﬁnitimis.

2304 669 2413 723 τῶν
2450 669 2549 740 τῆς
2597 668 2785 730 Ἰνδίας
2814 664 3112 735 ἐπαρχιῶν.

2375 762 2659 831 Μακάριος
2694 758 2756 811 Ἱε
2766 756 2953 829 ροσολύ
2962 772 3081 826 μων
3104 754 3201 807 σὺν
3226 749 3471 818 Εὐσεὸίῳ
3492 749 3568 818 τῷ
3596 746 3899 815 Παμφίλου

2306 852 2591 921 ὲπισκόπῳ
2624 849 2970 919 Καισαρείας.
3016 847 3147 909 ιταίς
3191 842 3333 899 κατά
3364 839 3773 908 Παλαιστίνην,
3810 838 3901 890 καὶ

2320 945 2582 1016 Ἀραϐίαν
2615 943 2710 997 καὶ
2734 940 3013 1009 Φοινίκην.

2378 1033 2680 1097 Εὐστάθιος
2742 1029 3075 1100 Ἀντιοχείας
3123 1025 3223 1095 τῆς
3274 1022 3517 1093 μεγάλης
3572 1021 3713 1081 ταῖς
3760 1021 3902 1071 κατὰ

2309 1128 2510 1199 Συρίαν
2539 1124 2749 1195 κοίλην,
2775 1122 2870 1176 καὶ
2899 1115 3327 1187 Μεσοποταμίαν
3362 1115 3560 1175 πᾶσαν,
3599 1111 3711 1169 καὶ
3747 1110 3902 1161 Κιλι-

2308 1220 2434 1275 κίαν
2476 1214 2767 1286 ἑκατέραν.

2395 1310 2645 1377 Ἰωάννης
2693 1306 2909 1375 Πέρσης
2945 1301 3045 1371 τῆς
3091 1301 3151 1353 ἐν
3202 1298 3423 1370 Περσίδι
3456 1296 3638 1367 πάθην
3697 1297 3799 1349 καὶ
3837 1298 3901 1365 τῇ

2315 1402 2525 1474 μεγάλῃ
2566 1398 2743 1467 Ἰνδίᾳ.
2934 1396 2939 1397 ⁷

2383 1494 2633 1553 Λεόντιος
2683 1488 3022 1557 Καισαρείας
3065 1480 3485 1545 Καππαδοκίας,
3515 1481 3577 1533 τδ
3620 1479 3736 1547 τῆς
3781 1480 3903 1531 Ἐκ-

2312 1584 2544 1656 κλησίας
2587 1582 2684 1636 τοῦ
2713 1579 2920 1652 Κυρίου
2963 1579 3347 1646 καλλώπισμα,
3376 1576 3496 1637 ταῖς
3542 1573 3673 1625 κατ’
3732 1571 3902 1639 αὐτὴν

2314 1673 2731 1735 Καππαδοκίαν,
2782 1669 3069 1732 Γαλατίαν,
3125 1667 3324 1720 Πόντον
3372 1662 3738 1723 Διοσπόντου,
3792 1664 3899 1715 Πα-

2315 1767 2629 1837 φλαγονίαν,
2662 1763 2861 1816 Πόντον
2887 1757 3228 1827 Πολεμαῖκὺν
3252 1749 3734 1828 [πολεμονιακὸν],
3777 1752 3901 1820 Ἀρ-

2246 1840 2290 1895 B
2322 1860 2511 1931 μενίαν
2545 1854 2746 1927 μικρὰν
2784 1853 2877 1907 καὶ
2910 1850 3172 1923 μεγάλην.

2384 1950 2600 2010 Θεωνᾶς
2631 1947 2868 2011 Κυζίκου
2895 1946 3015 2006 ταῖς
3030 1941 3170 1996 κατά
3192 1938 3290 2009 τὴν
3328 1937 3510 1990 Ἀσίαν
3540 1937 3640 1989 καὶ
3676 1932 3900 2000 Ἑλλήσ-

2317 2060 2532 2107 ποντον,
2561 2040 2761 2095 Λυδίαν
2788 2055 2872 2103 τε,
2938 2038 3033 2091 καὶ
3075 2034 3309 2105 Καρίαν,
3341 2031 3430 2085 διὰ
3462 2028 3571 2082 τῶν
3605 2028 3708 2080 ὑπ’
3744 2026 3897 2078 αὐτὸν

2318 2136 2635 2192 ἐπισκόπων
2656 2132 2918 2202 Εὐτυχίου
2941 2129 3218 2201 Σμύρνης,
3237 2124 3330 2178 καὶ
3351 2121 3599 2193 Μαρίνου
3617 2118 3895 2188 Τρωάδος.

2400 2226 2745 2295 Ἀλέξανδρος
2788 2219 3186 2287 Θεσσαλονίκης
3228 2214 3316 2268 διὰ
3347 2213 3455 2266 τῶν
3489 2210 3580 2264 ὐπ’
3609 2208 3786 2261 αὐτὸν
3821 2223 3893 2258 ςε-

2318 2318 2573 2384 λούντων,
2602 2318 2721 2378 ταῖς
2753 2313 2897 2368 κατά
2941 2309 3281 2366 Μακεδονίαν
3322 2304 3541 2375 πρώτην
3583 2303 3688 2356 καὶ
3719 2300 3897 2354 δευτέ-

2322 2429 2441 2483 ραν,
2476 2411 2573 2469 σὺν
2615 2410 2681 2478 τῇ
2722 2404 2953 2469 Ἑλλάδι,
2985 2403 3088 2472 τήν
3122 2417 3182 2454 τε
3222 2397 3489 2468 Εὐρώπην
3520 2397 3733 2460 πᾶσαν,
3767 2393 3896 2444 Σκυ-

2320 2503 2441 2557 θίαν
2484 2499 2773 2569 ἑκατέραν,
2822 2497 2918 2550 atati.
2963 2496 3083 2557 ταῖς
3110 2491 3252 2547 κατὰ
3296 2490 3357 2545 τὸ
3397 2486 3705 2558 Ἰλλυρικὸν
3759 2485 3895 2538 ἀπά-

2322 2611 2460 2656 σαις,
2494 2590 2796 2644 Θεσσαλίαν
2819 2605 2881 2641 τε
2916 2586 3010 2640 καὶ
3053 2584 3296 2654 Ἀχαΐαν.

2388 2679 2680 2747 Νουνέχιος
2707 2675 3028 2740 Λαοδικείας
3055 2675 3175 2735 ταῖς
3198 2671 3341 2725 κατά
3360 2669 3458 2737 τὴν
3479 2670 3732 2740 Φρυγίαν
3756 2664 3897 2735 πρώ-

2320 2790 2417 2843 την
2448 2771 2543 2822 καὶ
2575 2770 2857 2839 δευτέραν.

2387 2861 2746 2933 Πρωτογένης
2790 2862 2820 2913 ό
2860 2858 3165 2928 Θαυμάσιος
3198 2849 3427 2918 ’πόλεως
3469 2851 3767 2922 Σαρδικῆς,
3802 2847 3897 2915 τῆς

2316 2957 2376 3011 ὲν
2404 2955 2577 3025 Δακία
2604 2951 2892 3022 Καλαυρίᾳ
2915 2948 3050 3020 (53),
3075 2945 3362 3018 Δαρδανία,
3394 2942 3489 2999 καὶ
3519 2943 3641 3004 ταῖς
3674 2938 3897 3009 ὁμόροις

2316 3047 2550 3110 τούτοις.

721 3130 1075 3199 Caecilianus,
1132 3132 1573 3204 Carthaginensis
1626 3133 1953 3203 episcopus,
2001 3134 2211 3191 sanctis

2391 3137 2712 3202 Κεκιλιανὺς
2742 3137 2948 3198 πόλεως
2970 3135 3012 3185 Κ
3022 3130 3349 3203 αρθαγίνης,
3380 3128 3503 3190 ταῖς
3535 3124 3684 3179 κατά
3720 3122 3897 3234 πάσας

650 3223 747 3281 Dei
774 3222 1035 3279 Ecclesiis
1063 3225 1117 3279 in
1157 3226 1407 3281 omnibus
1430 3225 1723 3295 provinciis
1762 3224 1982 3293 Africa},
2027 3225 2208 3280 Nuti-

648 3312 775 3379 dite,
806 3323 861 3369 et
892 3312 1227 3370 Mauritaniae
1258 3316 1556 3385 utriusque.

724 3491 950 3559 Pistus,
1011 3491 1425 3562 Marcianopolis
1469 3494 1792 3565 episcopus,
1844 3494 2106 3552 Ecclesiis
2166 3496 2217 3553 in

650 3584 837 3656 Mysia,
890 3586 1240 3651 Athenarum,
1288 3596 1343 3641 et
1382 3587 1657 3643 Gallorum
1706 3589 1955 3659 gentibus
1979 3589 2121 3659 (3|),
2166 3599 2221 3644 et

651 3677 965 3733 civitatibus
993 3694 1111 3747 qua:
1137 3678 1219 3733 his
1242 3679 1433 3733 vicina:
1467 3690 1616 3735 sunt.

723 3767 1056 3834 Alexander,
1096 3769 1597 3839 Constantinopolis
1634 3779 1763 3825 tunc
1794 3771 1969 3826 solum
1993 3773 2219 3840 presby-

651 3869 759 3925 ter,
796 3870 983 3929 postea
1012 3874 1141 3915 vero
1170 3860 1427 3916 Ecclesia:
1457 3860 1604 3916 illius
1636 3862 2006 3931 episcopatum
2060 3864 2223 3919 sorti-

653 3960 759 4017 tus,
796 3967 921 4005 cum
957 3950 1124 4005 Paulo
1170 3962 1299 4007 tunc
1337 3951 1561 4018 leo-tore,
1597 3961 1760 4021 atque
1793 3952 1960 4023 ipsius
1990 3956 2217 4022 notario,

652 4038 912 4098 Beclcsiis
944 4043 1185 4098 omnium
1223 4042 1510 4112 Cycladum
1541 4042 1864 4099 insularum.

725 4226 789 4281 Hi
833 4242 1024 4283 omnes
1062 4230 1239 4284 sancti
1284 4239 1449 4299 atque
1487 4229 1769 4299 apostolici
1817 4234 1919 4290 viri
1971 4233 2219 4291 omnibus

651 4318 754 4373 sub
808 4318 949 4373 cmlo
996 4320 1200 4374 sanctis
1255 4322 1346 4376 Dei
1398 4321 1681 4388 Ecclesiis,
1731 4338 1851 4394 qua:
1902 4327 1953 4381 in
2006 4336 2222 4393 sancta,

656 4424 853 4480 magna
877 4419 932 4464 et
969 4411 1208 4480 generali
1242 4413 1447 4483 synodo
1488 4425 1607 4470 acta
1638 4426 1786 4483 sunt,
1821 4418 2073 4474 omnibus
2104 4419 2221 4474 ubi—

2319 3229 2419 3292 τὰς
2443 3228 2737 3300 ἐπαρχίας,
2764 3226 2863 3289 τάς
2896 3242 2955 3279 τε
2999 3221 3287 3292 ’Δφρικάς,
3320 3219 3414 3272 καὶ
3438 3219 3539 3280 τὰς
3564 3214 3893 3285 Νουμιδίας,

2320 3323 2413 3377 καὶ
2443 3319 2823 3390 Μαυριτανίας
2846 3315 3187 3388 ἀμφοτέρας,
3217 3311 3407 3375 οὔσαις
3430 3311 3611 3379 ἁγίαις
3639 3306 3740 3362 τοῦ
3765 3302 3896 3359 Θεοῦ

2330 3413 2699 3482 Ἐκκλησίαις.

2391 3506 2587 3566 Πιστὸς
2618 3498 3178 3571 Μαρκιανουπόλεως,
3203 3498 3326 3559 ταῖς
3353 3498 3493 3548 κατά
3529 3491 3631 3562 τὴν
3659 3489 3896 3551 Μυσίαν,

2319 3598 2414 3650 καὶ
2447 3596 2515 3650 τὰ
2541 3595 2650 3648 τῶν
2688 3591 2931 3663 ’Λθηνῶν
2954 3590 3051 3644 καὶ
3071 3589 3291 3643 Γάλλων
3312 3587 3463 3657 ἔθνη,
3496 3585 3590 3639 καὶ
3619 3585 3741 3647 ταῖς
3765 3581 3894 3649 πλη-

2320 3687 2602 3758 σιοχώροις
2626 3686 2834 3740 τούτων
2858 3683 3100 3739 πόλεσιν.

2402 3778 2746 3851 Ἀλέξανδρος
2775 3772 3402 3834 Κωνσταντινουπόλεως
3442 3769 3562 3822 τότε
3597 3765 3892 3838 πρεσϐύτε-

2322 3888 2414 3942 ρος
2436 3870 2518 3924 ἔτι
2540 3869 2638 3936 ὣν,
2667 3870 2749 3933 εἰς
2777 3869 3003 3939 ὕστερον
3028 3866 3084 3920 δὲ
3108 3864 3205 3919 καὶ¹
3231 3864 3326 3933 τῆς
3351 3861 3721 3928 ὲπισκοπικῆς
3751 3858 3889 3924 ἱερα-

2320 3965 2471 4027 τείας
2503 3963 2601 4034 τῆς
2632 3961 2822 4016 αὐτόθι
2861 3958 3189 4030 Ἐκκλησίας
3223 3954 3423 4025 λαχὼν,
3463 3953 3559 4005 σὺν
3592 3950 3794 4018 Παύλῳ
3815 3947 3886 3999 ἔτι

2318 4057 2443 4110 τότε
2489 4054 2813 4127 ἀναγνώστῃ
2850 4054 2987 4117 ὄντι,
3032 4052 3129 4103 καὶ
3181 4048 3415 4118 νοταρίῳ
3442 4044 3628 4109 αὐτοῦ,
3675 4045 3795 4104 ταῖς
3834 4040 3885 4089 ὲν

2320 4149 2441 4211 ταῖς
2471 4147 2653 4218 νήσοις
2679 4144 2883 4205 πάσαις
2923 4141 3229 4198 Κυκλάσιν.

2391 4232 2553 4292 Οὐτόι
2589 4236 2792 4299 πάντες
2822 4236 2871 4287 oi
2901 4233 3047 4301 ἅγιοι
3080 4234 3172 4288 καὶ
3196 4228 3547 4284 ἀποστολικοὶ
3578 4226 3770 4295 ἄνδρες
3790 4221 3883 4273 πά-

2324 4347 2448 4394 σαις
2485 4330 2605 4392 ταῖς
2637 4328 2741 4381 ὐπὸ
2779 4326 2872 4380 τὸν
2896 4325 3125 4397 οὐρανὸν
3160 4324 3344 4392 ἁγίαις
3368 4320 3461 4376 τοῦ
3490 4319 3625 4374 Θεοῦ
3668 4316 3883 4383 Ἐκκλη-

2323 4422 2466 4485 σίαις
2493 4416 2563 4473 τὰ
2596 4421 2653 4474 ὲν
2693 4422 2760 4490 τῇ
2796 4418 3048 4472 Νικαέων
3076 4417 3209 4487 ἁγίᾳ
3258 4414 3467 4486 μεγάλῃ
3509 4414 3603 4465 καὶ
3641 4413 3881 4475 οἱκουμε-

654 4516 762 4569 que
810 4512 1074 4558 terrarum
1114 4504 1469 4573 tradiderunt,
1510 4517 1567 4563 ut
1602 4505 1713 4577 jam
1754 4524 1783 4564 a
1830 4510 1985 4565 nobis
2016 4511 2214 4565 dictum

2322 4516 2445 4583 νικῇ
2478 4511 2681 4581 συνόδῳ
2706 4509 3009 4582 κεκριμένα
3036 4506 3588 4577 διαπορθμεύσαντες,
3615 4504 3878 4568 πανταχού

656 4592 775 4645 fuit.

2325 4606 2426 4675 γῆς
2461 4602 2807 4673 παρέδωκαν,
2841 4600 2985 4654 καθὰ
3012 4600 3209 4671 ἀρτίως
3244 4598 3447 4665 ὁλόγος
3480 4592 3783 4657 ἀπέδειξεν.

1964 4723 3860 4754 W

1831 4803 2195 4890 ΛΟΓΟΣ
2276 4804 2692 4891 ΤΡΙΤΟΣ.

1779 5004 2121 5091 LIBER
2198 4944 2749 5091 faenus.

831 5219 1202 5278 Constantinus
1233 5222 1501 5293 Augustus
1540 5223 1667 5277 Aria
1703 5232 1751 5278 et
1794 5223 2034 5278 Arianis.

726 5328 836 5401 ('59.)
870 5329 1040 5385 Malus
1082 5331 1381 5399 interpres,
1408 5347 1466 5386 re
1492 5347 1639 5397 vera,
1664 5331 1864 5402 efﬁgies
1885 5332 2130 5400 quaedam
2161 5343 2219 5390 et

657 5421 832 5491 imago
855 5421 1052 5477 diaboli
1080 5430 1185 5477 est.
1222 5418 1290 5476 Ut
1319 5422 1462 5477 enim
1506 5422 1652 5477 illum
1683 5424 1837 5492 periti
1875 5423 2114 5479 artiﬁces
2143 5427 2208 5481 ad

726 5552 839 5621 (5οὶ
881 5555 997 5608 Alia
1039 5563 1122 5609 est
1164 5570 1191 5606 a
1224 5554 1468 5608 Calabria
1525 5556 1639 5610 sive
1673 5555 1843 5608 vctcri
1886 5556 2001 5611 sive
2035 5572 2222 5610 recen-

658 5622 792 5692 linre
824 5624 984 5676 ludia:
1029 5624 1308 5692 provincia
1350 5624 1491 5680 inter
1518 5625 1650 5680 freta
1687 5626 2017 5683 Adriaticum
2055 5626 2212 5682 Sicu-

657 5691 873 5758 lumque
896 5691 1139 5747 extensa.

735 5762 848 5832 (⁸51)
888 5761 1329 5819 Gallo-Graeciam
1363 5766 1474 5819 sive
1496 5765 1758 5822 Galatiam
1792 5766 2061 5837 intelligit.

2322 5218 2776 5285 Κωνστιιντῖνος
2814 5218 3110 5281 Σεϐαστὸς
3157 5214 3357 5283 Ἀρείῳ
3402 5215 3499 5267 καὶ
3546 5208 3871 5282 Ἀρειανοῖςν

2394 5334 2579 5397 Κακὺς
2611 5333 2883 5403 ἑρμηνεὺς
2913 5330 3233 5401 αὐτόχρημα
3265 5329 3429 5383 είκὼν
3450 5345 3510 5382 τε
3534 5328 3631 5381 καὶ
3665 5324 3868 5397 ἀνδριάς

2318 5429 2434 5481 ἐστι
2461 5425 2555 5480 τοῦ
2577 5423 2847 5479 διαϐόλου.
2880 5424 3090 5492 Ὥσπερ
3116 5421 3223 5491 γὰρ
3252 5421 3461 5473 ἐκεῖνον
3493 5419 3543 5472 οἱ
3564 5419 3726 5471 δεινοὶ
3750 5412 3870 5468 πλά-

2401 5559 2516 5627 (5‘2)
2557 5557 2770 5627 Cilalttr
2830 5558 2941 5610 lucc
2988 5555 3220 5624 Epistola
3270 5552 3338 5627 ab
3362 5548 3683 5627 Epiphanio,
3720 5545 3871 5600 haeres

2325 5620 2417 5692 69,
2452 5620 2569 5691 qua:
2604 5641 2685 5681 est
2719 5620 3045 5681 Arianorum
3085 5639 3235 5692 num.
3268 5623 3326 5692 79.
3366 5620 3539 5674 Hann.

2391 5685 2502 5766 ('53-)
2546 5699 2598 5752 In
2632 5697 2728 5750 Ms.
2780 5707 2982 5759 nostro,
3027 5691 3330 5761 Ka).a6pia_t'
3380 5698 3433 5744 et
3472 5702 3595 5743 mox
3630 5688 3719 5740 καὶ
3754 5685 3871 5753 τοῖςι

2317 5768 2484 5822 Hann.
