4148 6544
260 422 407 488 1345

1152 427 1515 490 HISTORIA
1552 426 1879 488 CONCILII
1922 428 2223 487 NlC/ENI.
2266 438 2329 466 -'-
2371 431 2517 491 LIB.
2555 432 2636 490 Il.

3386 410 3521 501 1346

259 551 390 589 σται
419 542 555 605 πρὸς
585 536 799 610 ἀπάτης
831 539 1022 613 δέλεαρ
1050 536 1398 603 πλάττουσιν,
1430 536 1593 592 οἱονεὶ
1612 540 1833 613 κάλλους

1948 548 2162 590 munem
2197 537 2528 605 deceptionis
2552 538 2737 593 dolum
2788 537 3066 609 eiliugunt,
3102 542 3249 598 velut
3278 548 3517 613 pulchri-

258 630 417 700 αύτῷ
450 632 787 701 εὐπρέπειαν
812 624 1359 704 προσμηχανώμενοι,
1408 634 1674 706 αἰσχίστῳ
1706 633 1840 688 καθ-

260 720 416 787 άπαξ
427 722 540 774 ϐντι
561 724 625 792 τῇ
656 723 839 791 φύσει,
859 722 1007 787 ὅπως
1030 724 1097 777 ἂν
1108 725 1236 787 τοὺς
1258 724 1642 795 ταλαιπώρους
1669 727 1838 779 ἀπολ-

261 810 383 864 λύοι
423 799 633 882 πλάνην
673 814 859 877 αὐτοῖς
893 815 1221 886 προτείνων·
1277 815 1369 868 τὸν
1399 817 1562 869 αὑτὸν
1583 812 1738 881 οὗτος
1773 818 1839 872 ἂν

260 896 423 973 οἶμαι
454 904 655 976 τρόπον
676 906 972 975 ποιήσειεν,
998 900 1043 975 ᾧ
1068 908 1229 977 μόνον
1255 909 1493 979 σπουδῆς
1525 909 1674 974 ἀξιον
1693 909 1839 964 τοῦτ’

261 992 407 1048 εἶναι
452 997 617 1061 δοκεῖ,
660 998 739 1061 τὸ,
776 999 844 1050 τὰ
876 999 973 1067 τῆς
1006 1000 1215 1061 οἰκείας
1263 1000 1585 1071 ἰταμότητος
1616 1001 1843 1071 δηλητή-

266 1102 361 1155 ρια
406 1087 643 1155 ἀφειδῶς
703 1088 1122 1158 προϐάλλεσθαι.
1164 1090 1454 1161 Τοιγάρτοι
1501 1090 1719 1161 καινὴν,
1747 1092 1842 1144 καὶ

261 1169 449 1243 ἀρόῦ
496 1178 784 1245 γεγόνασιν
835 1179 1145 1250 ἄνθρωποι,
1186 1180 1531 1234 οὐδεπώποτε
1578 1184 1843 1250 φανεῖσαν

261 1268 525 1330 ἀπιστίας
551 1269 760 1337 εἰσάγει
795 1270 1000 1324 πίστιν.
1043 1271 1244 1343 Διόπερ
1271 1272 1424 1327 οὐδὲν
1450 1273 1553 1344 τῆς
1579 1273 1840 1346 ἀληθείας

261 1358 374 1425 ἄρα
401 1358 603 1427 ἀπᾷδον
626 1360 799 1413 ἐκεῖνο
829 1360 1102 1429 φαίνεται,
1132 1361 1193 1415 τὸ
1223 1362 1391 1416 πάλαι
1421 1366 1489 1435 τῇ
1524 1364 1645 1437 θείᾳ
1684 1366 1839 1436 ῥήσει

260 1448 693 1521 διηρθρωμένον,
727 1452 807 1504 ὅτι
827 1453 960 1523 πρὸς
986 1454 1047 1506 τὸ
1073 1454 1242 1508 κακόν
1261 1457 1368 1509 εἰσι
1406 1456 1581 1524 σοφοί.
1608 1456 1673 1508 Τί
1700 1456 1745 1509 δ’
1775 1457 1840 1510 ἄν

260 1557 349 1602 τις
378 1542 556 1594 ἐκεῖνο
585 1541 839 1610 λέγεσθαι
880 1543 978 1612 τὴν
1002 1544 1101 1597 ’τοῦ
1140 1544 1490 1615 βουλεύεσθαι
1529 1548 1689 1618 χάριν
1738 1549 1838 1601 αὐ-

260 1631 356 1683 τὸν
383 1632 785 1695 ἀπολωλεκότα,
821 1635 1015 1704 μηκέτι
1041 1638 1346 1707 κουφισμοῦ
1376 1652 1497 1692 τινα
1522 1640 1840 1711 ἐπικουρίαν

261 1720 531 1789 εὕρασθαι
556 1724 875 1795 ἐπιθυμεϊν;
902 1726 967 1779 Τί
993 1727 1175 1781 τοίνυν
1201 1728 1363 1799 φημὶ,
1388 1729 1591 1801 Χριστὲ
1613 1732 1836 1801 Χριστὲ,

261 1815 437 1886 Κύριε
468 1815 672 1886 Κύριες
712 1818 763 1871 τί
789 1817 989 1888 δήποτε
1030 1821 1179 1889 ἡμᾶς
1212 1819 1273 1874 τὸ
1315 1820 1606 1895 λῃστήριον
1639 1824 1837 1892 ὁσημέ-

1946 625 2149 681 tudinis
2169 627 2467 697 formasque
2507 632 2671 684 decus
2699 628 3013 701 ailingentes
3041 633 3142 698 illi,
3177 644 3368 691 natura
3416 655 3515 693 sna

1946 715 2102 783 plane
2151 717 2481 787 turpissimo,
2523 728 2579 774 ut
2612 720 2841 776 miseros
2877 723 3135 781 mortales
3178 728 3390 796 perdat,
3424 745 3515 785 er-

1947 820 2121 862 rorem
2154 808 2227 863 iis
2258 809 2555 878 objiciens,
2585 811 2776 866 eodem
2813 812 2972 881 plane
2996 816 3181 881 modo,
3212 829 3275 871 ut
3301 820 3515 888 opinor,

1945 896 2230 961 facit,'cui
2284 896 2415 952 illud
2464 899 2638 954 solum
2686 902 2868 956 studio
2904 902 3131 973 dignum
3179 904 3413 973 videtur,
3456 920 3520 966 ut

1946 987 2102 1041 noxia
2122 988 2469 1057 impudentia:
2494 998 2552 1045 et
2592 990 2839 1047 audaciae
2867 1007 2983 1048 suae
3012 994 3302 1065 pharmace
3336 1000 3520 1069 profu-

1943 1076 2057 1132 sius
2108 1076 2364 1134 omnibus
2410 1079 2659 1149 objiciet.
2704 1082 2915 1138 Etenim
2962 1100 3202 1152 novam,
3248 1103 3349 1145 nec
3396 1101 3520 1160 post

1946 1165 2196 1222 homines
2241 1177 2398 1224 natos
2446 1184 2691 1241 unquam
2743 1173 2936 1239 visam,
2988 1176 3329 1249 infidelitatig
3359 1181 3516 1237 [idem

1944 1254 2168 1312 inducit.
2196 1258 2563 1326 Quamobrem
2594 1277 2693 1318 nec
2723 1279 2754 1318 a
2787 1266 3016 1322 veritate
3054 1268 3356 1326 abhorrere
3386 1272 3517 1327 illud

1944 1348 2160 1403 videtur
2178 1352 2503 1420 jampridem
2527 1354 2705 1409 divina
2732 1358 2979 1413 oratione
3002 1360 3351 1430 explicatum,
3375 1366 3516 1432 quod

1943 1440 2009 1494 ad
2054 1440 2255 1496 malum
2290 1454 2417 1497 sunt
2456 1446 2816 1515 sapientes“.
2862 1448 3001 1517 Quid
3044 1453 3189 1507 enim
3237 1454 3509 1523 quispiam

1943 1530 2146 1586 dixerit
2190 1534 2342 1589 illum
2377 1538 2593 1593 consilii
2632 1541 2881 1609 capiendi
2925 1544 3154 1613 gratiam
3186 1546 3508 1613 perdidisse,

1942 1623 2031 1691 qui
2066 1639 2170 1678 non
2217 1626 2451 1695 amplius
2498 1628 2887 1687 sublevationis
2931 1634 3189 1688 auxilium
3235 1636 3397 1691 ullum
3430 1638 3514 1692 in-

1942 1714 2131 1770 venire
2176 1719 2423 1787 expetit?
2453 1717 2721 1785 Quorsum
2767 1723 2950 1793 igitur,
3018 1724 3235 1782 Christe
3274 1728 3509 1794 Christe,

1945 1806 2166 1862 Domine
2193 1810 2461 1867 Domine?
2487 1827 2747 1883 quorsum
2791 1826 2887 1871 nos
2957 1818 3195 1886 quotidie
3236 1821 3515 1888 praedones

265 1884 367 1975 ραιν
391 1884 720 1978 τιτρώσκεη
759 1884 1028 1980 Ἔστηκεν
1052 1884 1382 1976 έξεναντίαξ
1400 1884 1545 1985 δεινή
1578 1930 1663 1978 τις
1690 1884 1833 1985 βιαία

1944 1897 2267 1955 vulnerant?
2304 1901 2426 1958 Stat
2470 1912 2536 1959 ex
2579 1905 2807 1961 adverso
2837 1884 3259 1977 duraquaadam
3299 1920 3355 1965 et
3394 1912 3513 1967 vio-

258 1995 459 2065 τόλμα,
502 1995 766 2067 βρυχᾶται
797 1998 1130 2069 ὲπιπρίουσα
1171 1999 1265 2053 τὸν
1304 1999 1495 2054 ὀδόντα
1528 2000 1841 2073 δύσμορφος

260 2088 360 2140 ὑπ’
392 2088 633 2158 ἀτιμίας,
653 2088 746 2143 καὶ
776 2088 1137 2155 παντοδαποῖς
1160 2093 1612 2164 περιτετρωμένη
1642 2094 1841 2166 ἐγκλή-

262 2194 454 2252 μασιν.
490 2180 638 2249 Αὕτη
677 2182 860 2253 μέντοι
879 2184 955 2236 ,ὲν
974 2182 1052 2252 τῷ
1084 2184 1233 2254 νόμῳ
1262 2185 1355 2238 καὶ
1384 2184 1462 2257 τῷ
1475 2186 1603 2255 περί
1626 2176 1720 2239 σοῦ
1744 2204 1840 2258 κη-

262 2273 526 2344 ρύγματι,
569 2272 759 2343 ῶσπερ
785 2274 896 2327 τισὶ
934 2274 1124 2339 ζάλαις
1152 2276 1469 2346 τρικυμίαις
1513 2278 1699 2331 κακῶν
1725 2279 1842 2333 δια-

198 2362 213 2373 ’
261 2367 600 2438 φορουμένη,
650 2366 999 2437 ἐξερεύγεται
1049 2368 1148 2439 μὲν
1189 2368 1411 2433 ἐξώλεις
1442 2368 1659 2439 λόγους,
1703 2373 1839 2443 γρά-

261 2477 437 2528 φουσα
467 2459 523 2512 δὲ
550 2459 773 2523 τούτους
803 2460 1074 2529 ἐκφαίνει,
1107 2461 1201 2526 οὒς
1233 2462 1489 2515 οὐδέποτε
1519 2464 1548 2517 ὁ
1577 2463 1656 2532 τῷ
1684 2463 1840 2535 ἀϊδίῳ

260 2552 361 2623 τῆς
390 2551 588 2605 σαυτοῦ
618 2553 800 2621 πηγῆς
822 2552 901 2622 τῷ
929 2553 1098 2623 πατρὶ
1138 2556 1523 2625 συνυπάρχων,
1554 2558 1674 2619 ταῖς
1704 2558 1834 2627 περὶ

263 2641 492 2694 σεαυτοῦ
545 2640 810 2713 γνώσεσιν
858 2641 1164 2713 ἀφώρισας.
1199 2642 1425 2712 Συνάγει
1468 2645 1526 2699 δὲ
1567 2646 1703 2709 ὅλως
1744 2646 1839 2700 καὶ

265 2736 537 2804 συμφορεῖ
558 2734 708 2787 δεινά
736 2735 872 2788 ἀττα
898 2734 993 2787 καὶ
1024 2734 1201 2804 ἄνομα
1228 2734 1554 2805 ἀσεϐήματα
1574 2751 1589 2767 ι
1608 2736 1708 2790 νῦν
1737 2737 1837 2807 μὲν

261 2825 361 2889 τὰς
398 2825 645 2893 γλώττας
672 2825 1060 2897 κραδαίνουσα.
1085 2827 1181 2880 νῦν
1220 2825 1263 2878 δ’
1291 2821 1358 2881 αὖ
1391 2822 1555 2880 πάλιν
1578 2830 1702 2891 ’ταῖς
1729 2827 1837 2880 τῶν

263 2913 463 2967 ἀθλίων
508 2915 764 2979 σπουδαῖς
806 2915 1164 2988 ἐπαιρομένη,
1206 2914 1302 2980 οὒς
1349 2916 1437 2969 ἐπ’
1464 2917 1650 2981 ἀδείας
1699 2916 1836 2987 αὐτὴ

263 3007 533 3076 παρόντας
562 3006 806 3078 ἐξαπατᾷ
832 3008 927 3061 καὶ
960 3007 1192 3079 φθείρει.
1226 3005 1497 3077 Βούλομαι
1518 3007 1581 3061 δὲ
1604 3008 1708 3079 ήδη
1740 3007 1834 3061 τοῦ

263 3098 524 3169 προέδρου
558 3099 731 3168 αὐτῆς
776 3100 875 3169 τὴν
905 3098 1067 3168 φύσιν
1111 3098 1383 3166 ἐξετάσαι.
1417 3099 1483 3152 Τί
1514 3098 1623 3170 γὰρ
1655 3098 1720 3171 δὴ
1750 3099 1837 3152 λέ-

260 3205 381 3257 γεις
418 3190 487 3242 Ἦ
523 3190 864 3260 κατέχωμεν,
898 3192 1083 3263 φησὶν,
1121 3184 1182 3245 οὗ
1208 3191 1310 3262 ήδη
1345 3191 1639 3263 ὲκγρατεϊς
1671 3192 1835 3260 γεγό-
1861 3217 1907 3277 C

261 3292 451 3350 ναμεν,
486 3280 520 3350 ἤ
559 3280 800 3349 γενέσθω
844 3282 919 3346 ώς
968 3283 1126 3336 αὐτοὶ
1175 3283 1498 3353 βουλόμεθα.
1540 3283 1827 3348 Πέπτωκε,

260 3372 355 3424 καὶ
387 3369 561 3424 ταῦτα
600 3371 888 3425 πέπτωκεν
920 3373 1314 3444 ἀναιρούμενος
1337 3392 1349 3405 ·
1388 3372 1545 3443 δόλῳ,
1582 3376 1770 3443 φησιν,
1795 3373 1829 3443 ἢ

257 3459 524 3530 δεινότητι
547 3461 901 3531 πανουργίας,
942 3461 1095 3514 οὐδὲν
1125 3460 1395 3533 διαφέρει.
1428 3462 1635 3533 Σεμνὸν
1672 3461 1833 3531 μόνον

258 3552 496 3619 ήγεῖται,
521 3549 548 3602 ὃ
572 3551 660 3602 διὰ
691 3554 930 3622 πονηρᾶς
961 3552 1206 3615 ἐπινοίας
1235 3555 1315 3617 είς
1350 3548 1515 3606 αὑτὸν
1542 3552 1829 3624 εἰσερρύη.

259 3641 469 3711 Πλήοη,
526 3643 714 3710 φησὶν,
744 3642 970 3713 ἔχομεν’
1001 3644 1348 3715 προϐήσομαι
1394 3645 1458 3716 δὴ
1493 3646 1690 3717 μικρὸν
1736 3646 1832 3700 αὐ-

256 3730 345 3794 τὸς
377 3731 470 3784 ἐπὶ
496 3730 557 3783 τὸ
587 3729 841 3801 πρόσθεν,
872 3734 947 3794 ὼς
973 3731 1040 3785 ἂν
1070 3730 1177 3785 τῶν
1210 3735 1307 3803 τῆς
1349 3733 1545 3802 μανίας
1579 3733 1831 3804 πολέμων

258 3823 455 3893 θεατὴς
488 3822 757 3893 γένωμαι.
803 3824 1001 3889 Αὐτὸς,
1051 3825 1189 3896 ἔφην
1229 3825 1357 3894 ἐγὼ,
1394 3825 1768 3898 προϐήσομαι,
1801 3827 1831 3879 ὀ

256 3915 377 3977 τοὺς
405 3914 513 3967 τῶν
535 3916 783 3987 ἀφρόνων
803 3916 1075 3985 πολέμους
1103 3916 1298 3968 παύειν
1329 3914 1535 3978 εἰωθώς
1551 3932 1565 3945 ο
1588 3917 1723 3984 Ἀγε
1739 3915 1825 3986 δὴ,

260 4011 423 4081 Ἀρες
454 4010 665 4080 ¹Ἀρειε,
702 4010 943 4064 ἀσπίδων
972 4006 1008 4082 ἦ
1047 4009 1161 4082 [Ῐσ.
1308 4013 1488 4082 χρεία.
1537 4011 1628 4082 Μὴ
1664 4011 1730 4065 σύ
1760 4027 1825 4079 γε

254 4100 411 4155 τοῦτο
438 4103 692 4177 ποιήσῃς,
730 4103 1044 4173 ἱκετεύομεν
1064 4120 1076 4132 ·
1112 4104 1384 4173 ἐπισχέτω
1409 4102 1541 4172 γοῦν
1565 4116 1625 4157 σε
1661 4107 1695 4176 ή
1724 4105 1827 4174 τῆς

266 4190 587 4263 Ἀφροδίτης
635 4192 841 4262 ὁμιλία.
880 4192 1043 4246 Ἀλλά
1070 4193 1179 4264 γάρ
1221 4194 1335 4247 εἴθε
1377 4195 1453 4258 ὡς
1488 4198 1605 4258 τοῖς
1647 4195 1827 4265 ὄχλοις

255 4283 449 4353 ἄριστα
480 4285 960 4356 συνεκκροτεῖσθαι
984 4286 1182 4351 δοκεῖς,
1207 4284 1351 4338 οὕτω
1379 4300 1460 4337 σοι
1485 4287 1552 4357 τῇ
1578 4302 1644 4339 πε
1655 4286 1708 4356 ρ).
1733 4285 1826 4339 τὸν

254 4376 489 4446 Χριστὸν
528 4377 781 4448 εὐσεϐείᾳ
818 4378 1030 4448 προσῆν
1061 4379 1352 4448 ἀκμάζειν.
1397 4378 1527 4432 Ἰδοὺ
1559 4377 1623 4448 δὴ
1656 4377 1820 4431 πάλιν

254 4460 318 4519 αὖ
337 4465 522 4536 ἱκέτης
539 4464 788 4537 ἔρχομαι,
807 4468 1025 4530 καὶτοῖς
1041 4468 1223 4530 ὅπλοις
1246 4469 1354 4521 πᾶν
1371 4467 1576 4538 πλῆθος
1600 4467 1822 4539 ἰσχύων,

1940 1988 2085 2046 lenta
2132 1995 2381 2059 audacia.
2408 1996 2593 2053 fremit
2620 1997 2941 2069 frendetque
2986 2002 3239 2059 dentibus
3287 2004 3512 2060 infamia

1943 2082 2222 2153 deformis,
2266 2094 2320 2141 et
2362 2088 2666 2145 innumeris
2704 2091 2951 2147 sauciata
2994 2094 3333 2151 criminibus.
3386 2097 3506 2167 ipsa

1941 2182 2091 2227 certe
2127 2174 2179 2229 in
2226 2175 2342 2247 lege
2386 2186 2442 2232 et
2491 2179 2921 2250 promulgatione
2961 2180 3195 2239 nominis
3252 2172 3327 2239 tui
3369 2186 3514 2241 velut

1941 2264 2259 2330 quihusdam
2288 2267 2537 2336 procellis
2562 2279 2616 2324 et
2653 2269 2919 2325 maiorum
2969 2270 3221 2328 ﬂuctibus
3268 2272 3511 2341 disiecta,

1939 2352 2164 2411 eﬂundit
2208 2359 2511 2426 perniciosa
2554 2361 2744 2427 verba,
2797 2375 2970 2434 eaque
3019 2364 3262 2420 scribens
3319 2365 3371 2420 in
3431 2367 3515 2420 lu-
3552 2417 3569 2431 ,

1940 2457 2057 2497 cem
2105 2446 2252 2511 edit,
2302 2463 2422 2517 quas
2472 2464 2746 2520 nunquam
2808 2459 2907 2518 tu,
2963 2453 3056 2523 qui
3124 2470 3245 2509 cum
3311 2464 3515 2511 aeterno

1939 2535 2100 2592 Patre
2150 2538 2229 2593 tui
2285 2538 2455 2609 ipsius
2495 2541 2639 2598 fonte
2676 2557 2785 2597 una
2835 2545 3071 2611 exsistis,
3104 2545 3157 2601 in
3206 2549 3514 2618 cognitione

1941 2628 2015 2680 tui
2076 2627 2387 2685 deﬁnivi‘s'ti.
2444 2631 2604 2702 Cogit
2652 2626 2978 2690 omnino'et
3024 2638 3274 2693 convehit
3324 2653 3514 2708 graves

1938 2718 1991 2772 et
2036 2719 2248 2790 iniquas
2300 2721 2627 2792 impietates,
2654 2740 2808 2780 nunc
2859 2726 3075 2796 quidem
3128 2727 3339 2800 linguas
3410 2732 3516 2787 cri-

1938 2825 2120 2879 spans,
2161 2822 2303 2869 nunc
2344 2826 2473 2871 vero
2510 2816 2704 2871 iterum
2760 2820 3080 2874 miserorum
3124 2823 3320 2877 studiis
3349 2824 3512 2893 elata,

1935 2915 2071 2969 quos
2098 2902 2222 2973 ipsa
2257 2914 2548 2972 presentes
2596 2918 2706 2976 prae
2748 2910 3038 2966 securitate
3062 2912 3135 2967 de
3168 2914 3300 2982 cipit
3351 2915 3513 2969 simul

1937 2999 1991 3045 et
2052 2996 2381 3065 corrumpit.
2444 2996 2563 3052 alam
2620 3008 2796 3053 autem
2855 3001 2975 3057 volo
3024 3003 3270 3072 praesidis
3343 3006 3511 3074 ipsius

1937 3083 2214 3153 ingenium
2281 3088 2605 3155 expendere.
2678 3089 2817 3156 Quid
2878 3094 3026 3147 enim
3076 3094 3198 3148 ait-7
3265 3096 3370 3150 Aut
3434 3107 3513 3151 te-

1938 3188 2183 3242 neamus,
2240 3177 2433 3247 inquit,
2462 3180 2617 3250 cujus
2652 3180 2766 3251 jam
2800 3193 3082 3253 compotes
3120 3184 3247 3240 facti
3272 3200 3508 3254 sumus;

1938 3274 2034 3320 aut
2065 3267 2160 3322 ﬁat
2182 3268 2337 3324 sicut
2366 3269 2469 3340 ipsi
2510 3271 2777 3329 volumus.
2803 3274 3030 3342 Cecidit,
3071 3286 3127 3332 et
3162 3279 3366 3357 cecidit
3392 3282 3511 3349 qui-

1938 3358 2061 3411 dem
2114 3358 2478 3417 interfectus:
2510 3363 2727 3432 dolone,
2774 3366 2969 3435 inquit,
3001 3384 3072 3423 an
3114 3372 3285 3425 atroci
3328 3370 3509 3441 aliqua

1938 3449 2255 3518 calliditate,
2296 3452 2430 3509 nihil
2480 3454 2667 3512 refert.
2712 3455 2848 3513 illud
2896 3458 3067 3514 solum
3110 3464 3312 3531 grande
3339 3461 3505 3525 ducit,

1939 3538 2083 3608 quod
2109 3550 2330 3611 propter
2356 3556 2552 3612 pravas
2586 3548 2943 3617 cogitationes
2976 3551 3029 3604 in
3063 3550 3235 3619 ipsum
3260 3552 3508 3619 irrepsit.

1940 3627 2362 3699 Multitudinem,
2407 3636 2605 3705 inquit,
2643 3638 2925 3695 habemus.
2954 3639 3279 3711 Progrediar
3306 3651 3359 3696 et
3386 3643 3509 3711 ipse

1940 3722 2102 3791 paulo
2128 3723 2379 3792 ulterius,
2411 3727 2675 3782 ut‘insani
2704 3728 2833 3783 belli
2867 3740 3144 3800 spectator
3170 3732 3294 3786 ﬁant
3323 3751 3336 3787 :
3365 3733 3502 3802 ipse,

1937 3815 2181 3886 inquam,
2218 3817 2555 3888 progrediar,
2598 3820 2913 3876 insanorum
2941 3822 3078 3877 bella
3114 3824 3304 3878 sedare
3334 3837 3509 3880 antea

1939 3911 2156 3967 solitus.
2187 3912 2302 3982 Age
2329 3926 2480 3980 sane,
2511 3902 2657 3969 Mars
2690 3912 2807 3979 Ari,
2846 3913 3048 3984 clypeis
3086 3918 3339 3970 utendum
3379 3929 3502 3972 est:

1938 4012 2005 4058 ne
2034 4008 2099 4056 'tu
2141 4004 2246 4058 hoc
2281 4002 2497 4071 feceris,
2529 4006 2797 4060 obsecro:
2828 4005 3069 4060 detineat
3106 4006 3270 4077 igitur
3306 4016 3360 4063 te
3404 4007 3509 4066 Ve-

1937 4096 2085 4151 neris
2129 4104 2475 4166 cangressus.
2534 4094 2739 4152 Verum
2789 4099 2995 4153 utinam
3048 4099 3505 4169 quemadmodum

1936 4188 2094 4242 turba
2126 4182 2433 4257 plausibilis
2463 4190 2687 4256 videris,
2715 4192 2798 4245 sic
2822 4201 2875 4244 et
2903 4191 3103 4260 pietate
3130 4192 3343 4261 vigores
3372 4204 3500 4262 erga

1933 4274 2246 4339 Christum!
2288 4285 2429 4340 Ecce
2457 4286 2649 4340 iterum
2682 4288 2902 4357 supplex
2927 4289 3105 4353 venio,
3140 4298 3194 4342 et
3224 4302 3499 4345 armorum

1933 4374 2088 4442 copia
2119 4373 2350 4444 pollens,
2382 4391 2621 4445 pugnare
2658 4378 2821 4433 uolo:
2852 4379 3049 4435 Christi
3080 4396 3209 4436 vero
3249 4382 3353 4437 fide
3386 4394 3502 4436 mu-

1932 4467 2100 4529 nitus,
2130 4479 2251 4519 cum
2286 4476 2338 4520 te
2372 4481 2590 4531 sanare,
2634 4476 2745 4520 tum
2781 4468 2918 4523 alios
2958 4482 3152 4523 curare
3204 4469 3343 4523 volo.
3392 4471 3501 4523 Cur

256 4555 524 4625 μάχεσθαι
560 4557 658 4627 μὲν
690 4556 794 4610 οὐκ
822 4556 1023 4610 ἐθέλω·
1043 4559 1109 4628 τῇ
1136 4557 1193 4610 δὲ
1221 4557 1316 4611 τοῦ
1342 4557 1584 4628 Χριστοῦ
1614 4574 1825 4630 πεφρα-

1937 4557 2095 4627 igitur
2124 4560 2205 4613 ais
2240 4573 2301 4613 ea
2340 4569 2391 4613 te
2430 4558 2610 4614 facere
2637 4575 2758 4629 qua:
2804 4562 3044 4616 moribus
3077 4562 3181 4616 tuis
3226 4576 3331 4615 non
3372 4578 3500 4617 con-

252 4648 451 4718 γμένος
483 4650 687 4716 πίστει,
712 4649 771 4703 σέ
797 4667 856 4703 τε
886 4650 1140 4704 ἰάσασθαι
1169 4652 1263 4703 καὶ
1289 4653 1413 4714 τοὺς
1438 4651 1634 4715 ἄλλους
1660 4652 1824 4722 θερα-

253 4740 445 4794 πεῦσαι
468 4741 749 4813 βούλομαι.
783 4742 849 4795 Τί
881 4742 973 4796 οῦν
1016 4744 1121 4811 φὴς
1158 4742 1332 4797 ταῦτα
1366 4744 1649 4813 πράττειν,
1682 4744 1720 4798 ἀ
1750 4743 1825 4815 μὴ

252 4837 359 4895 τοῖς
381 4832 535 4904 ἤθεσι
557 4835 799 4905 προσῆκε
825 4836 937 4898 τοῖς
961 4837 1075 4898 σοῖς
1097 4852 1110 4897 ;
1155 4835 1316 4888 Ἀλλά
1346 4836 1489 4905 μετά
1514 4836 1673 4898 ποίας
1699 4837 1828 4905 ήσυ-

252 4927 394 4996 χίας,
434 4928 553 4980 εἰπέ
591 4928 764 4998 μοι,ἢ
811 4928 933 4980 τίνα
971 4928 1286 5000 περιουσίαν
1332 4926 1821 5000 περιϐεϐλημένος,

254 5018 452 5088 μᾶλλον
482 5019 559 5082 δὲ,
595 5020 679 5087 ἐφ’
716 5021 744 5073 ὂ
779 5036 831 5073 τι
869 5021 1202 5089 προπετείας
1236 5019 1563 5091 ἐληλακώς;
1607 5018 1670 5071 Ὢ
1703 5017 1824 5070 τόλ-

253 5124 360 5178 μης
403 5107 507 5159 ὑπὸ
534 5110 814 5178 κεραυνῶν
853 5111 1008 5174 ἀξίας
1046 5110 1477 5182 καθαιρεθῆναιί
1527 5107 1824 5163 Ἀκούσατε

249 5200 356 5270 γὰρ
385 5202 421 5253 ὃ.
466 5200 733 5269 δεδήλωκε
784 5200 976 5272 πρώην
1007 5204 1143 5274 πρός
1191 5220 1279 5274 με,
1336 5203 1417 5259 ἰὸν
1460 5199 1823 5265 ἀποστάζοντι

249 5291 474 5359 γράφων
505 5291 582 5361 τῷ
616 5292 864 5364 καλάμῳ.
894 5293 1068 5355 Οῦτω,
1111 5298 1263 5363 φησί,
1293 5293 1650 5363 πιστεύομεν.
1687 5287 1821 5358 Εἶτ’,

247 5377 429 5450 οἶμαι,
460 5382 714 5451 προσθεὶς
761 5385 859 5436 οὐκ
906 5380 1023 5437 οἶδα
1083 5385 1220 5441 am
1267 5384 1521 5457 σοϐαρῶς
1573 5401 1689 5448 πως
1728 5384 1823 5437 καὶ

251 5472 394 5540 μάλα
424 5474 669 5543 ἀκριϐῶς
702 5472 1072 5547 ἐξησκημένα,
1106 5475 1309 5547 προῖὼν
1341 5475 1700 5549 πορρωτέρω,
1728 5475 1822 5529 οὑ-

246 5566 331 5621 δὲν
358 5568 385 5621 ὃ
416 5586 469 5622 τι
505 5570 613 5623 τῶν
644 5570 831 5624 δεινῶν
865 5569 1284 5642 ἀπεσιώπησεν’
1326 5572 1442 5627 ἀλλ’
1482 5571 1603 5624 ὅλον
1645 5570 1720 5634 ὡς
1754 5571 1821 5624 ἂν

312 5816 357 5847 ’⁸
378 5813 579 5870 .lcrem.
615 5832 688 5885 ιν,
714 5818 806 5873 22.

1930 4648 2194 4702 veniunt?
2222 4648 2326 4703 Sed
2362 4664 2465 4719 qua
2494 4651 2696 4719 quiete,
2721 4650 2805 4703 dic
2836 4649 2988 4713 mihi,
3030 4650 3138 4713 dic,
3170 4665 3375 4719 quteso,
3405 4660 3501 4704 aut

1926 4737 2127 4806 quibus
2173 4738 2345 4805 copiis
2394 4740 2625 4803 cinctus,
2677 4738 2759 4791 vel
2802 4738 2982 4806 potius
3026 4752 3133 4807 quo
3170 4738 3501 4793 temeritatis

1928 4828 2260 4896 provectus?
2289 4828 2333 4882 0
2360 4828 2643 4881 audaciam
2675 4828 2902 4882 fulmine
2942 4827 3347 4883 vindicandam!
3394 4828 3501 4882 Au-

1927 4920 2039 4973 dite
2067 4935 2185 4987 quae
2222 4935 2393 4988 nuper
2427 4920 2557 4974 mihi
2593 4914 2870 4985 indicavit,
2908 4920 3122 4975 calamo
3144 4919 3296 4976 virus
3330 4918 3503 4976 instil-

1924 5009 2072 5064 laute
2114 5008 2361 5065 scribens
2392 5027 2406 5063 :
2439 5010 2554 5075 Sic,
2588 5010 2784 5080 inquit,
2831 5010 3125 5067 credimus.
3166 5010 3372 5067 Deinde
3404 5014 3498 5068 ad-

1926 5101 2273 5156 dens‘nescio
2306 5117 2427 5171 qua:
2472 5102 2790 5170 insolenter,
2820 5110 2874 5158 et
2900 5102 3069 5158 "valde
3100 5112 3354 5158 accurate
3386 5104 3497 5159 ela-

1925 5192 2137 5261 borata,
2164 5210 2487 5266 progressus
2512 5193 2760 5261 ulterius,
2791 5194 2925 5250 nihil
2949 5192 3262 5250 acerbitatis
3285 5195 3495 5262 omisit,

1925 5290 2020 5345 sed
2074 5303 2317 5353 omnem,
2370 5298 2428 5342 ut
2472 5289 2545 5341 ita
2604 5288 2798 5353 dicam,
2838 5287 3122 5342 dementia:
3180 5286 3494 5342 thesaurum

1925 5381 2178 5449 aperuit:
2211 5378 2562 5449 Expellimur,
2594 5380 2791 5449 inquit,
2826 5386 2881 5434 et
2926 5377 3255 5448 receptionis
3297 5387 3502 5434 nostrae

1924 5473 2190 5530 securitas
2234 5475 2412 5529 omnis
2451 5472 2675 5527 tollitur.
2712 5468 2818 5527 Sed
2852 5473 2966 5527 haec
3005 5485 3196 5541 parum
3228 5472 3298 5528 ad
3344 5486 3497 5539 rem;

1924 5582 2043 5637 qua:
2071 5570 2371 5635 sequuntur
2405 5565 2670 5621 attendite
2698 5579 2714 5619 :
2746 5565 2915 5635 ipsius
2942 5563 3089 5622 enim
3128 5563 3309 5621 verbis
3334 5573 3494 5619 utar:
