4148 6552
270 437 410 511 1349
1149 437 1514 499 HISTORIA
1552 433 1883 496 CONCILII
1925 433 2226 494 NIC/ENI.
2263 457 2334 472 —
2369 433 2518 494 LIB.
2557 433 2641 494 Ῑῐ.
3373 389 3508 494 1350

267 553 358 625 ρδς
391 551 458 621 τῇ
504 545 697 602 ἑαυτοῦ
741 541 1152 616 κατεστρέψατο
1196 541 1401 611 κακίᾳ,
1453 539 1550 593 καὶ
1593 540 1706 600 τοῖς
1737 537 1837 605 μὲν
1867 541 1905 596 Α

1867 541 1912 596 Α
1941 536 2219 590 mentiam.
2248 536 2327 590 'l‘u
2361 551 2515 602 vero,
2543 535 2705 602 Deus,
2732 535 2822 604 qui
2852 534 3093 590 omnium
3121 550 3303 590 curam
3338 542 3503 606 geris,

267 646 398 706 ίσως
423 641 524 711 ήδη
555 639 616 694 τὸ
650 639 892 691 τοιοῦτον
911 632 1054 690 εἶναι
1085 635 1254 688 δοκεῖ.
1289 631 1447 686 Οὕτω
1477 631 1585 701 γάρ
1615 627 1839 682 σεαυτὸν

1939 627 2087 682 adsis
2119 628 2380 695 benignus
2423 629 2493 682 iis
2528 642 2651 696 quae
2689 627 2976 694 dicuntur,
3019 627 3062 680 si
3107 642 3172 682 ex
3217 627 3320 682 title
3360 639 3505 683 sunt.

267 733 557 794 πέπεικας.
592 731 748 782 Ἔστι
785 729 843 781 δὲ
881 727 1062 796 πάντη
1094 723 1343 795 ὀλέθριον
1375 725 1437 776 τὸ
1469 720 1660 775 κακόν.
1700 720 1838 789 Φέρε

1939 717 2050 786 Ego
2083 718 2226 771 enim
2270 719 2431 772 homo
2467 730 2588 773 tuus
2623 719 2804 773 divina
2837 717 3182 772 Providentia
3215 720 3406 786 fretus,
3437 736 3499 774 ex

263 823 328 895 δὴ
376 825 474 892 τῆς
511 823 574 874 ἐν
625 822 740 882 τοῖς
788 818 1106 888 άτοπήμασι
1151 812 1435 883 διατριϐῆς
1481 809 1836 877 ἀπαλλαγεὶς,

1941 809 2228 878 scripturis
2264 807 2470 864 Graecis
2498 821 2552 863 et
2582 811 2859 873 Romanis,
2891 809 3066 878 iisque
3100 811 3506 877 vetustissimis,

263 916 456 975 ἀκουε,
477 907 522 966 ῶ
549 910 794 980 δαιμόνιε
838 909 1025 978 ’Δρειε
1044 924 1061 942 ο
1089 906 1172 959 σοι
1206 905 1316 975 γὰρ
1349 901 1687 972 διαλέγομαι.
1726 899 1840 969 Τῆς

1943 899 2208 954 insaniam
2235 899 2348 952 Arii
2374 910 2559 968 aperte
2582 899 2966 954 demonstrabo
2990 909 3116 954 ante
3137 909 3218 954 ter
3244 901 3388 957 mille
3409 920 3507 956 an-

275 1004 602 1074 Ἐκκλησίας
641 1002 811 1071 δήπου
844 999 939 1053 τοῦ
980 998 1114 1052 Θεοῦ
1148 993 1676 1066 ἀποκεκηρυγμένος
1733 992 1834 1044 οὑκ

1941 1005 2039 1045 nos
2063 991 2131 1044 ab
2153 991 2428 1060 Erythraea
2458 991 2928 1061 prtesignilicatam
2959 1001 3118 1060 atque
3143 991 3452 1060 praedictam
3492 1012 3506 1048 :

263 1095 497 1165 αἰσθάνῃ
539 1092 843 1155 ἀπόλωλας,
869 1090 930 1144 εὖ
957 1088 1086 1152 ίσθι,
1115 1087 1211 1140 ὲάν
1235 1086 1310 1157 μὴ
1335 1085 1536 1156 βλέψας
1565 1084 1647 1146 είς
1677 1099 1839 1135 σεαυ-

1939 1082 2018 1136 ait
2044 1081 2188 1136 enim
2222 1082 2349 1136 illa:
2379 1081 2474 1136 Va:
2506 1081 2624 1144 libi,
2654 1080 2844 1151 Libya,
2885 1081 2937 1135 in
2975 1082 3261 1138 maritimis
3295 1084 3397 1138 sita
3431 1087 3510 1137 lo—

263 1187 376 1251 τδν,
435 1185 534 1253 τὴν
591 1181 871 1252 παροῦσάν
925 1197 1006 1232 σοι
1052 1180 1388 1246 κατακρίνῃς
1433 1173 1638 1227 ἄνοιαν.
1697 1171 1838 1224 Ἀλλ’

1939 1173 2020 1229 cis
2060 1191 2074 1226 :
2129 1173 2307 1227 veniet
2353 1173 2496 1226 enim
2553 1181 2763 1242 tempus
2823 1174 2876 1226 in
2915 1187 3021 1240 quo
3055 1188 3176 1228 cum
3215 1174 3410 1243 populo
3455 1182 3511 1229 et

264 1278 429 1345 ἐρεῖς,
458 1274 532 1336 ὡς
553 1273 698 1342 δχλοι
727 1268 1141 1341 συμπράττουσί
1173 1283 1278 1332 σοι,
1308 1265 1525 1327 καὶτὰς
1553 1261 1838 1345 φροντίδας

1944 1265 2151 1318 liliabus
2187 1264 2289 1317 tuis
2313 1275 2584 1318 certamen
2619 1279 2806 1334 grave,
2841 1263 3038 1318 durum
3071 1275 3124 1318 et
3153 1265 3372 1318 omnino
3407 1264 3512 1318 dif-

264 1344 683 1418 ἀπελαύνουσιν.
735 1360 932 1413 Ἀκουε
965 1357 1031 1426 δὴ
1080 1355 1275 1426 μικρὸν
1309 1351 1563 1422 ὑποσχὼν
1595 1350 1664 1403 τά
1699 1344 1836 1415 ὦτα,

1943 1356 2080 1410 licile
2110 1356 2294 1410 subire
2320 1359 2550 1426 cOgeris,
2583 1371 2647 1411 ex
2679 1371 2786 1425 quo
2820 1357 3060 1410 omnium
3098 1357 3228 1411 lides
3256 1365 3309 1410 et
3334 1357 3507 1425 pietas

264 1449 310 1508 ὦ
348 1455 527 1507 ἀνόσιε
568 1454 773 1522 Ἀρειε,
808 1452 902 1504 καὶ
932 1450 1091 1510 σύνες
1120 1451 1218 1517 τὴν
1251 1445 1480 1499 σεαυτοῦ
1522 1444 1727 1497 ἄνοιαν.
1765 1442 1836 1495 Σὺ

1935 1445 2302 1513 iudicabitur:
2339 1457 2391 1500 ιιι
2437 1463 2564 1501 vero
2605 1448 2670 1500 ad
2702 1456 3005 1502 extremum
3042 1447 3268 1502 exitium
3314 1448 3507 1501 dever-

264 1547 346 1611 δὲ,
375 1541 420 1600 ὦ
450 1546 667 1599 πάντων
699 1541 951 1613 κηδεμὼν
981 1541 1134 1606 Θεὸς,
1166 1538 1398 1608 εὐμενὴς
1430 1539 1545 1607 είης
1587 1535 1666 1606 τῷ
1686 1536 1838 1603 λεγο-

1941 1538 2021 1609 gis
2051 1555 2064 1590 :
2100 1553 2195 1592 vos
2217 1539 2360 1592 enim
2386 1539 2686 1594 cmlestium
2713 1539 2906 1594 ﬂorum
2940 1537 3339 1608 receptaculum
3375 1552 3509 1592 con-

271 1636 434 1705 μένῳ,
468 1636 515 1686 εί
550 1633 784 1694 πίστεως
818 1631 1014 1700 ἔχοιτο.
1062 1627 1204 1695 Ἐγὼ
1235 1629 1344 1698 γὰρ
1375 1629 1403 1678 ὁ
1437 1627 1525 1689 σὸς
1554 1625 1839 1695 ἄνθρωπος

1940 1628 2138 1682 vellere
2169 1629 2285 1682 ausi
2316 1629 2468 1691 estis,
2505 1639 2560 1683 et
2593 1643 2778 1686 morsu
2824 1628 3154 1698 discerpere,
3185 1639 3348 1697 atque
3373 1629 3511 1683 adeo

268 1725 397 1777 ῐλεω
425 1723 562 1792 ἔχων
600 1722 698 1791 τὴν
730 1720 1010 1790 παροῦσαν
1039 1716 1398 1788 προμήθειαν,
1431 1715 1526 1767 καὶ
1555 1714 1614 1776 ἐξ
1646 1713 1836 1783 Ἐλλη-

1943 1717 2133 1773 l‘erreis
2153 1719 2420 1789 polluistis
2454 1720 2723 1774 dentibus.
2747 1719 2884 1786 Quid
2911 1721 3100 1788 igitur,
3145 1719 3339 1775 callide
3367 1731 3514 1775 vete-

267 1816 445 1885 νικῆς,
473 1816 567 1868 καὶ
599 1815 662 1866 ὲκ
702 1811 1018 1880 Ῥωμαῖκῆς
1050 1809 1270 1880 γραφῆς
1300 1809 1439 1861 πάνυ
1469 1806 1836 1877 ἀρχαιοτάτης
1871 1865 1905 1885 η

1877 1865 1911 1885 η
1943 1822 2111 1875 rator,
2145 1812 2234 1865 ubi
2270 1810 2520 1866 .locorum
2551 1813 2686 1878 Qesse
2720 1810 2947 1866 lateris?
2980 1811 3093 1866 lllic
3122 1812 3331 1866 scilicet
3371 1829 3386 1865 :
3417 1812 3515 1866 ba-

270 1907 455 1976 σαφῶς
488 1905 753 1970 ἀποδείξω
777 1904 875 1974 τὴν
909 1904 1120 1974 ’Λρείου
1149 1904 1366 1971 μανίαν.
1401 1901 1506 1971 πρὸ
1525 1898 1837 1969 τρισχιλίων
1873 1898 1908 1923 υ

1873 1898 1913 1923 υ
1945 1902 2044 1956 beo
2087 1902 2230 1956 enim
2255 1902 2464 1957 litteras
2489 1941 2504 1966 ,
2541 1917 2676 1970 quas
2718 1903 2784 1956 ad
2830 1917 2915 1956 me
2949 1901 3146 1956 furoris
3177 1902 3254 1957 tui
3299 1904 3509 1958 calamo

269 2015 375 2051 που
397 1998 532 2050 ἐτῶν
561 1996 663 2050 ὑπὸ
681 1998 775 2064 τῆς
813 1995 1077 2067 Ἐρυθρᾶς
1098 1995 1499 2066 προρρηθεῖσαν
1519 2011 1575 2046 τε
1599 1996 1690 2046 καὶ
1708 2010 1834 2063 προο

1944 1992 2245 2059 scripsisti,
2294 1992 2345 2045 in
2385 1993 2579 2062 quibus
2622 1993 2703 2048 ais
2756 2007 2971 2047 omnem
3021 1991 3206 2064 Libyae
3259 1993 3512 2063 populum

267 2087 658 2157 φημισθείσαν.
695 2086 836 2154 Ἔφη
863 2086 968 2155 γὰρ
987 2083 1167 2154 εκείνη
1201 2099 1286 2150 γε·
1329 2083 1464 2135 Οὐαί
1501 2099 1602 2147 σοι,
1635 2081 1832 2152 Λιὸύη,

1947 2083 2255 2152 conspirare
2281 2093 2454 2137 tecum
2482 2083 2547 2136 ad
2572 2083 2824 2138 salutem.
2853 2082 2910 2138 Si
2938 2098 3068 2139 vero
3091 2084 3372 2155 negaveris
3399 2084 3513 2138 haec

270 2179 330 2230 ὲν
371 2175 656 2247 παραλίοις
688 2175 914 2245 κειμένη
942 2173 1136 2245 χώροις
1159 2190 1173 2203 ⁸
1217 2174 1334 2244 ἥξει
1367 2173 1474 2242 γάρ
1519 2188 1601 2225 σοι
1629 2174 1838 2242 καιρὸς,

1948 2174 2020 2228 ita
2047 2189 2106 2228 se
2141 2173 2362 2238 habere,
2400 2174 2564 2229 Deum
2597 2184 2782 2239 testor,
2808 2189 2894 2229 me
2921 2175 3349 2230 vetustissimum
3378 2175 3513 2246 Ery-

271 2273 328 2322 ὲν
358 2263 402 2336 ᾧ
451 2268 586 2338 μετά
619 2266 729 2321 τῶν
762 2267 948 2337 δήμων
986 2266 1080 2319 καὶ
1117 2266 1223 2318 τῶν
1271 2266 1475 2336 σαυτῆς
1527 2265 1841 2335 θυγατέρων

1950 2265 2130 2318 tliraezc
2184 2264 2464 2333 exemplar
2521 2265 2709 2320 Graece
2771 2266 3033 2335 scriptum
3089 2265 3313 2332 habere,
3371 2267 3515 2335 quod

270 2360 440 2413 δεινὸν
487 2358 678 2426 ἀγῶνα
716 2357 812 2409 καὶ
844 2356 996 2426 ὠμὸν
1047 2358 1140 2408 καὶ
1190 2355 1540 2426 παγχάλεπον
1589 2354 1843 2407 ὑπελθεῖν

1949 2355 2329 2410 Alexandriam
2386 2355 2632 2422 mittam,
2676 2365 2733 2409 ut
2785 2371 2946 2424 quam
2995 2355 3258 2411 citissime
3306 2370 3516 2426 pereas.

273 2449 694 2520 ἀναγκασθήσῃ.
745 2449 836 2516 ἀφ’
883 2443 944 2501 οὑ
991 2449 1271 2518 κριτήριον
1325 2448 1424 2516 μὲν
1472 2449 1550 2508 εἰς
1599 2446 1843 2510 ἅπαντας

1949 2447 2105 2500 Anne
2160 2456 2212 2501 tu
2262 2447 2378 2501 sine
2433 2456 2675 2515 peccato,
2727 2447 2990 2502 furcifer?
3041 2463 3180 2501 anne
3235 2447 3521 2503 manifeste

273 2541 509 2601 πίστεώς
543 2555 604 2590 τε
646 2538 740 2590 καὶ
770 2537 1055 2600 εὐσεϐείας
1090 2537 1487 2605 διαδοθήσεταιο
1522 2537 1586 2588 σὺ
1622 2536 1678 2587 δὲ
1709 2535 1846 2605 πρὸς

1951 2539 2162 2607 periisti
2199 2539 2385 2606 miser,
2419 2548 2570 2595 tanto
2609 2541 2751 2593 malo
2787 2540 3228 2609 circumseptus?
3264 2537 3521 2595 Novimus

276 2633 504 2701 ἔσχατον
553 2628 868 2689 ἀποκλίνεις
913 2630 1330 2697 καταστροφῆςο
1383 2627 1542 2696 ὑμεῖς
1583 2626 1693 2695 γὰρ
1738 2625 1846 2678 τῶν

1952 2629 2080 2697 quid
2115 2618 2355 2684 moliaris
2394 2647 2409 2684 :
2447 2644 2568 2698 qua:
2600 2645 2751 2696 cura,
2784 2629 2906 2699 quis
2933 2639 3107 2683 metus
3137 2637 3188 2683 te
3221 2630 3520 2698 perturbet,

275 2721 545 2792 οὐρανίων
589 2718 766 2774 ἀνθῶν
799 2719 860 2772 τὸ
903 2719 1186 2788 δεκτήριον
1233 2718 1543 2771 ἀνασπάσαι
1587 2716 1850 2787 τετολμή-

1955 2736 2060 2774 non
2098 2735 2198 2774 nos
2230 2720 2402 2787 latet,
2429 2720 2616 2775 infelix
2647 2731 2701 2775 et
2737 2721 3072 2775 calamitose.
3101 2719 3146 2774 0
3179 2721 3374 2775 mentis
3421 2729 3524 2775 tua!

278 2825 431 2870 κατε,
472 2809 566 2860 καὶ
593 2808 834 2876 δήγματι
869 2807 1179 2877 σπαράξαι·
1218 2807 1313 2860 καὶ
1357 2807 1455 2876 μὲν
1505 2805 1571 2877 δὴ
1612 2806 1848 2876 σιδηροῖς

1955 2820 2229 2880 stuporem
2252 2851 2268 2876 ,
2298 2813 2388 2881 qui
2419 2813 2662 2866 morbum
2695 2821 2750 2867 et
2777 2811 3012 2880 inopiam
3054 2811 3246 2865 animae
3277 2819 3381 2865 tuas
3414 2825 3521 2866 non

280 2899 544 2971 ἐχράνατε
574 2901 682 2961 τοῖς
709 2899 909 2952 ὀδοῦσι.
935 2898 998 2949 Τί
1027 2899 1182 2968 δῆτα,
1211 2892 1256 2951 ὦ
1286 2897 1555 2968 πανοῦργε
1578 2913 1592 2960 ;
1618 2896 1722 2963 ποῦ
1747 2896 1849 2965 γῆς

1957 2901 2227 2969 reprimis,
2262 2901 2456 2970 impie!
2489 2901 2580 2970 qui
2621 2901 2901 2954 veritatem
2935 2899 3101 2952 variis
3129 2898 3372 2954 confodis
3403 2913 3522 2954 ser-

285 2991 489 3044 σαυτὸν
509 2986 648 3044 εἶναι
686 2989 1124 3060 νῦν.ὀμολογείς;
1159 2991 1303 3043 Ἐκεῖ
1332 2987 1569 3061 δηλονότι
1593 3007 1605 3020 ·
1637 2989 1852 3058 κατέχω

1957 2991 2204 3046 monibus
2249 3009 2264 3047 :
2316 2999 2371 3046 et
2426 3005 2549 3045 cum
2600 2989 2720 3044 talis
2768 2990 2878 3056 sis,
2921 3003 3018 3043 nos
3064 2988 3370 3057 vituperare
3417 3003 3521 3042 non

285 3084 392 3152 γάρ
427 3099 520 3134 σου
559 3081 628 3135 τὰ
654 3083 988 3152 γράμματα,
1021 3081 1057 3134 ἀ
1106 3079 1184 3151 τῷ
1227 3081 1326 3150 τῆς
1380 3081 1574 3150 μανίας
1621 3079 1852 3149 καλάμῳ

1959 3083 2197 3149 vereris,
2247 3091 2302 3136 et
2375 3097 2516 3137 nunc
2580 3084 2946 3152 redarguens,
3012 3089 3073 3134 ut
3132 3081 3225 3135 tibi
3276 3081 3523 3145 videtur,

287 3173 424 3242 πρός
468 3190 536 3243 με
571 3172 916 3242 διεχάραξας,
964 3173 1022 3224 ὲν
1059 3165 1139 3234 οἷς
1169 3171 1274 3241 φὴς
1322 3172 1499 3225 πάντα
1525 3170 1848 3236 τὸν,Λί6υν,
1884 3218 1925 3277 c

1887 3218 1927 3277 α
1961 3189 2104 3230 nunc
2137 3189 2268 3229 vero
2301 3187 2656 3229 commonens
2722 3181 2974 3241 tanquam
3030 3172 3133 3226 lide
3173 3181 3226 3226 et
3283 3171 3525 3227 doctrina

294 3264 467 3333 δῆμον
505 3263 796 3334 σύμψηφον
825 3259 961 3315 εἷναί
993 3278 1074 3314 σοι
1106 3262 1241 3332 πρὸς
1274 3261 1545 3332 σωτηρίαν
1576 3262 1765 3331 δήπου.
1796 3261 1856 3313 Ei
1885 3259 1927 3277 ν’

1889 3259 1927 3277 ’⁸³
1961 3266 2320 3335 praestantior,
2376 3280 2404 3316 a
2440 3278 2547 3331 quo
2602 3261 2808 3317 scilicet
2869 3263 3048 3317 miseri
3111 3263 3372 3318 auxilium
3426 3265 3527 3318 sibi

287 3353 345 3405 δὲ
374 3353 434 3405 ού
465 3353 654 3422 φήσεις
679 3352 835 3404 ταυτὶ
864 3351 1037 3414 οὑτως
1068 3351 1234 3421 ἔχειν,
1268 3349 1618 3421 μαρτύρομαι
1643 3350 1742 3419 ήδη
1768 3348 1859 3400 τὸν

1961 3357 2286 3426 suppeditari
2315 3355 2542 3424 cupiunt
2581 3371 2597 3409 :
2633 3353 2844 3408 tametsi
2891 3368 3062 3422 neque
3110 3354 3362 3424 congredi
3406 3370 3529 3410 cum

289 3444 446 3506 Θεὸν,
480 3439 516 3514 ἦ
549 3443 655 3513 μὴν
688 3443 1045 3512 ἀρχαιότατον
1071 3443 1169 3511 τῆς
1213 3441 1480 3512 Ἐρυθρᾶς
1513 3440 1763 3504 πυκτίον,
1795 3438 1862 3491 δι’

1965 3446 2055 3500 tali
2087 3454 2315 3516 oportet,
2347 3459 2519 3513 neque
2543 3444 2765 3498 omnino
2823 3443 2970 3499 illum
3021 3446 3366 3515 compellare,
3419 3446 3521 3499 nisi

304 3530 620 3600 Ἑλληνικῆς
638 3529 1064 3598 συντεταγμένον
1080 3526 1345 3596 γλώττης,
1363 3529 1441 3588 είς
1464 3525 1865 3595 Ἀλεξάνδρειαν

1967 3535 2088 3605 quis
2147 3535 2200 3589 in
2265 3534 2505 3590 subdolis
2552 3535 2704 3599 hujus
2756 3534 2935 3588 verbis
2962 3543 3104 3588 recte
3136 3533 3347 3588 vivendi
3381 3548 3530 3603 spem

292 3621 665 3685 ἀποστέλλειν,
687 3620 762 3681 ὠς
791 3621 857 3673 ἂν
887 3620 1079 3672 θᾶττον
1099 3617 1340 3672 ἀπόλοιο.
1367 3611 1499 3669 Εῐτα
1527 3617 1590 3668 σὺ
1618 3615 1866 3685 ἀναμάρ-

1963 3638 2017 3680 et
2076 3625 2131 3679 in
2177 3624 2424 3680 versibus
2461 3625 2816 3678 reconditam
2867 3637 2988 3677 esse
3040 3631 3210 3691 putet.
3263 3621 3368 3676 Sed
3424 3637 3531 3677 non

291 3727 473 3781 τητος,
514 3707 559 3766 ὦ
592 3710 988 3781 δικρανοφόρε;
1023 3705 1157 3763 Εῐτα
1185 3707 1246 3760 ού
1280 3707 1464 3777 σαφῶς
1488 3706 1792 3770 ἀπόλωλας,
1819 3699 1866 3760 ὧ

1965 3723 2051 3770 est
2084 3714 2188 3769 boc
2229 3729 2416 3770 verum
2443 3731 2457 3768 :
2488 3714 2642 3782 longe
2673 3728 2803 3768 sane
2832 3713 3004 3766 abest.
3040 3711 3084 3765 0
3116 3710 3531 3779 imprudentiam

294 3799 484 3866 ἀθλιε,
529 3799 754 3870 τοιούτῳ
809 3797 966 3868 δεινῷ
1022 3795 1628 3868 περιεστοισχισμένοςς
1687 3795 1862 3865 ίσμεν,

1965 3816 2228 3870 vestram,
2263 3806 2352 3874 qui
2384 3819 2506 3860 cum
2535 3805 2637 3858 isto
2659 3818 2754 3858 vos
2783 3802 3182 3857 commiscetisl
3208 3801 3338 3867 Quis
3363 3801 3534 3870 igitur

297 3893 453 3962 ἴσμεν
497 3907 591 3944 σου
646 3891 706 3944 τὸ
751 3890 1083 3960 ἐγχείρημα·
1125 3889 1255 3943 ποία
1301 3888 1554 3959 φροντὶς,
1605 3889 1756 3942 ποῖόν
1805 3905 1866 3941 σε

1967 3895 2118 3950 furor
2150 3910 2246 3950 vos
2298 3893 2462 3964 hujus
2491 3895 2740 3948 acerbam
2786 3893 3020 3963 linguam
3059 3903 3114 3947 et
3142 3903 3417 3961 aspectum
3456 3902 3536 3946 to-

298 3983 516 4053 θράττει
568 3982 721 4050 δέος,
779 3983 840 4035 οὑ
894 3981 1118 4052 λέληθεν
1175 3983 1345 4052 ἡμᾶς,
1397 3975 1442 4035 ὧ
1493 3980 1724 4052 δύστηνε
1771 3984 1867 4036 καὶ

1965 3988 2141 4043 lerare
2172 3986 2382 4056 coegit?
2415 3985 2544 4040 Esto
2563 4026 2579 4051 ,
2610 3986 2701 4040 sed
2741 3985 2851 4054 jam
2881 3986 2947 4040 ad
2983 3993 3036 4040 te
3065 3999 3368 4040 sermonem
3399 3998 3533 4039 con-

297 4072 630 4141 ταλαίπωρε.
669 4073 734 4123 Ὢ
760 4073 860 4141 τῆς
891 4071 1236 4142 ἀμϐλύτητος
1268 4073 1376 4124 τῶν
1407 4071 1514 4126 σῶν
1545 4072 1776 4142 φρενῶν,
1807 4073 1868 4136 ὃς

1970 4088 2140 4143 verto,
2173 4093 2208 4133 ο
2240 4076 2514 4132 hominem
2546 4076 2728 4130 animo
2757 4075 3175 4145 imprudentem,
3214 4074 3395 4142 lingua
3429 4088 3530 4128 vo-

297 4165 420 4217 οὑδὲ
442 4166 541 4234 τὴν
566 4165 716 4216 νόσον
742 4165 838 4216 καὶ
861 4163 959 4233 τὴν
989 4163 1300 4232 ἀμηχανίαν
1321 4164 1418 4234 τῆς
1441 4163 1665 4216 σεαυτοῦ
1690 4165 1868 4233 ψυχῆς

1969 4171 2185 4225 lubilem
2208 4209 2222 4232 ,
2254 4178 2433 4224 mente
2471 4166 2738 4223 inﬁdelem
2774 4187 2788 4222 :
2831 4167 2897 4221 da
2947 4167 3078 4222 mihi
3133 4165 3537 4235 disputationis,

299 4255 667 4319 ἀναστέλλεις,
698 4248 742 4307 ὧ
767 4255 970 4307 ἀνόσιε’
996 4254 1056 4317 ὃς
1087 4257 1185 4325 τὴν
1213 4253 1469 4325 ἀλήθειαν
1501 4255 1762 4318 ποικίλοις
1787 4257 1871 4308 δι-

1971 4276 2075 4316 non
2125 4260 2358 4329 amplum
2392 4260 2514 4315 dico
2557 4269 2613 4314 et
2657 4259 2822 4313 latum
2859 4273 3148 4327 campum,
3186 4258 3282 4313 sed
3330 4257 3541 4312 circulo

299 4346 547 4416 ορύττεις
590 4346 766 4413 λόγοις
786 4361 801 4375 ⁸
831 4347 925 4398 καὶ
953 4344 1190 4410 τοιοῦτος
1221 4346 1296 4398 ῶν
1329 4347 1428 4399 οὑκ
1463 4347 1690 4418 αἰσχύνῃ
1723 4349 1871 4418 ἡμᾶς

1973 4362 2117 4406 recte
2155 4350 2620 4420 circumscriptum
2658 4368 2672 4406 :
2710 4365 2884 4420 neque
2933 4358 3165 4418 putrem,
3215 4351 3309 4405 sed
3347 4359 3539 4404 natura

300 4437 488 4506 ψέγων
508 4478 522 4503 ,
554 4437 650 4490 καὶ
677 4437 770 4490 νῦν
810 4436 909 4506 μὲν
942 4436 1199 4506 ἐλέγχων,
1232 4437 1304 4500 ὥς
1331 4454 1394 4505 γε
1437 4439 1560 4490 οῑευ
1596 4438 1688 4491 νῦν
1724 4440 1768 4491 δ’
1803 4439 1870 4492 αὖ

1976 4443 2188 4495 lirmum
2216 4441 2576 4512 solidumque,
2609 4456 2642 4495 ο
2670 4441 2832 4509 impie
2862 4449 2917 4494 et
2945 4439 3181 4510 pessime
3201 4447 3258 4493 et
3286 4439 3538 4493 dissimu-

304 4527 465 4580 πάλιν
512 4526 804 4588 νουθετῶν,
839 4526 915 4588 ὡς
959 4528 1138 4579 πίστει
1183 4529 1278 4579 καὶ
1323 4528 1501 4595 λόγοις
1547 4529 1869 4600 ὑπερφέρων
1901 4547 1942 4604 ο

1903 4547 1946 4604 ο
1974 4533 2111 4586 lator
2140 4547 2156 4585 :
2189 4549 2351 4602 cogor
2379 4535 2522 4586 enim
2565 4534 2666 4587 ista
2708 4533 2926 4596 dicere,
2975 4533 3082 4584 imo
3115 4544 3248 4584 vero
3289 4530 3541 4599 laqueum

307 4620 432 4688 περὶ
460 4612 520 4670 οὗ
550 4615 660 4687 [ian
694 4616 823 4686 παρ’
850 4611 936 4687 οὗ]
961 4617 1095 4686 δῆτα
1123 4618 1173 4669 οἰ
1199 4617 1372 4670 ἄθλιοι
1398 4621 1716 4690 ἐπικουρίαν
1745 4622 1862 4672 έαυ·

1977 4626 2068 4678 tibi
2099 4625 2368 4694 injiciam,
2399 4635 2455 4678 et
2487 4624 2852 4691 disputatione
2879 4621 3196 4690 impeditum
3223 4619 3275 4672 in
3307 4620 3545 4673 medium

305 4714 417 4772 τοῖς
449 4709 769 4779 πορίζεσθαι
797 4708 1097 4777 γλίχονταιο
1134 4709 1312 4761 καίτοι
1369 4709 1490 4761 ούδὲ
1521 4711 1874 4777 συγγίνεσθαι

1980 4725 2030 4768 te
2063 4715 2362 4776 adducam,
2393 4723 2453 4766 ut
2483 4713 2660 4765 omnis
2697 4710 2925 4780 populus
2957 4708 3355 4778 improbitatem
3397 4715 3543 4759 tuam

309 4801 384 4872 τῷ
403 4801 626 4871 τοιούτῳ
655 4800 846 4872 ἐχρῆν,
875 4800 995 4852 οὑδὲ
1025 4799 1160 4862 ὅλως
1188 4799 1350 4852 αὑτὸν
1374 4800 1872 4870 προσφθέγγεσθαι,

1979 4806 2179 4858 videat.
2214 4802 2321 4857 Sed
2359 4803 2423 4856 ad
2464 4817 2574 4855 rem
2608 4801 2773 4869 ipsam
2810 4799 3144 4870 progrediar.
3184 4797 3333 4852 Lotze
3362 4796 3547 4866 utique

307 4893 444 4964 πλὴν
473 4895 520 4945 εί
558 4894 632 4964 μή
665 4909 748 4954 τις
779 4893 835 4943 ἐν
871 4893 983 4954 τοῖς
1017 4889 1268 4953 ὑπούλοις
1302 4891 1494 4944 τούτου
1539 4893 1750 4962 ῥήμασι
1778 4891 1875 4961 τὴν

1979 4904 2102 4949 sunt
2143 4909 2370 4947 manus:
2417 4906 2702 4960 pergamus
2737 4891 2988 4959 precibus
3041 4889 3296 4942 invocare
3348 4886 3541 4950 Deum,

307 4987 402 5040 τοῦ
451 4983 626 5053 ὀρθῶς
682 4982 828 5052 βιοῦν
876 4983 1064 5037 ἐλπίδα
1113 4985 1227 5047 τοῖς
1279 4983 1500 5055 μέτροις
1553 4984 1878 5038 ἀποκεῖσθαι

1980 4994 2074 5040 attt
2111 4985 2290 5054 potius
2321 4984 2696 5038 contineamus
2735 4997 2833 5037 nos
2877 4995 3190 5050 parumper.
3245 4978 3344 5032 Dic
3391 4975 3544 5040 mihi,

308 5074 502 5126 οἴεται.
555 5070 693 5122 Ἀλλ’
733 5071 832 5124 οὑκ
859 5071 972 5124 ἔστι
1009 5073 1196 5126 τοῦτο·
1250 5074 1444 5128 πολλοῦ
1493 5092 1556 5144 γε
1584 5075 1684 5128 δεῖ.
1718 5074 1790 5127 Τὸ
1820 5073 1878 5126 δὲ

1981 5077 2357 5141 callidissime,
2393 5090 2552 5144 quem
2583 5076 2745 5128 Deum
2788 5074 2841 5128 in
2869 5071 3128 5126 auxilium
3169 5083 3317 5125 tuum
3348 5068 3544 5138 implo-

311 5163 529 5234 ἀληθὲς,
552 5161 597 5214 ὢ
624 5163 722 5232 τῆς
763 5163 1030 5233 ὑμετέρας
1065 5165 1270 5228 ἀνοίας,
1298 5166 1412 5218 ὅσοι
1440 5165 1618 5235 τούτῳ
1648 5180 1880 5218 συνανα-

1985 5170 2170 5225 rabis?
2222 5167 2327 5222 Sed
2362 5168 2642 5224 continere
2695 5179 2779 5219 me
2818 5179 3050 5233 nequeo.
3097 5161 3144 5216 Ο
3196 5171 3251 5216 tu
3306 5161 3548 5217 omnium

313 5255 558 5326 γίνεσθεί
591 5255 688 5318 Τίς
715 5255 822 5324 ἀρα
841 5257 869 5306 ὁ
889 5251 1071 5325 ἷστρος
1105 5257 1247 5325 ὑμᾶς
1268 5257 1368 5326 τῆς
1405 5256 1650 5326 χαλεπῆς
1693 5255 1881 5309 τούτου

1985 5271 2195 5326 auctor,
2229 5261 2470 5324 Domine,
2497 5276 2530 5314 o
2558 5257 2849 5328 singularis
2875 5254 3090 5310 virtutis
3116 5253 3301 5317 Pater,
3330 5262 3551 5322 pr0pter

314 5349 558 5418 γλώττης
591 5347 686 5400 καὶ
718 5345 818 5415 τῆς
857 5345 1033 5414 ὅψεως
1070 5347 1396 5416 ἀνασχέσθαι
1428 5348 1881 5418 κατηνάγκασεν;

1988 5354 2128 5407 lmnc
2170 5353 2391 5420 impium
2429 5350 2668 5406 Ecclesia
2722 5349 2953 5418 probra,
2997 5345 3248 5410 dolores,
3281 5344 3391 5398 imo
3423 5357 3553 5398 vero

316 5438 432 5494 ἀλλ’
456 5437 542 5490 ἐπ’
567 5436 729 5491 αὑτὸν
759 5436 860 5507 ήδη
887 5451 945 5487 σε
979 5435 1263 5506 βαδιοῦμαι
1289 5437 1368 5507 τῷ
1392 5438 1557 5508 λόγῳ,
1583 5432 1629 5492 ὧ
1657 5441 1757 5510 τὴν
1785 5439 1884 5510 μὲν

1990 5445 2208 5498 vulnera
2240 5453 2293 5496 et
2328 5455 2590 5496 maerores
2634 5441 2856 5509 patitur.
2904 5437 3065 5490 Arius
3103 5435 3196 5490 tibi
3233 5449 3408 5490 tocum
3440 5431 3550 5501 jam

314 5530 490 5602 ψυχὴν
520 5530 706 5601 ἄφρων
737 5529 834 5594 σὺ,
864 5528 962 5600 τὴν
1006 5530 1063 5581 δὲ
1093 5529 1336 5596 γλῶτταν
1367 5532 1616 5601 στωμύλε
1639 5572 1653 5596 ,
1690 5533 1885 5587 ἄπιστε

1989 5536 2228 5602 atlaptat,
2254 5533 2414 5600 idque
2443 5533 2726 5584 admodum
2759 5530 3040 5599 przeclare,
3070 5530 3121 5581 in
3154 5543 3280 5594 quo,
3313 5536 3370 5578 ut
3399 5535 3550 5594 puto,

314 5624 370 5678 δὲ
399 5622 498 5686 τὰς
522 5622 746 5693 φρένας,
778 5621 866 5685 δὸς
895 5621 957 5692 δή
995 5638 1084 5690 μοι
1117 5620 1210 5673 τοῦ
1242 5621 1400 5690 λόγου
1435 5624 1535 5676 οὐκ
1572 5624 1887 5693 ἀμφιλαφές

1989 5627 2324 5680 constituens
2357 5624 2457 5678 sibi
2507 5623 2606 5691 ipsi
2658 5621 2964 5692 synodum,
3003 5634 3122 5688 qua:
3157 5617 3348 5671 Filium
3403 5625 3551 5669 tuum

316 5731 371 5768 τι
402 5713 546 5781 λέγω
571 5715 664 5768 καὶ
706 5714 1004 5783 ἱππήλατον
1044 5715 1260 5782 πεδίον,
1309 5715 1425 5767 ἀλλ’
1457 5712 1549 5770 οὖν
1602 5717 1786 5788 κύκλῳ
1823 5735 1886 5786 γε

1989 5722 2265 5777 Christum
2287 5721 2435 5775 illum
2458 5735 2521 5774 ex
2549 5730 2600 5774 te
2621 5718 3037 5789 genitum,illum
3057 5717 3222 5770 nostri
3249 5712 3430 5768 auxilii
3456 5713 3554 5767 du-

321 5806 726 5878 σύπερίγραφον
746 5823 759 5840 ο
793 5805 866 5877 μὴ
897 5805 1094 5877 σαθρὸν
1127 5809 1308 5877 μόνον,
1344 5808 1460 5861 ἀλλ’
1491 5809 1800 5880 ἐρρωμένον
1829 5827 1886 5864 τε

1993 5829 2130 5878 cem,
2151 5813 2452 5880 adoptionis
2471 5811 2586 5882 lege
2603 5819 2817 5881 arroget
2839 5825 2901 5866 ac
2929 5806 3264 5864 teneat.Audi
3280 5805 3551 5870 ,obsecro,
