4148 6582
555 378 693 445 1350

1267 361 1637 426 ΤΗΕΟΤΙΜΙ
1680 359 2052 421 TOMITANI
2084 357 2322 419 EPIST.
2366 359 2464 419 AD
2495 357 2804 418 LEONEM
2846 357 3003 417 IMP.

3681 355 3818 421 I360

555 489 718 560 (ψιοά
767 499 872 538 non
928 476 1202 544 existimo)
1256 487 1349 530 tuo
1402 473 1636 528 insideat
1688 473 1894 537 animo,
1949 485 2012 525 ea
2058 483 2125 522 ex

2231 469 2512 533 τοιούτων,
2556 467 2632 531 ὡς
2670 466 2847 535 ἔγωγε
2895 466 2997 519 οὐκ
3028 460 3226 536 οἶμαι,
3267 468 3332 537 τῇ
3381 467 3450 537 σῇ
3480 464 3819 533 ἑνεκαθέσθη

551 582 736 634 animo
765 574 964 637 deleta,
1003 584 1192 639 puram
1219 578 1281 621 ut
1310 568 1484 631 decet,
1509 564 1916 634 cogitationem,
1939 575 2124 616 veram

553 667 1066 728 sanctiﬁcationem,
1097 663 1476 716 intemeratam
1509 660 1668 712 ﬁdem
1704 655 1977 710 servatori
2016 655 2126 709 Deo

553 761 792 832 prmbere
823 757 1067 810 studeas.
1100 753 1312 807 Etenim
1351 759 1778 806 consentaneum
1819 754 1903 802 est
1929 748 2032 803 hoc
2059 749 2126 802 ab

551 867 618 906 eo
645 852 784 915 ﬁeri,
810 850 898 917 qui
933 844 1262 914 incorruptis
1289 851 1503 897 aeterna:
1535 841 1661 895 vitae
1681 838 1918 908 pramiis
1933 839 2124 908 dignus

554 943 736 998 haberi
773 937 1134 994 constituerit.
1160 937 1299 989 Dens
1334 943 1388 987 te
1412 931 1704 992 custodiat,
1721 930 1889 983 frater
1909 928 2134 983 dilecte.-

2234 561 2588 632 προαιρέσει,
2627 559 2834 627 ταύτην
2861 559 2964 628 τῆς
2991 558 3170 628 ψυχῆς
3197 558 3533 627 ἀφελόμενος
3562 557 3822 626 καθαρὰν

2231 653 2308 715 ὡς
2339 654 2586 722 προσῆκε
2621 649 2721 720 τὴν
2766 649 3027 715 διάνοιαν,
3071 649 3336 719 εἰλικρινῆ
3367 665 3428 700 τε
3459 647 3821 709 καθοσίωσιν,

2232 742 2328 796 καὶ
2356 741 2626 812 ἄχραντον
2665 739 2846 791 πίστιν
2881 739 2960 808 τῷ
3003 738 3216 808 Σωτῆρι
3259 736 3380 806 Θεῴ
3435 735 3824 806 παρασχέσθαι

2232 833 2614 905 προθυμηοῇς.
2671 832 2781 883 Καὶ
2821 829 2930 900 γὰρ
2983 829 3140 882 τοῦτο
3189 829 3466 898 προσῆκόν
3511 831 3668 881 ἐστιν
3719 827 3828 878 ὑπὸ

2229 925 2424 978 τούτου
2454 921 2814 992 πράττεσθαι,
2845 921 2904 984 ὃς
2929 921 2972 973 δ’
3000 921 3067 974 ἂν
3105 922 3382 991 ἀκεραίων
3411 919 3521 972 τῶν
3547 920 3651 990 τῆς
3691 919 3828 971 αἰω-

551 1033 663 1088 νίου
699 1034 845 1104 ζωῆς
879 1029 1128 1084 ἐπάθλων
1169 1027 1446 1093 ἀξιοῦσθαι
1486 1024 1828 1096 βουλεύηται.
1889 1024 1948 1075 Ὀ
1995 1021 2125 1084 Sed;
2150 1039 2207 1074 σε
2238 1019 2577 1090 διαφυλάξοι,
2613 1016 2813 1087 ἁδελφὲ
2843 1015 3123 1087 ἀγαπητέ.

552 1150 3817 1219 W

1767 1190 1986 1199 Ψ...-

2534 1184 2788 1193 __—_—-

1853 1335 2025 1381 ANNO
2068 1332 2292 1377 DOMINI
2332 1331 2520 1376 DLVII.

889 1694 902 1702 .
1075 1515 2353 1707 THEOTIMUS
2486 1509 3274 1692 JUNIOB

1749 1815 2188 1880 TOMITANUS
2219 1811 2653 1877 EPlSCOPUS.

1763 2113 2608 2230 NOTITIA-

1542 2334 1708 2399 (Mich.
1737 2331 2000 2392 Lequien.,
2040 2324 2210 2376 Oriens
2246 2322 2420 2375 Christ.
2461 2331 2499 2370 t.
2529 2323 2565 2382 l,
2591 2336 2639 2383 p.
2670 2320 2831 2381 lilii.)

554 2504 680 2561 Leo
719 2498 1034 2576 Augustus
1078 2490 1154 2552 de
1200 2485 1466 2549 proterii
1495 2473 2365 2576 Alexandrininnece‘cuncttis
2384 2468 2662 2576 Drientis
2689 2465 3112 2576 metmpolitis
3143 2462 3413 2576 scripsit.
3437 2459 3826 2576 διᾳὲθίξρηῆῗ

641 2540 1866 2639 iﬂé33X&"}e‘£~Zréni{s's'ie5"Episcopo
1906 2555 2258 2616 Tomitana.
2291 2551 2477 2630 Cujus
2516 2554 2713 2616 exstat
2749 2540 3151 2626 restionsoria
3194 2540 3287 2604 ad’
3328 2542 3502 2604 illum
3523 2540 3824 2620 ’Epistola

631 2658 746 2718 hac
783 2651 1197 2732 inscriptione
1234 2664 1247 2707 :
1291 2644 1552 2706 Domino
1582 2640 1890 2719 piissimo,
1930 2640 2051 2696 etc.

1926 2830 2074 2842 ——-.

1649 2831 1922 2846 Μ

571 2837 1648 2868 ____________________________

3542 2691 3584 2733 Cl

3383 2809 3793 2832 ’.ι’-’ἠ

3003 2815 3373 2831 ﬂ

2861 2820 3002 2831 ..ι-..-

984 3017 1584 3114 THEOTIMI
1669 3003 2249 3100 EPISTOLA
2318 3005 2469 3092 AD
2545 2997 3031 3092 LEONEM
3131 2998 3384 3086 IMP.

1830 3199 2008 3260 Mintsi,
2033 3202 2199 3258 Cana,
2229 3203 2265 3247 t.
2291 3195 2397 3256 γη,
2425 3196 2558 3256 545.)

556 3483 783 3546 Domino
821 3485 1082 3556 piissimo,
1116 3493 1161 3537 et
1194 3479 1652 3536 Christianissimo
1688 3478 1994 3546 imperatori
2036 3492 2130 3530 no-
2186 3469 2378 3553 ~_01lra
2411 3480 2627 3536 sapere.
2673 3479 2834 3534 quam
2885 3479 2947 3518 ea
2999 3477 3116 3535 qua?
3150 3471 3416 3517 lalllorum
3449 3461 3680 3518 Patrum
3718 3475 3818 3519 ter-

623 3592 731 3635 siro
773 3551 958 3642 Leoni,
1016 3573 1314 3631 Theotimus
1367 3570 1581 3625 humilis
1631 3567 1859 3639 Scythia:
1907 3569 2085 3638 region
2183 3551 2384 3612 "mino
2420 3565 2640 3611 sanctus
2691 3555 2928 3624 Spiritus
2977 3553 3231 3609 erudivit.
3286 3551 3466 3620 Unde,
3493 3555 3820 3610 mansuetis-

619 3677 909 3748 episcopus.

627 3834 790 3888 Decet
821 3841 966 3886 tuam
1006 3829 1283 3900 pietatem,
1328 3821 1653 3880 venerabilis
1688 3829 1981 3890 .mperator
2011 3820 2125 3875 Au-

552 3935 736 3996 guste,
771 3921 1135 3979 Ecclesiarum
1169 3916 1559 3986 tranquillitate
1582 3913 1835 3985 gaudere,
1861 3921 1915 3967 et
1960 3913 2128 3968 tribu-

554 4021 784 4075 lationcs
824 4015 1003 4086 populi
1037 4011 1348 4067 conturbati
1383 4017 1439 4063 et
1473 4016 1819 4076 tempestates
1860 4006 2127 4076 tranquil-

558 4112 782 4166 lissimis
819 4106 1018 4163 vestris
1053 4101 1466 4158 allocutiouibus
1499 4102 1566 4154 ad
1598 4099 1746 4169 pacis
1782 4099 1907 4169 jura
1949 4109 2128 4152 trans-

555 4205 719 4257 ferre.
753 4198 1048 4265 Propterea
1087 4194 1354 4262 siquidem
1395 4206 1492 4246 vos
1521 4191 1663 4245 Deus
1693 4190 1906 4245 caelitus
1948 4189 2128 4244 divin

558 4299 688 4343 nutu
737 4302 836 4341 suo
884 4283 1137 4349 munivit,
1181 4289 1242 4335 ut
1282 4296 1345 4337 ea
1388 4281 1603 4351 quidem
1636 4293 1755 4348 qua:
1802 4293 1933 4334 sana
1979 4289 2124 4346 sunt,

556 4379 823 4449 imperiali
857 4384 1127 4447 potestate
1156 4374 1363 4445 integra
1398 4387 1614 4442 semper
1645 4371 1901 4440 salvaque
1929 4381 2130 4428 custo-

557 4470 754 4536 diatis;
782 4483 903 4539 qua:
950 4481 1080 4522 vero
1114 4473 1305 4521 vexata
1344 4471 1472 4519 sunt
1501 4470 1666 4534 atque
1707 4472 1988 4534 corrupta,
2034 4480 2128 4520 ve.

557 4571 685 4616 atra:
728 4558 948 4628 pietatis
997 4555 1266 4612 medicina
1331 4554 1557 4618 curetis,
1607 4554 1742 4610 nihil
1791 4555 1974 4626 itaque
2008 4556 2128 4612 Deo

555 4651 844 4708 amabilius
889 4656 993 4714 est,
1048 4646 1185 4702 nihil
1238 4645 1539 4716 acceptius,
1581 4660 1744 4716 quam
1788 4656 1849 4702 ut
1890 4647 1979 4702 illa
2033 4663 2128 4704 vos

556 4743 803 4812 sapiatis,
836 4756 954 4810 qua:
1001 4753 1030 4794 a
1073 4738 1167 4796 Dei
1199 4737 1378 4794 Patris
1428 4739 1698 4809 sapientia
1741 4739 2042 4802 didicistis;
2073 4750 2130 4794 et

557 4835 647 4890 illa
695 4834 954 4898 doceatis,
989 4847 1108 4900 quae
1135 4831 1204 4886 ab
1239 4830 1372 4900 ipsis
1399 4831 1524 4886 ﬁdei
1565 4841 1759 4886 vestrm
1786 4830 2128 4886 incunabulis

556 4925 914 4982 saluberrime
934 4924 1066 4980 estis
1097 4924 1318 4979 eruditi.
1351 4922 1418 4978 Et
1447 4922 1705 4993 quoniam
1742 4923 2128 4979 sacratissimis

556 5019 755 5073 vestris
805 5017 1030 5088 syllabis
1069 5017 1450 5081 admonuistis,
1499 5026 1560 5072 ut
1598 5032 1718 5087 qua:
1769 5018 2010 5088 sapimus
2058 5016 2128 5071 de

557 5114 747 5163 sancto
775 5105 1198 5162 Chalcedonensi
1228 5105 1483 5170 concilio,
1527 5105 1728 5162 nostris
1756 5105 1950 5160 litteris
1979 5102 2123 5159 refe-

558 5211 743 5252 ramus
784 5197 852 5250 ad
887 5205 1080 5252 vestra:
1111 5197 1356 5252 notitiam
1396 5196 1645 5266 pietatis;
1677 5204 1969 5266 cognoscat
2001 5194 2110 5250 Ve-

556 5296 667 5343 stra
694 5287 987 5354 Serenitas,
1019 5287 1278 5357 quoniam
1317 5288 1448 5343 nihil
1471 5287 1721 5358 amplius,
1755 5288 1887 5343 nihil
1921 5287 2120 5351 minus,

555 5392 725 5448 quam.
756 5392 876 5448 qua
920 5378 974 5434 in
1024 5377 1446 5434 Chalcedonensi
1475 5378 1552 5450 (l)
1580 5379 1812 5435 concilio
1844 5393 1873 5432 a
1919 5381 2126 5434 sanctis

554 5467 808 5524 Patribus
835 5469 1044 5538 integre
1090 5479 1253 5538 atque
1285 5470 1522 5540 perfecte
1550 5469 1770 5526 deﬁnita
1819 5479 1964 5535 sunt,
1998 5484 2123 5526 cre-

492 5606 496 5608 γ
555 5558 754 5624 dimus,
813 5567 905 5612 aut
951 5561 1343 5616 consentimus.
1392 5559 1579 5632 Neque
1624 5561 1766 5616 enim
1821 5560 1966 5616 aliud
2023 5579 2120 5620 nos

623 5738 702 5809 ιι)
745 5737 966 5796 Veteres
993 5739 1137 5809 libri,
1171 5757 1326 5811 quam
1351 5756 1465 5810 quia
1494 5742 1549 5796 in
1577 5741 1856 5812 Ephesino.

2235 3651 2372 3706 sime
2408 3650 2727 3719 imperator,
2773 3655 2827 3700 et
2867 3661 2990 3715 ego,
3033 3655 3088 3700 et
3113 3645 3291 3700 omnis
3317 3645 3558 3701 Ecclesia
3599 3646 3694 3700 Dei
3741 3645 3817 3700 sic

2236 3743 2499 3812 Sapintus.
2529 3747 2585 3793 et
2619 3739 2670 3792 in
2720 3752 2988 3792 consensu
3023 3747 3206 3792 nostro
3247 3745 3558 3792 sanctorum
3591 3735 3816 3792 Patrum

2236 3833 2584 3889 deﬁnitiones
2637 3830 2740 3883 ﬁde
2771 3839 2823 3884 et
2874 3828 3070 3883 devota
3120 3828 3461 3883 confessione
3510 3828 3812 3882 ﬁrmamus.

2241 3926 2314 3980 De
2342 3922 2627 3978 Timotheo
2655 3937 2785 3976 vero
2809 3921 2888 3975 sic
2918 3920 3158 3989 sapimus
3182 3938 3200 3974 :
3225 3920 3483 3990 quoniam
3512 3919 3816 3974 secundum

2237 4019 2495 4070 virtutem
2532 4028 2758 4084 precum
2802 4014 2976 4066 adhuc
3019 4014 3141 4067 vivo
3187 4011 3488 4066 exsistente
3535 4010 3813 4080 episcopo,

2236 4105 2533 4174 impudenti
2580 4103 2879 4160 intentione
2922 4104 2989 4158 ab
3019 4104 3506 4160 excommunicatis
3548 4111 3632 4159 est
3667 4103 3815 4158 ordi-

2235 4207 2396 4253 natus
2466 4205 2520 4252 et
2588 4195 3115 4251 excommunicatum
3181 4195 3548 4251 ecclesiastica
3626 4194 3811 4265 regula

2233 4306 2358 4347 eum
2419 4303 2540 4344 esse
2587 4288 2834 4343 decernit
2872 4305 2889 4343 :
2931 4301 3108 4358 neque
3159 4302 3354 4343 manus
3412 4288 3811 4359 impositionem

2235 4382 2446 4436 illorum
2506 4380 2884 4451 episcoporum
2933 4379 2986 4432 in
3021 4387 3204 4434 sancta
3251 4378 3496 4434 Ecclesia
3549 4375 3815 4448 permittit

2233 4474 2522 4543 quamdam
2564 4470 2764 4524 habere
2793 4467 3070 4534 virtutem,
3114 4467 3205 4537 qui
3242 4465 3442 4523 Christi
3487 4465 3649 4521 ﬁdem
3699 4465 3812 4518 vioo

2235 4565 2430 4627 lantes,
2463 4559 2863 4617 ordinationem
2894 4559 3206 4629 impositam
3235 4559 3455 4614 sibimet
3489 4559 3808 4613 amiserunt.

2235 4654 2390 4709 Nune
2423 4653 2590 4722 igitur
2632 4662 2828 4707 nostra;
2869 4650 3232 4706 confessionis
3273 4649 3504 4706 verbum
3548 4648 3816 4704 facientes

2235 4745 2612 4802 saluberrimis
2642 4745 2836 4800 vestris
2880 4743 3106 4798 auribus
3149 4740 3523 4807 manifestum,
3559 4738 3807 4810 deposci-

2233 4853 2357 4892 mus
2406 4836 2690 4890 Dominum
2740 4842 2987 4890 nostrum
3033 4832 3216 4888 Jesum
3245 4832 3558 4896 Christum.
3607 4840 3671 4887 ut.
3718 4845 3807 4884 ve-

2161 4951 2202 5006 Β
2233 4938 2277 4983 st
2289 4943 2403 4982 rum
2431 4927 2716 4996 imperium
2739 4926 3018 4980 catholica:
3046 4924 3166 4980 ﬁdei
3193 4924 3390 4979 robore
3416 4923 3807 4984 coufortatum,

2233 5028 2288 5075 et
2331 5021 2506 5074 crucis
2566 5020 2768 5073 virtute
2811 5018 3097 5081 munitum,
3156 5016 3226 5071 ab
3269 5016 3416 5072 omni
3465 5015 3812 5086 suspectione

2235 5111 2497 5167 bellorum
2520 5111 2789 5166 intactum
2812 5122 3029 5177 semper
3049 5109 3326 5165 custodire
3345 5109 3621 5178 dignetur.
3643 5109 3804 5178 Optao

2235 5218 2355 5257 mus
2389 5213 2621 5256 vestram
2655 5202 3106 5272 tranquillitatem
3145 5201 3328 5256 divina
3357 5196 3802 5269 Providentiam

2227 5307 2442 5360 semper
2477 5292 2822 5357 incolumem,
2851 5302 2907 5348 et
2933 5306 3194 5348 coronam
3225 5292 3445 5362 imperii
3467 5292 3636 5347 vestri
3676 5291 3802 5345 inte-

2229 5393 2488 5439 meratam
2532 5392 2585 5438 et
2629 5383 2966 5455 impollutam
2998 5385 3182 5442 multis
3213 5386 3373 5440 armis
3417 5385 3576 5441 nobis
3604 5381 3798 5440 divini»-

2232 5485 2315 5530 tas
2342 5476 2546 5530 donare
2576 5475 2850 5544 dignetur,
2884 5476 3110 5533 Domine
3152 5475 3530 5533 sacratissime
3566 5485 3625 5533 et
3653 5486 3799 5532 vene-

2237 5567 2425 5624 rabilis
2465 5568 2784 5637 imperator.

2249 5746 2327 5813 (Ξ)
2369 5744 2590 5801 Veteres
2618 5747 2735 5802 libri
2772 5757 2822 5802 et
2851 5748 2980 5803 edit.
3010 5747 3312 5817 prudentia.
