4148 6580
505 414 637 477 Ῑτῖϐτ

1636 464 1641 465 ,
1667 408 2005 472 AMMONII
2044 409 2573 474 ALEXANDRINI

3616 408 3752 475 1368

495 540 681 599 partes
704 535 761 583 et
788 525 1057 600 dignitate
1082 534 1383 595 exuuntur,
1417 523 1619 582 deinde
1648 535 1829 581 autem
1867 524 1948 579 uti
1969 525 2068 577 in-

2178 525 2236 580 ὲν
2274 526 2404 597 ἀξίᾳ
2440 502 2763 598 ἱεροπρεπεῖ
2806 525 3216 600 διχοτομοῦνται
3261 523 3481 599 πρῶτον
3524 522 3623 581 καί
3652 542 3753 595 γυ-

496 621 683 677 iideles
704 622 758 675 in
786 620 1089 692 gehennam
1123 619 1508 687 detruduntur,
1532 633 1601 675 ne
1627 618 1800 688 gratia
1833 616 2070 688 Spiritus

499 711 671 766 sancti
702 709 1032 766 contumelia
1063 708 1200 764 adici
1238 708 1490 765 videatur
1516 722 1615 780 per
1654 720 1753 763 eos
1781 707 1875 777 qui
1927 707 2072 760 dono

493 803 676 858 divino
701 802 951 874 indignos
997 817 1121 857 sese
1152 801 1538 857 eshibuerunt.
1576 797 1656 855 ita
1688 798 1855 855 etiam
1887 797 2073 852 Domi-

492 909 595 949 nus
642 893 696 947 in
726 891 1034 966 Evangeliis
1080 893 1260 948 dixit:
1292 891 1385 949 Sic
1417 892 1590 949 etiam
1620 892 1674 947 in
1708 888 2072 946 tribunalibus

491 987 786 1043 mundanis
825 986 944 1044 ﬁeri
986 986 1143 1044 solet.
1179 1017 1251 1028 —
1284 985 1655 1043 Verecundius
1684 1000 1849 1053 quam
1897 983 2073 1051 impu-

492 1076 683 1132 dentes
733 1084 790 1132 et
822 1076 1071 1133 crudeles
1114 1076 1428 1133 sacerdotes
1484 1074 1694 1129 loeutus
1727 1082 1812 1129 est
1842 1072 2067 1139 Daniell;

491 1182 616 1224 cum
645 1168 794 1224 enim
826 1167 900 1223 illi
931 1168 1195 1223 dixissent
1221 1184 1238 1223 :
1279 1184 1300 1220 ι
1328 1166 1632 1222 Coucubuit
1660 1181 1781 1221 cum
1813 1180 1901 1231 ea,
1930 1183 1949 1219 ι
1980 1166 2073 1222 hic

492 1273 605 1315 rem
637 1258 924 1330 appellavit
952 1259 1465 1325 conversationem,
1505 1272 1627 1329 qua:
1672 1272 1779 1313 vox
1807 1259 1861 1313 in
1910 1272 2073 1314 auras

490 1352 623 1407 abit.
657 1349 768 1407 lloc
800 1352 949 1407 dicto
974 1349 1502 1407 autemmendacem
1529 1359 1587 1407 et
1618 1351 1925 1407 instabilem
1947 1365 2071 1407 esse

490 1445 816 1517 iujnstorum
846 1445 1152 1500 orationem
1182 1444 1378 1500 innuit.

504 1652 511 1659 -
560 1622 728 1676 Vens.
766 1621 856 1677 55.
892 1638 912 1673 ι
959 1619 1215 1678 Mentitus
1248 1633 1328 1674 es.
1354 1636 1389 1670 τι

546 1713 851 1784 Propheta
873 1713 1092 1783 quidem
1127 1711 1279 1767 illum
1315 1710 1601 1764 mentitum
1640 1723 1766 1764 esse
1787 1707 1945 1772 dixit,
1975 1723 2065 1779 po-

498 1806 690 1877 pulum
738 1816 918 1860 autem
952 1804 1073 1858 haec
1118 1800 1410 1857 reslatuit.
1457 1800 1751 1876 Multitudo
1774 1800 1919 1854 enim
1962 1815 2066 1853 ιιοιι

489 1897 904 1967 Comprehendit
932 1894 1092 1950 citata
1121 1892 1459 1964 prophetica,
1491 1895 1808 1963 priusquam
1848 1891 2067 1946 videant
2099 1884 2140 1945 Β

493 2003 580 2045 res
601 1999 797 2044 eventu
834 1988 1252 2056 comprobatus;
1280 1992 1406 2037 tunc
1435 1996 1619 2037 autem
1656 1998 1777 2052 qua:
1808 1984 2063 2052 praedicta

492 2082 734 2147 fuerunt,
773 2083 979 2152 optime
1005 2079 1334 2149 intelligunt.
1362 2107 1435 2119 -—-
1469 2075 1637 2132 Israel
1662 2075 1929 2144 signiﬁcat
1972 2075 2069 2129 dc-
2102 2086 2110 2095 '

489 2188 608 2228 cem
639 2173 841 2236 tribus,
878 2180 1088 2241 gentem
1123 2174 1189 2223 ad
1222 2167 1581 2225 idololatriam
1617 2166 1933 2237 prodirem,
1974 2163 2071 2218 Ju-

488 2266 586 2320 das
616 2274 797 2319 autem
816 2263 995 2318 tribus
1018 2260 1172 2316 Judaa
1196 2270 1251 2316 et
1278 2260 1581 2331 Beniamin.
1608 2260 1662 2314 in
1684 2259 1885 2329 quibus
1908 2267 2069 2312 erant

490 2354 748 2422 templum
781 2361 836 2409 et
886 2352 1067 2408 cultus
1117 2350 1306 2422 legalis
1356 2365 1477 2420 qua:
1509 2346 1894 2418 praeﬁgurabat
1926 2345 2068 2401 bona

488 2444 691 2511 futura,
720 2455 774 2500 et
802 2446 997 2501 civitas
1022 2442 1091 2498 ad
1120 2443 1252 2511 legis
1276 2455 1523 2498 normam
1548 2439 1844 2496 constituta
1877 2446 1932 2494 et
1956 2437 2069 2492 vita

487 2547 657 2601 casta.
694 2545 750 2592 et
794 2552 968 2607 poenae
1024 2535 1285 2591 adversus
1337 2543 1771 2603 transgressores
1826 2539 2066 2585 statutte.

488 2627 618 2686 Inde
644 2628 906 2699 originem
933 2628 1198 2684 Susanna:
1234 2627 1474 2683 deducit.
1497 2656 1567 2668 -—
1593 2624 1666 2681 Ut
1705 2636 1883 2680 ratum
1914 2625 2070 2680 ﬁeret

490 2721 618 2777 illud
652 2722 855 2778 dictum
889 2739 905 2778 :
943 2722 1049 2789 Qui
1080 2721 1283 2791 foveam
1315 2720 1446 2790 [odit
1467 2719 1709 2789 proximo
1734 2734 1849 2781 suo,
1874 2719 1929 2773 in
1952 2734 2069 2773 eam

487 2816 1010 2888 incideL—Sempcr
1034 2816 1205 2888 igitur
1225 2817 1507 2872 advertere
1525 2816 1783 2871 debemus
1800 2816 2066 2879 animum,

490 2905 843 2973 charissinni,
891 2917 1148 2962 caventes
1210 2920 1281 2961 ne
1323 2906 1445 2976 quis
1495 2914 1715 2976 peccato
1774 2904 2070 2959 obstrictus

487 2999 685 3053 animm
722 3013 833 3053 sua
861 2997 1129 3065 iaeturam
1167 2996 1355 3063 faciat,
1384 3006 1439 3052 et
1484 3010 1779 3060 memores,
1811 2994 1980 3050 Deum
2009 3004 2070 3051 ut

483 3090 575 3159 qni
602 3098 744 3143 totus
770 3090 839 3144 sit
877 3089 1067 3145 oculus
1098 3092 1164 3144 de
1212 3090 1464 3145 omnibus
1487 3102 1610 3144 esse
1641 3089 1965 3144 sententiam
1993 3087 2071 3142 la-

489 3191 691 3235 turtttn.
726 3179 870 3235 Nihil
896 3181 1038 3235 enim
1067 3196 1254 3237 eorum
1289 3196 1408 3252 qua:
1445 3181 1496 3236 lu
1527 3180 1728 3237 mundo
1758 3180 1913 3244 ﬁunt,
1940 3195 2063 3235 eum

487 3268 638 3325 latet.
675 3270 1015 3345 Quapropter
1052 3287 1269 3344 semper
1297 3272 1481 3329 animo
1513 3273 1802 3343 vigilantes
1831 3284 1883 3328 et
1915 3285 2067 3328 caste

491 3363 734 3419 viventes
768 3362 1033 3420 Susanna:
1063 3366 1368 3437 exemplum
1401 3380 1712 3437 sequamur.
1744 3365 1870 3419 lJtut
1890 3381 1948 3420 se
1970 3366 2068 3418 ita.

487 3452 579 3507 bet
609 3453 833 3509 historia
862 3454 883 3524 (
903 3454 1039 3510 nam
1058 3457 1264 3525 tropice
1290 3460 1508 3527 quoque
1557 3456 1856 3526 Scriptura:
1903 3462 2066 3512 verba

485 3544 833 3613 interpretari
859 3545 979 3601 licet
995 3543 1322 3616 ),Clieleias'
1339 3547 1629 3618 significat,
1657 3549 1925 3602 conversio
1950 3548 2064 3613 Dei,

485 3641 577 3689 aut
606 3628 844 3688 laudatio
882 3636 1011 3703 Dei;
1048 3635 1333 3706 Susanna,
1381 3638 1572 3694 (anilia
1610 3655 1821 3705 eorum,
1865 3650 1957 3694 aut
1998 3640 2067 3693 li-

484 3724 611 3779 lium
649 3727 1038 3801 apostolicum;
1080 3726 1318 3796 Joacim,
1356 3728 1587 3785 Domini
1615 3732 1889 3786 inclinatio
1912 3773 1926 3797 ,
1975 3743 2069 3786 aut

484 3804 697 3871 Domini
722 3816 991 3880 laudatio;
1020 3818 1227 3885 Daniel,
1248 3824 1515 3892 judicium
1540 3822 1641 3878 Dei
1669 3848 1691 3890 ,η
1709 3824 1797 3878 vel
1807 3826 2065 3892 judicans

487 3907 948 3978 Deum—Quando
987 3900 1150 3981 igitur
1178 3904 1359 3968 lmtitia
1382 3916 1681 3970 animarum
1708 3918 1958 3971 virtutem
1980 3904 2064 3970 se-

486 3998 750 4053 stantium
778 3998 1053 4071 Et-t-lcsize,
1082 4018 1202 4073 quae
1226 4014 1310 4059 est
1349 4003 1519 4059 lilium
1562 4007 1935 4075 apostolicum,
1967 4005 2066 4059 llos

487 4089 627 4143 bene
660 4089 835 4157 olens,
857 4089 1152 4161 fragrantia
1178 4093 1498 4162 spiritualis,
1521 4093 1629 4147 ﬁlia
1666 4094 1921 4157 Cltelciae.
1945 4109 2066 4162 qua:

485 4177 679 4235 didicit
706 4196 736 4233 a
763 4180 879 4235 suis
915 4180 1212 4251 majoribus
1240 4184 1404 4237 vitam
1448 4183 1731 4239 instituere
1766 4185 2063 4239 secundmn

485 4272 876 4341 prophetarqu
903 4270 1274 4340 traditionem,
1303 4287 1424 4343 qua:
1444 4282 1528 4329 est
1550 4275 1836 4330 conversio
1868 4286 1923 4330 et
1945 4291 2065 4333 sors

484 4361 724 4428 Israelis,
754 4362 1104 4433 coniungitur
1136 4364 1404 4433 spirituali
1450 4364 1665 4435 Spouso
1694 4344 1936 4433 Christo,
1968 4369 2061 4439 qui

498 4467 582 4512 cst
608 4454 843 4522 loacim,
865 4454 1163 4527 spiritualis
1191 4454 1449 4512 Ecclesia:
1483 4472 1735 4527 sponsus,
1768 4459 1860 4529 qui
1894 4460 2065 4515 ﬁdeli-

2175 617 2433 688 μνοῧνται
2454 619 2551 690 τῆς
2579 620 2755 687 ἀξίας,
2788 620 2884 674 καὶ
2902 621 3026 673 τότε
3056 620 3132 683 ὡς
3155 618 3373 673 ἄπιστοι
3397 616 3545 687 ψιλοὶ
3570 634 3749 690 παρα-

2169 709 2398 764 δίδονται
2435 713 2500 782 τῇ
2529 710 2748 784 γεέννῃ,
2792 711 2881 766 ἵνα
2928 710 3005 782 μὴ
3043 710 3176 780 δοκῇ
3222 710 3256 780 ὴ
3291 707 3388 763 τοῦ
3435 706 3751 779 11νεύματος

2170 802 2334 874 χάρις
2363 803 2781 876 συνυϐρίζεσθαι
2816 804 2932 867 τοῖς
2960 801 3201 869 ἀναξίοις
3230 798 3460 864 ἑαυτοὺς
3492 800 3752 870 ποιήσασι

2170 896 2271 967 τῆς
2301 895 2396 950 τοῦ
2435 895 2571 951 Θεοῦ
2598 897 2829 969 δωρεᾶς·
2858 894 3004 950 οὕτω
3041 894 3142 949 καὶ
3178 895 3208 947 6
3232 892 3442 963 Κύριος
3474 892 3533 945 ἑν
3571 889 3754 961 Εὐαγ-

2170 987 2373 1057 γιλίοις
2400 986 2576 1043 εῐπτνο
2607 988 2753 1043 οὕτω
2794 988 2891 1043 καὶ
2931 986 3023 1040 ἰπὶ
3059 986 3168 1043 τῶν
3212 983 3512 1038 πολιτικῶν
3544 983 3754 1052 γίνεται

2170 1079 2644 1151 δικαστηρίων.-
2664 1078 2999 1150 Σιμνότερον
3018 1079 3048 1131 6
3075 1074 3276 1148 Δανιὴλ
3304 1075 3459 1129 λαλεῖ
3486 1074 3599 1129 τῶν
3628 1075 3754 1129 αισ-

2171 1172 2322 1245 χρῶν
2387 1174 2485 1228 καὶ
2539 1173 2843 1245 μιαιφόνων
2887 1169 3280 1242 πρεσϐυτέρων
3305 1185 3320 1201 ο
3372 1165 3603 1222 ἐκείνων
3644 1165 3756 1237 γὰρ

2173 1264 2437 1322 nm
2488 1262 2724 1320 ἀνέπεσε
2782 1263 2902 1334 μετ’
2957 1261 3163 1331 αὐτῆς,
3196 1250 3383 1321 ,οὗτος
3430 1255 3650 1327 ὁμιλίαν
3692 1256 3754 1311 τὺ

2174 1355 2713 1428 πρᾶγμιίὲκάλεσεν,
2738 1355 2768 1409 δ
2786 1356 2912 1407 ἐστι
2930 1352 3091 1421 λόγος
3111 1352 3197 1414 είς
3219 1350 3360 1421 ἀέρα
3378 1347 3752 1417 διαλυόμενος·

2169 1447 2329 1502 τοῦτο
2350 1448 2409 1500 δὲ
2444 1443 2599 1501 εἶπεν
2633 1444 3026 1516 ὑποσημαίνων
3056 1443 3144 1497 ὅτι
3167 1439 3369 1512 ψευδὴς
3394 1440 3492 1494 καὶ
3520 1436 3755 1493 ἀσύστα-

2170 1556 2261 1603 τος
2291 1541 2320 1593 6
2346 1537 2454 1593 τῶν
2484 1536 2822 1609 παρανόμων
2847 1535 3027 1605 λόγος.

2242 1652 2264 1684 ι
2308 1630 2600 1701 Ἐψευσαι.
2648 1648 2673 1683 s
2842 1664 2843 1667 η

2253 1723 2314 1777 '0
2346 1724 2448 1794 μὲν
2473 1712 2758 1794 προφήτης
2800 1714 2989 1782 εἶπεν,
3019 1719 3102 1773 ὅτι
3136 1714 3436 1787 ἐψεύσατοο
3471 1712 3666 1784 ἄδηλον
3694 1712 3752 1766 δὲ

2169 1810 2238 1886 ἦν
2268 1813 2429 1869 τοῦτο
2460 1814 2603 1876 τέως
2636 1816 2748 1877 τοῖς
2787 1811 2958 1875 λαοῖς·
2988 1808 3165 1871 οὕτως
3194 1807 3304 1879 γάρ
3335 1807 3474 1860 είσιν
3501 1806 3755 1873 ἄγνωστα

2172 1909 2283 1972 τοῖς
2315 1906 2535 1969 πολλοῖς
2565 1905 2637 1959 τά
2664 1902 2980 1976 προφητικὲ
3000 1944 3013 1965 ,
3038 1902 3146 1965 ἕως
3174 1901 3331 1954 ἴδωσι
3360 1899 3463 1961 τὰς
3496 1897 3753 1961 ἐκϐάσεις

2169 1999 2280 2053 τῶν
2303 1998 2646 2069 πραγμάτων
2674 1997 2723 2049 οί
2745 1995 3045 2066 ἄνθρωποι,
3071 1994 3165 2047 καὶ
3194 1993 3318 2045 τότε
3358 1990 3538 2044 νοοῦσι
3568 1989 3753 2058 σαφῶς

2170 2092 2240 2147 τὰ
2268 2090 2735 2164 προφητευθέντα.
2758 2090 2902 2143 --'0
2934 2086 3151 2159 Ἰσραὴλ
3173 2087 3308 2139 εἰσὶν
3332 2085 3388 2139 αί
3411 2083 3541 2137 δέκα
3565 2082 3752 2151 φυλαὶ,

2168 2179 2230 2233 τὸ
2260 2180 2418 2249 γένος
2444 2178 2507 2232 τὸ
2531 2177 2808 2233 εὐόλισθον
2835 2178 2913 2241 εἰς
2944 2173 3392 2243 είδωλολατρείαν
3410 2188 3425 2205 ⁸
3470 2171 3671 2235 Ἰούδας
3697 2172 3754 2226 δὲ

2169 2271 2203 2341 ἠ
2233 2269 2374 2341 φυλὴ
2414 2268 2583 2323 ’ἰούδα
2606 2268 2704 2322 καὶ
2724 2267 3007 2337 Βενιαμὶν,
3038 2266 3174 2319 ὅπου
3200 2265 3228 2318 6
3248 2262 3374 2326 ναὸς
3398 2263 3493 2315 καὶ
3523 2262 3578 2315 αἱ
3612 2259 3755 2315 κατὰ

2169 2360 2336 2433 νόμον
2357 2360 2605 2432 λατρεῖαι
2629 2359 2789 2413 σκιὰν
2810 2359 3029 2429 ἔχουσαι
3054 2356 3160 2409 τῶν
3183 2354 3485 2426 μελλόντων
3507 2352 3751 2421 ἀγαθῶν,

2168 2452 2264 2507 καὶ
2288 2449 2516 2524 εὖνομος
2535 2450 2804 2515 πολιτεία,
2832 2450 2925 2503 καὶ
2950 2451 2978 2502 6
2995 2445 3228 2518 σώφρων
3254 2445 3391 2516 βίος,
3421 2445 3517 2498 καὶ
3538 2445 3593 2498 αἱ
3614 2444 3755 2513 κατὰ

2168 2543 2277 2599 τῶν
2305 2543 2642 2616 παραϐατῶν
2667 2541 2958 2615 τιμωρίαι,
2987 2539 3047 2605 te
3074 2533 3149 2594 ὧν
3176 2537 3494 2607 γενεαλογεῖ
3511 2536 3610 2608 τὴν
3632 2537 3751 2590 Σω-

2171 2633 2391 2688 σάνναν.
2414 2664 2481 2674 —
2514 2633 2634 2687 Ἵνα
2657 2631 2921 2704 πληρωθῇ
2946 2630 3009 2683 τὺ
3030 2628 3344 2702 εἰρημένον,
3381 2626 3445 2681 '0
3469 2628 3755 2695 ὀρύσσων

2163 2723 2394 2791 ,ϐόθρον
2417 2720 2499 2788 τῷ
2525 2721 2798 2790 πλησίον
2825 2719 3034 2782 αὐτοῦ,
3058 2721 3145 2784 εις
3172 2716 3360 2772 αὑτὸν
3379 2714 3748 2785 ἐμπεσεῖται.

2167 2843 2239 2859 ——
2266 2814 2565 2886 Προσέχειν
2601 2807 2696 2866 οὖν
2731 2810 3025 2881 ὀφείλομεν
3058 2809 3228 2862 πᾶσιν
3252 2849 3268 2874 ,
3297 2806 3605 2877 ἀγαπητοὶ,
3650 2821 3751 2875 φο-

2171 2904 2428 2976 ϐούμενοι
2480 2904 2554 2976 μή
2591 2919 2679 2967 τις
2711 2901 2768 2955 ἔν
2799 2917 2906 2955 τινι
2954 2898 3367 2971 παραπτώματι
3419 2895 3746 2966 κρατηθεὶς,

2169 2994 2332 3059 αὐτὸς
2364 2994 2463 3065 τῆς
2492 2990 2659 3048 αὑτοῦ
2690 2992 2866 3064 ψυχῆς
2897 2990 3080 3062 ἔνοχος
3106 2989 3357 3060 γένηταιο
3388 2986 3749 3057 γινώσκοντες

2168 3088 2249 3141 δτι
2297 3086 2511 3150 ἔκδικος
2544 3087 2572 3139 6
2606 3084 2737 3149 Θεὸς
2776 3083 2908 3156 περ)⁴
2935 3083 3156 3138 πάντων
3182 3079 3428 3151 γίνεται,
3477 3075 3642 3140 αὐτὸς
3673 3075 3749 3130 ὣν

2138 3179 2290 3245 ,δλος
2329 3177 2629 3248 ὀφθαλμός.
2668 3174 2938 3231 Λανθάνει
2979 3175 3037 3229 δὲ
3074 3173 3266 3228 τοῦτον
3307 3170 3419 3228 τῶν
3461 3172 3521 3224 ἐν
3554 3169 3748 3240 κόσμῳ

2172 3260 2558 3342 πραττομένων
2589 3268 2746 3324 οὐδέν
2765 3284 2780 3300 ο
2807 3268 2891 3323 διδ
2921 3267 3011 3322 ἀεὶ
3054 3268 3349 3339 ἐγρήγοροι
3378 3265 3628 3337 καρδίαις
3653 3263 3749 3318 καὶ

2171 3363 2463 3435 σωφρόνως
2494 3361 2741 3433 βιοῦντες
2770 3362 2872 3430 τὴν
2902 3358 3193 3414 Σωσάνναν
3226 3356 3617 3430 μιμησὼμεθα.

2238 3456 2393 3527 Ἔχει
2424 3455 2523 3525 μὲν
2543 3454 2619 3519 ὡς
2645 3453 2759 3525 ἔχει
2785 3452 2853 3506 τὰ
2881 3455 2982 3523 τῆς
3012 3452 3254 3523 ἱστορίας
3277 3466 3293 3482 ·
3326 3450 3551 3504 δυνατὸν
3570 3448 3627 3502 δὲ
3650 3448 3749 3502 καὶ

2165 3545 2642 3617 τροπολογηθῆναι
2696 3544 2801 3615 τὴν
2864 3542 3161 3612 διασκευὴν
3224 3540 3322 3595 τοῦ
3378 3541 3707 3612 γράμματος
3729 3553 3745 3570 ο

2166 3638 2532 3710 ἑρμηνεύεται
2564 3632 2660 3692 οὖν
2690 3634 2925 3699 Χελκίας
2962 3633 3299 3703 διαστροφὴ
3333 3633 3504 3695 Θεοῦ,
3530 3633 3562 3704 ἢ
3586 3632 3749 3685 αἴνε-

2165 3742 2266 3800 σις
2291 3733 2459 3788 Θεοῦ·
2484 3731 2764 3794 Σωσάννα,
2790 3729 2941 3798 χαρὰ
2956 3728 3178 3793 αὐτῶν,
3264 3727 3472 3796 κρίνον
3491 3727 3750 3780 ἀποστο-

2164 3827 2360 3881 λικόν·
2400 3822 2658 3894 Ἰωακεὶμ
2688 3821 2910 3890 Κυρίου
2937 3818 3317 3890 ἐτοιμασμός,
3404 3804 3623 3885 Κυρίου
3652 3815 3746 3869 αἷ-

2164 3932 2354 3986 νεσιςο
2370 3917 2567 3990 Δανιὴλ
2587 3917 2785 3987 κρίσις
2803 3915 2974 3973 Θεοῦ.
2992 3916 3026 3986 ἥ
3043 3913 3264 3984 κρίνων
3285 3910 3446 3978 Θεός.
3471 3912 3638 3965 Ὅταν
3654 3905 3749 3963 οὖν

2166 4011 2199 4077 ἡ
2235 4008 2382 4079 χαρὰ
2409 4007 2520 4061 τῶν
2545 4006 2822 4078 ὲναρέτων
2845 4005 3035 4076 ψυχῶν
3064 4005 3164 4074 τῆς
3206 4001 3535 4073 Ἐκκλησίας
3565 4001 3600 4071 ἦ
3631 4003 3747 4053 ἐστι

2164 4103 2225 4155 τὸ
2250 4100 2433 4170 κρίνον
2459 4099 2518 4153 τὸ
2546 4097 2931 4163 ἁποστολικὸν,
2961 4097 3025 4150 τὸ
3054 4094 3257 4159 εὐῶδες
3293 4093 3474 4157 ἄνθος,
3512 4094 3547 4162 ἠ
3580 4110 3749 4146 πνευ-

2169 4192 2372 4265 ματικὴ
2405 4191 2643 4257 εὐωδία,
2683 4192 2718 4262 ἡ
2761 4189 3013 4263 Θυγάτηρ
3055 4187 3150 4243 τοῦ
3194 4187 3450 4253 Χελκίου,
3499 4184 3746 4255 μαθοῦσα

2166 4286 2319 4358 παρὰ
2344 4286 2454 4339 τῶν
2490 4286 2637 4340 ἰδίων
2663 4285 2916 4355 πατέρων
2944 4280 3322 4337 πολιτεύεσθαι
3346 4280 3490 4335 κατὰ
3516 4277 3614 4350 τὴν
3636 4276 3747 4331 τῶν

2166 4378 2465 4451 προφητῶν
2494 4376 2820 4449 παράδοσιν,
2848 4378 2987 4449 δπερ
3012 4376 3135 4429 ἐστὶ
3174 4373 3383 4446 στροφὴ
3416 4373 3510 4425 καὶ
3543 4371 3746 4441 κλῆρος

2164 4473 2259 4526 τοῦ
2300 4470 2535 4543 Ἰσραὴλ,
2576 4469 2822 4541 συναφθῇ
2852 4468 2931 4539 τῷ
2966 4464 3321 4537 πνευματικῷ
3359 4462 3578 4534 νυμφίῳ
3608 4462 3745 4532 Χρι-

490 4550 593 4605 bus
619 4549 785 4603 futuri
816 4547 998 4603 saeculi
1024 4546 1164 4603 bona
1187 4549 1530 4619 praeparavit,
1556 4563 1778 4618 regnum
1801 4550 2061 4605 caelorum

2170 4563 2302 4633 στῷ,
2332 4564 2360 4617 ’ὁ
2396 4565 2544 4616 ἐστιν
2585 4560 2863 4631 Ἰωακεὶμ,
2894 4561 2923 4613 6
2962 4556 3335 4629 πνευματικὸς
3365 4554 3464 4626 τῆς
3518 4553 3746 4621 Ἐκκλη-

490 4640 869 4705 annnntiavit,
897 4651 954 4695 et
994 4640 1231 4710 Spiritus
1277 4643 1451 4696 sancti
1502 4642 1792 4712 participes
1829 4645 2060 4699 reddidit

488 4732 703 4799 ﬁdeles,
754 4734 1053 4789 laudandus
1107 4733 1158 4787 in
1194 4731 1389 4788 szecula
1415 4773 1433 4799 ,
1461 4749 1617 4790 amen
1650 4752 1666 4790 :
1702 4744 1828 4789 tunc
1873 4750 2065 4805 aggre-

484 4829 706 4885 diuntur
725 4846 845 4886 eam
877 4826 1108 4901 improbi
1149 4817 1586 4903 ptent‘s'jnatces,
1630 4842 1685 4887 et
1713 4844 1758 4889 st
1789 4846 1912 4905 ejus
1942 4834 2064 4889 ani-

487 4934 629 4974 mam
671 4936 767 4991 per
804 4934 969 4992 prava
1027 4924 1281 4995 dogmata
1330 4937 1682 4995 corrumpere
1726 4933 1780 4980 et
1831 4940 2063 4980 enecare

486 5024 764 5086 nequeunt
789 5017 939 5087 (hinc
977 5018 1124 5074 enim
1159 5028 1242 5075 est
1275 5034 1421 5075 mors
1450 5020 1680 5092 animat)
1700 5063 1715 5087 ,
1743 5030 1874 5079 tunc
1901 5022 2065 5078 stulto

486 5106 818 5173 acjudicare
862 5109 1047 5163 nescio
1088 5112 1283 5179 populo
1326 5113 1543 5166 tradunt
1588 5129 1785 5184 corpus
1820 5115 1886 5167 ad
1936 5130 2060 5180 sup-

488 5197 735 5269 plicium.
754 5198 811 5254 Si
834 5200 973 5254 Deus
990 5204 1275 5269 permittit,
1300 5214 1357 5258 ut
1382 5222 1577 5275 sponsa
1599 5216 1823 5261 mortem
1850 5207 2063 5269 subeat,

489 5289 737 5361 martyrii
763 5304 964 5349 corona
993 5304 1114 5348 cam
1156 5304 1353 5363 ornat;
1385 5297 1431 5352 si
1464 5312 1589 5351 vero
1622 5312 1652 5351 e
1684 5298 1938 5352 manibus
1972 5297 2065 5351 ini-

492 5381 761 5463 micorum
791 5384 974 5453 cripit,
1006 5400 1171 5456 prope
1210 5403 1268 5443 se
1297 5391 1465 5456 ipsum
1499 5389 1726 5443 collocat
1755 5405 1874 5444 eam
1908 5400 1956 5445 et
1988 5393 2065 5445 sit:

489 5475 693 5530 honore
710 5476 892 5533 allicit.
914 5474 991 5534 Illi
1012 5488 1191 5533 autem
1209 5481 1534 5535 meditantur
1551 5481 1710 5533 etiam
1741 5481 1946 5552 justum
1974 5485 2061 5539 Dei

482 5566 746 5635 judicium
770 5613 785 5637 ,
812 5571 955 5642 quod
987 5572 1113 5627 fecit
1140 5572 1357 5638 Daniel,
1385 5573 1539 5641 cujus
1563 5591 1754 5629 nomen
1786 5577 2059 5645 signiﬁcat

489 5658 745 5723 iudicium
776 5662 891 5719 Dei.
960 5663 1267 5735 Presbyteri
1299 5672 1479 5721 autem
1510 5668 1727 5725 nomine
1760 5678 1972 5734 carent,
2008 5681 2065 5725 ut

489 5750 639 5808 dites
676 5754 725 5807 in
759 5752 915 5808 Luca
969 5753 1301 5825 Evangelia,
1344 5753 1433 5825 qui
1476 5753 1741 5812 Lazarum
1786 5759 2062 5816 ulceribus

490 5843 1253 5903 obtutum.commiseratione
1287 5861 1390 5901 nm:
1423 5846 1674 5919 dignatus
1706 5861 1808 5905 cst.

1235 5950 1364 5960 ..-ρ

2171 4655 2293 4719 σίας
2327 4655 2586 4725 νυμφίος,
2620 4654 2649 4706 6
2676 4653 2976 4724 ἑτοιμάσας
3010 4651 3079 4705 τά
3107 4651 3201 4704 τοῦ
3235 4648 3519 4721 μέλλοντος
3550 4645 3747 4708 αίῶνος

2170 4747 2351 4816 ἀγαθὰ
2374 4748 2487 4810 τοῖς
2511 4747 2741 4809 πιστοῖς,
2772 4745 2866 4799 καὶ
2896 4742 3143 4814 κηρύξας
3171 4739 3450 4812 βασιλείαν
3477 4736 3746 4808 οὐρανῶν,

2170 4840 2266 4894 καὶ
2286 4839 2426 4894 Πνεὺ
2436 4856 2604 4910 ματος
2625 4837 2784 4907 άγίου
2807 4837 3040 4906 ποιήσας
3061 4831 3314 4902 γενέσθαι
3340 4829 3603 4903 μετόχους
3626 4827 3751 4889 τοὺς

2172 4935 2417 5000 πιστοὺς,
2451 4933 2482 4985 6
2517 4931 2594 4987 ῶν
2630 4929 2840 4993 αίνετδς
2869 4929 2951 4992 εἰς
2973 4927 3099 4991 τοὺς
3118 4926 3342 4989 αἰῶνας.
3377 4924 3553 4996 ’Δμήν
3574 4938 3586 4952 ’
3628 4920 3750 4974 τότε

2170 5026 2492 5096 ἐπέρχονται
2513 5025 2650 5096 αὐτῇ
2683 5024 2745 5077 oi
2772 5021 3080 5091 παράνομοι
3122 5018 3219 5072 τοῦ
3248 5016 3379 5071 λαοῦ
3411 5013 3619 5087 κριταὶ,
3657 5013 3753 5066 καὶ

2170 5119 2265 5171 ἐὰν
2295 5117 2368 5188 μὴ
2394 5117 2665 5189 δυνηθῶσι
2686 5116 2996 5185 διαφθεῖραι
3024 5111 3193 5182 αὐτῆς
3222 5110 3323 5181 τήν
3346 5107 3529 5179 ψυχὴν
3551 5108 3611 5160 ὲν
3637 5108 3751 5169 τοῖς

2169 5209 2639 5282 άπηγορευμένοις
2656 5209 2887 5279 δόγμασι
2923 5208 3017 5262 καὶ
3043 5204 3353 5259 θανατῶσαι
3381 5202 3549 5271 αὐτὴν
3573 5201 3755 5270 (τοῦτο

2170 5300 2279 5371 γὰρ
2309 5300 2487 5372 ψυχῆς
2516 5300 2765 5369 θάνατος)
2790 5341 2806 5366 ,
2836 5299 2959 5354 τότε
2993 5299 3056 5350 τὸ
3091 5297 3252 5367 σῶμα
3283 5294 3639 5366 παραδιδόασι
3672 5290 3753 5361 τῷ

2170 5393 2349 5464 ἀλόγῳ
2378 5393 2471 5446 καὶ
2498 5391 2794 5464 ἀδιακρίτῳ
2826 5390 3021 5464 πλήθει
3048 5390 3128 5454 εἰς
3157 5389 3372 5459 σφαγήν
3391 5403 3405 5418 ο
3447 5386 3541 5440 καὶ
3572 5387 3620 5437 εἰ
3654 5384 3752 5454 μὲν

2174 5486 2451 5559 συγχωρεῖ
2494 5485 2523 5537 ὁ
2572 5483 2705 5548 Θεὸς
2743 5482 2934 5537 παθεῖν
2980 5482 3079 5554 τὴν
3113 5480 3365 5551 νύμφην,
3410 5476 3753 5546 περιτίθησιν

2172 5576 2307 5648 αὐτῇ
2334 5576 2423 5631 τδν
2450 5578 2544 5631 τοῦ
2578 5576 2881 5650 μαρτυρίου
2912 5576 3197 5645 στέφανον⁸
3231 5576 3279 5627 εἰ
3308 5570 3366 5626 δὲ
3397 5571 3493 5625 καλ⁵
3526 5568 3752 5640 ῥύσεται

2172 5670 2340 5739 αὐτὴν
2370 5672 2434 5723 ὲκ
2464 5671 2646 5743 χειρὸς
2675 5671 2906 5744 ἐχθρῶν,
2939 5670 3033 5725 καὶ
3057 5669 3221 5723 πάλιν
3249 5667 3386 5738 τιμᾷ
3416 5662 3584 5731 αὐτὴν
3612 5660 3753 5733 ἔχων

2173 5763 2399 5833 πλησίον
2441 5762 2627 5820 αὐτοῦ·
2666 5760 2714 5816 οἱ
2751 5763 2807 5817 δὲ
2837 5760 3281 5817 ὲπιϐουλεύονται
3311 5759 3405 5815 καὶ
3431 5757 3521 5812 διὰ
3544 5756 3644 5828 τῆς
3673 5755 3751 5808 δι·

2178 5856 2337 5921 mia;
2374 5855 2465 5910 τοῦ
2497 5856 2631 5911 Θεοῦ
2666 5857 2931 5929 κρίσεως,
2968 5856 3104 5928 ὅπερ
3140 5854 3444 5928 πεποίηκεν
3478 5854 3504 5906 6
3535 5845 3751 5920 Δανιὴλ,
