4148 6586
352 490 488 558 1369

1468 491 1938 555 FRAGMENTA
1976 476 2058 553 IN
2096 493 2515 557 DANIELEM.

3459 452 3615 554 61370

341 603 403 667 ὃς
425 598 790 673 ιρμηνεύεται
813 602 1012 670 κρίσις
1035 600 1204 656 Θεσῦο
1229 601 1277 656 oi
1306 601 1363 655 δὲ
1389 601 1752 675 πρεσϐύτεροι
1808 596 2084 670 ἀνώνυμοί
2136 600 2294 667 εἰσιν,
2330 601 2405 666 ὡς
2437 603 2467 656 6
2492 600 2749 667 πλούσιος
2790 603 2819 655 6
2864 603 3014 675 παρᾶ
3053 600 3130 674 τῷ
3183 603 3389 674 Λουκᾷ,
3441 601 3472 656 6
3524 602 3614 657 τὸν

345 694 657 768 ἡλκωμένον
684 692 932 764 Λάζαρον
961 694 1039 767 μὴ
1069 694 1425 766 κατελεήσας.

943 790 1201 845 ΚΕΦΑΛ.
1241 791 1320 846 A'.

420 901 439 935 ι
476 884 676 956 Δανιὴλ
702 884 933 957 συνῆκεν
963 884 1021 937 ὲν
1050 883 1199 957 πάσῃ
1228 884 1416 956 ὁράσει
1442 883 1539 938 καὶ
1574 881 1865 947 ἐνυπνίοις.
1900 897 1921 933 ι

417 1057 897 1127 Προαναςρωνεῖται
941 1057 1320 1129 ἀποκαλύψεις
1366 1059 1468 1124 τὰς
1517 1059 1671 1120 θείας
1724 1057 1821 1113 καὶ
1854 1057 1925 1114 τά

314 1147 577 1202 οὲνύπνια
611 1149 647 1203 ἃ
685 1146 795 1204 εἶδε
823 1151 920 1205 καὶ
963 1149 1322 1223 ἀπεγράψατο
1360 1152 1439 1216 ὡς
1482 1153 1791 1223 προφήτης*
1828 1151 1927 1206 καί¹

348 1241 425 1311 μὴ
450 1240 688 1312 κρύπτει
714 1241 784 1296 τὰ
818 1243 940 1297 θεῖα
980 1243 1329 1316 χαρίσματα,
1361 1243 1504 1298 κατὰ
1543 1242 1637 1297 τὸν
1666 1242 1923 1314 καταχώ-

348 1347 520 1389 σαντα
543 1333 606 1388 τδ
634 1333 955 1389 δεσποτικὸν
984 1335 1269 1391 τάλαντον.

421 1440 442 1475 ι
493 1422 762 1491 Ἐγένετο,
785 1439 843 1479 κ.
871 1412 1005 1479 1.1.
1054 1442 1074 1475 ι

424 1502 706 1568 Ἐντεῦθεν
753 1515 905 1586 δηλοῖ
946 1516 1030 1570 ὅτι
1061 1516 1194 1588 περὶ
1230 1514 1480 1579 τὸτέλος
1519 1514 1613 1570 τοῦ
1645 1514 1774 1570 ἰδίου
1804 1514 1922 1588 βίου

342 1607 685 1679 συνέγραψεν
729 1609 758 1662 6
804 1608 1005 1681 Δανιὴλ
1049 1609 1150 1681 τὴν
1194 1609 1545 1682 προφητικὴν
1582 1607 1791 1681 ταύτην
1828 1608 1923 1663 καὶ

338 1697 620 1770 ἱστορικὴν
659 1697 861 1769 βίϐλον.

936 1790 1192 1848 ΚΕΦΑΛ.
1239 1792 1318 1848 B'.

414 1896 438 1932 ε
482 1878 610 1933 Ἐάν
645 1882 719 1952 μὴ
751 1883 1060 1955 γνωρίσητε
1102 1902 1212 1953 μοι.
1256 1903 1275 1937 ι

402 1972 623 2044 Φυσικῷ
686 1973 933 2047 λογισμῷ
986 1972 1109 2031 εἷπε
1159 1977 1356 2041 τοῦτο,
1411 1978 1462 2033 εί
1512 1978 1608 2034 καὶ
1651 1978 1805 2050 παρὰ
1855 1977 1916 2031 τὸ

336 2064 586 2137 σύνηθες·
630 2067 716 2120 ὅτι
750 2069 781 2121 6
828 2068 903 2140 μὴ
932 2068 1235 2139 δυνάμενος
1272 2071 1473 2124 είδέναι
1498 2112 1511 2135 ,
1542 2073 1596 2125 τί
1637 2067 1749 2125 εἶδε
1794 2070 1915 2124 κατ’

1957 792 2004 850 Δ
2555 788 2786 849 CAPUT
2840 790 3136 847 PRIMUM.

2099 885 2265 941 Vens.
2304 885 2391 942 l7.
2436 905 2456 938 ι
2494 884 2681 942 Daniel
2718 894 2896 940 autem
2922 884 3190 941 intellexit
3224 899 3413 941 omnes
3446 884 3611 941 visio-

2028 991 2128 1033 nes
2150 988 2205 1034 et
2234 978 2466 1034 somnia.
2503 995 2523 1029 ι
3570 974 3575 977 ’

2098 1068 2363 1126 Enuutiat
2388 1069 2749 1127 revelationes
2773 1069 2986 1127 divinas
3020 1077 3077 1126 et
3105 1067 3315 1125 somnia
3336 1082 3457 1139 quae
3481 1068 3613 1122 vidit

2027 1166 2083 1214 et
2135 1158 2332 1215 litteris
2381 1159 2665 1215 mandavit
2715 1171 2775 1216 ut
2826 1160 3109 1232 propheta,
3150 1174 3328 1229 neque
3375 1159 3612 1214 occultat

2027 1249 2225 1307 divina:
2258 1251 2447 1321 gratia:
2466 1267 2717 1319 munera,
2754 1253 2897 1322 quod
2932 1247 3072 1308 fecit‘
3099 1251 3188 1306 ille
3216 1251 3308 1322 qui
3345 1251 3607 1305 talentum

2026 1342 2229 1397 domini
2256 1342 2339 1398 sui
2374 1343 2428 1399 in
2458 1353 2604 1400 terra
2639 1342 3004 1401 abscondidit.

2094 1430 2269 1488 Vens.
2298 1434 2391 1489 2i.
2416 1453 2457 1493 ι]
2489 1434 2636 1501 Fuit,
2668 1455 2686 1485 ι
2723 1444 2831 1491 etc.

2096 1523 2196 1581 llic
2238 1527 2475 1583 ostendit
2508 1527 2719 1593 Daniel,
2762 1544 2823 1583 se
2850 1527 2996 1583 hunc
3030 1526 3401 1598 propheticum
3445 1535 3609 1596 atque

2024 1616 2346 1673 historicum
2386 1617 2584 1675 librum
2626 1620 2728 1675 sol)
2759 1620 2918 1676 linem
2944 1621 3067 1675 vita:
3090 1617 3496 1690 conscripsisse.

2687 1798 2839 1855 CAP.
2877 1798 2942 1855 ll.

2097 1889 2262 1946 Ynns.
2301 1889 2354 1945 5.
2410 1908 2428 1943 ι
2464 1888 2575 1945 Nisi
2615 1891 2987 1946 indicaveritis
3018 1891 3170 1945 mihi.
3208 1910 3227 1943 ι

2081 1980 2234 2038 Justa
2283 1983 2655 2045 conclusione,
2706 1984 2955 2053 quamvis
3006 1992 3203 2051 praeter
3249 1983 3596 2039 consuetudi-

2020 2090 2169 2138 nem,
2211 2074 2349 2129 dixit
2390 2090 2514 2129 eum
2546 2074 2637 2143 qui
2685 2074 2892 2131 nesciat
2929 2074 3054 2142 quid
3087 2072 3284 2128 viderit
3329 2088 3425 2142 per
3454 2088 3601 2127 som-

331 2157 487 2227 ὄναρ,
510 2158 633 2212 οὕτε
664 2160 760 2213 ἐὰν
797 2160 1005 2233 ἀκούσῃ
1034 2161 1096 2214 τὸ
1133 2162 1269 2234 ὄναρ
1294 2163 1519 2217 δύναται
1550 2162 1684 2217 αὐτὸ
1727 2162 1902 2218 λῦσαι.

2024 2166 2192 2228 nium,
2229 2180 2405 2235 neque
2429 2165 2640 2222 solvere
2680 2181 2859 2233 posse,
2901 2164 2945 2222 si
2976 2165 3057 2219 vel
3106 2165 3376 2220 somnium
3414 2165 3604 2218 mulie-

346 2249 476 2305 ’ἰδοῦ
504 2252 612 2323 γὰρ
653 2253 713 2306 εν
735 2255 799 2325 τῇ
838 2254 1064 2325 πέμπτῃ
1093 2255 1286 2325 ὁράσει
1316 2251 1470 2308 εἷπεν
1500 2256 1685 2318 αὐτοῖς
1729 2260 1793 2308 τὸ
1830 2255 1919 2310 ὲν-

331 2342 522 2397 ύπνιον
549 2344 642 2398 τοῦ
662 2345 903 2417 δένδρου,
952 2348 1049 2400 καὶ
1074 2347 1173 2400 οὐκ
1197 2347 1532 2419 ἐδυνήθησαν
1576 2345 1709 2402 αὐτὸ
1736 2346 1916 2402 λῦσαι.

408 2456 428 2489 ι
460 2437 571 2490 Καὶ
595 2437 867 2505 λέγουσιν,
897 2439 1012 2494 Οὐκ
1055 2438 1205 2493 ἔστιν
1227 2440 1532 2511 ἄνθρωπος.
1573 2459 1593 2493 ι

401 2528 566 2583 Ὅσον
596 2530 702 2584 ἀπὸ
735 2530 829 2584 τοῦ
870 2531 1165 2602 προχείρου
1212 2533 1515 2602 ἐψεύσαντο
1550 2535 1600 2586 οἱ
1642 2532 1808 2604 μάγοι
1831 2548 1847 2565 ⁶
1886 2534 1915 2587 6

324 2622 438 2694 γὰρ
459 2621 659 2695 Δανιὴλ
690 2621 980 2693 ἄνθρωπος
1011 2624 1106 2678 καὶ
1130 2625 1221 2677 ἐπὶ
1245 2624 1347 2693 γῆς
1374 2623 1450 2677 ὣν
1489 2623 1631 2693 ἔγνω
1660 2623 1839 2689 τοῦτο,
1863 2625 1913 2678 εί

318 2716 421 2770 καὶ
442 2715 595 2785 παρὰ
621 2715 717 2770 τοῦ
747 2715 884 2769 Θεοῦ
917 2715 1276 2787 ἀπεκαλύφθη
1313 2716 1482 2785 αὐτῷ.

406 2827 425 2861 ι
470 2808 584 2871 Πᾶς
620 2806 874 2879 βασιλεὺς
922 2808 1019 2863 καὶ
1055 2807 1243 2881 ἄρχων
1292 2808 1355 2863 τὸ
1408 2809 1565 2879 ῥῆμα
1610 2805 1771 2861 τοῦτο
1809 2807 1912 2862 ούκ

323 2903 597 2974 ιπερωτᾷ.
642 2920 662 2955 ι
1156 2912 1159 2915 ’

398 2997 571 3049 Ὅπου
598 2993 741 3049 εἰσὶν
776 2995 825 3048 οί
862 2992 1104 3064 βασιλεῖς
1126 2992 1223 3046 καὶ
1246 2993 1301 3047 οἱ
1329 2991 1595 3064 ἄρχοντες
1616 3032 1631 3056 ,
1676 2992 1908 3062 εὐνομία

323 3086 475 3140 ἐστίν
494 3100 509 3117 ο
535 3087 671 3140 ὅπου
702 3084 978 3156 τύραννοι,
1010 3082 1100 3154 βία
1125 3085 1323 3155 κρατεῖ
1349 3084 1445 3138 καὶ
1472 3082 1535 3137 τὺ
1561 3083 1766 3136 ἄδικον·
1811 3082 1907 3136 καὶ

323 3179 383 3232 οὔ
427 3176 510 3231 δεῖ
551 3176 612 3231 σὲ
662 3175 891 3247 βασιλέα
942 3174 1074 3230 ὄντα
1116 3175 1210 3229 τὸν
1253 3173 1443 3229 άδικον
1482 3172 1677 3228 τοῦτον
1728 3173 1906 3227 εἰπεῖν

296 3308 299 3311 ι
318 3271 509 3340 λόγον·

400 3388 419 3418 ε
467 3358 769 3431 Ἐπαοιδδν,
801 3363 999 3435 μάγον.
1033 3364 1129 3417 καὶ
1156 3363 1445 3417 Χαλδαῖον.
1488 3381 1508 3414 ι

2025 2257 2113 2313 rit.
2173 2258 2311 2313 Ecce
2373 2258 2519 2312 enim
2576 2258 2628 2313 in
2689 2258 2877 2327 quinta
2926 2258 3134 2313 visione
3193 2257 3274 2313 eis
3330 2257 3597 2312 somnium

2022 2349 2329 2415 enarravit;
2362 2362 2461 2403 nec
2491 2356 2715 2417 potuere
2748 2348 2875 2403 illud
2902 2351 3195 2419 explicare.

2085 2439 2248 2493 Vens.
2286 2438 2372 2494 li).
2419 2457 2438 2490 ι
2473 2439 2534 2493 Et
2563 2438 2751 2494 dicunt
2784 2456 2799 2494 :
2836 2437 2952 2493 Non
2986 2449 3067 2493 est
3100 2441 3281 2494 homo.
3314 2457 3333 2490 ι

2092 2528 2306 2584 Mentiri
2340 2530 2510 2600 magis
2538 2529 2591 2583 in
2627 2539 2882 2598 promptu
2911 2540 3051 2584 erat.
3086 2529 3276 2585 Daniel
3310 2529 3476 2595 enim,
3509 2541 3595 2598 qn.

2017 2629 2072 2677 et
2108 2623 2267 2677 homo
2300 2631 2355 2677 et
2397 2622 2450 2676 in
2482 2630 2625 2676 terra
2673 2630 2814 2688 erat,
2849 2621 2954 2678 hoc
3004 2622 3175 2689 novit,
3211 2622 3460 2693 quamvis
3487 2623 3536 2678 ei
3570 2638 3600 2677 a

2018 2716 2128 2771 Deo
2157 2714 2451 2769 revelatum
2479 2713 2666 2771 fuerit.

2091 2826 2112 2861 ι
2163 2806 2353 2864 Nullus
2413 2824 2507 2864 rex
2575 2807 2659 2863 vel
2717 2807 2975 2878 princeps
3040 2807 3107 2863 de
3172 2806 3481 2879 huiusmodi
3542 2821 3600 2864 re

2013 2900 2228 2968 quarrit.
2276 2918 2294 2953 ι
3556 2960 3559 2965 .

2085 2993 2188 3049 Ubi
2230 3009 2385 3065 reges
2421 3001 2548 3049 sunt
2592 3002 2647 3048 et
2689 2992 2987 3064 principes,
3024 2992 3168 3061 leges
3210 2991 3348 3047 bene
3388 2992 3597 3047 consti-

2012 3093 2142 3141 tutae
2202 3084 2433 3152 ﬂorent;
2487 3085 2579 3141 ubi
2631 3086 2865 3158 tyranni,
2914 3085 3170 3140 violentia
3222 3095 3277 3141 et
3331 3084 3593 3156 iniustitia

2010 3179 2376 3235 dominantur.
2403 3177 2581 3245 Quare
2607 3188 2684 3244 tu,
2724 3190 2865 3234 cum'
2891 3194 2984 3233 rex
3014 3179 3111 3244 sis,
3153 3192 3257 3232 non
3289 3177 3450 3233 debes
3479 3189 3586 3233 tam

2011 3270 2208 3340 injuste
2237 3284 2501 3339 qnzerere.

2084 3380 2103 3414 ε
2142 3361 2557 3429 lncantatorem,
2590 3376 2828 3432 magum,
2865 3370 2919 3414 et
2951 3359 3283 3416 Chaldaeum.
3314 3379 3334 3414 ι

408 3457 689 3521 Ἐπαοιδός
723 3458 871 3510 ἔστιν
895 3458 923 3510 6
945 3456 1034 3509 διὰ
1053 3454 1400 3526 ψιθυρισμῶν
1429 3453 1606 3523 λέγων
1633 3451 1757 3506 τινὰ
1781 3460 1902 3507 ποι-

2078 3452 2394 3510 lncantator
2434 3464 2525 3509 est
2568 3454 2658 3525 qui
2699 3469 2797 3523 per
2846 3452 3212 3509 sibilationem
3270 3455 3472 3525 aliquid
3521 3471 3582 3512 sc

323 3552 425 3612 εἶν,
466 3545 571 3602 οἷοί
602 3550 739 3602 εἰσιν
767 3547 818 3600 οἱ
858 3546 971 3599 τῶν
1004 3545 1184 3617 ὄφεων
1208 3545 1496 3599 ὲπαοιδοίθ
1542 3544 1706 3613 μάγοι
1739 3544 1788 3596 oi
1815 3541 1902 3596 διὰ

2007 3548 2278 3602 facturum
2309 3545 2619 3616 proﬁtetur,
2655 3545 2845 3617 quales
2876 3556 3005 3600 sunt
3036 3546 3371 3614 serpentium
3403 3547 3589 3601 incan-

323 3640 605 3711 σοφισμῶν
627 3656 790 3693 τινων
829 3638 1111 3709 ἀπατῆσαι
1140 3637 1448 3707 δυνάμενοι·
1476 3636 1732 3690 Χαλδαῖοι
1759 3636 1810 3689 oi
1836 3633 1902 3687 δι’

290 3730 685 3802 ’ἀστρονομίας
714 3727 1175 3799 ἐπαγγελλόμενοι
1210 3727 1390 3795 λέγειν
1424 3727 1624 3791 πάντα,
1664 3725 1903 3797 μάλιστα

267 3855 282 3868 ο
315 3824 375 3877 δὲ
403 3823 470 3876 τὰ
497 3821 751 3890 ἐσόμενα.
801 3866 814 3881 .

296 3950 299 3951 ν
393 3930 416 3964 ε
466 3911 728 3977 Ἦξίωςεν
757 3913 907 3973 ὅπως
933 3909 1122 3981 χρόνον
1154 3909 1250 3980 δῷ.
1287 3926 1309 3961 ι

397 4004 488 4066 Ὧς
523 4003 714 4065 πιστὸς
760 4002 1035 4072 ὑπέσχετο
1086 4001 1233 4054 λύειν
1281 4001 1342 4053 τὸ
1389 4001 1558 4070 ὄναρ,
1602 3999 1898 4071 λαμϐάνων

292 4094 580 4167 ’παράοτοῦ
610 4093 748 4148 Θεοῦ
773 4094 874 4165 τὴν
900 4094 993 4147 διὰ
1010 4094 1323 4165 προσευχῆς
1344 4094 1438 4146 καὶ
1470 4092 1682 4155 ἱκεσίας
1712 4092 1894 4162 χάριν.

392 4194 411 4236 c’
453 4185 680 4259 Εῦρηκα
714 4187 883 4256 ἄνδρα
910 4188 976 4241 ὲκ
1000 4180 1110 4240 τῶν
1142 4186 1275 4239 υἱῶν
1300 4185 1403 4256 τῆς
1434 4184 1838 4255 αἰχμαλωσίας.
1870 4204 1891 4236 ε

304 4266 311 4273 ’
398 4281 641 4343 ρεχετνος
698 4279 801 4348 μὲν
841 4277 920 4342 ὡς
964 4277 1321 4346 ὲξευτελίζων
1362 4276 1454 4330 τὸν
1500 4275 1732 4347 Δανιὴλ,
1778 4276 1899 4345 αίχ·

321 4370 570 4440 μάλωτον
592 4369 754 4423 αὐτὸν
778 4369 1082 4438 ὠνόμασεν·
1103 4371 1152 4424 ei
1174 4369 1231 4422 δὲ
1258 4370 1308 4422 oi
1327 4368 1460 4438 παρ’
1506 4367 1778 4440 Ἐϐραίων
1808 4382 1899 4421 πι-

314 4459 430 4512 στοὶ
458 4458 768 4529 τηλικοῦτοι
812 4456 952 4530 ἦσαν
983 4456 1059 4521 ὡς
1102 4455 1551 4527 καταλαμϐάνειν
1588 4456 1891 4527 μυστήρια,

315 4549 420 4609 κᾶν
461 4550 700 4616 εὐτελεῖς
735 4551 956 4605 ἐδόκουν
987 4544 1129 4602 εἶναι
1176 4547 1326 4619 παρὰ
1368 4550 1484 4611 τοῖς
1529 4547 1799 4612 ἑθνικοῖς,
1842 4546 1897 4601 τί

315 4647 420 4720 χρὴ
460 4646 658 4699 ἐννοεῖν
691 4642 822 4715 περὶ
850 4642 961 4697 τῶν
990 4639 1408 4712 ὲπισημοτέρων
1447 4639 1745 4712 προφητῶν
1771 4654 1795 4708 ;‘

391 4759 411 4791 ι
448 4740 608 4793 Ἔστι
634 4735 768 4799 Θεὸς
793 4736 854 4789 ἐν
892 4730 1126 4806 οὐρανῷ.
1165 4751 1184 4784 ι

2006 3648 2239 3707 latores;
2296 3638 2475 3709 magi,
2528 3638 2621 3708 qui
2680 3653 2778 3709 per
2819 3639 3080 3707 quasdam
3136 3636 3585 3693 ratiocinationes

2005 3731 2285 3800 imponere
2337 3731 2550 3793 valent;
2596 3728 2858 3795 Chaldaei,
2908 3729 2995 3796 qui
3050 3743 3145 3797 per
3196 3729 3586 3781 astronomiam

2003 3820 2211 3885 omnia,
2247 3820 2520 3891 praecipue
2553 3830 2735 3875 autem
2768 3818 2973 3882 futura,
3008 3834 3066 3873 se
3090 3820 3233 3873 scire
3262 3817 3487 3885 jactaut.

2080 3909 2246 3965 Vens.
2273 3911 2363 3966 16.
2392 3930 2411 3964 ι
2447 3910 2701 3981 Rogavit,
2732 3921 2793 3965 ut
2824 3910 2926 3965 sibi
2959 3922 3169 3980 tempus
3199 3912 3538 3964 concederet.
3563 3931 3581 3961 ο

2079 4003 2149 4059 Ut
2169 4003 2646 4071 ﬁdelis,somniutn
2673 4018 2729 4058 se
2751 4003 3141 4077 explicaturum
3165 4018 3285 4057 esse
3312 4003 3582 4071 promisit,

2000 4095 2174 4165 gratia
2207 4094 2389 4149 divina
2422 4107 2520 4165 per
2548 4108 2736 4164 preces
2767 4105 2821 4149 et
2873 4094 3300 4163 supplicationes
3336 4104 3581 4162 accepta.

2086 4182 2250 4237 Vens.
2284 4182 2376 4238 25.
2427 4201 2445 4235 ι
2478 4183 2661 4238 Inveni
2692 4184 2866 4237 virum
2920 4198 2984 4238 ex
3020 4182 3146 4239 {iliis
3176 4174 3524 4253 captivitatis.
3558 4205 3579 4238 ε

2081 4273 2176 4329 Ille
2222 4264 2464 4345 quidem,
2518 4283 2578 4330 ut
2627 4275 2834 4330 Danieli
2884 4275 3254 4341 detracturus,
3309 4278 3580 4345 captivum

1998 4378 2121 4419 eum
2150 4364 2463 4434 appellavit.
2489 4363 2608 4419 Jam
2638 4365 2682 4419 si
2711 4366 2895 4422 ﬁdeles
2924 4367 3062 4421 inter
3082 4366 3294 4422 Judxos
3326 4369 3581 4439 mysteria

1998 4456 2461 4525 comprehendere
2495 4465 2805 4526 potuerunt,
2842 4458 3091 4526 quamvis
3119 4456 3251 4511 viles
3275 4458 3414 4526 apud
3443 4473 3575 4525 gett-

1999 4547 2122 4603 tiles
2167 4548 2539 4612 haberentur,
2596 4550 2723 4619 quid
2778 4550 3145 4621 cogitabimus
3195 4549 3262 4605 de
3313 4550 3579 4605 illustrio~

2000 4641 2151 4695 ribus
2184 4639 2503 4709 prophetis?

2070 4731 2234 4787 Vens.
2264 4731 2357 4786 28.
2402 4749 2422 4781 ε
2459 4730 2554 4785 Est
2586 4728 2729 4784 Deus
2757 4728 2809 4781 in
2836 4729 2994 4784 coelo.
3028 4748 3048 4781 ν

386 4829 607 4897 ’Δνάγει
635 4827 729 4881 τὸν
757 4825 881 4880 νοῦν
907 4824 1004 4879 τοῦ
1034 4823 1298 4896 βασιλέως
1330 4825 1377 4879 6
1412 4823 1613 4895 Δανιὴλ
1639 4824 1751 4877 ἀπὸ
1782 4822 1895 4876 τῶν

2074 4822 2264 4878 Daniel
2296 4822 2439 4892 regis
2489 4830 2727 4875 mentem
2761 4834 2790 4872 a
2829 4821 2989 4876 rebus
3036 4819 3270 4875 terrenis
3315 4820 3383 4873 ad
3413 4818 3577 4875 cmic-

308 4923 511 4992 γηΐνων
554 4918 649 4972 ἐπὶ
693 4918 760 4972 τὰ
802 4914 1066 4987 οὐράνια,
1119 4917 1255 4988 πρὸς
1296 4915 1473 4987 άληθῆ
1509 4912 1673 4968 αὑτὸν
1712 4913 1894 4967 ιλκων

310 5009 658 5076 θεογνωσίαν,
691 5008 721 5061 6
740 5008 837 5061 καὶ
868 5008 1057 5077 γέγονε
1082 5007 1221 5077 πρὸς
1253 5006 1465 5078 καιρόν.

382 5122 401 5155 ε
442 5101 670 5154 Ἕνεκεν
699 5100 793 5153 τοῦ
839 5100 937 5169 τὴν
978 5100 1271 5170 σύγκρισιν
1311 5098 1391 5169 τῷ
1437 5096 1653 5169 βασιλεῖ
1689 5094 1895 5167 γνωρί-

309 5210 426 5248 σαι.
466 5209 491 5244 )

378 5283 629 5339 Διδάσκει
651 5282 681 5334 6
702 5282 900 5353 Δανιὴλ
913 5282 994 5336 ὅτι
1013 5280 1101 5336 διὰ
1122 5284 1184 5337 τδ
1204 5280 1534 5350 κοινωφελὲς
1555 5279 1648 5333 τοῦ
1676 5279 1888 5349 κόσμου

307 5380 403 5433 καὶ
434 5380 463 5431 6
484 5375 964 5446 Ναϐουχοδονόσορ
994 5374 1099 5428 εἶδε
1127 5376 1187 5427 τὸ
1210 5374 1484 5440 ὲνύπτιον,
1515 5373 1611 5426 καὶ
1633 5374 1661 5426 6
1687 5371 1888 5441 Δανιὴλ

306 5471 450 5538 ἔγνω
488 5469 590 5541 τὴν
619 5462 866 5521 ἐπίλυσιν
900 5466 1089 5523 αὑτοῦ.
1130 5465 1286 5521 Οὕτω
1314 5465 1513 5534 γέγονε
1538 5465 1635 5519 καὶ
1664 5465 1766 5518 ὲπῒ
1791 5462 1885 5517 τοῦ

288 5561 507 5635 ’Φαραὼ
532 5542 628 5615 καὶ
653 5557 755 5614 τοῦ
788 5560 1008 5630 Ἰωσήφ.
1034 5556 1176 5612 ’Όσα
1207 5554 1304 5612 οὖν
1336 5558 1410 5628 μή
1451 5558 1600 5611 ἐστιν
1627 5555 1884 5626 ἐπωφελῆ

305 5654 419 5710 τῶν
448 5653 646 5708 κοινῶν
673 5648 1190 5719 ὀνείραταίτούτοις
1219 5651 1281 5704 ού
1312 5649 1395 5703 δεῖ
1419 5652 1733 5721 προσέχειν,
1764 5648 1888 5703 οὐδὲ

307 5747 491 5819 ζητεῖν
519 5745 726 5801 τούτων
745 5745 901 5803 λύσιν
923 5744 1076 5815 παρὰ
1105 5742 1440 5798 ἀπατεώνων
1463 5742 1786 5814 ἀνθρώπων·
1818 5743 1887 5799 τὰ

306 5840 415 5913 γὰρ
438 5838 736 5913 ψυχωφελῆ
765 5834 940 5913 μόνων
963 5837 1074 5893 τῶν
1102 5835 1272 5906 ἁγίων
1298 5834 1416 5890 ἐστὶ
1438 5833 1528 5891 λύε
1539 5851 1606 5891 w.

1995 4915 2097 4969 stia
2128 4913 2414 4979 convertit,
2442 4920 2504 4966 ut
2540 4912 2606 4965 ad
2637 4925 2821 4966 veram
2846 4909 2941 4966 Dei
2967 4912 3256 4966 scientiam
3288 4926 3411 4965 eum
3445 4925 3575 4965 eve-

1998 5007 2178 5068 lleret,
2215 5005 2358 5075 quod
2388 5006 2550 5059 etiam
2585 5019 2683 5074 per
2718 5014 2932 5073 tempus
2956 5002 3157 5058 factum
3189 5014 3292 5058 est.

2069 5094 2235 5151 Vens.
2288 5096 2379 5151 50.
2441 5113 2459 5146 ι
2496 5093 2568 5150 Ut
2612 5095 3120 5165 interpretationem
3176 5096 3287 5165 regi
3345 5094 3574 5150 manife-

1992 5198 2135 5244 suun
2168 5188 2427 5243 facerent.
2457 5206 2475 5240 ι

2063 5280 2312 5337 Ostendit
2355 5279 2541 5334 Daniel
2574 5279 3158 5345 Nabuchodonosorem
3208 5279 3278 5332 oh
3326 5293 3572 5333 commn.

1999 5388 2121 5427 nem
2161 5372 2345 5426 mundi
2393 5372 2681 5427 utilitatem
2712 5370 2913 5425 vidisse
2953 5372 3248 5433 somnimu,
3291 5380 3345 5424 et
3377 5369 3571 5423 Danie-

1996 5465 2100 5519 letu
2142 5464 2261 5535 ejus
2308 5464 2638 5519 solutionem
2678 5461 2918 5518 novisse.
2951 5460 3043 5515 Sic
3086 5467 3143 5514 et
3174 5459 3475 5515 Pharaonis
3517 5472 3572 5515 et

1993 5556 2214 5624 Iosephi
2270 5555 2605 5626 temporibus
2636 5554 2838 5609 evenit.
2874 5554 3006 5620 Quae
3043 5553 3207 5624 igitur
3248 5568 3350 5607 non
3392 5552 3571 5606 inser-

1994 5650 2147 5702 viunt
2188 5648 2463 5703 communi
2513 5646 2673 5702 saluti
2718 5645 2949 5709 somnia,
2994 5659 3182 5701 eorum
3220 5658 3395 5714 neque
3437 5658 3569 5699 cura

1993 5740 2266 5804 habenda,
2308 5737 2734 5808 nequesolutlo
2756 5737 3045 5808 quaenenda
3086 5745 3175 5791 est
3203 5735 3343 5806 apud
3395 5730 3570 5787 homi-

1995 5846 2091 5885 nes
2120 5829 2516 5884 fraudulentos.
2544 5826 2678 5895 Quae
2704 5828 2847 5883 enim
2879 5828 3074 5882 animae
3097 5828 3343 5896 prosunt,
3378 5835 3568 5877 eorum

1995 5921 2169 5977 sancti
2206 5922 2548 5981 solummodo
2575 5922 2956 5988 solvendorum
2981 5927 3258 5981 compotes
3279 5925 3425 5974 sunt.
