4148 6576
629 410 765 475 1383

626 517 784 593 quasi
811 516 1004 571 lutum
1035 513 1225 585 gratias
1245 511 1432 577 index,
1462 509 1533 566 ad
1553 524 1721 579 quam
1752 511 2013 581 antiquus
2036 524 2208 580 popu—
2235 542 2283 598 Δ

626 613 712 667 lus
738 624 844 665 non
882 606 1228 678 perveniens,
1247 605 1407 675 periit
1432 603 1769 659 inﬁdelitate.
1800 601 1971 657 Israel
1998 603 2135 656 enim
2160 602 2204 665 ²,

623 703 699 757 ait
727 700 940 756 divinus
968 697 1216 752 sectanda
1247 696 1410 766 legem
1429 696 1682 766 justiliw,
1706 710 1826 750 eam
1851 694 2064 750 scilicet
2086 708 2207 764 qua:

623 795 679 851 in
716 791 906 846 umbra
929 796 1076 854 erat,
1101 803 1164 843 ac
1205 788 1412 858 ﬁguris,
1442 788 1512 841 ad
1534 787 1697 858 legem
1716 787 1935 855 institit:
1956 804 2060 842 non
2084 803 2202 857 per-

622 882 760 937 venit
787 880 827 947 ί,
871 881 925 935 in
953 880 1146 951 spiritu
1181 878 1391 934 scilicet
1421 878 1720 934 secundum
1777 878 2054 933 Christum
2087 893 2208 949 per-

623 972 847 1040 fectam,
897 980 991 1026 aut
1020 970 1161 1026 forte
1193 969 1326 1024 ﬁcus
1382 968 1713 1025 infructuosa
1769 968 2085 1025 Scribarum
2141 983 2207 1024 ac

623 1065 1022 1122 Pharisaaorum
1057 1062 1244 1134 opinio
1269 1069 1348 1117 est
1376 1080 1391 1117 :
1424 1076 1586 1132 quam
1616 1060 1826 1116 aridam
1853 1061 2049 1126 reddit,
2081 1059 2205 1115 illo-

622 1171 743 1211 rum
770 1155 1019 1211 esuriens
1071 1151 1497 1217 deiﬁcationem,
1552 1160 1613 1206 ut
1644 1166 1767 1207 esse
1805 1148 1938 1219 justi
1992 1150 2202 1217 malint,

622 1262 784 1318 quam
814 1245 1009 1313 videri,
1061 1244 1446 1315 hypocriticam
1480 1242 1699 1312 quidem
1748 1241 1971 1296 moralis
2016 1250 2204 1297 osten-

622 1337 794 1393 sionis
821 1347 999 1407 togam
1046 1344 1332 1397 extremes,
1363 1348 1490 1389 vere
1539 1343 1721 1389 autem
1768 1326 2067 1388 virtuosam
2119 1333 2205 1388 in-

621 1431 873 1493 duentes,
898 1429 1039 1498 piam
1099 1427 1263 1481 vitam
1300 1426 1407 1480 Deo
1446 1424 1699 1490 oﬂ‘erant,
1744 1439 1805 1481 re
1832 1424 2011 1495 potius
2034 1424 2202 1479 animi

622 1522 896 1587 aiiectum,
945 1535 1107 1590 quam
1157 1519 1488 1574 exteriorem
1534 1533 1749 1572 morum
1806 1518 2029 1588 ﬁguram
2089 1515 2204 1570 Deo

622 1614 934 1670 exhibeant.
980 1612 1077 1667 Sin
1104 1620 1283 1665 autem
1313 1609 1750 1665 Christianorum
1798 1609 2016 1678 quidam
2067 1608 2202 1662 tales

622 1717 844 1758 sumus:
884 1717 1095 1756 morum
1129 1698 1487 1754 reverentiam
1522 1697 1642 1752 sine
1676 1696 1932 1766 operibus
1978 1693 2203 1762 justitize

622 1791 1008 1861 pratl'erentes,
1083 1788 1412 1857 suscipimus
1479 1786 1711 1841 Verbum
1774 1796 1834 1839 ut
1903 1784 2196 1853 benignum

1791 394 2130 459 AMMONII
2170 392 2700 454 ALEXANDRINI

2310 506 2608 578 καιοσύνης
2663 506 2914 577 καρπῶν,
2951 506 3069 561 ἀλλ’
3111 508 3454 581 είκονιστῂς,
3507 506 3616 565 καὶ
3661 502 3774 564 οἷον
3818 512 3906 581 τῆς

2313 598 2619 668 μελλούσης
2647 597 2872 669 χάριτος
2903 599 3199 669 μηνυτικὺς
3222 641 3237 661 ,
3285 603 3363 664 είς
3399 601 3478 671 ἣν
3518 600 3602 673 μὴ
3647 600 3858 670 φθάσας
3881 608 3909 656 ὸ

2310 689 2542 753 παλαιὸς
2589 689 2677 743 διὰ
2722 691 2821 760 τῆς
2865 690 3123 753 ἀπιστίας
3158 690 3413 745 ἀπώλετο
3449 691 3618 757 λαός.
3672 692 3906 760 Ἰσίαὴλ

2308 783 2440 855 γὰρ,
2478 784 2643 852 φησὶν
2682 784 2712 836 ὁ
2744 782 2888 847 θεῖος
2930 784 3290 850 Ἀπόστολος,
3322 784 3580 839 διώκων
3607 785 3907 841 δικαιοσύ-

2306 891 2421 942 νης
2465 876 2675 944 νόμον,
2706 875 2801 929 τὸν
2846 877 2907 929 ὲν
2937 877 3069 948 σκιᾷ
3095 877 3344 948 δηλονότι
3391 877 3501 932 καὶ
3553 877 3791 943 τύποις,
3827 881 3908 946 εἰς

2306 966 2497 1034 νόμον
2528 965 2928 1036 δικαιοσύνης
2962 969 3074 1022 οὐκ
3104 967 3357 1037 ἔφθασε,
3378 969 3483 1023 τὸν
3516 970 3581 1023 ὲν
3614 969 3904 1040 πνεύματι,

2306 1055 2509 1126 δηλαδὴ
2570 1056 2714 1111 κατὰ
2749 1058 2990 1128 Χριστὸν
3034 1058 3420 1129 τελειούμενον
3446 1075 3462 1089 ⁶
3518 1059 3557 1131 ἢ
3587 1059 3739 1131 τάχα
3775 1062 3905 1133 συκῆ

2306 1146 2559 1218 ἄκαρπος
2600 1149 2634 1218 ἡ
2695 1146 2805 1200 τῶν
2839 1147 3225 1219 Γραμματέων
3258 1150 3355 1203 καὶ
3381 1150 3726 1221 Φαρισαίων
3766 1152 3904 1205 ἐστὶν

2305 1237 2503 1309 οιησις,
2548 1239 2620 1310 ἠν
2655 1239 2905 1311 ξηραίνει
2948 1241 2978 1294 ὁ
3007 1240 3211 1295 πεινῶν
3238 1241 3424 1295 αὐτῶν
3466 1242 3578 1314 τὴν
3620 1242 3903 1308 ὲκθέωσιν,

2304 1329 2454 1393 ὅπως
2478 1324 2574 1383 τοῦ
2611 1331 2790 1386 δοκεῖν
2821 1328 2961 1385 εἶναι
2992 1320 3215 1400 δίκαιοι,
3244 1332 3306 1386 τὸ
3345 1329 3501 1388 εἶναι
3538 1335 3750 1405 μᾶλλον
3780 1352 3903 1406 προ-

2304 1420 2617 1491 κρίνοντες,
2650 1422 2744 1476 τδν
2796 1423 2896 1494 μὲν
2925 1423 3049 1476 καθ’
3084 1424 3378 1496 ὑπόκρισιν
3412 1428 3524 1495 τῆς
3557 1425 3767 1495 ἠθικῆς
3792 1426 3902 1477 επι-

2301 1510 2521 1575 δείξεως
2546 1512 2905 1584 ὲκδυσάμενοι
2927 1513 3151 1584 χιτῶνα,
3181 1514 3276 1568 τὸν
3304 1515 3580 1584 ἐνάρετον
3606 1514 3668 1567 δὲ
3693 1514 3898 1585 ἀληθῶς

2306 1604 2696 1677 μετελθόντες,
2732 1605 2975 1669 εὐσεϐῶς
3016 1606 3118 1677 τὴν
3170 1604 3317 1677 ζωὴν
3356 1605 3757 1676 μετενέγκωσι
3787 1604 3900 1677 Θεῷ

2307 1696 2512 1766 μᾶλλον
2537 1696 2640 1768 τῆς
2664 1696 2845 1768 ψυχῆς
2871 1695 2974 1768 τὴν
3019 1695 3284 1761 διάθεσιν,
3312 1696 3347 1767 ἢ
3389 1696 3491 1750 τὸν
3516 1695 3685 1761 ἐκτὸς
3715 1697 3895 1750 ἐπιδει·

2303 1790 2568 1862 κνύμενοι
2610 1790 2743 1863 περὶ
2786 1791 2857 1844 τά
2879 1790 2989 1861 ἢθη
3020 1789 3423 1861 σχηματισμόν.
3469 1791 3541 1844 Εἰ
3570 1789 3635 1843 δὲ
3670 1790 3767 1843 καὶ
3796 1789 3896 1843 τῶν

622 1894 825 1939 nostra:
879 1882 1073 1938 salutis
1094 1880 1446 1941 esuritorem,
1500 1877 1963 1933 exarel'acicntem
2012 1890 2199 1931 semen

2304 1881 2648 1955 Χριστιανῶν
2678 1882 2848 1953 ἐσμέν
2887 1898 3032 1946 τινες
3057 1879 3290 1936 τοιοῦτοι
3314 1896 3329 1912 '
3359 1882 3468 1954 τὴν
3492 1881 3795 1939 εὐλάϐειαν
3812 1881 3892 1935 διὰ

625 1976 847 2031 malitia:
869 1975 1084 2038 animas,
1119 1974 1332 2026 inanem
1366 1970 1578 2025 scilicet
1615 1970 1953 2038 opinionem,
2000 1979 2059 2022 ut
2095 1984 2199 2023 non

621 2067 856 2136 amplius
890 2066 1129 2119 fructum
1160 2065 1302 2118 ferat
1341 2060 1735 2132 corruptionis,
1792 2057 2034 2114 studium
2086 2061 2201 2131 pla-

622 2155 777 2211 ceudi
818 2153 1147 2209 hominibus.

690 2457 857 2514 Vens.
887 2457 978 2512 2|.
1041 2456 1429 2528 «lteSpondens
1494 2465 1679 2513 autem
1718 2458 1880 2513 :esus
1930 2458 2007 2511 ait
2067 2458 2195 2513 eis:

618 2554 790 2608 Amen
808 2552 931 2607 dico
958 2551 1133 2616 vobis,
1159 2552 1203 2606 si
1226 2551 1525 2606 habueritis
1554 2552 1735 2616 tidem,
1763 2566 1869 2606 non
1886 2550 2200 2605 solumillud

620 2646 689 2699 de
723 2643 953 2699 ﬁculnea
978 2642 1209 2704 facietis,
1250 2643 1343 2697 sed
1372 2642 1471 2696 etsi
1522 2641 1692 2696 monti
1748 2642 1874 2697 huic
1911 2642 2199 2707 dixeritis:

622 2737 858 2801 Tollere,
895 2745 951 2790 et
983 2735 1138 2789 mitte
1166 2744 1217 2788 te
1241 2737 1293 2788 in
1322 2749 1494 2798 mare,
1526 2735 1677 2787 εἱσι.)

694 2928 857 2983 Vens.
892 2926 983 2980 22.
1023 2924 1120 2978 «Et
1173 2926 1358 2979 omnia
1418 2939 1757 2995 quaecunque
1809 2922 2080 2995 petieritis
2144 2925 2200 2983 in

551 3016 553 3019 ’
620 3022 864 3078 oratione
893 3018 1198 3083 credentes,
1222 3017 1558 3085 accipietis.»
2088 3009 2096 3018 '

693 3131 793 3198 Qui
824 3145 928 3184 non
954 3128 1278 3184 discreverit
1307 3128 1360 3183 in
1401 3129 1564 3185 corde
1592 3146 1712 3196 suo,
1765 3131 1820 3187 id
1857 3144 1965 3201 est,
2020 3145 2201 3191 triente

622 3239 741 3316 non
760 3222 1093 3316 dijudicarit,
1121 3222 1238 3316 sive
1264 3220 1516 3316 diviserit
1542 3224 1856 3281 immediate
1906 3242 2001 3295 per
2037 3228 2195 3284 iidem
2228 3259 2270 3316 ο

622 3314 690 3369 ad
715 3313 880 3368 Deum
911 3311 1109 3369 factam
1134 3313 1417 3379 unionem,
1447 3314 1590 3370 dicet
1618 3317 1786 3370 monti
1817 3317 1965 3382 huic,
1993 3317 2198 3373 Trans.

623 3406 788 3473 ferre,
810 3414 864 3460 et
887 3407 1272 3472 transferetur,
1301 3406 1536 3463 dicendo
1561 3407 2005 3477 demonstrativa,
2036 3412 2203 3466 monti

622 3500 765 3569 huic,
789 3514 1010 3554 sensum
1041 3498 1302 3564 declarat,
1332 3500 1616 3571 legemque
1669 3503 1851 3558 carnis
1901 3519 2031 3559 vere
2073 3520 2203 3576 gra-

623 3609 767 3662 vem,
797 3608 861 3648 ac
894 3592 1183 3650 ditiiculter
1206 3593 1481 3661 mobilem,
1516 3596 1795 3651 autetiam
1828 3598 2200 3655 immobilem:

625 3696 805 3743 tantas
832 3687 976 3742 enim
998 3688 1077 3743 vis
1105 3688 1444 3743 irrationalis
1475 3688 1527 3741 in
1565 3687 1847 3743 hominum
1874 3698 2067 3744 natura
2089 3690 2205 3760 egit

624 3781 858 3845 radices,
885 3779 1116 3835 utmulti
1144 3784 1251 3834 non
1279 3780 1423 3834 aliud
1448 3782 1577 3849 quid
1618 3789 1810 3851 putent
1848 3796 1973 3837 esse
2020 3783 2200 3838 homi-

624 3884 769 3935 nem,
802 3870 903 3926 nisi
946 3884 1191 3935 carnem,
1231 3884 1295 3925 ac
1332 3872 1440 3925 vim
1461 3872 1753 3941 quamdam
1781 3872 1848 3926 ad
1872 3873 2033 3943 hujus
2082 3875 2204 3928 vita

624 3963 937 4018 fruitionem
968 3976 1130 4018 sensu
1176 3963 1482 4018 valentem:
1515 3964 1696 4017 omnia
1729 3966 1873 4018 enim
1920 3965 2200 4034 possibilia

623 4055 1041 4121 suntcredenti,
1080 4064 1134 4109 et
1189 4063 1370 4109 mente
1413 4070 1520 4110 non
1554 4055 1888 4111 discernenti
1942 4057 2201 4114 unionem

624 4161 747 4201 cum
781 4144 890 4198 Deo
911 4145 1010 4198 sihi
1042 4142 1240 4198 iactam
1259 4158 1354 4213 per
1372 4142 1554 4211 (idem,
1575 4152 1798 4216 propter
1808 4142 2058 4201 amectum
2073 4160 2201 4203 sen-

627 4236 832 4290 sualem
862 4235 1058 4289 anima:
1085 4248 1209 4289 cum
1239 4249 1488 4303 corpore.
1550 4235 1741 4290 Omnia
1772 4246 1979 4303 autem,
2003 4240 2197 4308 inquit,

630 4340 966 4395 quaecunque
994 4341 1025 4379 a
1053 4326 1255 4381 mundo
1302 4334 1359 4381 et
1417 4341 1585 4382 carne
1635 4336 1871 4383 mentem
1932 4329 2197 4398 alienant,

627 4434 752 4474 cum
778 4418 886 4472 Deo
909 4431 1036 4471 vero
1067 4415 1341 4486 perfectos
1374 4416 1668 4473 virtutibus
1691 4418 2045 4490 coniungunt,
2081 4423 2199 4481 hac

628 4509 771 4564 enim
798 4508 1075 4577 possibilia
1098 4518 1225 4564 sunt
1251 4507 1514 4564 credenti.
1548 4508 1754 4579 Ecquid
1787 4525 1918 4567 vero
1937 4513 2066 4569 illud
2098 4516 2200 4571 ite-

2301 1976 2411 2031 τῶν
2440 1977 2660 2048 τρόπων
2690 1974 3153 2046 σχηματιζόμενοι
3182 1974 3306 2046 δίχα
3333 1976 3434 2045 τῆς
3470 1974 3671 2047 ἔργοις
3700 1974 3892 2029 δικαιοο

2306 2068 2494 2139 σύνης,
2519 2067 2853 2138 ὲκδεξόμεθα
2886 2066 2977 2120 τὸν
3009 2067 3166 2137 λόγον
3192 2067 3269 2131 ὡς
3308 2067 3714 2138 φιλάνθρωπον
3743 2067 3886 2137 ἡμῶν

2304 2160 2581 2214 πεινῶντα
2625 2158 2924 2230 σωτηρίαν,
2969 2158 3411 2229 ἀποξηραίνοντα
3467 2160 3579 2230 τῆς
3622 2158 3799 2230 ψυχῆς
3836 2159 3887 2210 τὶ

2302 2253 2404 2323 τῆς
2448 2252 2648 2316 κακίας
2680 2252 2904 2325 σπέρμα
2935 2251 3035 2323 τὴν
3067 2250 3268 2322 οἴησιν,
3312 2252 3401 2305 ἴνα
3436 2252 3654 2323 μηκέτι
3691 2251 3886 2323 καρπὸν

2303 2345 2513 2415 φθορᾶς
2539 2344 2703 2416 φέρῃ,
2734 2343 2833 2416 τὴν
2854 2342 3413 2415 άνθρωπαρέσκειαν.
3508 2374 3511 2379 ·

2383 2476 2402 2510 ι
2453 2457 2800 2528 Ἀποκριθεὶς
2840 2456 2899 2510 δὲ
2923 2458 2952 2510 ὁ
2999 2456 3228 2528 Ἰησοῦς,
3260 2453 3414 2511 εἶπεν
3448 2456 3646 2520 αὐτοῖς
3666 2473 3683 2488 ·
3729 2456 3884 2526 ’Δμὴν

2302 2547 2446 2618 λέγω
2472 2550 2624 2620 ὑμῖν,
2657 2548 2752 2602 ἐὰν
2794 2549 2957 2621 ἔχητε
2987 2549 3193 2617 πίστιν,
3223 2549 3320 2604 καὶ
3353 2549 3431 2621 μὴ
3450 2548 3805 2620 διακριθῆτε,
3830 2548 3882 2602 οὐ

2305 2641 2466 2706 μόνον
2486 2640 2547 2692 τὸ
2570 2640 2666 2710 τῆς
2694 2641 2863 2702 συκῆς
2892 2640 3166 2710 ποιήσετε,
3190 2639 3330 2694 ἀλλὰ
3350 2640 3465 2694 κᾶν
3493 2638 3580 2709 τῷ
3610 2638 3733 2708 δρει
3773 2636 3882 2690 τοὺ-

2300 2746 2380 2801 τῳ
2408 2729 2601 2802 εἴπητε
2619 2770 2634 2797 ,
2667 2730 2923 2802 Ἄρθητι,
2962 2731 3058 2785 καὶ
3086 2730 3315 2803 βλήθητι
3340 2734 3423 2796 είς
3464 2730 3571 2803 τὴν
3594 2730 3879 2793 θάλασσαν,

2302 2822 2591 2893 γενήσεται
2603 2863 2619 2878 .
2660 2842 2679 2876 ι

2380 2950 2399 2984 ι
2441 2931 2555 2987 Καὶ
2598 2933 2780 2988 πάντα
2809 2934 2913 2987 ὃσα
2943 2934 3009 2989 ἂν
3059 2935 3321 3007 αἰτήσητε
3361 2935 3429 2989 ἐν
3474 2936 3762 3008 προσευχῇ
3797 2950 3878 2987 πι-

2304 3024 2587 3090 στεύοντες
2606 3025 2859 3097 λήψεσθε.
2893 3045 2914 3081 ι

2384 3137 2445 3192 '0
2480 3137 2555 3210 μὴ
2592 3139 2896 3212 διακριθεὶς
2939 3141 2998 3195 ἒν
3032 3142 3099 3213 τῇ
3146 3140 3352 3214 καρδίᾳ
3381 3140 3581 3210 αὐτοῦ,
3611 3139 3880 3195 τουτέστιν

2304 3229 2362 3283 ὲν
2387 3228 2468 3298 τῷ
2497 3228 2580 3284 νοῒ
2607 3230 2683 3303 μὴ
2711 3230 3016 3303 διακρίνας,
3038 3233 3209 3303 ἧγουν
3240 3231 3523 3305 διατεμὼν
3549 3231 3652 3304 τὴν
3674 3230 3761 3285 διὰ
3786 3230 3875 3299 τῆς

2306 3320 2551 3386 πίστεως
2574 3323 2711 3390 πρὸς
2740 3324 2831 3377 τὸν
2860 3323 2994 3378 Θεὸν
3016 3323 3395 3397 γεγννημένην
3424 3323 3643 3397 άμεσον
3669 3322 3872 3385 ἕνωσιν,

2305 3413 2424 3485 ἐρεῖ
2459 3412 2536 3486 τῷ
2567 3413 2684 3486 ὄρει
2709 3414 2904 3485 τούτῳ,
2922 3414 3223 3487 Μετάϐηθι,
3248 3416 3344 3470 καὶ
3376 3417 3773 3487 μεταθήσεται.
3793 3413 3872 3465 Ἐν

2303 3502 2383 3575 τῷ
2413 3505 2582 3574 φάναι
2613 3505 2905 3570 δεικτικῶς
2928 3505 3009 3572 τῷ
3030 3507 3153 3577 ὄρει
3181 3508 3390 3574 τούτῳ,
3419 3507 3485 3563 τὸ
3516 3509 3770 3579 φρόνημα
3788 3504 3872 3575 δη-

2303 3594 2387 3649 λοί
2409 3598 2503 3650 καὶ
2528 3597 2617 3651 τὸν
2654 3596 2819 3668 νόμον
2855 3597 2956 3667 τῆς
2990 3599 3195 3670 σαρκὸς
3218 3640 3233 3665 ,
3259 3598 3352 3653 τὸν
3387 3598 3571 3671 βαρὺν
3600 3598 3767 3660 ὄντως
3790 3594 3871 3649 καὶ

2308 3684 2801 3756 δυσμετακίνητον.
2845 3685 3114 3741 Τοσοῦτον
3153 3686 3262 3758 γὰρ
3286 3687 3590 3761 ἐρρίζωται
3631 3689 3700 3757 τῇ
3727 3685 3870 3755 φύσει

2301 3775 2410 3830 τῶν
2452 3775 2758 3847 ἀνθρώπων
2789 3776 2879 3831 διὰ
2923 3777 3029 3849 τῆς
3076 3779 3385 3850 αἰσθήσεως
3432 3780 3537 3850 τῆς
3580 3777 3797 3846 ἀλογίας
3838 3775 3866 3843 ἠ

2301 3865 2529 3936 δύναμις
2552 3906 2567 3931 ,
2598 3866 2740 3920 ὥστε
2771 3868 2901 3934 τοὺς
2932 3870 3162 3933 πολλοὺς
3204 3870 3329 3941 μηδ’
3376 3870 3508 3925 ἄλλο
3537 3887 3601 3924 τι
3641 3866 3868 3939 νομίζειν

2302 3950 2442 4010 εἶναι
2473 3956 2565 4011 τὸν
2591 3958 2878 4029 ἄνθρωπον
2916 3960 2949 4031 ἢ
2982 3962 3161 4032 σάρκα
3210 3962 3305 4016 καὶ
3337 3961 3601 4032 δύναμιν,
3625 3960 3759 4032 πρὸς
3781 3956 3869 4026 τὴν

2301 4049 2603 4104 ἀπόλαυσιν
2638 4051 2737 4121 τῆς
2777 4053 3063 4124 παρούσης
3094 4053 3242 4124 ζωῆς
3280 4053 3380 4126 τὴν
3409 4054 3673 4126 αἴσθησιν
3722 4051 3863 4121 ἔχου-

2305 4157 2430 4197 σαν.
2453 4141 2643 4198 Πάντα
2666 4141 2800 4211 γοῦν
2821 4143 3029 4201 δυνατὰ
3054 4144 3135 4215 τῷ
3163 4146 3502 4214 πιστεύοντι,
3534 4146 3633 4201 καὶ
3663 4142 3737 4215 μὴ
3759 4144 3865 4195 δια-

2302 4234 2635 4306 κρινομένῳ,
2670 4235 2772 4306 τῆς
2799 4236 2945 4293 κατὰ
2968 4237 3093 4292 νοῦν
3124 4237 3214 4292 διὰ
3241 4238 3346 4309 τῆς
3385 4240 3628 4303 πίστεως
3656 4251 3863 4306 γεγενη-

2303 4326 2476 4399 μένης
2504 4327 2657 4400 αὐτῷ
2703 4329 2842 4400 πρὸς
2882 4330 2975 4384 τὸν
3013 4329 3146 4385 Θεὸν
3175 4329 3561 4396 ἑνὼσεως,διά
3605 4328 3702 4401 τὴν
3736 4324 3859 4397 πρὸς

2298 4420 2361 4474 τὸ
2406 4420 2574 4493 σῶμα
2630 4422 2731 4493 τῆς
2782 4422 2961 4493 ψυχῆς
3017 4422 3162 4478 κατὰ
3197 4422 3297 4495 τὴν
3349 4424 3611 4495 αἴσθησιν
3667 4420 3855 4492 σχέσιν.

2301 4511 2490 4567 Πάντα
2525 4512 2605 4580 δὲ,
2636 4515 2804 4584 φημὶ,
2841 4516 2946 4570 ὅσα
2989 4515 3201 4586 κόσμου
3248 4515 3344 4570 καὶ
3386 4517 3595 4587 σαρκὸς
3625 4514 3716 4567 τὸν
3746 4507 3857 4563 νοῦν

629 4609 751 4650 rum
781 4604 884 4661 est,
920 4594 1112 4650 Omnia
1135 4611 1461 4666 quacunque
1477 4599 1733 4666 petieritis
1754 4598 1811 4652 in
1833 4603 2069 4658 oratione
2091 4619 2204 4659 cre-

2304 4604 2607 4677 ἀλλοτριοῐ,
2658 4605 2780 4676 Θεῷ
2826 4605 2899 4659 δὲ.
2932 4609 3273 4678 προσοικειοῖ
3311 4604 3730 4680 τετελειωμένον
3758 4602 3854 4659 τοῖς

625 4688 827 4752 dentes,
853 4689 1169 4759 accipietis?
1237 4689 1394 4744 Clare
1443 4691 1684 4747 ostendit
1726 4692 1899 4749 solam
1939 4695 2196 4751 unionem

624 4776 971 4846 quaerendam
1005 4790 1129 4832 esse
1153 4777 1518 4843 credentibus,
1544 4793 1774 4850 eamque
1802 4780 2054 4840 virtutem
2077 4799 2201 4857 qua

626 4867 770 4920 hanc
790 4866 1048 4935 operibus
1089 4878 1270 4923 ornat.
1321 4867 1764 4941 Quandoquidem
1811 4873 1956 4928 enim
2013 4877 2200 4933 omnia

626 4957 733 5011 sint
757 4958 823 5011 ad
866 4957 1231 5027 cognitionem
1257 4958 1351 5016 Dei
1371 4975 1436 5017 ac
1465 4962 1741 5029 virtutem,
1774 4979 1896 5035 qua:
1916 4967 2200 5026 credentes

627 5061 901 5117 quaerunt,
930 5049 1179 5106 liberatio
1207 5053 1544 5123 passionum,
1575 5058 1930 5116 tentationum
1963 5064 2195 5118 toleran-

632 5143 727 5209 tia,
759 5144 997 5199 rationes
1022 5145 1300 5211 virtutum,
1353 5148 1495 5202 nmdi
1520 5152 1919 5219 operationum,
1979 5157 2201 5212 abdica-

631 5238 707 5291 tio
723 5235 947 5292 all‘ectus
962 5238 1271 5308 passionum
1298 5254 1423 5311 erga
1452 5257 1694 5310 carnem,
1719 5246 2046 5305 abalienatio
2075 5266 2201 5307 sen-

630 5341 724 5383 sus
754 5327 824 5382 ab
857 5329 925 5384 iis
950 5344 1071 5400 qua}
1094 5331 1369 5388 sensibilia
1413 5334 1543 5402 sint,
1570 5350 1814 5395 secessus
1857 5343 2198 5400 omnimodus

630 5418 828 5473 mentis
850 5420 916 5475 ab
936 5420 1189 5478 omnibus
1217 5437 1336 5493 quae
1368 5436 1551 5480 creata
1580 5437 1728 5495 sunt,
1761 5444 1827 5484 ac
1864 5447 2198 5504 quaecunque

626 5510 944 5579 simpliciter
972 5512 1077 5566 alia
1108 5515 1322 5584 propria
1358 5526 1483 5572 sunt
1516 5518 1582 5574 ad
1603 5520 1951 5577 abolitionem
1977 5524 2197 5580 malitia:

581 5652 585 5655 .
626 5618 692 5660 ac
713 5601 1052 5676 iguoranliw,
1095 5609 1530 5668 emendationem
1561 5621 1740 5673 autem
1770 5618 2101 5688 cognitionis
2135 5633 2197 5679 ac

693 5787 726 5831 ἰ
754 5786 909 5841 Itoni.
947 5803 1022 5855 ix,
1052 5791 1141 5844 5i.

2299 4692 2725 4767 κατορθώμασιο
2763 4693 2936 4749 ταῦτα
2980 4696 3089 4767 γάρ
3140 4696 3248 4749 εισι
3303 4698 3375 4750 τα
3419 4696 3625 4751 δυνατὰ
3652 4693 3726 4763 τῷ
3774 4705 3853 4741 πι-

2301 4787 2569 4842 στεύοντι.
2587 4786 2729 4842 Τίδὲ
2743 4786 2907 4842 πάλιν
2927 4787 3047 4842 ἐστὶ
3064 4786 3365 4853 roJIdrta
3385 4787 3510 4843 ὅσα
3534 4788 3611 4844 ἂν
3624 4781 3852 4853 αἰτῆσθε

2302 4880 2804 4950 προσευχόμενοι,
2850 4880 3245 4947 πιστεύοντες
3302 4880 3619 4950 λήψεσθε;
3680 4873 3852 4944 Σαφῶς

2301 4972 2472 5038 ἔδειξε
2506 4972 2636 5044 περὶ
2658 4971 2825 5043 μόνης
2850 4970 3095 5036 ὲνὼσεως
3114 4972 3196 5026 δεῖ
3216 4973 3402 5044 ζητεῖν
3430 4976 3560 5039 τοὺς
3588 4966 3849 5026 πιστεύον-

2303 5082 2425 5131 τας,
2457 5066 2551 5118 atati.
2582 5065 2684 5135 τῆς
2714 5064 2887 5135 αὐτὴν
2925 5065 3240 5136 κοσμούσης
3266 5065 3362 5120 διὰ
3391 5066 3507 5123 τῶν
3529 5067 3701 5137 ἔργων
3732 5060 3847 5129 ἁρε-
3887 5061 3891 5064 ’

2304 5163 2423 5231 τῆς.
2470 5159 2690 5229 Ἐπειδὴ
2728 5156 2859 5226 γοῦν
2895 5158 3069 5212 πολλὰ
3112 5159 3371 5230 τυγχάνει
3402 5160 3473 5215 τά
3505 5160 3641 5233 πρὸς
3669 5154 3847 5225 γνῶσιν

2305 5252 2441 5307 Θεοῦ
2475 5253 2569 5306 καὶ
2598 5253 2803 5325 ἀρετὴν
2827 5251 3138 5324 ζητούμενα
3159 5256 3274 5316 τοῖς
3295 5253 3665 5318 πιστεύωσιν,
3685 5243 3845 5303 ἁπαλ-

2305 5346 2451 5419 λαγὴ
2477 5345 2694 5411 παθῶν,
2741 5345 2993 5417 ὑπομονὴ
3034 5346 3384 5418 πειρασμῶν,
3428 5346 3640 5418 ἀρετῶν
3676 5342 3841 5408 λόγοι.

2301 5442 2493 5511 τρόποι
2526 5436 2840 5508 ἤνεργειῶν,
2885 5436 3153 5508 ὲξήλωσις
3185 5437 3288 5508 τῆς
3319 5439 3456 5511 πρὸς
3487 5440 3662 5509 σάρκα
3682 5435 3842 5502 ἐμπα-

2304 5530 2432 5592 θοῦς
2480 5529 2775 5593 διαθέσεως
2804 5567 2820 5594 ,
2849 5528 3184 5595 άποέςένωσις
3209 5530 3308 5601 τῆς
3347 5531 3484 5603 πρὸς
3524 5531 3594 5585 τὰ
3636 5513 3843 5589 αίσθητὰ

2304 5621 2403 5692 τῆς
2463 5620 2805 5691 αἰσθήσεως,
2856 5621 3096 5691 σχέσεως
3152 5620 3249 5675 τοῦ
3307 5620 3401 5676 νοῦ
3441 5617 3702 5689 παντελὴς
3749 5604 3843 5665 ἀπὸ
