4148 6554
314 428 451 496 1385

1570 432 1654 494 ΙΝ
1692 433 1751 492 S.
1795 434 2261 499 MATTHJEUM.

3418 413 3550 521 15386

304 546 524 599 πάντων
579 541 690 598 τῶν
737 543 1043 613 γεγονότων
1098 544 1451 616 ἀναχώρησις
1475 588 1488 611 ,
1544 548 1640 601 καὶ
1691 546 1868 611 ἀπῖκῶς

1984 550 2225 617 virtutis,
2256 551 2455 607 similia
2494 553 2672 610 studio
2707 554 2923 629 fideque
2965 570 3270 629 quaerentes
3313 564 3556 621 iuveuiﬁ

302 636 480 707 μυρία
506 634 646 691 ἄλλα
677 636 784 689 cici
804 636 943 707 πρὸς
969 638 1182 707 ἀποχὴν
1205 637 1428 703 κακίας,
1448 639 1545 692 καὶ
1569 638 1842 707 ἀγνωσίας
1858 653 1872 670 ’

302 726 645 796 κατόρθωσιν
702 727 762 780 δὲ
807 726 1064 795 γνώσεως
1111 726 1208 781 καὶ
1266 728 1503 799 ἀρετῆς,
1541 729 1613 783 τὰ
1648 730 1880 787 τοιαῦτα

300 816 597 889 ζητοῦντες
629 818 769 889 μετά
797 819 1114 891 ἐπιστήμης
1135 820 1233 873 καὶ
1267 820 1505 885 πίστεως
1530 820 1839 893 ληψόμεθα.

370 928 397 962 γε
432 909 595 964 Λίθον
623 910 682 964 δν
720 910 1132 980 ἀπεδοκίμασαν
1171 911 1222 965 οἱ
1252 912 1696 984 οίκοδομοῦντες,
1723 910 1878 978 οὗτος

301 1002 534 1073 ἐγενήθη
566 1003 647 1064 είς
667 1001 910 1073 κεφαλὴν
941 1002 1165 1070 γωνίας.
1194 1020 1213 1055 ι

384 1092 821 1164 Ἀπεδοκιμάσθη
846 1094 875 1146 6
904 1093 1100 1165 Σωτὴρ
1124 1092 1272 1157 λίθος
1308 1091 1383 1146 ὣν
1408 1095 1682 1160 ἐκλεκτὸς,
1724 1097 1874 1166 παρά

297 1184 409 1240 τῶν
440 1184 762 1254 ὀφειλόντων
791 1183 1022 1254 ὠφελεῖν
1045 1184 1144 1255 τὴν
1175 1183 1285 1236 τῶν
1324 1185 1596 1238 Ἰουδαίων
1629 1203 1877 1257 συναγω-

297 1280 425 1350 γήν.
474 1277 635 1331 Ἀλλά
676 1277 899 1346 γέγονεν
940 1277 1021 1339 είς
1068 1274 1310 1345 κεφαλὴν
1343 1275 1568 1344 γωνίας.
1601 1277 1778 1349 Γωνίᾳ
1821 1278 1876 1332 δὲ

297 1368 626 1441 παρεικάζει
655 1368 714 1421 τὸ
747 1367 989 1440 Γράμμα
1014 1365 1077 1419 τὸ
1108 1366 1272 1437 ἱερὸν,
1305 1365 1402 1437 τὴν
1441 1366 1734 1435 συνάφειαν
1770 1368 1877 1421 τῶν

297 1462 392 1516 δύο
430 1459 598 1523 λαῶν,
637 1460 779 1531 φημὶ
820 1459 885 1529 δὴ
923 1456 1016 1512 τοῦ
1060 1458 1278 1531 Ἰσραὴλ
1316 1459 1411 1513 καὶ
1452 1458 1546 1512 τοῦ
1593 1459 1651 1526 ἐξ
1682 1458 1873 1515 ἐθνῶν.

302 1553 527 1607 Ἐκτισε
557 1551 666 1625 γὰρ
692 1554 719 1605 6
750 1550 939 1623 Σωτὴρ
972 1553 1099 1615 τοὺς
1132 1550 1225 1604 δύο
1256 1550 1422 1615 λαοὺς
1451 1552 1531 1615 είς
1560 1552 1657 1605 ἕνα
1689 1553 1876 1607 καινὸν

296 1645 604 1716 ἄνθρωπον.
657 1644 842 1698 Ἐοικε
882 1642 939 1697 δὲ
977 1644 1036 1699 τὸ
1078 1644 1270 1717 χρῆμα
1309 1644 1483 1716 γωνίᾳ
1527 1643 1622 1699 δύο
1662 1646 1874 1717 τοίχους

298 1735 667 1811 συναπτούσῃ.
726 1737 813 1800 Ὠς
857 1736 968 1807 γὰρ
1019 1738 1053 1808 ἡ
1102 1737 1273 1806 γωνία
1304 1737 1397 1791 δύο
1442 1738 1640 1808 τοίχων
1681 1738 1875 1802 ἓνωσις

294 1826 524 1895 γίνεται,
556 1827 692 1898 πρὸς
736 1827 1003 1897 ἀλλήλους
1039 1826 1235 1893 αὐτοὺς
1267 1827 1665 1897 διασφίγγουσα
1687 1870 1702 1896 ,
1736 1830 1874 1897 πρὸς

2053 926 2217 983 Vens.
2249 929 2339 983 Ω.
2379 949 2398 983 ι
2438 930 2692 1002 Lapidem
2739 949 2902 1005 quem
2953 943 3385 1008 reprobat-erunt
3419 949 3551 1005 :edi-

1981 1017 2224 1087 ilcantes,
2259 1021 2344 1076 hic
2375 1021 2550 1078 factus
2578 1034 2662 1080 est
2695 1026 2749 1081 in
2787 1039 2945 1095 caput
2971 1034 3204 1100 anguli.»

2046 1110 2381 1182 Reprobatus
2401 1124 2483 1171 est
2517 1116 2771 1175 Salvator
2800 1120 2935 1189 lapis
2981 1123 3213 1193 electus,
3253 1128 3321 1183 ab
3357 1131 3423 1187 iis
3460 1133 3550 1202 qui

1980 1203 2239 1275 adjuvare
2277 1206 2542 1263 debebant
2584 1207 2889 1266 Judaeorum
2936 1213 3294 1286 Synagogam,
3336 1222 3432 1279 sed
3468 1223 3552 1278 l'a-

1980 1304 2100 1350 ctus
2133 1304 2217 1351 est
2247 1298 2299 1351 in
2340 1309 2499 1367 caput
2528 1300 2727 1369 anguli.
2782 1302 2992 1375 Angulo
3036 1317 3215 1363 autem
3252 1312 3553 1373 assimilant

1979 1401 2147 1441 sacrae
2175 1386 2469 1459 Scriptura:
2514 1392 2911 1449 connexionem
2953 1397 3182 1454 duorum
3209 1404 3550 1472 populorum.

1978 1475 2554 1550 lsraelis,inquam,ac
2578 1484 2854 1554 gentium;
2885 1491 3162 1547 constituit
3187 1495 3331 1550 enim
3363 1496 3555 1553 Salva-9

1980 1576 2066 1622 tor
2097 1571 2232 1626 duos
2264 1576 2486 1642 populos
2517 1574 2571 1629 in
2605 1591 2771 1632 unum
2823 1594 3017 1635 novum
3049 1583 3325 1642 hominem
3361 1603 3378 1643 :
3410 1591 3551 1645 assi-
3634 1596 3638 1600 ’

1979 1661 2162 1718 milata
2191 1674 2371 1721 autem
2399 1676 2482 1723 est
2516 1669 2631 1726 haec
2656 1687 2744 1727 res
2771 1673 2967 1743 angulo
2986 1676 3123 1732 duos
3144 1680 3381 1749 parietes
3419 1698 3552 1740 con-

1972 1751 2241 1826 jungeuti.
2296 1756 2367 1813 Ut
2392 1760 2537 1816 enim
2566 1763 2800 1834 angulus
2824 1765 3054 1822 duorum
3089 1784 3372 1830 murorum
3422 1777 3552 1833 unio

1979 1852 2082 1909 est,
2123 1846 2190 1901 ad
2232 1847 2465 1905 invicem
2512 1866 2606 1907 eos
2635 1865 2963 1912 connectens
3001 1857 3357 1920 indissolubili
3386 1881 3550 1937 nexu,

294 1916 581 1972 ἀδιάλυτον
609 1919 861 1990 συνοχὴν,
900 1919 1075 1987 οὕτως
1118 1920 1215 1977 καὶ
1242 1922 1274 1991 ἡ
1308 1919 1480 1990 γωνία
1514 1920 1675 2021 αὕτη,
1706 1923 1868 2021 ἤγουν

3125 1914 3165 1916 η
3189 1914 3357 1920 “ﬁ---
3387 1914 3550 1937 πη,

1976 1936 2050 1991 ita
2077 1939 2243 1995 etiam
2269 1940 2357 1996 hic
2384 1943 2633 2014 angulus,
2666 1956 2855 2005 saneta
2894 1951 3107 2009 scilicet
3128 1952 3393 2021 Ecclesia,
3419 1961 3553 2015 duo-

293 2009 329 2081 ὴ
361 2010 492 2078 ἀγία
518 2008 813 2080 Ἐκκλησία
843 2009 954 2064 τῶν
971 2010 1064 2064 δύο
1095 2010 1244 2065 λαῶν
1273 2012 1497 2082 γέγονεν
1524 2011 1715 2077 ἓνωσις
1748 2013 1872 2066 καθ’

289 2100 388 2154 ἕνα
436 2101 672 2168 πίστεως
718 2103 876 2171 λόγον
907 2103 1171 2176 ἀλλήλους
1214 2103 1507 2158 συνδέουσα
1556 2103 1693 2175 πρὸς
1745 2106 1872 2174 μίαν

294 2192 599 2262 σφίγγουσα
640 2193 944 2264 σύμπνοιαν
979 2188 1047 2268 ἦς
1077 2196 1474 2269 ἀκρογωνιαῖος
1498 2196 1645 2261 λίθος
1676 2199 1702 2251 6
1730 2196 1871 2270 Χρι-

290 2287 439 2351 στὸς,
469 2287 545 2351 ὡς
570 2285 782 2359 κεφαλὴ
811 2286 906 2340 τοῦ
939 2286 1142 2352 παντὸς
1180 2287 1451 2358 σώματος.

870 2400 1124 2457 ΚΕΦΑΛ.
1171 2404 1295 2458 KA'.

368 2530 389 2565 ι
408 2513 468 2568 '0
492 2512 551 2565 δὲ
575 2514 875 2577 ὑπομείνας
902 2517 984 2577 είς
1007 2515 1069 2568 τὸ
1098 2516 1273 2581 τέλος,
1304 2510 1459 2580 οὗτος
1487 2517 1813 2589 σωθήσεται.
1845 2539 1866 2577 t

374 2685 570 2742 Ἷστέον
603 2689 683 2749 ὅτι
736 2690 917 2751 πάντα,
937 2691 1007 2746 τὰ
1046 2691 1183 2747 ἀλλα
1214 2695 1385 2766 πάθη,
1422 2694 1457 2765 ἢ
1499 2695 1598 2750 τοῦ
1635 2698 1869 2769 θυμικοῦ

292 2777 493 2847 μέρους
533 2778 634 2845 τῆς
671 2777 851 2850 ψυχῆς
881 2781 1186 2848 ἐφάπτεται
1237 2784 1418 2853 μόνον,
1454 2786 1487 2858 ἢ
1533 2786 1628 2841 τοῦ
1655 2787 1871 2842 ,ἐπιθυ-

291 2863 556 2938 μητικοῦ,
612 2868 645 2939 ἢ
690 2869 785 2922 καὶ
824 2868 920 2922 τοῦ
950 2870 1281 2939 λογιστικοῦ,
1311 2874 1386 2939 ὡς
1433 2875 1645 2948 macer,
1691 2878 1787 2935 καὶ
1834 2881 1869 2951 η

287 2956 499 3026 ἄγνοια.
545 2956 611 3012 'H
659 2958 717 3012 δὲ
746 2960 947 3031 ἀκηδία
994 2963 1188 3018 πασῶν
1224 2981 1333 3018 των
1367 2966 1465 3033 τῆς
1493 2964 1673 3038 ψυχῆς
1710 2968 1869 3025 δυνά-

288 3231 604 3305 βαρύτερον.
639 3234 837 3298 Καλῶς
863 3232 957 3289 οὖν
987 3238 1016 3290 6
1048 3236 1251 3307 Κύριος
1274 3238 1335 3291 τὸ
1368 3238 1491 3293 κατ’
1520 3241 1693 3315 αὐτῆς
1726 3244 1867 3315 φάρ-
1895 3253 1937 3312 C

290 3339 463 3393 μακον
485 3323 734 3389 δεδωκὼς
760 3325 888 3396 ἔφη·
933 3327 1036 3381 Ἐν
1055 3325 1128 3394 τῇ
1154 3328 1432 3398 ὑπομονῇ
1452 3330 1621 3399 ὑμῶν
1643 3334 1868 3399 κτήσα-

284 3416 399 3466 σθε
424 3413 531 3479 τὰς
562 3414 767 3484 ψυχὰς
796 3414 985 3484 ὑμῶν,
1018 3419 1052 3470 ὁ
1081 3415 1149 3470 δὲ
1186 3418 1517 3488 ὑπομείνας
1545 3424 1634 3488 είς
1659 3423 1867 3494 τέλος,

285 3497 469 3567 οὗτος
492 3502 852 3569 σωθήσεται.

369 3612 390 3646 ι
423 3594 598 3648 Ὅπου
623 3597 732 3667 γὰρ
760 3598 857 3651 ἐὰν
950 3598 1013 3651 τὸ
1041 3600 1264 3671 πτῶμα,
1297 3603 1414 3655 ἐκεῖ
1443 3605 1868 3678 συναχθήσονται

284 3686 382 3741 καὶ
413 3689 463 3739 οἱ
497 3688 667 3744 ἀετοί.
705 3709 724 3742 ι

354 3779 521 3848 Λέγει
550 3782 608 3835 δὲ
650 3784 744 3836 καὶ
774 3782 961 3855 ἕτερον
996 3790 1241 3858 σημεῖον,
1289 3788 1482 3845 Ὅπου
1518 3793 1584 3847 τὸ
1634 3793 1864 3864 πτῶμα,

279 3870 409 3925 ἐκεῖ
449 3873 943 3942 συναχθήσονται
978 3877 1079 3933 καὶ
1114 3881 1167 3933 οι
1197 3879 1392 3945 ἀετοί,
1432 3880 1493 3934 τὸ
1525 3881 1729 3954 πλῆθος
1758 3886 1868 3941 τῶν

281 3963 554 4032 ἀγγέλων,
588 3965 696 4021 τῶν
721 3966 1037 4040 μαρτύρων,
1061 3968 1168 4024 τῶν
1199 3971 1371 4038 ἁγίων
1385 3972 1642 4029 ἁπάντων
1663 3976 1863 4046 δηλῶν.

282 4053 486 4124 Νοητοί
507 4057 644 4111 εἰσιν
664 4059 838 4125 ἀετοὶ,
862 4061 912 4113 οἱ
945 4061 1083 4133 μηδὲ
1103 4063 1202 4133 τῆς
1231 4069 1563 4138 νεκρωτικῆς
1587 4068 1866 4139 ἁμαρτίας

282 4146 530 4218 ἔχοντες,
574 4153 708 4222 μηδὲ
740 4155 852 4218 τοῖς
882 4156 1243 4229 χαμαιζήλοις
1285 4161 1607 4233 πράγμασιν
1645 4166 1868 4241 ἐνηλού-

286 4255 460 4309 μενοι,
492 4242 605 4295 ἀλλ’
653 4244 937 4314 ὑψιπετεῖς
984 4250 1085 4320 τὴν
1127 4251 1329 4323 ἀρετὴν
1364 4253 1459 4307 καὶ
1490 4254 1591 4325 τὴν
1635 4257 1860 4323 γνῶσιν,

283 4332 381 4385 καὶ
410 4338 471 4387 τὸ
503 4338 601 4402 τῆς
631 4324 823 4407 ψυχῆς
859 4339 1015 4411 ὄμμα
1047 4341 1288 4413 καθαρὸν
1323 4324 1560 4414 ἔχοντες,
1584 4349 1723 4420 πρὸς
1757 4351 1860 4423 τὴν

280 4423 374 4475 τοῦ
408 4423 549 4477 θείου
579 4426 757 4494 φωτὸς
796 4431 994 4487 ἀκτῖνα
1024 4433 1277 4499 ἀσλαῦῶς
1307 4436 1647 4505 ἀτενίζοντες
1670 4480 1685 4507 ,
1721 4442 1863 4496 κατὰ

280 4514 409 4579 τοὺς
427 4517 722 4590 αἰσθητοὺς
744 4523 957 4588 ἀετούς.
978 4527 1040 4579 Οἱ
1062 4527 1296 4581 τοιοῦτοι
1318 4528 1412 4584 οὖν
1433 4531 1569 4585 ὅπου
1587 4533 1621 4603 η
1636 4534 1860 4605 ἀπαρχὴ

278 4605 376 4661 τοῦ
424 4609 693 4682 ἡμετέρου
739 4613 991 4685 σώματος
1039 4618 1504 4690 συναχθήσονται,
1551 4626 1645 4677 καὶ
1687 4626 1861 4691 οὓτως
1897 4619 1938 4673 Ῑ)

281 4700 511 4784 πάντοτε
538 4704 635 4757 σὺν
665 4707 857 4778 Κυρίῳ
885 4708 1123 4766 ἔσονται.

854 4819 1108 4876 ΚΕΦΑΛ.
1152 4823 1262 4877 KE’

356 4957 376 4991 ι
422 4941 713 5014 Πορευθεὶς
760 4946 815 5000 δὲ
842 4948 870 5001 6
899 4948 967 5004 τὰ
1000 4952 1159 5006 πέντε
1188 4956 1423 5012 τάλαντα
1449 4959 1651 5028 λαϐὼν,
1677 4963 1864 5032 εἰργά-

280 5047 414 5085 σατο
451 5034 508 5085 ὲν
542 5035 749 5104 αὐτοῖς,
781 5041 875 5095 καὶ
898 5045 1153 5117 ἐποίησεν
1184 5049 1318 5105 ἄλλα
1346 5054 1509 5107 πέντε
1541 5055 1800 5109 τάλαντα.
1835 5077 1853 5108 ι

357 5225 376 5258 ι
423 5207 700 5276 Ὡσαύτως
747 5215 842 5269 καὶ
885 5215 912 5269 6
961 5221 1027 5273 τὰ
1070 5221 1196 5291 δύο,
1240 5225 1501 5301 ἐκέρδησε
1554 5230 1648 5285 καὶ
1698 5232 1859 5298 αὺτὶς

276 5295 416 5352 ἀλλα
444 5300 556 5356 δύο.
597 5323 616 5355 ι

352 5393 593 5459 Εἰκότως
623 5398 679 5452 δὲ
704 5401 731 5453 6
760 5400 826 5454 τὰ
855 5402 1014 5457 πέντε
1044 5405 1423 5475 διπλασιάσας,
1452 5414 1547 5467 καὶ
1578 5418 1607 5469 6
1629 5418 1697 5471 τὰ
1728 5418 1853 5485 δύο,

276 5487 378 5555 τῆς
401 5488 569 5559 αὐτῆς
599 5490 791 5560 ἔτυχον
817 5494 1108 5566 ἀποδοχῆς.
1128 5499 1347 5573 Ἐπειδὴ
1369 5505 1476 5575 γὰρ
1496 5508 1593 5579 οὐχ
1622 5511 1654 5581 ἡ
1685 5512 1853 5582 ρᾳθυ-

280 5576 377 5648 μία
409 5578 631 5645 τούτου,
668 5582 788 5633 οὐδὲ
820 5583 854 5654 ἡ
892 5586 1169 5655 προθυμία
1201 5590 1430 5658 ἐκείνου,
1462 5576 1653 5669 ἀλλῖή,
1675 5576 1855 5672 παρα-

275 5668 594 5740 καταθήκης
639 5673 872 5742 ποσότης
907 5678 1338 5749 παρεσκεύασεν,
1371 5686 1439 5754 ἣν
1471 5680 1604 5758 πρὸς
1630 5668 1732 5762 τὴν
1757 5668 1852 5746 δύ-

273 5777 440 5831 ναμιν
466 5762 575 5814 τῶν
622 5764 1014 5835 ἐργασαμένων
1044 5768 1275 5825 δέδωκεν
1314 5776 1342 5826 ὁ
1376 5778 1674 5851 Δεσπότης,
1708 5784 1850 5837 εἰκό-

272 5869 379 5917 τως
408 5855 436 5905 6
468 5853 685 5919 ἔπαινος
714 5859 741 5909 6
765 5859 947 5922 αὐτὸς,
976 5863 1024 5915 εί
1050 5864 1142 5916 καὶ
1175 5867 1250 5936 μὴ
1339 5870 1599 5941 πρόσοδος
1625 5874 1657 5945 ἠ
1686 5877 1846 5947 αὐτήο

589 5947 865 6017 Ρλτιιοι.
903 5957 1016 6016 Gn.
1050 5959 1355 6025 LXXXV.

1978 2043 2096 2084 rum
2124 2032 2444 2101 populorum
2488 2036 2628 2093 facta
2662 2042 2792 2096 unio
2833 2051 2919 2099 est
2965 2045 3125 2102 unius
3169 2047 3290 2104 ﬁdei
3341 2052 3551 2110 ratione

1975 2118 2207 2178 invicem
2268 2125 2545 2203 colligata,
2595 2129 2647 2183 in
2721 2147 2886 2189 unam
2947 2140 3403 2209 conspirationem
3454 2160 3550 2207 eos

1973 2213 2347 2286 compingens,
2404 2216 2557 2285 cujus
2620 2224 2895 2297 angularis
2944 2228 3081 2298 lapis
3134 2230 3386 2290 Christus
3441 2246 3547 2307 est,

1975 2314 2229 2378 tanquam
2256 2321 2416 2380 caput
2452 2315 2619 2373 totius
2641 2322 2909 2389 corporis.

2560 2428 2717 2485 CAP.
2783 2431 2978 2490 XXIV.

1972 2562 1975 2565 π
2040 2537 2130 2593 45.
2166 2558 2186 2591 ι
2219 2538 2319 2607 Qui
2347 2550 2524 2597 autem
2553 2548 2982 2613 perseveraverit
3013 2549 3063 2603 in
3094 2552 3274 2615 linem.
3315 2557 3399 2613 hic
3430 2561 3542 2619 sal-

1976 2642 2077 2685 vus
2106 2631 2230 2687 erit.
2247 2651 2264 2683 ι

2045 2719 2340 2778 Sciendum
2370 2732 2454 2780 est
2489 2741 2677 2784 omnes
2707 2729 2839 2787 alias
2865 2734 3141 2803 passiones
3187 2750 3393 2810 partem
3431 2746 3549 2801 ani~

1972 2828 2094 2882 mm,
2132 2824 2224 2870 aut
2270 2817 2602 2874 irascibilem
2642 2824 2913 2896 attingere
2950 2836 3179 2899 tantum,
3212 2843 3305 2889 aut
3340 2851 3546 2893 concu-

1967 2903 2291 2974 pisclbilem,
2329 2919 2422 2963 aut
2460 2912 2801 2981 rationalem,
2834 2928 2994 2988 prout
3021 2924 3240 2993 expulsa
3278 2938 3360 2985 est
3388 2930 3545 3001 igno-

1970 2995 2169 3052 rantia.
2202 2996 2405 3053 Acedia
2430 3016 2558 3057 vero
2585 3018 2775 3063 omnes
2811 3008 3007 3067 animae
3031 3017 3299 3083 potentias
3342 2995 3549 3091 suppri-

1970 3100 2146 3153 mens,
2182 3103 2371 3145 omnes
2397 3094 2799 3161 quodammodo
2829 3099 2987 3157 simul
3023 3116 3201 3161 movet
3242 3110 3546 3180 passiones,

1971 3178 2200 3249 ideoque
2255 3180 2376 3237 aliis
2445 3186 2699 3245 omnibus
2756 3194 3099 3261 passionibus
3167 3201 3387 3270 gravior
3438 3215 3546 3263 est.

1970 3361 2067 3426 xit,
2103 3359 2170 3415 In
2200 3365 2451 3430 patientia
2498 3381 2667 3423 vestra
2711 3376 3041 3441 possidebitis
3088 3382 3295 3438 animus
3324 3399 3544 3459 vestras,

1967 3453 2059 3520 qui
2082 3464 2253 3511 autem
2286 3465 2692 3528 perseveraverit
2729 3482 2893 3524 usque
2940 3470 2996 3526 in
3025 3471 3197 3541 ﬁnem,
3243 3477 3328 3532 hic
3371 3481 3545 3537 salvus

1967 3545 2085 3599 erit.

2043 3634 2209 3692 Vens.
2238 3639 2331 3695 28.
2371 3662 2389 3692 ι
2428 3644 2745 3718 Ubicunque
2779 3649 2942 3735 fuerit
2988 3670 3211 3726 corpus,
3249 3660 3357 3715 illic
3409 3679 3544 3717 cnu-

1971 3729 2340 3797 gregabuntur
2369 3744 2423 3791 et
2449 3739 2697 3808 aquilm.»

2050 3820 2213 3878 Aliud
2242 3836 2421 3883 autem
2449 3830 2614 3886 etiam
2662 3833 2873 3903 signum
2923 3841 3199 3909 proponit,
3251 3840 3354 3899 Ubi
3381 3846 3544 3915 fuerit

1968 3925 2180 3982 corpus,
2218 3913 2330 3971 illic
2383 3923 2844 3993 congregabantur
2891 3938 2939 3981 et
2972 3931 3187 3998 aquilw,
3242 3913 3544 3993 multitudi-

1970 4017 2093 4059 nem
2132 4008 2468 4077 angelorum,
2507 4024 2802 4088 martyrum
2833 4028 2887 4073 et
2936 4032 3248 4081 sanctorum
3297 4031 3538 4086 omnium

1967 4097 2273 4158 declarans.
2343 4101 2624 4174 Spiritalcs
2649 4110 2842 4178 aquin
2892 4123 3019 4169 sunt
3058 4117 3237 4173 omnis
3272 4122 3539 4178 mortiferi

1966 4192 2172 4257 peccati
2203 4205 2476 4264 expertes,
2500 4213 2673 4269 neque
2703 4201 2769 4255 ad
2810 4218 2897 4260 res
2930 4215 3172 4264 terrenas
3203 4211 3416 4280 abiecti,
3447 4216 3539 4270 sed

1968 4279 2071 4334 alta
2108 4290 2372 4353 petentes,
2425 4289 2678 4347 virtutem
2739 4308 2802 4350 ac
2860 4279 3364 4369 cognitionem,“
3406 4321 3541 4376 pum

1968 4373 2162 4429 animae
2189 4378 2441 4444 praeditos
2473 4382 2629 4437 oculo
2660 4385 2727 4438 ad
2798 4385 2937 4443 lucis
2993 4392 3173 4448 radios
3228 4395 3347 4450 sine
3400 4414 3535 4453 noxa

1965 4466 2432 4535 contemplandos,
2509 4481 2567 4527 ut
2617 4477 2903 4533 sensibiles
2936 4480 3155 4550 aquilae.
3218 4481 3536 4554 llujusmudi

1968 4553 2131 4624 igitur
2164 4559 2252 4614 ubi
2285 4563 2456 4617 nostri
2486 4568 2729 4634 corporis
2775 4569 3029 4639 primitias
3085 4553 3429 4644 colligentur,
3464 4578 3533 4634 ita

1969 4663 2183 4719 semper
2218 4653 2383 4709 etiam
2410 4671 2534 4711 cum
2569 4657 2796 4716 Domino
2824 4673 3007 4720 erunt.

2575 4850 2730 4908 CAP.
2761 4852 2930 4911 XXV.

2040 4974 2203 5031 Vsus.
2233 4978 2320 5034 l6.
2384 4998 2405 5033 ι
2439 4982 2584 5039 Abiit
2635 4995 2841 5052 autem,
2875 4986 2975 5058 qui
3024 4988 3264 5058 quinque
3326 4992 3530 5049 talenta

1964 5078 2275 5134 acceperat,
2312 5080 2371 5126 et
2419 5085 2672 5141 operatus
2724 5089 2809 5135 est
2848 5080 2901 5135 in
2951 5080 3055 5143 eis.
3087 5091 3142 5135 ut
3179 5082 3417 5139 lucratus
3448 5096 3535 5141 est

1964 5157 2067 5210 alia
2099 5160 2336 5229 quinque
2373 5165 2625 5222 talenta.»
2822 5174 2839 5185 '

2037 5249 2205 5308 Vens.
2239 5255 2328 5310 l7.
2361 5256 2656 5317 «Similiter
2685 5272 2742 5319 et
2788 5262 2882 5334 qui
2913 5266 3040 5331 duo,
3070 5266 3309 5323 lucratus
3351 5278 3434 5325 est
3476 5278 3532 5324 et

1964 5341 2077 5412 ipse
2105 5345 2207 5399 alia
2237 5347 2361 5403 duo.
2377 5369 2396 5403 ι
3510 5402 3511 5407 η

2029 5433 2223 5492 Merito
2258 5450 2437 5499 autem
2464 5442 2550 5499 hic
2581 5445 2821 5515 quinque
2855 5449 3172 5517 duplicavit.
3210 5459 3263 5506 et
3304 5450 3394 5507 ille
3423 5451 3531 5508 duo

1958 5536 2056 5590 pro
2085 5540 2171 5589 ea,
2200 5545 2361 5598 quam
2392 5535 2565 5588 sortiti
2612 5546 2763 5593 sunt.
2789 5538 3068 5606 portione:
3094 5557 3218 5597 cum
3245 5544 3389 5597 enim
3422 5558 3527 5598 non

1960 5615 2173 5683 ignavia
2207 5619 2389 5687 hujus,
2434 5639 2606 5693 neque
2633 5628 2773 5685 illius
2800 5630 3105 5701 alacritate,
3145 5634 3238 5690 sed
3293 5634 3525 5702 depositi

1955 5709 2411 5774 quantitateillud
2445 5714 2646 5770 factum
2694 5720 2785 5785 sit,
2830 5737 2993 5790 quam
3043 5738 3141 5790 pro
3178 5725 3522 5793 operantium

1961 5799 2158 5850 virtute
2186 5798 2332 5853 dedit
2373 5801 2647 5869 Dominus,
2678 5810 2869 5864 merito
2891 5811 3007 5867 laus
3041 5812 3255 5876 eadem,
3277 5812 3379 5867 etsi
3403 5828 3528 5881 pru-

1963 5897 2153 5942 tentus
2176 5888 2318 5944 idem
2349 5908 2453 5949 non
2504 5895 2577 5951 sit
2629 5898 2916 5970 bonorum,
2974 5918 3206 5973 quorum
3259 5903 3382 5974 quis
3434 5904 3525 5965 Dei

3097 5995 3173 6057 44
