4148 6582
615 415 746 483 1387

1771 408 2105 469 ΑΜΜΟΝΙΙ
2146 408 2674 469 ALEXANDRINI

3731 407 3871 476 1388

610 532 781 605 gratia
817 528 1084 599 particeps
1118 525 1196 591 ﬁt,
1224 540 1287 581 ac
1312 524 1432 580 aliis
1484 525 1603 581 sine
1634 523 1833 579 invidia
1883 524 2188 580 communi—

2291 518 2364 577 ὧν
2396 524 2622 595 μετέσχε
2649 540 2734 587 τις
2760 522 2899 577 κατά
2933 520 3069 576 Θεοῦ
3100 523 3259 594 χάριν
3290 523 3535 593 ἀγαθῶν,
3568 524 3664 577 καὶ
3695 524 3873 590 ἄλλοις

611 640 737 682 care
767 623 943 677 debet.
998 617 1176 673 Gratis
1203 619 1369 684 enim,
1422 617 1615 686 inquit,
1683 617 1980 685 accepistis,
2018 616 2185 685 gratis

609 721 749 774 date.
782 715 884 784 Qui
917 728 1047 769 vero
1071 711 1173 767 sub
1200 719 1342 766 terra
1368 710 1652 764 abscondit
1675 708 1933 763 talentum
1967 724 2062 762 seu
2089 708 2187 761 do-

610 827 764 876 num,
802 820 1055 878 tanquam
1085 814 1310 870 sortem,
1336 803 1699 858 calumniatur
1728 800 2034 865 Dominum,
2060 815 2185 870 par-

609 905 795 975 citque
821 900 1001 966 carui,
1032 898 1291 953 virtutem
1326 895 1725 951 exterminans.

1194 1095 1347 1152 CAP.
1382 1094 1571 1149 XXVI.

682 1214 845 1270 Vens.
879 1211 970 1265 20.
1025 1232 1041 1262 ι
1073 1207 1316 1278 Vespere
1360 1215 1544 1261 autem
1600 1204 1767 1270 facto,
1820 1202 2188 1258 discumbebat

608 1321 729 1362 Cum
764 1303 1045 1373 discipulis
1069 1304 1233 1357 suis.»
1440 1314 1445 1317 '

682 1394 848 1451 Vens.
894 1395 987 1448 21.
1030 1391 1129 1447 «Ει
1182 1390 1465 1446 edentibus
1495 1387 1602 1443 illis
1627 1387 1799 1442 dixit:
1868 1386 2037 1440 Amen
2066 1386 2187 1441 dico

608 1490 780 1552 vobis,
809 1487 933 1557 quia
958 1500 1095 1539 unus
1124 1493 1364 1537 vestrum
1392 1496 1477 1535 me
1514 1481 1811 1533 traditurus
1838 1486 1972 1532 est.)

686 1580 1021 1651 Przrparatio
1084 1576 1299 1647 quidem
1352 1572 1632 1628 Paschalis
1674 1571 1815 1627 facta
1864 1578 1968 1633 est,
2028 1583 2184 1623 coena

609 1681 921 1738 autemest,
955 1678 1009 1726 et
1060 1668 1295 1722 nomium
1347 1663 1636 1720 Paschalis
1688 1662 1979 1717 comestio:
2017 1675 2188 1728 neque

609 1762 750 1819 enim
770 1763 984 1817 habitus
1016 1770 1096 1814 est
1121 1759 1324 1812 Pascha
1351 1754 1771 1821 comedentinm,
1799 1756 1892 1808 sed
1922 1754 2189 1807 recnbne-

611 1866 735 1911 runt
760 1862 1062 1910 cmuantes.
1091 1848 1372 1917 Quomodo
1398 1857 1601 1910 autem,
1630 1847 1673 1901 si
1713 1845 1919 1900 Pascha
1944 1846 2187 1900 comede-
2218 1904 2219 1907 η

609 1956 759 2006 runt.
787 1954 972 2000 contra
1002 1944 1169 2011 legem
1204 1939 1592 1995 comederunt?
1624 1935 1752 2010 (non
1784 1939 1944 1993 enim
1966 1937 2047 1992 fas
2070 1948 2188 1991 erat

610 2039 895 2095 comedere
918 2030 1401 2102 recumbentibus.)
1444 2029 1712 2097 Quidnam
1779 2031 1945 2100 igitur
1999 2026 2188 2083 dicen-

609 2130 773 2186 dum?
829 2130 970 2200 quod
1029 2133 1311 2197 postquam
1386 2125 1760 2187 comederunt,
1826 2120 2191 2178 réc‘ubuerunt

611 2224 866 2293 deinceps
916 2221 1003 2285 qui
1039 2218 1405 2272 contcderant.
1463 2215 1614 2269 Alius
1654 2226 1832 2270 autem
1857 2206 2187 2283 evangelista

610 2316 764 2380 dicit,
797 2314 863 2367 ad
895 2327 1172 2380 vesperam
1206 2309 1351 2362 illam
1383 2323 1485 2362 non
1513 2309 1813 2363 comedisse
1865 2302 2038 2361 solum
2060 2294 2184 2360 Pai-

610 2407 765 2468 scha,
816 2404 911 2457 sed
963 2412 1019 2456 et
1080 2401 1287 2455 dixisse
1351 2417 1367 2455 :
1418 2399 1689 2453 Desiderio
1745 2399 2040 2453 desideravi
2094 2398 2188 2451 hoc

611 2493 824 2549 Pascha
853 2492 1174 2547 manducare
1233 2491 1572 2556 vobiscum‘,
1604 2490 1656 2545 id
1702 2501 1807 2555 est,
1867 2492 1968 2544 hoc
2024 2503 2188 2543 anno.

612 2587 722 2642 Cur
747 2584 1150 2653 tandem‘tquia
1182 2592 1295 2636 tum
1342 2581 1520 2637 futura
1569 2594 1689 2637 erat
1719 2582 1868 2636 orbis
1924 2592 2189 2636 terrarum

612 2679 865 2744 salvatio,
921 2692 985 2731 ac
1063 2676 1447 2747 mysteriorum
1538 2675 1784 2740 traditio,
1848 2675 2190 2744 tristiumque

613 2787 711 2842 per
758 2779 989 2825 mortem
1038 2770 1261 2835 solutio,
1306 2770 1378 2822 ita
1409 2768 1480 2822 illi
1505 2783 1636 2822 crux
1665 2778 1985 2836 emtgrata.

690 2865 850 2918 Vens.
875 2863 964 2919 29.
997 2879 1015 2913 ι
1060 2860 1188 2917 Dico
1209 2870 1388 2914 autem
1422 2860 1573 2916 vobis
1602 2858 1756 2914 :Non
1792 2862 1969 2915 bibam
1996 2860 2188 2916 amodo

614 2960 680 3013 de
706 2958 808 3011 hoc
837 2956 1110 3027 genimine
1140 2954 1289 3017 vitis,
1321 2967 1493 3020 usque
1516 2952 1567 3007 in
1627 2952 1769 3007 diem
1829 2953 1999 3018 illum,
2064 2934 2187 3006 cum

616 3050 743 3106 illud
782 3049 961 3105 bibam
994 3062 1192 3103 novum
1225 3045 1505 3101 vobiscum
1538 3044 1591 3099 in
1632 3060 1798 3115 regno
1820 3044 1998 3101 Patris
2024 3046 2183 3100 mei.»

2220 1906 2262 1961 Β

2288 616 2539 685 ἀφθόνως
2584 613 2906 685 μεταδοῦναι
2951 612 3234 685 χρεώστης
3276 614 3414 668 ἑστι.
3451 615 3685 682 Δωρεὰν
3730 615 3875 684 γὰρ⁹

2289 710 2476 781 φησὶν,
2505 707 2769 773 ἐλάϐετε,
2802 709 3032 777 δωρεὰν
3075 707 3231 762 δότε.
3277 707 3336 761 '0
3362 707 3421 760 δὲ
3458 707 3566 760 ὑπὸ
3593 710 3696 777 γῆν
3733 706 3875 777 κρύ-

2288 818 2438 854 πτων
2474 800 2535 854 τὸ
2579 801 2861 867 τάλαντον,
2907 802 3074 872 ἤγουν
3104 800 3205 869 τὴν
3262 799 3495 870 δωρεὰν,
3525 799 3598 863 ὡς
3645 799 3875 869 κληρὸν,

2288 888 2563 945 διαὸάλλει
2594 891 2685 943 τὸν
2726 890 2930 963 Κύριον
2959 891 3133 959 φειδοῖ
3164 891 3265 962 τῆς
3298 890 3503 961 σαρκὸς
3543 891 3643 960 τὴν
3670 888 3875 959 ἀρετὴν

2290 980 2676 1053 ὲξομνύμενος.

2744 1078 2747 1079 ⁷
2855 1095 3105 1148 ΚΕΦΑΛ.
3152 1096 3297 1161 Kq'.

2366 1229 2384 1263 ι
2458 1210 2647 1281 Ὀψίας
2693 1209 2748 1263 δὲ
2793 1211 3096 1280 γενομένης
3144 1208 3393 1263 ἀνέκειτο
3443 1209 3583 1279 μετά
3623 1208 3730 1262 τῶν
3768 1206 3875 1263 δώ-

2288 1302 2443 1355 δέκα.
2482 1321 2501 1353 ›

2366 1416 2384 1447 ι
2428 1395 2536 1447 Καὶ
2560 1393 2848 1447 ὲσθιόντων
2889 1391 3093 1455 αὐτῶν,
3117 1387 3291 1445 εἶπενο
3337 1388 3513 1463 Ἀμὴν
3542 1392 3689 1461 λέγω
3713 1392 3870 1464 ὑμῖν,

2287 1491 2373 1544 ὅτι
2398 1485 2475 1553 εἷς
2505 1488 2562 1554 ἐξ
2588 1487 2743 1557 ὑμῶν
2768 1484 3095 1556 παραδώσει
3135 1503 3224 1557 με.
3264 1504 3280 1535 ι

2366 1582 2437 1634 Ἠ
2472 1582 2569 1651 μὲν
2612 1577 2900 1649 ὲτοιμασία
2939 1577 3131 1646 γέγονε
3175 1575 3268 1630 τοῦ
3312 1576 3527 1647 Πάσχα⁶
3573 1577 3787 1631 δεῖπνον
3816 1577 3873 1630 δέ

2294 1674 2434 1737 ἐστι,
2472 1673 2569 1726 καὶ
2596 1671 2748 1725 οὔπω
2778 1670 2873 1724 τοῦ
2906 1670 3096 1740 Πάσχα
3126 1668 3350 1740 βρῶσις.
3383 1669 3518 1722 Οὐδὲ
3542 1669 3655 1739 γὰρ
3684 1670 3872 1739 σχῆμα

2287 1767 2347 1819 τὸ
2370 1766 2556 1834 Πάσχα
2574 1764 2883 1824 ἐσθιόντων,
2910 1761 3026 1815 ἀλλ’
3053 1762 3331 1816 ἀνέκειντο
3352 1760 3715 1825 δειπνοῦντες.
3752 1761 3873 1824 Πῶς

2289 1856 2345 1908 δὲ
2375 1857 2424 1908 εί
2453 1848 2514 1907 τὸ
2536 1853 2726 1924 Πάσχα
2766 1852 2953 1925 ἤσθιον
2984 1851 3322 1924 παρανόμως
3353 1852 3579 1922 ἤσθιονς
3624 1850 3735 1921 (Ob
3766 1852 3875 1923 γάρ

2291 1940 2679 2017 ἀνακειμένους
2708 1944 2818 1997 ἔδει
2850 1942 3103 2013 φαγεῖν.)
3138 1942 3203 1995 Τί
3241 1936 3334 1995 οὖν
3367 1940 3513 1995 ἐστιν
3546 1941 3719 1993 εἰπεῖν
3746 1958 3760 2006 ;
3792 1941 3876 1994 ὅτι

2295 2041 2431 2110 μετά
2459 2039 2519 2092 τὸ
2541 2040 2734 2108 φαγεῖν
2761 2037 3040 2089 ἀνέκειντο
3063 2033 3248 2088 λοιπὸν
3288 2032 3612 2104 ἐσθιόμενοι,
3635 2033 3877 2105 (Έτερος

2290 2133 2347 2207 es
2377 2130 2772 2201 εύαγγελιστής
2805 2128 3001 2199 φησιν,
3028 2127 3109 2180 ὅτι
3145 2126 3286 2181 κατά
3326 2128 3425 2197 τὴν
3452 2126 3696 2195 ἑσπέραν
3733 2124 3877 2178 ὲκεί-

2291 2241 2389 2295 νην
2412 2222 2512 2276 οὐκ
2546 2214 2700 2293 ἤσθιε
2745 2218 2905 2291 μόνον
2947 2220 3007 2290 τὸ
3047 2218 3264 2289 Πάσχα,
3314 2218 3433 2271 ἀλλ’
3462 2217 3670 2287 ἔλεγεν·
3716 2218 3877 2270 Ἐπι-

2296 2315 2475 2384 θυμϊᾳ
2504 2314 2854 2382 ἐπεθύμησα
2899 2309 2966 2364 τὸ
3024 2306 3255 2379 Πάσχα
3294 2307 3468 2364 τοῦτο
3508 2308 3721 2380 φαγεῖν
3746 2309 3875 2376 μεθ’

2294 2405 2481 2476 ὑμῶν,
2532 2406 2773 2459 τουτέστι
2812 2403 2955 2457 κατὰ
2981 2403 3073 2459 τὸν
3121 2402 3366 2455 ἐνιαυτὸν
3410 2401 3620 2456 τοῦτον.
3667 2400 3733 2453 Τί
3781 2401 3876 2469 δή·

2291 2518 2421 2554 ποτε
2451 2518 2465 2568 ;
2491 2501 2576 2554 ὃτι
2604 2500 2725 2553 τότε
2755 2498 2949 2569 ἔμελλε
2972 2497 3073 2567 τῆς
3102 2496 3487 2567 οίκουμένηςή
3522 2494 3768 2567 σωτηρία
3797 2494 3877 2562 γίο

2291 2593 2498 2655 νεσθαι,
2534 2591 2628 2644 καὶ
2665 2592 2733 2645 τὰ
2763 2590 3037 2661 μυστήρια
3070 2587 3495 2659 παραδίδοσθαι,
3539 2592 3634 2641 καὶ⁵
3674 2586 3745 2639 τά
3786 2586 3881 2638 λι.-

2290 2686 2446 2756 πηρὰ
2474 2684 2699 2738 λύεσθαι
2730 2683 2818 2738 διὰ
2848 2682 2943 2737 τοῦ
2990 2682 3246 2735 θανάτου.
3281 2680 3437 2734 Οὕτω
3469 2681 3609 2734 κατά
3652 2678 3878 2749 γνώμην

2292 2776 2443 2847 αὐτῷ
2474 2778 2503 2829 ό
2530 2774 2763 2846 σταυρὸς
2794 2770 2883 2845 ἦν.

2369 2886 2387 2921 ‹
2425 2868 2586 2936 Λέγω
2617 2867 2675 2920 δὲ
2710 2867 2865 2937 ὑμῖν,
2899 2867 2982 2920 ὅτι
3012 2865 3087 2919 Οὐ
3124 2866 3197 2935 μὴ
3234 2864 3342 2918 πίω
3369 2864 3465 2919 ἀπ’
3503 2864 3627 2933 ἄρτι
3656 2866 3719 2919 ὲκ
3753 2863 3877 2917 τού-

2286 2977 2382 3015 του
2416 2958 2518 3012 τοῦ.
2552 2959 2888 3028 γεννήματος
2928 2958 3028 3027 τῆς
3060 2957 3334 3027 ἀμπέλου,
3376 2956 3482 3019 ἓως
3526 2956 3625 3026 τῆς
3660 2957 3878 3025 ἡμέρας

2291 3051 2527 3121 ἐκείνης,
2560 3052 2687 3104 ὅταν
2718 3050 2849 3103 αὐτὸ
2882 3050 3023 3103 πίνω
3051 3048 3170 3119 μεθ’
3195 3048 3347 3119 ὑμῶν
3376 3048 3558 3102 καινὸν
3592 3049 3650 3101 ὲν
3678 3050 3743 3119 τῇ
3778 3045 3879 3116 βα-

2291 3145 2465 3215 σιλείᾳ
2494 3144 2585 3197 τοῦ
2616 3143 2831 3213 Πατρός
2872 3159 2996 3213 μου.
3033 3161 3052 3193 r

696 3230 728 3283 ί
736 3229 807 3284 ιιιὶ
841 3239 997 3298 potus
1033 3243 1137 3281 non
1169 3234 1375 3280 tantum
1429 3226 1808 3281 necessitatem
1844 3225 2044 3296 explet,
2099 3241 2188 3280 ve—

2320 3238 2325 3241 ’
2373 3239 2438 3291 Ἠ
2474 3237 2566 3291 τοῦ
2616 3238 2762 3291 οἴνου
2814 3237 2970 3300 πόσις
3006 3237 3068 3288 οὐ
3107 3236 3298 3307 χρείαν
3338 3234 3652 3304 ἀποπληροῖ
3692 3235 3875 3305 μόνον,

615 3339 732 3377 rum
760 3323 921 3377 etiam
956 3319 1326 3375 umnimodam
1362 3318 1520 3372 atl‘ert
1579 3320 1761 3373 sensui
1832 3319 2187 3387 voluptatem.

615 3418 743 3473 Post
771 3413 1223 3471 resurrectionem
1249 3422 1426 3467 autem
1458 3428 1486 3465 a
1519 3414 1768 3479 mortuis,
1796 3414 2042 3467 abstersa
2091 3413 2191 3466 bu-

618 3522 901 3564 nnanorum
927 3520 1212 3574 corporum
1246 3505 1615 3574 corruptione,
1641 3505 1752 3573 ipsa
1772 3519 1985 3574 quoque
2009 3518 2189 3557 rerum

618 3612 810 3656 natura
847 3599 913 3653 ad
960 3597 1255 3651 novitatem
1292 3595 1687 3663 transferetur;
1718 3598 1852 3652 adeo
1903 3606 1963 3650 ut
1990 3604 2045 3651 et
2076 3595 2189 3669 ipsa

618 3702 804 3747 nostra
835 3689 1019 3743 helitia
1061 3702 1197 3741 nova
1232 3686 1304 3741 sit
1329 3685 1529 3742 futura.
1561 3685 1787 3740 Latitiae
1820 3696 2002 3740 autem
2051 3700 2192 3753 sym-

616 3784 798 3840 bolum
850 3789 935 3835 est
987 3778 1098 3834 vini
1132 3778 1379 3844 haustus,
1409 3791 1568 3847 quem
1602 3792 1797 3831 novum
1826 3789 2041 3845 quoque
2076 3774 2188 3828 lieri

610 3875 710 3939 ait,
734 3872 1026 3927 secundum
1049 3871 1190 3940 quod
1222 3885 1285 3924 ex
1310 3885 1376 3925 eo
1401 3870 1680 3938 contingit,
1713 3869 1762 3922 id
1785 3878 1890 3934 est,
1909 3866 2148 3921 laetitiam
2175 3883 2190 3931 ;

615 3965 833 4021 secedet
881 3962 1023 4017 enim
1082 3971 1201 4030 post
1224 3962 1677 4016 resurrectionem
1734 3960 1968 4014 humana
2001 3968 2189 4012 natura

610 4056 684 4109 ab
712 4062 927 4109 assueta
956 4051 1056 4107 sibi
1113 4060 1441 4121 terrenaque
1494 4050 1876 4112 delectatione,
1938 4050 2192 4103 transibit

608 4155 798 4199 autem
831 4143 898 4197 ad
944 4141 1256 4196 deliciarum
1332 4142 1652 4204 novitatem,
1726 4139 1899 4209 ipsius
1940 4139 2191 4193 videlicet

612 4235 855 4290 omnium
879 4240 1119 4287 nostrum
1148 4232 1463 4286 Servatoris
1489 4228 1717 4293 Christi,
1747 4228 1967 4288 insitam
2001 4243 2065 4283 ac
2094 4244 2190 4299 ge-

616 4329 834 4386 nuinam
888 4324 1124 4378 lzetitiam
1152 4323 1440 4376 animabus
1488 4336 1672 4375 eorum
1728 4319 1820 4391 qui
1850 4323 1935 4390 pie
1956 4319 2036 4391 lac
2062 4320 2191 4375 reli-

612 4420 766 4490 giose
823 4432 946 4472 eum
1006 4418 1191 4471 colunt
1247 4413 1610 4476 immittentis,
1673 4428 1738 4468 ac
1798 4413 2188 4467 convenienter

612 4512 883 4567 mensuris
911 4504 1335 4574 uniuscujusque
1378 4503 1801 4570 distribuentis;
1840 4501 1952 4557 fore
2004 4511 2183 4556 autem

2284 3331 2429 3384 ’ἀλλά
2451 3332 2543 3383 καὶ
2571 3329 2941 3399 παμποίκιλον
2964 3328 3157 3399 ἡδονὴν
3178 3331 3244 3399 τῇ
3273 3327 3524 3399 αἰσθήσει
3550 3329 3872 3399 προσφέρει·

2295 3422 2432 3492 μετὰ
2476 3422 2532 3474 δὲ
2569 3420 2668 3493 τὴν
2706 3421 2771 3473 ὲκ
2814 3420 3028 3491 νεκρῶν
3064 3421 3384 3482 ἀνάστασιν,
3416 3419 3878 3489 ἀποτιναχθείσης

2288 3516 2388 3585 τῆς
2434 3513 2641 3583 φθορᾶς
2683 3512 2791 3565 τῶν
2840 3509 3198 3581 ἀνθρωπίνων
3250 3509 3542 3580 σωμάτων,
3595 3511 3691 3563 καὶ
3736 3509 3874 3579 αὑτὴ

2288 3605 2401 3658 τῶν
2432 3604 2772 3674 πραγμάτων
2794 3604 2828 3672 ἠ
2861 3602 3025 3670 φύσις
3051 3601 3187 3672 πρὸς
3208 3601 3502 3671 καινότητα
3531 3600 3878 3672 μετοικισθῆ-

2294 3714 2468 3759 σεται,
2505 3695 2645 3749 ὥστε
2678 3695 2775 3748 καὶ
2809 3693 2979 3765 αὐτὴν
3018 3692 3177 3763 ὴμῶν
3217 3692 3315 3764 τὴν
3346 3693 3689 3763 εὐφροσύνην
3735 3688 3875 3746 εἶναι

2291 3791 2506 3858 καινήν.
2541 3785 2892 3860 Εὑφροσύνης
2918 3785 2974 3838 δὲ
3005 3785 3272 3856 σύμϐολον
3298 3785 3360 3838 τὸ
3388 3785 3449 3849 ἐξ
3476 3784 3620 3838 οῖνου
3654 3787 3865 3856 κρᾶμα,

2294 3882 2322 3935 ὃ
2372 3882 2468 3934 καὶ
2519 3878 2848 3949 γεγενῆσθαί
2896 3895 3029 3947 φησι
3078 3878 3263 3932 καινὸν
3304 3878 3440 3932 κατά
3495 3878 3556 3931 τὸ
3601 3878 3661 3943 ἐξ
3709 3880 3873 3932 αὑτοῦ

2293 3971 2610 4040 συμϐαῖνον,
2659 3970 2907 4023 τουτέστι
2970 3970 3068 4041 τὴν
3116 3970 3479 4041 εὐφροσύνην·
3526 3970 3874 4041 ἀναχωρήσει

2290 4061 2401 4130 γὰρ
2431 4058 2569 4130 μετά
2598 4059 2698 4129 τὴν
2726 4058 3023 4113 ἀνάστασιν
3055 4060 3087 4128 ή
3115 4058 3209 4111 τοῦ
3235 4058 3525 4130 ἀνθρώπου
3551 4059 3744 4128 φύσις,
3774 4060 3875 4129 τῆς

2289 4152 2424 4223 αὐτῇ
2452 4152 2721 4222 συνήθους
2745 4152 2840 4204 καὶ
2867 4151 3063 4222 γηῒνης
3090 4151 3367 4222 τέρψεως,
3401 4155 3784 4225 μεταχωρήσει
3816 4155 3873 4207 δὲ

2286 4244 2428 4316 πρὸς
2471 4244 2766 4315 καινότητα
2790 4244 3004 4315 τρυφῆς
3023 4285 3037 4309 ,
3066 4244 3231 4296 αὐτοῦ
3259 4244 3501 4315 δηλονότι
3527 4245 3622 4298 τοῦ
3657 4248 3873 4299 πάντων

2288 4336 2447 4408 ἡμῶν
2488 4337 2738 4407 Σωτῆρος
2778 4334 3018 4406 Χριστοῦ
3056 4338 3157 4409 τὴν
3200 4337 3443 4407 ἔμφυτον
3472 4337 3567 4392 καὶ
3616 4338 3754 4391 ἰδίαν
3782 4339 3874 4391 εὐ-

2291 4428 2565 4498 φροσύνην
2589 4433 2710 4490 ταῖς
2731 4426 2841 4479 τῶν
2865 4426 3175 4499 σεϐομένων
3200 4430 3362 4484 αὐτὸν
3392 4432 3627 4494 ὶνιέντος
3649 4432 3870 4501 ψυχαῖς,

2290 4521 2385 4573 καὶ
2410 4519 2692 4587 ἀναλόγως
2721 4521 2833 4583 τοῖς
2860 4520 3090 4574 ἑκάστου
3123 4524 3350 4593 μέτροις
3388 4522 3755 4593 διανέμοντοςν
3794 4523 3874 4575 ὅτι

614 4619 713 4657 nos
744 4602 797 4655 in
826 4597 1200 4669 spiritualibus
1226 4594 1452 4657 laetitiis,
1477 4593 1694 4648 divinus
1728 4605 1879 4648 vates
1904 4592 2074 4647 David
2106 4607 2186 4646 se-

2291 4611 2345 4662 ὃὲ
2376 4612 2432 4663 ὲν
2464 4610 2830 4681 εὐφροσύναις
2850 4612 3086 4683 ἐσόμεθα
3120 4592 3337 4684 νοηταῖς
3366 4616 3395 4668 ό
3420 4592 3562 4678 θεῖος
3589 4616 3737 4684 ἡμᾶς
3770 4617 3873 4668 Δα-

613 4709 742 4748 cure
768 4686 1041 4762 promittit
1064 4686 1252 4740 dicens
1297 4698 1313 4738 :
1352 4683 1768 4761 lnebriabuntur
1825 4685 1889 4738 ab
1948 4685 2186 4737 ubertate

614 4789 801 4839 domus
828 4793 957 4845 tum,
985 4787 1033 4833 et
1067 4788 1298 4833 torrente
1344 4778 1625 4848 voluptatis
1652 4788 1755 4833 tua:
1794 4779 1999 4849 potabis
2025 4795 2111 4833 eos
2129 4777 2186 4844 ἰς

617 4874 889 4947 Sapientia
922 4886 1049 4927 vero
1104 4886 1290 4926 rursus
1349 4872 1531 4925 vinum
1565 4874 1617 4926 iu
1665 4872 1833 4928 calice
1858 4872 2091 4927 miscens
2132 4882 2188 4925 et

612 4979 917 5037 proponens
945 4977 1110 5033 panes
1155 4980 1169 5017 :
1231 4961 1426 5030 Venite,
1452 4958 1691 5033 inquit‘,
1724 4965 1974 5019 comedit:
1996 4979 2185 5033 panem

610 5068 803 5120 ineunt,
837 5068 881 5109 et
921 5057 1078 5109 bibite
1106 5056 1281 5109 riuum
1306 5057 1447 5127 quod
1476 5058 1661 5111 miscui
1686 5056 1853 5110 vobis.

612 5252 615 5279 ς
687 5233 853 5290 Vens.
871 5234 961 5290 54.
981 5235 1291 5302 «Quomodo
1320 5250 1449 5307 ergo
1480 5235 1846 5304 implebantur
1867 5234 2181 5305 Scriptume,

611 5328 737 5397 quia
770 5328 848 5381 sic
887 5336 1099 5398 oportet
1132 5328 1283 5383 ﬁeri?
1319 5347 1338 5380 ι

685 5420 859 5475 Divini
889 5422 1091 5475 artioris
1121 5421 1339 5476 stimulo
1398 5420 1616 5489 quidem
1650 5420 1859 5476 incitati
1936 5423 2185 5491 dlSt'ipttli

574 5562 578 5566 Α
610 5510 817 5580 gladios
845 5512 1152 5566 eduxerunt
1194 5510 1450 5565 insultum
1477 5506 1828 5580 repellentes:
1859 5511 1973 5566 ﬁeri
2005 5524 2185 5566 nutum

610 5603 976 5659 bocChristus
1017 5617 1125 5657 non
1156 5601 1441 5671 permittit.
1515 5601 1673 5656 Dedit
1700 5613 1881 5658 autem
1935 5621 2030 5674 per
2086 5610 2186 5660 huc

606 5695 776 5753 etiam
809 5695 970 5751 uoltis
1026 5703 1234 5765 typum,
1288 5693 1689 5766 quodammodo
1752 5699 2073 5753 charitatcin
2106 5702 2187 5769 ip-

677 5850 707 5889 ³
736 5850 863 5908 Luc.
898 5864 1030 5916 xxtt,
1068 5850 1156 5906 15.
1231 5850 1251 5883 ⁴
1282 5850 1425 5910 Psal.
1455 5868 1617 5918 xxxv,
1645 5853 1697 5907 9.
1775 5855 1794 5885 ⁸
1826 5853 1986 5910 Prom
2018 5871 2093 5921 tx,
2123 5856 2177 5911 5.

2295 4700 2379 4753 6ἰδ
2438 4699 2844 4771 πληροφορήσει
2918 4701 3124 4771 λέγων’
3185 4703 3686 4771 Μεθυσθήσονται
3755 4705 3870 4759 ἀπὸ

2299 4793 2579 4859 πιότητος
2605 4793 2775 4846 οἴκου
2801 4807 2939 4859 σου,
2968 4795 3065 4849 καί
3093 4794 3201 4849 τὸν
3222 4796 3580 4866 χειμὰρῤουν
3608 4795 3720 4865 τῆς
3746 4814 3875 4866 τρυ-

2297 4881 2419 4952 φῆς
2450 4900 2567 4936 σου
2599 4884 2821 4950 ποτιεῖς
2854 4887 3098 4950 αὐτούς.
3142 4887 3208 4939 Ἦ
3259 4888 3420 4956 σοφία
3464 4887 3521 4940 δὲ
3566 4887 3749 4950 πάλιν,
3783 4888 3872 4939 τὸν

2297 4974 2494 5045 ἑαυτῆς
2514 4970 2656 5027 οἶνον
2678 4976 2959 5046 κεράσασα
2984 4978 3062 5040 εἰς
3080 4978 3332 5050 κρατῆρα
3350 4978 3444 5033 καὶ
3467 4978 3731 5050 προθεῖσα
3746 4981 3871 5044 τοὺς

2296 5066 2517 5136 ἄρτους·
2565 5067 2825 5130 Ἕλθετε,
2863 5069 3034 5137 φησὶ,
3072 5071 3289 5139 φάγετε
3330 5071 3438 5124 τὸν
3482 5070 3631 5141 ἐμὸν
3668 5072 3871 5142 ἄρτον,

2296 5160 2393 5212 καὶ
2425 5158 2589 5212 πίετε
2620 5155 2807 5225 οἶνον,
2843 5161 2915 5213 ὃν
2953 5163 3248 5229 κεκέρακα
3280 5164 3442 5232 ὑμῖν.

2373 5265 2391 5297 ι
2443 5247 2567 5311 Πῶς
2605 5244 2701 5302 οὖν
2732 5249 3095 5321 πληρωθῶσιν
3130 5252 3186 5304 αἱ
3218 5252 3454 5322 Γραφαὶ,
3503 5252 3587 5306 ὅτι
3627 5252 3770 5307 οὕτω
3798 5252 3881 5307 δεῖ

2295 5337 2550 5406 γενέσθαι
2576 5354 2590 5402 ;
2631 5356 2649 5390 ι

2368 5426 2457 5498 Τῷ
2504 5430 2690 5498 μέντοι
2755 5429 3030 5497 φιλοθείας
3102 5432 3314 5503 κέντρῳ
3373 5432 3779 5506 διανυττόμενοι
3828 5437 3878 5489 οἱ

2300 5521 2560 5591 μακάριοι
2607 5520 2850 5592 μαθηταὶ
2900 5524 3177 5595 μαχαίρας
3217 5528 3624 5581 ἐπανετείνοντο
3672 5531 3877 5581 ἀποσο-

2296 5613 2519 5676 ϐοῦντες
2545 5613 2643 5686 τὴν
2670 5614 2874 5685 ἔφοδον.
2908 5616 3027 5670 Οὐκ
3054 5618 3120 5689 ἑᾷ
3162 5619 3218 5672 δὲ
3252 5618 3411 5673 τοῦτο
3446 5620 3704 5689 γενέσθαι
3739 5622 3878 5692 Χρι-

2296 5704 2439 5769 στός.
2470 5704 2680 5759 Δέδωκε
2710 5706 2766 5760 δὲ
2811 5708 2905 5762 καὶ
2938 5710 3071 5781 ἡμῖν
3118 5710 3302 5775 αὐτοῖς
3340 5710 3509 5768 τύπον
3541 5712 3629 5768 διὰ
3676 5714 3871 5767 τούτου
