4148 6566
304 418 440 485 1389
1576 418 1657 479 IN
1698 416 1757 477 S.
1800 416 1883 476 ME

1989 414 2270 475 .‘HXEUM.
3431 408 3569 483 1390

300 534 423 587 τινά
463 533 527 604 δὴ
557 535 757 605 τρόπον
790 534 891 605 τῆς
926 535 1093 589 αὐτοῦ
1134 534 1358 603 ἀγάπης
1390 530 1742 602 ἀντέχεσθαι,
1795 528 1883 582 καὶ

1992 530 2109 584 sius
2131 528 2476 598 praeferendi,
2500 537 2555 583 et
2578 544 2859 600 quousque
2886 531 3179 588 extendere
3207 546 3455 601 oporteat
3484 540 3567 591 in-

304 625 469 697 μέχρι
503 627 647 691 τινος
675 628 1012 683 ἐκτείνεσθαι
1045 628 1128 682 δεῖ
1163 629 1257 681 τὸν
1294 625 1436 696 ὑπὲρ
1470 624 1571 695 τῆς
1602 625 1683 687 είς
1722 622 1883 677 αὐτὸν

1989 634 2210 675 censum
2240 621 2293 674 in
2325 620 2475 675 eum‘
2502 621 2720 690 pietatis
2781 622 2954 677 zelum
2985 639 2999 687 ;
3053 639 3159 678 nou
3198 626 3342 679 enim
3373 626 3570 697 gladiis

302 718 585 783 εὐσεϐείας
613 721 989 789 ἀναπτόμενον
1016 720 1201 791 ζῆλον,
1237 718 1298 771 οὐ
1331 718 1440 788 γάρ
1475 734 1558 770 τοι
1588 714 1883 786 μαχαίραις

1990 708 2064 764 ιιιί
2099 725 2196 765 nos
2226 709 2362 776 vult,
2390 711 2483 766 sed
2511 724 2690 768 meme
2721 716 2902 784 potius
2924 731 2988 770 ac
3015 715 3294 773 intellectu
3326 726 3567 789 utentes,

302 812 450 881 ἡμᾶς
477 812 772 882 κεχρῆσθαι
799 810 1070 882 βούλεται,
1100 809 1287 879 εὐνοίᾳ
1312 808 1369 861 δὲ
1404 807 1608 877 μᾶλλον
1635 807 1731 859 καὶ
1759 822 1883 858 συν-

1989 810 2244 858 excutere
2276 805 2577 874 generatim
2605 819 2700 861 eos
2735 809 2825 877 qui
2868 811 3130 865 contrarii
3157 820 3332 884 sunt.

303 899 418 953 έσει
457 902 775 972 χρωμένους
803 900 1155 957 ἀποσείεσθαι
1185 898 1455 969 γεννικῶς
1479 898 1607 962 τοὺς
1630 896 1701 951 δι’
1732 896 1889 949 ἐναν-

299 989 475 1053 τίους.
944 1032 951 1037 .

869 1109 1120 1162 ΚΕΦΑΛ.
1162 1107 1292 1164 KZ'.

378 1238 397 1271 ι
436 1221 508 1273 Τὸ
533 1220 579 1273 δ’
608 1221 736 1276 αὐτὸ
763 1222 857 1276 καὶ
886 1222 1080 1296 λῃσταὶ
1111 1224 1160 1277 οἱ
1193 1222 1672 1296 συσταυρωθέντες
1705 1218 1878 1293 αὐτῷ,

299 1311 576 1378 ὠνείδιζον
601 1314 765 1385 αὐτῷ.
806 1334 825 1366 ι

375 1406 535 1459 Ἔστι
563 1406 766 1478 λῃστὴς
797 1406 1119 1478 εὐγνώμων,
1149 1409 1177 1461 6
1205 1406 1307 1461 κᾶν
1338 1406 1427 1460 ἐπ’
1458 1406 1591 1461 αὐτὸ
1623 1406 1683 1461 τὸ
1710 1407 1884 1479 πέρας

298 1498 398 1568 τῆς
430 1499 713 1569 παρούσης
742 1501 1032 1572 γενόμενος
1064 1501 1210 1571 ζωῆς
1233 1541 1247 1567 ,
1282 1500 1452 1555 ἐλθὼν
1482 1504 1562 1565 εἰς
1592 1502 1885 1573 συναίσθη-

301 1606 386 1643 σιν
409 1590 517 1643 τῶν
553 1591 1062 1664 πλημμεληθέντων
1090 1592 1239 1663 αὐτῷ
1265 1591 1434 1646 αἰτῶν
1470 1592 1797 1663 συγγνώμην
1820 1596 1884 1646 ἐκ

300 1681 497 1752 βάθους
521 1683 696 1754 ψυχῆς
717 1679 791 1739 ὧν
807 1686 1075 1759 ἥμαρτεν.
1111 1684 1407 1756 Ἀγνώμων
1427 1685 1484 1737 δὲ
1505 1684 1710 1755 λῃστής
1736 1687 1883 1738 ἐστιν

304 1774 333 1825 6
366 1776 487 1827 κατ’
519 1775 647 1828 αὐτὸ
674 1774 734 1828 τὸ
768 1776 942 1847 πέρας
970 1778 1067 1847 τῆς
1096 1775 1270 1846 ζωῆς,
1298 1776 1389 1830 τὸν
1412 1776 1553 1829 κατὰ
1577 1776 1759 1846 ψῆφον
1791 1792 1880 1828 τε-

300 1864 460 1918 θέντα
476 1866 600 1938 ὃρον
620 1866 712 1918 τού
736 1865 1007 1938 μερισμοῦ
1039 1870 1133 1938 τῆς
1159 1866 1340 1937 ψυχῆς
1359 1866 1468 1920 ἀπὸ
1487 1866 1581 1920 τοῦ
1608 1866 1880 1937 σώματος,

297 1956 372 2020 ὡς
413 1956 487 2028 μὴ
536 1958 719 2022 καλῶς
763 1957 986 2012 δοθέντα
1033 1959 1120 2012 διὰ
1164 1956 1463 2027 φιλοζωΐαν
1502 1958 1879 2030 μεμφόμενος.

300 2049 410 2102 Καὶ
437 2047 594 2113 αὖθις
628 2049 831 2122 λῃστής
858 2051 1004 2103 ἐστιν
1032 2044 1353 2121 εὐγνώμων,
1378 2052 1407 2105 6
1445 2050 1533 2105 διὰ
1561 2052 1659 2120 τῆς
1684 2067 1885 2104 παντε-

298 2140 424 2203 λοῦς
448 2141 554 2195 τῶν
590 2142 780 2195 παθῶν
816 2140 1137 2213 νεκρώσεως
1168 2141 1531 2206 καταξιωθεὶς
1563 2157 1883 2212 συσταυρω-

300 2233 457 2303 θῆναι
503 2232 753 2304 Χριστῷ,
797 2234 1048 2287 τουτέστι
1104 2236 1241 2305 μετὰ
1288 2234 1450 2301 λόγου
1486 2233 1583 2286 καὶ
1630 2232 1883 2301 γνώσεως

300 2329 479 2380 πᾶσαν
508 2326 720 2391 διεξιὼν
772 2327 995 2398 ἀρετήν·
1036 2325 1306 2397 ἀγνώμων
1342 2326 1398 2379 δὲ
1438 2327 1467 2379 6
1504 2324 1755 2388 ὑπούλως
1790 2324 1884 2378 τὸν

299 2422 420 2473 κατ’
484 2420 686 2492 ἀρετὴν
744 2420 858 2491 βίον
901 2420 1363 2491 ὑποκρινόμενος,
1421 2418 1632 2481 σκολιὸς
1683 2418 1739 2471 δὲ
1785 2416 1885 2487 τὴν

298 2513 525 2583 γνώμην
548 2513 642 2569 ὢν.
674 2514 770 2566 ’ον
795 2512 879 2566 δεῖ
895 2512 1295 2583 ἐπιστομίζεινο
1323 2511 1454 2575 ἴσως
1475 2512 1586 2580 γὰρ
1612 2509 1884 2564 παύσεται

301 2604 393 2658 τοῦ
416 2605 721 2659 διαϐάλλειν
756 2605 844 2659 διά
871 2604 970 2675 τῆς
1009 2603 1217 2667 οἰκείας
1240 2604 1589 2674 ἀναστροφῆς
1611 2603 1701 2656 τὸν
1729 2602 1886 2671 λόγον

301 2698 366 2767 τῇ
405 2697 724 2768 παραινέσει
754 2697 849 2748 τοῦ
889 2695 1336 2765 ἐπιπλήττοντος.
1386 2692 1628 2746 Ἔστιδέ
1670 2695 1728 2747 ἐν
1752 2695 1885 2764 ήμϊν

304 2788 464 2842 πάλιν
484 2788 558 2851 ὡς
576 2788 675 2859 μὲν
704 2788 905 2862 λῃστής
930 2786 1201 2857 ἀγνώμων
1219 2788 1247 2840 6
1274 2785 1374 2857 τῆς
1400 2786 1602 2857 σαρκὸς
1622 2786 1787 2856 νόμος
1807 2785 1886 2857 τῷ

300 2879 446 2951 λόγῳ
480 2884 577 2949 τῆς
616 2882 816 2952 ἀρετῆς
844 2879 1207 2934 ἀντιπίπτων·
1233 2878 1310 2943 ὡς
1346 2878 1553 2951 λῃστὴς
1579 2878 1637 2932 δέ
1680 2878 1887 2947 εὐγνώ⁶

305 2990 421 3044 μων
446 2976 474 3027 6
500 2974 597 3027 τοῦ
624 2974 939 3042 πνεύματος
974 2974 1137 3043 νόμος
1160 3012 1175 3035 ,
1201 2972 1294 3026 τὸν
1321 2972 1552 3044 Σωτῆρα
1593 2972 1754 3041 λόγον
1794 2972 1885 3026 διὰ

300 3066 412 3118 τῶν
432 3066 572 3118 κατὰ
595 3066 694 3136 τὴν
718 3067 1028 3136 πρακτικὴν
1071 3066 1290 3136 τρόπων
1313 3065 1436 3135 (κᾶν
1460 3064 1706 3118 ἐπίπονοι
1727 3056 1883 3128 ὦσιν)

302 3156 720 3227 ἀποδεχόμενος,
761 3151 805 3225 ᾧ
838 3156 1250 3227 συνεισέρχεται
1276 3154 1529 3226 γεγηθὼς
1566 3156 1647 3218 είς
1672 3154 1763 3208 τὸν
1787 3155 1887 3225 τῆς

2567 1091 2723 1150 CAP.
2750 1094 2967 1151 XXVII.

2060 1202 2224 1260 Vens.
2247 1205 2336 1259 Η.
2371 1224 2390 1258 ι
2425 1204 2663 1277 ldipsum
2699 1219 2950 1265 autemet
2972 1211 3234 1279 latrones,
3262 1219 3353 1288 qui
3384 1223 3565 1278 crucia

1990 1296 2079 1350 [ixi
2109 1308 2264 1351 crant
2296 1313 2416 1352 cum
2445 1314 2530 1366 eo,
2566 1300 3012 1370 improperabant
3038 1306 3142 1360 ei.»

2059 1385 2221 1440 Bona:
2250 1388 2446 1443 mentis
2481 1389 2621 1445 latro
2651 1402 2754 1456 est,
2786 1393 2898 1461 qui,
2927 1394 3051 1449 licet
3075 1395 3128 1450 in
3162 1398 3261 1453 hoc
3293 1398 3412 1468 ipso
3440 1402 3566 1458 vitae

1988 1478 2274 1542 praesentis
2318 1480 2549 1534 termino
2589 1484 2933 1551 constitutus,
2960 1500 3081 1539 cum
3110 1489 3177 1541 ad
3228 1505 3446 1547 sensum
3475 1508 3567 1547 ve-

1989 1569 2131 1621 nerit
2166 1583 2384 1623 suorum
2416 1578 2783 1639 peccatorum,
2814 1587 3005 1628 eorum
3033 1592 3154 1646 quae
3187 1594 3465 1647 peccarat,
3498 1599 3562 1639 ex

1988 1656 2178 1711 intimo
2206 1658 2371 1713 corde
2404 1658 2637 1728 postulat
2669 1662 3081 1727 remissionem;
3114 1665 3363 1736 ingratus
3381 1680 3565 1724 autem

1988 1748 2126 1803 latro
2147 1758 2231 1804 est
2257 1749 2351 1820 qui
2384 1752 2486 1807 hoc
2516 1752 2633 1821 ipso
2670 1753 2793 1808 vitae
2827 1756 3081 1823 termino,
3113 1763 3463 1827 pronuntiata
3481 1763 3568 1816 di-

1986 1843 2207 1895 visionis
2236 1844 2428 1897 animm
2453 1860 2482 1898 a
2518 1860 2749 1913 corpore
2787 1848 3085 1915 sententia,
3123 1850 3268 1905 illam
3308 1863 3565 1925 tauquam

1988 1950 2092 1987 non
2118 1946 2263 1990 recte
2289 1935 2490 2001 datam,
2525 1937 2594 1991 ob
2622 1937 2745 1993 vitae
2767 1954 3008 1995 amorem
3043 1954 3284 1999 accusat.
3332 1946 3411 2001 Ac
3440 1963 3565 2002 rur-

1985 2041 2078 2081 sus
2115 2028 2265 2082 bona:
2316 2030 2513 2085 mentis
2560 2029 2696 2086 latro
2743 2041 2849 2100 est,
2901 2034 2994 2105 qui
3049 2050 3148 2105 per
3196 2040 3566 2098 omnimodam

1986 2121 2299 2188 passionum
2334 2121 2839 2190 mortiﬁcationem,
2876 2126 3073 2196 dignus
3100 2138 3185 2186 est
3206 2130 3422 2188 habitus
3473 2139 3566 2205 qui

1985 2228 2107 2266 cum
2142 2212 2360 2268 Christo
2385 2214 2535 2269 cruci
2586 2215 2924 2286 adigeretur,
2980 2218 3034 2275 id
3082 2230 3170 2277 est
3199 2237 3325 2277 cum
3355 2225 3570 2280 ratione

1985 2322 2050 2362 ac
2070 2309 2381 2378 cognitione
2423 2324 2640 2366 omnem
2679 2322 2965 2369 exerceret
2998 2315 3293 2387 virtutem;
3323 2320 3566 2389 ingratus

1986 2408 2192 2465 autem,
2228 2400 2321 2469 qui
2348 2400 2535 2458 dolose
2565 2405 2734 2457 vitam
2785 2405 3088 2463 virtuosam
3134 2410 3417 2478 simulans,
3448 2430 3572 2484 per-

1984 2507 2143 2547 versa
2183 2503 2363 2548 mente
2411 2496 2649 2552 exsistit.
2701 2496 2798 2551 Cui
2854 2513 2917 2553 os
2968 2500 3261 2559 obStruere
3305 2517 3565 2577 oportet;

1989 2584 2216 2640 fortasse
2245 2586 2389 2641 enim
2419 2589 2655 2643 cessabit
2685 2606 2781 2659 per
2806 2604 2959 2646 suam
2992 2597 3408 2653 conversionem
3433 2610 3562 2669 per-

1986 2681 2253 2748 stringere
2271 2681 2533 2734 rationem
2554 2685 2887 2751 increpantis
2909 2700 2968 2739 se
2991 2701 3088 2755 per
3108 2688 3565 2751 adhortationem.

1988 2770 2182 2825 lterum
2209 2787 2337 2827 vero
2368 2773 2419 2827 in
2452 2775 2610 2830 nobis
2640 2785 2746 2841 est,
2778 2784 3035 2847 tanquam
3068 2779 3213 2837 latro
3237 2784 3456 2853 quidem
3483 2786 3569 2840 in-

1997 2874 2186 2935 gratus
2217 2866 2400 2921 carnis
2430 2866 2537 2932 lex,
2566 2868 2786 2922 virtutis
2808 2871 3327 2930 rationireluctans:
3352 2887 3428 2943 at,
3460 2879 3573 2934 vel-

1995 2968 2055 3011 ut
2110 2957 2247 3012 latro
2284 2958 2437 3013 bona:
2468 2961 2667 3013 mentis
2694 2961 2920 3028 spiritus
2949 2962 3055 3030 lex,
3097 2963 3331 3020 Verbum
3366 2968 3571 3024 Serva-

1990 3061 2160 3106 tnrem
2185 3053 2310 3105 vitae
2342 3053 2532 3106 activa:
2552 3054 2796 3107 moribus
2826 3055 2973 3126 (licet
2995 3056 3254 3113 laboriosi
3281 3060 3413 3131 sint)
3440 3077 3568 3117 sus-

1989 3142 2217 3211 cipiens,
2262 3143 2352 3214 qui
2395 3157 2517 3197 cum
2574 3145 2811 3198 introeat
2863 3148 3303 3218 appropinquans
3356 3154 3422 3207 ad
3470 3169 3572 3208 nu-

302 3248 536 3317 εὐωχξας
563 3248 747 3315 τόπον,
778 3249 869 3301 τὸν
898 3249 1079 3318 πάσης
1122 3248 1405 3316 κατάκμον
1434 3245 1755 3313 γνώσεωςω,
1788 3246 1883 3300 τοῦ

1994 3239 2227 3306 ptiarum
2255 3242 2452 3304 locum,
2491 3242 2820 3308 cognitionis
2881 3242 3059 3298 omnis
3101 3242 3491 3312 habitaculum,
3536 3260 3567 3301 ε

302 3342 446 3393 κατά
497 3340 674 3410 σάρκα
723 3342 1073 3411 φρονήματος
1116 3337 1396 3401 παντελῶς
1443 3335 1882 3407 ἀπηλλαγμένος.

304 3429 708 3498 Σπουδάσωμεν
729 3430 821 3483 οὖν
839 3430 943 3493 ἓως
968 3428 1206 3482 ἐνταῦθά
1228 3432 1413 3499 ἐσμεν,
1432 3428 1523 3481 τὸν
1549 3426 1887 3497 συσταυρού-

308 3536 471 3590 μενον
497 3521 629 3591 ἡμῖν
664 3518 987 3574 ἱλεώσασθαι
1032 3520 1225 3588 Λόγον,
1256 3518 1413 3589 εἴπερ
1442 3520 1475 3590 ή
1518 3519 1763 3589 σήμερον
1789 3516 1887 3587 τὴν

304 3612 612 3665 ἐνεστῶσαν
652 3610 843 3665 τούτου
892 3610 987 3665 τοῦ
1035 3610 1232 3674 αἰῶνος
1274 3610 1492 3682 ἡμέραν
1532 3609 1884 3663 ἐνδείκνυται.

310 3724 329 3755 ι
376 3704 624 3775 Σήμερον
657 3702 787 3775 γὰρ,
834 3703 989 3772 φησὶ,
1023 3701 1141 3773 μετ’
1168 3700 1305 3772 ἐμοῦ
1342 3700 1441 3773 ἔσῃ
1482 3701 1541 3754 ὲν
1582 3699 1661 3769 τῷ
1703 3717 1885 3771 παρα-

300 3797 483 3869 δείσῳ.
538 3816 556 3848 ι
600 3798 664 3850 Ἡ
704 3796 759 3849 δὲ
793 3795 1001 3867 αὔριον,
1037 3797 1138 3867 τὴν
1179 3794 1276 3849 τοῦ
1327 3794 1615 3864 μέλλοντος
1653 3790 1776 3845 καθ’
1820 3792 1886 3863 ἢν

302 3888 558 3959 οὐδεμίαν
584 3888 777 3956 ἄφεσιν
804 3887 1225 3957 ἁμαρτημάτων
1251 3884 1565 3956 ἐνδέχεσθαι
1591 3884 1722 3955 χρή.

379 4002 398 4032 ι
449 3981 589 4042 Ἠλὶ,
630 3980 769 4043 Ἠλὶ,
793 3978 1276 4050 λαμασαὸαχθανὶ,
1307 3978 1571 4043 τουτέστι,
1590 3976 1724 4040 Θεός
1753 3993 1881 4049 μου,

304 4073 438 4136 Θεός
471 4090 593 4144 μου,
632 4074 715 4127 ἵνα
745 4074 798 4125 τί
834 4089 901 4142 με
932 4071 1324 4140 ἐγκατέλιπες;
1368 4086 1388 4121 ι

374 4164 650 4234 Τέσσαρές
682 4164 788 4215 εἰσι
835 4164 1042 4231 γενικοὶ
1076 4158 1519 4228 ἐγκαταλείψεως
1558 4158 1775 4229 τρόποι.
1820 4158 1884 4212 Ἦ

309 4256 407 4324 μὲν
444 4256 786 4325 οικονομικὴ,
845 4255 920 4317 ὡς
954 4253 1048 4306 ἐπι⁸
1105 4252 1198 4306 τοῦ
1240 4250 1490 4321 Κυρίου,
1539 4251 1628 4304 ἵνα
1652 4251 1742 4303 διὰ
1783 4250 1886 4318 τῆς

302 4346 567 4417 δοκούσης
597 4345 1058 4413 ἐγκαταλείψεως,
1094 4344 1144 4396 oi
1178 4341 1745 4412 ἐγκαταλελειμμένοι
1774 4358 1853 4395 σω
1879 4370 1885 4375 -

305 4439 471 4493 θῶσιν
498 4457 511 4470 ⁸
555 4442 588 4509 ἡ
610 4440 665 4491 δὲ
690 4440 825 4510 πρὸς
851 4438 1101 4508 δοκιμὴν,
1124 4436 1201 4500 ὼς
1235 4436 1327 4488 ἐπὶ
1359 4435 1454 4488 τοῦ
1493 4434 1638 4499 me,
1659 4435 1755 4488 καὶ
1784 4433 1880 4487 τοῦ

316 4532 536 4602 Ἰωσὴφ,
564 4531 652 4583 ἴνα
679 4533 707 4583 6
732 4531 832 4600 μὲν
856 4529 1127 4601 ἀνδρείας,
1162 4530 1191 4580 6
1225 4527 1282 4580 δὲ
1321 4527 1677 4597 σωφροσύνης
1708 4527 1880 4597 στήλη

1991 3334 2277 3399 prudentia
2309 3336 2491 3388 carnis
2514 3335 2739 3388 omnino
2768 3332 3065 3390 liberatus.1
3101 3336 3429 3393 Studeamus
3462 3338 3566 3410 igi-

1993 3433 2096 3489 tur,
2122 3427 2248 3479 dum
2276 3426 2359 3480 hic
2389 3442 2597 3492 smnus,
2626 3429 2909 3482 nobiscum
2938 3428 3085 3483 cruci
3117 3429 3330 3484 aliixnm
3354 3432 3568 3498 placare

1996 3516 2250 3581 Verbum,
2285 3519 2328 3572 si
2363 3518 2474 3573 fors
2500 3520 2796 3575 instantem
2825 3523 2987 3576 hodie
3028 3523 3185 3594 hujus
3209 3526 3389 3578 sreculi
3422 3527 3565 3581 diem

1989 3612 2268 3664 exhibeat.
2304 3630 2322 3661 ι
2352 3611 2525 3666 Hodie
2554 3615 2721 3678 enim,
2757 3616 2955 3684 inquit,
2997 3630 3204 3670 mecum
3237 3617 3346 3673 eris
3397 3619 3448 3673 iu
3475 3633 3570 3687 pa-

1989 3702 2227 3755 radiso.»
2282 3702 2418 3759 Cras
2441 3719 2571 3759 vero
2602 3704 2769 3760 futuri
2805 3710 3075 3776 temporis
3094 3717 3201 3771 est,
3225 3725 3333 3779 quo
3363 3710 3563 3764 nullatn

1991 3805 2336 3865 peccatorum
2365 3798 2746 3853 remissionem
2780 3801 3040 3870 consequi
3067 3801 3207 3856 licet.

2061 3972 2224 4029 Vens.
2266 3976 2354 4033 46.
2403 3996 2422 4030 ι
2454 3977 2555 4043 Eli,
2591 3977 2692 4042 Eli,
2718 3976 3213 4033 lamasabachthani
3259 3996 3273 4033 :
3308 3981 3410 4034 hoc
3461 3991 3563 4047 est,

1990 4069 2131 4124 Dens
2162 4086 2335 4135 meus,
2369 4070 2511 4125 Deus
2536 4086 2711 4135 meus,
2738 4072 2922 4139 utquid
2952 4072 3284 4142 dereliquisti
3324 4072 3443 4127 me?
3474 4095 3491 4124 ι

2058 4162 2305 4227 Quatuor
2332 4172 2461 4215 sunt
2494 4161 2781 4232 generales
2816 4163 3188 4218 derelictionis
3218 4165 3361 4218 modi
3387 4182 3402 4219 :
3433 4181 3570 4221 unus

1986 4254 2203 4322 quidem
2237 4254 2665 4323 dispensativus,
2696 4265 2755 4308 nt
2790 4255 2879 4309 ille
2914 4254 3150 4318 Domini,
3180 4266 3241 4310 ut
3279 4273 3375 4327 per
3402 4272 3570 4327 appa-

1992 4353 2198 4399 rentem
2228 4347 2662 4413 derelictionem,
2693 4348 2728 4401 ii
2756 4349 2845 4417 qui
2902 4346 3140 4402 derelitrti
3178 4360 3323 4413 sunt,
3352 4365 3572 4404 serven-

1992 4445 2110 4502 tttr;
2162 4437 2301 4491 alter
2346 4455 2476 4493 vero
2530 4440 2596 4493 ad
2632 4439 3032 4509 probationem,
3086 4451 3143 4495 ut
3180 4441 3269 4495 ille
3310 4441 3451 4507 Jobi,
3505 4456 3571 4497 ac

1988 4527 2227 4598 Iosephi,
2257 4540 2316 4585 ut
2364 4532 2450 4587 ille
2480 4534 2699 4602 quidem
2732 4532 3088 4599 fortitudinis,
3135 4533 3223 4587 hic
3251 4549 3381 4588 vero
3424 4547 3566 4587 tem-

305 4627 552 4695 ἀναφανῇ
579 4640 594 4655 ο
645 4626 678 4694 ὴ
711 4624 768 4677 δὲ
820 4623 956 4694 πρὸς
1008 4621 1292 4675 παίδευσιν
1342 4621 1641 4692 πατρικὴν,
1679 4622 1757 4683 ὡς
1786 4621 1879 4673 ἐπὶ

1990 4625 2249 4690 perantia:
2293 4625 2541 4679 columna
2585 4636 2878 4696 appareat;
2912 4626 3052 4680 alius
3111 4640 3244 4679 vero
3290 4627 3356 4678 ad
3390 4634 3571 4693 pater-

303 4718 399 4772 τοῦ
440 4718 783 4781 Ἀποστόλου,
826 4718 913 4771 ἵνα
951 4714 1399 4787 ταπεινοφρονῶν
1439 4715 1535 4785 τὴν
1574 4714 1881 4783 ὑπερϐολὴν

304 4812 515 4881 φυλάξῃ
545 4813 641 4880 τῆς
683 4810 908 4881 χάριτος
933 4826 946 4840 ·
989 4811 1022 4880 ή
1060 4809 1118 4861 δὲ
1175 4807 1317 4862 κατά
1371 4807 1748 4880 ἀποστροφὴν,
1805 4807 1881 4871 ὡς

303 4901 398 4951 ἐπὶ
429 4900 539 4952 τῶν
574 4899 864 4965 Ἰουδαίων,
896 4900 982 4953 ἵνα
1020 4898 1377 4969 κολαζόμενοι
1419 4899 1559 4971 πρὸς
1592 4897 1884 4969 μετάνοιαν

304 4991 790 5059 καταπεμφθῶσιν.
824 4993 1087 5063 Σωτήριοι
1108 4991 1166 5044 δέ
1186 4991 1384 5054 πάντες
1406 4993 1453 5044 οἱ
1479 4993 1670 5061 τρόποι
1696 4990 1880 5060 ὐπάρο

305 5100 484 5153 κηυειν
516 5085 610 5136 καὶ
638 5084 735 5153 τῆς
765 5083 915 5147 θείας
945 5082 1281 5155 ἀγαθότητος
1323 5084 1418 5137 καὶ
1445 5081 1872 5153 φιλανθρωπίας

304 5178 627 5247 ἀνάμεστοι.

880 5291 1131 5347 ΚΕΦΑΛ.
1172 5294 1305 5347 KH'.

385 5418 405 5453 ι
446 5400 801 5466 Διδάσκοντες
839 5403 1037 5466 αὐτοὺς
1087 5407 1275 5475 τηρεῖν
1306 5405 1482 5459 πάντα
1520 5406 1621 5460 ὅσα
1674 5407 1883 5460 ἐνετει-

305 5494 487 5567 λάμην
509 5496 657 5563 ὑμῖν.
699 5515 717 5546 ι

381 5583 565 5637 Πάντα
592 5585 693 5637 ὅσα
741 5585 769 5637 6
816 5585 1052 5657 Χριστος
1096 5587 1399 5642 ἐνετείλατο
1438 5588 1519 5642 δεῖ
1556 5592 1766 5662 τηρεῖν,
1797 5590 1888 5643 τὸν

307 5678 386 5740 είς
414 5677 624 5748 Τριάδα
663 5676 1053 5749 βαπτισθέντα.
1089 5679 1295 5735 Τούτου
1328 5680 1436 5752 γὰρ
1470 5682 1716 5753 χάριντῇ
1748 5684 1882 5755 ὀρθῇ

308 5766 492 5821 πίστει
530 5766 629 5838 τὴν
677 5768 867 5822 πασῶν
917 5769 1148 5823 ἐντολῶν
1175 5771 1202 5822 6
1235 5768 1438 5841 Κύριος
1474 5771 1759 5836 συνέζευξε
1786 5774 1887 5843 τή-

312 5875 470 5933 ρησιν
497 5874 512 5890 ’
551 5859 626 5922 ὡς
677 5860 834 5924 εἰδὼς
855 5862 937 5915 ὃτι
966 5862 1109 5915 πάνυ
1138 5862 1422 5934 ἀμήχανον
1451 5863 1551 5933 τὴν
1603 5863 1733 5932 μίαν
1766 5864 1883 5924 6m-

1990 4731 2112 4768 nam
2155 4716 2541 4782 eruditionem,
2594 4727 2651 4769 ut
2701 4716 2754 4769 in
2800 4716 3061 4785 Apostolo
3106 4716 3307 4770 factum
3358 4727 3461 4780 est,
3514 4727 3573 4771 nt

1989 4806 2226 4861 demisse
2273 4810 2494 4877 sapiens
2556 4808 3077 4877 supereminentiam
3136 4809 3324 4879 gratiae
3386 4822 3572 4864 custo-

1992 4898 2146 4963 diat;
2179 4899 2315 4953 alius
2366 4901 2561 4953 iterum
2606 4900 2943 4964 aversionis,
2990 4910 3048 4954 ut
3097 4902 3186 4956 ille
3227 4900 3571 4969 Judaeorum,

1991 4999 2047 5043 ut
2075 4992 2245 5058 puniti
2280 4992 2344 5043 ad
2374 4992 2754 5060 ptenitentiam
2793 4992 3020 5047 redeant
3052 5010 3065 5047 :
3093 4994 3359 5050 salutares
3387 5002 3568 5050 autem

1988 5097 2177 5137 oumes
2205 5083 2350 5138 modi
2378 5092 2525 5148 sunt,
2557 5099 2621 5140 ac
2654 5084 2851 5141 divina:
2887 5085 3147 5141 bonitatis
3188 5096 3245 5143 et
3267 5089 3585 5161 benignitau

1991 5175 2058 5229 tis
2095 5176 2261 5245 pleni.

2571 5292 2720 5350 CAP.
2760 5293 2805 5348 Χ
2818 5293 2857 5348 Χ
2872 5292 3004 5351 Vlll.

2062 5408 2229 5465 Vens.
2268 5408 2361 5464 20.
2410 5428 2428 5461 ι
2464 5409 2730 5466 Docentes
2776 5426 2871 5466 eos
2920 5426 3142 5466 servare
3192 5413 3373 5469 omnia
3424 5428 3570 5485 quae-

1991 5517 2204 5570 cunque
2232 5502 2479 5558 mandavi
2511 5505 2687 5560 vobis.
2723 5523 2741 5557 ι

2063 5590 2257 5646 Omnia
2290 5608 2630 5665 quaecunque
2661 5596 2915 5652 Christus
2946 5596 3203 5668 praecepit
3233 5599 3571 5656 observanda

1993 5692 2122 5737 sunt
2150 5685 2197 5738 ei
2247 5686 2337 5754 qui
2374 5686 2425 5739 in
2454 5684 2722 5742 Trinitate
2756 5690 3058 5758 baptizatus
3082 5697 3205 5745 est:
3235 5689 3396 5759 hujus
3427 5691 3571 5747 enim
3628 5682 3631 5685 ’

1992 5776 2165 5847 gratia
2216 5787 2378 5831 recta:
2428 5777 2549 5833 lidei
2603 5780 2979 5836 mandatorum
3020 5783 3263 5839 omnium
3308 5783 3571 5839 Dominus

1992 5868 2277 5939 conjunxit
2312 5872 2835 5929 observationem:
2869 5882 3055 5945 utpote
3086 5876 3178 5947 qui
3203 5876 3407 5952 _sciret,
3456 5877 3570 5933 ﬁeri
