4148 6564
595 400 737 474 1391

1757 408 2095 470 ΑΜΜΟΝῘΙ
2138 402 2671 469 ALEXANDRINI

3734 400 3868 466 1392

592 524 818 579 onmino
845 537 951 579 non
986 538 1164 595 posse,
1198 536 1255 580 ιιι
1284 541 1387 580 una
1417 526 1487 582 ab
1517 527 1687 582 altera
1724 526 1987 595 disjttucta
2021 528 2183 578 homo

2287 524 2609 595 ζευχθεῖσαν
2637 525 2736 595 τῆς
2761 524 2891 595 μιᾶς
2924 520 3121 587 σώζειν
3132 522 3224 577 τὸν
3248 519 3554 593 ἄνθρωπον.
3586 517 3686 572 Διὰ
3712 514 3870 570 τοῦτο

597 626 869 673 servetur.
929 618 1225 689 Propterea
1294 621 1463 675 David
1530 633 1749 690 quoque
1798 634 1919 673 cum
1979 627 2182 672 rectam

2287 619 2379 672 καὶ
2400 617 2564 672 Δαϐὶδ
2585 616 2684 689 τὴν
2699 616 2867 689 ὀρθὴν
2894 616 3081 670 πίστιν
3107 616 3245 686 ἔχων
3266 615 3404 685 πρὸς
3421 612 3513 666 τὸν
3534 611 3668 665 Θεὸν
3692 610 3867 678 Dere-

595 711 818 767 balieret
852 711 907 765 in
945 712 1114 765 Deum
1148 712 1331 780 ﬁdem,
1381 714 1517 768 dixit
1548 731 1562 768 :
1596 713 1677 767 Ad
1718 714 1898 769 aninia
1928 713 2185 765 mandata

2287 711 2436 780 Πρὸς
2493 712 2699 778 πάσας
2741 710 2849 774 τὰς
2898 707 3155 775 ἐντολάς
3216 722 3334 762 σου
3417 704 3868 773 κατωρθούμην.

592 814 684 857 tua
736 803 1024 872 dirigebar,
1073 820 1277 858 omnem
1326 807 1463 859 viam
1506 806 1745 876 iniquam
1792 806 1911 858 odio
1939 802 2181 857 habuit“.

594 890 808 946 Etenim
854 904 1045 948 contra
1105 910 1321 949 omnem
1374 896 1737 966 iniquitatem,
1790 895 1947 950 nobis
2000 895 2181 948 omnia

593 984 849 1039 mandata
890 999 920 1038 a
951 985 1180 1041 Domino
1213 988 1335 1041 data
1389 996 1538 1042 sunt.
1574 986 1629 1041 Si
1666 987 1752 1042 vel
1788 986 2005 1041 unicum
2039 1001 2178 1054 prae-

595 1075 906 1131 termissum
953 1076 1162 1145 fuerit,
1214 1078 1520 1149 appositam
1579 1079 1630 1134 ei
1687 1079 1909 1134 omnino
1960 1076 2181 1133 malitiae

593 1166 737 1224 viam
770 1169 1085 1227 introducit.

2282 803 2494 858 πᾶσαν
2536 802 2685 858 ὀδόν
2742 803 2958 858 ἄδικον
3006 803 3297 872 ἐμίσησα.
3353 798 3515 855 Κατὰ
3549 798 3662 870 γὰρ
3688 797 3873 883 πάσης

2282 896 2501 960 ἀδικίας
2530 898 2702 951 πᾶσαι
2731 898 2867 968 ἐμοῦ
2893 898 2949 949 ai
2984 894 3199 949 ἐντολαὶ
3234 896 3367 965 ἡμῖν
3392 892 3500 947 ὑπὸ
3534 890 3632 945 τοῦ
3656 889 3868 960 Κυρίου

2284 988 2642 1061 δεδώρηνται·
2666 992 2777 1044 Καὶ
2799 990 2894 1043 ἐὰν
2918 987 3266 1059 παραλειφθῇ
3293 987 3413 1056 μία,
3431 985 3531 1057 τὴν
3564 980 3874 1052 ἀντικειμέ-

2286 1099 2381 1153 νην
2402 1083 2539 1155 αὑτῇ
2572 1083 2691 1137 ὁδὸν
2712 1085 2813 1155 τῆς
2842 1083 3041 1146 κακίας
3069 1081 3287 1144 πάντως
3313 1079 3549 1147 εἰσάγει.

1656 1528 2195 1617 EJUSDEM
2268 1522 2809 1618 AMMONII

597 1748 1448 1881 EXPOSITIO
1550 1668 1743 1874 1N
1805 1745 2862 1879 EVANGELIUM
2945 1746 3077 1875 s.
3155 1742 3868 1875 JOANNlS.

675 1992 770 2060 (Ex
797 1997 970 2042 catena
1028 1990 1229 2043 Patrum
1264 1985 1623 2060 Grycorumin
1659 1987 2007 2060 $.thannrm,
2045 1986 2508 2060 interpretejlalth.
2539 1987 3019 2060 (ξοτᾲρι-ἱ-οηιιοςληοη
3069 2000 3133 2060 ex_
3172 1993 3346 2038 catena
3377 1986 3425 2037 in
3467 1986 3794 2060 Eungellum

1321 2051 1373 2102 S.
1398 2052 1599 2100 Joannis
1621 2048 1680 2102 ad
1716 2050 1862 2100 ﬁdem
1885 2051 2025 2100 codd.
2065 2048 2220 2111 Paris,
2242 2058 2296 2101 et
2322 2049 2484 2109 Bodl.,
2509 2050 2694 2099 edente
2727 2051 2772 2099 J.
2802 2055 2861 2101 Α.
2897 2049 3138 2114 Cramer.)
3612 2048 3626 2049 ί
3718 2057 3723 2063 ·

1102 2357 1335 2416 CAPUT
1382 2357 1681 2415 PRIMUM.

2904 2360 3157 2412 ΚΕΦΛΛ.
3204 2360 3285 2416 A'.

666 2474 832 2530 Vsus.
870 2473 921 2528 l.
974 2492 991 2525 ι
1021 2472 1079 2528 lu
1113 2471 1382 2543 principio
1413 2481 1535 2528 erat
1557 2470 1817 2538 Verbum,
1858 2483 1913 2528 et
1940 2471 2178 2529 Verbum

2358 2496 2376 2529 ι
2425 2477 2513 2530 Ἐν
2540 2477 2681 2549 ἀρχῇ
2725 2471 2793 2547 ἦν
2822 2477 2852 2529 6
2876 2475 3069 2544 Λόγος,
3104 2475 3201 2529 καὶ
3248 2477 3278 2529 6
3309 2474 3485 2544 Λόγος
3523 2467 3592 2547 ἧν
3619 2474 3752 2546 πρὸς
3783 2475 3882 2529 τὸν

592 2576 710 2622 erat
738 2564 884 2635 apud
922 2562 1113 2619 Deum.
1148 2582 1169 2616 ι

663 2658 859 2714 Semo
900 2657 1249 2728 evangelicus
1284 2657 1503 2711 unicum
1538 2664 1747 2712 tantum
1796 2657 1948 2713 novit
1973 2658 2178 2727 princi-

594 2750 784 2821 pium,
842 2765 949 2804 non
998 2749 1143 2813 duo,
1209 2758 1269 2804 ut
1315 2758 1578 2805 asserunt
1622 2748 1905 2806 Manicbtei
1955 2766 2184 2819 :nequo

594 2843 758 2899 etiam
789 2844 1026 2913 primum
1074 2842 1298 2913 aliquod
1351 2842 1497 2913 quod
1540 2854 1802 2914 agnoscat
1839 2860 2087 2911 causam,
2128 2855 2184 2901 et

594 2935 825 2991 alterum
861 2933 1015 3003 cujus
1057 2949 1166 2989 non
1213 2936 1287 2989 sit
1328 2949 1519 3000 causa,
1557 2935 1637 2990 uti
1685 2934 1860 3001 Plato,
1888 2935 2179 3003 Basilides,

595 3024 862 3090 Marcion,
898 3026 1063 3079 Arius
1099 3038 1264 3095 atque
1305 3024 1607 3083 Eunomius
1642 3037 1977 3083 asseverant.
2024 3028 2169 3081 Dici-

600 3128 687 3172 tur
728 3117 991 3186 siquidem
1022 3118 1351 3187 principium
1394 3118 1576 3187 Pater,
1621 3128 1677 3175 et
1719 3120 2042 3191 principium
2090 3120 2178 3174 Fi-

604 3208 1145 3279 lius,etprincipium
1178 3208 1411 3278 Spiritus
1442 3219 1684 3275 sanctus,
1706 3221 1924 3281 propter
1954 3222 2179 3266 coaeter-

611 3301 838 3357 nitatem
891 3301 1196 3367 Trinitatis,
1234 3317 1342 3358 non
1375 3303 1516 3373 quod
1574 3304 1676 3359 tria
1728 3304 1997 3360 exsistant
2032 3304 2181 3374 prin-

602 3390 744 3461 cipia
793 3390 1071 3462 (quoniam
1106 3401 1162 3447 et
1214 3393 1429 3449 Patrem
1460 3408 1716 3451 vocamus
1750 3393 1943 3460 Deum,
1994 3407 2050 3451 et
2089 3395 2181 3451 Fi-

597 3482 731 3538 lium
768 3480 974 3549 Deum,
1026 3494 1081 3538 et
1136 3480 1398 3553 Spiritum
1451 3496 1703 3543 sanctum
1754 3486 1960 3556 Deum,
2017 3496 2073 3542 et
2123 3496 2181 3542 ut

2284 2569 2440 2622 Θεόν.
2488 2586 2509 2619 ι

2370 2662 2427 2715 'U
2457 2661 2618 2730 λόγος
2667 2660 2800 2732 μίαν
2847 2655 2987 2714 οἶδεν
3027 2660 3227 2731 ἀρχὴν,
3255 2661 3317 2715 οὐ
3348 2661 3481 2728 δύο,
3524 2661 3602 2726 ὡς
3655 2662 3882 2731 λέγουσι

2286 2754 2582 2824 Μανιχαῖοι
2602 2768 2614 2781 ·
2656 2752 2780 2807 οὐδὲ
2824 2752 3042 2822 πρῶτον
3070 2752 3268 2816 αἴτιον,
3306 2753 3403 2806 καὶ
3434 2752 3689 2823 δεύτερον
3719 2754 3882 2809 ἀναί-

2292 2865 2430 2913 τιον,
2478 2847 2555 2911 ὡς
2582 2845 2806 2915 λέγουσι
2838 2845 3089 2910 Πλάτων,
3117 2844 3212 2899 καὶ
3233 2843 3545 2915 Βασιλίδης,
3583 2845 3879 2915 Μαρκίων,

2291 2942 2535 3011 Ἄρειος,
2578 2939 2867 3010 Εὐνόμιος.
2900 2938 3137 3007 Λέγεται
3170 2936 3270 3007 μὲν
3300 2937 3410 3007 γὰρ
3434 2937 3578 3009 ἀρχὴ
3602 2938 3629 2989 6
3660 2938 3880 3007 Πατὴρ,

2284 3034 2381 3086 καὶ
2413 3030 2557 3102 ἀρχὴ
2587 3030 2617 3081 6
2641 3028 2791 3093 Υἱὸς,
2822 3028 2916 3081 κα)⁸
2946 3029 3090 3100 ἀρχὴ
3136 3027 3200 3081 τὸ
3224 3028 3453 3098 Πνεῦμα
3477 3027 3568 3081 διὰ
3597 3028 3659 3080 το
3689 3028 3882 3079 aovat-

2286 3122 2398 3177 διον
2427 3121 2525 3192 τῆς
2558 3120 2811 3190 Τριάδος,
2842 3120 2902 3172 οῦ
2937 3118 3030 3171 διὰ
3062 3119 3120 3171 τὸ
3149 3120 3301 3190 τρεῖς
3347 3112 3490 3172 εἶναι
3516 3117 3695 3187 ἀρχὰς
3728 3118 3881 3185 (ἐπεὶ

2289 3216 2384 3268 καὶ
2412 3213 2503 3267 τὸν
2531 3212 2755 3284 Πατέρα
2799 3212 3034 3283 λέγομεν
3075 3211 3234 3278 Θεὸν,
3262 3213 3360 3266 καὶ
3402 3211 3495 3264 τὸν
3530 3209 3656 3262 Υίὸν
3715 3208 3877 3273 Θεὸν,

2287 3306 2462 3360 καὶτὸ
2489 3306 2714 3377 Πνεῦμα
2742 3304 2898 3370 Θεὸν,
2941 3306 3038 3359 καὶ
3068 3303 3145 3369 ὡς
3176 3303 3393 3375 τριττὸν
3443 3302 3706 3369 ἀναίτιον,
3771 3302 3879 3371 οὐχ

2286 3397 2362 3462 ὡς
2416 3398 2634 3469 τρίοεον
2687 3396 2988 3467 σέϐοντες),
3023 3396 3161 3451 ἀλλὰ
3206 3397 3297 3451 διὰ
3352 3395 3415 3450 τὸ
3460 3395 3747 3466 όμοούσιον
3773 3394 3879 3465 τῆς

2291 3491 2419 3561 μιᾶς
2445 3490 2701 3563 θεότητος
2729 3491 2846 3545 τῶν
2873 3490 3044 3561 τριῶν
3074 3489 3453 3543 ὑποστάσεων.

600 3576 799 3631 trinum
841 3590 1023 3630 causa:
1060 3583 1362 3646 espertem,
1412 3591 1521 3634 non
1573 3587 1633 3633 ut
1676 3578 1917 3634 trideutn
1988 3591 2357 3650 veneramur),
2430 3583 2528 3639 sed
2572 3592 2796 3653 propter
2844 3581 3090 3637 eamdem
3140 3582 3302 3635 unius
3369 3580 3677 3636 Diviuitatis
3738 3578 3876 3634 sub-

597 3671 877 3733 stantiam,
910 3670 963 3724 in
1001 3669 1174 3726 tribus
1201 3670 1608 3727 subsistentem.

670 3764 891 3820 Sabellii
930 3766 1180 3821 haeresim
1218 3781 1315 3836 per
1350 3767 1454 3822 hoc
1481 3768 1697 3835 evertit,
1738 3770 1879 3839 quod
1910 3769 2090 3826 Patris
2120 3785 2186 3825 ac

2359 3765 2471 3834 Τὴν
2500 3742 2791 3818 Σαϐελλίοῦ
2817 3764 3029 3835 αἵρεσιν
3058 3763 3147 3817 διὰ
3192 3764 3352 3818 τοῦτο
3379 3763 3731 3834 καταϐάλλει,
3772 3768 3879 3831 τὰς

600 3855 721 3910 Filii
756 3857 1073 3927 bypostases
1108 3860 1491 3914 demonstret:
1527 3875 1632 3916 non
1680 3862 1823 3917 enim
1863 3863 2184 3932 lilio-pater-

601 3948 827 4003 nitatem
873 3947 1113 4002 Ecclesia
1157 3947 1415 4013 celebrat,
1469 3948 1545 4004 uti
1590 3949 1722 4006 Afer
1768 3952 1856 4007 ille
1892 3952 2183 4007 fabulando

599 4039 885 4094 conﬂuxit.
925 4037 1150 4093 Uuicam
1187 4039 1238 4092 in
1268 4037 1535 4095 Trinitate
1572 4041 1885 4111 liypostasin
1911 4042 2185 4097 allirmant

603 4130 911 4196 Sabellius,
968 4130 1250 4196 Novatus,
1299 4131 1498 4188 Paulus
1548 4133 1974 4199 Samosateuus,
2021 4144 2185 4203 atque

601 4221 909 4278 Marcellus.
952 4220 1070 4277 Non
1119 4232 1238 4278 erat
1280 4223 1637 4294 prolatitium,
1690 4227 1785 4279 sed
1823 4223 2183 4280 subsistentia

602 4315 887 4386 praeditum
920 4333 934 4371 :
970 4328 1069 4369 nec
1100 4323 1309 4370 tantum
1352 4316 1710 4373 subsistentia
1736 4316 2045 4386 pratditum,
2089 4318 2185 4372 sed

605 4404 768 4460 etiam
802 4404 965 4462 Deus.
994 4404 1262 4465 Photinus
1297 4407 1399 4473 ait,
1426 4406 1687 4473 Verbum,
1716 4408 1793 4462 uti
1821 4417 1876 4463 et
1910 4420 2183 4474 nostrum,

604 4509 673 4550 ex
705 4495 866 4552 Patre
895 4498 1017 4551 sine
1044 4496 1319 4567 liyposmsi
1353 4496 1634 4566 prodiens,
1668 4497 1723 4551 iu
1765 4512 1985 4555 carnem
2016 4498 2184 4554 fuisse

605 4592 1053 4644 transututatum.
1095 4586 1230 4640 Cum
1274 4585 1461 4655 itaque
1493 4586 1740 4641 nonnulli
1778 4587 2043 4654 haeretici,
2086 4603 2185 4642 au-

602 4677 814 4734 dientes
863 4676 1083 4732 Patrem
1109 4678 1365 4747 genuisse
1396 4676 1616 4747 Filium,
1658 4680 2184 4746 scandalizarentur,

603 4770 809 4825 (luxum
860 4770 1124 4840 aliquem,
1167 4770 1250 4823 vel
1280 4769 1594 4827 humanitus
1636 4773 1766 4839 quid
1806 4788 2027 4842 passum
2060 4758 2187 4829 esse

605 4860 823 4937 Patrem
873 4863 1288 4928 existimantes,
1338 4861 1580 4931 qualiter
1627 4864 1994 4921 crassioribus
2035 4864 2188 4921 hisce

604 4956 928 5026 corporibus
949 4954 1202 5010 accidere
1224 4957 1507 5011 consuevit
1531 4974 1545 5012 :
1574 4957 1789 5012 illorum
1823 4958 1996 5015 errori
2026 4968 2189 5028 atque

604 5047 841 5103 vesania:
866 5060 1163 5103 occurrens
1194 5047 1548 5118 evangelista,
1586 5049 1640 5102 in
1677 5049 1794 5119 ipso
1817 5048 2000 5105 statim
2030 5063 2189 5104 exor-

2292 3857 2622 3919 ὑποστάσεις
2645 3858 2935 3926 σημαίνων
2967 3856 3182 3927 Πατρὸς
3201 3857 3297 3910 καὶ
3322 3856 3451 3911 Υἱοῦ
3485 3874 3499 3888 ·
3533 3858 3594 3911 οὐ
3621 3858 3732 3930 γάρ
3764 3862 3880 3913 υἱο-

2285 3949 2557 4020 πατορίαν
2587 3951 2621 4020 ἡ
2656 3949 2956 4020 Ἐκκλησία
2977 3948 3213 4016 δοξάζει,
3246 3949 3391 4005 καθά
3435 3950 3689 4022 μυθεύων
3716 3954 3745 4006 6
3774 3954 3875 4007 Ai-

2287 4044 2389 4108 ϐυς
2444 4040 2618 4100 εἶπεν.
2655 4042 2805 4097 Μίαν
2854 4042 3156 4097 ὑπόστασιν
3196 4044 3415 4113 λέγουσι
3470 4044 3570 4116 τῆς
3644 4047 3880 4118 Τριὰὃος

2285 4139 2621 4205 Σαϐέλλιος,
2677 4138 2953 4201 Ναυάτος,
2994 4137 3210 4202 Παῦλος
3278 4139 3307 4192 6
3349 4139 3721 4210 Σαμοσατεῦς,
3776 4144 3880 4196 καὶ

2286 4232 2631 4306 Μαρκέλλοςο
2662 4231 2780 4285 Οὔκ
2810 4226 2880 4302 ἦν
2915 4229 3277 4302 ’προφορικδῆ
3300 4230 3418 4285 ἀλλ’
3456 4231 3829 4296 ένυπόστατος
3860 4250 3876 4266 ο

2288 4327 2384 4379 καὶ
2415 4325 2479 4378 οῦ
2516 4324 2677 4394 μόνον
2703 4323 3085 4387 ένυπόστατος,
3118 4321 3258 4377 ἀλλὰ
3297 4322 3394 4376 καὶ
3425 4322 3581 4387 Θεός.
3606 4325 3880 4389 Φωτεινὸς

2286 4417 2459 4487 λέγει,
2494 4417 2577 4470 ὅτι
2629 4420 2695 4470 ὲκ
2730 4416 2827 4470 τοῦ
2886 4414 3098 4486 [Ιατρὸς
3139 4415 3313 4483 Λόγος
3361 4416 3735 4481 ἀνυπόστατος
3772 4417 3880 4481 ὢν,

2288 4509 2364 4573 ὡς
2385 4510 2417 4563 6
2436 4508 2711 4579 ἡμέτερος
2736 4509 2817 4571 είς
2835 4507 3015 4579 σάρκα
3040 4505 3368 4578 μετεϐλήθη.
3406 4506 3627 4576 Ἐπειδὴ
3647 4506 3881 4561 ἀκούον-

2287 4599 2378 4663 τές
2416 4615 2566 4662 τινες
2590 4597 2699 4651 τῶν
2752 4596 3069 4669 αἱρετικῶν,
3119 4598 3202 4651 ὅτι
3225 4599 3255 4651 6
3284 4597 3475 4668 Πατὴρ
3498 4598 3759 4669 ιγέννησε
3780 4598 3880 4652 τὸν

2290 4690 2443 4754 Υίὸν,
2492 4688 2964 4755 σκανδαλίζονται,
3014 4687 3326 4754 ἐννοοῦντες
3372 4690 3582 4762 ρεῦσιν,
3619 4691 3654 4762 ἢ
3700 4692 3881 4755 πάθος

2288 4782 2541 4853 γίνεσθαι
2580 4782 2711 4853 περὶ
2747 4782 2841 4836 τὸν
2898 4782 3142 4853 Πατέρα,
3183 4781 3332 4852 ἅπερ
3378 4782 3624 4854 πέφυκεν
3652 4783 3879 4836 ἐπὶτῶν

2291 4877 2513 4947 παχέων
2543 4876 2813 4947 σωμάτων
2845 4874 3061 4929 ἐσθ’ὄτε
3104 4875 3428 4947 συμϐαίνειν
3454 4891 3468 4906 ⁸
3507 4876 3879 4948 προαναστέλο

2288 4967 2398 5022 λων
2427 4969 2609 5021 αὐτῶν
2636 4968 2735 5039 τὴν
2773 4968 3033 5038 εὐήθειαν
3075 4970 3104 5021 6
3150 4968 3565 5037 εὐαγγελιστὴς,
3590 4969 3657 5021 ὲκ
3685 4984 3877 5038 προοι-

2295 5062 2436 5133 μίων
2497 5061 2593 5115 τὸν
2655 5060 2786 5115 Υἱὸν
2819 5061 2990 5125 ἅπαξ,
3053 5062 3148 5114 καὶ
3213 5061 3489 5132 δεύτερον,
3546 5061 3643 5115 καὶ
3695 5061 3877 5132 τρίτον

606 5140 715 5207 dio,
753 5139 939 5204 semel,
974 5140 1279 5212 iterumque
1310 5150 1376 5196 ac
1404 5141 1567 5196 tertio
1587 5139 1781 5195 Filium
1818 5139 2053 5205 Verbum
2087 5157 2185 5211 ap-

2290 5154 2522 5208 ὲκὰλεσε
2556 5152 2750 5221 Λόγον,
2799 5154 2885 5207 ῖνα
2912 5154 2975 5207 τὸ
3021 5153 3234 5217 ἀπαθὲς
3258 5153 3589 5223 παραστήσῃ
3614 5152 3716 5223 τῆς
3747 5168 3876 5221 γέν·

608 5232 848 5301 pellavit,
884 5247 992 5302 quo
1025 5234 1430 5303 generationem
1474 5233 1595 5304 ejus
1636 5232 1706 5287 ab
1741 5233 1888 5287 omni
1930 5233 2184 5303 passione

2293 5246 2525 5317 νήσεως.
2567 5246 2657 5309 Ὠς
2704 5246 2813 5318 γὰρ
2845 5248 2873 5299 6
2922 5247 3196 5318 ἡμέτερος
3246 5245 3405 5314 λόγος
3442 5244 3748 5316 ἀρεύστως,
3785 5246 3877 5298 καὶ

604 5329 928 5383 vindicaret.
975 5326 1443 5394 Quemadmodum
1490 5327 1635 5380 enim
1671 5335 1916 5381 nostrqu
1956 5328 2182 5381 verbum

2294 5338 2605 5410 άμειώτως,
2639 5340 2735 5393 καὶ
2758 5337 2984 5401 ἀπαθῶς
3022 5340 3278 5408 γεννᾶται
3304 5340 3369 5391 ὲκ
3399 5336 3493 5390 τοῦ
3526 5336 3620 5391 νοῦ
3652 5334 3876 5408 (ὁμοίως

609 5421 728 5477 sine
758 5422 1022 5503 lltixione,
1062 5426 1293 5495 integre,
1326 5423 1449 5478 sine
1483 5422 1738 5491 passione
1777 5436 1806 5475 a
1858 5430 2040 5476 mente
2068 5435 2189 5489 pro-

2293 5430 2389 5482 mi.
2416 5428 2478 5481 τὸ
2500 5428 2771 5500 ἡμέτερον
2823 5427 3106 5500 πνεῦμα),
3138 5427 3282 5482 οὕτω
3312 5428 3405 5483 καὶ
3432 5430 3466 5501 ἡ
3502 5428 3755 5498 γέννησις
3780 5426 3879 5480 τοῦ

548 5538 551 5541 -
609 5514 827 5568 ducitur
879 5514 982 5585 (uti
1027 5514 1282 5567 similiter
1335 5522 1523 5566 noster
1575 5512 1848 5581 spiritus),
1904 5513 1982 5567 sic
2026 5513 2189 5565 etiam

2294 5519 2450 5574 Υῐοῦο
2483 5520 2565 5573 διὸ
2596 5521 2691 5575 καὶ
2724 5520 2918 5592 ἐλέχθη
2942 5538 2956 5555 -
3006 5520 3405 5590 Ἐξηρεύξατο
3435 5522 3475 5591 ἠ
3518 5520 3733 5592 καρδία
3754 5538 3877 5590 μου

607 5604 733 5662 Filii
761 5607 1062 5677 generatio,
1090 5605 1157 5660 de
1186 5619 1291 5675 qua
1332 5605 1551 5672 dicitur,
1595 5603 1870 5659 Eructavit
1904 5620 1994 5657 cor
2019 5620 2189 5658 meum

2290 5612 2479 5681 λόγον
2512 5610 2758 5682 ἀγαθὸν,
2783 5612 2812 5667 ὅ
2844 5613 2961 5666 ἐστι
2997 5610 3167 5691 Θεὸν,
3183 5611 3242 5678 ὃς
3274 5612 3435 5686 μόνος
3460 5612 3608 5668 ἔστιν
3648 5612 3877 5691 ἀγαθός.

608 5700 815 5754 verbum
846 5699 1038 5751 bonum
1061 5697 1104 5767 ",
1140 5697 1191 5753 id
1214 5706 1299 5753 est
1330 5698 1519 5765 Deum,
1548 5698 1637 5769 qui
1665 5698 1815 5753 solus
1844 5698 2019 5752 bonus
2049 5697 2187 5777 est‘.
3138 5688 3177 5717 ⁶

681 5852 873 5913 “Psal.
898 5872 1094 5921 cxvnt.
1132 5859 1255 5915 128.
1331 5860 1351 5892 '
1387 5856 1531 5917 Psal.
1565 5873 1712 5923 xuv,
1742 5858 1797 5913 2.
1873 5858 1893 5889 '
1930 5855 2065 5912 Luc.
2094 5864 2250 5923 xvm,
2286 5853 2372 5908 l9.
