4148 6600
301 510 442 581 1393

372 647 394 683 ι
435 624 606 697 υῦτος
637 628 705 704 ἦν
737 635 796 689 ἐν
821 636 964 709 ἀρχῇ
1000 637 1135 709 πρὸς
1160 637 1254 692 τὸν
1278 638 1432 693 Θεόν.
1477 657 1496 691 ι

380 727 532 780 Ἀντὶ
578 728 675 781 τοῦ
735 730 1006 795 συναΐδιος
1068 726 1139 803 ἦν
1189 730 1298 802 τῷ.
1326 730 1529 804 Πατρὶ,
1579 732 1638 786 ὲν
1687 736 1754 805 τῇ
1786 732 1882 787 τοῦ

297 818 517 889 Πατρδς
558 819 822 891 ὑπάρχων
875 821 1060 892 φύσει,
1109 824 1251 893 ἔχων
1301 823 1471 878 τόπον
1519 824 1885 896 ἀρχαιότατον

295 904 398 982 τὴν
426 910 523 965 τοῦ
544 912 912 985 Γεννήσαντος
945 914 1133 983 φύσιν.
1170 916 1236 968 Ἦ
1284 915 1397 988 γὰρ
1426 916 1572 987 ἀρχὴ
1604 918 1884 988 ὑπερανα-

296 1004 474 1057 6αίνει
501 1004 631 1069 τοὺς
653 1005 877 1071 αἰῶνας.
929 1007 1097 1079 Ἀρχὴ
1122 1008 1234 1079 γὰρ
1260 1008 1480 1077 λέγεται
1508 1009 1537 1061 6
1569 1009 1760 1080 Πατὴρ
1787 1010 1883 1065 τοῦ

297 1096 434 1151 Υἱοῦ
464 1096 608 1152 κατὰ
664 1099 825 1170 μόνον
868 1100 964 1154 τοῦ
992 1101 1053 1166 ἐξ
1076 1095 1141 1155 οὗ
1162 1117 1175 1133 ο
1206 1104 1274 1173 τῇ
1306 1104 1417 1173 γὰρ
1447 1100 1600 1173 αἰτίᾳ
1635 1103 1663 1155 6
1694 1102 1883 1175 Πατὴρ

294 1188 394 1243 τοῦ
436 1189 567 1243 Υίοῦ
624 1192 1172 1263 προεπινοηθήσεται,
1221 1193 1284 1246 οὑ
1348 1198 1455 1266 μὴν
1510 1200 1578 1269 τῇ
1646 1198 1885 1271 ὑπάρξει

297 1281 841 1355 προθεωρηθήσεται.
867 1286 1149 1357 Πανταχοῦ
1177 1287 1235 1340 δὲ
1266 1287 1508 1361 ἐντίθησι
1546 1289 1609 1343 τὸ
1635 1283 1737 1360 ἦν,
1778 1307 1887 1343 πα-

301 1373 609 1443 ραπέμπων
647 1374 742 1429 τὸν
774 1376 901 1429 Υἰδν
933 1379 1026 1429 ἐπὶ
1053 1379 1145 1431 τὸν
1178 1380 1440 1451 ἄναρχον.
1468 1381 1542 1435 Οὑ
1568 1379 1678 1454 γὰρ
1701 1376 1880 1448 εἴπεν,

313 1465 514 1536 Ἀρχὴν
543 1466 722 1538 ἔσχεν,
753 1466 868 1521 ἀλλ’
907 1468 1009 1523 Ἐν
1038 1468 1199 1539 ἀρχῇ
1234 1466 1332 1542 ἦν.

378 1666 397 1700 ι
436 1649 623 1704 Πάντα
663 1650 731 1704 δι’
757 1649 922 1705 αὑτοῦ
959 1652 1201 1721 ἐγένετο,
1234 1653 1332 1708 καὶ
1364 1655 1537 1726 χωρὶς
1565 1652 1735 1709 αὑτοῦ
1759 1654 1889 1726 ἐγέ-

300 1757 423 1796 νετο
451 1742 575 1796 οὑδὲ
615 1741 673 1795 ἓν
705 1741 734 1795 6
768 1744 1015 1812 ἐγένετο.
1056 1763 1077 1797 ι

380 1831 580 1901 Ἀλλην
632 1832 886 1888 exesus;
925 1838 1161 1908 αἵρεσιν,
1213 1837 1480 1894 διδάσκων
1528 1839 1611 1894 ὅτι
1654 1839 1742 1896 διὰ
1793 1840 1888 1896 τοῦ

303 1922 438 1977 Υίοῦ
477 1925 701 1997 ἐκτίσθη
737 1927 912 1982 πάντα
947 1928 1018 1981 τὰ
1046 1931 1270 2002 γενητὰ,
1309 1931 1371 1983 οὑ
1408 1931 1516 2001 μὴν
1545 1931 1612 1985 δι’
1639 1932 1891 2001 ἀγγέλων

305 2017 492 2085 κακῶν
543 2018 577 2089 ἢ
613 2020 816 2087 καλῶν,
847 2021 924 2085 ὼς
952 2024 1137 2087 κακῶς
1167 2040 1309 2087 τινες
1343 2024 1635 2088 ὑπέλαῦον,
1663 2017 1741 2081 ὧν
1782 2027 1893 2080 elei.
1925 2004 1966 2058 Β

311 2108 555 2174 Πλάτων,
583 2110 788 2182 Σίμων,
841 2113 1151 2186 Βασιλίδης,
1191 2116 1513 2182 Νικόλαιος,
1553 2118 1890 2191 Μένανδρος,

308 2201 692 2274 Βορϐοριανοὶ,
736 2206 1108 2278 Σατορνεῖνος,
1157 2210 1448 2280 Κέρινθος.
1501 2212 1594 2265 Διὸ
1650 2213 1749 2266 καὶ
1799 2214 1893 2267 τὸν

304 2294 483 2366 γάμον
505 2297 649 2361 τινὲς
681 2298 1114 2371 ἀπαγορεύουσι,
1143 2303 1238 2356 καὶ
1271 2303 1334 2356 τὸ
1360 2306 1581 2377 γεννᾷν,
1605 2306 1893 2377 Σατορνεῖ-

304 2405 395 2453 νος
430 2392 527 2444 καὶ
556 2391 605 2445 οἱ
637 2391 1007 2449 άποστολικοί.

381 2570 662 2641 Ἐμφασιν
683 2572 797 2644 ἔχει
830 2574 859 2627 6
886 2573 1065 2644 λόγος,
1093 2576 1177 2630 ὅτι
1205 2577 1270 2632 οὐ
1307 2577 1467 2648 μόνος
1494 2578 1525 2631 ό
1559 2577 1687 2641 Υἱὸς
1711 2576 1895 2631 ἔκτισε

308 2660 377 2716 τὶ
407 2664 605 2729 πάντα,
661 2664 798 2719 ἀλλὰ
828 2666 927 2720 καὶ
954 2669 983 2722 ὁ
1025 2669 1214 2740 Πατὴρ
1240 2671 1334 2723 καὶ
1367 2670 1427 2725 τὸ
1459 2670 1708 2741 Πνεῦμα.
1752 2671 1898 2724 Ὅσα

309 2756 425 2829 γὰρ
458 2759 607 2812 ποιεῖ
637 2759 665 2811 6
696 2761 909 2831 Πατὴρ,
933 2761 1022 2815 διὰ
1050 2762 1147 2817 τοῦ
1174 2764 1308 2818 Υίοῦ
1342 2765 1401 2817 ἐν
1438 2765 1720 2835 Πνεῦματι
1745 2765 1895 2836 ἁγίῳ

312 2848 629 2917 ἐργάζεταισ
649 2852 745 2905 καὶ
765 2851 899 2906 ὅπου
923 2852 1020 2923 μία
1040 2854 1151 2907 τῶν
1169 2855 1273 2925 τῆς
1295 2855 1525 2927 Τριάδος
1542 2856 1898 2910 ὑποστάσεων

311 2940 531 3009 λέγεται
583 2946 780 3008 ποιεῖν,
833 2945 1280 3003 συνεπινοοῦνται
1311 2947 1409 3002 καὶ
1456 2949 1514 3003 αί
1560 2949 1750 3005 λοιπαὶ
1793 2951 1897 3023 τῆς

316 3033 449 3103 μιᾶς
475 3032 661 3097 οὐσίας
688 3033 1041 3101 ὑποστάσεις.

390 3225 411 3258 ι
470 3208 560 3260 Ἕν
598 3208 750 3279 αὐτῷ
794 3208 908 3282 ζωὴ
933 3206 1022 3282 ἦν,
1057 3214 1152 3266 καὶ
1185 3214 1219 3284 ἡ
1252 3212 1368 3287 ζωὴ
1422 3209 1494 3287 ἦν
1533 3215 1596 3270 τὸ
1638 3217 1759 3290 φῶς
1791 3217 1901 3274 τῶν

312 3298 412 3353 ἀνθ
421 3297 641 3371 ρώπων.
693 3320 712 3353 ι

389 3393 576 3446 Πάντα
615 3393 717 3446 ὅσα
757 3393 1015 3465 ἐποίησεν
1052 3397 1079 3449 6
1116 3395 1303 3469 Πατὴρ
1334 3397 1404 3452 δι’
1437 3398 1592 3465 Υἱοῦ,
1627 3397 1689 3465 ἐξ
1731 3399 1901 3454 αὑτοῦ

317 3483 681 3555 ὲζωοποιήθη.
722 3486 832 3540 Καὶ
868 3486 1056 3551 πάλιν,
1087 3489 1189 3542 οὑκ
1219 3490 1277 3542 ὲν
1308 3488 1587 3563 ἀνθρώπῳ
1614 3492 1842 3561 γέγονεν
1874 3495 1904 3547 6

317 3575 517 3644 Λόγος,
549 3575 688 3631 ἀλλὰ
735 3577 940 3649 τρόπον
978 3578 1099 3632 τινὰ
1142 3579 1308 3645 αὐτὸς
1336 3580 1426 3634 διὰ
1457 3580 1553 3635 τοῦ
1580 3582 1905 3653 Πνεύματος

318 3666 614 3737 ὲνισχύσας
641 3668 741 3739 τὴν
766 3669 1064 3740 Παρθένον,
1094 3670 1192 3724 καὶ
1220 3672 1517 3743 ὲνοικήσας
1539 3674 1598 3727 ὲν
1619 3676 1687 3745 τῇ
1720 3675 1905 3746 μήτρᾳ

317 3760 495 3829 αὐτῆς
518 3800 536 3825 ,
566 3761 821 3834 θεμέλιος
851 3763 1093 3832 ἐγένετο,
1126 3765 1223 3821 καὶ
1259 3767 1320 3821 ὲν
1351 3760 1503 3839 αὐτῷ
1549 3767 1905 3840 ᾠκοδόμησεν

319 3852 420 3923 τὴν
451 3853 517 3906 ὲκ
536 3854 760 3925 Μαρίας
780 3854 1078 3910 ὲνωθεῖσαν
1100 3857 1251 3928 αὑτῷ
1278 3858 1459 3931 σάρκα
1486 3858 1732 3933 ἔμψυχον
1752 3862 1905 3930 λογι-

320 3946 446 4017 κὴν,
481 3945 618 4018 ὅπερ
647 3948 768 4001 ἐστὶ
799 3947 934 4019 ζωή.
976 3949 1065 4013 Ὠς
1104 3950 1214 4023 γὰρ
1248 3951 1412 4017 αὑτός
1433 3953 1548 4009 ἐστι
1580 3952 1727 4027 ζωὴ,
1762 3954 1907 4010 οὕτω

319 4039 417 4093 καὶ
444 4039 477 4110 ὴ
522 4038 787 4093 ἐνωθεῖσα
832 4040 983 4112 αὑτῷ
1022 4042 1159 4113 σὰρξ
1180 4084 1195 4109 ,
1225 4038 1293 4116 ἧς
1320 4044 1371 4098 οἱ
1414 4046 1734 4117 μετέχοντες
1764 4047 1905 4114 ζωο-

321 4126 629 4196 ποιοῦνται,
665 4130 759 4184 τοῦ
794 4130 1027 4185 θανάτου
1063 4134 1281 4203 καὶτῆς
1312 4133 1523 4206 φθορᾶς
1555 4138 1910 4194 ἀπαλλασσό-

325 4236 515 4289 μενοι,
560 4221 657 4274 καὶ⁸
700 4223 781 4285 εἰς
825 4222 925 4293 τὴν
973 4223 1276 4278 ἀπόλαυσιν
1312 4225 1424 4279 τῶν
1469 4227 1566 4281 τοῦ
1615 4229 1908 4299 μέλλοντος

322 4308 519 4373 αἰῶνος
569 4310 792 4379 ἀγαθῶν
854 4311 962 4365 τῶν
1019 4314 1464 4371 άκαταπαύστων
1521 4321 1906 4392 πεμπόμενοι,

322 4399 464 4471 ὅπερ
487 4402 690 4473 ἐστὶνή
719 4402 938 4473 ἀληθῶς
969 4404 1106 4475 ζωή.

408 4493 472 4547 Ἦ
514 4493 802 4565 ,σάρκωσις
858 4495 952 4549 τοῦ
1006 4474 1350 4566 Μονογενοῦς
1400 4506 1732 4572 φωταγωγετ
1781 4504 1910 4569 τοὺς
1968 4474 1971 4477 ⁵

324 4585 651 4657 ἀνθρώπους
694 4588 834 4658 πρὸς
866 4587 967 4660 τὴν
1012 4590 1187 4662 άληθῆ
1228 4590 1583 4661 θεογνωσίαν,
1634 4596 1730 4651 καὶ
1770 4598 1909 4670 πρὸς

1636 527 1724 591 ΙΝ
1762 528 1822 592 S.
1860 530 2239 594 JOANNEM.

1909 644 1957 699 A
2050 642 2216 697 Vens.
2262 642 2320 697 2.
2369 656 2388 691 ι
2425 638 2537 693 iloc
2569 646 2684 693 erat
2732 637 2785 693 in
2823 638 3090 708 principio
3138 637 3279 706 apud
3322 638 3510 695 Deum.
3537 651 3566 692 ἰ

3435 517 3571 586 1394

2058 731 2330 798 Quoniam
2377 740 2687 786 comternus
2729 741 2849 785 erat
2886 729 3053 793 Patri,
3096 732 3147 784 in
3186 729 3362 785 Patris
3403 731 3570 785 etiam

1989 833 2184 879 natura
2234 821 2561 886 exsistebat,
2608 821 2816 876 habens
2847 837 2945 891 pro
2985 822 3104 878 loco
3134 823 3571 890 antiquissimam

1986 914 2265 971 Genitoris
2291 924 2563 970 naturam.
2597 912 2713 968 lloc
2744 929 2977 983 namque
3011 914 3338 984 principium
3378 926 3572 971 cuncta

1989 1008 2184 1062 saecula
2240 1008 2511 1078 praecedit.
2564 1005 2900 1078 Principium
2951 1007 3096 1062 enim
3153 1009 3352 1063 dicitur
3414 1008 3575 1063 Pater

1989 1097 2113 1152 Filii
2160 1108 2372 1153 tantum
2406 1112 2473 1153 ex
2503 1114 2609 1168 quo
2640 1116 2654 1153 :
2689 1099 2904 1169 origine
2942 1098 3208 1169 siquidem
3246 1099 3405 1155 Pater
3439 1097 3575 1153 Filio

1992 1192 2144 1261 prior
2186 1190 2526 1261 intelligitur,
2561 1206 2666 1246 non
2707 1201 2887 1246 tamen
2918 1194 3240 1247 exsistentia
3275 1207 3398 1247 esse
3427 1192 3577 1262 prior

1991 1283 2360 1353 cognoscitur.
2405 1283 2615 1354 Ubique
2646 1294 2830 1341 autem
2866 1286 3090 1340 verbum
3122 1294 3236 1338 erat
3269 1284 3572 1346 interserit,

1992 1373 2184 1428 Filium
2231 1375 2296 1431 ad
2347 1373 2561 1428 Patrem
2620 1375 2890 1445 principio
2938 1383 3214 1430 carentem
3266 1373 3572 1429 referendo.

1988 1463 2106 1519 Non
2144 1466 2287 1520 enim
2329 1465 2486 1532 dixit,
2522 1464 2861 1539 Principium
2888 1467 3097 1532 habuit,
3132 1466 3250 1532 sed,
3277 1463 3345 1519 In
3380 1465 3577 1535 princi-

1989 1556 2077 1624 pio
2100 1565 2234 1611 erat.

2065 1646 2228 1703 Vens.
2256 1649 2311 1703 5.
2360 1666 2380 1699 ι
2418 1646 2614 1703 Omnia
2645 1664 2740 1719 per
2788 1651 2963 1720 ipsum
2991 1648 3133 1704 facta
3170 1642 3318 1714 sunt,
3353 1654 3411 1704 et
3454 1644 3576 1703 sine

1991 1738 2111 1809 ipso
2135 1739 2337 1795 factum
2372 1750 2457 1795 est
2483 1740 2617 1795 nihil
2654 1742 2798 1809 quod
2829 1741 3028 1795 factum
3055 1748 3156 1796 est.
3192 1758 3212 1792 ι

2061 1832 2239 1887 Aliam
2270 1829 2522 1888 haeresim
2580 1833 2796 1900 refellit,
2844 1848 2970 1889 eum
3003 1832 3183 1901 docet,
3230 1832 3413 1889 omnia
3455 1846 3578 1901 quae

1994 1922 2137 1979 facta
2181 1934 2333 1987 sunt,
2363 1939 2461 1993 per
2482 1921 2680 1979 Filium
2717 1935 2901 1981 creata
2941 1940 3084 1994 esse,
3127 1940 3233 1981 non
3262 1934 3443 1980 autem
3479 1939 3576 1993 per

1995 2018 2216 2088 angelos
2256 2019 2370 2074 sive
2405 2022 2575 2078 bonos
2615 2024 2732 2077 sive
2769 2023 2965 2086 malos.
3017 2032 3079 2077 ut
3113 2036 3396 2092 perperam
3443 2035 3580 2074 non-

1998 2111 2127 2164 nulli
2161 2112 2369 2181 Opinati
2408 2125 2557 2179 sunt,
2593 2115 2737 2168 inter
2769 2130 2908 2185 quos
2936 2115 3110 2180 Plato,
3142 2114 3354 2177 Simon,
3385 2110 3579 2165 Basili-

1995 2204 2113 2267 des,
2148 2202 2427 2271 Nicolaus,
2463 2206 2779 2275 Menander,
2824 2208 3173 2274 Borboriani,
3216 2205 3570 2269 Saturninus,

1995 2293 2309 2354 Cerinthus.
2357 2298 2473 2366 Qua
2507 2301 2793 2355 occasione
2824 2302 2992 2356 etiam
3035 2300 3203 2369 aliqui
3256 2315 3469 2365 eorum,
3520 2307 3583 2353 ut

1998 2385 2327 2444 Saturninus
2366 2398 2422 2445 et
2464 2390 2768 2461 apostolici,
2806 2391 3021 2461 nuptias
3071 2401 3129 2446 et
3164 2390 3575 2461 generationem

1999 2479 2353 2536 induxerunt.

2071 2570 2169 2624 llic
2198 2586 2381 2626 sermo
2418 2572 2583 2628 etiam
2635 2573 2782 2629 illam
2831 2573 2941 2629 vim
2980 2574 3169 2641 habet,
3221 2582 3286 2629 ut
3329 2573 3583 2631 ostendat

1999 2676 2104 2717 non
2129 2661 2301 2717 solum
2331 2661 2533 2720 Filium
2571 2680 2789 2722 creasse
2810 2666 3021 2733 omnia,
3057 2668 3153 2722 sed
3184 2676 3241 2722 et
3272 2665 3486 2723 Patrem
3521 2681 3587 2720 ac

2003 2752 2270 2822 Spiritum
2324 2767 2597 2812 sanctum.
2633 2757 2907 2829 Quidquid
2951 2758 3096 2813 enim
3147 2757 3274 2813 facit
3307 2758 3487 2824 Pater,
3524 2758 3578 2813 id

2000 2861 2098 2914 per
2135 2845 2331 2902 Filium
2382 2849 2435 2903 in
2480 2850 2688 2919 Spiritu
2723 2860 2914 2906 sancto
2950 2859 3254 2920 operatur:
3281 2859 3336 2904 et
3370 2849 3589 2922 quando

2000 2955 2107 2993 una
2153 2937 2253 2994 SS.
2282 2938 2568 2995 Trinitatis
2612 2958 2847 3011 persona
2880 2944 3155 3015 quidpiam
3188 2943 3367 2999 facere
3407 2941 3590 3011 perhi-

1999 3031 2179 3097 betur,
2222 3033 2274 3087 id
2322 3034 2499 3101 ipsum
2546 3033 2710 3088 etiam
2754 3035 2997 3105 reliquas,
3036 3034 3235 3106 quibus
3274 3036 3462 3092 eadem
3500 3029 3587 3092 est

2000 3134 2221 3189 natura,
2258 3137 2503 3193 personae
2533 3126 2796 3193 perlicere
2832 3126 3243 3198 intelliguntur:

2075 3214 2243 3269 Vens.
2282 3216 2335 3271 4.
2390 3234 2410 3268 ι
2440 3214 2497 3270 1n
2553 3216 2671 3285 ipso
2719 3218 2831 3273 vita
2876 3227 3027 3285 erat,
3075 3228 3131 3275 et
3180 3217 3287 3273 vita
3331 3226 3451 3276 erat
3497 3217 3590 3274 lux

2006 3307 2308 3363 hominum.
2339 3328 2359 3362 ι

2076 3401 2420 3474 Qumcunque
2457 3404 2623 3460 Pater
2662 3420 2758 3474 per
2782 3403 2979 3460 Filium
3019 3404 3249 3471 creavit,
3287 3419 3353 3460 ex
3398 3405 3588 3460 eodem

2004 3494 2171 3548 vitam
2201 3494 2521 3551 hauserunt.
2556 3497 2624 3552 Et
2655 3513 2867 3561 rursus,
2906 3512 3010 3552 non
3049 3497 3103 3552 in
3135 3497 3353 3553 homine
3385 3496 3587 3551 factum

2002 3593 2088 3641 est
2123 3584 2376 3652 Verbum,
2417 3588 2510 3642 sed
2557 3589 2732 3657 ipsum
2764 3588 3161 3657 quodammodo
3185 3603 3284 3658 per
3324 3586 3587 3658 Spiritum

2004 3687 2251 3733 sanctum
2285 3678 2563 3750 Virginem
2605 3681 2890 3748 invadens,
2938 3689 2989 3736 et
3035 3681 3088 3735 in
3128 3680 3431 3735 visceribus
3473 3680 3591 3750 ejus

2006 3771 2340 3837 inhabitans,
2399 3772 2811 3828 fundamentum
2863 3775 3096 3841 exstitit,
3138 3772 3353 3843 ipsique
3401 3786 3592 3843 super-

2005 3861 2205 3916 struxit
2254 3863 2459 3917 unitam
2506 3863 2628 3919 sibi‘
2652 3878 2721 3919 ex
2771 3862 2942 3919 Maria
3000 3878 3226 3919 carnem
3286 3862 3589 3919 animatam

2006 3951 2366 4019 rationalem,
2413 3953 2557 4024 quod
2608 3964 2693 4010 est
2747 3954 2877 4010 vita.
2921 3953 3389 4021 Quemadmodum
3444 3954 3591 4009 enim

2007 4040 2183 4112 ipsum
2217 4042 2325 4097 vita
2352 4054 2458 4107 est,
2501 4043 2573 4097 ita
2610 4045 2776 4098 etiam
2809 4044 2957 4098 unita
2992 4043 3091 4115 ipsi
3128 4057 3277 4111 caro,
3313 4043 3467 4114 cujus
3497 4045 3589 4114 qui

2006 4134 2302 4204 participes
2323 4144 2472 4201 sunt,
2500 4135 2866 4200 viviﬁcantur,
2895 4148 2923 4189 a
2950 4142 3126 4190 morte
3153 4149 3217 4191 ac
3243 4134 3593 4204 corruptione

2006 4225 2241 4291 liberati,
2282 4236 2341 4283 et
2377 4230 2444 4283 ad
2487 4229 2946 4298 sempiternorum
2981 4227 3147 4283 futuri
3199 4225 3381 4282 saeculi
3431 4226 3594 4281 bono-

2010 4332 2129 4372 rum
2165 4318 2477 4375 fruitionem
2507 4320 2753 4386 admissi,
2789 4321 2840 4376 in
2880 4336 2985 4390 qua
3016 4334 3142 4375 vera
3168 4321 3277 4375 vita
3318 4318 3591 4376 consistit.

2080 4496 2393 4554 lncarnatio
2434 4496 2711 4569 Unigeniti
2755 4496 3015 4568 praelucet
3054 4495 3370 4551 hominibus
3418 4492 3593 4548 facem

2008 4591 2077 4647 ad
2118 4606 2302 4647 veram
2346 4588 2440 4645 Dei
2469 4589 2859 4661 cognitionem,
2890 4601 3161 4655 omneque
3204 4600 3375 4655 genus
3417 4584 3595 4640 virtu-

326 4680 437 4733 πᾶν
482 4675 623 4743 εἶδος
657 4680 862 4751 ἀρετῆς
886 4719 902 4747 ,
933 4681 1001 4734 δι’
1047 4676 1123 4737 ὧν
1153 4684 1187 4755 ὴ
1236 4684 1569 4757 ζωοποίησις
1597 4686 1847 4758 γίνεται,
1878 4692 1904 4746 6

2015 4696 2154 4751 tum,
2193 4685 2392 4753 quibus
2416 4686 2529 4753 ipsa
2564 4683 2885 4751 viviﬁcatio,
2915 4682 3022 4738 hoc
3060 4688 3141 4736 est
3181 4680 3445 4734 bonorum
3474 4692 3594 4731 om-

324 4774 441 4826 ὲστι
471 4772 580 4827 τῶν
603 4774 825 4842 ἀγαθῶν
850 4776 886 4846 ἡ
917 4774 1236 4840 ἀπόλαυσις.

410 4885 429 4918 ι
467 4865 578 4919 Καὶ
606 4865 667 4919 τὸ
700 4865 816 4935 φῶς
846 4868 905 4921 ὲν
932 4870 998 4940 τῇ
1032 4869 1225 4942 σκοτίᾳ
1253 4868 1473 4941 φαίνει,
1504 4873 1602 4928 καὶ¹
1632 4873 1668 4944 ἠ
1722 4871 1915 4927 σκοτία

328 4956 464 5010 αὐτὸ
493 4956 555 5008 οὑ
587 4956 907 5011 κατέλαϐεν.
951 4976 971 5006 ι

403 5048 605 5102 Σκοτία
634 5048 750 5101 ἐστὶ
800 5051 910 5113 πᾶς
959 5052 988 5104 6
1030 5054 1234 5124 κόσμος
1259 5092 1275 5118 ,
1310 5054 1448 5127 πρὸς
1480 5054 1770 5126 σύγκρισιν
1813 5053 1911 5108 τοῦ

330 5142 708 5211 ἀνεκφράστου
740 5143 832 5195 καὶ
852 5144 1143 5215 ἀπροσίτου
1166 5149 1365 5217 φωτός.
1404 5148 1552 5220 Πλὴν
1587 5148 1681 5203 καὶ
1715 5148 1744 5201 ὁ
1785 5147 1915 5213 Υἱὸς

332 5232 561 5303 φωτίζει
616 5231 707 5285 τὸν
738 5230 861 5287 νοῦν
904 5235 1042 5306 πρὸς
1082 5239 1152 5291 τὰ
1188 5239 1471 5310 πρακτέα,
1504 5242 1600 5295 καὶ
1630 5241 1722 5295 ἀεὶ
1753 5258 1913 5313 περι-

331 5327 530 5397 κρατεῖ
559 5326 594 5392 ή
623 5323 873 5398 ἀλήθεια,
892 5327 953 5379 οὐ
985 5328 1092 5398 μὴν
1119 5329 1180 5381 τὸ
1209 5330 1405 5399 ψεῦδος
1445 5332 1787 5405 περιγίνεται
1812 5335 1913 5405 τῆς

331 5417 616 5488 ἀληθείας.
652 5418 745 5470 Διὸ
766 5418 861 5471 καὶ
892 5417 1052 5480 αὐτὸς
1079 5413 1233 5473 εἶπεν
1259 5439 1273 5452 ·
1305 5422 1454 5491 Ἐγὼ
1472 5425 1769 5495 νενίκηκα
1804 5429 1914 5482 τὸν

334 5511 603 5578 κόσμον·
644 5509 767 5565 ἀντὶ
817 5509 913 5563 τοῦ
942 5548 959 5574 ,
1009 5510 1197 5564 Πᾶσαν
1240 5513 1665 5586 πεπλανημένην
1694 5516 1911 5588 αἵρεσιν

335 5602 540 5673 maga
564 5643 579 5667 ,
610 5602 707 5656 καὶ
750 5602 971 5657 πάντων
1016 5602 1351 5675 περιγέγονα
1390 5606 1498 5660 τῶν
1540 5607 1752 5673 παθῶν,
1807 5609 1911 5665 ὅσα

337 5694 489 5748 ἐστὶν
540 5695 847 5749 ἐπείσακτα
899 5696 986 5768 (οὐ
1034 5696 1159 5768 ⁴μὴν
1212 5700 1421 5766 φυσικὰ
1466 5700 1559 5753 καὶ
1596 5701 1911 5770 ἀναγκαῖα,

337 5786 483 5858 ἅπερ
513 5785 658 5842 ἑκὼν
685 5787 923 5860 ὑπέστη,
958 5788 1047 5844 ἵνα
1075 5787 1226 5860 δείξῃ
1255 5788 1317 5844 τὸ
1342 5789 1538 5862 ἀληθὲς,
1564 5793 1664 5866 τῆς
1696 5792 1910 5866 σαρκώ.

394 5964 433 6037 λ’
465 5962 624 6021 Joan.
663 5979 774 6029 xu,
799 5965 889 6020 53.

2011 4776 2163 4831 nium
2201 4774 2407 4839 iruitio,
2437 4774 2761 4843 acquiritur.

2085 4865 2252 4922 Vens.
2280 4866 2335 4920 5.
2386 4883 2406 4917 ι
2442 4863 2509 4919 Et
2542 4865 2633 4919 lux
2674 4865 2727 4920 in
2765 4863 3004 4921 tenebris
3038 4861 3204 4927 lucet,
3251 4868 3310 4917 et
3355 4858 3597 4915 tenebrae

2010 4969 2130 5011 eam
2161 4970 2268 5009 non
2303 4955 2859 5024 comprehenderunt.
2894 4972 2913 5005 ι

2082 5044 2349 5102 Τθηειπεο
2394 5054 2524 5101 sunt
2559 5044 2853 5101 universus
2881 5043 3140 5112 mundus,
3172 5058 3295 5098 cum
3333 5039 3594 5097 ineﬂabili

2018 5148 2076 5195 et
2102 5138 2380 5193 inaccessa
2429 5136 2521 5193 illa
2550 5136 2672 5193 luce
2705 5144 3075 5208 comparatus.
3109 5136 3401 5206 Caeterum,
3427 5137 3598 5193 Filius

2019 5231 2291 5288 illuminat
2338 5240 2575 5288 mentem
2614 5231 2762 5287 circa
2805 5246 2893 5288 res
2943 5230 3245 5298 faciendas,
3283 5240 3341 5287 et
3379 5245 3599 5301 semper

2019 5324 2277 5396 praevalet
2313 5325 2538 5391 veritas,
2578 5340 2676 5380 nec
2706 5340 2943 5397 unquam
2989 5340 3019 5380 a
3064 5326 3348 5380 mendacio
3372 5339 3598 5397 supera-

2021 5430 2134 5474 tur.
2180 5418 2445 5487 Quocirca
2487 5420 2649 5474 etiam
2697 5418 2949 5475 Christus
2993 5419 3107 5475 ait:
3140 5417 3255 5491 Ego
3304 5421 3404 5476 vici
3441 5437 3598 5475 mun-

2018 5514 2214 5582 dum”;
2261 5514 2311 5568 id
2355 5522 2458 5581 est,
2502 5515 2729 5569 Omnem
2775 5527 3063 5569 erroneam
3114 5514 3366 5571 haeresim
3401 5514 3595 5572 confnv

2021 5605 2162 5673 tavi,
2198 5613 2362 5674 atque
2406 5619 2598 5660 omnes
2636 5605 2917 5676 passiones
2961 5606 3094 5660 mihi
3133 5606 3313 5662 illatas
3344 5606 3596 5676 superari

2018 5699 2148 5769 (nou
2177 5698 2298 5753 dico
2320 5698 2594 5755 naturales
2624 5714 2687 5755 ac
2717 5700 3058 5756 necessarias
3080 5716 3217 5770 quas
3244 5709 3436 5771 sponte
3468 5714 3597 5755 sns-

2019 5784 2200 5858 tinuit,
2238 5798 2298 5846 ut
2328 5790 2509 5848 carnis
2550 5805 2666 5849 sua:
2698 5793 2984 5851 veritatem
3025 5793 3361 5861 ostenderet,
3395 5803 3601 5863 easque
