4148 6570
610 538 615 543 ‘
642 517 780 584 1395

1784 510 2120 572 AMMONII
2161 510 2692 571 ALEXANDRINI

3775 513 3914 577 1396

638 647 757 700 quae
782 628 1059 684 naturales
1093 642 1158 683 ac
1195 622 1514 683 necessariae
1543 627 1689 686 sunt,
1726 618 1950 672 minime
2001 617 2219 671 vitiosas

2332 634 2502 682 σεως,
2536 621 2631 672 καὶ
2660 620 2744 674 ὅτι
2774 621 2833 674 οὐ
2885 620 3064 689 φαῦλα
3098 623 3169 675 τὰ
3222 623 3431 694 φυσικά
3482 625 3578 677 καὶ
3610 626 3909 692 ἀναγκαῖα

638 719 759 777 esse
801 730 1279 776 commonstraret.
1316 716 1526 771 Idcirco
1571 712 1719 767 enim
1767 712 1885 765 istae
1930 709 2080 765 carni
2129 709 2220 762 Dei

641 812 801 869 Verbi
846 813 1182 876 acciderunt,
1227 817 1424 864 nonut
1461 808 1876 868 roborarentur,
1912 801 2009 856 sed
2055 810 2110 854 ut
2167 801 2219 854 in

640 903 759 972 ipso
800 902 1247 976 perimerentur).
1298 898 1617 955 lndecentes
1667 907 1902 961 namque
1942 889 2223 962 passiones

640 1012 709 1053 ne
733 996 950 1066 quidem
981 993 1373 1063 imaginatione
1408 988 1693 1044 sustinuit.

711 1089 875 1144 Vens.
908 1088 963 1143 6.
1009 1106 1027 1139 ι
1056 1085 1181 1142 Fuit
1226 1086 1386 1141 homo
1422 1081 1622 1137 missus
1664 1094 1694 1133 a
1734 1078 1865 1143 Deo,
1897 1075 1982 1130 cui
2025 1088 2221 1128 nomen

640 1190 758 1235 erat
780 1179 1043 1235 Joannes.
1083 1196 1102 1231 ι

709 1271 904 1327 Missus
955 1281 1038 1325 est
1078 1268 1314 1327 Joannes
1351 1274 1609 1336 tanquam
1651 1278 1681 1317 a
1729 1262 1944 1316 deserto
1998 1258 2222 1314 descen-

639 1366 773 1420 dens
813 1367 866 1418 in
903 1364 1180 1435 regionem
1229 1362 1556 1423 habitatam,
1605 1365 1663 1410 ut
1690 1355 1907 1426 populis
1938 1352 2219 1408 Christum

638 1458 978 1528 praedicaret.
1041 1454 1161 1525 Ipse
1218 1455 1382 1509 etiam
1450 1452 1711 1508 Dominus
1767 1448 2074 1519 appellatus
2140 1455 2224 1501 est

640 1551 861 1617 missus,
918 1565 1023 1605 non
1073 1548 1228 1620 quasi
1287 1549 1352 1601 de
1398 1546 1521 1600 loco
1565 1545 1616 1598 in
1667 1543 1843 1596 locum
1901 1540 2223 1608 commigret

640 1641 806 1714 (Deus
837 1641 980 1697 enim
1011 1638 1305 1707 imntobjlis
1343 1635 1484 1701 est);
1527 1635 1621 1690 sed
1654 1643 1711 1688 ut
1746 1633 1835 1702 qui
1862 1633 1928 1687 de
1958 1631 2078 1686 sinu
2106 1630 2222 1683 Pa-

642 1737 740 1790 tris
780 1734 1182 1804 quodammodo
1228 1740 1489 1795 semotus,
1536 1730 1602 1781 ad
1647 1738 1887 1781 nostram
1932 1733 2221 1793 pauperta-

640 1837 748 1884 tem
783 1843 903 1884 sese
943 1826 1243 1888 demiserit,
1276 1825 1416 1877 unde
1445 1830 1499 1877 et
1523 1820 1870 1888 semetipsum
1905 1817 2223 1871 humiliasse

640 1918 839 1972 dicitur
861 1917 926 1971 ιο.
961 1914 1191 1985 Quando
1222 1918 1405 1984 itaque
1436 1911 1718 1981 Scriptura
1746 1910 1913 1963 utitur
1940 1908 2122 1963 verbis
2153 1907 2220 1960 ad

2325 710 2426 762 Διὰ
2462 710 2571 780 γάρ
2598 711 2758 766 τοῦτο
2788 714 3127 783 προσήγγιξε
3146 718 3211 786 τῇ
3243 715 3338 769 τοῦ
3356 716 3492 768 Θεοῦ
3525 717 3699 783 Λόγου
3726 718 3908 787 σαρκὶ,

2325 801 2424 870 οὐχ
2453 802 2539 855 ἵνα
2570 802 2874 874 κρατυνθῇ,
2906 803 3022 859 ἀλλ’
3055 805 3143 859 ἵνα
3175 808 3234 859 ὲν
3268 805 3417 876 αὐτῷ
3455 806 3717 878 ἀναιρεθῇ
3746 806 3788 877 ).
3821 808 3906 860 Τά

2324 892 2433 963 γὰρ
2465 892 2679 964 ἄσεμνα
2704 894 2875 965 πάθη,
2908 896 3029 949 οὐδὲ
3060 897 3203 952 κατὰ
3233 899 3542 967 φαντασίαν
3580 900 3812 969 ὑπέστη.

2403 1087 2424 1121 t
2472 1070 2718 1138 Ἐγένετο
2750 1073 3039 1145 ἄνθρωπος
3083 1076 3503 1147 ἀπεσταλμένος
3546 1078 3703 1150 παρὰ
3749 1076 3913 1142 Θεοῦ,

2323 1162 2496 1231 ὄνομα
2533 1163 2683 1235 αὐτῷ
2727 1164 3000 1237 Ἰωάννης.
3038 1187 3056 1219 ι

2408 1256 2845 1328 Ἀπεσταλμένος
2866 1260 3015 1313 ἐστὶν
3044 1262 3073 1313 ό
3118 1263 3375 1334 Ἰωάννης
3401 1262 3475 1327 ὡς
3510 1262 3619 1316 ἀπὸ
3657 1263 3754 1331 τῆς
3781 1264 3917 1334 ὲρή-

2331 1366 2433 1419 μου
2468 1350 2714 1420 μεταϐὰς
2749 1353 2829 1415 είς
2852 1354 2952 1423 τὴν
2977 1355 3305 1427 οἰκουμένην
3337 1354 3548 1426 χώραν,
3575 1356 3663 1406 ἵνα
3696 1356 3915 1427 κηρύξῃ

2323 1440 2413 1493 τὸν
2443 1441 2679 1509 Χριστὸν
2724 1444 2838 1505 τοῖς
2867 1441 3033 1506 λαοῖς.
3079 1443 3137 1496 Ὀ
3188 1444 3247 1499 δὲ
3293 1443 3499 1514 Κύριος
3531 1443 3736 1514 ἐκλήθη
3767 1485 3781 1508 ,
3816 1445 3917 1498 καὶ

2326 1528 2491 1592 αὐτὸς
2520 1530 2959 1602 ἀπεσταλμένος,
2990 1534 3090 1605 οὐχ
3128 1534 3205 1598 ὡς
3233 1534 3344 1588 ἀπὸ
3382 1535 3569 1588 τόπων
3597 1537 3678 1598 εἰς
3710 1536 3917 1599 τόπους

2328 1620 2570 1690 μεταϐὰς
2599 1622 2878 1694 (ἀκίνητον
2906 1624 3014 1696 γὰρ
3034 1625 3097 1679 τὸ
3119 1626 3318 1694 Θεῖον),
3350 1626 3465 1680 ἀλλ’
3494 1627 3571 1690 ὡς
3598 1629 3663 1681 ὲκ
3690 1628 3801 1681 τῶν
3814 1626 3917 1682 τοῦ

2325 1713 2540 1785 Πατρδς
2579 1715 2798 1769 κόλπων
2850 1717 3016 1771 οἱονεί
3056 1737 3173 1783 πως
3204 1718 3468 1791 κινηθεὶς,
3507 1720 3603 1774 καὶ
3648 1721 3785 1791 πρὸς
3811 1720 3919 1791 τὴν

2324 1806 2600 1877 ἡμετέραν
2628 1806 2806 1862 ἐλθὼν
2835 1810 3131 1877 πτωχείαν.
3161 1812 3231 1865 δι’
3257 1811 3326 1883 ἢν
3346 1813 3442 1866 καὶ
3470 1812 3691 1881 λέγεται
3718 1812 3919 1866 ἑαυτὸν

2324 1898 2681 1955 ταπεινῶσαι.
2725 1901 2896 1955 Ὅταν
2925 1898 3018 1956 οὖν
3049 1903 3178 1975 εἴπῃ
3210 1905 3243 1974 ἠ
3281 1904 3476 1976 Γραφὴ
3508 1904 3578 1958 τὰ
3612 1907 3678 1975 τῇ
3709 1907 3920 1958 οἰκονο-

640 2010 878 2065 divinam
924 2010 1384 2079 dispensationem
1426 2004 1876 2070 accommodatis,
1912 2004 1957 2059 si
2003 2003 2218 2073 quidem

2328 1990 2427 2060 μία
2454 1991 2740 2062 πρέποντα
2777 1995 3022 2065 ῥήματα,
3056 1996 3103 2047 εί
3144 1996 3243 2065 μὲν
3277 1996 3431 2067 εἴπῃ,
3465 1997 3549 2050 ὃτι
3574 1998 3764 2050 ἑαυτὸν
3791 1999 3919 2051 ὲκέ-

639 2097 785 2153 dicat
837 2099 1090 2167 quoniam
1139 2099 1491 2167 semetipsum
1544 2095 1934 2160 exinanivit“,
1976 2094 2223 2149 domina-

640 2188 841 2244 tionem
903 2189 1069 2259 ipsius
1114 2204 1178 2244 ac
1226 2190 1428 2259 regiam
1491 2184 1828 2255 majestatem
1881 2197 2075 2257 sponte
2122 2201 2219 2240 sua

636 2292 856 2334 carnem
900 2281 1263 2351 assumpsisse
1294 2281 1585 2353 signiﬁcat.
1628 2276 1685 2333 Si
1724 2295 1853 2335 vero
1882 2281 2107 2334 missum
2146 2278 2223 2332 di-

637 2379 745 2436 cat,
785 2372 944 2427 docet
972 2373 1146 2443 ipsum
1180 2389 1284 2429 non
1316 2375 1433 2429 sine
1462 2376 1640 2431 Patris
1678 2374 1958 2428 voluntate
1996 2384 2219 2427 carnem

636 2461 900 2520 induisse.
938 2462 1066 2522 Haec
1097 2476 1279 2522 autem
1314 2468 1559 2522 humano
1608 2482 1760 2521 more
1798 2465 2032 2521 dicimus
2063 2482 2078 2518 :
2111 2477 2219 2517 una

632 2553 902 2624 siquidem
944 2556 1243 2624 eademque
1292 2556 1475 2613 Patris
1525 2573 1591 2613 ac
1638 2557 1765 2612 Filii
1815 2554 2070 2610 voluntas
2111 2562 2217 2618 est,

636 2647 847 2704 tametsi
879 2646 1122 2718 ejusdem
1152 2650 1315 2704 unius
1351 2650 1664 2704 Divinitatis
1693 2658 1859 2717 atque
1896 2646 2222 2703 substantiae

631 2754 990 2810 personarum
1030 2741 1393 2797 dill‘erentiam
1434 2756 1817 2813 agnoscamus.
1852 2740 2039 2795 Solum
2070 2738 2217 2793 enim

632 2826 853 2894 Filium,
898 2846 1006 2885 non
1037 2841 1218 2885 autem
1243 2829 1485 2895 Patrem,
1519 2841 1613 2886 aut
1643 2828 1909 2902 Spiritum
1942 2836 2217 2893 sanetum,

634 2921 977 2977 incarnatum
1013 2937 1137 2979 esse
1161 2923 1504 2993 profitemur.

703 3010 869 3068 Vens.
900 3012 952 3069 7.
1001 3030 1021 3066 ι
1055 3013 1154 3068 Hic
1202 3014 1351 3069 venit
1400 3014 1454 3069 in
1502 3013 1899 3077 testimonium,
1956 3020 2015 3066 ιιι
2065 3013 2219 3066 testi-

636 3105 878 3159 monium
910 3106 1221 3176 perhiberet
1258 3107 1324 3164 de
1355 3106 1580 3174 lumine,
1610 3113 1670 3161 ιιι
1696 3119 1888 3162 omnes
1930 3106 2219 3161 crederent

633 3207 733 3264 per
761 3194 933 3249 illum.
973 3213 993 3248 ι

707 3285 823 3343 Hoc
851 3286 1093 3345 Joannes
1146 3289 1319 3359 major
1347 3299 1429 3345 est
1469 3291 1682 3346 caeteris
1719 3289 2019 3361 prophetis,
2074 3290 2217 3360 quod

636 3377 730 3434 alii
756 3380 977 3450 quidem
1011 3381 1429 3451 praidicaverint
1454 3382 1601 3437 illum
1638 3382 1728 3452 qui
1755 3380 2212 3453 exspectabatur;

637 3468 756 3540 ipse
789 3486 941 3537 vero,
975 3487 1098 3528 cum
1125 3474 1352 3530 vidisset
1381 3490 1528 3543 eum,
1560 3484 1616 3530 et
1644 3484 1870 3547 propter
1902 3474 2057 3546 signa
2085 3490 2220 3545 quo-

640 3562 784 3616 niam
818 3562 934 3633 ipse
971 3573 1078 3629 est,
1113 3565 1457 3632 credidisset,
1487 3567 1660 3629 venit,
1688 3581 1754 3621 ex
1789 3566 1857 3621 iis
1884 3580 2007 3637 quae
2037 3572 2093 3621 et
2124 3580 2221 3620 au-

635 3657 846 3712 diverat
885 3666 939 3714 et
967 3659 1205 3725 viderat,
1240 3659 1610 3715 testiinonium
1642 3659 1953 3730 perhibere.

712 3750 876 3807 Vens.
910 3752 966 3808 8.
1012 3771 1031 3805 ι
1061 3751 1179 3807 Νοιι
1210 3764 1328 3810 erat
1369 3754 1459 3810 ille
1485 3754 1598 3819 lux,
1636 3754 1730 3810 sed
1761 3762 1821 3809 ut
1847 3752 2216 3810 testimonium

636 3840 949 3911 perhiberet
973 3844 1041 3898 de
1065 3842 1290 3899 lumine.
1326 3864 1347 3899 ι

709 3932 950 3991 Tametsi
983 3950 1200 4006 quoque
1231 3935 1471 3993 Joannes
1523 3946 1579 3993 et
1624 3939 1802 3994 sancti
1841 3939 1930 3996 lux
1974 3940 2103 4009 sint,
2137 3950 2221 3996 ta-

640 4043 764 4083 men
793 4044 900 4084 non
928 4038 1057 4084 sunt
1096 4028 1207 4095 illa,
1243 4031 1308 4087 de
1339 4046 1442 4100 qua
1474 4032 1564 4086 hic
1596 4029 1906 4102 Theologus
1930 4034 2064 4102 agit,
2094 4050 2220 4105 qua:

635 4127 721 4175 est
744 4117 1019 4185 Christus,
1054 4119 1143 4175 lux
1178 4135 1274 4191 per
1320 4130 1603 4190 naturam;
1639 4125 1813 4179 sancti
1856 4140 2096 4193 namque
2125 4141 2221 4196 per

637 4210 872 4281 gratiam
925 4210 1102 4267 lucem
1160 4222 1513 4285 acceperunt,
1564 4217 1824 4286 quocirca
1879 4218 1947 4274 de
1995 4219 2218 4277 Christo

637 4302 772 4358 dicit
796 4320 811 4358 :
838 4303 968 4356 Erat
993 4304 1089 4358 lux
1113 4320 1253 4360 vera.

707 4389 874 4450 Vens.
910 4394 964 4451 9.
1010 4414 1029 4449 ι
1062 4397 1191 4452 Erat
1220 4398 1309 4454 lux
1346 4413 1497 4464 vera,
1544 4416 1663 4471 qua:
1699 4402 1969 4461 illuminat
1998 4422 2216 4463 omnem

637 4482 912 4540 hominem
943 4487 1252 4544 venientem
1287 4489 1339 4544 in
1370 4490 1513 4546 hunc
1556 4495 1838 4550 mundum.
1875 4515 1894 4549 ι

707 4575 971 4632 Dominus
1013 4579 1313 4635 rationales
1356 4598 1484 4638 suas
1533 4596 1815 4642 creaturas
1877 4588 2217 4643 naturalibus

2323 2099 2525 2147 νωσεν,
2560 2085 2820 2154 σημαίνει
2848 2085 2907 2138 τὸ
2937 2087 3340 2142 αὑτοδέσποτον
3359 2090 3453 2143 καὶ
3487 2088 3794 2160 βασιλικὸν,
3828 2090 3916 2144 ὅτι

2324 2176 2468 2229 ἑκὼν
2499 2178 2816 2250 ὲσαρκώθη.
2853 2180 2916 2233 El
2947 2179 3006 2233 δὲ
3031 2181 3185 2253 εἴπῃ,
3220 2182 3303 2235 ὅτι
3338 2182 3640 2251 ἀπεστάλη,
3668 2182 3917 2236 διδάσκει

2322 2268 2408 2321 ὃτι
2455 2269 2554 2322 οὐκ
2592 2270 2720 2323 ἄνευ
2749 2270 2846 2323 τοῦ
2894 2271 3111 2342 Πατρὸς
3146 2273 3461 2346 ἐσαρκὼοη.
3515 2274 3703 2328 Ταῦτα
3734 2276 3791 2328 δὲ
3821 2276 3919 2330 λα-

2321 2360 2519 2433 λοῦμεν
2551 2362 2628 2427 ὡς
2656 2362 2933 2434 ἄνθρωποι
2960 2381 2975 2397 ·
3011 2367 3111 2437 μία
3153 2366 3263 2437 γὰρ
3302 2366 3396 2421 τοῦ
3440 2367 3655 2440 Πατρὸς
3691 2371 3791 2423 καὶ
3819 2369 3917 2423 τοῦ

2322 2455 2453 2509 Υίοῦ
2489 2456 2780 2527 βούλησις,
2810 2459 2914 2512 κᾶν
2944 2460 3005 2513 τδ
3041 2461 3302 2532 διάφορον
3328 2461 3623 2533 ἐννοοῦμεν
3662 2462 3774 2515 τῶν
3808 2463 3911 2531 τῆς

2324 2549 2455 2618 μιᾶς
2501 2547 2757 2620 Θεότητος
2794 2551 2892 2605 καὶ
2918 2551 3129 2621 ⁸οὐσίας
3173 2552 3551 2606 ὑποστάσεων.
3600 2552 3758 2607 Οὕτω
3800 2553 3916 2623 γὰρ

2321 2641 2572 2712 λέγομεν,
2600 2643 2684 2696 ὃτι
2718 2643 2879 2715 μόνος
2906 2646 2935 2699 ὁ
2954 2645 3086 2710 Υἱὸς
3112 2646 3482 2718 σεσάρκωται,
3510 2646 3609 2717 οὐχ
3629 2649 3659 2700 ό
3690 2645 3913 2716 Πατὴρ,

2320 2735 2382 2788 οὐ
2411 2734 2472 2788 τὸ
2500 2733 2747 2806 Πνεῦμα.

2398 3049 2418 3084 ι
2455 3020 2623 3095 Οὗτος
2648 3024 2813 3099 ἦλθεν
2839 3028 2921 3091 είς
2946 3024 3275 3099 μαρτυρίαν,
3308 3025 3395 3079 ἵνα
3426 3024 3754 3097 μαρτυρήσῃ
3779 3024 3919 3097 περὶ

2316 3123 2412 3177 τοῦ
2446 3121 2643 3192 φωτὸς,
2674 3121 2763 3173 ἵνα
2790 3119 2993 3182 πάντες
3028 3118 3362 3171 πιστεύσωσι
3390 3115 3457 3169 δι’
3482 3115 3671 3170 αὑτοῦ.
3711 3135 3730 3168 ι

2390 3300 2492 3355 Διὰ
2520 3299 2682 3354 τοῦτο
2738 3298 2943 3372 μείζων
2972 3298 3083 3352 τῶν
3116 3297 3293 3352 ἄλλων
3326 3297 3625 3368 προφητῶν
3652 3300 3682 3351 ό
3721 3296 3917 3351 Ἰωάν-

2319 3411 2440 3464 νης.
2474 3395 2557 3447 ὅτι
2587 3393 2788 3446 ἐκεῖνοι
2822 3392 2922 3462 μὲν
2950 3389 3227 3462 ἐκήρυξαν
3268 3388 3361 3442 τὸν
3408 3386 3871 3459 προσδοκώμενον
3896 3405 3914 3422 ·

2319 3480 2475 3551 οὗτος
2502 3487 2561 3541 δὲ
2591 3485 2855 3556 ἑωρακὼς
2885 3485 3071 3550 αὑτὸν,
3099 3484 3192 3538 καὶ
3215 3483 3525 3547 πιστευθεὶς
3547 3483 3635 3536 διὰ
3660 3484 3917 3553 σημείων

2319 3580 2402 3635 ὅτι
2449 3579 2614 3643 αὑτός
2645 3581 2795 3632 ἐστιν
2829 3590 2855 3619 ιι
2878 3618 2893 3644 ,
2922 3572 3088 3649 ἢλθεν
3122 3576 3420 3650 μαρτυρῶν
3448 3575 3510 3640 ἐξ
3553 3568 3630 3629 ὧν
3668 3575 3914 3645 ἦκουσεν

2321 3671 2417 3726 καὶ
2447 3666 2612 3725 εἶδεν.

2397 3781 2416 3814 ι
2466 3763 2583 3816 Οὐκ
2615 3757 2685 3832 ἦν
2725 3761 2932 3825 ἐκεῖνος
2974 3759 3037 3814 τδ
3097 3759 3256 3831 φῶς,
3289 3760 3410 3815 ἀλλ’
3448 3759 3537 3813 ἴνα
3581 3759 3914 3831 μαρτυρήσῃ

2321 3853 2450 3923 περὶ
2477 3852 2572 3906 τοῦ
2600 3854 2797 3921 φωτός.
2835 3870 2855 3903 ι

2394 3948 2461 4001 El
2502 3945 2597 4000 καὶ
2637 3945 2754 4014 φῶς
2795 3945 2824 3997 ὁ
2867 3943 3121 4016 Ἰωάννης
3146 3986 3160 4008 ,
3194 3945 3291 3999 καὶ
3334 3945 3384 3997 oi
3436 3944 3602 4013 ἅγιοι,
3638 3942 3755 3997 ἀλλ’
3807 3942 3914 3996 οὐκ

2320 4040 2521 4094 ἐκεῖνοι
2555 4037 2615 4091 τὸ
2645 4034 3082 4107 Θεολογούμενον
3127 4036 3187 4099 ὃς
3214 4036 3331 4088 ἐστι
3375 4034 3611 4106 Χριστὸς
3633 4073 3647 4097 ,
3673 4032 3703 4085 ὃ
3742 4032 3912 4102 φύσει

2322 4132 2469 4203 φῶς’
2508 4132 2557 4184 oi.
2585 4130 2694 4201 γὰρ
2750 4129 2898 4198 ἆγιοι
2943 4128 3127 4200 χάριτι
3164 4127 3324 4199 ἔσχον
3354 4128 3444 4182 τὸν
3469 4126 3753 4197 ῳωτισμὸν
3780 4165 3795 4187 ,
3828 4124 3917 4178 διὸ

2319 4226 2416 4281 καὶ
2447 4224 2578 4297 περὶ
2629 4222 2726 4279 τοῦ
2762 4220 3002 4295 Χριστοῦ
3030 4237 3196 4292 φησιν
3223 4237 3238 4252 ’
3272 4215 3385 4276 Ἦν
3408 4218 3475 4275 τὸ
3516 4217 3642 4289 φῶς
3664 4217 3733 4271 τὸ
3758 4217 3918 4285 ἀλη-

2321 4312 2512 4367 θινόν.

2392 4402 2503 4456 Ἦν
2542 4402 2603 4457 τὸ
2647 4383 2869 4471 φῶς-τὸ
2898 4397 3173 4469 ἀληθινὸν,
3218 4397 3248 4451 ὃ
3307 4395 3535 4467 φωτίζει
3577 4393 3773 4463 πάντα]
3808 4392 3908 4446 ἄν-

2321 4496 2541 4568 θρωπον
2570 4492 2866 4565 ἐρχόμενον
2896 4492 2977 4553 εἰς
3013 4490 3108 4543 τὸν
3138 4488 3366 4559 κόσμον.
3406 4506 3425 4539 ι
3818 4500 3819 4503 ‘

2401 4587 2463 4641 '0
2494 4586 2701 4657 Κύριος
2726 4583 2797 4637 τὰ
2818 4583 3012 4652 λογικὰ
3034 4580 3198 4636 αὑτοῦ
3224 4580 3500 4649 κτίσματα
3519 4576 3629 4632 ἀπὸ
3655 4573 3913 4647 φυσικῶν

636 4664 992 4725 instinctibus
1020 4670 1311 4737 illuminat,
1344 4673 1412 4728 ad
1441 4678 1768 4732 credendum
1825 4680 2059 4749 aliquem
2090 4695 2213 4736 esse

2322 4676 2541 4733 ἐννοιῶν
2570 4674 2795 4745 φωτίζει
2821 4714 2837 4741 ,
2877 4674 2958 4736 είς
2990 4673 3052 4725 τὸ
3090 4670 3384 4740 πεισθῆναι
3410 4707 3426 4733 ,
3459 4669 3543 4721 ὅτι
3568 4667 3686 4720 ἐστι
3724 4665 3865 4726 Θεός
3890 4681 3909 4696 ·

637 4756 805 4812 Deum
840 4760 1180 4831 :colligendo
1227 4764 1484 4819 nimirum
1526 4783 1592 4821 ex
1634 4768 1870 4837 ipsarum
1915 4772 2215 4841 pulchritu-

637 4846 784 4912 dine,
836 4858 1001 4920 atque
1045 4852 1241 4908 ordine
1284 4865 1680 4924 creaturarum,
1731 4859 2049 4915 immensam
2093 4862 2211 4933 ejus

636 4950 984 5011 potestatem.

706 5032 874 5090 Vens.
903 5038 989 5092 10.
1037 5057 1055 5091 ι
1087 5038 1146 5093 In
1181 5043 1383 5096 mundo
1405 5054 1545 5111 erat,
1572 5054 1626 5101 et
1653 5046 1887 5102 mundus
1912 5062 2009 5115 per
2034 5048 2211 5118 ipsum

633 5125 814 5182 lactus
830 5136 933 5195 est,
962 5138 1017 5185 et
1046 5133 1277 5186 mundus
1306 5148 1431 5187 eum
1468 5151 1572 5190 non
1602 5141 1872 5208 cognovit.
1912 5157 1930 5189 ι

703 5216 850 5275 Deus
872 5229 989 5275 erat
1030 5221 1085 5276 in
1124 5224 1348 5293 mundo,
1379 5230 1674 5282 secundum
1704 5231 2089 5297 substantiam,
2117 5234 2210 5287 sed

635 5325 742 5366 non
803 5314 1103 5369 secundum
1161 5319 1659 5388 praecognitionem.
1718 5323 1952 5379 Rursum
2019 5326 2215 5381 refellit

636 5403 885 5461 haeresim
935 5405 1232 5463 dicentium
1293 5412 1562 5481 homines,
1614 5416 1687 5470 uti
1738 5426 1793 5473 et
1841 5432 1929 5473 res
1968 5430 2213 5489 caeteras,

536 5567 540 5571 η
635 5513 745 5553 non
773 5513 897 5554 esse
932 5498 1029 5556 Dei
1059 5498 1363 5559 creaturas.

705 5590 964 5646 Mundam
1029 5592 1119 5648 hic
1163 5606 1319 5652 vocat
1373 5600 1655 5670 homines,
1709 5601 1790 5658 sic
1837 5618 1867 5658 a
1922 5614 2073 5675 parte
2118 5619 2214 5659 sua

708 5755 751 5788 ιθ
781 5752 1011 5824 Philipp.
1042 5771 1100 5818 ιι.
1130 5756 1184 5821 6,
1213 5756 1265 5811 7.
1345 5759 1386 5790 ιι
1417 5738 1559 5814 ibid?

2325 4767 2699 4840 στοχαζόμενα
2730 4766 2758 4807 b
2787 4767 2853 4818 ὲκ
2890 4764 2993 4833 τῆς
3018 4762 3128 4815 τῶν
3156 4761 3474 4832 κτισμάτων
3504 4757 3671 4811 αὐτοῦ
3704 4755 3911 4809 καλλο-

2320 4862 2421 4932 νῆς
2467 4860 2566 4915 καὶ
2610 4856 2868 4924 εὐταξίας
2895 4896 2911 4922 ,
2938 4855 2998 4908 τὸ
3039 4853 3377 4926 ὑπερανέχον
3422 4852 3521 4922 τῆς
3554 4848 3720 4904 αὐτοῦ
3752 4847 3913 4901 δυνά·

2327 4972 2496 5026 μεως.
3626 4990 3629 4993 ς

2403 5064 2421 5097 ι
2476 5044 2565 5098 Ἐν
2594 5041 2673 5113 τῷ
2709 5042 2901 5111 κόσμῳ
2945 5033 3015 5110 ἦν
3038 5079 3051 5103 ,
3082 5037 3179 5090 καὶ
3206 5037 3234 5089 ὁ
3261 5034 3464 5105 κόσμος
3500 5030 3567 5086 δι’
3597 5029 3767 5085 αὐτοῦ
3796 5028 3911 5099 ἐγέ-

2323 5153 2462 5200 νετο,
2499 5135 2594 5187 καὶ
2627 5135 2654 5187 ὁ
2688 5133 2895 5201 κόσμος
2924 5130 3087 5184 αὑτὸν
3115 5129 3215 5182 οὐκ
3241 5127 3402 5194 ἔγνω.
3445 5144 3464 5177 ι

2401 5228 2459 5278 '(l
2494 5225 2628 5289 Θεὸς
2663 5220 2730 5296 ἦν
2774 5225 2833 5276 ὲν
2874 5221 2955 5293 τῷ
2989 5221 3180 5290 κόσμῳ
3206 5262 3221 5285 ,
3258 5216 3377 5271 κατ’
3419 5215 3629 5279 οὐσίαν,
3677 5213 3817 5267 ἀλλὰ
3846 5213 3909 5265 οὐ

2318 5329 2459 5383 κατὰ
2501 5328 2563 5380 τὸ
2602 5323 2966 5398 προνοητικόν
2988 5334 3036 5377 ο.
3088 5320 3256 5373 Πάλιν
3288 5314 3639 5386 άνασειράζει
3679 5313 3779 5382 τὴν
3827 5312 3911 5364 αἴ-

2322 5439 2470 5494 ρεσιν
2513 5420 2622 5473 τῶν
2680 5420 2982 5487 λεγόντων,
3019 5417 3092 5485 μὴ
3138 5409 3278 5465 εἶναι
3322 5408 3601 5479 κτίσματα
3643 5404 3739 5458 τοῦ
3769 5400 3908 5456 Θεοῦ

2317 5514 2444 5575 τοὺς
2470 5511 2811 5582 ἀνθρώπους,
2850 5509 2945 5561 καὶ
2989 5506 3058 5559 τά
3083 5504 3269 5557 λοιπά.

2385 5601 2514 5656 Ὧδε
2566 5604 2773 5674 κόσμον
2806 5602 2930 5662 τοὺς
2958 5596 2985 5637 ἀ
3010 5596 3107 5650 ἀνθ
3119 5593 3333 5666 ρώπους
3360 5590 3532 5661 λέγει,
3562 5586 3672 5641 ἀπὸ
3705 5584 3908 5657 μέρους

706 5897 733 5965 ξ
764 5881 932 5965 Οὗτος
965 5887 1029 5960 δὴ
1055 5882 1186 5960 ἦλθε
1221 5909 1386 5964 μαρτ.
1423 5893 1513 5950 Cr.
1588 5894 1616 5935 ι’
1641 5894 1732 5949 Cr.
1761 5892 2211 5965 στοχαζομένους.
2291 5902 2313 5933 ε
2350 5891 2442 5950 Cr.
2476 5891 2549 5947 Οὐ
2586 5887 2707 5945 κατ’
2734 5887 2947 5955 οὐσίαν,
2982 5884 3121 5941 ἀλλὰ
3153 5885 3294 5941 κατὰ
3318 5882 3379 5939 τὸ
3405 5879 3789 5955 προνοητικόν.

632 5956 662 5999 ἀ
692 5957 783 6014 Cr.
816 5956 1029 6031 μόνους.

1564 6078 1647 6126 ab
