4148 6590
552 430 691 495 1399

1682 426 2017 488 AMMONII
2058 428 2591 493 ALEXANDRINI

3737 415 3879 493 1400'

543 562 689 603 esse.
726 542 1101 614 Ναιιιεηοιίιιυι
1127 556 1197 597 ex
1228 540 1407 599 Verbo
1430 555 1651 597 carnem
1683 541 1883 597 factam
1939 542 2124 607 tradit,

2238 544 2390 598 τοῦδε
2417 546 2501 609 είς
2521 544 2666 601 τόδε.
2712 545 2775 599 ’Π
2807 545 2907 617 μὲν
2929 541 3026 599 οὖν
3051 541 3210 615 σὰρξ,
3245 540 3360 597 καὶ
3392 539 3583 609 σῶμα
3609 539 3828 607 λέγεται
3846 561 3862 575 ·

542 652 615 693 ne
642 636 809 706 aliqui
842 650 907 691 ex
931 633 1035 690 hoc
1062 634 1118 689 in
1145 632 1275 689 illud
1304 644 1628 688 conversum
1665 640 1943 702 spargant.
1986 628 2118 686 0m.

2238 635 2289 688 οὐ
2317 636 2537 701 πάντως
2562 636 2620 691 δὲ
2665 639 2764 693 καὶ
2800 638 2865 692 τὸ
2889 635 3076 708 σῶμα,
3114 635 3274 707 σάρξ.
3309 633 3423 688 Διὸ
3454 633 3567 688 καὶ
3598 635 3633 687 ὁ
3664 632 3869 705 Κύριος

545 732 630 786 nis
663 738 841 784 autem
880 742 1031 794 caro,
1090 727 1258 782 etiam
1297 739 1499 792 corpus
1549 723 1787 788 dicitur;
1837 738 1943 778 non
1990 737 2119 778 vero

542 837 704 877 omne
728 836 945 889 corpus,
973 834 1103 875 caro
1138 817 1468 873 nominatur.
1510 814 1777 882 Quocirca
1817 815 1980 870 etiam
2014 814 2120 870 Do-

540 916 757 969 minus:
815 914 917 979 Qui
962 911 1208 975 comedit,
1259 910 1457 981 inquit,
1494 925 1663 963 meam
1696 924 1910 962 carnem
1938 907 2002 962 ι’.
2051 906 2122 961 Et

540 1006 666 1063 alibi
693 1024 707 1060 :
738 1005 964 1074 Palpate
990 1020 1091 1068 me,
1121 1015 1169 1058 et
1205 1003 1389 1065 videte,
1420 1002 1543 1073 quia
1573 1001 1788 1069 spiritus
1812 1015 2024 1054 carnem
2070 1009 2122 1053 et

540 1114 658 1153 oua
687 1115 789 1153 non
816 1097 991 1162 habet,
1026 1098 1162 1150 sicut
1197 1112 1278 1149 me
1303 1094 1484 1149 videtis
1518 1093 1709 1146 habere
1731 1092 1795 1146 “.

615 1191 781 1247 Vsus.
811 1191 901 1247 15.
966 1209 987 1242 r
1021 1189 1087 1245 Et
1138 1188 1371 1245 vidimus
1418 1186 1644 1254 gloriam
1697 1183 1839 1253 ejus,
1891 1184 2122 1253 gloriam

542 1285 697 1355 quasi
758 1282 1034 1354 Unigeniti
1086 1295 1115 1336 a
1161 1279 1342 1346 Patre,
1399 1279 1618 1350 plenum
1675 1278 1866 1350 gratiae
1914 1286 1970 1333 et.
2033 1291 2124 1332 ve—

546 1377 745 1433 ritotis.
778 1395 798 1429 ι

614 1467 895 1538 Quomodo
931 1482 1052 1524 eam
1098 1466 1376 1521 vidimus?
1419 1465 1525 1521 Per
1570 1465 1782 1521 stellam
1819 1463 2121 1535 Magorum,

543 1575 640 1631 per
671 1560 930 1631 angelos,
976 1573 1084 1628 per
1113 1570 1385 1628 pastores,
1446 1571 1545 1626 per
1594 1557 1833 1619 Annam,
1885 1571 1981 1625 per
2032 1554 2122 1609 Si-

546 1667 819 1718 meonem,
852 1667 948 1722 per
973 1650 1304 1714 Gabrielem,
1353 1663 1451 1719 per
1495 1647 1782 1718 Deiparam
1820 1647 2119 1716 Virginem,

545 1760 642 1815 per
670 1758 858 1800 vocem
887 1743 1065 1799 Patris
1101 1743 1202 1813 ipsi
1238 1741 1604 1798 testimonium
1636 1738 1990 1809 perhibentis,
2022 1754 2123 1807 per

2227 730 2447 799 ἔλεγεψ
2493 730 2549 783 Ὁ
2582 730 2821 801 τρώγων
2840 746 2963 801 μου
2991 730 3109 799 τὴν
3134 728 3374 797 σάρκα.
3430 726 3557 783 Καὶ
3594 725 3861 797 ἀλλαχοῦ·

2232 824 2645 893 Ψηλαςρήσατέ
2682 842 2779 895 με,
2828 825 2930 880 καί
2980 824 3158 888 ἴδετε.
3206 824 3302 878 ὅτι
3365 820 3641 888 πνεῦμα
3673 820 3867 889 σάρκα

2230 916 2327 969 καὶ
2372 915 2556 971 ὀστέα
2587 919 2700 973 οὐκ
2733 917 2879 988 ἔχει,
2912 917 3108 985 καθὼς
3131 914 3236 986 ἐμὲ
3266 913 3588 984 θεωρεῖτε
3621 913 3861 984 ἔχοντα.

2311 1205 2330 1237 r
2367 1188 2475 1240 Καὶ
2502 1185 2853 1257 ἐθεασάμεθα
2881 1186 2982 1257 τὴν
3017 1185 3176 1252 δόξαν
3198 1182 3411 1247 αὐτοῦ,
3448 1181 3629 1247 δόξαν
3658 1182 3738 1245 ὡς
3759 1183 3868 1235 Μο-

2234 1278 2485 1345 νογενοῦς
2531 1279 2682 1351 παρὰ
2730 1279 2966 1350 Πατρὸς,
3008 1278 3227 1350 πλήρης
3273 1276 3535 1348 χάριτος
3580 1273 3683 1328 καὶ
3732 1274 3865 1345 ἀλη-

2233 1372 2400 1434 θείας.
2438 1389 2457 1423 ι

2305 1463 2430 1527 Πῶς
2476 1461 2884 1535 ὲθεασάμεθας“
2905 1462 3008 1516 Διὰ
3034 1460 3131 1515 τοῦ
3165 1459 3418 1531 ἀστέρος
3468 1457 3598 1512 τῶν
3632 1456 3860 1525 Μάγων,

2230 1556 2340 1611 τῶν
2383 1558 2654 1627 ἀγγέλων,
2681 1557 2790 1611 τῶν
2831 1556 3133 1627 ποιμένων,
3170 1554 3272 1619 τῆς
3306 1551 3564 1614 Ἄννας,
3613 1550 3715 1603 τοῦ
3762 1550 3861 1603 Συ-

2234 1648 2403 1720 μεὼν,
2448 1649 2546 1703 τοῦ
2592 1648 2855 1722 Γαϐριὴλ,
2883 1648 2981 1703 τοῦ
3010 1648 3171 1704 τόκου
3218 1646 3325 1717 τῆς
3378 1643 3711 1716 Παρθένου,
3765 1641 3862 1713 τῆς

2230 1742 2417 1812 φωνῆς
2460 1742 2556 1797 τοῦ
2600 1742 2816 1814 Πατρὸς
2854 1742 2955 1812 τῆς
2991 1738 3399 1813 μαρτυρούσης
3431 1736 3601 1808 αὐτῷ
3635 1737 3739 1805 τῆς
3775 1733 3856 1787 ἐπ’

547 1836 806 1905 Spiritum
834 1845 1082 1892 sanctum
1112 1847 1275 1904 super
1306 1833 1481 1903 ipsum
1512 1831 1957 1899 descendentem,
1988 1829 2119 1884 alia-

2238 1835 2388 1890 κὺτδν
2414 1834 2510 1889 τοῦ
2532 1835 2856 1907 Πνεῦματος
2888 1835 3321 1907 ὲπιφοιτήσεως,
3345 1832 3459 1887 καὶ
3484 1830 3607 1885 τῶν
3640 1828 3845 1902 μυρίων

545 1945 653 2001 que
686 1929 972 1985 innumera
1010 1928 1162 1998 signa
1191 1933 1246 1981 ot
1273 1926 1602 1981 curationes.

619 2022 676 2079 Si
704 2032 823 2079 erat
854 2022 1043 2093 plenus
1068 2020 1245 2092 gratia
1274 2033 1340 2074 ac
1382 2018 1634 2083 veritate,
1693 2015 1965 2088 quomodo
2010 2022 2129 2070 tan-

551 2115 673 2170 dem
716 2113 1006 2185 profecerit
1042 2110 1363 2181 plenitudo?
1411 2108 1496 2165 vel
1531 2108 1691 2179 quale
1717 2107 1942 2163 omnino
1970 2120 2125 2162 sum-

550 2208 721 2278 pserit
751 2205 1164 2269 incrementum,
1199 2202 1287 2259 cui
1320 2211 1607 2273 supererat
1648 2200 1827 2257 nihil?
1875 2199 1993 2255 Non
2029 2198 2129 2269 igi-

553 2310 639 2353 tur
676 2296 911 2353 Verbum
945 2296 1029 2352 vel
1067 2297 1206 2351 Deus
1260 2295 1404 2365 apud
1452 2304 1697 2351 sanctam
1748 2292 1949 2348 Lucam
2004 2306 2131 2363 pro-

551 2392 719 2447 licere
746 2391 1087 2461 perhibetur,
1122 2390 1218 2444 sed
1267 2396 1485 2459 propter
1514 2386 1775 2442 miracula
1808 2395 1972 2455 atque
2007 2398 2131 2455 pro-

550 2484 717 2555 digia,
755 2483 823 2538 iis
854 2483 946 2554 qui
982 2482 1159 2552 ipsum
1188 2483 1508 2544 cernebant,
1564 2480 1616 2534 in
1669 2479 1786 2534 dies
1829 2476 2000 2547 magis
2042 2476 2135 2531 ad-

551 2575 852 2638 mirandus,
890 2575 1173 2645 magisque
1200 2580 1387 2644 gratus
1435 2572 1698 2627 accidisse
1744 2568 2126 2641 signiﬁcatur:

550 2668 870 2739 proliciente
916 2668 1172 2723 nimirum
1220 2666 1405 2722 verius
1452 2665 1551 2737 (uti
1602 2666 1779 2734 potius
1841 2665 2129 2722 dicendum

552 2763 657 2830 est)
706 2760 1090 2815 admirantium
1145 2756 1437 2813 aﬂectione
1495 2759 1562 2811 ad
1615 2757 1863 2812 habitum
1920 2757 2127 2827 gratias,

551 2867 716 2923 quam
750 2852 868 2923 ipso
891 2850 1003 2921 jam
1048 2851 1312 2918 perfecto,
1362 2858 1554 2920 utpote
1602 2848 1735 2915 Deo,
1778 2848 1900 2912 eius
1951 2849 2132 2905 incre-

553 2952 798 2995 ruentum
833 2949 1104 2995 sumente.

625 3034 789 3088 Vsus.
821 3032 907 3087 l6.
950 3052 968 3085 ι
996 3033 1064 3087 Ει
1086 3034 1151 3088 de
1185 3030 1521 3102 plenitudine
1548 3031 1663 3103 ejus
1695 3047 1792 3088 nos
1818 3046 2011 3090 omnes
2037 3047 2135 3088 ac-

554 3128 821 3197 cepimus.
845 3136 901 3181 et
924 3125 1155 3198 gratiam
1187 3140 1286 3194 pro
1320 3127 1512 3198 gratia.
1544 3144 1564 3179 ι

557 3310 701 3365 nium
735 3310 967 3375 exsistit,
1012 3311 1102 3380 qui
1148 3310 1411 3381 plurimos
1438 3310 1699 3367 bonitatis
1726 3326 1842 3367 suae
1893 3312 2127 3383 partici-

556 3416 652 3470 pes
680 3399 939 3468 eiliciens,
975 3401 1197 3457 minime
1237 3401 1617 3458 imminuitur:
1663 3417 1731 3457 ex
1776 3403 1975 3473 quibus
2015 3404 2136 3473 qni-

556 3494 678 3548 dem
720 3492 833 3564 ipse
882 3494 1128 3564 largitur,
1178 3495 1274 3550 sed
1321 3495 1521 3566 accipit
1561 3504 1833 3561 creatura,
1885 3493 2138 3552 Christus

558 3599 752 3655 nempe
778 3586 938 3642 Deus.

632 3676 796 3733 Vens.
828 3678 916 3735 17.
965 3698 985 3732 ι
1010 3679 1145 3747 Quia
1186 3678 1272 3735 lex
1307 3694 1405 3748 per
1428 3678 1647 3753 Moysen
1676 3680 1801 3736 data
1829 3689 1934 3748 est,
1959 3682 2135 3752 gratia

556 3779 612 3826 et
640 3772 840 3827 veritas
868 3786 963 3840 per
991 3771 1175 3828 Jesum
1204 3772 1480 3829 Christum
1508 3775 1651 3829 facta
1693 3782 1797 3829 est.
1829 3792 1849 3827 ι

627 3865 733 3922 Pro
785 3868 956 3938 gratia
1001 3870 1158 3923 nobis
1208 3867 1266 3924 in
1320 3869 1529 3923 Adamo
1573 3879 1899 3939 praeparata,
1950 3884 1978 3922 a
2032 3883 2136 3938 qua

555 3959 878 4026 excidimus,
912 3960 1164 4017 Christus
1200 3976 1296 4031 per
1324 3961 1648 4033 baptismum
1675 3963 1833 4019 nobis
1872 3961 2135 4034 Spiritum

558 4063 811 4106 sanctum
845 4052 1077 4107 incolam
1113 4052 1285 4109 dedit.

629 4140 793 4195 Vatis.
830 4140 917 4195 i8.
964 4158 983 4193 ι
1017 4141 1183 4196 Deum
1220 4156 1381 4197 nemo
1406 4143 1542 4197 vidit.
1596 4158 1831 4213 unquam
1863 4162 1877 4200 :
1946 4145 2139 4216 unige-

556 4230 913 4296 nitusFiIins,
939 4236 1029 4304 qui
1057 4233 1220 4292 estin
1253 4235 1375 4291 sinu
1404 4234 1600 4303 Patris,
1648 4236 1762 4305 ipse
1784 4238 2078 4293 enarravit.
2112 4257 2132 4291 ι

629 4391 746 4443 Non
796 4389 942 4445 solus
990 4391 1149 4451 Pater
1195 4393 1365 4448 videri
1414 4395 1619 4465 nequit,
1671 4396 1767 4453 sed
1804 4411 1905 4452 nec
1947 4397 2135 4453 Filius.

556 4484 673 4541 Etsi
704 4485 848 4539 enim
883 4486 934 4539 iu
969 4503 1134 4542 carne
1164 4490 1496 4559 apparuerit,
1556 4505 1660 4546 non
1711 4500 1892 4549 tamen
1939 4508 2139 4550 secun-

557 4578 686 4633 dum
710 4579 1094 4643 substantiam,
1133 4597 1295 4650 quam
1344 4598 1445 4638 nec
1478 4583 1694 4653 ipsimet
1725 4585 1940 4654 Angeli,
1987 4597 2047 4642 ut
2077 4588 2132 4643 in
2170 4573 2211 4628 D

556 4686 618 4727 se
667 4680 777 4739 est,
837 4684 1094 4728 cernunt.
1157 4672 1306 4728 Multi
1366 4674 1631 4744 siquidem
1690 4677 1859 4733 Deum
1909 4688 2134 4748 norunt,

556 4774 931 4819 verumtamen
968 4765 1088 4834 ejus
1117 4766 1474 4822 substantiam
1520 4783 1681 4825 nemo
1727 4772 1944 4841 penitus
1972 4773 2130 4829 vidit.

556 4852 766 4925 Corpus
788 4857 1005 4924 aliquod
1035 4858 1410 4915 absconditum
1446 4876 1553 4918 non
1597 4862 1798 4919 dicitur
1832 4864 2139 4936 inaspecta-

556 4948 667 5005 bile
694 4966 709 5015 ;
742 4949 833 5004 sed
867 4948 1009 5017 quod
1040 4948 1114 5004 ita
1146 4948 1524 5021 incorporeum
1555 4962 1658 5023 est,
1691 4966 1751 5011 ut
1779 4956 1945 5012 etiam
1979 4974 2136 5015 meu-

560 5044 630 5098 tis
664 5043 837 5097 aciem
871 5039 1113 5113 eﬂ'ugiat.

629 5134 1087 5190 Sublimlssimam
1118 5136 1257 5191 hanc
1279 5143 1335 5193 et
1366 5137 1649 5211 plusquam
1692 5140 1985 5199 humanam
2041 5146 2140 5201 do-

558 5223 815 5287 ctrinam,
855 5224 925 5279 ab
973 5226 1299 5281 auctoritate
1330 5242 1579 5296 personat
1641 5229 1747 5287 ﬁde
1807 5234 2140 5300 dignissimae

559 5316 870 5370 confirmat.
912 5316 1045 5384 Quis
1072 5320 1218 5374 enim
1267 5334 1330 5374 ea
1386 5337 1505 5391 qua:
1535 5322 1629 5379 Dei
1666 5338 1731 5379 uc
1778 5324 1957 5381 Patris
1992 5338 2136 5395 sunt,

558 5408 666 5462 ullo
693 5410 851 5465 modo
877 5410 1361 5479 valeatenarrare,
1404 5415 1506 5471 nisi
1562 5416 1653 5485 qui
1702 5431 1768 5472 ex
1826 5420 1939 5489 ipso
1984 5431 2140 5477 Italus

556 5509 639 5556 est
671 5500 860 5569 Filius,
896 5513 949 5559 et
982 5504 1217 5575 Spiritus
1243 5518 1484 5574 sanctus,
1534 5509 1624 5579 qui
1657 5511 1822 5565 etiam
1871 5512 2135 5583 profunda

554 5605 614 5672 et
647 5611 847 5652 arcana
883 5597 976 5653 Dei
1014 5610 1210 5654 cuncta
1238 5601 1541 5671 cognovit?

626 5688 760 5743 Cum
792 5689 975 5759 itaque
1004 5690 1119 5746 lucc
1146 5692 1392 5747 testando
1432 5694 1767 5763 protulisset,
1805 5695 1989 5755 Iesum
2048 5701 2125 5756 ri-

630 5845 673 5877 "
696 5845 855 5900 Joan.
881 5860 955 5911 νι,
985 5845 1074 5899 55.
1156 5846 1198 5877 ⁸³
1230 5845 1361 5902 Luc.
1396 5863 1547 5915 xxiv,
1577 5851 1666 5905 59.

2230 1928 2392 1999 θεοση
2401 1929 2588 1999 μείων,
2618 1929 2712 1982 καὶ
2749 1928 2968 1982 ίάσεων.

2301 2023 2365 2075 Ei
2396 2021 2616 2091 πλήρης
2647 2020 2870 2093 χάριτος
2902 2020 2999 2075 καὶ
3030 2018 3317 2090 ἀληθείας,
3355 2017 3612 2072 mima
3655 2012 3852 2086 προκό·

2230 2115 2321 2186 ψει
2348 2114 2409 2167 τὺ
2439 2113 2682 2185 πλῆρες,
2709 2114 2740 2184 ἦ
2773 2114 2935 2169 ποίαν
2958 2113 3095 2175 ὅλοις
3125 2112 3463 2183 ὲπιδέξηται.
3492 2108 3844 2182 προσθήκην.

2230 2203 2291 2262 οὖ
2325 2207 2584 2261 ἐπέκεινα
2644 2208 2845 2278 μηδὲν;
2903 2205 3111 2261 Οὐκοῦν
3170 2206 3295 2276 οὐχὶ
3351 2204 3549 2273 Λόγος
3596 2203 3717 2256 ἐστὶ
3762 2202 3847 2255 καὶ

2230 2300 2385 2365 Θεὸς.
2442 2300 2502 2363 ὃς
2555 2300 2891 2369 προκόπτειν
2956 2301 3176 2372 εἴρηται
3232 2296 3401 2367 παρὰ
3450 2296 3540 2368 τῷ
3595 2293 3847 2366 μακαρίῳ

2233 2394 2436 2463 Λουκᾷ,
2475 2391 2591 2445 ἀλλ’
2646 2393 2730 2445 ὅτι
2785 2391 3050 2461 μειζόνως
3094 2391 3183 2444 ἀεὶ
3232 2387 3708 2460 θαυμαζόμενος,
3759 2385 3845 2438 καὶ

2232 2488 2585 2559 χαριέστερος
2612 2485 2765 2553 παρὰ
2796 2488 2915 2549 τοῖς
2963 2483 3132 2556 ὁρῶσι
3164 2483 3254 2537 διὰ
3298 2483 3423 2537 τῶν
3461 2479 3844 2545 ἀποτελεσμά-

2231 2600 2341 2635 των
2396 2580 2758 2644 ἀνεδείκνυτο,
2810 2577 3268 2651 προσκοπτοὺσης
3326 2576 3437 2643 (ὡς
3477 2574 3604 2628 ἔστι
3648 2570 3843 2642 μᾶλλον

2233 2672 2427 2741 εἰπεῖν)
2467 2669 2833 2741 ἀληθέστερον
2882 2669 2981 2739 τῆς
3028 2666 3142 2722 τῶν
3193 2666 3609 2737 θαυμαζόντων
3654 2662 3836 2727 ἒξεως,

2233 2764 2380 2836 ἥπερ
2411 2762 2579 2818 αὑτοῦ
2599 2761 2698 2816 τοῦ
2727 2761 2934 2815 τελείου
2967 2760 3106 2832 πρὸς
3127 2759 3314 2831 χάριν,
3342 2758 3429 2823 ὡς
3468 2754 3638 2814 Θεοῦ.

2313 3052 2331 3081 ι
2368 3031 2474 3085 Καὶ
2496 3029 2561 3084 ὲκ
2580 3028 2675 3083 τοῦ
2704 3025 3075 3099 πληρώματος
3096 3022 3264 3079 αὐτοῦ
3288 3025 3465 3095 ἡμεῖς
3491 3021 3699 3081 πάντες
3718 3017 3835 3071 ἑλά-

2186 3108 2427 3195 ²6ομεν,
2460 3124 2552 3177 καὶ
2579 3123 2741 3195 χάριν
2772 3122 2896 3176 ἀντὶ
2926 3120 3171 3192 χάριτος.
3217 3136 3237 3171 ι

624 3218 904 3286 Tanquam
954 3218 1108 3275 radix
1154 3218 1434 3284 nimirum,
1476 3227 1533 3274 et
1572 3217 1692 3275 fons
1721 3219 1983 3275 bonorum
2014 3235 2131 3277 om-
2159 3202 2202 3258 ο

2315 3218 2403 3281 Ὠς
2441 3217 2565 3289 ῥίζα
2593 3216 2814 3271 πάντων
2849 3213 2961 3269 τῶν
2993 3212 3217 3282 ἀγαθῶν
3261 3210 3363 3266 καὶ
3408 3208 3591 3278 πηγή,
3626 3202 3829 3262 πολλοῖς

2243 3309 2560 3382 μεταδιδοὺς
2582 3308 2691 3362 τῶν
2719 3307 2867 3362 ἰδίων
2889 3306 3134 3376 ἀγαθῶν,
3158 3306 3264 3359 οὐκ
3283 3299 3686 3374 ἀπομειοῦται·
3704 3294 3831 3361 πλὴν

2238 3399 2298 3464 ἐξ
2336 3393 2411 3455 ὧν
2448 3400 2476 3451 ὁ
2511 3400 2609 3470 μὲν
2650 3399 2901 3471 χορηγεῖ,
2944 3397 2979 3468 ἡ
3005 3396 3064 3451 δὲ
3101 3394 3283 3461 κτίσις
3308 3394 3565 3466 δέχεται,
3599 3384 3828 3459 δηλονότι

2239 3492 2373 3556 θεὸς
2401 3493 2429 3545 ὁ
2455 3492 2713 3563 Χριστός.

2317 3710 2335 3743 ι
2371 3692 2493 3746 Ὀτι
2525 3692 2555 3745 ὁ
2586 3690 2750 3762 νόμος
2779 3690 2866 3745 διὰ
2894 3691 3172 3755 Μωῦσέως
3218 3688 3405 3761 ἐδόθη,
3454 3692 3490 3759 ἡ
3545 3687 3707 3758 χάρις
3745 3680 3829 3735 καὶ

2241 3784 2275 3854 ἡ
2310 3782 2537 3853 ἀλήθεια.
2569 3781 2658 3837 διὰ
2692 3780 2871 3852 Ἰησοῦ
2898 3780 3139 3853 Χριστοῦ
3170 3780 3416 3849 ἐγένετο.
3462 3798 3481 3831 ι

2324 3875 2470 3929 Ἀντὶ
2520 3874 2618 3945 τῆς
2660 3875 2719 3927 ὲν
2758 3872 2933 3944 Ἀδὰμ
2980 3874 3222 3943 χάριτος,
3281 3867 3353 3944 ἦς
3407 3868 3757 3938 ἔξεπέσομεν.
3801 3862 3827 3915 ὁ

2241 3965 2476 4035 Χριστὸς
2513 3965 2602 4019 διὰ
2640 3963 2735 4018 τοῦ
2775 3963 3004 4037 λουτροῦ
3036 3964 3271 4018 δέδωκεν
3321 3966 3463 4035 ἡμῖν
3520 3958 3825 4027 Πνεῦματος

2239 4058 2397 4126 ἁγίου
2432 4058 2724 4127 ἐνοίκησιν.

2318 4170 2337 4203 ι
2366 4150 2499 4204 Θεὸν
2535 4151 2709 4215 οὐδεὶς
2755 4150 2971 4224 ἑώρακε
3004 4150 3225 4206 πώποτε
3246 4166 3261 4183 ’
3288 4152 3318 4204 ὁ
3354 4149 3659 4224 μονογενὴς
3684 4142 3817 4204 Υἱὸς.

2241 4242 2269 4295 ὁ
2313 4240 2389 4295 ὢν
2430 4242 2510 4307 εἰς
2555 4241 2647 4296 τὸν
2689 4242 2892 4297 κόλπον
2939 4241 3038 4297 τοῦ
3080 4241 3318 4315 Πατρδς,
3371 4244 3585 4304 ἐκεῖνος
3633 4234 3817 4305 ἐξηγή-

2243 4352 2391 4389 σατο.
2428 4354 2449 4388 δ
3816 4380 3825 4389 .

2312 4430 2388 4482 Οὐ
2441 4430 2603 4500 μόνος
2629 4431 2658 4484 ό
2703 4429 2897 4502 Πατὴρ
2930 4428 3183 4501 ἀόρατος,
3216 4427 3359 4483 ἀλλὰ
3389 4427 3487 4482 καὶ
3515 4428 3543 4480 ὁ
3568 4421 3713 4487 Υίός.
3759 4415 3815 4471 El

2242 4521 2351 4591 γὰρ
2372 4521 2464 4574 καὶ
2500 4521 2659 4593 ὤφθη
2693 4521 2751 4575 ἑν
2781 4521 2966 4594 σαρκὶ,
2999 4521 3112 4575 ἀλλ’
3145 4520 3207 4574 οὐ
3237 4521 3385 4575 κατὰ
3407 4519 3509 4590 τὴν
3530 4514 3733 4578 οὐσίαν,
3757 4508 3815 4578 ἢν

2241 4614 2363 4666 οὔτε
2396 4613 2619 4683 ἄγγελοι
2670 4613 2972 4685 θεωροῦσιν
3010 4614 3086 4677 ὡς
3120 4614 3255 4669 ἔστι.
3311 4612 3513 4669 Πολλοὶ
3566 4607 3663 4681 μὲν
3715 4601 3814 4672 γὰρ

2247 4706 2392 4759 ἴσασι
2435 4704 2587 4770 Θεὸν,
2635 4706 2734 4778 τὴν
2772 4706 2832 4760 δὲ
2871 4706 3060 4761 οὐσίαν
3093 4706 3267 4771 οὐδεὶς
3301 4702 3469 4762 εῖδεν.
3503 4703 3577 4758 Οὐ
3605 4700 3663 4753 τὸ
3692 4710 3802 4766 κρυο

2242 4799 2511 4870 πτόμενον
2555 4797 2718 4870 σῶμα
2778 4798 2940 4852 τοῦτο
2991 4799 3241 4853 καλεῖται
3283 4798 3557 4870 ἀόρατον,
3590 4789 3720 4849 ἀλλά
3756 4784 3811 4840 τδ

2238 4891 2532 4962 ἀσώματον
2563 4892 2624 4945 τὸ
2656 4890 2733 4965 μὴ
2762 4894 3008 4963 πεφυκὸς
3031 4891 3267 4965 ὁρᾶσθαι
3299 4888 3441 4965 μήτε
3469 4888 3567 4962 νῷ.

2307 5159 2408 5215 Διὰ
2432 5160 2528 5214 τοῦ
2553 5160 2870 5226 ἀξιοπίστου
2892 5161 2988 5215 τοῦ
3015 5160 3326 5233 πρωσώπου
3355 5160 3416 5213 τὸ
3439 5151 3637 5227 ὑψηλὸν
3655 5142 3799 5200 τοῦτο

2238 5252 2414 5324 δόγμα
2451 5253 2545 5306 καὶ⁵
2574 5254 2717 5325 ὑπὲρ
2747 5253 3037 5326 ἄνθρωπον
3068 5254 3372 5325 συνίστησι.
3410 5249 3505 5315 Τίς
3543 5246 3645 5315 γὰρ
3674 5235 3800 5326 οἶδεν

2239 5346 2308 5397 τὰ
2334 5322 2429 5398 τοῦ
2463 5341 2599 5397 Θεοῦ
2648 5322 2746 5397 καὶ
2790 5322 3005 5416 Πατρδς
3042 5345 3242 5409 εἰπεῖν,
3280 5322 3342 5396 -εἰ
3387 5339 3463 5413 μὴ
3500 5340 3528 5393 ὁ
3559 5333 3616 5399 ἐξ
3642 5322 3792 5384 αὐτοῦ

2243 5435 2523 5508 γεννηθεὶς
2553 5436 2705 5503 Υἱὸς,
2749 5437 2849 5492 και
2889 5415 2951 5490 τὸ
2979 5437 3136 5506 ἅγιον
3166 5435 3332 5491 αὐτοῦ
3362 5430 3605 5506 Πνεῦμα,
3628 5424 3686 5477 τὸ
3710 5415 3793 5473 καὶ

2239 5528 2305 5583 τὰ
2330 5528 2467 5602 βάθη
2502 5528 2598 5583 τοῦ
2624 5527 2761 5584 Θεοῦ
2786 5528 3154 5598 ἐπιστάμενον
3175 5546 3190 5597 ;

2318 5704 2460 5758 Ἀντὶ
2491 5705 2585 5761 τοῦ
2624 5707 2797 5761 ταῦτα
2836 5706 3067 5778 ἐλάλησε
3117 5702 3435 5776 μαρτυρῶν,
3478 5699 3555 5752 ὅτι
3601 5692 3780 5759 ἰησοις
