4148 6548
275 422 281 428 ’
302 434 436 501 1601

1644 427 1725 488 IN
1767 426 1829 488 S.
1862 425 2241 490 JOANNEM.

3431 406 3571 477 1402

302 548 421 601 ἐστι
462 542 720 615 Χριστὸς,
748 542 812 599 οὗ
853 539 963 614 μὴν
989 536 1150 602 αὐτὸς
1185 538 1214 591 6
1259 534 1532 605 Ἰωάννης,
1578 531 1656 595 ὡς
1696 529 1913 593 κακῶς⁴

2016 532 2182 590 ηειίοει
2211 546 2334 589 esse
2378 531 2677 592 Christum,
2725 532 2918 583 etnon
2957 522 3133 594 ipsum
3178 519 3461 587 Joannem,
3491 523 3570 576 uti

299 636 664 692 ὑπώπτευσαν
685 652 829 699 τινες
858 633 988 703 περὶ
1020 627 1210 691 αὐτοῦ,
1235 626 1415 690 τοῦτο,
1449 627 1738 696 ὑπήγαγες
1773 622 1883 678 Καὶ

2016 639 2269 693 ιειιρεηιιι
2300 622 2541 679 nonnulli
2571 622 2637 676 de
2665 619 2756 674 illo
2779 615 3219 686 suspicabantur.
3248 612 3528 682 subiunxit
3548 628 3566 665 :

298 729 454 797 αὕτη
498 727 672 781 ἐστὶν
697 726 735 792 ἠ
774 722 1071 794 μαρτυρία
1113 720 1221 774 τοῦ
1286 717 1586 780 Ἰωάννου,
1630 715 1731 769 ὅτε
1777 714 1889 768 ἁπ-

1987 715 2055 771 Ει
2096 718 2192 771 hoc
2231 726 2305 771 est
2352 714 2709 770 testimonium
2757 710 3007 774 Joannis,
3053 707 3268 777 quando
3314 707 3569 759 miserunt

298 822 583 877 ἐστεωίαν
617 822 673 873 οί
717 816 981 874 Ἰουδαῖοι
1002 814 1070 880 ἐξ
1107 812 1536 882 Ἱεροσολύμων
1574 806 1750 877 ἱερεῖς
1788 804 1889 860 καί

2016 810 2166 865 ιιάωί
2192 810 2258 863 ab
2283 806 2631 877 Jerosolymis
2667 802 2976 861 Sacerdotes
3006 810 3056 855 et
3090 798 3306 854 Levitas
3331 798 3400 851 ad
3424 812 3565 866 eum,

299 913 572 978 Λευττας,
613 911 714 963 ἵνα
744 907 1131 975 ἐρωτήσωσιν
1158 904 1374 960 αὐτόν’
1408 903 1492 958 Σὺ
1520 904 1612 971 τίς
1637 900 1727 965 εἷ,

376 1023 396 1057 ί
438 1003 547 1056 Καὶ
580 1002 629 1055 οἱ
660 998 1068 1071 ἀπεσταλμένοι
1095 992 1236 1069 ἦσαν
1265 997 1331 1050 ὲκ
1355 995 1464 1051 τῶν
1489 998 1831 1067 Φαρισαίων.
1860 1015 1883 1052 ι

383 1184 473 1248 Ὠς
524 1181 906 1254 ἀκριϐέστεροι
946 1179 1077 1251 περὶ
1126 1179 1228 1250 τὴν
1268 1175 1475 1249 γνῶσιν
1508 1176 1619 1231 τῶν
1655 1177 1891 1250 Γραφῶν

300 1270 467 1346 ἦλθον
488 1268 653 1337 οὗτοι,
684 1272 777 1337 οὓς
809 1274 838 1326 6
871 1270 1118 1342 Ἰωάννης
1148 1270 1333 1343 ἡρέμα
1362 1268 1589 1340 ἠλεγξεν
1621 1270 1889 1324 ἀπαιδεύ-

1987 915 2046 961 ut
2075 906 2459 973 interrogarent
2488 918 2607 957 eum
2634 919 2647 956 :
2694 899 2773 955 Tu
2792 898 2913 968 quis
2941 912 2994 951 es
3016 897 3042 951 ?

2059 998 2225 1053 Vens.
2257 999 2348 1053 26.
2394 1015 2413 1050 ι
2443 996 2509 1052 Et
2535 995 2628 1067 qui
2673 993 2825 1049 missi
2856 991 3092 1056 fuerant,
3130 994 3291 1045 erant
3323 1000 3389 1043 ex
3426 984 3572 1040 Plia-

1998 1089 2195 1144 risaais.
2242 1106 2262 1141 ι

2062 1180 2127 1235 lli
2170 1192 2424 1250 tanquam
2476 1177 2530 1231 in
2578 1172 2878 1244 Scriptnris
2927 1167 3293 1240 intelligendis
3346 1179 3574 1220 accura—

1992 1275 2161 1330 tiores
2192 1277 2542 1328 accesserunt
2568 1284 2586 1337 ;
2638 1281 2773 1336 quos
2818 1265 3056 1319 Joannes
3084 1262 3328 1316 modeste
3357 1272 3488 1311 sane
3520 1264 3575 1308 rt

302 1385 431 1431 τους
475 1359 615 1420 εἶναι
662 1366 757 1419 καὶ
792 1364 1076 1434 ἀνοήτους,
1121 1363 1197 1427 ὡς
1245 1361 1341 1416 τοῦ
1392 1362 1891 1433 κατημαξευμένου

2016 1379 2212 1437 gnaros
2240 1376 2296 1419 et
2335 1362 2496 1417 rudes
2525 1373 2647 1416 esse
2673 1356 2870 1424 arguit,
2897 1361 2958 1410 ut
2984 1352 3075 1423 qui
3104 1349 3405 1421 pervalgati
3432 1347 3566 1417 ipsis

306 1460 435 1531 παρ’
454 1460 636 1524 αὐτοῖς
658 1459 962 1528 προφήτου,
992 1456 1094 1528 τὴν
1125 1453 1453 1529 περικοπὴν,
1473 1454 1573 1528 τὴν
1604 1457 1737 1527 περῖ⁵
1760 1457 1891 1510 ἐαυ-

305 1549 401 1603 τοῦ
433 1547 755 1620 εἰρημένην,
782 1546 1019 1616 ἀγνοεῖν.

383 1662 403 1694 ι
442 1642 552 1697 Καὶ
575 1640 868 1713 ἠρώτησαν
900 1638 1085 1704 αὐτὸν,
1117 1638 1213 1694 καὶ
1260 1634 1416 1694 εἷπον
1461 1638 1644 1712 αὐτῷ’
1692 1639 1759 1694 Τί
1800 1634 1896 1694 οῦν

1991 1457 2276 1530 Prophetas
2308 1452 2638 1511 decisiouem
2664 1464 2697 1504 ι
2730 1462 2790 1503 se
2820 1446 2997 1501 datam
3030 1444 3359 1513 ignorarent.

2058 1637 2225 1694 Vens.
2255 1634 2351 1690 25.
2393 1651 2414 1685 ι
2451 1631 2519 1687 Ει
2540 1629 3012 1697 interrogaverunt
3056 1634 3204 1685 eum,
3240 1626 3295 1672 et
3323 1617 3578 1671 dixerunt

313 1708 689 1807 βαπτίζειςξεί
713 1708 777 1789 σί)
802 1733 903 1788 οὐκ
931 1731 982 1788 εἷ
1005 1734 1033 1788 6
1063 1732 1322 1806 Χριστὸς,
1355 1731 1481 1788 οὔτε
1516 1708 1728 1800 Ἠλίας,
1759 1733 1887 1788 οὔτε

2016 1732 2045 1788 ti
2076 1749 2090 1787 :
2127 1729 2265 1797 Quid
2292 1739 2423 1794 ergo
2451 1721 2721 1791 baptizas,
2749 1717 2794 1772 si
2845 1724 2901 1769 tu
2929 1726 3037 1768 non
3066 1725 3126 1766 es
3156 1708 3430 1774 Christus,
3477 1722 3577 1761 ne-

308 1831 341 1885 ὁ
368 1832 686 1901 προφήτης
727 1847 746 1881 ι

1999 1840 2105 1897 que
2131 1821 2299 1887 Elias,
2336 1830 2511 1887 neque
2537 1806 2848 1881 Pr0pheta?

382 1887 875 1983 ὓίᾶλλοντοιαύτας
904 1915 1048 1990 εἶχον
1072 1916 1225 1989 παρὰ
1253 1916 1366 1972 τῶν
1395 1914 1738 1971 διδασκάλων
1760 1917 1893 1970 ἑαυ-

2017 1887 2031 1897 ’
2069 1913 2325 1983 Quinimo
2376 1913 2772 1977 praeceptorum
2828 1909 3053 1953 suorum
3119 1891 3387 1949 relatione
3448 1887 3579 1958 quid

310 2009 422 2066 τῶν
457 2011 803 2083 παραδόσεις,
835 1981 912 2075 ὧς
953 1981 1409 2081 μόνοις-ἐκείνοις
1446 2009 1573 2081 ἐξῆν
1609 2006 1897 2080 βαπτίζειν

2016 1981 2261 2080 Ejusmodi
2289 2007 2633 2071 acceperant,
2674 1993 2829 2065 quasi
2866 1990 2964 2045 soli
3018 1988 3260 2053 Christo,
3295 1983 3383 2041 vel
3422 1981 3577 2045 Elim,

311 2102 391 2176 τῷ
419 2103 662 2175 Χριστῷ.
694 2104 727 2175 ἢ
774 2103 951 2179 Ἠλίᾳ,
983 2103 1016 2173 ἢ
1047 2101 1125 2173 τῷ
1153 2103 1435 2176 προφήτου

387 2214 409 2248 ι
454 2194 595 2266 Ἐγὼ
630 2194 877 2267 βαπτίζω
901 2197 959 2249 ὲν
986 2194 1156 2250 ὕδατι.
1200 2214 1220 2248 ι

380 2283 555 2350 Αὐτὸς
600 2287 629 2338 6
678 2284 929 2356 Ἰωάννης
976 2284 1291 2351 ἀξιόπιστός
1347 2285 1468 2342 ἐστι
1533 2288 1644 2345 τῶν
1702 2286 1899 2344 ἑαυτοῦ

318 2376 559 2449 μάρτυς*
582 2376 781 2444 ὃπουγε
810 2376 967 2430 οὐδὲν
1000 2376 1144 2447 μέγα
1174 2375 1305 2447 περὶ
1341 2377 1543 2432 ἑαυτοῦ
1573 2378 1898 2449 ἐφθέγξατο,

315 2469 454 2523 ἀλλὰ
479 2469 576 2523 καὶ
613 2468 747 2523 πολὺ
788 2467 1069 2533 ταπεινὸν,
1105 2466 1263 2538 ψιλὸν
1294 2466 1442 2542 ὕδωρ
1468 2471 1820 2534 ἀποκαλέσας
1842 2468 1903 2523 τὸ

314 2560 411 2616 τοῦ
440 2561 572 2615 ίδίου
607 2560 1016 2632 βαπτίσματος.

393 2672 412 2705 ι
454 2653 633 2717 Μέσος
661 2653 719 2707 δὲ
749 2653 905 2725 ὑμῶν
930 2652 1186 2724 ἕστηκεν.
1231 2671 1252 2707 ι

391 2745 538 2809 Ἕως
575 2745 670 2800 τοῦ
721 2745 916 2817 καιροῦ
951 2746 1051 2817 τῆς
1082 2743 1426 2817 οἰκονομίας,
1458 2747 1487 2801 6
1526 2743 1767 2817 Χριστὸς
1797 2760 1906 2798 πα-

322 2835 430 2909 ρὼν
451 2840 508 2891 ὲν
536 2838 687 2910 μέσῳ
721 2840 944 2895 πάντων
980 2842 1248 2912 ἠγνοεῖτο.
1282 2841 1466 2895 Μέσον
1507 2841 1564 2895 δὲ
1617 2840 1907 2911 ἱστάμενον

320 2930 415 2987 καὶ
442 2930 803 3002 ἀγνοούμενον
843 2932 991 3003 λέγει
1018 2933 1111 2997 τὸν
1139 2933 1377 3005 Χριστὸν
1398 2933 1490 2988 διὰ
1524 2933 1623 3006 τὴν
1648 2934 1748 3005 τῆς
1775 2949 1909 3000 σαρο

320 3024 414 3087 κὸς
445 3023 760 3096 περιϐολήν.

398 3136 417 3170 ι
455 3119 534 3190 Τῇ
566 3118 831 3190 ἐπαύριον
861 3118 1050 3189 βλέπει
1077 3120 1107 3174 6
1143 3119 1398 3190 Ἰωάννης
1435 3116 1528 3172 τὸν
1562 3115 1774 3185 Ἰησοῦν
1812 3116 1908 3188 ἑρ-

2001 2102 2086 2160 vel
2120 2100 2416 2172 prophetae,
2454 2095 2536 2148 fas
2563 2098 2709 2145 esset
2737 2084 3042 2155 baptizare.

2072 2193 2238 2248 Vens.
2268 2188 2360 2244 ‘26.
2408 2205 2428 2239 ι
2468 2184 2578 2254 Ego
2611 2180 2823 2250 baptizo
2855 2178 2907 2231 in
2958 2187 3118 2243 aqua.
3160 2189 3180 2225 ι

2066 2286 2301 2341 Joannes
2357 2280 2541 2347 utique
2586 2275 2689 2328 ﬁde
2738 2271 2932 2340 dignus
2977 2266 3239 2334 suiipsius
3287 2258 3443 2316 testis
3474 2264 3582 2317 est.

2002 2378 2257 2448 quoniam
2284 2371 2418 2428 nihil
2442 2366 2726 2439 magniﬁce
2767 2364 2835 2418 de
2873 2376 2931 2417 se
2958 2362 3171 2415 locutus
3200 2363 3306 2420 est,
3339 2351 3432 2408 sed
3460 2348 3585 2404 sub-

2006 2445 2169 2526 misse
2216 2465 2420 2530 omnia,
2474 2469 2532 2516 ut
2577 2458 2669 2529 qui
2697 2471 2757 2511 se
2805 2453 2921 2511 sola
2969 2466 3109 2522 aqua
3133 2445 3413 2518 baptizare
3443 2455 3572 2513 pro-

2008 2562 2166 2616 ﬁteba
2176 2570 2283 2613 tur.

2084 2671 2102 2705 ι
2136 2651 2342 2707 Medius
2377 2654 2558 2703 autem
2587 2651 2825 2702 vestrum
2857 2636 3025 2694 stetit.
3056 2652 3076 2688 ι

2075 2745 2257 2815 Usque
2290 2742 2357 2798 ad
2388 2750 2600 2809 tempus
2628 2736 2817 2807 gratia:
2847 2732 3121 2792 Christus,
3168 2738 3290 2780 cum
3323 2721 3378 2775 in
3408 2717 3586 2773 medio

2008 2812 2259 2895 omnibus
2329 2834 2565 2896 adesset,
2634 2837 2816 2883 tamen
2900 2819 3266 2894 ignorabatur.
3353 2812 3587 2867 Medium

2008 2939 2213 2994 autem,
2263 2927 2379 2983 sive
2426 2925 2479 2979 in
2532 2922 2709 2978 medio
2766 2916 3121 2974 conStitutum
3152 2919 3316 2980 atque
3344 2906 3586 2975 ignotum

2011 3024 2161 3089 dicit,
2212 3027 2432 3091 propter
2463 3015 2646 3073 carnis
2677 3013 3078 3068 indumentum.

2085 3089 2251 3168 Vsus.
2279 3108 2370 3165 29.
2416 3126 2436 3160 ι
2465 3106 2648 3161 Altera
2694 3102 2784 3159 die
2820 3100 2955 3155 vidit
2997 3097 3237 3152 Joannes
3284 3089 3467 3146 Jesnm
3502 3100 3591 3139 ve-

318 3175 552 3302 χόμενον
592 3175 727 3282 πρὸς
771 3175 958 3302 αὑτὸν,
997 3212 1093 3265 καὶ
1130 3212 1300 3280 λέγει·
1340 3175 1448 3265 ’ΖΙ-δε
1495 3213 1524 3265 6
1562 3175 1767 3282 Ἀμνδς
1812 3175 1906 3264 τοῦ

2016 3206 2254 3261 nientem
2299 3201 2366 3255 ad
2393 3214 2474 3263 se,
2520 3206 2576 3251 et
2625 3196 2744 3249 ait:
2780 3191 2946 3246 .Ecce
2974 3188 3160 3257 Agnus
3195 3182 3311 3247 Dei,
3343 3193 3471 3238 ecce
3496 3175 3588 3247 qui

321 3299 456 3354 θεοῦ
489 3301 519 3353 6
545 3301 716 3371 αίρων
743 3299 843 3371 τὴν
869 3301 1147 3372 ἁμαρτίαν
1184 3301 1278 3355 τοῦ
1313 3300 1545 3371 κόσμου.
1596 3318 1614 3351 ι

406 3392 602 3464 Ἀμνός
641 3394 808 3458 ἐστιν,
849 3392 927 3456 ὡς
964 3392 1240 3463 διδόμενος
1280 3393 1421 3463 ὑπὲρ
1455 3392 1707 3461 ἀφέσεως
1732 3392 1909 3463 ἁμαρο

322 3484 459 3538 τιῶν
495 3484 603 3537 τῶν
649 3483 1118 3553 ἀναγεννωμένων
1166 3483 1254 3538 διὰ
1301 3483 1533 3555 λουτροῦ
1582 3484 1911 3552 παλιγγενε-

326 3578 474 3640 σίας.
493 3578 688 3647 Ατρων
718 3576 777 3628 δὲ
803 3573 997 3642 είπὼν,
1030 3575 1308 3630 δείκνυσιν
1336 3576 1420 3629 ὅτι
1443 3574 1535 3629 ἀεὶ
1560 3574 1731 3647 αίρει.

403 3776 423 3810 α
459 3750 626 3819 Οὗτός
660 3759 775 3811 ἐστι
805 3755 934 3828 περὶ
964 3748 1025 3809 οὗ
1067 3752 1182 3824 ἐγὼ
1207 3747 1384 3820 εἷπον,
1426 3752 1636 3809 Ὀπίσω
1675 3771 1779 3826 μου
1817 3752 1912 3823 ἕρ-

323 3864 481 3952 χεται
511 3848 647 3919 ἀνὴρ
675 3848 731 3912 ὃς
787 3845 1100 3919 ἔμπροσθέν
1141 3863 1245 3918 μου
1278 3844 1505 3915 γέγονεν
1529 3861 1545 3876 ⁸
1577 3844 1661 3900 ὅτι
1695 3843 1914 3917 πρῶτός

327 3954 430 4008 μου
455 3956 543 4008 ην,
586 3956 603 3989 ι

401 4029 752 4102 Ἱζμπροσηεν
793 4028 1018 4097 γέγονεν
1054 4031 1081 4083 6
1124 4027 1363 4101 Χριστὸς
1390 4027 1486 4083 τοῦ
1526 4026 1803 4089 Ἰωάννου,
1836 4027 1913 4089 ὡς

326 4121 469 4177 λύων
509 4126 605 4195 τὴν
658 4124 935 4194 ἁμαρτίαν
983 4123 1077 4176 τοῦ
1128 4121 1363 4193 κόσμου,
1393 4121 1493 4176 καὶ
1543 4122 1601 4175 ὲν
1631 4121 1914 4191 Πνεύματι

328 4216 470 4287 ἁγίῳ
512 4215 809 4287 βαπτίζων,
842 4215 918 4279 ὠς
950 4213 1112 4284 ψιλοῦ
1149 4214 1303 4277 ὄντος
1356 4214 1551 4277 ὓδατος
1586 4212 1682 4266 τοῦ
1717 4212 1914 4282 βαπτί-

330 4325 539 4380 σματος
584 4309 857 4362 Ἰωάννου.
895 4307 1060 4378 Ἀνὴρ
1096 4306 1154 4359 δὲ
1183 4307 1457 4373 καλεῖται,
1502 4306 1578 4371 ὡς
1616 4307 1682 4360 ὲκ
1726 4323 1917 4376 γυναι-

329 4401 423 4464 κὸς
458 4399 670 4471 τεχθεὶς
699 4398 760 4452 τὸ
790 4397 932 4452 κατὰ
961 4398 1162 4468 σάρκα,
1198 4397 1232 4469 ἢ
1263 4398 1347 4452 ὅτι
1374 4396 1582 4461 τέλειος
1618 4393 1689 4469 ἦν
1718 4400 1774 4450 ἑν
1800 4397 1918 4469 ἡλι-

332 4494 427 4563 κίᾳ
455 4493 882 4564 τριακονταετής
925 4507 1030 4544 που
1071 4489 1370 4569 ὑπάρχωνο
1406 4490 1441 4563 ἦ
1491 4491 1575 4545 ὅτι
1604 4490 1815 4555 τέλειος
1848 4487 1916 4563 ἦν

2014 3298 2152 3355 tollit
2182 3301 2461 3364 peccatum
2491 3286 2700 3342 mundi.
2732 3303 2755 3338 ι

2076 3363 2259 3457 Agnus
2287 3391 2390 3447 est,
2426 3381 2477 3435 in
2510 3386 2772 3448 quantum
2796 3373 2966 3435 ,datus
2989 3382 3089 3439 pro
3125 3363 3439 3420 dimissionc
3467 3373 3591 3429 pec-

2011 3487 2254 3536 catorum
2283 3486 2472 3529 eorum
2507 3469 2597 3539 qui
2630 3466 2806 3523 renati
2840 3471 2969 3520 sunt
2996 3476 3088 3531 per
3123 3459 3401 3512 lavacrum
3433 3465 3588 3520 rege.-

2014 3568 2333 3627 nerationis.
2391 3564 2526 3619 Cum
2557 3570 2740 3616 autem
2776 3557 2936 3623 dixit,
2991 3554 3094 3621 Qui
3128 3549 3291 3613 tollit,
3334 3545 3590 3617 quoniam

2012 3676 2228 3731 semper
2258 3658 2407 3714 tollat
2429 3658 2790 3711 demonstrat.

2084 3728 2254 3808 Visne.
2279 3750 2371 3805 '50.
2415 3766 2435 3799 ι
2470 3746 2568 3802 llic
2593 3754 2673 3800 est
2701 3744 2766 3799 de
2792 3756 2899 3812 quo
2942 3738 3053 3795 dixi
3082 3755 3096 3793 :
3146 3737 3276 3792 Post
3312 3748 3396 3789 me
3434 3728 3584 3783 venit

2014 3847 2098 3905 vir
2125 3846 2216 3916 qui
2274 3851 2398 3898 ante
2427 3855 2514 3894 ine
2545 3838 2718 3892 factus
2760 3845 2847 3891 est
2875 3851 2889 3889 :
2927 3832 3053 3905 quia
3095 3831 3244 3901 prior
3283 3842 3369 3883 me
3394 3832 3535 3880 erat.
3566 3839 3589 3874 ι

2083 4028 2223 4081 Ante
2251 4019 2514 4076 Joannem
2540 4014 2719 4069 factus
2761 4020 2844 4066 est
2875 4009 3150 4070 Christus,
3210 4013 3394 4073 utpote
3450 3998 3595 4071 quod

2015 4118 2187 4174 solvat
2218 4122 2501 4185 peccatum
2532 4103 2742 4169 mundi,
2775 4114 2830 4157 et
2876 4103 2927 4156 in
2961 4099 3170 4169 Spiritu
3198 4104 3388 4150 sancto
3416 4092 3592 4161 bapti-

2016 4222 2124 4278 zet,
2155 4224 2277 4266 cum
2305 4205 2546 4262 Joannes
2571 4207 2779 4255 tantum
2813 4194 2867 4249 in
2903 4192 3041 4247 nuda
3086 4204 3225 4259 aqua
3270 4186 3593 4257 baptizaret.

2018 4306 2114 4360 Vir
2143 4311 2323 4357 autem
2355 4299 2719 4364 nuncupatur,
2761 4289 2815 4343 in
2847 4294 3111 4357 quantum
3140 4296 3210 4336 ex
3240 4281 3466 4335 muliere
3500 4292 3598 4332 na-

2021 4410 2103 4452 tus
2132 4404 2214 4451 est
2242 4390 2541 4449 secundum
2572 4396 2828 4446 carnem;
2877 4376 2961 4433 vel
2986 4376 3110 4445 quia
3138 4384 3299 4429 aetate
3329 4371 3601 4443 Perfectus

2018 4500 2155 4556 erat,
2189 4487 2301 4558 jam
2342 4485 2617 4540 exsistens
2665 4473 3031 4535 tricenarius;
3065 4469 3145 4525 vel
3175 4469 3298 4538 quia
3350 4466 3403 4520 in
3449 4461 3599 4519 omni

258 4658 259 4663 γ
330 4585 390 4638 ὲν
421 4585 571 4657 πάσῃ
616 4584 786 4656 ἀρετῇ
821 4584 1101 4655 πρακτικῇ
1129 4600 1188 4637 τε
1218 4564 1316 4637 καὶ
1349 4581 1699 4655 θεωρητικῇ⁶
1748 4583 1783 4655 ἢ
1833 4583 1913 4637 ὅτι

2020 4583 2217 4637 virtute
2249 4589 2357 4633 tam
2393 4572 2632 4648 practica
2676 4586 2837 4640 quam
2874 4564 3209 4639 Speculativa
3242 4569 3598 4616 consumma-

333 4680 515 4748 πάσης
541 4678 639 4746 τῆς
673 4676 903 4746 λογικῆς
934 4676 1174 4746 φύσεως,
1206 4674 1235 4728 ὅ
1264 4676 1381 4728 ἐστι
1419 4674 1523 4745 τῆς
1568 4675 1915 4747 Ἐκκλησίαιςν

334 4772 568 4844 νυμφίος
599 4772 775 4839 ἐστὶν,
805 4771 881 4836 ὠς
911 4773 1011 4842 τῆς
1052 4768 1376 4840 Ἐκκλησίας
1401 4770 1660 4840 γυναικὸς
1688 4771 1918 4841 ἐχούσης

335 4868 649 4937 πρόσωπον,
679 4867 708 4919 6
729 4865 966 4938 Χριστὸς
996 4864 1136 4937 ἀνὴρ
1168 4864 1434 4929 καλεῖται,
1459 4864 1536 4926 ὡς
1565 4863 1920 4933 νυμφευόμεο

334 4974 426 5020 νος
458 4958 558 5020 τὰς
590 4956 700 5010 τῶν
738 4956 947 5011 πιστῶν
994 4956 1194 5028 ψυχάς.
1245 4955 1571 5026 Οίκονομίας
1624 4954 1683 5007 δὲ
1733 4954 1922 5023 τρόπῳ

338 5048 558 5117 εἴρηται
578 5047 770 5100 τοῦτο·
802 5047 1107 5118 ἀχώριστον
1137 5047 1247 5119 γάρ
1276 5049 1393 5101 ἐστι
1428 5046 1524 5100 τοῦ
1548 5046 1703 5104 Υίοῦ.
1730 5045 1806 5109 ὼς
1828 5045 1921 5098 καὶ

338 5137 434 5193 τοῦ
464 5139 695 5207 Πατρός.
733 5139 1014 5209 Αίσθητῶς
1034 5140 1140 5210 γάρ
1173 5157 1226 5193 τι
1264 5143 1374 5192 τῶν
1398 5139 1499 5209 τῆς
1530 5138 1765 5211 Τριάδος
1796 5138 1922 5191 ἰδεῖν

338 5228 625 5285 ἀδύνατον.
664 5229 998 5285 Ἀνύποπτον
1035 5229 1267 5284 ἐνταῦθα
1289 5229 1729 5302 τὴνμαρτυρίαν
1752 5230 1921 5302 ἐργά-

342 5321 518 5386 ζεται.
548 5322 761 5385 δεικνὺς
798 5321 968 5392 αὐτὴν
992 5322 1092 5375 οὐκ
1128 5321 1479 5393 ἀνθρωπίνης
1510 5322 1681 5377 οὖσαν
1713 5322 1919 5392 φιλίας,

342 5416 458 5471 ἀλλ’
497 5416 556 5481 ἐξ
586 5416 983 5485 ἀποκαλύψεως
1032 5415 1183 5479 θείας
1223 5418 1626 5489 γεγενημένην,
1696 5417 1785 5473 ἵνα
1818 5434 1922 5487 φα-

344 5509 556 5581 νερωθῇ
593 5509 672 5580 τῷ
714 5508 954 5580 Ἰσραὴλ,
999 5508 1091 5563 διὰ
1133 5508 1294 5564 τοῦτο
1333 5505 1495 5581 ἦλθον
1544 5508 1824 5579 βαπτίζων
1865 5510 1923 5563 ὲν

346 5597 520 5651 ὕδατι.
561 5599 635 5652 Οὐ
658 5599 840 5651 τοίνυν
867 5598 1029 5661 αὐτὸς
1056 5596 1427 5669 βαπτίσματος
1462 5599 1650 5664 ἐδεῖτο,
1683 5600 1805 5654 οὐδὲ
1830 5599 1923 5652 ἂλ-

344 5690 444 5761 λην
476 5689 597 5743 τινὰ
641 5690 824 5743 αἰτίαν
849 5686 996 5761 εἶχεν
1025 5691 1202 5744 ἐκεῖνο
1234 5691 1297 5744 τὸ
1344 5690 1589 5762 λουτρὸν,
1621 5691 1654 5763 ἢ
1698 5691 1924 5761 προοδο-

348 5784 573 5849 ποιῆσαι
599 5781 699 5851 την
723 5780 817 5833 τοῦ
841 5781 1078 5851 Χριστοῦ
1109 5781 1296 5833 πίστιν
1337 5783 1450 5845 τοῖς
1484 5781 1662 5846 ἄλλοις
1695 5783 1921 5840 ἅπασιν.

352 5869 424 5924 Οὐ
477 5870 584 5944 γὰρ
632 5866 809 5938 εἷπεν,
838 5871 956 5926 Ἵνα
1008 5870 1235 5943 καθάρω
1280 5870 1409 5936 τοὺς
1460 5870 1919 5944 βαπτιζομένους,

2022 4685 2145 4740 tus;
2182 4672 2261 4726 vel
2288 4646 2519 4738 denique
2543 4665 2685 4735 quod
2716 4667 2984 4718 universae
3032 4668 3241 4714 natura:
3286 4646 3596 4708 rationalis,

2024 4770 2072 4821 id
2102 4776 2184 4820 est
2216 4763 2488 4824 Ecclesiae,
2519 4773 2754 4827 sponsus
2780 4756 2874 4820 sit,
2910 4752 3151 4809 Ecclesia
3184 4746 3439 4803 nimirum
3473 4754 3597 4795 mu-

2022 4859 2172 4913 lieris
2208 4868 2492 4922 personam
2524 4850 2816 4914 referente,
2851 4846 3007 4916 cujus
3054 4846 3169 4913 ipse
3220 4838 3473 4896 Christus
3500 4832 3599 4889 Vir

2021 4949 2340 5018 appelletur,
2374 4954 2432 4998 ut
2476 4942 2568 5012 qui
2621 4940 2861 4995 ﬁdelium
2922 4938 3134 4993 animas
3168 4933 3270 4990 sibi
3302 4932 3602 4999 desponsae

2024 5042 2239 5098 habent.
2283 5035 2707 5109 Dispensationis
2732 5042 2913 5089 autem
2963 5031 3174 5085 ratione
3228 5026 3332 5081 hoc
3378 5022 3600 5079 dicitur.

2023 5137 2154 5191 Tam
2178 5135 2321 5187 enim
2347 5131 2605 5201 quidquid
2627 5127 2850 5192 Filium,
2874 5140 3034 5196 quam
3060 5123 3201 5192 quod
3226 5121 3440 5174 Patrem
3471 5128 3606 5170 con-

2023 5226 2216 5293 cernit,
2257 5223 2763 5291 incomprehensum
2792 5226 2898 5275 est.
2941 5215 3090 5272 Nihil
3134 5227 3372 5282 namque
3402 5209 3603 5264 Trini-

2026 5317 2152 5373 tatis
2185 5314 2384 5386 percipi
2408 5327 2571 5368 sensu
2628 5318 2827 5381 potest.
2862 5308 3041 5378 Atque
3066 5306 3192 5360 hinc
3228 5299 3599 5358 testimonium

2022 5425 2180 5465 suum
2231 5407 2380 5465 omni
2426 5406 2643 5477 penitus
2677 5401 2990 5473 suspicione
3044 5399 3256 5461 liberat,
3306 5395 3433 5449 dum
3471 5389 3601 5445 illud

2026 5518 2132 5558 non
2163 5502 2410 5556 humanae
2432 5497 2689 5554 amicitiae
2714 5509 2875 5551 causa
2903 5495 3113 5555 datum,
3164 5490 3257 5545 sed
3302 5485 3483 5542 divina
3518 5497 3605 5538 reo

2026 5594 2293 5649 velatione
2340 5601 2619 5659 acceptum
2674 5589 2951 5654 ostendit,
3005 5596 3066 5641 ut
3117 5591 3301 5638 notum
3347 5578 3420 5635 sit
3474 5575 3603 5632 ﬁliis

2024 5683 2192 5740 Israel
2222 5683 2397 5753 ipsum
2432 5680 2638 5735 idcirco
2667 5679 2880 5735 venisse
2905 5691 3044 5748 aqua
3079 5672 3433 5743 baptizatum.
3482 5663 3599 5718 Non

2026 5778 2209 5839 itaque
2262 5772 2363 5842 ipsi
2413 5771 2743 5841 baptismate
2768 5785 2904 5839 opus
2934 5780 3076 5834 erat,
3125 5778 3301 5833 neque
3328 5760 3433 5814 alia
3465 5757 3602 5810 lava-

2024 5871 2101 5927 cri
2131 5868 2275 5925 illius
2295 5883 2458 5925 causa
2476 5866 2797 5933 exsistebat,
2832 5880 2993 5936 quam
3027 5870 3083 5917 ut
3111 5857 3324 5916 exteris
3348 5850 3602 5912 omnibus
