  <div class='ocr_page' id='page_1' title='image "/cluster/home/n/w/nwhite01/storage/ocr_20150623/85/hvd.32044011888864/711.png"; bbox 0 0 4148 6604; ppageno 0'>
   <div class='ocr_carea' id='block_1_1' title="bbox 570 419 706 485">
    <p class='ocr_par' dir='ltr' id='par_1_1' title="bbox 570 419 706 485">
     <span class='ocr_line' id='line_1_1' title="bbox 570 419 706 485; baseline 0 0"><span class='ocrx_word' id='word_1_1' title='bbox 570 419 706 485; x_wconf 69' lang='grc'><strong>1403</strong></span> 
     </span>
    </p>
   </div>
   <div class='ocr_carea' id='block_1_2' title="bbox 1690 400 2601 467">
    <p class='ocr_par' dir='ltr' id='par_1_2' title="bbox 1690 400 2601 467">
     <span class='ocr_line' id='line_1_2' title="bbox 1690 400 2601 467; baseline -0.007 0"><span class='ocrx_word' id='word_1_2' title='bbox 1690 405 1964 467; x_wconf 85' lang='lat' dir='ltr'><strong>AMMON</strong></span> <span class='ocrx_word' id='word_1_3' title='bbox 1972 405 2030 465; x_wconf 87' lang='lat' dir='ltr'><strong>II</strong></span> <span class='ocrx_word' id='word_1_4' title='bbox 2070 400 2601 465; x_wconf 83' lang='lat' dir='ltr'><strong>ALEXANDRINI</strong></span> 
     </span>
    </p>
   </div>
   <div class='ocr_carea' id='block_1_3' title="bbox 3733 392 3868 462">
    <p class='ocr_par' dir='ltr' id='par_1_3' title="bbox 3733 392 3868 462">
     <span class='ocr_line' id='line_1_3' title="bbox 3733 392 3868 462; baseline 0.007 -2"><span class='ocrx_word' id='word_1_5' title='bbox 3733 392 3868 462; x_wconf 72' lang='grc'><strong>1404</strong></span> 
     </span>
    </p>
   </div>
   <div class='ocr_carea' id='block_1_4' title="bbox 563 506 2178 593">
    <p class='ocr_par' dir='ltr' id='par_1_4' title="bbox 563 517 2178 593">
     <span class='ocr_line' id='line_1_4' title="bbox 563 517 2178 593; baseline -0.018 2"><span class='ocrx_word' id='word_1_6' title='bbox 563 537 634 593; x_wconf 73' lang='lat' dir='ltr'><strong>ai</strong></span> <span class='ocrx_word' id='word_1_7' title='bbox 663 531 859 591; x_wconf 90' lang='lat' dir='ltr'><strong>Christi</strong></span> <span class='ocrx_word' id='word_1_8' title='bbox 907 528 1063 581; x_wconf 85' lang='lat' dir='ltr'><strong>tidem</strong></span> <span class='ocrx_word' id='word_1_9' title='bbox 1102 523 1239 578; x_wconf 85' lang='lat' dir='ltr'><strong>viam</strong></span> <span class='ocrx_word' id='word_1_10' title='bbox 1285 527 1576 577; x_wconf 83' lang='lat' dir='ltr'><strong>sterneret.</strong></span> <span class='ocrx_word' id='word_1_11' title='bbox 1623 517 1740 573; x_wconf 84' lang='lat' dir='ltr'><strong>Non</strong></span> <span class='ocrx_word' id='word_1_12' title='bbox 1772 520 1915 575; x_wconf 86' lang='lat' dir='ltr'><strong>enim</strong></span> <span class='ocrx_word' id='word_1_13' title='bbox 1970 519 2127 582; x_wconf 85' lang='lat' dir='ltr'><strong>dixit,</strong></span> <span class='ocrx_word' id='word_1_14' title='bbox 2161 531 2178 578; x_wconf 53' lang='grc' dir='ltr'><em>Α</em></span> 
     </span>
    </p>
   </div>
   <div class='ocr_carea' id='block_1_5' title="bbox 2273 506 3864 593">
    <p class='ocr_par' dir='ltr' id='par_1_5' title="bbox 2273 506 3864 584">
     <span class='ocr_line' id='line_1_5' title="bbox 2273 506 3864 584; baseline -0.007 -17"><span class='ocrx_word' id='word_1_15' title='bbox 2273 514 2364 577; x_wconf 71' lang='lat'><strong>36&#39;,</strong></span> <span class='ocrx_word' id='word_1_16' title='bbox 2385 514 2508 567; x_wconf 79' lang='grc' dir='ltr'>Ἵνα</span> <span class='ocrx_word' id='word_1_17' title='bbox 2537 509 2835 575; x_wconf 76' lang='grc' dir='ltr'><strong>ἀπαλλάξω</strong></span> <span class='ocrx_word' id='word_1_18' title='bbox 2858 509 3297 584; x_wconf 83' lang='grc' dir='ltr'>ἁμαρτημάτων,</span> <span class='ocrx_word' id='word_1_19' title='bbox 3320 506 3489 575; x_wconf 79' lang='grc' dir='ltr'>ἀλλ’,</span> <span class='ocrx_word' id='word_1_20' title='bbox 3518 506 3669 566; x_wconf 74' lang='grc' dir='ltr'><strong>ἰνα</strong></span> <span class='ocrx_word' id='word_1_21' title='bbox 3692 529 3864 580; x_wconf 69' lang='grc' dir='ltr'>φανε.</span> 
     </span>
    </p>
   </div>
   <div class='ocr_carea' id='block_1_6' title="bbox 566 610 2129 686">
    <p class='ocr_par' dir='ltr' id='par_1_6' title="bbox 566 610 2129 686">
     <span class='ocr_line' id='line_1_6' title="bbox 566 610 2129 686; baseline -0.015 -1"><span class='ocrx_word' id='word_1_22' title='bbox 566 628 637 685; x_wconf 83' lang='lat' dir='ltr'><strong>Ut</strong></span> <span class='ocrx_word' id='word_1_23' title='bbox 665 625 913 681; x_wconf 72' lang='lat' dir='ltr'><strong>mundum</strong></span> <span class='ocrx_word' id='word_1_24' title='bbox 946 617 1268 686; x_wconf 70' lang='lat' dir='ltr'><strong>baptizatos,</strong></span> <span class='ocrx_word' id='word_1_25' title='bbox 1298 612 1405 676; x_wconf 91' lang='lat' dir='ltr'><strong>vel,</strong></span> <span class='ocrx_word' id='word_1_26' title='bbox 1433 610 1503 665; x_wconf 89' lang='lat' dir='ltr'><strong>Ut</strong></span> <span class='ocrx_word' id='word_1_27' title='bbox 1541 610 1768 666; x_wconf 85' lang='lat' dir='ltr'><strong>liberem</strong></span> <span class='ocrx_word' id='word_1_28' title='bbox 1798 625 1826 663; x_wconf 89' lang='lat' dir='ltr'><strong>a</strong></span> <span class='ocrx_word' id='word_1_29' title='bbox 1872 612 2129 680; x_wconf 76' lang='lat' dir='ltr'><strong>peccatis,</strong></span> 
     </span>
    </p>
   </div>
   <div class='ocr_carea' id='block_1_7' title="bbox 565 704 1480 786">
    <p class='ocr_par' dir='ltr' id='par_1_7' title="bbox 565 704 1480 786">
     <span class='ocr_line' id='line_1_7' title="bbox 565 704 1480 786; baseline -0.022 -9"><span class='ocrx_word' id='word_1_30' title='bbox 565 720 680 786; x_wconf 88' lang='lat' dir='ltr'><strong>sed,</strong></span> <span class='ocrx_word' id='word_1_31' title='bbox 710 717 779 771; x_wconf 81' lang='lat' dir='ltr'><strong>Ut</strong></span> <span class='ocrx_word' id='word_1_32' title='bbox 809 711 1175 782; x_wconf 70' lang='lat' dir='ltr'><strong>manifestatur</strong></span> <span class='ocrx_word' id='word_1_33' title='bbox 1208 707 1263 773; x_wconf 70' lang='lat' dir='ltr'><strong>in</strong></span> <span class='ocrx_word' id='word_1_34' title='bbox 1292 704 1480 759; x_wconf 80' lang='lat' dir='ltr'><strong>Israel.</strong></span> 
     </span>
    </p>
   </div>
   <div class='ocr_carea' id='block_1_8' title="bbox 635 793 2136 877">
    <p class='ocr_par' dir='ltr' id='par_1_8' title="bbox 635 793 2136 877">
     <span class='ocr_line' id='line_1_8' title="bbox 635 793 2136 877; baseline -0.011 -15"><span class='ocrx_word' id='word_1_35' title='bbox 635 809 786 877; x_wconf 83' lang='lat' dir='ltr'><strong>Quod</strong></span> <span class='ocrx_word' id='word_1_36' title='bbox 834 814 1011 858; x_wconf 89' lang='lat' dir='ltr'><strong>autem</strong></span> <span class='ocrx_word' id='word_1_37' title='bbox 1043 817 1071 855; x_wconf 90' lang='lat' dir='ltr'><strong>a</strong></span> <span class='ocrx_word' id='word_1_38' title='bbox 1106 799 1275 869; x_wconf 83' lang='lat' dir='ltr'><strong>prima</strong></span> <span class='ocrx_word' id='word_1_39' title='bbox 1326 805 1484 850; x_wconf 72' lang='lat' dir='ltr'><strong>aetate</strong></span> <span class='ocrx_word' id='word_1_40' title='bbox 1530 793 1584 849; x_wconf 90' lang='lat' dir='ltr'><strong>in</strong></span> <span class='ocrx_word' id='word_1_41' title='bbox 1630 793 1847 849; x_wconf 89' lang='lat' dir='ltr'><strong>deserto</strong></span> <span class='ocrx_word' id='word_1_42' title='bbox 1891 802 2136 846; x_wconf 84' lang='lat' dir='ltr'><strong>versatus</strong></span> 
     </span>
    </p>
   </div>
   <div class='ocr_carea' id='block_1_9' title="bbox 566 884 2133 966">
    <p class='ocr_par' dir='ltr' id='par_1_9' title="bbox 566 884 2133 966">
     <span class='ocr_line' id='line_1_9' title="bbox 566 884 2133 966; baseline -0.011 -10"><span class='ocrx_word' id='word_1_43' title='bbox 566 903 659 966; x_wconf 86' lang='lat' dir='ltr'><strong>sit,</strong></span> <span class='ocrx_word' id='word_1_44' title='bbox 703 902 803 953; x_wconf 89' lang='lat' dir='ltr'><strong>hoc</strong></span> <span class='ocrx_word' id='word_1_45' title='bbox 848 895 965 965; x_wconf 82' lang='lat' dir='ltr'><strong>ejus</strong></span> <span class='ocrx_word' id='word_1_46' title='bbox 1016 889 1387 947; x_wconf 86' lang='lat' dir='ltr'><strong>testimonium</strong></span> <span class='ocrx_word' id='word_1_47' title='bbox 1432 886 1683 941; x_wconf 86' lang='lat' dir='ltr'><strong>abomni</strong></span> <span class='ocrx_word' id='word_1_48' title='bbox 1719 885 2026 953; x_wconf 84' lang='lat' dir='ltr'><strong>suspicione</strong></span> <span class='ocrx_word' id='word_1_49' title='bbox 2064 884 2133 938; x_wconf 88' lang='lat' dir='ltr'><strong>li-</strong></span> 
     </span>
    </p>
   </div>
   <div class='ocr_carea' id='block_1_10' title="bbox 567 977 1886 1053">
    <p class='ocr_par' dir='ltr' id='par_1_10' title="bbox 567 977 1886 1053">
     <span class='ocr_line' id='line_1_10' title="bbox 567 977 1886 1053; baseline -0.014 -6"><span class='ocrx_word' id='word_1_50' title='bbox 567 995 777 1053; x_wconf 86' lang='lat' dir='ltr'><strong>berum,</strong></span> <span class='ocrx_word' id='word_1_51' title='bbox 809 996 864 1042; x_wconf 91' lang='lat' dir='ltr'><strong>et</strong></span> <span class='ocrx_word' id='word_1_52' title='bbox 890 1000 959 1041; x_wconf 81' lang='lat' dir='ltr'><strong>ex</strong></span> <span class='ocrx_word' id='word_1_53' title='bbox 988 982 1318 1038; x_wconf 87' lang='lat' dir='ltr'><strong>revelatione</strong></span> <span class='ocrx_word' id='word_1_54' title='bbox 1348 980 1598 1033; x_wconf 89' lang='lat' dir='ltr'><strong>haustum</strong></span> <span class='ocrx_word' id='word_1_55' title='bbox 1626 977 1886 1032; x_wconf 82' lang='lat' dir='ltr'><strong>ostendit.</strong></span> 
     </span>
    </p>
   </div>
   <div class='ocr_carea' id='block_1_11' title="bbox 634 1067 2137 1144">
    <p class='ocr_par' dir='ltr' id='par_1_11' title="bbox 634 1067 2137 1144">
     <span class='ocr_line' id='line_1_11' title="bbox 634 1067 2137 1144; baseline -0.013 -7"><span class='ocrx_word' id='word_1_56' title='bbox 634 1081 801 1139; x_wconf 77' lang='lat' dir='ltr'><strong>Vens.</strong></span> <span class='ocrx_word' id='word_1_57' title='bbox 828 1078 918 1133; x_wconf 71' lang='lat'><strong>&#39;54.</strong></span> <span class='ocrx_word' id='word_1_58' title='bbox 954 1095 973 1129; x_wconf 78' lang='grc' dir='ltr'><strong>ι</strong></span> <span class='ocrx_word' id='word_1_59' title='bbox 998 1075 1064 1130; x_wconf 84' lang='lat' dir='ltr'><strong>Et</strong></span> <span class='ocrx_word' id='word_1_60' title='bbox 1089 1088 1187 1144; x_wconf 81' lang='lat' dir='ltr'><strong>ego</strong></span> <span class='ocrx_word' id='word_1_61' title='bbox 1210 1072 1316 1125; x_wconf 86' lang='lat' dir='ltr'><strong>vidi</strong></span> <span class='ocrx_word' id='word_1_62' title='bbox 1340 1088 1354 1124; x_wconf 91' lang='lat'><strong>:</strong></span> <span class='ocrx_word' id='word_1_63' title='bbox 1387 1078 1443 1124; x_wconf 92' lang='lat' dir='ltr'><strong>et</strong></span> <span class='ocrx_word' id='word_1_64' title='bbox 1470 1068 1837 1123; x_wconf 90' lang='lat' dir='ltr'><strong>testimonium</strong></span> <span class='ocrx_word' id='word_1_65' title='bbox 1866 1067 2137 1138; x_wconf 82' lang='lat' dir='ltr'><strong>perhihui,</strong></span> 
     </span>
    </p>
   </div>
   <div class='ocr_carea' id='block_1_12' title="bbox 570 1158 1471 1245">
    <p class='ocr_par' dir='ltr' id='par_1_12' title="bbox 570 1158 1471 1245">
     <span class='ocr_line' id='line_1_12' title="bbox 570 1158 1471 1245; baseline -0.014 -18"><span class='ocrx_word' id='word_1_66' title='bbox 570 1175 694 1245; x_wconf 82' lang='lat' dir='ltr'><strong>quia</strong></span> <span class='ocrx_word' id='word_1_67' title='bbox 725 1172 813 1226; x_wconf 92' lang='lat' dir='ltr'><strong>hic</strong></span> <span class='ocrx_word' id='word_1_68' title='bbox 838 1180 919 1225; x_wconf 87' lang='lat' dir='ltr'><strong>est</strong></span> <span class='ocrx_word' id='word_1_69' title='bbox 948 1166 1117 1222; x_wconf 86' lang='lat' dir='ltr'><strong>Filius</strong></span> <span class='ocrx_word' id='word_1_70' title='bbox 1155 1165 1271 1220; x_wconf 89' lang='lat' dir='ltr'><strong>Dei.</strong></span> <span class='ocrx_word' id='word_1_71' title='bbox 1302 1182 1322 1214; x_wconf 71' lang='grc' dir='ltr'><strong>ι</strong></span> <span class='ocrx_word' id='word_1_72' title='bbox 1468 1158 1471 1163; x_wconf 76' lang='grc'><em>’</em></span> 
     </span>
    </p>
   </div>
   <div class='ocr_carea' id='block_1_13' title="bbox 639 1252 2144 1329">
    <p class='ocr_par' dir='ltr' id='par_1_13' title="bbox 639 1252 2144 1329">
     <span class='ocr_line' id='line_1_13' title="bbox 639 1252 2144 1329; baseline -0.01 -10"><span class='ocrx_word' id='word_1_73' title='bbox 639 1264 875 1319; x_wconf 83' lang='lat' dir='ltr'><strong>Joannes</strong></span> <span class='ocrx_word' id='word_1_74' title='bbox 902 1261 1167 1329; x_wconf 84' lang='lat' dir='ltr'><strong>siquidem</strong></span> <span class='ocrx_word' id='word_1_75' title='bbox 1196 1254 1493 1325; x_wconf 73' lang='lat' dir='ltr'><strong>baptizavit</strong></span> <span class='ocrx_word' id='word_1_76' title='bbox 1542 1263 1602 1308; x_wconf 89' lang='lat' dir='ltr'><strong>ut</strong></span> <span class='ocrx_word' id='word_1_77' title='bbox 1647 1252 1923 1309; x_wconf 78' lang='lat' dir='ltr'><strong>Christum</strong></span> <span class='ocrx_word' id='word_1_78' title='bbox 1953 1253 2144 1323; x_wconf 66' lang='lat' dir='ltr'><strong>pra’di-</strong></span> 
     </span>
    </p>
   </div>
   <div class='ocr_carea' id='block_1_14' title="bbox 573 1349 1532 1421">
    <p class='ocr_par' dir='ltr' id='par_1_14' title="bbox 573 1349 1532 1421">
     <span class='ocr_line' id='line_1_14' title="bbox 573 1349 1532 1421; baseline -0.014 -10"><span class='ocrx_word' id='word_1_79' title='bbox 573 1367 746 1417; x_wconf 74' lang='lat' dir='ltr'><strong>caret,</strong></span> <span class='ocrx_word' id='word_1_80' title='bbox 778 1371 840 1408; x_wconf 89' lang='lat' dir='ltr'><strong>ac</strong></span> <span class='ocrx_word' id='word_1_81' title='bbox 864 1353 1059 1421; x_wconf 88' lang='lat' dir='ltr'><strong>populo</strong></span> <span class='ocrx_word' id='word_1_82' title='bbox 1092 1360 1275 1404; x_wconf 89' lang='lat' dir='ltr'><strong>notum</strong></span> <span class='ocrx_word' id='word_1_83' title='bbox 1311 1349 1532 1413; x_wconf 68' lang='lat' dir='ltr'><strong>faceret,</strong></span> 
     </span>
    </p>
   </div>
   <div class='ocr_carea' id='block_1_15' title="bbox 646 1437 2148 1504">
    <p class='ocr_par' dir='ltr' id='par_1_15' title="bbox 646 1437 2148 1504">
     <span class='ocr_line' id='line_1_15' title="bbox 646 1437 2148 1504; baseline -0.009 0"><span class='ocrx_word' id='word_1_84' title='bbox 646 1448 810 1504; x_wconf 76' lang='lat' dir='ltr'><strong>Vens.</strong></span> <span class='ocrx_word' id='word_1_85' title='bbox 847 1446 938 1500; x_wconf 78' lang='grc'><strong>55.</strong></span> <span class='ocrx_word' id='word_1_86' title='bbox 982 1442 1195 1496; x_wconf 72' lang='lat' dir='ltr'><strong>«Altera</strong></span> <span class='ocrx_word' id='word_1_87' title='bbox 1230 1440 1315 1494; x_wconf 92' lang='lat' dir='ltr'><strong>die</strong></span> <span class='ocrx_word' id='word_1_88' title='bbox 1354 1440 1550 1493; x_wconf 88' lang='lat' dir='ltr'><strong>iterum</strong></span> <span class='ocrx_word' id='word_1_89' title='bbox 1586 1438 1764 1493; x_wconf 91' lang='lat' dir='ltr'><strong>stabat</strong></span> <span class='ocrx_word' id='word_1_90' title='bbox 1803 1437 2061 1504; x_wconf 85' lang='lat' dir='ltr'><strong>Joannes,</strong></span> <span class='ocrx_word' id='word_1_91' title='bbox 2093 1445 2148 1490; x_wconf 90' lang='lat' dir='ltr'><strong>et</strong></span> 
     </span>
    </p>
   </div>
   <div class='ocr_carea' id='block_1_16' title="bbox 573 1535 1281 1606">
    <p class='ocr_par' dir='ltr' id='par_1_16' title="bbox 573 1535 1281 1606">
     <span class='ocr_line' id='line_1_16' title="bbox 573 1535 1281 1606; baseline -0.017 -10"><span class='ocrx_word' id='word_1_92' title='bbox 573 1556 638 1596; x_wconf 74' lang='lat' dir='ltr'><strong>ex</strong></span> <span class='ocrx_word' id='word_1_93' title='bbox 669 1537 945 1606; x_wconf 76' lang='lat' dir='ltr'><strong>discipulis</strong></span> <span class='ocrx_word' id='word_1_94' title='bbox 971 1536 1089 1605; x_wconf 83' lang='lat' dir='ltr'><strong>ejus</strong></span> <span class='ocrx_word' id='word_1_95' title='bbox 1119 1535 1281 1586; x_wconf 67' lang='lat' dir='ltr'><strong>duo.»</strong></span> 
     </span>
    </p>
   </div>
   <div class='ocr_carea' id='block_1_17' title="bbox 648 1619 2149 1694">
    <p class='ocr_par' dir='ltr' id='par_1_17' title="bbox 648 1619 2149 1694">
     <span class='ocr_line' id='line_1_17' title="bbox 648 1619 2149 1694; baseline -0.009 -9"><span class='ocrx_word' id='word_1_96' title='bbox 648 1628 834 1685; x_wconf 86' lang='lat' dir='ltr'><strong>Tertia</strong></span> <span class='ocrx_word' id='word_1_97' title='bbox 872 1629 985 1682; x_wconf 58' lang='lat' dir='ltr'><strong>haec</strong></span> <span class='ocrx_word' id='word_1_98' title='bbox 1037 1624 1307 1694; x_wconf 83' lang='lat' dir='ltr'><strong>reperitur</strong></span> <span class='ocrx_word' id='word_1_99' title='bbox 1352 1621 1490 1685; x_wconf 89' lang='lat' dir='ltr'><strong>dies,</strong></span> <span class='ocrx_word' id='word_1_100' title='bbox 1518 1636 1582 1675; x_wconf 80' lang='lat' dir='ltr'><strong>ex</strong></span> <span class='ocrx_word' id='word_1_101' title='bbox 1637 1637 1740 1690; x_wconf 89' lang='lat' dir='ltr'><strong>qua</strong></span> <span class='ocrx_word' id='word_1_102' title='bbox 1766 1619 2021 1674; x_wconf 70' lang='lat' dir='ltr'><strong>Pharisaei</strong></span> <span class='ocrx_word' id='word_1_103' title='bbox 2083 1619 2149 1672; x_wconf 88' lang='lat' dir='ltr'><strong>ad</strong></span> 
     </span>
    </p>
   </div>
   <div class='ocr_carea' id='block_1_18' title="bbox 577 1713 2148 1783">
    <p class='ocr_par' dir='ltr' id='par_1_18' title="bbox 577 1713 2148 1783">
     <span class='ocr_line' id='line_1_18' title="bbox 577 1713 2148 1783; baseline -0.008 -5"><span class='ocrx_word' id='word_1_104' title='bbox 577 1721 838 1778; x_wconf 76' lang='lat' dir='ltr'><strong>Joannem</strong></span> <span class='ocrx_word' id='word_1_105' title='bbox 873 1724 1240 1782; x_wconf 82' lang='lat' dir='ltr'><strong>accesserant,</strong></span> <span class='ocrx_word' id='word_1_106' title='bbox 1304 1713 1704 1783; x_wconf 71' lang='lat' dir='ltr'><strong>interrogantes</strong></span> <span class='ocrx_word' id='word_1_107' title='bbox 1738 1728 1859 1767; x_wconf 88' lang='lat' dir='ltr'><strong>eum</strong></span> <span class='ocrx_word' id='word_1_108' title='bbox 1900 1713 2148 1782; x_wconf 88' lang='lat' dir='ltr'><strong>quisnam</strong></span> 
     </span>
    </p>
   </div>
   <div class='ocr_carea' id='block_1_19' title="bbox 578 1824 747 1871">
    <p class='ocr_par' dir='ltr' id='par_1_19' title="bbox 578 1824 747 1871">
     <span class='ocr_line' id='line_1_19' title="bbox 578 1824 747 1871; baseline 0.012 -2"><span class='ocrx_word' id='word_1_109' title='bbox 578 1824 747 1871; x_wconf 70' lang='lat' dir='ltr'><strong>CSSCI.</strong></span> 
     </span>
    </p>
   </div>
   <div class='ocr_carea' id='block_1_20' title="bbox 2230 597 2814 671">
    <p class='ocr_par' dir='ltr' id='par_1_20' title="bbox 2230 597 2814 671">
     <span class='ocr_line' id='line_1_20' title="bbox 2230 597 2814 671; baseline -0.003 -15"><span class='ocrx_word' id='word_1_110' title='bbox 2230 600 2399 671; x_wconf 82' lang='grc' dir='ltr'>ρωθῇ</span> <span class='ocrx_word' id='word_1_111' title='bbox 2413 598 2511 666; x_wconf 70' lang='grc' dir='ltr'>1τῷ</span> <span class='ocrx_word' id='word_1_112' title='bbox 2555 597 2814 669; x_wconf 78' lang='grc' dir='ltr'>Ἰσραήλ.</span> 
     </span>
    </p>
   </div>
   <div class='ocr_carea' id='block_1_21' title="bbox 2324 797 3868 870">
    <p class='ocr_par' dir='ltr' id='par_1_21' title="bbox 2324 797 3868 870">
     <span class='ocr_line' id='line_1_21' title="bbox 2324 797 3868 870; baseline 0.003 -19"><span class='ocrx_word' id='word_1_113' title='bbox 2324 799 2408 863; x_wconf 75' lang='lat'><strong>&#39;0;</strong></span> <span class='ocrx_word' id='word_1_114' title='bbox 2446 800 2509 852; x_wconf 87' lang='grc' dir='ltr'><strong>ἐκ</strong></span> <span class='ocrx_word' id='word_1_115' title='bbox 2534 797 2759 870; x_wconf 84' lang='grc' dir='ltr'>πρώτης</span> <span class='ocrx_word' id='word_1_116' title='bbox 2792 798 3011 870; x_wconf 78' lang='grc' dir='ltr'>ἡλικίας</span> <span class='ocrx_word' id='word_1_117' title='bbox 3032 800 3090 852; x_wconf 87' lang='grc' dir='ltr'><strong>ἐν</strong></span> <span class='ocrx_word' id='word_1_118' title='bbox 3115 800 3235 862; x_wconf 88' lang='grc' dir='ltr'>ταῖς</span> <span class='ocrx_word' id='word_1_119' title='bbox 3267 798 3526 869; x_wconf 83' lang='grc' dir='ltr'>ἐρήμοις</span> <span class='ocrx_word' id='word_1_120' title='bbox 3557 798 3793 867; x_wconf 82' lang='grc' dir='ltr'>διάγων,</span> <span class='ocrx_word' id='word_1_121' title='bbox 3813 803 3868 855; x_wconf 77' lang='grc' dir='ltr'><strong>τδ</strong></span> 
     </span>
    </p>
   </div>
   <div class='ocr_carea' id='block_1_22' title="bbox 2243 886 3869 963">
    <p class='ocr_par' dir='ltr' id='par_1_22' title="bbox 2243 886 3869 963">
     <span class='ocr_line' id='line_1_22' title="bbox 2243 886 3869 963; baseline 0.001 -16"><span class='ocrx_word' id='word_1_122' title='bbox 2243 892 2555 947; x_wconf 77' lang='grc' dir='ltr'>ἀνύποπτον</span> <span class='ocrx_word' id='word_1_123' title='bbox 2585 891 2682 962; x_wconf 75' lang='grc' dir='ltr'>τῆς</span> <span class='ocrx_word' id='word_1_124' title='bbox 2731 886 3038 963; x_wconf 78' lang='grc' dir='ltr'><strong>μαρτυρίας</strong></span> <span class='ocrx_word' id='word_1_125' title='bbox 3080 892 3450 963; x_wconf 74' lang='grc' dir='ltr'>συνέστησεν,</span> <span class='ocrx_word' id='word_1_126' title='bbox 3511 891 3597 954; x_wconf 85' lang='grc' dir='ltr'>ὡς</span> <span class='ocrx_word' id='word_1_127' title='bbox 3639 892 3712 945; x_wconf 86' lang='grc' dir='ltr'>δι’</span> <span class='ocrx_word' id='word_1_128' title='bbox 3742 897 3869 949; x_wconf 81' lang='grc' dir='ltr'>ἀπο-</span> 
     </span>
    </p>
   </div>
   <div class='ocr_carea' id='block_1_23' title="bbox 2245 984 2970 1056">
    <p class='ocr_par' dir='ltr' id='par_1_23' title="bbox 2245 984 2970 1056">
     <span class='ocr_line' id='line_1_23' title="bbox 2245 984 2970 1056; baseline -0.003 -16"><span class='ocrx_word' id='word_1_129' title='bbox 2245 985 2530 1056; x_wconf 80' lang='grc' dir='ltr'>καλύψεως</span> <span class='ocrx_word' id='word_1_130' title='bbox 2566 984 2753 1054; x_wconf 84' lang='grc' dir='ltr'>μαθὼν</span> <span class='ocrx_word' id='word_1_131' title='bbox 2785 985 2970 1039; x_wconf 75' lang='grc' dir='ltr'>αὐτόν.</span> 
     </span>
    </p>
   </div>
   <div class='ocr_carea' id='block_1_24' title="bbox 2322 1069 3869 1150">
    <p class='ocr_par' dir='ltr' id='par_1_24' title="bbox 2322 1069 3869 1150">
     <span class='ocr_line' id='line_1_24' title="bbox 2322 1069 3869 1150; baseline 0.003 -21"><span class='ocrx_word' id='word_1_132' title='bbox 2322 1096 2341 1129; x_wconf 74' lang='grc' dir='ltr'><strong>ι</strong></span> <span class='ocrx_word' id='word_1_133' title='bbox 2375 1077 2545 1146; x_wconf 75' lang='grc' dir='ltr'>Κάγὼ</span> <span class='ocrx_word' id='word_1_134' title='bbox 2571 1077 2813 1148; x_wconf 82' lang='grc' dir='ltr'>ἑώρακα,</span> <span class='ocrx_word' id='word_1_135' title='bbox 2839 1079 2933 1131; x_wconf 77' lang='grc' dir='ltr'><strong>καὶ</strong></span> <span class='ocrx_word' id='word_1_136' title='bbox 2959 1077 3370 1150; x_wconf 79' lang='grc' dir='ltr'>μεμαρτύρηκα</span> <span class='ocrx_word' id='word_1_137' title='bbox 3403 1078 3501 1131; x_wconf 82' lang='grc' dir='ltr'>ὅτι</span> <span class='ocrx_word' id='word_1_138' title='bbox 3524 1069 3695 1143; x_wconf 73' lang='grc' dir='ltr'>οὗτός</span> <span class='ocrx_word' id='word_1_139' title='bbox 3725 1080 3869 1134; x_wconf 85' lang='grc' dir='ltr'>ἐστιν</span> 
     </span>
    </p>
   </div>
   <div class='ocr_carea' id='block_1_25' title="bbox 2248 1168 2793 1233">
    <p class='ocr_par' dir='ltr' id='par_1_25' title="bbox 2248 1168 2793 1233">
     <span class='ocr_line' id='line_1_25' title="bbox 2248 1168 2793 1233; baseline -0.007 -9"><span class='ocrx_word' id='word_1_140' title='bbox 2248 1171 2275 1224; x_wconf 93' lang='lat'><strong>6</strong></span> <span class='ocrx_word' id='word_1_141' title='bbox 2309 1170 2435 1233; x_wconf 75' lang='grc' dir='ltr'>Υἱὸς</span> <span class='ocrx_word' id='word_1_142' title='bbox 2461 1168 2554 1222; x_wconf 81' lang='grc' dir='ltr'><strong>τοῦ</strong></span> <span class='ocrx_word' id='word_1_143' title='bbox 2584 1169 2741 1223; x_wconf 87' lang='grc' dir='ltr'>Θεοῦ.</span> <span class='ocrx_word' id='word_1_144' title='bbox 2775 1187 2793 1220; x_wconf 71' lang='grc' dir='ltr'><strong>ι</strong></span> 
     </span>
    </p>
   </div>
   <div class='ocr_carea' id='block_1_26' title="bbox 2320 1258 3867 1335">
    <p class='ocr_par' dir='ltr' id='par_1_26' title="bbox 2320 1258 3867 1335">
     <span class='ocr_line' id='line_1_26' title="bbox 2320 1258 3867 1335; baseline 0.003 -23"><span class='ocrx_word' id='word_1_145' title='bbox 2320 1261 2545 1313; x_wconf 84' lang='grc' dir='ltr'><strong>Ἕνεκεν</strong></span> <span class='ocrx_word' id='word_1_146' title='bbox 2584 1259 2679 1313; x_wconf 82' lang='grc' dir='ltr'><strong>τοῦ</strong></span> <span class='ocrx_word' id='word_1_147' title='bbox 2702 1258 2938 1331; x_wconf 79' lang='grc' dir='ltr'>κηρύξαι</span> <span class='ocrx_word' id='word_1_148' title='bbox 2971 1260 3063 1314; x_wconf 76' lang='grc' dir='ltr'><strong>τὸν</strong></span> <span class='ocrx_word' id='word_1_149' title='bbox 3103 1261 3363 1331; x_wconf 68' lang='grc' dir='ltr'>Χριστὸν,</span> <span class='ocrx_word' id='word_1_150' title='bbox 3402 1262 3512 1316; x_wconf 75' lang='grc' dir='ltr'><strong>καὶ</strong></span> <span class='ocrx_word' id='word_1_151' title='bbox 3550 1262 3867 1335; x_wconf 83' lang='grc' dir='ltr'>κατάδηλον</span> 
     </span>
    </p>
   </div>
   <div class='ocr_carea' id='block_1_27' title="bbox 2251 1350 3467 1426">
    <p class='ocr_par' dir='ltr' id='par_1_27' title="bbox 2251 1350 3467 1426">
     <span class='ocr_line' id='line_1_27' title="bbox 2251 1350 3467 1426; baseline 0.004 -23"><span class='ocrx_word' id='word_1_152' title='bbox 2251 1352 2475 1421; x_wconf 79' lang='grc' dir='ltr'>ποιῆσαι</span> <span class='ocrx_word' id='word_1_153' title='bbox 2497 1350 2572 1422; x_wconf 83' lang='grc' dir='ltr'>τῷ</span> <span class='ocrx_word' id='word_1_154' title='bbox 2601 1351 2735 1421; x_wconf 80' lang='grc' dir='ltr'>λαῷ,</span> <span class='ocrx_word' id='word_1_155' title='bbox 2771 1351 3067 1405; x_wconf 75' lang='grc' dir='ltr'>ἐϐάπτισεν</span> <span class='ocrx_word' id='word_1_156' title='bbox 3098 1354 3126 1405; x_wconf 97' lang='lat'><strong>6</strong></span> <span class='ocrx_word' id='word_1_157' title='bbox 3168 1353 3467 1426; x_wconf 81' lang='grc' dir='ltr'>Ἰωάννης.</span> 
     </span>
    </p>
   </div>
   <div class='ocr_carea' id='block_1_28' title="bbox 2328 1442 3869 1518">
    <p class='ocr_par' dir='ltr' id='par_1_28' title="bbox 2328 1442 3869 1518">
     <span class='ocr_line' id='line_1_28' title="bbox 2328 1442 3869 1518; baseline 0.005 -24"><span class='ocrx_word' id='word_1_158' title='bbox 2328 1461 2347 1494; x_wconf 73' lang='grc' dir='ltr'><strong>ι</strong></span> <span class='ocrx_word' id='word_1_159' title='bbox 2387 1443 2465 1512; x_wconf 80' lang='grc' dir='ltr'><strong>Τῇ</strong></span> <span class='ocrx_word' id='word_1_160' title='bbox 2503 1442 2768 1513; x_wconf 74' lang='grc' dir='ltr'>ἐπαύριον</span> <span class='ocrx_word' id='word_1_161' title='bbox 2802 1443 2965 1497; x_wconf 88' lang='grc' dir='ltr'>πάλιν</span> <span class='ocrx_word' id='word_1_162' title='bbox 2996 1445 3241 1516; x_wconf 85' lang='grc' dir='ltr'>εἱστήκει</span> <span class='ocrx_word' id='word_1_163' title='bbox 3269 1448 3297 1500; x_wconf 94' lang='lat'><strong>6</strong></span> <span class='ocrx_word' id='word_1_164' title='bbox 3338 1447 3656 1518; x_wconf 84' lang='grc' dir='ltr'><strong>Ἰωάννης,</strong></span> <span class='ocrx_word' id='word_1_165' title='bbox 3686 1449 3780 1501; x_wconf 75' lang='grc' dir='ltr'><strong>καὶ</strong></span> <span class='ocrx_word' id='word_1_166' title='bbox 3809 1449 3869 1501; x_wconf 84' lang='grc' dir='ltr'><strong>ἐκ</strong></span> 
     </span>
    </p>
   </div>
   <div class='ocr_carea' id='block_1_29' title="bbox 2253 1534 3157 1607">
    <p class='ocr_par' dir='ltr' id='par_1_29' title="bbox 2253 1534 3157 1607">
     <span class='ocr_line' id='line_1_29' title="bbox 2253 1534 3157 1607; baseline -0.001 -17"><span class='ocrx_word' id='word_1_167' title='bbox 2253 1536 2360 1590; x_wconf 86' lang='grc' dir='ltr'><strong>τῶν</strong></span> <span class='ocrx_word' id='word_1_168' title='bbox 2390 1535 2649 1607; x_wconf 82' lang='grc' dir='ltr'>μαθητῶν</span> <span class='ocrx_word' id='word_1_169' title='bbox 2677 1534 2845 1588; x_wconf 80' lang='grc' dir='ltr'>αὑτοῦ</span> <span class='ocrx_word' id='word_1_170' title='bbox 2876 1535 2989 1589; x_wconf 81' lang='grc' dir='ltr'>δύο.</span> <span class='ocrx_word' id='word_1_171' title='bbox 3031 1555 3050 1588; x_wconf 71' lang='grc' dir='ltr'><strong>ι</strong></span> <span class='ocrx_word' id='word_1_172' title='bbox 3154 1542 3157 1545; x_wconf 73' lang='grc'><em>’</em></span> 
     </span>
    </p>
   </div>
   <div class='ocr_carea' id='block_1_30' title="bbox 2326 1620 3862 1699">
    <p class='ocr_par' dir='ltr' id='par_1_30' title="bbox 2326 1620 3862 1699">
     <span class='ocr_line' id='line_1_30' title="bbox 2326 1620 3862 1699; baseline 0.002 -20"><span class='ocrx_word' id='word_1_173' title='bbox 2326 1626 2495 1697; x_wconf 88' lang='grc' dir='ltr'>Τρίτη</span> <span class='ocrx_word' id='word_1_174' title='bbox 2521 1625 2660 1696; x_wconf 77' lang='grc' dir='ltr'>αὕτη</span> <span class='ocrx_word' id='word_1_175' title='bbox 2684 1624 2998 1694; x_wconf 85' lang='grc' dir='ltr'>εὑρίσκεται</span> <span class='ocrx_word' id='word_1_176' title='bbox 3029 1625 3235 1696; x_wconf 82' lang='grc' dir='ltr'>ἡμέρα,</span> <span class='ocrx_word' id='word_1_177' title='bbox 3266 1628 3361 1696; x_wconf 81' lang='grc' dir='ltr'><strong>ἀφ’</strong></span> <span class='ocrx_word' id='word_1_178' title='bbox 3396 1620 3467 1681; x_wconf 69' lang='grc' dir='ltr'>οὗ</span> <span class='ocrx_word' id='word_1_179' title='bbox 3502 1629 3862 1699; x_wconf 75' lang='grc' dir='ltr'>ποιήσαντου,</span> 
     </span>
    </p>
   </div>
   <div class='ocr_carea' id='block_1_31' title="bbox 2256 1716 3860 1793">
    <p class='ocr_par' dir='ltr' id='par_1_31' title="bbox 2256 1716 3860 1793">
     <span class='ocr_line' id='line_1_31' title="bbox 2256 1716 3860 1793; baseline 0.001 -21"><span class='ocrx_word' id='word_1_180' title='bbox 2256 1721 2304 1772; x_wconf 77' lang='grc' dir='ltr'><strong>οἱ</strong></span> <span class='ocrx_word' id='word_1_181' title='bbox 2337 1720 2623 1789; x_wconf 83' lang='grc' dir='ltr'>Φαρισαῖοι</span> <span class='ocrx_word' id='word_1_182' title='bbox 2648 1716 2746 1787; x_wconf 81' lang='grc' dir='ltr'><strong>τὴν</strong></span> <span class='ocrx_word' id='word_1_183' title='bbox 2781 1717 2916 1787; x_wconf 81' lang='grc' dir='ltr'>πρὸς</span> <span class='ocrx_word' id='word_1_184' title='bbox 2943 1718 3033 1771; x_wconf 82' lang='grc' dir='ltr'><strong>τὸν</strong></span> <span class='ocrx_word' id='word_1_185' title='bbox 3068 1717 3325 1790; x_wconf 75' lang='grc' dir='ltr'>Ἰωάννην</span> <span class='ocrx_word' id='word_1_186' title='bbox 3357 1720 3709 1790; x_wconf 78' lang='grc' dir='ltr'>συντυχίαν,</span> <span class='ocrx_word' id='word_1_187' title='bbox 3744 1722 3800 1773; x_wconf 87' lang='grc' dir='ltr'><strong>ἐν</strong></span> 
     </span>
    </p>
   </div>
   <div class='ocr_carea' id='block_1_32' title="bbox 2259 1809 3133 1873">
    <p class='ocr_par' dir='ltr' id='par_1_32' title="bbox 2259 1809 3133 1873">
     <span class='ocr_line' id='line_1_32' title="bbox 2259 1809 3133 1873; baseline -0.001 -8"><span class='ocrx_word' id='word_1_188' title='bbox 2259 1813 2616 1865; x_wconf 76' lang='grc' dir='ltr'>ἐπυνθάνοντο</span> <span class='ocrx_word' id='word_1_189' title='bbox 2648 1809 2813 1864; x_wconf 80' lang='grc' dir='ltr'>αὑτοῦ</span> <span class='ocrx_word' id='word_1_190' title='bbox 2843 1811 2930 1873; x_wconf 87' lang='grc' dir='ltr'><strong>τίς</strong></span> <span class='ocrx_word' id='word_1_191' title='bbox 2963 1811 3133 1865; x_wconf 86' lang='grc' dir='ltr'>ἐστιν.</span> 
     </span>
    </p>
   </div>
   <div class='ocr_carea' id='block_1_33' title="bbox 656 1897 2178 1976">
    <p class='ocr_par' dir='ltr' id='par_1_33' title="bbox 656 1897 2153 1970">
     <span class='ocr_line' id='line_1_33' title="bbox 656 1897 2153 1970; baseline -0.005 -11"><span class='ocrx_word' id='word_1_192' title='bbox 656 1906 820 1959; x_wconf 75' lang='lat' dir='ltr'><strong>Vens.</strong></span> <span class='ocrx_word' id='word_1_193' title='bbox 848 1902 938 1958; x_wconf 78' lang='lat'><strong>56.</strong></span> <span class='ocrx_word' id='word_1_194' title='bbox 1007 1919 1026 1954; x_wconf 77' lang='grc' dir='ltr'><strong>ι</strong></span> <span class='ocrx_word' id='word_1_195' title='bbox 1066 1902 1134 1957; x_wconf 85' lang='grc' dir='ltr'>Ει</span> <span class='ocrx_word' id='word_1_196' title='bbox 1186 1900 1488 1970; x_wconf 88' lang='lat' dir='ltr'><strong>respiciens</strong></span> <span class='ocrx_word' id='word_1_197' title='bbox 1540 1897 1724 1955; x_wconf 78' lang='lat' dir='ltr'><strong>Jesum</strong></span> <span class='ocrx_word' id='word_1_198' title='bbox 1759 1899 2153 1963; x_wconf 80' lang='lat' dir='ltr'><strong>ambulantem,</strong></span> 
     </span>
    </p>
   </div>
   <div class='ocr_carea' id='block_1_34' title="bbox 2273 1897 3860 1976">
    <p class='ocr_par' dir='ltr' id='par_1_34' title="bbox 2332 1901 3860 1976">
     <span class='ocr_line' id='line_1_34' title="bbox 2332 1901 3860 1976; baseline -0.003 -18"><span class='ocrx_word' id='word_1_199' title='bbox 2332 1925 2351 1958; x_wconf 77' lang='grc' dir='ltr'><strong>ι</strong></span> <span class='ocrx_word' id='word_1_200' title='bbox 2394 1908 2503 1960; x_wconf 73' lang='grc' dir='ltr'>Καὶ</span> <span class='ocrx_word' id='word_1_201' title='bbox 2543 1904 2819 1976; x_wconf 68' lang='grc' dir='ltr'>ἐμϐλέψας</span> <span class='ocrx_word' id='word_1_202' title='bbox 2854 1904 2933 1976; x_wconf 84' lang='grc' dir='ltr'><strong>τῷ</strong></span> <span class='ocrx_word' id='word_1_203' title='bbox 2977 1904 3153 1976; x_wconf 81' lang='grc' dir='ltr'>Ἰησοῦ</span> <span class='ocrx_word' id='word_1_204' title='bbox 3190 1901 3657 1975; x_wconf 77' lang='grc' dir='ltr'>περιπατοῦντι,</span> <span class='ocrx_word' id='word_1_205' title='bbox 3697 1902 3860 1971; x_wconf 84' lang='grc' dir='ltr'>λέγει·</span> 
     </span>
    </p>
   </div>
   <div class='ocr_carea' id='block_1_35' title="bbox 583 1993 1311 2062">
    <p class='ocr_par' dir='ltr' id='par_1_35' title="bbox 583 1993 1311 2062">
     <span class='ocr_line' id='line_1_35' title="bbox 583 1993 1311 2062; baseline -0.011 -9"><span class='ocrx_word' id='word_1_206' title='bbox 583 1998 749 2053; x_wconf 85' lang='lat' dir='ltr'><strong>dicit:</strong></span> <span class='ocrx_word' id='word_1_207' title='bbox 784 1995 922 2050; x_wconf 84' lang='lat' dir='ltr'><strong>Ecce</strong></span> <span class='ocrx_word' id='word_1_208' title='bbox 944 1997 1130 2062; x_wconf 82' lang='lat' dir='ltr'><strong>Agnus</strong></span> <span class='ocrx_word' id='word_1_209' title='bbox 1161 1993 1311 2047; x_wconf 65' lang='lat' dir='ltr'><strong>Dei.»</strong></span> 
     </span>
    </p>
   </div>
   <div class='ocr_carea' id='block_1_36' title="bbox 656 2083 2162 2157">
    <p class='ocr_par' dir='ltr' id='par_1_36' title="bbox 656 2083 2162 2157">
     <span class='ocr_line' id='line_1_36' title="bbox 656 2083 2162 2157; baseline -0.002 -13"><span class='ocrx_word' id='word_1_210' title='bbox 656 2091 881 2157; x_wconf 79' lang='lat' dir='ltr'><strong>Propter</strong></span> <span class='ocrx_word' id='word_1_211' title='bbox 912 2087 1175 2143; x_wconf 86' lang='lat' dir='ltr'><strong>desidiam</strong></span> <span class='ocrx_word' id='word_1_212' title='bbox 1210 2086 1517 2139; x_wconf 91' lang='lat' dir='ltr'><strong>auditorum</strong></span> <span class='ocrx_word' id='word_1_213' title='bbox 1576 2083 1763 2139; x_wconf 88' lang='lat' dir='ltr'><strong>iisdem</strong></span> <span class='ocrx_word' id='word_1_214' title='bbox 1820 2086 2003 2139; x_wconf 84' lang='lat' dir='ltr'><strong>verbis</strong></span> <span class='ocrx_word' id='word_1_215' title='bbox 2032 2102 2162 2141; x_wconf 87' lang='lat' dir='ltr'><strong>usus</strong></span> 
     </span>
    </p>
   </div>
   <div class='ocr_carea' id='block_1_37' title="bbox 585 2178 2160 2247">
    <p class='ocr_par' dir='ltr' id='par_1_37' title="bbox 585 2178 2160 2247">
     <span class='ocr_line' id='line_1_37' title="bbox 585 2178 2160 2247; baseline -0.005 -10"><span class='ocrx_word' id='word_1_216' title='bbox 585 2194 692 2237; x_wconf 82' lang='lat' dir='ltr'><strong>est.</strong></span> <span class='ocrx_word' id='word_1_217' title='bbox 749 2180 935 2235; x_wconf 84' lang='lat' dir='ltr'><strong>Virtus</strong></span> <span class='ocrx_word' id='word_1_218' title='bbox 964 2184 1159 2247; x_wconf 84' lang='lat' dir='ltr'><strong>nempe</strong></span> <span class='ocrx_word' id='word_1_219' title='bbox 1183 2187 1267 2231; x_wconf 87' lang='lat' dir='ltr'><strong>est</strong></span> <span class='ocrx_word' id='word_1_220' title='bbox 1290 2178 1549 2241; x_wconf 84' lang='lat' dir='ltr'><strong>doctoris,</strong></span> <span class='ocrx_word' id='word_1_221' title='bbox 1587 2178 1630 2231; x_wconf 92' lang='lat' dir='ltr'><strong>si</strong></span> <span class='ocrx_word' id='word_1_222' title='bbox 1665 2178 1935 2231; x_wconf 72' lang='lat' dir='ltr'><strong>interdum</strong></span> <span class='ocrx_word' id='word_1_223' title='bbox 1972 2179 2160 2231; x_wconf 88' lang='lat' dir='ltr'><strong>eadem</strong></span> 
     </span>
    </p>
   </div>
   <div class='ocr_carea' id='block_1_38' title="bbox 588 2268 2166 2343">
    <p class='ocr_par' dir='ltr' id='par_1_38' title="bbox 588 2268 2166 2343">
     <span class='ocr_line' id='line_1_38' title="bbox 588 2268 2166 2343; baseline -0.004 -15"><span class='ocrx_word' id='word_1_224' title='bbox 588 2281 819 2343; x_wconf 79' lang='lat' dir='ltr'><strong>repetat,</strong></span> <span class='ocrx_word' id='word_1_225' title='bbox 871 2286 980 2342; x_wconf 90' lang='lat' dir='ltr'><strong>quo</strong></span> <span class='ocrx_word' id='word_1_226' title='bbox 1044 2269 1240 2323; x_wconf 88' lang='lat' dir='ltr'><strong>animis</strong></span> <span class='ocrx_word' id='word_1_227' title='bbox 1298 2268 1630 2323; x_wconf 88' lang='lat' dir='ltr'><strong>audientium</strong></span> <span class='ocrx_word' id='word_1_228' title='bbox 1705 2268 1917 2323; x_wconf 84' lang='lat' dir='ltr'><strong>ﬁrmius</strong></span> <span class='ocrx_word' id='word_1_229' title='bbox 1976 2268 2166 2336; x_wconf 89' lang='lat' dir='ltr'><strong>impri-</strong></span> 
     </span>
    </p>
   </div>
   <div class='ocr_carea' id='block_1_39' title="bbox 589 2373 827 2420">
    <p class='ocr_par' dir='ltr' id='par_1_39' title="bbox 589 2373 827 2420">
     <span class='ocr_line' id='line_1_39' title="bbox 589 2373 827 2420; baseline -0.008 -1"><span class='ocrx_word' id='word_1_230' title='bbox 589 2373 827 2420; x_wconf 73' lang='lat' dir='ltr'><strong>tuantur.</strong></span> 
     </span>
    </p>
   </div>
   <div class='ocr_carea' id='block_1_40' title="bbox 658 2451 2169 2515">
    <p class='ocr_par' dir='ltr' id='par_1_40' title="bbox 658 2451 2169 2515">
     <span class='ocr_line' id='line_1_40' title="bbox 658 2451 2169 2515; baseline -0.001 -5"><span class='ocrx_word' id='word_1_231' title='bbox 658 2454 824 2511; x_wconf 76' lang='lat' dir='ltr'><strong>Vens.</strong></span> <span class='ocrx_word' id='word_1_232' title='bbox 858 2454 949 2510; x_wconf 74' lang='grc'><strong>58.</strong></span> <span class='ocrx_word' id='word_1_233' title='bbox 975 2472 994 2507; x_wconf 76' lang='grc' dir='ltr'><strong>ι</strong></span> <span class='ocrx_word' id='word_1_234' title='bbox 1013 2454 1323 2510; x_wconf 77' lang='lat' dir='ltr'><strong>Conversus</strong></span> <span class='ocrx_word' id='word_1_235' title='bbox 1349 2463 1530 2507; x_wconf 85' lang='lat' dir='ltr'><strong>autem</strong></span> <span class='ocrx_word' id='word_1_236' title='bbox 1557 2451 1739 2515; x_wconf 83' lang='lat' dir='ltr'><strong>Jesus,</strong></span> <span class='ocrx_word' id='word_1_237' title='bbox 1769 2461 1826 2506; x_wconf 90' lang='lat' dir='ltr'><strong>et</strong></span> <span class='ocrx_word' id='word_1_238' title='bbox 1863 2451 2054 2506; x_wconf 90' lang='lat' dir='ltr'><strong>videns</strong></span> <span class='ocrx_word' id='word_1_239' title='bbox 2074 2468 2169 2509; x_wconf 88' lang='lat' dir='ltr'><strong>eos</strong></span> 
     </span>
    </p>
   </div>
   <div class='ocr_carea' id='block_1_41' title="bbox 591 2544 2167 2619">
    <p class='ocr_par' dir='ltr' id='par_1_41' title="bbox 591 2544 2167 2619">
     <span class='ocr_line' id='line_1_41' title="bbox 591 2544 2167 2619; baseline -0.001 -16"><span class='ocrx_word' id='word_1_240' title='bbox 591 2560 884 2619; x_wconf 76' lang='lat' dir='ltr'><strong>sequentes</strong></span> <span class='ocrx_word' id='word_1_241' title='bbox 908 2563 991 2615; x_wconf 88' lang='lat' dir='ltr'><strong>se,</strong></span> <span class='ocrx_word' id='word_1_242' title='bbox 1018 2547 1145 2602; x_wconf 83' lang='lat' dir='ltr'><strong>dicit</strong></span> <span class='ocrx_word' id='word_1_243' title='bbox 1178 2550 1293 2600; x_wconf 88' lang='lat' dir='ltr'><strong>eis:</strong></span> <span class='ocrx_word' id='word_1_244' title='bbox 1338 2544 1479 2611; x_wconf 85' lang='lat' dir='ltr'><strong>Quid</strong></span> <span class='ocrx_word' id='word_1_245' title='bbox 1516 2545 1759 2613; x_wconf 73' lang='lat' dir='ltr'><strong>quzeritis</strong></span> <span class='ocrx_word' id='word_1_246' title='bbox 1791 2546 1815 2599; x_wconf 85' lang='lat'><strong>?</strong></span> <span class='ocrx_word' id='word_1_247' title='bbox 1870 2546 1971 2612; x_wconf 86' lang='lat' dir='ltr'><strong>Qui</strong></span> <span class='ocrx_word' id='word_1_248' title='bbox 2019 2548 2167 2601; x_wconf 82' lang='lat' dir='ltr'><strong>dixe-</strong></span> 
     </span>
    </p>
   </div>
   <div class='ocr_carea' id='block_1_42' title="bbox 595 2635 2172 2708">
    <p class='ocr_par' dir='ltr' id='par_1_42' title="bbox 595 2635 2172 2708">
     <span class='ocr_line' id='line_1_42' title="bbox 595 2635 2172 2708; baseline -0.002 -15"><span class='ocrx_word' id='word_1_249' title='bbox 595 2649 723 2693; x_wconf 91' lang='lat' dir='ltr'><strong>runt</strong></span> <span class='ocrx_word' id='word_1_250' title='bbox 753 2640 802 2694; x_wconf 91' lang='lat' dir='ltr'><strong>ei</strong></span> <span class='ocrx_word' id='word_1_251' title='bbox 853 2657 867 2695; x_wconf 88' lang='lat'><strong>:</strong></span> <span class='ocrx_word' id='word_1_252' title='bbox 908 2638 1076 2693; x_wconf 81' lang='lat' dir='ltr'><strong>Rahbi</strong></span> <span class='ocrx_word' id='word_1_253' title='bbox 1115 2637 1280 2708; x_wconf 91' lang='lat' dir='ltr'><strong>(quod</strong></span> <span class='ocrx_word' id='word_1_254' title='bbox 1313 2635 1512 2691; x_wconf 79' lang='lat' dir='ltr'><strong>dicitur</strong></span> <span class='ocrx_word' id='word_1_255' title='bbox 1538 2636 1969 2706; x_wconf 89' lang='lat' dir='ltr'><strong>interpretatum,</strong></span> <span class='ocrx_word' id='word_1_256' title='bbox 2006 2637 2172 2708; x_wconf 81' lang='lat' dir='ltr'><strong>Magi-</strong></span> 
     </span>
    </p>
   </div>
   <div class='ocr_carea' id='block_1_43' title="bbox 598 2730 1211 2801">
    <p class='ocr_par' dir='ltr' id='par_1_43' title="bbox 598 2730 1211 2801">
     <span class='ocr_line' id='line_1_43' title="bbox 598 2730 1211 2801; baseline -0.011 -14"><span class='ocrx_word' id='word_1_257' title='bbox 598 2730 761 2801; x_wconf 79' lang='lat' dir='ltr'><strong>Ster),</strong></span> <span class='ocrx_word' id='word_1_258' title='bbox 794 2730 885 2784; x_wconf 85' lang='lat' dir='ltr'><strong>ubi</strong></span> <span class='ocrx_word' id='word_1_259' title='bbox 916 2730 1168 2785; x_wconf 84' lang='lat' dir='ltr'><strong>habitas?</strong></span> <span class='ocrx_word' id='word_1_260' title='bbox 1192 2748 1211 2780; x_wconf 73' lang='grc' dir='ltr'><strong>ι</strong></span> 
     </span>
    </p>
   </div>
   <div class='ocr_carea' id='block_1_44' title="bbox 665 2819 2176 2893">
    <p class='ocr_par' dir='ltr' id='par_1_44' title="bbox 665 2819 2176 2893">
     <span class='ocr_line' id='line_1_44' title="bbox 665 2819 2176 2893; baseline -0.003 -16"><span class='ocrx_word' id='word_1_261' title='bbox 665 2826 803 2878; x_wconf 85' lang='lat' dir='ltr'><strong>Cum</strong></span> <span class='ocrx_word' id='word_1_262' title='bbox 840 2823 902 2888; x_wconf 91' lang='lat' dir='ltr'><strong>ii,</strong></span> <span class='ocrx_word' id='word_1_263' title='bbox 944 2823 1033 2891; x_wconf 90' lang='lat' dir='ltr'><strong>qui</strong></span> <span class='ocrx_word' id='word_1_264' title='bbox 1090 2830 1393 2893; x_wconf 89' lang='lat' dir='ltr'><strong>sequuntur</strong></span> <span class='ocrx_word' id='word_1_265' title='bbox 1452 2821 1755 2884; x_wconf 84' lang='lat' dir='ltr'><strong>Christum,</strong></span> <span class='ocrx_word' id='word_1_266' title='bbox 1806 2834 1911 2873; x_wconf 87' lang='lat' dir='ltr'><strong>non</strong></span> <span class='ocrx_word' id='word_1_267' title='bbox 1965 2819 2176 2887; x_wconf 91' lang='lat' dir='ltr'><strong>possint</strong></span> 
     </span>
    </p>
   </div>
   <div class='ocr_carea' id='block_1_45' title="bbox 595 2911 2177 2985">
    <p class='ocr_par' dir='ltr' id='par_1_45' title="bbox 595 2911 2177 2985">
     <span class='ocr_line' id='line_1_45' title="bbox 595 2911 2177 2985; baseline -0.005 -14"><span class='ocrx_word' id='word_1_268' title='bbox 595 2915 772 2985; x_wconf 82' lang='lat' dir='ltr'><strong>ipsum</strong></span> <span class='ocrx_word' id='word_1_269' title='bbox 808 2916 1053 2982; x_wconf 87' lang='lat' dir='ltr'><strong>assequi;</strong></span> <span class='ocrx_word' id='word_1_270' title='bbox 1082 2929 1144 2967; x_wconf 78' lang='lat' dir='ltr'><strong>ex</strong></span> <span class='ocrx_word' id='word_1_271' title='bbox 1183 2914 1509 2984; x_wconf 73' lang='lat' dir='ltr'><strong>indulgentia</strong></span> <span class='ocrx_word' id='word_1_272' title='bbox 1553 2911 1786 2982; x_wconf 85' lang='lat' dir='ltr'><strong>quadam</strong></span> <span class='ocrx_word' id='word_1_273' title='bbox 1836 2911 2177 2965; x_wconf 82' lang='lat' dir='ltr'><strong>convertitur</strong></span> 
     </span>
    </p>
   </div>
   <div class='ocr_carea' id='block_1_46' title="bbox 598 3005 2178 3072">
    <p class='ocr_par' dir='ltr' id='par_1_46' title="bbox 598 3005 2178 3072">
     <span class='ocr_line' id='line_1_46' title="bbox 598 3005 2178 3072; baseline -0.002 -12"><span class='ocrx_word' id='word_1_274' title='bbox 598 3009 665 3060; x_wconf 88' lang='lat' dir='ltr'><strong>ad</strong></span> <span class='ocrx_word' id='word_1_275' title='bbox 694 3020 807 3069; x_wconf 85' lang='lat' dir='ltr'><strong>eos,</strong></span> <span class='ocrx_word' id='word_1_276' title='bbox 841 3005 1034 3059; x_wconf 81' lang='lat' dir='ltr'><strong>faciem</strong></span> <span class='ocrx_word' id='word_1_277' title='bbox 1059 3019 1210 3059; x_wconf 90' lang='lat' dir='ltr'><strong>suam</strong></span> <span class='ocrx_word' id='word_1_278' title='bbox 1243 3005 1351 3060; x_wconf 92' lang='lat' dir='ltr'><strong>illis</strong></span> <span class='ocrx_word' id='word_1_279' title='bbox 1406 3006 1689 3069; x_wconf 73' lang='lat' dir='ltr'><strong>exhibens,</strong></span> <span class='ocrx_word' id='word_1_280' title='bbox 1748 3011 1808 3057; x_wconf 91' lang='lat' dir='ltr'><strong>ut</strong></span> <span class='ocrx_word' id='word_1_281' title='bbox 1850 3015 2178 3072; x_wconf 79' lang='lat' dir='ltr'><strong>cognoscant</strong></span> 
     </span>
    </p>
   </div>
   <div class='ocr_carea' id='block_1_47' title="bbox 600 3097 2174 3169">
    <p class='ocr_par' dir='ltr' id='par_1_47' title="bbox 600 3097 2174 3169">
     <span class='ocr_line' id='line_1_47' title="bbox 600 3097 2174 3169; baseline -0.001 -17"><span class='ocrx_word' id='word_1_282' title='bbox 600 3100 775 3168; x_wconf 86' lang='lat' dir='ltr'><strong>ipsum</strong></span> <span class='ocrx_word' id='word_1_283' title='bbox 825 3112 945 3152; x_wconf 88' lang='lat' dir='ltr'><strong>esse</strong></span> <span class='ocrx_word' id='word_1_284' title='bbox 976 3097 1067 3166; x_wconf 87' lang='lat' dir='ltr'><strong>qui</strong></span> <span class='ocrx_word' id='word_1_285' title='bbox 1101 3097 1271 3167; x_wconf 79' lang='lat' dir='ltr'><strong>legem</strong></span> <span class='ocrx_word' id='word_1_286' title='bbox 1321 3098 1563 3169; x_wconf 88' lang='lat' dir='ltr'><strong>impleat,</strong></span> <span class='ocrx_word' id='word_1_287' title='bbox 1617 3099 1915 3166; x_wconf 89' lang='lat' dir='ltr'><strong>doceatque</strong></span> <span class='ocrx_word' id='word_1_288' title='bbox 1947 3111 2068 3166; x_wconf 78' lang='lat' dir='ltr'><strong>quze</strong></span> <span class='ocrx_word' id='word_1_289' title='bbox 2122 3097 2174 3151; x_wconf 93' lang='lat' dir='ltr'><strong>in</strong></span> 
     </span>
    </p>
   </div>
   <div class='ocr_carea' id='block_1_48' title="bbox 601 3190 1081 3247">
    <p class='ocr_par' dir='ltr' id='par_1_48' title="bbox 601 3190 1081 3247">
     <span class='ocr_line' id='line_1_48' title="bbox 601 3190 1081 3247; baseline -0.004 0"><span class='ocrx_word' id='word_1_290' title='bbox 601 3190 693 3247; x_wconf 80' lang='lat' dir='ltr'><strong>illa</strong></span> <span class='ocrx_word' id='word_1_291' title='bbox 717 3192 1081 3246; x_wconf 81' lang='lat' dir='ltr'><strong>continentur.</strong></span> 
     </span>
    </p>
   </div>
   <div class='ocr_carea' id='block_1_49' title="bbox 2264 1996 3008 2067">
    <p class='ocr_par' dir='ltr' id='par_1_49' title="bbox 2264 1996 3008 2067">
     <span class='ocr_line' id='line_1_49' title="bbox 2264 1996 3008 2067; baseline -0.001 -17"><span class='ocrx_word' id='word_1_292' title='bbox 2264 1997 2369 2050; x_wconf 86' lang='grc' dir='ltr'>Ἴδε</span> <span class='ocrx_word' id='word_1_293' title='bbox 2402 2000 2430 2051; x_wconf 89' lang='lat'><strong>6</strong></span> <span class='ocrx_word' id='word_1_294' title='bbox 2461 1998 2630 2067; x_wconf 78' lang='grc' dir='ltr'>ἀμνὸς</span> <span class='ocrx_word' id='word_1_295' title='bbox 2657 1997 2750 2050; x_wconf 81' lang='grc' dir='ltr'><strong>τοῦ</strong></span> <span class='ocrx_word' id='word_1_296' title='bbox 2786 1996 2944 2053; x_wconf 83' lang='grc' dir='ltr'>Θεοῦ.</span> <span class='ocrx_word' id='word_1_297' title='bbox 2989 2015 3008 2049; x_wconf 72' lang='grc' dir='ltr'><strong>ι</strong></span> 
     </span>
    </p>
   </div>
   <div class='ocr_carea' id='block_1_50' title="bbox 2332 2084 3856 2161">
    <p class='ocr_par' dir='ltr' id='par_1_50' title="bbox 2332 2084 3856 2161">
     <span class='ocr_line' id='line_1_50' title="bbox 2332 2084 3856 2161; baseline -0.003 -18"><span class='ocrx_word' id='word_1_298' title='bbox 2332 2090 2432 2143; x_wconf 80' lang='grc' dir='ltr'>Διὰ</span> <span class='ocrx_word' id='word_1_299' title='bbox 2459 2090 2519 2143; x_wconf 88' lang='grc' dir='ltr'><strong>τὸ</strong></span> <span class='ocrx_word' id='word_1_300' title='bbox 2548 2089 2789 2161; x_wconf 79' lang='grc' dir='ltr'>ῥᾴθυμον</span> <span class='ocrx_word' id='word_1_301' title='bbox 2817 2088 2927 2141; x_wconf 90' lang='grc' dir='ltr'><strong>τῶν</strong></span> <span class='ocrx_word' id='word_1_302' title='bbox 2958 2087 3245 2159; x_wconf 82' lang='grc' dir='ltr'>ἀκροατῶν</span> <span class='ocrx_word' id='word_1_303' title='bbox 3273 2089 3391 2151; x_wconf 82' lang='grc' dir='ltr'>τοῖς</span> <span class='ocrx_word' id='word_1_304' title='bbox 3426 2085 3633 2149; x_wconf 78' lang='grc' dir='ltr'>αὐτοῖς</span> <span class='ocrx_word' id='word_1_305' title='bbox 3662 2084 3856 2157; x_wconf 77' lang='grc' dir='ltr'>κέχρηο</span> 
     </span>
    </p>
   </div>
   <div class='ocr_carea' id='block_1_51' title="bbox 2261 2176 3865 2251">
    <p class='ocr_par' dir='ltr' id='par_1_51' title="bbox 2261 2176 3865 2251">
     <span class='ocr_line' id='line_1_51' title="bbox 2261 2176 3865 2251; baseline -0.003 -16"><span class='ocrx_word' id='word_1_306' title='bbox 2261 2199 2354 2235; x_wconf 86' lang='grc' dir='ltr'><strong>ται</strong></span> <span class='ocrx_word' id='word_1_307' title='bbox 2397 2182 2599 2251; x_wconf 88' lang='grc' dir='ltr'>λόγοις.</span> <span class='ocrx_word' id='word_1_308' title='bbox 2646 2181 2843 2251; x_wconf 82' lang='grc' dir='ltr'>Ἀρετὴ</span> <span class='ocrx_word' id='word_1_309' title='bbox 2871 2178 3196 2233; x_wconf 78' lang='grc' dir='ltr'>διδασκάλου</span> <span class='ocrx_word' id='word_1_310' title='bbox 3219 2220 3233 2244; x_wconf 95' lang='grc'><strong>,</strong></span> <span class='ocrx_word' id='word_1_311' title='bbox 3265 2180 3379 2241; x_wconf 83' lang='grc' dir='ltr'>τοῖς</span> <span class='ocrx_word' id='word_1_312' title='bbox 3431 2177 3639 2241; x_wconf 81' lang='grc' dir='ltr'>αὐτοῖς</span> <span class='ocrx_word' id='word_1_313' title='bbox 3672 2176 3865 2248; x_wconf 80' lang='grc' dir='ltr'>κεχρῆ-</span> 
     </span>
    </p>
   </div>
   <div class='ocr_carea' id='block_1_52' title="bbox 2267 2268 3865 2344">
    <p class='ocr_par' dir='ltr' id='par_1_52' title="bbox 2267 2268 3865 2344">
     <span class='ocr_line' id='line_1_52' title="bbox 2267 2268 3865 2344; baseline -0.004 -16"><span class='ocrx_word' id='word_1_314' title='bbox 2267 2274 2424 2339; x_wconf 88' lang='grc' dir='ltr'>σθαι,</span> <span class='ocrx_word' id='word_1_315' title='bbox 2456 2273 2594 2342; x_wconf 78' lang='grc' dir='ltr'>πρὸς</span> <span class='ocrx_word' id='word_1_316' title='bbox 2621 2274 2685 2327; x_wconf 81' lang='grc' dir='ltr'><strong>τὸ</strong></span> <span class='ocrx_word' id='word_1_317' title='bbox 2716 2272 3036 2344; x_wconf 79' lang='grc' dir='ltr'>ἐμπαγῆναι</span> <span class='ocrx_word' id='word_1_318' title='bbox 3078 2272 3207 2334; x_wconf 80' lang='grc' dir='ltr'>τοὺς</span> <span class='ocrx_word' id='word_1_319' title='bbox 3237 2271 3443 2340; x_wconf 83' lang='grc' dir='ltr'>λόγους</span> <span class='ocrx_word' id='word_1_320' title='bbox 3494 2270 3561 2323; x_wconf 86' lang='grc' dir='ltr'><strong>ἐν</strong></span> <span class='ocrx_word' id='word_1_321' title='bbox 3601 2271 3727 2333; x_wconf 86' lang='grc' dir='ltr'>ταῖς</span> <span class='ocrx_word' id='word_1_322' title='bbox 3767 2268 3865 2322; x_wconf 78' lang='grc' dir='ltr'><strong>τῶν</strong></span> 
     </span>
    </p>
   </div>
   <div class='ocr_carea' id='block_1_53' title="bbox 2267 2364 2804 2436">
    <p class='ocr_par' dir='ltr' id='par_1_53' title="bbox 2267 2364 2804 2436">
     <span class='ocr_line' id='line_1_53' title="bbox 2267 2364 2804 2436; baseline -0.004 -16"><span class='ocrx_word' id='word_1_323' title='bbox 2267 2365 2551 2436; x_wconf 86' lang='grc' dir='ltr'>ἀκροατῶν</span> <span class='ocrx_word' id='word_1_324' title='bbox 2580 2364 2804 2435; x_wconf 73' lang='grc' dir='ltr'>ψυχαῖς.</span> 
     </span>
    </p>
   </div>
   <div class='ocr_carea' id='block_1_54' title="bbox 2345 2449 3864 2527">
    <p class='ocr_par' dir='ltr' id='par_1_54' title="bbox 2345 2449 3864 2527">
     <span class='ocr_line' id='line_1_54' title="bbox 2345 2449 3864 2527; baseline -0.005 -17"><span class='ocrx_word' id='word_1_325' title='bbox 2345 2476 2363 2509; x_wconf 81' lang='grc' dir='ltr'><strong>ι</strong></span> <span class='ocrx_word' id='word_1_326' title='bbox 2410 2458 2679 2526; x_wconf 71' lang='grc' dir='ltr'>Στραςρεὶς</span> <span class='ocrx_word' id='word_1_327' title='bbox 2707 2457 2763 2510; x_wconf 88' lang='grc' dir='ltr'><strong>δέ</strong></span> <span class='ocrx_word' id='word_1_328' title='bbox 2793 2458 2821 2510; x_wconf 89' lang='lat'><strong>6</strong></span> <span class='ocrx_word' id='word_1_329' title='bbox 2858 2455 3099 2527; x_wconf 86' lang='grc' dir='ltr'>Ἰησοῦς,</span> <span class='ocrx_word' id='word_1_330' title='bbox 3134 2454 3230 2509; x_wconf 69' lang='grc' dir='ltr'>καὶ</span> <span class='ocrx_word' id='word_1_331' title='bbox 3259 2453 3626 2523; x_wconf 85' lang='grc' dir='ltr'>θεασάμενος</span> <span class='ocrx_word' id='word_1_332' title='bbox 3677 2449 3864 2511; x_wconf 78' lang='grc' dir='ltr'>αὐτοὺς</span> 
     </span>
    </p>
   </div>
   <div class='ocr_carea' id='block_1_55' title="bbox 2269 2538 3866 2617">
    <p class='ocr_par' dir='ltr' id='par_1_55' title="bbox 2269 2538 3866 2617">
     <span class='ocr_line' id='line_1_55' title="bbox 2269 2538 3866 2617; baseline -0.006 -14"><span class='ocrx_word' id='word_1_333' title='bbox 2269 2548 2718 2612; x_wconf 78' lang='grc' dir='ltr'>ἀκολουθοῦντας,</span> <span class='ocrx_word' id='word_1_334' title='bbox 2745 2549 2894 2617; x_wconf 82' lang='grc' dir='ltr'>λέγει</span> <span class='ocrx_word' id='word_1_335' title='bbox 2921 2549 3126 2612; x_wconf 76' lang='grc' dir='ltr'>αὐτοῖς·</span> <span class='ocrx_word' id='word_1_336' title='bbox 3148 2547 3215 2602; x_wconf 88' lang='grc' dir='ltr'>Τί</span> <span class='ocrx_word' id='word_1_337' title='bbox 3239 2546 3463 2617; x_wconf 73' lang='grc' dir='ltr'>ζητεῖτε</span> <span class='ocrx_word' id='word_1_338' title='bbox 3488 2562 3504 2607; x_wconf 76' lang='grc' dir='ltr'><strong>ς</strong></span> <span class='ocrx_word' id='word_1_339' title='bbox 3541 2546 3608 2597; x_wconf 85' lang='grc' dir='ltr'><strong>Οἱ</strong></span> <span class='ocrx_word' id='word_1_340' title='bbox 3639 2544 3697 2597; x_wconf 83' lang='grc' dir='ltr'><strong>δέ</strong></span> <span class='ocrx_word' id='word_1_341' title='bbox 3721 2538 3866 2595; x_wconf 74' lang='grc' dir='ltr'>εἷπον</span> 
     </span>
    </p>
   </div>
   <div class='ocr_carea' id='block_1_56' title="bbox 2272 2635 3859 2713">
    <p class='ocr_par' dir='ltr' id='par_1_56' title="bbox 2272 2635 3859 2713">
     <span class='ocr_line' id='line_1_56' title="bbox 2272 2635 3859 2713; baseline -0.005 -18"><span class='ocrx_word' id='word_1_342' title='bbox 2272 2641 2440 2711; x_wconf 77' lang='grc' dir='ltr'>αὐτῷ·</span> <span class='ocrx_word' id='word_1_343' title='bbox 2478 2641 2669 2694; x_wconf 77' lang='grc' dir='ltr'><strong>Ῥαὸὃὶ</strong></span> <span class='ocrx_word' id='word_1_344' title='bbox 2699 2640 2748 2713; x_wconf 72' lang='grc' dir='ltr'><strong>(ὃ</strong></span> <span class='ocrx_word' id='word_1_345' title='bbox 2780 2640 2997 2711; x_wconf 87' lang='grc' dir='ltr'>λέγεται</span> <span class='ocrx_word' id='word_1_346' title='bbox 3022 2639 3495 2711; x_wconf 79' lang='grc' dir='ltr'>ἑρμηνευόμενον,</span> <span class='ocrx_word' id='word_1_347' title='bbox 3519 2635 3859 2701; x_wconf 84' lang='grc' dir='ltr'>Διδάσκαλε),</span> 
     </span>
    </p>
   </div>
   <div class='ocr_carea' id='block_1_57' title="bbox 2274 2732 3218 2803">
    <p class='ocr_par' dir='ltr' id='par_1_57' title="bbox 2274 2732 3218 2803">
     <span class='ocr_line' id='line_1_57' title="bbox 2274 2732 3218 2803; baseline -0.006 -16"><span class='ocrx_word' id='word_1_348' title='bbox 2274 2732 2377 2787; x_wconf 81' lang='grc' dir='ltr'><strong>ποῦ</strong></span> <span class='ocrx_word' id='word_1_349' title='bbox 2407 2732 2590 2803; x_wconf 84' lang='grc' dir='ltr'>μένεις</span> <span class='ocrx_word' id='word_1_350' title='bbox 2608 2751 2623 2799; x_wconf 89' lang='grc'><strong>;</strong></span> <span class='ocrx_word' id='word_1_351' title='bbox 2661 2749 2680 2783; x_wconf 76' lang='grc' dir='ltr'><strong>ι</strong></span> <span class='ocrx_word' id='word_1_352' title='bbox 3214 2742 3218 2745; x_wconf 78' lang='lat'><strong><em>‘</em></strong></span> 
     </span>
    </p>
   </div>
   <div class='ocr_carea' id='block_1_58' title="bbox 2356 2818 3861 2897">
    <p class='ocr_par' dir='ltr' id='par_1_58' title="bbox 2356 2818 3861 2897">
     <span class='ocr_line' id='line_1_58' title="bbox 2356 2818 3861 2897; baseline -0.004 -19"><span class='ocrx_word' id='word_1_353' title='bbox 2356 2825 2573 2897; x_wconf 78' lang='grc' dir='ltr'>Ἐπειδὴ</span> <span class='ocrx_word' id='word_1_354' title='bbox 2595 2826 2642 2877; x_wconf 84' lang='grc' dir='ltr'>οἱ</span> <span class='ocrx_word' id='word_1_355' title='bbox 2673 2823 3095 2889; x_wconf 81' lang='grc' dir='ltr'>ἀκολουθοῦντες</span> <span class='ocrx_word' id='word_1_356' title='bbox 3127 2822 3352 2896; x_wconf 81' lang='grc' dir='ltr'>Χριστῷ</span> <span class='ocrx_word' id='word_1_357' title='bbox 3382 2823 3448 2876; x_wconf 85' lang='grc' dir='ltr'><strong>οὐ</strong></span> <span class='ocrx_word' id='word_1_358' title='bbox 3480 2822 3746 2877; x_wconf 83' lang='grc' dir='ltr'>δύνανται</span> <span class='ocrx_word' id='word_1_359' title='bbox 3769 2818 3861 2872; x_wconf 84' lang='grc' dir='ltr'>αὑ-</span> 
     </span>
    </p>
   </div>
   <div class='ocr_carea' id='block_1_59' title="bbox 2275 2913 3861 2989">
    <p class='ocr_par' dir='ltr' id='par_1_59' title="bbox 2275 2913 3861 2989">
     <span class='ocr_line' id='line_1_59' title="bbox 2275 2913 3861 2989; baseline -0.004 -17"><span class='ocrx_word' id='word_1_360' title='bbox 2275 2918 2365 2972; x_wconf 78' lang='grc' dir='ltr'><strong>τὸν</strong></span> <span class='ocrx_word' id='word_1_361' title='bbox 2384 2919 2611 2989; x_wconf 73' lang='grc' dir='ltr'>φθάσαι,</span> <span class='ocrx_word' id='word_1_362' title='bbox 2636 2916 3123 2986; x_wconf 79' lang='grc' dir='ltr'>συγκαταϐατικῶς</span> <span class='ocrx_word' id='word_1_363' title='bbox 3146 2917 3446 2988; x_wconf 79' lang='grc' dir='ltr'>στρέφεται</span> <span class='ocrx_word' id='word_1_364' title='bbox 3481 2918 3627 2987; x_wconf 81' lang='grc' dir='ltr'>πρὸς</span> <span class='ocrx_word' id='word_1_365' title='bbox 3653 2913 3861 2975; x_wconf 70' lang='grc' dir='ltr'>αὐτοὺς,</span> 
     </span>
    </p>
   </div>
   <div class='ocr_carea' id='block_1_60' title="bbox 2276 3005 3859 3079">
    <p class='ocr_par' dir='ltr' id='par_1_60' title="bbox 2276 3005 3859 3079">
     <span class='ocr_line' id='line_1_60' title="bbox 2276 3005 3859 3079; baseline -0.006 -15"><span class='ocrx_word' id='word_1_366' title='bbox 2276 3011 2491 3071; x_wconf 80' lang='grc' dir='ltr'>δεικνὺς</span> <span class='ocrx_word' id='word_1_367' title='bbox 2520 3010 2703 3072; x_wconf 82' lang='grc' dir='ltr'>αὐτοῖς</span> <span class='ocrx_word' id='word_1_368' title='bbox 2734 3010 2795 3063; x_wconf 85' lang='grc' dir='ltr'><strong>τδ</strong></span> <span class='ocrx_word' id='word_1_369' title='bbox 2826 3008 3020 3062; x_wconf 81' lang='grc' dir='ltr'>ἑαυτοῦ</span> <span class='ocrx_word' id='word_1_370' title='bbox 3052 3008 3380 3079; x_wconf 88' lang='grc' dir='ltr'>πρόσωπον,</span> <span class='ocrx_word' id='word_1_371' title='bbox 3404 3007 3503 3061; x_wconf 78' lang='grc' dir='ltr'><strong>ἴνα</strong></span> <span class='ocrx_word' id='word_1_372' title='bbox 3536 3005 3761 3075; x_wconf 74' lang='grc' dir='ltr'>γνῶσιν,</span> <span class='ocrx_word' id='word_1_373' title='bbox 3785 3005 3859 3057; x_wconf 85' lang='grc' dir='ltr'>ὃτι</span> 
     </span>
    </p>
   </div>
   <div class='ocr_carea' id='block_1_61' title="bbox 2278 3096 3863 3172">
    <p class='ocr_par' dir='ltr' id='par_1_61' title="bbox 2278 3096 3863 3172">
     <span class='ocr_line' id='line_1_61' title="bbox 2278 3096 3863 3172; baseline -0.006 -16"><span class='ocrx_word' id='word_1_374' title='bbox 2278 3102 2439 3165; x_wconf 81' lang='grc' dir='ltr'>αὐτός</span> <span class='ocrx_word' id='word_1_375' title='bbox 2467 3102 2615 3155; x_wconf 87' lang='grc' dir='ltr'>ἐστιν</span> <span class='ocrx_word' id='word_1_376' title='bbox 2640 3101 2668 3153; x_wconf 86' lang='lat'><strong>6</strong></span> <span class='ocrx_word' id='word_1_377' title='bbox 2698 3098 2922 3172; x_wconf 86' lang='grc' dir='ltr'>πληρῶν</span> <span class='ocrx_word' id='word_1_378' title='bbox 2946 3099 3038 3154; x_wconf 86' lang='grc' dir='ltr'><strong>τὸν</strong></span> <span class='ocrx_word' id='word_1_379' title='bbox 3064 3100 3250 3171; x_wconf 89' lang='grc' dir='ltr'>νόμον,</span> <span class='ocrx_word' id='word_1_380' title='bbox 3284 3098 3381 3153; x_wconf 76' lang='grc' dir='ltr'>καὶ</span> <span class='ocrx_word' id='word_1_381' title='bbox 3412 3098 3696 3153; x_wconf 81' lang='grc' dir='ltr'>διδάσκων</span> <span class='ocrx_word' id='word_1_382' title='bbox 3725 3096 3789 3148; x_wconf 79' lang='grc' dir='ltr'>τὰ</span> <span class='ocrx_word' id='word_1_383' title='bbox 3811 3096 3863 3147; x_wconf 82' lang='grc' dir='ltr'><strong>ἐν</strong></span> 
     </span>
    </p>
   </div>
   <div class='ocr_carea' id='block_1_62' title="bbox 2281 3195 2447 3267">
    <p class='ocr_par' dir='ltr' id='par_1_62' title="bbox 2281 3195 2447 3267">
     <span class='ocr_line' id='line_1_62' title="bbox 2281 3195 2447 3267; baseline 0.006 -17"><span class='ocrx_word' id='word_1_384' title='bbox 2281 3195 2447 3267; x_wconf 83' lang='grc' dir='ltr'>αὐτῷ.</span> 
     </span>
    </p>
   </div>
   <div class='ocr_carea' id='block_1_63' title="bbox 674 3256 2178 3356">
    <p class='ocr_par' dir='ltr' id='par_1_63' title="bbox 674 3282 2178 3356">
     <span class='ocr_line' id='line_1_63' title="bbox 674 3282 2178 3356; baseline -0.001 -18"><span class='ocrx_word' id='word_1_385' title='bbox 674 3283 795 3339; x_wconf 90' lang='lat' dir='ltr'><strong>Non</strong></span> <span class='ocrx_word' id='word_1_386' title='bbox 830 3294 1009 3338; x_wconf 90' lang='lat' dir='ltr'><strong>autem</strong></span> <span class='ocrx_word' id='word_1_387' title='bbox 1037 3298 1102 3338; x_wconf 90' lang='lat' dir='ltr'><strong>eo</strong></span> <span class='ocrx_word' id='word_1_388' title='bbox 1133 3284 1275 3354; x_wconf 91' lang='lat' dir='ltr'><strong>quod</strong></span> <span class='ocrx_word' id='word_1_389' title='bbox 1328 3283 1561 3356; x_wconf 78' lang='lat' dir='ltr'><strong>ignoret,</strong></span> <span class='ocrx_word' id='word_1_390' title='bbox 1617 3284 1939 3354; x_wconf 81' lang='lat' dir='ltr'><strong>interrogat,</strong></span> <span class='ocrx_word' id='word_1_391' title='bbox 1996 3282 2092 3338; x_wconf 88' lang='lat' dir='ltr'><strong>sed</strong></span> <span class='ocrx_word' id='word_1_392' title='bbox 2120 3290 2178 3337; x_wconf 93' lang='lat' dir='ltr'><strong>ut</strong></span> 
     </span>
    </p>
   </div>
   <div class='ocr_carea' id='block_1_64' title="bbox 2273 3256 3861 3356">
    <p class='ocr_par' dir='ltr' id='par_1_64' title="bbox 2352 3256 3861 3356">
     <span class='ocr_line' id='line_1_64' title="bbox 2352 3256 3861 3356; baseline -0.006 -16"><span class='ocrx_word' id='word_1_393' title='bbox 2352 3256 2465 3341; x_wconf 65' lang='grc' dir='ltr'>Οῦκ</span> <span class='ocrx_word' id='word_1_394' title='bbox 2495 3286 2707 3355; x_wconf 85' lang='grc' dir='ltr'>ἀγνοῶν</span> <span class='ocrx_word' id='word_1_395' title='bbox 2738 3284 2795 3339; x_wconf 88' lang='grc' dir='ltr'><strong>δέ</strong></span> <span class='ocrx_word' id='word_1_396' title='bbox 2835 3284 3036 3356; x_wconf 77' lang='grc' dir='ltr'>ἐρωτᾷ,</span> <span class='ocrx_word' id='word_1_397' title='bbox 3073 3283 3191 3337; x_wconf 81' lang='grc' dir='ltr'>ἀλλ’</span> <span class='ocrx_word' id='word_1_398' title='bbox 3222 3281 3643 3355; x_wconf 83' lang='grc' dir='ltr'>ἐκκαλούμενος</span> <span class='ocrx_word' id='word_1_399' title='bbox 3676 3277 3861 3341; x_wconf 73' lang='grc' dir='ltr'>αὐτοὺς</span> 
     </span>
    </p>
   </div>
   <div class='ocr_carea' id='block_1_65' title="bbox 606 3375 1428 3432">
    <p class='ocr_par' dir='ltr' id='par_1_65' title="bbox 606 3375 1428 3432">
     <span class='ocr_line' id='line_1_65' title="bbox 606 3375 1428 3432; baseline -0.001 0"><span class='ocrx_word' id='word_1_400' title='bbox 606 3375 727 3432; x_wconf 77' lang='lat' dir='ltr'><strong>illos</strong></span> <span class='ocrx_word' id='word_1_401' title='bbox 761 3375 860 3430; x_wconf 87' lang='lat' dir='ltr'><strong>sibi</strong></span> <span class='ocrx_word' id='word_1_402' title='bbox 894 3376 1190 3431; x_wconf 79' lang='lat' dir='ltr'><strong>familiares</strong></span> <span class='ocrx_word' id='word_1_403' title='bbox 1219 3378 1428 3431; x_wconf 83' lang='lat' dir='ltr'><strong>reddat.</strong></span> 
     </span>
    </p>
   </div>
   <div class='ocr_carea' id='block_1_66' title="bbox 676 3467 2181 3527">
    <p class='ocr_par' dir='ltr' id='par_1_66' title="bbox 676 3467 2181 3527">
     <span class='ocr_line' id='line_1_66' title="bbox 676 3467 2181 3527; baseline 0.002 -5"><span class='ocrx_word' id='word_1_404' title='bbox 676 3468 835 3523; x_wconf 77' lang='lat' dir='ltr'><strong>Vens.</strong></span> <span class='ocrx_word' id='word_1_405' title='bbox 877 3467 966 3523; x_wconf 76' lang='lat'><strong>46.</strong></span> <span class='ocrx_word' id='word_1_406' title='bbox 1022 3468 1118 3522; x_wconf 74' lang='lat' dir='ltr'><strong>«Et</strong></span> <span class='ocrx_word' id='word_1_407' title='bbox 1159 3469 1293 3522; x_wconf 82' lang='lat' dir='ltr'><strong>dixit</strong></span> <span class='ocrx_word' id='word_1_408' title='bbox 1339 3470 1386 3523; x_wconf 91' lang='lat' dir='ltr'><strong>ei</strong></span> <span class='ocrx_word' id='word_1_409' title='bbox 1447 3467 1787 3527; x_wconf 85' lang='lat' dir='ltr'><strong>Nathanael:</strong></span> <span class='ocrx_word' id='word_1_410' title='bbox 1826 3472 1868 3525; x_wconf 86' lang='lat' dir='ltr'><strong>A</strong></span> <span class='ocrx_word' id='word_1_411' title='bbox 1900 3470 2181 3527; x_wconf 82' lang='lat' dir='ltr'><strong>&#39;Nazareth</strong></span> 
     </span>
    </p>
   </div>
   <div class='ocr_carea' id='block_1_67' title="bbox 603 3560 2181 3633">
    <p class='ocr_par' dir='ltr' id='par_1_67' title="bbox 603 3560 2181 3633">
     <span class='ocr_line' id='line_1_67' title="bbox 603 3560 2181 3633; baseline 0.002 -20"><span class='ocrx_word' id='word_1_412' title='bbox 603 3569 782 3632; x_wconf 84' lang='lat' dir='ltr'><strong>potest</strong></span> <span class='ocrx_word' id='word_1_413' title='bbox 805 3560 1007 3629; x_wconf 85' lang='lat' dir='ltr'><strong>aliquid</strong></span> <span class='ocrx_word' id='word_1_414' title='bbox 1032 3560 1157 3615; x_wconf 91' lang='lat' dir='ltr'><strong>boui</strong></span> <span class='ocrx_word' id='word_1_415' title='bbox 1202 3560 1368 3614; x_wconf 80' lang='lat' dir='ltr'><strong>esse?</strong></span> <span class='ocrx_word' id='word_1_416' title='bbox 1412 3560 1553 3617; x_wconf 86' lang='lat' dir='ltr'><strong>Dicit</strong></span> <span class='ocrx_word' id='word_1_417' title='bbox 1597 3562 1645 3617; x_wconf 91' lang='lat' dir='ltr'><strong>ei</strong></span> <span class='ocrx_word' id='word_1_418' title='bbox 1684 3562 1995 3633; x_wconf 84' lang='lat' dir='ltr'><strong>Philippus:</strong></span> <span class='ocrx_word' id='word_1_419' title='bbox 2052 3564 2181 3619; x_wconf 88' lang='lat' dir='ltr'><strong>Veni</strong></span> 
     </span>
    </p>
   </div>
   <div class='ocr_carea' id='block_1_68' title="bbox 604 3653 860 3709">
    <p class='ocr_par' dir='ltr' id='par_1_68' title="bbox 604 3653 860 3709">
     <span class='ocr_line' id='line_1_68' title="bbox 604 3653 860 3709; baseline -0.008 -3"><span class='ocrx_word' id='word_1_420' title='bbox 604 3662 659 3706; x_wconf 89' lang='lat' dir='ltr'><strong>et</strong></span> <span class='ocrx_word' id='word_1_421' title='bbox 690 3653 860 3709; x_wconf 67' lang='lat' dir='ltr'><strong>vide.)</strong></span> 
     </span>
    </p>
   </div>
   <div class='ocr_carea' id='block_1_69' title="bbox 679 3743 2187 3818">
    <p class='ocr_par' dir='ltr' id='par_1_69' title="bbox 679 3743 2187 3818">
     <span class='ocr_line' id='line_1_69' title="bbox 679 3743 2187 3818; baseline 0.003 -19"><span class='ocrx_word' id='word_1_422' title='bbox 679 3743 849 3813; x_wconf 86' lang='lat' dir='ltr'><strong>Quem</strong></span> <span class='ocrx_word' id='word_1_423' title='bbox 904 3747 1056 3811; x_wconf 90' lang='lat' dir='ltr'><strong>mihi,</strong></span> <span class='ocrx_word' id='word_1_424' title='bbox 1114 3747 1308 3818; x_wconf 83' lang='lat' dir='ltr'><strong>inquit,</strong></span> <span class='ocrx_word' id='word_1_425' title='bbox 1346 3748 1660 3815; x_wconf 88' lang='lat' dir='ltr'><strong>annuntias,</strong></span> <span class='ocrx_word' id='word_1_426' title='bbox 1698 3747 1788 3817; x_wconf 89' lang='lat' dir='ltr'><strong>qui</strong></span> <span class='ocrx_word' id='word_1_427' title='bbox 1840 3748 2010 3817; x_wconf 88' lang='lat' dir='ltr'><strong>possit</strong></span> <span class='ocrx_word' id='word_1_428' title='bbox 2066 3763 2187 3803; x_wconf 90' lang='lat' dir='ltr'><strong>esse</strong></span> 
     </span>
    </p>
   </div>
   <div class='ocr_carea' id='block_1_70' title="bbox 605 3836 2186 3908">
    <p class='ocr_par' dir='ltr' id='par_1_70' title="bbox 605 3836 2186 3908">
     <span class='ocr_line' id='line_1_70' title="bbox 605 3836 2186 3908; baseline -0.001 -15"><span class='ocrx_word' id='word_1_429' title='bbox 605 3837 856 3893; x_wconf 82' lang='lat' dir='ltr'><strong>Christus</strong></span> <span class='ocrx_word' id='word_1_430' title='bbox 889 3854 952 3892; x_wconf 86' lang='lat' dir='ltr'><strong>ex</strong></span> <span class='ocrx_word' id='word_1_431' title='bbox 971 3837 1261 3902; x_wconf 84' lang='lat' dir='ltr'><strong>Nazareth,</strong></span> <span class='ocrx_word' id='word_1_432' title='bbox 1288 3855 1409 3895; x_wconf 85' lang='lat' dir='ltr'><strong>cum</strong></span> <span class='ocrx_word' id='word_1_433' title='bbox 1446 3838 1722 3908; x_wconf 87' lang='lat' dir='ltr'><strong>Scriptura</strong></span> <span class='ocrx_word' id='word_1_434' title='bbox 1758 3838 1907 3892; x_wconf 90' lang='lat' dir='ltr'><strong>illum</strong></span> <span class='ocrx_word' id='word_1_435' title='bbox 1930 3854 1992 3892; x_wconf 79' lang='lat' dir='ltr'><strong>ex</strong></span> <span class='ocrx_word' id='word_1_436' title='bbox 2024 3836 2186 3892; x_wconf 85' lang='lat' dir='ltr'><strong>Beth-</strong></span> 
     </span>
    </p>
   </div>
   <div class='ocr_carea' id='block_1_71' title="bbox 607 3927 2187 4000">
    <p class='ocr_par' dir='ltr' id='par_1_71' title="bbox 607 3927 2187 4000">
     <span class='ocr_line' id='line_1_71' title="bbox 607 3927 2187 4000; baseline 0 -17"><span class='ocrx_word' id='word_1_437' title='bbox 607 3930 743 3984; x_wconf 78' lang='lat' dir='ltr'><strong>leem</strong></span> <span class='ocrx_word' id='word_1_438' title='bbox 785 3931 1124 4000; x_wconf 90' lang='lat' dir='ltr'><strong>proditurum</strong></span> <span class='ocrx_word' id='word_1_439' title='bbox 1162 3933 1342 3987; x_wconf 88' lang='lat' dir='ltr'><strong>dicat?</strong></span> <span class='ocrx_word' id='word_1_440' title='bbox 1388 3931 1776 3986; x_wconf 86' lang='lat' dir='ltr'><strong>Verumtamen</strong></span> <span class='ocrx_word' id='word_1_441' title='bbox 1824 3932 1875 3983; x_wconf 92' lang='lat' dir='ltr'><strong>in</strong></span> <span class='ocrx_word' id='word_1_442' title='bbox 1909 3927 2187 3983; x_wconf 81' lang='lat' dir='ltr'><strong>Bethleem</strong></span> 
     </span>
    </p>
   </div>
   <div class='ocr_carea' id='block_1_72' title="bbox 608 4021 2188 4092">
    <p class='ocr_par' dir='ltr' id='par_1_72' title="bbox 608 4021 2188 4092">
     <span class='ocr_line' id='line_1_72' title="bbox 608 4021 2188 4092; baseline 0.001 -17"><span class='ocrx_word' id='word_1_443' title='bbox 608 4022 825 4091; x_wconf 89' lang='lat' dir='ltr'><strong>quidem</strong></span> <span class='ocrx_word' id='word_1_444' title='bbox 863 4023 952 4078; x_wconf 91' lang='lat' dir='ltr'><strong>ille</strong></span> <span class='ocrx_word' id='word_1_445' title='bbox 983 4033 1139 4078; x_wconf 89' lang='lat' dir='ltr'><strong>natus</strong></span> <span class='ocrx_word' id='word_1_446' title='bbox 1166 4023 1286 4088; x_wconf 80' lang='lat' dir='ltr'><strong>fuit,</strong></span> <span class='ocrx_word' id='word_1_447' title='bbox 1318 4025 1409 4078; x_wconf 88' lang='lat' dir='ltr'><strong>sed</strong></span> <span class='ocrx_word' id='word_1_448' title='bbox 1441 4022 1791 4092; x_wconf 65' lang='lat' dir='ltr'><strong>etﬂNazarcth</strong></span> <span class='ocrx_word' id='word_1_449' title='bbox 1821 4021 1936 4088; x_wconf 89' lang='lat' dir='ltr'><strong>ejus</strong></span> <span class='ocrx_word' id='word_1_450' title='bbox 1971 4036 2188 4090; x_wconf 84' lang='lat' dir='ltr'><strong>quoque</strong></span> 
     </span>
    </p>
   </div>
   <div class='ocr_carea' id='block_1_73' title="bbox 609 4110 2187 4183">
    <p class='ocr_par' dir='ltr' id='par_1_73' title="bbox 609 4110 2187 4183">
     <span class='ocr_line' id='line_1_73' title="bbox 609 4110 2187 4183; baseline 0.002 -20"><span class='ocrx_word' id='word_1_451' title='bbox 609 4111 785 4183; x_wconf 83' lang='lat' dir='ltr'><strong>patria</strong></span> <span class='ocrx_word' id='word_1_452' title='bbox 833 4116 1105 4176; x_wconf 86' lang='lat' dir='ltr'><strong>censetur,</strong></span> <span class='ocrx_word' id='word_1_453' title='bbox 1136 4114 1258 4181; x_wconf 86' lang='lat' dir='ltr'><strong>quia</strong></span> <span class='ocrx_word' id='word_1_454' title='bbox 1289 4113 1544 4167; x_wconf 87' lang='lat' dir='ltr'><strong>nimirum</strong></span> <span class='ocrx_word' id='word_1_455' title='bbox 1584 4113 1656 4167; x_wconf 89' lang='lat' dir='ltr'><strong>ibi</strong></span> <span class='ocrx_word' id='word_1_456' title='bbox 1681 4110 1857 4166; x_wconf 86' lang='lat' dir='ltr'><strong>fuerat</strong></span> <span class='ocrx_word' id='word_1_457' title='bbox 1901 4110 2187 4179; x_wconf 80' lang='lat' dir='ltr'><strong>educatus,</strong></span> 
     </span>
    </p>
   </div>
   <div class='ocr_carea' id='block_1_74' title="bbox 609 4202 1953 4273">
    <p class='ocr_par' dir='ltr' id='par_1_74' title="bbox 609 4202 1953 4273">
     <span class='ocr_line' id='line_1_74' title="bbox 609 4202 1953 4273; baseline 0.001 -17"><span class='ocrx_word' id='word_1_458' title='bbox 609 4211 664 4256; x_wconf 91' lang='lat' dir='ltr'><strong>et</strong></span> <span class='ocrx_word' id='word_1_459' title='bbox 691 4202 758 4255; x_wconf 90' lang='lat' dir='ltr'><strong>ad</strong></span> <span class='ocrx_word' id='word_1_460' title='bbox 797 4202 1089 4271; x_wconf 78' lang='lat' dir='ltr'><strong>perfectam</strong></span> <span class='ocrx_word' id='word_1_461' title='bbox 1116 4219 1288 4273; x_wconf 89' lang='lat' dir='ltr'><strong>usque</strong></span> <span class='ocrx_word' id='word_1_462' title='bbox 1317 4213 1531 4258; x_wconf 76' lang='lat' dir='ltr'><strong>:etatem</strong></span> <span class='ocrx_word' id='word_1_463' title='bbox 1565 4213 1953 4260; x_wconf 89' lang='lat' dir='ltr'><strong>commoratus.</strong></span> 
     </span>
    </p>
   </div>
   <div class='ocr_carea' id='block_1_75' title="bbox 679 4293 2188 4351">
    <p class='ocr_par' dir='ltr' id='par_1_75' title="bbox 679 4293 2188 4351">
     <span class='ocr_line' id='line_1_75' title="bbox 679 4293 2188 4351; baseline 0.004 -6"><span class='ocrx_word' id='word_1_464' title='bbox 679 4293 845 4347; x_wconf 68' lang='lat' dir='ltr'><strong>Vens.</strong></span> <span class='ocrx_word' id='word_1_465' title='bbox 874 4293 961 4348; x_wconf 73' lang='grc'><strong>47.</strong></span> <span class='ocrx_word' id='word_1_466' title='bbox 1009 4314 1027 4346; x_wconf 74' lang='lat' dir='ltr'><strong>c</strong></span> <span class='ocrx_word' id='word_1_467' title='bbox 1061 4294 1209 4349; x_wconf 87' lang='lat' dir='ltr'><strong>Vidit</strong></span> <span class='ocrx_word' id='word_1_468' title='bbox 1240 4294 1398 4351; x_wconf 85' lang='lat' dir='ltr'><strong>Jesus</strong></span> <span class='ocrx_word' id='word_1_469' title='bbox 1430 4294 1736 4349; x_wconf 85' lang='lat' dir='ltr'><strong>Nathanael</strong></span> <span class='ocrx_word' id='word_1_470' title='bbox 1781 4297 2087 4351; x_wconf 87' lang='lat' dir='ltr'><strong>venientem</strong></span> <span class='ocrx_word' id='word_1_471' title='bbox 2121 4296 2188 4351; x_wconf 89' lang='lat' dir='ltr'><strong>ad</strong></span> 
     </span>
    </p>
   </div>
   <div class='ocr_carea' id='block_1_76' title="bbox 612 4384 2187 4457">
    <p class='ocr_par' dir='ltr' id='par_1_76' title="bbox 612 4384 2187 4457">
     <span class='ocr_line' id='line_1_76' title="bbox 612 4384 2187 4457; baseline 0.004 -20"><span class='ocrx_word' id='word_1_472' title='bbox 612 4398 693 4447; x_wconf 85' lang='lat' dir='ltr'><strong>se,</strong></span> <span class='ocrx_word' id='word_1_473' title='bbox 721 4394 777 4437; x_wconf 90' lang='lat' dir='ltr'><strong>et</strong></span> <span class='ocrx_word' id='word_1_474' title='bbox 800 4384 938 4438; x_wconf 80' lang='lat' dir='ltr'><strong>dixit</strong></span> <span class='ocrx_word' id='word_1_475' title='bbox 970 4386 1035 4441; x_wconf 91' lang='lat' dir='ltr'><strong>de</strong></span> <span class='ocrx_word' id='word_1_476' title='bbox 1064 4401 1128 4441; x_wconf 91' lang='lat' dir='ltr'><strong>eo</strong></span> <span class='ocrx_word' id='word_1_477' title='bbox 1173 4404 1186 4442; x_wconf 91' lang='lat'><strong>:</strong></span> <span class='ocrx_word' id='word_1_478' title='bbox 1236 4386 1380 4442; x_wconf 89' lang='lat' dir='ltr'><strong>Ecce</strong></span> <span class='ocrx_word' id='word_1_479' title='bbox 1410 4402 1537 4442; x_wconf 81' lang='lat' dir='ltr'><strong>vere</strong></span> <span class='ocrx_word' id='word_1_480' title='bbox 1586 4386 1849 4455; x_wconf 88' lang='lat' dir='ltr'><strong>Israelita,</strong></span> <span class='ocrx_word' id='word_1_481' title='bbox 1882 4389 1937 4443; x_wconf 92' lang='lat' dir='ltr'><strong>in</strong></span> <span class='ocrx_word' id='word_1_482' title='bbox 1961 4403 2066 4457; x_wconf 91' lang='lat' dir='ltr'><strong>quo</strong></span> <span class='ocrx_word' id='word_1_483' title='bbox 2095 4390 2187 4443; x_wconf 90' lang='lat' dir='ltr'><strong>do-</strong></span> 
     </span>
    </p>
   </div>
   <div class='ocr_carea' id='block_1_77' title="bbox 614 4473 982 4529">
    <p class='ocr_par' dir='ltr' id='par_1_77' title="bbox 614 4473 982 4529">
     <span class='ocr_line' id='line_1_77' title="bbox 614 4473 982 4529; baseline -0.003 -1"><span class='ocrx_word' id='word_1_484' title='bbox 614 4473 699 4528; x_wconf 88' lang='lat' dir='ltr'><strong>lus</strong></span> <span class='ocrx_word' id='word_1_485' title='bbox 724 4490 829 4528; x_wconf 86' lang='lat' dir='ltr'><strong>uon</strong></span> <span class='ocrx_word' id='word_1_486' title='bbox 847 4485 948 4529; x_wconf 90' lang='lat' dir='ltr'><strong>est.</strong></span> <span class='ocrx_word' id='word_1_487' title='bbox 963 4495 982 4527; x_wconf 66' lang='grc' dir='ltr'><strong>ο</strong></span> 
     </span>
    </p>
   </div>
   <div class='ocr_carea' id='block_1_78' title="bbox 686 4565 2181 4643">
    <p class='ocr_par' dir='ltr' id='par_1_78' title="bbox 686 4565 2181 4643">
     <span class='ocr_line' id='line_1_78' title="bbox 686 4565 2181 4643; baseline 0.005 -23"><span class='ocrx_word' id='word_1_488' title='bbox 686 4565 871 4635; x_wconf 75' lang='lat' dir='ltr'><strong>Magna</strong></span> <span class='ocrx_word' id='word_1_489' title='bbox 900 4566 1142 4637; x_wconf 80' lang='lat' dir='ltr'><strong>profecto</strong></span> <span class='ocrx_word' id='word_1_490' title='bbox 1170 4569 1311 4636; x_wconf 86' lang='lat' dir='ltr'><strong>laus,</strong></span> <span class='ocrx_word' id='word_1_491' title='bbox 1348 4585 1651 4642; x_wconf 81' lang='lat' dir='ltr'><strong>magnaque</strong></span> <span class='ocrx_word' id='word_1_492' title='bbox 1704 4572 1869 4643; x_wconf 80' lang='lat' dir='ltr'><strong>gloria</strong></span> <span class='ocrx_word' id='word_1_493' title='bbox 1927 4580 2036 4638; x_wconf 89' lang='lat' dir='ltr'><strong>est,</strong></span> <span class='ocrx_word' id='word_1_494' title='bbox 2113 4574 2181 4628; x_wconf 89' lang='lat' dir='ltr'><strong>ab</strong></span> 
     </span>
    </p>
   </div>
   <div class='ocr_carea' id='block_1_79' title="bbox 618 4655 2185 4734">
    <p class='ocr_par' dir='ltr' id='par_1_79' title="bbox 618 4655 2185 4734">
     <span class='ocr_line' id='line_1_79' title="bbox 618 4655 2185 4734; baseline 0.006 -25"><span class='ocrx_word' id='word_1_495' title='bbox 618 4655 845 4727; x_wconf 82' lang='lat' dir='ltr'><strong>ipsamet</strong></span> <span class='ocrx_word' id='word_1_496' title='bbox 874 4657 1129 4727; x_wconf 77' lang='lat' dir='ltr'><strong>Veritate,</strong></span> <span class='ocrx_word' id='word_1_497' title='bbox 1171 4677 1289 4731; x_wconf 72' lang='lat' dir='ltr'><strong>quas</strong></span> <span class='ocrx_word' id='word_1_498' title='bbox 1322 4661 1573 4718; x_wconf 88' lang='lat' dir='ltr'><strong>Christus</strong></span> <span class='ocrx_word' id='word_1_499' title='bbox 1603 4674 1705 4732; x_wconf 91' lang='lat' dir='ltr'><strong>est,</strong></span> <span class='ocrx_word' id='word_1_500' title='bbox 1732 4665 1850 4734; x_wconf 88' lang='lat' dir='ltr'><strong>puri</strong></span> <span class='ocrx_word' id='word_1_501' title='bbox 1881 4665 2062 4719; x_wconf 86' lang='lat' dir='ltr'><strong>cordis</strong></span> <span class='ocrx_word' id='word_1_502' title='bbox 2102 4673 2185 4719; x_wconf 89' lang='lat' dir='ltr'><strong>te-</strong></span> 
     </span>
    </p>
   </div>
   <div class='ocr_carea' id='block_1_80' title="bbox 616 4752 2199 4827">
    <p class='ocr_par' dir='ltr' id='par_1_80' title="bbox 616 4752 2199 4827">
     <span class='ocr_line' id='line_1_80' title="bbox 616 4752 2199 4827; baseline 0.006 -23"><span class='ocrx_word' id='word_1_503' title='bbox 616 4752 934 4806; x_wconf 85' lang='lat' dir='ltr'><strong>stimonium</strong></span> <span class='ocrx_word' id='word_1_504' title='bbox 963 4755 1245 4824; x_wconf 89' lang='lat' dir='ltr'><strong>accipere,</strong></span> <span class='ocrx_word' id='word_1_505' title='bbox 1297 4756 1441 4827; x_wconf 89' lang='lat' dir='ltr'><strong>quod</strong></span> <span class='ocrx_word' id='word_1_506' title='bbox 1494 4757 1751 4812; x_wconf 90' lang='lat' dir='ltr'><strong>nimirum</strong></span> <span class='ocrx_word' id='word_1_507' title='bbox 1798 4757 1968 4814; x_wconf 90' lang='lat' dir='ltr'><strong>Deum</strong></span> <span class='ocrx_word' id='word_1_508' title='bbox 2021 4769 2199 4815; x_wconf 91' lang='lat' dir='ltr'><strong>mente</strong></span> 
     </span>
    </p>
   </div>
   <div class='ocr_carea' id='block_1_81' title="bbox 618 4844 2197 4918">
    <p class='ocr_par' dir='ltr' id='par_1_81' title="bbox 618 4844 2197 4918">
     <span class='ocr_line' id='line_1_81' title="bbox 618 4844 2197 4918; baseline 0.004 -20"><span class='ocrx_word' id='word_1_509' title='bbox 618 4844 1037 4915; x_wconf 88' lang='lat' dir='ltr'><strong>contempletur,</strong></span> <span class='ocrx_word' id='word_1_510' title='bbox 1068 4846 1336 4918; x_wconf 78' lang='lat' dir='ltr'><strong>iidemque</strong></span> <span class='ocrx_word' id='word_1_511' title='bbox 1364 4850 1659 4905; x_wconf 86' lang='lat' dir='ltr'><strong>salutarem</strong></span> <span class='ocrx_word' id='word_1_512' title='bbox 1689 4860 2052 4917; x_wconf 88' lang='lat' dir='ltr'><strong>consectetur,</strong></span> <span class='ocrx_word' id='word_1_513' title='bbox 2078 4852 2197 4905; x_wconf 90' lang='lat' dir='ltr'><strong>sine</strong></span> 
     </span>
    </p>
   </div>
   <div class='ocr_carea' id='block_1_82' title="bbox 619 4934 2199 5009">
    <p class='ocr_par' dir='ltr' id='par_1_82' title="bbox 619 4934 2199 5009">
     <span class='ocr_line' id='line_1_82' title="bbox 619 4934 2199 5009; baseline 0.004 -18"><span class='ocrx_word' id='word_1_514' title='bbox 619 4934 745 4991; x_wconf 88' lang='lat' dir='ltr'><strong>dolo</strong></span> <span class='ocrx_word' id='word_1_515' title='bbox 767 4937 832 4990; x_wconf 89' lang='lat' dir='ltr'><strong>ad</strong></span> <span class='ocrx_word' id='word_1_516' title='bbox 852 4935 1128 4993; x_wconf 90' lang='lat' dir='ltr'><strong>Christum</strong></span> <span class='ocrx_word' id='word_1_517' title='bbox 1154 4955 1472 5009; x_wconf 75' lang='lat' dir='ltr'><strong>occurrens,</strong></span> <span class='ocrx_word' id='word_1_518' title='bbox 1512 4958 1620 4998; x_wconf 90' lang='lat' dir='ltr'><strong>non</strong></span> <span class='ocrx_word' id='word_1_519' title='bbox 1665 4944 1770 4998; x_wconf 88' lang='lat' dir='ltr'><strong>ritu</strong></span> <span class='ocrx_word' id='word_1_520' title='bbox 1794 4943 2044 5009; x_wconf 83' lang='lat' dir='ltr'><strong>Judaico,</strong></span> <span class='ocrx_word' id='word_1_521' title='bbox 2092 4942 2199 4998; x_wconf 85' lang='lat' dir='ltr'><strong>vel-</strong></span> 
     </span>
    </p>
   </div>
   <div class='ocr_carea' id='block_1_83' title="bbox 621 5025 2201 5106">
    <p class='ocr_par' dir='ltr' id='par_1_83' title="bbox 621 5025 2201 5106">
     <span class='ocr_line' id='line_1_83' title="bbox 621 5025 2201 5106; baseline 0.006 -27"><span class='ocrx_word' id='word_1_522' title='bbox 621 5035 682 5079; x_wconf 93' lang='lat' dir='ltr'><strong>ut</strong></span> <span class='ocrx_word' id='word_1_523' title='bbox 751 5025 1009 5095; x_wconf 88' lang='lat' dir='ltr'><strong>llerodes,</strong></span> <span class='ocrx_word' id='word_1_524' title='bbox 1055 5030 1283 5088; x_wconf 88' lang='lat' dir='ltr'><strong>insidias</strong></span> <span class='ocrx_word' id='word_1_525' title='bbox 1346 5047 1643 5106; x_wconf 87' lang='lat' dir='ltr'><strong>necemque</strong></span> <span class='ocrx_word' id='word_1_526' title='bbox 1720 5034 1937 5091; x_wconf 89' lang='lat' dir='ltr'><strong>Christo</strong></span> <span class='ocrx_word' id='word_1_527' title='bbox 1994 5034 2201 5090; x_wconf 87' lang='lat' dir='ltr'><strong>machi-</strong></span> 
     </span>
    </p>
   </div>
   <div class='ocr_carea' id='block_1_84' title="bbox 624 5119 822 5174">
    <p class='ocr_par' dir='ltr' id='par_1_84' title="bbox 624 5119 822 5174">
     <span class='ocr_line' id='line_1_84' title="bbox 624 5119 822 5174; baseline 0.01 -2"><span class='ocrx_word' id='word_1_528' title='bbox 624 5119 822 5174; x_wconf 87' lang='lat' dir='ltr'><strong>nando.</strong></span> 
     </span>
    </p>
   </div>
   <div class='ocr_carea' id='block_1_85' title="bbox 707 5210 2194 5283">
    <p class='ocr_par' dir='ltr' id='par_1_85' title="bbox 707 5210 2194 5283">
     <span class='ocr_line' id='line_1_85' title="bbox 707 5210 2194 5283; baseline 0.007 -20"><span class='ocrx_word' id='word_1_529' title='bbox 707 5210 868 5264; x_wconf 79' lang='lat' dir='ltr'><strong>Vens.</strong></span> <span class='ocrx_word' id='word_1_530' title='bbox 925 5212 1013 5267; x_wconf 64' lang='lat'><strong>49.</strong></span> <span class='ocrx_word' id='word_1_531' title='bbox 1052 5230 1070 5263; x_wconf 75' lang='grc' dir='ltr'><strong>ι</strong></span> <span class='ocrx_word' id='word_1_532' title='bbox 1115 5212 1417 5283; x_wconf 72' lang='grc' dir='ltr'>Βοεροηάἰι</span> <span class='ocrx_word' id='word_1_533' title='bbox 1477 5217 1524 5272; x_wconf 88' lang='lat' dir='ltr'><strong>ei</strong></span> <span class='ocrx_word' id='word_1_534' title='bbox 1586 5214 1912 5281; x_wconf 86' lang='lat' dir='ltr'><strong>Nathanael,</strong></span> <span class='ocrx_word' id='word_1_535' title='bbox 1970 5227 2025 5273; x_wconf 92' lang='lat' dir='ltr'><strong>et</strong></span> <span class='ocrx_word' id='word_1_536' title='bbox 2076 5216 2194 5274; x_wconf 88' lang='lat' dir='ltr'><strong>ait:</strong></span> 
     </span>
    </p>
   </div>
   <div class='ocr_carea' id='block_1_86' title="bbox 627 5301 1912 5373">
    <p class='ocr_par' dir='ltr' id='par_1_86' title="bbox 627 5301 1912 5373">
     <span class='ocr_line' id='line_1_86' title="bbox 627 5301 1912 5373; baseline 0.003 -16"><span class='ocrx_word' id='word_1_537' title='bbox 627 5301 823 5367; x_wconf 76' lang='lat' dir='ltr'><strong>Babbi,</strong></span> <span class='ocrx_word' id='word_1_538' title='bbox 854 5311 909 5356; x_wconf 94' lang='lat' dir='ltr'><strong>tu</strong></span> <span class='ocrx_word' id='word_1_539' title='bbox 938 5318 997 5357; x_wconf 87' lang='lat' dir='ltr'><strong>es</strong></span> <span class='ocrx_word' id='word_1_540' title='bbox 1022 5303 1189 5359; x_wconf 82' lang='lat' dir='ltr'><strong>Filius</strong></span> <span class='ocrx_word' id='word_1_541' title='bbox 1224 5306 1338 5373; x_wconf 85' lang='lat' dir='ltr'><strong>Dei,</strong></span> <span class='ocrx_word' id='word_1_542' title='bbox 1369 5318 1425 5360; x_wconf 91' lang='lat' dir='ltr'><strong>tu</strong></span> <span class='ocrx_word' id='word_1_543' title='bbox 1449 5323 1509 5362; x_wconf 92' lang='lat' dir='ltr'><strong>es</strong></span> <span class='ocrx_word' id='word_1_544' title='bbox 1544 5308 1657 5363; x_wconf 79' lang='lat' dir='ltr'><strong>Rex</strong></span> <span class='ocrx_word' id='word_1_545' title='bbox 1695 5307 1912 5362; x_wconf 62' lang='lat' dir='ltr'><strong>Israel.»</strong></span> 
     </span>
    </p>
   </div>
   <div class='ocr_carea' id='block_1_87' title="bbox 684 5393 2199 5466">
    <p class='ocr_par' dir='ltr' id='par_1_87' title="bbox 684 5393 2199 5466">
     <span class='ocr_line' id='line_1_87' title="bbox 684 5393 2199 5466; baseline 0.005 -20"><span class='ocrx_word' id='word_1_546' title='bbox 684 5393 855 5449; x_wconf 89' lang='lat' dir='ltr'><strong>Totus</strong></span> <span class='ocrx_word' id='word_1_547' title='bbox 884 5407 1163 5464; x_wconf 88' lang='lat' dir='ltr'><strong>promptus</strong></span> <span class='ocrx_word' id='word_1_548' title='bbox 1198 5405 1315 5452; x_wconf 88' lang='lat' dir='ltr'><strong>erat</strong></span> <span class='ocrx_word' id='word_1_549' title='bbox 1346 5397 1669 5466; x_wconf 89' lang='lat' dir='ltr'><strong>Nathanael,</strong></span> <span class='ocrx_word' id='word_1_550' title='bbox 1701 5402 1836 5454; x_wconf 91' lang='lat' dir='ltr'><strong>adeo</strong></span> <span class='ocrx_word' id='word_1_551' title='bbox 1857 5399 2016 5454; x_wconf 89' lang='lat' dir='ltr'><strong>utvel</strong></span> <span class='ocrx_word' id='word_1_552' title='bbox 2039 5399 2199 5454; x_wconf 91' lang='lat' dir='ltr'><strong>unico</strong></span> 
     </span>
    </p>
   </div>
   <div class='ocr_carea' id='block_1_88' title="bbox 626 5486 2197 5561">
    <p class='ocr_par' dir='ltr' id='par_1_88' title="bbox 626 5486 2197 5561">
     <span class='ocr_line' id='line_1_88' title="bbox 626 5486 2197 5561; baseline 0.004 -24"><span class='ocrx_word' id='word_1_553' title='bbox 626 5486 893 5539; x_wconf 88' lang='lat' dir='ltr'><strong>duntaxat</strong></span> <span class='ocrx_word' id='word_1_554' title='bbox 927 5486 1153 5542; x_wconf 86' lang='lat' dir='ltr'><strong>verbulo</strong></span> <span class='ocrx_word' id='word_1_555' title='bbox 1198 5504 1512 5558; x_wconf 87' lang='lat' dir='ltr'><strong>persuasus,</strong></span> <span class='ocrx_word' id='word_1_556' title='bbox 1561 5491 1735 5560; x_wconf 90' lang='lat' dir='ltr'><strong>ipsum</strong></span> <span class='ocrx_word' id='word_1_557' title='bbox 1768 5491 2041 5561; x_wconf 82' lang='lat' dir='ltr'><strong>extemplo</strong></span> <span class='ocrx_word' id='word_1_558' title='bbox 2066 5505 2197 5545; x_wconf 86' lang='lat' dir='ltr'><strong>cou-</strong></span> 
     </span>
    </p>
   </div>
   <div class='ocr_carea' id='block_1_89' title="bbox 545 5576 2195 5651">
    <p class='ocr_par' dir='ltr' id='par_1_89' title="bbox 545 5576 2195 5651">
     <span class='ocr_line' id='line_1_89' title="bbox 545 5576 2195 5651; baseline 0.005 -21"><span class='ocrx_word' id='word_1_559' title='bbox 545 5619 550 5622; x_wconf 93' lang='lat'><strong>.</strong></span> <span class='ocrx_word' id='word_1_560' title='bbox 627 5576 874 5632; x_wconf 80' lang='lat' dir='ltr'><strong>literetur</strong></span> <span class='ocrx_word' id='word_1_561' title='bbox 897 5591 1017 5632; x_wconf 90' lang='lat' dir='ltr'><strong>esse</strong></span> <span class='ocrx_word' id='word_1_562' title='bbox 1048 5579 1342 5648; x_wconf 87' lang='lat' dir='ltr'><strong>Christum,</strong></span> <span class='ocrx_word' id='word_1_563' title='bbox 1374 5582 1466 5651; x_wconf 92' lang='lat' dir='ltr'><strong>qui</strong></span> <span class='ocrx_word' id='word_1_564' title='bbox 1512 5598 1638 5639; x_wconf 90' lang='lat' dir='ltr'><strong>vere</strong></span> <span class='ocrx_word' id='word_1_565' title='bbox 1669 5593 1860 5639; x_wconf 88' lang='lat' dir='ltr'><strong>natura</strong></span> <span class='ocrx_word' id='word_1_566' title='bbox 1902 5583 1973 5639; x_wconf 90' lang='lat' dir='ltr'><strong>sit</strong></span> <span class='ocrx_word' id='word_1_567' title='bbox 2028 5581 2195 5639; x_wconf 87' lang='lat' dir='ltr'><strong>Filius</strong></span> 
     </span>
    </p>
   </div>
   <div class='ocr_carea' id='block_1_90' title="bbox 633 5667 2192 5745">
    <p class='ocr_par' dir='ltr' id='par_1_90' title="bbox 633 5667 2192 5745">
     <span class='ocr_line' id='line_1_90' title="bbox 633 5667 2192 5745; baseline 0.003 -22"><span class='ocrx_word' id='word_1_568' title='bbox 633 5667 753 5733; x_wconf 89' lang='lat' dir='ltr'><strong>Dei,</strong></span> <span class='ocrx_word' id='word_1_569' title='bbox 778 5683 842 5723; x_wconf 88' lang='lat' dir='ltr'><strong>ac</strong></span> <span class='ocrx_word' id='word_1_570' title='bbox 875 5667 1110 5723; x_wconf 81' lang='lat' dir='ltr'><strong>ﬁdelium</strong></span> <span class='ocrx_word' id='word_1_571' title='bbox 1148 5669 1284 5726; x_wconf 80' lang='lat' dir='ltr'><strong>Rex.</strong></span> <span class='ocrx_word' id='word_1_572' title='bbox 1335 5672 1542 5744; x_wconf 89' lang='lat' dir='ltr'><strong>Quippe</strong></span> <span class='ocrx_word' id='word_1_573' title='bbox 1580 5683 1839 5745; x_wconf 89' lang='lat' dir='ltr'><strong>tanquam</strong></span> <span class='ocrx_word' id='word_1_574' title='bbox 1885 5674 2062 5731; x_wconf 88' lang='lat' dir='ltr'><strong>adlmc</strong></span> <span class='ocrx_word' id='word_1_575' title='bbox 2091 5676 2192 5730; x_wconf 88' lang='lat' dir='ltr'><strong>im-</strong></span> 
     </span>
    </p>
   </div>
   <div class='ocr_carea' id='block_1_91' title="bbox 701 5829 1231 5894">
    <p class='ocr_par' dir='ltr' id='par_1_91' title="bbox 701 5829 1231 5894">
     <span class='ocr_line' id='line_1_91' title="bbox 701 5829 1231 5894; baseline 0 -9"><span class='ocrx_word' id='word_1_576' title='bbox 701 5830 732 5871; x_wconf 67' lang='grc' dir='ltr'>ιι</span> <span class='ocrx_word' id='word_1_577' title='bbox 761 5829 853 5885; x_wconf 81' lang='lat' dir='ltr'><strong>Cr.</strong></span> <span class='ocrx_word' id='word_1_578' title='bbox 884 5830 1231 5894; x_wconf 74' lang='grc' dir='ltr'>ἐποιήσαντο.</span> 
     </span>
    </p>
   </div>
   <div class='ocr_carea' id='block_1_92' title="bbox 2282 3378 2623 3448">
    <p class='ocr_par' dir='ltr' id='par_1_92' title="bbox 2282 3378 2623 3448">
     <span class='ocr_line' id='line_1_92' title="bbox 2282 3378 2623 3448; baseline -0.006 -15"><span class='ocrx_word' id='word_1_579' title='bbox 2282 3381 2361 3441; x_wconf 76' lang='grc' dir='ltr'>εἰς</span> <span class='ocrx_word' id='word_1_580' title='bbox 2384 3378 2623 3448; x_wconf 75' lang='grc' dir='ltr'>ὁμιλίαν.</span> 
     </span>
    </p>
   </div>
   <div class='ocr_carea' id='block_1_93' title="bbox 2360 3459 3859 3539">
    <p class='ocr_par' dir='ltr' id='par_1_93' title="bbox 2360 3459 3859 3539">
     <span class='ocr_line' id='line_1_93' title="bbox 2360 3459 3859 3539; baseline -0.009 -15"><span class='ocrx_word' id='word_1_581' title='bbox 2360 3490 2379 3523; x_wconf 79' lang='grc' dir='ltr'><strong>ι</strong></span> <span class='ocrx_word' id='word_1_582' title='bbox 2408 3471 2517 3524; x_wconf 75' lang='lat' dir='ltr'><strong>Kal.</strong></span> <span class='ocrx_word' id='word_1_583' title='bbox 2536 3466 2689 3523; x_wconf 75' lang='grc' dir='ltr'>εἶπεν</span> <span class='ocrx_word' id='word_1_584' title='bbox 2716 3466 2865 3539; x_wconf 82' lang='grc' dir='ltr'>αὐτῷ</span> <span class='ocrx_word' id='word_1_585' title='bbox 2884 3465 3196 3537; x_wconf 81' lang='grc' dir='ltr'>Ναθαναήλ·</span> <span class='ocrx_word' id='word_1_586' title='bbox 3235 3467 3332 3520; x_wconf 81' lang='grc' dir='ltr'>Ἐκ</span> <span class='ocrx_word' id='word_1_587' title='bbox 3353 3465 3623 3537; x_wconf 80' lang='grc' dir='ltr'>Ναζαρὲτ</span> <span class='ocrx_word' id='word_1_588' title='bbox 3652 3459 3859 3517; x_wconf 76' lang='grc' dir='ltr'>δύναταί</span> 
     </span>
    </p>
   </div>
   <div class='ocr_carea' id='block_1_94' title="bbox 2281 3551 3857 3633">
    <p class='ocr_par' dir='ltr' id='par_1_94' title="bbox 2281 3551 3857 3633">
     <span class='ocr_line' id='line_1_94' title="bbox 2281 3551 3857 3633; baseline -0.009 -15"><span class='ocrx_word' id='word_1_589' title='bbox 2281 3582 2334 3617; x_wconf 87' lang='grc' dir='ltr'><strong>τι</strong></span> <span class='ocrx_word' id='word_1_590' title='bbox 2374 3561 2578 3633; x_wconf 81' lang='grc' dir='ltr'>ἀγαθὸν</span> <span class='ocrx_word' id='word_1_591' title='bbox 2605 3554 2777 3629; x_wconf 83' lang='grc' dir='ltr'>ἑῖναι;</span> <span class='ocrx_word' id='word_1_592' title='bbox 2808 3558 2973 3630; x_wconf 82' lang='grc' dir='ltr'>Λέγει</span> <span class='ocrx_word' id='word_1_593' title='bbox 3014 3558 3164 3630; x_wconf 85' lang='grc' dir='ltr'><strong>αὺτῷ</strong></span> <span class='ocrx_word' id='word_1_594' title='bbox 3190 3558 3464 3622; x_wconf 82' lang='grc' dir='ltr'>Φίλιππος</span> <span class='ocrx_word' id='word_1_595' title='bbox 3485 3574 3500 3588; x_wconf 86' lang='grc'><strong>·</strong></span> <span class='ocrx_word' id='word_1_596' title='bbox 3541 3556 3742 3627; x_wconf 85' lang='grc' dir='ltr'>Ἔρχου</span> <span class='ocrx_word' id='word_1_597' title='bbox 3775 3551 3857 3605; x_wconf 77' lang='grc' dir='ltr'><strong>καὶ</strong></span> 
     </span>
    </p>
   </div>
   <div class='ocr_carea' id='block_1_95' title="bbox 2286 3656 2438 3711">
    <p class='ocr_par' dir='ltr' id='par_1_95' title="bbox 2286 3656 2438 3711">
     <span class='ocr_line' id='line_1_95' title="bbox 2286 3656 2438 3711; baseline -0.02 -1"><span class='ocrx_word' id='word_1_598' title='bbox 2286 3656 2382 3711; x_wconf 84' lang='grc' dir='ltr'>ῐδε.</span> <span class='ocrx_word' id='word_1_599' title='bbox 2421 3673 2438 3707; x_wconf 75' lang='grc' dir='ltr'><strong>ι</strong></span> 
     </span>
    </p>
   </div>
   <div class='ocr_carea' id='block_1_96' title="bbox 2362 3734 3853 3821">
    <p class='ocr_par' dir='ltr' id='par_1_96' title="bbox 2362 3734 3853 3821">
     <span class='ocr_line' id='line_1_96' title="bbox 2362 3734 3853 3821; baseline -0.009 -20"><span class='ocrx_word' id='word_1_600' title='bbox 2362 3748 2459 3801; x_wconf 89' lang='grc' dir='ltr'>Ὃν</span> <span class='ocrx_word' id='word_1_601' title='bbox 2494 3745 2873 3821; x_wconf 30' lang='grc' dir='ltr'>εὐαγδγελίζεις</span> <span class='ocrx_word' id='word_1_602' title='bbox 2904 3763 3035 3818; x_wconf 87' lang='grc' dir='ltr'>μοι,</span> <span class='ocrx_word' id='word_1_603' title='bbox 3077 3744 3276 3817; x_wconf 69' lang='grc' dir='ltr'>φησιν,</span> <span class='ocrx_word' id='word_1_604' title='bbox 3311 3744 3432 3807; x_wconf 85' lang='grc' dir='ltr'><strong>πῶς</strong></span> <span class='ocrx_word' id='word_1_605' title='bbox 3463 3740 3694 3797; x_wconf 76' lang='grc' dir='ltr'>δυνατὸν</span> <span class='ocrx_word' id='word_1_606' title='bbox 3732 3734 3853 3790; x_wconf 83' lang='grc' dir='ltr'>εἶναι</span> 
     </span>
    </p>
   </div>
   <div class='ocr_carea' id='block_1_97' title="bbox 2284 3829 3856 3910">
    <p class='ocr_par' dir='ltr' id='par_1_97' title="bbox 2284 3829 3856 3910">
     <span class='ocr_line' id='line_1_97' title="bbox 2284 3829 3856 3910; baseline 0.004 -18"><span class='ocrx_word' id='word_1_607' title='bbox 2284 3838 2376 3892; x_wconf 71' lang='grc' dir='ltr'>τὸν</span> <span class='ocrx_word' id='word_1_608' title='bbox 2415 3838 2652 3909; x_wconf 85' lang='grc' dir='ltr'>Χριστὸν</span> <span class='ocrx_word' id='word_1_609' title='bbox 2681 3839 2747 3891; x_wconf 92' lang='grc' dir='ltr'><strong>ἐκ</strong></span> <span class='ocrx_word' id='word_1_610' title='bbox 2775 3837 3051 3910; x_wconf 77' lang='grc' dir='ltr'>Ναζαρὲτ,</span> <span class='ocrx_word' id='word_1_611' title='bbox 3083 3837 3144 3890; x_wconf 83' lang='grc' dir='ltr'>ὃν</span> <span class='ocrx_word' id='word_1_612' title='bbox 3173 3833 3326 3890; x_wconf 75' lang='grc' dir='ltr'>εἶπεν</span> <span class='ocrx_word' id='word_1_613' title='bbox 3355 3837 3389 3906; x_wconf 81' lang='grc' dir='ltr'><strong>ἡ</strong></span> <span class='ocrx_word' id='word_1_614' title='bbox 3422 3832 3625 3905; x_wconf 73' lang='grc' dir='ltr'>Γραφὴ</span> <span class='ocrx_word' id='word_1_615' title='bbox 3664 3833 3727 3883; x_wconf 70' lang='grc' dir='ltr'>ἐκ</span> <span class='ocrx_word' id='word_1_616' title='bbox 3764 3829 3856 3898; x_wconf 81' lang='grc' dir='ltr'><strong>Βη-</strong></span> 
     </span>
    </p>
   </div>
   <div class='ocr_carea' id='block_1_98' title="bbox 2289 3920 3849 4002">
    <p class='ocr_par' dir='ltr' id='par_1_98' title="bbox 2289 3920 3849 4002">
     <span class='ocr_line' id='line_1_98' title="bbox 2289 3920 3849 4002; baseline -0.001 -19"><span class='ocrx_word' id='word_1_617' title='bbox 2289 3930 2455 4002; x_wconf 83' lang='grc' dir='ltr'>θλεέμ</span> <span class='ocrx_word' id='word_1_618' title='bbox 2477 3930 2752 4001; x_wconf 78' lang='grc' dir='ltr'>ἐρχεσθαι;</span> <span class='ocrx_word' id='word_1_619' title='bbox 2771 3930 2909 3983; x_wconf 75' lang='grc' dir='ltr'>Ἀλλ’</span> <span class='ocrx_word' id='word_1_620' title='bbox 2937 3933 3143 3995; x_wconf 84' lang='grc' dir='ltr'>ἐκεῖνος</span> <span class='ocrx_word' id='word_1_621' title='bbox 3166 3929 3263 4000; x_wconf 84' lang='grc' dir='ltr'>μὲν</span> <span class='ocrx_word' id='word_1_622' title='bbox 3286 3930 3344 3982; x_wconf 84' lang='grc' dir='ltr'><strong>ἐν</strong></span> <span class='ocrx_word' id='word_1_623' title='bbox 3371 3927 3630 4001; x_wconf 86' lang='grc' dir='ltr'>Βηθλεέμ</span> <span class='ocrx_word' id='word_1_624' title='bbox 3649 3920 3849 3993; x_wconf 76' lang='grc' dir='ltr'>ἐτέχθη.</span> 
     </span>
    </p>
   </div>
   <div class='ocr_carea' id='block_1_99' title="bbox 2287 4018 3853 4095">
    <p class='ocr_par' dir='ltr' id='par_1_99' title="bbox 2287 4018 3853 4095">
     <span class='ocr_line' id='line_1_99' title="bbox 2287 4018 3853 4095; baseline -0.006 -18"><span class='ocrx_word' id='word_1_625' title='bbox 2287 4023 2386 4093; x_wconf 80' lang='grc' dir='ltr'>τὴν</span> <span class='ocrx_word' id='word_1_626' title='bbox 2430 4022 2486 4076; x_wconf 87' lang='grc' dir='ltr'><strong>δέ</strong></span> <span class='ocrx_word' id='word_1_627' title='bbox 2520 4022 2772 4093; x_wconf 80' lang='grc' dir='ltr'>Ναζαρὲτ</span> <span class='ocrx_word' id='word_1_628' title='bbox 2808 4023 3149 4095; x_wconf 82' lang='grc' dir='ltr'>ἐπεγράφετο</span> <span class='ocrx_word' id='word_1_629' title='bbox 3188 4021 3459 4092; x_wconf 87' lang='grc' dir='ltr'>πατρίδα,</span> <span class='ocrx_word' id='word_1_630' title='bbox 3487 4019 3566 4084; x_wconf 87' lang='grc' dir='ltr'>ὡς</span> <span class='ocrx_word' id='word_1_631' title='bbox 3597 4018 3712 4072; x_wconf 77' lang='grc' dir='ltr'>ἐκεῖ</span> <span class='ocrx_word' id='word_1_632' title='bbox 3735 4030 3853 4086; x_wconf 84' lang='grc' dir='ltr'>τρα-</span> 
     </span>
    </p>
   </div>
   <div class='ocr_carea' id='block_1_100' title="bbox 2291 4113 3520 4187">
    <p class='ocr_par' dir='ltr' id='par_1_100' title="bbox 2291 4113 3520 4187">
     <span class='ocr_line' id='line_1_100' title="bbox 2291 4113 3520 4187; baseline -0.002 -19"><span class='ocrx_word' id='word_1_633' title='bbox 2291 4115 2432 4185; x_wconf 70' lang='grc' dir='ltr'>φεὶς,</span> <span class='ocrx_word' id='word_1_634' title='bbox 2466 4116 2562 4168; x_wconf 69' lang='grc' dir='ltr'><strong>καὶ</strong></span> <span class='ocrx_word' id='word_1_635' title='bbox 2594 4115 2798 4184; x_wconf 83' lang='grc' dir='ltr'>διάγων</span> <span class='ocrx_word' id='word_1_636' title='bbox 2833 4116 2996 4187; x_wconf 85' lang='grc' dir='ltr'>μέχρι</span> <span class='ocrx_word' id='word_1_637' title='bbox 3025 4114 3239 4179; x_wconf 85' lang='grc' dir='ltr'>τελείας</span> <span class='ocrx_word' id='word_1_638' title='bbox 3273 4113 3520 4184; x_wconf 77' lang='grc' dir='ltr'>ἡλικίας.</span> 
     </span>
    </p>
   </div>
   <div class='ocr_carea' id='block_1_101' title="bbox 2365 4278 3854 4366">
    <p class='ocr_par' dir='ltr' id='par_1_101' title="bbox 2365 4278 3854 4366">
     <span class='ocr_line' id='line_1_101' title="bbox 2365 4278 3854 4366; baseline -0.008 -15"><span class='ocrx_word' id='word_1_639' title='bbox 2365 4317 2384 4351; x_wconf 73' lang='grc' dir='ltr'><strong>ι</strong></span> <span class='ocrx_word' id='word_1_640' title='bbox 2432 4292 2587 4351; x_wconf 81' lang='grc' dir='ltr'>Εῖδεν</span> <span class='ocrx_word' id='word_1_641' title='bbox 2630 4296 2659 4349; x_wconf 91' lang='lat'><strong>6</strong></span> <span class='ocrx_word' id='word_1_642' title='bbox 2708 4293 2919 4366; x_wconf 87' lang='grc' dir='ltr'>Ἰησοῦς</span> <span class='ocrx_word' id='word_1_643' title='bbox 2949 4293 3040 4348; x_wconf 79' lang='grc' dir='ltr'><strong>τὸν</strong></span> <span class='ocrx_word' id='word_1_644' title='bbox 3064 4290 3362 4363; x_wconf 80' lang='grc' dir='ltr'>Ναθαναὴλ</span> <span class='ocrx_word' id='word_1_645' title='bbox 3404 4289 3703 4363; x_wconf 84' lang='grc' dir='ltr'>ἐρχόμενον</span> <span class='ocrx_word' id='word_1_646' title='bbox 3733 4278 3854 4349; x_wconf 62' lang='grc' dir='ltr'>πρὸς</span> 
     </span>
    </p>
   </div>
   <div class='ocr_carea' id='block_1_102' title="bbox 2288 4366 3849 4453">
    <p class='ocr_par' dir='ltr' id='par_1_102' title="bbox 2288 4366 3849 4453">
     <span class='ocr_line' id='line_1_102' title="bbox 2288 4366 3849 4453; baseline -0.012 -14"><span class='ocrx_word' id='word_1_647' title='bbox 2288 4386 2471 4450; x_wconf 80' lang='grc' dir='ltr'>αὑτὸν,</span> <span class='ocrx_word' id='word_1_648' title='bbox 2505 4384 2601 4437; x_wconf 73' lang='grc' dir='ltr'><strong>καὶ</strong></span> <span class='ocrx_word' id='word_1_649' title='bbox 2641 4384 2788 4451; x_wconf 84' lang='grc' dir='ltr'>λέγει</span> <span class='ocrx_word' id='word_1_650' title='bbox 2820 4383 2950 4453; x_wconf 68' lang='grc' dir='ltr'>περὶ</span> <span class='ocrx_word' id='word_1_651' title='bbox 2980 4381 3167 4435; x_wconf 81' lang='grc' dir='ltr'>αὐτοῦ·</span> <span class='ocrx_word' id='word_1_652' title='bbox 3204 4380 3311 4433; x_wconf 81' lang='grc' dir='ltr'>Ἴδε</span> <span class='ocrx_word' id='word_1_653' title='bbox 3340 4379 3561 4451; x_wconf 86' lang='grc' dir='ltr'>ἀληθῶς</span> <span class='ocrx_word' id='word_1_654' title='bbox 3602 4366 3849 4444; x_wconf 80' lang='grc' dir='ltr'>Ἰσραηλίο</span> 
     </span>
    </p>
   </div>
   <div class='ocr_carea' id='block_1_103' title="bbox 2289 4470 3067 4549">
    <p class='ocr_par' dir='ltr' id='par_1_103' title="bbox 2289 4470 3067 4549">
     <span class='ocr_line' id='line_1_103' title="bbox 2289 4470 3067 4549; baseline -0.005 -19"><span class='ocrx_word' id='word_1_655' title='bbox 2289 4495 2406 4549; x_wconf 76' lang='grc' dir='ltr'>της,</span> <span class='ocrx_word' id='word_1_656' title='bbox 2432 4479 2489 4529; x_wconf 89' lang='grc' dir='ltr'><strong>ἐν</strong></span> <span class='ocrx_word' id='word_1_657' title='bbox 2510 4470 2553 4544; x_wconf 84' lang='grc' dir='ltr'>ᾧ</span> <span class='ocrx_word' id='word_1_658' title='bbox 2580 4476 2728 4539; x_wconf 85' lang='grc' dir='ltr'>δόλος</span> <span class='ocrx_word' id='word_1_659' title='bbox 2750 4477 2850 4528; x_wconf 76' lang='grc' dir='ltr'><strong>οὐκ</strong></span> <span class='ocrx_word' id='word_1_660' title='bbox 2877 4474 3013 4527; x_wconf 74' lang='grc' dir='ltr'>ἐστι.</span> <span class='ocrx_word' id='word_1_661' title='bbox 3049 4492 3067 4525; x_wconf 73' lang='grc' dir='ltr'><strong>ι</strong></span> 
     </span>
    </p>
   </div>
   <div class='ocr_carea' id='block_1_104' title="bbox 2361 4551 3848 4638">
    <p class='ocr_par' dir='ltr' id='par_1_104' title="bbox 2361 4551 3848 4638">
     <span class='ocr_line' id='line_1_104' title="bbox 2361 4551 3848 4638; baseline -0.013 -16"><span class='ocrx_word' id='word_1_662' title='bbox 2361 4566 2585 4638; x_wconf 86' lang='grc' dir='ltr'>Μεγάλη</span> <span class='ocrx_word' id='word_1_663' title='bbox 2620 4566 2745 4633; x_wconf 82' lang='grc' dir='ltr'>δόξα</span> <span class='ocrx_word' id='word_1_664' title='bbox 2773 4565 2869 4618; x_wconf 69' lang='grc' dir='ltr'><strong>καὶ</strong></span> <span class='ocrx_word' id='word_1_665' title='bbox 2901 4564 3181 4635; x_wconf 79' lang='grc' dir='ltr'>καύχημα,</span> <span class='ocrx_word' id='word_1_666' title='bbox 3209 4562 3269 4616; x_wconf 77' lang='grc' dir='ltr'>τὸ</span> <span class='ocrx_word' id='word_1_667' title='bbox 3295 4560 3354 4627; x_wconf 80' lang='grc' dir='ltr'>ἐξ</span> <span class='ocrx_word' id='word_1_668' title='bbox 3385 4561 3559 4630; x_wconf 80' lang='grc' dir='ltr'>αὐτῆς</span> <span class='ocrx_word' id='word_1_669' title='bbox 3579 4558 3675 4629; x_wconf 81' lang='grc' dir='ltr'>τῆς</span> <span class='ocrx_word' id='word_1_670' title='bbox 3711 4551 3848 4621; x_wconf 73' lang='grc' dir='ltr'>’Δληο</span> 
     </span>
    </p>
   </div>
   <div class='ocr_carea' id='block_1_105' title="bbox 2300 4644 3851 4727">
    <p class='ocr_par' dir='ltr' id='par_1_105' title="bbox 2300 4644 3851 4727">
     <span class='ocr_line' id='line_1_105' title="bbox 2300 4644 3851 4727; baseline -0.006 -15"><span class='ocrx_word' id='word_1_671' title='bbox 2300 4659 2486 4721; x_wconf 84' lang='grc' dir='ltr'>θείας,</span> <span class='ocrx_word' id='word_1_672' title='bbox 2533 4659 2562 4711; x_wconf 83' lang='grc' dir='ltr'><strong>ὃ</strong></span> <span class='ocrx_word' id='word_1_673' title='bbox 2603 4658 2720 4710; x_wconf 81' lang='grc' dir='ltr'>ἐστι</span> <span class='ocrx_word' id='word_1_674' title='bbox 2758 4656 3030 4727; x_wconf 74' lang='grc' dir='ltr'>Χριστὸς,</span> <span class='ocrx_word' id='word_1_675' title='bbox 3068 4653 3379 4727; x_wconf 87' lang='grc' dir='ltr'>μαρτυρίαν</span> <span class='ocrx_word' id='word_1_676' title='bbox 3422 4653 3569 4723; x_wconf 75' lang='grc' dir='ltr'>ἔχειν</span> <span class='ocrx_word' id='word_1_677' title='bbox 3628 4644 3851 4713; x_wconf 76' lang='grc' dir='ltr'>καθαρᾶς</span> 
     </span>
    </p>
   </div>
   <div class='ocr_carea' id='block_1_106' title="bbox 2299 4732 3846 4823">
    <p class='ocr_par' dir='ltr' id='par_1_106' title="bbox 2299 4732 3846 4823">
     <span class='ocr_line' id='line_1_106' title="bbox 2299 4732 3846 4823; baseline -0.008 -17"><span class='ocrx_word' id='word_1_678' title='bbox 2299 4750 2549 4823; x_wconf 86' lang='grc' dir='ltr'>καρδίας,</span> <span class='ocrx_word' id='word_1_679' title='bbox 2581 4750 2704 4820; x_wconf 77' lang='grc' dir='ltr'>ἥτις</span> <span class='ocrx_word' id='word_1_680' title='bbox 2738 4749 2842 4819; x_wconf 85' lang='grc' dir='ltr'><strong>ὁρᾷ</strong></span> <span class='ocrx_word' id='word_1_681' title='bbox 2876 4748 3008 4801; x_wconf 72' lang='grc' dir='ltr'>Θεὸν</span> <span class='ocrx_word' id='word_1_682' title='bbox 3034 4747 3110 4818; x_wconf 86' lang='grc' dir='ltr'>τῷ</span> <span class='ocrx_word' id='word_1_683' title='bbox 3134 4746 3238 4816; x_wconf 83' lang='grc' dir='ltr'>νῷ,</span> <span class='ocrx_word' id='word_1_684' title='bbox 3272 4745 3365 4798; x_wconf 72' lang='grc' dir='ltr'>καὶ</span> <span class='ocrx_word' id='word_1_685' title='bbox 3392 4742 3705 4815; x_wconf 83' lang='grc' dir='ltr'>ποδηγείται</span> <span class='ocrx_word' id='word_1_686' title='bbox 3732 4732 3846 4804; x_wconf 83' lang='grc' dir='ltr'>πρὸς</span> 
     </span>
    </p>
   </div>
   <div class='ocr_carea' id='block_1_107' title="bbox 2297 4825 3845 4915">
    <p class='ocr_par' dir='ltr' id='par_1_107' title="bbox 2297 4825 3845 4915">
     <span class='ocr_line' id='line_1_107' title="bbox 2297 4825 3845 4915; baseline -0.014 -18"><span class='ocrx_word' id='word_1_687' title='bbox 2297 4843 2396 4915; x_wconf 81' lang='grc' dir='ltr'>τὴν</span> <span class='ocrx_word' id='word_1_688' title='bbox 2423 4842 2692 4913; x_wconf 87' lang='grc' dir='ltr'>σωτήριον</span> <span class='ocrx_word' id='word_1_689' title='bbox 2716 4840 2920 4902; x_wconf 88' lang='grc' dir='ltr'>πίστιν,</span> <span class='ocrx_word' id='word_1_690' title='bbox 2940 4840 3141 4902; x_wconf 82' lang='grc' dir='ltr'>ἀδόλως</span> <span class='ocrx_word' id='word_1_691' title='bbox 3166 4837 3521 4909; x_wconf 78' lang='grc' dir='ltr'>προστρέχων</span> <span class='ocrx_word' id='word_1_692' title='bbox 3542 4832 3617 4902; x_wconf 82' lang='grc' dir='ltr'><strong>τῷ</strong></span> <span class='ocrx_word' id='word_1_693' title='bbox 3633 4825 3845 4899; x_wconf 79' lang='grc' dir='ltr'>Χριστῷ.</span> 
     </span>
    </p>
   </div>
   <div class='ocr_carea' id='block_1_108' title="bbox 2298 4913 3845 5008">
    <p class='ocr_par' dir='ltr' id='par_1_108' title="bbox 2298 4913 3845 5008">
     <span class='ocr_line' id='line_1_108' title="bbox 2298 4913 3845 5008; baseline 0.006 -18"><span class='ocrx_word' id='word_1_694' title='bbox 2298 4913 2418 5008; x_wconf 55' lang='grc' dir='ltr'>ουχὶ</span> <span class='ocrx_word' id='word_1_695' title='bbox 2463 4934 2788 4997; x_wconf 82' lang='grc' dir='ltr'>Ἰουδαϊκῶς,</span> <span class='ocrx_word' id='word_1_696' title='bbox 2821 4933 2854 5003; x_wconf 82' lang='grc' dir='ltr'>ἦ</span> <span class='ocrx_word' id='word_1_697' title='bbox 2884 4933 2958 4995; x_wconf 84' lang='grc' dir='ltr'>ὡς</span> <span class='ocrx_word' id='word_1_698' title='bbox 2996 4932 3263 5003; x_wconf 78' lang='grc' dir='ltr'>Ἡρώδης,</span> <span class='ocrx_word' id='word_1_699' title='bbox 3300 4932 3346 4983; x_wconf 71' lang='grc' dir='ltr'><strong>οἶ</strong></span> <span class='ocrx_word' id='word_1_700' title='bbox 3378 4924 3737 4997; x_wconf 64' lang='grc' dir='ltr'><strong>δεδολωμένθίθ</strong></span> <span class='ocrx_word' id='word_1_701' title='bbox 3768 4913 3845 4969; x_wconf 54' lang='grc' dir='ltr'><strong>καὶ</strong></span> 
     </span>
    </p>
   </div>
   <div class='ocr_carea' id='block_1_109' title="bbox 2299 5023 3140 5099">
    <p class='ocr_par' dir='ltr' id='par_1_109' title="bbox 2299 5023 3140 5099">
     <span class='ocr_line' id='line_1_109' title="bbox 2299 5023 3140 5099; baseline -0.01 -15"><span class='ocrx_word' id='word_1_702' title='bbox 2299 5028 2572 5099; x_wconf 82' lang='grc' dir='ltr'>φονῶντες</span> <span class='ocrx_word' id='word_1_703' title='bbox 2597 5026 2738 5081; x_wconf 85' lang='grc' dir='ltr'>κατὰ</span> <span class='ocrx_word' id='word_1_704' title='bbox 2764 5025 2859 5079; x_wconf 91' lang='grc' dir='ltr'><strong>τοῦ</strong></span> <span class='ocrx_word' id='word_1_705' title='bbox 2883 5025 2927 5078; x_wconf 91' lang='grc' dir='ltr'><strong>Χ</strong></span> <span class='ocrx_word' id='word_1_706' title='bbox 2937 5023 3140 5096; x_wconf 85' lang='grc' dir='ltr'>ριστοῦ.</span> 
     </span>
    </p>
   </div>
   <div class='ocr_carea' id='block_1_110' title="bbox 2375 5182 3840 5277">
    <p class='ocr_par' dir='ltr' id='par_1_110' title="bbox 2375 5182 3840 5277">
     <span class='ocr_line' id='line_1_110' title="bbox 2375 5182 3840 5277; baseline -0.009 -15"><span class='ocrx_word' id='word_1_707' title='bbox 2375 5226 2395 5262; x_wconf 84' lang='grc'>‹</span> <span class='ocrx_word' id='word_1_708' title='bbox 2447 5204 2742 5277; x_wconf 84' lang='grc' dir='ltr'>Ἀπεκρίθη</span> <span class='ocrx_word' id='word_1_709' title='bbox 2784 5202 3099 5275; x_wconf 82' lang='grc' dir='ltr'>Ναθαναὴλ,</span> <span class='ocrx_word' id='word_1_710' title='bbox 3135 5202 3233 5255; x_wconf 68' lang='grc' dir='ltr'><strong>καὶ</strong></span> <span class='ocrx_word' id='word_1_711' title='bbox 3260 5201 3408 5270; x_wconf 82' lang='grc' dir='ltr'>λέγει</span> <span class='ocrx_word' id='word_1_712' title='bbox 3436 5196 3613 5268; x_wconf 76' lang='grc' dir='ltr'>αὐτῷ’</span> <span class='ocrx_word' id='word_1_713' title='bbox 3653 5182 3840 5277; x_wconf 53' lang='grc' dir='ltr'><strong>Ῥᾳξδῖο</strong></span> 
     </span>
    </p>
   </div>
   <div class='ocr_carea' id='block_1_111' title="bbox 2304 5271 3836 5368">
    <p class='ocr_par' dir='ltr' id='par_1_111' title="bbox 2304 5271 3836 5368">
     <span class='ocr_line' id='line_1_111' title="bbox 2304 5271 3836 5368; baseline -0.008 -16"><span class='ocrx_word' id='word_1_714' title='bbox 2304 5298 2368 5352; x_wconf 76' lang='grc' dir='ltr'><strong>σὺ</strong></span> <span class='ocrx_word' id='word_1_715' title='bbox 2393 5291 2487 5350; x_wconf 78' lang='grc' dir='ltr'>εἷό</span> <span class='ocrx_word' id='word_1_716' title='bbox 2510 5271 2638 5357; x_wconf 74' lang='grc' dir='ltr'>Υἱὸς</span> <span class='ocrx_word' id='word_1_717' title='bbox 2664 5271 2758 5347; x_wconf 77' lang='grc' dir='ltr'><strong>τοῦ</strong></span> <span class='ocrx_word' id='word_1_718' title='bbox 2782 5290 2942 5357; x_wconf 84' lang='grc' dir='ltr'>Θεοῦ,</span> <span class='ocrx_word' id='word_1_719' title='bbox 2968 5271 3106 5344; x_wconf 27' lang='grc' dir='ltr'>σὺνεῐ</span> <span class='ocrx_word' id='word_1_720' title='bbox 3126 5292 3154 5343; x_wconf 90' lang='lat'><strong>6</strong></span> <span class='ocrx_word' id='word_1_721' title='bbox 3176 5288 3427 5360; x_wconf 72' lang='grc' dir='ltr'>βασιλεὺς</span> <span class='ocrx_word' id='word_1_722' title='bbox 3450 5284 3545 5339; x_wconf 82' lang='grc' dir='ltr'><strong>τοῦ</strong></span> <span class='ocrx_word' id='word_1_723' title='bbox 3585 5271 3796 5346; x_wconf 65' lang='grc' dir='ltr'>Ἰσραήλ·</span> <span class='ocrx_word' id='word_1_724' title='bbox 3814 5285 3836 5368; x_wconf 56' lang='grc' dir='ltr'><em>ξ</em></span> 
     </span>
    </p>
   </div>
   <div class='ocr_carea' id='block_1_112' title="bbox 2379 5372 3838 5457">
    <p class='ocr_par' dir='ltr' id='par_1_112' title="bbox 2379 5372 3838 5457">
     <span class='ocr_line' id='line_1_112' title="bbox 2379 5372 3838 5457; baseline -0.027 -2"><span class='ocrx_word' id='word_1_725' title='bbox 2379 5389 2540 5452; x_wconf 82' lang='grc' dir='ltr'>Ὅλος</span> <span class='ocrx_word' id='word_1_726' title='bbox 2571 5388 2787 5457; x_wconf 67' lang='grc' dir='ltr'>ἕτοιμος</span> <span class='ocrx_word' id='word_1_727' title='bbox 2827 5379 2895 5455; x_wconf 84' lang='grc' dir='ltr'>ἦν</span> <span class='ocrx_word' id='word_1_728' title='bbox 2926 5386 2955 5437; x_wconf 87' lang='grc' dir='ltr'><strong>ὁ</strong></span> <span class='ocrx_word' id='word_1_729' title='bbox 2983 5382 3278 5454; x_wconf 82' lang='grc' dir='ltr'>Ναθαναὴλ</span> <span class='ocrx_word' id='word_1_730' title='bbox 3299 5424 3313 5449; x_wconf 85' lang='grc'><strong>,</strong></span> <span class='ocrx_word' id='word_1_731' title='bbox 3355 5381 3435 5434; x_wconf 76' lang='grc' dir='ltr'>διὸ</span> <span class='ocrx_word' id='word_1_732' title='bbox 3470 5381 3534 5431; x_wconf 89' lang='grc' dir='ltr'><strong>ἐκ</strong></span> <span class='ocrx_word' id='word_1_733' title='bbox 3570 5372 3719 5444; x_wconf 86' lang='grc' dir='ltr'>μόνου</span> <span class='ocrx_word' id='word_1_734' title='bbox 3761 5376 3838 5457; x_wconf 49' lang='grc' dir='ltr'><strong>τόν</strong></span> 
     </span>
    </p>
   </div>
   <div class='ocr_carea' id='block_1_113' title="bbox 2301 5451 3838 5556">
    <p class='ocr_par' dir='ltr' id='par_1_113' title="bbox 2301 5451 3838 5556">
     <span class='ocr_line' id='line_1_113' title="bbox 2301 5451 3838 5556; baseline -0.021 -18"><span class='ocrx_word' id='word_1_735' title='bbox 2301 5482 2459 5556; x_wconf 75' lang='grc' dir='ltr'>ψιλοῦ</span> <span class='ocrx_word' id='word_1_736' title='bbox 2497 5451 2701 5535; x_wconf 38' lang='grc' dir='ltr'>τούτου-</span> <span class='ocrx_word' id='word_1_737' title='bbox 2740 5451 2987 5550; x_wconf 74' lang='grc' dir='ltr'>ῥήματος</span> <span class='ocrx_word' id='word_1_738' title='bbox 3024 5451 3289 5539; x_wconf 69' lang='grc' dir='ltr'>πεισθεὶς.</span> <span class='ocrx_word' id='word_1_739' title='bbox 3322 5472 3666 5556; x_wconf 83' lang='grc' dir='ltr'>ὡμολόγησεν</span> <span class='ocrx_word' id='word_1_740' title='bbox 3700 5451 3838 5556; x_wconf 49' lang='grc' dir='ltr'>αὐτῦῗ</span> 
     </span>
    </p>
   </div>
   <div class='ocr_carea' id='block_1_114' title="bbox 2302 5538 3837 5643">
    <p class='ocr_par' dir='ltr' id='par_1_114' title="bbox 2302 5538 3837 5643">
     <span class='ocr_line' id='line_1_114' title="bbox 2302 5538 3837 5643; baseline -0.018 -14"><span class='ocrx_word' id='word_1_741' title='bbox 2302 5538 2444 5629; x_wconf 69' lang='grc' dir='ltr'>εἶναι</span> <span class='ocrx_word' id='word_1_742' title='bbox 2473 5573 2565 5627; x_wconf 80' lang='grc' dir='ltr'><strong>τὸν</strong></span> <span class='ocrx_word' id='word_1_743' title='bbox 2590 5538 2848 5643; x_wconf 64' lang='grc' dir='ltr'>Χριστὸν,</span> <span class='ocrx_word' id='word_1_744' title='bbox 2874 5571 2933 5633; x_wconf 83' lang='grc' dir='ltr'>ὃς</span> <span class='ocrx_word' id='word_1_745' title='bbox 2964 5538 3112 5621; x_wconf 81' lang='grc' dir='ltr'>ἐστιν</span> <span class='ocrx_word' id='word_1_746' title='bbox 3145 5566 3273 5631; x_wconf 74' lang='grc' dir='ltr'>Υἱὸς</span> <span class='ocrx_word' id='word_1_747' title='bbox 3304 5538 3397 5620; x_wconf 84' lang='grc' dir='ltr'><strong>τοῦ</strong></span> <span class='ocrx_word' id='word_1_748' title='bbox 3425 5561 3556 5617; x_wconf 87' lang='grc' dir='ltr'>Θεοῦ</span> <span class='ocrx_word' id='word_1_749' title='bbox 3588 5555 3730 5627; x_wconf 77' lang='grc' dir='ltr'>φύσει</span> <span class='ocrx_word' id='word_1_750' title='bbox 3758 5538 3837 5643; x_wconf 57' lang='grc' dir='ltr'><strong>κξιὶ</strong></span> 
     </span>
    </p>
   </div>
   <div class='ocr_carea' id='block_1_115' title="bbox 2297 5634 3837 5741">
    <p class='ocr_par' dir='ltr' id='par_1_115' title="bbox 2297 5634 3837 5741">
     <span class='ocr_line' id='line_1_115' title="bbox 2297 5634 3837 5741; baseline -0.013 -17"><span class='ocrx_word' id='word_1_751' title='bbox 2297 5667 2551 5741; x_wconf 74' lang='grc' dir='ltr'>ἀληθείᾳ,</span> <span class='ocrx_word' id='word_1_752' title='bbox 2577 5634 2671 5722; x_wconf 58' lang='grc' dir='ltr'><strong>καλ</strong></span> <span class='ocrx_word' id='word_1_753' title='bbox 2698 5664 2951 5736; x_wconf 79' lang='grc' dir='ltr'>βασιλεὺς</span> <span class='ocrx_word' id='word_1_754' title='bbox 2971 5661 3081 5716; x_wconf 84' lang='grc' dir='ltr'><strong>τῶν</strong></span> <span class='ocrx_word' id='word_1_755' title='bbox 3103 5659 3270 5725; x_wconf 73' lang='grc' dir='ltr'>ὅντως</span> <span class='ocrx_word' id='word_1_756' title='bbox 3294 5657 3520 5713; x_wconf 82' lang='grc' dir='ltr'>πιστῶν.</span> <span class='ocrx_word' id='word_1_757' title='bbox 3558 5651 3638 5710; x_wconf 68' lang='grc' dir='ltr'><strong>Ὠς</strong></span> <span class='ocrx_word' id='word_1_758' title='bbox 3660 5644 3729 5697; x_wconf 73' lang='grc' dir='ltr'><strong>ἔτι</strong></span> <span class='ocrx_word' id='word_1_759' title='bbox 3748 5634 3837 5705; x_wconf 71' lang='grc' dir='ltr'><strong>γὰρ</strong></span> 
     </span>
    </p>
   </div>
  </div>
