4148 6576
353 488 495 557 1405
1712 501 1793 559 IN
1835 499 1895 560 S.
1936 500 1969 560 Ι

2078 499 2317 559 NNEM.
3486 445 3636 570 nos

352 602 550 674 ἀτελὴς
584 602 686 657 οὐκ
732 598 887 659 εἶπεν
915 605 1079 661 αὐτὸν
1112 607 1338 679 βασιλέα
1380 607 1484 678 τῆς
1514 611 1772 675 κτίσεως,
1806 608 1946 663 ἀλλά

2076 610 2354 675 perfectus,
2388 628 2494 668 non
2554 613 2690 669 dixit
2724 614 2900 685 ipsum
2947 614 3112 669 totius
3155 628 3334 669 rerum
3376 615 3640 672 universi-

356 695 517 768 μόνον
546 695 642 749 τοῦ
685 695 920 770 Ἰσραὴλ,
947 700 1089 754 κατά
1112 700 1173 753 τὸ
1203 700 1521 772 εἰρημένον·
1553 703 1664 757 Καὶ
1689 703 1943 773 ἐγενήθη

2077 702 2184 757 atis
2236 704 2559 773 principem,
2601 707 2694 759 sed
2759 708 2928 761 solius
2969 706 3207 773 lsraelis,
3257 706 3411 776 juxta
3470 707 3636 762 illud:

349 788 523 858 μερίς
539 788 760 857 Κυρίου
785 789 937 856 λαὸς
969 790 1156 846 αὐτοῦ
1200 792 1411 848 Ἰακὼϐ
1435 795 1769 864 σχοίνισμα
1795 796 1947 861 κλη-

349 880 647 948 ρονομίας
676 881 863 935 αὐτοῦ
905 882 1163 950 Ἰσραήλ.

440 970 660 1042 Ἐπειδὴ
705 974 868 1042 μόνου
895 972 989 1027 τοῦ
1035 974 1253 1047 Ἰσραὴλ
1278 976 1568 1049 ὠνόμασεν
1596 980 1625 1033 6
1654 980 1949 1053 Ναθαναὴλ

356 1061 450 1117 τὸν
480 1063 717 1133 Χριστὸν
758 1064 1007 1135 βασιλέα,
1038 1066 1282 1122 παιδεύει
1310 1071 1473 1124 αὐτὸν
1499 1070 1586 1125 διὰ
1616 1072 1829 1138 τούτου,
1865 1073 1950 1125 ὅτι

361 1155 464 1209 οὐκ
496 1150 565 1227 ἦν
592 1155 747 1226 ψιλὸς
782 1158 1069 1228 ἄνθρωπος
1098 1161 1126 1214 6
1153 1161 1413 1234 Χριστὸς,
1457 1162 1584 1215 ἐπεὶ
1624 1163 1741 1227 πῶς
1784 1160 1961 1218 αὑτὸν

363 1249 732 1321 ὑπηρετοῦσιν
760 1250 1008 1320 ἄγγελοι.
1827 1253 1830 1255 “

431 1342 683 1397 Δείκνυσι
716 1344 804 1397 διὰ
830 1343 1046 1412 τούτου,
1081 1347 1165 1401 ὃτι
1200 1347 1262 1400 οὐ
1310 1348 1551 1420 δοκήσει,
1583 1348 1699 1403 ἀλλ’
1722 1348 1953 1421 ἀληθείᾳ

364 1434 592 1504 γέγονεν
627 1436 937 1508 ἄνθρωπος,
977 1438 1042 1491 ὲκ
1073 1439 1293 1508 Μαρίας
1332 1440 1660 1511 σαρκωθεὶς,
1697 1441 1756 1505 ὃς
1792 1442 1955 1510 μόνος

365 1524 751 1596 ἀναμάρτητος
781 1524 878 1591 ὣν,
917 1526 1119 1592 ἔσωζεν
1186 1529 1245 1581 ἐν
1280 1528 1461 1600 ἑαυτῷ
1494 1528 1555 1583 τὸ
1597 1531 1721 1583 κατ’
1746 1531 1954 1594 εἰκόνα,

346 1618 505 1689 ὅπερ
531 1618 747 1690 πρῶτος
776 1620 1064 1691 ἄνθρωπος
1090 1615 1260 1692 εἶχεν,
1292 1621 1321 1674 6
1348 1623 1470 1676 κατ’
1499 1620 1687 1677 είκόνα
1710 1622 1807 1677 καὶ
1830 1619 1956 1677 καθ’

368 1709 626 1781 ὁμοίωσιν
656 1709 791 1764 Θεοῦ
827 1709 1089 1779 γεγονώς.

966 1914 1214 1971 ΚΕΦΑΛ.
1275 1916 1353 1971 B'.

449 2050 471 2085 ι
512 2026 695 2085 Ἦσαν
722 2030 780 2085 δὲ
817 2031 935 2084 ὲκεῖ
968 2029 1146 2101 ὑδρίαι
1178 2028 1380 2083 λίθιναι
1411 2028 1469 2095 ἒξ
1520 2029 1771 2099 κείμεναι
1813 2028 1959 2084 κατά

366 2122 461 2177 τὸν
491 2122 835 2194 καθαρισμὸν
876 2121 985 2175 τῶν
1036 2121 1341 2187 Ἰουδαίων,
1382 2119 1662 2193 χωροῦσαι
1707 2123 1813 2176 ἀνὰ
1858 2138 1959 2194 με-

367 2214 573 2287 τρητὰς
598 2215 691 2269 δύο
716 2215 747 2285 ἢ
774 2217 942 2288 τρεῖς.
975 2232 993 2267 ι

448 2307 511 2361 Ὀ
549 2308 823 2378 μετρητὴς
851 2308 997 2360 ποιεῖ
1033 2305 1231 2371 ξέστας
1262 2306 1459 2360 ἑκατὸν
1491 2305 1833 2376 πεντήκοντα
1859 2306 1957 2375 (ὅ).

368 2399 467 2455 Διά
496 2399 552 2453 δὲ
576 2397 672 2451 τοῦ
706 2400 779 2472 μὴ
807 2400 983 2452 εἰπεῖν
1012 2416 1185 2463 τινας,
1215 2399 1298 2452 ὅτι
1325 2398 1629 2469 μεθυόντων
1655 2398 1961 2469 ἀνθρώπων

367 2492 401 2544 6
440 2490 699 2559 σύλλογος
728 2487 818 2561 ἦν,
870 2491 963 2545 καὶ
998 2493 1031 2562 ἡ
1080 2491 1335 2561 αἴσθησις
1373 2491 1553 2544 αὐτῶν
1582 2490 1953 2562 διεφθαρμένη

370 2583 464 2639 καὶ
492 2585 591 2654 οὐχ
623 2583 780 2655 ἱκανὴ
809 2584 1085 2655 διακρῖναι
1116 2584 1349 2653 πότερον
1390 2582 1533 2654 ὕδωρ
1570 2581 1603 2653 ἢ
1641 2578 1782 2646 οἶνος
1811 2578 1956 2635 εἶναι

369 2676 433 2729 τὸ
461 2676 645 2743 ποτὸν,
668 2675 759 2730 διὰ
788 2676 948 2730 τοῦτο
972 2676 1187 2730 κελεύει
1214 2676 1294 2745 τῷ
1321 2673 1713 2745 ἀρχιτρικλίνῳ
1738 2673 1959 2742 δοθῆναι

372 2767 452 2837 τῷ
480 2768 725 2838 νήφοντιο
758 2769 853 2821 καὶ
882 2767 991 2838 γὰρ
1020 2771 1067 2821 οί
1106 2766 1367 2837 τοιαύτην
1398 2764 1699 2828 διακονίαν,
1730 2764 1805 2828 ὠς
1838 2763 1966 2818 ἐπί-

376 2860 598 2925 στασθε,
638 2859 1087 2930 πεπιστευμένοι,
1132 2857 1371 2930 μάλιστά
1422 2857 1563 2909 εἰσιν
1600 2857 1648 2909 οἱ
1680 2856 1964 2926 νήφοντες,

2048 793 2185 849 Pars
2219 804 2393 848 autem
2426 796 2639 850 Domini
2694 798 2918 866 populus
2943 801 3057 865 eius
3100 797 3265 852 Jacob
3302 812 3322 851 .‘
3368 800 3637 857 funiculus

2051 885 2376 939 hwreditatis
2403 886 2516 954 ejus
2547 886 2717 939 Israel
2744 889 2809 941 “.

2123 977 2415 1045 Postquam
2478 978 2772 1032 Nathanael
2825 979 3102 1034 Christum
3165 981 3333 1035 solius
3418 979 3634 1035 lsraelis

2052 1067 2254 1138 Regem
2300 1071 2693 1138 appellaverat,
2728 1074 2968 1125 ostendit
3024 1073 3243 1141 insuper
3296 1073 3470 1140 ipsum
3530 1087 3637 1127 non

2052 1176 2174 1215 esse
2207 1176 2398 1231 purum
2432 1163 2729 1228 hominem,
2768 1179 2891 1219 cum
2939 1166 2989 1219 ei
3039 1166 3201 1217 etiam
3232 1164 3412 1232 angeli
3481 1164 3643 1218 mini-

2054 1260 2249 1305 strcnt.

2126 1342 2240 1397 Hoc
2263 1344 2449 1413 utique
2477 1344 2668 1413 probat
2724 1343 3000 1399 Christum
3028 1359 3134 1398 non
3164 1352 3388 1398 externa
3434 1353 3641 1399 tantum

2057 1435 2256 1503 specie,
2288 1438 2380 1489 sed
2416 1452 2625 1501 revera,
2665 1452 2728 1489 ex
2783 1436 2946 1490 Maria
2981 1452 3143 1491 carne
3196 1445 3496 1504 assumpta,
3537 1438 3640 1490 hoc

2059 1525 2259 1580 minem
2292 1528 2588 1581 exstitisse.
2656 1527 2755 1593 Qui
2799 1543 2920 1582 cum
2968 1538 3114 1583 esset
3161 1544 3356 1598 expers
3409 1529 3638 1595 peccati,

2060 1618 2188 1672 illud
2213 1619 2362 1689 quod
2395 1620 2602 1688 primus
2637 1619 2820 1683 homo,
2850 1619 2916 1673 ad
2945 1620 3233 1690 imaginem
3260 1621 3459 1689 Deique
3491 1619 3645 1675 simi-

2060 1711 2347 1765 litudinem
2402 1710 2738 1778 eﬂormatus,
2815 1721 3125 1782 acceperat,
3188 1713 3241 1766 in
3303 1723 3476 1768 semet
3533 1713 3648 1783 ipse

2061 1802 2324 1858 servavit.

2733 1916 2885 1972 CAP.
2924 1915 2989 1972 11.

2153 2032 2314 2086 Vens.
2347 2030 2398 2087 6.
2435 2050 2453 2084 ι
2493 2032 2663 2087 Erant
2697 2042 2877 2086 autem
2909 2032 2979 2087 ibi
3020 2030 3241 2101 lapidea:
3293 2031 3494 2101 hydria:
3550 2045 3647 2086 sex

2063 2127 2252 2195 posita:
2300 2130 2597 2179 secundum
2656 2127 3093 2195 purificationem
3160 2126 3491 2187 Judmorum,
3551 2138 3645 2177 ca-

2065 2220 2279 2290 pientes
2315 2219 2541 2289 singula?
2576 2230 2834 2275 metretas
2864 2222 3021 2275 binas
3052 2220 3133 2273 vel
3175 2228 3376 2273 ternas.
3413 2235 3433 2269 ι

2142 2306 2403 2361 Metretes
2468 2311 2691 2363 metitur
2749 2323 2970 2365 centum
3007 2308 3398 2380 quinquaginta
3455 2306 3657 2359 sextia-

2073 2399 2204 2453 rios.
2237 2400 2314 2455 Ne
2344 2400 2770 2469 quidamdicaut,
2804 2405 2972 2458 ebriis
3009 2404 3340 2464 hominibus,
3360 2416 3576 2455 sensum
3602 2410 3656 2456 et

2067 2504 2283 2560 gustum
2312 2504 2631 2564 corruptum
2664 2510 2772 2548 non
2804 2510 2963 2563 posse
2988 2495 3304 2548 discernere
3339 2502 3518 2545 utrum
3559 2506 3659 2560 po-

2067 2594 2151 2637 tus
2182 2600 2320 2654 aqua
2367 2596 2511 2641 esset
2552 2588 2633 2642 vel
2659 2586 2865 2652 vinum,
2905 2586 3107 2640 idcirco
3161 2584 3311 2654 jubet
3343 2597 3540 2650 aquam
3572 2582 3657 2634 vi-

2066 2690 2194 2728 num
2244 2676 2438 2730 factam
2469 2678 2586 2731 dari
2648 2677 2833 2731 sobrio
2892 2673 3298 2731 architriclino.
3346 2672 3477 2728 Tale
3510 2671 3657 2726 enim

2069 2766 2303 2821 cilicium
2336 2770 2702 2835 committunt,
2738 2777 2795 2823 ut
2823 2768 2996 2833 scitis,
3054 2767 3361 2837 praesertim
3423 2764 3651 2828 sobriis,

2078 2868 2137 2912 ut
2168 2862 2351 2915 omnia
2381 2862 2592 2932 possint
2614 2860 2769 2932 juxta
2801 2861 3050 2917 ordinem
3084 2860 3397 2929 disponere.

373 2955 515 3012 ὥστε
543 2958 600 3010 ὲν
625 2958 816 3027 κόσμῳ
846 2957 941 3010 καὶ
971 2955 1123 3021 τάξει
1152 2954 1332 3009 πάντα
1360 2951 1693 3008 διατίθεσθαι
1729 2950 1928 3015 αὐτούς
1959 2950 2185 3027 [Cum]

452 3071 470 3104 ι
510 3052 622 3105 Καὶ
650 3051 802 3118 λέγει
842 3052 1052 3114 αὐτοῖς⁸
1097 3050 1435 3118 Ἀντλήσατε
1465 3048 1562 3101 νῦν
1587 3086 1602 3113 ,
1638 3048 1732 3102 καὶ
1768 3047 1968 3122 φέρετε

375 3144 455 3216 τῷ
485 3141 907 3215 ἁρχιτρικλίνῳ’
947 3143 1042 3196 καὶ
1071 3142 1334 3213 ἡνεγκαν.
1385 3160 1405 3193 ι

2152 3036 2318 3105 Visus.
2352 3051 2406 3106 8.
2454 3070 2473 3103 ‹
2505 3050 2572 3106 Et
2600 3052 2732 3107 dicit
2762 3052 2843 3107 eis
2873 3049 3030 3105 Jesus
3079 3063 3094 3102 :

2081 3141 2217 3197 terte
2242 3143 2612 3199 architriclino
2650 3161 2664 3199 :
2689 3154 2742 3199 et
2771 3145 3028 3199 tulerunt.
3058 3164 3075 3195 ι

3144 3046 3368 3102 llaurite
3402 3064 3566 3113 nunc,
3606 3059 3663 3104 et

461 3237 519 3289 '0
540 3236 607 3289 δι’
633 3233 826 3297 ὓδατος
855 3234 1093 3298 ποτίζων
1124 3232 1222 3304 τὴν
1253 3233 1520 3303 ἄμπελον,
1550 3232 1647 3286 καὶ
1674 3230 1844 3287 ποιῶν
1870 3232 1972 3286 αὐ·

2144 3232 2245 3298 Qui
2279 3234 2437 3304 aquis
2458 3234 2674 3290 vineam
2712 3245 2885 3304 potat,
2910 3252 3137 3306 eamque
3166 3238 3447 3293 viuil‘erarn
3483 3234 3663 3303 etiicit,

378 3329 479 3397 τὴν
503 3328 699 3397 γεννᾷν
723 3325 813 3378 τὸν
843 3322 1007 3390 οἶνον,
1033 3325 1194 3387 αὐτός
1221 3327 1389 3389 ἐστιν,
1416 3325 1444 3377 6
1470 3325 1568 3379 καὶ
1587 3324 1683 3379 νῦν
1734 3324 1976 3397 μεταϐα-

382 3418 491 3473 λὼν
528 3419 610 3481 είς
644 3414 788 3470 οἶνον
823 3416 883 3467 τὸ
917 3416 1084 3485 ὕδωρ.

465 3528 484 3561 ι
525 3508 743 3577 Ταύτην
777 3506 1003 3576 ἐποίησε
1033 3506 1132 3576 τὴν
1168 3505 1346 3577 ἀρχὴν
1373 3505 1484 3558 τῶν
1522 3504 1768 3575 σημείων
1796 3506 1824 3559 6
1869 3504 1981 3578 Ἰη-

388 3602 514 3665 σοῦς
562 3603 621 3653 ἐν
666 3600 825 3671 Κανᾷ
868 3601 967 3670 τῆς
1014 3598 1341 3663 Γαλιλαίας,
1380 3600 1476 3652 καὶ
1532 3598 1845 3670 ὲφανέρωσε
1883 3598 1982 3670 τὴν

385 3691 545 3757 δόξαν
576 3689 744 3743 αὐτοῦ
767 3704 782 3718 ο
816 3689 913 3742 καὶ
954 3688 1288 3741 ἐπίστευσαν
1332 3690 1411 3752 εἰς
1451 3689 1612 3743 αὑτὸν
1642 3690 1692 3743 οί
1743 3689 1983 3762 μαθηταὶ

388 3782 581 3841 αὐτοῦ.
626 3802 644 3834 ι

459 3877 620 3939 Τινὲς
647 3874 867 3947 πρῶτον
903 3874 969 3926 ἐκ
994 3873 1153 3944 Κανᾷ
1190 3872 1412 3942 λέγουσι
1440 3871 1597 3926 τοῦτο
1637 3871 1695 3924 τὸ
1729 3873 1980 3943 σημεῖον,

389 3968 504 4022 ἀλλ’
554 3967 616 4020 ού
660 3964 879 4035 πρῶτον
914 3964 1153 4018 πάντων.
1194 3964 1538 4035 Παρήνοιγεν
1580 3964 1635 4018 δὲ
1665 3964 1851 4027 αὐτοῖς
1880 3964 1983 4037 τὴν

390 4060 565 4131 θύραν
616 4058 718 4129 τῆς
768 4057 1043 4121 πίστεως,
1097 4055 1187 4109 διὰ
1237 4056 1348 4109 τῶν
1399 4057 1737 4128 θεοσημείων
1789 4057 1983 4112 ἑαυτὸν

391 4150 802 4207 ἀποκαλύπτων
823 4189 838 4212 ,
870 4149 993 4220 ἤτοι
1025 4148 1126 4221 τὴν
1175 4148 1341 4202 αὑτοῦ
1393 4148 1553 4213 δόξαν
1588 4151 1683 4204 καὶ
1732 4148 1981 4229 δύναμιν.

396 4243 539 4309 Πῶς,
564 4243 660 4296 καλ⁵
684 4242 792 4297 τίνι
816 4242 1039 4314 τρόπῳ;
1078 4241 1205 4295 οὐδὲ
1232 4242 1341 4313 γὰρ
1374 4242 1562 4295 πολλοὶ
1590 4242 1877 4313 προσεῖχον
1905 4241 1984 4311 τῷ

395 4335 689 4406 γινομένῳ,
726 4332 844 4388 ἀλλ’
879 4334 929 4387 οἱ
964 4332 1203 4387 διάκονοι
1234 4334 1328 4385 καὶ
1366 4334 1393 4385 6
1422 4331 1860 4404 ἀρχιτρίκλινος,
1890 4332 1986 4385 καὶ

396 4428 426 4478 6
466 4424 723 4494 νυμφίος.
767 4424 893 4488 Πῶς
929 4419 1025 4478 οὖν
1077 4424 1395 4494 ὲφανέρωσε
1439 4423 1535 4495 τὴν
1576 4423 1735 4489 δόξαν
1775 4423 1982 4491 αὐτούς

399 4518 523 4573 Ὀτι
551 4520 632 4581 είς
675 4517 751 4589 μὴ
784 4518 906 4571 τότε
930 4558 945 4583 ,
978 4517 1092 4571 ἀλλ’
1124 4517 1373 4588 ὕστερον,
1428 4517 1653 4588 ἔμελλον
1699 4517 1760 4569 τὸ
1800 4518 1985 4587 θαῦμα

2082 3323 2129 3379 is
2153 3325 2325 3395 ipsius
2379 3335 2463 3381 est
2505 3329 2594 3397 qui
2631 3329 2790 3384 modo
2829 3343 3025 3398 aquam
3053 3329 3104 3382 in
3135 3330 3316 3383 vinum
3344 3329 3523 3383 vertit.

2156 3505 2320 3563 Vens.
2348 3507 2437 3561 Η.
2467 3506 2609 3563 «Hoc
2642 3509 2768 3563 fecit
2822 3509 3036 3563 initium
3075 3509 3355 3577 signorum
3399 3508 3560 3564 Iesus
3607 3507 3664 3563 in

2083 3598 2228 3654 Cana
2261 3598 2495 3654 Galilmze
2548 3618 2561 3654 :
2612 3608 2667 3655 et
2708 3600 3069 3654 manifestavit
3098 3601 3326 3671 gloriam
3376 3616 3552 3666 suam,
3609 3609 3667 3656 et

2084 3692 2438 3746 crediderunt
2464 3690 2517 3744 in
2549 3705 2672 3745 eum
2703 3692 2953 3760 discipuli
2987 3693 3159 3763 ejus.»

2160 3869 2412 3924 Nonnulli
2439 3870 2657 3938 quidem
2712 3868 2947 3939 primum
2977 3868 3028 3922 id
3057 3868 3291 3937 signum,
3345 3884 3452 3924 non
3488 3876 3664 3921 tamen

2086 3960 2338 4016 absolute
2369 3962 2634 4022 outrtium,
2668 3959 2760 4013 sed
2803 3961 2855 4012 in
2903 3956 3051 4013 Cana
3097 3958 3391 4023 editorum,
3450 3958 3665 4012 dicunt.

2087 4053 2202 4109 Hoc
2265 4063 2447 4107 autem
2500 4053 2621 4107 ﬁdei
2674 4052 2738 4105 iis
2770 4052 2995 4122 januam
3049 4051 3283 4119 aperuit,
3317 4051 3442 4104 dum
3473 4049 3670 4105 divina:

2087 4161 2199 4201 suae
2239 4145 2445 4217 glorise,
2482 4145 2812 4214 virtutisque
2856 4144 3010 4213 signa
3046 4144 3215 4199 dedit.
3286 4144 3353 4197 At
3379 4144 3469 4213 qui
3513 4142 3666 4209 illud,

2088 4249 2140 4294 et
2188 4254 2422 4308 quanam
2464 4238 2715 4292 ratione?
2779 4253 2902 4293 cum
2936 4237 3091 4308 pauci
3128 4236 3204 4291 rei
3259 4246 3423 4308 gesta:
3460 4236 3667 4291 conscii

2089 4332 2312 4395 fuerint,
2352 4331 2588 4385 ministri
2635 4329 2844 4386 scilicet
2869 4329 2991 4396 soli,
3035 4346 3161 4385 cum
3191 4328 3587 4392 architriclino,
3615 4333 3671 4380 et

2088 4438 2312 4493 sponso.
2397 4424 2682 4489 Quomodo
2754 4422 2921 4493 igitur
3006 4421 3374 4476 manifestavit
3444 4418 3671 4489 gloriam

2088 4516 2281 4569 suam?
2312 4514 2446 4582 Quia
2483 4516 2747 4569 nimirum
2779 4529 2885 4568 non
2926 4513 3147 4583 quidem
3183 4521 3332 4575 tunc,
3365 4510 3458 4564 sed
3508 4517 3662 4577 post-

395 4609 729 4665 ἀκούσεσθαι
761 4610 1020 4674 ἅπαντες.
1066 4611 1191 4664 "Oct
1230 4610 1340 4681 γὰρ
1372 4612 1429 4665 ὲν
1477 4610 1660 4682 ἐκείνῃ
1690 4612 1756 4681 τῇ
1796 4610 1972 4681 ἡμέρᾳ

2089 4625 2175 4675 ea,
2228 4623 2420 4663 omnes
2480 4607 2803 4663 miraculum
2836 4607 2939 4660 hoc
2994 4602 3232 4658 audituri
3270 4610 3448 4655 erant.
3518 4600 3671 4663 Quod

394 4699 457 4752 ού
493 4699 699 4762 πάντες
732 4699 955 4770 ᾔδεσαν,
1006 4700 1113 4753 ἀπὸ
1142 4700 1253 4754 τῶν
1284 4701 1647 4771 ἐπαγομένων
1678 4700 1858 4770 δῆλον.
1896 4702 1987 4752 El-

396 4790 515 4847 πὼν
539 4792 670 4863 γὰρ,
699 4792 809 4846 Καὶ
832 4792 1173 4861 ἐφανέρωσε
1195 4791 1311 4863 τὴν
1330 4792 1516 4857 δόξαν
1538 4792 1743 4858 αὑτοῦ,
1776 4793 1986 4860 ἐπήγα-

396 4901 518 4957 γεν,
544 4886 650 4941 Καὶ
673 4886 1048 4940 ἐπίστευσαν
1075 4887 1162 4952 είς
1193 4884 1380 4939 αὐτὸν
1409 4887 1465 4939 οἱ
1491 4883 1745 4954 μαθηταὶ
1776 4881 1984 4936 αὑτοῦ.

481 5084 499 5117 ι
535 5065 650 5119 Καὶ
687 5066 923 5136 ποιήσας
974 5062 1301 5135 φραγέλλιον
1341 5063 1405 5115 ὲκ
1446 5057 1727 5131 σχοινίων,
1779 5058 1987 5121 πάντας

404 5156 659 5223 ἐξέϐαλεν
687 5158 751 5208 ἐκ
776 5156 870 5209 τοῦ
902 5156 1068 5228 ἱεροῦ,
1091 5157 1162 5209 τά
1185 5173 1243 5208 τε
1268 5155 1536 5225 πρόϐατα,
1567 5151 1806 5212 καὶτοὺς
1838 5148 1986 5220 βόας,

405 5251 503 5303 καὶ
528 5249 636 5302 τῶν
669 5248 1033 5301 κολλυϐιστῶν
1059 5248 1245 5318 ἐξέχεε
1271 5246 1334 5299 τὸ
1363 5247 1548 5317 κέρμα
1568 5283 1583 5310 ,
1608 5245 1704 5298 καὶ
1727 5243 1829 5307 τὰς
1858 5260 1992 5315 τρα-

407 5340 579 5404 πέζας
613 5339 932 5411 ἀνέστρεψε,
972 5358 991 5392 ο

494 5433 747 5497 Ἐξέὸαλε
777 5432 845 5485 τὰ
880 5432 1022 5486 κατά
1056 5432 1221 5501 νόμον
1263 5430 1713 5501 σφαγιαζόμενα,
1762 5430 1850 5484 ἴνα
1892 5428 1993 5493 τὰς

410 5525 790 5598 πνευματικὰς
827 5525 1123 5596 ἀντεισάγῃ
1171 5526 1450 5597 λατρείας.
1498 5524 1722 5596 Πατέρα
1765 5524 1821 5578 δὲ
1863 5523 1994 5577 ίδιον

484 5703 531 5736 ⁸⁸
557 5703 716 5759 Deut.
746 5717 917 5768 xxx",
947 5700 1001 5757 9.

2096 4715 2327 4770 namque
2357 4700 2460 4754 ista
2491 4700 2580 4755 die
2608 4714 2714 4753 non
2751 4697 3102 4753 omnesillius
3122 4693 3324 4749 conscii
3356 4690 3579 4754 fuerint,
3607 4705 3671 4743 ex

2093 4790 2446 4859 sequentibus
2478 4788 2820 4844 manifestum
2869 4788 2964 4844 sit.
3023 4786 3157 4841 Cum
3206 4784 3351 4838 enim
3382 4781 3551 4837 dixit:
3606 4780 3673 4833 Et

2094 4879 2448 4947 manifestavit
2485 4880 2710 4950 gloriam
2739 4895 2928 4945 suam,
2985 4875 3271 4945 subjunxit
3300 4891 3312 4928 :
3347 4872 3416 4927 Et
3439 4874 3677 4927 credide-

2095 4978 2215 5021 runt
2257 4969 2311 5021 in
2341 4984 2461 5021 eum
2493 4968 2739 5036 discipuli
2767 4967 2901 5033 ejus.

2172 5058 2336 5114 Vens.
2375 5058 2464 5113 15.
2499 5077 2517 5110 ι
2554 5059 2621 5113 Et
2670 5075 2792 5114 cum
2851 5058 3069 5113 fecisset
3109 5056 3261 5127 quasi
3311 5054 3577 5126 ﬂagellum
3613 5053 3679 5105 de

2095 5152 2372 5219 funiculis,
2422 5168 2609 5208 omnes
2667 5152 2827 5219 ejecit
2854 5155 2920 5206 de
2951 5150 3170 5219 templo,
3215 5164 3345 5204 oves
3375 5160 3593 5217 quoque
3624 5157 3679 5198 et

2097 5245 2283 5310 boves,
2321 5253 2376 5299 et
2421 5244 2909 5299 nummulariorum
2965 5243 3152 5299 etl’udit
3200 5257 3297 5308 tes,
3350 5250 3404 5295 et
3461 5253 3679 5294 mensas

2096 5339 2386 5393 subvertit.
2401 5358 2421 5392 ι

2164 5432 2335 5500 Ejecit
2372 5432 2617 5486 victimas
2655 5430 2876 5502 legales,
2908 5438 2967 5485 ut
2995 5444 3092 5500 pro
3122 5428 3189 5483 iis
3235 5425 3538 5498 spiritalem
3566 5422 3678 5477 cul-

2099 5536 2215 5581 tum
2279 5525 2673 5579 introduceret.
2729 5522 2900 5577 Deum
2958 5536 3088 5576 vero
3148 5519 3411 5575 Christus
3462 5515 3676 5569 Patrem

487 5864 569 5929 (ὅ)
596 5860 727 5915 ΟοιΙ.
758 5858 912 5934 Bodl.
956 5860 1071 5914 haec
1115 5856 1492 5934 Cht'ysustuttti
1546 5873 1689 5930 esse-
1717 5857 1871 5916 dicit.
1906 5857 1991 5915 Cf.
2067 5860 2349 5932 Chrysost.
2384 5858 2521 5934 Opp.
2569 5859 2704 5931 Vlll,
2747 5877 2801 5932 ρ.
2836 5860 2965 5928 155,
3009 5859 3099 5917 ubi
3131 5857 3379 5929 quaedam
3413 5851 3545 5921 fere,
3583 5849 3677 5906 scd

418 5950 525 5992 non
555 5935 776 5988 omnino
816 5932 1005 5986 eadem
1042 5931 1299 5997 reperies.
