4148 6694
492 480 627 546 ιωῖ
1576 462 1580 467 ’
1628 483 1965 545 AMMONII
2012 481 2549 544 ALEXANDRINI
3686 464 3839 531 1408

488 613 645 655 suum
708 603 889 663 vocat,
915 603 1098 667 utpote
1133 595 1442 667 unigenitus
1473 596 1590 667 ejus
1633 598 1936 653 secundum
1971 614 2070 651 ua-
2102 607 2126 657 Α

2197 596 2331 651 ιαλεῖ
2363 599 2390 652 6
2420 594 2659 665 Χριστὸς
2687 592 2779 647 τὸν
2815 592 2974 656 Θεὸν,
3014 589 3091 655 ὡς
3119 589 3283 653 αὐτὸς
3313 586 3491 659 μόνος
3532 580 3611 649 ἐξ
3650 581 3835 637 αὐτοῦ

489 698 693 745 lttratn.

2179 690 2321 744 κατὰ
2345 689 2510 758 φύσιν
2534 688 2816 758 ὑπάρχων.

562 778 725 834 Vens.
767 778 852 833 18.
885 796 903 830 ι
944 777 1368 848 Responderunt
1395 792 1527 849 ergo
1581 778 1779 846 Judaei,
1831 787 1886 835 et
1921 780 2076 836 dixe-

2258 800 2278 834 ι
2329 780 2735 851 ’Λπεκρίθησαν
2772 774 2868 832 οὖν
2890 778 2943 831 oi
2986 776 3252 840 Ἰουδαῖοι,
3290 774 3383 828 καὶ
3411 767 3606 826 εἷπον
3640 767 3836 840 αὐτῷ·

494 880 619 925 runt
654 871 745 925 ei:
807 868 959 936 Quod
993 871 1208 941 signum
1258 872 1504 927 ostendis
1568 872 1725 926 nobis
1780 871 1907 940 quia
1964 872 2079 927 haec

2037 886 2079 927 :c
2181 872 2248 927 Τί
2277 875 2501 945 σημεῖον
2530 869 2798 934 δεικνύεις
2822 871 2981 941 ἡμῖν,
3016 867 3101 921 ὅτι
3142 865 3320 919 ταῦτα
3348 864 3549 926 ποιεῖς
3580 877 3600 926 ;
3654 879 3675 911 ι

494 960 626 1015 facis
642 961 696 1012 ‘h

550 1050 1019 1120 Quandoquidem,
1072 1052 1345 1122 inquiunt,
1431 1061 1686 1123 tanquam
1732 1051 1825 1107 Dei
1887 1051 2079 1118 Filius,

2268 1056 2414 1109 Ἀντὶ
2436 1053 2553 1116 τοῦ,
2585 1055 2645 1108 Et
2675 1053 2751 1116 ὠς
2779 1051 2908 1114 Υίδς
2933 1048 3027 1105 τοῦ
3054 1047 3194 1103 Θεοῦ
3216 1047 3287 1101 τὰ
3315 1044 3590 1120 σαρκικὰ
3620 1041 3844 1096 ἐκϐάλ-

496 1144 731 1198 carnalia
767 1144 977 1212 ejicias,
1014 1146 1183 1215 proba
1217 1147 1373 1201 nobis
1396 1146 1579 1215 aliquo
1616 1147 1773 1217 signo
1806 1153 1863 1202 te
1916 1162 1946 1200 a
1974 1148 2084 1202 Deo

2199 1155 2320 1215 tate,
2370 1148 2559 1200 πεῖσον
2599 1146 2749 1217 ἡμᾶς
2782 1142 2871 1197 διὰ
2910 1141 3171 1214 σημείου,
3205 1140 3293 1193 ὅτι
3333 1139 3396 1191 ὲκ
3429 1135 3599 1189 Θεοῦ
3641 1134 3837 1205 ὲπέμ·

498 1236 724 1290 tnissutu
749 1251 893 1292 esse.
2187 1241 2350 1313 φθης.

571 1327 732 1384 Vens.
770 1328 856 1384 19.
901 1329 1227 1400 «Respondit
1256 1330 1435 1393 Jesus,
1469 1341 1525 1385 et
1561 1331 1697 1385 dixit
1720 1332 1800 1387 eis
1829 1350 1842 1386 :
1878 1330 2085 1387 Solvite

2265 1350 2285 1384 ι
2338 1328 2641 1402 Ἀπεκρίθη
2665 1328 2695 1382 6
2743 1324 2977 1397 Ἰησοῦς,
3010 1324 3106 1379 καὶ
3135 1318 3293 1378 εἴπεν
3317 1322 3515 1385 αὐτοῖς
3543 1339 3560 1351 ·
3590 1319 3840 1375 Λύσατε

502 1422 759 1492 templum
792 1424 916 1488 hoc,
952 1422 1085 1477 etin
1118 1424 1292 1479 tribus
1345 1426 1538 1479 diebus
1568 1423 1851 1480 suscitabo
1890 1425 2075 1479 illud.»

2204 1424 2280 1479 ιὸν
2317 1424 2446 1479 ναὸν
2479 1423 2692 1489 τοῦτον,
2733 1420 2831 1476 καὶ
2865 1420 2923 1474 ὲν
2954 1419 3137 1491 τρισὶν
3177 1416 3417 1491 ἡμέραις
3466 1413 3690 1483 ἐγερῶ
3733 1411 3842 1466 αὐ-

2187 1516 2300 1570 τόν.
2336 1534 2355 1567 ι

574 1599 783 1657 Idcirco
821 1601 964 1657 dixit
996 1619 1011 1656 :
1041 1600 1237 1657 Solvite
1276 1602 1524 1671 templum
1556 1604 1675 1669 hoc,
1714 1610 1772 1657 ut
1817 1603 2081 1657 ostende—

2260 1606 2360 1661 Διὰ
2398 1604 2556 1660 τοῦτο
2582 1601 2761 1668 εἶπεν,
2798 1604 2883 1658 ὅτι
2932 1602 3177 1657 Λύσατε
3210 1599 3319 1653 τὸν
3364 1597 3529 1652 ναὸν
3566 1594 3838 1657 τοῦτον,

506 1705 591 1750 ret
619 1710 678 1751 se
708 1704 935 1751 ventura
960 1695 1280 1766 praavidere.
1307 1695 1568 1763 Quamvis
1594 1696 1738 1750 enim
1773 1705 1903 1749 tunc
1937 1696 2091 1748 anci~

2198 1699 2282 1752 ἵνα
2315 1698 2467 1771 δείξῃ
2507 1697 2590 1750 ὅτι
2626 1695 3000 1767 προγινώσκει
3041 1692 3115 1747 τὰ
3151 1691 3293 1763 μετὰ
3320 1689 3503 1743 ταῦτα
3540 1688 3836 1756 ὲσᾶμενα.

506 1790 645 1858 pites
661 1798 918 1845 essentet
945 1789 1260 1845 dubitarent
1285 1790 1413 1859 quid
1451 1790 1556 1844 hoc
1578 1789 1938 1855 signiﬁcaret,
1970 1799 2091 1858 post

2200 1792 2257 1844 Et
2288 1790 2397 1861 γὰρ
2425 1789 2519 1842 καὶ
2554 1788 2676 1842 τότε
2707 1788 2807 1859 μὲν
2837 1786 3079 1857 ⁴Ῠιτιύρουν
3116 1785 3179 1838 τὺ
3206 1783 3260 1837 τί
3296 1782 3364 1837 διν
3392 1783 3484 1853 εἴη
3522 1780 3720 1835 τοῦτο
3740 1824 3757 1847 ,
3784 1782 3838 1833 οἱ

508 1884 964 1940 resurrectionem
994 1899 1124 1941 vero
1156 1886 1565 1942 intellexerunt.

2200 1882 2251 1935 δὲ
2290 1880 2677 1951 ἀμφέδαλλον,
2712 1878 2829 1933 ἀλλ’
2874 1876 3103 1951 ὕστερον
3141 1878 3466 1946 ἐπέγνωσαν
3518 1876 3686 1945 μετά
3728 1873 3838 1944 τὴν

2131 1960 2171 2018 Β
2201 1975 2518 2030 ἀνάστασιν.
2554 1970 2780 2047 [διπηιιῖ

578 2062 747 2121 Vens.
775 2066 867 2121 24.
912 2084 932 2119 ι
962 2065 1079 2136 Ipse
1125 2074 1303 2122 autem
1351 2064 1509 2122 Jesus
1556 2081 1663 2121 non
1717 2065 1973 2121 credebat
2013 2082 2098 2121 se-

2278 2088 2296 2120 ι
2347 2067 2521 2130 Αὐτὸς
2546 2066 2605 2120 δὲ
2635 2069 2662 2120 6
2708 2063 2919 2136 Ἰησοῦς
2951 2063 3053 2118 οὐκ
3092 2061 3424 2117 ἐπίστευσεν
3461 2059 3688 2116 ἑαυτὸν
3729 2058 3834 2115 αὐ-

512 2158 796 2227 ntetipsum
827 2159 927 2225 eis,
966 2159 1201 2233 eoquod
1239 2161 1353 2229 ipse
1392 2169 1576 2214 nosset
1614 2174 1824 2215 omnes.
1860 2179 1878 2212 ι

1722 2175 1824 2215 tes.
1860 2179 1878 2212 ι
2199 2164 2332 2225 τοῖς,
2357 2162 2445 2215 διὰ
2476 2160 2537 2214 τὸ
2566 2160 2733 2215 αὐτδν
2754 2156 3045 2228 γινώσκειν
3072 2158 3306 2220 πάντας.
3342 2176 3360 2209 ι

582 2249 859 2305 Sintilibus
910 2264 1017 2304 non
1069 2259 1196 2305 sunt
1249 2251 1513 2321 profunda
1570 2254 1819 2321 dogmata
1907 2268 2100 2322 prOpo-

2274 2253 2400 2316 Τοῖς
2430 2251 2698 2315 τοιούτοις
2726 2251 2788 2304 οὐ
2818 2251 2900 2304 δεῖ
2929 2247 3260 2321 ἐγχειρίζειν
3299 2248 3470 2318 βαθέα
3509 2247 3788 2317 δόγματα
3812 2280 3832 2311 ,

514 2343 710 2409 tuenda,
742 2342 817 2397 uti
846 2342 1084 2413 antiquis
1137 2343 1191 2397 in
1224 2343 1347 2399 fide.
1400 2346 1677 2415 qunidem
1729 2346 1823 2416 qui
1880 2358 2103 2417 prapter

2202 2346 2277 2404 ὡς
2298 2345 2400 2415 ἤδη
2431 2345 2647 2409 πιστοῖς
2672 2341 3008 2415 γενομένοις.
3044 2342 3107 2396 Οί
3140 2341 3250 2414 γὰρ
3278 2342 3385 2395 ἀπὸ
3423 2342 3701 2413 σημείων
3736 2355 3831 2391 πι-

512 2436 663 2505 signa
697 2432 810 2490 sola
842 2437 1093 2502 credunt,
1141 2437 1249 2492 cito
1285 2449 1694 2508 pervertuntur,
1745 2440 1789 2496 si
1840 2439 1963 2511 quis
1998 2439 2103 2495 illis

2206 2437 2524 2502 στεύοντες,
2560 2436 2802 2508 εὐχερῶς
2850 2436 3268 2508 μετατίθενται,
3299 2438 3393 2492 ἐάν
3420 2452 3580 2499 τινες
3616 2432 3832 2495 αὐτοὺς

512 2524 666 2596 signa
692 2541 798 2582 non
834 2527 936 2583 rite
968 2528 1107 2585 facta
1142 2531 1498 2601 persuaserit.

2206 2531 2559 2601 σοφίσωνται,
2589 2531 2672 2584 ὅτι
2697 2531 2799 2585 οὐκ
2828 2528 3005 2601 ὀρθῶς
3035 2529 3294 2599 γεγόνασι
3319 2530 3389 2582 τὰ
3426 2529 3678 2598 σημεῖα.

1172 2667 1325 2724 CAP.
1360 2667 1451 2723 Ill.
2782 2669 2810 2722 αῖ

2782 2668 3064 2724 ⁴ΚΕΦΑΔ.
3110 2668 3187 2722 Γ’.

586 2799 749 2855 Vens.
780 2800 834 2858 1.
880 2817 902 2853 ι
931 2800 1062 2856 Erat
1095 2812 1272 2856 autem
1317 2802 1481 2857 homo
1510 2817 1575 2855 ex
1613 2800 1904 2856 Phariszcis
1933 2799 2098 2856 Nico-

2281 2825 2300 2859 t
2332 2802 2442 2861 Ἦν
2472 2807 2529 2861 δὲ
2560 2807 2848 2876 ἄνθρωπος
2882 2807 2947 2861 ὲκ
2977 2806 3085 2860 τῶν
3117 2807 3452 2880 Φαρισαίων,
3486 2807 3826 2878 Νικόδημος

516 2893 705 2948 deuius
746 2895 983 2961 nomine,
1014 2895 1269 2964 princeps
1294 2894 1624 2949 Judznorutn.
1659 2911 1680 2946 ι

2204 2900 2378 2970 ὄνομα
2415 2901 2585 2973 αὐτῷ,
2622 2902 2806 2972 ἄρχων
2827 2901 2937 2955 τῶν
2979 2902 3268 2957 Ἰουδαίων.
3315 2922 3332 2953 ι

592 2986 987 3056 Vituperandns
1035 2988 1138 3042 hoc
1169 2989 1387 3042 nomine
1410 2986 1757 3052 Nicodemus,
1793 2988 1932 3057 quod
1958 2987 2105 3042 clan-

2276 2996 2493 3057 Ψεκτὸς
2527 2999 2554 3050 6
2597 2994 2928 3068 Νικόδημος,
2974 2996 3003 3049 6
3052 2994 3355 3067 λεληθότως
3408 2991 3557 3050 εἶναι
3622 2992 3825 3060 πιστὸς

514 3076 760 3131 dcstinus
785 3094 905 3133 esse
940 3077 1113 3133 ﬁdelis
1144 3079 1297 3135 velit.

940 3077 1113 3133 ﬁdelis
1144 3079 1297 3135 velit.
2208 3085 2551 3157 βουλόμενος.

588 3167 755 3224 Vens.
806 3170 860 3224 5.
926 3169 1225 3241 Respondit
1260 3172 1443 3241 Jesus,
1499 3182 1554 3226 et
1596 3174 1731 3227 dixit
1773 3173 1862 3228 ei:
1902 3175 2099 3240 Amen,

2280 3200 2299 3232 ι
2352 3180 2652 3251 Ἀπεκρίθη
2690 3183 2718 3236 6
2756 3181 3002 3255 Ἰησοῦς,
3029 3182 3125 3238 καὶ
3168 3177 3325 3236 εἶπεν
3356 3180 3508 3249 αὐτῷ
3532 3198 3546 3211 ·
3599 3178 3812 3250 Ἀμὴν,

515 3277 674 3318 omen
704 3262 827 3320 dico
860 3263 977 3333 tibi,
1008 3266 1110 3322 nisi
1156 3269 1280 3337 quis
1310 3279 1533 3324 renatus
1562 3268 1727 3323 fuerit
1758 3270 1955 3337 denuo,
1996 3286 2100 3325 non
2131 3313 2153 3375 ί

2207 3272 2354 3345 ἀμὴν
2402 3273 2544 3341 λέγω
2586 3291 2702 3338 σοι,
2758 3276 2853 3330 ἐὰν
2905 3279 2978 3347 μή
3013 3293 3100 3341 τις
3160 3274 3397 3344 γεννηθῇ
3443 3272 3705 3336 ἄνωθεν,
3757 3268 3821 3324 οὐ

517 3360 694 3423 pozest
720 3355 903 3412 videre
934 3374 1157 3426 regnum
1196 3361 1310 3417 Dei.
1342 3380 1360 3414 ›
2131 3355 2155 3375 “

2131 3355 2176 3375 υ
2207 3364 2433 3418 δύναται
2471 3364 2598 3419 ἰδεῖν
2628 3366 2728 3433 τὴν
2760 3365 3039 3435 βασιλείαν
3067 3364 3161 3419 τοῦ
3192 3364 3354 3419 Θεοῦ.
3389 3385 3406 3417 ι

586 3444 720 3499 Cum
754 3447 820 3502 ad
855 3446 1154 3519 Christum,
1195 3464 1450 3523 tanquam
1479 3459 1545 3514 ad
1582 3475 1771 3528 purum
1806 3459 2103 3523 hominem,

2292 3456 2515 3529 Ἐπειδὴ
2566 3457 2643 3522 ὡς
2692 3457 2833 3529 ψιλῷ
2886 3458 3164 3531 ἀνθρώπῳ
3213 3456 3524 3528 προσῆλθεν
3580 3452 3740 3526 αὐτῷ
3790 3454 3819 3505 6

514 3534 839 3592 Nicodemus
864 3542 1119 3607 accessit,
1150 3545 1334 3600 volens
1370 3563 1492 3602 eum
1542 3553 1607 3604 ad
1656 3567 1715 3605 se
1761 3552 1999 3618 allicere,
2042 3568 2106 3609 ea

2207 3547 2541 3619 Νικόδημος,
2595 3548 2764 3611 θέλων
2814 3549 2978 3603 αὐτὸν
3027 3548 3255 3602 ἑλκύσαι
3292 3548 3432 3618 πρὸς
3473 3544 3705 3609 ἑαυτὸν,
3752 3541 3820 3594 τὰ

514 3645 636 3699 quae
686 3630 920 3688 hominis
967 3644 1181 3701 captum
1234 3653 1512 3709 superant,
1565 3644 1843 3711 edisserit,
1896 3657 1955 3701 ut
2007 3649 2099 3717 qui

2210 3635 2351 3707 ὑπὲρ
2382 3636 2671 3709 ἄνθρωπον
2699 3638 2848 3709 αὐτῷ
2886 3637 3057 3704 λαλεῖ,
3084 3637 3159 3703 ὡς
3188 3637 3303 3692 ἄνω
3332 3635 3409 3689 ὢν
3440 3637 3498 3688 ὲν
3529 3634 3814 3705 οὐρανοῖς,

517 3739 732 3777 sursum
769 3726 839 3780 sit
876 3726 927 3781 iu
963 3728 1136 3795 cmlis,
1182 3735 1501 3804 noveritque
1538 3754 1656 3806 quae
1703 3738 1815 3793 illic
1850 3752 2102 3811 agantur,

2209 3732 2304 3783 καὶ
2341 3730 2497 3796 εἰδὼς
2529 3731 2599 3786 τὰ
2638 3729 2757 3785 ἐκεῖ
2789 3732 3135 3803 πραττόμενα
3158 3770 3174 3794 ,
3215 3731 3313 3785 καὶ
3353 3728 3575 3784 ἐκεῖθεν
3608 3730 3693 3791 είς
3727 3726 3818 3779 ἀν-

518 3817 746 3884 indeqtte
777 3819 844 3872 ad
882 3820 1129 3877 homines
1157 3823 1493 3881 deriventnr.

1249 3824 1493 3881 'iventnr.
2211 3823 2237 3877 0
2245 3822 2466 3894 ρώπους
2503 3843 2579 3878 πα
2589 3825 2723 3896 ραγό
2729 3842 2887 3897 μενα.

588 3906 753 3961 Vens.
783 3908 837 3964 4.
888 3930 907 3960 ι
937 3910 1078 3966 Dicit
1127 3916 1193 3969 ad
1243 3932 1365 3970 enm
1404 3920 1771 3978 l‘ticodemus:
1822 3924 2106 3992 Quomodo
2152 3956 2171 3970 ι

2283 3935 2304 3969 ι
2354 3918 2519 3985 Λέγει
2555 3918 2693 3991 πρὸς
2740 3917 2903 3972 αὐτὸν
2936 3918 2966 3971 6
3011 3917 3346 3989 Νικόδημοςο
3398 3914 3528 3979 Πῶς
3582 3911 3814 3966 δύναται

516 4011 691 4071 potest
729 4003 889 4059 homo
951 4007 1128 4072 nasci,
1166 4022 1288 4062 cum
1343 4011 1413 4064 sit
1467 4015 1682 4069 senex?
1732 4020 1969 4088 nunquid
2005 4036 2105 4090 po-

2208 4005 2303 4059 ἄνθ
2314 4024 2498 4079 ρωπος
2523 4008 2852 4080 γεννηθῆναι
2880 4009 3060 4081 γέρων
3088 4008 3197 4075 ὣνς
3233 4008 3310 4081 μὴ
3342 4007 3572 4062 δύναται
3609 4005 3691 4068 εἰς
3716 4002 3814 4073 τὴν

517 4101 623 4147 test
672 4092 724 4145 in
769 4104 1015 4149 ventrem
1075 4098 1268 4153 matris
1319 4116 1429 4156 sum
1486 4105 1683 4160 iterato
1742 4107 1991 4174 introire,
2052 4118 2108 4166 et

2210 4102 2417 4158 κοιλίαν
2453 4102 2555 4175 τῆς
2605 4104 2813 4177 μητρὸς
2861 4102 3027 4159 αὐτοῦ
3065 4102 3328 4174 δεύτερον
3363 4100 3638 4155 εἰσελθεῖν
3661 4141 3677 4167 ,
3718 4093 3813 4151 καὶ

517 4182 725 4236 renasci
750 4183 775 4236 Ἰ
804 4203 823 4237 ι

2207 4193 2534 4264 γεννηθῆναι
2553 4212 2567 4260 ;
2608 4214 2625 4246 ι

588 4275 689 4341 Qui
713 4276 894 4347 itaque
914 4293 1209 4350 supernam
1238 4285 1569 4354 Angelorum
1596 4289 1809 4346 vivendi
1842 4294 2104 4351 rationem

2291 4284 2348 4337 '0
2392 4285 2493 4356 τὴν
2551 4285 2664 4340 ἅνω
2704 4286 2814 4340 τῶν
2868 4285 3116 4356 ἀγγέλων
3149 4284 3327 4357 ζωὴν,
3377 4284 3473 4338 καὶ.
3516 4282 3587 4338 τὰ
3633 4276 3808 4351 ὑψηλὰ

515 4367 826 4434 :emulatnr,
854 4378 908 4424 et
936 4372 1190 4430 sublimia
1218 4376 1419 4433 Christi
1449 4381 1699 4452 dogmata
1735 4386 2102 4457 amplectitur,

2206 4376 2453 4447 δόγματα
2490 4378 2579 4433 διὰ
2608 4379 2849 4450 Χριστοῦ
2901 4380 3090 4451 μαθὼν
3114 4418 3130 4443 ,
3175 4379 3383 4432 ἄνωθεν
3424 4378 3712 4446 γεννᾶται.
3751 4372 3808 4425 ’0

517 4461 564 4514 is
596 4461 774 4517 denuo
831 4465 1155 4523 renascitur.
1214 4470 1315 4538 Qui
1370 4476 1660 4529 secundant
1713 4478 1841 4533 item
1882 4496 2108 4550 genera-

2206 4468 2305 4539 τὴν
2322 4469 2603 4541 δευτέραν,
2623 4470 2722 4541 τὴν
2744 4470 2834 4523 διὰ
2854 4469 2948 4523 τοῦ
2972 4469 3201 4541 λουτροῦ
3218 4469 3472 4539 γέννησιν
3490 4465 3804 4537 ὑπομένων,

522 4552 719 4607 tionem
744 4568 842 4624 per
875 4555 1145 4614 lavacrum
1194 4562 1441 4633 suscipit,
1479 4565 1523 4620 is
1565 4582 1781 4638 quoque
1812 4571 1989 4626 denuo
2023 4588 2108 4626 re-

2207 4556 2361 4624 οὗτος
2403 4560 2612 4615 ἀνωθεν
2654 4563 2949 4631 γεννᾶται,
2997 4561 3092 4615 καὶ
3132 4562 3160 4614 6
3198 4560 3444 4631 μετέχων
3486 4556 3807 4627 Πνεύματος

520 4643 781 4710 nascitur,
815 4656 869 4700 et
905 4646 1142 4718 Spiritus
1170 4653 1342 4707 sancti
1380 4657 1650 4727 particeps
1680 4657 1927 4716 eﬂicitur.
1988 4659 2099 4717 Vox
2133 4661 2158 4715 ῐ

2168 4667 2178 4711 t
2210 4654 2388 4723 ἁγίου.
2434 4654 2509 4708 Τὸ
2544 4655 2788 4709 ιἈνωθεν
2828 4656 2930 4727 τὴν
2973 4655 3062 4710 διὰ
3090 4653 3185 4709 τοῦ
3219 4653 3541 4723 Πνεύματος
3575 4646 3806 4716 ἀναγέγ-

517 4746 696 4791 autem
728 4738 920 4803 denuo,
974 4740 1211 4812 Spiritus
1236 4747 1410 4801 sancti
1440 4751 1903 4818 regenerationem
1930 4736 2103 4826 signi-

2212 4767 2370 4820 νησιν
2398 4750 2677 4821 σημαίνει,
2706 4751 2800 4803 καὶ
2832 4748 3105 4802 δείκνυσιν
3138 4749 3220 4801 ὅτι
3246 4749 3309 4800 ὲκ
3339 4746 3438 4815 τῆς
3471 4745 3667 4806 οὐσίας
3694 4735 3804 4793 ἐστὶ

521 4829 665 4889 licet.
694 4830 1039 4900 ostenditque
1067 4848 1133 4886 ex
1168 4833 1345 4889 Patris
1393 4838 1697 4894 substantia
1761 4858 1881 4899 esse
1929 4844 2103 4914 Spiri-

2212 4842 2307 4896 τοῦ
2340 4844 2553 4915 Πατρδς
2574 4843 2634 4896 τὸ
2662 4844 2907 4913 Πνεῦμα.
2936 4842 3093 4895 Οῦτω
3117 4841 3224 4913 γὰρ
3257 4840 3351 4894 καὶ
3380 4836 3574 4892 ἑαυτὸν
3602 4830 3802 4891 ἄνωθεν

522 4932 653 4973 tutu.
712 4919 788 4974 lla
834 4938 1049 4992 quoque
1101 4932 1448 4996 semetipsum
1507 4934 1758 4989 Christus
1823 4938 2105 4992 desursum

2213 4934 2508 5005 ὀνομάσας,
2549 4937 2613 4988 ὲκ
2642 4936 2736 5006 τῆς
2772 4934 2960 4995 οὐσίας
2993 4934 3123 4987 ὄντα
3151 4931 3245 4985 τοῦ
3281 4928 3494 5000 Πατρὸς
3526 4924 3799 5000 σημαίνει.

519 5012 826 5076 nominans,
858 5030 922 5067 ex
948 5014 1125 5071 Patris
1148 5018 1447 5073 substantia
1473 5038 1530 5077 se
1551 5025 1817 5083 exsistere
1846 5031 2105 5086 declarat.

591 5098 751 5157 Vens.
794 5102 845 5158 5.
911 5124 928 5156 ι
964 5104 1263 5176 Respondit
1292 5108 1490 5168 Jesus:
1554 5119 1751 5183 Amen,
1780 5136 1937 5175 amen
1985 5124 2106 5179 dit-0

2292 5131 2310 5164 t
2356 5111 2654 5183 Ἀπεκρίθη
2683 5114 2709 5166 6
2750 5112 2974 5182 Ἰησοῦς·
3020 5111 3212 5180 Ἀμὴν,
3236 5111 3383 5179 ἀμὴν
3400 5107 3548 5174 λέγω
3575 5122 3683 5167 σοι,
3709 5098 3802 5154 ἐὰν

521 5192 638 5259 tibi,
699 5196 801 5250 nisi
857 5198 979 5266 quis
1025 5212 1243 5258 renatus
1288 5203 1447 5260 fuerit
1488 5225 1553 5262 ex
1604 5226 1744 5279 aqua
1798 5224 1853 5266 et
1900 5214 2105 5283 Spiritu

2218 5207 2293 5276 μή
2328 5224 2412 5269 τις
2440 5206 2673 5276 γεννηοῇ
2702 5205 2761 5271 ἐξ
2784 5204 2977 5268 ὓδατος
3000 5206 3093 5258 καὶ
3119 5202 3461 5273 Πνεύματος,
3490 5199 3552 5253 οὐ
3581 5198 3798 5253 δύναται

520 5298 731 5352 sancto,
771 5304 875 5343 non
910 5298 1085 5360 potest
1116 5293 1343 5351 introire
1368 5298 1419 5351 in
1461 5316 1683 5370 regnum
1717 5303 1832 5357 Dei.
1862 5322 1881 5356 ι

1770 5304 1832 5357 ci.
1862 5322 1881 5356 ι
2215 5297 2476 5350 εἰσελθεῖν
2511 5298 2591 5360 είς
2617 5298 2715 5368 τὴν
2751 5296 3032 5367 βασιλείαν
3065 5295 3161 5348 τοῦ
3191 5293 3349 5348 Θεοῦ.
3389 5310 3408 5345 ι

587 5379 739 5447 Aqua
772 5382 988 5450 quidem
1026 5400 1224 5456 corpus
1268 5392 1549 5453 emundat.
1602 5398 1695 5449 sed
1749 5396 1987 5450 animum
2026 5403 2109 5451 in-

2289 5391 2361 5443 T6
2388 5390 2532 5462 ὐδωρ
2564 5390 2850 5461 καθαρίζει
2889 5389 2950 5443 τὸ
2986 5389 3145 5460 σῶμα
3165 5427 3182 5452 ,
3214 5388 3310 5442 καὶ
3344 5385 3406 5439 τὸ
3436 5381 3665 5455 Πνεῦμα
3703 5376 3790 5451 τὴν

523 5472 909 5540 aspectabiletn
941 5472 1175 5544 Spiritus
1206 5481 1527 5535 sanctiﬁcat.
1573 5484 1638 5539 Et
1683 5500 1819 5555 aqua
1868 5489 2111 5545 matrieis

2165 5550 2168 5554 ,
2218 5486 2449 5554 ἀόρατον
2494 5484 2712 5553 ἁγιάζει
2761 5484 2962 5554 ψυχήν.
3014 5482 3088 5536 T6
3131 5480 3277 5553 ὕδωρ
3320 5481 3378 5533 ὲν
3410 5479 3563 5547 τάξει
3601 5472 3793 5549 μητρὸς

522 5561 642 5617 loco
684 5566 934 5633 sumitur,
996 5567 1232 5638 Spiritus
1277 5588 1410 5628 vero
1468 5580 1586 5630 vice
1653 5578 1745 5633 Dei
1810 5579 2107 5637 eﬂ'ectoris.

2220 5580 2593 5649 λαμϐάνεται,
2624 5578 2685 5631 τὸ
2716 5579 2773 5632 δὲ
2807 5577 3032 5647 Πνεῦμα
3067 5577 3125 5628 ὲν
3150 5574 3301 5638 τάξει
3332 5572 3426 5626 τοῦ
3455 5570 3791 5627 διαπλάττον·

527 5656 679 5726 Aqua
713 5658 800 5713 illa
828 5674 948 5730 qua:
991 5676 1157 5719 sensu
1192 5666 1508 5738 percipitur,
1543 5671 1609 5725 ad
1645 5671 1882 5726 divinam
1916 5690 2110 5743 quam-

2218 5689 2309 5735 τος
2340 5671 2497 5725 Θεοῦ.
2517 5672 2590 5725 Τὸ
2614 5669 2870 5740 αἰσθητὸν
2895 5669 3039 5739 ὕδωρ
3069 5668 3203 5738 πρὸς
3225 5667 3378 5720 θείαν
3403 5655 3791 5733 ἀναστοιχειοῦ·

529 5750 650 5803 dam
682 5752 934 5809 virtutem
970 5754 1239 5824 elevatur,
1288 5772 1587 5830 omnesque
1638 5778 1774 5832 quos
1826 5767 2113 5835 contigerit

2224 5783 2313 5819 ται
2339 5764 2569 5836 δύναμιν
2592 5804 2607 5827 ,
2644 5763 2737 5817 καὶ
2765 5761 2985 5831 ἁγιάζει
3011 5761 3138 5825 τούς
3164 5761 3224 5845 έν
3250 5755 3331 5822 οἷς
3356 5757 3421 5812 ἂν
3453 5756 3707 5845 γένηται·
3735 5746 3790 5801 τὸ

532 5842 859 5909 sanctiﬁcat,
890 5855 1075 5913 utpote
1096 5847 1215 5903 solo
1244 5862 1537 5907 counotato
1565 5865 1593 5907 a
1629 5853 1835 5923 Spiritu
1869 5858 2110 5925 diversa,

2225 5856 2370 5928 ὕδωρ
2402 5856 2615 5928 ἐπινοίᾳ
2647 5855 2809 5926 μόνον
2841 5852 3109 5926 διαφορὰν
3136 5842 3251 5923 ἔχει
3292 5851 3431 5921 πρὸς
3456 5848 3519 5902 τὸ
3556 5843 3786 5913 Πνεῦμα,

530 5948 654 5991 cum
685 5937 755 6011 sit
780 5938 969 5994 eadem
1009 5942 1345 6010 operatione.
1383 5946 1534 6015 Aqua
1571 5963 1785 6019 quoque
1814 5950 2109 6021 sepulturae

2224 5950 2350 6004 ἐπεὶ
2374 5948 2567 6005 ταύτόν
2596 5951 2712 6003 ἐστι
2740 5951 2805 6021 τῇ
2830 5948 3102 6020 ἐνεργείᾳ..
3125 5947 3200 6000 T6
3222 5944 3370 6015 ὕδωρ
3402 5938 3669 6013 σύμϐολόν
3685 5936 3786 5990 ἐστι
