4148 6562
329 410 464 478 1409

1667 404 1749 463 ΙΝ
1794 404 1854 464 S.
1894 401 2271 464 JOANNEM.

3451 401 3595 468 1410

323 517 504 590 ταφῆς
530 514 626 569 καὶ
646 513 1018 579 ἀναστάσεως,
1046 513 1126 568 διὸ
1162 514 1254 568 xui
1273 510 1591 580 ἀναγκαίως
1617 507 1910 581 παραλαμ-

2019 510 2540 581 resurrectionisque
2596 510 2900 579 symbolum
2971 508 3208 575 exsistit,
3261 524 3592 582 quaprOpn-r

325 613 568 668 ϐάνεται.
607 610 768 680 Τρεῖς
812 609 869 660 δὲ
916 607 1243 669 καταδύσεις
1285 606 1562 674 γίνονται,
1617 602 1713 655 xui
1762 603 1910 670 τρεῖς

323 703 646 767 ἀναδύσεις,
704 700 789 752 ἵνα
825 700 1078 768 γνῶμεν,
1132 700 1213 752 ὅτι
1262 698 1490 766 δυνάμει
1526 695 1760 765 Πατρδς,
1819 693 1912 745 καὶ

324 795 478 861 Υίοῦ,
503 793 598 846 xui
621 791 773 859 ἁγίου
797 790 935 844 Πνεὺ
945 807 1113 861 ματος
1141 790 1211 842 τὰ
1237 789 1414 842 πάντα
1436 786 1764 858 πληροῦται.

400 938 533 1030 ι-Το
560 973 960 1045 γεγεννημένον
995 974 1058 1025 ἐκ
1091 971 1192 1041 τῆς
1223 970 1446 1039 σαρκὸς,
1483 968 1620 1040 σάρξ
1647 969 1782 1019 ἐστι’
1819 967 1914 1019 xui
1941 1047 1948 1054 '

323 1069 385 1124 τὸ
417 1066 818 1137 γεγεννημένον
855 1067 920 1118 ἐκ
952 1064 1046 1117 τοῦ
1091 1063 1430 1133 Πνεῦματος,
1464 1060 1684 1131 πνεῦμά
1713 1061 1848 1113 ἐστι.
1889 1076 1908 1110 ι

397 1164 460 1215 Εἰ
488 1159 626 1231 σάρξ
649 1163 801 1212 ἐστιν
824 1160 855 1229 ἡ
883 1158 1069 1228 Μαρία
1095 1157 1337 1227 ἔμψυχος
1368 1156 1582 1226 λογικὴ,
1613 1155 1708 1207 xui
1731 1155 1759 1206 6
1779 1169 1915 1222 καρ-

327 1253 426 1316 πὸς
457 1251 651 1322 αὐτῆς,
688 1249 975 1318 ὁμοούσιος
1011 1249 1207 1318 αὐτῆς,
1243 1248 1382 1320 σάρξ
1413 1247 1658 1318 ἔμψυχος
1697 1246 1911 1317 λογικὴ,

325 1346 422 1398 xui
471 1346 532 1398 οὺ
583 1344 912 1414 φάντασμα,
962 1343 995 1415 ἢ
1049 1343 1179 1396 ἄλλο
1222 1359 1276 1395 τι
1309 1342 1460 1411 παρὰ
1507 1342 1606 1411 τὴν
1647 1340 1914 1394 τεκοῦσαν

327 1437 527 1510 σάρκα,
557 1437 656 1508 τὴν
682 1436 775 1490 τοῦ
804 1437 980 1504 Λόγου
1009 1436 1211 1506 σάρκα,
1235 1437 1336 1506 τὴν
1361 1433 1540 1506 ψυχὴν
1568 1433 1800 1502 ἔχουσαν
1825 1432 1914 1484 λο-

323 1531 485 1600 γικὴν
506 1571 520 1596 ,
553 1529 610 1582 ἐν
729 1527 966 1600 κατῴκει
997 1531 1105 1582 πᾶν
1133 1528 1194 1581 τὸ
1225 1527 1501 1600 πλήρωμα
1533 1527 1629 1596 τῆς
1663 1526 1915 1597 Οεότητος

328 1621 679 1694 σωματικῶς.

405 1819 424 1852 ι
461 1799 536 1852 T6
567 1797 786 1869 πνεῦμα
820 1799 954 1852 ὅπου
988 1798 1135 1854 ϐέλει
1165 1801 1308 1862 πνεῖ,
1354 1798 1451 1853 xui.
1477 1799 1577 1870 τὴν
1608 1799 1788 1872 φωνὴν
1819 1801 1915 1854 αὑ-

2011 603 2174 658 etiam
2229 605 2536 659 necessario
2584 605 2887 660 adhibenda
2923 614 3026 659 est.
3077 602 3210 660 Tres
3255 615 3436 658 autem
3487 606 3590 660 ini-

2013 697 2314 751 mersiones
2346 699 2676 766 totidemque
2705 697 3039 750 emersiones
3084 695 3446 761 celebrantur,
3487 712 3594 767 quo

2013 792 2129 843 inec
2159 791 2338 843 omnia
2368 789 2546 842 Patris
2573 798 2626 843 et
2655 787 2773 842 Filii
2801 799 2856 843 et
2883 788 3114 858 Spiritus
3165 788 3338 842 sancti
3391 791 3593 845 virtute

2013 880 2194 950 peragi
2231 879 2616 948 intelligamus.

2078 969 2242 1022 Vsus.
2281 971 2332 1023 6.
2383 987 2401 1021 ι
2433 969 2586 1036 Quod
2618 980 2802 1023 natum
2835 977 2920 1024 est
2955 985 3022 1024 ex
3054 986 3236 1038 carne,
3293 987 3422 1029 caro
3475 985 3591 1029 est:

2014 1071 2069 1116 et
2104 1063 2248 1130 quod
2284 1073 2465 1117 natum
2503 1072 2676 1118 estex
2707 1062 2941 1132 Spiritu,
2978 1063 3200 1132 spiritus
3224 1076 3325 1122 est.
3358 1085 3376 1118 ι

2079 1152 2135 1209 Si
2171 1155 2340 1209 Maria
2366 1171 2495 1211 caro
2529 1157 2600 1211 sit
2644 1156 2900 1219 animata,
2951 1163 3006 1210 et
3049 1159 3272 1214 rationis
3302 1159 3593 1230 particeps,

2014 1249 2202 1316 utique
2232 1259 2286 1302 et
2319 1251 2524 1304 l‘ructus
2547 1249 2664 1318 ejus
2700 1249 2798 1318 ipsi
2830 1248 3044 1314 similis,
3075 1265 3203 1304 caro
3237 1267 3452 1321 quoque
3478 1257 3592 1306 ani-

2016 1354 2101 1392 ma
2133 1341 2449 1408 rationeque
2481 1344 2701 1411 pra-dita
2751 1345 2978 1401 exsistet
3009 1364 3022 1412 ;
3063 1361 3167 1398 non
3207 1354 3386 1398 autem
3423 1346 3594 1415 phan-

2019 1439 2214 1498 tasma,
2249 1433 2331 1487 vel
2358 1431 2505 1487 aliud
2536 1436 2813 1504 quidpiam
2844 1455 2872 1491 a
2906 1437 3198 1492 Genitricis
3229 1451 3391 1492 carne
3423 1438 3600 1492 diver-

2015 1538 2157 1590 sum,
2209 1526 2372 1581 Verbi
2416 1542 2544 1582 caro
2590 1527 2770 1590 fuerit,
2821 1538 3004 1600 utpote
3052 1531 3230 1584 anima
3281 1531 3599 1597 ratioiieqne

2016 1613 2246 1683 pollens,
2285 1615 2336 1669 in
2370 1630 2477 1686 qua
2509 1616 2770 1671 habitavit
2801 1618 2980 1673 omnis
3025 1617 3304 1686 plenitudo
3342 1619 3596 1673 divinita-

2019 1707 2085 1761 tis
2117 1707 2473 1776 corporaliter
2497 1708 2539 1739 “

2086 1797 2252 1856 Vens.
2286 1801 2340 1855 8.
2371 1817 2390 1852 ι
2423 1801 2660 1871 Spiritus
2691 1800 2781 1856 ubi
2810 1800 2920 1854 vult
2941 1802 3111 1869 spirat
3138 1819 3152 1854 :
3179 1807 3235 1854 et
3262 1814 3449 1854 vocem
3482 1798 3600 1869 ejus

325 1892 420 1947 τοῦ
455 1891 697 1954 ἀκούεις,
732 1891 849 1945 ἀλλ’
883 1893 984 1945 οὑκ
1013 1888 1160 1955 οἶδας
1193 1892 1357 1946 πόθεν
1396 1892 1654 1964 ἔρχεται,
1687 1895 1781 1946 xui
1811 1895 1914 1948 ποῦ

2020 1894 2196 1958 audis,
2229 1896 2321 1949 sed
2353 1896 2531 1951 neseis
2561 1897 2700 1950 unde
2727 1895 2922 1958 veniat,
2967 1903 3061 1947 aut
3099 1909 3206 1963 quo
3237 1893 3398 1948 vadat
3446 1910 3462 1947 :
3523 1895 3602 1948 sic

327 1985 548 2053 ὑπάγει’
576 1982 747 2048 οὕτως
771 1984 891 2039 ἐστὶ
916 1987 1022 2049 πᾶς
1046 1986 1074 2037 6
1100 1985 1498 2057 γεγεννημένος
1531 1985 1596 2039 ἐκ
1623 1986 1717 2040 τοῦ
1745 1987 1917 2041 Πνεῦ-

330 2093 526 2147 ματος.
563 2095 582 2128 ι

399 2169 622 2241 Πνεῦμα
661 2174 689 2224 6
716 2170 903 2241 Πατὴρ
937 2169 1008 2232 ὡς
1053 2168 1206 2236 Θεὸς,
1249 2169 1470 2241 πνεῦμα
1504 2171 1596 2224 καὶ
1631 2171 1658 2222 ὀ
1687 2170 1810 2232 Υἱὸς
1842 2169 1919 2233 ὼς

327 2263 481 2327 Θεὸς·
525 2263 605 2316 διὸ
651 2265 712 2317 τὸ
755 2263 1001 2332 πνεῦμα,
1037 2263 1066 2314 ὃ
1100 2264 1247 2314 ἐστιν
1297 2263 1326 2316 6
1364 2263 1498 2326 Θεὸς
1539 2263 1632 2317 xui
1685 2263 1914 2333 Πατὴρ,

330 2355 549 2427 πνεῦμα
573 2357 767 2420 τίκτει,
800 2357 827 2409 ὃ
848 2358 963 2408 ἐστι
999 2356 1090 2407 τὸν
1115 2355 1244 2408 Υίὸν
1275 2358 1368 2410 καὶ
1392 2355 1545 2410 Θεόν.
1595 2355 1919 2426 Ὀμοούσιος

329 2445 424 2504 οὖν
465 2452 493 2503 6
546 2450 785 2519 Χριστὸς
827 2448 906 2519 τῷ
961 2448 1138 2519 Πατρ).
1177 2448 1320 2502 κατὰ
1364 2448 1460 2519 τὴν
1513 2448 1744 2519 Θεὸτητα
1769 2489 1783 2512 ,
1825 2448 1920 2501 xui

330 2543 618 2612 ὁμοοῦσιος
655 2545 718 2611 τῇ
754 2542 941 2611 Μητρὶ
977 2542 1116 2593 κατά
1165 2541 1266 2611 τὴν
1303 2541 1500 2611 σάρκα,
1539 2544 1587 2594 εί
1618 2543 1710 2594 καὶ
1749 2535 1829 2602 εἷς
1862 2540 1921 2605 ἐξ

332 2635 536 2704 ἀμφοῖν
578 2635 620 2689 ὁ,
648 2634 904 2703 Χριστὸς,
938 2632 1225 2702 ἀτρέπτως
1256 2631 1352 2684 καὶ
1397 2631 1744 2701 ἀσυγχὺτως,
1777 2632 1921 2682 κατὰ

331 2729 388 2781 δὲ
431 2729 521 2780 τὸν
564 2727 863 2788 κανονικὼς
895 2725 1183 2779 ἐκτεθέντα
1231 2724 1328 2777 νῦν
1380 2726 1535 2796 παρὰ
1578 2724 1672 2777 τοῦ
1717 2726 1919 2795 Κυρίου

332 2818 524 2889 λόγον,
576 2819 663 2872 διὰ
697 2818 938 2889 Χριστοῦ
979 2815 1450 2887 άναμορφούμεθα
1475 2855 1490 2880 ,
1534 2816 1636 2885 τῆς
1683 2815 1922 2878 διανοίας

333 2912 492 2984 ἡμῶν
519 2913 598 2974 εἰς
628 2910 1004 2982 πνευματικὴν
1027 2909 1288 2979 ποιότητα
1318 2907 1810 2978 διαπλαττομένης.

411 3113 431 3144 ι
475 3093 538 3147 Ei
585 3093 656 3146 τὰ
691 3091 909 3160 ἐπίγεια
952 3085 1106 3143 εἷπον
1155 3089 1314 3158 ὑμῖν,
1367 3087 1462 3140 xui
1494 3088 1556 3141 οὐ
1601 3087 1919 3153 πιστεύετε,

335 3186 475 3252 πῶς,
504 3185 600 3238 ἐὰν
633 3186 772 3236 εἴπω
798 3185 930 3252 ὑμῖν
952 3182 1019 3234 τά
1044 3181 1364 3250 ἐπουράνια,
1401 3180 1758 3244 moratione;
1794 3197 1811 3229 ι

420 3277 694 3343 Ἐπίγειον
727 3274 882 3327 καλεῖ
915 3273 974 3326 τὸ
1012 3273 1314 3342 βάπτισμα,
1353 3273 1497 3324 θεῖον
1526 3270 1584 3322 ὃν
1621 3271 1716 3322 xui
1755 3286 1919 3322 πνευ-

340 3368 598 3438 ματικὸν,
638 3366 824 3434 ἐπειδὴ
864 3366 956 3416 ἐπὶ
1001 3366 1105 3434 γῆς
1151 3363 1411 3428 τελεῖται,
1460 3362 1597 3434 πρὸς
1651 3362 1922 3432 άγιασμὸν

338 3461 449 3512 τῶν
479 3461 570 3512 ἐπὶ
604 3459 709 3527 γῆς
738 3457 908 3510 ὄντων
940 3455 1264 3526 ἀνθρώπων.

421 3571 439 3601 ι
479 3551 586 3601 Καὶ
621 3550 794 3611 οὐδεὶς
823 3547 1170 3616 ἀναϐέϐηκεν
1199 3550 1278 3610 εἰς
1309 3547 1401 3601 τὸν
1432 3547 1685 3616 οὐρανὸν,
1717 3548 1766 3599 εί
1793 3546 1868 3616 μὴ
1895 3547 1924 3599 6

341 3642 406 3693 ἐκ
441 3641 534 3692 τοῦ
585 3639 818 3711 οὐρανοῦ
866 3638 1144 3703 καταϐάς,
1177 3640 1206 3691 6
1250 3638 1376 3702 Υἱὸς
1405 3638 1502 3691 τοῦ
1548 3637 1859 3710 ἀνθρώπου,
1895 3639 1924 3690 6

337 3733 412 3785 ὢν
446 3735 503 3785 ἐν
532 3733 610 3802 τῷ
638 3730 875 3802 οὐρανῷ.
919 3750 938 3782 ι

409 3825 564 3879 Μετὰ
600 3826 698 3895 τὴν
737 3824 858 3876 καθ’
897 3823 1197 3876 ὑπόστασιν
1231 3822 1464 3889 ἕνωσιν,
1517 3824 1816 3876 κοινοποιεῖ
1855 3822 1923 3875 τὰ

337 3920 436 3990 τῆς
470 3919 695 3988 σαρκὸς,
723 3917 934 3984 καὶτῆς
957 3916 1210 3986 θεότητος
1236 3915 1378 3968 κατά
1407 3913 1505 3978 τὰς
1527 3915 1828 3985 ἐνεργείας,
1860 3915 1922 3967 οὑ

339 4011 480 4065 κατὰ
513 4011 817 4082 μεταϐολὴν
846 4009 957 4062 τῶν
983 4008 1043 4072 ἐξ
1065 4001 1140 4061 ὧν
1157 4010 1186 4060 6
1212 4007 1474 4078 Χριστός.
1523 4007 1838 4079 Ἐνεργείας
1866 4007 1923 4061 δὲ

339 4105 436 4158 xui
466 4105 498 4175 ή
525 4104 827 4166 κατάϐασις
859 4103 953 4155 καὶ
984 4102 1017 4172 ή
1058 4099 1342 4164 ἀνάϐασις.

410 4288 527 4342 Οὐκ
557 4287 674 4340 ἔστι
705 4286 762 4339 δὲ
788 4286 1041 4355 οὐράνιον
1066 4282 1127 4336 τὸ
1155 4282 1250 4336 τοῦ
1280 4283 1488 4354 Κυρίου
1515 4280 1696 4352 σῶμα,
1725 4281 1924 4334 πάθεσι

340 4382 450 4452 γὰρ
479 4381 787 4432 ὑπόκειται.
825 4378 913 4440 Ὠς
938 4377 996 4430 δὲ
1022 4371 1101 4440 εἷς
1125 4375 1202 4428 ὢν
1231 4377 1247 4416 i
1280 4374 1418 4444 μετὰ
1444 4374 1645 4445 σαρκὸς
1665 4415 1680 4439 ,
1707 4374 1926 4442 λέγεται

343 4474 469 4536 Υἱὸς
497 4471 805 4543 ἀνθρώπου,
824 4471 932 4524 ἀπὸ
953 4471 1052 4541 τῆς
1074 4469 1354 4531 ἐλάττονος
1383 4468 1569 4530 οὐσίας
1589 4465 1708 4520 ὅλον
1735 4467 1924 4520 ἑαυτὸν

342 4565 613 4636 ὀνομάσας
647 4564 662 4612 l
698 4603 711 4618 .

417 4673 440 4704 ι
500 4657 608 4708 Καὶ
671 4654 855 4716 καθὼς
909 4654 1155 4723 Μωῦσῆς
1213 4652 1397 4722 ὕψωσε
1447 4653 1539 4706 τὸν
1585 4653 1711 4722 ὅφιν
1761 4653 1820 4706 ὲν
1853 4655 1919 4722 τῇ

341 4749 561 4819 ἐρήμῳ,
592 4747 766 4811 οὕτως
821 4747 1104 4818 ὑψωθῆναι
1147 4747 1228 4800 δεῖ
1270 4747 1362 4800 τὸν
1407 4747 1536 4802 Υἱὸν
1577 4748 1671 4801 τοῦ
1711 4747 1923 4818 ἀνθρώ-

341 4859 466 4896 που.
502 4860 521 4892 1

416 4933 630 5002 ’Ὠσπερ
663 4934 690 4984 6
719 4930 956 5001 χαλκοῦς
981 4932 1105 5001 ὄφις
1141 4932 1241 4986 οὑκ
1271 4928 1339 5005 ἦν
1369 4932 1431 4986 τὸ
1461 4933 1666 4986 ίοεόλον
1696 4931 1883 5002 θηρίον
1907 4972 1921 4996 ,

342 5023 461 5077 ἀλλ’
507 5024 761 5092 ὁμοίωμα
802 5023 848 5060 ιι·
879 5025 1050 5087 οὑτως
1104 5023 1122 5062 1
1160 5026 1254 5079 xui
1287 5028 1320 5097 ἡ
1358 5025 1496 5097 σὰρξ
1541 5025 1636 5078 τοῦ
1691 5025 1920 5094 Κυρίου,

345 5115 485 5188 σάρξ
523 5116 619 5186 μὲν
657 5111 727 5185 ἦν
759 5117 876 5168 κατ’
909 5116 1187 5184 ἀλήθειαν,
1219 5117 1280 5170 οὑ
1316 5118 1422 5188 μὴν
1453 5117 1595 5189 σάρξ
1629 5117 1924 5187 ἁμαρτίας,

342 5210 456 5263 ἀλλ’
491 5208 748 5278 ὁμοίωμα
789 5208 990 5279 σαρκὸς
1021 5209 1319 5280 ἁμαρτίας.

415 5301 488 5354 T6
533 5299 818 5370 ὑψωθῆναι
867 5301 1018 5370 δηλοῖ
1049 5303 1110 5354 τὸ
1157 5304 1463 5372 ἐμφανῆναι
1511 5302 1608 5355 καὶ
1653 5300 1926 5371 ἐπίσημον

341 5395 597 5466 γενέσθαι
622 5394 713 5446 τὸν
742 5396 996 5466 Χριστόν.
1030 5393 1317 5466 [(Σιιιιιιιιειι
1350 5396 1389 5468 .]

418 5507 438 5540 ι
471 5486 660 5552 υὺτως
693 5487 804 5556 γὰρ
834 5489 1121 5558 ἠγάπησεν
1150 5491 1179 5542 6
1217 5489 1347 5554 Θεὸς
1379 5489 1470 5544 τὸν
1500 5489 1740 5561 κόσμον,
1783 5489 1923 5542 ὥστε

416 5635 459 5669 ⁸⁵
478 5634 690 5692 Coloss.
719 5653 780 5701 ιι,
813 5635 866 5690 9.

417 5779 437 5818 ι
474 5775 565 5830 Cr.
599 5777 722 5831 add.
758 5777 870 5833 xui.

350 5843 366 5885 ⁸
409 5847 500 5904 Cr.
532 5846 696 5901 οὕτω.

2017 1993 2103 2040 est
2131 1985 2309 2042 omnis
2334 1987 2425 2056 qui
2453 1988 2698 2042 nascitur
2728 2001 2796 2042 ex
2830 1987 3059 2057 Spiritu.
3093 2005 3114 2038 ι

2048 2163 2056 2165 ”
2094 2171 2327 2244 Spiritus
2356 2157 2628 2227 Pater-Est
2665 2181 2724 2225 ut
2769 2171 2934 2236 Deus,
2987 2169 3225 2241 Spiritus
3252 2184 3469 2240 quoque
3503 2169 3592 2225 Fio

2021 2267 2125 2321 lius
2153 2277 2236 2322 est
2285 2274 2342 2320 ut
2393 2265 2534 2319 Deus
2583 2283 2596 2318 :
2652 2265 2908 2334 quocirca
2961 2262 3220 2331 Spiritus,
3250 2262 3344 2331 qui
3378 2264 3517 2317 Deus
3548 2273 3604 2318 et

2021 2358 2186 2412 Pater
2213 2367 2318 2422 est,
2350 2357 2611 2426 Spiritum
2640 2357 2830 2426 gignit,
2883 2357 2936 2410 id
2975 2366 3060 2412 est
3107 2355 3300 2409 Filium
3332 2365 3386 2409 et
3415 2356 3601 2411 Deum.

2022 2449 2279 2520 Ejusdem
2314 2449 2480 2520 igitur
2505 2449 2756 2504 Christus
2801 2464 2926 2502 cum
2975 2447 3138 2502 Patre
3173 2451 3488 2505 substantiae
3522 2461 3604 2506 est

2022 2542 2318 2597 secundum
2351 2540 2705 2604 divinitatem,
2746 2539 2940 2594 similis
2971 2554 3187 2608 quoque
3227 2539 3379 2594 Matri
3406 2556 3605 2595 secun-

2023 2637 2148 2690 dum
2179 2649 2419 2696 carnem,
2449 2633 2661 2689 tametsi
2690 2650 2755 2687 ex
2780 2634 3024 2702 utrisque
3071 2634 3144 2688 sit
3189 2650 3328 2688 unus
3355 2634 3606 2690 Christus

2023 2727 2140 2781 sine
2167 2726 2561 2792 immutatione,
2595 2735 2648 2781 et
2683 2727 2888 2794 absque
2916 2725 3020 2779 ulla
3049 2725 3420 2795 permistione.
3442 2724 3602 2780 Juxta

2024 2819 2235 2873 Domini
2263 2827 2442 2873 autem
2473 2819 2584 2887 jam
2617 2819 2921 2888 expositum
2953 2833 3282 2885 sermonem,
3321 2834 3418 2887 per
3445 2817 3603 2874 Chri-

2023 2920 2164 2965 smm
2231 2909 2611 2973 relormamnr,
2686 2921 2866 2964 mente
2924 2919 3111 2965 nostra
3175 2909 3230 2964 in
3306 2910 3604 2982 spiritalem

2024 3003 2315 3071 quamdam
2349 3003 2662 3070 qualitatem
2695 3003 3107 3058 transformata.

2095 3091 2259 3145 Vens.
2295 3090 2378 3145 l2.
2419 3111 2436 3144 ι
2468 3092 2522 3146 Si
2563 3103 2774 3144 terrena
2824 3091 2932 3144 dixi
2967 3091 3142 3153 vobis,
3189 3099 3246 3145 et
3279 3105 3384 3143 non
3424 3088 3601 3144 credi-

2030 3187 2118 3247 tis,
2148 3187 2439 3256 quomodo,
2479 3185 2523 3240 si
2557 3187 2745 3240 dixero
2777 3185 2928 3238 vobis
2965 3183 3232 3248 caalesda,
3274 3183 3550 3236 credetis?
3579 3201 3597 3234 ι

2099 3275 2396 3330 Terrenum
2444 3276 2708 3344 baptisma
2767 3281 2943 3340 vocat,
3005 3288 3125 3326 cum
3161 3272 3403 3326 divinum
3450 3272 3523 3327 sit
3551 3281 3605 3325 et

2024 3368 2288 3436 spiritale,
2321 3372 2446 3438 quia
2480 3369 2733 3420 nimirum
2786 3367 2874 3420 hic
2912 3368 2962 3420 in
3020 3379 3162 3420 terra
3205 3365 3504 3432 confertur,
3539 3367 3604 3420 ad

2024 3461 2292 3524 homines,
2323 3461 2413 3529 qui
2447 3469 2650 3514 terram
2681 3461 2946 3521 inc-olunt,
2981 3459 3423 3514 sanctiﬁcandos.

2095 3553 2261 3608 Vens.
2296 3553 2385 3608 15.
2433 3553 2528 3606 «Et
2561 3568 2717 3606 nemo
2742 3553 2982 3606 ascendit
3019 3551 3070 3604 in
3100 3551 3320 3614 (mlum,
3366 3551 3467 3606 nisi
3515 3552 3604 3618 qui

2026 3647 2306 3702 descendit
2359 3647 2425 3700 de
2480 3645 2638 3710 caelo,
2702 3645 2870 3700 Filius
2929 3645 3201 3710 hominis,
3263 3644 3352 3713 qui
3409 3654 3492 3698 est
3553 3645 3604 3696 in

2025 3741 2184 3794 coelo.
2215 3757 2232 3790 ι

2096 3831 2323 3900 Propter
2354 3827 2664 3900 bypostasis
2699 3827 2974 3892 unionem,
3023 3842 3085 3882 ea
3119 3841 3238 3895 quae
3267 3836 3394 3880 sunt
3424 3827 3607 3881 carnis

2027 3921 2436 3989 divinitatisque
2465 3921 2516 3973 in
2552 3917 2792 3983 Christo,
2827 3934 2931 3971 non
2963 3918 3177 3986 quidem
3216 3931 3312 3985 per
3362 3917 3524 3969 unius
3552 3917 3604 3969 in

2028 4015 2258 4070 alterum
2291 4013 2724 4072 conversionem,
2760 4014 2850 4066 sed
2882 4013 3177 4064 secundum
3207 4009 3602 4078 operationem,

2027 4107 2129 4161 sibi
2165 4107 2392 4158 invicem
2422 4103 2849 4158 conununicant.
2882 4101 2962 4154 Ad
3003 4101 3373 4168 operationem
3424 4109 3602 4154 autem

2027 4206 2134 4251 tam
2165 4212 2421 4251 ascensus
2450 4211 2608 4264 quam
2645 4194 2938 4248 descensus
2970 4202 3240 4261 spectant.

2098 4289 2216 4343 Non
2268 4299 2450 4343 autem
2494 4303 2688 4356 corpus
2741 4285 2950 4339 Domini
3001 4286 3220 4340 caeleste
3273 4297 3379 4353 est,
3424 4294 3608 4355 utpote

2028 4385 2373 4452 passionibus
2427 4381 2753 4449 subjectum.
2817 4381 3083 4446 Quoniam
3146 4395 3274 4433 vero
3330 4395 3467 4432 unus
3527 4389 3612 4432 est

2029 4493 2149 4531 cum
2206 4491 2393 4539 carne,
2451 4475 2590 4528 ﬁlius
2643 4473 2874 4527 hominis
2924 4479 3286 4539 nuncupatur,
3345 4486 3373 4522 a
3432 4470 3608 4524 viliori

1955 4584 2002 4642 ι)
2032 4570 2287 4622 nimirum
2329 4567 2648 4621 substantia:
2693 4566 2940 4633 portione
2982 4578 3040 4618 se
3089 4572 3259 4616 totum
3299 4564 3605 4617 nominans.

2105 4661 2268 4715 Vens.
2304 4661 2394 4716 14.
2449 4679 2466 4711 ι
2504 4660 2568 4712 Ει
2598 4658 2738 4712 sicut
2769 4657 2978 4726 Moyses
3013 4656 3268 4709 exaltavit
3301 4663 3608 4723 serpentem

2030 4754 2083 4809 in
2115 4757 2345 4818 deserto,
2381 4755 2454 4806 ita
2484 4752 2709 4806 exaltari
2739 4759 2950 4818 Oportet
2979 4748 3172 4801 Filium
3205 4747 3458 4802 hominis.
3489 4765 3508 4798 ι

2104 4930 2574 4996 Quemadmodum
2618 4944 2843 4998 serpens
2870 4943 3054 4983 amens
3086 4944 3194 4982 non
3224 4938 3344 4982 erat
3376 4943 3610 4982 venena-

2033 5034 2160 5088 tus;
2190 5025 2281 5075 sed
2322 5033 2601 5076 venenata:
2629 5022 2756 5076 ferte
2798 5021 3182 5075 simulacrum:
3219 5022 3290 5074 ita
3321 5036 3449 5074 caro
3474 5038 3607 5089 quo-

2031 5133 2136 5186 que
2165 5115 2378 5170 Domini
2405 5131 2532 5170 vera
2567 5115 2784 5185 quidem
2819 5126 2938 5170 erat
2964 5130 3114 5178 caro,
3148 5131 3251 5169 non
3280 5125 3456 5167 tamen
3481 5130 3608 5169 caro

2031 5211 2264 5280 peccati,
2299 5210 2390 5264 sed
2418 5209 2714 5263 similitudo
2740 5210 2920 5263 carnis
2952 5210 3181 5279 peccati.

2103 5303 2378 5357 Christum
2412 5312 2589 5357 autem
2619 5303 2839 5369 elevari,
2875 5303 3015 5357 idem
3043 5313 3128 5357 est
3150 5317 3215 5357 ac
3255 5302 3606 5372 conspicuum

2029 5407 2084 5453 et
2114 5397 2375 5450 illustrem
2407 5397 2546 5450 ﬁeri.

2106 5486 2270 5542 Vitas.
2306 5488 2394 5544 16.
2446 5507 2464 5542 ι
2499 5486 2590 5545 Sic
2635 5487 2778 5543 enim
2826 5487 2970 5544 Deus
3004 5487 3191 5544 dilexit
3220 5488 3500 5548 mundum,
3549 5495 3607 5542 ut

952 5775 965 5827 i
1007 5776 1100 5832 Cr.
1127 5772 1278 5831 addit
1311 5791 1324 5829 :
1359 5772 1548 5844 ὥσπερ
1574 5777 1666 5830 καὶ
1691 5775 1797 5830 ἀπὸ
1827 5777 1918 5847 τῆς

2019 5779 2215 5850 ότητος
2242 5777 2364 5832 ὅλον
2400 5779 2596 5834 ἑαυτὸν
2632 5777 2808 5835 καλεῖ.
2902 5777 2930 5818 ι
2962 5777 3057 5835 Cr.
3086 5777 3210 5834 add.
3238 5773 3333 5830 τοῦ
3367 5769 3598 5829 ἰοϐόλον.
