4148 6570
642 344 779 415 1411,

634 463 828 517 Filium
885 475 1039 515 suum
1090 455 1428 527 unigenitum
1505 454 1699 510 daret:

636 552 809 608 credit
866 552 920 607 in
965 566 1112 616 eum,
1181 565 1287 604 non
1353 555 1565 614 pereat,
1629 548 1726 603 sed
1791 548 1988 603 habeat
2052 547 2220 602 vitam

637 655 919 701 aternatu.
953 662 973 695 ι

711 737 904 794 Omnia
934 739 1023 793 hic
1042 738 1238 793 iterum
1265 741 1581 796 communia
1608 736 1773 803 facit;
1800 742 1923 804 post
1945 732 2223 799 unionem,

642 830 843 885 nullam
870 844 1173 900 agnoscens
1197 831 1541 885 divisionem.
1563 828 1740 885 Carne
1762 824 2030 894 siquidem
2061 822 2223 876 morti

640 923 883 992 exposita
916 936 1014 991 pro
1046 922 1233 977 saeculi
1261 922 1395 987 vita,
1434 922 1665 991 ipsemet
1707 918 1878 973 Filius
1914 915 2074 970 morti
2110 924 2225 968 tra-

642 1014 786 1068 ditus
834 1013 1055 1078 dicitur,
1109 1013 1360 1083 quamvis
1414 1021 1476 1066 ut
1525 1013 1667 1066 Deus
1718 1008 1986 1079 passionis
2032 1020 2226 1074 expers

639 1106 1026 1175 permanserit,
1073 1105 1187 1159 sola
1223 1118 1418 1169 carne,
1461 1118 1585 1173 quae
1628 1102 1729 1173 ipsi
1776 1099 1994 1171 propria
2046 1106 2224 1161 erant,

640 1199 962 1262 sustinente,
1001 1201 1218 1268 quando
1247 1198 1505 1253 nimirum
1537 1205 1592 1253 et
1618 1203 1883 1268 quantum
1915 1192 2129 1250 volebat
2163 1206 2228 1246 ac

640 1292 989 1363 permittebat
1023 1292 1189 1349 Deus.

711 1385 902 1439 Ariani
958 1385 1161 1440 idcirco
1214 1385 1390 1448 aiunt,
1420 1382 1607 1439 vocari
1643 1381 1837 1436 Filium
1866 1380 2227 1450 unigenitum,

639 1477 783 1545 quod
815 1476 962 1532 solus
1002 1492 1072 1532 ex
1122 1478 1231 1531 Deo
1280 1488 1440 1530 natus
1486 1479 1578 1531 sit.
1632 1473 1714 1527 Ad
1748 1486 1884 1540 quos
1917 1470 2223 1531 dicendum,

643 1568 809 1624 solem
846 1571 1010 1624 etiam
1056 1585 1084 1623 a
1118 1569 1438 1639 quibusdam
1491 1568 1827 1641 unigenitum
1862 1565 2067 1629 vocari,
2101 1563 2226 1632 quia

642 1660 787 1716 solus
817 1670 941 1728 est;
980 1675 1324 1732 nequaquam
1365 1670 1549 1714 tamen
1588 1658 1730 1712 tilius
1762 1666 1869 1712 est.

1764 341 2102 403 AMMONII
2141 335 2678 421 ALEXANDRINI

1779 466 1838 509 ut
1891 455 2070 510 omnis
2129 452 2219 522 qui

2327 453 2419 505 τὸν
2450 452 2577 504 Υίὸν
2607 447 2775 505 αὐτοῦ
2808 448 2899 502 τὸν
2936 451 3202 520 μονογενῆ
3232 448 3453 503 ἓέδωκεν⁸
3488 448 3579 503 ἵνα
3620 449 3730 513 πᾶς
3766 450 3793 504 6
3821 467 3893 505 1r:-

3772 335 3890 403 1412

2329 542 2535 596 στεύων
2586 542 2667 606 εἰς
2718 539 2910 607 αὐτὸν,
2972 539 3047 612 μὴ
3086 541 3389 613 ἀπόληται,
3444 540 3562 593 ἀλλ’
3625 540 3725 613 ἔχῃ
3769 541 3894 616 ζωὴν

2326 651 2565 688 αιωνιον.
2602 653 2621 687 ι
3162 703 3167 707 ψ

2397 720 2526 779 Ὧδε
2553 726 2716 780 πάλιν
2747 728 3043 780 κοινοποιεῖ
3067 724 3129 778 τὸ
3160 725 3291 791 πᾶν,
3324 724 3425 779 οὐκ
3453 724 3610 789 εἰδὼς
3642 728 3897 798 χωρισμὸν

2330 818 2470 888 μετὰ
2497 817 2595 889 τὴν
2628 818 2846 872 ἕνωσιν·
2871 819 2971 889 τῆς
3001 818 3110 888 γὰρ
3141 817 3345 889 σαρκὸς
3370 817 3629 888 τεθείσης
3660 818 3795 889 ὑπὲρ
3814 818 3899 889 τῆς

2326 908 2420 965 τοῦ
2450 909 2661 981 κόσμου
2694 909 2841 979 ζωῆς
2861 952 2877 976 ,
2913 911 3009 964 καὶ
3036 909 3285 980 δοθείσης
3314 911 3394 975 είς
3424 910 3692 975 θάνατον,
3726 912 3754 963 6
3793 912 3898 974 Υἱὸς

2286 1000 2547 1072 ⁸λέγεται
2597 1001 2845 1056 δεδόσθαι
2886 1004 2967 1066 είς
3013 1003 3105 1055 τὸν
3151 1001 3407 1071 θάνατον,
3450 1002 3662 1075 καίπερ
3705 1003 3899 1074 ἀπαθὴς

2332 1095 2521 1167 μείνας
2542 1094 2618 1158 ὠς
2648 1094 2801 1158 Θεὸς,
2835 1094 2934 1166 τῆς
2962 1094 3130 1149 αὐτοῦ
3162 1095 3334 1167 μόνης
3362 1096 3689 1166 πασχούσης
3715 1096 3781 1150 τὰ
3811 1098 3900 1150 ἴδια

2330 1187 2554 1260 σαρκὸς,
2590 1188 2681 1241 ὅτε
2712 1187 3014 1259 συνεχώρει
3046 1189 3144 1243 καὶ
3176 1188 3396 1260 ἢθελεν.
3440 1186 3669 1261 [Clum]

2400 1368 2464 1422 Οἱ
2521 1368 2791 1440 Ἀρειανοὶ
2832 1366 3083 1438 λέγουσιν
3105 1407 3121 1433 ,
3172 1368 3256 1422 ὅτι
3288 1367 3377 1421 διὰ
3415 1367 3578 1421 τοῦτο
3612 1366 3849 1421 καλεῖται
3878 1368 3904 1419 6

2330 1461 2458 1525 Υἱὸς
2500 1461 2814 1533 μονογενὴς,
2851 1461 2933 1514 ὅτι
2976 1460 3136 1532 μόνος
3160 1461 3225 1513 ὲκ
3251 1460 3388 1514 Θεοῦ
3422 1460 3640 1529 γέγονε·
3668 1459 3800 1532 πρὸς
3820 1459 3901 1523 οὓς

2329 1554 2584 1618 λεκτέον,
2616 1554 2697 1607 ὅτι
2731 1554 2828 1607 καὶ
2869 1553 2961 1608 τὸν
3002 1554 3154 1625 ἥλιόν
3194 1571 3342 1616 τινες
3373 1552 3597 1622 λέγουσι
3632 1553 3898 1623 μονογενῆ.

2330 1647 2467 1700 καθὸ
2504 1646 2655 1718 ἥλιος
2678 1646 2839 1718 μόνος
2863 1648 3010 1702 ἐστίν
3030 1666 3044 1681 ·
3088 1647 3204 1701 ἀλλ’
3230 1648 3414 1701 οὐκέτι
3445 1648 3540 1701 καὶ
3570 1647 3889 1717 Υἱόςδὲστιν.

2334 1739 2569 1812 [Clum]

713 1844 769 1900 Si
816 1846 1069 1902 Christus
1116 1844 1360 1900 venisset
1390 1852 1449 1897 ut
1482 1842 1741 1897 mundum
1772 1837 2068 1906 judicaret,
2107 1852 2226 1892 om-

2336 1803 2356 1811 -
2403 1834 2467 1887 Εἰ
2499 1803 2593 1887 ἐπὶ
2624 1833 2687 1887 τὸ
2715 1835 2901 1906 κρῖναι
2931 1832 3024 1887 τὸν
3058 1832 3265 1905 κόσμον
3299 1832 3553 1903 ἐληλύθει
3592 1833 3622 1885 6
3662 1830 3897 1902 Χριστὸς,

639 1954 740 1994 nes
770 1940 957 2007 utique
987 1938 1376 1993 condemnaret
1414 1953 1427 1989 :
1488 1935 1581 1990 sed
1633 1935 1904 2004 prazcipue
1949 1931 2117 1996 venit,
2170 1938 2229 1984 ut

640 2031 846 2087 salvum
880 2031 1044 2083 faciat
1074 2029 1353 2083 mundum.
1400 2026 1651 2081 luiideles
1698 2037 1877 2079 autem
1937 2039 2032 2094 per
2077 2022 2225 2077 acci-

641 2126 775 2179 deus
800 2124 1028 2191 judicat.
1068 2121 1185 2177 Non
1214 2122 1365 2177 venit
1396 2122 1539 2177 sicut
1571 2121 1659 2176 lex
1704 2118 1945 2173 Mosaica
1971 2126 2029 2172 ut
2065 2132 2226 2173 mutt-

639 2216 766 2270 dum
788 2214 1018 2283 judicet,
1045 2214 1137 2269 sed
1164 2222 1224 2268 ut
1253 2214 1462 2269 salvum
1496 2211 1683 2267 faciat.

711 2307 872 2361 Vens.
903 2306 993 2361 18.
1049 2323 1068 2357 ι
1095 2304 1195 2373 Qui
1252 2306 1429 2361 credit
1470 2304 1523 2358 in
1576 2319 1724 2368 eum.
1761 2318 1865 2359 non
1910 2301 2224 2373 judicatur:

638 2398 732 2467 qui
760 2407 938 2452 autem
986 2414 1094 2452 non
1122 2397 1317 2463 credit,
1361 2396 1474 2465 jatn
1516 2395 1790 2463 judicatus
1818 2406 1923 2458 est,
1966 2395 2093 2464 quia
2120 2407 2225 2448 non

640 2488 818 2544 credit
854 2489 906 2542 in
935 2489 1159 2543 nomine
1190 2486 1449 2557 unigeniti
1477 2486 1596 2540 Filii
1630 2485 1747 2540 Dei.
1783 2504 1803 2539 ι

716 2582 1020 2637 Universitn
1078 2582 1260 2651 itaque
1318 2580 1610 2635 tenendum
1686 2595 1926 2648 omnem,
1972 2581 2063 2651 qui
2119 2596 2223 2636 non

637 2674 809 2729 credit
856 2674 908 2728 in
961 2673 1268 2736 Christum,
1320 2672 1763 2736 condemnatum,
1816 2673 2079 2742 supplicio
2113 2685 2227 2729 tra-

641 2766 879 2820 dendum
904 2778 1047 2819 esse.
1080 2762 1173 2817 Isti
1208 2762 1375 2833 igitur
1406 2778 1754 2831 nequaquam
1781 2764 1832 2817 iu
1854 2763 2116 2831 judicium
2142 2764 2228 2819 ad-

641 2856 892 2920 ducendi,
922 2862 1105 2924 utpote
1138 2852 1251 2922 jam
1287 2853 1660 2909 condemnati.
1705 2853 1848 2909 Idem
1899 2856 1966 2911 de
2014 2856 2227 2911 diabolo

640 2947 1024 3004 sentiendum:
1067 2946 1322 3014 quoniam
1386 2946 1647 3015 princeps
1689 2946 1847 3017 hujus
1886 2948 2066 3002 mundi
2114 2948 2224 3016 jam

639 3042 932 3094 damnatus
994 3046 1101 3101 est,
1157 3052 1263 3092 non
1320 3036 1494 3093 solum
1542 3041 1686 3107 quod
1746 3054 1849 3093 non
1909 3041 2224 3108 crediderit,

2330 1926 2541 1990 πάντας
2562 1926 2909 2000 κατέκρινεν·
2935 1925 3073 1980 ἀλλὰ
3098 1926 3530 1997 προηγουμένως
3550 1920 3718 1995 ἦλθεν
3745 1924 3830 1976 ἐπὶ
3849 1924 3899 1977 τὸ

2330 2019 2503 2073 σῶσαι
2541 2020 2636 2073 τὸν
2675 2020 2903 2090 κόσμον.
2948 2020 3145 2091 Κρίνει
3189 2019 3246 2072 δὲ
3296 2018 3442 2071 κατὰ.
3476 2016 3537 2069 τὸ
3573 2015 3897 2087 συμϐεϐηκὸς

2326 2112 2455 2174 τοὺς
2487 2096 2922 2184 ἀπιστήσαντας.
2952 2111 3068 2181 Οὐχ
3097 2110 3173 2173 ὼς
3200 2111 3229 2162 6
3262 2109 3549 2171 Μωῦσέως
3587 2109 3749 2178 νόμος
3786 2103 3895 2179 ἦλθε

2322 2206 2657 2275 νκατακρῖναι
2686 2204 2782 2258 τὸν
2808 2204 3042 2275 κόσμον,
3063 2202 3202 2256 ἀλλὰ
3238 2201 3439 2254 σῶσαι.
3474 2198 3709 2273 [Cum]

2406 2314 2425 2349 ι
2490 2296 2549 2351 ὐ
2597 2296 2871 2351 πιστεύων
2915 2298 2995 2359 είς
3031 2297 3228 2364 αὑτὸν,
3264 2296 3326 2349 οὐ
3364 2296 3637 2367 κρίνεταισ
3674 2296 3703 2347 6
3745 2292 3800 2347 δὲ
3836 2292 3898 2363 μὴ

2329 2388 2627 2453 πιστεύων,
2656 2390 2761 2461 ἤδη
2804 2390 3082 2462 κέκριται,
3118 2389 3201 2442 ὅτι
3236 2388 3312 2459 μὴ
3343 2388 3718 2441 πεπίστευκεν
3745 2387 3816 2450 είς
3849 2384 3898 2438 τὸ

2327 2482 2500 2553 ὄνομα
2524 2481 2618 2536 τοῦ
2653 2482 2977 2552 μονογενοῦς
3012 2480 3142 2535 Υἰοῦ
3180 2481 3272 2535 τοῦ
3300 2481 3457 2536 Θεοῦ.
3501 2502 3519 2533 ι

2399 2576 2743 2646 Σημειωτέον
2774 2569 2866 2630 οὖν
2900 2573 3152 2646 [Cramer
3178 2573 3284 2644 6n]
3303 2573 3637 2636 καθολικῶς,
3670 2569 3893 2641 πὶςόμὴ

2329 2668 2606 2723 πιστεύων
2627 2671 2706 2732 είς
2727 2668 2817 2721 τὸν
2841 2667 3079 2739 Χριστὸν
3102 2667 3431 2739 κατάκριτός
3456 2669 3580 2719 ἐστι
3603 2668 3669 2735 τῇ
3699 2664 3892 2718 κολάσει

2329 2761 2822 2833 ἀποδοθησόμενος.
2861 2759 3072 2814 Οὐκοῦν
3098 2758 3221 2813 οὔτε
3255 2761 3481 2827 ἄγονται
3516 2752 3668 2811 οῦτοι
3695 2758 3771 2819 εἰς
3793 2752 3894 2823 κρί-

2332 2871 2437 2921 σιν,
2473 2854 2549 2916 ὼς
2583 2852 2682 2923 ἢδη
2718 2850 3168 2921 κατακριθέντες.
3214 2849 3371 2904 Οὕτω
3412 2850 3507 2903 καὶ
3534 2849 3634 2901 ἐπὶ
3670 2847 3761 2901 τοῦ
3797 2846 3894 2898 δια-

2329 2944 2489 2997 ϐόλου
2515 2942 2753 3013 νοητέον⁶
2787 2942 2872 2994 ὅτι
2899 2943 2926 2993 ὁ
2947 2940 3133 3012 ἄρχων
3155 2940 3248 2993 τοῦ
3274 2940 3480 3010 κόσμου
3511 2939 3707 2993 τούτου
3732 2938 3897 3006 κέκρι-

2328 3053 2455 3101 ται,
2486 3035 2548 3087 οὐ
2585 3035 2746 3104 μόνον
2776 3033 2860 3087 ὅτι
2898 3026 3055 3096 οὗτος
3104 3033 3206 3087 οὑκ
3247 3034 3576 3085 ἐπίστευσεν
3600 3073 3614 3096 ,
3650 3029 3782 3085 ἀλλὰ
3818 3026 3896 3080 καὶ

641 3139 829 3179 verum
870 3124 1036 3179 etiam
1096 3125 1391 3195 ipsummet
1439 3126 1724 3181 Dominum
1780 3132 2019 3195 teutarit,
2067 3141 2123 3186 et
2171 3132 2225 3186 in

2332 3129 2594 3201 ἐπείρασε
2628 3127 2722 3182 τὸν
2758 3126 3002 3198 Κύριον,
3041 3127 3136 3180 καὶ
3168 3128 3247 3190 είς
3281 3127 3371 3179 τὸν
3414 3126 3622 3179 Ἰούδαν
3649 3122 3895 3193 εἰσῆλθεν,

641 3215 834 3272 ludam
868 3218 1147 3286 ingressus
1181 3219 1277 3285 sit,
1319 3227 1376 3272 ut
1406 3232 1528 3272 eum
1560 3221 1716 3274 morti
1755 3222 2009 3277 traderet.

725 3327 745 3361 ι
776 3309 879 3377 Qui
912 3326 1020 3365 non
1059 3311 1232 3366 credit
1265 3311 1378 3382 jam
1402 3312 1680 3382 judicatus
1714 3324 1817 3370 cst.
1856 3334 1876 3367 ›
1905 3315 2228 3381 Quomodo?

640 3404 768 3474 quia
815 3405 932 3473 ipsa
975 3403 1269 3458 intldelitas
1301 3406 1511 3474 punitio
1561 3416 1666 3461 est.
1718 3407 1851 3463 Esse
1893 3410 2037 3463 enim
2073 3422 2225 3465 extra

641 3496 815 3550 lucem
847 3494 1140 3548 maximam
1176 3494 1337 3549 habet
1368 3509 1608 3564 pinnam.
1647 3494 1739 3549 Vel
1766 3495 1946 3553 futura
1975 3513 2227 3564 praenun-

643 3590 760 3643 tiat.
807 3587 1275 3655 Quemadmodum
1322 3590 1527 3644 etenim
1584 3589 1677 3658 qui
1724 3590 1958 3660 aliquem
2003 3592 2223 3655 occidit,

640 3678 745 3733 etsi
778 3678 923 3732 nulla
964 3678 1165 3747 judicis
1196 3681 1465 3734 sententia
1504 3681 1898 3736 condemnatus
1928 3681 2109 3742 fuerit,
2142 3682 2225 3734 fa-

641 3771 827 3825 cinore
884 3771 1003 3840 ipso
1050 3770 1159 3839 jam
1216 3772 1649 3837 condemnatur,
1714 3773 1795 3826 sic
1854 3784 1907 3826 et
1965 3775 2221 3829 inﬁdelis.

639 3862 881 3917 Adatnus
915 3876 1021 3931 qua
1062 3864 1152 3916 die
1174 3861 1242 3915 de
1271 3861 1415 3933 ligno
1451 3863 1708 3925 comedit,
1753 3876 1996 3918 mortuus
2032 3878 2138 3928 esi,
2172 3875 2227 3917 ct

641 3954 892 4024 quamvis
935 3955 1115 4009 adhuc
1160 3954 1268 4009 vita
1302 3955 1596 4021 frueretur,
1634 3957 1901 4009 sententia
1953 3966 2132 4011 tamen
2171 3966 2227 4010 et

641 4058 836 4102 natura
867 4048 944 4101 rei
970 4057 1091 4101 erat
1120 4060 1388 4101 mortuus.
1420 4044 1648 4101 Omnem
1680 4047 1785 4101 illis
1816 4048 1954 4101 tollit
1988 4063 2224 4102 excusa-

645 4142 847 4195 tionem
886 4141 1069 4194 dicens
1100 4157 1116 4194 :
1147 4138 1286 4204 Quia
1336 4139 1429 4193 lux
1458 4141 1592 4193 venit
1620 4139 1693 4195 Ain
1747 4144 2022 4204 mundum,
2074 4152 2118 4192 et
2145 4142 2225 4193 tli-

641 4233 881 4284 lexerunt
916 4229 1146 4283 homines
1174 4230 1343 4298 magis
1370 4231 1609 4284 tenebras
1639 4247 1795 4299 quam
1831 4230 2018 4284 lucem.
2053 4231 2221 4297 Quem

642 4324 788 4376 enim
830 4323 1084 4377 misereat
1127 4321 1362 4378 nolentis
1400 4337 1433 4377 e
1478 4324 1715 4378 tenebris
1766 4326 1832 4378 ad
1869 4324 2041 4379 lucem
2097 4340 2223 4380 eve-

646 4416 796 4471 nire?

716 4508 880 4564 Vens.
910 4510 998 4565 l9.
1049 4529 1069 4564 ι
1098 4509 1213 4566 Hoc
1244 4519 1328 4567 est
1368 4520 1549 4579 autem
1596 4509 1902 4579 judicium:
1953 4514 2077 4583 quia
2131 4515 2219 4569 lux
2259 4533 2300 4587 ο

643 4607 791 4661 venit
822 4606 876 4659 in
909 4607 1189 4670 tnuudum,
1223 4615 1277 4658 ct
1311 4604 1615 4659 dilexerunt
1653 4605 1901 4660 homines
1940 4607 2112 4676 magis
2145 4616 2223 4662 te-

644 4699 839 4754 nebras
895 4714 1056 4769 quam
1109 4698 1285 4753 lucem
1343 4716 1359 4753 :
1419 4708 1577 4753 erant
1629 4700 1772 4752 enim
1834 4714 2023 4754 eorum
2081 4702 2221 4757 mala

643 4808 828 4861 opera.
862 4809 881 4842 ι

715 4882 829 4937 Lux
865 4894 1056 4952 sponte
1095 4897 1195 4939 sua
1245 4884 1416 4951 venit,
1466 4894 1526 4938 ut
1582 4885 1701 4939 sine
1755 4885 1939 4940 labore
1995 4886 2223 4957 reperiri

620 4974 802 5029 facile
848 4980 1100 5043 potuerit.
1157 4977 1339 5044 Quare
1399 4978 1543 5032 omni
1597 4986 1788 5033 carent
1846 4982 2217 5043 excusatione,

642 5075 908 5137 quotquot
931 5083 1040 5137 pra:
1072 5068 1192 5123 luce
1215 5070 1466 5124 tenebras
1492 5079 1783 5135 amarunt;
1814 5070 2076 5139 siquidem
2112 5086 2217 5123 nott

644 5175 708 5214 ex
741 5159 1040 5229 ignorantia
1066 5159 1273 5217 Christi
1301 5162 1459 5216 ﬁdem
1493 5173 1777 5231 respuunt,
1811 5164 1905 5217 sed
1938 5164 2062 5231 quia
2094 5178 2220 5231 per-

646 5266 803 5306 verse
826 5266 989 5322 agere
1014 5262 1346 5317 statuerunt,
1378 5254 1521 5324 quod
1561 5255 1762 5307 Christi
1804 5254 2087 5322 disciplina
2127 5254 2227 5308 mi-

647 5343 792 5398 nime
823 5345 1104 5414 permittit.
1136 5345 1272 5400 Cum
1331 5345 1497 5416 igitur
1551 5360 1643 5400 eos
1692 5361 1797 5400 non
1835 5346 2073 5414 potuisse
2102 5362 2223 5403 cre-

645 5439 773 5491 dere
802 5438 1186 5499 audiverimus.
1241 5437 1659 5507 haudquaquam
1719 5449 1925 5493 natura:
1983 5437 2228 5493 defectus

571 5585 576 5589 .
644 5530 865 5603 aliquis,
914 5542 1008 5586 aut
1058 5530 1375 5603 impotentia
1404 5532 1688 5602 cOgitanda
1718 5543 1825 5596 est,
1865 5533 1957 5588 sed
2012 5533 2228 5603 ipsimct

2336 3224 2424 3277 ἵνα
2456 3221 2684 3293 παραδῷ
2712 3221 2876 3274 αὑτὸν
2907 3221 2986 3283 είς
3021 3220 3272 3274 θάνατον.

2408 3332 2428 3367 ι
2459 3314 2516 3368 'O
2540 3314 2597 3367 δὲ
2627 3314 2702 3385 μὴ
2735 3312 3006 3367 πιστεύων
3042 3313 3143 3383 ἤδη
3172 3296 3447 3383 κέκριται.
3482 3330 3499 3361 ι
3526 3311 3608 3383 (ι)
3647 3309 3797 3375 Πῶς;
3829 3308 3895 3361 ὅτι

2333 3404 2468 3458 αὐτὸ
2486 3405 2547 3457 τὸ
2572 3405 2824 3457 ἀπιστεῖν
2847 3402 3071 3467 κόλασίς
3093 3405 3232 3455 ἐστι’
3257 3402 3317 3454 τὸ
3344 3403 3451 3472 γὰρ
3477 3403 3639 3464 ἐκτὸς
3660 3395 3790 3453 εἶναι
3816 3394 3893 3449 τοῦ

2333 3497 2532 3567 φωτὸς,
2564 3496 2658 3550 καὶ
2692 3494 2836 3549 κατὰ
2863 3494 3023 3547 τοῦτο
3056 3495 3320 3564 μεγίστην
3351 3493 3465 3563 ἔχει
3492 3494 3597 3563 τὴν
3626 3490 3892 3562 τιμωρίαν·

2332 3589 2365 3660 ἢ
2396 3590 2452 3642 τὸ
2483 3589 2677 3665 μέλλον
2707 3590 3112 3659 προαναφωνεῖ·
3145 3586 3397 3656 καθάπερ
3427 3586 3537 3657 γὰρ
3566 3588 3596 3638 6
3634 3584 3891 3655 φονεύσας,

2332 3682 2437 3735 κᾶν
2475 3681 2548 3752 μὴ
2580 3683 2644 3752 τῇ
2676 3680 2842 3751 ψήφῳ
2868 3680 2963 3733 τοῦ
2994 3680 3274 3751 κρίνοντος
3301 3679 3700 3750 καταδικασθῇ,
3732 3679 3792 3748 τῇ
3816 3673 3891 3727 τοῦ

2333 3776 2662 3846 πράγματος
2733 3773 3190 3829 καταδεδίκασται
3263 3774 3459 3843 φύσει,
3529 3774 3676 3826 οὓτω
3741 3769 3893 3824 καὶὸ

2332 3869 2582 3933 ἄπιστος.
2616 3870 2727 3923 Καὶ
2764 3872 2793 3923 6
2838 3868 3009 3939 Ἀδὰμ
3042 3870 3099 3923 δὲ
3206 3870 3393 3942 ἡμέρᾳ
3434 3869 3641 3938 ἔφαγεν
3673 3866 3775 3920 ἀπὸ
3816 3862 3892 3916 τοῦ

2332 3961 2524 4028 ξύλου,
2573 3962 2833 4027 ἀπέθανε,
2865 3962 3043 4015 καίτοι
3083 3980 3146 4031 γε
3197 3962 3319 4031 ἔζη,
3366 3962 3501 4016 ἀλλὰ
3541 3965 3612 4032 τῇ
3649 3958 3891 4028 ἀποφάσει

2332 4053 2426 4106 καὶ
2473 4055 2540 4123 τῇ
2574 4052 2669 4105 τοῦ
2706 4054 3035 4125 πράγματος
3070 4053 3229 4123 φύσει
3278 4054 3560 4125 τεθνηκὼς
3610 4052 3701 4128 ἦν.
3753 4054 3891 4104 Ἀπο-

2334 4148 2518 4217 στερεῖ
2533 4146 2591 4199 δὲ
2614 4146 2813 4208 αὐτοὺς
2839 4147 2933 4200 καὶ
2953 4147 3256 4215 ἀπολογίας
3278 4148 3458 4217 πάσης
3482 4148 3572 4201 διὰ
3599 4147 3691 4201 τοῦ
3718 4147 3887 4204 εἰπεῖν,

2333 4240 2466 4293 Ὅτι
2488 4237 2732 4311 vimen)
2764 4238 2891 4309 φῶς
2919 4242 3008 4307 εἰς
3036 4242 3146 4295 τὸν
3175 4244 3429 4312 κόσμον,
3453 4244 3549 4297 καί
3586 4241 3888 4312 ἠγάπησαν

2294 4414 2295 4417 η
2331 4336 2384 4388 oi
2407 4333 2703 4402 ἄνθρωποι
2725 4333 2972 4403 μᾶλλον
2996 4333 3061 4387 τὸ
3089 4335 3553 4400 σκότος.Τίςοῦν
3575 4336 3669 4388 τὸν
3689 4333 3757 4405 μὴ
3781 4332 3888 4401 βου-

2330 4425 2558 4492 λόμενον
2584 4426 2693 4478 ἀπὸ
2721 4425 2946 4489 σκότους
2972 4426 3112 4495 φωτὶ
3141 4426 3465 4497 προσελθεῖν
3492 4428 3588 4491 ἇν;
3624 4422 3829 4499 [αλιι]

2411 4537 2429 4569 ι
2471 4517 2620 4588 Αὕτη
2656 4517 2713 4570 δέ
2739 4519 2887 4570 ἐστιν
2918 4518 2951 4587 ἡ
2988 4517 3188 4589 κρίσις
3221 4520 3299 4572 ὅτι
3327 4519 3385 4572 τὸ
3412 4521 3526 4587 φῶς
3554 4519 3802 4592 ἐλήλυθεν
3821 4516 3888 4577 είς

2325 4609 2416 4661 τὸν
2454 4608 2690 4679 κόσμον,
2726 4608 2823 4660 καὶ
2861 4608 3162 4678 ἠγάπησαν
3208 4610 3259 4662 οἱ
3295 4608 3574 4681 ἄνθρωποι
3622 4611 3805 4683 μᾶλλον
3836 4606 3886 4658 τὸ

2329 4701 2538 4765 σκότος,
2575 4700 2608 4771 ἢ
2644 4700 2702 4753 τὸ
2742 4698 2876 4768 φῶς*
2911 4695 2979 4771 ἦν
3001 4702 3111 4772 γὰρ
3144 4702 3358 4773 πονηρὰ
3378 4704 3559 4756 αὐτῶν
3588 4705 3657 4758 τὰ
3689 4704 3831 4773 ἔργα.
3866 4715 3880 4747 ι

2399 4884 2472 4936 T6
2502 4881 2615 4953 φῶς
2649 4882 2741 4949 ἀφ’
2771 4881 2964 4934 ἑαυτοῦ
2991 4876 3177 4952 ἦλθεν,
3212 4882 3443 4954 μηδενὸς
3474 4885 3802 4955 πονήσαντος
3820 4878 3885 4939 είς

2324 4975 2387 5028 τὸ
2426 4975 2608 5043 εὑρεῖν
2644 4974 2797 5029 αύτό.
2859 4974 3285 5045 Ἀναπολόγητοι
3340 4976 3435 5029 οῦν
3480 4978 3622 5031 είσιν
3672 4978 3719 5030 oi
3767 4976 3879 5040 ἀγαα

2328 5067 2603 5135 στήσαντες
2633 5065 2692 5117 τὸ
2725 5065 2917 5128 σκότος
2946 5066 3085 5138 ὑπὲρ
3113 5068 3173 5120 τὸ
3204 5068 3339 5136 φῶς·
3371 5069 3433 5120 οὑ
3457 5069 3566 5140 γὰρ
3593 5069 3662 5122 δι’
3688 5069 3881 5136 ἄγνοιαν

2326 5158 2387 5209 ού
2416 5156 2734 5211 πιστεύουσι
2761 5157 2839 5228 τῷ
2866 5159 3122 5229 Χριστῷ,
3152 5160 3290 5214 ἀλλὰ
3316 5161 3408 5214 διὰ
3434 5162 3497 5214 τὸ
3526 5162 3703 5215 θέλειν
3728 5156 3880 5227 φαῦλα

2328 5249 2621 5318 πράσσειν,
2649 5247 2795 5319 ἅπερ
2820 5250 2852 5319 ή
2884 5250 2978 5302 τοῦ
3008 5251 3247 5321 Χριστοῦ
3273 5252 3597 5307 διδασκαλία
3626 5254 3686 5307 ού
3724 5264 3880 5316 παρα·

2326 5340 2559 5409 δέχεται.
2606 5340 2778 5394 Ὅταν
2834 5337 2927 5395 οὖν
2974 5343 3337 5414 ἀκούσωμεν,
3375 5344 3461 5397 ὅτι
3504 5346 3605 5399 ούκ
3650 5343 3879 5415 ἠδύναντο

2327 5433 2628 5496 πιστεύειν.
2669 5436 2744 5506 μὴ
2775 5424 3371 5508 φύσεωςὲννοήσωμεν
3403 5438 3656 5508 δύναμιν,
3686 5431 3878 5507 tamen

2327 5530 2473 5594 τινὸς
2498 5531 2891 5603 ἐπικράτειαν,
2921 5532 3057 5585 ἀλλὰ
3090 5533 3150 5584 τὸ
3180 5532 3312 5586 αὐτὸ
3340 5533 3601 5588 δέσποτον
3629 5524 3873 5601 λογισμὸν.

713 5708 799 5793 (Δ)
847 5708 979 5776 Quae
1022 5719 1322 5781 sequuntur
1390 5707 1512 5765 cod.
1560 5707 1716 5764 Bodl.
1775 5706 2168 5783 Chrysostomo
2217 5709 2446 5777 tribuit,
2492 5712 2587 5767 sed
2676 5729 2781 5768 non
2843 5712 3146 5770 invenimus
3193 5714 3243 5769 in
3281 5717 3418 5787 Opp.
3468 5716 3742 5788 Chrysosh
3777 5706 3869 5779 III“

645 5766 832 5836 editis.
