4148 6590
364 421 501 489 1ἰ13

1704 433 1787 493 ΙΝ
1828 433 1890 495 S.
1934 434 2312 500 JOANNEM.

3489 439 3626 504 14-14

356 536 447 590 τὸν
484 528 972 596 καταδουλώσαντα
1001 542 1194 598 ἑαυτὸν
1219 546 1329 608 τοῖς
1379 541 1577 597 πάθεσι
1617 546 1731 607 τοῖς
1779 543 1925 615 ἀσέμ

2049 548 2272 604 arbitrio
2308 551 2535 608 rationis
2586 552 2978 623 impu'tandum,
3033 552 3175 622 quod
3222 567 3341 606 sese
3373 554 3619 610 servituti

356 644 490 692 νοις,
533 630 631 683 καὶ
666 631 742 702 μὴ
790 632 1014 689 θέλοντα
1046 638 1148 707 τῆς
1171 636 1441 707 κακίστης
1472 636 1778 705 ἀποστῆναι
1809 651 1934 689 συν-

354 716 567 785 ηθείας.
592 712 755 773 Οὗτοι
780 721 890 794 γὰρ
918 723 1340 793 ὲπιγινώσκουσι
1368 723 1429 779 τὸ
1452 725 1590 795 φῶς,
1622 725 1722 779 οὐκ
1750 726 1937 797 ἐρχονο

353 824 445 862 ται
474 810 532 863 δὲ
558 811 696 883 πρὸς
725 814 877 881 αὐτὸ,
911 816 998 871 ἴνα
1032 817 1107 888 μὴ
1130 817 1424 889 ἐλέγχηται
1448 819 1481 888 ἡ
1515 818 1810 889 ὑπόκρισις
1838 818 1937 871 αὐ-

352 902 467 956 τῶν
511 901 621 957 τῶν
663 903 934 975 λεγόντων
972 908 1173 964 είδέναι
1228 909 1401 975 Θεὸν,
1441 909 1626 982 ἔργοις
1663 910 1721 964 δὲ
1770 909 1936 965 αὑτὸν

354 994 730 1065 ἀρνουμένων.
1542 1028 1545 1031 λ

431 1103 449 1136 ι
484 1086 638 1140 Μετά
662 1088 837 1154 ταῦτα
861 1083 1026 1162 ἦλθεν
1053 1092 1081 1147 6
1115 1091 1350 1164 Ἰησοῦς,
1378 1094 1474 1149 καὶ⁵
1500 1095 1548 1148 oi
1577 1093 1814 1165 μαθηταὶ
1836 1093 1936 1147 αὒ-

352 1176 448 1230 τοῦ
476 1179 556 1243 εἰς
578 1179 678 1251 τὴν
714 1182 972 1237 Ἰουδαίαν
1005 1184 1112 1256 γῆν
1132 1201 1146 1216 ·
1176 1186 1272 1240 καὶ
1298 1188 1417 1241 ἐκεῖ
1439 1186 1677 1259 διέτριϐε
1705 1187 1822 1257 μετ’
1846 1186 1939 1239 αύο

351 1270 483 1335 τῶν,
516 1272 609 1326 καὶ
627 1272 944 1330 ἐϐάπτισεν.
989 1294 1009 1328 t

425 1363 540 1415 Ούκ
591 1364 754 1429 αὐτὸς
805 1366 1117 1434 ἐσάπτίζεν,
1172 1370 1289 1424 ἀλλ’
1337 1370 1384 1423 οἱ
1442 1370 1686 1442 μαθηταὶ
1734 1370 1929 1425 αὐτοῦ’

352 1451 584 1525 ἐπείπερ
616 1455 778 1520 αὐτὸς
810 1456 870 1510 ὲν
907 1457 1188 1529 Πνεύματι
1226 1458 1511 1524 ἐϐάπτιζε.
1547 1459 1658 1512 Καὶ
1687 1458 1843 1513 οῦπω
1865 1459 1933 1531 ἦν

351 1547 546 1619 καιρὸς
571 1548 670 1619 τῆς
693 1550 787 1609 τοῦ
817 1551 1136 1621 Πνεύματος
1180 1552 1400 1617 δόσεως,
1447 1552 1552 1623 πρὸ
1577 1552 1671 1606 τοῦ
1703 1553 1936 1617 πάθους.

350 1637 425 1691 Τὸ
454 1639 824 1708 Εὑαγγελικὸν
862 1642 1051 1696 λοιπὸν
1111 1632 1401 1716 παρεδίδου
1445 1645 1753 1716 βάπτισμα,
1801 1647 1938 1718 ὅπερ

350 1730 556 1801 πολλὴν
599 1729 747 1803 εῖχεν
793 1733 1060 1806 διαφορὰν
1122 1736 1258 1807 πρὸς
1300 1737 1361 1790 τὸ
1404 1738 1672 1792 Ἰωάννου.
1723 1738 1778 1791 Ὀ
1826 1739 1935 1812 γάρ

349 1824 589 1894 Χριστὸς
614 1826 704 1879 διὰ
764 1828 862 1897 τῆς
891 1827 1001 1880 τῶν
1053 1829 1370 1884 ἀποστόλων
1402 1830 1585 1902 χειρὸς
1618 1830 1931 1898 ἐϐάπτιζεν,

347 1915 425 1976 ὡς
453 1917 642 1986 σαφῶς
675 1919 733 1972 ὲν
763 1920 874 1981 τοῖς
904 1916 1032 1991 ἑξῆς
1059 1919 1228 1989 λέγει.

427 2026 445 2060 ι
492 2009 741 2077 Ἐγένετο
773 2011 866 2065 οῦν
899 2010 1128 2083 ζήτησις
1156 2014 1221 2066 ὲκ
1244 2012 1350 2067 τῶν
1388 2013 1645 2086 μαθητῶν
1683 2016 1933 2071 Ἰωάννου

352 2098 493 2172 μετά
533 2100 798 2155 Ἰουδαίων
832 2102 958 2175 περὶ
987 2103 1360 2176 καθαρισμοῦ.
1404 2124 1424 2158 ι
1536 2130 1539 2133 λ

423 2191 561 2246 Οῦτε
587 2193 647 2246 τὸ
677 2195 926 2249 Ἰωάννου
953 2194 1262 2267 βάπτισμα,
1286 2195 1410 2250 οὔτε
1436 2196 1497 2251 τὸ
1516 2196 1625 2252 τῶν
1650 2196 1931 2269 μαθητῶν,

347 2284 577 2353 παρεῖχε
595 2283 822 2355 Πνεῦμα
855 2285 1031 2355 ἅγιον
1068 2286 1183 2340 ἀλλ’
1212 2286 1298 2341 ἵνα
1334 2287 1409 2359 μὴ
1442 2287 1535 2341 τὸν
1552 2289 1675 2343 καθ’
1701 2288 1934 2344 ἕκαστον

347 2372 676 2442 περιιόντες,
702 2372 987 2447 κηρύξωσι
1014 2375 1107 2430 τὸν
1123 2376 1383 2447 Χριστὸν,
1418 2379 1821 2450 συνεστήσαντο
1835 2378 1934 2449 βά-

346 2480 581 2535 πτισμα,
616 2467 743 2530 τοὺς
786 2470 1226 2541 προστρέχοντας
1269 2469 1466 2542 ὄχλους
1509 2472 1762 2542 ἀγάγωσι
1796 2474 1934 2545 πρὸς

344 2555 437 2610 τὸν
464 2557 717 2628 Χριστόν.

420 2666 439 2699 ι
472 2649 580 2702 Καὶ
620 2646 785 2722 ἦλθον
817 2651 956 2723 πρὸς
986 2652 1079 2707 τὸν
1118 2652 1394 2725 Ἰωάννην,
1421 2654 1517 2709 καὶ
1545 2652 1717 2711 Διεῐπον
1745 2655 1929 2726 αὐτῷ’

358 2737 570 2806 Ῥα66ὶ,
600 2741 659 2806 ὃς
687 2738 756 2813 ἦν
788 2745 927 2814 μετὰ
969 2744 1065 2799 σοῦ
1098 2747 1274 2818 πέραν
1307 2747 1403 2800 τοῦ
1445 2748 1738 2818 Ἰορδάνου,
1777 2741 1821 2816 ᾧ
1866 2748 1931 2801 σὺ

348 2833 803 2906 μεμαρτύρηκας,
840 2838 916 2891 ἴδε
949 2833 1104 2903 οὗτος
1139 2838 1413 2910 βαπτίζει,
1462 2844 1559 2897 καὶ
1592 2842 1795 2905 πάντες
1840 2840 1933 2911 ἔρ-

345 2942 531 2995 χονται
562 2930 699 2999 πρὸς
728 2931 911 2985 αὐτόν.
956 2951 974 2985 t
1020 2974 1021 2977 η

415 3018 490 3070 Τὸ
517 3017 661 3092 ὕδωρ
685 3021 778 3074 τοῦ
810 3024 1111 3094 ῥαντισμοῦ
1139 3024 1199 3076 τὸ
1226 3022 1349 3094 ἔχον
1388 3025 1583 3077 σποδὸν
1613 3025 1715 3094 τῆς
1757 3023 1933 3095 δαμά-

342 3107 502 3173 λεως,
548 3111 890 3182 καθαρισμὸν
945 3113 1124 3167 ἐποίει
1175 3114 1447 3168 ἀκουσίων
1487 3116 1925 3185 ἁμαρτημάτων,

344 3202 437 3255 καὶ
468 3203 595 3267 τοὺς
639 3204 748 3257 ἀπὸ
784 3206 928 3275 ἁφῆς
954 3207 1163 3277 νεκρῶν
1187 3207 1457 3277 ἐκάθηρε·
1486 3208 1548 3261 τὸ
1580 3207 1637 3260 δὲ
1677 3208 1923 3261 Ἰωάννου

344 3291 630 3364 βάπτισμα
660 3299 774 3360 τοῖς
804 3297 1044 3366 γνησίως
1069 3297 1387 3368 μετανοοῦσι
1408 3298 1503 3352 καὶ
1529 3299 1637 3369 τῶν
1662 3299 1925 3352 ἑκουσίων

342 3388 607 3458 παρεῖχεν
654 3390 869 3455 ἄφεσιν.
906 3390 980 3442 Τὸ
1016 3388 1075 3441 δὲ
1104 3389 1198 3441 τοῦ
1246 3390 1509 3462 Χριστοῦ,
1549 3392 1769 3445 πάντων
1820 3393 1929 3445 τῶν

346 3478 784 3549 ἁμαρτημάτων,
812 3480 907 3533 καὶ
942 3479 1166 3551 Πνεῦμα
1214 3480 1369 3550 ἆγιον
1408 3485 1660 3554 παρεῖχε,
1692 3483 1789 3536 καὶ
1817 3485 1929 3536 υἱο-

344 3574 403 3627 θε
413 3573 534 3637 σίας
562 3572 735 3638 ἀξίαν.

414 3665 788 3735 Οίκονομικῶς
808 3665 866 3719 δὲ
901 3662 1132 3736 ζήτησις
1155 3665 1401 3735 γέγονεν,
1433 3666 1514 3720 ἐτι
1533 3666 1735 3732 ζῶντος
1750 3667 1930 3721 Ἰωάν-

340 3774 462 3809 νου*
510 3757 596 3810 ἵνα
644 3757 732 3811 διὰ
765 3759 864 3827 τῆς
898 3757 1082 3829 φωνῆς
1129 3757 1294 3812 αὑτοῦ
1331 3761 1363 3831 ὴ
1396 3759 1506 3814 τῶν
1537 3758 1929 3830 βαπτισμάτων

340 3846 578 3916 διαφορά
604 3850 771 3919 φανῇ.
1536 3880 1539 3883 ν

418 3958 437 3991 ι
486 3939 547 3993 '0
572 3939 714 4011 ἔχων
739 3938 839 4009 τὴν
872 3938 1112 4011 νύμφην,
1141 3939 1373 4010 νυμφίος
1405 3938 1553 3993 ἐστίν
1572 3956 1586 3971 ·
1626 3939 1655 3991 6
1692 3941 1749 3994 δὲ
1776 3941 1926 4010 φίλος

338 4026 432 4082 τοῦ
472 4028 732 4099 νυμφίου,
775 4029 804 4081 6
840 4027 1109 4099 ἑστηκὼς,
1159 4030 1253 4081 καὶ
1285 4028 1503 4083 ἀκούων
1545 4027 1735 4095 αὑτοῦ,
1781 4032 1925 4102 χαρᾷ

340 4123 522 4192 χαίρει
552 4121 639 4176 διὰ
660 4125 760 4195 τὴν
795 4122 981 4194 φωνὴν
1006 4123 1101 4177 τοῦ
1135 4122 1394 4194 νυμφίου.
1427 4124 1578 4194 Αὕτη
1609 4120 1702 4179 οὖν
1727 4127 1759 4197 ή
1781 4127 1924 4198 χαρὰ

341 4215 374 4283 η
410 4212 515 4283 ἐμὴ
547 4214 929 4283 πεπλήρωται.
978 4233 997 4265 ι

411 4305 511 4357 Διὰ
525 4304 618 4357 τοῦ
640 4305 1019 4375 βαπτίσματος
1040 4304 1376 4376 ννμφεύεται
1393 4306 1421 4359 6
1442 4306 1677 4378 Χριστὸς
1696 4305 1794 4377 τὴν
1809 4306 1921 4361 Ἐκ-

342 4395 569 4465 κληςίαν
591 4395 1056 4465 ἀναγεννηθεῖσαν
1127 4398 1160 4465 ή
1194 4395 1505 4465 δὲσυζυγία
1537 4396 1673 4469 αῦτη
1698 4400 1730 4468 ἡ
1759 4416 1925 4451 πνευ-

343 4487 551 4557 ματικὴ
588 4487 679 4540 διὰ
706 4487 799 4540 τοῦ
836 4486 1218 4542 διδασκαλικοῦ
1271 4488 1432 4557 λόγου
1483 4490 1746 4543 συνάπτει
1778 4490 1917 4562 Θεῷ.

2040 640 2275 708 turpiunt
2314 643 2492 695 tradat
2543 643 2878 711 passionum,
2922 643 3165 713 nolitque
3202 644 3489 711 pessimam
3528 645 3625 699 ab-

2044 741 2294 797 rumpere
2321 733 2789 787 consuetudinem.
2824 732 2926 799 Qui
2959 732 3092 787 tales
3122 741 3268 799 sunt,
3311 736 3495 803 utique
3544 734 3626 789 luq‘

2037 836 2151 874 cem
2188 831 2409 889 norunt,
2456 824 2551 879 sed
2582 825 2647 878 ad
2677 839 2795 878 eant
2839 827 3023 880 venire
3057 835 3309 893 renuunt,
3361 842 3428 901 ne
3460 829 3625 898 hypo-

2036 914 2197 968 crisis
2251 929 2439 969 eorum
2498 918 2874 985 redargnatur,
2943 914 3034 985 qui
3093 916 3292 969 dicunt‘
3347 931 3406 971 se
3457 932 3616 973 nosse

2038 1004 2230 1069 Deum,
2273 1006 2643 1071 {actisantetn
2674 1017 2895 1075 negant.

2097 1093 2267 1151 Vens.
2306 1094 2396 1148 22.
2433 1114 2450 1147 ι
2475 1094 2601 1151 Post
2636 1096 2749 1149 hare
2778 1097 2923 1148 venit
2947 1093 3122 1158 Jesus.
3156 1104 3210 1149 et
3240 1094 3483 1164 discipuli
3508 1094 3623 1165 ejus

2038 1182 2090 1237 itt
2122 1191 2323 1237 terram
2352 1182 2632 1238 Judeeam:
2664 1190 2718 1238 et
2739 1183 2851 1239 illic
2882 1184 3268 1239 demorabatur
3296 1200 3414 1237 cum
3446 1184 3623 1250 eis,et

2038 1276 2368 1357 baptizabat.
2401 1294 2420 1327 ι

2099 1368 2216 1423 Non
2251 1370 2365 1439 ipse
2392 1369 2709 1439 baptizavit,
2732 1370 2823 1424 sed
2843 1370 3085 1440 discipuli
3111 1369 3259 1439 ejus:
3302 1370 3417 1439 ipse
3440 1381 3618 1424 autent

2041 1461 2094 1514 in
2146 1461 2353 1531 Spiritu
2400 1461 2723 1533 baptizavit.
2783 1462 2934 1517 Tunc
2989 1472 3194 1525 autem,
3255 1471 3438 1533 utpote
3496 1471 3621 1516 ante

2040 1552 2369 1619 passionem,
2402 1552 2638 1607 nandum
2675 1562 2788 1606 erat
2822 1562 3031 1623 tempus
3063 1554 3295 1607 donandi
3334 1553 3616 1619 Spiritum.

2038 1644 2333 1710 Caeterum,
2398 1645 2662 1714 baptisma
2723 1643 3104 1713 Evangelicum
3164 1646 3425 1707 tradebat,
3477 1643 3619 1713 quod

2040 1737 2265 1790 tnultum
2301 1745 2471 1792 erata
2502 1735 2728 1791 Joannis
2754 1738 3079 1805 baptismate
3105 1739 3397 1790 diversum.
3458 1735 3619 1789 Chri-

2039 1840 2156 1882 stus
2191 1844 2286 1899 per
2310 1844 2504 1882 manus
2535 1828 2919 1897 Apostolornnt
2942 1828 3279 1897 baptizabat,
3325 1828 3399 1881 uti
3430 1843 3491 1881 cx
3523 1842 3616 1882 se-

1968 1927 2009 1982 B
2039 1919 2329 1988 quentibus
2353 1917 2557 1973 clarum
2598 1918 2674 1973 iit.

2105 2012 2274 2071 Vens.
2300 2011 2393 2066 ‘25.
2432 2030 2450 2063 ι
2484 2010 2648 2065 Facta
2673 2017 2756 2066 est
2785 2018 2961 2064 autent
2998 2010 3231 2080 quaestio
3250 2023 3314 2064 ex
3339 2010 3617 2078 discipulis

2036 2105 2259 2158 Joannis
2284 2119 2405 2158 cum
2431 2103 2633 2158 Judaeis
2665 2104 2729 2158 de
2763 2104 3135 2172 puriﬁcatione
3164 2142 3179 2156 .
3208 2120 3227 2154 ι

2098 2194 2283 2263 Neque
2336 2193 2586 2260 Joannis,
2642 2209 2815 2264 neque
2865 2194 3252 2264 discipulorum
3316 2194 3618 2263 baptismus

2037 2285 2297 2356 Spiritum
2325 2295 2574 2340 sanctum
2608 2286 2957 2341 conferebat:
2987 2287 3079 2341 sed
3116 2303 3183 2340 ne
3219 2287 3491 2354 sigillatim
3516 2285 3616 2339 ob-

2034 2380 2235 2443 eundo,
2280 2379 2514 2448 singulis
2543 2379 2770 2434 seorsitn
2800 2379 3077 2433 Christum
3104 2380 3479 2448 praedicarent,
3524 2379 3619 2432 ha-

2036 2475 2289 2539 ptismum
2317 2470 2733 2537 constituerunt,
2762 2480 2819 2524 ut
2842 2473 2907 2523 ad
2944 2486 3066 2525 eum
3100 2472 3385 2526 conferti-tt
3418 2487 3612 2527 acettr-

2033 2572 2215 2617 rentes
2258 2562 2445 2617 turbas
2481 2564 2546 2616 ad
2575 2563 2852 2619 Christum
2879 2563 3232 2618 adducerent.

2104 2655 2266 2710 Vens.
2300 2656 2393 2711 26.
2430 2674 2449 2707 ι
2478 2656 2543 2712 Ει
2572 2667 2839 2711 venerunt
2865 2657 2930 2707 ad
2964 2653 3247 2719 Joannem,
3274 2666 3329 2711 et
3359 2655 3614 2710 dixerunt

2033 2748 2115 2801 ei:
2180 2748 2372 2815 Rabbi,
2396 2748 2486 2818 qui
2519 2756 2639 2801 erat
2668 2756 2845 2802 tecum
2884 2757 3038 2803 trans
3094 2747 3407 2812 Jordancm,
3441 2748 3526 2802 cui
3557 2757 3613 2804 tu

2036 2841 2402 2896 testimonium
2432 2841 2776 2911 perhihuisti,
2800 2855 2933 2897 ecce
3000 2841 3090 2897 hic
3119 2841 3378 2911 baptizat,
3421 2851 3474 2897 et
3498 2856 3616 2895 out-

2035 2946 2129 2984 nes
2153 2932 2375 2985 veniunt
2402 2932 2468 2985 ad
2498 2946 2621 2985 eum
2649 2968 2664 2985 .
2692 2949 2711 2982 ι

2097 3021 2250 3091 Aqua
2285 3022 2645 3088 lustrationis,
2681 3022 2768 3075 cui
2814 3022 3026 3092 aspersi
3074 3030 3231 3076 erant
3280 3021 3498 3075 cineres
3527 3019 3607 3073 vi-

2033 3113 2176 3176 tulaa,
2212 3114 2569 3169 involuntaria
2620 3122 2841 3183 peccata
2882 3112 3271 3182 perpurgabat,
3319 3123 3425 3166 eta
3465 3125 3615 3165 mor-

2034 3207 2183 3260 ticini
2230 3214 2481 3259 contactu
2517 3207 2847 3260 emundabat
2894 3222 2909 3260 :
2945 3204 3169 3259 Joannis
3216 3212 3395 3257 autem
3439 3203 3613 3273 bapti-

2042 3309 2192 3347 smus
2218 3308 2342 3346 vere
2368 3293 2932 3361 ptenitentibusetiam
2952 3305 3168 3363 peccata
3199 3294 3501 3348 voluntaria
3530 3295 3612 3346 di-

2034 3384 2302 3440 mittebat.
2353 3384 2558 3438 Christi
2593 3399 2721 3438 vero
2789 3386 3094 3453 baptismus
3143 3384 3382 3437 omnium
3444 3385 3605 3453 plane

2033 3486 2380 3545 peccatorum
2460 3476 2943 3540 condonationetn,
3005 3476 3299 3543 ipsumque
3338 3475 3606 3544 Spiritum

2031 3578 2281 3623 sanctum
2309 3565 2643 3629 conferebat,
2672 3577 2835 3637 atque
2858 3568 3167 3637 adoptionis
3202 3567 3542 3643 dignitatem.

2101 3660 2342 3728 Qntestio
2369 3669 2552 3714 autent
2596 3661 2696 3715 ista
2728 3676 2823 3728 per
2853 3661 3338 3729 dispensationem,
3392 3657 3608 3714 Joanne

2029 3752 2205 3807 adhuc
2226 3752 2540 3821 superstite,
2582 3753 2847 3821 contigit.
2880 3753 3045 3806 ntvcl
3090 3752 3205 3823 ipso
3250 3760 3390 3806 teste
3432 3750 3607 3821 bapti-

2030 3855 2266 3898 smatum
2306 3827 2611 3898 dilicrentia
2642 3855 2939 3899 consmret.

2092 3933 2257 3989 Vens.
2295 3936 2382 3991 29.
2420 3956 2436 3986 ι
2461 3937 2561 4001 Qui
2596 3938 2755 3990 habet
2783 3948 3306 4004 sputtsam,sponsns
3325 3944 3444 3988 est:
3474 3932 3604 3985 anti-

2026 4040 2126 4079 cus
2156 4037 2336 4078 autem
2376 4026 2587 4092 Sponsi,
2640 4025 2730 4092 qui
2786 4034 2915 4085 stat,
2953 4033 3006 4076 et
3048 4024 3197 4074 audit
3228 4039 3371 4084 eum,
3406 4021 3601 4091 gaudio

2026 4114 2229 4183 gaudet
2262 4124 2483 4181 propter
2514 4128 2700 4166 vocent
2734 4113 2941 4181 sponsi.
3012 4111 3127 4166 Hoc
3173 4125 3304 4181 ergo
3347 4112 3600 4182 gaudium

2026 4219 2206 4259 meum
2236 4203 2513 4272 impletum
2538 4213 2621 4258 est
2641 4243 2653 4256 .
2685 4221 2702 4254 ι

2097 4294 2348 4347 Christus
2377 4308 2472 4362 per
2500 4294 2772 4361 baptisma
2835 4301 3213 4366 regeneratum
3244 4292 3347 4347 sibi
3371 4291 3602 4361 despon-

2025 4391 2109 4436 sat
2137 4382 2460 4437 Ecclesiam.
2516 4383 2631 4437 Hoc
2661 4393 2841 4437 autem
2872 4384 3182 4455 conjugium
3226 4384 3471 4453 spiritale
3504 4397 3602 4452 per

2026 4475 2249 4529 verbum
2284 4474 2549 4530 doctrinas
2569 4475 2849 4545 conjungit
2883 4477 3028 4533 Deo.
3079 4477 3292 4545 Sponsa
3330 4490 3477 4539 vero,
3545 4480 3602 4527 et

341 4581 615 4650 Παρθένος
635 4581 680 4634 δ’
707 4582 845 4645 ἐστὶ,
874 4582 968 4634 καὶ
1016 4581 1175 4653 ἁγνὴ,
1213 4582 1310 4634 καὶ
1342 4580 1528 4652 νύμφη
1583 4581 1671 4635 διά
1690 4582 1917 4653 τὴντῶν

2029 4566 2177 4636 virgo
2203 4575 2306 4631 est,
2333 4576 2387 4621 et
2409 4576 2582 4632 casta,
2621 4579 2841 4635 propter
2864 4568 3175 4637 dogmatum
3195 4566 3599 4618 sinceritatem:

339 4672 624 4741 δογμάτων
650 4668 981 4743 ὀρθότητά,ἡ
994 4670 1129 4741 αὑτὴ
1150 4672 1245 4724 καὶ
1257 4672 1395 4742 γυνή
1412 4673 1532 4724 ἐστι
1547 4672 1641 4725 τοῦ
1654 4672 1915 4742 Χριστοῦ,

316 4766 413 4827 κὼς
445 4763 655 4832 ἀγαθάς
684 4762 935 4832 γεννῶσα
970 4763 1217 4833 πράξεις,
1248 4764 1349 4817 ούκ
1378 4764 1472 4833 ἀφ’
1524 4764 1746 4834 ἑαυτῆς,
1780 4764 1920 4818 ἀλλά

335 4855 423 4909 διὰ
442 4855 539 4909 τοῦ
563 4854 942 4927 ἑνσπείροντος
965 4857 1021 4907 ὲν
1045 4855 1185 4926 αὐτῇ
1211 4853 1472 4926 Χριστοῦ,
1505 4850 1574 4927 ἦς
1604 4856 1780 4921 οὐδεὶς
1809 4857 1919 4910 τῶν

334 4947 613 5017 γεννητῶν
640 4947 863 5001 δύναται
892 4944 1033 5001 εἶναι
1077 4948 1332 5018 νυμφίος,
1364 4949 1594 5020 ἐπείπερ
1640 4948 1919 5020 πρωτοτύ-

338 5055 456 5101 πως
478 5024 843 5110 ι’πρωτοτύπῳ
866 5037 1026 5110 Cod.]
1053 5039 1231 5102 οὐδεὶς
1252 5040 1432 5094 αὐτῶν
1457 5042 1576 5093 ἐστι
1595 5039 1758 5111 δοτὴρ
1788 5042 1919 5108 ἀγα·

338 5128 470 5185 θῶν.
513 5129 672 5182 Πᾶσα
704 5125 797 5182 οῦν
826 5128 1018 5199 λογικὴ
1057 5128 1220 5199 φύσις
1272 5130 1522 5198 ἀγγέλων
1563 5145 1625 5182 τε
1675 5129 1773 5183 καὶ
1823 5130 1916 5183 ἁν-

337 5221 576 5293 θρὼπων
603 5220 789 5292 νύμφη
820 5222 985 5289 ἐστίν.
1019 5220 1240 5292 (0⁸η.)

408 5315 657 5386 Νυμφίας
681 5315 829 5367 ἐστὶν
850 5316 879 5368 6
907 5314 1139 5384 Χριστὸς
1169 5316 1264 5367 καὶ
1289 5314 1323 5385 ἡ
1358 5314 1667 5384 ,Ἐκκλησία
1702 5313 1912 5385 νύμφη,

335 5410 431 5463 καὶ
465 5410 494 5462 6
522 5406 749 5479 νυμφὼν
772 5408 800 5459 6
825 5406 987 5469 τόπος
1011 5404 1105 5459 τοῦ
1129 5406 1526 5477 βαπτίσματος,
1554 5405 1683 5459 ἔνθα
1705 5406 1914 5473 γίνεται

334 5503 370 5572 ἡ
403 5499 748 5570 πνευματικὴ
794 5496 1082 5566 συνάφεια,
1135 5497 1324 5568 ὲπειδὴ
1351 5499 1527 5553 πάντα
1568 5497 1774 5569 φαιδρὰ
1818 5500 1914 5552 καὶ

335 5594 509 5664 χαρᾶς
543 5592 823 5662 ἀνάμεστα
852 5590 948 5643 καὶ
982 5589 1346 5661 εὐφροσύνης.
1382 5589 1449 5643 Τί
1486 5590 1593 5661 γάρ
1630 5587 1915 5661 μακαριώ-

334 5702 491 5753 τερον
527 5683 622 5736 τοῦ
664 5680 1062 5754 καθαρισθῆναι
1098 5680 1386 5751 ἁμαρτιῶν
1433 5682 1530 5735 καὶ⁵
1584 5681 1912 5751 κολληθῆναι

333 5774 472 5848 Θεῷ,
514 5776 610 5829 καὶ
655 5774 909 5828 κοινωνὸν
943 5772 1198 5843 γενέσθαι
1242 5771 1392 5836 θείας
1438 5773 1653 5841 φύσεως
1685 5773 1772 5826 διὰ
1814 5775 1912 5844 τῆς

330 5868 429 5925 τοῦ
459 5868 617 5941 ἁγίου
656 5866 975 5941 Πνεύματος
1034 5866 1366 5940 μετουσίας;
1405 5866 1577 5921 ταῦτα
1608 5865 1716 5937 γάρ
1747 5868 1775 5920 6
1812 5866 1912 5939 ἁρ-

2024 4675 2143 4728 quae
2160 4669 2213 4713 et
2236 4661 2357 4728 ipsa
2391 4676 2527 4714 uxor
2560 4669 2644 4714 est
2673 4660 2900 4722 Christi,
2930 4661 3108 4728 quoad
3130 4656 3326 4725 probas
3356 4656 3600 4708 actiones

2021 4752 2185 4821 parit,
2220 4768 2324 4805 non
2348 4738 2570 4820 quidem
2596 4766 2625 4803 a
2678 4751 2993 4819 semetipsa,
3023 4752 3117 4804 sed
3165 4765 3229 4803 ex
3283 4746 3483 4801 Christi
3519 4748 3600 4799 in-

2022 4843 2345 4911 spiratione.
2400 4843 2497 4897 Cui
2542 4842 2719 4896 nullus
2749 4842 2915 4910 possit
2954 4856 3078 4895 esse
3099 4851 3314 4894 creatus
3345 4854 3597 4908 sponsus,

2020 4948 2143 4988 cum
2164 4933 2326 4987 nullae
2347 4944 2611 4988 creatura:
2634 4916 2929 5003 competat,
2962 4933 3297 5003 primitivum
3348 4947 3470 4986 esse
3502 4933 3598 4985 hoc

2020 5040 2213 5079 norum
2248 5023 2582 5090 largitorem.
2648 5026 2842 5086 Omnis
2903 5026 3085 5094 itaque
3127 5036 3313 5077 natura
3375 5022 3595 5092 praedita

2022 5119 2257 5181 ratione,
2312 5115 2430 5170 sive
2475 5118 2792 5185 angelorum
2855 5116 2970 5171 sive
3033 5116 3333 5179 hominum,
3399 5128 3595 5184 sponsa

2019 5214 2125 5260 est.

2085 5313 2337 5369 Christus
2388 5329 2519 5369 vero
2573 5330 2806 5384 sponsus
2837 5332 2851 5371 :
2881 5325 2935 5371 et
2984 5331 3181 5386 sponsa
3232 5331 3447 5387 quoque
3493 5317 3597 5371 Ec-

2015 5404 2201 5470 clesia,
2240 5406 2622 5476 thalamosque
2656 5388 2947 5476 nuptialis,
2999 5408 3251 5478 baptismi
3298 5409 3467 5474 locus,
3505 5408 3592 5463 ubi

2015 5502 2277 5570 opiritalis
2337 5502 2437 5556 ista
2463 5502 2777 5572 conjunctio
2809 5504 3107 5572 perﬁcitur,
3157 5502 3592 5572 quandoquidem

2017 5593 2090 5648 ibi
2116 5596 2297 5649 omnia
2326 5594 2560 5649 illustria
2614 5595 2747 5659 sint,
2782 5604 2837 5650 et
2866 5596 3063 5665 gaudio
3088 5595 3383 5664 laetitiaque
3411 5595 3590 5663 plena.

2016 5690 2154 5758 Quid
2182 5692 2327 5743 enim
2360 5690 2571 5746 beatius
2614 5706 2777 5761 quant
2810 5705 2839 5744 a
2876 5690 3111 5760 peccatis
3137 5676 3593 5751 emundari,Deo-

2015 5795 2119 5851 que
2150 5781 2427 5849 conjungi,
2474 5792 2637 5851 atque
2671 5782 2907 5849 Spiritus
2936 5782 3112 5835 sancti
3156 5779 3591 5851 participatione,

2016 5871 2446 5930 ditinacnatura:
2505 5884 2811 5930 consortem
2886 5872 3196 5929 exsistere?
3249 5870 3370 5925 llaec.
3402 5870 3593 5939 pignus
