4148 6562
610 360 749 427 1415

1742 351 2017 417 AMMON
2026 352 2085 413 ΙῙ
2123 349 2657 412 ALEXANDBINI

3755 346 3898 415 1416

604 474 876 547 quoddam
906 481 1036 529 sunt
1073 485 1259 527 rerum
1284 468 1616 536 futurarum,
1636 466 1828 539 utique
1853 462 2182 541 perfectissi-

2298 463 2480 535 ραὁών
2502 480 2516 495 ο
2545 464 2616 519 τὰ
2644 463 2703 519 δὲ
2738 462 3059 535 τελειότερα
3105 462 3164 518 ὲν
3190 461 3271 530 τῷ
3296 460 3570 531 μέλλοντι,
3599 460 3692 515 ὅτε
3727 462 3897 516 πάλιν

599 584 808 625 marum
841 586 854 624 :
890 564 1105 637 quando
1136 565 1395 619 nimirum
1430 563 1705 619 rediturus
1733 562 1914 617 denuo
1935 573 2188 629 sponsus,

600 661 911 718 introducet
971 672 1157 714 secum
1216 656 1458 727 virgines
1498 654 1737 720 animas,
1798 652 2193 720 claudeturque

593 753 760 823 janua
787 749 926 805 aulae
948 748 1236 819 nuptialis,
1266 747 1476 817 solique
1506 744 1598 815 qui
1630 747 1776 799 intus
1816 742 2043 808 fuerint,
2097 740 2191 794 la:-

603 843 718 897 titia
754 826 1125 912 perfruentur.
1166 838 1337 894 Nemo
1371 845 1554 891 autem
1601 835 1823 891 omnino
1845 833 1972 889 illuc
2005 832 2191 900 ingre-

599 934 770 999 ditur,
802 934 974 987 donec
996 930 1070 985 illi
1120 928 1406 1000 praesentis
1438 926 1621 983 saculi
1666 928 1803 993 dies,
1854 923 1939 981 vel
1969 925 2191 996 propria

599 1026 796 1096 cuique
829 1039 997 1091 mors,
1026 1023 1163 1077 aulae
1198 1019 1454 1091 nuptialis
1483 1020 1710 1091 jannam
1748 1018 1962 1089 aperiat
1992 1018 2192 1074 animis

597 1117 816 1172 Christo
848 1115 1163 1187 desponsari
1192 1115 1560 1186 cupientibus.

660 1231 831 1287 Vens.
868 1230 956 1286 ΖΟ.
992 1229 1192 1285 allium
1245 1236 1459 1299 Oportet
1521 1242 1800 1292 crescere,
1871 1241 1956 1281 me
2006 1236 2188 1280 autem

600 1341 826 1381 ηηιιιιι.»

665 1416 851 1487 Neque
879 1414 1131 1471 Christus
1157 1413 1382 1482 crescit,
1413 1428 1591 1484 neque
1627 1410 1868 1469 Joannes
1900 1413 2188 1476 minuitur,

597 1509 693 1563 sed
723 1508 891 1562 instar
914 1506 1123 1562 lnciferi
1165 1504 1401 1562 Joannes
1434 1521 1464 1560 a
1514 1504 1626 1561 sole
1662 1504 2019 1561 intellectuali
2087 1510 2187 1560 oh-

603 1601 864 1656 fuscatur.
920 1600 985 1655 Et
1021 1600 1272 1656 Christus
1300 1599 1516 1671 quidem
1569 1610 1628 1653 ut
1661 1600 1802 1654 Deus
1855 1599 1909 1654 in
1958 1600 2191 1655 immen-

599 1709 719 1749 sum
751 1694 970 1761 crescit,
997 1704 1275 1762 ostensus,
1304 1709 1389 1750 me
1419 1703 1600 1749 autem
1638 1694 1776 1749 meis
1835 1706 1922 1749 me
1976 1704 2189 1764 oportet

601 1786 1185 1858 t‘erminisicontinere.

660 1899 935 1959 Vens.5i.
968 1921 987 1954 ι
1020 1902 1123 1970 Qui
1192 1904 1474 1959 desursum
1551 1901 1719 1971 venit,
1772 1916 1937 1971 super
1992 1917 2183 1956 omnes

596 2003 699 2047 est.
747 1991 846 2059 Qui
880 2005 963 2048 est
989 1997 1055 2051 de
1081 2004 1245 2060 terra,
1303 1994 1372 2050 de
1408 2002 1552 2049 terra
1578 2004 1683 2060 est,
1740 2002 1796 2049 et
1831 1995 1898 2048 de
1926 2002 2069 2048 terra
2103 1994 2181 2046 lo-

594 2088 799 2154 quitur.
860 2086 963 2153 Qui
989 2087 1055 2141 de
1085 2086 1223 2142 etelo
1249 2086 1417 2153 venit,
1451 2101 1613 2156 super
1639 2101 1830 2143 ornnes
1863 2096 1965 2142 est.
1995 2105 2015 2139 ι

664 2283 805 2350 Quid
856 2293 941 2338 est
987 2284 1093 2339 hoc
1136 2286 1283 2353 quod
1331 2283 1516 2340 dixit:
1553 2282 1657 2349 Qui
1701 2283 1982 2336 desursum
2023 2283 2180 2348 venit,

593 2390 750 2445 super
779 2391 960 2431 omnes
998 2378 1118 2431 est?
1142 2377 1428 2448 Signilicat
1459 2376 1959 2444 supereminentetn
1996 2375 2184 2446 gloria:

592 2467 799 2525 Christi
834 2469 1243 2535 excellentiam,
1279 2468 1424 2538 quod
1466 2467 1608 2523 nulla
1639 2482 1699 2521 re
1734 2467 1939 2537 indiget
1965 2477 2021 2521 et
2051 2468 2185 2521 sibi-

592 2562 809 2631 metipsi
833 2562 965 2617 satis
994 2570 1095 2616 est.
1114 2560 1239 2616 Haec
1264 2563 1329 2615 de
1352 2560 1571 2615 Christo
1590 2559 1895 2628 proﬁtetur.
1927 2556 2179 2628 Seipsunt

589 2655 659 2710 de
704 2665 848 2710 terra
883 2669 1006 2710 esse
1051 2662 1108 2709 et
1156 2654 1224 2710 de
1248 2661 1393 2708 terra
1430 2652 1575 2721 loqui
1606 2652 1777 2718 dicit;
1807 2665 1911 2706 non
1942 2652 2085 2721 quod
2117 2654 2182 2707 de

592 2749 832 2803 terrenis
880 2747 1164 2818 loquatur,
1204 2747 1338 2802 dicit
1365 2760 1424 2801 se
1459 2745 1528 2800 de
1557 2756 1705 2799 terra
1740 2745 1908 2814 loqui,
1935 2745 2032 2800 sed
2068 2760 2181 2815 prae

592 2839 840 2893 doctrina
867 2837 1071 2893 Christi
1120 2852 1276 2893 suam
1306 2836 1643 2909 deprimens,
1676 2835 1882 2892 fatetur
1915 2852 1976 2894 se
2009 2853 2179 2910 parva

590 2939 647 2985 et
677 2930 900 2985 humilia
932 2939 1140 2985 tantum
1169 2933 1394 2987 docere.

666 3113 860 3166 Dieens
885 3120 1090 3179 autem,
1121 3114 1226 3180 Qui
1268 3115 1429 3181 venit,
1465 3130 1494 3169 a
1525 3116 1741 3185 superis
1790 3117 1857 3173 ad
1915 3116 2173 3173 inferiora

592 3204 911 3259 descensum
941 3205 1231 3276 signiﬁcat.
1262 3206 1529 3288 Quoniam
1551 3223 1680 3263 vero
1714 3224 1926 3279 semper
1949 3211 2000 3265 in
2023 3210 2179 3266 Patre
2209 3207 2249 3263 C

591 3311 805 3351 sursum
835 3310 1037 3366 manet,
1065 3301 1251 3371 specie
1286 3304 1692 3359 condescensns
1735 3304 1886 3359 venit
1927 3305 1995 3360 ad
2050 3321 2180 3361 suos

590 3388 900 3445 inferiores.
966 3392 1194 3459 Quando
1220 3394 1382 3466 igitur
1421 3395 1599 3462 ell'ert,
1639 3395 1745 3462 Qui
1779 3397 1913 3451 venit
1940 3395 2018 3469 [in
2043 3412 2174 3467 prae-

590 3481 758 3554 senti]
818 3484 871 3537 id
909 3493 1163 3556 tanquam
1214 3486 1282 3542 de
1333 3487 1447 3543 Deo
1471 3489 1606 3544 dicit
1661 3506 1677 3543 :
1738 3504 1861 3545 cum
1919 3504 2049 3546 vero
2081 3492 2177 3557 ait,

591 3575 697 3644 Qui
735 3578 894 3643 venit,
942 3576 1257 3651 [praeterita
1297 3579 1757 3654 signiﬁcatione],
1782 3583 1936 3654 quasi
1981 3585 2049 3640 de
2076 3584 2181 3640 ho-

590 3672 738 3726 mine
760 3671 1018 3741 loquitur,
1045 3688 1168 3729 cum
1202 3674 1345 3729 idem
1380 3677 1523 3731 Deus
1552 3677 1623 3731 sit
1652 3685 1712 3732 et
1749 3678 1937 3734 homo.

660 3786 762 3853 Qui
792 3786 1119 3842 naturaliter
1151 3803 1216 3843 ex
1270 3786 1435 3844 Patre
1463 3787 1729 3859 originem
1762 3789 1947 3857 habet,
1998 3788 2180 3845 Patris

588 3880 1120 3949 quoqueincreatas
1152 3895 1239 3935 res
1291 3895 1481 3936 omnes
1530 3883 1746 3937 obtinet
1772 3882 2173 3952 principatum,

590 3983 772 4042 utpote
803 3971 944 4026 Deus
973 3985 1028 4027 et
1047 3972 1299 4027 conditor
1322 3987 1534 4029 earum.

650 4084 818 4141 Vens.
847 4086 937 4140 55.
973 4103 991 4137 ι
1025 4085 1127 4151 Qui
1173 4086 1374 4156 accipit
1401 4087 1518 4156 ejus
1575 4087 1970 4156 testimonium,
1997 4089 2177 4160 signa-

586 4182 665 4235 vit
692 4182 819 4249 quia
858 4182 998 4235 Deus
1034 4194 1196 4234 verax
1223 4189 1329 4235 est.
1368 4198 1387 4231 ι

662 4291 766 4347 Pro
798 4292 1116 4349 testimonio
1147 4294 1307 4349 habet
1335 4293 1836 4350 manifestntionent
1861 4304 1918 4349 et
1936 4296 2172 4365 signum.

658 4475 822 4532 Vsus.
859 4473 949 4531 δι.
980 4493 1000 4527 ι
1033 4472 1206 4541 Quem
1251 4474 1397 4530 enim
1446 4476 1595 4531 misit
1644 4477 1808 4541 Deus,
1857 4478 2024 4533 verba
2082 4480 2173 4532 Dei

2292 555 2553 611 είσελθὼν
2576 558 2606 611 6
2640 556 2878 629 νυμφίος
2901 556 3116 626 εἰσάγει
3140 555 3245 611 σὺν
3270 553 3425 626 αὐτῷ
3441 553 3545 619 τὰς
3581 552 3898 625 παρθένους

2289 647 2489 719 ψυχάς.
2521 647 2745 721 (ειη.)
2772 649 2883 703 Καὶ
2921 649 3164 704 κλείεται
3206 651 3241 721 ἡ
3287 648 3429 721 θύρα
3453 647 3553 704 τοῦ
3579 647 3896 720 νυμφῶνος,

2292 742 2387 793 καὶ
2412 740 2566 809 μόνοι
2585 743 2638 795 oi
2665 741 2822 807 ὅντες
2841 741 2971 811 ἔσω,
2993 741 3095 814 τῆς
3124 740 3468 814 εὐφροσύνης
3495 741 3893 797 ἀπολαύουσιν.

2292 834 2405 888 Καὶ
2427 833 2611 890 οὐκέτι
2639 836 2818 901 οὐδεὶς
2861 835 3176 909 εἰσέρχεται
3203 836 3343 902 bid,
3378 835 3486 900 lui;
3522 827 3586 890 οὗ
3618 835 3686 889 τδ
3711 835 3897 905 σήμε-

2294 944 2387 1000 ρον
2417 929 2689 1001 παρόντος
2720 929 2939 995 αἰῶνος,
2963 930 2997 1002 ἢ
3021 931 3049 981 6
3086 929 3253 993 ίδικδς
3298 928 3537 983 ἑκάστου
3570 928 3832 991 θάνατος,
3856 926 3894 999 ﬁ

2292 1019 2433 1093 θύρα
2461 1022 2557 1077 τοῦ
2600 1021 2894 1095 νυμφῶνος
2924 1021 3197 1094 ἀνιῳκται
3220 1022 3347 1088 ταῖς
3390 1019 3748 1092 βουλομέναις
3790 1018 3898 1089 ψυ-

2290 1118 2415 1187 χαῖς
2442 1134 2506 1172 νυ
2514 1116 2826 1189 μφευθῆναι
2855 1115 3106 1189 Χριστῷ.
3294 1102 3299 1105 ’

2369 1248 2388 1281 ι
2411 1228 2651 1284 Ἐκεῖνον
2678 1229 2760 1283 δεῖ
2782 1228 3060 1297 αὐξάνειν,
3091 1227 3193 1299 ἐμὲ
3219 1225 3276 1281 δὲ
3302 1222 3685 1280 ἐλαττοῦσθαι.
3723 1240 3747 1276 ι

2364 1409 2502 1466 Οὔτε
2524 1412 2553 1465 6
2581 1408 2823 1481 Χριστὸς
2841 1408 3018 1475 αΰξει,
3043 1406 3168 1461 οὔτε
3197 1407 3226 1461 6
3258 1406 3516 1477 Ἰωάννης
3542 1400 3893 1465 ἐλαττοῦται,

2291 1503 2430 1558 ἀλλὰ
2476 1505 2632 1575 δίκην
2673 1502 2957 1574 ὲωσφὸρου
3003 1504 3031 1555 6
3085 1500 3346 1571 Ἰωάννης
3396 1499 3505 1552 ὑπὸ
3553 1496 3648 1550 τοῦ
3692 1493 3894 1566 νοητοῦ

2290 1598 2445 1655 ἡλίου
2498 1596 2782 1650 σκέπει-αι.
2827 1595 2936 1648 Καὶ
2979 1595 3008 1647 6
3057 1594 3160 1664 μὲν
3201 1592 3440 1663 Χριστὸς
3489 1590 3565 1653 ὡς
3616 1588 3752 1651 Θεὸς
3798 1588 3894 1639 ἐπὶ

2294 1691 2477 1744 πλεῖον
2507 1686 2661 1754 αὔξει
2703 1684 3135 1759 φανερούμενος,
3174 1683 3276 1754 ἐμὲ
3303 1681 3362 1736 δὲ
3387 1678 3473 1734 δεῖ
3499 1680 3683 1751 μένειν
3714 1679 3775 1733 ὲν
3807 1671 3892 1741 οἷς

2295 1783 2432 1854 είμι.

2368 1921 2388 1957 ι
2434 1901 2493 1956 '0
2532 1898 2742 1954 ἄνωθεν
2770 1897 3065 1971 ἐρχόμενος
3085 1936 3099 1960 ,
3129 1892 3318 1948 ἐπάνω
3350 1888 3569 1946 πάντων
3601 1885 3780 1941 ἐστίν.
3826 1883 3889 1937 '0

2291 1994 2368 2050 ὢν
2416 1997 2481 2049 ὲκ
2519 1994 2622 2064 τῆς
2654 1992 2795 2063 γῆς,
2833 1993 2901 2045 ὲκ
2936 1989 3040 2062 τῆς
3081 1988 3185 2059 γῆς
3217 1989 3368 2051 ἐστι,
3424 1984 3519 2039 καὶ
3551 1986 3613 2036 ἐκ
3648 1982 3753 2052 τῆς
3784 1980 3888 2051 γῆς

2291 2087 2463 2142 λαλεῖ.
2510 2086 2568 2143 '0
2594 2087 2661 2140 ὲκ
2684 2084 2781 2147 τοῦ
2822 2081 3055 2158 οὐρανοῦ
3090 2082 3409 2154 ἐρχόμενος,
3451 2077 3639 2131 ἐπάνω
3666 2077 3889 2131 πάντων

2290 2179 2430 2234 ἐστί.
2471 2198 2493 2233 ι

2357 2294 2425 2349 Τί
2444 2310 2509 2365 ur;
2520 2292 2703 2365 μαίνει
2722 2292 2860 2364 ὅπερ
2877 2285 3030 2344 εἶπεν
3040 2329 3056 2353 ,
3071 2289 3124 2342 Ὀ
3146 2287 3379 2353 ἄνωθεν
3392 2286 3725 2357 ἐρχόμενος
3744 2283 3891 2339 62d-

2289 2403 2374 2442 νω
2399 2387 2644 2441 πάντων
2691 2384 2860 2451 ἐστί;
2890 2382 3004 2454 Τὴν
3044 2379 3490 2454 ὑπερϐάλλουσαν
3524 2379 3687 2450 δόξης
3718 2377 3889 2433 αὑτοῦ

2290 2480 2588 2552 ὑπεροχὴν,
2620 2479 2718 2533 καὶ
2750 2478 2835 2533 ὅτι
2877 2477 3096 2541 οὐδενὸς
3141 2474 3317 2529 δεῖταί
3354 2490 3485 2527 ποτε
3508 2514 3524 2539 ,
3551 2473 3666 2526 ἀλλ’
3693 2472 3889 2545 ἀρκῶν

2287 2576 2436 2628 ἐστιν
2464 2571 2663 2644 ἐαυτῷ.
2711 2570 2905 2631 Ταῦτα
2937 2569 2998 2625 δι
3041 2569 3172 2641 περὶ
3199 2567 3297 2624 τοῦ
3325 2566 3562 2640 Χριστοῦ
3602 2566 3779 2633 ἔλεγε.
3814 2564 3891 2616 T6

2291 2665 2428 2738 μηδὲ
2476 2668 2543 2720 ὲκ
2572 2666 2670 2736 τῆς
2705 2664 2813 2735 γῆς
2853 2663 2984 2719 ὄντα
3024 2662 3122 2718 καὶ
3162 2660 3425 2716 λαλοῦντα
3469 2659 3663 2713 ἑαυτόν
3693 2673 3886 2727 φησιν,

2284 2760 2384 2829 οὐχ
2412 2761 2493 2813 ὅτι
2515 2759 2572 2813 δὲ
2600 2758 2824 2827 ἐπίγεια
2852 2755 3175 2826 ἐφθέγγετο,
3206 2754 3301 2808 διὰ
3324 2752 3483 2806 τοῦτο
3513 2748 3667 2804 εἶπεν
3689 2748 3889 2804 ἑαυτὸν

2285 2855 2349 2906 ὲκ
2379 2853 2475 2923 τῆς
2506 2852 2610 2923 γῆς
2649 2851 2851 2916 λαλεῖν,
2882 2849 3020 2905 ἀλλὰ
3053 2849 3190 2921 πρὸς
3223 2848 3323 2919 τὴν
3373 2846 3465 2901 τοῦ
3503 2843 3749 2916 Χριστοῦ
3800 2840 3891 2894 δι-

2283 2945 2582 3000 δασκαλίαν
2623 2944 2990 3017 παραϐάλλων
3021 2943 3237 3008 ἑαυτὸν,
3286 2941 3478 3012 εὐτελῆ
3519 2940 3614 2994 καὶ
3644 2936 3891 2992 ταπεινὰ

2284 3040 2380 3094 καὶ
2414 3040 2587 3111 μικρά
2603 3040 2777 3094 ταῦτα
2804 3040 3096 3108 ἐλογίζετο.
3128 3035 3348 3110 [Clum]

2354 3130 2539 3184 Εἰπὼν
2589 3131 2668 3197 δὲ,
2713 3133 3093 3202 Ἐρχόμενος,
3133 3130 3436 3203 μετάϐασιν
3480 3130 3739 3201 σημαίνει
3780 3129 3892 3201 τὴν

2282 3224 2392 3276 ἀπὸ
2417 3224 2525 3277 τῶν
2554 3224 2668 3295 ἄνω
2710 3225 2846 3296 πρὸς
2876 3226 2945 3279 τὰ
2987 3224 3159 3279 κάτω.
3202 3224 3342 3278 Ἀλλ’
3364 3224 3447 3277 ὅτι
3478 3225 3567 3278 ἀεὶ
3594 3224 3774 3295 μένων
3822 3226 3889 3277 ὲν

2283 3316 2361 3388 τῷ
2386 3317 2558 3388 Πατρὶ
2583 3316 2698 3371 ἄνω
2722 3358 2737 3380 ,
2763 3317 3229 3385 συγκαταὸάσεως
3260 3316 3449 3387 σχέσει
3474 3316 3698 3388 ἔρχεται
3739 3316 3887 3386 πρὸς

2281 3410 2529 3476 τούτους,
2556 3404 2632 3465 ὧν
2656 3410 2843 3464 ἐπάνω
2862 3410 3171 3465 ὲστίνίὊτε
3188 3403 3282 3465 οὖν
3306 3410 3455 3478 λέγει
3498 3412 3883 3480 Ἐρχόμενον,

2283 3502 2360 3565 ὡς
2381 3503 2509 3572 περὶ
2534 3499 2670 3555 Θεοῦ
2692 3500 2860 3569 λέγει’
2885 3501 3015 3554 ὅταν
3043 3499 3101 3553 δὲ
3123 3500 3274 3568 λέγει
3302 3500 3615 3563 Ἑλθόντα,
3642 3499 3718 3561 ὼς
3750 3500 3885 3572 περὶ

2283 3591 2578 3662 ἀνθρώπου
2608 3592 2800 3659 λαλεῖ,
2841 3591 3033 3664 ἐπειδὴ
3068 3590 3205 3654 Θεός
3237 3592 3356 3645 ἐστι
3395 3591 3492 3644 καὶ
3518 3589 3809 3662 ἅνθρωπος
3852 3594 3885 3646 6

2282 3684 2469 3749 αὐτός.

2366 3798 2424 3852 '0
2456 3798 2513 3852 δὲ
2541 3798 2615 3852 ὢν
2638 3796 2703 3853 ὲκ
2731 3797 2834 3870 τῆς
2866 3797 3026 3873 ῥίζης
3068 3797 3163 3851 τοῦ
3198 3799 3453 3869 Πατρδς,
3483 3798 3595 3869 ἔχει
3627 3797 3882 3867 φυσικῶς

2280 3894 2380 3965 τὴν
2409 3892 2503 3947 τοῦ
2550 3892 2769 3965 Πατρδς
2798 3893 3098 3964 ὑπεροχὴν,
3143 3893 3330 3947 ἐπάνω
3372 3894 3592 3946 πάντων
3623 3894 3737 3945 τῶν
3776 3908 3879 3944 πε-

2282 3987 2618 4058 ποιημένων,
2651 3988 2726 4050 ὡς
2757 3986 2891 4051 Θεὸς
2925 3988 3107 4040 αὐτῶν
3135 3988 3229 4041 καὶ
3259 3987 3513 4058 ποιητής.

2358 4121 2377 4154 ι
2425 4101 2484 4156 Ὀ
2518 4101 2700 4156 λαϐὼν
2735 4100 2901 4155 αὐτοῦ
2931 4100 3028 4173 τὴν
3071 4099 3397 4173 μαρτυρίαν,
3430 4100 3765 4172 ὲσᾳράγιςεν
3794 4101 3882 4155 ὅτι

2279 4197 2309 4249 6
2334 4196 2467 4260 Θεὸς
2487 4194 2695 4269 ἀληθής
2720 4199 2890 4249 ἐστιν.
2928 4213 2947 4247 ι

2365 4310 2513 4363 Ἀντί
2551 4309 2645 4363 τοῦ
2676 4307 3139 4382 ἑπληροφορήθη,
3170 4309 3267 4364 καὶ
3307 4306 3424 4379 ἔχει
3464 4308 3745 4374 ἀπόδειξιν
3780 4308 3881 4361 καὶ

2281 4401 2578 4472 σφραγῖδα.
3386 4472 3389 4473 ν

2357 4512 2377 4545 ‹
2423 4496 2520 4546 Ὃν
2554 4494 2662 4564 γὰρ
2684 4493 3007 4547 ἀπέστειλεν
3035 4495 3064 4547 6
3083 4493 3240 4561 Θεὸς,
3265 4493 3334 4546 τὰ
3365 4495 3586 4564 ῥήματα
3615 4493 3708 4546 τοῦ
3734 4492 3876 4547 Θεοῦ

588 4570 832 4641 loquitur
879 4583 894 4623 :
928 4583 1037 4623 non
1089 4568 1237 4622 enim
1271 4570 1340 4624 ad
1376 4584 1688 4625 mensuram
1730 4571 1825 4626 dat
1862 4569 2008 4627 Deus
2055 4573 2173 4643 Spi-

2284 4584 2451 4640 λαλεῖ·
2485 4585 2548 4639 οὐ
2567 4559 2681 4656 γάρ
2699 4587 2764 4640 εκ
2793 4585 2997 4656 μέτρου
3021 4559 3240 4639 δίδωσιν
3264 4587 3294 4639 ὀ
3319 4559 3454 4649 est;
3481 4586 3541 4637 τι
3565 4584 3815 4655 Πνεῦμα.
3848 4603 3869 4636 ι

588 4664 779 4720 ritum.

659 4776 856 4832 Missus
883 4774 1085 4829 dicitur
1119 4773 1291 4832 Filius
1336 4792 1365 4832 a
1414 4774 1601 4842 Patre,
1646 4776 1730 4832 vel
1782 4786 2008 4847 propter
2054 4778 2174 4849 ejus

588 4870 641 4923 in
675 4883 837 4922 carne
870 4866 1237 4936 praesentiam,
1272 4866 1353 4922 vel
1379 4869 1501 4938 quia
1530 4869 1712 4932 Pater,
1745 4870 1953 4924 habens
1988 4871 2045 4924 in
2091 4884 2178 4924 sc-

586 4959 815 5030 rnetipso
852 4959 1071 5026 Filium,
1110 4974 1216 5015 non
1278 4960 1563 5015 abscondit
1619 4962 1792 5025 illum,
1840 4964 1931 5017 sed
1954 4977 2019 5017 ex
2052 4978 2179 5031 pro-

586 5052 701 5123 pria
728 5068 827 5108 sua
858 5064 1076 5117 natura,
1114 5068 1222 5109 non
1254 5067 1412 5109 secus
1441 5068 1503 5107 ac
1535 5052 1627 5108 lux
1663 5055 2028 5125 Splendorem,
2052 5054 2174 5108 illn-

583 5146 797 5200 stravit.
853 5144 1128 5201 Processit
1169 5146 1315 5200 enim
1356 5160 1421 5202 ex
1466 5144 1627 5201 Patre
1684 5148 1985 5203 secundum
2044 5163 2173 5217 pro-

585 5240 756 5311 priam
784 5240 1150 5295 substantiam
1177 5239 1371 5307 Filius,
1421 5240 1672 5310 quamvis
1705 5241 1758 5295 in
1808 5242 1926 5312 ipso
1971 5254 2162 5297 secun.

583 5334 709 5388 dum
742 5342 991 5388 naturam
1019 5334 1110 5390 sit.

652 5446 935 5519 Tanquam
1005 5448 1126 5504 fons
1165 5449 1403 5520 Spiritus
1457 5448 1663 5513 sancti,
1739 5450 1915 5520 ipsum
1977 5451 2166 5507 donat.

533 5586 536 5590 .
583 5542 963 5616 Operationetn
993 5558 1146 5606 vero,
1181 5543 1383 5612 inquit,
1417 5540 1681 5610 Spiritus,
1720 5556 1881 5610 quam
1918 5542 2169 5598 homines

583 5637 650 5691 ad
681 5650 994 5692 mensuram
1032 5634 1331 5705 accipiunt,
1368 5634 1481 5704 ipse
1513 5642 1679 5687 totam
1725 5649 1939 5689 omnem
1993 5636 2171 5689 conti-

583 5736 694 5794 net,
726 5738 913 5799 ntpote
964 5726 1076 5796 qui,
1116 5736 1175 5781 ut
1206 5725 1399 5792 Filius,
1462 5725 1759 5782 secundum
1807 5726 2169 5783 substantiam

586 5832 757 5878 totum
800 5824 854 5878 in
886 5819 1179 5889 semetipso
1211 5819 1475 5891 Spiritum
1509 5820 1691 5888 habet,
1725 5829 1781 5878 et
1813 5838 1918 5877 non
1951 5838 2012 5877 ex
2038 5836 2168 5906 pars

2362 4784 2731 4840 ’Δπεστάλθαι
2774 4786 2994 4854 λέγεται
3045 4787 3075 4839 6
3106 4786 3236 4849 Υἱὸς
3274 4784 3386 4839 ἀπὸ
3420 4785 3519 4840 τοῦ
3552 4784 3804 4853 Πατρὸς,
3836 4784 3871 4853 ἤ

2276 4879 2367 4934 διὰ
2398 4881 2500 4948 τὴν
2532 4879 2797 4949 ἒνσαρκον
2828 4881 3157 4951 παρουσίαν,
3195 4880 3229 4951 ἢ
3256 4881 3340 4933 ὅτι
3363 4883 3392 4933 6
3421 4879 3612 4949 Πατὴρ
3641 4877 3787 4947 ἔχων
3812 4878 3873 4929 ὲν

2277 4972 2458 5043 ἑαυτῷ
2484 4974 2575 5025 τὸν
2606 4972 2754 5035 Υίὸν,
2786 4972 2888 5027 οὐκ
2914 4972 3175 5043 ἔκρυψεν,
3216 4972 3331 5027 ἀλλ’
3365 4970 3671 5041 ἐξέλαμψεν
3704 4970 3873 5023 αὺτὶν

2277 5066 2342 5119 ἐκ
2370 5065 2472 5135 τῆς
2503 5066 2639 5130 ίδίας
2662 5065 2897 5135 φύσεως,
2925 5069 3002 5130 ὡς
3023 5068 3089 5120 ἐκ
3115 5066 3295 5137 φωτὸς
3327 5064 3694 5134 ἀπαύγασμα.
3756 5063 3875 5129 Ἐξ-

2276 5157 2503 5229 ελήλυθε
2527 5158 2637 5229 γὰρ
2664 5161 2692 5211 6
2725 5158 2854 5222 Υἱὸς
2878 5160 2956 5224 είς
2985 5159 3122 5215 ίδίαν
3150 5158 3406 5231 ὓπαρξιν,
3429 5161 3479 5212 εἰ
3510 5159 3604 5213 καὶ
3629 5158 3691 5212 ἐν
3716 5154 3873 5229 αὐτῷ

2275 5253 2419 5306 κατὰ
2444 5252 2608 5322 φύσιν
2634 5252 2805 5310 ἐστίν.

2355 5456 2445 5520 Ὧς
2488 5457 2641 5529 πηγὴ
2678 5458 2753 5511 ὢν
2794 5459 2888 5512 τοῦ
2934 5459 3255 5531 Πνεύματος
3295 5459 3513 5514 δίδωσιν
3560 5460 3723 5525 αὐτὸς
3761 5462 3867 5533 τὴν

2273 5549 2578 5621 ἐνέργειαν,
2624 5550 2775 5618 λέγει
2822 5551 2916 5605 τοῦ
2965 5552 3323 5624 Πνεύματος,
3370 5552 3437 5627 ἣν
3482 5555 3530 5606 οἱ
3580 5553 3868 5626 ἄνθρωποι

2276 5640 2461 5711 μέτρῳ
2480 5639 2865 5710 λαμϐάνουσιν.
2886 5643 3059 5709 Αὐτὸς
3082 5644 3191 5716 γὰρ
3212 5643 3404 5715 ὀλόκλη
3415 5662 3503 5716 ρον
3522 5645 3632 5714 ἔχει
3656 5648 3863 5701 πᾶσαν.

2276 5733 2436 5787 Ὀλον
2468 5733 2582 5803 ἔχει
2626 5734 2687 5787 τὸ
2715 5733 2940 5807 Πνεῦμα
2970 5737 2999 5791 6
3043 5737 3172 5800 Υίὸς
3204 5736 3481 5799 οὑσιωδῶς
3501 5779 3512 5796 .
3545 5738 3607 5789 οὐ
3642 5737 3751 5807 μὴν
3796 5740 3863 5791 ἐκ

2278 5825 2475 5898 μέρους
2499 5825 2575 5891 ὡς
2601 5826 2827 5900 κτίσμα.
2863 5827 2954 5884 Διδ
2978 5829 3073 5885 καὶ
3100 5829 3265 5894 αὐτὸς
3298 5829 3431 5887 αὐτὸ
3452 5830 3690 5895 δίδωσιν,
3726 5833 3777 5884 σί
3798 5829 3863 5883 δὲ
