4148 6566
293 432 424 495 1417

1345 427 1800 491 FRAGMENTA
1844 424 1922 486 ΙΝ
1964 430 2004 486 S
2060 422 2412 489 JOANNEM

3396 408 3532 491 ttts
3580 388 3583 393 ’

289 552 436 619 διγιοι
459 547 546 600 διὰ
581 548 787 609 ἱκεσίας
818 544 1031 598 ποιοῦσι
1058 545 1147 597 τὸν
1185 544 1415 612 Χριστὸν
1433 542 1505 593 δι’
1536 538 1711 592 αὐτῶν
1739 542 1857 591 επι-

1977 555 2033 602 ηθ,
2067 550 2205 593 Sicut
2232 552 2500 603 creatura,
2537 550 2863 610 quapropter
2901 541 3014 610 ipse
3042 549 3254 610 quoque
3282 553 3402 593 eum
3428 544 3530 593 do-

287 639 587 712 χορηγῆσαι
613 640 670 690 το
698 636 939 706 Πνεῦμα.
971 635 1186 706 [Cum]

366 827 384 857 ι
433 808 492 859 Ὀ
534 806 725 874 Πατὴρ
759 807 946 876 ἀγαπᾷ
975 805 1063 857 τὸν
1095 804 1239 857 Υἱόν.
1277 824 1295 854 ι

361 897 423 949 Ei
468 899 561 949 καὶ
589 896 778 965 ἀγαπᾷ
822 896 912 947 τὸν
945 896 1147 963 κόσμον
1180 895 1209 945 ό
1242 894 1427 963 Πατὴρ
1450 934 1463 955 ,
1495 893 1608 946 ἀλλ’
1652 897 1748 964 οὐχ
1784 895 1859 957 ὡς

294 986 380 1039 τὸν
425 986 570 1049 Υἱὸν,
598 985 657 1037 ὃν
705 984 1116 1054 ὑπερϐαλόντως
1158 986 1349 1054 ἀγαπᾷ
1376 984 1463 1037 διὰ
1495 985 1593 1055 τὴν
1628 986 1858 1055 φυσικὴν

290 1080 563 1147 γέννησιν,
608 1076 686 1136 ὡς
732 1077 862 1129 ἴδιον
902 1077 1093 1142 Λόγον,
1142 1077 1236 1129 καὶ
1281 1076 1494 1145 σοφίαν,
1543 1080 1635 1129 καὶ
1682 1077 1861 1131 ἀπαύ-

290 1186 499 1239 γασμα.

368 1280 389 1313 ι
427 1262 532 1313 Καὶ
559 1260 737 1315 πάντα
761 1258 989 1313 δέδωκεν
1012 1261 1069 1311 ὲν
1100 1260 1165 1329 τῇ
1194 1258 1337 1329 χειρὶ
1365 1258 1552 1312 αὑτοῦ.
1593 1279 1612 1311 ι

362 1352 498 1406 Τότε
521 1351 820 1423 πληροῦται
844 1348 1001 1403 τοῦτο
1024 1389 1038 1414 ,
1067 1351 1156 1403 ὅτε
1180 1351 1321 1403 κατὰ
1354 1350 1444 1402 τὸν
1478 1349 1577 1419 τῆς
1603 1350 1864 1419 δευτέρας

292 1441 591 1513 παρουσίας
627 1440 839 1512 καιρὸν,
884 1443 991 1495 πᾶν
1032 1440 1160 1508 γόνυ
1203 1439 1354 1508 αὐτῷ
1397 1440 1676 1511 κάμπτει,
1725 1442 1863 1493 ἀπο-

292 1532 562 1585 ϐαλόντων
600 1531 668 1602 ἢν
706 1531 887 1600 έχουσι
929 1530 1148 1583 κακίαν.
1181 1530 1353 1599 Χεῖρα
1378 1523 1480 1582 ὧδε
1509 1528 1606 1599 τὴν
1635 1528 1865 1599 δύναμιν

292 1624 461 1689 καλεῖ,
486 1624 553 1693 ἢν
588 1623 699 1692 ἔχει
728 1624 756 1674 ὀ
792 1621 917 1685 Υἱὸς
941 1621 1185 1690 φυσικῶς
1205 1659 1219 1682 .
1254 1620 1347 1673 καὶ
1369 1620 1430 1671 οῦ
1460 1619 1821 1690 μεταληπτῶς
1847 1660 1862 1685 ,

1961 642 2074 686 nat.
2128 631 2314 686 Sancti
2347 641 2525 686 autem
2562 648 2656 699 per
2688 645 2878 698 preces
2932 645 3060 687 suas
3106 631 3158 685 id
3187 629 3442 698 eliiciunt,
3474 642 3532 687 ut

1960 721 2211 776 Christus
2242 734 2429 775 eorum
2466 721 2640 791 gratia
2671 718 2932 791 Spiritum
2960 722 3224 792 largiatur

2032 812 2198 869 Vens.
2233 813 2322 869 55.
2383 831 2403 865 ι
2439 813 2595 868 Pater
2645 814 2819 885 diligit
2882 814 3102 870 Filium.
3132 834 3149 866 ι

2017 903 2256 960 Tametsi
2313 906 2570 959 mundum
2624 919 2841 975 quoque
2897 907 3060 961 Pater
3116 914 3280 973 amet,
3316 920 3424 963 non
3452 918 3535 963 tav-

1964 1013 2083 1053 men
2155 1008 2215 1052 ut
2246 996 2461 1061 Filium,
2492 1012 2651 1065 quem
2698 1006 2920 1066 propter
2966 997 3268 1052 naturalem
3316 1000 3540 1068 genera‘

1965 1089 2185 1153 tionem,
2222 1096 2479 1157 tanquam
2508 1088 2784 1157 proprium
2820 1087 3076 1153 Verbum,
3104 1096 3159 1143 et
3184 1090 3532 1158 sapientiam,

1962 1192 2027 1234 ac
2069 1180 2433 1249 splendorem,
2456 1180 2716 1250 singulari
2741 1190 2964 1247 prorsus
2993 1180 3154 1236 modo
3189 1182 3385 1252 diligit.

2023 1288 2041 1320 ι
2072 1270 2137 1323 Ει
2169 1270 2348 1324 omnia
2372 1270 2518 1324 dedit
2548 1271 2601 1324 in
2631 1284 2792 1324 manu
2841 1272 2976 1340 ejus.
3008 1290 3028 1323 ο

2013 1360 2167 1415 Tunc
2200 1363 2303 1416 hoc
2346 1360 2678 1431 implebitur,
2735 1363 2952 1431 quando
3014 1370 3255 1432 tempore
3311 1365 3535 1419 secundi

1966 1453 2231 1507 adventus
2290 1465 2451 1506 omne
2488 1448 2631 1519 genu
2694 1452 2795 1520 ipsi
2825 1452 3160 1517 curvabitur,
3217 1452 3365 1507 omni
3421 1452 3534 1521 jam
3587 1491 3590 1494 .

1968 1543 2173 1597 malitia
2199 1540 2431 1597 sublata.
2465 1540 2680 1596 Manum
2702 1543 2792 1598 hic
2820 1542 3051 1612 appellat
3069 1544 3344 1611 virtutem,
3373 1559 3538 1614 quam

1970 1635 2139 1690 Filius
2164 1641 2356 1689 natura
2389 1649 2507 1696 sua,
2541 1649 2648 1688 non
2691 1644 2869 1689 autem
2897 1634 3306 1704 participatione
3332 1637 3533 1702 habet;

292 1717 365 1778 di;
394 1715 486 1769 τοῦ
516 1714 722 1783 ἀγαθοῦ
753 1714 954 1778 παντὸς
993 1711 1269 1774 οῦσιωδῶς
1292 1712 1441 1788 ὄντος
1470 1712 1526 1764 ὲν
1554 1712 1748 1782 Πατρὶ,
1776 1711 1869 1763 καὶ

1977 1725 2402 1781 Patrenimirum
2434 1739 2594 1780 omne
2657 1725 2856 1779 bonum
2914 1726 3347 1782 substantialiter
3403 1742 3537 1784 con-

293 1810 352 1859 ὲν
377 1808 604 1876 δυνάμει
647 1806 937 1876 νοουμένου
966 1804 1061 1858 τοῦ
1089 1803 1242 1857 Υἰοῦ.
1273 1802 1556 1873 Λαμὸάνει
1582 1802 1638 1854 δὲ
1664 1802 1758 1855 καὶ
1792 1802 1868 1864 ὡς

1971 1817 2197 1879 tinente,
2238 1814 2481 1884 Filioque
2507 1830 2601 1883 per
2637 1816 2893 1871 virtutem
2944 1816 3248 1872 iutellecto.‘
3325 1819 3538 1889 Accipit

295 1900 578 1970 ἄνθρωπος
615 1900 681 1968 ἣν
726 1896 874 1968 εἶχεν
929 1897 1204 1963 ἐξουσίαν,
1238 1897 1332 1950 καὶ
1368 1895 1472 1965 πρὸ
1520 1894 1620 1963 τῆς
1659 1892 1870 1964 σαρκώ-

1977 1919 2150 1965 autem
2174 1917 2232 1964 ut
2264 1912 2424 1965 homo
2451 1918 2797 1979 pmestatem,
2864 1926 3026 1981 quam
3061 1913 3225 1968 etiam
3278 1923 3404 1970 ante
3458 1917 3542 1970 in-

297 2004 435 2049 σεως
464 1987 539 2049 ὡς
565 1986 715 2050 Θεός.

373 2098 391 2130 ι
438 2078 502 2132 Ἦ
531 2078 669 2148 ὀργὴ
699 2077 791 2132 τοῦ
820 2077 957 2131 Θεοῦ
986 2077 1139 2149 μένει
1168 2078 1254 2130 ἐπ’
1298 2076 1479 2130 αὐτόν.
1517 2095 1534 2126 ι

376 2168 545 2240 ’οργὴ
580 2169 636 2222 δὲ
674 2168 809 2222 Θεοῦ
851 2170 912 2222 τὸ
956 2173 1015 2221 ὲν
1064 2168 1315 2238 βασάνοις
1356 2162 1496 2220 εἶναι
1545 2167 1868 2236 διηνεκέσιν,

295 2260 434 2330 ὅπερ
462 2261 578 2314 ἐστὶ
603 2261 802 2323 παντὸς
834 2260 1067 2313 θανάτου
1093 2257 1494 2329 χαλεπώτερον.

887 2396 1139 2451 ΚΕΦΑΛ.
1180 2397 1255 2449 Δ’.

377 2554 396 2588 ι
438 2535 528 2598 Ὠς
548 2530 644 2589 οὖν
666 2533 807 2603 ἔγνω
828 2534 856 2585 ὁ
888 2530 1094 2601 Κύριος
1117 2531 1198 2582 ὃτι
1224 2529 1465 2599 ἥκουσαν
1486 2528 1535 2579 οἰ
1562 2528 1867 2595 Φαρισαῖοι,

296 2628 380 2678 ὅτι
427 2624 632 2695 Ἰησοῦς
678 2622 930 2685 πλείονας
971 2619 1218 2691 μαθητάς
1261 2620 1425 2678 ποιεῖ,
1455 2618 1549 2670 καὶ
1584 2614 1870 2684 βαπτίζει,

299 2724 331 2791 ἢ
391 2720 638 2787 Ἰωάννης
672 2734 687 2749 ⁸
730 2715 975 2782 καίτοιγε
1018 2712 1221 2782 Ἰησοῦς
1244 2711 1405 2773 αὐτὸς
1434 2712 1533 2762 οῦκ
1559 2707 1867 2772 ἐϐάπτιζεν,

299 2809 413 2862 ιίιλλ⁹
452 2811 502 2861 οἱ
547 2806 786 2878 μαθηταὶ
846 2802 1045 2858 αὐτοῦ’
1090 2801 1270 2871 ἀφῆκε
1329 2801 1427 2870 τὴν
1472 2798 1752 2877 Ἰουδαίαν,
1780 2798 1872 2849 καὶ

298 2900 507 2971 ἀπῆλθε
536 2898 697 2952 πάλιν
727 2899 807 2959 εἰς
833 2897 930 2964 τὴν
955 2893 1267 2947 Γαλιλαίαν.
1306 2910 1326 2941 ›

372 2991 571 3045 τΗλθεν
604 2992 789 3043 ἐκεῖνα
813 2987 921 3057 πρὸ
950 2984 1044 3038 τοῦ
1077 2984 1284 3045 πάθους
1309 2980 1586 3051 ὠφελῆσαι
1620 2980 1868 3045 τούτους,

299 3087 390 3139 διὰ
410 3084 505 3137 τοῦ
529 3079 884 3150 εὐαγγελικοῦ
912 3076 1287 3148 κηρύγματος.

373 3179 437 3233 Εί
473 3178 566 3231 καὶ
595 3173 732 3229 οἶδεν
766 3174 943 3226 πάντα
970 3172 1045 3233 ὡς
1086 3170 1238 3231 Θεὸς,
1287 3166 1423 3220 ἀλλὰ
1450 3164 1728 3219 καὶτοῦτο
1756 3166 1871 3219 θεο-

299 3268 545 3340 πρεποῦς
591 3265 899 3335 οἰκονομίας
927 3300 941 3327 ,
974 3260 1033 3313 τὸ
1075 3260 1215 3312 κατά
1260 3258 1449 3327 καιρὸν
1481 3259 1651 3309 ποιεῖν
1677 3274 1750 3321 τι,
1781 3258 1875 3308 καὶ
1902 3240 1945 3298 C

301 3362 422 3415 τότε
461 3361 635 3413 δοκεῖν
666 3356 978 3426 μανθάνειν.
1022 3353 1110 3406 ὅτε
1142 3351 1300 3420 χρεία
1336 3348 1502 3401 ἐστίν.

376 3452 515 3501 Ὅσα
546 3448 602 3499 δὲ
626 3446 768 3499 κατὰ
805 3442 1107 3496 συναίνεσιν
1137 3440 1243 3489 τῶν
1284 3439 1597 3504 ἡγουμένων
1634 3434 1877 3487 ποιοῦσιν

303 3544 354 3594 οἱ
388 3541 641 3610 ὑπήκοοι,
683 3536 863 3589 αὐτῶν
903 3533 1163 3604 όρόντων,
1217 3529 1313 3581 καὶ
1354 3530 1428 3597 μὴ
1467 3526 1877 3594 ἀντιλεγόντων,

302 3636 336 3705 ἢ
365 3632 680 3686 κωλυόντων
719 3632 766 3680 οἱ
805 3627 1095 3697 ἡγούμενοι
1140 3622 1387 3689 λέγονται
1429 3621 1622 3672 ποιεῖν.
1655 3618 1879 3687 Πρῶτον

303 3731 414 3797 γάρ
467 3724 635 3777 είπὼν
687 3724 769 3775 ὅτι
833 3718 1037 3790 Ἰησοῦς
1072 3714 1390 3777 ἐϐάπτιζεν,
1441 3707 1545 3765 ὧδε
1587 3712 1751 3777 λέγει,
1796 3711 1879 3762 ὅτι

318 3816 521 3888 Ἰησοῦς
562 3816 662 3868 οὐκ
692 3812 1017 3875 ἐϐάπτιζεν,
1064 3809 1164 3877 τὴν
1208 3805 1317 3859 τῶν
1373 3802 1631 3874 μαθητῶν
1680 3804 1879 3872 πρᾶξιν

303 3908 454 3979 αῦτῷ
479 3906 798 3977 προσνέμων
815 3903 1060 3971 δυνάμει,
1088 3902 1137 3952 εἰ
1158 3901 1252 3952 καὶ
1281 3898 1354 3967 μὴ
1380 3895 1627 3965 ἐνεργείᾳ
1646 3895 1879 3946 ἐποιεῖτο

307 4002 610 4072 βάπτισμα.
658 3996 915 4067 Ἀρμόζει
951 3994 1008 4046 δὲ
1028 3993 1097 4045 τά
1117 3991 1383 4059 λεγόμενα
1405 3990 1481 4049 εἰς
1502 3988 1571 4039 τὰ
1598 3986 1876 4055 γινόμενα,

307 4091 459 4163 παρὰ
479 4091 593 4143 τῶν
613 4086 1094 4155 ἀποστελλομένων
1140 4083 1438 4153 κληρικῶν,
1480 4080 1630 4152 παρά
1664 4078 1880 4131 ἐπισκό-

307 4198 424 4236 πων
451 4185 530 4246 εἰς
563 4180 834 4241 συνόδους,
869 4177 902 4247 ἢ
935 4176 1218 4237 συνοδικὰς
1264 4173 1579 4236 ἐπιστολάς,
1605 4171 1638 4241 ἢ
1668 4170 1879 4240 ἑτεροῖα

306 4290 426 4329 τινα
445 4273 702 4342 ἐχόντων·
738 4272 834 4323 καὶ
864 4272 971 4339 γὰρ
1003 4267 1188 4336 ἐπειδὴ
1220 4268 1270 4317 οἱ
1303 4265 1541 4334 μαθηταὶ¹
1571 4263 1875 4332 Εὐτυλοῦς,

248 4402 253 4407 ι
308 4366 436 4436 περὶ
480 4362 753 4433 καρώσιος
808 4358 1170 4428 ἐφωράθησαν
1220 4357 1359 4426 μετὰ
1400 4356 1499 4425 τὴν
1553 4356 1609 4406 ὲν
1671 4354 1880 4422 Ἐφέσῳ

306 4446 563 4524 δευτέραν
591 4452 829 4516 σύνοδον,
874 4449 1034 4501 πάλιν
1063 4448 1471 4518 διεστραμμένα
1516 4445 1760 4513 δόγματα
1785 4444 1881 4495 λα-

1972 2004 2342 2057 carnationem
2406 1998 2596 2056 habuit
2626 2010 2686 2056 u't
2712 2003 2876 2059 Deus.

2037 2091 2201 2148 Vens.
2232 2093 2322 2147 56.
2361 2111 2378 2144 ι
2421 2092 2502 2147 Ira
2538 2092 2629 2148 Dei
2666 2098 2845 2148 manet
2866 2107 3030 2165 super
3052 2100 3195 2151 eum.
3236 2104 3257 2149 ι

2032 2184 2115 2239 lra
2140 2194 2318 2239 autem
2346 2183 2438 2239 Dei
2497 2194 2599 2249 est,
2648 2186 2700 2238 in
2754 2188 3029 2257 perpetuis
3080 2190 3367 2244 tormentis
3418 2203 3541 2246 vera

1973 2274 2104 2338 sari,
2152 2276 2292 2342 quod
2324 2274 2561 2344 qualibet
2593 2284 2765 2330 morte
2797 2279 3017 2346 gravius
3048 2288 3155 2332 est.

2619 2407 2769 2464 CAP.
2809 2410 2891 2464 IV.

2047 2540 2211 2597 Vens.
2254 2544 2367 2597 l-3.
2412 2542 2529 2598 «Ut
2562 2557 2690 2612 ergo
2722 2546 2969 2614 cognovit
2993 2544 3152 2603 Jesus
3191 2549 3315 2615 quia
3355 2548 3542 2602 audie-

1976 2644 2101 2688 runt
2154 2631 2410 2689 Pharisaei
2459 2639 2599 2705 quod
2648 2636 2806 2693 JeSus
2840 2638 3021 2708 plures
3050 2638 3345 2711 discipulos
3383 2642 3540 2708 iacit,

1973 2739 2028 2780 et
2060 2726 2320 2795 baptizat,
2355 2742 2515 2797 quam
2570 2728 2826 2793 Joannes,
2896 2740 3202 2801 quanquam
3248 2731 3404 2789 Jesus
3438 2749 3542 2790 non

1975 2819 2297 2886 baptizaret,
2333 2823 2427 2875 sed
2461 2822 2706 2892 discipuli
2750 2824 2888 2891 ejus,
2925 2825 3141 2893 reliquit
3180 2822 3441 2892 Judaaam,
3491 2838 3546 2880 et

1975 2911 2108 2965 abiit
2139 2911 2335 2965 iterum
2370 2913 2422 2965 in
2458 2911 2757 2966 Galilmam.
2796 2932 2814 2963 ι

2044 3002 2202 3058 Venit
2224 3016 2309 3068 eo,
2346 3014 2404 3057 ut
2432 3004 2741 3073 evangelica
2774 3004 3153 3074 praedicatione
3185 3019 3308 3063 ante
3333 3011 3544 3079 passio.

1977 3108 2094 3147 nezn
2125 3108 2276 3149 suam
2306 3095 2370 3149 iis
2404 3096 2702 3165 prodesset.

2048 3187 2162 3241 Etsi
2209 3188 2387 3242 omnia
2424 3186 2629 3242 sciebat
2663 3196 2721 3240 ut
2748 3185 2909 3251 Deus,
2954 3198 3189 3243 attamen
3217 3190 3316 3243 hoc
3349 3191 3546 3247 divinae

1978 3280 2366 3348 dispensationi
2420 3291 2542 3333 erat
2583 3292 3027 3345 consentaneum,
3098 3293 3155 3336 ut
3219 3298 3547 3353 opportune,

1978 3372 2214 3440 quidque
2249 3384 2452 3441 ageret,
2522 3384 2747 3445 tumque
2808 3376 3015 3428 discere
3076 3358 3372 3441 videretur,
3425 3394 3547 3432 cum

1980 3474 2108 3518 USIIS
2126 3474 2291 3518 θεδει.
3414 3478 3417 3479 ⁷

2050 3555 2318 3625 Quidquid
2345 3563 2524 3610 autem
2554 3556 2751 3612 subditi
2788 3559 3159 3628 superioribus
3201 3562 3551 3633 approbanti-

1979 3651 2102 3714 lmS,
2138 3648 2380 3717 ipsisque
2408 3649 2781 3714 cernentibus,
2818 3660 2871 3706 et
2898 3667 3001 3706 non
3029 3655 3546 3719 contradicentibus,

1982 3753 2156 3807 neque
2188 3739 2493 3794 vetantibus
2523 3749 2707 3808 agunt,
2746 3741 2797 3794 id
2826 3741 3001 3810 ipsum
3036 3743 3341 3810 superiores
3372 3745 3551 3801 facere

1981 3830 2251 3883 dicuntur.
2310 3829 2445 3884 Cum
2485 3831 2629 3886 enim
2677 3831 2912 3901 primum
2944 3834 3192 3902 dixisset,
3231 3825 3415 3890 .lcsu'ut‘
3451 3840 3550 3891 ba-

1980 3922 2255 3988 ptizasse;
2290 3922 2375 3974 hic
2399 3923 2496 3987 ait,
2538 3919 2721 3977 Jesum
2754 3923 2974 3978 minime
3006 3924 3329 3994 baptizasse,
3390 3927 3551 3983 disci-

1981 4000 2229 4083 pularum
2260 4029 2397 4083 opus
2450 4015 2621 4083 ipsius
2647 4016 2929 4071 ascribens
2985 4017 3193 4084 virtuti,
3225 4020 3325 4073 etsi
3372 4023 3547 4090 reipsa

1981 4105 2416 4174 noubaptizarit.
2450 4108 2873 4163 Accomtnodare
2901 4109 3061 4164 liceat
3118 4098 3231 4166 hare
3269 4114 3409 4168 dicta
3470 4115 3547 4167 ia-

1979 4197 2082 4251 ctis
2109 4197 2454 4264 clericorum,
2479 4199 2545 4253 ab
2572 4200 2841 4270 episcopis
2871 4203 2936 4256 ad
2962 4202 3210 4268 concilia,
3238 4205 3552 4261 missiones-

1982 4302 2046 4341 ve
2109 4289 2395 4358 synodales
2442 4289 2527 4344 vel
2579 4290 2714 4345 alias
2760 4292 3027 4362 quaslibet
3100 4297 3550 4366 congregationes

1982 4377 2366 4447 delegatorum.
2438 4379 2645 4434 Etenim
2697 4396 2820 4437 cum
2901 4384 3150 4455 discipuli
3206 4385 3547 4457 Eutychetis,

1981 4480 2101 4539 post
2134 4475 2430 4526 secundum
2462 4474 2754 4528 concilium
2784 4474 3116 4545 Ephesinum
3153 4474 3381 4533 errdnea
3428 4496 3552 4533 rura

307 4547 519 4609 λοῦντες
560 4545 867 4614 Εὑτυχοῦς,
922 4540 1157 4608 εὐλόγως
1200 4540 1443 4609 Εῦτυχὴς
1491 4538 1878 4608 ἀναθεματίζε-

1983 4574 2099 4613 sum
2158 4560 2469 4631 Eutychetis
2536 4565 2808 4633 dogmata,
2857 4580 2967 4634 prae
3021 4566 3185 4620 nimia
3243 4569 3554 4626 tetunlentia

308 4655 435 4703 ται,
494 4636 596 4689 κᾶν
655 4635 815 4697 αὐτὸς
871 4634 1046 4702 ἐφάνη
1100 4631 1251 4685 οῦδὲν
1318 4629 1555 4682 τοιοῦτον
1605 4629 1875 4698 λαλήσας,

306 4731 376 4793 ὡς
414 4730 626 4782 ἀκούων
664 4728 773 4781 τῶν
815 4725 980 4781 αὐτοῦ
1031 4724 1289 4797 μαθητῶν
1326 4722 1631 4775 λαλούντων
1684 4721 1750 4772 τά
1805 4721 1879 4789 μὴ

305 4823 461 4894 ὀρθὰ,
496 4826 589 4875 καὶ
636 4822 877 4875 σιωπῶν.
909 4818 991 4872 Τά
1021 4820 1129 4890 γάρ
1157 4820 1220 4869 ὲκ
1246 4816 1352 4869 τῶν
1388 4814 1649 4885 μαθητῶν
1690 4812 1880 4863 λαλού-

308 4933 444 4985 μενα
463 4954 479 4979 ,
510 4916 544 4984 ἦ
571 4914 832 4984 γινόμενα
850 4952 865 4976 ,
908 4915 989 4975 είς
1029 4912 1091 4964 τὸ
1112 4911 1208 4963 τοῦ
1236 4908 1559 4962 διδασκάλου
1587 4906 1879 4975 πρόσωπον

308 5008 615 5078 ἀνατρέχει.
648 5007 834 5069 Οὕτως
861 5009 889 5059 ὁ
930 5006 1047 5059 Ἦλὶ
1080 5002 1368 5074 ἐμέμφθη,
1399 5000 1728 5069 ἀνεχόμενος
1773 4997 1880 5045 τῶν

309 5098 504 5151 ἑαυτοῦ
541 5097 670 5148 υίῶν
703 5096 1027 5158 πταιόντων,
1062 5094 1138 5156 ὼς
1166 5090 1516 5163 ἁμαρτήσας.

388 5318 403 5350 ι
446 5298 593 5350 Ἔδει
626 5296 680 5349 δὲ
719 5295 879 5348 αὑτὸν
920 5293 1225 5365 διέρχεσθαι
1272 5293 1358 5346 διά
1400 5291 1499 5360 τῆς
1544 5287 1875 5358 Σαμαρείας.

314 5392 574 5461 Ἔρχεται
609 5387 702 5440 οὖν
749 5388 829 5448 είς
881 5386 1034 5438 πόλιν
1081 5386 1176 5454 τῆς
1225 5384 1537 5453 Σαμαρείας
1584 5378 1879 5447 λεγομένην

311 5481 503 5551 Σιχαρ,
540 5477 765 5547 πλησίον
796 5472 891 5527 τοῦ
926 5473 1126 5546 χωρίου
1162 5472 1191 5524 ὃ
1224 5473 1420 5525 ἔδωκεν
1468 5468 1659 5523 Ἰακὼϐ
1689 5466 1881 5537 Ἰωσὴφ

310 5572 387 5642 τί)
414 5570 517 5640 υίῷ
548 5568 731 5623 αὑτοῦ.
768 5587 787 5620 ι

383 5662 613 5731 Ὃμοροι
646 5657 786 5729 ἦσαν
829 5657 938 5709 τῶν
994 5656 1262 5709 Ἰουδαίων
1303 5657 1350 5708 oi
1390 5655 1760 5724 Σαμαρεῖται,
1801 5651 1882 5705 διὸ

313 5752 404 5803 καὶ
432 5750 539 5803 άπὸ
569 5748 668 5817 τῆς
699 5747 882 5817 πηγῆς
911 5747 1153 5798 ἐπίνοντο
1180 5743 1273 5797 τοῦ
1309 5744 1521 5799 Ἰακὼϐ.
1550 5746 1880 5814 Σαμαρεῖται
1926 5774 1931 5777 -

311 5846 366 5896 δὲ
398 5846 459 5894 ἔκ
492 5842 677 5910 γένους
717 5840 869 5901 ὄντες
907 5837 999 5891 τοῦ
1042 5837 1244 5906 Μήδων
1278 5836 1370 5887 καὶ
1404 5836 1627 5905 Περσῶν
1666 5840 1878 5899 ἔθνους,

632 5938 896 5998 Ριιτλιοι..
942 5936 1054 5995 Gn.
1096 5934 1384 5999 LXXXV.

1982 4650 2194 4705 effutire
2216 4656 2479 4721 comperti
2535 4654 2664 4718 sint,
2697 4654 2820 4721 jure
2879 4658 3232 4711 meritissimo
3278 4660 3553 4729 Eutychos

1980 4741 2325 4796 anathemate
2381 4740 2597 4805 feritur,
2655 4742 2869 4798 tametsi
2921 4746 3054 4800 nihil
3094 4746 3209 4815 ipse
3259 4747 3556 4804 simile-di-

1982 4831 2127 4884 xisse
2154 4832 2305 4885 visus
2337 4832 2429 4896 sit,
2485 4843 2669 4902 utpote
2702 4835 2814 4902 qui,
2878 4850 3000 4891 cum
3062 4838 3358 4905 discipulos
3426 4855 3554 4897 suos

1983 4936 2087 4973 non
2118 4932 2261 4976 recta
2298 4922 2444 4991 loqui
2496 4925 2811 4991 audivisset,
2840 4927 3103 4983 siluisset.
3157 4931 3288 4997 Quae
3320 4934 3473 4986 enim
3522 4951 3552 4988 a

1984 5011 2262 5080 discipulis
2315 5014 2567 5068 dicuntur
2602 5016 2679 5070 vel
2724 5020 2855 5072 liunt
2882 5059 2897 5085 ,
2941 5020 2992 5073 in
3043 5023 3389 5091 praeceptoris
3433 5039 3555 5091 per-

1982 5114 2170 5153 sonam
2204 5102 2526 5157 redundant.
2554 5103 2644 5181 Sic
2670 5117 2723 5159 et
2747 5106 2890 5173 Heli,
2940 5108 3079 5163 lilios
3105 5125 3234 5165 suos
3265 5124 3554 5179 peccantes

1983 5193 2205 5247 minime
2232 5209 2510 5261 coercens,
2537 5182 2782 5253 Criminis
2815 5202 3078 5269 arguitur.

2054 5281 2217 5340 Vens.
2242 5287 2297 5351 4,
2328 5287 2381 5341 5.
2426 5306 2444 5340 ι
2479 5286 2780 5358 Oportebat
2815 5300 2997 5347 autem
3050 5294 3437 5351 eum‘transirc
3456 5307 3556 5368 per

1984 5378 2310 5433 Samariam.
2376 5378 2531 5435 Venit
2558 5395 2688 5448 ergo
2722 5382 2775 5435 in
2818 5382 3093 5440 civitatem
3135 5384 3397 5442 Samaria
3434 5404 3554 5460 qua!

1983 5470 2180 5524 dicitur
2208 5470 2436 5525 Sichar:
2479 5471 2633 5538 juxta
2694 5474 2954 5542 praedium
2985 5474 3129 5544 quod
3178 5476 3325 5533 dedit
3384 5476 3553 5534 Jacoh

1982 5558 2179 5631 Joseph
2208 5561 2319 5616 tilio
2346 5577 2464 5616 suo.
2494 5580 2518 5615 ι

2054 5650 2388 5706 Contermini
2428 5661 2588 5706 erant
2633 5650 2834 5709 Judzeis
2864 5655 3170 5723 Samaritae,
3224 5664 3554 5726 quaprOpter

1983 5742 2147 5798 etiam
2179 5742 2435 5798 bibebant
2469 5745 2534 5798 de
2569 5744 2717 5801 fonte
2741 5745 2932 5803 Jacob.
2989 5748 3319 5804 Samaritani
3350 5756 3553 5811 autem,

1984 5853 2106 5893 cum
2140 5852 2201 5891 cx
2240 5848 2397 5907 gente
2428 5836 2702 5895 Medorum
2745 5852 2904 5912 atque
2926 5843 3212 5898 Persarum
3248 5854 3417 5911 genus
3450 5838 3551 5893 due

3084 5938 3158 5989 ΔΓι
