4148 6570
622 396 756 461 1419

1740 390 2076 451 AMMONII
2116 391 2642 451 ALEXANDRINI

3729 397 3857 463 1420

619 522 826 576 cerenl,
856 525 952 581 pro
1002 506 1186 564 Jacobi
1218 504 1341 558 liliis
1394 518 1452 557 se
1504 503 1873 558 venditabant.
1914 504 2085 568 Quam
2114 504 2185 557 ob

2296 508 2628 575 ἐπεφήμιζον
2669 507 2894 570 ἑαυτοὺς
2942 506 3035 560 τοῦ
3109 509 3298 562 Ἰακὼϐ
3336 511 3433 580 (5).
3470 510 3631 575 Τίνος
3678 514 3859 568 ἕνεκεν

620 623 734 662 rem
789 617 918 656 vero
968 597 1296 668 evangelista
1362 604 1470 649 tam
1524 603 1770 648 exactam
1815 594 1915 649 loci
1956 595 2187 649 mentio-

619 714 740 753 nem
788 694 945 748 facit?
1008 692 1077 746 Ut
1119 689 1401 752 videlicet,
1452 701 1572 740 cum
1626 686 1864 741 audieris
1915 686 2190 739 mulierem

619 790 935 844 dicentem:
970 781 1136 835 Jacob
1179 789 1328 847 pater
1370 787 1544 832 noster
1606 776 1749 829 dedit
1806 775 1952 828 nobis
2000 776 2192 843 fontem

619 885 779 943 hunc,
827 886 1167 944 nequaquam
1228 867 1605 939 peregrineris.
1672 866 1720 920 ls
1760 881 1990 933 namque
2049 865 2195 917 locus

619 976 761 1032 erat,
792 963 885 1019 ubi
933 962 1084 1017 Dina:
1109 974 1274 1014 causa
1304 955 1689 1026 indignabundi
1742 953 1939 1007 fratres
1976 954 2191 1007 Simeon

619 1072 674 1118 et
695 1059 824 1114 Levi
861 1063 1142 1122 cruentam
1170 1052 1315 1106 illam
1341 1049 1544 1104 caedem
1575 1055 1981 1116 perpetrarunt.

695 1148 861 1203 Vens.
905 1145 960 1200 6.
1005 1161 1026 1197 ι
1054 1143 1181 1197 Erat
1207 1148 1385 1194 autem
1416 1137 1488 1192 ibi
1523 1136 1643 1191 fons
1663 1134 1848 1190 Jacob.
1884 1134 2041 1189 Jesus
2066 1148 2195 1203 ergo

625 1238 874 1307 fatigatus
896 1250 964 1288 ex
991 1234 1205 1293 itinere,
1240 1228 1462 1283 sedebat
1487 1227 1567 1281 sic
1589 1240 1750 1295 supra
1788 1224 2009 1279 fontem.
2053 1223 2194 1280 Hora

624 1338 742 1385 erat
763 1325 917 1397 quasi
952 1333 1129 1379 sexta.
1166 1340 1183 1372 ι
1468 1363 1479 1369 -

688 1419 915 1474 Fontetn
956 1415 1041 1470 hic
1075 1422 1229 1467 vocat
1266 1420 1504 1480 puteum,
1551 1422 1615 1463 eo
1640 1406 1785 1477 quod
1834 1407 1885 1459 in
1929 1406 2020 1460 illo
2058 1423 2196 1474 aqua

624 1509 849 1566 ebulliat
874 1517 1035 1575 atque
1061 1503 1339 1557 scaturiat.
1395 1499 1619 1554 Puteum
1647 1506 1828 1551 autem
1862 1496 2049 1562 fuisse,
2097 1500 2195 1551 de-

622 1599 1047 1666 claratipsamet
1086 1590 1449 1649 Samaritana.
1513 1586 1787 1642 Christum
1841 1586 1988 1639 hisce
2021 1586 2197 1639 verbis

623 1691 930 1757 alloquens:
978 1685 1159 1752 Neque
1208 1684 1263 1734 in
1310 1696 1411 1750 quo
1454 1678 1669 1731 haurias
1702 1676 1880 1739 habes,
1917 1687 1964 1729 et
2012 1686 2196 1743 puteus

627 1786 767 1833 altus
796 1787 897 1831 est.
955 1774 1105 1828 Hunc
1143 1781 1320 1826 autem
1368 1767 1627 1823 eﬂ‘oderat
1675 1766 1865 1821 Jacob.
1922 1763 2039 1817 Huc
2095 1764 2196 1817 ita-

2291 594 2724 663 ἀκριϐολογεῖται
2756 597 2784 647 ό
2837 596 3226 665 εὑαγγελιστὴς
3253 600 3393 669 περὶ
3411 598 3504 652 τοῦ
3534 601 3735 665 educo;
3769 605 3860 655 Ἰν*

2291 685 2418 736 ὅταν
2472 682 2711 755 ἀκούσῃς
2757 685 2856 754 τῆς
2908 687 3169 753 γυναικὸς
3202 687 3502 758 λεγούσης,
3574 690 3789 745 Ἰακὼϐ
3830 696 3862 746 ὁ

2293 773 2488 843 πατὴρ
2514 774 2681 843 ἡμῶν
2705 775 2928 829 ἔδωκεν
2957 776 3073 843 τὴν
3107 779 3311 848 πηγὴν
3342 782 3584 847 ταύτην,
3620 782 3698 852 μὴ
3731 782 3861 847 ξενι-

2295 864 2448 935 σθῇς.
2490 866 2549 918 ὐ
2579 866 2686 935 γὰρ
2716 866 2878 929 τόπος
2911 867 3117 930 ἐκεῖνος
3143 864 3230 939 ἦν,
3263 870 3391 923 ἔνθα
3419 873 3545 941 περὶ
3573 874 3678 941 τῆς
3712 876 3863 938 Δίνας

2294 956 2343 1005 οἱ
2380 955 2606 1019 ἀδελφοὶ
2656 956 2786 1008 Λευῒ
2831 957 2927 1008 καὶ
2977 956 3199 1026 Συμεὼν
3249 960 3723 1027 ἀγανακτοῦντες,
3779 966 3865 1016 τὸν

2295 1046 2526 1115 χαλεπὸν
2553 1048 2761 1100 ἐκεῖνον
2787 1049 3117 1118 εἰργάσαντο
3147 1049 3327 1116 φόνον.

2371 1158 2390 1191 ι
2429 1134 2536 1193 τΗν
2566 1140 2622 1191 δὲ
2658 1141 2773 1192 ὲκεῖ
2801 1140 2952 1210 πηγὴ
2992 1139 3089 1192 τοῦ
3142 1139 3356 1195 Ἰακώϐ.
3405 1141 3464 1191 ’0
3505 1142 3598 1195 οῦν
3660 1144 3865 1213 Ἰησοῦς

2297 1230 2642 1293 κεκοπιακὼς
2668 1231 2733 1282 ὲκ
2760 1230 2859 1298 τῆς
2896 1228 3223 1301 ὁδοιπορίας,
3257 1229 3553 1295 ἐκαθέζετο
3575 1231 3752 1297 οὕτως
3779 1236 3866 1286 ἐπὶ

2295 1325 2361 1393 τῇ
2398 1326 2571 1392 πηγῇ.
2614 1322 2756 1392 Ὅρα
2779 1317 2847 1391 ἦν
2871 1321 3002 1374 ὡσεὶ
3030 1322 3187 1391 ἕκτη.
3225 1341 3245 1373 ι

2366 1415 2555 1485 Πηγὴν
2580 1414 2637 1466 δὲ
2666 1414 2727 1466 τὸ
2757 1414 2933 1484 φρέαρ
2971 1416 3104 1483 φησι
3126 1414 3215 1467 διὰ
3242 1414 3301 1467 τὸ
3321 1414 3529 1487 βρύειν,
3564 1417 3662 1470 καὶ
3694 1421 3865 1487 πηγάς

2298 1508 2410 1571 ζειν
2435 1508 2492 1558 ὲν
2525 1505 2673 1576 αὑτῴ
2704 1507 2765 1559 τὸ
2794 1505 2957 1577 ὕδωρ.
2994 1507 3114 1560 Ὅτι
3146 1507 3255 1577 γὰρ
3284 1509 3461 1579 φρέαρ
3486 1503 3577 1579 ἦν,
3606 1510 3760 1579 δηλοῖ
3787 1511 3867 1562 λέο

2297 1613 2468 1665 γουσα
2518 1598 2552 1665 ή
2605 1597 2935 1666 Σαμαρεῖτις
2980 1596 3057 1666 τῷ
3102 1598 3344 1668 Χριστῷο
3398 1599 3547 1652 Οὔτε
3600 1600 3867 1669 ἄντλημα

2298 1688 2475 1755 ἔχεις,
2504 1687 2598 1740 καὶ
2632 1686 2698 1740 τὸ
2725 1687 2912 1756 φρέαρ
2937 1688 3067 1741 ἐστὶ
3095 1689 3279 1760 ﬁgat}.
3316 1688 3489 1741 Τοῦτο
3521 1690 3578 1742 δὲ
3608 1690 3813 1760 ὤρυξεν
3838 1694 3866 1743 ὁ

2313 1778 2527 1832 Ἰακώϐ.
2600 1779 2864 1832 Ἐνταῦθα
2909 1780 3090 1832 τοίνυν
3140 1782 3169 1832 ὁ
3226 1782 3462 1851 Χριστὸς
3513 1783 3865 1852 παρεγίνετοο

626 1883 734 1938 que
769 1866 1020 1921 Christus
1047 1861 1304 1923 accessit,
1352 1858 1589 1913 desidem
1633 1856 1845 1924 quidem
1900 1870 1961 1909 ac
1988 1855 2196 1909 mollem

2299 1871 2390 1925 τὸν
2436 1872 2532 1941 μὲν
2576 1870 2843 1940 βάναυσον
2879 1871 2974 1924 καὶ
3016 1871 3182 1943 ὑγρὸν
3220 1848 3498 1925 ἐκϐάλλων
3529 1848 3788 1942 etenim
3816 1876 3867 1928 δὲ

629 1957 846 2014 vivendi
873 1955 1134 2010 rationem
1162 1950 1556 2013 exterminans,
1595 1946 1915 2001 laboriosam
1948 1961 2079 2001 vero
2134 1962 2199 2001 ac

627 2050 924 2106 studiosam
949 2046 1231 2099 inducens.
1287 2040 1400 2095 Non
1455 2039 1597 2095 enim
1637 2038 1895 2106 jumentis
1922 2053 2047 2092 usus
2095 2046 2197 2104 est,

627 2145 722 2201 sed
752 2142 954 2199 incedit
995 2148 1145 2194 tanta
1177 2135 1543 2199 contentione,
1588 2142 1736 2187 utex
1763 2133 1957 2189 itinere
2010 2130 2201 2197 delatio

636 2242 856 2305 garetur
893 2248 904 2283 :
934 2229 1134 2297 ubique
1158 2226 1421 2296 siquidem
1454 2224 1656 2279 laboris
1675 2224 1911 2278 studium
1941 2232 1994 2276 et
2016 2236 2202 2290 super-

628 2323 781 2381 vacui
812 2322 1011 2391 fugam,
1044 2318 1508 2388 frugalitatemque
1540 2312 1901 2376 commendat,
1938 2322 1995 2365 ut
2036 2312 2199 2365 etiam

648 2433 829 2471 rerum
867 2411 1294 2467 necessariarum
1323 2407 1551 2477 plurima
1577 2420 1905 2461 resecemus.

677 2504 1118 2575 Quandoquidem
1151 2499 1386 2556 Verbum
1423 2512 1551 2552 caro
1606 2495 1805 2549 factum
1836 2504 1975 2559 erat,
2012 2507 2202 2548 conse-

625 2610 856 2672 quenter
900 2613 966 2652 ex
1011 2596 1237 2660 itinere,
1282 2592 1424 2662 quod
1474 2589 1697 2643 meridie
1748 2586 2083 2651 conﬁciebat,
2125 2584 2204 2639 fa-

629 2690 919 2762 tigabatur.
958 2683 1210 2739 Meridies
1260 2689 1463 2745 autem,
1518 2686 1601 2734 est
1647 2676 2033 2730 lucidissitnum
2073 2673 2201 2729 illud

630 2792 839 2850 tempus
867 2774 1222 2847 apparitionis
1278 2770 1528 2828 Christi:
1588 2767 1774 2824 habuit
1801 2766 1943 2821 cnim
2007 2779 2203 2833 corpus

630 2883 815 2929 nostro
870 2869 1064 2933 simile,
1136 2866 1326 2921 iisdem
1378 2863 1575 2933 quibus
1626 2869 1867 2914 nostrum
1925 2865 2200 2921 constans,

628 2970 855 3030 excepto
887 2958 986 3011 viri
1024 2969 1341 3026 congressu.
1392 2950 1751 3017 Quamobrem
1783 2963 1889 3001 non
1938 2944 2201 3014 defatiga-

632 3032 764 3109 tioni
803 3052 999 3113 solum,
1029 3063 1216 3102 verum
1263 3044 1432 3100 etiam
1462 3042 1550 3097 siti
1591 3039 2011 3107 vulneribusque
2035 3036 2204 3092 obno-

631 3144 780 3198 xium
809 3140 930 3203 fuit,
966 3134 1397 3208 quandoquidem
1429 3147 1623 3201 corpus
1654 3132 1795 3185 intra
1828 3130 2076 3183 humana:
2106 3142 2203 3181 na-

633 3246 768 3289 tura:
834 3232 1096 3286 terminos
1161 3227 1497 3289 continebat,
1558 3239 1626 3277 ne
1682 3224 2003 3293 phantasma
2041 3220 2196 3275 vide-

632 3337 804 3381 I‘CUJI‘.

682 3415 959 3481 Christus,
990 3426 1108 3469 cum
1136 3420 1252 3482 post
1291 3408 1719 3465 incarnationem
1759 3416 2009 3475 tanquam
2068 3422 2206 3460 unus

635 3522 700 3565 ex
738 3506 898 3565 nobis
949 3514 1115 3570 esset,
1183 3515 1386 3558 natura:
1434 3503 1683 3556 humana:
1740 3499 2053 3555 affectiones
2104 3498 2207 3553 sibi

635 3602 885 3674 proprias
931 3600 1082 3664 fecit,
1135 3595 1349 3650 tametsi
1399 3601 1461 3648 ut
1520 3594 1658 3649 Deus
1712 3602 1955 3647 maneret
2008 3604 2204 3661 expers

640 3692 929 3764 passionis.

711 3784 873 3839 Vens.
911 3781 962 3835 7.
1020 3799 1038 3832 ι
1076 3780 1234 3835 Venit
1298 3777 1487 3832 mulier
1545 3776 1612 3831 de
1682 3773 1925 3829 Samaria
1994 3772 2209 3829 haurire

640 3892 855 3946 aquam.
912 3871 1050 3929 Dicit
1081 3871 1128 3925 ei
1154 3869 1348 3924 Jesus:
1420 3867 1495 3921 Da
1529 3866 1663 3920 mihi
1700 3865 1906 3919 bibere.
1942 3881 1961 3915 ›

695 3966 1090 4021 Samaritanam
1136 3961 1433 4027 interrogat
1480 3958 1546 4011 de
1577 3957 1708 4026 legis
1767 3955 1979 4019 umbra,
2042 3962 2098 4005 ut
2132 3952 2209 4006 illi

640 4074 834 4129 aquam
878 4056 1055 4110 vivam
1121 4053 1380 4123 praebeat.
1452 4047 1543 4101 Sic
1594 4046 1754 4100 etiam
1805 4045 2003 4113 ubique
2053 4044 2210 4097 ﬁdem

639 4151 828 4218 exigit,
861 4156 921 4201 ut
948 4152 1167 4216 praestet
1200 4157 1261 4195 ea
1307 4153 1428 4208 qua:
1453 4144 1709 4206 superant
1754 4134 2044 4188 rationem.
2107 4132 2211 4187 Per

643 4248 741 4295 IlOC
764 4240 927 4294 etiam
955 4234 1211 4291 Judaicas
1249 4229 1601 4285 caaremonias
1634 4240 1738 4281 non
1784 4224 1960 4293 magni
2012 4223 2212 4277 facien-

639 4337 736 4389 das
762 4337 936 4394 ducet,
977 4330 1287 4387 ostendens,
1344 4332 1395 4379 id
1439 4324 1582 4394 quod
1617 4322 1669 4377 in
1693 4336 1757 4377 os
1805 4321 1994 4384 intrat,
2036 4321 2211 4374 homi-

641 4442 761 4481 nem
794 4438 899 4479 nou
937 4420 1240 4489 inquinare.

2299 1963 2555 2015 ἐπίπονον
2588 1962 2844 2030 είσὰγων,
2878 1965 2974 2015 καὶ
3004 1965 3455 2034 συνεσταλμένον.
3497 1964 3570 2018 Οὐ
3607 1966 3720 2036 γὰρ
3746 1968 3867 2019 ὑπο-

2302 2053 2509 2121 ζυγίοις
2542 2053 2829 2124 κέχρηται,
2872 2054 2987 2107 ἀλλ’
3024 2054 3285 2118 ὡσαύτως
3324 2055 3528 2124 βαδίζει
3573 2059 3864 2124 συντόνως,

2287 2146 2374 2208 ’ὼς
2404 2147 2500 2200 καὶ
2534 2148 2796 2199 κοπιᾶσαι
2827 2148 2891 2199 ἐκ
2931 2148 3031 2216 τῆς
3068 2147 3396 2218 ὁδοιπορίας.
3447 2150 3554 2202 Καὶ
3582 2149 3745 2203 τοῦτο
3771 2152 3867 2218 γὰρ

2302 2234 2574 2305 πανταχοῦ
2610 2234 2851 2288 παιδεύει
2872 2236 2933 2288 τὸ
2956 2236 3277 2307 αὐτουργὸν,
3306 2238 3399 2290 καὶ
3428 2241 3742 2308 ἀπέριττον,
3783 2242 3867 2292 καὶ

2304 2325 2613 2398 μήπολλῶν
2645 2316 2890 2393 δεῖσθαι’,
2935 2327 3009 2391 ὡς
3062 2330 3158 2383 καὶ
3187 2329 3366 2383 αὐτῶν
3406 2331 3516 2384 τῶν
3560 2332 3869 2400 ἀναγκαίων

2303 2418 2472 2471 πολλά
2501 2417 2873 2489 περικόπτειν.
3288 2474 3289 2477 η

2384 2510 2601 2581 Ἐπειδὴ
2624 2511 2653 2563 ό
2679 2510 2851 2579 Λόγος
2881 2511 3068 2581 γέγονε
3098 2512 3255 2584 σὰρξ,
3283 2515 3595 2581 ἀκολούθως
3624 2518 3867 2571 κεκοπία-

2302 2618 2398 2655 κεν
2426 2601 2492 2654 ὲκ
2519 2603 2620 2671 τῆς
2668 2602 2921 2655 συντόνου
2965 2602 3272 2673 ὁδοιπορίας
3317 2607 3416 2677 τῆς
3464 2610 3522 2660 ἐν
3558 2610 3867 2681 μεσημϐρίᾳ

2301 2693 2605 2762 γεγονυίας.
2646 2694 2976 2768 Μεσημὸρία
3008 2697 3065 2750 δέ
3107 2700 3253 2751 ἐστιν
3286 2701 3313 2752 ὀ
3343 2701 3597 2768 φωτεινὸς
3634 2702 3730 2772 τῆς
3761 2704 3867 2753 ἐπι·

2304 2787 2529 2855 φανείας
2557 2788 2767 2857 καιρός.
2806 2784 2964 2859 Εἵχεν
3001 2797 3110 2860 γὰρ
3146 2791 3305 2861 σῶμα
3337 2792 3412 2854 ὡς
3449 2793 3509 2845 τὸ
3558 2795 3738 2863 ἡμῶν,
3782 2794 3866 2846 καὶ

2305 2877 2507 2931 συστὰν
2537 2878 2593 2943 ἐξ
2627 2872 2703 2932 ὧν
2734 2881 2829 2932 καὶ
2856 2880 2925 2933 τὰ
2965 2882 3142 2951 ήμῶν,
3177 2882 3297 2952 δίχα
3330 2883 3497 2954 μόνης
3532 2885 3725 2955 ἀνδρὸς
3759 2889 3866 2954 ὀμι-

2301 2970 2439 3032 λίας.
2475 2970 2566 3023 Διὸ
2594 2971 2654 3023 οὑ
2686 2972 2842 3042 μόνον
2864 2974 3070 3036 κόποις,
3099 2975 3233 3027 ἀλλὰ
3264 2977 3356 3027 καὶ
3387 2974 3517 3048 δίψῃ
3543 2978 3641 3029 καὶ
3672 2977 3866 3046 τρώσε-

2305 3078 2387 3115 σιν
2417 3060 2701 3126 ὑπέκειτο,
2736 3063 2966 3133 ἐπείπερ
2993 3066 3139 3117 εἴασε
3170 3066 3229 3118 τὸ
3284 3066 3441 3136 σῶμα
3484 3070 3666 3137 μεῖναι
3688 3070 3743 3120 ἐν
3766 3070 3867 3130 τοῖς

2229 3185 2272 3243 C
2306 3156 2554 3243 φυσικοῖς
2585 3156 2729 3224 ὅροις
2762 3155 2864 3226 τῆς
2894 3155 3330 3229 ἀνθρωπότητος,
3368 3158 3454 3212 ἵνα
3486 3160 3562 3231 μὴ
3594 3159 3722 3231 δόξῃ
3747 3162 3866 3229 φάν-

2307 3240 2671 3314 τασμαεῖναι.

2388 3423 2477 3484 ὀς
2499 3416 2580 3486 εἷς
2606 3420 2683 3475 ὢν
2712 3422 2867 3493 ἡμῶν
2886 3423 2915 3475 ὁ
2941 3424 3174 3494 Χριστὸς
3198 3425 3335 3495 μετά
3360 3428 3459 3497 τῆς
3487 3426 3625 3490 ἰδίας
3659 3426 3865 3498 σαρκὸς.

2308 3514 2713 3566 οίκειοποιεῖται
2749 3511 2817 3565 τὰ
2850 3512 2951 3582 τῆς
2980 3515 3399 3587 ἀνθρωπότητος
3433 3516 3581 3586 πάθη
3603 3555 3622 3578 .
3676 3517 3867 3586 καίπερ

2313 3606 2499 3675 μείνας
2525 3603 2599 3667 ὼς
2635 3604 2765 3666 Θεὸς
2799 3604 3035 3676 ἀπαθής.

2387 3801 2405 3833 ι
2452 3782 2710 3853 Ἔρχεται
2730 3782 2863 3853 γυνὴ
2886 3785 2950 3836 ὲκ
2970 3782 3067 3853 τῆς
3088 3784 3401 3855 Σαμαρείας
3424 3782 3690 3854 ἀντλῆσαι
3714 3781 3846 3852 ὕδωρ

2310 3874 2471 3941 Λέγει
2494 3875 2629 3944 αὐτῇ
2658 3875 2686 3927 ό
2725 3873 2951 3944 Ἰησοῦς·
2983 3875 3082 3939 Δός
3114 3892 3203 3945 μοι
3233 3878 3396 3929 πιεῖν.
3436 3894 3457 3927 ι

2380 3963 2491 4034 Τὴν
2530 3964 2857 4034 Σαμαρεῖτιν
2890 3967 3032 4018 αἰτεῖ
3061 3965 3160 4035 τὴν
3206 3965 3300 4017 τοῦ
3351 3965 3517 4035 νόμου
3558 3982 3720 4019 σκιαν
3742 4003 3756 4028 ,
3792 3965 3863 4016 ἕνα

2311 4053 2386 4124 δῷ
2418 4054 2553 4124 αὐτῇ
2580 4056 2641 4107 τὸ
2671 4055 2778 4119 ζῶν
2813 4054 2977 4126 ὕδωρ.
3007 4055 3094 4118 Ὠς
3118 4057 3212 4109 καὶ
3246 4057 3595 4126 παραπαντὺς
3628 4058 3768 4111 αἰτεῖ
3790 4054 3867 4107 πίω

2314 4162 2451 4210 στιν,
2476 4144 2563 4199 ἵνα
2583 4146 2973 4219 χαρίσηταιητὰ
2998 4146 3138 4218 ὑπὲρ
3175 4147 3350 4216 λόγον.
3384 4148 3482 4202 Διά
3509 4147 3702 4202 τούτου
3734 4147 3865 4200 διδά-

2314 4254 2433 4290 σκει
2468 4242 2827 4309 καταφρονεῖν
2872 4238 2981 4290 τῶν
3040 4238 3363 4303 Ἰουδαϊκῶν,
3417 4241 3655 4307 δεικνὺς,
3703 4239 3867 4293 ὅτιτὸ

2313 4327 2689 4398 εἰσερχόμενον
2723 4330 2803 4391 είς
2828 4328 2889 4381 τὸ
2919 4328 3109 4398 στόμα,
3139 4329 3199 4381 οὐ
3226 4331 3397 4384 κοινοῖ
3423 4329 3514 4382 τὸν
3537 4329 3832 4401 ἄνθρωπον.

708 4514 875 4570 Vens.
912 4512 1001 4567 lO.
1035 4530 1054 4561 ι
1087 4506 1385 4578 Respondit
1412 4504 1588 4568 lesus,
1612 4505 1817 4559 etdixit
1851 4504 1933 4560 ei:
1967 4503 2022 4557 Si
2045 4502 2201 4557 scires

2392 4529 2410 4560 ι
2464 4508 2761 4578 Ἀπεκρίθη
2810 4508 3050 4578 Ἰησοῦς,
3099 4508 3191 4561 καὶ
3233 4504 3387 4561 εἶπεν
3432 4509 3589 4578 αὐτῇ·
3630 4510 3695 4562 Ei
3735 4508 3865 4578 ᾔδεις

642 4607 840 4661 donum
876 4602 992 4664 Dei,
1018 4610 1072 4656 et
1102 4600 1226 4669 quis
1258 4597 1451 4665 estqui
1486 4596 1620 4649 dicit
1649 4596 1780 4648 tibi:
1831 4595 1904 4648 Da
1961 4593 2090 4647 ιιιὶίιί
2129 4592 2210 4646 bi—

640 4699 810 4763 bere;
862 4706 915 4749 tu
950 4693 1179 4749 forsitan
1222 4691 1453 4760 petisses
1510 4690 1578 4743 ab
1629 4703 1714 4754 eo,
1737 4697 1793 4743 et
1849 4686 2084 4741 dedisset
2115 4685 2209 4739 tibi

641 4805 836 4861 aquam
866 4789 1065 4841 vivam.
1094 4805 1112 4838 ι

706 4876 1341 4939 Potusimmortalitatis,
1375 4882 1499 4930 sunt
1521 4872 1735 4943 eloquia
1789 4870 2024 4935 Domini,
2077 4870 2211 4924 vivi-

642 4977 802 5030 ﬁcum
827 4972 1062 5043 Spiritus
1116 4969 1289 5025 sancti
1326 4967 1551 5028 donum,
1604 4979 1711 5033 quo
1757 4963 1922 5016 vitam
1965 4962 2212 5016 homines

642 5067 931 5135 accipiunt.
992 5063 1227 5133 Spiritus
1261 5068 1439 5114 autem
1472 5057 1646 5113 sancti
1680 5055 1853 5123 gratia
1885 5053 2211 5124 quandoque

640 5157 805 5225 ignis,
862 5168 1251 5223 nonnunquam
1308 5166 1436 5203 vero
1498 5164 1634 5216 aqua
1668 5154 1936 5201 Vocatur:
1992 5144 2210 5197 nomina

639 5251 905 5320 siquidem
959 5250 1060 5302 ista
1110 5261 1213 5300 non
1276 5243 1657 5303 substantiam,
1707 5239 1801 5294 sed
1845 5238 2208 5305 operationem

640 5341 912 5395 denotant.

708 5431 872 5486 νεεδ.
904 5428 1113 5485 ιεριι.
1151 5447 1167 5477 ι
1188 5422 1503 5493 Respondit,
1536 5420 1713 5483 Jesus,
1743 5428 1796 5473 et
1819 5417 1954 5471 dixit
1978 5418 2059 5471 ei:
2089 5416 2214 5470 0m-

558 5581 563 5584 .
642 5526 726 5582 nis
759 5526 849 5596 qui
877 5524 1013 5577 bibit
1042 5537 1103 5574 ex
1136 5532 1273 5587 aqua
1296 5517 1416 5579 hac,
1451 5514 1600 5567 sitiet
1626 5515 1856 5565 iterum:
1893 5510 1985 5579 qui
2025 5518 2205 5563 autem

713 5702 790 5775 (5)
835 5702 995 5775 Plura
1047 5695 1460 5775 hicnemmtmio
1491 5690 1971 5775 .tt'ibttit_.C.ratneri
2022 5699 2210 5743 catena

643 5762 903 5846 quiet-od.
952 5770 1101 5822 Bodl.
1136 5764 1503 5835 Chrysostomi
1528 5778 1646 5815 esse
1678 5762 1832 5829 dicit,
1866 5771 1919 5815 et
1958 5776 2074 5830 quae
2111 5775 2208 5815 rc-

2316 4600 2414 4669 τὴν
2458 4600 2664 4668 δωρεὰν
2715 4599 2809 4653 τοῦ
2852 4599 3022 4663 Θεοῦ,
3054 4599 3150 4654 καὶ
3193 4601 3277 4663 τίς
3320 4602 3470 4653 ἐστιν
3496 4602 3527 4653 ό
3562 4601 3734 4669 λέγων
3762 4615 3862 4662 σοι,

2317 4692 2415 4763 ᾼός
2450 4708 2539 4761 μοι
2573 4692 2736 4743 πιεῖν·
2784 4692 2849 4744 σὺ
2881 4691 2947 4749 ἂν
2973 4692 3184 4763 ᾔτησας
3216 4691 3416 4758 αὑτὸν,¹
3451 4693 3544 4746 καὶ
3585 4692 3780 4745 ἔδωκεν
3809 4690 3865 4743 ἀν

2302 4760 2401 4835 ’σοι
2430 4760 2575 4853 ὕδωρ
2607 4781 2734 4841 ζῶν.

2390 4874 2556 4937 Πότος
2585 4873 2881 4935 ἀθανασίας
2914 4874 3029 4926 ἐστὶ
3052 4872 3122 4926 τὰ
3145 4872 3235 4926 τοῦ
3267 4873 3474 4944 Κυρίου
3499 4872 3675 4941 λόγια,
3698 4875 3862 4943 ήζωοο

2319 4964 2470 5027 ποιὸς
2516 4964 2609 5016 τοῦ
2644 4964 2958 5035 ιινεύματος
2995 4964 3173 5029 δόσις,
3205 4965 3271 5017 δι’
3305 4960 3371 5035 ἧς
3407 4964 3678 5027 ἀναζῶσιν
3709 4966 3753 5016 οί
3786 4964 3863 5016 ἄν·

2316 5056 2542 5126 θρωποι.
2589 5056 2651 5109 Ἠ
2686 5056 2741 5109 δὲ
2776 5055 2872 5109 τοῦ
2914 5055 3229 5125 Πνεύματος
3264 5058 3421 5126 χάρις
3460 5057 3591 5109 ποτὲ
3638 5044 3860 5110 καλεῖται

2314 5146 2445 5217 πῦρ,
2482 5146 2665 5198 ἄλλοτε
2699 5144 2860 5215 ὕδωρ
2897 5144 2979 5219 τὰ,
3009 5145 3117 5215 γὰρ
3158 5146 3395 5215 ὀνόματα
3439 5146 3645 5214 ταῦτα,
3674 5148 3729 5199 οὐ
3775 5144 3859 5211 τῆς

2313 5238 2499 5300 οὐσίας
2538 5237 2655 5289 ἐστὶ
2692 5238 3096 5306 παραστατικὰ,
3125 5237 3237 5290 ἀλλ’
3265 5238 3558 5308 ἐνεργείας.

2394 5432 2411 5464 ι
2465 5410 2762 5482 Ἀπεκρίθη
2794 5414 2821 5464 ὁ
2884 5411 3087 5481 Ἰησοῦς
3110 5455 3125 5479 ,
3163 5415 3256 5467 καὶ
3306 5410 3458 5467 εἶπεν
3491 5414 3625 5483 αὐτῇ
3649 5430 3663 5444 ο
3708 5412 3857 5473 Πᾶςὸ

2319 5504 2489 5559 πίνων
2529 5505 2592 5556 ἐκ
2631 5503 2724 5555 τοῦ
2749 5502 2939 5569 ὓδατος
2973 5506 3187 5573 τούτου,
3213 5505 3428 5577 διψήσει
3454 5507 3634 5561 πάλιν·
3660 5506 3714 5570 ὃς
3743 5505 3781 5556 δ’
3803 5501 3857 5554 ἂν

2310 5688 2425 5811 i‘p7sg
2454 5688 2796 5756 reperiuntur
2817 5689 2953 5760 apud
2983 5687 3265 5758 Chrysost.
3293 5688 3422 5743 edit.
3456 5698 3653 5744 nostra:
3677 5696 3713 5740 t.
3737 5680 3852 5745 Vill.
