4148 6562
299 451 428 515 1421

1320 401 1902 503 FttAFMEN'rA'IN
1945 442 2005 500 s.
2042 436 2425 502 JOANNEM.

3415 412 3554 498 1422

293 568 393 637 πίῃ
420 568 485 617 ἐκ
513 562 607 616 τοῦ
628 561 839 624 ὕδατος,
868 551 930 613 οἷο
956 557 1066 627 ἐγὼ
1095 559 1252 610 δώτπω
1276 558 1446 625 αὐτῷ·
1481 557 1540 608 θ’)
1571 555 1644 626 μὴ
1667 553 1867 625 διψήσῃ

1994 556 2169 609 iiberit
2219 572 2284 608 ex
2326 570 2465 623 aqua
2508 570 2668 622 quam
2713 569 2812 622 ego
2852 554 2990 607 dabo
3043 551 3114 616 ei,
3151 567 3257 605 nos:
3292 551 3440 604 sitiet
3497 553 3548 604 iu

291 661 373 721 ei;
402 659 494 710 τὸν
530 655 725 708 αἰῶνα.
774 653 932 706 Ἀλλὰ
972 653 1032 704 τὸ
1079 649 1222 720 ὕδωρ
1276 650 1303 702 ὃ
1331 650 1486 701 δώσω
1517 646 1667 716 αὐτῷ
1713 648 1876 718 γενή-

294 768 448 805 σεται
475 751 533 803 ὲν
562 746 711 817 αὐτῷ
739 746 888 817 πηγὴ
916 743 1107 806 ὕδατος
1138 741 1429 812 ἁλλομένου
1457 743 1538 803 εἰς
1566 739 1711 811 ζωὴν
1739 738 1873 792 αἰώ-

292 858 428 898 νιον.
463 858 482 893 ι

375 934 442 986 Ἦ
477 932 686 986 Παλαιὰ
723 929 910 1001 Γραφὴ
951 928 1126 982 δέεται
1173 927 1273 996 τῆς
1327 923 1690 993 εὐαγγελικῆς
1734 924 1876 977 διδα-

295 1025 520 1089 σκαλίας
549 1024 648 1094 τῆς
675 1021 1060 1092 διαδεχομένης
1091 1019 1282 1089 αὐτήν.
1325 1019 1389 1072 Ἡ
1414 1018 1524 1088 γὰρ
1559 1017 1675 1070 Νέα
1726 1015 1877 1069 ἁδιά·

291 1118 449 1188 δοχός
489 1118 658 1177 ἐστιν,
692 1115 779 1168 ἀεὶ
812 1111 1178 1184 ἐπιρρεούσης
1207 1111 1306 1181 τῆς
1347 1109 1710 1178 εὑαγγελικῆς
1744 1125 1877 1160 παι-

291 1210 553 1274 δεύσεως,
586 1208 684 1278 τῆς
715 1203 1155 1274 ἀναῦιϐαζοὺσης
1195 1204 1276 1266 εἰς
1314 1203 1460 1273 ζωὴν
1505 1201 1596 1254 τὸν
1629 1200 1873 1253 πίνοντα.

306 1298 590 1372 Ἀῥραὸὼν
633 1298 690 1350 δέ
736 1299 852 1350 ἐστι
889 1296 989 1366 τῆς
1037 1294 1336 1365 μελλούσης
1361 1291 1758 1353 ἀναστάσεως,
1803 1291 1876 1358 μὴ

296 1392 596 1462 συγχωρῶν
621 1391 714 1445 τὸν
737 1389 1031 1443 πεπωκότα
1055 1386 1236 1448 αὑτὸν,
1256 1384 1476 1438 πίπτειν
1503 1383 1582 1446 εἰς
1604 1382 1878 1453 ἁμαρτίαν

294 1485 535 1553 ἄγουσαν
565 1484 645 1545 είς
672 1482 921 1536 θάνατον.

366 1596 474 1650 Τυῦ
508 1597 826 1664 Πνεῦματος
850 1594 948 1664 τὴν
979 1592 1138 1662 χάριν
1166 1592 1198 1660 ἡ
1227 1588 1415 1660 Γραφὴ
1452 1586 1584 1640 ποτε
1612 1585 1711 1656 μὲν
1743 1587 1872 1656 πῦρ,

297 1689 429 1740 ποτὲ
455 1687 512 1740 δὲ
542 1685 686 1756 ὕδωρ
724 1683 912 1745 καλεῖ,
954 1678 1249 1742 δεικνῦσα,
1284 1679 1367 1731 ὅτι
1397 1677 1496 1730 οὐκ
1533 1675 1720 1739 οὐσίας
1764 1677 1880 1728 ἐστὶ

297 1779 366 1833 τὰ
397 1779 638 1847 ὀνόματα
661 1818 676 1838 ,
708 1774 821 1828 ἀλλ’
864 1772 1167 1841 ἐνεργείας.
1205 1769 1339 1822 Οὐδὲ
1371 1768 1480 1839 γὰρ
1507 1769 1570 1820 ὲκ
1604 1767 1878 1838 διαφόρων

299 1871 630 1939 συνέστηκεν
656 1867 856 1920 οὐσιῶν
880 1867 939 1918 τὸ
961 1863 1205 1932 Πνεῦμα,
1233 1861 1464 1932 ἀόρατον
1487 1858 1579 1913 καὶ
1610 1860 1878 1929 μονοειδὲς

297 1961 377 2016 ὄν.
433 1960 542 2013 Καὶ
597 1961 626 2012 ὁ
677 1958 776 2028 μὲν
838 1956 1087 2024 Ἰωάννης
1145 1951 1320 2006 ταῦτα
1368 1950 1547 2018 λέγει,
1597 1952 1677 2002 ὅτι
1720 1951 1883 2014 αὐτὸς

298 2055 446 2123 ἡμᾶς
486 2049 737 2118 βαπτίζει
767 2051 824 2103 ὲν
852 2050 1131 2118 Πνεῦματι
1194 2045 1333 2115 ἁγίῳ
1398 2045 1493 2097 καὶ
1537 2043 1688 2114 πυρί.
1746 2043 1804 2096 Ὀ
1830 2043 1884 2096 δὲ

299 2141 556 2212 Χρισ-ιόςο
588 2141 842 2208 Ποταμοὶ
867 2140 934 2192 ἐκ
955 2137 1062 2206 τῆς
1085 2137 1320 2201 κοιλίας
1348 2133 1532 2188 αὐτοῦ
1546 2135 1886 2202 ῥεύσουσιν

300 2233 522 2298 ὓδατος
553 2232 788 2298 ζῶντος.
817 2231 990 2284 Τοῦτο
1011 2232 1066 2284 δὲ
1094 2231 1240 2300 λέγει
1269 2231 1398 2302 περὶ
1423 2231 1516 2284 τοῦ
1542 2230 1881 2302 Πνεύμοιτος,

300 2323 488 2393 φησὶν,
536 2315 596 2374 οὗ
626 2322 850 2392 ἔμελλον
876 2320 1192 2391 λαμϐάνειν.
1217 2319 1373 2374 Οὕτω
1413 2321 1508 2374 καὶ
1550 2323 1618 2392 τῇ
1667 2321 1886 2389 γυναικὶ

298 2413 702 2484 διαλεγόμενος,
727 2412 911 2466 ἐκάλει
931 2413 991 2465 τὸ
1014 2412 1254 2482 Πνεῦμαε
1285 2413 1372 2466 διὰ
1405 2413 1504 2482 μὲν
1528 2413 1624 2482 τῆς
1658 2412 1751 2466 τοῦ
1789 2431 1886 2464 πυο

303 2506 396 2580 ρός
438 2506 812 2577 προσηγορίας
847 2505 908 2558 τὸ
943 2500 1165 2576 θερμὸν,
1213 2506 1306 2558 καὶ
1331 2505 1755 2576 διεγηγερμένον
1790 2505 1888 2575 τῆς

300 2597 546 2668 χάριτος,
586 2595 680 2650 καὶ
715 2595 1084 2665 δαπανητικὺν
1125 2595 1541 2668 ἁμαρτημάτων
1576 2596 1885 2666 αἰνιττόμεο

303 2706 421 2752 νο;’
449 2690 535 2743 διὰ
565 2689 620 2742 δὲ
646 2688 740 2742 τοῦ
774 2687 960 2751 ὓδατος
979 2731 992 2753 ,
1027 2689 1117 2741 τὸν
1148 2687 1430 2759 καθαρμὸν
1459 2688 1549 2741 τὸν
1587 2687 1647 2751 ἐξ
1685 2686 1848 2740 αὐτοῦ
1872 2727 1886 2749 ,

303 2785 400 2837 καὶ
428 2783 526 2853 τὴν
563 2783 766 2852 πολλὴν
800 2781 1127 2853 παραψυχὴν
1176 2779 1275 2850 τῆς
1330 2780 1726 2850 ὑποδεχομένης
1759 2779 1890 2830 αὐτὸ

231 2875 233 2877 ’
302 2876 536 2938 διανοίας
567 2875 868 2944 ἐμφαίνων.

381 3009 399 3038 ι
440 2987 601 3055 Λέγει
648 2987 784 3056 αὺτῇ
821 2987 850 3040 ὁ
915 2985 1145 3057 Ἰησοῦς⁸
1201 2984 1396 3043 Γύναι.
1447 2983 1737 3036 πίστευσόν
1767 3001 1888 3053 μοι,

304 3078 386 3129 ὅτι
417 3077 636 3148 ἔρχεται
666 3077 805 3147 ὥρα,
843 3079 929 3131 ὅτε
965 3076 1090 3130 οὒτε
1122 3079 1179 3129 ὲν
1209 3075 1286 3146 τῷ
1317 3075 1430 3146 ὄρει
1463 3076 1656 3145 τούτῳ,
1689 3073 1812 3128 οὔτε
1836 3076 1891 3127 ὲν

317 3169 711 3242 Ἰεροσολύμοις
738 3173 1146 3241 προσκυνήσετε
1181 3168 1259 3237 τῷ
1286 3167 1482 3237 Πατρί.
1524 3186 1541 3217 ι

1975 659 2259 702 asternutn.
2323 645 2429 701 Sed
2467 663 2606 715 aqua
2646 663 2806 714 quam
2836 660 2934 714 ego
2967 645 3104 696 dabo
3135 646 3206 705 ei.
3266 644 3356 698 liet
3392 643 3446 697 in
3486 658 3552 698 eo

1977 739 2097 792 fons
2119 754 2270 806 aqua:
2294 738 2537 792 salientis
2568 739 2620 789 in
2649 738 2811 790 vitam
2837 746 3120 790 aeternam.
3160 756 3176 787 ι

2047 915 2296 984 Antiqua:
2337 913 2634 983 Scripturae
2665 929 2800 983 opus
2827 913 3030 967 habent
3095 902 3405 981 evangelica
3453 915 3553 970 do-

1980 1007 2181 1070 ctrina,
2211 1023 2331 1075 quae
2363 1007 2471 1061 illis
2504 1007 2780 1061 succedat.
2830 1004 3039 1061 Novum
3071 1021 3201 1061 vero
3238 1005 3560 1062 Testamen-

1983 1110 2094 1151 tum
2129 1113 2448 1153 successore
2479 1106 2651 1164 caret,
2717 1097 3030 1166 evangeliea
3079 1100 3337 1153 nimirum
3394 1101 3560 1157 disci-

1981 1187 2122 1256 plina
2153 1189 2462 1256 perenniter
2505 1187 2725 1251 ﬂuente,
2769 1189 2962 1257 suique
3000 1199 3300 1257 putatorem
3358 1194 3423 1246 ad
3476 1195 3558 1247 vi-

1982 1282 2089 1325 tam
2111 1271 2428 1328 devehente.
2465 1274 2667 1345 Pignus
2695 1275 2964 1344 siquidem
2991 1288 3073 1331 est
3098 1278 3291 1332 futura:
3316 1296 3560 1335 resurre-

1979 1357 2200 1426 ctionis,
2234 1378 2337 1417 non
2403 1365 2590 1420 sineus
2620 1381 2767 1430 eum,
2793 1366 2887 1436 qui
2938 1367 2994 1422 id
3032 1367 3246 1434 biberit,
3277 1369 3327 1423 iu
3371 1386 3562 1439 pecea-

1980 1465 2090 1508 tum
2126 1455 2227 1509 labi
2263 1458 2407 1526 quod
2431 1458 2592 1512 ducat
2619 1460 2686 1514 ad
2719 1471 2972 1515 mortem.

2041 1569 2278 1638 Spiritus
2331 1571 2502 1628 sanc'li
2553 1574 2784 1644 gratiam
2863 1575 3164 1644 Scriptum
3236 1579 3562 1650 quandoque

1979 1662 2195 1732 quide
2231 1664 2434 1731 ignem,
2468 1665 2793 1734 quandoque
2849 1682 2976 1720 vero
3020 1683 3215 1736 aquam
3248 1681 3461 1735 vocant,
3496 1675 3563 1726 ad

1979 1754 2392 1817 ostendendum,
2430 1769 2534 1808 non
2578 1755 2896 1810 substantia:
2934 1756 3066 1817 ista.
3102 1758 3194 1812 sed
3231 1763 3564 1827 operationis

1981 1859 2100 1900 esse
2125 1845 2362 1900 nomina.
2381 1845 2657 1915 Siquidem
2689 1847 2908 1901 minime
2942 1849 3168 1904 diversis
3198 1866 3228 1904 e
3257 1852 3414 1907 rebus
3443 1854 3565 1922 Spi-

1989 1937 2122 1991 ritus
2167 1947 2401 2004 constat,
2433 1954 2554 1993 cum
2592 1939 2996 2007 inaspectabilis
3024 1953 3077 1996 et
3105 1943 3390 1998 nnilormis
3419 1947 3564 2000 exsi-

1987 2036 2115 2081 stat.
2166 2029 2243 2082 Ac
2289 2025 2530 2082 Joannes
2559 2029 2774 2097 quidem
2811 2031 2887 2082 ait
2941 2031 3113 2098 ipsum
3155 2047 3253 2088 nos
3293 2033 3568 2103 baptizare

1988 2118 2041 2173 in
2086 2119 2288 2188 Spiritu
2337 2128 2552 2184 sancto,
2583 2129 2637 2174 et
2665 2119 2772 2189 igni
2809 2121 2872 2174 ιε.
2913 2120 3369 2189 Οιιιτίειιιετενο,
3426 2125 3566 2180 Flu-

1989 2211 2132 2264 mina
2167 2211 2230 2265 de
2257 2222 2428 2264 ventre
2450 2211 2564 2280 ejus
2587 2212 2750 2280 ﬂuent
2783 2229 2934 2281 aqua:
2975 2215 3098 2268 viva:
3126 2217 3191 2271 ¹⁷.
3222 2214 3335 2272 Hoc
3386 2231 3566 2274 autem

1991 2302 2236 2373 (iinquil)
2295 2303 2431 2356 dixit
2461 2305 2526 2358 de
2571 2301 2800 2372 Spiritu,
2849 2321 3013 2373 quem
3060 2309 3336 2378 accepturi
3389 2323 3566 2366 erant.

1991 2394 2069 2449 Eo
2101 2395 2259 2450 modo
2287 2394 2495 2448 mulieri
2535 2379 2786 2463 loquens,
2818 2395 3080 2464 Spiritum
3114 2399 3438 2468 appellavit;
3475 2417 3570 2471 per

1992 2487 2131 2558 ignis
2185 2487 2405 2556 quidem
2458 2487 2896 2556 appellationem,
2930 2489 3120 2556 gratia:
3167 2487 3464 2555 fervorem,
3516 2501 3573 2547 et

1991 2579 2263 2633 excitandi
2293 2579 2422 2644 vim,
2447 2588 2609 2648 atque
2651 2587 2872 2646 peccata
2933 2580 3279 2634 consumendi
3317 2581 3570 2635 virtutem

1994 2669 2310 2734 insinuans;
2344 2685 2496 2737 aquae
2514 2671 2643 2724 'vero
2683 2669 2920 2732 nomine,
2951 2669 3208 2738 purgandi
3236 2667 3570 2736 facultatem,

1993 2773 2048 2815 et
2077 2763 2450 2830 multiplicem,
2471 2778 2632 2831 quam
2658 2762 3074 2831 suscipientium
3103 2763 3374 2818 mentibus
3393 2762 3571 2830 alIert,

1996 2855 2420 2910 consolationem
2455 2854 2722 2909 indicans.

2047 2971 2211 3026 Vens.
2240 2972 2332 3025 2i.
2375 2989 2392 3020 ι
2430 2969 2570 3025 Dicit
2601 2969 2648 3023 υἱ
2682 2969 2836 3023 Jesus
2875 2988 2887 3024 :
2948 2968 3160 3032 Mulier,
3207 2969 3370 3024 crede
3417 2969 3570 3032 mihi,

1994 3062 2121 3131 quia
2158 3062 2304 3115 venit
2331 3060 2486 3124 hora,
2523 3061 2741 3130 quando
2773 3074 2950 3128 neque
3005 3059 3056 3112 in
3091 3068 3274 3112 monte
3309 3058 3430 3124 hoc,
3485 3075 3574 3114 ne-

1995 3165 2100 3220 que
2127 3149 2183 3204 in
2210 3148 2565 3220 Jerosolymis
2594 3147 2888 3202 adorabitis
2919 3145 3154 3200 Patrem.
3187 3165 3205 3198 ι

377 3266 662 3332 Λέγουσιν,
719 3264 802 3316 ὅτι
857 3264 914 3314 ἐν
961 3262 1038 3332 τῷ
1093 3261 1208 3332 δρει
1262 3260 1453 3330 ἐκείνῳ
1512 3261 1812 3330 ἀνήνεγκεν
1862 3261 1887 3313 ὁ

2064 3240 2308 3296 Tradunt
2349 3240 2718 3294 Ahrahamum
2769 3237 2934 3290 lilium
2998 3252 3153 3291 suum
3209 3237 3447 3291 lsaaeum
3507 3239 3574 3291 ad

317 3353 574 3423 Ἀϐραάμ
615 3353 706 3404 τὸν
747 3351 952 3413 Ἰσαὰκ,
988 3353 1125 3422 ὅπερ
1168 3349 1449 3415 ὑπέδειξεν
1480 3352 1513 3420 ἡ
1564 3350 1894 3420 Σαμαρεῖτις

307 3441 387 3512 τῷ
419 3442 628 3512 Κυρίῳ·
654 3441 728 3504 ὡς
764 3443 1050 3512 προφήτην
1082 3441 1137 3494 δὲ
1166 3441 1366 3511 ἐρωτᾷ,
1399 3439 1502 3493 ποῦ
1543 3440 1622 3494 δεῖ
1658 3456 1897 3509 προσκυ-

308 3538 442 3588 νεῖν.

389 3650 505 3703 υύκ
524 3650 677 3713 ὄντος
699 3652 814 3703 ἐκεῖ
854 3650 1009 3719 μόνον
1032 3665 1126 3700 του
1159 3647 1292 3701 Θεοῦ
1330 3687 1344 3711 ,
1367 3647 1479 3700 ἀλλ’
1533 3647 1618 3700 ἵνα
1645 3645 1760 3715 ἅμα
1783 3648 1898 3698 ἐκει

312 3742 706 3811 συναγόμενοι,
765 3739 1070 3810 συμφώνως
1124 3739 1337 3794 ποιοῦσι
1377 3739 1473 3804 τὰς
1508 3737 1898 3809 νενομισμένας

310 3834 535 3904 ἑορτὰς,
567 3834 663 3886 καὶ
694 3832 904 3896 θυσίας.
939 3902 943 3906 _

384 3926 559 3995 Ὥραν
608 3925 665 3978 δὲ
709 3926 808 3994 τὴν
849 3925 1044 3977 ἑαυτοῦ
1093 3924 1390 3994 ἐπιδημίαν
1435 3924 1622 3986 καλεῖ,
1670 3924 1898 3994 ἐπείπερ

311 4016 530 4087 πνεῦμα
551 4015 628 4069 ὢν
650 4017 680 4068 ὁ
702 4015 855 4080 Θεὸς,
881 4017 942 4069 οὐ
975 4017 1124 4086 τόπῳ
1158 4016 1546 4087 περιορίζεται.
1591 4015 1896 4086 Ἀρμοδίως

311 4109 370 4161 δὲ
397 4110 626 4172 ’ἕκαστος
665 4112 963 4179 προσκυνεῖ
997 4112 1060 4162 ἐκ
1097 4107 1192 4162 τοῦ
1227 4109 1392 4161 τόπου
1423 4109 1607 4163 αὑτοῦ.

392 4243 409 4274 ι
455 4224 645 4293 Ὑμεῖς
709 4226 1065 4293 προσκυνεῖτε
1110 4222 1138 4273 ὃ
1167 4222 1264 4273 οὐκ
1294 4220 1501 4274 οἴδατε·
1537 4223 1693 4292 ἡμεῖς
1730 4237 1898 4292 προσ-

312 4313 583 4384 κυνοῦμεν
623 4314 652 4366 ὃ
694 4315 938 4383 οἴδαμεν,
967 4314 1102 4382 ὅτιή
1130 4311 1371 4383 σωτηρία
1402 4313 1464 4364 ἐκ
1492 4311 1598 4365 τῶν
1630 4310 1897 4366 Ἰουδαίων

312 4421 480 4459 εστιν.
525 4424 542 4456 ι

396 4518 687 4586 Ἀπονέμει
723 4517 782 4572 δέ
822 4535 876 4570 τι
921 4515 1084 4570 πλέον
1122 4516 1245 4576 ταῖς
1285 4515 1554 4569 Ἰουδαίων
1593 4514 1891 4608 λατρείαις.

1999 3333 2142 3386 hunc
2168 3339 2404 3400 montem
2433 3327 2747 3388 adduxisse,
2773 3326 2914 3394 quod
2942 3325 3292 3381 Samaritana
3326 3326 3427 3382 ista
3472 3327 3574 3379 Do—

1999 3424 2144 3476 miuo
2202 3420 2528 3487 insinuavit;
2572 3429 2634 3474 ut
2697 3420 3014 3488 prophetam
3069 3433 3198 3473 vero
3249 3428 3418 3488 rogat,
3482 3417 3572 3473 ubi

2001 3521 2254 3584 oporteat
2282 3512 2534 3567 adorare.

2060 3624 2178 3680 Non
2223 3625 2364 3694 quod
2425 3625 2496 3679 ibi
2553 3625 2726 3678 solum
2760 3623 2902 3678 Deus
2928 3633 3094 3687 esset,
3121 3623 3214 3676 sed
3268 3634 3415 3678 uteo
3458 3623 3574 3677 loco

1998 3732 2188 3773 omnes
2218 3717 2550 3788 congregati,
2578 3726 2809 3771 statutas
2835 3717 3040 3786 pariter
3091 3715 3436 3780 festivitates,
3485 3715 3532 3770 le
3557 3747 3575 3757 ς

1998 3810 2289 3879 gitimaque
2337 3810 2599 3864 sacriﬁcia
2639 3809 2995 3865 celebrarent.

2063 3923 2260 3978 lloram
2297 3937 2479 3978 autem
2507 3925 2793 3978 adventum
2821 3940 2977 3978 suum
3010 3932 3185 3989 vocat,
3227 3924 3569 3992 quandoqui-

2000 4019 2118 4072 dem
2154 4017 2315 4082 Dcus,
2353 4033 2473 4071 eum
2520 4018 2588 4070 sit
2614 4017 2856 4086 spiritus,
2888 4017 3003 4071 loco
3044 4016 3267 4071 minime
3293 4015 3578 4071 conchula-

2005 4120 2109 4164 tur.
2163 4110 2559 4163 Convenienter
2582 4118 2762 4161 autem
2798 4124 2827 4162 e
2853 4107 2970 4160 loco
2996 4107 3225 4176 quisque
3251 4107 3580 4161 suoadorat.~

2060 4202 2228 4260 Vens.
2257 4203 2346 4257 ἐξ.
2381 4222 2399 4254 ι
2438 4201 2542 4256 Vos
2585 4203 2824 4256 adoratis
2865 4204 3008 4270 quod
3033 4201 3287 4255 nescitis:
3321 4215 3418 4254 nos
3441 4202 3575 4254 ado-

2007 4315 2188 4353 ramus
2219 4301 2358 4368 quod
2387 4298 2611 4359 scimus,
2645 4296 2770 4365 quia
2811 4294 2956 4349 salus
2981 4309 3046 4347 cx
3073 4292 3274 4348 Juda‘is
3314 4303 3416 4346 est.
3455 4311 3474 4342 ι

2061 4515 2274 4571 Tribuit
2303 4527 2484 4570 autem
2531 4513 2831 4583 plusculum
2863 4514 3033 4568 cultui
3083 4511 3416 4568 Judaaorum.
3477 4511 3576 4565 Sac

246 4635 250 4638 -
315 4607 650 4679 Σαμαρεῖται
699 4607 798 4679 μὲν
839 4606 950 4679 γὰρ
997 4607 1172 4669 ὼςιὲν
1203 4605 1359 4677 ἁπλῷ
1395 4625 1452 4660 τε
1499 4609 1593 4661 καὶ
1638 4602 1887 4680 ἀζηξήτῳ

2003 4607 2252 4664 maritani
2289 4607 2555 4676 siquidem
2585 4607 2814 4676 simplici
2848 4606 3009 4674 plane
3071 4615 3236 4672 atque
3294 4604 3569 4656 incondita

312 4693 478 4764 λόγῳ,
516 4693 880 4766 προσκυνοῦσι
908 4693 998 4747 τὸν
1037 4692 1190 4747 Θεόν.
1240 4694 1477 4748 Ἰουδαῖοι
1507 4696 1563 4749 δὲ
1602 4696 1690 4750 διὰ
1723 4700 1888 4770 νόμου

315 4785 409 4835 καὶ
455 4783 752 4853 προφητῶν
780 4785 878 4852 τὴν
906 4781 1001 4835 τοῦ
1029 4780 1180 4844 ὄντος
1216 4783 1415 4849 γνῶσιν
1454 4787 1596 4838 κατὰ
1626 4788 1687 4837 τὸ
1719 4789 1893 4857 ἐγχωι·

319 4873 445 4944 ροῦν
477 4874 786 4944 δεχόμενοι,
824 4874 932 4928 τῶν
973 4875 1333 4946 Σαμαρειτῶν
1363 4875 1611 4946 ὑπῆρχον
1659 4876 1894 4929 συνετώ-

315 4978 484 5032 τεροι.
533 4964 620 5016 Ἐν
660 4963 717 5015 δὲ
755 4965 866 5026 τοῖς
907 4963 1306 5033 προσκυνοῦσιν
1337 4965 1529 5016 ἑαυτὸν
1569 4966 1894 5018 κατατάττει

317 5053 481 5106 πάλιν
517 5053 591 5116 ὡς
638 5053 956 5124 ἅνθρωπος,
990 5058 1018 5108 ὀ
1054 5056 1193 5125 μετὰ
1237 5055 1330 5108 τοῦ
1360 5056 1494 5108 Θεοῦ
1537 5057 1632 5108 καλ⁸
1680 5055 1891 5126 [ἰατρὸς

317 5144 455 5214 πρὸς
483 5161 540 5196 τε
564 5143 744 5214 ἡμῶν,
774 5146 868 5197 καὶ
903 5145 1014 5198 τῶν
1052 5147 1224 5215 ἁγίων
1264 5146 1514 5215 ἀγγέλων
1558 5147 1896 5216 προσκυνού-

320 5254 501 5308 μενος.
540 5236 758 5307 Ἐπειδὴ
782 5237 890 5310 γὰρ
909 5239 968 5292 τὸ
1005 5239 1273 5292 οἰκετικὸν
1298 5238 1651 5309 περιεϐάλετο
1686 5240 1894 5309 σχῆμα,

315 5329 414 5400 τὴν
458 5331 645 5401 οἰκέτῃ
692 5330 1010 5400 πρέπουσαν
1043 5331 1352 5401 ἀποπληροῖ
1393 5330 1756 5402 λειτουργίαν,
1796 5335 1896 5385 οὐκ

318 5421 589 5487 ἀπολέσας
625 5424 687 5476 τὸ
723 5419 861 5476 εἶναι
889 5423 1052 5489 Θεὸς,
1083 5427 1176 5478 καὶ
1205 5425 1436 5497 Κύριος,
1464 5430 1557 5480 καὶ
1589 5445 1897 5498 προσκυνη-

320 5515 434 5572 τό,·
470 5516 624 5583 μένει
659 5517 768 5588 γάρ
806 5517 834 5569 ὁ
878 5516 1062 5582 αὐτὸς,
1097 5518 1146 5569 εἰ
1192 5518 1284 5570 καλ⁵
1323 5519 1548 5586 γέγονεν
1589 5519 1895 5590 ἄνθρωπος.

323 5607 467 5678 Ιιρδς
498 5609 594 5678 τὴν
638 5610 895 5662 ὑπόνοιαν
939 5605 1030 5663 οὖν
1072 5611 1172 5674 τῆς
1217 5611 1476 5677 γυναικὸς
1515 5609 1669 5666 εἶπεν
1713 5613 1890 5668 τοῦτο·

320 5696 430 5749 τῶν
460 5700 570 5769 γάρ
597 5701 1085 5772 προσκυνουμένων
1115 5703 1261 5754 ἐστὶν
1291 5703 1367 5765 ὡς
1397 5702 1547 5766 Θεὸς.

392 5873 601 5941 μέλις,
637 5894 713 5942 ιιι,
756 5877 839 5932 16,
925 5879 965 5909 ³⁷
997 5877 1152 5933 Joan.
1191 5895 1282 5943 vn,
1317 5879 1406 5936 38.

2001 4699 2212 4754 ratione
2237 4699 2402 4752 Deum
2436 4697 2760 4764 adorabant,
2826 4696 2998 4751 Jndazi
3028 4710 3154 4751 vero
3201 4711 3298 4764 per
3321 4695 3490 4762 legem
3520 4705 3577 4747 et

1998 4792 2293 4861 prophetas
2345 4789 2456 4844 veri
2489 4789 2605 4853 Dei,
2635 4804 2731 4859 pro
2774 4789 3078 4858 capacitate
3112 4803 3232 4851 sua,
3266 4787 3573 4856 cognitione

1997 4881 2665 4952 percepta,Samaritanis
2713 4890 2872 4935 erant
2902 4879 3381 4951 intelligentiores.
3429 4879 3573 4934 Rur—

1999 4986 2115 5024 sum
2147 4980 2326 5024 autem
2369 4971 2745 5040 semetipsum,
2781 4980 2838 5024 ut
2865 4973 3050 5038 homo,
3085 4970 3226 5025 inter
3259 4971 3576 5026 adoratores

1998 5062 2253 5126 collocat,
2284 5076 2407 5114 cum
2442 5077 2546 5114 una
2573 5077 2694 5114 cum
2729 5063 2837 5117 Deo
2859 5075 2921 5116 ac
2950 5061 3135 5123 Patre,
3166 5070 3222 5114 et
3248 5076 3276 5114 a
3319 5061 3474 5116 nobis
3524 5074 3579 5115 et

1999 5171 2028 5207 a
2058 5155 2262 5208 sanctis
2295 5153 2502 5223 angelis
2532 5155 2812 5208 adoretur.
2882 5153 3109 5220 Quando
3144 5153 3288 5207 enim
3318 5154 3575 5208 servilem

1998 5245 2228 5301 formam
2259 5245 2576 5315 assumpsit,
2609 5245 2943 5300 conveniens
2981 5261 3200 5315 quoque
3231 5261 3390 5299 servo
3420 5243 3580 5298 mini-

2001 5340 2226 5392 sterium
2253 5339 2456 5409 explet,
2494 5353 2833 5407 nequaquam
2867 5339 3123 5393 desinens
3155 5352 3273 5391 esse
3317 5338 3479 5400 Deus,
3515 5353 3581 5391 ac

2005 5432 2284 5498 Dominus,
2323 5442 2488 5502 atque
2538 5431 2828 5486 adoratus:
2903 5432 3046 5485 idem
3084 5445 3317 5498 namque
3365 5442 3572 5499 penna.

2005 5533 2115 5587 net,
2153 5526 2366 5578 tametsi
2433 5524 2604 5579 factus
2653 5523 2725 5578 sit
2781 5523 2964 5578 homo.
3034 5521 3221 5591 Itaque
3278 5522 3577 5576 secundum

2008 5617 2252 5671 tundier-is
2281 5617 2588 5686 opinionem
2626 5617 2738 5673 haec
2774 5615 2948 5684 dixit;
3009 5629 3130 5670 nam
3165 5630 3290 5669 vere
3323 5615 3578 5668 adorator

1979 5717 2062 5774 «ut
2085 5707 2243 5763 Deus.
