4148 6568
538 409 560 470 1
571 408 674 471 423

1666 404 2005 467 AMMONII
2044 382 2581 463 ALEXASDRINI

3678 398 3809 461 1424

607 521 740 587 Quia
780 516 1033 572 nimirum
1059 532 1123 570 ex
1156 515 1288 584 ipsis
1319 530 1538 569 carnem
1580 515 1669 568 Dei
1704 513 1877 569 Filius
1909 530 2118 567 assum-

2293 512 2391 565 Διά
2419 512 2478 565 τὸ
2504 510 2561 575 ἐξ
2588 510 2768 563 αὐτῶν
2795 509 3183 579 σεσαρκῶσθιιι
3205 521 3245 549 ω
3274 510 3365 563 τὸν
3392 512 3543 565 Υξόν⁸
3580 513 3614 584 ἥ
3644 514 3725 567 ὅτι
3752 514 3813 577 ἐξ

538 617 664 685 psit,
722 612 803 665 vel
831 611 953 680 quia
1007 609 1149 677 apud
1185 608 1327 677 ipsos
1358 621 1485 661 vera
1538 606 1631 661 Dei
1667 605 1825 659 unius
1876 605 2118 672 cognitio

537 723 601 760 ex
636 705 751 769 lege
772 711 827 755 et
876 700 1155 771 praphetis
1177 698 1319 768 cepit
1350 696 1637 767 originem.

613 818 770 871 Vens.
796 816 887 869 25.
938 833 957 865 ι
998 815 1105 868 Sed
1143 814 1295 866 venit
1328 813 1485 875 hora,
1526 824 1577 865 et
1611 830 1753 867 nunc
1775 822 1879 875 est,
1904 815 2118 882 ψιηιιιίο

538 914 649 967 veri
680 898 1332 964 adoratoresadorabunt
1367 905 1585 959 Patrem
1619 907 1670 959 in
1707 905 1904 973 spiritu
1931 917 1983 959 et
2024 922 2117 960 ve-

541 1005 720 1057 ritate.
772 999 905 1053 Nam
939 1008 991 1051 et
1026 997 1188 1052 Pater
1246 996 1379 1051 tales
1436 996 1651 1064 quatrit,
1716 998 1806 1065 qui
1887 996 2119 1051 adorent

537 1109 678 1147 Clllll.
722 1111 739 1142 Ι

605 1204 730 1260 Veri
766 1205 1082 1258 adoratores
1126 1200 1272 1254 omni
1333 1199 1452 1254 loco
1484 1200 1749 1270 spiritalia
1798 1200 1908 1255 Deo
1942 1204 2117 1255 sacri-

539 1296 658 1351 ticia
688 1294 947 1359 oﬂ'erunt,
986 1293 1239 1346 virtutem
1282 1290 1535 1345 videlicet
1574 1306 1637 1345 ac
1679 1292 1958 1361 pietatem.
2008 1293 2115 1347 Lex

540 1393 724 1458 itaque
760 1386 1039 1457 Evangelii
1076 1400 1237 1440 causa
1286 1384 1503 1439 condita
1560 1384 1681 1450 fuit,
1709 1395 1872 1455 atque
1907 1387 2116 1441 umbrae

539 1481 870 1552 dispensatio
901 1487 1124 1549 propter
1151 1476 1386 1531 futuram
1407 1490 1664 1531 concessa
1693 1486 1776 1531 est
1810 1479 2115 1532 veritatem.

607 1652 769 1709 Vens.
806 1652 898 1708 24.
942 1672 960 1704 ι
991 1651 1227 1720 Spiritus
1261 1660 1345 1706 est
1388 1651 1529 1706 Deus
1571 1668 1588 1707 :
1640 1660 1695 1707 et
1750 1668 1844 1710 eos
1883 1654 1974 1723 qui
2024 1655 2119 1709 ad-

537 1754 695 1800 orant
716 1760 863 1812 eum,
894 1745 945 1800 in
969 1744 1162 1813 spiritu
1195 1752 1251 1797 et
1273 1744 1504 1798 veritate
1532 1753 1750 1805 oportet
1777 1748 2025 1799 adorare.
2046 1769 2082 1799 .›

609 1858 836 1925 Quando
867 1858 1001 1911 dixit
1048 1858 1213 1911 Deum
1271 1869 1394 1911 esse
1432 1856 1725 1925 Spiritum,
1785 1858 1919 1912 nihil
1968 1860 2114 1914 aliud
2150 1876 2191 1930 Β

538 1951 828 2023 signiﬁcat,
859 1965 1020 2020 quam
1083 1947 1329 2017 corporis
1381 1958 1683 2017 expertem.
1734 1946 1871 2004 Cum
1929 1950 2115 2018 itaque

541 2058 649 2098 non
676 2042 747 2098 sit
797 2056 1017 2112 corpus,
1049 2040 1253 2096 cultum
1286 2054 1503 2110 quoque
1537 2039 1708 2109 ipsius
1735 2040 2118 2110 incorporeum

541 2149 663 2191 esse
691 2135 866 2197 decet,
895 2146 1067 2203 eaque
1082 2147 1186 2201 qua
1204 2132 1450 2202 corporis
1479 2141 1733 2202 expertes
1759 2147 1946 2187 sumus
1970 2145 2126 2204 parte

541 2228 799 2283 colendus
820 2233 925 2289 est,
960 2226 1061 2280 hoc
1090 2235 1194 2290 est,
1228 2226 1429 2288 anima,
1455 2239 1551 2293 per
1582 2225 1785 2280 mentis
1806 2226 2118 2295 puritatem.

542 2318 675 2373 Nam
721 2332 843 2372 cum
880 2316 1213 2371 Samaritani
1268 2326 1321 2370 et
1348 2314 1542 2382 Judaei,
1572 2326 1883 2387 contempta
1914 2320 2120 2384 anima,

546 2410 796 2481 corporis
825 2409 1109 2464 munditiei
1147 2408 1436 2479 plurimum
1468 2409 1771 2475 studerent,
1817 2410 1948 2466 illud
1991 2426 2123 2465 con-

545 2505 696 2558 tinuo
722 2511 1048 2572 purgantes;
1074 2501 1278 2557 idcirco
1299 2502 1395 2568 ait,
1434 2516 1541 2556 non
1568 2501 1841 2558 ablatione
1864 2517 1956 2558 seu
1978 2503 2122 2559 cultu

540 2596 816 2668 corporis,
878 2595 972 2651 seu!
1027 2594 1347 2665 incorporea
1408 2594 1582 2650 nostri
1640 2604 1825 2665 parte,
1890 2599 1993 2651 hoc
2041 2603 2126 2652 est

543 2698 744 2753 mente,
772 2688 963 2751 Deum,
992 2697 1177 2756 utpote
1208 2688 1589 2758 incorporeum
1610 2726 1626 2752 ,
1658 2686 1945 2743 colendum
1983 2702 2124 2745 esse.

545 2781 912 2849 Quamobrem
942 2795 1048 2834 non
1080 2794 1311 2849 pecora,
1346 2794 1457 2834 non
1481 2779 1681 2836 vitulos
1702 2819 1718 2845 ,
1752 2780 1845 2835 sed
1878 2790 1928 2835 te
1955 2789 2125 2837 totum

545 2872 657 2929 Deo
685 2872 880 2928 oﬂeras
928 2871 1257 2927 sacriﬁcium
1291 2889 1309 2926 :
1336 2873 1437 2927 hoc
1457 2872 1601 2926 enim
1626 2881 1712 2928 est
1747 2873 2125 2928 holocaustum

543 2976 603 3024 et
651 2967 761 3022 Deo
813 2966 1046 3021 hostium
1103 2963 1321 3019 oﬂ'erre.
1372 2961 1508 3018 Nam
1565 2966 1747 3035 priora
1804 2966 1906 3022 ista
1957 2967 2125 3036 ﬁgura

545 3068 722 3126 erant,
758 3057 991 3113 scilicet
1022 3056 1400 3123 circumcisio,
1450 3056 1789 3125 holocausta,
1837 3058 2057 3115 incensa
2111 3079 2126 3115 :

2229 605 2450 658 ἐκείνων
2490 605 2691 676 ήρξατο
2734 603 2932 656 εἰδέναι
2976 604 3067 656 τὸν
3100 602 3196 654 ἕνα
3224 602 3355 654 Θεὸν
3396 606 3460 656 ἐκ
3497 605 3593 658 τοῦ
3644 607 3811 677 νόμου

2230 695 2322 747 καὶ
2368 693 2477 747 τῶν
2512 694 2832 764 προφητῶν.

2309 832 2325 862 ι
2351 812 2492 863 Ἀλλ’
2520 810 2738 882 ἔρχεται
2761 810 2901 881 ῶρα,
2922 810 3015 861 καὶ
3047 808 3141 861 νῦν
3172 809 3341 870 ἐστιν,
3370 810 3461 862 ὅτε
3487 808 3538 862 οἱ
3572 808 3820 878 ἀληθινοὶ

2230 902 2606 975 προσκυνηταὶ
2648 903 3091 973 προσκυνήσουσι
3120 901 3197 971 τῷ
3232 902 3409 971 Πατρὶ
3450 902 3508 954 ὲν
3538 900 3817 972 πνεύματι

2229 995 2323 1048 καὶ
2347 993 2620 1063 ἀληθείᾳμ
2644 994 2752 1046 Καὶ
2788 992 2896 1061 γὰρ
2933 990 2965 1043 6
2996 990 3191 1059 Πατὴρ
3234 990 3391 1062 ζητεῖ
3414 992 3543 1053 τοὺς
3572 1007 3819 1061 προσκυ-

2228 1086 2451 1148 νοῦντας
2476 1086 2659 1139 αὐτόν.
2704 1104 2722 1135 ι

2304 1196 2369 1252 Οἱ
2400 1197 2621 1269 ἀληθεῖς
2647 1197 3025 1269 προσκυνηταὶ
3041 1198 3101 1249 ὲν
3126 1196 3289 1250 παντὶ
3306 1196 3455 1268 τόπῳ
3478 1200 3824 1267 προσάγουσι

2229 1291 2307 1362 τῷ
2340 1290 2459 1357 Θεῷ
2488 1292 2586 1353 τὰς
2614 1289 2993 1360 πνευματικὰς
3028 1290 3241 1354 Θυσίας,
3275 1291 3302 1344 ὅ
3338 1292 3487 1343 ἐστιν
3515 1291 3685 1362 ἀρετὴ
3715 1291 3819 1344 καὶ

2230 1384 2531 1439 θεοσέϐεια.
2577 1383 2789 1437 Οὐκοῦν
2828 1384 2922 1436 καὶ
2962 1383 2990 1435 6
3044 1383 3208 1452 νόμος
3250 1382 3343 1436 διὰ
3382 1382 3445 1435 τὺ
3487 1382 3824 1449 Εὑαγγέλιον

2227 1477 2438 1545 γέγονε,
2470 1477 2564 1529 καὶ
2607 1478 2641 1546 ἡ
2684 1475 3096 1543 συγκατάὸασις
3120 1475 3224 1544 τῆο
3262 1475 3421 1536 σκιᾶς
3459 1474 3823 1544 συνεχωρήθη

2226 1566 2315 1619 διὰ
2334 1565 2433 1636 τὴν
2465 1565 2767 1634 μέλλουσαν
2795 1564 3077 1633 ἀλήθειαν.

2304 1675 2321 1706 ι
2344 1654 2571 1726 Πνεῦμα
2593 1657 2621 1707 6
2645 1654 2801 1717 Θεὸς,
2832 1654 2925 1706 καὶ
2951 1651 3077 1716 τοὺς
3101 1652 3539 1723 προσκυνοῦντας
3564 1653 3821 1714 αὑτὸν.ὲν

2229 1748 2501 1820 πνεύματι
2529 1748 2625 1801 καὶ
2650 1746 2882 1817 ἀληθείᾳ
2907 1746 2988 1798 δεῖ
3014 1749 3364 1819 προσκυνεῖν.
3405 1766 3423 1797 ι

2291 1863 2464 1914 Ὅταν
2498 1855 2941 1929 εἷπεν,11νεῦμα
2965 1862 2997 1913 ό
3030 1859 3197 1925 Θεὸς,
3234 1859 3387 1912 οὐδὲν
3417 1858 3548 1913 ἄλλο
3576 1859 3749 1929 δηλοῖ,
3783 1859 3819 1929 ἦ

2220 1956 2282 2010 τὸ
2310 1954 2608 2025 ἀσώματον
2650 1963 2697 2007 ο.
2730 1954 2794 2007 Et
2835 1953 3018 2007 τοίνυν
3055 1954 3156 2005 οὐκ
3190 1953 3307 2005 ἔστι
3341 1952 3504 2023 σῶμα
3526 1993 3542 2019 ,
3592 1953 3691 2005 καὶ
3719 1953 3822 2022 τὴν

2220 2052 2479 2124 λατρείαν
2516 2049 2683 2105 αὑτοῦ
2712 2048 2977 2120 τοιαύτην
3004 2045 3146 2103 εἶναι
3176 2049 3279 2113 δεῖ,
3307 2049 3402 2102 καὶ
3433 2049 3524 2102 διὰ
3559 2047 3655 2101 τοῦ
3688 2050 3821 2118 ἡμῖν

2222 2143 2518 2215 ἀσωμάτου
2553 2142 3003 2213 προσφέρεσθαι,
3048 2139 3297 2194 τουτέστι
3333 2139 3423 2193 διὰ
3452 2140 3555 2210 τῆς
3604 2139 3820 2209 ψυχῆς.

2222 2235 2311 2289 διὰ
2368 2237 2469 2306 τῆς
2524 2232 2620 2286 τοῦ
2672 2231 2767 2285 νοῦ
2817 2232 3214 2302 καθαρότητος.
3278 2229 3501 2299 Ἐπειδὴ
3563 2230 3700 2299 γὰρ,
3728 2230 3830 2282 καὶ

2225 2331 2445 2391 ἐκεῖνοι,
2473 2327 2568 2380 καὶ
2610 2326 2874 2390 Ἰουδαῖοι,
2904 2329 3002 2395 τῆς
3040 2325 3145 2395 μὲν
3176 2324 3355 2395 ψυχῆς
3388 2323 3647 2394 ἠμέλουν,
3702 2324 3831 2376 πο).-

2224 2420 2322 2492 λὴν
2374 2419 2432 2473 δὲ
2481 2418 2610 2488 περὶ
2665 2418 2725 2470 τὸ
2769 2417 2929 2487 σῶμα
2986 2415 3222 2486 σπουδὴν
3269 2413 3573 2475 ἐποιοῦντο,
3624 2411 3827 2466 καθαί-

2227 2529 2415 2585 ροντες
2439 2510 2571 2564 αὐτὸ
2599 2506 2979 2571 παντοδαπῶς-
3010 2506 3169 2560 τοῦτό
3201 2522 3389 2575 φησιν,
3428 2506 3511 2558 ὅτι
3537 2504 3598 2556 οὐ
3630 2506 3699 2573 τῇ
3726 2502 3826 2555 τοῦ

2228 2604 2483 2677 σώματος
2531 2602 2872 2673 καθαρότητι
2894 2642 2907 2664 ,
2941 2599 3077 2654 ἀλλά
3108 2599 3188 2669 τῷ
3236 2600 3292 2651 ὲν
3329 2600 3464 2670 ἡμῖν
3503 2598 3787 2668 ἀσωμάτῳ
3808 2637 3825 2656 .

2226 2698 2475 2751 τουτέστι
2514 2694 2626 2766 νῷ,
2663 2697 2692 2748 6
2737 2693 3031 2765 ἀσώματος
3078 2691 3469 2762 θεραπεύεται.
3516 2690 3608 2759 Μὴ
3643 2691 3829 2743 τοίνυν

2229 2787 2481 2861 πρόϐατα
2506 2786 2686 2849 θύετε,
2710 2786 2803 2841 καὶ
2829 2786 3087 2856 μόσχους,
3112 2784 3229 2838 ἀλλ’
3255 2783 3375 2837 ὅλον
3403 2782 3599 2837 σαυτὸν
3625 2781 3831 2844 suos;

2227 2879 2307 2950 τῷ
2350 2878 2489 2950 Θεῷ,
2521 2878 2616 2932 καὶ
2647 2876 3044 2931 ὁλοκαύτωσονο
3079 2876 3238 2929 τοῦτο
3266 2876 3377 2945 γάρ
3406 2876 3524 2928 ἐστι
3547 2873 3830 2944 «apag-1;...

2232 2990 2324 3027 σαι
2363 2972 2575 3027 θυσίαν.
2610 2969 2792 3034 Τόπος
2818 2970 2929 3040 γὰρ
2966 2970 3037 3023 τά
3065 2969 3330 3040 πρότερα,
3361 2970 3396 3040 ἡ
3426 2968 3721 3038 περιτομὴ,
3756 2967 3826 3017 τὰ

2231 3064 2687 3135 ὁλοκαυτώματα,
2734 3064 2803 3116 τὰ
2855 3061 3210 3133 θυμιάματα·
3262 3061 3382 3115 νυνὶ
3435 3060 3493 3113 δὲ
3544 3060 3646 3113 οὐκ
3704 3058 3831 3111 ἔστι

547 3167 690 3206 nunc
753 3161 931 3206 autem
984 3164 1089 3204 non
1127 3162 1277 3213 caro,
1326 3150 1421 3204 sed
1462 3164 1643 3218 prava:
1674 3150 2128 3208 circumcidenda

2236 3159 2437 3228 σάρκα,
2468 3156 2608 3210 ἀλλὰ
2640 3153 2914 3225 πονηροὺς
2957 3152 3319 3225 περικόπτειν
3350 3151 3647 3222 λογισμοὺς
3670 3189 3686 3214 ,
3733 3150 3832 3203 καὶ⁵

547 3254 673 3300 sunt
699 3244 1081 3313 cogitationes.
1116 3250 1173 3297 et
1210 3242 1574 3313 nosmetipsos
1603 3244 1946 3317 cruciﬁgere,
1968 3256 2128 3317 atque

2236 3227 2511 3320 σταυροῦν
2547 3246 2761 3309 ἑαυτὸν,
2809 3247 2907 3300 καὶ
2937 3246 3037 3310 τὰς
3076 3245 3306 3314 ἀλόγους
3340 3247 3589 3317 ἀναιρεῖν
3632 3242 3830 3297 ἐπιθυ-

550 3336 893 3393 irrationale-9
917 3334 1132 3391 auferre
1154 3335 1478 3403 cupiditates
1518 3346 1750 3407 oportet.

621 3451 857 3521 Spiritus
900 3459 1133 3505 vocatur
1189 3448 1355 3512 Deus,
1391 3464 1496 3503 non
1551 3450 1705 3518 quasi
1760 3458 1977 3515 ventus,
2035 3450 2130 3505 sed

552 3557 807 3615 tanquam
868 3543 1185 3612 incorporea
1228 3552 1282 3598 et
1322 3542 1531 3597 viviﬁca
1562 3543 1884 3598 substantia.
1936 3543 2135 3611 Quem~

552 3636 839 3691 admodum
898 3636 1043 3689 enim
1107 3649 1288 3690 aerem
1324 3635 1615 3704 spirantes,
1661 3636 1732 3689 ita
1780 3635 1889 3690 Deo
1918 3650 2135 3705 quoque

554 3729 718 3783 vitam
747 3726 1154 3797 suppeditante,
1185 3726 1441 3780 vivimus.

640 3819 903 3889 Spiritum
952 3826 1112 3873 vocat
1151 3817 1474 3872 rationalem
1516 3817 1755 3871 hominis
1806 3818 2131 3887 portionem,

556 3927 676 3982 qua:
703 3910 986 3965 aﬂectione
1021 3924 1088 3965 ac
1118 3909 1390 3964 desiderio
1426 3924 1610 3963 coram
1675 3910 1786 3963 Deo
1817 3911 2134 3976 constituta,

557 4003 744 4054 adorat
795 4015 941 4064 eum,
1002 3998 1174 4051 instar
1205 3995 1542 4065 angelorum,
1578 4010 1681 4049 non
1732 3993 1887 4047 locali
1942 3996 2134 4049 adora-

558 4095 725 4155 tione,
758 4092 852 4145 sed
876 4092 930 4144 in
960 4087 1151 4158 spiritu
1185 4097 1239 4141 et
1279 4086 1525 4139 veritate.

626 4183 790 4237 Vens.
825 4181 916 4235 25.
966 4199 985 4231 ι
1025 4179 1166 4234 Dicit
1191 4179 1241 4232 ei
1274 4175 1510 4231 mulier:
1541 4174 1670 4230 Scio
1727 4176 1854 4244 quia
1911 4174 2137 4231 Messias

557 4278 706 4331 venit
757 4273 884 4345 (qui
942 4271 1143 4325 dicitur
1183 4267 1501 4337 Christus).
1551 4266 1687 4323 Cum
1744 4281 1874 4336 ergo
1931 4269 2139 4324 venerit

562 4368 667 4431 ille,
712 4364 865 4419 nobis
900 4361 1245 4416 annuntiabit
1273 4361 1477 4415 omnia.
1514 4379 1533 4412 ι

619 4458 726 4514 Sed
754 4457 893 4511 unde
918 4453 1249 4510 Samaritaui
1284 4453 1571 4505 adventum
1606 4450 1807 4506 Christi
1856 4466 2138 4523 exspecta-

557 4552 709 4617 liant,
756 4564 878 4603 cum
928 4546 1101 4602 solum
1162 4545 1381 4617 Moysen
1441 4545 1783 4614 reciperent?
1866 4546 1948 4600 Ex
2003 4547 2135 4616 ipsis

560 4642 725 4713 Moysi
755 4639 994 4709 scriptis.
1061 4639 1270 4693 Etenim
1306 4637 1357 4691 in
1385 4637 1650 4707 principio
1692 4635 1886 4691 Filium
1929 4640 2133 4693 revela-

561 4737 655 4790 vit.
718 4734 851 4788 Illud
884 4734 1054 4797 enim,
1105 4731 1390 4785 Faciamus
1444 4730 1705 4783 hominem
1739 4731 1806 4784 ad
1852 4731 2134 4802 imaginem

560 4837 607 4879 et
638 4824 1034 4880 similitudinem
1068 4835 1302 4878 nostram
1329 4823 1404 4888 ιδ,
1440 4826 1505 4877 ad
1539 4824 1729 4877 Filium
1774 4826 1978 4878 dictum
2030 4835 2135 4879 est.

564 4917 629 4972 Et
664 4916 895 4970 Ahraha:
923 4916 974 4968 in
1006 4914 1353 4969 tabernaculo
1392 4914 1558 4968 Filius
1589 4916 1846 4985 loquitur.
1880 4915 1946 4968 Et
1971 4913 2140 4970 Jacob

563 5012 627 5062 de
648 5024 714 5063 co
740 5008 1142 5079 prophetizans,
1179 5008 1317 5062 dixit
1340 5023 1355 5062 :
1393 5005 1514 5061 Non
1544 5007 1749 5076 deﬁciet
1777 5024 1869 5061 rex
1889 5009 1953 5061 de
1970 5007 2137 5074 Iuda,

565 5116 726 5171 neque
747 5101 855 5154 dua:
884 5100 947 5153 de
977 5098 1171 5169 femore
1202 5100 1317 5169 ejus
1344 5100 1388 5132 ¹⁹
1415 5138 1428 5152 .
1462 5101 1601 5167 Quin
1640 5109 1694 5155 et
1743 5100 1972 5170 ipsemet
2022 5101 2095 5153 ait
2123 5116 2137 5152 ;

573 5191 890 5261 PrOpItetam
930 5192 1076 5246 nobis
1100 5191 1377 5247 sttscitabit
1408 5191 1665 5246 Dominus
1697 5190 1835 5245 Deus
1863 5192 1926 5244 de
1954 5190 2141 5260 fratri-

2242 3344 2391 3415 μίας,
2432 3342 2529 3397 καὶ
2563 3340 2995 3410 κατασφάττειν.

2308 3454 2536 3527 Πνεῦμα
2569 3452 2815 3508 καλεῖται
2847 3454 2875 3505 6
2907 3450 3067 3515 Θεὸς,
3099 3451 3197 3521 οὐχ
3229 3451 3300 3513 ώς
3347 3450 3571 3521 ἄνεμος,
3608 3448 3725 3502 ἀλλ’
3754 3448 3834 3509 ὡς

2241 3547 2531 3618 ἀσώματος
2561 3547 2655 3601 καὶ
2685 3545 2948 3611 ζωοποιὸς
2980 3544 3160 3598 οὐσία.
3194 3545 3407 3613 Ὥσπερ
3442 3542 3552 3613 γὰρ
3579 3540 3835 3593 ciensci-

2244 3655 2398 3710 μενοι
2428 3639 2519 3691 τὸν
2549 3637 2689 3709 ἀέρα
2720 3636 2931 3707 ζῶμεν,
2970 3635 3114 3689 οὕτω
3154 3637 3250 3689 καὶ
3293 3635 3387 3689 τοῦ
3420 3633 3559 3687 Θεοῦ
3592 3631 3833 3693 διδόντος

2240 3732 2302 3786 τὸ
2334 3730 2671 3803 παρεκτικδν
2702 3729 2804 3799 τῆς
2834 3729 3004 3799 ζωῆς,
3029 3728 3233 3798 ζῶμεν.

2314 3822 2539 3893 Πνεῦμα
2567 3821 2716 3889 λέγει
2742 3819 2801 3873 τὸ
2831 3818 3023 3891 νοητὸν
3068 3819 3161 3872 τοῦ
3191 3817 3506 3887 ἀνθρώπου,
3537 3818 3675 3888 ὅπερ
3705 3819 3833 3888 σχέο

2245 3931 2327 3967 σει
2378 3914 2473 3967 καὶ
2505 3910 2747 3981 διαθέσει
2776 3910 3007 3964 ἐνώπιον
3037 3910 3132 3964 τοῦ
3164 3908 3302 3962 Θεοῦ
3336 3909 3620 3980 γινόμενον
3662 3927 3835 3982 προτ-

2245 4006 2402 4056 κυνεί
2452 4002 2544 4056 τὸν
2590 4001 2749 4065 Θεὸν,
2778 4000 2855 4064 ὼς
2899 4001 2996 4054 καὶ
3030 4001 3079 4053 οἱ
3123 3999 3407 4068 ἀγγελλοι,
3438 4000 3537 4069 τῆς
3585 4000 3646 4051 ἒν
3680 3999 3836 4070 τόπῳ

2246 4094 2673 4163 προσκυνήσεως
2700 4092 2803 4145 οὐκ
2828 4090 3019 4161 οὔσης,
3054 4092 3112 4143 ἐν
3146 4090 3420 4160 πνεύματι
3453 4090 3548 4143 καὶ
3576 4089 3829 4160 ἀληθείᾳ.

2322 4201 2341 4234 ι
2378 4183 2545 4251 Λέγει
2590 4180 2740 4252 αὐτῷ
2770 4182 2804 4253 ἡ
2837 4181 2998 4251 γυνή·
3031 4175 3162 4234 Οἶδα
3212 4181 3294 4233 ὃτι
3326 4180 3574 4247 Μεσσίας
3603 4182 3828 4252 ἔρχεται

2247 4276 2316 4346 (6
2348 4276 2642 4345 λεγόμενος
2676 4275 2906 4346 Χριστός
2926 4274 2972 4344 ).
3006 4274 3177 4327 Ὅταν
3207 4273 3338 4347 ἔλθῃ
3385 4274 3594 4337 ἐκεῖνος
3614 4313 3629 4338 ,
3658 4276 3829 4342 dacty-

2245 4369 2397 4437 γελεί
2424 4370 2559 4439 ἡμῖν
2598 4369 2796 4422 πάντα.
2836 4386 2857 4420 ι

2322 4461 2493 4514 Πόθεν
2521 4460 2577 4513 δὲ
2610 4461 2981 4531 Σαμαρείταις
3020 4459 3081 4514 τὸ
3114 4460 3422 4531 προσδοκᾷν
3447 4460 3548 4530 τὴν
3577 4458 3671 4512 τοῦ
3696 4460 3831 4529 Χρι-

2247 4552 2374 4605 στοῦ
2392 4551 2722 4627 παρουσίαν,
2748 4553 2838 4603 τὸν
2866 4550 3107 4604 Μωῦσέα
3125 4548 3443 4619 δεξαμένοις
3471 4550 3665 4619 μόνον;
3705 4549 3829 4601 Ἀπ’

2241 4643 2421 4697 αὐτῶν
2436 4643 2546 4696 τῶν
2559 4642 3216 4713 Μωῦσέωςγραμμὰτων.
3230 4642 3342 4695 Καὶ
3362 4641 3470 4713 γὰρ
3493 4642 3586 4694 καὶ
3602 4643 3658 4694 ὲν
3684 4640 3829 4711 ἀρχῇ

2234 4736 2325 4789 τὸν
2352 4734 2479 4789 Υἱδν
2510 4735 2849 4805 ἁπεκάλυψε.
2884 4736 2959 4788 Τὸ
2979 4734 3109 4806 γὰρ,
3138 4733 3492 4803 Ποιήσωμεν
3513 4733 3834 4802 ἄνθρωπον

2236 4829 2367 4882 κατ’
2390 4831 2596 4883 εἰκόνα
2622 4829 2719 4882 καὶ
2749 4829 3034 4897 ὁμοίωσιν
3054 4828 3370 4897 ἡμετέραν,
3408 4827 3543 4896 πρὸς
3576 4826 3665 4879 τὸν
3696 4824 3834 4878 Υίὸν

2239 4919 2481 4990 εἴρηται.
2526 4917 2616 4989 Τῷ
2679 4918 2932 4989 Ἀϐραὰμ
2980 4920 3038 4971 ἐν
3087 4920 3154 4988 τῇ
3198 4921 3369 4988 σκηνῇ
3425 4912 3581 4981 οὗτός
3614 4917 3767 4969 ἐστιν
3805 4920 3837 4971 ὁ

2244 5009 2649 5080 διαλεγόμενος.
2700 5009 2811 5063 Καὶ
2860 5011 2889 5061 6
2957 5007 3152 5062 Ἰακὼϐ
3200 5009 3332 5079 περὶ
3358 5005 3555 5060 ἑαυτοῦ
3612 5022 3834 5077 προφη-

2246 5099 2425 5157 τεύων
2447 5100 2649 5168 ἔλεγεν
2676 5102 2797 5153 Οὺιι
2824 5100 3093 5167 ἐκλείψει
3115 5099 3316 5168 ἅρχων
3335 5098 3403 5163 ἐξ
3437 5098 3651 5161 Ἰούδα,
3687 5097 3837 5151 οὐδὲ

2247 5192 2583 5263 ἡγούμενος
2619 5193 2687 5247 ἐκ
2735 5191 2852 5246 τῶν
2894 5190 3103 5261 μηρῶν
3150 5190 3361 5246 αὐτοῦ.
3411 5190 3518 5243 Καὶ
3568 5189 3736 5253 αὐτὸς
3775 5188 3834 5242 δέ

569 5290 661 5341 bus
696 5290 888 5343 nostris
918 5289 1095 5343 :sicnt
1120 5303 1200 5341 me
1227 5288 1401 5356 ipsum
1425 5286 1651 5340 audietis
1686 5286 1765 5339 ὀ.
1808 5283 1875 5338 Et
1901 5298 2021 5353 quae
2069 5284 2128 5337 de

2242 5300 2396 5354 φησι·
2422 5282 2747 5353 Προφήτην
2768 5282 2912 5352 ἡμῖν
2933 5280 3268 5350 ἀναστήσει
3293 5281 3508 5351 Κύριος
3524 5282 3557 5335 ό
3576 5278 3745 5346 Θεὸς,
3763 5281 3837 5332 ἐκ

642 5467 684 5499 ¹⁸
723 5466 861 5529 Gen,
899 5483 940 5525 ι,
964 5464 1056 5520 26.
1134 5465 1177 5496 ¹⁹
1204 5462 1339 5518 Gen.
1375 5478 1523 5529 Xth,
1556 5462 1642 5517 10.
1750 5462 1795 5492 ὀ
1828 5459 1985 5515 Deut.
2014 5475 2120 5513 xvu

2237 5461 2290 5517 5.
3598 5506 3616 5515 -
3852 5442 3898 5515 ἒι

641 5634 680 5704 ξ’
820 5624 1189 5704 εσαρκῶσθαι..
1256 5633 1297 5704 :1
1331 5621 1537 5704 Εἱπῶν,
1573 5638 1593 5671 ι
1635 5619 1854 5704 πνεῦμα
1877 5622 1921 5704 _6
1952 5619 2256 5704 Θερςκντὸ
2290 5619 2583 5704 ἀσώματον
2626 5618 2793 5703 λέγει.
2821 5618 2892 5704 ,Εἰ
2940 5619 3120 5673 τοίνυν
3176 5618 3275 5704 οὐκ
3303 5616 3419 5704 ἔστι
3453 5615 3636 5704 σῶμα,
3674 5614 3834 5704 φηρὶζ

573 5697 666 5751 καὶ
696 5684 1283 5775 (τιμήλατᾳρείαν-αὑτοῦ
1332 5684 1592 5775 “rotatiqu
1628 5684 1790 5775 εἶναι’
1817 5691 1918 5754 δεῖ,
1945 5692 2051 5771 καὶ
2106 5688 2322 5775 διάᾕτοῦ
2354 5684 2623 5775 ἐνζὴμῖνω
2643 5684 2935 5775 ἀσωμάτου
2983 5687 3414 5775 προσφέρεσθαι,
3443 5684 3694 5775 τρυτέστι
3746 5684 3833 5736 διὰ

570 5770 667 5837 τῆς
697 5759 896 5889 gauli};
923 5759 1012 5816 διὰ
1047 5765 1147 5831 τῆς
1187 5763 1279 5815 τοῦ
1309 5760 1401 5816 νοῦ
1433 5762 1806 5831 καθαρότητος
1837 5778 1846 5787 “
1877 5761 2037 5814 τοῦτο
2060 5760 2168 5831 γὰρ
2199 5760 2374 5831 δῆλοι,
2416 5759 2504 5814 ὅτι
2531 5779 2548 5811 ι
2580 5761 2623 5811 Τ
2626 5762 2716 5822 οὺς
2769 5759 3216 5830 προσκυνοῦντας
3280 5759 3445 5812 αὐτὸν
3469 5760 3527 5810 ὲν
3556 5759 3835 5823 πνεύματι

573 5837 671 5890 καὶ
738 5834 928 5906 ληθείᾳ
954 5834 1035 5886 δεῖ
1064 5836 1409 5901 προσκυνεῖν.
1450 5855 1465 5882 ι
1508 5832 1745 5902 [Crannl
