4148 6570
243 505 275 563 ,
306 484 450 557 ,ttas

1352 489 1813 550 FRAGMENTA
1858 486 1935 546 IN
1978 485 2037 545 S.
2079 486 2447 546 JOANNEM.

3442 470 3575 539 Μετε

310 597 430 652 τῶν
478 598 765 669 ἀδελφῶν
802 600 972 672 ἡμῶν
1006 602 1085 669 ὠς
1124 601 1261 671 ἐμὲ,
1308 603 1495 657 αὑτοῦ
1522 602 1884 656 ἀκούσεσθε.

1999 610 2265 668 serpente,
2300 610 2355 652 et
2384 598 2529 665 virga
2560 594 2749 665 Moysi.
2777 603 2830 649 ct
2867 595 2930 647 de
2962 599 3111 646 Isaac
3138 600 3191 645 ct
3214 604 3349 644 ove:
3409 600 3571 655 atqu.-

307 694 421 746 Καὶ
454 693 521 746 τὰ
562 694 706 748 κατά
738 695 831 747 τὸν
863 696 1008 765 ὅφιν,
1049 697 1140 748 καὶ
1168 696 1235 748 τὰ
1265 694 1407 747 κατά
1430 695 1531 765 τὴν
1562 694 1760 767 ράὁδον
1792 695 1891 765 τὴν

307 785 611 853 Μωῦσέως,
644 788 737 839 καὶ
763 788 830 840 τὰ
853 786 994 840 κατά
1017 786 1107 839 τὸν
1149 786 1356 852 Ἰσαὰκ,
1390 789 1486 841 καὶ
1508 788 1569 840 τὸ
1592 785 1887 860 πρόϐατον,

308 877 404 930 καὶ
443 876 615 931 πολλά
659 878 844 949 ἔτερα,
889 878 1016 949 ἐξῆν
1062 878 1410 949 βουλομένοις
1459 878 1729 947 ἐκλέγειν,
1790 877 1891 946 τὴν

306 972 612 1040 παρουσίαν
638 971 801 1025 αὑτοῦ
835 972 1309 1044 ἀνακηρύττοντα.
1351 972 1491 1024 Ἀλλ’
1517 971 1617 1025 οὐκ
1642 970 1751 1024 ἀπὸ
1778 969 1892 1023 τού-

306 1079 417 1116 των
446 1062 607 1132 ἐνῆγε
636 1062 736 1134 τὴν
761 1065 1017 1132 γυναῖκα,
1049 1064 1167 1117 ἀλλ’
1195 1063 1305 1118 ἀπὸ
1329 1063 1425 1116 τοῦ
1451 1061 1642 1124 ὓδατος
1674 1062 1768 1115 καί
1791 1061 1892 1131 τῆς

308 1155 685 1224 προαιρέσεως
722 1156 892 1228 αὐτὴν
934 1157 1267 1221 ἐπισπᾶται,
1298 1156 1394 1209 καὶ
1439 1154 1528 1208 διὰ
1558 1154 1764 1208 τούτων
1812 1156 1891 1219 εἰς

310 1245 536 1315 μνήμην
582 1245 707 1314 ἄγει
755 1246 849 1299 τοῦ
882 1245 1151 1317 Χριστοῦ,
1187 1246 1283 1300 καί⁹
1325 1245 1660 1299 ἐκκαλύπτει
1705 1244 1892 1298 λοιπὸν

308 1338 521 1393 ἑαυτόν.
585 1339 720 1392 Ἀπὸ
764 1339 1032 1409 συνέσεως
1081 1339 1140 1392 δὲ
1181 1338 1341 1392 τοῦτο
1390 1334 1563 1392 εἶπεν·
1612 1338 1734 1391 οὐδέ
1782 1339 1892 1408 γὰρ

305 1426 425 1498 ⁴ιὶδει
458 1426 550 1481 τὸν
582 1429 841 1499 Χριστὸν,
872 1428 1202 1500 Σαμαρεῖτις
1231 1425 1391 1484 οὖσα.

384 1538 405 1571 ι
433 1519 596 1590 Λέγει
628 1521 765 1591 αὐτῇ
797 1522 826 1573 6
874 1520 1100 1590 Ἰησοῦς*
1132 1520 1274 1590 Ἐγώ
1304 1521 1445 1592 εἰμι,
1479 1522 1508 1574 6
1532 1518 1711 1573 λαλῶν
1742 1536 1844 1575 σοι.
1868 1536 1886 1569 ι

376 1694 557 1766 Ὅπερ
592 1694 695 1748 οὐκ
727 1688 880 1747 εἶπεν
918 1693 1194 1757 Ἰουδαίοις
1222 1692 1469 1763 ἐρωτῶσι
1513 1692 1653 1763 μετά
1700 1692 1855 1745 δόλου
1876 1732 1891 1755 ,

307 1787 466 1841 τοῦτο
492 1782 647 1841 εἶπεν
688 1788 753 1857 τῇ
785 1786 1008 1854 γυναικὶ
1056 1786 1405 1857 ἁπλουστέρα
1438 1785 1596 1859 ούσῃο
1649 1786 1744 1838 καὶ
1769 1784 1893 1839 οὔτε

308 1878 419 1932 ἀπὸ
440 1879 719 1943 Μωῦσέως
740 1876 897 1934 εἶπέν
920 1896 973 1933 τι
996 1880 1155 1949 αὐτῇ,
1189 1876 1454 1932 συνιστῶν
1474 1880 1542 1931 τα
1569 1894 1635 1931 πε
1646 1878 1699 1947 ρὶ
1727 1877 1893 1931 αὐτοῦ

307 1973 523 2044 ἀπείρῳ
568 1973 703 2047 alien
751 1975 996 2047 Γραφῆς,
1044 1944 1160 2028 ἀπ’
1206 1975 1273 2027 ἐκ
1308 1974 1478 2045 μόνης
1522 1974 1623 2045 τῆς
1647 1944 1897 2045 ἐπειδὴ·
1924 1944 1969 2004 Β

310 2079 449 2128 σεως
476 2065 650 2135 αὐτῆς
675 2067 999 2137 μετέπεισεν
1027 2066 1225 2137 αὐτήν.

389 2158 528 2209 «Kal.
549 2158 644 2211 ἐπὶ
671 2156 847 2229 τούτῳ
868 2154 1033 2229 ἦλθον
1056 2159 1106 2211 οἰ
1135 2157 1377 2229 μαθηταὶ
1397 2156 1583 2211 αὐτοῦ’
1609 2157 1705 2211 καὶ
1735 2156 1897 2211 ἐθαύ-

312 2264 494 2320 μασαν
524 2250 606 2305 δτι
644 2250 782 2321 μετά
810 2252 1070 2320 γυναικὸς
1107 2252 1308 2307 ἐλάλει.
1337 2270 1356 2303 ι

383 2342 509 2395 Ὀτι
544 2344 663 2414 μετ’
687 2343 988 2413 ἀλλοφύλου
1013 2344 1219 2407 ἐλάλει,
1243 2344 1304 2397 τὸ
1327 2344 1530 2412 ἄτυφον
1554 2343 1720 2397 αὐτοῦ
1744 2342 1899 2396 ἐθαύ-

314 2435 508 2505 μαζον,
540 2436 637 2488 καὶ
674 2437 757 2489 ὅτι
783 2438 1020 2507 πενιχρᾷ
1044 2436 1401 2507 Σαμαρείτιδι
1432 2436 1611 2490 ἐλάλει
1634 2449 1650 2466 ⁶
1676 2436 1898 2507 ᾔδεισαν

310 2526 442 2595 γὰρ,
467 2526 547 2579 ὅτι
574 2525 754 2580 πάντα
780 2529 928 2581 ποιεῖ
953 2526 1092 2599 μετὰ
1126 2527 1464 2597 κεκριμένης
1495 2526 1767 2590 συνέσεως
1805 2525 1898 2578 καί

313 2618 624 2685 εὐλαϐείας,
656 2619 692 2677 ἃ
724 2620 918 2675 ἐποίει.

384 2728 405 2761 ι
430 2709 596 2764 Δεῦτε
618 2752 632 2773 ,
670 2711 810 2765 ῐδετε
863 2711 1175 2784 ἄνθρωπον,
1210 2712 1269 2774 ὃς
1311 2706 1434 2766 εἶπέ
1460 2729 1553 2782 μοι
1598 2711 1776 2765 πάντα
1800 2714 1899 2765 ὃσα

313 2802 567 2874 ἐποίησα.
599 2803 747 2874 Μήτι
776 2797 931 2867 οὗτός
960 2805 1109 2856 ἐστιν
1137 2805 1165 2856 6
1188 2804 1461 2873 Χριστός;
1500 2822 1518 2855 ι

380 2980 504 3034 Τῶν
546 2980 689 3049 ἄγαν
741 2981 887 3035 ἐστὶν
933 2980 1178 3047 ἀτόπων,
1231 2982 1292 3035 τὸ
1325 2981 1401 3053 μὴ
1441 2980 1793 3053 δημοσιεύειν
1831 2980 1899 3034 τά

314 3072 642 3143 κοινωφελῆ.
688 3072 834 3143 Αὕτη
891 3073 949 3127 δὲ
984 3074 1085 3127 οὐκ
1136 3075 1456 3143 ἀπεφήνατο
1508 3074 1731 3143 σαφῶς,
1774 3072 1898 3127 οὔτε

315 3167 594 3238 ἐσίγησεψ
626 3167 879 3221 ἐϐούλετο
905 3168 1036 3238 γὰρ,
1067 3168 1168 3221 οὐκ
1208 3169 1272 3220 ἐκ
1298 3168 1396 3237 τῆς
1425 3166 1636 3231 οἰκείας
1681 3168 1900 3237 ἀποφά-

318 3273 456 3319 σεως
489 3256 733 3325 εἰσάγειν
778 3257 962 3322 αὑτὸν,
998 3256 1133 3310 ἀλλά
1177 3258 1275 3311 καὶ
1317 3257 1517 3319 αὐτοὺς
1568 3257 1671 3327 τῆς
1713 3258 1898 3327 ψήφου

313 3345 521 3415 ταύτης
550 3347 870 3412 εἰσαγαγεῖν
900 3345 1213 3407 κοινωνοὺς,
1245 3345 1273 3396 ὃ
1296 3345 1391 3398 καὶ
1426 3344 1628 3415 μᾶλλον
1657 3346 1903 3416 εὐπαρά-

314 3436 508 3493 δεκτον
538 3437 712 3490 ἐποίει
742 3436 833 3492 τὸν
862 3435 1039 3503 λόγον.
1072 3437 1181 3490 Καὶ⁸
1210 3437 1312 3490 οὐκ
1343 3432 1520 3499 εἷπεν,
1563 3434 1765 3501 Δεῦτε,
1816 3455 1908 3491 πι-

328 3528 577 3592 στεύετε,
609 3527 783 3593 ἀλλά,
817 3528 1019 3591 Δεῦτε,
1065 3528 1243 3581 Ιδετεν
1283 3528 1313 3581 6
1345 3528 1546 3598 μᾶλλον
1575 3529 1906 3601 κουφότερον

315 3616 406 3690 ἦν,
439 3621 534 3674 καὶ
567 3620 768 3691 μᾶλλον
794 3621 991 3684 αὐτοὺς
1024 3621 1325 3689 ἐφείλκετο.
1365 3622 1521 3693 ᾜδει
1551 3622 1662 3691 γὰρ
1693 3622 1901 3691 σαφῶς,

315 3711 401 3763 ὅτι
448 3711 781 3782 γευσάμενοι
826 3711 1011 3782 μόνον,
1040 3711 1109 3765 τὰ
1150 3713 1289 3765 αὐτά
1320 3713 1599 3766 πείσονται
1631 3712 1775 3784 ἅπερ
1810 3713 1907 3766 καὶ

317 3800 483 3871 αύτή.

308 3920 311 3923 -
394 3912 414 3946 ι
464 3894 627 3964 Λέγει
670 3895 854 3959 αὐτοῖς
892 3898 921 3950 6
977 3898 1218 3967 Ἰησοῦ;’
1271 3898 1432 3968 Ἐμὸν
1487 3896 1685 3969 βρῶμά
1730 3897 1903 3963 ἐστιν,

318 3986 407 4040 ἰνα
438 3988 575 4041 ποιῶ
594 3988 656 4042 τὸ
681 3988 895 4061 θέλημα
914 3995 1007 4044 τοῦ
1040 3991 1354 4063 πέμψαντός
1384 4008 1474 4061 με,
1507 3991 1602 4043 καὶ
1633 3988 1907 4044 τελειώσω

318 4079 487 4133 αὐτοῦ
509 4080 571 4133 τὸ
599 4080 785 4151 ἔργον.
822 4099 842 4134 ι

402 4170 491 4235 Ὦς
520 4170 877 4237 διδασκάλους
925 4174 1024 4243 τῆς
1072 4173 1437 4245 οἰκουμένης,
1488 4174 1730 4241 διδάσκει
1778 4173 1905 4236 τοὺς

324 4258 595 4328 μαθητὰς,
623 4264 896 4334 προτιμᾷν
920 4264 1022 4333 τῆς
1045 4263 1303 4337 βρώσεως
1317 4263 1377 4317 τὸ
1392 4264 1603 4335 θέλημα
1622 4263 1714 4317 τοῦ
1738 4261 1900 4318 Θεοῦ.

322 4349 521 4421 [Cum
557 4352 707 4426 ADD.]
745 4355 834 4418 Ὠς
864 4355 1123 4425 ἐπιθυμεῖ
1168 4373 1253 4419 τις
1280 4355 1489 4426 τροφῆς
1512 4396 1528 4422 ,
1575 4354 1718 4409 οὕτω
1746 4354 1904 4424 κάγὼ

319 4444 420 4511 τῆς
456 4444 733 4513 σωτηρίας
764 4444 873 4498 τῶν
904 4444 1230 4517 ἀνθρώπων.

398 4551 416 4583 ι
455 4533 564 4587 Καὶ
599 4536 627 4586 ὁ
672 4535 929 4607 θερίζων,
973 4537 1167 4607 μισθὸν
1209 4537 1501 4608 λαμϐάνει,
1536 4538 1631 4591 καὶ
1680 4539 1903 4606 συνάγει

322 4626 534 4694 καρπὸν
572 4629 655 4692 εἰς
699 4628 846 4700 ζωὴν
878 4629 1116 4685 αἰώνιον·
1163 4632 1251 4685 ἴνα
1285 4634 1380 4688 καὶ
1409 4635 1437 4687 6
1490 4632 1731 4703 σπείρων
1762 4630 1899 4703 ὁμοῦ

2007 4639 2301 4698 congregat
2352 4629 2584 4701 fructum
2634 4631 2685 4685 in
2723 4632 2886 4685 vitam
2931 4640 3189 4685 azternam

322 4717 492 4790 χαίρῃ
521 4719 617 4771 καὶ
642 4722 671 4773 6
699 4720 950 4792 θερίζων.
986 4741 1006 4773 ι

404 4806 465 4861 '0
510 4810 878 4877 πνευματικὸς
912 4810 1171 4881 θερισμὸς
1213 4813 1272 4876 ὃς
1308 4824 1336 4863 ι’
1367 4816 1514 4868 ἐστιν
1560 4816 1593 4887 ἡ
1642 4816 1901 4885 amem“

323 4900 576 4971 ἐργασία,
610 4904 709 4971 τὴν
744 4902 843 4973 μὲν
861 4904 1144 4970 ἀπόθεσιν,
1177 4904 1273 4958 καὶ
1301 4906 1393 4958 τὸν
1412 4906 1903 4978 ἀποθησαυρισμὸν

324 4992 385 5043 ἐν
413 4993 664 5061 οὐρανοῖς
697 4995 831 5065 ἐχειο
865 4998 923 5051 ἐν
945 4997 1001 5050 δὲ
1022 4997 1102 5069 τῷ
1136 4998 1386 5069 μέλλοντι
1417 4999 1575 5054 αἰῶνι
1603 5001 1903 5056 ἀπόλαυσιν

281 5156 284 5159 Δ
324 5078 705 5152 ἀτελεύτητονο
735 5078 891 5143 οὗτος
924 5087 1032 5159 γάρ
1063 5090 1212 5141 ἐστιν
1243 5091 1273 5142 6
1308 5090 1503 5161 καιρὸς
1536 5090 1635 5161 τῆς
1665 5090 1922 5144 ἁνταπο-.

289 5204 292 5212 λ
323 5170 545 5236 δόσεως.

291 5252 305 5355 3
401 5284 419 5314 ι
468 5264 609 5333 Ἐγὼ
636 5265 935 5323 ἀπέστειλα
970 5272 1110 5341 ὑμᾶς
1140 5272 1399 5343 θερίζειν,
1435 5274 1465 5328 ὃ
1501 5277 1599 5346 οὐχ
1630 5276 1788 5347 ὑμεῖς
1817 5294 1908 5331 κε-

295 5355 650 5422 ξκοπιάκατεο
698 5359 851 5412 ἄλλοι
895 5364 1299 5428 κεκοπιάκασι,
1348 5365 1445 5419 καὶ
1478 5366 1639 5436 ὑμεῖς
1692 5368 1772 5430 εἰς
1814 5366 1905 5419 τὸν

326 5448 496 5501 κόπον
530 5450 711 5504 αὐτῶν
742 5453 1155 5524 εἰσεληλύθατε.
1193 5476 1213 5509 ι

411 5541 470 5594 '0
505 5543 752 5614 σπείρων
792 5546 943 5598 ἐστὶν
988 5548 1018 5599 6
1069 5548 1306 5617 Χριστὸς
1349 5551 1417 5603 τὰ
1452 5551 1773 5622 σωτηριὼδη
1815 5550 1897 5604 δός

328 5652 516 5704 γματα
558 5635 647 5689 διὰ
674 5638 971 5708 προφητῶν
994 5655 1005 5669 '
1038 5638 1289 5708 θερισταὶ
1319 5641 1375 5694 δὲ
1413 5645 1459 5695 οἱ
1499 5642 1806 5695 ἀπόστολοι.
1842 5643 1905 5695 Ol

330 5726 609 5797 προφῆται
643 5729 772 5798 γοῦν
806 5729 936 5783 ὡσεί
974 5731 1297 5801 σπείραντες
1332 5734 1495 5786 πολὺν
1527 5732 1684 5803 ἔσχον
1716 5734 1901 5799 κόπον,

412 5909 545 5965 PCr.
570 5910 617 5964 ὅ.

1992 691 2096 747 alia
2128 691 2293 745 multa
2347 689 2509 744 liceat
2542 688 2801 743 studiosis
2859 685 3137 754 colligere,
3194 697 3315 752 qua:
3365 678 3569 735 Christi

1991 784 2281 839 adventum
2308 790 2596 837 testantur.
2648 778 2757 835 Sed
2787 778 2932 832 ιιυιιι
2978 777 3205 831 istarum
3237 788 3420 829 rerum
3447 786 3569 827 mu-

1992 876 2179 931 lierem
2212 874 2447 939 induxit,
2498 873 2591 928 sed
2638 886 2791 941 aqua:
2862 869 3126 924 duntaxat
3182 866 3573 937 pollicitatione

1993 978 2153 1038 atque
2182 967 2532 1038 praedictione
2554 979 2671 1018 eam
2698 962 2886 1026 allicit,
2916 971 2971 1016 et
3004 976 3100 1031 per
3142 961 3257 1016 Itth
3288 961 3341 1014 in
3367 958 3569 1015 Chriin

1994 1060 2324 1115 mentionem
2354 1057 2594 1119 adducit,
2625 1063 2681 1110 et
2723 1070 2782 1110 se
2809 1054 2946 1124 jam,
2967 1054 3056 1124 qui
3088 1055 3179 1118 sit,
3240 1050 3571 1107 manifeStat.

1994 1152 2039 1205 Α
2071 1150 2407 1206 conscientia
2444 1150 2629 1219 utique
2680 1148 2783 1203 hoc
2831 1147 3003 1201 dixit;
3066 1162 3172 1201 non
3213 1145 3360 1200 enim
3418 1144 3576 1201 Chri—

1993 1255 2135 1299 Stum
2170 1251 2413 1305 noverat,
2451 1241 2594 1310 quod
2621 1248 2768 1293 esset
2804 1238 3169 1293 Samaritana.

2062 1504 2228 1560 Vens.
2250 1504 2344 1568 26,
2381 1522 2400 1557 ι
2428 1505 2566 1560 Dicit
2615 1506 2663 1558 ci
2712 1503 2909 1559 Jesus:
2980 1505 3091 1575 Ego
3114 1518 3231 1559 sum
3264 1503 3357 1575 qui
3384 1503 3576 1573 loquor

1996 1609 2197 1654 tecum.
2229 1616 2249 1651 1

2052 1692 2206 1760 Quod
2246 1705 2352 1746 non
2383 1689 2523 1745 dixit
2575 1687 2779 1743 Judmis
2807 1687 2932 1743 dolo
2991 1687 3475 1758 interrogantibus,
3524 1688 3575 1743 id

1997 1784 2207 1839 mulieri
2256 1781 2489 1851 simplici
2555 1780 2868 1835 revelavit:
2928 1788 2982 1833 et
3039 1794 3219 1844 neque
3278 1781 3344 1833 de
3392 1778 3580 1849 Moyse

1997 1876 2288 1946 quidquam
2318 1873 2391 1928 illi
2419 1872 2718 1943 proposuit,
2780 1872 2965 1925 sciens
3000 1886 3121 1925 eam
3160 1870 3408 1941 ignaram
3454 1884 3577 1925 esse

1998 1970 2423 2038 Scripturarum,
2456 1964 2549 2020 sed
2595 1978 2659 2017 ex
2716 1963 2782 2018 iis
2838 1973 3043 2018 tantmu
3074 1976 3197 2032 quae
3233 1967 3459 2017 noverat
3504 1958 3576 2015 illi

1997 2061 2285 2133 persuasit.

2057 2152 2222 2208 Vens.
2252 2152 2343 2207 27.
2386 2171 2404 2205 ι
2436 2151 2501 2205 Ει
2534 2150 2793 2206 continuo
2824 2156 3088 2203 venerunt
3116 2144 3363 2216 discipuli
3417 2143 3535 2215 ejus
3563 2164 3576 2199 :

1998 2254 2054 2300 et
2090 2245 2429 2299 mirabantur
2456 2244 2582 2313 quia
2609 2258 2729 2297 cum
2760 2241 2985 2296 muliere
3010 2238 3359 2308 loquebatur.
3396 2256 3415 2291 ι

2060 2338 2214 2406 Quod
2263 2354 2386 2393 cum
2431 2336 2756 2407 alienigena,
2804 2348 2976 2402 eaque
3024 2329 3353 2403 paupercula
3390 2328 3581 2386 Sama-

1999 2431 2173 2485 ritana
2229 2429 2564 2499 loqueretur,
2627 2427 3038 2482 admirabantur
3094 2442 3108 2479 :
3170 2437 3369 2478 norant
3431 2422 3575 2478 enim

1998 2536 2143 2587 eum,
2176 2520 2434 2591 quidquid
2483 2522 2699 2590 agebat,
2747 2518 2956 2574 occulta
2985 2516 3219 2589 quadam
3265 2516 3577 2587 cognitione

1999 2623 2161 2679 atque
2193 2615 2394 2684 pietate
2421 2629 2699 2684 peragere.

2050 2706 2214 2760 Vens.
2249 2706 2341 2761 29.
2384 2723 2404 2758 ι
2442 2706 2653 2772 Venite,
2683 2715 2738 2761 et
2776 2706 2959 2761 videte
2993 2704 3267 2759 hominem
3297 2700 3394 2772 qui
3440 2698 3581 2755 dixit

2002 2800 2135 2853 mihi
2205 2800 2386 2853 omnia
2454 2813 2791 2869 quaecunque
2838 2799 2961 2855 feci.
3014 2795 3271 2865 Nunquid
3325 2795 3441 2863 ipse
3498 2802 3581 2848 est

2000 2889 2284 2946 Christus?
2323 2910 2341 2942 ι

2078 2978 2245 3034 Plane
2281 2980 2641 3035 absurdorum
2696 2991 2800 3048 est,
2837 2997 2899 3036 ea
2960 2997 3080 3050 quae
3139 2997 3169 3037 e
3202 2998 3258 3037 re
3303 2985 3582 3039 communi

2003 3081 2131 3129 sunt
2166 3072 2391 3127 minime
2437 3073 2709 3143 evulgare.
2776 3072 2902 3127 Haec
2957 3085 3141 3128 autent
3209 3090 3382 3145 neque
3438 3076 3585 3130 clare

2004 3164 2289 3219 aﬂirmavit
2340 3162 2615 3219 Christum
2660 3180 2803 3232 esse,
2829 3180 3001 3234 neque
3045 3167 3256 3222 reticuit
3309 3184 3324 3221 :
3360 3167 3586 3223 nolebat

1928 3285 1971 3343 ε
2004 3255 2151 3311 enim
2185 3255 2403 3325 propria
2432 3254 2606 3325 ipsum
2634 3256 2961 3310 auctoritate
2988 3257 3264 3319 inducere,
3290 3257 3381 3312 sed
3407 3266 3460 3311 et
3489 3271 3583 3312 eos

2005 3348 2059 3401 in
2089 3348 2332 3401 eamdem
2375 3362 2557 3402 secum
2611 3348 2940 3403 sententiam
2985 3350 3367 3404 communibus
3390 3346 3584 3405 suffra-

2003 3439 2107 3509 giis
2135 3440 2216 3493 ire
2238 3440 2512 3508 cupiebat,
2548 3456 2655 3508 qun
2680 3456 2985 3496 sermonem
3007 3456 3162 3495 suum
3197 3440 3399 3497 faceret
3424 3442 3585 3514 longe

2004 3530 2449 3601 probabiliorem.
2506 3530 2574 3585 Et
2609 3548 2713 3587 non
2742 3532 2901 3600 dixit,
2932 3531 3145 3598 Venite,
3174 3537 3385 3589 credite
3413 3552 3429 3603 ;
3463 3536 3581 3602 sed,

2017 3620 2222 3685 Venite,
2252 3623 2439 3686 videte,
2469 3624 2610 3692 quod
2637 3634 2694 3679 et
2745 3624 2957 3679 facilius
2986 3633 3129 3691 erat,
3160 3640 3365 3695 eosque
3413 3627 3584 3694 magis

2006 3713 2299 3769 allii-iebat.
2362 3714 2579 3769 Sciebat
2604 3713 2844 3785 profecto
2895 3730 3012 3781 eos,
3038 3717 3082 3772 si
3132 3718 3394 3772 duntaxat
3419 3720 3584 3789 degu-

2006 3815 2270 3871 stassent,
2302 3807 2491 3859 eadem
2543 3808 2607 3861 de
2636 3822 2724 3873 eo,
2766 3823 2885 3877 qua:
2918 3819 2974 3863 et
2999 3809 3137 3877 ipsa,
3170 3824 3451 3865 sensuros.

2060 3899 2227 3955 γης.
2265 3900 2364 3953 54.
2412 3917 2431 3951 ι
2469 3900 2616 3956 Dicit
2645 3902 2726 3957 eis
2757 3900 2949 3957 .Iesus:
3000 3901 3151 3958 Meus
3199 3903 3353 3958 cibus
3390 3914 3495 3967 est.
3526 3913 3586 3959 ut

2012 3989 2210 4043 faciam
2243 3990 2578 4046 voluntatem
2609 3990 2725 4061 ejus
2773 3992 2865 4062 qui
2897 3993 3045 4047 misit
3078 4008 3184 4059 me,
3219 4002 3275 4046 ttt
3304 3993 3582 4064 perﬁciam

2007 4097 2144 4152 Opus
2178 4081 2317 4152 ejus.
2349 4100 2369 4134 ι

2070 4171 2352 4243 Tanquam
2398 4171 2547 4228 orbis
2590 4183 2971 4245 praeceptores,
3026 4174 3320 4247 discipulos
3366 4176 3582 4240 erudit,

2005 4263 2143 4317 cibis
2175 4264 2413 4318 divinam
2446 4272 2777 4335 anteponere
2821 4266 3177 4322 voluntatem.
3225 4265 3580 4334 Quemadmo-

2006 4356 2131 4407 dum
2160 4352 2337 4408 cibum
2367 4354 2641 4410 desiderat
2688 4356 2907 4427 aliquis,
2939 4357 3018 4412 sic
3053 4356 3278 4413 salutem
3304 4357 3585 4414 hominum

2005 4444 2275 4500 desidero.

2081 4534 2245 4593 Vens.
2281 4537 2372 4594 56.
2408 4558 2431 4590 η
2466 4537 2529 4593 Et
2578 4540 2673 4608 qui
2724 4540 2898 4606 metit,
2938 4542 3240 4594 mercedem
3280 4543 3499 4612 accipit,
3533 4556 3589 4596 et

3240 4647 3254 4684 :
3308 4642 3365 4683 ut
3414 4644 3468 4685 et
3497 4635 3586 4701 qui

2010 4722 2247 4775 seminat
2283 4721 2441 4775 simul
2473 4722 2727 4790 gaudeat,
2761 4732 2815 4776 et
2846 4723 2933 4791 qtti
2965 4724 3137 4775 metit.
3170 4742 3190 4772 ›

2082 4812 2357 4883 Spiritalis
2396 4815 2611 4881 messis,
2640 4829 2760 4883 qua:
2792 4824 2919 4867 sunt
2948 4829 3111 4883 opera
3146 4814 3251 4884 pia,
3285 4815 3586 4885 depositum

2007 4903 2225 4972 quidem
2281 4917 2346 4957 ac
2392 4904 2709 4959 thesaurum
2748 4906 2799 4959 in
2844 4905 3000 4959 cmlis
3051 4906 3272 4971 habent,
3325 4908 3376 4961 in
3409 4908 3589 4964 futuro

2011 5004 2191 5050 autem
2219 4995 2438 5062 szeculo,
2467 5010 2533 5050 eo
2571 4996 2925 5066 perfruuntur
2946 4998 3281 5066 sempiterno
3306 5018 3319 5054 :
3351 5017 3587 5070 praesens

2012 5086 2155 5142 enim
2185 5095 2397 5155 tempus
2427 5101 2534 5140 non
2566 5096 2649 5141 est
2690 5087 3083 5142 retributionis.

2077 5268 2243 5323 Vens.
2272 5268 2363 5325 53.
2410 5284 2429 5318 ι
2462 5266 2577 5335 Ego
2611 5266 2732 5320 misi
2784 5281 2880 5320 vos
2915 5276 3119 5320 metere
3156 5270 3300 5337 quod
3354 5283 3449 5322 vos
3480 5286 3585 5323 non

2006 5360 2336 5417 laborastis:
2391 5361 2480 5414 alii
2538 5362 2946 5429 laboraverunt,
3003 5375 3058 5418 ct
3107 5380 3204 5419 vos
3259 5368 3313 5419 in
3375 5366 3588 5421 lahorcs

2005 5470 2198 5509 eorum
2236 5455 2523 5509 introistis.
2558 5474 2577 5507 ι

2090 5547 2252 5601 Sator
2282 5548 2533 5602 Christus
2574 5555 2681 5615 est,
2717 5549 2807 5619 qui
2844 5564 2940 5617 per
2992 5552 3281 5621 prophetas
3330 5552 3587 5606 salutaria

2014 5639 2265 5707 dogmata
2301 5640 2613 5706 seminavit,
2666 5656 2933 5698 messores
2974 5658 3101 5697 vero
3150 5644 3400 5712 apostoli.
3455 5642 3589 5697 Pro-

2016 5734 2194 5804 pltctzc
2243 5733 2423 5801 itaque
2474 5741 2729 5802 tanquam
2772 5735 3126 5790 seminatorcs
3176 5734 3461 5803 plurimum
3511 5734 3588 5789 la-
