4148 6590
525 482 666 552 1427

1639 482 1975 542 AMMONII
2010 476 2537 539 ALEXANDRINI

3624 459 3760 525 1428

522 601 805 661 borarttnt,
837 605 894 651 ut
921 598 1009 665 qui
1041 596 1269 667 primum
1300 598 1512 665 pictatis
1546 599 1750 652 semina
1783 597 2087 652 mortalium

2212 595 2267 658 ὓς
2298 592 2508 665 πρῶτοι
2535 590 2603 644 τὰ
2632 592 2731 657 τῆς
2770 583 3052 647 εὐσεϐείας
3084 582 3380 653 σπέρματα
3408 579 3468 633 ὲν
3502 584 3622 643 ταῖς
3651 579 3761 631 τῶν

525 694 722 747 animis
758 692 1072 746 inseverinl.
1128 690 1411 760 Discipulis
1457 693 1600 745 enim
1654 707 1758 744 non
1813 699 2090 767 tantopere

525 793 644 840 erat
693 783 1065 843 laborandum,
1119 799 1239 838 eum
1292 800 1387 854 per
1432 782 1742 853 Scripturas
1784 782 2092 836 hominibus

526 876 935 943 persuaderent.

595 966 677 1021 Me
705 944 1105 1034 quodammodo
1147 984 1328 1022 semen
1365 968 1680 1030 exsistente,
1729 981 1822 1034 per
1856 966 2091 1034 proiihe-

526 1065 609 1108 tas
643 1056 845 1107 dictum
878 1064 961 1109 est
989 1072 1003 1108 :
1056 1056 1205 1111 Mitto
1241 1072 1333 1110 vos
1363 1066 1584 1109 metet‘0.
1636 1055 1884 1123 Discipuli
1942 1071 2093 1107 nam—

525 1161 630 1214 que
656 1146 883 1212 gentiles
913 1162 941 1199 a
981 1156 1213 1212 terreno,
1261 1155 1315 1199 et
1358 1145 1573 1200 Judaeos
1619 1163 1646 1198 a
1700 1145 1905 1200 carnali
1963 1146 2093 1215 legis

526 1231 670 1285 cultu
700 1234 1029 1299 rescindunt,
1058 1244 1113 1288 et
1143 1237 1193 1286 in
1236 1250 1415 1288 aream
1448 1235 1763 1296 ιθςοιιιιιιηι,
1793 1234 1841 1287 id
1874 1245 1957 1288 est
1990 1236 2093 1291 Ec-

526 1324 770 1387 clesiam,
806 1324 895 1378 ubi
924 1325 1073 1394 spica
1117 1325 1343 1378 contrita
1379 1326 1435 1379 ﬁt
1477 1328 1631 1395 panis
1659 1328 1750 1396 qtti
1803 1327 1986 1382 ﬁdeles
2015 1328 2093 1381 vi-

529 1414 730 1469 viticet.

601 1590 764 1645 Vens.
792 1593 881 1646 40.
940 1609 958 1642 ι
987 1592 1123 1647 Cum
1159 1594 1425 1649 venissent
1462 1608 1593 1665 ergo
1627 1595 1688 1649 ad
1725 1596 1870 1648 illum
1906 1595 2095 1649 Sama-

530 1686 713 1745 rilani.
758 1695 1079 1755 rogaverunt
1113 1701 1235 1740 eum
1266 1698 1323 1741 ut
1368 1686 1439 1740 ibi
1490 1698 1753 1753 maneret,
1807 1700 1861 1741 et
1904 1690 2097 1741 mansit

532 1776 606 1829 ibi
647 1775 780 1829 duos
815 1776 947 1829 dies.
978 1795 995 1826 ι

602 1865 930 1919 Samaritani
966 1875 1154 1935 rogant
1180 1867 1454 1922 Christum
1484 1876 1544 1922 ut
1566 1869 1704 1936 apud
1735 1883 1828 1923 eos
1862 1879 2092 1935 maneat,

533 1971 656 2010 cum
692 1968 874 2011 essent
917 1957 1270 2024 alienigenae:
1320 1960 1532 2026 cognati
1570 1973 1696 2012 vero
1746 1957 1861 2025 ejus
1909 1975 2100 2014 secun-
2134 1956 2174 2010 Β

535 2052 659 2103 dum
694 2065 933 2115 carnem,
965 2049 1154 2112 Judaei,
1191 2051 1364 2117 ipsum
1412 2050 1871 2120 persequebantur
1895 2093 1909 2116 ,
1962 2066 2095 2121 quo-

537 2142 679 2195 niam
713 2142 912 2195 inimici
940 2142 1167 2196 hominis
1192 2143 1465 2197 domestici
1507 2143 1621 2215 ejus
1645 2144 1711 2198 ¹¹.

613 2233 772 2288 Vens.
809 2235 898 2289 45.
967 2252 984 2284 ι
1010 2232 1136 2290 Post
1173 2234 1304 2294 duos
1338 2244 1515 2291 autem
1547 2236 1661 2291 dies
1690 2235 1823 2291 exiit
1872 2236 2017 2299 inde,
2052 2245 2106 2288 et

538 2327 675 2381 abiit
706 2327 757 2381 iu
784 2326 1080 2383 Galilaeam.
1116 2347 1134 2379 ι

607 2419 723 2473 Non
762 2430 1014 2490 tanquam
1071 2419 1293 2474 hoooris
1343 2421 1535 2477 avidus
1593 2422 1865 2485 discessit,
1918 2421 2009 2475 sed
2051 2429 2109 2476 ut

539 2509 749 2564 civilius
778 2519 1045 2576 parceret.
1084 2508 1309 2577 Quando
1334 2512 1477 2563 enim
1512 2511 1765 2565 videbant
1805 2526 1948 2575 eum,
1986 2526 2107 2564 sue-

537 2601 833 2655 censebant
863 2601 962 2665 illi,
988 2601 1152 2670 quod,
1187 2617 1306 2654 cum
1339 2603 1518 2655 divino
1546 2612 1692 2657 esset
1735 2604 1936 2656 honore
1966 2618 2104 2671 pnu-

539 2692 702 2755 ditus,
732 2692 1126 2755 incarnarelur,
1147 2702 1199 2744 et
1223 2692 1787 2762 iguominiosissimatn
1820 2707 1914 2760 pro
1937 2694 2109 2747 salute

541 2792 725 2838 nostra
766 2793 994 2837 mortem
1024 2792 1328 2851 oppeteret.

612 2875 776 2928 Vens.
812 2873 901 2926 44.
965 2892 982 2923 ι
1018 2873 1130 2941 Ipse
1165 2874 1305 2926 enim
1334 2872 1493 2928 Jesus
1535 2873 1894 2927 testimonium
1928 2874 2110 2943 perhi-

539 2964 677 3027 buit,
723 2964 848 3030 quia
907 2964 1167 3033 propheta
1229 2965 1280 3017 in
1337 2980 1433 3018 sua
1483 2966 1651 3033 patria
1698 2968 1954 3019 honorem
2005 2982 2109 3019 non

540 3056 723 3111 habet.
758 3074 776 3106 ι

612 3147 710 3201 llic
750 3158 920 3203 semet
958 3149 1071 3219 ipse
1104 3150 1422 3218 prophetam
1456 3151 1710 3219 appellat,
1752 3152 1840 3223 qui
1874 3167 1904 3206 a
1934 3151 2113 3222 Moyse

543 3239 719 3293 fuerat
749 3243 1088 3309 praadicatus,
1133 3253 1185 3295 et
1218 3258 1313 3310 per
1355 3243 1809 3312 dispensationem
1844 3246 2113 3314 propheta:

548 3347 742 3385 nomen
790 3342 1090 3401 acceperat,
1142 3349 1262 3387 cum
1302 3334 1528 3403 ipsemet
1557 3344 1699 3389 esset
1734 3335 1969 3404 Spiritus
2003 3336 2113 3388 lar-

546 3425 707 3493 gitor,
749 3431 807 3476 ut
834 3425 995 3484 Deus,
1027 3438 1122 3493 per
1151 3440 1308 3491 quem
1336 3426 1608 3493 propheta:
1632 3428 2114 3496 proplietaverunt.

619 3513 781 3569 Vens.
813 3514 901 3569 48.
944 3516 1119 3568 «Dixit
1150 3531 1276 3584 ergo
1307 3515 1463 3570 Jesus
1492 3518 1555 3569 ad
1592 3534 1710 3570 emn
1762 3536 1774 3571 :
1812 3516 1922 3571 Nisi
1966 3521 2117 3588 signa

548 3616 604 3661 et
630 3608 871 3677 prodigia
902 3608 1171 3673 videritis,
1204 3624 1307 3663 nou
1336 3609 1575 3664 creditis.
1612 3630 1629 3662 ι

619 3698 927 3768 Prodigium
959 3710 1041 3753 est
1083 3702 1222 3768 quod
1254 3714 1417 3769 supra
1449 3710 1695 3753 naturam
1738 3700 1819 3766 ﬁt,
1852 3701 2008 3770 quale
2038 3712 2124 3757 est

553 3805 818 3845 caecorum
873 3790 1059 3845 oculos
1114 3792 1348 3860 aperire,
1406 3807 1470 3845 ac
1530 3802 1771 3848 mortuos
1833 3795 2121 3848 suscitare.

553 3883 779 3952 Signum
812 3884 940 3936 vero
966 3891 1068 3947 est,
1101 3884 1241 3953 quod
1275 3898 1377 3937 non
1415 3884 1635 3938 omnino
1668 3893 1872 3938 natura:
1928 3887 2125 3939 limites

554 3974 787 4037 excedit,
820 3984 879 4027 ut
910 3973 1185 4027 infirmum
1217 3988 1429 4029 curare.

631 4064 795 4119 Vsus.
826 4064 916 4118 55.
971 4081 989 4117 ι
1021 4064 1283 4133 Cognovit
1332 4079 1461 4135 ergo
1508 4077 1678 4135 pater,
1716 4068 1839 4136 quia
1877 4068 1960 4121 illa
1993 4069 2122 4122 hora

480 4218 481 4221 η
555 4170 694 4218 erat.
729 4157 912 4223 inqua
943 4154 1378 4209 tliaiteiJesus:
1437 4156 1605 4212 Filius
1662 4168 1786 4212 tuus
1838 4159 1970 4214 vivit
2022 4178 2035 4213 ι
2076 4170 2127 4213 et

558 4250 789 4303 credidit
818 4248 951 4316 ipse.
985 4257 1037 4299 et
1067 4251 1260 4303 domus
1300 4250 1416 4317 ejus
1450 4260 1579 4306 tota.
1612 4271 1632 4304 ι

634 4340 873 4395 Primum
951 4339 1163 4405 quidem
1212 4340 1488 4401 credebat,
1554 4343 1645 4397 sed
1718 4352 1900 4411 postea
1954 4346 2128 4414 reipsa

560 4431 761 4485 factum
805 4430 1090 4497 comperit,
1138 4433 1280 4498 quod
1336 4430 1574 4485 futurum
1625 4433 1945 4489 crediderat.
2004 4435 2131 4488 Plu-

560 4524 698 4577 rima
729 4538 962 4590 namque
995 4521 1128 4576 lides
1157 4522 1316 4585 valet,
1372 4538 1494 4579 cum
1517 4586 1522 4591 ,
1546 4523 1853 4580 eliectorem
1908 4541 1971 4581 ac
1999 4544 2129 4582 con-

564 4627 950 4674 summatoretn
985 4614 1064 4668 sui
1096 4614 1292 4669 habeat
1318 4614 1506 4669 Deum.

1215 4724 1369 4782 CAP.
1410 4726 1473 4781 ν.

637 4839 799 4893 Vens.
828 4839 885 4891 ‘2.
927 4837 1021 4892 Est
1067 4848 1244 4892 autem
1292 4837 1678 4909 llierosolynns
1718 4842 1998 4895 x’robatica
2054 4861 2133 4911 pl-

564 4931 736 4993 scina,
764 4944 882 4997 quze
904 4931 1316 4998 cognominatur
1341 4927 1602 4987 llebraice
1635 4931 1942 4999 Bethsaida,
1972 4935 2125 5003 quiu-

564 5035 667 5089 que
700 5018 935 5086 porticus
962 5019 1183 5075 habens.
1215 5040 1236 5072 ι

634 5108 918 5163 Prubalica
944 5109 1085 5163 dicta
1110 5120 1215 5175 εει,
1244 5126 1310 5164 eo
1336 5113 1477 5181 quod
1508 5113 1577 5167 ibi
1606 5128 1804 5183 pecora
1846 5115 1900 5169 in
1944 5115 2136 5170 festum

570 5204 710 5256 diem
746 5202 1041 5257 occidenda
1075 5209 1571 5275 congregarentur;
1600 5222 1896 5275 eorumque
1942 5208 2137 5263 ibidem

572 5310 596 5343 τ
612 5295 782 5348 isrera
814 5294 1144 5350 eluereutur.

641 5385 800 5440 Vens.
851 5386 906 5441 4.
969 5407 987 5439 ι
1020 5388 1254 5459 Angelus
1301 5401 1479 5442 autem
1531 5388 1742 5443 Domini
1784 5391 2142 5445 descendebat

573 5479 869 5533 tecumlum
895 5488 1105 5547 tempus
1129 5482 1180 5535 in
1205 5480 1488 5549 piscinam,
1514 5492 1566 5534 et
1592 5482 1905 5535 movebatur
1931 5495 2090 5551 aqua.
2119 5502 2138 5534 ι

645 5658 690 5691 ¹¹
725 5657 913 5712 Matth.
949 5673 1003 5722 κ,
1039 5658 1128 5711 56.

649 5827 678 5867 ει
706 5816 798 5869 Cr.
831 5815 947 5867 sine
977 5813 1104 5880 γάρ.
1186 5820 1205 5846 τ
1232 5810 1323 5863 (1r.
1362 5811 1441 5860 ὅτι
1472 5809 1634 5872 τινές.

1715 5820 1735 5845 ⁸
1773 5812 1861 5867 Cr.
1895 5815 1972 5867 ὃς.

649 5827 678 5867 ει
706 5816 798 5869 Cr.
831 5815 947 5867 sine
977 5815 1104 5880 γάρ.
1186 5820 1205 5846 τ
1232 5815 1323 5863 (1r.
1362 5815 1441 5860 ὅτι
1472 5815 1634 5872 τινες.
1715 5820 1735 5845 ⁸
1773 5815 1861 5868 Cr.
1895 5815 1948 5877 ὃς

577 5894 639 5948 ιν
670 5886 724 5939 δὲ
755 5888 817 5956 τῇ
852 5883 974 5953 ἑξῆς
1011 5884 1102 5935 καὶ
1125 5881 1270 5949 ἔργῳ
1301 5880 1551 5952 ήκουσεν.

2056 5815 2069 5848 ¹
2102 5806 2200 5867 ὧδε

2192 685 2496 757 ἀνθρώπων
2524 684 2719 754 ψυχαῖς
2753 676 3200 746 καταϐαλόμενοι.
3244 674 3305 727 Οἱ
3356 672 3469 743 γὰρ
3521 672 3763 742 μαθηταὶ

2190 776 2252 829 ού
2282 775 2535 829 τοσοῦτον
2584 772 2741 841 ἔσχον
2783 769 3055 838 κάματον,
3087 764 3196 819 ἀπὸ
3222 763 3333 818 τῶν
3361 762 3597 833 Γραφῶν
3642 761 3764 813 πεί-

2192 868 2376 931 θοντες
2399 866 2526 929 τοὺς
2550 861 2872 935 ἀνθρώπους
2904 859 3096 932 ταύτῃ.

2275 960 2360 1021 Ὠς
2411 956 2547 1028 ὲμοῦ
2575 956 2727 1019 ὄντος
2770 953 2865 1007 τοῦ
2915 952 3118 1022 σπόρου
3144 988 3159 1015 ,
3209 946 3305 1002 καὶ
3343 946 3432 1001 διά
3473 942 3771 1017 προφητῶν

2192 1045 2460 1117 ἐλαλήθη,
2498 1044 2710 1115 Πέμπω
2739 1033 2883 1113 ὑμᾶς
2926 1039 3161 1110 θερίσαι.
3194 1040 3257 1091 Οἱ
3306 1037 3415 1108 γὰρ
3443 1046 3473 1086 (ι
3525 1031 3772 1105 μαθηταὶ

2194 1139 2286 1194 καὶ
2314 1139 2440 1200 τοὺς
2469 1136 2737 1207 Ἕλληνας
2770 1133 2878 1187 τῶν
2910 1132 3134 1201 γηΐνων,
3184 1129 3278 1181 καὶ
3306 1128 3435 1190 τοὺς
3478 1124 3771 1185 Ἰουδαίους

2192 1229 2301 1282 τῶν
2327 1226 2605 1299 σαρκικῶν
2628 1225 2722 1279 τοῦ
2739 1225 2902 1295 νόμου
2926 1220 3192 1293 λατρειῶν
3222 1218 3640 1289 ἀποτέμνουσιν,
3676 1212 3775 1268 καὶ

2194 1321 2275 1383 εἰς
2301 1321 2398 1390 τὴν
2431 1319 2546 1373 ἅλω
2583 1317 2967 1379 ἀποτίθενται,
2998 1316 3026 1368 ὅ
3056 1316 3207 1367 ἐστιν
3259 1312 3356 1382 τὴν
3420 1308 3773 1379 Ἐκκλησίαν,

2196 1414 2330 1466 ὅπου
2356 1411 2617 1482 ὁηστάχυς
2646 1410 2965 1482 τριὸόμενος
2989 1407 3201 1477 γίνεται
3243 1407 3387 1467 σῖτος
3422 1404 3451 1456 ὁ
3484 1399 3769 1467 ζωοποιῶν

2196 1506 2323 1568 τοὺς
2351 1505 2597 1566 πιστούς.
3090 1564 3091 1567 η

2276 1615 2292 1647 ι
2339 1597 2428 1659 Ὡς
2456 1591 2549 1648 οὖν
2574 1590 2736 1663 ἦλθον
2767 1592 2907 1663 πρὸς
2942 1591 3102 1644 αὐτὸν
3138 1592 3188 1643 οί
3224 1586 3586 1659 Σαμαρεῖται,
3626 1584 3776 1654 ἡρῶ-

2199 1707 2307 1742 των
2336 1689 2498 1742 αὑτὸν
2532 1690 2711 1758 μεῖναι
2746 1686 2876 1755 παρ’
2914 1686 3121 1748 αὐτοῖς,
3155 1682 3251 1736 καὶ
3284 1682 3498 1752 ἔμεινεν
3536 1677 3654 1731 ἐκεῖ
3681 1674 3779 1729 δύο

2201 1781 2434 1851 ἡμέρας.
2474 1798 2491 1829 ι
2983 1848 2991 1867 κ

2274 1878 2608 1946 Σαμαρεῖται
2640 1873 2854 1927 αἰτοῦσι
2881 1862 3236 1942 τδ-[Χριστὸν
3270 1871 3449 1940 μεῖναι
3497 1864 3636 1936 πρὸς
3674 1862 3780 1916 αύ-

2203 1969 2349 2030 τοίις,
2392 1966 2590 2029 οἵτινές
2615 1974 2639 2004 ι’
2695 1967 2833 2018 εἰσιν
2878 1963 3220 2031 ἀλλογενεῖς,
3260 1959 3355 2012 καὶ
3398 1959 3446 2010 οἱ
3496 1954 3781 2023 συγγενεῖς

2205 2059 2372 2113 αὐτοῦ
2403 2059 2462 2112 τὸ
2502 2057 2643 2110 κατὰ
2679 2057 2879 2127 σάρκα,
2922 2053 3187 2115 Ἰουδαῖοι,
3218 2050 3442 2103 ἐδίωκον
3478 2044 3662 2107 αὑτὸν,
3694 2043 3780 2096 ὅτι

2204 2150 2403 2219 ἐχθροὶ
2431 2150 2536 2204 τοῦ
2572 2149 2886 2217 ἀνθρώπου
2914 2148 2968 2199 οἱ
3010 2142 3260 2199 οἰκιακοὶ
3290 2139 3496 2195 αὑτοῦ.

2282 2262 2300 2293 ι
2342 2243 2497 2297 Μετά
2538 2242 2595 2295 δὲ
2636 2242 2736 2304 τὰς
2764 2240 2859 2293 δύο
2899 2237 3113 2309 ἡμέρας
3146 2232 3372 2305 ἐξῆλθεν
3419 2229 3654 2294 ἐκεῖθεν,
3683 2225 3781 2281 καὶ

2206 2334 2453 2404 ἀπῆλθεν
2474 2337 2555 2399 είς
2580 2332 2678 2403 τὴν
2717 2329 3026 2383 Γαλιλαίαν.
3063 2346 3081 2378 ι

2279 2428 2390 2497 Ούχ
2424 2426 2498 2490 ὡς
2528 2426 2695 2495 τιμῆς
2726 2420 3173 2491 ἀντιποιούμενος
3202 2416 3446 2487 ἐξῆλθεν,
3496 2411 3633 2467 ἀλλά
3669 2408 3785 2463 τῶν

2209 2517 2444 2572 πολιτῶν
2478 2517 2815 2586 φειδόμενος.
2868 2515 2997 2567 Ὅτε
3043 2513 3152 2583 γὰρ
3199 2510 3384 2579 ἐώρων
3427 2505 3611 2569 αὐτὸν,
3655 2502 3783 2556 ὲθυο

2211 2612 2432 2682 μοῦντο,
2457 2610 2538 2662 ὅτι
2563 2620 2585 2648 ι
2621 2610 2679 2661 ὲν
2708 2610 2840 2678 τιμῇ
2863 2606 2938 2660 ὢν
2969 2608 3035 2676 τῇ
3067 2604 3210 2675 θείᾳ,
3237 2599 3547 2672 ὲσαρκώθη,
3572 2595 3785 2651 καὶτὸν

2210 2700 2539 2772 ἀτιμότατον
2587 2699 2796 2772 ὑπέστη
2849 2698 3099 2762 θάνατον,
3150 2696 3235 2749 διὰ
3273 2694 3368 2764 τήν
3410 2689 3568 2761 ἡμῶν
3604 2705 3783 2757 σωτη-

2252 2796 2357 2848 ίαν.

2252 2813 2357 2848 ιαν.

2214 2813 2244 2866 ρ
2290 2906 2306 2936 ι
2346 2886 2519 2947 Αὐτὸς
2558 2883 2665 2954 γὰρ
2700 2882 2728 2934 ὁ
2785 2880 2992 2952 Ἰησοῦς
3023 2880 3423 2951 ἐμαρτύρησεν,
3458 2879 3540 2932 ὅτι
3572 2871 3786 2947 προφήο

2212 2996 2308 3048 της
2333 2980 2390 3031 ἐν
2415 2980 2480 3047 τῇ
2518 2978 2622 3048 ἰδίᾳ
2661 2974 2879 3045 πατρίδι
2912 2974 3077 3045 τιμὴν
3109 2973 3207 3025 ούκ
3238 2972 3370 3041 ἔχει.
3410 2990 3428 3021 ›

2288 3154 2415 3211 Ὧδε
2440 3155 2631 3209 ἑαυτὸν
2663 3154 2817 3208 καλεῖ
2857 3156 2869 3189 ι
2905 3154 2994 3205 τὸν
3028 3154 3336 3223 προφήτην,
3362 3150 3452 3203 τὸν
3485 3148 3589 3201 ὑπὸ
3617 3147 3789 3201 Muni-

2220 3254 2357 3315 σέως
2385 3248 2958 3321 προανακηρυχθέντα,
2988 3247 3049 3309 ὃς
3078 3247 3169 3299 καὶ
3200 3243 3485 3316 προφήτης
3515 3242 3784 3309 οἰκονομι-

2220 3346 2329 3407 κῶς
2360 3342 2584 3413 ἐκλήθη,
2616 3340 2776 3403 αὐτὸς
2799 3338 2873 3392 ὢν
2903 3342 2930 3391 ὀ
2954 3337 3046 3391 τοῦ
3085 3337 3399 3405 Πνεύματος
3429 3332 3686 3405 χορηγὸς,
3714 3330 3792 3393 ὡς

2219 3437 2375 3501 Θεὸς,
2403 3430 2471 3488 δι⁹
2504 3428 2564 3488 οὗ
2593 3432 2867 3502 προφῆται
2899 3430 3294 3501 ἐπροφήτευον.

2298 3548 2314 3579 ι
2348 3524 2513 3581 Εἶπεν
2543 3526 2637 3581 οὖν
2663 3526 2691 3579 ὁ
2726 3523 2933 3594 Ἰησοῦς
2962 3522 3095 3591 πρὸς
3123 3518 3301 3573 αὐτόν·
3342 3518 3456 3571 Ἐἀι
3492 3516 3567 3586 μὴ
3592 3514 3793 3585 σημεῖα

2224 3621 2317 3675 καὶ
2344 3621 2544 3690 τέρατα
2579 3618 2746 3687 ἴδητε,
2778 3616 2835 3668 οὐ
2878 3615 2950 3685 μὴ
2984 3610 3335 3679 πιστεύσητε.

2296 3712 2475 3781 Τέρας
2507 3710 2626 3761 ἐστὶ
2655 3708 2715 3761 τὸ
2746 3707 2895 3777 παρὰ
2927 3704 3111 3773 φύσιν,
3144 3696 3254 3755 οἷον
3278 3701 3340 3754 τὸ
3364 3698 3568 3764 ἀνοῖξαι
3598 3696 3795 3765 ὀφθαλο

2229 3804 2361 3872 μους
2383 3800 2618 3869 τυφλῶν,
2643 3800 2737 3852 καὶ
2766 3800 2974 3867 ἐγεῖραι
3005 3795 3217 3864 νεκρόν.
3247 3794 3320 3862 Ση
3332 3794 3477 3859 μεῖον
3505 3789 3582 3853 δὲ,
3606 3788 3667 3841 τὸ
3693 3787 3794 3840 οὐκ

2226 3894 2330 3955 ἔξω
2354 3892 2453 3961 τῆς
2487 3890 2722 3959 φύσεως,
2759 3885 2868 3942 οἷόν
2902 3890 3047 3940 ἐστιν
3087 3883 3339 3939 ἰάσασθαι
3369 3883 3670 3954 ἄρρωστον.

2305 4087 2323 4119 ι
2364 4068 2545 4134 Ἔγνω
2576 4061 2666 4117 οὖν
2695 4067 2723 4117 ὁ
2758 4063 2959 4133 πατὴρ,
2989 4062 3068 4114 ὅτι
3100 4062 3155 4112 ὲν
3186 4057 3370 4127 ἐκείνῃ
3398 4056 3463 4124 τῇ
3492 4052 3631 4122 ὥρᾳ,
3673 4050 3731 4102 ἐν

2230 4158 2387 4216 εἶπεν
2417 4160 2566 4230 αὐτῷ
2598 4161 2629 4212 ὁ
2667 4157 2907 4227 Ἰησοῦς,
2932 4157 3015 4208 ὅτι
3044 4154 3101 4206 '0
3128 4152 3254 4213 Υἱός
3291 4166 3383 4200 σου
3427 4148 3515 4217 ζῇ·
3554 4145 3648 4197 καὶ
3677 4142 3797 4195 ὲπί-

2233 4271 2458 4309 στευσεν
2488 4252 2670 4317 αὐτὸς,
2698 4251 2794 4304 καὶ
2821 4252 2853 4318 ἡ
2885 4248 3034 4301 οἰκία
3062 4242 3228 4300 αὐτοῦ
3260 4242 3377 4311 ὂλη.

2300 4346 2525 4417 Πρῶτον
2575 4345 2671 4414 μὲν
2725 4341 3065 4401 ἐπίστευσεν,
3122 4335 3345 4404 ὕστερον
3395 4330 3451 4383 δὲ
3506 4328 3599 4381 καὶ
3653 4326 3801 4398 ἔργῳ

2232 4440 2462 4509 ἤκουσεν
2498 4448 2549 4499 υ,
2579 4436 2661 4488 ὅτι
2687 4432 2909 4501 γέγονεν
2939 4430 2966 4481 ὃ
3002 4429 3317 4481 ἐπίστευσεν
3352 4420 3588 4474 ἔσεσθαι.
3623 4416 3803 4470 Πολλά

2233 4532 2340 4600 γάρ
2370 4530 2542 4599 ἰσχύει
2566 4528 2771 4592 πίστις,
2803 4523 3025 4594 ἐνεργὸν
3044 4522 3140 4574 καὶ
3170 4514 3461 4585 τελειωτὴν
3493 4513 3689 4583 ἔχουσα
3711 4510 3801 4563 τὸν

2163 4635 2209 4691 ι)
2233 4623 2385 4678 Θεόν.

2848 4723 3098 4779 ΚΕΦΑΛ.
3141 4722 3213 4773 E'.

2318 4865 2335 4895 ι
2373 4846 2527 4896 Ἐστι
2555 4844 2609 4895 δὲ
2634 4843 2689 4894 ὲν
2720 4845 2829 4903 ταῖς
2870 4835 3267 4907 Ἰεροσολύμοις
3294 4833 3388 4885 ἐπὶ
3412 4833 3477 4901 τῇ
3500 4827 3803 4899 προϐατικῇ

2242 4934 2633 5003 κολυμϐήθρᾳ,
2690 4934 2722 5001 ἡ
2769 4927 3131 4998 ἐπιλεγομένη
3196 4923 3472 4995 Ἐϐραϊστὶ
3522 4915 3803 4989 Βηθεσδά,

2244 5026 2405 5078 πέντε
2439 5022 2596 5084 στοὰς
2626 5021 2842 5090 ἔχουσα.
2882 5038 2898 5069 ι

2310 5114 2627 5188 Προϐατικὴ
2674 5112 2920 5166 ἐκαλεῖτο
2943 5151 2957 5172 ,
2994 5110 3076 5161 ὅτι
3130 5107 3247 5158 ἐκεῖ
3280 5102 3540 5172 συνήγετο
3576 5096 3643 5150 τὰ
3676 5093 3798 5159 πρός

2240 5185 2379 5262 ϐατα
2407 5207 2485 5259 τὰν
2508 5205 2772 5275 μέλλοντα
2804 5199 3107 5271 σφάζεσθαι
3136 5199 3215 5259 εἰς
3237 5196 3336 5265 τὴν
3375 5190 3587 5262 ἑορτὴν,
3623 5189 3716 5239 καὶ
3742 5185 3812 5238 τὰ

2239 5298 2448 5367 ἔγκατα
2480 5296 2663 5350 αὐτῶν
2686 5293 2978 5345 ὲπλύνοντο
3008 5291 3144 5343 ἐκεῖ.

2317 5410 2333 5440 ι
2395 5387 2659 5455 Ἀγγελος
2709 5386 2816 5455 γὰρ
2862 5384 3002 5436 κατὰ
3048 5380 3238 5450 καιρὸν
3283 5374 3599 5430 κατέϐαινεν
3641 5383 3698 5421 εν
3742 5368 3811 5435 τῇ

2241 5478 2617 5550 κολυμϐήθρᾳ,
2657 5479 2749 5531 καὶ
2777 5476 3045 5546 ἐτάρασσε
3071 5474 3131 5525 τὸ
3160 5470 3322 5538 ὓδωρ.
3368 5486 3386 5519 ι

2230 5813 2378 5867 καῖρλει
2416 5812 2533 5866 «ινδ.
2588 5814 2635 5865 in
2682 5810 2799 5867 cod.
2838 5808 2892 5861 Β.
3001 5820 3027 5847 υ
3054 5809 3139 5863 Cr.
3169 5806 3276 5874 Πρὸ
3308 5802 3434 5873 μιᾶς
3468 5796 3809 5862 ἐπίστευσεν,
