4148 6574
318 434 453 501 1429

1364 435 1825 497 FRAGMENTA
1879 432 1959 495 IN
2001 436 2060 495 S.
2102 433 2474 499 JOANNEM.

3441 429 3570 498 1430

390 550 654 619 Ἀγγελος
687 549 891 603 κατιὼν
924 551 985 602 ἐν
1025 549 1104 620 τῷ
1144 549 1328 613 ὕδατι,
1360 550 1454 602 καὶ
1496 549 1784 619 ταράσσων
1824 546 1884 599 τὸ

2057 542 2291 614 Angelus
2325 545 2416 613 qui
2449 546 2499 596 in
2532 555 2726 611 aquam
2754 538 3137 601 descendebat,
3167 552 3403 606 eamque
3438 554 3557 607 per-

312 639 497 709 ὖὸωρ,
532 638 747 709 ίατικὴν
795 639 1021 692 ἐνετξθει
1057 640 1242 701 αὐτοῖς
1275 638 1530 708 δύναμιν.
1572 638 1801 709 Ἀδηλον
1834 638 1891 692 δὲ

311 731 375 784 ὲν
408 730 539 802 ποία
568 730 750 802 ἡμέρᾳ
781 730 970 801 κατῄει
999 734 1026 785 ὁ
1044 731 1294 799 άγγελος.
1334 731 1425 783 Ἐν
1454 734 1521 801 τῇ
1550 731 1893 802 Πεντεκοστῇ

312 822 530 893 κατῄει.
588 821 817 889 ’Δδηλον
865 822 924 875 δὲ
965 821 1113 891 μένει
1155 821 1285 893 ποίᾳ
1318 822 1458 894 ὥρᾳ.
1491 823 1674 887 Τόπος
1716 823 1774 877 δὲ
1826 818 1895 894 ἦν

313 912 478 966 τοῦτο
510 913 612 982 τῆς
661 914 891 984 νομικῆς
944 915 1221 985 λατρείας,
1273 918 1371 986 τῆς
1412 917 1479 969 δι’
1523 917 1774 984 ἀγγέλων
1815 917 1896 969 ἑνὶ

316 1003 462 1057 ἔθνει
497 1004 642 1074 μόνῳ
687 1004 953 1074 δοθείσης,
981 1006 1076 1058 καὶ
1124 1008 1181 1058 ὲν
1213 1006 1293 1058 ἑνὶ
1334 1007 1481 1076 μόνῳ
1514 1006 1691 1077 καιρῷ
1730 1008 1788 1058 ὲν
1818 1004 1895 1075 τῷ

317 1098 463 1151 τέλει
490 1098 590 1167 τῆς
624 1097 838 1168 ἑορτῆς,
874 1099 903 1150 ὅ
934 1099 1080 1150 ἐστιν
1113 1098 1199 1151 ἐπ’
1230 1100 1465 1169 ἐσχάτου
1494 1098 1725 1169 καιρῶν,
1762 1114 1896 1167 προ»

317 1187 616 1261 σαινούσης
638 1191 737 1260 τῆς
765 1191 981 1253 ἰάσεως,
1002 1192 1098 1244 καὶ
1124 1192 1185 1244 οὐ
1209 1192 1495 1264 χωρούσης
1518 1193 1600 1255 είς
1623 1192 1714 1244 τὸν
1746 1189 1893 1263 ἑξῆς.

398 1388 417 1419 ε
453 1363 560 1420 Ἶιν
592 1367 649 1420 δέ
681 1383 766 1432 τις
817 1368 1104 1440 ἄνθρωπος
1138 1372 1267 1438 ,ἐκεῖ
1315 1370 1757 1442 τριακονταοκτὼ
1801 1372 1897 1442 ἔτη

318 1456 463 1526 ἔχων
488 1460 545 1509 ὲν
570 1460 636 1527 τῇ
665 1457 938 1528 ἀσθενείᾳ.
980 1476 998 1508 ι

393 1543 523 1602 Ὧδε
555 1548 985 1620 προδιεγράφετο
1027 1551 1087 1604 τὸ
1135 1551 1226 1604 τοῦ
1262 1552 1639 1622 βαπτίσματος
1687 1552 1899 1623 μυστή-

321 1658 463 1713 ριον,
520 1643 578 1694 ἐν
622 1634 667 1709 ᾧ
708 1642 816 1694 πᾶν
871 1636 1010 1704 εἶδος
1066 1643 1481 1713 ἁμαρτημάτων
1506 1640 1893 1714 ἐθεραπεύετο.

337 1732 443 1785 Ἐν
470 1732 713 1796 ταύταις
735 1734 1037 1787 κατέκειτο
1060 1733 1294 1801 πλῆθος
1323 1734 1505 1799 πολὺ,
1539 1733 1718 1788 καὶτὰ
1750 1733 1895 1803 ἑξῆς.

329 1825 680 1894 Ἐκπληκτος
714 1825 747 1894 ἡ
784 1825 1050 1896 καρτερία
1074 1825 1167 1879 τοῦ
1206 1825 1595 1896 παραλυτικοῦ·
1621 1825 1719 1894 ἐτη
1748 1842 1899 1896 τρια·

324 1914 638 1967 κονταοκτὼ
678 1910 814 1986 εἶχε,
850 1918 943 1969 καὶ
968 1916 1092 1970 καθ’
1124 1917 1353 1971 ἕκαστον
1383 1917 1625 1970 ἐνιαυτὸν
1655 1917 1900 1970 ἀπαλλαο

323 2004 590 2075 γήσεσθαι
616 2004 709 2057 τοῦ
744 2006 1050 2075 νοσήματος
1077 2005 1406 2076 ,προσδοκῶν
1437 2004 1774 2075 ὲνηδρεύετο,
1809 2003 1902 2056 καὶ⁸

325 2096 427 2149 οὐκ
472 2096 755 2165 ἀφίστατο·
802 2100 850 2150 εἰ
887 2097 993 2165 γὰρ
1021 2098 1088 2151 τὰ
1136 2096 1211 2168 μὴ
1249 2097 1608 2168 παρελθόντα,
1655 2097 1726 2148 τά
1770 2094 1902 2162 γοῦν

327 2186 595 2255 μέλλοντα
620 2187 719 2257 (5⁶)
750 2188 843 2257 οὐχ
867 2188 1026 2240 ἱκανά
1050 2183 1117 2259 ἦν
1150 2189 1313 2241 αὑτὸν
1353 2189 1661 2257 ἀπαγαγεῖν
1690 2186 1781 2240 τοῦ
1813 2186 1902 2239 τό·

333 2294 457 2339 που,
494 2277 608 2330 ἀλλ’
633 2278 780 2347 ὅμως
806 2279 905 2331 οὐκ
938 2279 1202 2332 ἀνέπεσεν
1238 2280 1359 2333 οὐδὲ
1398 2281 1643 2348 ἀπέγνω.
1681 2275 1901 2351 [Cum]

404 2384 424 2414 ι
458 2366 643 2429 Θέλεις
669 2366 827 2436 ὑγιὴς
863 2365 1114 2434 γενέσθαι
1142 2384 1157 2432 ;
1196 2387 1214 2419 ι

400 2457 511 2527 Οὐχ
544 2459 619 2521 ὡς
652 2458 861 2526 ἀγνοῶν
896 2461 1097 2530 ἐρωτᾷ,
1132 2460 1268 2512 ἀλλά
1296 2460 1585 2513 διανιστῶν
1617 2457 1778 2513 αὐτὸν
1827 2460 1905 2520 εἰς

330 2547 630 2618 ἐπιθυμίαν
663 2549 756 2602 τοῦ
798 2550 1218 2621 θεραπευθῆναι.
1253 2549 1475 2622 [Clum]

410 2680 429 2713 ‹
467 2662 524 2714 ’0
555 2662 611 2715 δὲ
648 2662 854 2732 Ἰησοῦς
887 2664 1223 2734 ἀπεκρίνατο
1254 2665 1457 2728 αὐτοῖς·
1488 2664 1549 2717 ὐ
1577 2664 1768 2733 Πατήρ
1805 2680 1906 2733 μου

331 2752 438 2816 ἓως
464 2754 587 2823 άρτι
616 2754 928 2823 ἐργάζεται,
964 2755 1120 2822 κάγὼ
1159 2756 1486 2825 ἐργάζομαι.
1524 2774 1541 2806 ι

420 2845 587 2917 Ἐμοῦ
622 2847 814 2917 μόνου,
846 2846 1019 2917 φησὶ,
1054 2848 1243 2919 Πατήρ
1276 2851 1393 2901 ἐστι
1415 2889 1429 2911 ,
1469 2848 1566 2902 καὶ
1596 2848 1696 2901 οὐκ
1724 2847 1906 2902 ἄλλου.

336 2942 416 2991 Δι’
448 2933 521 2991 ὧν
566 2939 888 3010 συγκρατῶν
917 2941 1017 3012 τὴν
1048 2942 1248 3006 κτίσιν,
1281 2942 1454 3011 ἥλιον,
1483 2940 1749 3014 οὐρανοὺς
1773 2981 1786 3001 ,
1817 2941 1912 2994 καὶ

338 3032 522 3099 αὔξειν
554 3033 720 3086 ποιῶν
751 3033 820 3086 τὰ
851 3030 1099 3103 σώματα,
1136 3034 1452 3104 ἐργάζεται.

1997 633 2269 697 turbabat,
2324 631 2546 687 curandi
2576 645 2793 700 quoque
2826 630 2931 683 vim
2973 631 3020 682 ei
3056 628 3424 697 imprimebat.
3482 627 3564 680 lu-

1996 731 2203 778 certum
2240 731 2419 776 autem
2472 736 2582 790 quo
2609 721 2697 775 die
2733 719 2956 787 angelus
3001 717 3382 772 descendebat.
3436 719 3569 772 Pcu-

2000 825 2229 870 tecostes
2256 813 2627 882 probabiliter,
2678 812 2772 866 sed
2825 811 3092 865 incertum
3123 818 3305 862 manet
3337 824 3568 877 quanam

1997 907 2153 961 hora.
2202 905 2467 960 Cancrum
2522 904 2573 957 id
2626 904 2794 973 ﬁgura
2847 909 2966 956 erat
3011 900 3187 954 cultus
3238 898 3444 967 legalis,
3482 915 3576 968 per
3640 968 3643 971 _

1996 998 2242 1066 angelum
2297 998 2389 1049 uni
2424 996 2687 1051 duntaxat
2715 992 2860 1064 genti
2916 1001 2970 1046 et
3015 1006 3123 1044 uno
3182 999 3388 1044 tantum
3435 1000 3571 1043 tem-
3620 976 3627 987 ’

1996 1102 2145 1155 pore,
2184 1088 2343 1156 idque
2375 1088 2428 1139 in
2466 1086 2571 1140 ﬁne
2604 1083 2966 1141 solemnitatis
2996 1081 3135 1146 dari,
3181 1080 3389 1134 ultimis
3420 1081 3569 1135 vide-

1998 1178 2125 1234 licet
2156 1180 2487 1248 temporibus
2514 1176 2799 1233 curatione
2844 1174 3179 1243 obtingente,
3232 1185 3404 1245 neque
3430 1171 3568 1226 ultra

1997 1286 2120 1327 sese
2154 1272 2504 1326 extendente.

2074 1362 2231 1417 Vsus.
2266 1364 2320 1417 5.
2375 1380 2394 1414 ι
2424 1362 2555 1416 Erat
2587 1368 2768 1414 autem
2796 1356 3016 1427 quidam
3048 1354 3212 1408 homo
3236 1352 3306 1406 ibi
3358 1352 3576 1423 triginta

1998 1465 2053 1509 et
2082 1464 2206 1509 octo
2242 1467 2416 1508 annos
2444 1452 2647 1507 habens
2683 1450 2736 1504 in
2775 1446 3091 1502 inﬁrmitate
3112 1459 3234 1499 sua.
3272 1461 3291 1495 ι

2070 1548 2162 1601 Sic
2194 1543 2627 1615 przesignabatur
2655 1539 3003 1610 baptismatis
3036 1535 3355 1607 mysterium
3395 1534 3446 1587 in
3472 1549 3578 1602 quo

1998 1637 2174 1694 omnis
2202 1646 2550 1705 peccatorum
2599 1633 2810 1701 species
2855 1638 3102 1684 sanatur.
3146 1626 3215 1681 In
3260 1627 3341 1678 his
3366 1625 3576 1694 jacebal

1999 1730 2282 1784 multitudo
2329 1743 2545 1796 magna.
2582 1733 2689 1780 etc.
2741 1718 3094 1775 Admirabilis
3128 1716 3413 1788 paralytici
3456 1731 3580 1769 con-

2003 1820 2224 1876 stantia.
2248 1817 2491 1888 Triginta
2513 1826 2567 1871 et
2594 1822 2714 1869 octo
2742 1825 2913 1865 annos
2957 1809 3214 1873 habebat,
3252 1818 3306 1863 et
3340 1815 3577 1876 quotan-

2002 1914 2087 1968 nis
2130 1926 2356 1981 sperans
2402 1922 2523 1963 sese
2573 1908 2637 1960 ab
2676 1902 2992 1958 inﬁrmitate
3032 1914 3132 1955 sua
3184 1899 3415 1953 solutum
3478 1897 3568 1959 iri,

2004 2004 2228 2059 sedebat
2258 2012 2314 2057 et
2349 2015 2453 2055 non
2493 1996 2798 2053 recedebat.
2823 1991 3082 2059 Quamvis
3129 1990 3273 2045 enim
3313 2002 3413 2043 nec
3443 2003 3583 2056 pra:-

2007 2097 2187 2159 terita,
2225 2110 2325 2149 nec
2359 2092 2522 2162 igitur
2556 2088 2738 2142 futura
2780 2100 2903 2139 eum
2952 2100 2982 2138 a
3027 2083 3147 2138 loco
3178 2082 3454 2136 dimovere
3486 2095 3579 2150 po-

2006 2194 2205 2249 terant,
2236 2200 2339 2238 non
2366 2183 2439 2236 illi
2473 2194 2651 2234 tamen
2681 2176 2880 2233 decidit
2917 2175 3130 2229 animus
3164 2186 3263 2227 nec
3292 2186 3437 2242 spes.

2090 2361 2250 2416 Vaas.
2284 2361 2337 2415 6.
2382 2378 2399 2411 ι
2432 2357 2523 2413 Vis
2562 2373 2726 2413 sanus
2754 2355 2914 2410 ﬁeri?
2946 2373 2966 2405 ι

2080 2451 2194 2505 Non
2222 2452 2474 2519 ignorans
2500 2449 2797 2517 interrogat
2825 2446 2918 2501 sed
2938 2446 3009 2514 λιιι
3044 2443 3479 2513 ipsumlinducat
3524 2442 3577 2494 in

2008 2542 2309 2598 sanationis
2338 2541 2690 2595 desiderium.

2080 2654 2246 2709 Vens.
2280 2654 2369 2708 17.
2438 2672 2454 2705 ι
2484 2652 2640 2707 Jesus
2692 2660 2872 2704 autem
2922 2647 3201 2717 respondit
3251 2648 3371 2701 eis:
3426 2642 3586 2699 Pater

2010 2763 2162 2805 meus
2194 2763 2363 2816 usque
2395 2747 2553 2799 modo
2584 2752 2859 2813 operatur,
2889 2749 2945 2795 et
2969 2754 3068 2809 ego
3102 2753 3316 2806 operor.
3349 2757 3367 2790 ι

2072 2839 2197 2902 Mei,
2246 2837 2440 2908 inquit,
2492 2832 2689 2890 solius"
2710 2833 2872 2888 Pater
2919 2841 3022 2894 est.
3072 2842 3128 2887 θῑ
3180 2845 3285 2884 ηοη
3317 2829 3583 2896 “uerius;

2011 2930 2263 2999 quocirca
2328 2928 2633 2981 universam
2695 2924 2977 2979 continens
3033 2930 3361 2984 creaturam,
3418 2921 3585 2975 solem

2012 3022 2343 3090 caduntque,
2420 3016 2846 3088 corporibusque
2904 3014 3241 3068 incrementa
3326 3012 3586 3081 suppedi-

2015 3115 2199 3179 tamlo,
2229 3119 2512 3181 operatur.

415 3230 432 3259 ε
474 3211 692 3281 Πατέρα
729 3210 859 3264 ἴδιον
888 3210 1042 3280 ἔλεγε
1074 3212 1167 3266 τὸν
1194 3212 1346 3275 Θεὸν,
1379 3213 1490 3266 ἴσον
1520 3213 1714 3266 ἑαυτὸν
1747 3213 1911 3266 ποιῶν

2087 3204 2255 3259 Vaas.
2291 3202 2379 3257 18.
2424 3219 2442 3253 ι
2475 3199 2691 3254 Patrem
2729 3212 2887 3254 suum
2937 3197 3155 3252 dicebat
3186 3196 3376 3261 Deum,
3406 3209 3590 3264 mqua—

338 3302 417 3372 τῷ
438 3301 577 3370 Θεῷ.
614 3321 632 3353 ι

423 3415 483 3465 Ὀ
514 3414 641 3476 Υἱὸς
679 3414 756 3484 τῷ
787 3416 963 3485 Πατρὶ
988 3415 1076 3468 διὰ
1096 3416 1254 3468 τοῦτο
1280 3416 1513 3486 μάλιστα
1544 3416 1762 3486 λέγεται
1787 3418 1920 3482 ἴσος,

341 3507 419 3569 ὡς
451 3506 754 3576 ὀμοούσιος.
789 3508 879 3560 Διὸ
908 3508 1303 3575 καταγέλαστοι
1328 3509 1377 3560 οἱ
1401 3508 1594 3579 ἄνομοι
1633 3510 1920 3580 Ἀρειανοὶ,

343 3600 395 3650 oi
429 3598 502 3669 μὴ
541 3598 786 3666 λέγοντες
818 3599 932 3652 ἴσον
964 3599 1054 3652 τὸν
1082 3599 1213 3652 Υἱδν
1238 3600 1317 3670 τῷ
1353 3601 1552 3671 Πατρί.

423 3791 443 3823 ε
486 3774 595 3825 Καὶ
622 3773 671 3825 οἱ
706 3771 1041 3836 ἀκούσαντες
1070 3773 1351 3844 ζήσονται.
1390 3794 1407 3826 ι

420 3860 483 3913 Ei
514 3862 609 3915 καὶ
634 3862 701 3914 τὰ
729 3862 865 3915 ἄλλα
900 3862 1013 3924 ζῶα
1042 3863 1110 3916 τά
1154 3862 1348 3931 λογικά
1377 3863 1570 3917 ἔλαδον
1608 3865 1776 3935 ζωὴν,
1809 3864 1922 3916 ἀλλ’

348 3953 409 4003 οὐ
453 3952 708 4007 δύνανται
751 3954 1055 4017 ζωοποιεῖν.
1109 3956 1173 4007 Οἱ
1218 3955 1275 4008 δὲ
1307 3955 1523 4009 ἄπιστοι
1568 3957 1661 4009 καὶ
1705 3956 1794 4009 διά
1828 3956 1925 4024 τῆς

350 4047 443 4108 εἰς’
460 4047 693 4117 Χριστὸν
727 4047 984 4110 πίστεως,
1012 4046 1336 4117 καλούμενοι
1366 4051 1444 4112 εἰς
1473 4049 1638 4118 ζωήν.

433 4265 450 4293 ε
490 4246 596 4297 Καὶ
628 4246 1048 4315 ἐκπορεύσονται
1077 4246 1126 4298 οἱ
1158 4246 1227 4298 τὰ
1256 4246 1437 4315 ἀγαθά
1469 4249 1814 4318 ποιήσαντες,
1847 4252 1927 4310 εἰς

356 4334 648 4387 ἀνάστασιν
675 4335 841 4405 ζωῆςο
867 4338 916 4388 οἱ
941 4336 997 4389 δὲ
1027 4336 1095 4389 τὰ
1121 4336 1300 4405 φαῦλα
1331 4337 1655 4408 πράξαντες,
1693 4342 1773 4403 εἰς
1802 4342 1927 4393 ἀνά-

357 4443 545 4479 στασιν
569 4427 823 4496 κρίσεως.
855 4450 873 4480 ι

427 4518 589 4572 ’Ὥστε
621 4521 720 4573 οὐκ
752 4523 915 4591 ἀρκεῖ
956 4524 987 4593 ἡ
1023 4522 1203 4587 πίστις
1236 4526 1371 4594 μόνη
1415 4524 1607 4588 σῶσαι,
1642 4525 1689 4577 εἰ
1728 4525 1801 4595 μὴ
1835 4526 1927 4579 καὶ
1960 4546 2004 4601 ι)

355 4610 493 4679 ἔργα
520 4629 602 4675 τις
635 4612 746 4683 ἔχει
780 4615 977 4681 ἀγαθά.
1014 4614 1239 4687 [Clum]

433 4745 448 4773 ι
482 4725 559 4777 Οὐ
590 4724 826 4796 δύναμαι
862 4727 974 4795 ἐγὼ
1025 4731 1196 4781 ποιεῖν
1234 4729 1327 4781 ἀπ’
1360 4727 1494 4799 ἐμοῦ
1517 4729 1686 4782 οὐδέν.
1731 4749 1748 4780 ι

428 4906 841 4973 Συγκαιιαὸάσει
887 4909 1047 4959 πάλιν
1082 4908 1350 4977 κέχρηται
1382 4908 1471 4961 διὰ
1512 4910 1637 4969 τοὺς
1670 4907 1929 4970 ἀπίστους

361 4996 481 5047 ἀντὶ
518 4996 633 5060 τοῦ,
678 4999 843 5051 Οὐδὲν
888 5001 1097 5066 γίνεται
1142 5001 1271 5071 παρ’
1318 4999 1456 5070 ἐμοῦ
1500 4992 1577 5052 ὧν
1625 5000 1685 5050 οὐ
1723 4999 1865 5052 θέλει
1902 5002 1930 5053 ὁ

323 5086 573 5211 χΠατὴρ,
612 5088 797 5155 ἐπειδὴ
816 5091 918 5142 οὐκ
952 5091 1096 5143 ἔστιν
1126 5094 1182 5143 ἐν
1219 5094 1284 5161 τῇ
1314 5092 1506 5160 Τριάδι
1528 5089 1655 5144 ἄλλο
1680 5092 1773 5143 καί
1804 5090 1931 5145 ἄλλο

360 5178 570 5211 μὲἱεκηη
620 5179 733 5211 ᾹῚ3’
765 5179 823 5211 Ἅι.
885 5181 1193 5211 ’Δρηληρ--.ι
1231 5186 1255 5211 Α
1303 5182 1459 5211 Ἱλαιλρ
1502 5181 1890 5211 -.ι-...κφτνρρηο

336 5178 596 5249 ξθέλημα,
619 5179 733 5231 ἀλλ’
765 5179 844 5231 ἓν.
885 5181 1193 5233 Ἀσθένειαν
1230 5186 1257 5235 ὁ
1303 5182 1459 5250 λόγος
1501 5181 1929 5251 σχηματίζεται,

338 5272 475 5384 ὶίχει
515 5269 571 5322 δὲ
593 5270 689 5338 οὐχ
728 5270 1042 5324 οὖτωτκατ’
1082 5276 1360 5343 ἀλήθειαν,
1397 5277 1628 5346 ἐπείπερ
1670 5278 1782 5337 ἴσος
1818 5277 1933 5328 ἐστὶ

364 5361 432 5384 -.¹”⁸.
479 5360 648 5384 Π..--¹.
738 5363 779 5384 ,Σ
809 5364 891 5384 -.μὶ
936 5362 958 5384 ,⁸
992 5381 1004 5384 -
1046 5366 1068 5384 2'.
1108 5364 1132 5384 Λ
1156 5382 1163 5384 μ
1273 5383 1276 5384 ,
1371 5369 1382 5384 ν
1443 5368 1454 5384 \
1540 5368 1551 5382 1
1872 5366 1883 5379 ‘

341 5360 439 5430 ῗτῷ
479 5360 654 5431 Πατρὶ
676 5401 689 5422 ,
734 5363 781 5413 εἰ
808 5364 901 5413 καί.
932 5362 1004 5423 ὡς
1040 5364 1320 5433 ἄνθρωπος
1363 5368 1466 5419 ὑπὸ
1495 5368 1660 5435 νόμον
1698 5366 1933 5435 γεγονὼς

363 5472 532 5508 Ατλει.

438 5586 456 5617 ‹
503 5567 691 5637 Ὑμεῖς
719 5568 1096 5622 ἀπεστάλκατε
1124 5569 1257 5639 πρὸς
1300 5570 1570 5640 Ἰωάννην·
1602 5572 1692 5625 καὶ
1722 5588 1934 5642 μεμαρ-

368 5656 567 5729 τύρηκε
597 5662 661 5732 τῇ
689 5659 933 5730 ἀληθείᾳ.
972 5678 991 5710 ι

441 5840 539 5913 (5')
572 5838 667 5897 llic
690 5840 835 5897 locus
867 5856 1087 5896 mancus
1118 5856 1235 5897 csse
1264 5839 1490 5895 videtur.

2022 3300 2126 3353 lem
2160 3312 2219 3349 se
2243 3294 2455 3349 faciens
2486 3292 2615 3347 Deo.
2651 3310 2669 3343 ι

2092 3407 2258 3462 Filius
2323 3405 2529 3460 idcirco
2592 3403 2827 3456 maxime
2879 3399 3026 3454 Patri
3081 3401 3303 3469 aequalis
3370 3399 3588 3461 dicitur,

2024 3501 2146 3569 quia
2177 3500 2224 3553 ei
2258 3508 2340 3553 est
2366 3494 2865 3551 consubstantialis.
2895 3493 3237 3561 Quapropter
3259 3492 3583 3547 exsibilaudi

2024 3601 2150 3647 sunt
2200 3589 2346 3658 impii
2394 3588 2601 3651 Ariani.
2662 3585 2805 3656 qttod
2856 3584 3051 3638 Filium
3107 3583 3254 3638 Patri
3319 3584 3581 3653 arqualcm

2029 3690 2240 3752 negent.

2100 3773 2261 3828 Vens.
2289 3773 2381 3828 ‘25.
2422 3791 2438 3822 ι
2476 3771 2540 3824 Et
2570 3770 2661 3840 qui
2701 3766 2989 3831 audierint,
3023 3768 3225 3820 vivent.
3261 3783 3277 3813 ι

2100 3865 2337 3920 Tametsi
2372 3865 2535 3917 etiam
2572 3861 2672 3914 alia
2722 3860 2931 3913 ratione
2973 3858 3193 3927 praedita
3236 3853 3487 3909 animalia
3518 3854 3599 3906 vi-

2030 3968 2135 4010 tam
2171 3958 2499 4024 acceperint,
2559 3953 2833 4007 viviﬁcarc
2885 3960 3062 4004 tamen
3117 3948 3340 4002 minime
3388 3947 3590 4000 valent.

2028 4050 2274 4105 inﬁdeles
2310 4058 2486 4103 autem
2535 4062 2631 4115 per
2686 4044 2843 4098 ﬁdem
2892 4044 2943 4097 in
2997 4043 3274 4098 Christum
3330 4040 3407 4092 ad
3432 4038 3595 4092 vitam

2030 4157 2240 4213 quoque
2281 4152 2620 4197 remeantur.

2106 4254 2264 4308 Vnus.
2295 4251 2387 4308 29.
2447 4270 2465 4303 ι
2496 4252 2560 4307 Ει
2594 4254 2886 4321 precedent
2918 4247 3010 4317 qui
3044 4247 3183 4301 bona
3218 4244 3482 4305 fecerunt.
3535 4241 3590 4294 in

2030 4345 2481 4399 resurrectionem
2530 4344 2689 4399 vitae:
2749 4344 2839 4413 qui
2892 4354 3016 4395 vero
3064 4338 3203 4392 mala
3260 4343 3509 4404 egerunt,
3547 4333 3599 4387 in

2029 4435 2480 4490 resurrectionem
2510 4434 2718 4505 judicii.
2756 4454 2775 4487 ι

2108 4527 2199 4581 Sic
2221 4541 2328 4581 non
2376 4526 2573 4581 sufﬁcit
2618 4528 2684 4579 ad
2736 4532 2961 4579 salutent
3014 4521 3126 4576 sola
3173 4517 3326 4581 ﬁdes,
3376 4518 3419 4571 si
3458 4516 3599 4570 bona

2028 4632 2190 4689 npcra
2226 4618 2391 4671 etiam
2434 4631 2535 4670 non
2569 4616 2748 4672 habet.

2100 4726 2264 4783 Vens.
2297 4728 2390 4781 30.
2451 4744 2471 4777 ι
2504 4723 2619 4781 Non
2670 4739 2886 4796 possum
2937 4736 3035 4791 ego
3089 4736 3118 4772 a
3170 4716 3374 4783 meipso
3425 4713 3604 4769 facere

2034 4819 2345 4889 quidquam.
2378 4837 2396 4868 ι

2107 4903 2205 4959 llic
2237 4906 2429 4959 iterum
2464 4905 2865 4974 dispensatione
2896 4918 3023 4957 usus
3053 4909 3135 4955 est
3163 4907 3378 4968 propter
3408 4893 3601 4949 inﬁde-

2038 4997 2136 5062 les,
2182 5012 2247 5052 :tc
2297 5000 2340 5050 si
2389 5000 2575 5053 dicat:
2634 4998 2773 5053 Nihil
2813 5000 2871 5052 lit
2904 5014 2932 5051 a
2965 5013 3069 5062 me,
3122 4996 3265 5064 quod
3302 5008 3404 5046 non
3441 4992 3601 5046 etiam

2037 5087 2163 5142 velit
2214 5088 2417 5153 Pater;
2470 5091 2909 5158 quandoquidem
2953 5088 3005 5140 in
3060 5085 3325 5139 ’l‘riuitate
3376 5096 3482 5136 non
3536 5084 3606 5135 sit

2036 5179 2137 5234 alia
2176 5190 2337 5249 atque
2369 5181 2469 5235 alia
2504 5182 2769 5246 voluntas,
2799 5184 2892 5235 sed
2927 5180 3109 5234 unica.
3164 5176 3357 5231 Sermo
3386 5174 3602 5245 quidem

2036 5270 2125 5324 ille
2148 5271 2517 5325 inﬁrmitatem
2544 5288 2651 5341 prae
2680 5286 2739 5327 se
2769 5271 2895 5335 fert,
2928 5284 3114 5324 verum
3146 5267 3289 5321 nulla
3321 5265 3369 5319 ci
3401 5263 3602 5325 subest,

2036 5378 2156 5416 cum
2190 5363 2334 5417 Patri
2365 5364 2435 5417 sit
2482 5364 2723 5433 aequalis.
2761 5366 2863 5419 etsi
2909 5364 3161 5433 loquatur
3201 5369 3259 5414 ut
3304 5360 3462 5414 homo
3510 5360 3605 5413 sub

1996 5464 1999 5467 '
2037 5453 2152 5523 lege
2183 5456 2523 5511 constitutus.

2114 5569 2271 5623 Vens.
2304 5570 2392 5624 55.
2450 5588 2467 5621 ι
2502 5571 2607 5623 Vos
2639 5569 2858 5624 misistis
2888 5568 2953 5622 ad
2991 5581 3252 5623 Joannem
3285 5581 3298 5619 :
3353 5572 3406 5616 et
3460 5559 3606 5613 testi-

2045 5667 2284 5720 monium
2321 5665 2590 5736 perhibuit
2620 5666 2851 5721 veritati.
2888 5684 2905 5715 ι
