4130 6526
631 422 759 495 1431

700 542 920 599 Joannis
946 542 1315 598 testimonium
1348 542 1492 597 omni
1524 542 1831 612 suspicione
1857 553 2012 600 vacat
2041 562 2054 597 :
2093 558 2197 598 non
2228 544 2273 601 Α

629 631 771 692 enim
807 630 920 701 ipse
949 645 1010 687 se
1036 633 1102 685 ad
1136 630 1262 686 illud
1293 631 1683 701 perhibendum
1718 632 1964 702 ingessit.

700 720 862 776 Vsus.
892 721 982 776 55.
1042 740 1061 775 ι
1091 720 1183 776 llle
1214 728 1333 776 erat
1366 721 1583 777 lucerna
1615 722 1830 787 ardens,
1883 734 1939 778 et
1969 725 2152 780 lucens
2180 740 2195 780 :

625 828 724 870 vos
763 822 945 868 autem
999 812 1246 868 voluistis
1300 814 1367 868 ad
1418 813 1603 867 horam
1656 814 1932 871 exsultare
1979 815 2032 868 in
2080 814 2199 868 luce

627 904 765 972 ejus.
801 921 821 957 ι

693 996 936 1051 Lucerna
965 1001 1049 1050 est
1072 995 1310 1057 Joannes
1337 995 1388 1050 in
1413 996 1604 1052 ordine
1626 998 1690 1051 ad
1711 997 1950 1065 politiam
1972 996 2197 1064 Christi,

625 1086 718 1154 qui
765 1085 846 1140 sol
892 1093 994 1140 est.
1031 1085 1266 1141 Lucebat
1308 1086 1524 1157 quidem
1554 1086 1811 1152 Joannes,
1843 1090 1937 1145 sed
1970 1105 2081 1158 prae
2113 1091 2195 1143 ni-

628 1177 737 1230 mio
769 1177 962 1232 solaris
994 1175 1209 1245 jubaris
1244 1176 1447 1245 fulgore
1496 1175 1598 1232 fuit
1629 1176 1964 1233 obfuscatus.
2015 1178 2106 1233 Sic
2142 1179 2196 1233 in

625 1266 1038 1335 regeneratione
1075 1265 1156 1319 sol
1187 1264 1403 1333 quidem
1431 1276 1486 1321 et
1513 1266 1637 1325 luna
1668 1266 1970 1338 fulgebunt,
2008 1284 2196 1323 verum

623 1356 762 1415 adeo
804 1364 1117 1411 sanctorum
1149 1355 1286 1415 lueis
1314 1356 1483 1433 gloria
1520 1360 1942 1426 superabuntur,
1995 1370 2052 1416 ut
2096 1369 2198 1417 nec

623 1446 848 1502 omnino
878 1446 1057 1500 lucere
1086 1446 1388 1502 videantur.
1428 1444 1689 1502 Joannem
1717 1459 1895 1504 autem
1923 1450 2194 1506 lucernam

626 1534 941 1600 nominavit,
978 1544 1034 1589 ut
1079 1535 1168 1605 qni
1205 1550 1310 1589 non
1359 1551 1388 1588 a
1435 1550 1514 1600 se,
1564 1538 1657 1591 sed
1688 1552 1717 1591 a
1749 1536 1983 1607 Spiritus
2026 1540 2195 1608 gratia

625 1626 800 1685 lucem
838 1625 1057 1689 habeat,
1086 1626 1335 1696 quodque
1386 1634 1580 1681 exorto
1626 1626 1757 1691 sole,
1793 1627 2095 1697 superﬂuus
2127 1629 2198 1684 sit

623 1715 859 1773 lucerna:
888 1729 1039 1781 usus,

695 1898 861 1953 Vens.
891 1898 983 1958 36.
1038 1917 1057 1951 ι
1084 1895 1257 1968 Opera
1289 1898 1434 1954 enim
1463 1912 1583 1969 quae
1615 1897 1764 1953 dedit
1792 1897 1923 1952 mihi
1958 1898 2133 1953 Pater.
2170 1916 2188 1953 ι

697 1990 874 2046 Patris
902 1990 1321 2059 beneplacitum,
1340 2004 1405 2046 ac
1424 2004 1772 2056 consensum,
1790 1990 1988 2044 donum
2014 2000 2189 2046 vocat.

625 2084 721 2149 Vel
757 2083 861 2137 hoc
888 2082 1038 2147 dicit,
1072 2092 1290 2152 propter
1322 2081 1545 2152 ﬁgurant
1578 2081 1955 2137 humanitatis.

700 2173 859 2236 Vens.
886 2174 977 2229 58.
1021 2192 1039 2225 ι
1068 2174 1136 2227 Ει
1163 2175 1387 2227 verbum
1419 2172 1535 2240 ejus
1564 2187 1673 2229 non
1708 2172 1920 2227 habetis
1956 2172 2009 2226 in
2039 2171 2193 2227 vobis

621 2279 895 2329 manens:
954 2264 1078 2335 quia
1139 2279 1300 2335 quem
1357 2264 1508 2317 misit
1564 2263 1675 2327 ille,
1734 2263 1861 2319 huic
1926 2277 2024 2317 vos
2086 2278 2189 2317 non

619 2355 863 2427 creditis.
893 2373 914 2407 ι

692 2447 879 2519 Neque
904 2448 1205 2518 prophetis,
1232 2446 1426 2516 inquit,
1454 2461 1554 2502 nec
1581 2446 1695 2501 voci
1722 2461 1955 2515 superne
1976 2446 2186 2511 delatae,

621 2552 796 2609 neque
845 2537 1227 2593 miraculorum
1277 2537 1566 2606 patrationi
1626 2536 1783 2591 [idem
1843 2536 2184 2591 adhibuistis.

619 2629 979 2698 Simplicioris
1018 2640 1201 2683 autem
1233 2630 1434 2682 mentis
1470 2628 1563 2692 sit,
1609 2628 1790 2683 dicere
1817 2628 2079 2698 quosdam
2109 2630 2187 2683 vi-

617 2721 763 2776 disse
811 2719 999 2776 Deum.
1036 2718 1103 2781 Hi
1131 2726 1258 2780 sunt
1290 2718 1385 2788 qui
1420 2734 1593 2787 neque
1631 2719 1867 2789 speciem
1899 2719 2075 2774 Patris
2108 2720 2185 2773 vi-

615 2815 832 2876 derunt,
851 2824 1027 2880 neque
1056 2823 1240 2864 vocem
1262 2811 1379 2880 ejus
1401 2810 1746 2872 audiverunt,
1773 2826 1876 2880 neq
1887 2824 1948 2864 ,ιε
1966 2810 2186 2865 Christo

613 2904 845 2967 credunt
869 2904 959 2973 qui
985 2911 1070 2960 est
1093 2900 1330 2958 Verbum
1357 2902 1556 2969 Patris,
1583 2918 1646 2956 ac
1668 2918 1792 2957 vera
1815 2900 1932 2971 ejus
1960 2902 2183 2974 efﬁgies.

683 3081 847 3137 Vens.
870 3082 960 3137 40.
999 3100 1018 3134 ι
1046 3081 1115 3137 Et
1147 3096 1253 3136 non
1288 3081 1448 3137 vultis
1476 3082 1662 3137 venire
1691 3084 1757 3137 ad
1790 3096 1893 3147 me,
1929 3091 1988 3136 ut
2014 3084 2178 3139 vitam

610 3173 874 3239 habeatis.
906 3190 927 3225 δ
972 3194 983 3205 κ

681 3259 919 3316 Tametsi
948 3261 1166 3316 Iudaeos
1194 3262 1435 3323 doctrina
1480 3278 1579 3318 sua
1605 3262 1856 3319 Christus
1889 3280 2180 3335 persuasos

606 3352 758 3418 velit,
792 3353 1139 3415 nihilominus
1170 3355 1390 3408 minime
1418 3357 1567 3427 cogit
1607 3357 1931 3412 libertatem.

684 3441 844 3508 Vens.
875 3444 968 3499 45.
1026 3462 1046 3497 ι
1078 3444 1191 3514 Ego
1238 3446 1357 3501 veni
1408 3446 1459 3499 iu
1496 3449 1712 3505 nomine
1756 3447 1936 3505 Patris
1965 3452 2092 3518 mei,
2124 3460 2176 3506 et

609 3550 718 3590 non
764 3535 1007 3603 accipitis
1040 3550 1166 3588 me:
1217 3536 1262 3590 si
1295 3536 1429 3591 alius
1465 3539 1669 3596 tenerit
1707 3542 1758 3594 in
1808 3541 2025 3597 nomine
2053 3557 2175 3607 suo.

605 3629 757 3695 illum
787 3626 1083 3699 accipietis.
1115 3645 1134 3678 ι

675 3720 790 3775 Etsi
825 3720 1103 3789 prtesciret
1134 3720 1199 3775 iis
1230 3735 1332 3776 non
1364 3736 1682 3791 persuasum
1713 3723 1800 3788 iri,
1832 3722 2068 3780 attamen
2117 3735 2176 3780 ut

604 3811 748 3869 Deus
775 3822 957 3881 partes
1008 3824 1136 3864 suas
1167 3812 1300 3882 agit.
1352 3812 1679 3882 increpando
1730 3826 1785 3871 et
1836 3817 2170 3872 instruendo.

600 3902 970 3971 Auticbrislus
1012 3900 1238 3972 gloriam
1286 3902 1409 3958 vita:
1457 3918 1569 3972 prae
1594 3920 1652 3960 se
1678 3903 1804 3969 fert,
1835 3906 2038 3963 idcirco
2071 3907 2171 3978 ipsi

602 3998 842 4061 creditis-

674 4090 843 4145 Vsus.
876 4089 968 4143 45.
1025 4109 1044 4142 ι
1076 4090 1173 4145 Est
1198 4090 1288 4159 qui
1316 4100 1536 4147 accusat
1567 4106 1666 4147 vos
1703 4091 1938 4163 Moyses,
1974 4093 2025 4146 in
2066 4108 2172 4162 quo

600 4197 698 4241 vos
735 4183 983 4259 speratis.
1014 4198 1034 4232 ι

672 4273 1030 4343 Conscriptus
1065 4275 1176 4344 jam
1209 4292 1239 4332 a
1262 4275 1443 4349 Moyse
1465 4288 1654 4340 contra
1684 4292 1778 4332 vos
1824 4276 2033 4332 libellus
2075 4292 2168 4332 ac-

601 4365 918 4431 cusationis,
944 4368 1059 4435 qui,
1100 4370 1245 4439 quod
1296 4371 1434 4439 apud
1468 4385 1561 4425 vos
1604 4371 1760 4423 tidem
1791 4385 1896 4429 non
1944 4371 2165 4424 invene-

598 4455 691 4533 rit,
726 4471 819 4519 vos
845 4460 1138 4530 accusabit.

1235 4595 1385 4649 CAP.
1435 4597 1518 4651 γι.

671 4726 829 4782 Vens.
882 4728 968 4783 10.
1028 4730 1221 4793 ιῡὶλίι
1260 4746 1390 4799 ergo
1436 4732 1593 4789 .lesus
1640 4752 1651 4786 :
1699 4732 1881 4788 lt‘acile
1920 4732 2164 4787 homines

593 4820 960 4883 discumbere.
1012 4821 1142 4876 Erat
1192 4832 1370 4879 autem
1424 4825 1601 4878 I'ennm
1646 4824 1873 4880 multum
1918 4824 1970 4878 in
2022 4824 2162 4878 loco.

594 4911 1001 4966 Discubuerunt
1071 4928 1200 4982 ergo
1266 4916 1369 4969 viri
1423 4931 1651 4970 numero
1717 4915 1873 4984 quasi
1926 4916 2166 4985 quinque

593 5002 781 5056 millia.
813 5020 833 5052 ι

664 5092 822 5148 Solos
869 5093 1016 5149 viros
1070 5104 1368 5165 computat,
1411 5100 1565 5164 juxta
1620 5100 1752 5169 legis
1810 5101 2162 5157 consuetudi-

591 5201 736 5250 nem,
778 5185 869 5256 qui
904 5187 1153 5246 videlicet
1196 5189 1329 5242 nihil
1382 5191 1591 5259 puerilc
1622 5192 1707 5246 vel
1756 5192 2020 5249 muliebre
2068 5194 2163 5247 ba-

593 5278 779 5341 heaut,
812 5276 908 5341 sed
935 5279 1220 5347 prudentia
1256 5281 1495 5350 vigeant.
1521 5297 1659 5351 quos
1704 5284 1873 5337 nutrit
1898 5299 2039 5354 pane
2068 5300 2163 5339 cor

591 5368 973 5431 conﬁrmante,
1003 5383 1067 5425 ac
1092 5370 1457 5431 delectatione
1486 5373 1844 5432 relocillante.

672 5543 835 5600 Vens.
876 5545 962 5599 Η.
1010 5565 1031 5597 ι
1066 5546 1290 5615 Accepit
1334 5564 1463 5618 ergo
1492 5549 1650 5606 .lesus
1686 5568 1851 5621 panes
1881 5572 1894 5607 :
1930 5564 2004 5619 et,
2039 5570 2160 5611 cum

588 5630 797 5720 gratias
820 5637 1043 5707 egisset,
1076 5640 1353 5696 distribuit
1380 5642 1869 5705 discuntbeutihus.
1910 5664 1929 5698 ι

672 5814 877 5884 idcirco
909 5828 1085 5872 autem
1117 5820 1322 5896 gratias
1357 5821 1487 5893 agit,
1531 5837 1598 5877 ne
1628 5824 1735 5903 Deo
1766 5825 2042 5903 adversari
2080 5830 2154 5882 vi.

1758 424 2096 486 AMMONII
2138 425 2667 486 ALEXANDRINI

3749 422 3870 490 1439.

2385 545 2718 608 Ἀνύποπτός
2748 545 2898 598 ἐστὶν
2944 546 2977 615 ἡ
3016 540 3293 613 μαρτυρίαι
3350 539 3638 593 Ἰωάννου·
3668 539 3729 591 οὗ
3772 541 3869 609 γὰρ

2304 638 2632 708 αὐτόκλητος
2667 636 3011 707 προσέδραμε
3040 637 3109 707 τῇ
3144 632 3438 705 μαρτυρίᾳ.
3552 682 3557 689 .

2378 749 2396 781 ι
2450 728 2687 793 Ἐκεῖνος
2715 724 2786 799 ἦν
2817 731 2846 782 6
2887 728 3079 798 λύχνος
3109 729 3137 780 6
3172 725 3481 794 καιόμενος,
3512 722 3617 777 καὶ
3655 723 3870 792 φαίνων·

2301 822 2461 892 ὑμεῖς
2493 822 2551 876 δὲ
2579 820 2881 892 ἠθελήσατε
2908 817 3336 889 ἀγαλλιασθῆναι
3364 816 3500 887 πρὸς
3525 815 3683 887 ὥραν
3716 815 3775 867 ὲν
3802 814 3873 885 τῷ

2301 913 2440 983 φωτὶ
2469 911 2656 968 αὐτοῦ.
2696 931 2715 964 ι

2370 1004 2578 1075 Λύχνος
2606 1005 2754 1059 ἐστὶν
2791 1004 3045 1073 Ἰωάννης
3074 1003 3211 1071 πρὸς
3238 1002 3337 1073 τὴν
3367 999 3462 1054 τοῦ
3495 998 3745 1069 Χριστοῦ
3783 1015 3874 1052 ποο

2299 1092 2524 1158 λιτείαν,
2556 1094 2614 1158 ὃς
2639 1094 2787 1147 ἐστιν
2818 1094 2989 1164 ἥλιος.
3019 1093 3229 1146 Φαίνων
3259 1092 3358 1163 μὲν
3394 1093 3422 1145 6
3460 1090 3875 1165 ‘devvqc,_xa-

2298 1184 2633 1256 λυπτόμενος
2661 1186 2718 1239 δὲ
2745 1189 2813 1257 τῇ
2844 1186 3117 1257 ὑπερσολῇ
3146 1186 3250 1255 τῆς
3274 1184 3433 1255 δόξης
3457 1183 3551 1237 τοῦ
3579 1182 3766 1251 φωτὸς
3788 1181 3875 1236 τοῦ

2299 1276 2549 1346 ἡλιακοῦ.
2584 1278 2775 1343 Οὕτως
2807 1280 2915 1350 γὰρ
2944 1281 2973 1333 6
3018 1278 3169 1341 ἥλιος
3208 1278 3302 1330 καὶ
3328 1275 3545 1345 σελήνη,
3583 1277 3646 1327 ὲν
3674 1276 3743 1345 τῇ
3775 1292 3875 1328 πι-

2296 1366 2612 1441 λιγγενεσίᾳ
2636 1370 2862 1440 φανοῦσι
2892 1370 3011 1440 μὲν,
3046 1369 3151 1423 ὑπὸ
3175 1368 3232 1421 δὲ
3259 1368 3360 1437 τῆς
3381 1368 3539 1439 δόξης
3571 1366 3671 1420 τοῦ
3706 1368 3877 1434 φωτδς

2297 1460 2405 1513 τῶν
2450 1460 2624 1527 ἁγίων
2670 1460 2926 1515 τοσοῦτον
2976 1458 3483 1531 κατακρατούμενοι
3505 1498 3521 1524 ,
3574 1458 3657 1521 ὡς
3705 1457 3875 1511 δοκεῖν

2301 1555 2439 1629 μῄτε
2480 1554 2618 1616 ὅλως
2649 1554 2907 1623 λάμπειν.
2941 1554 3147 1624 Δύχνον
3180 1553 3235 1607 δὲ
3275 1550 3428 1605 εἶπεν
3460 1551 3549 1604 τὸν
3600 1551 3871 1618 Ἰωάννην,

2297 1646 2373 1710 ὼς
2402 1646 2502 1699 οὐκ
2546 1646 2756 1700 οἴκοθεν
2799 1646 2988 1716 ἔχοντα
3025 1646 3087 1699 τὸ
3136 1645 3289 1715 φῶς,
3323 1643 3439 1697 ἀλλ’
3474 1642 3583 1697 ἀπὸ
3632 1641 3739 1713 τῆς
3783 1641 3870 1694 τοῦ

2298 1738 2616 1809 Πνεύματος
2661 1740 2922 1810 χάριτος,
2978 1736 3073 1791 καὶ
3117 1738 3199 1791 ὄτι
3245 1737 3401 1808 ἡλίου
3451 1735 3868 1796 ἀνατείλαντος,

2224 1849 2269 1908 Β
2297 1830 2527 1901 περιττὴ
2555 1832 2588 1901 ἡ
2624 1830 2718 1883 τοῦ
2743 1831 2940 1901 λύχνου
2970 1828 3149 1901 χρεία.

2372 1939 2390 1972 ι
2430 1921 2513 1973 Τά
2543 1920 2651 1991 γὰρ
2682 1921 2819 1992 ἔργα
2850 1921 2886 1975 ἃ
2911 1921 3079 1974 ἐδωκέ
3109 1936 3199 1991 μοι
3229 1922 3257 1973 6
3284 1920 3498 1989 Πατήρ.
3541 1937 3558 1969 ι

2365 2011 2478 2082 Τὴν
2519 2013 2613 2066 τοῦ
2656 2012 2870 2084 Πατρὸς
2909 2011 3178 2076 εὐδοκίαν,
3207 2012 3300 2065 καὶ
3333 2010 3567 2076 σύνεσιν,
3609 2012 3762 2066 δόσιν
3790 2014 3868 2069 λέ-

2293 2118 2401 2170 γει.
2438 2104 2508 2155 Ἦ
2528 2103 2686 2157 τοῦτό
2714 2119 2867 2172 φησι,
2894 2102 2985 2156 διὰ
3006 2101 3068 2155 τὺ
3092 2105 3191 2172 τῆς
3214 2102 3638 2173 ἀνθρωπότητος
3667 2107 3865 2174 σχῆμα.

2370 2214 2388 2248 ι
2431 2196 2543 2250 Καὶ
2566 2196 2658 2249 τὸν
2684 2195 2842 2264 λόγον
2870 2195 3036 2249 αὐτοῦ
3064 2196 3163 2248 οὐκ
3186 2196 3338 2266 ἔχετε
3370 2195 3603 2266 μένοντα
3642 2197 3705 2251 ὲν
3726 2198 3866 2267 ὑμῖν⁸

2291 2289 2374 2343 ὅτι
2424 2289 2483 2342 ὃν
2539 2290 2859 2345 ἀπέστειλεν
2912 2290 3152 2355 ἐκεῖνος,
3213 2288 3387 2360 τούτῳ
3438 2291 3597 2361 ὑμεῖς
3665 2292 3729 2344 ού
3783 2310 3866 2344 m-

2294 2380 2533 2437 στεύετε.
2572 2398 2590 2431 ι

2363 2468 2501 2521 Οὔτε
2542 2470 2656 2533 τοῖς
2689 2469 3013 2539 προφήταις,
3049 2469 3232 2537 φησὶν,
3263 2468 3386 2521 οὔτε
3415 2472 3481 2538 τῇ
3514 2468 3727 2523 ἄνωθεν
3758 2470 3867 2522 ἑνε-

2290 2558 2480 2629 χοείση
2508 2561 2678 2630 φωνῇ,
2703 2557 2827 2612 οὒτε
2856 2562 2921 2629 τῇ
2950 2558 3059 2611 τῶν
3083 2559 3423 2630 πραγμάτων
3447 2559 3866 2639 θαυματουργία

2291 2648 2667 2707 ἐπιστεύσατε.
2709 2649 3107 2721 Ἀπλουστέρας
3150 2650 3260 2721 γάρ
3288 2651 3404 2704 ἐστι
3433 2650 3667 2723 γνώμης
3694 2651 3755 2704 τδ
3786 2652 3865 2704 λέ-

2291 2758 2428 2809 γειν,
2458 2742 2540 2794 ὃτι
2572 2742 2719 2804 τινὲς
2748 2741 3027 2812 ἑωράκασι
3055 2741 3208 2802 Θεόν.
3255 2734 3414 2799 Οὗτοί
3444 2743 3604 2803 εἰσιν,
3648 2744 3699 2795 οε
3733 2743 3864 2811 μήτε

2291 2829 2427 2895 εἶδος
2478 2831 2574 2885 τοῦ
2617 2832 2828 2901 Πατρδς
2880 2833 3220 2903 ἑωρακότες,
3274 2835 3410 2904 μήτε
3457 2834 3650 2903 φωνῆς
3701 2833 3860 2887 αὑτοῦ

2289 2925 2608 2994 ἀκηκοότες,
2654 2926 2702 2977 οἱ
2734 2925 2810 2996 μὴ
2839 2925 3230 2987 πιστεύσαντες
3251 2925 3330 2995 τῷ
3364 2925 3610 2996 Χριστῷ.
3650 2927 3712 2989 ὃς
3744 2928 3856 2984 ἑστι

2288 3013 2460 3082 Λόγος
2488 3014 2583 3068 τοῦ
2616 3014 2847 3085 Πατρὸς,
2881 3017 2973 3068 καὶ
3004 3016 3063 3068 τὸ
3097 2996 3295 3086 ἇληθὲς
3317 3016 3483 3069 αὐτοῦ
3516 3013 3678 3080 εἶδος.

2368 3125 2385 3157 ι
2425 3106 2533 3160 Καὶ
2561 3107 2619 3160 οὐ
2647 3106 2829 3167 θέλετε
2854 3107 3027 3160 ἐλθεῖν
3051 3107 3187 3178 πρός
3216 3124 3307 3178 με,
3336 3108 3425 3162 ἴνα
3454 3109 3599 3179 ζωὴν
3630 3109 3806 3179 ἔχετε.
3837 3127 3853 3159 ι

2352 3274 2414 3327 Εἰ
2445 3275 2539 3328 καὶ
2571 3275 2714 3329 θέλει
2736 3279 2764 3331 6
2793 3278 3030 3348 Χριστὸς
3053 3279 3344 3350 πεισθῆναι
3374 3282 3438 3350 τῇ
3474 3278 3641 3332 αὑτοῦ
3669 3280 3854 3349 διδαχῇ

2279 3366 2407 3428 τοὺς
2452 3366 2757 3431 Ἰουδαίους,
2785 3359 2903 3423 ἀλλ’
2932 3370 2992 3422 οὑ
3018 3370 3263 3439 βιάζεται
3293 3370 3354 3423 τδ
3381 3372 3756 3437 αὐτεξούσιον.

2362 3474 2380 3507 ι
2404 3457 2546 3526 Ἐγὼ
2600 3460 2832 3529 ἐλήλυθα
2864 3461 2923 3513 ὲν
2966 3461 3045 3532 τῷ
3092 3463 3312 3533 ὀνόματι
3345 3462 3438 3515 τοῦ
3481 3464 3699 3533 Πατρός
3728 3480 3853 3533 μου,

2278 3551 2373 3607 καὶ
2403 3553 2464 3604 ού
2490 3552 2795 3621 λαμϐάνετέ
2827 3572 2915 3624 με·
2960 3557 3057 3609 ἐὰν
3088 3557 3245 3621 ἄλλος
3276 3556 3404 3631 ἔλθῃ
3439 3560 3496 3611 ἐν
3523 3558 3600 3629 τῷ
3628 3558 3853 3629 ὀνόματι

2279 3641 2357 3713 τῷ
2387 3643 2524 3712 ἰδίῳ,
2556 3645 2761 3700 ἐκεῖνον
2790 3646 3047 3716 λήψεσθε.
3081 3667 3099 3701 ι

2349 3735 2409 3789 El
2450 3736 2545 3790 καὶ
2581 3732 2721 3791 οἶδεν
2770 3739 2852 3792 ὅτι
2894 3740 2958 3792 οὐ
3003 3739 3310 3803 πείθονται,
3345 3740 3460 3793 ἀλλ’
3506 3741 3583 3804 ὠς
3609 3741 3750 3804 Θεὸς
3796 3740 3851 3792 τὸ

2274 3824 2468 3878 ἑαυτοῦ
2510 3829 2654 3879 ποιεῖ
2694 3827 2931 3897 ἐλέγχων
2981 3828 3075 3882 καὶ
3116 3828 3400 3884 νουθετῶν.
3450 3826 3646 3902 [Caua
3686 3828 3850 3900 Ant}

2283 3910 2343 3969 Ὀ
2376 3915 2739 3988 Ἀντίχριστος
2796 3919 2894 3990 τὴν
2925 3920 3019 3973 τοῦ
3068 3920 3182 3990 βίου
3231 3921 3389 3985 δόξαν
3434 3922 3848 3991 ἐπαγγέλλεται,

2275 4007 2369 4059 καὶ
2422 4008 2507 4061 διὰ
2552 4009 2710 4063 τοῦτο
2740 4011 2933 4082 ἐκείνῳ
2963 4012 3269 4067 πιστεύετε.
3750 4032 3773 4051 ο

2349 4120 2366 4151 ι
2398 4102 2586 4156 Ἔστιν
2611 4107 2639 4157 6
2668 4106 2988 4176 κατηγορῶν
3004 4106 3178 4176 ὑμῶν,
3212 4109 3470 4179 Μωῦσῆς,
3499 4109 3577 4171 εἰς
3606 4107 3665 4160 ὃν
3694 4108 3847 4177 ὑμεῖς

2271 4191 2562 4259 ἠλπίκατε.
2598 4213 2615 4245 ι

2347 4284 2667 4355 ’Έγγραφος
2700 4287 2876 4339 κεῖται
2909 4287 3031 4341 καθ’
3066 4288 3220 4358 ὑμῶν
3247 4289 3551 4360 κατηγορία
3587 4290 3653 4342 τὰ
3686 4289 3845 4349 Μιυῦ-

2272 4374 2473 4440 σαῖκὰ,
2519 4375 2577 4439 ὃς
2608 4374 2684 4439 ὡς
2726 4377 3122 4449 ἀπιστούμενος
3169 4379 3227 4446 ἐξ
3262 4380 3438 4450 ὑμῶν,
3480 4380 3841 4450 κατηγορήσει

2270 4465 2299 4516 ὑ
2308 4466 2442 4535 μῶν.

2886 4603 3136 4656 ΚΕΦΑΛ.
3170 4607 3259 4669 (τ’.

2348 4749 2369 4783 ι
2412 4729 2543 4785 Eine
2574 4732 2631 4785 δὲ
2680 4735 2708 4786 6
2755 4734 2961 4804 Ἰησοῦς
2991 4751 3003 4764 ⁸
3059 4736 3329 4808 Ποιήσατε
3361 4741 3488 4804 τοὺς
3521 4742 3833 4814 ἀνθρώπους

2269 4823 2587 4878 ἀναπεσεῖν.
2622 4822 2732 4879 Ἦν
2771 4827 2827 4880 δὲ
2867 4828 3058 4897 χόρτος
3104 4828 3274 4892 πολὺς
3307 4832 3366 4884 ὲν
3390 4832 3467 4904 τῷ
3493 4835 3661 4905 τόπῳ.
3718 4838 3833 4891 'Av-

2268 4915 2463 4970 ἐπεσον
2502 4914 2594 4971 οὖν
2624 4920 2673 4972 οἱ
2706 4918 2897 4990 ἄνδρες
2919 4922 3011 4974 τὸν
3037 4921 3269 4992 ἀριθμὸν
3311 4925 3442 4983 ὡσεὶ
3490 4930 3833 5000 πεντακισχίο

2267 5004 2390 5059 λιοι.
2433 5026 2451 5060 ι

2339 5097 2549 5160 Μόνους
2582 5098 2706 5161 τοὺς
2742 5097 2943 5169 ἄνδρας
2970 5099 3216 5169 ἀριθμεῖ,
3252 5101 3392 5154 κατὰ
3417 5103 3515 5173 τὴν
3545 5104 3639 5157 τοῦ
3670 5105 3829 5176 νόμον

2269 5188 2582 5257 συνήθειαν,
2618 5190 2746 5253 τοὺς
2791 5190 2957 5260 μηδὲν
2982 5191 3249 5261 νηπιῶδες
3275 5192 3551 5264 ἔχονταςῆ
3580 5194 3827 5265 θηλυκὸν,

2264 5279 2400 5333 ἀλλά
2428 5280 2676 5333 νεανικοῦ
2731 5287 3099 5353 φρονήματος,
3136 5283 3229 5347 οὒς
3273 5287 3365 5338 καὶ
3388 5288 3578 5357 τρέφει
3617 5288 3705 5342 διὰ
3739 5288 3828 5342 τοῦ

2265 5370 2607 5441 στηρίζοντος
2624 5371 2851 5442 καρδίαν
2874 5373 3064 5446 ἄρτου,
3090 5374 3312 5446 καὶ[δι’]
3336 5376 3673 5447 ὲτςιτέρψεως
3699 5379 3826 5430 ἀνα-

2264 5467 2464 5534 παῆναι
2493 5468 2653 5520 ποιεῖ.
3371 5444 3400 5468 ί

2342 5577 2359 5609 ι
2403 5557 2605 5611 Ἐλαὸε
2635 5559 2692 5612 δὲ
2738 5561 2864 5623 τοὺς
2910 5561 3108 5629 ἄρτους
3136 5564 3165 5615 ὀ
3220 5563 3447 5633 Ἰησοῦς,
3481 5566 3575 5618 καὶ
3608 5565 3823 5635 εὐχαρι-

2266 5648 2471 5720 στήσας
2502 5649 2724 5705 διέδωκε
2780 5651 2938 5723 [τοῖς
2974 5653 3264 5724 μαθηταῖς,
3308 5657 3357 5708 oi
3391 5656 3679 5729 μαθηταὶ]
3716 5659 3822 5717 τοῖς

2262 5741 2662 5811 ἀνακειμένοις.
2710 5764 2728 5795 ι

2333 5832 2429 5887 Διά
2462 5833 2618 5887 τοῦτο
2669 5836 2722 5888 δὲ
2784 5838 3123 5908 εὐχαριστεῖ,
3161 5841 3242 5892 ἵνα
3282 5840 3356 5912 μὴ
3401 5839 3526 5911 δόξῃ
3581 5837 3821 5901 ἀντίθεος
