4130 6528
240 440 378 511 M33

236 553 400 621 εἶναι,
420 556 516 610 καὶ
531 555 622 611 ῑνα
645 555 830 627 διδάξῃ
852 557 1001 627 ἡμᾶς
1034 554 1198 625 ὲνςτῷ
1220 555 1421 607 ἐσθίειν
1441 554 1812 625 εὐχαριστεῖν.

1303 440 1766 501 FRAGMENTA
1809 432 1892 502 IN
1932 441 1995 501 S.
2036 440 2414 505 JOANNEM.

1922 554 2138 620 deatur,
2191 568 2401 621 nosque
2450 552 2642 607 doceat
2700 553 2853 606 cibos
2907 550 3264 607 benedicendi
3330 553 3516 610 ritum.

3389 439 3522 504 1434

236 649 386 721 Πλὴν
420 650 515 703 καὶ
564 648 642 712 ὡς
678 649 966 721 ἄνθρωπος
1010 649 1349 720 εὐχαριστεῖ,
1401 648 1491 700 ἴνα.
1538 647 1678 719 λάθῃ
1711 648 1819 711 ἕως

1926 644 2125 700 Verum
2172 654 2232 700 ut
2262 647 2423 699 homo
2456 644 2754 706 benedicit,
2795 660 2903 713 quo
2947 645 3001 697 in
3035 644 3307 712 passionis
3353 660 3523 715 usque

235 741 334 795 τοῦ
365 740 573 804 πάθους
599 739 691 793 τὸν
714 740 952 811 ἄρχοντα
978 741 1070 795 τοῦ
1100 742 1197 795 νῦν
1227 741 1444 805 αἰῶνος.

316 852 337 886 ι
382 832 697 904 Συνήγαγον
729 829 844 898 οὖν,
882 834 977 887 καὶ
1016 834 1286 904 ἐγέμισαν
1313 832 1528 889 δώδεκα
1566 832 1824 896 κοφίνους

238 926 601 997 κλασμάτων,
652 926 717 979 ἐκ
750 925 863 979 τῶν
916 925 1080 980 πέντε
1126 924 1309 996 ἄρτων
1339 924 1450 977 τῶν
1480 924 1762 997 κριθίνων,
1791 922 1827 979 ἃ

238 1020 601 1092 ὲπερίσσευσε
634 1020 747 1081 τοῖς
783 1017 1139 1089 βεϐρωκόσιν.
1173 1036 1192 1069 ι

312 1185 516 1259 Τρέφει
568 1184 698 1247 τοὺς
738 1186 964 1248 πιστοὺς
1018 1186 1049 1237 6
1106 1184 1341 1257 Χριστὸς
1375 1181 1465 1237 διὰ
1494 1182 1604 1237 τῶν
1663 1183 1826 1236 πέντε

238 1278 424 1345 ἄρτων
467 1276 577 1333 τῶν
608 1276 893 1348 κριθίνων,
937 1278 1076 1349 ὅπερ
1110 1278 1314 1330 νοεῖται
1338 1277 1372 1346 ἡ
1407 1275 1697 1346 παχυτέρα
1726 1275 1829 1345 τῆς

242 1368 622 1439 Πεντατεύχου
667 1368 1021 1424 διδασκαλία·
1065 1370 1160 1424 καὶ
1209 1367 1298 1422 διὰ
1327 1366 1436 1420 τῶν
1463 1366 1558 1419 δύο
1604 1366 1824 1441 ἰχθύων,

241 1464 382 1533 ὅπερ
426 1463 577 1516 ἐστὶν
610 1464 645 1533 ὴ
701 1461 886 1525 ἁπαλὴ
939 1461 1128 1532 διδαχὴ
1177 1461 1273 1516 τοῦ
1326 1458 1692 1529 εὐαγγελικοῦ
1734 1460 1830 1514 καὶ

238 1553 607 1611 ἀποστολικοῦ
649 1553 1031 1626 κηρύγματος.

317 1665 336 1699 ι
375 1649 438 1701 Oi
501 1643 596 1703 οὖν
643 1646 922 1717 ἄνθρωποι
973 1646 1174 1710 ἰδόντες
1201 1645 1230 1700 6
1261 1646 1487 1719 ἐποίησε
1542 1650 1769 1718 σημεῖον
1801 1647 1830 1699 6

250 1737 483 1809 Ἰησοῦς,
518 1740 706 1808 ἔλεγον
732 1755 744 1768 ·
779 1739 902 1791 Ὅτι
925 1733 1079 1803 οὗτός
1115 1741 1265 1793 ἐστιν
1303 1740 1521 1811 άληθῶς
1556 1744 1584 1794 ό
1611 1740 1826 1815 προφή-

236 1846 337 1897 της
363 1830 392 1879 6
433 1830 729 1900 ἐρχόμενος
759 1830 838 1892 εἰς
872 1828 965 1881 τὸν
993 1830 1219 1899 κόσμον.
1255 1848 1274 1881 ι

310 1920 677 1975 Διδάσκειδιὰ
706 1921 801 1974 τοῦ
839 1920 1069 1992 σημείου
1128 1920 1352 1993 θαρρεῖν
1396 1919 1567 1990 αὐτῷ,
1622 1921 1716 1973 καὶ
1754 1921 1829 1993 μὴ

235 2012 474 2084 ἀθυμεῖν
500 2015 559 2067 ὲν
588 2013 942 2085 στενοχωρίᾳ,
978 2004 1097 2084 ἤτοι
1124 2013 1199 2085 μὴ
1223 2012 1426 2085 δειλιᾷν
1451 2013 1588 2085 πρὸς
1614 2013 1827 2083 φιλοξε-

236 2105 384 2172 νίαν,
418 2105 559 2159 ἀλλά
582 2104 718 2180 πρὸς
753 2106 864 2163 πᾶν
899 2105 1103 2177 ἀγαθὸν
1134 2106 1431 2174 εὐτόλμους
1459 2100 1623 2158 εἶναι.

323 2304 343 2340 ι
388 2284 725 2356 Ἐργάζεσθε
771 2286 847 2358 μὴ
899 2286 1001 2357 τὴν
1048 2284 1252 2363 βρῶσιν
1284 2288 1383 2357 τὴν
1421 2287 1822 2365 ἀπολλυμένην,

235 2380 376 2436 ἀλλὰ
409 2379 509 2450 τὴν
542 2379 749 2449 βρῶσιν
776 2379 876 2451 τὴν
914 2380 1185 2449 μένουσαν
1210 2380 1290 2443 είς
1325 2379 1469 2451 ζωὴν
1493 2380 1732 2445 αἰώνιον,
1759 2382 1827 2453 ἢν

233 2475 263 2527 6
280 2474 409 2535 Υἱὸς
427 2471 522 2525 τοῦ
548 2471 838 2543 ἀνθρώπου
864 2473 995 2541 ὑμῖν
1022 2471 1205 2526 δώσει.
1228 2472 1429 2526 Τοῦτον
1453 2472 1562 2544 γάρ
1583 2475 1610 2527 6
1636 2472 1828 2546 Πατὴρ

235 2566 619 2635 ἔσφράγισενό
648 2564 801 2628 Θεός.
844 2582 863 2617 ι
1756 2612 1797 2641 α

309 2658 423 2728 Τὴν
448 2658 648 2728 νοητὴν
687 2656 943 2729 [τροφὴν]
986 2658 1081 2710 καὶ
1131 2656 1361 2727 λογικὴν
1392 2658 1489 2711 καὶ
1518 2675 1827 2728 πνευματι-

235 2750 362 2819 κήν.
388 2748 537 2819 Αὕτη
556 2749 662 2822 γὰρ
677 2748 1043 2819 συμϐάλλεται
1059 2751 1138 2812 είς
1156 2750 1216 2802 τὸ
1228 2749 1531 2804 ἀπολαῦσαι
1553 2752 1699 2821 ἡμᾶς
1720 2751 1829 2806 τῶν

240 2838 544 2910 μελλόντων
566 2839 880 2911 άγαθῶν,ἢν
910 2841 942 2910 ἡ
968 2842 1046 2903 είς
1074 2840 1311 2911 Χριστὸν
1336 2841 1516 2904 πίστις
1556 2840 1826 2911 προξενεῖ.

311 2931 423 3003 Τὴν
470 2932 744 3003 μυστικὴν
795 2934 1099 3003 μετάληψιν
1155 2933 1301 2999 λέγει
1340 2934 1440 3004 τὴν
1491 2933 1828 3001 άγιάζουσαν

237 3026 418 3097 ψυχὴν
466 3028 561 3079 καὶ
597 3025 781 3097 σῶμα,
840 3020 1249 3094 συναναπλέξας
1293 3026 1374 3098 τῷ
1427 3026 1725 3099 θεοπρεπεῖ
1767 3026 1828 3085 τὸ

238 3117 600 3190 ἀνθρώπινον.
657 3116 885 3189 [Clum]

310 3210 385 3263 Οὐ
442 3209 643 3263 κωλύει
706 3210 768 3262 τὸ
813 3210 1304 3283 ὲργάζεσθαι,ἀλλὰ
1332 3210 1393 3264 τὸ
1428 3214 1696 3283 μεριμνᾷν
1736 3229 1832 3267 και

236 3300 547 3369 φροντίζειν
573 3302 673 3372 τῆς
694 3298 884 3372 αὔριον
917 3301 1003 3354 ἵνα
1028 3303 1125 3371 τὴν
1152 3303 1471 3373 προαίρεσιν
1498 3303 1829 3374 άνασειράσῃ

235 3390 343 3448 τῶν
366 3392 684 3461 Μανιχαίων
706 3392 814 3444 τῶν
833 3392 909 3461 μὴ
931 3392 1165 3463 ὲγχείρῳ
1203 3392 1501 3463 χρωμένων
1524 3393 1649 3447 τινί.

315 3484 595 3541 Τοῦτοντ
652 3485 1045 3554 ἐσφράγισεν·
1105 3486 1133 3538 ὅ
1193 3487 1363 3550 ἐστιν,
1416 3486 1636 3556 ἔχρισεν
1687 3488 1829 3556 ἁγίῳ

236 3576 521 3646 Πνεύματι
609 3578 711 3648 τὴν
778 3577 959 3648 σάρκα
1006 3577 1101 3635 τοῦ
1164 3578 1372 3650 Κυρίου
1436 3580 1535 3649 τὴν
1611 3580 1825 3651 ἀνθρω-

232 3669 421 3740 πίνην,
481 3671 543 3726 ού
602 3670 702 3743 τὴν
762 3670 996 3742 θεότητα
1033 3687 1047 3701 ⁸
1103 3671 1286 3725 πάντα
1352 3672 1461 3743 γὰρ
1507 3673 1697 3742 σχεδον
1756 3674 1826 3727 τά

233 3763 337 3833 τῆς
366 3765 686 3836 οἰκονομίας
716 3766 959 3836 ὀνόματα
987 3765 1114 3835 περὶ
1148 3765 1248 3835 τὴν
1278 3765 1456 3835 σάρκα
1492 3765 1745 3818 λέλεκται
1773 3780 1820 3820 ι.

235 3858 307 3909 Ἦ
336 3864 366 3906 1
404 3856 564 3912 τοῦτο
601 3854 775 3923 εἶπεν,
811 3868 833 3895 ι
861 3860 946 3911 ὅτι
1008 3859 1371 3928 μεμόρερωται
1402 3860 1648 3928 φυσικῶς
1686 3860 1821 3931 πρὸς

234 3949 327 4003 τὸν
349 3952 588 4022 Πατέρα.
619 3954 777 4005 Ἤτοι
806 3950 1211 4020 Ἐσφράγισεν
1234 3964 1282 4018 α,
1303 3952 1468 4005 ταυτὸ
1485 3952 1562 4024 τῷ
1584 3954 1821 4025 ἔχρισεν,

232 4038 267 4110 ἢ
296 4039 651 4102 ὲσεϐιίωσεν,
687 4041 806 4112 ἦτοι
831 4042 1247 4119 ἀναντιρῤήτως
1300 4041 1633 4113 ἐξεκάλυψεν
1657 4048 1685 4101 6
1706 4046 1824 4098 Πα-

234 4132 342 4202 τὴρ
372 4131 465 4183 τὸν
518 4132 647 4185 Υἱὸν
682 4131 770 4185 διὰ
825 4136 922 4202 τῆς
962 4134 1097 4197 ἰδίας
1155 4135 1477 4205 μαρτυρίας·
1524 4139 1821 4207 ἐκμαγεῖον

234 4223 345 4293 γάρ
376 4222 524 4274 ἐστιν
549 4224 576 4274 6
605 4220 733 4284 Υἱὸς
754 4223 848 4273 καὶ
881 4225 1116 4293 σφραγὶς
1137 4225 1234 4294 τῆς
1257 4224 1350 4276 τοῦ
1381 4226 1592 4299 Πατρός
1610 4230 1820 4295 οὐσίας,

233 4311 515 4385 ὁρώμενος
544 4311 1010 4382 ἀπαραλλάκτως,
1039 4314 1113 4376 ὼς
1141 4316 1169 4367 ό
1204 4316 1418 4392 Πατήρ.

308 4425 327 4457 ι
385 4405 689 4475 Ἀπεκρίθη
723 4408 750 4459 6
816 4407 1048 4477 Ἰησοῦς,
1086 4409 1181 4461 καὶ
1221 4407 1373 4463 εἶπεν
1405 4413 1611 4479 αὐτοῖς·
1642 4416 1817 4472 Τοῦτό

234 4499 351 4559 ἐστι
382 4498 444 4551 τὸ
472 4500 634 4569 ἔργον
662 4497 755 4550 τοῦ
803 4498 960 4565 Θεοῦ,
1010 4500 1096 4552 ἵνα
1138 4501 1471 4575 πιστεύσητε
1511 4509 1591 4570 εὶς
1619 4506 1678 4559 6v
1710 4510 1819 4561 άπ-

234 4592 474 4646 ἑστειλεν
508 4594 735 4656 ἐκεῖνος.
778 4612 796 4643 ι

306 4684 368 4736 EE
415 4684 508 4738 καὶ
545 4684 659 4756 ᾔδει
720 4685 969 4749 ἐκείνους
1028 4685 1201 4755 μηδὲν
1255 4685 1816 4760 ὠφεληθησομένους,

1850 4606 1904 4666 D

1929 746 2164 805 tempus,
2200 735 2500 807 principem
2536 734 2700 802 hujus
2729 733 2916 789 saeculi
2946 734 3164 790 lateret.

2006 832 2172 889 Vens.
2229 832 2319 886 15.
2366 829 2770 901 ιϐοΙΙθεει-υηι
2818 843 2992 897 ergo,
3050 839 3102 883 et
3164 828 3524 897 impleverunt

1927 926 2217 981 duodecim
2247 924 2514 994 cophinos
2545 922 3005 992 fragmentorum,
3042 938 3106 975 ex
3142 923 3387 992 quinque
3418 938 3511 991 pa-

1929 1020 2089 1074 nibus
2134 1019 2479 1084 hordeaceis,
2516 1032 2638 1087 qua
2683 1014 3075 1087 superfuerunt
3105 1014 3193 1068 his
3228 1016 3319 1084 qui
3366 1031 3522 1068 Inan-

1928 1112 2289 1165 ducaverant.
2324 1128 2343 1162 ι

1997 1199 2253 1254 Christus
2296 1199 2394 1253 alit
2442 1198 2627 1253 ﬁdeles
2675 1212 2807 1252 suos
2844 1196 3086 1266 quinque
3131 1197 3364 1266 panibus
3397 1196 3527 1250 hor-

1928 1291 2167 1357 deaceis,
2207 1291 2409 1359 quibus
2460 1290 2703 1345 crassior
2752 1288 2841 1343 illa
2877 1290 3233 1344 Pentateuchi
3274 1290 3522 1343 doctrina

1928 1384 2305 1453 signiﬁcatur;
2355 1392 2409 1438 et
2451 1382 2666 1437 duobus
2721 1383 3001 1451 piscibus,
3053 1380 3103 1436 id
3154 1389 3239 1435 est
3288 1382 3521 1451 simplici

1927 1473 2257 1544 evangeliae
2284 1473 2711 1543 aposmlicmque
2749 1472 3155 1543 praedicationis
3194 1473 3503 1527 eruditione

2000 1649 2168 1703 Vens.
2200 1648 2287 1704 14.
2330 1666 2349 1701 ι
2383 1648 2461 1703 llli
2498 1663 2629 1719 ergo
2656 1647 2906 1703 homines
2938 1662 3058 1701 cum
3090 1645 3354 1701 vidissent
3381 1646 3526 1713 quod

1928 1739 2090 1797 Iesus
2121 1740 2328 1797 fecerat
2376 1742 2616 1811 signum,
2652 1739 2913 1794 dicebant
2946 1757 2959 1795 ε
2990 1736 3126 1804 Quia
3173 1738 3262 1792 hic
3291 1745 3375 1792 est
3400 1750 3526 1791 vere

1930 1833 2194 1902 propheta
2226 1833 2317 1900 qui
2356 1843 2621 1887 venturus
2650 1844 2735 1886 est
2767 1833 2821 1885 in
2857 1832 3143 1885 mundum.
3177 1848 3197 1881 ι

2006 1925 2173 1980 Docet
2199 1926 2303 1979 hoc
2332 1925 2487 1996 signo
2520 1967 2536 1992 ,
2569 1926 2619 1980 ei
2656 1924 3037 1979 confidendum
3068 1937 3212 1987 esse,
3257 1932 3311 1975 et
3344 1922 3396 1975 in
3430 1936 3525 1974 an-

1934 2019 2130 2088 gustiis
2171 2020 2414 2073 animum
2462 2019 2687 2072 minime
2715 2016 3191 2087 despondendunt,
3250 2030 3428 2083 ncquc
3461 2015 3527 2067 de

1860 2094 1901 2148 Β
1935 2110 2175 2180 Ιιοερίιίο
2201 2111 2365 2165 nimis
2398 2111 2646 2189 anxium,
2675 2111 2770 2164 sed
2802 2109 2868 2163 ad
2892 2122 3054 2163 omne
3084 2108 3284 2160 bonum
3313 2108 3528 2175 expedi.

1930 2213 2041 2258 tum
2070 2217 2195 2258 esse
2220 2212 2498 2273 oportere.

1998 2296 2163 2351 Vens.
2191 2296 2284 2351 27.
2330 2314 2349 2346 ι
2380 2293 2696 2365 Operamini
2730 2311 2835 2349 non
2882 2296 3064 2350 cibum
3096 2295 3189 2367 qui
3225 2294 3389 2365 perit,
3430 2289 3524 2345 scd

1928 2389 2022 2459 qui
2082 2401 2366 2460 permanet
2448 2390 2501 2444 in
2564 2390 2730 2442 vitam
2788 2399 3087 2454 aeternam,
3130 2404 3289 2457 quem
3356 2385 3527 2439 Filius

1930 2481 2171 2536 hominis
2226 2480 2377 2537 dabit
2428 2482 2609 2536 vobis.
2659 2480 2816 2535 llunc
2875 2481 3022 2535 enim
3082 2481 3243 2535 Pater
3292 2476 3527 2549 signavit

1931 2573 2095 2629 Dens.
2139 2592 2158 2625 ι

2002 2666 2424 2722 lntelleetualem
2481 2678 2537 2721 et
2584 2668 2924 2737 spiritualem
2979 2668 3163 2722 cibum
3200 2666 3353 2721 dicit.
3400 2662 3527 2718 Haec

1930 2760 2075 2814 enim
2125 2775 2220 2813 nos
2259 2760 2505 2828 perducit
2553 2758 2619 2813 ad
2656 2758 2922 2814 honorum
2957 2759 3263 2815 futurorum
3303 2757 3526 2812 fruitio-

1932 2865 2078 2904 nent.
2114 2849 2266 2905 Hanc
2297 2851 2502 2920 profert
2536 2851 2667 2905 fides
2703 2852 2755 2904 in
2780 2851 3081 2905 Christum.

2006 2942 2289 3012 Mysticam
2340 2942 2815 3012 participationem
2849 2942 2981 2997 dicit
3023 2957 3142 3012 quae
3179 2942 3420 2995 animam
3469 2948 3525 2998 et

1931 3050 2131 3105 corpus
2162 3034 2495 3099 sanctificat,
2534 3035 2785 3111 humana
2809 3034 3007 3090 divinis
3037 3043 3391 3089 connectens.

2004 3214 2123 3269 Non
2156 3224 2301 3270 vetat
2332 3214 2600 3280 laborem,
2637 3215 2731 3269 sed
2765 3215 2986 3269 nimiam
3018 3212 3438 3269 sollicitudinem
3470 3223 3524 3266 et

1934 3306 2000 3360 de
2041 3307 2286 3359 crastino
2336 3322 2548 3371 curant,
2583 3316 2640 3360 ut
2678 3306 3105 3360 Manichazorum
3156 3304 3369 3359 refellat
3402 3304 3523 3373 opi-

1876 3442 1900 3462 ,
1936 3398 2174 3461 nionem,
2210 3397 2360 3451 nullo
2384 3399 2605 3466 penitus
2631 3398 2867 3453 manuali
2900 3414 3066 3467 opere
3096 3396 3387 3451 utentimn.

2010 3488 2169 3542 Hunc
2200 3490 2447 3558 signavit,
2480 3489 2531 3543 id
2573 3500 2659 3543 est
2690 3489 2983 3545 humanam
3030 3488 3239 3542 Domini
3275 3503 3519 3551 carnem.

1935 3594 2041 3632 non
2089 3594 2217 3632 vero
2253 3578 2597 3632 divinitatem
2652 3579 2856 3647 Spiritu
2908 3588 3096 3632 sancto
3144 3578 3345 3631 unxit:
3393 3593 3517 3631 nam

1934 3671 2117 3725 onmia
2155 3670 2267 3724 fere
2318 3670 2750 3741 dispensationis
2792 3672 3011 3724 nomina
3059 3670 3127 3723 de
3169 3686 3333 3724 carne
3375 3670 3521 3723 dicm

1931 3773 2081 3817 sunt.
2110 3762 2205 3818 Vel
2243 3765 2345 3818 hoc
2379 3764 2535 3826 dixit,
2578 3763 2720 3833 quod
2754 3777 2945 3817 natura
2979 3780 3073 3818 sua
3103 3763 3251 3818 Patri
3299 3762 3521 3817 confor-

1932 3856 2035 3909 mis
2059 3856 2149 3908 sit.
2186 3854 2281 3909 Vel
2328 3855 2495 3909 etiam
2543 3856 2770 3924 signavit
2813 3856 2954 3909 idem
3004 3856 3097 3918 sit,
3144 3855 3287 3923 quod
3342 3855 3520 3919 unxit,

1932 3945 2016 4000 vel
2074 3945 2440 4010 confirmavit,
2498 3947 2604 4011 vel,
2659 3946 3019 4017 irrefragahili
3059 3962 3159 4001 suo
3210 3947 3523 4001 testimonio

1931 4036 2089 4091 Pater
2122 4035 2319 4091 Filium
2368 4038 2742 4097 tnanifestavil
2773 4058 2786 4093 :
2821 4038 2991 4094 Filius
3022 4039 3167 4095 enim
3202 4048 3287 4094 est
3318 4037 3521 4107 effigies

1930 4140 2095 4200 atque
2147 4130 2487 4201 signaculum
2542 4133 2867 4186 substantia:
2912 4131 3133 4197 Patris,
3188 4132 3390 4195 omnis,
3442 4132 3521 4189 uti

1931 4221 2115 4288 Pater,
2149 4238 2348 4294 expers
2374 4224 2714 4281 mutationis.

2006 4421 2170 4479 Vens.
2207 4424 2299 4478 29.
2350 4442 2369 4474 ι
2403 4423 2704 4493 Respondit
2732 4423 2912 4487 Jesus,
2965 4433 3015 4477 et
3069 4423 3206 4477 dixit
3251 4424 3332 4479 eis
3366 4443 3379 4479 :
3408 4421 3522 4479 Hoc

1926 4526 2008 4572 est
2035 4532 2175 4585 opus
2208 4516 2324 4583 Dei,
2355 4528 2410 4571 ut
2442 4518 2682 4573 credatis
2719 4518 2769 4571 in
2808 4532 2931 4570 eum
2965 4530 3131 4585 quem
3159 4517 3306 4570 misit
3344 4516 3451 4570 ille.
3494 4537 3512 4568 ι

1999 4694 2323 4765 Quanquam
2357 4697 2492 4750 nihil
2531 4697 2639 4749 illis
2670 4696 3016 4765 profuturum
3054 4696 3353 4764 praesciret,
3393 4710 3518 4764 pro.

233 4774 370 4829 ἀλλὰ
399 4777 486 4831 διὰ
511 4778 573 4831 τὸ
596 4778 910 4848 κοινοφελὲς
940 4779 1042 4849 τῆς
1066 4778 1291 4851 διδαχῆς
1316 4780 1670 4852 ἁπεκρίνατο.
1706 4785 1818 4855 Οὐχ

1926 4796 2046 4856 pter
2103 4803 2446 4843 communem
2499 4800 2678 4841 tamen
2730 4788 2992 4842 doctrina:
3034 4787 3363 4848 utilitatem,
3432 4802 3517 4840 re.

233 4871 263 4922 6
296 4871 416 4931 ταῖς
468 4873 646 4933 σκιαῖς
702 4871 974 4930 δουλεύων
1036 4870 1131 4923 τοῦ
1187 4871 1377 4941 νόμον,
1441 4877 1589 4926 ποιεῖ
1620 4876 1681 4927 τὸ
1720 4875 1816 4927 τοῦ

1928 4880 2164 4947 spondit.
2198 4879 2314 4933 Non
2358 4880 2451 4948 qui
2489 4880 2697 4933 umbris
2726 4879 2992 4948 legalibus
3040 4867 3233 4940 servit,
3282 4878 3373 4932 Dei
3424 4893 3518 4937 v0~

234 4960 374 5014 Θεοῦ
408 4960 639 5029 θέλημα,
677 4964 793 5016 ἀλλ’
825 4966 853 5015 6
886 4965 967 5025 είς
997 4964 1089 5016 τὸν
1122 4964 1361 5034 Χριστὸν
1406 4965 1703 5018 πιστεύων.

1926 4970 2189 5023 luntatem
2231 4969 2385 5036 facit,
2413 4971 2506 5024 sed
2536 4971 2626 5040 qui
2657 4971 2707 5024 in
2739 4970 3012 5025 Christum
3045 4971 3239 5023 credit.

313 5071 331 5103 ι
367 5047 532 5104 Εἶπεν
559 5049 650 5107 οὗν
684 5056 868 5118 αὐτοῖς
892 5056 920 5108 6
963 5055 1203 5126 Ἰησοῦς·
1263 5055 1461 5127 Ἀμὴν,
1505 5055 1653 5126 ἀμὴν
1678 5054 1823 5124 λέγω

1996 5064 2160 5118 Vsus.
2191 5063 2281 5118 52.
2340 5082 2357 5114 ι
2394 5064 2538 5117 Dixit
2570 5079 2703 5133 ergo
2751 5064 2833 5118 eis
2869 5060 3027 5119 «Iesus
3063 5079 3075 5115 :
3112 5062 3306 5124 Amen,
3356 5075 3516 5115 amen

237 5147 369 5216 ὑμῖν
399 5163 414 5178 ⁸
456 5148 531 5200 Οὐ
559 5149 803 5219 Μωῦσῆς
833 5150 1069 5203 δέδωκεν
1106 5152 1234 5220 ὑμῖν
1284 5151 1377 5205 τὸν
1428 5152 1595 5223 ἄρτον
1638 5154 1703 5205 ὲκ
1726 5150 1820 5205 τοῦ

1926 5156 2044 5210 dico
2067 5156 2223 5212 vobis
2256 5175 2270 5213 :
2300 5156 2416 5211 Non
2442 5156 2653 5228 Moyses
2677 5157 2827 5211 dedit
2852 5156 3005 5211 vobis
3034 5172 3227 5225 panem
3256 5154 3321 5209 de
3347 5155 3511 5219 creto,

236 5239 502 5310 ούρανοῦ,
538 5239 654 5293 ἀλλ’
688 5244 714 5293 6
752 5242 945 5312 Πατήρ
983 5260 1084 5311 μου
1118 5242 1334 5297 δίδωσιν
1370 5243 1500 5314 ὑμῖν
1533 5242 1625 5296 τὸν
1657 5243 1821 5314 ἄρτον

1926 5249 2015 5302 sed
2039 5247 2202 5303 Pater
2241 5262 2394 5304 meus
2422 5248 2519 5302 dat
2546 5248 2702 5303 vobis
2748 5262 2945 5318 panem
2986 5248 3052 5301 de
3081 5246 3219 5301 caelo
3246 5262 3455 5300 verum.
3491 5265 3508 5295 ι

236 5332 302 5385 ἐκ
335 5332 427 5384 τοῦ
459 5331 691 5403 ούρανοῦ
727 5332 818 5384 τὸν
853 5331 1127 5403 ἀληθινόν.
1165 5352 1184 5385 ι

311 5422 426 5493 Οὐχ
458 5423 531 5486 ὡς
552 5422 785 5491 ψεύδους
844 5421 1012 5492 ούσης
1062 5422 1164 5491 τῆς
1207 5421 1305 5475 τοῦ
1364 5422 1541 5493 μάννα
1588 5422 1815 5493 τροφῆς,

1998 5425 2112 5479 Non
2166 5430 2320 5493 quasi
2359 5425 2585 5481 ﬁctilius
2626 5436 2773 5481 esset
2817 5441 3031 5480 mannae
3082 5427 3271 5487 cibus,
3310 5422 3514 5477 idcirco

240 5510 385 5579 εἷπε,
426 5517 536 5570 Τὸν
568 5515 754 5583 ἄρτον
788 5516 857 5569 ἐκ
903 5516 1011 5569 τοῦ
1047 5516 1311 5582 οὐρανοῦ
1362 5516 1466 5569 τὸν
1502 5518 1815 5584 ἀληθινόν

1926 5518 2080 5582 dixit,
2117 5516 2319 5571 Panem
2349 5518 2413 5571 de
2455 5518 2583 5573 caelo
2628 5533 2837 5583 verum;
2888 5518 2980 5571 sed
3019 5517 3142 5585 quia
3181 5515 3309 5569 illud
3343 5513 3509 5577 figura

237 5604 355 5662 ἀλλ’
393 5607 475 5661 ὃτι
508 5607 686 5659 ἐκεῖνο
713 5605 886 5669 τύπος
917 5600 1007 5677 ἦν,
1048 5606 1149 5659 οὐκ
1196 5605 1384 5676 αὐτὺή
1439 5606 1694 5677 ἀλήθεια.
1759 5608 1817 5663 ’0

1926 5618 2065 5675 erat,
2102 5611 2204 5665 hoc
2238 5611 2463 5666 veritas.
2496 5611 2749 5667 Christus
2789 5597 3055 5682 siquidem
3091 5623 3289 5664 manna
3317 5614 3421 5669 est,
3454 5613 3511 5656 nt

311 5818 337 5844 ν
362 5807 453 5863 Cr.
482 5809 573 5862 τὸν
604 5810 788 5880 ἄρτον.

909 5823 932 5851 ι
966 5812 1057 5869 Cr.
1091 5810 1367 5883 εἴληπται.
1453 5818 1476 5859 ἵ
1548 5812 1640 5868 Cr.
1681 5813 1795 5869 sine
1827 5814 1881 5886 ἢ.

238 5880 347 5949 γὰρ
374 5881 422 5933 οί
459 5882 649 5951 χριόμε
668 5898 759 5967 μοι.

2000 5825 2019 5852 ²
2056 5817 2149 5872 Cr.
2196 5818 2322 5873 add.
2355 5816 2412 5888 ᾖ.
2490 5829 2516 5860 ι
2549 5816 2641 5885 Cr,
2714 5817 2919 5891 ἔχρισε*
2968 5808 3507 5883 καταοφραγῐςοντσι
