4130 6632
592 409 730 475 1435

1712 407 2047 467 AMMONII
2088 403 2618 467 ALEXANDR‘INI

3706 396 3837 463 I436

588 520 680 588 qui
719 526 907 574 natura
951 532 1044 570 sua
1078 515 1183 569 vi'a
1214 515 1283 570 sit
1313 514 1495 570 omnia
1542 514 1847 578 viviﬁcans,
1887 516 2151 584 panisque

2275 515 2499 584 Χριστὸς
2523 515 2630 584 γάρ
2656 514 2771 566 ἐστι
2797 511 2857 565 τδ
2889 511 3087 580 μάννα,
3112 510 3189 573 ὡς
3212 509 3373 579 φύσει
3393 507 3507 579 ζωὴ
3532 508 3633 572 ὢν,
3656 511 3753 562 καὶ
3775 512 3839 563 τὰ

589 613 681 678 qui
724 609 956 662 animam
998 621 1304 676 corpusque
1335 607 1561 661 nutriat.
1596 606 1700 660 Pro
1724 606 1906 677 Moyse
1940 608 2157 676 quidem

592 701 783 766 Deum,
807 715 902 767 pro
935 714 1129 753 manna
1160 713 1289 753 vero
1315 700 1550 768 seipsnm
1582 699 1779 768 posuit,
1804 697 1928 767 quia
1966 714 2157 768 magna

589 801 707 845 erat
746 790 1050 844 auditorum
1104 790 1469 845 imbecillitas.
1503 790 1727 847 Poterat
1760 792 1905 845 enim
1936 791 2156 844 dicere:

589 880 704 934 Non
733 880 943 952 Moyses
973 881 1085 946 dat,
1119 882 1211 936 sed
1239 896 1360 950 ego.

663 1052 829 1107 Vnus.
862 1053 952 1107 '55.
1006 1073 1023 1104 ι
1057 1053 1223 1106 Panis
1273 1054 1414 1108 enim
1467 1052 1561 1107 Dei
1617 1064 1721 1120 est,
1769 1056 1860 1125 qui
1906 1056 1972 1110 de
2022 1054 2161 1109 cwlo

588 1144 888 1209 descendit,
920 1152 974 1197 et
1004 1144 1096 1196 dat
1129 1145 1295 1199 vitam
1325 1145 1545 1197 mundo.
1583 1163 1601 1194 ι

659 1231 878 1286 Liberat
912 1234 1057 1287 enim
1110 1251 1136 1285 a
1181 1245 1425 1303 peccato,
1457 1245 1511 1289 et
1559 1237 1765 1291 amicos
1811 1238 1917 1292 Deo
1967 1237 2156 1304 eﬂicit,

593 1324 896 1394 divitucqne
940 1338 1218 1381 consortes
1268 1338 1495 1391 naturae,
1533 1345 1563 1383 a
1607 1331 1853 1400 gehenna
1900 1332 2159 1396 vindicat,

592 1427 645 1469 et
676 1418 742 1469 ad
781 1433 1000 1488 regnum
1052 1420 1251 1483 evehit,
1286 1415 1552 1490 quotquot
1597 1422 1757 1491 digne
1798 1424 2161 1493 decenterque

593 1509 758 1563 divini
796 1508 953 1565 Verbi
992 1526 1157 1565 carne
1189 1524 1505 1582 pascuntur.
1538 1511 1699 1567 Hisce
1736 1514 2003 1583 siquidem
2040 1516 2161 1568 uni-

595 1617 747 1655 versa
781 1602 1102 1658 immortalis
1135 1605 1331 1658 animae
1360 1604 1465 1658 vita
1492 1605 1754 1673 cibusque
1791 1606 2158 1659 continentur.

661 1771 822 1827 Vens.
860 1773 946 1829 35.
999 1792 1018 1826 ι
1050 1775 1194 1830 Dixit
1220 1786 1398 1830 autem
1427 1777 1506 1831 eis
1536 1775 1693 1831 Jesus
1722 1797 1736 1832 :
1769 1779 1879 1849 Ego
1918 1794 2036 1835 sum
2067 1797 2161 1851 pa-

2260 605 2437 659 πάντα
2472 604 2777 671 ζωογονῶν,
2824 604 2882 664 6;
2933 605 3079 653 ἐστιν
3127 602 3291 671 ἄρτος
3322 602 3351 653 6
3402 600 3624 671 τρέφων
3654 600 3838 669 ψυχὴν

2259 694 2351 746 καὶ
2379 693 2535 760 σῶμα
2556 711 2570 725 ·
2604 694 2727 746 ἀντὶ
2775 693 2873 761 μὲν
2927 690 3208 752 Μωῦσέως
3232 691 3326 743 τὸν
3355 689 3489 743 Θεὸν
3513 690 3709 752 εἰπὼν,
3737 691 3838 742 ἀν-

2258 782 2314 834 τὶ
2355 783 2413 835 δὲ
2446 783 2542 836 τοῦ
2587 783 2783 853 μάννα,
2837 782 3050 846 ἑαυτὸν,
3094 780 3184 833 διὰ
3228 780 3327 850 τὴν
3373 779 3482 832 τῶν
3537 780 3844 833 ἀκουόντων

2258 874 2565 930 ἀσθένειαν.
2604 876 2760 945 Ἐνῆν
2784 874 2894 945 γὰρ
2913 875 3113 936 εἰπεῖν,
3144 873 3255 943 Οὐχ
3280 874 3309 926 6
3332 873 3575 941 Μωῦσῆς
3596 871 3842 937 δίδωσιν,

2261 966 2376 1019 ἀλλ’
2406 967 2541 1034 ἐγώ.

2336 1075 2355 1107 ι
2410 1056 2467 1110 Ὀ
2495 1057 2603 1127 γὰρ
2637 1057 2801 1127 ἄρτος
2832 1054 2927 1108 τοῦ
2960 1052 3097 1108 Θεοῦ
3132 1056 3303 1117 ἐστιν,
3338 1053 3367 1104 ὁ
3388 1052 3744 1107 καταϐαίνων
3780 1054 3847 1105 ἐκ

2259 1144 2351 1197 τοῦ
2380 1146 2636 1216 οὐρανοῦ,
2672 1145 2768 1198 καὶ
2805 1144 2947 1216 ζωὴν
2968 1143 3143 1205 διδοὺς
3166 1143 3242 1212 τῷ
3267 1144 3479 1213 κόσμῳ.
3512 1162 3530 1193 ι

2343 1234 2710 1288 ’Λπαλλάσσει
2744 1233 2854 1304 γὰρ
2886 1233 3183 1304 ἁμαρτίας,
3212 1233 3307 1286 καὶ
3330 1235 3476 1285 ποιεί
3495 1233 3684 1302 φίλους
3704 1233 3849 1304 Θεῷ.

2261 1323 2355 1378 καὶ
2389 1322 2539 1384 θείας
2572 1321 2789 1390 φύσεως
2830 1321 3144 1383 κοινωνοὺς,
3186 1321 3278 1375 καὶ
3310 1320 3410 1391 τῆς
3434 1322 3663 1392 γεέννης
3689 1321 3851 1374 ἑλευο

2261 1412 2429 1483 θεροί,
2457 1416 2552 1467 καὶ
2580 1414 2681 1483 τῆς
2727 1412 3005 1483 βασιλείας
3051 1411 3192 1476 ἀξιοί
3236 1413 3361 1474 τοὺς
3397 1412 3559 1478 ἀξίως
3648 1415 3743 1466 καὶ
3771 1413 3853 1476 ὡς

2260 1504 2339 1556 δεί
2370 1505 2466 1575 τῆς
2494 1503 2588 1557 τοῦ
2619 1502 2754 1557 Θεοῦ
2802 1504 2979 1571 Λόγου
3018 1504 3222 1575 σαρκὸς
3256 1504 3665 1573 μετασχόντας.
3705 1506 3853 1558 Ὀλμα

2260 1595 2369 1664 γὰρ
2426 1593 2599 1648 ταῦτα
2651 1594 2763 1665 ζωή
2819 1594 2939 1646 εστι
3003 1594 3104 1660 τῆς
3158 1593 3428 1647 ἀθανάτου
3490 1594 3695 1665 ψυχῆς.
3746 1595 3854 1648 καὶ

2260 1683 2461 1753 τροφή.

2342 1791 2360 1823 ι
2402 1767 2540 1825 Εῐπε
2570 1771 2625 1824 δὲ
2668 1770 2853 1835 αὑτοῖς
2882 1773 2911 1823 6
2966 1769 3211 1841 Ἰησοῦς·
3262 1769 3405 1839 Ἐγώ
3449 1773 3565 1839 εἰμι
3599 1773 3627 1824 6
3674 1771 3844 1840 ἄρτος

596 1866 678 1915 nis
713 1864 993 1933 vitauqui
1053 1868 1201 1920 venit
1249 1868 1315 1920 ad
1369 1882 1485 1930 me.
1536 1883 1640 1922 non
1687 1870 1891 1924 esuriet
1921 1888 1936 1924 :
1968 1881 2023 1924 et
2066 1870 2157 1941 qui

2275 1862 2366 1928 τῆς
2403 1862 2589 1931 ζωῆς’
2626 1865 2655 1915 6
2699 1861 2996 1932 ἐρχόμενος
3026 1862 3164 1931 πρός
3200 1879 3289 1932 με,
3340 1863 3402 1915 οὐ
3440 1862 3516 1933 μὴ
3565 1865 3801 1934 πεινάσῃ
3827 1880 3842 1892 ’

595 1954 766 2006 credit
795 1957 844 2007 iu
878 1973 986 2022 me,
1025 1973 1128 2010 non
1163 1956 1310 2012 sitiet
1344 1974 1602 2027 unquam.
1638 1978 1659 2011 ι

667 2044 823 2100 Panis
856 2056 936 2102 est
981 2049 1125 2113 vitae,
1165 2065 1269 2103 non
1302 2050 1454 2118 quasi
1492 2050 1741 2117 corporis
1779 2052 1975 2107 famem
2021 2054 2164 2108 miti-

597 2147 704 2204 get,
752 2139 843 2189 sed
882 2146 1047 2191 totum
1086 2154 1148 2192 ex
1188 2140 1400 2209 integro
1441 2142 1641 2195 animal
1687 2146 1752 2195 ad
1783 2143 1948 2197 vitam
1995 2144 2165 2199 refor-

597 2238 724 2288 mct,
777 2230 900 2282 dum
944 2230 1127 2285 verbis
1174 2234 1431 2287 nimirum
1480 2233 1599 2304 ejus
1646 2235 2006 2304 spiritalibus,
2046 2252 2165 2307 quae

597 2333 720 2370 τοι-ει
755 2321 860 2371 vita
887 2330 1030 2383 sunt,
1058 2331 1388 2377 saturamur.

675 2412 835 2465 Vens.
862 2411 954 2466 57.
1011 2431 1030 2464 ι
1078 2413 1250 2467 Omne
1281 2414 1426 2482 quod
1463 2413 1553 2468 dat
1581 2414 1711 2469 mihi
1745 2413 1927 2477 Pater,
1970 2417 2036 2469 ad
2082 2430 2167 2470 me

600 2504 831 2557 veniet:
873 2513 927 2557 et
977 2517 1098 2558 eum
1153 2504 1241 2573 qui
1299 2504 1445 2559 venit
1497 2505 1563 2559 ad
1616 2521 1740 2571 me,
1796 2521 1901 2562 non
1953 2505 2166 2575 eiiciam

601 2593 767 2646 l'oras.
805 2611 823 2646 ι

674 2680 785 2733 Non
838 2692 1058 2748 temere,
1110 2682 1306 2752 inquit,
1352 2682 1484 2739 ﬁdes
1527 2685 1580 2739 in
1631 2700 1716 2740 me
1772 2687 2026 2755 obtingit,
2073 2686 2167 2741 sed

603 2787 794 2837 Supera
819 2788 955 2841 opus
992 2782 1073 2825 est
1111 2775 1368 2842 motione,
1408 2784 1464 2828 ut
1492 2789 1612 2844 qua;
1647 2775 1976 2830 intellectum
2007 2791 2167 2844 supe-

607 2870 749 2923 rant,
783 2878 1098 2931 cognoscas.
1136 2862 1298 2917 Pater
1337 2875 1517 2919 autem
1569 2866 1634 2920 ad
1677 2866 1971 2928 Christum,
2012 2865 2167 2936 quasi

605 2953 670 3005 ad
720 2952 1007 3017 medicum,
1045 2954 1294 3007 inﬁrmos
1345 2956 1591 3011 homines
1632 2957 1872 3011 adducit.
1919 2956 2170 3012 Christus

609 3057 736 3096 vero
761 3053 818 3094 nt
850 3043 1159 3112 homo,_pcr
1189 3045 1647 3115 dispensationem
1678 3047 1853 3103 defert
1886 3047 2030 3103 Patri
2055 3064 2172 3118 qua:

608 3131 803 3184 divina:
827 3142 1140 3201 competunt
1175 3146 1403 3203 naturae,
1447 3139 1660 3192 tametsi
1716 3153 1930 3208 quoque
1963 3139 2170 3209 sibiipsi

2269 1956 2364 2008 xui.
2389 1956 2416 2006 6
2452 1953 2726 2006 πιστεύων
2760 1956 2840 2016 εἰς
2862 1954 2986 2023 ἐμὲ,
3018 1954 3079 2005 οὐ
3126 1954 3200 2023 μὴ
3233 1953 3438 2024 διψήσῃ
3465 1954 3709 2006 πώποτε.
3742 1973 3759 2003 ι

2344 2046 2407 2096 Ἀ
2420 2061 2541 2113 ρτος
2566 2044 2681 2096 ἐστὶ
2709 2044 2874 2115 ζωῆς,
2910 2046 3008 2114 οὐχ
3038 2045 3112 2105 ὡς
3148 2045 3464 2115 σωματικὸν
3486 2045 3643 2113 λιμὸν
3667 2061 3851 2111 παρα·

2272 2135 2635 2207 μυθοὺμενος,
2677 2135 2794 2188 ἀλλ’
2843 2135 2964 2188 ὅλον
2998 2136 3056 2200 ἐξ
3108 2135 3230 2188 ὅλου
3284 2135 3346 2187 τὸ
3400 2134 3536 2198 ζῶον
3566 2136 3645 2197 είς
3696 2133 3853 2200 ζωὴν

2268 2226 2648 2291 ἀναπλάττων,
2683 2226 2750 2278 δι’
2795 2221 2871 2279 ὧν
2905 2226 3012 2278 τῶν
3041 2225 3217 2295 λόγων
3244 2225 3410 2280 αὐτοῦ
3446 2226 3852 2296 ὲμφορούμεθα

2272 2320 2378 2375 τῶν
2413 2319 2825 2389 πνευματικῶν,
2850 2320 2877 2371 ὅ
2907 2319 3023 2371 ἐστι
3054 2318 3166 2388 ζωὴ
3193 2318 3418 2389 ἀληθής.

2348 2429 2366 2462 ι
2398 2413 2515 2464 Πᾶν
2542 2411 2571 2463 ὃ
2595 2409 2780 2465 δίδωσί
2816 2427 2908 2479 μοι
2951 2412 2979 2462 6
3012 2411 3222 2480 Πατὴρ,
3262 2411 3395 2480 πρὸς
3450 2409 3551 2477 ἐμὲ
3575 2408 3720 2477 ἥξει,
3753 2410 3855 2462 καὶ

2271 2504 2362 2557 τὸν
2392 2503 2685 2575 ἐρχόμενον
2722 2502 2857 2573 πρός
2891 2519 2981 2572 με,
3025 2502 3085 2553 οὐ
3117 2503 3193 2572 μὴ
3226 2500 3443 2555 ἐκϐάλω
3464 2501 3588 2566 ἔξω.
3626 2520 3646 2553 ι

2344 2680 2455 2733 Οὐκ
2485 2679 2619 2745 ἐστι,
2648 2677 2804 2748 φησὶ,
2846 2677 2905 2730 τὸ
2956 2677 3118 2748 τυχὸν
3145 2680 3176 2747 ἡ
3208 2679 3289 2741 εἰς
3344 2678 3445 2747 ἐμὲ
3477 2678 3679 2741 πίστις,
3711 2679 3855 2734 ἀλλὰ

2273 2774 2370 2842 τῆς
2412 2771 2615 2825 ἄνωθεν
2666 2771 2837 2824 δεῖται
2868 2770 3060 2840 ῥοπῆς,
3095 2770 3183 2824 ἵνα
3213 2769 3357 2840 γνῷς
3400 2769 3469 2823 τὰ
3514 2771 3655 2841 ὑπὲρ
3698 2771 3850 2823 νοῦν.

2277 2863 2488 2933 Ὠσπερ
2539 2859 2710 2931 ἰατρῷ
2752 2860 3019 2931 προσάγει
3066 2862 3094 2913 6
3140 2862 3330 2932 Πατὴρ
3365 2861 3441 2931 τῷ
3474 2862 3694 2931 Χριστῷ
3721 2863 3853 2924 τοὺς

2275 2955 2520 3018 ἀσθενεῖς
2546 2953 2891 3025 ἀνθρώπους,
2949 2952 3310 3022 οίκωθομικῶς
3351 2954 3407 3006 δὲ
3453 2953 3528 3015 ὼς
3555 2953 3849 3022 ἄνθρωπος

2276 3045 2353 3114 τῷ
2385 3046 2560 3116 Πατρὶ
2588 3045 2655 3098 τά
2696 3043 2974 3114 θεοπρεπῆ
3014 3043 3333 3115 ἀνατίθησιν
3362 3061 3375 3072 ’
3409 3044 3532 3096 ἐπεὶ
3567 3044 3743 3114 ἰσχύει
3774 3045 3854 3106 ὡς

2278 3136 2408 3196 Θεὸς
2440 3139 2467 3188 6
2527 3135 2762 3206 Χριστὸς
2812 3134 2989 3204 ἑαυτῷ
3038 3138 3432 3205 προσαγαγεῖν.
3491 3135 3676 3205 ’Ύδωρ
3727 3136 3787 3188 δὲ
3822 3137 3854 3175 ι’

610 3231 666 3276 ιιι
706 3221 813 3277 Deo
844 3224 931 3277 illa
954 3199 1157 3295 posset
1188 3199 1484 3284 ascribere.
1535 3229 1740 3299 Aquam
1776 3239 1956 3284 autem
1997 3242 2052 3287 et
2082 3247 2172 3300 po-

2277 3226 2371 3278 καὶ
2408 3199 2697 3278 πότοπίῶδε
2726 3224 2895 3292 λέγει,
2931 3199 3094 3294 ηδιά-
3125 3199 3441 3297 Πνειῖμγατος
3474 3199 3769 3295 ἁγιασμὸν,
3818 3226 3855 3295 ἦ

613 3324 724 3367 tum
759 3315 849 3370 hic
879 3317 1134 3386 appellat,
1172 3320 1252 3374 vel
1284 3319 1520 3389 Spiritus
1549 3323 2065 3390 sanctiticatinnem,
2093 3324 2172 3379 vel

2278 3318 2410 3371 αὐτὸ
2434 3317 2492 3370 τὸ
2531 3316 2684 3384 ἅγιον
2717 3316 2961 3387 Πνεῦμα.

613 3408 902 3477 ipsummet
940 3408 1202 3479 Spiritum
1234 3422 1504 3467 sanctum.

688 3498 847 3555 Vens.
881 3500 971 3554 40.
1019 3518 1038 3552 ι
1073 3502 1135 3555 Ει
1167 3518 1267 3572 ego
1307 3506 1645 3561 resuscitaho
1670 3523 1816 3564 eum.
1857 3526 1874 3559 ι

691 3591 891 3647 Omnes
928 3595 1143 3663 quidem
1196 3596 1440 3652 homines
1486 3610 1791 3669 resurgunt,
1847 3601 1944 3654 soli
1999 3612 2174 3654 tamen

616 3679 801 3736 ﬁdeles
845 3683 1001 3739 bonis
1033 3685 1333 3753 potiuntur.
1376 3686 1546 3743 Filius
1578 3699 1756 3743 autem
1788 3693 2072 3746 credentes
2103 3693 2180 3744 vi-

616 3774 821 3839 viticat,
851 3784 1041 3829 natura
1074 3792 1169 3831 sua
1201 3778 1459 3834 mortales
1499 3780 1565 3833 ad
1592 3780 2054 3836 immortalitatem
2086 3798 2177 3837 re-

618 3864 879 3919 forlnans.

2355 3541 2373 3571 ι
2403 3521 2513 3574 Καὶ
2542 3521 2833 3591 ἀναστήσω
2861 3520 3023 3573 αὑτὸν
3053 3519 3182 3588 ὲγὼ.
3226 3540 3245 3572 ι

2352 3612 2560 3673 Πάντες
2609 3611 2706 3678 μὲν
2755 3609 3032 3677 ἄνθρωποι
3100 3609 3439 3671 ἀνίστανται.
3487 3610 3641 3679 μόνοι
3701 3610 3759 3662 δὲ
3805 3614 3855 3665 οἱ

2280 3701 2462 3753 πιστοὶ
2501 3699 2777 3765 ἀξιοῦνται
2807 3699 2915 3753 τῶν
2946 3700 3188 3767 ἀγαθῶν.
3233 3702 3494 3753 Ζωοποιεί
3516 3702 3543 3752 6
3572 3700 3699 3764 Υἱὸς
3727 3703 3856 3765 τοὺς

2282 3792 2530 3855 πιστοὺς,
2556 3792 2681 3854 τοὺς
2702 3792 2864 3860 φύσει
2890 3791 3165 3861 φθαρτοὺς
3187 3790 3509 3862 ἀνθρώπους
3541 3791 3859 3861 μεταπλάτ-

2280 3901 2387 3936 των
2410 3884 2488 3946 είς
2517 3883 2814 3935 ἀθανασίαν
2841 3896 2887 3936 υ.
2929 3882 3174 3952 Συνεχῶς
3214 3884 3343 3953 περὶ
3370 3883 3469 3953 τῆς
3502 3882 3860 3947 ἀναστάσεως

693 3956 803 4008 Cur
843 3965 949 4009 tam
1000 3958 1315 4027 frequenter
1366 3961 1820 4016 resurrectionem
1878 3967 2172 4021 memorati

2283 3973 2607 4041 διαλέγεται,
2643 3973 2727 4026 ἵνα
2784 3974 2860 4043 μὴ
2893 3975 3007 4036 τοῖς
3056 3973 3290 4044 παροῦσι
3338 3973 3630 4043 πράγμασι
3695 3974 3863 4043 μόνον

620 4045 698 4099 Ne
734 4049 1089 4115 praesentibus
1130 4049 1310 4104 solum
1350 4052 1400 4105 in
1451 4051 1614 4106 rebus
1656 4052 1745 4107 Dei
1791 4056 2181 4122 providentiam

620 4145 991 4190 statuant:ut
1039 4139 1083 4192 si
1123 4140 1213 4195 hic
1268 4141 1404 4195 bona
1459 4160 1562 4198 non
1611 4146 1892 4214 recipiant,
1946 4164 2012 4201 ne
2063 4149 2184 4206 idco

2285 4066 2513 4137 κρίνωσι
2543 4066 2639 4135 τὴν
2663 4065 2755 4118 τοῦ
2777 4067 2912 4119 Θεοῦ
2937 4066 3216 4136 πρόνοιαν,
3253 4067 3346 4119 καὶ
3368 4068 3449 4119 ὅτι
3481 4067 3583 4119 κᾶν
3617 4066 3863 4118 ἐνταῦθα

2288 4158 2364 4226 μὴ
2397 4158 2736 4220 ἀπολάϐωσι,
2782 4158 2856 4227 μὴ
2898 4157 2985 4210 διὰ
3040 4157 3200 4210 τοῦτο
3228 4156 3565 4226 ὑπτιώτερον
3603 4156 3860 4227 γένηται,

620 4226 898 4293 segniores
922 4228 1050 4292 sint,
1088 4229 1184 4284 sed
1212 4230 1391 4286 futura
1421 4246 1643 4303 sperent
1674 4246 1730 4291 et
1752 4236 1910 4291 aliam
1940 4250 2172 4307 spectent

2288 4252 2427 4306 ἀλλὰ
2447 4256 2515 4307 τά
2537 4253 2794 4323 μέλλοντα
2824 4250 3184 4322 προσδοκῶσι,
3214 4250 3308 4305 καὶ
3328 4250 3521 4321 ἑτέραν
3552 4249 3701 4319 ζωήν
3745 4247 3860 4319 (6).

620 4314 806 4368 vitam.

691 4404 856 4462 Vens.
899 4408 987 4463 42.
1031 4426 1050 4462 ι
1080 4411 1146 4466 Ει
1195 4412 1448 4467 dicebant
1479 4432 1493 4467 :
1522 4413 1710 4469 Nonne
1760 4417 1850 4471 hic.
1905 4428 1987 4474 est
2031 4419 2187 4477 Jesus

2369 4450 2385 4478 ι
2424 4430 2533 4483 Καὶ
2556 4428 2740 4497 ἔλεγον
2763 4444 2776 4458 ·
2810 4429 2922 4498 Οὐχ
2939 4420 3092 4491 οὗτός
3123 4428 3273 4481 ἐστιν
3316 4426 3520 4496 Ἰησοῦς
3546 4427 3573 4479 ὀ
3596 4426 3709 4488 υίὸς
3744 4427 3865 4479 Ίωο

622 4498 765 4553 ﬁlius
799 4498 1022 4571 Joseph,
1064 4503 1218 4574 cujus
1255 4518 1353 4560 nos
1402 4507 1649 4561 novimus
1695 4517 1899 4576 patrem
1965 4522 2020 4565 et
2069 4529 2172 4567 ma-

2293 4519 2422 4590 σὴφ,
2453 4513 2515 4572 οὗ
2542 4521 2703 4588 ἡμεῖς
2729 4518 2947 4587 οἴδαμεν
2974 4516 3064 4568 τὸν
3090 4517 3298 4585 πατέρα
3352 4516 3447 4566 κα)⁵
3469 4512 3567 4583 τὴν
3604 4513 3825 4584 μητέρα
3847 4530 3867 4579 ς

623 4590 797 4645 trem?
837 4591 1118 4661 Quomodo
1168 4610 1297 4665 ergo
1326 4595 1462 4651 dicit
1494 4597 1601 4661 hic,
1649 4601 1772 4669 quia
1826 4602 1890 4655 de
1922 4603 2063 4659 coelo
2092 4605 2185 4659 de-

622 4684 844 4737 scendi?
871 4704 890 4737 ι

696 4773 923 4843 Propter
958 4789 1184 4833 matrem
1214 4779 1333 4848 ejus
1361 4782 1655 4836 secundum
1688 4797 1907 4838 carnem
1940 4785 2183 4855 impossi-

623 4864 729 4918 hile
755 4867 1133 4922 existimabant
1170 4871 1345 4938 ipsum
1380 4888 1410 4927 e
1436 4874 1576 4927 creto
1610 4876 1971 4933 descendisse.
2002 4878 2096 4933 Vel
2132 4881 2183 4934 in

622 4955 859 5009 visibilia
892 4958 1261 5027 respicientes,
1307 4980 1413 5017 non
1449 4965 1777 5021 invisibilem
1824 4969 1993 5037 ipsius
2024 4982 2184 5023 natu-

626 5062 739 5100 ram
768 5052 1146 5118 recogitantes,
1196 5057 1723 5122 scandalizabantur,
1764 5060 2069 5116 dicentibus
2097 5060 2188 5116 Ju-

626 5137 757 5192 dzcis
787 5154 800 5191 :
831 5137 1018 5195 Nonne
1044 5143 1129 5195 hic
1157 5154 1231 5197 est
1258 5144 1403 5212 ﬁlius
1439 5147 1631 5217 Ioseph
1652 5149 1678 5201 7
1704 5159 1807 5203 etc.
1851 5152 2033 5217 Quare
2081 5168 2187 5208 non

628 5230 906 5298 respondit
944 5232 1048 5287 illis
1077 5251 1090 5288 :
1118 5233 1288 5289 Filius
1312 5235 1512 5305 Joseph
1556 5255 1661 5294 non
1713 5255 1853 5296 sum.
1882 5242 2017 5308 Quia
2060 5260 2190 5299 non-

627 5323 752 5376 dum
783 5323 927 5379 illam
961 5326 1332 5383 admirabilem
1375 5329 1492 5397 ejus
1533 5346 1596 5386 ex
1638 5332 1855 5404 Virgine
1890 5338 2191 5405 generatio-

2284 4610 2409 4671 Πῶς
2436 4608 2529 4662 οὖν
2558 4608 2706 4676 λέγει
2734 4602 2909 4672 οὗτος,
2956 4609 3039 4661 ὃτι
3090 4609 3181 4661 Ἐκ
3207 4606 3305 4660 τοῦ
3343 4604 3575 4675 οὐρανοῦ
3619 4604 3865 4658 καταδέ-

2285 4703 2457 4771 εηκας
2493 4719 2511 4750 ι

2360 4794 2459 4847 Διὰ
2486 4793 2584 4864 τὴν
2622 4793 2763 4846 κατὰ
2796 4792 2976 4863 σάρκα
3006 4792 3217 4862 μητέρα
3246 4788 3414 4842 αὑτοῦ
3450 4788 3713 4843 ἀδύνατον
3743 4788 3861 4841 ἐνό-

2289 4887 2442 4957 μιζον
2490 4886 2549 4949 ἐξ
2581 4886 2813 4956 οὐρανοῦ
2860 4885 3023 4937 αὐτὸν
3077 4880 3614 4949 καταϐεϐηκέναισῆ
3674 4881 3757 4942 εἰς
3800 4880 3865 4932 τὸ

2285 4977 2607 5045 φαινόμενον
2661 4977 2917 5045 ὁρῶντες,
2956 4976 3014 5027 οὐ
3056 4974 3154 5045 τὴν
3184 4973 3435 5043 ἀόριστον
3480 4970 3646 5024 αὐτοῦ
3698 4973 3864 5040 φύσιν

2285 5068 2612 5130 ἐννοοῦντες,
2637 5068 3101 5132 ἐσκανδαλίζοντο,
3126 5066 3390 5119 εἰπόντων
3417 5064 3526 5115 τῶν
3563 5063 3859 5119 Ἰουδαίων.

2293 5176 2310 5209 ι
2335 5158 2446 5227 Οὐχ
2470 5154 2620 5220 οὗτός
2652 5159 2798 5210 ἐστιν
2837 5158 2866 5209 ὁ
2896 5158 3008 5219 υίὸς
3045 5156 3276 5225 Ίωσήερ;
3311 5172 3329 5205 ι
3370 5154 3465 5207 καὶ
3487 5155 3555 5205 τὰ
3583 5152 3733 5221 ἑξῆς.
3764 5154 3863 5205 Διά

2288 5249 2341 5301 τί
2379 5250 2454 5319 μὴ
2505 5247 2778 5318 ἀπεκρίθη
2811 5249 3016 5311 αὐτοῖς,
3062 5247 3143 5299 ὅτι
3175 5246 3288 5299 υὺκ
3314 5247 3433 5315 εἰμὶ
3456 5244 3570 5307 υίὸς
3615 5245 3860 5312 Ἰωσήφ;

2292 5339 2477 5410 ἐπειδὴ
2529 5340 2754 5410 μηδέπω
2811 5339 3085 5409 ἡδύναντοξ
3119 5339 3211 5390 τὸν
3268 5336 3580 5407 θαυμαστὸν
3651 5339 3865 5389 έκὲνον

699 5500 726 5539 ³³
754 5498 842 5552 (Ῑιτε
880 5501 1111 5583 εῖιυζὲέο
1189 5514 1212 5541 ⁸⁵
1254 5505 1476 5583 (ξιοοςτρῖς
1511 5506 1669 5573 φύσει
1695 5509 1953 5581 φθαρτοῖς
1980 5512 2286 5582 ἀνθρώποις
2320 5514 2420 5583 τῆν
2457 5514 2718 5578 ζωοποιὸν
2757 5515 2848 5567 τοῦ
2924 5515 3129 5581 Πατρὸς
3180 5513 3406 5577 ἐντιθεὶς
3472 5512 3703 5583 δύναμιν
3769 5513 3859 5564 καὶ

632 5567 787 5633 ὅλους
822 5572 1216 5641 μεταπλάττων
1246 5575 1323 5638 είς
1355 5575 1508 5627 ἀθαν.

706 5727 953 5809 (ςίὶΛῌιεο
1003 5730 1124 5786 cod.
1179 5731 1329 5787 Bodl.
1379 5731 1748 5800 Clnysostomi
1799 5749 1918 5790 esse
1958 5734 2087 5792 dicit
2132 5745 2183 5789 et
2222 5738 2397 5809 rcipsa
2445 5741 2629 5808 paucis
2685 5740 2906 5794 mutatis
2978 5742 3277 5798 inuenimus
3333 5740 3385 5795 in
3407 5739 3541 5809 Opp.
3572 5736 3861 5809 Chrysost.

638 5795 767 5863 VIII,
792 5800 881 5857 23.
