4130 6530
291 424 423 490 1437

1340 433 1804 501 FRAGMENTA
1849 440 1926 501 [Ν
1967 444 2028 504 S.
2069 447 2448 512 JOANNEM.

3424 438 3561 522 1433

285 539 520 593 ἀκοῦσαι
561 539 721 595 τόκον
777 542 870 597 τὸν
902 543 966 598 ἐκ
1027 544 1320 615 παρθένου.
1356 548 1419 600 Εἰ
1469 548 1525 601 δὲ
1577 549 1669 602 τὸν
1720 550 1855 604 κατὰ

1976 572 2098 611 nem
2163 571 2415 628 poterant
2472 560 2684 617 audire.
2738 561 2797 619 Si
2856 564 3199 619 nativitatem
3259 574 3557 619 secundum

285 633 467 702 σάρκα
505 634 606 687 οὐκ
637 635 903 704 ἠδύναντο
938 638 1127 708 σαφῶς
1158 639 1411 706 ἀκοῦσαι,
1444 641 1626 713 πολλῷ
1660 643 1865 713 μᾶλλον

280 726 380 796 τὴν
403 726 642 796 άρῥητον
683 728 780 798 τὴν
810 727 943 784 ἄνω.
981 728 1204 801 [ΟΜΝ
1521 741 1528 747 ’

360 836 378 869 ι
414 819 601 881 Οὐδεὶς
632 818 854 873 δύναται
877 820 1050 873 ἐλθεῖν
1080 823 1218 893 πρός
1255 840 1345 893 με,
1381 823 1477 877 ἐὰν
1508 824 1585 895 μὴ
1614 826 1642 877 6
1670 827 1865 897 Πατὴρ

281 910 311 963 6
338 909 560 980 πέμψας
592 926 682 981 με,
707 906 913 985 ἑλκύσῃ
934 913 1098 967 αὐτόν
1119 930 1132 944 ο
1164 913 1260 967 καὶ
1298 913 1411 984 ὲγὼ
1440 917 1736 988 ἀναστήσω
1767 918 1867 971 αύ-

279 1002 373 1056 τὺν
402 1006 467 1073 τῇ
499 1003 706 1078 ἐσχάτῃ
735 1002 940 1075 ἡμέρᾳ.
986 1024 1005 1057 ι

355 1097 495 1161 Τοὺς
549 1097 693 1151 κατὰ
747 1098 1069 1170 προαίρεσιν
1098 1098 1334 1169 ἀγαθοὺς
1394 1100 1547 1155 ἕλκει
1584 1102 1612 1155 6
1647 1102 1861 1172 Πατὴρ,

280 1192 407 1253 τοὺς
433 1190 491 1243 δὲ
534 1190 845 1262 μοχθηροὺς
895 1193 982 1263 se.
1012 1193 1087 1247 Οὐ
1120 1193 1182 1247 τὸ
1214 1193 1300 1262 ἐφ’
1336 1195 1472 1264 ἡμῖν
1509 1194 1859 1260 αὐτεξούσιον

280 1284 501 1354 ἀναιρεί
530 1284 558 1336 6
585 1284 761 1353 λόγος,
793 1283 932 1337 ἀλλὰ
969 1285 1211 1339 δείκνυσι
1248 1285 1503 1355 βοηθείας
1540 1286 1856 1356 δεομένους.

282 1377 546 1430 Ἔλκεται
606 1377 715 1447 γὰρ
767 1377 869 1430 οὐκ
914 1377 1088 1442 ἄκων,
1143 1377 1279 1432 ἀλλὰ
1322 1377 1527 1447 πολλῆς
1570 1378 1862 1437 ἀπολαύων

281 1468 623 1539 συμμαχίας.
655 1467 1013 1523 Θεοδίδακτον
1057 1469 1113 1523 δέ
1133 1470 1160 1510 d
1186 1472 1337 1525 ἐστιν
1368 1473 1597 1541 ἀγαθὸν,
1624 1475 1685 1528 τὸ
1728 1474 1863 1545 περὶ

279 1560 520 1634 Χριστοῦ
555 1562 882 1633 μυστήριον.

357 1677 375 1706 ι
418 1656 575 1708 Ἔστι
619 1654 1014 1725 γεγραμμένον
1084 1656 1144 1707 ὲν
1189 1659 1305 1721 τοῖς
1360 1660 1716 1729 προφήταιςο
1751 1660 1861 1715 Καὶ

278 1747 494 1801 ἔσονται
528 1746 729 1809 πάντες
762 1746 1003 1799 διδακτοὶ
1030 1745 1124 1799 τοῦ
1165 1746 1325 1801 Θεοῦ.
1352 1750 1467 1813 Πᾶς
1498 1745 1592 1803 οὖν
1625 1750 1654 1802 6
1695 1751 1862 1806 ἁκού-

280 1857 379 1903 σας
433 1837 586 1911 παρὰ
627 1838 723 1893 τοῦ
769 1839 1006 1911 Πατρδς,
1054 1838 1146 1893 καὶ
1198 1838 1407 1911 μαθὼν,
1446 1841 1670 1913 ἔρχεται
1720 1844 1859 1916 πρός

280 1951 370 2006 με.
406 1952 424 1986 ι

350 2025 463 2080 Καὶ
495 2024 583 2079 διὰ
614 2024 719 2095 τῆς
750 2024 859 2079 τῶν
906 2026 1199 2097 προφητῶν
1227 2025 1581 2090 διδασκαλίας
1608 2024 1793 2083 εἷλκεν
1826 2028 1856 2081 6

275 2118 490 2189 Πατὴρ,
526 2116 665 2171 ἀλλὰ
700 2116 869 2189 πολλὴ
897 2119 929 2188 ἡ
960 2118 1194 2188 διαφορά
1226 2133 1239 2147 ·
1269 2120 1319 2171 οἱ
1355 2118 1456 2188 μὲν
1490 2118 1602 2189 γὰρ
1646 2119 1856 2191 πρῶτοι

274 2210 623 2264 ἐδιδάσκοντο
652 2210 744 2263 διὰ
773 2209 884 2263 τῶν
910 2209 1230 2280 προφητῶν.
1262 2212 1310 2264 οἱ
1349 2210 1405 2263 δὲ
1435 2212 1618 2264 πιστοὶ
1642 2210 1732 2265 διὰ
1757 2210 1853 2264 τοῦ

275 2303 433 2367 Υίοῦ,
467 2303 590 2375 ἦτοι
628 2301 724 2356 τοῦ
773 2301 930 2371 ἁγίου
976 2302 1314 2371 Πνεύματος.
1353 2300 1427 2353 Τὸ
1479 2300 1711 2355 ἀκοῦσαι
1744 2318 1858 2355 κοι-

273 2394 384 2459 νὸν,
408 2394 469 2447 τὸ
507 2393 567 2447 δὲ
620 2393 814 2464 μαθεῖν
848 2392 1025 2464 μόνων
1058 2389 1165 2446 τῶν
1199 2390 1582 2445 ὲπιδιδούντων
1628 2392 1856 2454 ἑαυτοὺς

270 2490 339 2560 τῇ
370 2488 580 2560 χάριτι.

349 2597 368 2629 ι
403 2580 518 2650 Οὐχ
550 2580 632 2631 ὅτι
683 2577 776 2631 τὸν
822 2577 1045 2649 Πατέρα
1102 2593 1186 2639 τις
1219 2574 1488 2647 ἑώρακεν,
1523 2577 1571 2630 εἰ
1613 2575 1688 2648 μὴ
1715 2577 1743 2628 6
1780 2575 1854 2629 ὣν

272 2671 425 2742 παρὰ
451 2671 543 2725 τοῦ
571 2668 728 2734 Θεοῦ,
770 2661 926 2732 οὗτος
958 2668 1172 2737 ἑώρακε
1203 2670 1295 2721 τὸν
1326 2664 1567 2736 Πατέρα.
1610 2684 1628 2715 ι

356 2764 413 2816 '0
452 2763 611 2833 μόνος
641 2761 871 2832 ἀόρατος
898 2760 1045 2831 μόνῳ
1073 2760 1149 2830 τῷ
1171 2759 1387 2830 ἀοράτῳ
1413 2756 1511 2828 τὴν
1537 2755 1698 2825 ,ρύσιν
1726 2756 1854 2825 φαί-

271 2872 444 2910 νεται.
474 2857 649 2918 Μόνος
682 2855 785 2925 ὁρᾷ
821 2856 849 2907 6
883 2853 1011 2916 Υἱὸς
1048 2852 1138 2905 τὸν
1166 2853 1405 2921 Πατέρα,
1435 2850 1511 2913 ὡς
1535 2847 1640 2914 ἔξω
1671 2849 1853 2920 ὑπάρ-

271 2964 385 3018 χων
413 2946 653 3011 πάντων,
688 2946 782 2998 καὶ
833 2946 994 3015 μόνος
1024 2944 1100 3018 ῶν
1146 2946 1212 2997 ὲκ
1239 2943 1339 3013 τῆς
1377 2941 1566 3003 οὐσίας
1613 2940 1705 2993 τοῦ
1738 2940 1853 2995 [Ια-

268 3016 428 3110 τρός.
449 3039 589 3103 Τοὺς
627 3037 881 3099 πλείονας
929 3037 1003 3100 δὲ,
1034 3016 1154 3108 ἦτοι
1180 3036 1389 3098 πάντας
1428 3034 1556 3097 τοὺς
1585 3032 1852 3105 βουλομέ-

269 3149 416 3195 νους,
451 3130 693 3183 διδάσκει
722 3129 750 3179 6
788 3126 942 3191 Θεός.

349 3238 367 3271 ε
420 3218 562 3287 Ἐγώ
591 3219 710 3287 είμι
744 3216 955 3285 ὀᾶρτος
978 3216 1077 3285 τῆς
1114 3215 1281 3285 ζωῆς.
1318 3235 1335 3267 ι

354 3313 439 3375 Ὠς
475 3310 623 3382 ζωὴν
649 3308 867 3363 αἰώνιον
919 3307 1095 3371 διδοὺς
1129 3310 1241 3371 τοῖς
1273 3312 1486 3373 πιστοῖς
1515 3325 1530 3340 ’
1562 3310 1596 3380 ἢ
1628 3310 1704 3373 ὼς
1730 3310 1849 3364 δια-

269 3402 491 3474 κρατῶν
522 3401 679 3472 ἡμῶν
708 3401 807 3471 τὴν
844 3398 1012 3469 ζωὴν,
1062 3398 1156 3452 καὶ
1184 3399 1285 3469 τὴν
1312 3398 1428 3464 νῦν,
1462 3400 1559 3454 καὶ
1584 3402 1682 3473 τὴν
1720 3400 1851 3471 μέλ-

266 3497 362 3549 λου
371 3513 487 3549 σαν.

347 3608 366 3639 ι
410 3585 552 3655 Ἐγώ
589 3586 706 3655 εἰμι
750 3586 779 3638 6
837 3583 1002 3657 ἄρτος
1035 3586 1064 3639 6
1097 3582 1225 3651 ζῶν,
1277 3585 1306 3637 6
1359 3585 1424 3638 ὲκ
1474 3584 1571 3638 τοῦ
1620 3584 1852 3657 οὐρανοῦ

269 3679 537 3743 καταϐάς.
582 3699 601 3731 ι

348 3792 366 3825 ι
400 3773 529 3826 Ἐάν
561 3790 647 3837 τις
682 3772 831 3843 φάγῃ
862 3771 927 3825 ἐκ
957 3769 1147 3823 τούτου
1180 3769 1273 3823 τοῦ
1299 3770 1485 3841 ἄρτου,
1521 3768 1745 3840 ζήσεται
1774 3772 1853 3834 είς

271 3865 362 3921 τὸν
391 3863 563 3917 αἰῶνα
584 3882 596 3893 ο
631 3866 726 3918 καὶ
750 3866 779 3917 6
804 3865 968 3935 ἄρτος
986 3862 1042 3914 δὲ
1067 3861 1125 3914 ὃν
1148 3860 1258 3930 ἐγὼ
1287 3859 1444 3913 δώσω
1463 3904 1476 3926 ,
1502 3861 1536 3932 ἡ
1574 3860 1711 3931 σάρξ
1745 3859 1852 3931 μού

273 3960 420 4012 ἐστιν
454 3959 519 4029 ἣν
555 3957 664 4027 ἐγὼ
695 3955 851 4009 δώσω
884 3956 1025 4026 ὑπὲρ
1051 3956 1151 4024 τῆς
1173 3952 1265 4007 τοῦ
1296 3954 1499 4024 κόσμου
1532 3953 1700 4023 ζωῆς.
1741 3973 1759 4005 ι

356 4040 675 4121 Ἀναγαγὼν
712 4051 770 4103 δὲ
804 4051 1007 4111 αὐτοὺς
1048 4049 1189 4102 κατὰ
1223 4047 1418 4119 μικρὸν
1461 4047 1599 4117 πρὸς
1640 4047 1742 4117 τὴν
1772 4047 1855 4109 είς

273 4143 437 4197 αὐτὸν
494 4144 700 4209 πίστιν,
738 4142 903 4195 πάλιν
959 4141 1114 4209 φησὶ,
1153 4159 1170 4190 ι
1208 4140 1319 4192 Καὶ
1366 4140 1394 4191 6
1436 4138 1599 4203 ἄρτος
1643 4138 1702 4190 ὃν
1742 4136 1855 4205 ἐγὼ

274 4235 453 4301 δώσω,
476 4237 509 4306 ἡ
540 4234 677 4306 σάρξ
704 4232 805 4303 μού
841 4233 980 4295 ἐστι,
1010 4250 1030 4282 ι
1058 4231 1155 4283 καὶ⁵
1179 4229 1252 4282 τὰ
1277 4229 1426 4298 ἑξῆς.
1450 4230 1562 4282 Καὶ
1584 4230 1693 4298 γὰρ
1723 4230 1854 4282 ἑαυ-

273 4327 365 4382 τόν
392 4344 523 4396 φησι
544 4326 742 4379 διδόναι
770 4325 887 4391 νῦν,
916 4324 977 4377 οὐ
1002 4324 1092 4376 τὸν
1130 4321 1368 4391 Πατέρα.
1402 4319 1626 4392 [ΟΒΑἏΙ.]

350 4422 550 4491 Ἀρτον
583 4419 741 4471 καλεῖ
760 4417 860 4488 τὴν
891 4415 1087 4469 ἑαυτοῦ
1125 4415 1327 4486 σάρκα,
1357 4413 1445 4466 διὰ
1479 4414 1539 4466 τὸ
1573 4412 1855 4469 ἐσθίεσθαι

276 4512 446 4582 αὐτὴν
476 4515 533 4565 ἐν
561 4513 672 4575 τοῖς
702 4510 1008 4580 μυστικοῖς.

1975 667 2197 706 carnem
2242 655 2485 708 nondum
2529 655 2680 711 clare
2713 655 2907 711 audire
2939 667 3218 726 pateram,
3253 656 3422 710 multo
3456 656 3559 714 nti-

1971 760 2071 797 nus
2108 744 2253 797 illam
2290 745 2618 800 inellahilem
2649 761 2939 815 supernam
2969 748 3401 816 generationem.

2042 837 2205 894 Vens.
2238 837 2329 892 44.
2375 857 2393 889 ι
2425 837 2594 893 Nemo
2621 848 2801 907 potest
2840 841 3025 894 venire
3060 841 3127 893 ad
3173 855 3277 905 me,
3313 839 3417 893 nisi
3454 839 3524 894 Pa

1970 940 2053 985 ter
2082 930 2175 999 qui
2206 931 2356 985 misit
2381 947 2488 995 me,
2529 932 2757 987 traxerit
2787 946 2912 986 eum
2949 948 2965 998 ;
2999 940 3055 987 et
3089 946 3188 1002 ego
3219 931 3559 988 resuscitabo

1965 1036 2090 1076 eum
2121 1022 2174 1075 in
2205 1023 2501 1077 novissimo
2527 1022 2635 1076 die.
2674 1043 2693 1075 ι

2040 1111 2246 1166 Probos
2275 1113 2493 1182 quidem
2528 1113 2696 1167 libera
2726 1130 2824 1169 sua
2864 1115 3145 1170 voluntate
3173 1116 3342 1171 trahit
3368 1117 3553 1183 Pater,

1965 1217 2164 1274 pravus
2209 1213 2393 1257 autem
2440 1205 2545 1259 sibi
2594 1205 2880 1269 relinquit.
2928 1205 3116 1275 Neque
3165 1205 3392 1260 liberum
3454 1224 3553 1261 no-

1964 1304 2136 1350 strum
2188 1296 2472 1349 arbitrium
2518 1312 2698 1349 seruio
2746 1297 2833 1350 ille
2872 1297 3030 1361 tollit,
3067 1298 3161 1352 sed
3219 1312 3315 1349 nos
3368 1299 3552 1353 auxilii

1964 1387 2177 1456 indigos
2200 1388 2462 1442 ostendit.
2498 1387 2612 1441 Non
2642 1389 2787 1442 enim
2824 1389 3026 1442 invitus
3052 1389 3305 1453 trahitur,
3334 1390 3426 1443 sed
3455 1390 3544 1457 qui

1965 1496 2221 1551 magnum
2263 1480 2486 1535 adhibet
2542 1491 2818 1535 conatum.
2863 1480 2956 1537 Dei
3001 1492 3183 1536 autem
3223 1482 3420 1535 denunt
3468 1491 3551 1537 est

1962 1573 2166 1629 Christi
2195 1574 2350 1630 ﬁdes.

2037 1664 2200 1720 Vens.
2233 1665 2323 1720 45.
2369 1684 2388 1717 ‹
2425 1664 2521 1718 Est
2549 1664 2813 1735 scriptum
2844 1664 2898 1717 in
2936 1663 3214 1733 prophetis
3248 1681 3262 1717 :
3293 1662 3359 1717 Et
3389 1672 3553 1718 erunt

1962 1773 2150 1813 omnes
2181 1758 2443 1813 docibiles
2470 1756 2589 1812 Dei.
2623 1755 2814 1813 Omnis
2841 1758 2934 1826 qui
2962 1755 3169 1810 audivit
3209 1771 3239 1809 a
3273 1754 3456 1822 Patre,
3494 1760 3551 1811 et

1963 1851 2172 1915 didicit,
2202 1849 2349 1905 venit
2380 1850 2445 1904 ad
2473 1864 2581 1905 tne.
2616 1869 2636 1902 ι

2035 2028 2140 2083 Per
2168 2027 2473 2082 doctrinam
2502 2040 2718 2095 quoque
2748 2025 3132 2096 prophetarum
3160 2024 3324 2079 Pater
3360 2022 3549 2089 traxit,

1962 2122 2057 2177 sed
2090 2123 2247 2175 modo
2278 2121 2435 2190 longe
2463 2119 2681 2174 diverso
2712 2135 2726 2173 :
2761 2118 2889 2171 olim
2923 2116 3196 2188 siquidem
3230 2126 3445 2172 veteres
3473 2116 3548 2171 illi

1962 2231 2060 2287 per
2104 2214 2398 2284 prophetas
2445 2196 2805 2275 docebantur,
2848 2209 3009 2266 modo
3050 2226 3180 2265 vero
3230 2209 3413 2265 ﬁdeles
3453 2224 3550 2281 per

1964 2305 2253 2374 ipsummet
2304 2302 2499 2357 Filium
2526 2302 2641 2357 sive
2696 2299 2957 2371 Spiritum
3013 2309 3262 2355 sanctum
3349 2300 3550 2355 Audire

1963 2397 2202 2468 quidem,
2247 2410 2536 2450 commune
2564 2402 2649 2449 est
2676 2395 2959 2461 omnibus;
3004 2395 3097 2448 sed
3131 2393 3449 2464 intelligere,
3486 2392 3550 2446 il-

1965 2489 2142 2544 lorum
2176 2481 2464 2551 duntaxat,
2500 2487 2590 2557 qui
2619 2487 2809 2556 gratia:
2839 2485 3237 2555 obsequuntur.

2039 2582 2205 2637 Vens.
2253 2580 2346 2637 46.
2390 2600 2408 2633 ι
2442 2578 2557 2634 Non
2604 2580 2729 2648 quia
2780 2578 2992 2633 Patrem
3044 2577 3182 2630 vidit
3232 2576 3544 2646 quisquam,

1963 2676 2064 2732 nisi
2099 2676 2144 2730 is
2173 2675 2265 2745 qui
2298 2683 2384 2730 est
2413 2689 2442 2728 a
2466 2672 2598 2737 Deo,
2635 2672 2723 2727 hic
2756 2670 2891 2725 vidit
2936 2668 3177 2724 Patrem.
3217 2686 3235 2720 ι

2031 2769 2131 2836 Qui
2175 2768 2324 2822 solus
2365 2764 2769 2836 inaspectabilis
2822 2772 2926 2829 est,
2975 2777 3004 2814 a
3039 2761 3154 2816 solo
3204 2770 3398 2814 natura
3448 2774 3545 2814 sua

1961 2860 2334 2932 inaspectabili
2385 2860 2650 2915 cernitur.
2697 2856 2861 2912 Solus
2905 2857 3088 2924 itaque
3121 2853 3292 2908 Filius
3331 2852 3546 2907 Patrem

1960 2956 2128 3017 videt,
2160 2964 2215 3006 ut
2247 2953 2335 3021 qui
2370 2952 2550 3004 omnia
2580 2950 2834 3014 excedat,
2871 2948 3125 3015 solusque
3153 2961 3220 3000 ex
3245 2944 3547 3000 substantia

1960 3046 2137 3101 Patris
2166 3045 2412 3099 exsistat.
2443 3042 2712 3096 Plurimos
2738 3052 2947 3105 autem,
2983 3037 3065 3090 ιιι-ι
3091 3043 3356 3107 quotquot
3382 3035 3547 3088 etiam

1958 3137 2169 3201 volunt,
2212 3135 2354 3189 Deus
2386 3135 2562 3187 docet.

2032 3228 2200 3283 Vens.
2232 3228 2323 3284 48.
2369 3248 2384 3277 ι
2420 3226 2530 3295 Ego
2557 3240 2675 3278 sum
2705 3223 2861 3292 panis
2896 3220 3041 3274 vitae.
3085 3236 3103 3269 ι

2028 3320 2101 3376 Ut
2131 3319 2272 3389 quod
2320 3318 2483 3371 vitam
2543 3326 2803 3370 :eternam
2854 3311 3101 3365 ﬁdelibus
3150 3317 3410 3378 prmstet,
3464 3322 3529 3359 ve

1954 3415 2121 3469 vitam
2148 3424 2410 3476 nostram,
2450 3419 2553 3463 tam
2582 3415 2901 3478 prmsenteut
2933 3418 3095 3474 quam
3131 3400 3391 3463 futuram,
3420 3396 3545 3451 red-

1957 3510 2049 3562 dat
2079 3504 2380 3558 fortiorem.

2025 3597 2192 3652 Vens.
2240 3596 2328 3649 5|.
2373 3612 2391 3644 ι
2423 3592 2534 3661 Ego
2575 3606 2694 3646 sum
2746 3587 2902 3657 panis
2943 3586 3098 3638 vivus
3140 3581 3232 3652 qui
3286 3579 3353 3634 de
3399 3576 3546 3631 coelo

1957 3686 2235 3745 descendi.
2269 3700 2290 3737 ›

2032 3784 2195 3837 Vens.
2224 3780 2310 3835 '52.
2361 3797 2379 3829 ι
2413 3778 2469 3831 Si
2512 3776 2633 3846 quis
2676 3772 3085 3828 manducaverit
3122 3785 3188 3823 ex
3236 3767 3340 3821 hoc
3382 3777 3547 3832 pane,

1958 3875 2104 3929 vivet
2134 3875 2187 3927 in
2232 3881 2492 3927 aeternum
2529 3887 2542 3922 :
2576 3877 2633 3922 et
2683 3866 2839 3936 panis
2872 3881 3032 3936 quem
3078 3878 3180 3933 ego
3219 3861 3380 3921 dabo,
3412 3871 3544 3911 caro

1958 3982 2075 4021 mea
2112 3974 2195 4019 est
2222 3980 2317 4034 pro
2342 3962 2526 4017 mundi
2563 3962 2692 4015 vita.
2727 3979 2746 4011 ι

2028 4058 2323 4111 Adducens
2378 4054 2497 4108 illos
2548 4052 2806 4122 paulatim
2859 4051 2925 4105 ad
2977 4048 3136 4104 iidem
3184 4048 3235 4101 in
3283 4050 3541 4116 seipsnm,

1964 4150 2161 4205 iterum
2212 4149 2342 4201 dicit
2384 4164 2397 4200 :
2433 4144 2502 4198 Et
2547 4144 2700 4212 panis
2745 4159 2892 4213 quem
2945 4157 3037 4211 ego
3083 4140 3220 4193 dabo
3263 4156 3386 4193 cura
3427 4155 3544 4192 mea

1957 4252 2055 4307 est,
2093 4248 2198 4294 etc.
2230 4237 2429 4307 Reipsa
2462 4236 2591 4290 dicit
2625 4248 2770 4287 nunc
2796 4233 2932 4286 dare
2964 4246 3045 4295 se,
3081 4245 3185 4285 non
3218 4229 3456 4284 Patrem.

2029 4422 2262 4478 Carnem
2310 4434 2465 4472 suam
2512 4427 2670 4471 vocat
2697 4430 2910 4486 panem,
2961 4427 3027 4466 eo
3076 4410 3215 4481 quod
3258 4411 3311 4464 in
3356 4426 3539 4465 mensa

1960 4513 2049 4568 illa
2077 4512 2303 4582 mystica
2335 4510 2670 4565 comedatur.

320 4644 324 4648 ι
352 4624 371 4657 ι
424 4603 724 4674 Ἐμάχοντο
764 4597 860 4655 οῦν
889 4600 1023 4671 πρὸς
1065 4598 1331 4669 ἀλλήλους
1360 4598 1408 4650 οἱ
1459 4598 1728 4661 Ἰουδαῖοι,
1760 4597 1855 4651 λέ-

2034 4603 2202 4658 Vzns.
2247 4600 2336 4656 5’5.
2384 4619 2401 4650 ι
2436 4599 2745 4667 Litigahant
2792 4612 2922 4664 ergo
2949 4593 3115 4647 Judaei
3166 4591 3231 4645 ad
3281 4591 3536 4652 invicem,

275 4713 500 4766 γοντες·
547 4696 669 4760 Πῶς
694 4694 922 4748 δύναται
958 4684 1116 4756 οὗτος
1146 4693 1276 4762 ἡμῖν
1314 4688 1499 4744 δοῦναι
1540 4690 1638 4761 τὴν
1673 4691 1854 4760 σάρκα

278 4791 473 4859 φαγεῖν
500 4805 514 4852 ;
550 4806 569 4840 ι

358 4882 446 4943 Ὠς
476 4878 628 4950 παρὰ
650 4877 814 4948 φύσιν
843 4878 995 4940 ὄντος
1022 4874 1115 4929 τοῦ
1148 4881 1474 4947 πράγματος
1500 4873 1848 4937 ἀπιστοῦσιν,

274 4976 351 5037 ὼς
401 4973 622 5042 ψυχικοῖ
656 4972 716 5024 οὐ
757 4971 937 5024 νοοῦσι
976 4970 1038 5023 τὸ
1083 4968 1459 5039 πνευματικὸν
1492 4967 1587 5021 τοῦ
1641 4967 1850 5038 Κυρίου

284 5067 436 5137 ῥῆμα
468 5074 515 5117 ε.
547 5063 624 5134 (7)
656 5063 916 5126 Είπόντες
941 5063 1019 5125 δὲ,
1055 5081 1072 5113 ι
1111 5062 1235 5126 Πῶς
1263 5062 1487 5115 δύναται
1531 5054 1683 5125 οὗτος
1717 5062 1851 5131 ἡμῖν

281 5157 596 5229 τῆν’σάρκα
625 5158 814 5210 ἑαυτοῦ
842 5158 1024 5212 δοῦναι
1054 5161 1269 5227 φαγεῖν,
1307 5177 1324 5209 ι
1377 5154 1735 5229 δείκνυ[ν]ται
1792 5155 1851 5218 ἐξ

277 5249 538 5314 ἀπιστίας
564 5249 721 5302 τοῦτο
772 5250 1051 5316 λέγοντες·
1103 5251 1231 5303 ὃταν
1260 5251 1369 5322 γὰρ
1417 5253 1448 5321 ἡ
1486 5252 1711 5321 ζήτησις
1756 5247 1852 5301 τοῦ

277 5338 396 5401 πῶς
455 5336 695 5408 εἰσέλθῃ,
754 5338 1158 5408 συνεισέρχεται
1205 5341 1302 5393 καὶ
1359 5342 1393 5410 ἡ
1442 5340 1692 5393 ἀπιστία.
1754 5338 1854 5393 Διὰ

274 5430 435 5482 τοῦτο
465 5430 557 5483 καὶ
613 5428 776 5505 αύτδς
825 5427 996 5481 θέλων
1037 5429 1227 5495 δεῖξαι,
1260 5433 1343 5484 ὅτι
1400 5432 1498 5484 οῦκ
1539 5432 1655 5485 ἔστι
1696 5433 1854 5485 τοῦτο

278 5519 564 5583 ἀδύνατον,
597 5519 733 5573 ἀλλὰ
761 5521 852 5573 καὶ
879 5518 1085 5590 σφόδρα
1120 5521 1436 5590 ἀναγκαῖον,
1464 5526 1557 5577 καὶ
1585 5524 1684 5577 οῦκ
1707 5523 1852 5577 ἔστιν

1960 4695 2210 4749 dicentes
2240 4710 2253 4745 :
2286 4691 2571 4755 Quomodo
2605 4696 2783 4755 potest
2815 4686 2903 4739 hic
2940 4684 3097 4737 nobis
3135 4694 3353 4735 carnem
3385 4695 3540 4733 suam

1960 4788 2091 4841 dare
2129 4784 2193 4855 ad
2228 4777 2699 4836 manducandum?
2747 4796 2765 4828 ι

2031 4875 2310 4942 Tanquam
2358 4886 2470 4926 rem
2518 4878 2729 4924 natura:
2774 4864 3125 4929 contrariam,
3162 4860 3383 4914 minime
3425 4874 3542 4913 crc-

1959 4970 2112 5032 dunt,
2148 4979 2322 5036 neque
2370 4973 2427 5016 ut
2474 4959 2737 5015 animales
2786 4956 3037 5029 spiritale
3078 4954 3276 5010 Christi
3315 4952 3539 5007 verbum

1958 5061 2199 5119 capiunt.

2027 5076 2199 5130 piunt.

2027 5148 2264 5204 Dicentlo
2293 5164 2305 5199 :
2335 5143 2611 5210 Quomodo
2640 5149 2806 5211 potest
2838 5140 2923 5193 hic
2963 5138 3110 5193 nobis
3150 5152 3359 5191 carnem
3386 5151 3536 5188 suum

1953 5247 2079 5297 dare
2118 5240 2186 5295 ad
2220 5238 2696 5293 manducandum?
2739 5234 3153 5290 Convincuntur
3180 5232 3281 5285 hoc
3312 5246 3379 5282 ex
3414 5229 3537 5282 inli-

1953 5337 2172 5392 delitate
2204 5334 2407 5389 dicere.
2443 5330 2669 5398 Quando
2691 5329 2834 5384 enim
2862 5327 3010 5381 venit
3043 5325 3158 5379 hmo
3184 5319 3538 5390 interrogatio

1951 5430 2234 5501 quomodo,
2269 5424 2477 5482 accedit
2522 5423 2684 5478 etiam
2735 5419 3049 5475 infidelitas.
3098 5417 3307 5472 Idcirco
3351 5413 3538 5468 volens

1953 5500 2057 5580 illis
2079 5518 2368 5576 ostendere
2390 5516 2519 5571 illud
2545 5528 2649 5569 non
2668 5527 2787 5568 esse
2814 5507 3275 5582 impossibile,sed
3302 5500 3539 5559 maxime

347 5676 371 5714 ά
402 5674 492 5731 Cr.
523 5676 639 5730 sine
676 5675 753 5731 δέ.
841 5686 863 5715 ⁸
899 5675 988 5731 Cr.
1028 5675 1157 5731 add.
1188 5679 1264 5729 Οὐ
1301 5683 1670 5748 σαρκοφαγεῖν
1698 5681 1848 5750 λέγει

1963 5678 2045 5733 ιλᾶ
2074 5678 2133 5731 τὸ
2176 5675 2470 5748 μετασχεῖν
2497 5671 2605 5726 τῶν
2636 5670 2934 5743 μυστικῶν.

352 5815 428 5884 (7)
463 5812 587 5868 llmc
614 5812 895 5885 Chrysosl.
927 5816 1015 5867 dat
1041 5816 1161 5869 rod.
1205 5815 1353 5872 Bodl.
1380 5832 1393 5882 ;
1424 5831 1525 5870 non
1552 5816 1890 5885 reperiuntur
1932 5818 1982 5873 in
2018 5817 2204 5875 homil.
2239 5813 2397 5871 XLVI
2432 5814 2484 5869 in
2546 5811 2704 5871 Joan.
2748 5815 2833 5872 ubi
2885 5812 2943 5869 S.
2987 5811 3263 5881 Chrysost-
3334 5802 3401 5860 de
3436 5794 3534 5849 11°"

279 5886 544 5947 Versit'ulo
574 5887 824 5951 disserit;
857 5888 925 5949 ρι’,
965 5885 1105 5954 VIII,
1133 5888 1259 5941 “259.
