4130 6604
548 446 682 513 1439

1681 446 2019 508 ΑΜΜΟΝΙΙ
2058 444 2583 504 ALEXANDHINI

3663 429 3813 491 14εο

550 560 938 627 necessarium,
961 571 1016 616 et
1063 560 1223 616 aliter
1271 562 1440 616 vitam
1488 561 1738 617 obtinere
1787 576 1892 615 non
1943 575 2121 629 posse,

2249 556 2402 619 ἱλλως
2442 556 2585 625 ἔχειν
2625 552 2791 624 ζωὴν,
2840 551 3023 620 φησὶν,
3066 568 3085 601 ι
3132 546 3259 600 Ἐάν
3304 546 3378 616 μή
3424 560 3505 606 τις
3569 561 3668 609 μου
3700 542 3814 611 τὴν

547 654 676 710 dicit
703 672 717 708 :
752 651 876 707 Nisi
898 654 1351 707 manducaveritis
1381 669 1592 707 carnem
1622 669 1817 716 meam,
1845 662 1949 705 etc.

623 742 740 797 Non
765 744 1061 813 participes
1086 754 1248 798 erunt
1270 744 1394 799 vita:
1420 753 1640 798 aeternae
1668 743 1758 811 qui
1788 758 1884 812 per
1914 750 2120 812 myste—

550 835 753 894 riorum
790 835 1261 904 participationem
1301 832 1511 898 Jesum,
1553 849 1739 888 veram
1792 847 1858 887 ex
1891 833 2128 887 essentia

551 926 740 988 vitam,
782 939 888 979 non
938 936 1286 994 receperunt.
1340 925 1519 991 Quare
1557 928 1762 981 etenim
1807 943 2023 994 semper
2062 928 2129 982 ad

554 1016 1011 1069 resurrectionem
1052 1016 1228 1070 redit?
1254 1016 1326 1071 Ut
1361 1018 1610 1071 ostendat
1646 1019 1954 1073 credentem
1990 1020 2043 1072 in
2072 1033 2131 1072 se

552 1122 657 1159 non
689 1105 743 1159 in
779 1114 1044 1161 aeternum
1073 1108 1421 1164 moriturum.
1460 1109 1567 1163 Sed
1603 1126 1822 1164 carnem
1856 1127 2009 1166 suam
2034 1125 2128 1164 ve-

553 1213 671 1251 rum
690 1196 870 1252 cibum
894 1207 1071 1262 vocat,
1104 1208 1158 1251 et
1186 1200 1502 1268 sanguinem
1533 1214 1719 1255 verum
1755 1211 1966 1271 potum,
1988 1203 2131 1272 quod

553 1289 732 1344 salvas
761 1289 967 1344 faciunt
1000 1290 1213 1345 animas
1245 1292 1609 1345 credentium.

627 1467 764 1522 Cum
812 1476 991 1521 autem
1023 1467 1075 1521 id
1106 1467 1221 1522 ﬁeri
1259 1482 1416 1537 posse
1458 1478 1761 1538 negarent,
1810 1483 1914 1524 non
1957 1470 2132 1525 solum

558 1574 664 1612 non
704 1558 817 1613 ﬁeri
855 1573 959 1611 non
994 1573 1185 1626 posse,
1220 1559 1349 1627 quin
1377 1570 1430 1611 et
1470 1574 1730 1627 perquam
1766 1561 2133 1615 necessarium

560 1648 816 1703 ostendit.
852 1647 988 1703 Vita:
1028 1649 1295 1717 siquidem
1323 1657 1541 1703 aeterna":
1572 1649 1737 1704 futuri
1769 1660 1895 1704 sunt
1944 1666 2135 1706 exsor-

564 1751 669 1805 tes,
698 1742 788 1809 qui
819 1741 870 1794 in
908 1754 1062 1793 sacra
1092 1741 1475 1795 communione
1501 1739 1707 1803 Jesum,
1734 1752 1919 1811 utpote
1946 1754 2134 1797 natura

564 1848 661 1887 sua
694 1831 858 1885 vitam
886 1832 1261 1896 exsistentem,
1296 1846 1401 1885 non
1426 1832 1789 1901 susceperint.

636 1922 802 1977 Vens.
839 1922 928 1977 56.
982 1940 1001 1973 ι
1029 1921 1169 1975 Caro
1203 1922 1344 1975 enim
1389 1937 1509 1975 mea
1556 1937 1681 1976 vere
1731 1933 1816 1976 est
1860 1924 2054 1979 cibus:
2087 1933 2141 1977 et
2169 1903 2213 1959 θ

565 2013 788 2083 sanguis
820 2026 993 2074 meus,
1021 2026 1147 2065 vere
1173 2020 1255 2065 est
1284 2019 1460 2078 potus.
1492 2029 1510 2061 ι

641 2105 765 2160 llaec
818 2103 977 2168 dixit,
1026 2104 1342 2167 ostendens,
1386 2120 1492 2157 non
1539 2105 1673 2159 meri
1736 2106 1973 2160 hominis
2023 2122 2143 2162 esse

567 2210 812 2259 carnem,
838 2195 932 2249 sed
964 2193 1247 2264 ipsiusmet
1276 2192 1419 2259 Filii,
1455 2203 1565 2249 tota
1605 2195 1893 2249 divinitate
1916 2209 2144 2251 sanctis-

567 2287 719 2343 sima:
754 2286 1041 2363 Trinitatis
1069 2285 1302 2355 plenam.

635 2376 800 2432 Vsus.
852 2377 941 2433 57.
1000 2395 1019 2429 ‹
1051 2376 1152 2443 Qui
1203 2377 1496 2432 mamlueat
1555 2393 1727 2432 meam
1779 2395 2040 2445 carnem,
2089 2390 2145 2435 et

568 2467 704 2525 bibit
746 2485 923 2523 meum
972 2468 1316 2540 sanguinem,
1366 2469 1419 2523 in
1472 2484 1560 2525 me
1606 2481 1811 2535 manet,
1859 2479 1913 2525 et
1946 2488 2045 2542 ego
2091 2473 2142 2525 in

569 2559 682 2615 illo.
720 2578 737 2610 t

642 2651 1104 2716 Quemadmodum
1136 2652 1243 2706 cibi
1266 2653 1554 2709 sensibiles
1576 2654 1731 2711 nobis
1754 2657 2149 2725 contemperati

569 2727 1130 2812 corpus'sustentaut,
1174 2744 1253 2798 sic
1295 2753 1350 2798 et
1388 2746 1615 2816 mystica
1644 2746 1951 2800 communio
1997 2758 2151 2800 natu-

571 2833 739 2888 ralem
792 2833 1197 2903 quodammodo
1231 2838 1521 2903 quamdam
1558 2836 1995 2908 coniunctionem
2039 2838 2151 2892 etii-

570 2928 674 2989 cit,
706 2925 983 2979 Christum
1019 2941 1139 2979 cum
1171 2926 1312 2980 ﬁdeli
1344 2929 1771 2983 commiscendo.

647 3014 805 3071 Vens.
836 3016 924 3073 53.
972 3036 990 3069 ι
1027 3018 1179 3070 Sicut
1221 3019 1368 3071 misit
1413 3034 1497 3073 me
1528 3020 1715 3075 vivens
1759 3021 1937 3085 Pater,
1972 3030 2027 3076 et
2054 3036 2154 3092 ego

576 3109 700 3161 vivo
734 3117 957 3177 propter
989 3105 1228 3173 Patrem,
1256 3117 1310 3163 et
1343 3110 1437 3179 qui
1478 3111 1773 3165 manducat
1800 3125 1907 3177 me,
1951 3120 2006 3166 et
2038 3112 2153 3181 ipse

575 3198 719 3251 vivet
749 3208 967 3266 propter
998 3212 1103 3251 me.
1136 3216 1155 3250 ι

649 3285 825 3367 Filius
866 3299 1061 3343 natura
1110 3292 1219 3346 vita
1260 3300 1363 3357 est,
1413 3292 1542 3346 nulli
1578 3293 1733 3347 alteri
1778 3294 1941 3349 vitam
1992 3310 2147 3350 acce-

580 3391 725 3452 ptam
754 3380 969 3447 ferens;
1005 3383 1110 3437 hoc
1157 3384 1300 3439 enim
1350 3384 1549 3439 animal
1591 3387 1916 3456 appellatur.
1963 3386 2150 3459 Neque

582 3471 747 3537 igitur
777 3489 972 3528 nomen
1018 3476 1270 3531 animalis
1299 3476 1368 3534 de
1404 3477 1535 3544 Deo,
1579 3493 1753 3549 neque
1800 3496 1997 3537 nomen
2029 3483 2152 3536 vita:

581 3560 648 3620 de
674 3571 921 3617 creatura
953 3569 1354 3633 pronuntiatur.

650 3650 813 3707 Vsus.
846 3653 936 3708 59.
982 3673 1001 3706 ι
1036 3655 1135 3709 Hic
1160 3667 1246 3711 est
1275 3657 1429 3726 panis
1458 3659 1549 3729 qui
1576 3659 1641 3715 de
1674 3660 1814 3715 cmlo
1850 3661 2148 3719 descendit.

581 3741 699 3799 Non
740 3746 880 3799 sicut
909 3748 1375 3806 manducaverunt
1407 3761 1589 3818 patres
1636 3753 1797 3805 vestri
1836 3768 2052 3819 manna,
2098 3765 2154 3809 et

587 3836 784 3892 ntortui
826 3845 970 3890 sunt.
1014 3837 1115 3907 Qui
1160 3841 1448 3895 manducat
1492 3841 1636 3895 hunc
1665 3857 1882 3912 panem,
1909 3845 2053 3899 vivet
2101 3846 2153 3902 in

584 3940 865 3987 a‘tcrttunt.
901 3951 920 3984 ι

658 4022 759 4089 Qui
799 4024 969 4077 credit
1002 4025 1174 4094 ipsum
1201 4027 1267 4080 de
1298 4026 1435 4081 caalo
1464 4042 1655 4096 panem
1689 4027 1952 4097 praebere,
1983 4034 2157 4087 credit

588 4128 803 4182 quoque
836 4116 1007 4183 ipsum
1037 4117 1203 4171 vitam
1236 4119 1367 4171 dare
1396 4121 1806 4189 sempiternam.
1839 4122 1939 4187 Qui
1975 4124 2157 4195 itaque

593 4220 789 4260 nmina
842 4208 1225 4273 comederunt,
1285 4224 1624 4279 nequaquam
1672 4213 1737 4266 de
1781 4214 1921 4269 cmlo
1962 4232 2156 4285 panem

590 4300 986 4353 manducarunt
1033 4303 1174 4354 unde
1203 4311 1256 4354 et
1285 4303 1482 4356 mortui
1513 4313 1639 4378 sunt

664 4386 825 4446 VEBS.
856 4390 947 4444 61.
987 4410 1007 4444 ‹
1039 4391 1185 4445 Multi
1243 4409 1373 4463 ergo
1418 4395 1699 4450 audientes
1756 4411 1825 4451 ex
1877 4397 2157 4469 discipulis

591 4479 731 4554 ejus,
766 4480 1015 4536 dixerunt
1050 4499 1065 4537 :
1107 4482 1280 4537 Durus
1309 4494 1390 4537 est
1418 4484 1505 4538 hic
1536 4498 1747 4553 sermo,
1795 4499 1851 4544 et
1896 4491 2016 4559 quis
2064 4506 2161 4561 po-

595 4581 699 4629 test
730 4587 850 4626 cum
879 4575 1069 4629 audire
1098 4574 1121 4628 ?
1150 4594 1169 4626 ι

661 4663 776 4719 Non
807 4665 1161 4737 intelligentes
1185 4683 1306 4738 quae
1335 4668 1674 4733 dicebantur,
1714 4686 1781 4726 ne
1831 4671 2047 4739 quidem
2082 4674 2157 4727 in-

592 4765 868 4825 terrogare
909 4773 972 4811 ac
1003 4759 1210 4813 discere
1249 4760 1552 4814 voluerunt.
1608 4759 1731 4815 liam
1754 4761 2007 4817 dicebant
2032 4764 2157 4832 quia

591 4847 815 4904 Verbum
842 4847 1049 4903 Domini
1084 4849 1318 4903 hmnauo
1359 4866 1506 4904 more
1531 4849 1919 4920 intelligehant.

666 4938 830 4997 Vnus.
875 4941 967 5001 65,
1031 4959 1048 4992 ι
1081 4941 1137 4996 Si
1184 4958 1312 5011 ergo
1376 4943 1617 4998 videritis
1672 4942 1866 4997 Filium
1930 4946 2160 4999 hominis

593 5032 999 5100 ascendentem,
1032 5035 1119 5087 ubi
1155 5045 1275 5089 erat
1308 5036 1501 5106 prius?
1542 5056 1559 5088 ι

662 5123 804 5179 Deus
834 5125 1168 5192 incarnatus,
1198 5128 1367 5196 ipsius
1405 5114 1489 5183 est
1522 5127 1691 5183 Filius
1724 5128 1976 5183 hominis.
2036 5126 2152 5183 Non

596 5225 775 5273 autem
826 5217 1000 5283 ipsum
1057 5232 1254 5287 corpus
1300 5230 1521 5276 vocatur
1555 5220 1721 5275 Filius
1764 5220 2017 5283 hominis,
2082 5219 2156 5271 uti

597 5306 736 5369 male
765 5307 964 5364 docens
992 5309 1278 5369 Marcellus
1331 5321 1623 5367 asseverat.
1678 5312 1861 5365 Semet
1914 5312 2046 5378 ipse,
2078 5310 2164 5362 in-

598 5396 736 5466 quil,
769 5413 800 5451 e
831 5398 968 5456 coelo
1000 5402 1343 5456 descendisse
1371 5401 1544 5465 docet,
1579 5401 1832 5469 quoniam
1862 5399 1999 5452 Deus
2026 5408 2164 5461 erat,

598 5500 653 5551 et
680 5492 731 5544 in
764 5506 929 5547 carne
957 5496 1301 5559 cernebatur,
1351 5503 1404 5547 et
1452 5493 1577 5564 quia
1611 5506 1740 5547 caro
1780 5492 1897 5560 ejus
1951 5492 2163 5545 vivilica

579 5584 1023 5639 demonstratur.

676 5674 836 5728 Vens.
865 5675 957 5729 64.
1008 5693 1028 5726 ι
1061 5676 1294 5745 Spiritus
1327 5685 1411 5731 est
1451 5675 1543 5745 qui
1572 5674 1804 5730 viviﬁcat
1832 5692 1846 5730 :
1897 5690 2025 5729 caro
2061 5691 2164 5726 nun

682 5826 706 5869 ί
740 5824 835 5886 0r.
866 5829 1325 5901 πεπληρωμένης.
1407 5834 1431 5873 ⁸
1455 5830 1543 5886 Cr.
1578 5830 1832 5900 Χριστός.

1910 5830 1935 5869 h
1970 5829 2064 5884 Cr.
2094 5827 2215 5882 add.
2247 5828 2324 5881 τό.

2228 650 2408 721 σάρκα
2458 648 2631 721 φάγῃ,
2669 666 2693 699 ι
2748 645 2843 699 καὶ
2893 641 2961 696 τά
3018 640 3164 710 ἑξῆς.
3222 633 3447 709 [Cum]
3518 634 3812 701 ’Ᾱμέτοχοι

2228 744 2447 797 ἔσεσθαι
2479 743 2578 812 τῆς
2608 737 2827 794 αἰωνίου
2859 734 3006 804 ζωῆς
3026 734 3076 786 οἱ
3098 732 3172 802 μὴ
3202 730 3289 784 διὰ
3318 729 3418 798 τῆς
3444 725 3814 798 μεταλήψεως

2228 836 2336 888 τῶν
2374 830 2656 903 μυστικῶν
2681 823 3117 898 παραδεξάμενοι
3153 820 3246 873 τὸν
3289 817 3517 889 Ἰησοῦν,
3548 816 3640 868 τὸν
3672 815 3815 867 ὄντα

2230 928 2374 999 ζωὴν
2426 926 2571 980 κατὰ
2620 923 2802 993 φύσιν.
2852 918 2951 971 Διὰ
2974 917 3025 970 τί
3056 915 3115 969 δὲ
3149 912 3385 984 συνεχῶς
3448 911 3673 982 στρέφει
3704 908 3816 977 τὴν

2229 1020 2551 1081 ἁνάστασιν;
2583 1016 2704 1068 Ἵνα
2738 1011 2886 1082 δείξῃ
2914 1011 2995 1063 ὅτι
3018 1010 3046 1061 6
3082 1008 3163 1070 είς
3201 1004 3363 1058 αὑτὸν
3397 1004 3669 1055 πιστεύων
3705 1000 3814 1053 οὐκ

2229 1109 2582 1165 ἀποθανεῖται
2612 1106 2692 1167 είς
2721 1102 2873 1165 τέλος
2892 1117 2906 1131 ⁸
2937 1098 3112 1169 άληθῆ
3143 1096 3199 1150 δὲ
3245 1093 3449 1166 βρῶσιν
3481 1091 3580 1164 τὴν
3610 1088 3815 1145 ἑαυτοῦ

2234 1205 2415 1275 σάρκα
2454 1200 2653 1264 καλεῖ,
2694 1196 2791 1251 κα)⁸
2831 1194 2894 1247 τὸ
2924 1190 3064 1263 αἷμα
3096 1188 3261 1244 αὑτοῦ
3297 1188 3474 1258 άληθῆ
3511 1188 3691 1248 πόσιν,
3718 1184 3816 1239 διὰ

2233 1298 2294 1350 τὸ
2321 1294 2517 1358 σώζειν
2538 1291 2638 1354 τὰς
2661 1288 2841 1360 ψυχὰς
2862 1285 2972 1339 τῶν
3000 1284 3181 1337 πίστει
3224 1280 3564 1352 μετεχόντων
3603 1277 3813 1332 αὐτῶν.

2260 1388 2437 1444 Casu.

2235 1385 2538 1544 [C?l::e]t6h
2561 1471 2616 1525 δὲ
2650 1471 2835 1538 ἔλεγον
2860 1469 2942 1521 ὅτι
2971 1466 3231 1523 ἀδύνατον
3252 1462 3408 1516 τοῦτό
3442 1462 3578 1519 ἐστι,
3600 1459 3823 1512 δείκνυ-

2236 1588 2323 1624 σιν
2354 1570 2437 1622 ὅτι
2482 1567 2544 1619 οὐ
2573 1564 2732 1636 μόνον
2763 1562 3048 1625 ἀδύνατον,
3076 1556 3214 1611 ἀλλὰ
3264 1556 3359 1609 καὶ¹
3403 1554 3609 1624 σφόδρα
3640 1554 3817 1618 ἀναγ-

2237 1663 2413 1717 καῖον.
2465 1656 2752 1728 Ἀμέτοχοι
2803 1655 2912 1725 γὰρ
2964 1652 3178 1705 ἔσονται
3217 1650 3314 1719 τῆς
3369 1647 3589 1701 αἰωνίου
3640 1644 3817 1713 ξδ’ῆῇ

2237 1758 2285 1809 oi
2329 1753 2403 1824 μὴ
2436 1752 2524 1805 διὰ
2561 1750 2663 1820 τῆς
2699 1745 3076 1820 μεταλήψεως,
3120 1743 3229 1797 τῶν
3275 1740 3555 1813 μυστικῶν
3580 1736 3823 1810 παραδε-

2240 1847 2462 1915 ξάμενοι
2497 1844 2588 1895 τὸν
2626 1838 2856 1913 Ἰησοῦν,
2886 1838 2978 1891 τὸν
3007 1837 3135 1890 ὅντα
3164 1835 3310 1905 ζωὴν
3335 1832 3477 1888 κατὰ
3504 1832 3686 1902 φύσιν.

2317 1954 2335 1987 ι
2385 1936 2451 1988 Ἦ
2477 1934 2588 2004 γὰρ
2640 1931 2778 2001 σάρξ
2810 1947 2913 2001 μου
2943 1926 3161 1998 άληθῶς
3203 1928 3319 1980 ἐστι
3358 1924 3583 1996 βρῶσις,
3620 1924 3717 1976 καὶ
3757 1922 3821 1975 τὸ

2240 2023 2382 2096 αἷμά
2413 2024 2538 2095 μου,
2566 2024 2781 2095 άληθῶς
2813 2025 2930 2075 ἐστι
2962 2021 3141 2082 πόσις.
3182 2038 3201 2070 ι

2312 2116 2497 2171 Ταῦτα
2524 2114 2694 2184 λέγει,
2744 2113 2959 2174 δεικνὺς
2989 2111 3070 2164 ὅτι
3099 2109 3200 2162 οὐκ
3226 2102 3295 2177 ἦν
3327 2103 3488 2174 ψιλοῦ
3525 2102 3819 2174 ἀνθρώπου

2242 2208 2277 2279 ἡ
2304 2204 2462 2276 σὰρξ,
2507 2203 2642 2258 ἀλλὰ
2677 2201 2771 2255 τοῦ
2817 2199 2975 2278 Υἱοῦ,
3023 2196 3430 2268 πεπληρωμένη
3454 2193 3474 2234 ί
3511 2194 3692 2265 πάσης
3722 2193 3819 2263 τῆς

2244 2300 2501 2368 Θεότητος
2529 2297 2629 2366 τῆς
2653 2293 2905 2365 Τριάδος.

2320 2411 2339 2444 ι
2389 2391 2447 2443 '0
2480 2388 2709 2459 τρώγων
2747 2403 2846 2456 μου
2889 2382 2989 2454 τὴν
3018 2382 3219 2451 σάρκα,
3250 2380 3348 2433 καὶ
3393 2378 3567 2432 πίνων
3622 2394 3725 2448 μου
3758 2374 3821 2428 τὸ

2246 2478 2419 2556 αἷμα,
2444 2484 2501 2536 ὲν
2529 2480 2652 2552 ἐμοὶ
2682 2479 2855 2549 μένει,
2882 2475 3035 2544 κάγὼ
3064 2477 3123 2528 ὲν
3153 2471 3322 2543 αὐτῷ.
3354 2490 3371 2507 ·

2321 2662 2532 2731 ’Ὠσπερ
2557 2657 2613 2709 αἱ
2646 2652 2903 2724 αἰσθηταὶ
2936 2652 3136 2720 τροφαὶ
3182 2648 3318 2717 «ἡμῖν
3373 2642 3823 2713 άνακιρνώμεναι

2252 2751 2542 2807 συνιστῶσι
2571 2748 2631 2801 τὸ
2663 2746 2845 2816 σῶμα,
2871 2741 3013 2795 οὕτω
3039 2742 3135 2794 καὶ
3160 2741 3195 2810 ἠ
3233 2736 3472 2808 μυστικὴ
3497 2734 3824 2805 μετάληψις,

2250 2845 2441 2915 ῶσπερ
2470 2840 2591 2894 τινὰ
2645 2835 2882 2906 φυσικὴν
2918 2832 3230 2901 συνάφειανΔ
3273 2830 3437 2887 ποιεῖ,
3463 2827 3556 2880 τὸν
3589 2823 3831 2897 Χριστὸν

2255 2935 2393 3008 μετὰ
2424 2933 2519 2986 τοῦ
2549 2929 2741 2984 πιστοῦ
2777 2924 3151 2995 ἀνακιρνῶσα.

2330 3045 2348 3078 r
2391 3022 2589 3086 Καθὼς
2627 3018 2918 3077 ἀπέστειλέ
2955 3033 3025 3087 με
3065 3017 3093 3069 6
3131 3013 3241 3078 ζῶν
3295 3010 3509 3082 Πατὴρ,
3548 3008 3707 3077 κάγὼ
3747 3008 3831 3072 ζῶ

2254 3119 2341 3173 διὰ
2373 3119 2465 3171 τὸν
2490 3115 2734 3185 Πατέρα,
2774 3111 2867 3163 καὶ⁵
2895 3112 2923 3162 6
2948 3106 3178 3179 τρώγων
3209 3122 3299 3177 με,
3319 3105 3571 3165 κάκεῖνος
3602 3102 3831 3173 ζήσεται

2177 3234 2220 3291 ρ
2253 3211 2319 3264 δι’
2356 3208 2475 3278 ὲμέ.
2513 3226 2532 3260 t

2324 3300 2488 3353 Φύσει
2533 3297 2645 3367 ζωή
2677 3298 2825 3349 ἐστιν
2858 3296 2887 3347 6
2926 3292 3053 3355 Υἱὸς
3071 3293 3118 3356 ε,
3164 3289 3226 3343 οὐ
3260 3287 3391 3359 παρ’
3429 3287 3620 3357 ἐτέρου
3644 3282 3832 3336 λαδὼν

2255 3390 2316 3442 τὸ
2344 3389 2442 3457 ζῇν
2471 3403 2486 3417 θ
2523 3385 2680 3438 τοῦτο
2713 3384 2820 3454 γάρ
2850 3380 2989 3447 ζῶον
3028 3380 3298 3433 καλεῖται.
3343 3376 3483 3430 Οὔτε
3513 3376 3606 3429 οὖν
3653 3375 3715 3427 τὸ
3734 3374 3833 3426 τοῦ

2257 3478 2397 3543 ζώου
2437 3478 2609 3547 ὄνομα
2634 3476 2888 3529 τάττεται
2918 3473 3013 3527 ἐπὶ
3040 3471 3201 3538 Θεοῦ,
3230 3470 3354 3523 οὕτε
3377 3471 3402 3509 ιι
3430 3469 3530 3539 τῆς
3565 3468 3711 3537 ζωῆς
3737 3468 3836 3517 ἐπὶ

2256 3570 2357 3640 τῆς
2395 3570 2649 3632 κτίσεως.

2333 3680 2352 3713 ι
2391 3656 2557 3724 Οὗτός
2586 3662 2735 3713 ἐστιν
2759 3662 2788 3713 6
2817 3658 3003 3729 ἄρτος,
3032 3659 3060 3711 ὁ
3082 3659 3145 3710 ὲκ
3178 3653 3273 3708 τοῦ
3303 3653 3537 3726 οὐρανοῦ
3563 3652 3832 3715 καταϐάς.

2258 3756 2333 3809 Οὐ
2369 3755 2551 3819 καθὼς
2589 3753 2790 3823 ἔφαγον
2818 3755 2869 3806 οἱ
2923 3752 3163 3822 πατέρες
3200 3748 3356 3820 ὑμῶν
3401 3750 3462 3800 τὸ
3513 3747 3708 3818 μάννα,
3741 3746 3836 3799 καὶ

2260 3849 2550 3903 ἀπέθανον.
2597 3846 2655 3899 '0
2701 3844 2928 3916 τρώγων
2966 3841 3155 3897 τοῦτον
3188 3841 3279 3894 τὸν
3321 3839 3507 3909 ἄρτον,
3566 3839 3721 3910 ζήσει
3752 3838 3838 3901 εἰς

2260 3944 2352 3999 τὸν
2383 3939 2577 3996 αἰῶνα.
2610 3958 2629 3990 ι

2345 4032 2403 4084 'U
2437 4028 2707 4084 πιστεύων
2732 4027 2815 4080 ὅτι
2866 4024 2926 4094 ἐξ
2955 4026 3187 4095 οὐρανοῦ
3224 4023 3425 4076 δίδοται
3457 4024 3485 4077 6
3529 4022 3712 4093 ἄρτος,
3746 4037 3840 4072 πιο

2265 4124 2447 4179 στεῦει
2477 4124 2558 4179 ὃτι
2585 4122 2681 4176 καὶ
2725 4120 2869 4190 ζωὴν
2925 4118 3145 4172 αἰώνιον
3174 4116 3414 4171 δίδωσιν.
3447 4114 3657 4168 Οὐκοῦν
3696 4114 3747 4166 oi
3775 4112 3840 4165 τὸ

2267 4218 2444 4287 μάννα
2478 4213 2769 4282 φαγόντες,
2803 4212 2906 4269 οὐκ
2936 4210 3142 4282 ἔφαγον
3176 4210 3267 4262 τὸν
3301 4208 3361 4274 ἐξ
3391 4206 3619 4277 οὐρανοῦ
3646 4206 3835 4277 ἄρτον,

2263 4305 2325 4371 ἐξ
2352 4300 2426 4359 ὧν
2453 4304 2749 4360 ἀπέθανον,
3018 4348 3022 4351 Α

2341 4414 2362 4448 ι
2402 4396 2592 4448 Πολλοὶ
2636 4390 2729 4447 οὖν
2758 4390 3091 4452 ἀκούσαντες
3137 4391 3201 4443 ὲκ
3228 4386 3334 4441 τῶν
3377 4385 3635 4457 μαθητῶν
3668 4384 3837 4464 αιξτοῦ

2268 4485 2420 4542 εἷπον
2440 4504 2454 4519 ’
2488 4485 2730 4557 Σκληρός
2756 4486 2902 4537 ἐστιν
2925 4476 3079 4546 οὗτος
3105 4482 3133 4534 6
3161 4481 3340 4550 λόγος,
3374 4479 3455 4543 τίς
3484 4478 3705 4532 δύναται
3735 4477 3837 4531 αὑο

2196 4587 2239 4641 D
2268 4580 2360 4638 τοῦ
2393 4579 2645 4643 ἁκούειν;
2690 4595 2709 4627 ι

2336 4673 2428 4742 Μὴ
2454 4669 2698 4733 νοοῦντες
2723 4667 2791 4721 τὰ
2818 4666 3108 4737 λεγόμενα,
3147 4664 3271 4718 οὔτε
3301 4664 3572 4733 ἐρωτῆσαι
3604 4663 3699 4714 καὶ
3729 4679 3839 4731 μα-

2268 4764 2381 4817 θεῖν
2409 4764 2700 4833 ἠνέγχοντο
2731 4762 2774 4811 ί.
2805 4759 3002 4831 [ΟΒΑΠ.
3039 4756 3190 4828 smn]
3222 4756 3394 4809 Τοῦτο
3442 4751 3615 4818 εἶπον,
3654 4752 3839 4819 ἐπειδὴ

2267 4855 2731 4924 ἀνθρωπινὰεερον
2758 4852 2955 4923 ἤκουον
2988 4849 3078 4901 τὸν
3108 4847 3201 4901 τοῦ
3230 4847 3434 4918 Κυρίου
3469 4846 3647 4914 λόγον.

2345 4964 2363 4996 r
2417 4944 2539 4997 Ἐὰν
2576 4940 2667 4996 οὖν
2689 4943 2929 5012 οεωρῆτε
2952 4940 3041 4993 τὸν
3080 4939 3208 4991 Υἱὸν
3246 4937 3338 4991 τοῦ
3375 4935 3665 5008 ἀνθρώπου
3700 4935 3835 4987 dva-

2264 5037 2517 5091 ϐαίνοντα
2547 5037 2680 5088 ὅπου
2713 5030 2780 5105 ἦν
2812 5033 2871 5085 τὸ
2901 5031 3191 5101 πρότερον.
3231 5049 3250 5079 ι

2349 5124 2409 5177 '0
2446 5122 2743 5194 σαρκωθεὶς
2785 5120 2939 5185 Θεὸς,
2982 5119 3144 5180 αὐτὸς
3194 5119 3342 5170 ἐστιν
3370 5120 3397 5169 6
3430 5116 3558 5177 Υίδς
3605 5114 3697 5166 τοῦ
3743 5114 3840 5165 ἀν-

2272 5216 2514 5286 θριὶδπου.
2564 5214 2635 5266 Οὐ
2675 5212 2778 5283 μὴν
2831 5211 2965 5265 αὐτὸ
3001 5210 3063 5262 τὸ
3098 5209 3258 5278 σῶμα
3301 5206 3546 5260 καλεῖται
3596 5204 3709 5265 υἱὸς
3749 5204 3842 5255 ἁν-

2274 5305 2514 5378 θρώπου,
2563 5306 2637 5367 ὼς
2676 5303 2859 5365 κακῶς
2909 5300 3252 5372 δογματίζων
3306 5296 3622 5368 Μάρκελλός
3665 5310 3835 5364 φησι·

2272 5398 2447 5465 λέγων
2510 5396 2697 5455 ἑαυτὸν
2724 5394 2783 5459 ἐξ
2827 5393 3059 5465 οὐρανοῦ
3089 5390 3527 5459 καταδεδηκέναι
3552 5426 3566 5447 ,
3593 5385 3840 5438 διδάσκει

2274 5490 2355 5542 ὅτι
2387 5488 2519 5549 Θεὸς
2562 5482 2650 5555 ἦν,
2694 5487 2788 5539 καὶ
2836 5487 2893 5538 ὲν
2930 5484 3093 5553 σαρκὶ
3123 5483 3342 5553 ὁρᾶται,
3396 5479 3488 5532 καὶ
3524 5480 3606 5531 ὃτι
3636 5480 3668 5546 ὴ
3704 5476 3841 5546 σὰρξ

2272 5578 2440 5642 αὐτοῦ
2473 5576 2737 5641 ζωοποιδς
2771 5578 2965 5647 ὁρᾶται

2351 5690 2368 5721 ι
2402 5672 2473 5722 Τὸ
2496 5667 2717 5736 Πνεῦμα
2732 5668 2848 5720 ἔστι
2877 5668 2938 5719 τὸ
2964 5664 3259 5731 ζωοποιοῦν
3309 5665 3341 5735 η
3368 5660 3500 5732 σὰρξ
3516 5660 3614 5713 οὐκ
3641 5656 3841 5725 ὠφελεί

2420 5830 2431 5865 ί
2476 5825 2564 5878 Cr.
2603 5823 2893 5893 ἠνείχοντο.
