4130 6520
286 372 415 441 ῙἉῙ

1348 387 1813 448 FRAGMENTA
1850 389 1930 447 ΙΝ
1969 388 2027 450 S.
2070 390 2447 454 JOANNEM.

3415 398 3550 465 illi?

278 488 451 541 οὐδέν.
499 486 578 541 Τὰ
621 488 840 558 ῥήματα
878 488 914 543 ἃ
958 489 1070 558 ἐγὼ
1094 490 1243 543 λαλῶ
1290 492 1439 561 ὑμῖν,
1474 494 1691 563 πνεῦμά
1724 496 1855 559 ἐστι,

1967 497 2185 564 prodest
2234 498 2555 568 quidquam.
2611 498 2787 556 Verba
2842 515 2963 571 qua:
3013 516 3113 575 ego
3169 504 3382 562 locutus
3428 524 3547 565 sunt

281 581 373 633 καὶ
403 579 516 650 ζωή
552 581 720 635 ἐστιν.
759 600 776 631 ι

351 671 575 741 Πνεῦμά
617 688 781 741 φησιν
812 715 827 738 ,
862 675 986 728 ἀντὶ
1026 673 1149 739 τοῦ,
1181 677 1528 746 πνευματικά
1556 680 1723 743 ἐστιν,
1760 678 1860 731 οὐκ

278 764 470 832 ἔχοντα
505 763 740 834 φυσικὴν
782 765 1121 827 ἀκολουθίαν,
1169 767 1285 820 ἀλλ’
1319 768 1425 834 ἔξω
1472 769 1591 821 ἐστὶ
1620 772 1718 841 τῆς
1748 788 1861 824 τοι·

277 855 449 924 αύτης
498 857 763 927 ἀνάγκης.
808 857 1032 928 Πνεῦμα
1061 852 1165 912 ὧδε
1198 859 1355 912 καλεῖ
1387 861 1489 929 τὴν
1532 863 1710 933 σάρκα
1759 881 1859 917 πε-

278 946 648 1017 πληρωμένην
688 949 787 1017 τῆς
845 949 1115 1011 ζωοποιοῦ
1173 951 1493 1022 Πνεύματος
1552 955 1853 1026 ἐνεργείας.

277 1040 444 1094 Μένει
482 1042 591 1109 γὰρ
621 1041 653 1109 ἡ
685 1039 821 1111 σὰρξ
856 1041 1010 1109 σάρξ.

352 1151 370 1182 ι
431 1131 729 1203 Ἀπεκρίθη
779 1132 965 1195 αὐτοῖς
1011 1134 1039 1185 6
1095 1134 1342 1205 ἰησοῦςο
1394 1137 1508 1189 Ούκ
1554 1138 1664 1205 ἐγὼ
1715 1139 1858 1210 ὑμᾶς

272 1228 399 1288 τοὺς
430 1223 638 1277 δώδεκα
670 1223 1025 1295 ἐξελεξάμην,
1065 1228 1160 1279 καὶ
1205 1226 1264 1291 ἐξ
1299 1229 1454 1299 ὑμῶν
1500 1223 1581 1293 εἷς
1614 1229 1861 1297 διάϐολός

274 1321 458 1380 ἐστινς
498 1335 516 1366 ι

346 1406 516 1470 Εἰδὼς
558 1405 619 1459 τὸ
656 1407 915 1478 ἐσόμενον
949 1408 977 1460 6
1031 1409 1263 1479 Ἰησοῦς,
1318 1411 1394 1475 ὡς
1427 1412 1581 1480 Θεὸς,
1628 1417 1774 1467 ποιεῖ
1798 1414 1861 1468 τὸ

272 1500 501 1567 ἀγαθὸν,
535 1500 629 1552 καὶ
676 1500 932 1570 δωρεῖται
960 1500 1030 1554 τὰ
1056 1501 1384 1570 ἀξιάγαστα.
1420 1504 1566 1575 Πλὴν
1599 1506 1700 1560 οὐκ
1729 1506 1861 1560 ἀνα-

271 1590 463 1659 τρέπει
492 1588 651 1659 ήμῶν
692 1589 754 1642 τὸ
801 1589 1184 1656 αὐτεξούσιον·
1216 1592 1377 1655 αὐτὸς
1423 1594 1530 1666 γὰρ
1568 1595 1627 1649 τὸ
1660 1594 1858 1650 ἑαυτοῦ

273 1684 448 1744 ποιεῖ,
506 1681 564 1733 ὲν
618 1682 753 1752 ἡμῖν
802 1681 860 1734 δέ
892 1684 1007 1735 ἐστι
1052 1682 1114 1735 τὸ
1164 1684 1425 1751 φυλάξαι.
1470 1687 1633 1739 Ὅθεν
1660 1689 1721 1741 ού
1765 1690 1858 1744 τὸν

271 1772 408 1823 θεὸν
461 1772 543 1824 δεῖ
585 1772 865 1826 αἰτιᾶσθαι
922 1773 1009 1841 ἐφ’
1052 1768 1133 1837 οἷς
1183 1775 1485 1845 εὐεργετεῖ,
1541 1778 1677 1833 ἀλλὰ
1727 1784 1856 1845 τοὺς

1965 585 2141 650 vobis,
2174 588 2398 656 spiritus
2423 600 2478 644 et
2511 590 2617 643 vita
2648 601 2795 645 sunt.
2828 611 2847 643 ι

2036 675 2277 746 Spiritus
2327 688 2474 743 sunt,
2522 678 2720 749 inquit,
2762 679 2813 733 id
2861 689 2946 735 est
2976 680 3264 751 spiritalia,
3312 700 3417 739 non
3454 684 3550 741 ha-

1964 766 2145 821 bentia
2190 768 2493 824 naturalem
2544 772 3014 839 consequentiam,
3066 773 3159 827 sed
3216 774 3548 844 cjnscemodi

1981 859 2288 913 necessitati
2346 859 2571 915 minime
2621 861 2882 929 subjecta.
2944 862 3204 933 Spiritum
3260 863 3349 921 hic
3392 880 3551 922 vocat

1964 963 2186 1003 carnem
2220 950 2429 1005 viviﬁca
2469 950 2703 1021 Spiritus
2731 937 3047 1011 eiiicacitate
3081 956 3363 1027 repletam.
3410 958 3550 1014 Caro

1962 1041 2106 1096 enim
2142 1056 2270 1097 caro
2301 1053 2600 1111 permanet.

2032 1134 2199 1189 Vens.
2238 1134 2325 1189 Ἠ.
2365 1153 2382 1185 ι
2416 1133 2713 1206 Respondit
2741 1139 2819 1192 eis
2848 1136 3045 1194 Jesus:
3093 1138 3284 1193 Nonne
3316 1156 3418 1212 ego
3453 1156 3549 1197 vos

1962 1226 2246 1281 duodecim
2278 1227 2412 1297 elegi
2440 1246 2453 1281 :
2501 1238 2556 1283 et
2583 1243 2649 1283 ex
2678 1230 2830 1285 vobis
2861 1246 2999 1286 unus
3031 1230 3274 1286 diabolus
3304 1232 3431 1287 est?
3459 1251 3478 1283 ι

2030 1402 2164 1455 Cum
2196 1400 2354 1458 Jesus
2381 1402 2561 1458 l'utura
2598 1414 2893 1474 praenosset
2938 1415 2996 1459 ut
3045 1405 3205 1471 Deus,
3250 1405 3545 1471 benefacit,

1964 1504 2016 1547 et
2049 1497 2310 1563 stupenda
2340 1496 2503 1549 etiam
2531 1496 2793 1568 elargitur
2822 1498 2982 1551 bona.
3014 1497 3209 1551 Verum
3237 1498 3544 1563 Libertatem

1964 1584 2119 1638 nobis
2169 1584 2583 1655 haudquaquam
2641 1587 2843 1655 eripit:
2897 1587 3013 1656 ipse
3068 1588 3336 1654 siquidem
3397 1589 3545 1657 quod

1964 1691 2122 1729 suum
2156 1688 2239 1730 est
2276 1676 2426 1739 facit,
2461 1686 2704 1731 nostrum
2751 1688 2932 1731 autem
2969 1689 3051 1731 est
3079 1678 3206 1731 data
3241 1681 3543 1735 custodire.

1963 1764 2082 1821 Non
2129 1767 2314 1837 itaque
2344 1768 2488 1823 Deus
2518 1770 2661 1837 quod
2692 1767 2995 1822 benefaciat
3050 1771 3410 1834 accusandus,
3448 1771 3545 1827 sed

272 1863 451 1916 ἑκοντὶ
481 1863 855 1928 ἀπολέσαντας
877 1865 946 1918 τὰ
972 1866 1310 1936 χαρίσματα,
1348 1861 1459 1930 οἷος
1492 1864 1559 1939 ἦν
1586 1872 1614 1924 6
1656 1872 1849 1945 Ἀδὰμ,

1964 1862 2055 1931 qui
2106 1873 2297 1932 sponte
2343 1860 2524 1916 oblata
2578 1864 2717 1916 dona
2772 1861 3144 1930 perdiderunt,
3194 1862 3369 1930 qualis
3426 1874 3546 1918 erat

272 1955 305 2023 ἠ
336 1953 468 2019 Εὕα,
518 1957 547 2007 6
595 1956 817 2019 Ἰούδας,
874 1956 969 2009 καὶ
1013 1957 1130 2010 ὅσοι
1184 1961 1612 2031 τοιουτότροποι.
1650 1963 1715 2017 Ei
1762 1966 1858 2019 καὶ

270 2043 414 2112 ἐγὼ,
464 2046 652 2115 φησὶν,
698 2048 844 2118 ὑμᾶς
888 2047 1249 2121 ἐξελεξάμην,
1288 2052 1406 2105 ἀλλ’
1442 2054 1764 2125 αὐθαίρετον
1799 2061 1857 2111 ἐν

270 2134 581 2206 ἀνθρώποις
616 2138 686 2191 τὰ
720 2140 820 2208 τῆς
866 2139 1071 2210 ἀρετῆς
1105 2144 1198 2194 καὶ
1250 2144 1468 2208 κακίας.
1504 2147 1765 2203 Διάϐολον
1798 2150 1855 2205 δὲ

270 2228 427 2281 καλεῖ
451 2228 545 2282 τὸν
570 2228 913 2300 κολλώμενον
934 2231 1014 2301 τῷ
1034 2232 1288 2304 διαϐόλῳ,
1311 2238 1406 2289 καὶ
1437 2235 1686 2308 ἐξομοιού
1696 2259 1857 2312 μενον

270 2319 454 2390 αὐτῷ,
487 2321 580 2372 καὶ
618 2320 686 2373 τὰ
727 2321 935 2391 ἀρεστά
965 2322 1117 2393 αύτῷ
1161 2324 1441 2381 ποιοῦντα.
1490 2328 1575 2393 Ὠς
1612 2330 1855 2383 ἀποθαυ-

272 2412 462 2482 μάζων
496 2410 654 2465 τοῦτο
690 2408 845 2467 εἶπεν
889 2417 916 2467 6
955 2413 1399 2490 Εὑαγγελιστὴς,
1433 2420 1513 2474 ὅτι
1538 2422 1794 2475 τοσοῦτον
1828 2424 1857 2477 6

268 2504 517 2568 διάϐολος
564 2505 823 2575 πολεμεῖ,
877 2507 953 2571 ὡς
998 2508 1296 2581 δυνηθῆναι
1342 2512 1441 2566 ἕνα
1489 2512 1598 2566 τῶν
1649 2513 1856 2568 δώδεκα

269 2598 596 2669 ἀφαρπάσαι
616 2636 631 2661 ,
663 2598 771 2651 τῶν
818 2598 1152 2671 ὲγειράντων
1178 2604 1407 2673 νεκροὺς
1428 2644 1442 2667 ,
1477 2608 1569 2657 καὶ
1596 2604 1857 2675 δαίμονας

269 2690 606 2756 διωξάντων,
642 2692 737 2745 καὶ
769 2691 870 2761 τῆς
907 2692 1174 2757 ζωοποιοῦ
1228 2696 1322 2749 καὶ
1349 2701 1728 2769 πνευματικῆς
1760 2699 1855 2752 τοῦ

271 2782 479 2854 Κυρίου
509 2782 862 2847 διδασκαλιας
884 2783 1337 2839 άπολαυσάντων.

872 2964 1127 3020 ΚΕΦΑΛ.
1176 2965 1252 3019 Ζ’.

347 3094 366 3128 t
404 3076 479 3129 Οὐ
514 3076 623 3147 γὰρ
669 3076 864 3148 ἢθελεν
894 3078 953 3131 ὲν
986 3080 1054 3150 τῇ
1094 3080 1326 3151 Ἰουδαίᾳ
1359 3085 1719 3153 περιπατεῖν·
1766 3086 1850 3140 ὅτι

271 3168 496 3241 ἐζήτουν
526 3170 690 3225 αὐτὸν
725 3171 775 3224 οἱ
816 3172 1061 3226 Ἰουδαῖοι
1090 3173 1433 3228 ἀποκτεῖναι.
1478 3194 1496 3227 ι

282 3304 285 3307 λ
339 3263 592 3317 Δείκνυσι
622 3264 688 3317 τὰ
714 3264 813 3331 τῆς
838 3244 1282 3335 ἀνθρωπότῆτος,
1309 3267 1529 3335 φεύγων
1552 3269 1679 3331 τοὺς
1715 3270 1849 3322 Ἰου-

268 3355 487 3418 δαίους,
532 3355 627 3408 καλ⁸
676 3354 891 3423 ἐλέγχει
938 3355 1246 3426 Μαρκίωνα
1296 3359 1391 3410 καὶ
1433 3358 1672 3421 Παῦλον,
1724 3363 1851 3424 τοὺς

270 3447 586 3519 εἰρηκότας,
619 3446 702 3499 ὅτι
734 3446 796 3500 οὐ
847 3445 1039 3514 γέγονε
1070 3446 1166 3501 τοῦ
1216 3446 1352 3501 Θεοῦ
1387 3448 1515 3513 Υἱὸς
1564 3449 1851 3522 ἄνθρωπος

270 3538 395 3593 κατ’
420 3536 703 3609 ἀλήθειαν.

346 3647 365 3681 t
408 3626 576 3682 Εἶπον
609 3624 705 3683 οὖν
732 3629 869 3701 πρὸς
889 3629 1054 3684 αὑτὸν
1084 3630 1133 3684 oi
1159 3631 1384 3700 ἀδελφοὶ
1429 3630 1597 3685 αὑτοῦ
1617 3648 1631 3664 ·
1668 3632 1853 3687 Μετά-

269 3721 398 3792 ϐηθι
428 3720 703 3785 ἐντεῦθεν,
736 3721 833 3775 καὶ
863 3721 1043 3791 ἔπαγε
1073 3724 1154 3786 είς
1180 3723 1282 3793 τὴν
1330 3724 1614 3789 Ἰουδαίαν,
1651 3728 1735 3778 ἵνα
1763 3726 1857 3778 καὶ

269 3812 319 3863 οἱ
353 3808 589 3879 μαθηταί
619 3825 711 3861 σου
739 3808 1063 3880 Θεωρήσωσι
1086 3810 1153 3864 τὰ
1173 3810 1310 3883 ἔργα
1337 3828 1429 3865 σου
1454 3812 1490 3866 ἂ
1516 3816 1709 3877 ποιεῖς.
1746 3833 1763 3862 ι

353 3902 606 3955 Ἐδόκουν
645 3902 839 3971 ψέγειν
880 3903 958 3966 ὡς
1004 3903 1201 3967 δειλὸν,
1233 3905 1327 3957 καὶ
1368 3904 1553 3975 κρυφῇ
1592 3906 1854 3960 ποιοῦντα

270 3994 340 4047 τὰ
372 3995 607 4065 σημεῖα,
650 3994 746 4050 καὶ
776 3993 851 4058 ὡς
888 3994 1163 4063 φιλόδοξον
1214 3994 1437 4050 Θέλοντα
1475 3998 1533 4050 ὲν
1568 3999 1851 4069 παρρησία

272 4084 429 4141 εἶναι.

349 4203 366 4230 ι
405 4179 479 4231 Οὐ
509 4177 734 4231 δύναται
759 4179 788 4231 6
809 4177 1015 4248 κόσμος
1043 4180 1224 4249 μισεῖν
1261 4180 1425 4249 ὑμᾶς,
1460 4181 1560 4251 ἐμὲ
1583 4180 1637 4234 δὲ
1668 4183 1850 4250 μισεῖ*

269 4270 353 4324 ὅτι
406 4267 517 4337 ἐγὼ
552 4269 817 4341 μαρτυρῶ
862 4270 991 4341 περὶ
1038 4271 1241 4337 αὐτοῦ,
1280 4272 1361 4325 ὅτι
1402 4272 1473 4326 τὰ
1504 4274 1642 4344 ἔργα
1686 4273 1854 4328 αὑτοῦ

272 4361 489 4433 πονηρά
519 4363 688 4415 ἐστιν.
732 4380 751 4413 ι

343 4456 568 4525 Κόσμον
592 4453 739 4522 λέγει
758 4455 883 4518 τοὺς
907 4452 1203 4524 μισοῦντας
1225 4455 1294 4509 τά
1320 4458 1376 4509 ὲν
1398 4458 1611 4529 κόσμῳ.
1640 4458 1855 4529 Πέμπει

1959 1959 2156 2019 Adam,
2216 1955 2345 2018 Eva,
2399 1954 2588 2019 Judas,
2642 1965 2699 2009 et
2744 1954 2837 2024 qui
2889 1955 2955 2009 iis
2990 1957 3231 2011 moribus
3280 1973 3387 2010 non
3417 1966 3546 2012 sunt

1960 2048 2256 2102 absimiles.
2311 2047 2424 2103 Etsi
2468 2064 2590 2118 ego,
2623 2048 2817 2117 inquit,
2855 2062 2951 2102 vos
2978 2047 3254 2118 elegerint,
3282 2049 3546 2104 nihilomi-

1962 2155 2063 2195 nus
2102 2134 2184 2195 e'st
2218 2140 2532 2195 hominibus
2560 2139 2808 2204 libertas,
2854 2140 2941 2195 vel
2983 2142 3240 2195 virtutem
3272 2141 3355 2194 vel
3390 2141 3545 2194 mali-

1965 2230 2093 2285 tiam
2128 2231 2510 2301 amplectendi.
2544 2231 2825 2286 Diabolum
2874 2244 3052 2287 autem
3087 2242 3264 2298 vocat,
3292 2248 3413 2288 eum
3451 2234 3544 2303 qui

1961 2320 2179 2374 diabolo
2212 2320 2474 2386 adhaeret,
2530 2320 2715 2389 illique
2743 2320 2940 2375 similis
2975 2330 3078 2387 est,
3109 2331 3163 2376 et
3194 2338 3314 2391 quae
3344 2323 3392 2377 ei
3426 2324 3545 2393 pla-

1960 2411 2066 2465 cita
2097 2421 2226 2465 sunt
2266 2413 2417 2467 facit.
2461 2412 2804 2482 Evangelista
2838 2415 2941 2468 hoc
2986 2415 3140 2484 quasi
3190 2415 3544 2469 admirabun-

1959 2504 2060 2557 dus
2092 2503 2251 2568 dixit,
2311 2505 2452 2573 quod
2498 2504 2754 2558 nimirum
2812 2504 3061 2560 diabolus
3113 2515 3321 2559 tantum
3375 2522 3547 2575 oppu-

1958 2596 2177 2664 gnandn
2206 2595 2419 2651 eliicere
2452 2598 2701 2665 valuerit,
2736 2607 2793 2650 ut
2823 2611 2890 2652 ex
2931 2597 3039 2651 illis
3063 2599 3345 2653 duodecim
3378 2615 3546 2656 unum
3586 2664 3587 2667 η

1957 2686 2290 2740 abstraxerit
2312 2704 2328 2753 ;
2353 2703 2419 2741 ex
2452 2687 2582 2752 illis,
2616 2688 2862 2757 inquam,
2911 2688 3003 2757 qui
3048 2698 3290 2744 mortuos
3312 2693 3541 2746 suscita-

1956 2775 2110 2839 bant,
2162 2776 2434 2831 dmmones
2491 2778 2900 2847 prapulsabant,
2956 2786 3012 2832 et
3052 2778 3278 2847 ,vivilica
3326 2782 3545 2849 spirita-

1957 2866 2101 2936 lique
2151 2866 2362 2923 Domini
2398 2868 2641 2923 doctrina
2673 2868 3017 2922 fruebantur.

2595 2981 2753 3036 CAP.
2792 2980 2907 3036 VII.

2030 3094 2193 3149 Vsus.
2220 3094 2271 3149 l.
2329 3113 2348 3145 ι
2380 3092 2497 3149 Non
2528 3093 2673 3148 enim
2720 3093 2937 3148 volebat
2973 3095 3024 3150 in
3058 3094 3301 3152 Judazam
3350 3100 3543 3156 ambu-

1881 3204 1923 3262 ο
1959 3189 2114 3243 lare:
2148 3188 2274 3257 quia
2308 3188 2628 3256 quaerebant
2655 3199 2778 3240 eum
2811 3183 2981 3240 Judaei
3016 3186 3343 3247 interﬁcere.
3381 3209 3401 3242 ι

2034 3279 2321 3350 Specitnen
2352 3281 2443 3333 dat
2471 3278 2825 3332 humanitatis
2855 3292 2989 3342 sure,
3025 3278 3278 3348 fugiendo
3307 3279 3541 3347 ludatis,

1962 3383 2017 3426 et
2043 3371 2290 3426 confutat
2323 3370 2652 3423 Marcionem
2688 3384 2751 3422 ac
2783 3368 3029 3435 Paulum,
3067 3370 3157 3441 qui
3191 3371 3285 3427 Dei
3319 3370 3539 3440 Filium,

1965 3475 2148 3515 verum
2179 3460 2451 3513 hominem
2483 3457 2679 3510 factum
2713 3468 2928 3528 negant.

2030 3632 2195 3687 γης.
2234 3634 2287 3687 3.
2345 3651 2364 3685 ι
2392 3631 2653 3687 Dixerunt
2683 3642 2861 3687 autem
2898 3635 2963 3689 ad
2995 3648 3117 3689 eum
3154 3633 3352 3691 fratres
3378 3637 3535 3705 ejus:

1961 3725 2155 3780 Transi
2190 3727 2336 3792 hinc,
2384 3737 2439 3781 et
2482 3726 2619 3783 vade
2676 3724 2728 3779 itt
2781 3723 3047 3790 Judaram,
3084 3735 3147 3781 ut
3198 3738 3253 3782 et
3288 3729 3540 3800 discipuli

1960 3818 2034 3870 tui
2066 3816 2281 3871 videant
2304 3832 2467 3887 opera
2497 3826 2586 3872 tua
2617 3831 2739 3887 qua:
2769 3817 2924 3872 facis.
2957 3838 2977 3870 ν

2032 3904 2369 3962 Videbantur
2419 3908 2593 3977 ipsum
2633 3917 2891 3975 tanquam
2924 3906 3172 3963 timidum
3198 3925 3446 3982 arguere,
3483 3923 3541 3968 ut

1961 3999 2055 4069 qui
2100 3998 2254 4069 signa
2306 4014 2403 4053 sua
2437 3997 2774 4063 occultaret;
2821 4005 2876 4051 et
2928 4009 2986 4053 ut
3036 4001 3227 4071 gloria:
3260 4004 3539 4073 cupidum,

1960 4089 2052 4160 qui
2079 4103 2141 4143 se
2172 4089 2440 4158 prOpalari
2474 4089 2654 4145 vellet.

2034 4177 2198 4235 Vens.
2226 4179 2281 4234 7.
2335 4198 2353 4231 ι
2382 4177 2500 4235 Νοιι
2560 4190 2736 4250 potest
2785 4181 3016 4237 mundus
3052 4182 3234 4239 odisse
3266 4198 3399 4239 vos:
3453 4202 3542 4240 me

1957 4280 2138 4327 autem
2171 4273 2283 4328 odit
2311 4289 2325 4325 :
2351 4272 2478 4343 quia
2509 4287 2610 4344 ego
2634 4275 3006 4329 testimonium
3032 4274 3291 4344 perhibes
3322 4276 3391 4330 de
3421 4276 3537 4344 illo,

1957 4364 2102 4435 quod
2138 4380 2303 4435 opera
2331 4364 2450 4432 ejus
2480 4365 2622 4419 mala
2656 4378 2803 4422 sunt.
2840 4390 2858 4418 ι

2040 4442 2296 4509 Mundam
2318 4456 2451 4509 dicit
2473 4471 2569 4510 eos
2596 4456 2688 4524 qui
2720 4456 2912 4511 odiunt
2936 4470 3055 4522 quae
3078 4454 3129 4508 in
3158 4455 3363 4510 mundo
3390 4468 3539 4512 sunt.

270 4549 328 4602 δὲ
380 4547 509 4609 τοὺς
560 4546 826 4615 ἀδελφοὺς
876 4548 956 4610 εἰς
984 4546 1082 4617 τὴν
1105 4548 1299 4619 ἑορτὴν
1340 4550 1556 4625 λέγων]
1601 4569 1619 4602 t
1659 4550 1852 4621 Ὑμεῖς

1961 4551 2121 4607 Mittit
2150 4552 2346 4607 fratres
2376 4552 2442 4604 ad
2469 4551 2608 4605 diem
2635 4550 2870 4615 festum,
2894 4548 3077 4602 dicens
3107 4566 3120 4601 :
3154 4566 3173 4599 t
3208 4546 3317 4602 Vos
3348 4565 3539 4602 ascen-

270 4642 509 4713 ἀνάϐητε
560 4641 640 4704 εἰς
678 4640 780 4711 τὴν
822 4638 1015 4711 ἑορτὴν
1058 4640 1283 4711 ταύτην,
1320 4660 1337 4693 ι
1385 4643 1600 4707 δεικνὺς
1632 4645 1715 4697 ὅτι
1752 4648 1853 4698 οὐκ

269 4734 572 4801 ἀναγκάζει
599 4733 696 4785 σὺν
721 4730 870 4801 αὐτῷ
898 4732 1079 4801 μένειν
1104 4731 1179 4803 μὴ
1212 4732 1591 4804 βουλομένους.
1626 4732 1850 4807 [Cum]

346 4849 365 4880 ι
417 4827 608 4899 Ὑμεῖς
660 4824 901 4896 ἀνάϐητε
961 4826 1041 4888 είς
1091 4824 1192 4896 τὴν
1238 4827 1436 4897 ἑορτὴν
1481 4828 1711 4896 ταύτην,
1743 4826 1853 4895 ἐγὼ

270 4921 425 4975 οὔπω
457 4920 734 4974 ἀναϐαίνω
759 4921 840 4983 εἰς
871 4918 972 4990 τὴν
1004 4919 1197 4991 ἑορτὴν
1224 4919 1454 4990 ταύτην·
1486 4922 1569 4975 ὃτι
1601 4922 1629 4973 6
1658 4922 1854 4992 καιρὸς

272 5015 301 5067 6
328 5009 458 5079 ὲμδς
489 5007 645 5062 οὔπω
670 5008 1051 5079 πεπλήρωται.
1091 5027 1109 5058 ι

355 5103 567 5173 Ὑμεῖς,
598 5101 784 5171 φησιν,
812 5103 1241 5172 ἀπερισκέπτως
1272 5104 1479 5157 ποιεῖτε
1511 5102 1541 5156 δ
1572 5101 1851 5174 βούλεσθε.

287 5194 432 5265 Ἐγὼ
460 5194 517 5247 δὲ
554 5192 642 5259 οὒ,
666 5193 753 5246 διὰ
782 5195 844 5245 τὸ
872 5197 1177 5265 οἰκονομεῖν
1207 5195 1417 5250 ἕκαστα
1448 5196 1584 5268 πρὸς
1623 5196 1686 5248 τὸ
1713 5212 1855 5265 συμ-

276 5290 461 5359 φέρον.
490 5285 658 5340 Μένω
682 5283 744 5337 τὸ
771 5282 963 5348 πάθος,
992 5283 1083 5338 ἵνα
1106 5284 1367 5350 ἀναστὰς,
1390 5286 1526 5339 πᾶσι
1550 5284 1855 5354 κατάδηλον

275 5379 487 5451 ποιήσω
515 5378 614 5449 τὴν
643 5378 667 5431 ὲ
677 5376 883 5450 μαυτοῦ
911 5376 1161 5447 δύναμιν.

351 5490 369 5523 t
426 5471 517 5535 Ὠς
563 5469 619 5523 δὲ
674 5468 949 5538 ἀνέϐησαν
988 5468 1038 5519 oi
1083 5466 1301 5537 ἀδελφοὶ
1350 5466 1554 5534 αὑτοῦ,
1601 5468 1721 5520 τότε
1756 5466 1851 5520 καί⁸

276 5565 437 5628 αὐτὸς
467 5560 633 5635 ἀνέϐη
661 5564 742 5625 είς
770 5562 870 5633 τὴν
899 5561 1112 5633 ἑορτὴν,
1144 5561 1206 5613 ού
1239 5561 1509 5631 φανερῶς,
1542 5560 1655 5613 ἀλλ’
1688 5560 1765 5624 ὡς
1793 5562 1851 5614 ὲν

278 5676 306 5709 κ
316 5673 525 5726 ρυπτῳ.
561 5673 579 5706 ι

1960 4645 2073 4699 dite
2103 4643 2168 4697 ad
2197 4643 2339 4697 diem
2379 4640 2578 4696 festum
2605 4640 2770 4703 hunc,
2803 4658 2823 4689 ι
2864 4637 3157 4692 ostendens
3172 4652 3235 4692 se
3267 4638 3538 4692 neminem

1962 4738 2099 4792 velle
2145 4750 2342 4806 cogere
2373 4744 2431 4787 ut
2454 4748 2578 4788 cum
2613 4732 2731 4801 ipso
2764 4739 3003 4784 maneat.

2017 4825 2183 4881 Vens.
2219 4826 2274 4880 8.
2332 4844 2349 4874 ι
2379 4821 2492 4877 Vos
2524 4821 2799 4876 ascendite
2833 4821 2900 4874 ad
2948 4820 3088 4873 diem
3141 4818 3332 4873 festum
3371 4819 3536 4887 hunc,

1960 4935 2060 4990 ego
2109 4926 2287 4972 autem
2330 4931 2435 4969 non
2485 4916 2721 4968 ascendo
2772 4912 2837 4966 ad
2888 4912 3032 4965 diem
3081 4910 3277 4965 festum
3325 4911 3535 4967 istum:

1962 5016 2086 5082 quia
2112 5026 2287 5065 meum
2312 5018 2523 5077 tempus
2548 5008 2785 5061 nondum
2814 5004 3093 5073 impletum
3124 5012 3226 5058 est.
3263 5022 3283 5055 ι

2020 5104 2149 5168 Vos,
2203 5101 2398 5170 inquit,
2449 5099 2739 5154 temerarie
2794 5096 2954 5169 agitis
2983 5095 3127 5165 quod
3182 5095 3367 5151 vultis.
3420 5094 3540 5152 Non

1957 5195 2037 5249 sic
2064 5209 2187 5260 ego,
2235 5207 2304 5245 eo
2345 5192 2486 5261 quod
2533 5190 2740 5259 singula
2781 5203 2971 5259 geram
3005 5187 3229 5243 utiliter.
3266 5185 3542 5258 Exspecto

1958 5288 2290 5357 passionem,
2344 5294 2402 5338 ut
2445 5297 2730 5353 resurgens
2759 5281 3012 5338 omnibus
3054 5280 3309 5335 virtutem
3359 5296 3537 5337 meam

1959 5389 2140 5432 notam
2170 5378 2388 5435 faciam.

2023 5467 2190 5523 Vens.
2228 5468 2321 5523 lo.
2358 5486 2377 5519 ι
2412 5467 2485 5522 Et
2525 5474 2704 5521 autem
2753 5462 3120 5521 ascenderunt
3168 5462 3365 5518 fratres
3395 5462 3536 5533 ejus,

1961 5569 2089 5614 tunc
2122 5568 2178 5614 et
2220 5560 2333 5629 ipse
2377 5559 2623 5614 ascendit
2671 5558 2739 5612 ad
2771 5556 2912 5611 diem
2965 5556 3185 5622 festum,
3230 5570 3336 5610 non
3363 5556 3537 5609 mani—

1960 5652 2118 5716 feste,
2156 5650 2248 5706 sed
2279 5653 2436 5720 quasi
2469 5650 2520 5704 iu
2552 5650 2782 5705 occulto.
2822 5669 2841 5701 ι

347 5810 425 5877 ιθ)
454 5811 573 5868 HERC
612 5817 738 5869 cod.
782 5812 933 5868 Bodl.
977 5810 1263 5876 Chrysost.
1310 5807 1431 5874 dat;
1462 5805 1547 5863 Cl.
1598 5807 1879 5878 Chrysost.
1922 5806 2057 5878 Opp.
2087 5806 2219 5872 Vill,
2254 5805 2381 5861 979..
