  <div class='ocr_page' id='page_1' title='image "/cluster/home/n/w/nwhite01/storage/ocr_20150623/85/hvd.32044011888864/731.png"; bbox 0 0 4130 6548; ppageno 0'>
   <div class='ocr_carea' id='block_1_1' title="bbox 624 387 761 453">
    <p class='ocr_par' dir='ltr' id='par_1_1' title="bbox 624 387 761 453">
     <span class='ocr_line' id='line_1_1' title="bbox 624 387 761 453; baseline -0.044 0"><span class='ocrx_word' id='word_1_1' title='bbox 624 387 761 453; x_wconf 69' lang='grc'>1443</span> 
     </span>
    </p>
   </div>
   <div class='ocr_carea' id='block_1_2' title="bbox 1757 392 2669 458">
    <p class='ocr_par' dir='ltr' id='par_1_2' title="bbox 1757 392 2669 458">
     <span class='ocr_line' id='line_1_2' title="bbox 1757 392 2669 458; baseline 0.007 -6"><span class='ocrx_word' id='word_1_2' title='bbox 1757 392 2025 453; x_wconf 79' lang='lat' dir='ltr'><strong>AMMON</strong></span> <span class='ocrx_word' id='word_1_3' title='bbox 2041 393 2095 451; x_wconf 85' lang='grc' dir='ltr'><strong>[Ι</strong></span> <span class='ocrx_word' id='word_1_4' title='bbox 2136 394 2669 458; x_wconf 79' lang='lat' dir='ltr'><strong>ALEXANDRINI</strong></span> 
     </span>
    </p>
   </div>
   <div class='ocr_carea' id='block_1_3' title="bbox 3749 408 3882 472">
    <p class='ocr_par' dir='ltr' id='par_1_3' title="bbox 3749 408 3882 472">
     <span class='ocr_line' id='line_1_3' title="bbox 3749 408 3882 472; baseline 0.023 -3"><span class='ocrx_word' id='word_1_5' title='bbox 3749 408 3882 472; x_wconf 67' lang='grc'><strong>1444</strong></span> 
     </span>
    </p>
   </div>
   <div class='ocr_carea' id='block_1_4' title="bbox 691 497 2200 585">
    <p class='ocr_par' dir='ltr' id='par_1_4' title="bbox 691 497 2192 567">
     <span class='ocr_line' id='line_1_4' title="bbox 691 497 2192 567; baseline 0.003 -15"><span class='ocrx_word' id='word_1_6' title='bbox 691 497 807 552; x_wconf 80' lang='lat' dir='ltr'><strong>Non</strong></span> <span class='ocrx_word' id='word_1_7' title='bbox 835 507 952 551; x_wconf 89' lang='lat' dir='ltr'><strong>erat</strong></span> <span class='ocrx_word' id='word_1_8' title='bbox 994 510 1207 567; x_wconf 63' lang='lat' dir='ltr'><strong>aequum</strong></span> <span class='ocrx_word' id='word_1_9' title='bbox 1252 510 1311 553; x_wconf 87' lang='lat' dir='ltr'><strong>ut</strong></span> <span class='ocrx_word' id='word_1_10' title='bbox 1349 498 1448 554; x_wconf 85' lang='lat' dir='ltr'><strong>sub</strong></span> <span class='ocrx_word' id='word_1_11' title='bbox 1481 498 1694 554; x_wconf 88' lang='lat' dir='ltr'><strong>initium</strong></span> <span class='ocrx_word' id='word_1_12' title='bbox 1737 498 2056 556; x_wconf 70' lang='lat' dir='ltr'><strong>festivitatis</strong></span> <span class='ocrx_word' id='word_1_13' title='bbox 2103 517 2192 556; x_wconf 86' lang='lat' dir='ltr'><strong>as—</strong></span> 
     </span>
    </p>
   </div>
   <div class='ocr_carea' id='block_1_5' title="bbox 2304 497 3884 585">
    <p class='ocr_par' dir='ltr' id='par_1_5' title="bbox 2365 501 3884 585">
     <span class='ocr_line' id='line_1_5' title="bbox 2365 501 3884 585; baseline 0.011 -30"><span class='ocrx_word' id='word_1_14' title='bbox 2365 506 2479 556; x_wconf 76' lang='grc' dir='ltr'><strong>ωκ</strong></span> <span class='ocrx_word' id='word_1_15' title='bbox 2506 501 2574 575; x_wconf 84' lang='grc' dir='ltr'>ἧν</span> <span class='ocrx_word' id='word_1_16' title='bbox 2602 509 2717 558; x_wconf 79' lang='grc' dir='ltr'>ἴσον</span> <span class='ocrx_word' id='word_1_17' title='bbox 2750 507 2807 559; x_wconf 84' lang='grc' dir='ltr'><strong>ἐν</strong></span> <span class='ocrx_word' id='word_1_18' title='bbox 2841 508 2984 579; x_wconf 80' lang='grc' dir='ltr'>ἀρχῇ</span> <span class='ocrx_word' id='word_1_19' title='bbox 3032 512 3130 581; x_wconf 81' lang='grc' dir='ltr'>τῆς</span> <span class='ocrx_word' id='word_1_20' title='bbox 3162 512 3354 583; x_wconf 78' lang='grc' dir='ltr'>έορτῇς</span> <span class='ocrx_word' id='word_1_21' title='bbox 3388 513 3692 585; x_wconf 66' lang='grc' dir='ltr'>ἀναϐῆιαιῡ</span> <span class='ocrx_word' id='word_1_22' title='bbox 3734 520 3884 581; x_wconf 76' lang='grc' dir='ltr'>ζεόν-</span> 
     </span>
    </p>
   </div>
   <div class='ocr_carea' id='block_1_6' title="bbox 620 584 2203 653">
    <p class='ocr_par' dir='ltr' id='par_1_6' title="bbox 620 584 2203 653">
     <span class='ocr_line' id='line_1_6' title="bbox 620 584 2203 653; baseline 0.001 -11"><span class='ocrx_word' id='word_1_23' title='bbox 620 590 895 652; x_wconf 86' lang='lat' dir='ltr'><strong>cenderet,</strong></span> <span class='ocrx_word' id='word_1_24' title='bbox 918 584 1119 641; x_wconf 72' lang='lat' dir='ltr'><strong>Iudaeis</strong></span> <span class='ocrx_word' id='word_1_25' title='bbox 1139 584 1256 653; x_wconf 85' lang='lat' dir='ltr'><strong>ejus</strong></span> <span class='ocrx_word' id='word_1_26' title='bbox 1282 587 1409 642; x_wconf 90' lang='lat' dir='ltr'><strong>odio</strong></span> <span class='ocrx_word' id='word_1_27' title='bbox 1440 590 1817 644; x_wconf 76' lang='lat' dir='ltr'><strong>aestuantibus.</strong></span> <span class='ocrx_word' id='word_1_28' title='bbox 1844 588 2038 644; x_wconf 84' lang='lat' dir='ltr'><strong>Postea</strong></span> <span class='ocrx_word' id='word_1_29' title='bbox 2074 605 2203 644; x_wconf 86' lang='lat' dir='ltr'><strong>vero</strong></span> 
     </span>
    </p>
   </div>
   <div class='ocr_carea' id='block_1_7' title="bbox 621 674 2199 747">
    <p class='ocr_par' dir='ltr' id='par_1_7' title="bbox 621 674 2199 747">
     <span class='ocr_line' id='line_1_7' title="bbox 621 674 2199 747; baseline 0.001 -17"><span class='ocrx_word' id='word_1_30' title='bbox 621 678 727 730; x_wconf 83' lang='lat' dir='ltr'><strong>line</strong></span> <span class='ocrx_word' id='word_1_31' title='bbox 756 675 866 742; x_wconf 87' lang='lat' dir='ltr'><strong>jam</strong></span> <span class='ocrx_word' id='word_1_32' title='bbox 893 674 1385 743; x_wconf 83' lang='lat' dir='ltr'><strong>appropinquante,</strong></span> <span class='ocrx_word' id='word_1_33' title='bbox 1429 692 1769 747; x_wconf 77' lang='lat' dir='ltr'><strong>nequaquam</strong></span> <span class='ocrx_word' id='word_1_34' title='bbox 1813 687 2002 732; x_wconf 87' lang='lat' dir='ltr'><strong>contra</strong></span> <span class='ocrx_word' id='word_1_35' title='bbox 2039 693 2199 747; x_wconf 90' lang='lat' dir='ltr'><strong>quam</strong></span> 
     </span>
    </p>
   </div>
   <div class='ocr_carea' id='block_1_8' title="bbox 620 762 2195 831">
    <p class='ocr_par' dir='ltr' id='par_1_8' title="bbox 620 762 2195 831">
     <span class='ocr_line' id='line_1_8' title="bbox 620 762 2195 831; baseline 0.002 -12"><span class='ocrx_word' id='word_1_36' title='bbox 620 767 854 831; x_wconf 78' lang='lat' dir='ltr'><strong>dixerat,</strong></span> <span class='ocrx_word' id='word_1_37' title='bbox 886 764 1033 819; x_wconf 81' lang='lat' dir='ltr'><strong>fecit.</strong></span> <span class='ocrx_word' id='word_1_38' title='bbox 1060 762 1175 819; x_wconf 85' lang='lat' dir='ltr'><strong>Non</strong></span> <span class='ocrx_word' id='word_1_39' title='bbox 1205 766 1349 820; x_wconf 89' lang='lat' dir='ltr'><strong>enim</strong></span> <span class='ocrx_word' id='word_1_40' title='bbox 1377 767 1572 822; x_wconf 78' lang='lat' dir='ltr'><strong>festum</strong></span> <span class='ocrx_word' id='word_1_41' title='bbox 1595 769 1968 824; x_wconf 88' lang='lat' dir='ltr'><strong>celebraturus</strong></span> <span class='ocrx_word' id='word_1_42' title='bbox 1997 785 2195 823; x_wconf 86' lang='lat' dir='ltr'><strong>ascen-</strong></span> 
     </span>
    </p>
   </div>
   <div class='ocr_carea' id='block_1_9' title="bbox 622 856 2203 929">
    <p class='ocr_par' dir='ltr' id='par_1_9' title="bbox 622 856 2203 929">
     <span class='ocr_line' id='line_1_9' title="bbox 622 856 2203 929; baseline 0.003 -19"><span class='ocrx_word' id='word_1_43' title='bbox 622 857 720 920; x_wconf 91' lang='lat' dir='ltr'><strong>dit,</strong></span> <span class='ocrx_word' id='word_1_44' title='bbox 765 858 859 910; x_wconf 90' lang='lat' dir='ltr'><strong>sed</strong></span> <span class='ocrx_word' id='word_1_45' title='bbox 909 856 976 909; x_wconf 91' lang='lat' dir='ltr'><strong>iis</strong></span> <span class='ocrx_word' id='word_1_46' title='bbox 1022 857 1329 912; x_wconf 88' lang='lat' dir='ltr'><strong>consultum</strong></span> <span class='ocrx_word' id='word_1_47' title='bbox 1359 858 1565 912; x_wconf 80' lang='lat' dir='ltr'><strong>voluit:</strong></span> <span class='ocrx_word' id='word_1_48' title='bbox 1616 869 1948 929; x_wconf 86' lang='lat' dir='ltr'><strong>quapropter</strong></span> <span class='ocrx_word' id='word_1_49' title='bbox 1990 861 2203 916; x_wconf 85' lang='lat' dir='ltr'><strong>occulte</strong></span> 
     </span>
    </p>
   </div>
   <div class='ocr_carea' id='block_1_10' title="bbox 618 948 2202 1017">
    <p class='ocr_par' dir='ltr' id='par_1_10' title="bbox 618 948 2202 1017">
     <span class='ocr_line' id='line_1_10' title="bbox 618 948 2202 1017; baseline 0.005 -17"><span class='ocrx_word' id='word_1_50' title='bbox 618 948 792 1012; x_wconf 91' lang='lat' dir='ltr'><strong>venit,</strong></span> <span class='ocrx_word' id='word_1_51' title='bbox 840 962 944 1000; x_wconf 93' lang='lat' dir='ltr'><strong>non</strong></span> <span class='ocrx_word' id='word_1_52' title='bbox 993 961 1115 1001; x_wconf 89' lang='lat' dir='ltr'><strong>cum</strong></span> <span class='ocrx_word' id='word_1_53' title='bbox 1168 962 1232 1003; x_wconf 88' lang='lat' dir='ltr'><strong>ea</strong></span> <span class='ocrx_word' id='word_1_54' title='bbox 1285 963 1391 1017; x_wconf 89' lang='lat' dir='ltr'><strong>qua</strong></span> <span class='ocrx_word' id='word_1_55' title='bbox 1440 948 1617 1003; x_wconf 82' lang='lat' dir='ltr'><strong>festivi</strong></span> <span class='ocrx_word' id='word_1_56' title='bbox 1668 949 2202 1008; x_wconf 71' lang='lat' dir='ltr'><strong>concionatoresmti</strong></span> 
     </span>
    </p>
   </div>
   <div class='ocr_carea' id='block_1_11' title="bbox 620 1038 2199 1114">
    <p class='ocr_par' dir='ltr' id='par_1_11' title="bbox 620 1038 2199 1114">
     <span class='ocr_line' id='line_1_11' title="bbox 620 1038 2199 1114; baseline 0.002 -19"><span class='ocrx_word' id='word_1_57' title='bbox 620 1040 794 1095; x_wconf 85' lang='lat' dir='ltr'><strong>solent</strong></span> <span class='ocrx_word' id='word_1_58' title='bbox 817 1038 1112 1093; x_wconf 85' lang='lat' dir='ltr'><strong>hilaritate.</strong></span> <span class='ocrx_word' id='word_1_59' title='bbox 1138 1038 1193 1093; x_wconf 89' lang='lat' dir='ltr'><strong>In</strong></span> <span class='ocrx_word' id='word_1_60' title='bbox 1216 1042 1440 1110; x_wconf 89' lang='lat' dir='ltr'><strong>antiqua</strong></span> <span class='ocrx_word' id='word_1_61' title='bbox 1468 1058 1593 1095; x_wconf 86' lang='lat' dir='ltr'><strong>vero</strong></span> <span class='ocrx_word' id='word_1_62' title='bbox 1617 1042 1733 1112; x_wconf 86' lang='lat' dir='ltr'><strong>lege</strong></span> <span class='ocrx_word' id='word_1_63' title='bbox 1755 1041 1926 1113; x_wconf 81' lang='lat' dir='ltr'><strong>Moysi</strong></span> <span class='ocrx_word' id='word_1_64' title='bbox 1957 1044 2199 1114; x_wconf 90' lang='lat' dir='ltr'><strong>loquens,</strong></span> 
     </span>
    </p>
   </div>
   <div class='ocr_carea' id='block_1_12' title="bbox 623 1131 1783 1201">
    <p class='ocr_par' dir='ltr' id='par_1_12' title="bbox 623 1131 1783 1201">
     <span class='ocr_line' id='line_1_12' title="bbox 623 1131 1783 1201; baseline 0 -16"><span class='ocrx_word' id='word_1_65' title='bbox 623 1131 899 1200; x_wconf 87' lang='lat' dir='ltr'><strong>pollicitus</strong></span> <span class='ocrx_word' id='word_1_66' title='bbox 939 1140 1057 1185; x_wconf 87' lang='lat' dir='ltr'><strong>erat</strong></span> <span class='ocrx_word' id='word_1_67' title='bbox 1090 1146 1148 1185; x_wconf 90' lang='lat' dir='ltr'><strong>se</strong></span> <span class='ocrx_word' id='word_1_68' title='bbox 1171 1147 1292 1185; x_wconf 89' lang='lat' dir='ltr'><strong>cum</strong></span> <span class='ocrx_word' id='word_1_69' title='bbox 1317 1134 1397 1185; x_wconf 88' lang='lat' dir='ltr'><strong>eis</strong></span> <span class='ocrx_word' id='word_1_70' title='bbox 1421 1147 1783 1201; x_wconf 83' lang='lat' dir='ltr'><strong>egressurum.</strong></span> 
     </span>
    </p>
   </div>
   <div class='ocr_carea' id='block_1_13' title="bbox 660 1219 2200 1288">
    <p class='ocr_par' dir='ltr' id='par_1_13' title="bbox 660 1219 2200 1288">
     <span class='ocr_line' id='line_1_13' title="bbox 660 1219 2200 1288; baseline 0.002 -13"><span class='ocrx_word' id='word_1_71' title='bbox 660 1221 844 1275; x_wconf 79' lang='lat' dir='ltr'><strong>’Vsns.</strong></span> <span class='ocrx_word' id='word_1_72' title='bbox 881 1219 969 1275; x_wconf 79' lang='grc'><strong>16.</strong></span> <span class='ocrx_word' id='word_1_73' title='bbox 1023 1238 1041 1271; x_wconf 83' lang='grc'><em>‹</em></span> <span class='ocrx_word' id='word_1_74' title='bbox 1074 1220 1371 1288; x_wconf 78' lang='lat' dir='ltr'><strong>Respondit</strong></span> <span class='ocrx_word' id='word_1_75' title='bbox 1416 1224 1493 1275; x_wconf 86' lang='lat' dir='ltr'><strong>eis</strong></span> <span class='ocrx_word' id='word_1_76' title='bbox 1525 1221 1703 1287; x_wconf 82' lang='lat' dir='ltr'><strong>Jesus,</strong></span> <span class='ocrx_word' id='word_1_77' title='bbox 1740 1233 1795 1278; x_wconf 92' lang='lat' dir='ltr'><strong>et</strong></span> <span class='ocrx_word' id='word_1_78' title='bbox 1847 1224 1984 1277; x_wconf 79' lang='lat' dir='ltr'><strong>dixit</strong></span> <span class='ocrx_word' id='word_1_79' title='bbox 2018 1241 2030 1276; x_wconf 93' lang='lat'>:</span> <span class='ocrx_word' id='word_1_80' title='bbox 2086 1223 2200 1278; x_wconf 83' lang='lat' dir='ltr'><strong>Mea</strong></span> 
     </span>
    </p>
   </div>
   <div class='ocr_carea' id='block_1_14' title="bbox 619 1312 2039 1383">
    <p class='ocr_par' dir='ltr' id='par_1_14' title="bbox 619 1312 2039 1383">
     <span class='ocr_line' id='line_1_14' title="bbox 619 1312 2039 1383; baseline 0 -15"><span class='ocrx_word' id='word_1_81' title='bbox 619 1313 863 1368; x_wconf 84' lang='lat' dir='ltr'><strong>doctrina</strong></span> <span class='ocrx_word' id='word_1_82' title='bbox 899 1328 1003 1365; x_wconf 87' lang='lat' dir='ltr'><strong>non</strong></span> <span class='ocrx_word' id='word_1_83' title='bbox 1033 1321 1117 1366; x_wconf 90' lang='lat' dir='ltr'><strong>est</strong></span> <span class='ocrx_word' id='word_1_84' title='bbox 1146 1328 1286 1379; x_wconf 90' lang='lat' dir='ltr'><strong>mea,</strong></span> <span class='ocrx_word' id='word_1_85' title='bbox 1314 1313 1407 1367; x_wconf 90' lang='lat' dir='ltr'><strong>sed</strong></span> <span class='ocrx_word' id='word_1_86' title='bbox 1434 1312 1550 1380; x_wconf 87' lang='lat' dir='ltr'><strong>ejus</strong></span> <span class='ocrx_word' id='word_1_87' title='bbox 1582 1317 1671 1383; x_wconf 87' lang='lat' dir='ltr'><strong>qui</strong></span> <span class='ocrx_word' id='word_1_88' title='bbox 1707 1316 1854 1370; x_wconf 86' lang='lat' dir='ltr'><strong>misit</strong></span> <span class='ocrx_word' id='word_1_89' title='bbox 1879 1332 1983 1371; x_wconf 92' lang='lat' dir='ltr'><strong>me.</strong></span> <span class='ocrx_word' id='word_1_90' title='bbox 2020 1335 2039 1368; x_wconf 76' lang='grc' dir='ltr'><strong>ι</strong></span> 
     </span>
    </p>
   </div>
   <div class='ocr_carea' id='block_1_15' title="bbox 687 1403 2200 1473">
    <p class='ocr_par' dir='ltr' id='par_1_15' title="bbox 687 1403 2200 1473">
     <span class='ocr_line' id='line_1_15' title="bbox 687 1403 2200 1473; baseline 0.003 -16"><span class='ocrx_word' id='word_1_91' title='bbox 687 1403 915 1471; x_wconf 86' lang='lat' dir='ltr'><strong>Propter</strong></span> <span class='ocrx_word' id='word_1_92' title='bbox 957 1418 1222 1457; x_wconf 86' lang='lat' dir='ltr'><strong>summam</strong></span> <span class='ocrx_word' id='word_1_93' title='bbox 1270 1405 1631 1473; x_wconf 68' lang='lat' dir='ltr'><strong>aequalitatem</strong></span> <span class='ocrx_word' id='word_1_94' title='bbox 1685 1423 1839 1460; x_wconf 89' lang='lat' dir='ltr'><strong>suam</strong></span> <span class='ocrx_word' id='word_1_95' title='bbox 1896 1407 2200 1462; x_wconf 84' lang='lat' dir='ltr'><strong>doctrinam</strong></span> 
     </span>
    </p>
   </div>
   <div class='ocr_carea' id='block_1_16' title="bbox 574 1495 2203 1569">
    <p class='ocr_par' dir='ltr' id='par_1_16' title="bbox 574 1495 2203 1569">
     <span class='ocr_line' id='line_1_16' title="bbox 574 1495 2203 1569; baseline 0.003 -20"><span class='ocrx_word' id='word_1_96' title='bbox 574 1503 583 1512; x_wconf 92' lang='lat'>&#39;</span> <span class='ocrx_word' id='word_1_97' title='bbox 619 1495 801 1549; x_wconf 87' lang='lat' dir='ltr'><strong>Patris</strong></span> <span class='ocrx_word' id='word_1_98' title='bbox 829 1495 980 1558; x_wconf 85' lang='lat' dir='ltr'><strong>dicit,</strong></span> <span class='ocrx_word' id='word_1_99' title='bbox 1031 1495 1112 1548; x_wconf 90' lang='lat' dir='ltr'><strong>vel</strong></span> <span class='ocrx_word' id='word_1_100' title='bbox 1160 1495 1283 1563; x_wconf 93' lang='lat' dir='ltr'><strong>quia</strong></span> <span class='ocrx_word' id='word_1_101' title='bbox 1317 1497 1432 1564; x_wconf 89' lang='lat' dir='ltr'><strong>ipse</strong></span> <span class='ocrx_word' id='word_1_102' title='bbox 1461 1505 1544 1551; x_wconf 90' lang='lat' dir='ltr'><strong>est</strong></span> <span class='ocrx_word' id='word_1_103' title='bbox 1572 1496 1751 1552; x_wconf 86' lang='lat' dir='ltr'><strong>Patris</strong></span> <span class='ocrx_word' id='word_1_104' title='bbox 1784 1500 2071 1568; x_wconf 88' lang='lat' dir='ltr'><strong>sapientia,</strong></span> <span class='ocrx_word' id='word_1_105' title='bbox 2108 1515 2203 1569; x_wconf 88' lang='lat' dir='ltr'><strong>per</strong></span> 
     </span>
    </p>
   </div>
   <div class='ocr_carea' id='block_1_17' title="bbox 620 1581 2200 1657">
    <p class='ocr_par' dir='ltr' id='par_1_17' title="bbox 620 1581 2200 1657">
     <span class='ocr_line' id='line_1_17' title="bbox 620 1581 2200 1657; baseline 0.003 -20"><span class='ocrx_word' id='word_1_106' title='bbox 620 1599 781 1654; x_wconf 91' lang='lat' dir='ltr'><strong>quam</strong></span> <span class='ocrx_word' id='word_1_107' title='bbox 814 1584 996 1637; x_wconf 89' lang='lat' dir='ltr'><strong>omnia</strong></span> <span class='ocrx_word' id='word_1_108' title='bbox 1032 1581 1191 1637; x_wconf 84' lang='lat' dir='ltr'><strong>Pater</strong></span> <span class='ocrx_word' id='word_1_109' title='bbox 1218 1585 1505 1649; x_wconf 88' lang='lat' dir='ltr'><strong>enuntiat;</strong></span> <span class='ocrx_word' id='word_1_110' title='bbox 1560 1584 1640 1638; x_wconf 89' lang='lat' dir='ltr'><strong>vel</strong></span> <span class='ocrx_word' id='word_1_111' title='bbox 1671 1590 1811 1655; x_wconf 90' lang='lat' dir='ltr'><strong>quod</strong></span> <span class='ocrx_word' id='word_1_112' title='bbox 1858 1603 1955 1657; x_wconf 88' lang='lat' dir='ltr'><strong>per</strong></span> <span class='ocrx_word' id='word_1_113' title='bbox 1983 1589 2200 1643; x_wconf 89' lang='lat' dir='ltr'><strong>modum</strong></span> 
     </span>
    </p>
   </div>
   <div class='ocr_carea' id='block_1_18' title="bbox 620 1675 2201 1744">
    <p class='ocr_par' dir='ltr' id='par_1_18' title="bbox 620 1675 2201 1744">
     <span class='ocr_line' id='line_1_18' title="bbox 620 1675 2201 1744; baseline 0.003 -15"><span class='ocrx_word' id='word_1_114' title='bbox 620 1675 1062 1743; x_wconf 86' lang='lat' dir='ltr'><strong>dispensationis,</strong></span> <span class='ocrx_word' id='word_1_115' title='bbox 1114 1683 1369 1744; x_wconf 87' lang='lat' dir='ltr'><strong>tanquam</strong></span> <span class='ocrx_word' id='word_1_116' title='bbox 1405 1676 1585 1741; x_wconf 85' lang='lat' dir='ltr'><strong>homo,</strong></span> <span class='ocrx_word' id='word_1_117' title='bbox 1619 1676 1765 1730; x_wconf 82' lang='lat' dir='ltr'><strong>Patri</strong></span> <span class='ocrx_word' id='word_1_118' title='bbox 1798 1694 2011 1733; x_wconf 90' lang='lat' dir='ltr'><strong>omnem</strong></span> <span class='ocrx_word' id='word_1_119' title='bbox 2047 1694 2201 1733; x_wconf 90' lang='lat' dir='ltr'><strong>suam</strong></span> 
     </span>
    </p>
   </div>
   <div class='ocr_carea' id='block_1_19' title="bbox 622 1764 2203 1835">
    <p class='ocr_par' dir='ltr' id='par_1_19' title="bbox 622 1764 2203 1835">
     <span class='ocr_line' id='line_1_19' title="bbox 622 1764 2203 1835; baseline 0.005 -18"><span class='ocrx_word' id='word_1_120' title='bbox 622 1764 799 1819; x_wconf 78' lang='lat' dir='ltr'><strong>defert</strong></span> <span class='ocrx_word' id='word_1_121' title='bbox 826 1765 1208 1829; x_wconf 84' lang='lat' dir='ltr'><strong>eruditionem,</strong></span> <span class='ocrx_word' id='word_1_122' title='bbox 1242 1777 1462 1835; x_wconf 87' lang='lat' dir='ltr'><strong>propter</strong></span> <span class='ocrx_word' id='word_1_123' title='bbox 1487 1766 1796 1823; x_wconf 64' lang='lat' dir='ltr'><strong>Iudaeorum</strong></span> <span class='ocrx_word' id='word_1_124' title='bbox 1852 1770 2203 1825; x_wconf 89' lang='lat' dir='ltr'><strong>incredulita-</strong></span> 
     </span>
    </p>
   </div>
   <div class='ocr_carea' id='block_1_20' title="bbox 2304 594 3886 675">
    <p class='ocr_par' dir='ltr' id='par_1_20' title="bbox 2304 594 3886 675">
     <span class='ocr_line' id='line_1_20' title="bbox 2304 594 3886 675; baseline 0.008 -32"><span class='ocrx_word' id='word_1_125' title='bbox 2304 608 2413 644; x_wconf 92' lang='grc' dir='ltr'><strong>των</strong></span> <span class='ocrx_word' id='word_1_126' title='bbox 2458 594 2568 646; x_wconf 80' lang='grc' dir='ltr'>τῶν</span> <span class='ocrx_word' id='word_1_127' title='bbox 2642 596 2930 652; x_wconf 89' lang='grc' dir='ltr'>Ἰουδαίων.</span> <span class='ocrx_word' id='word_1_128' title='bbox 2995 599 3103 651; x_wconf 76' lang='grc' dir='ltr'><strong>Καὶ</strong></span> <span class='ocrx_word' id='word_1_129' title='bbox 3163 602 3300 670; x_wconf 80' lang='grc' dir='ltr'>μετὰ</span> <span class='ocrx_word' id='word_1_130' title='bbox 3351 603 3526 655; x_wconf 73' lang='grc' dir='ltr'>ταῦτα</span> <span class='ocrx_word' id='word_1_131' title='bbox 3581 606 3886 675; x_wconf 60' lang='grc' dir='ltr'>μελλούσης</span> 
     </span>
    </p>
   </div>
   <div class='ocr_carea' id='block_1_21' title="bbox 2304 684 3887 775">
    <p class='ocr_par' dir='ltr' id='par_1_21' title="bbox 2304 684 3887 767">
     <span class='ocr_line' id='line_1_21' title="bbox 2304 684 3887 767; baseline 0.01 -32"><span class='ocrx_word' id='word_1_132' title='bbox 2304 684 2549 750; x_wconf 84' lang='grc' dir='ltr'>λύεσθαι,</span> <span class='ocrx_word' id='word_1_133' title='bbox 2587 686 2687 739; x_wconf 80' lang='grc' dir='ltr'><strong>ούκ</strong></span> <span class='ocrx_word' id='word_1_134' title='bbox 2727 689 2943 742; x_wconf 81' lang='grc' dir='ltr'><strong>ἐναντία</strong></span> <span class='ocrx_word' id='word_1_135' title='bbox 2993 697 3294 763; x_wconf 85' lang='grc' dir='ltr'>πεποίηκεν</span> <span class='ocrx_word' id='word_1_136' title='bbox 3333 687 3407 746; x_wconf 79' lang='grc' dir='ltr'><strong>ὧν</strong></span> <span class='ocrx_word' id='word_1_137' title='bbox 3446 690 3622 748; x_wconf 80' lang='grc' dir='ltr'>εἶπεν.</span> <span class='ocrx_word' id='word_1_138' title='bbox 3664 698 3736 749; x_wconf 85' lang='grc' dir='ltr'>Ού</span> <span class='ocrx_word' id='word_1_139' title='bbox 3779 699 3887 767; x_wconf 74' lang='grc' dir='ltr'><strong>γὰρ</strong></span> 
     </span>
    </p>
   </div>
   <div class='ocr_carea' id='block_1_22' title="bbox 2303 776 3888 857">
    <p class='ocr_par' dir='ltr' id='par_1_22' title="bbox 2303 776 3888 857">
     <span class='ocr_line' id='line_1_22' title="bbox 2303 776 3888 857; baseline 0.007 -28"><span class='ocrx_word' id='word_1_140' title='bbox 2303 776 2472 846; x_wconf 80' lang='grc' dir='ltr'>ἀνέϐη</span> <span class='ocrx_word' id='word_1_141' title='bbox 2515 779 2810 849; x_wconf 82' lang='grc' dir='ltr'>ὲορτάσων,</span> <span class='ocrx_word' id='word_1_142' title='bbox 2839 781 2972 834; x_wconf 82' lang='grc' dir='ltr'>ἀλλὰ</span> <span class='ocrx_word' id='word_1_143' title='bbox 2995 800 3058 835; x_wconf 95' lang='grc' dir='ltr'><strong>συ</strong></span> <span class='ocrx_word' id='word_1_144' title='bbox 3069 784 3445 853; x_wconf 78' lang='grc' dir='ltr'><strong>μῦουλεύσων⁹</strong></span> <span class='ocrx_word' id='word_1_145' title='bbox 3473 786 3553 840; x_wconf 80' lang='grc' dir='ltr'>διὸ</span> <span class='ocrx_word' id='word_1_146' title='bbox 3582 788 3678 840; x_wconf 63' lang='grc' dir='ltr'>καὶ</span> <span class='ocrx_word' id='word_1_147' title='bbox 3710 788 3888 857; x_wconf 67' lang='grc' dir='ltr'>λάθρα</span> 
     </span>
    </p>
   </div>
   <div class='ocr_carea' id='block_1_23' title="bbox 2304 866 3888 948">
    <p class='ocr_par' dir='ltr' id='par_1_23' title="bbox 2304 866 3888 948">
     <span class='ocr_line' id='line_1_23' title="bbox 2304 866 3888 948; baseline 0.008 -28"><span class='ocrx_word' id='word_1_148' title='bbox 2304 866 2504 936; x_wconf 82' lang='grc' dir='ltr'>ἀνέϐη,</span> <span class='ocrx_word' id='word_1_149' title='bbox 2537 869 2595 920; x_wconf 84' lang='grc' dir='ltr'><strong>ού</strong></span> <span class='ocrx_word' id='word_1_150' title='bbox 2633 870 2770 937; x_wconf 73' lang='grc' dir='ltr'>μετὰ</span> <span class='ocrx_word' id='word_1_151' title='bbox 2808 871 3124 942; x_wconf 78' lang='grc' dir='ltr'><strong>ἱλαρότητος</strong></span> <span class='ocrx_word' id='word_1_152' title='bbox 3219 876 3515 947; x_wconf 81' lang='grc' dir='ltr'>γέχρηνται</span> <span class='ocrx_word' id='word_1_153' title='bbox 3560 880 3608 931; x_wconf 77' lang='lat' dir='ltr'><strong>oi</strong></span> <span class='ocrx_word' id='word_1_154' title='bbox 3639 896 3888 948; x_wconf 77' lang='grc' dir='ltr'>πανηγυο</span> 
     </span>
    </p>
   </div>
   <div class='ocr_carea' id='block_1_24' title="bbox 2307 958 3891 1042">
    <p class='ocr_par' dir='ltr' id='par_1_24' title="bbox 2307 958 3891 1042">
     <span class='ocr_line' id='line_1_24' title="bbox 2307 958 3891 1042; baseline 0.008 -32"><span class='ocrx_word' id='word_1_155' title='bbox 2307 958 2567 1029; x_wconf 81' lang='grc' dir='ltr'>ρίζοντες.</span> <span class='ocrx_word' id='word_1_156' title='bbox 2605 962 2716 1015; x_wconf 82' lang='grc' dir='ltr'><strong>Καὶ</strong></span> <span class='ocrx_word' id='word_1_157' title='bbox 2760 966 2818 1015; x_wconf 81' lang='grc' dir='ltr'><strong>ἐν</strong></span> <span class='ocrx_word' id='word_1_158' title='bbox 2858 968 2923 1035; x_wconf 80' lang='grc' dir='ltr'>τῇ</span> <span class='ocrx_word' id='word_1_159' title='bbox 2976 967 3189 1037; x_wconf 84' lang='grc' dir='ltr'>Παλαιᾷ</span> <span class='ocrx_word' id='word_1_160' title='bbox 3234 970 3291 1022; x_wconf 84' lang='grc' dir='ltr'>δὲ</span> <span class='ocrx_word' id='word_1_161' title='bbox 3326 971 3518 1036; x_wconf 84' lang='grc' dir='ltr'>εἰπὼν,</span> <span class='ocrx_word' id='word_1_162' title='bbox 3552 972 3627 1042; x_wconf 77' lang='grc' dir='ltr'>τῷ</span> <span class='ocrx_word' id='word_1_163' title='bbox 3662 974 3891 1025; x_wconf 78' lang='grc' dir='ltr'>Μωῡσεί</span> 
     </span>
    </p>
   </div>
   <div class='ocr_carea' id='block_1_25' title="bbox 2303 1050 3403 1125">
    <p class='ocr_par' dir='ltr' id='par_1_25' title="bbox 2303 1050 3403 1125">
     <span class='ocr_line' id='line_1_25' title="bbox 2303 1050 3403 1125; baseline 0.011 -24"><span class='ocrx_word' id='word_1_164' title='bbox 2303 1050 2576 1121; x_wconf 81' lang='grc' dir='ltr'>ὑπέσχετο</span> <span class='ocrx_word' id='word_1_165' title='bbox 2615 1054 3118 1125; x_wconf 88' lang='grc' dir='ltr'>συνεκπορεύεσθαι</span> <span class='ocrx_word' id='word_1_166' title='bbox 3148 1058 3331 1123; x_wconf 81' lang='grc' dir='ltr'>αὐτοῖς</span> <span class='ocrx_word' id='word_1_167' title='bbox 3356 1060 3403 1111; x_wconf 68' lang='grc' dir='ltr'><strong>ιε.</strong></span> 
     </span>
    </p>
   </div>
   <div class='ocr_carea' id='block_1_26' title="bbox 2374 1231 3886 1306">
    <p class='ocr_par' dir='ltr' id='par_1_26' title="bbox 2374 1231 3886 1306">
     <span class='ocr_line' id='line_1_26' title="bbox 2374 1231 3886 1306; baseline 0.002 -19"><span class='ocrx_word' id='word_1_168' title='bbox 2374 1239 2388 1287; x_wconf 90' lang='lat' dir='ltr'><strong>l</strong></span> <span class='ocrx_word' id='word_1_169' title='bbox 2459 1231 2761 1303; x_wconf 83' lang='grc' dir='ltr'><strong>Ἀπεκρίθη</strong></span> <span class='ocrx_word' id='word_1_170' title='bbox 2797 1235 2981 1297; x_wconf 80' lang='grc' dir='ltr'>αὐτοῖς</span> <span class='ocrx_word' id='word_1_171' title='bbox 3008 1234 3035 1286; x_wconf 88' lang='grc' dir='ltr'>ὁ</span> <span class='ocrx_word' id='word_1_172' title='bbox 3068 1235 3296 1304; x_wconf 72' lang='grc' dir='ltr'>Ἰησοῦς,</span> <span class='ocrx_word' id='word_1_173' title='bbox 3330 1236 3422 1288; x_wconf 74' lang='grc' dir='ltr'>καὶ</span> <span class='ocrx_word' id='word_1_174' title='bbox 3450 1232 3634 1288; x_wconf 81' lang='grc' dir='ltr'>εἶπεν·</span> <span class='ocrx_word' id='word_1_175' title='bbox 3684 1237 3747 1289; x_wconf 85' lang='grc' dir='ltr'><strong>Ὶι</strong></span> <span class='ocrx_word' id='word_1_176' title='bbox 3779 1239 3886 1306; x_wconf 80' lang='grc' dir='ltr'>ἐμὴ</span> 
     </span>
    </p>
   </div>
   <div class='ocr_carea' id='block_1_27' title="bbox 2301 1321 3776 1399">
    <p class='ocr_par' dir='ltr' id='par_1_27' title="bbox 2301 1321 3776 1399">
     <span class='ocr_line' id='line_1_27' title="bbox 2301 1321 3776 1399; baseline 0.004 -24"><span class='ocrx_word' id='word_1_177' title='bbox 2301 1321 2492 1393; x_wconf 82' lang='grc' dir='ltr'>διδαχὴ</span> <span class='ocrx_word' id='word_1_178' title='bbox 2519 1325 2622 1377; x_wconf 81' lang='grc' dir='ltr'><strong>οὐκ</strong></span> <span class='ocrx_word' id='word_1_179' title='bbox 2651 1324 2799 1377; x_wconf 75' lang='grc' dir='ltr'>ἐστιν</span> <span class='ocrx_word' id='word_1_180' title='bbox 2829 1326 2961 1396; x_wconf 78' lang='grc' dir='ltr'>ἐμὴ,</span> <span class='ocrx_word' id='word_1_181' title='bbox 2991 1326 3127 1380; x_wconf 76' lang='grc' dir='ltr'>ἀλλὰ</span> <span class='ocrx_word' id='word_1_182' title='bbox 3154 1327 3250 1381; x_wconf 80' lang='grc' dir='ltr'>τοῦ</span> <span class='ocrx_word' id='word_1_183' title='bbox 3279 1329 3591 1397; x_wconf 70' lang='grc' dir='ltr'>πέμψαντός</span> <span class='ocrx_word' id='word_1_184' title='bbox 3622 1346 3712 1399; x_wconf 90' lang='grc' dir='ltr'>με.</span> <span class='ocrx_word' id='word_1_185' title='bbox 3756 1350 3776 1381; x_wconf 74' lang='grc' dir='ltr'><strong>ι</strong></span> 
     </span>
    </p>
   </div>
   <div class='ocr_carea' id='block_1_28' title="bbox 2373 1415 3886 1492">
    <p class='ocr_par' dir='ltr' id='par_1_28' title="bbox 2373 1415 3886 1492">
     <span class='ocr_line' id='line_1_28' title="bbox 2373 1415 3886 1492; baseline 0.005 -26"><span class='ocrx_word' id='word_1_186' title='bbox 2373 1415 2474 1467; x_wconf 82' lang='grc' dir='ltr'>Διὰ</span> <span class='ocrx_word' id='word_1_187' title='bbox 2510 1416 2610 1486; x_wconf 83' lang='grc' dir='ltr'>τὴν</span> <span class='ocrx_word' id='word_1_188' title='bbox 2657 1416 2834 1487; x_wconf 83' lang='grc' dir='ltr'>ἄκραν</span> <span class='ocrx_word' id='word_1_189' title='bbox 2878 1417 3219 1489; x_wconf 80' lang='grc' dir='ltr'>ἐξομοίωσιν,</span> <span class='ocrx_word' id='word_1_190' title='bbox 3265 1423 3364 1491; x_wconf 80' lang='grc' dir='ltr'>τὴν</span> <span class='ocrx_word' id='word_1_191' title='bbox 3410 1420 3606 1473; x_wconf 80' lang='grc' dir='ltr'>ἑαυτοῦ</span> <span class='ocrx_word' id='word_1_192' title='bbox 3661 1420 3886 1492; x_wconf 74' lang='grc' dir='ltr'>διδαχὴν</span> 
     </span>
    </p>
   </div>
   <div class='ocr_carea' id='block_1_29' title="bbox 2303 1504 3887 1583">
    <p class='ocr_par' dir='ltr' id='par_1_29' title="bbox 2303 1504 3887 1583">
     <span class='ocr_line' id='line_1_29' title="bbox 2303 1504 3887 1583; baseline 0.006 -26"><span class='ocrx_word' id='word_1_193' title='bbox 2303 1504 2399 1557; x_wconf 82' lang='grc' dir='ltr'><strong>τοῦ</strong></span> <span class='ocrx_word' id='word_1_194' title='bbox 2450 1507 2666 1575; x_wconf 83' lang='grc' dir='ltr'>Πατρὸς</span> <span class='ocrx_word' id='word_1_195' title='bbox 2706 1508 2877 1576; x_wconf 85' lang='grc' dir='ltr'>λέγει,</span> <span class='ocrx_word' id='word_1_196' title='bbox 2910 1510 3049 1581; x_wconf 74' lang='grc' dir='ltr'>ἥὸτι</span> <span class='ocrx_word' id='word_1_197' title='bbox 3080 1512 3241 1575; x_wconf 84' lang='grc' dir='ltr'>αὑτός</span> <span class='ocrx_word' id='word_1_198' title='bbox 3272 1513 3421 1565; x_wconf 79' lang='grc' dir='ltr'>ἐστιν</span> <span class='ocrx_word' id='word_1_199' title='bbox 3476 1514 3511 1582; x_wconf 78' lang='grc' dir='ltr'><strong>ἡ</strong></span> <span class='ocrx_word' id='word_1_200' title='bbox 3538 1512 3631 1565; x_wconf 76' lang='grc' dir='ltr'>τοῦ</span> <span class='ocrx_word' id='word_1_201' title='bbox 3675 1515 3887 1583; x_wconf 57' lang='lat' dir='ltr'><strong>“cepe;</strong></span> 
     </span>
    </p>
   </div>
   <div class='ocr_carea' id='block_1_30' title="bbox 2306 1592 3885 1674">
    <p class='ocr_par' dir='ltr' id='par_1_30' title="bbox 2306 1592 3885 1674">
     <span class='ocr_line' id='line_1_30' title="bbox 2306 1592 3885 1674; baseline 0.004 -26"><span class='ocrx_word' id='word_1_202' title='bbox 2306 1596 2487 1665; x_wconf 82' lang='grc' dir='ltr'>σοφία,</span> <span class='ocrx_word' id='word_1_203' title='bbox 2529 1597 2596 1650; x_wconf 87' lang='grc' dir='ltr'><strong>δι’</strong></span> <span class='ocrx_word' id='word_1_204' title='bbox 2648 1592 2716 1669; x_wconf 81' lang='grc' dir='ltr'>ἦς</span> <span class='ocrx_word' id='word_1_205' title='bbox 2760 1602 2941 1654; x_wconf 86' lang='grc' dir='ltr'>πάντα</span> <span class='ocrx_word' id='word_1_206' title='bbox 2966 1601 3119 1655; x_wconf 89' lang='grc' dir='ltr'>λαλεῖ</span> <span class='ocrx_word' id='word_1_207' title='bbox 3149 1605 3177 1655; x_wconf 84' lang='grc' dir='ltr'>ὁ</span> <span class='ocrx_word' id='word_1_208' title='bbox 3212 1604 3398 1674; x_wconf 82' lang='grc' dir='ltr'>Πατήρ</span> <span class='ocrx_word' id='word_1_209' title='bbox 3420 1621 3431 1632; x_wconf 89' lang='grc'><strong>·</strong></span> <span class='ocrx_word' id='word_1_210' title='bbox 3468 1605 3499 1670; x_wconf 81' lang='grc' dir='ltr'><strong>ῆ</strong></span> <span class='ocrx_word' id='word_1_211' title='bbox 3535 1604 3632 1656; x_wconf 73' lang='grc' dir='ltr'>καὶ</span> <span class='ocrx_word' id='word_1_212' title='bbox 3675 1606 3750 1668; x_wconf 78' lang='grc' dir='ltr'>ὡς</span> <span class='ocrx_word' id='word_1_213' title='bbox 3793 1606 3885 1658; x_wconf 80' lang='grc' dir='ltr'><strong>ἇν-</strong></span> 
     </span>
    </p>
   </div>
   <div class='ocr_carea' id='block_1_31' title="bbox 2306 1689 3887 1766">
    <p class='ocr_par' dir='ltr' id='par_1_31' title="bbox 2306 1689 3887 1766">
     <span class='ocr_line' id='line_1_31' title="bbox 2306 1689 3887 1766; baseline 0.006 -25"><span class='ocrx_word' id='word_1_214' title='bbox 2306 1689 2522 1759; x_wconf 84' lang='grc' dir='ltr'>θρωπος</span> <span class='ocrx_word' id='word_1_215' title='bbox 2567 1692 2927 1763; x_wconf 81' lang='grc' dir='ltr'><strong>οἰκονομικῶς</strong></span> <span class='ocrx_word' id='word_1_216' title='bbox 2977 1695 3265 1766; x_wconf 80' lang='grc' dir='ltr'><strong>ἀνατίθησι</strong></span> <span class='ocrx_word' id='word_1_217' title='bbox 3322 1697 3401 1766; x_wconf 78' lang='grc' dir='ltr'>τῷ</span> <span class='ocrx_word' id='word_1_218' title='bbox 3449 1698 3627 1766; x_wconf 69' lang='grc' dir='ltr'>Πατρὶ</span> <span class='ocrx_word' id='word_1_219' title='bbox 3656 1698 3755 1766; x_wconf 76' lang='grc' dir='ltr'>τὴν</span> <span class='ocrx_word' id='word_1_220' title='bbox 3802 1698 3887 1749; x_wconf 87' lang='grc' dir='ltr'>δι-</span> 
     </span>
    </p>
   </div>
   <div class='ocr_carea' id='block_1_32' title="bbox 2305 1781 3888 1849">
    <p class='ocr_par' dir='ltr' id='par_1_32' title="bbox 2305 1781 3888 1849">
     <span class='ocr_line' id='line_1_32' title="bbox 2305 1781 3888 1849; baseline 0.003 -14"><span class='ocrx_word' id='word_1_221' title='bbox 2305 1781 2622 1849; x_wconf 82' lang='grc' dir='ltr'>δασκαλίαν,</span> <span class='ocrx_word' id='word_1_222' title='bbox 2650 1786 2739 1837; x_wconf 80' lang='grc' dir='ltr'><strong>διὰ</strong></span> <span class='ocrx_word' id='word_1_223' title='bbox 2760 1786 2820 1838; x_wconf 85' lang='grc' dir='ltr'>τὸ</span> <span class='ocrx_word' id='word_1_224' title='bbox 2850 1786 3077 1840; x_wconf 81' lang='grc' dir='ltr'>ἄπιστον</span> <span class='ocrx_word' id='word_1_225' title='bbox 3098 1788 3207 1840; x_wconf 82' lang='grc' dir='ltr'><strong>τῶν</strong></span> <span class='ocrx_word' id='word_1_226' title='bbox 3248 1789 3542 1842; x_wconf 79' lang='grc' dir='ltr'>Ἰουῗαίων.</span> <span class='ocrx_word' id='word_1_227' title='bbox 3590 1790 3888 1841; x_wconf 74' lang='grc' dir='ltr'>Ἀπεσταλ-</span> 
     </span>
    </p>
   </div>
   <div class='ocr_carea' id='block_1_33' title="bbox 622 1853 2200 1950">
    <p class='ocr_par' dir='ltr' id='par_1_33' title="bbox 622 1853 2200 1926">
     <span class='ocr_line' id='line_1_33' title="bbox 622 1853 2200 1926; baseline 0.002 -19"><span class='ocrx_word' id='word_1_228' title='bbox 622 1864 750 1908; x_wconf 90' lang='lat' dir='ltr'><strong>tem.</strong></span> <span class='ocrx_word' id='word_1_229' title='bbox 801 1853 1023 1906; x_wconf 85' lang='lat' dir='ltr'><strong>Missum</strong></span> <span class='ocrx_word' id='word_1_230' title='bbox 1078 1866 1209 1906; x_wconf 85' lang='lat' dir='ltr'><strong>vero</strong></span> <span class='ocrx_word' id='word_1_231' title='bbox 1263 1867 1321 1906; x_wconf 91' lang='lat' dir='ltr'><strong>se</strong></span> <span class='ocrx_word' id='word_1_232' title='bbox 1378 1854 1533 1920; x_wconf 84' lang='lat' dir='ltr'><strong>dicit,</strong></span> <span class='ocrx_word' id='word_1_233' title='bbox 1590 1866 1812 1924; x_wconf 83' lang='lat' dir='ltr'><strong>propter</strong></span> <span class='ocrx_word' id='word_1_234' title='bbox 1872 1866 2200 1926; x_wconf 88' lang='lat' dir='ltr'><strong>assumptam</strong></span> 
     </span>
    </p>
   </div>
   <div class='ocr_carea' id='block_1_34' title="bbox 2304 1853 3888 1950">
    <p class='ocr_par' dir='ltr' id='par_1_34' title="bbox 2309 1876 3888 1950">
     <span class='ocr_line' id='line_1_34' title="bbox 2309 1876 3888 1950; baseline 0.003 -22"><span class='ocrx_word' id='word_1_235' title='bbox 2309 1876 2397 1928; x_wconf 83' lang='grc' dir='ltr'><strong>θαι</strong></span> <span class='ocrx_word' id='word_1_236' title='bbox 2432 1877 2487 1928; x_wconf 77' lang='grc' dir='ltr'>δὲ</span> <span class='ocrx_word' id='word_1_237' title='bbox 2524 1877 2684 1929; x_wconf 72' lang='grc' dir='ltr'>αὑτὸν</span> <span class='ocrx_word' id='word_1_238' title='bbox 2713 1876 2861 1943; x_wconf 82' lang='grc' dir='ltr'>λέγει</span> <span class='ocrx_word' id='word_1_239' title='bbox 2892 1878 2981 1930; x_wconf 85' lang='grc' dir='ltr'><strong>διά</strong></span> <span class='ocrx_word' id='word_1_240' title='bbox 3022 1878 3120 1948; x_wconf 86' lang='grc' dir='ltr'>τὴν</span> <span class='ocrx_word' id='word_1_241' title='bbox 3166 1879 3377 1950; x_wconf 82' lang='grc' dir='ltr'>σάρκα,</span> <span class='ocrx_word' id='word_1_242' title='bbox 3410 1880 3442 1949; x_wconf 83' lang='grc' dir='ltr'><strong>ἦ</strong></span> <span class='ocrx_word' id='word_1_243' title='bbox 3495 1881 3571 1942; x_wconf 81' lang='grc' dir='ltr'>ὡς</span> <span class='ocrx_word' id='word_1_244' title='bbox 3622 1880 3795 1948; x_wconf 79' lang='grc' dir='ltr'>Λόγον</span> <span class='ocrx_word' id='word_1_245' title='bbox 3822 1883 3888 1934; x_wconf 80' lang='grc' dir='ltr'>ἐκ</span> 
     </span>
    </p>
   </div>
   <div class='ocr_carea' id='block_1_35' title="bbox 620 1940 2203 2013">
    <p class='ocr_par' dir='ltr' id='par_1_35' title="bbox 620 1940 2203 2013">
     <span class='ocr_line' id='line_1_35' title="bbox 620 1940 2203 2013; baseline 0.003 -18"><span class='ocrx_word' id='word_1_246' title='bbox 620 1955 863 2005; x_wconf 87' lang='lat' dir='ltr'><strong>carnem,</strong></span> <span class='ocrx_word' id='word_1_247' title='bbox 916 1941 996 1995; x_wconf 87' lang='lat' dir='ltr'><strong>vel</strong></span> <span class='ocrx_word' id='word_1_248' title='bbox 1026 1940 1150 2011; x_wconf 88' lang='lat' dir='ltr'><strong>quia</strong></span> <span class='ocrx_word' id='word_1_249' title='bbox 1200 1950 1456 2010; x_wconf 85' lang='lat' dir='ltr'><strong>tanquam</strong></span> <span class='ocrx_word' id='word_1_250' title='bbox 1491 1943 1712 1997; x_wconf 85' lang='lat' dir='ltr'><strong>verbum</strong></span> <span class='ocrx_word' id='word_1_251' title='bbox 1745 1960 1810 2000; x_wconf 78' lang='lat' dir='ltr'><strong>ex</strong></span> <span class='ocrx_word' id='word_1_252' title='bbox 1857 1956 2059 2013; x_wconf 88' lang='lat' dir='ltr'><strong>mente,</strong></span> <span class='ocrx_word' id='word_1_253' title='bbox 2110 1957 2203 2000; x_wconf 92' lang='lat' dir='ltr'><strong>aut</strong></span> 
     </span>
    </p>
   </div>
   <div class='ocr_carea' id='block_1_36' title="bbox 620 2033 2025 2104">
    <p class='ocr_par' dir='ltr' id='par_1_36' title="bbox 620 2033 2025 2104">
     <span class='ocr_line' id='line_1_36' title="bbox 620 2033 2025 2104; baseline 0.003 -18"><span class='ocrx_word' id='word_1_254' title='bbox 620 2035 774 2104; x_wconf 89' lang='lat' dir='ltr'><strong>quasi</strong></span> <span class='ocrx_word' id='word_1_255' title='bbox 811 2034 1067 2102; x_wconf 85' lang='lat' dir='ltr'><strong>splendor</strong></span> <span class='ocrx_word' id='word_1_256' title='bbox 1098 2047 1127 2086; x_wconf 92' lang='lat' dir='ltr'><strong>a</strong></span> <span class='ocrx_word' id='word_1_257' title='bbox 1164 2033 1279 2088; x_wconf 90' lang='lat' dir='ltr'><strong>sole</strong></span> <span class='ocrx_word' id='word_1_258' title='bbox 1312 2036 1673 2102; x_wconf 88' lang='lat' dir='ltr'><strong>promanavit.</strong></span> <span class='ocrx_word' id='word_1_259' title='bbox 2003 2091 2025 2104; x_wconf 81' lang='lat'>_</span> 
     </span>
    </p>
   </div>
   <div class='ocr_carea' id='block_1_37' title="bbox 693 2124 2199 2198">
    <p class='ocr_par' dir='ltr' id='par_1_37' title="bbox 693 2124 2199 2198">
     <span class='ocr_line' id='line_1_37' title="bbox 693 2124 2199 2198; baseline 0.001 -19"><span class='ocrx_word' id='word_1_260' title='bbox 693 2124 976 2179; x_wconf 73' lang='lat' dir='ltr'><strong>Vens.18.</strong></span> <span class='ocrx_word' id='word_1_261' title='bbox 1034 2143 1052 2175; x_wconf 84' lang='grc'><strong><em>‹</em></strong></span> <span class='ocrx_word' id='word_1_262' title='bbox 1086 2124 1186 2190; x_wconf 87' lang='lat' dir='ltr'><strong>Qui</strong></span> <span class='ocrx_word' id='word_1_263' title='bbox 1235 2139 1267 2179; x_wconf 89' lang='lat' dir='ltr'><strong>a</strong></span> <span class='ocrx_word' id='word_1_264' title='bbox 1314 2126 1609 2195; x_wconf 87' lang='lat' dir='ltr'><strong>semetipso</strong></span> <span class='ocrx_word' id='word_1_265' title='bbox 1657 2126 1919 2198; x_wconf 90' lang='lat' dir='ltr'><strong>loquitur,</strong></span> <span class='ocrx_word' id='word_1_266' title='bbox 1974 2127 2199 2198; x_wconf 78' lang='lat' dir='ltr'><strong>gloriam</strong></span> 
     </span>
    </p>
   </div>
   <div class='ocr_carea' id='block_1_38' title="bbox 621 2217 1187 2285">
    <p class='ocr_par' dir='ltr' id='par_1_38' title="bbox 621 2217 1187 2285">
     <span class='ocr_line' id='line_1_38' title="bbox 621 2217 1187 2285; baseline -0.011 -15"><span class='ocrx_word' id='word_1_267' title='bbox 621 2217 893 2285; x_wconf 86' lang='lat' dir='ltr'><strong>propriam</strong></span> <span class='ocrx_word' id='word_1_268' title='bbox 929 2217 1139 2283; x_wconf 63' lang='lat' dir='ltr'><strong>quaerit.</strong></span> <span class='ocrx_word' id='word_1_269' title='bbox 1168 2231 1187 2264; x_wconf 75' lang='grc' dir='ltr'><strong>ι</strong></span> 
     </span>
    </p>
   </div>
   <div class='ocr_carea' id='block_1_39' title="bbox 694 2304 2198 2376">
    <p class='ocr_par' dir='ltr' id='par_1_39' title="bbox 694 2304 2198 2376">
     <span class='ocr_line' id='line_1_39' title="bbox 694 2304 2198 2376; baseline 0.001 -19"><span class='ocrx_word' id='word_1_270' title='bbox 694 2304 771 2360; x_wconf 89' lang='lat' dir='ltr'><strong>De</strong></span> <span class='ocrx_word' id='word_1_271' title='bbox 798 2308 976 2374; x_wconf 82' lang='lat' dir='ltr'><strong>seipso</strong></span> <span class='ocrx_word' id='word_1_272' title='bbox 1002 2320 1097 2375; x_wconf 87' lang='lat' dir='ltr'><strong>per</strong></span> <span class='ocrx_word' id='word_1_273' title='bbox 1124 2304 1608 2374; x_wconf 85' lang='lat' dir='ltr'><strong>dispensationem,</strong></span> <span class='ocrx_word' id='word_1_274' title='bbox 1639 2315 1863 2376; x_wconf 89' lang='lat' dir='ltr'><strong>propter</strong></span> <span class='ocrx_word' id='word_1_275' title='bbox 1888 2306 2198 2362; x_wconf 79' lang='lat' dir='ltr'><strong>Judaeorum</strong></span> 
     </span>
    </p>
   </div>
   <div class='ocr_carea' id='block_1_40' title="bbox 619 2397 2197 2467">
    <p class='ocr_par' dir='ltr' id='par_1_40' title="bbox 619 2397 2197 2467">
     <span class='ocr_line' id='line_1_40' title="bbox 619 2397 2197 2467; baseline -0.002 -14"><span class='ocrx_word' id='word_1_276' title='bbox 619 2399 687 2453; x_wconf 86' lang='lat' dir='ltr'><strong>ad</strong></span> <span class='ocrx_word' id='word_1_277' title='bbox 756 2398 1012 2452; x_wconf 89' lang='lat' dir='ltr'><strong>scandala</strong></span> <span class='ocrx_word' id='word_1_278' title='bbox 1069 2397 1494 2465; x_wconf 89' lang='lat' dir='ltr'><strong>proclivitatem,</strong></span> <span class='ocrx_word' id='word_1_279' title='bbox 1550 2400 1738 2467; x_wconf 88' lang='lat' dir='ltr'><strong>reique</strong></span> <span class='ocrx_word' id='word_1_280' title='bbox 1807 2398 2197 2462; x_wconf 71' lang='lat' dir='ltr'><strong>difﬁcultatem,</strong></span> 
     </span>
    </p>
   </div>
   <div class='ocr_carea' id='block_1_41' title="bbox 622 2488 2204 2562">
    <p class='ocr_par' dir='ltr' id='par_1_41' title="bbox 622 2488 2204 2562">
     <span class='ocr_line' id='line_1_41' title="bbox 622 2488 2204 2562; baseline -0.002 -17"><span class='ocrx_word' id='word_1_281' title='bbox 622 2502 828 2555; x_wconf 89' lang='lat' dir='ltr'><strong>tacens,</strong></span> <span class='ocrx_word' id='word_1_282' title='bbox 865 2490 1043 2544; x_wconf 89' lang='lat' dir='ltr'><strong>Patris</strong></span> <span class='ocrx_word' id='word_1_283' title='bbox 1091 2489 1175 2543; x_wconf 89' lang='lat' dir='ltr'><strong>sui</strong></span> <span class='ocrx_word' id='word_1_284' title='bbox 1226 2488 1451 2559; x_wconf 79' lang='lat' dir='ltr'><strong>gloriam</strong></span> <span class='ocrx_word' id='word_1_285' title='bbox 1486 2492 1792 2555; x_wconf 91' lang='lat' dir='ltr'><strong>annuntiat,</strong></span> <span class='ocrx_word' id='word_1_286' title='bbox 1830 2491 1987 2544; x_wconf 91' lang='lat' dir='ltr'><strong>istum</strong></span> <span class='ocrx_word' id='word_1_287' title='bbox 2042 2492 2204 2562; x_wconf 79' lang='lat' dir='ltr'><strong>syllo-</strong></span> 
     </span>
    </p>
   </div>
   <div class='ocr_carea' id='block_1_42' title="bbox 620 2578 2203 2652">
    <p class='ocr_par' dir='ltr' id='par_1_42' title="bbox 620 2578 2203 2652">
     <span class='ocr_line' id='line_1_42' title="bbox 620 2578 2203 2652; baseline 0 -17"><span class='ocrx_word' id='word_1_288' title='bbox 620 2582 852 2652; x_wconf 80' lang='lat' dir='ltr'><strong>gismum</strong></span> <span class='ocrx_word' id='word_1_289' title='bbox 884 2579 1109 2643; x_wconf 81' lang='lat' dir='ltr'><strong>faciens,</strong></span> <span class='ocrx_word' id='word_1_290' title='bbox 1143 2584 1251 2647; x_wconf 88' lang='lat' dir='ltr'><strong>quo</strong></span> <span class='ocrx_word' id='word_1_291' title='bbox 1283 2592 1343 2633; x_wconf 90' lang='lat' dir='ltr'><strong>se</strong></span> <span class='ocrx_word' id='word_1_292' title='bbox 1370 2578 1554 2647; x_wconf 78' lang='lat' dir='ltr'><strong>gloria;-</strong></span> <span class='ocrx_word' id='word_1_293' title='bbox 1597 2593 1938 2650; x_wconf 88' lang='lat' dir='ltr'><strong>nequaquam</strong></span> <span class='ocrx_word' id='word_1_294' title='bbox 1991 2583 2203 2636; x_wconf 81' lang='lat' dir='ltr'><strong>inhiare</strong></span> 
     </span>
    </p>
   </div>
   <div class='ocr_carea' id='block_1_43' title="bbox 622 2673 1011 2741">
    <p class='ocr_par' dir='ltr' id='par_1_43' title="bbox 622 2673 1011 2741">
     <span class='ocr_line' id='line_1_43' title="bbox 622 2673 1011 2741; baseline -0.005 -14"><span class='ocrx_word' id='word_1_295' title='bbox 622 2673 1011 2741; x_wconf 77' lang='lat' dir='ltr'><strong>intelligerent.</strong></span> 
     </span>
    </p>
   </div>
   <div class='ocr_carea' id='block_1_44' title="bbox 698 2761 2202 2837">
    <p class='ocr_par' dir='ltr' id='par_1_44' title="bbox 698 2761 2202 2837">
     <span class='ocr_line' id='line_1_44' title="bbox 698 2761 2202 2837; baseline 0.001 -20"><span class='ocrx_word' id='word_1_296' title='bbox 698 2764 980 2818; x_wconf 66' lang='lat' dir='ltr'><strong>Vens.23.</strong></span> <span class='ocrx_word' id='word_1_297' title='bbox 1039 2780 1071 2837; x_wconf 35' lang='grc' dir='ltr'>ι.</span> <span class='ocrx_word' id='word_1_298' title='bbox 1094 2762 1150 2816; x_wconf 89' lang='lat' dir='ltr'><strong>Si</strong></span> <span class='ocrx_word' id='word_1_299' title='bbox 1190 2761 1654 2816; x_wconf 85' lang='lat' dir='ltr'><strong>circumcisionem</strong></span> <span class='ocrx_word' id='word_1_300' title='bbox 1713 2763 1905 2831; x_wconf 86' lang='lat' dir='ltr'><strong>accipit</strong></span> <span class='ocrx_word' id='word_1_301' title='bbox 1940 2767 2098 2818; x_wconf 67' lang='lat' dir='ltr'><strong>homo</strong></span> <span class='ocrx_word' id='word_1_302' title='bbox 2150 2780 2202 2818; x_wconf 89' lang='lat' dir='ltr'><strong>tn</strong></span> 
     </span>
    </p>
   </div>
   <div class='ocr_carea' id='block_1_45' title="bbox 621 2853 2206 2924">
    <p class='ocr_par' dir='ltr' id='par_1_45' title="bbox 621 2853 2206 2924">
     <span class='ocr_line' id='line_1_45' title="bbox 621 2853 2206 2924; baseline 0 -15"><span class='ocrx_word' id='word_1_303' title='bbox 621 2856 878 2917; x_wconf 85' lang='lat' dir='ltr'><strong>Sabbato,</strong></span> <span class='ocrx_word' id='word_1_304' title='bbox 935 2864 993 2906; x_wconf 90' lang='lat' dir='ltr'><strong>ut</strong></span> <span class='ocrx_word' id='word_1_305' title='bbox 1048 2870 1152 2907; x_wconf 88' lang='lat' dir='ltr'><strong>non</strong></span> <span class='ocrx_word' id='word_1_306' title='bbox 1208 2854 1450 2906; x_wconf 81' lang='lat' dir='ltr'><strong>solvatur</strong></span> <span class='ocrx_word' id='word_1_307' title='bbox 1501 2856 1585 2907; x_wconf 78' lang='lat' dir='ltr'><strong>lex</strong></span> <span class='ocrx_word' id='word_1_308' title='bbox 1637 2853 1846 2924; x_wconf 82' lang='lat' dir='ltr'><strong>Moysi:</strong></span> <span class='ocrx_word' id='word_1_309' title='bbox 1927 2857 2059 2908; x_wconf 87' lang='lat' dir='ltr'><strong>mihi</strong></span> <span class='ocrx_word' id='word_1_310' title='bbox 2123 2858 2206 2909; x_wconf 90' lang='lat' dir='ltr'><strong>in-</strong></span> 
     </span>
    </p>
   </div>
   <div class='ocr_carea' id='block_1_46' title="bbox 621 2946 2193 3015">
    <p class='ocr_par' dir='ltr' id='par_1_46' title="bbox 621 2946 2193 3015">
     <span class='ocr_line' id='line_1_46' title="bbox 621 2946 2193 3015; baseline 0.003 -17"><span class='ocrx_word' id='word_1_311' title='bbox 621 2946 918 3015; x_wconf 68' lang='lat' dir='ltr'><strong>dignantiui</strong></span> <span class='ocrx_word' id='word_1_312' title='bbox 965 2946 1091 3013; x_wconf 88' lang='lat' dir='ltr'><strong>quia</strong></span> <span class='ocrx_word' id='word_1_313' title='bbox 1149 2953 1318 2997; x_wconf 91' lang='lat' dir='ltr'><strong>totum</strong></span> <span class='ocrx_word' id='word_1_314' title='bbox 1379 2946 1648 2999; x_wconf 81' lang='lat' dir='ltr'><strong>hominem</strong></span> <span class='ocrx_word' id='word_1_315' title='bbox 1708 2947 1917 3000; x_wconf 85' lang='lat' dir='ltr'><strong>salvum</strong></span> <span class='ocrx_word' id='word_1_316' title='bbox 1977 2946 2080 3003; x_wconf 83' lang='lat' dir='ltr'><strong>feci</strong></span> <span class='ocrx_word' id='word_1_317' title='bbox 2140 2951 2193 3003; x_wconf 89' lang='lat' dir='ltr'><strong>itt</strong></span> 
     </span>
    </p>
   </div>
   <div class='ocr_carea' id='block_1_47' title="bbox 627 3035 961 3091">
    <p class='ocr_par' dir='ltr' id='par_1_47' title="bbox 627 3035 961 3091">
     <span class='ocr_line' id='line_1_47' title="bbox 627 3035 961 3091; baseline -0.009 -1"><span class='ocrx_word' id='word_1_318' title='bbox 627 3035 908 3091; x_wconf 80' lang='lat' dir='ltr'><strong>Sabbato?</strong></span> <span class='ocrx_word' id='word_1_319' title='bbox 942 3054 961 3087; x_wconf 71' lang='grc' dir='ltr'><strong>ι</strong></span> 
     </span>
    </p>
   </div>
   <div class='ocr_carea' id='block_1_48' title="bbox 706 3126 2201 3199">
    <p class='ocr_par' dir='ltr' id='par_1_48' title="bbox 706 3126 2201 3199">
     <span class='ocr_line' id='line_1_48' title="bbox 706 3126 2201 3199; baseline 0.005 -20"><span class='ocrx_word' id='word_1_320' title='bbox 706 3127 885 3192; x_wconf 81' lang='lat' dir='ltr'><strong>Quare</strong></span> <span class='ocrx_word' id='word_1_321' title='bbox 926 3126 1367 3183; x_wconf 87' lang='lat' dir='ltr'><strong>conturbamini?</strong></span> <span class='ocrx_word' id='word_1_322' title='bbox 1420 3128 1625 3183; x_wconf 86' lang='lat' dir='ltr'><strong>Sanum</strong></span> <span class='ocrx_word' id='word_1_323' title='bbox 1682 3129 1859 3185; x_wconf 78' lang='lat' dir='ltr'><strong>facere</strong></span> <span class='ocrx_word' id='word_1_324' title='bbox 1906 3132 2201 3199; x_wconf 79' lang='lat' dir='ltr'><strong>inﬁrmum,</strong></span> 
     </span>
    </p>
   </div>
   <div class='ocr_carea' id='block_1_49' title="bbox 2304 1966 3242 2037">
    <p class='ocr_par' dir='ltr' id='par_1_49' title="bbox 2304 1966 3242 2037">
     <span class='ocr_line' id='line_1_49' title="bbox 2304 1966 3242 2037; baseline 0.002 -19"><span class='ocrx_word' id='word_1_325' title='bbox 2304 1966 2418 2030; x_wconf 75' lang='grc' dir='ltr'>νοῦ,</span> <span class='ocrx_word' id='word_1_326' title='bbox 2443 1969 2475 2037; x_wconf 78' lang='grc' dir='ltr'><strong>ἢ</strong></span> <span class='ocrx_word' id='word_1_327' title='bbox 2503 1969 2577 2029; x_wconf 81' lang='grc' dir='ltr'>ὡς</span> <span class='ocrx_word' id='word_1_328' title='bbox 2604 1967 2662 2031; x_wconf 81' lang='grc' dir='ltr'>ἐξ</span> <span class='ocrx_word' id='word_1_329' title='bbox 2694 1967 2847 2035; x_wconf 76' lang='grc' dir='ltr'>ἡλίου</span> <span class='ocrx_word' id='word_1_330' title='bbox 2878 1968 3242 2037; x_wconf 81' lang='grc' dir='ltr'>ἀπαύγασμα.</span> 
     </span>
    </p>
   </div>
   <div class='ocr_carea' id='block_1_50' title="bbox 2380 2143 3885 2215">
    <p class='ocr_par' dir='ltr' id='par_1_50' title="bbox 2380 2143 3885 2215">
     <span class='ocr_line' id='line_1_50' title="bbox 2380 2143 3885 2215; baseline 0.003 -20"><span class='ocrx_word' id='word_1_331' title='bbox 2380 2164 2399 2195; x_wconf 75' lang='lat' dir='ltr'><strong>t</strong></span> <span class='ocrx_word' id='word_1_332' title='bbox 2456 2145 2513 2198; x_wconf 84' lang='grc'><strong>’0</strong></span> <span class='ocrx_word' id='word_1_333' title='bbox 2565 2145 2656 2213; x_wconf 69' lang='grc' dir='ltr'><strong>ἀφ’</strong></span> <span class='ocrx_word' id='word_1_334' title='bbox 2712 2144 2907 2198; x_wconf 73' lang='grc' dir='ltr'>ἑαυτοῦ</span> <span class='ocrx_word' id='word_1_335' title='bbox 2966 2143 3162 2208; x_wconf 83' lang='grc' dir='ltr'>λαλῶν,</span> <span class='ocrx_word' id='word_1_336' title='bbox 3221 2146 3320 2214; x_wconf 77' lang='grc' dir='ltr'>τὴν</span> <span class='ocrx_word' id='word_1_337' title='bbox 3380 2146 3536 2209; x_wconf 75' lang='grc' dir='ltr'>δόξαν</span> <span class='ocrx_word' id='word_1_338' title='bbox 3586 2147 3685 2215; x_wconf 76' lang='grc' dir='ltr'>τὴν</span> <span class='ocrx_word' id='word_1_339' title='bbox 3747 2147 3885 2200; x_wconf 75' lang='grc' dir='ltr'>ἰδίαν</span> 
     </span>
    </p>
   </div>
   <div class='ocr_carea' id='block_1_51' title="bbox 2304 2237 2933 2313">
    <p class='ocr_par' dir='ltr' id='par_1_51' title="bbox 2304 2237 2933 2313">
     <span class='ocr_line' id='line_1_51' title="bbox 2304 2237 2933 2313; baseline -0.002 -25"><span class='ocrx_word' id='word_1_340' title='bbox 2304 2237 2476 2306; x_wconf 78' lang='grc' dir='ltr'>ζητεῖ.</span> <span class='ocrx_word' id='word_1_341' title='bbox 2514 2255 2533 2287; x_wconf 74' lang='grc' dir='ltr'><strong>ι</strong></span> <span class='ocrx_word' id='word_1_342' title='bbox 2926 2306 2933 2313; x_wconf 34' lang='grc'><strong>·</strong></span> 
     </span>
    </p>
   </div>
   <div class='ocr_carea' id='block_1_52' title="bbox 2374 2326 3890 2398">
    <p class='ocr_par' dir='ltr' id='par_1_52' title="bbox 2374 2326 3890 2398">
     <span class='ocr_line' id='line_1_52' title="bbox 2374 2326 3890 2398; baseline -0.001 -18"><span class='ocrx_word' id='word_1_343' title='bbox 2374 2328 2447 2380; x_wconf 84' lang='grc' dir='ltr'><strong>Τὸ</strong></span> <span class='ocrx_word' id='word_1_344' title='bbox 2492 2328 2615 2380; x_wconf 83' lang='grc' dir='ltr'>καθ’</span> <span class='ocrx_word' id='word_1_345' title='bbox 2665 2326 2855 2380; x_wconf 79' lang='grc' dir='ltr'>ἐαυτὸν</span> <span class='ocrx_word' id='word_1_346' title='bbox 2902 2326 2968 2379; x_wconf 85' lang='grc' dir='ltr'><strong>δι’</strong></span> <span class='ocrx_word' id='word_1_347' title='bbox 3019 2328 3333 2398; x_wconf 80' lang='grc' dir='ltr'><strong>οἰκονομίαν</strong></span> <span class='ocrx_word' id='word_1_348' title='bbox 3389 2328 3631 2389; x_wconf 78' lang='grc' dir='ltr'>σιωπῶν,</span> <span class='ocrx_word' id='word_1_349' title='bbox 3688 2327 3779 2380; x_wconf 69' lang='grc' dir='ltr'><strong>διὰ</strong></span> <span class='ocrx_word' id='word_1_350' title='bbox 3828 2327 3890 2379; x_wconf 71' lang='grc' dir='ltr'><strong>το</strong></span> 
     </span>
    </p>
   </div>
   <div class='ocr_carea' id='block_1_53' title="bbox 2304 2417 3889 2489">
    <p class='ocr_par' dir='ltr' id='par_1_53' title="bbox 2304 2417 3889 2489">
     <span class='ocr_line' id='line_1_53' title="bbox 2304 2417 3889 2489; baseline 0 -19"><span class='ocrx_word' id='word_1_351' title='bbox 2304 2417 2759 2471; x_wconf 74' lang='grc' dir='ltr'>εύσκανδάλιστον</span> <span class='ocrx_word' id='word_1_352' title='bbox 2790 2417 2898 2469; x_wconf 85' lang='grc' dir='ltr'><strong>τῶν</strong></span> <span class='ocrx_word' id='word_1_353' title='bbox 2947 2417 3237 2483; x_wconf 84' lang='grc' dir='ltr'>Ἰουδαίων,</span> <span class='ocrx_word' id='word_1_354' title='bbox 3275 2420 3369 2472; x_wconf 70' lang='grc' dir='ltr'>καὶ</span> <span class='ocrx_word' id='word_1_355' title='bbox 3399 2419 3461 2471; x_wconf 80' lang='grc' dir='ltr'>τὸ</span> <span class='ocrx_word' id='word_1_356' title='bbox 3486 2420 3889 2489; x_wconf 70' lang='grc' dir='ltr'>ἀνεπίληπτον,</span> 
     </span>
    </p>
   </div>
   <div class='ocr_carea' id='block_1_54' title="bbox 2304 2508 3891 2579">
    <p class='ocr_par' dir='ltr' id='par_1_54' title="bbox 2304 2508 3891 2579">
     <span class='ocr_line' id='line_1_54' title="bbox 2304 2508 3891 2579; baseline 0 -19"><span class='ocrx_word' id='word_1_357' title='bbox 2304 2510 2403 2579; x_wconf 81' lang='grc' dir='ltr'>τὴν</span> <span class='ocrx_word' id='word_1_358' title='bbox 2446 2508 2540 2561; x_wconf 83' lang='grc' dir='ltr'>τοῦ</span> <span class='ocrx_word' id='word_1_359' title='bbox 2584 2508 2795 2579; x_wconf 81' lang='grc' dir='ltr'>Πατρδς</span> <span class='ocrx_word' id='word_1_360' title='bbox 2827 2509 3137 2577; x_wconf 81' lang='grc' dir='ltr'>διαγγέλλει</span> <span class='ocrx_word' id='word_1_361' title='bbox 3182 2509 3357 2575; x_wconf 77' lang='grc' dir='ltr'>δόξαν,</span> <span class='ocrx_word' id='word_1_362' title='bbox 3400 2511 3586 2563; x_wconf 83' lang='grc' dir='ltr'>τοῦτον</span> <span class='ocrx_word' id='word_1_363' title='bbox 3622 2510 3713 2561; x_wconf 76' lang='grc' dir='ltr'>τὸν</span> <span class='ocrx_word' id='word_1_364' title='bbox 3761 2528 3891 2561; x_wconf 69' lang='grc' dir='ltr'>συλ-</span> 
     </span>
    </p>
   </div>
   <div class='ocr_carea' id='block_1_55' title="bbox 2304 2597 3812 2670">
    <p class='ocr_par' dir='ltr' id='par_1_55' title="bbox 2304 2597 3812 2670">
     <span class='ocr_line' id='line_1_55' title="bbox 2304 2597 3812 2670; baseline 0.001 -20"><span class='ocrx_word' id='word_1_365' title='bbox 2304 2597 2563 2670; x_wconf 78' lang='grc' dir='ltr'>λογισμὸν</span> <span class='ocrx_word' id='word_1_366' title='bbox 2592 2598 2800 2666; x_wconf 85' lang='grc' dir='ltr'>πλέκει,</span> <span class='ocrx_word' id='word_1_367' title='bbox 2831 2601 2917 2652; x_wconf 86' lang='grc' dir='ltr'>ἵνα</span> <span class='ocrx_word' id='word_1_368' title='bbox 2945 2616 3147 2669; x_wconf 89' lang='grc' dir='ltr'>γνωσιν</span> <span class='ocrx_word' id='word_1_369' title='bbox 3180 2602 3259 2653; x_wconf 80' lang='grc' dir='ltr'>ὅτι</span> <span class='ocrx_word' id='word_1_370' title='bbox 3293 2601 3352 2653; x_wconf 82' lang='grc' dir='ltr'><strong>ού</strong></span> <span class='ocrx_word' id='word_1_371' title='bbox 3386 2599 3541 2667; x_wconf 77' lang='grc' dir='ltr'>δόξης</span> <span class='ocrx_word' id='word_1_372' title='bbox 3577 2601 3812 2668; x_wconf 54' lang='grc' dir='ltr'>ἐφίεται.</span> 
     </span>
    </p>
   </div>
   <div class='ocr_carea' id='block_1_56' title="bbox 2383 2775 3888 2849">
    <p class='ocr_par' dir='ltr' id='par_1_56' title="bbox 2383 2775 3888 2849">
     <span class='ocr_line' id='line_1_56' title="bbox 2383 2775 3888 2849; baseline -0.003 -20"><span class='ocrx_word' id='word_1_373' title='bbox 2383 2796 2401 2829; x_wconf 79' lang='lat' dir='ltr'><strong>t</strong></span> <span class='ocrx_word' id='word_1_374' title='bbox 2441 2778 2504 2830; x_wconf 81' lang='lat' dir='ltr'><strong>Ei</strong></span> <span class='ocrx_word' id='word_1_375' title='bbox 2536 2776 2838 2849; x_wconf 77' lang='grc' dir='ltr'>περιτομὴν</span> <span class='ocrx_word' id='word_1_376' title='bbox 2878 2775 3146 2846; x_wconf 79' lang='grc' dir='ltr'>λαμϐάνει</span> <span class='ocrx_word' id='word_1_377' title='bbox 3184 2775 3470 2845; x_wconf 80' lang='grc' dir='ltr'>ἄνθρωπος</span> <span class='ocrx_word' id='word_1_378' title='bbox 3504 2776 3560 2827; x_wconf 87' lang='grc' dir='ltr'><strong>ἐν</strong></span> <span class='ocrx_word' id='word_1_379' title='bbox 3594 2776 3888 2844; x_wconf 70' lang='grc' dir='ltr'>Σαϐὅεὶτῳ,</span> 
     </span>
    </p>
   </div>
   <div class='ocr_carea' id='block_1_57' title="bbox 2307 2867 3891 2939">
    <p class='ocr_par' dir='ltr' id='par_1_57' title="bbox 2307 2867 3891 2939">
     <span class='ocr_line' id='line_1_57' title="bbox 2307 2867 3891 2939; baseline -0.001 -20"><span class='ocrx_word' id='word_1_380' title='bbox 2307 2868 2395 2921; x_wconf 81' lang='grc' dir='ltr'>ἵνα</span> <span class='ocrx_word' id='word_1_381' title='bbox 2428 2869 2501 2938; x_wconf 80' lang='grc' dir='ltr'>μὴ</span> <span class='ocrx_word' id='word_1_382' title='bbox 2528 2867 2659 2937; x_wconf 81' lang='grc' dir='ltr'>λυθῇ</span> <span class='ocrx_word' id='word_1_383' title='bbox 2690 2870 2718 2921; x_wconf 88' lang='grc' dir='ltr'><strong>ὁ</strong></span> <span class='ocrx_word' id='word_1_384' title='bbox 2749 2869 2911 2939; x_wconf 86' lang='grc' dir='ltr'>νόμος</span> <span class='ocrx_word' id='word_1_385' title='bbox 2936 2868 3216 2929; x_wconf 78' lang='grc' dir='ltr'>Μωῦσέως</span> <span class='ocrx_word' id='word_1_386' title='bbox 3237 2884 3248 2897; x_wconf 89' lang='grc'><strong>·</strong></span> <span class='ocrx_word' id='word_1_387' title='bbox 3279 2867 3403 2936; x_wconf 75' lang='grc' dir='ltr'>ἐμοὶ</span> <span class='ocrx_word' id='word_1_388' title='bbox 3436 2867 3629 2936; x_wconf 78' lang='grc' dir='ltr'>χολᾶτε</span> <span class='ocrx_word' id='word_1_389' title='bbox 3658 2868 3740 2919; x_wconf 82' lang='grc' dir='ltr'>ὅτι</span> <span class='ocrx_word' id='word_1_390' title='bbox 3764 2867 3891 2918; x_wconf 76' lang='grc' dir='ltr'>ὅλον</span> 
     </span>
    </p>
   </div>
   <div class='ocr_carea' id='block_1_58' title="bbox 2306 2956 3506 3029">
    <p class='ocr_par' dir='ltr' id='par_1_58' title="bbox 2306 2956 3506 3029">
     <span class='ocr_line' id='line_1_58' title="bbox 2306 2956 3506 3029; baseline -0.003 -19"><span class='ocrx_word' id='word_1_391' title='bbox 2306 2956 2595 3029; x_wconf 77' lang='grc' dir='ltr'>ἄνθρωπον</span> <span class='ocrx_word' id='word_1_392' title='bbox 2629 2958 2759 3027; x_wconf 75' lang='grc' dir='ltr'>ὑγιῆ</span> <span class='ocrx_word' id='word_1_393' title='bbox 2796 2958 3037 3027; x_wconf 81' lang='grc' dir='ltr'>ἐποίησα</span> <span class='ocrx_word' id='word_1_394' title='bbox 3069 2959 3125 3009; x_wconf 80' lang='grc' dir='ltr'><strong>ἐν</strong></span> <span class='ocrx_word' id='word_1_395' title='bbox 3154 2956 3453 3027; x_wconf 77' lang='grc' dir='ltr'>Σαϐϐάτῳ;</span> <span class='ocrx_word' id='word_1_396' title='bbox 3488 2976 3506 3007; x_wconf 73' lang='grc' dir='ltr'><strong>ι</strong></span> 
     </span>
    </p>
   </div>
   <div class='ocr_carea' id='block_1_59' title="bbox 2377 3128 3891 3201">
    <p class='ocr_par' dir='ltr' id='par_1_59' title="bbox 2377 3128 3891 3201">
     <span class='ocr_line' id='line_1_59' title="bbox 2377 3128 3891 3201; baseline -0.003 -18"><span class='ocrx_word' id='word_1_397' title='bbox 2377 3130 2441 3183; x_wconf 89' lang='grc' dir='ltr'>Τί</span> <span class='ocrx_word' id='word_1_398' title='bbox 2475 3130 2842 3201; x_wconf 86' lang='grc' dir='ltr'>ταράττεσθε;</span> <span class='ocrx_word' id='word_1_399' title='bbox 2871 3130 2931 3182; x_wconf 84' lang='grc' dir='ltr'>οὐ</span> <span class='ocrx_word' id='word_1_400' title='bbox 2971 3130 3078 3197; x_wconf 87' lang='grc' dir='ltr'>γὰρ</span> <span class='ocrx_word' id='word_1_401' title='bbox 3106 3129 3167 3181; x_wconf 84' lang='grc' dir='ltr'>τὸ</span> <span class='ocrx_word' id='word_1_402' title='bbox 3199 3130 3419 3197; x_wconf 83' lang='grc' dir='ltr'>ὑγιάσαι</span> <span class='ocrx_word' id='word_1_403' title='bbox 3449 3128 3538 3181; x_wconf 66' lang='grc' dir='ltr'><strong>τὸν</strong></span> <span class='ocrx_word' id='word_1_404' title='bbox 3569 3128 3891 3198; x_wconf 54' lang='grc' dir='ltr'>παράλογον</span> 
     </span>
    </p>
   </div>
   <div class='ocr_carea' id='block_1_60' title="bbox 625 3213 2200 3295">
    <p class='ocr_par' dir='ltr' id='par_1_60' title="bbox 625 3218 2200 3295">
     <span class='ocr_line' id='line_1_60' title="bbox 625 3218 2200 3295; baseline 0.004 -23"><span class='ocrx_word' id='word_1_405' title='bbox 625 3233 729 3272; x_wconf 93' lang='lat' dir='ltr'><strong>non</strong></span> <span class='ocrx_word' id='word_1_406' title='bbox 759 3218 922 3273; x_wconf 83' lang='lat' dir='ltr'><strong>solvit</strong></span> <span class='ocrx_word' id='word_1_407' title='bbox 952 3218 1271 3282; x_wconf 86' lang='lat' dir='ltr'><strong>Sabbatum,</strong></span> <span class='ocrx_word' id='word_1_408' title='bbox 1306 3221 1404 3274; x_wconf 88' lang='lat' dir='ltr'><strong>sed</strong></span> <span class='ocrx_word' id='word_1_409' title='bbox 1427 3236 1534 3273; x_wconf 90' lang='lat' dir='ltr'><strong>non</strong></span> <span class='ocrx_word' id='word_1_410' title='bbox 1561 3236 1778 3277; x_wconf 91' lang='lat' dir='ltr'><strong>sanare.</strong></span> <span class='ocrx_word' id='word_1_411' title='bbox 1817 3222 1974 3289; x_wconf 86' lang='lat' dir='ltr'><strong>Cum,</strong></span> <span class='ocrx_word' id='word_1_412' title='bbox 2009 3226 2200 3295; x_wconf 86' lang='lat' dir='ltr'><strong>inquit,</strong></span> 
     </span>
    </p>
   </div>
   <div class='ocr_carea' id='block_1_61' title="bbox 2304 3213 3887 3295">
    <p class='ocr_par' dir='ltr' id='par_1_61' title="bbox 2310 3218 3887 3288">
     <span class='ocr_line' id='line_1_61' title="bbox 2310 3218 3887 3288; baseline -0.004 -11"><span class='ocrx_word' id='word_1_413' title='bbox 2310 3223 2487 3277; x_wconf 83' lang='grc' dir='ltr'>ἐποίει</span> <span class='ocrx_word' id='word_1_414' title='bbox 2516 3222 2671 3275; x_wconf 81' lang='grc' dir='ltr'>λύσιν</span> <span class='ocrx_word' id='word_1_415' title='bbox 2694 3220 2788 3273; x_wconf 81' lang='grc' dir='ltr'>τοῦ</span> <span class='ocrx_word' id='word_1_416' title='bbox 2829 3220 3133 3284; x_wconf 74' lang='grc' dir='ltr'>Σαϐϐάτου,</span> <span class='ocrx_word' id='word_1_417' title='bbox 3163 3218 3301 3272; x_wconf 81' lang='grc' dir='ltr'>ἀλλὰ</span> <span class='ocrx_word' id='word_1_418' title='bbox 3330 3219 3390 3271; x_wconf 70' lang='grc' dir='ltr'><strong>τὸ</strong></span> <span class='ocrx_word' id='word_1_419' title='bbox 3423 3218 3497 3288; x_wconf 80' lang='grc' dir='ltr'>μὴ</span> <span class='ocrx_word' id='word_1_420' title='bbox 3520 3219 3887 3288; x_wconf 77' lang='grc' dir='ltr'>θεραπεῦσαι.</span> 
     </span>
    </p>
   </div>
   <div class='ocr_carea' id='block_1_62' title="bbox 622 3308 2207 3380">
    <p class='ocr_par' dir='ltr' id='par_1_62' title="bbox 622 3308 2207 3380">
     <span class='ocr_line' id='line_1_62' title="bbox 622 3308 2207 3380; baseline 0.004 -16"><span class='ocrx_word' id='word_1_421' title='bbox 622 3311 790 3365; x_wconf 88' lang='lat' dir='ltr'><strong>homo</strong></span> <span class='ocrx_word' id='word_1_422' title='bbox 816 3308 1028 3379; x_wconf 79' lang='lat' dir='ltr'><strong>signum</strong></span> <span class='ocrx_word' id='word_1_423' title='bbox 1069 3325 1179 3379; x_wconf 93' lang='lat' dir='ltr'><strong>quo</strong></span> <span class='ocrx_word' id='word_1_424' title='bbox 1220 3310 1407 3365; x_wconf 88' lang='lat' dir='ltr'><strong>dolore</strong></span> <span class='ocrx_word' id='word_1_425' title='bbox 1433 3313 1667 3365; x_wconf 82' lang='lat' dir='ltr'><strong>aﬂlcitur</strong></span> <span class='ocrx_word' id='word_1_426' title='bbox 1694 3314 1914 3380; x_wconf 86' lang='lat' dir='ltr'><strong>accipit,</strong></span> <span class='ocrx_word' id='word_1_427' title='bbox 1951 3332 2110 3371; x_wconf 90' lang='lat' dir='ltr'><strong>nemo</strong></span> <span class='ocrx_word' id='word_1_428' title='bbox 2141 3319 2207 3371; x_wconf 89' lang='lat' dir='ltr'><strong>de</strong></span> 
     </span>
    </p>
   </div>
   <div class='ocr_carea' id='block_1_63' title="bbox 624 3401 2205 3471">
    <p class='ocr_par' dir='ltr' id='par_1_63' title="bbox 624 3401 2205 3471">
     <span class='ocr_line' id='line_1_63' title="bbox 624 3401 2205 3471; baseline 0.004 -16"><span class='ocrx_word' id='word_1_429' title='bbox 624 3401 917 3458; x_wconf 79' lang='lat' dir='ltr'><strong>violatione</strong></span> <span class='ocrx_word' id='word_1_430' title='bbox 962 3401 1097 3471; x_wconf 75' lang='lat' dir='ltr'><strong>legis</strong></span> <span class='ocrx_word' id='word_1_431' title='bbox 1140 3401 1471 3471; x_wconf 83' lang='lat' dir='ltr'><strong>indignatur.</strong></span> <span class='ocrx_word' id='word_1_432' title='bbox 1528 3403 1634 3457; x_wconf 76' lang='lat' dir='ltr'><strong>Sed</strong></span> <span class='ocrx_word' id='word_1_433' title='bbox 1686 3420 1810 3458; x_wconf 89' lang='lat' dir='ltr'><strong>cunt</strong></span> <span class='ocrx_word' id='word_1_434' title='bbox 1852 3415 1997 3459; x_wconf 88' lang='lat' dir='ltr'><strong>totus</strong></span> <span class='ocrx_word' id='word_1_435' title='bbox 2046 3408 2205 3461; x_wconf 84' lang='lat' dir='ltr'><strong>homo</strong></span> 
     </span>
    </p>
   </div>
   <div class='ocr_carea' id='block_1_64' title="bbox 623 3490 2206 3564">
    <p class='ocr_par' dir='ltr' id='par_1_64' title="bbox 623 3490 2206 3564">
     <span class='ocr_line' id='line_1_64' title="bbox 623 3490 2206 3564; baseline 0.002 -17"><span class='ocrx_word' id='word_1_436' title='bbox 623 3506 789 3548; x_wconf 84' lang='lat' dir='ltr'><strong>sanus</strong></span> <span class='ocrx_word' id='word_1_437' title='bbox 816 3490 1038 3548; x_wconf 66' lang='lat' dir='ltr'><strong>euectus</strong></span> <span class='ocrx_word' id='word_1_438' title='bbox 1070 3499 1175 3557; x_wconf 88' lang='lat' dir='ltr'><strong>est,</strong></span> <span class='ocrx_word' id='word_1_439' title='bbox 1226 3497 1369 3560; x_wconf 75' lang='lat' dir='ltr'><strong>aegre</strong></span> <span class='ocrx_word' id='word_1_440' title='bbox 1410 3492 1565 3547; x_wconf 80' lang='lat' dir='ltr'><strong>l&#39;ertis</strong></span> <span class='ocrx_word' id='word_1_441' title='bbox 1593 3496 1657 3547; x_wconf 90' lang='lat' dir='ltr'><strong>de</strong></span> <span class='ocrx_word' id='word_1_442' title='bbox 1690 3494 1885 3548; x_wconf 89' lang='lat' dir='ltr'><strong>violata</strong></span> <span class='ocrx_word' id='word_1_443' title='bbox 1923 3495 2039 3564; x_wconf 79' lang='lat' dir='ltr'><strong>lege</strong></span> <span class='ocrx_word' id='word_1_444' title='bbox 2076 3514 2206 3550; x_wconf 71' lang='lat' dir='ltr'><strong>cou-</strong></span> 
     </span>
    </p>
   </div>
   <div class='ocr_carea' id='block_1_65' title="bbox 624 3591 941 3653">
    <p class='ocr_par' dir='ltr' id='par_1_65' title="bbox 624 3591 941 3653">
     <span class='ocr_line' id='line_1_65' title="bbox 624 3591 941 3653; baseline -0.009 -15"><span class='ocrx_word' id='word_1_445' title='bbox 624 3591 941 3653; x_wconf 87' lang='lat' dir='ltr'><strong>querentes.</strong></span> 
     </span>
    </p>
   </div>
   <div class='ocr_carea' id='block_1_66' title="bbox 688 3674 2207 3747">
    <p class='ocr_par' dir='ltr' id='par_1_66' title="bbox 688 3674 2207 3747">
     <span class='ocr_line' id='line_1_66' title="bbox 688 3674 2207 3747; baseline 0.001 -17"><span class='ocrx_word' id='word_1_446' title='bbox 688 3676 821 3730; x_wconf 83' lang='lat' dir='ltr'><strong>Cum</strong></span> <span class='ocrx_word' id='word_1_447' title='bbox 854 3674 1111 3730; x_wconf 88' lang='lat' dir='ltr'><strong>Dominus</strong></span> <span class='ocrx_word' id='word_1_448' title='bbox 1138 3684 1282 3729; x_wconf 85' lang='lat' dir='ltr'><strong>esset</strong></span> <span class='ocrx_word' id='word_1_449' title='bbox 1313 3675 1485 3745; x_wconf 87' lang='lat' dir='ltr'><strong>ipsius</strong></span> <span class='ocrx_word' id='word_1_450' title='bbox 1522 3675 1723 3747; x_wconf 75' lang='lat' dir='ltr'><strong>Moysis</strong></span> <span class='ocrx_word' id='word_1_451' title='bbox 1757 3691 1820 3730; x_wconf 88' lang='lat' dir='ltr'><strong>ac</strong></span> <span class='ocrx_word' id='word_1_452' title='bbox 1876 3675 2029 3746; x_wconf 80' lang='lat' dir='ltr'><strong>legis,</strong></span> <span class='ocrx_word' id='word_1_453' title='bbox 2080 3692 2207 3747; x_wconf 86' lang='lat' dir='ltr'><strong>pro-</strong></span> 
     </span>
    </p>
   </div>
   <div class='ocr_carea' id='block_1_67' title="bbox 621 3766 2204 3838">
    <p class='ocr_par' dir='ltr' id='par_1_67' title="bbox 621 3766 2204 3838">
     <span class='ocr_line' id='line_1_67' title="bbox 621 3766 2204 3838; baseline 0.001 -16"><span class='ocrx_word' id='word_1_454' title='bbox 621 3777 740 3838; x_wconf 83' lang='lat' dir='ltr'><strong>pter</strong></span> <span class='ocrx_word' id='word_1_455' title='bbox 769 3766 1192 3821; x_wconf 85' lang='lat' dir='ltr'><strong>imbecillitatem</strong></span> <span class='ocrx_word' id='word_1_456' title='bbox 1219 3766 1527 3821; x_wconf 61' lang='lat' dir='ltr'><strong>Juda&#39;orutn</strong></span> <span class='ocrx_word' id='word_1_457' title='bbox 1547 3784 1644 3822; x_wconf 89' lang='lat' dir='ltr'><strong>suo</strong></span> <span class='ocrx_word' id='word_1_458' title='bbox 1670 3770 2064 3838; x_wconf 89' lang='lat' dir='ltr'><strong>quodammodo</strong></span> <span class='ocrx_word' id='word_1_459' title='bbox 2082 3770 2204 3838; x_wconf 87' lang='lat' dir='ltr'><strong>jure</strong></span> 
     </span>
    </p>
   </div>
   <div class='ocr_carea' id='block_1_68' title="bbox 623 3858 2203 3929">
    <p class='ocr_par' dir='ltr' id='par_1_68' title="bbox 623 3858 2203 3929">
     <span class='ocr_line' id='line_1_68' title="bbox 623 3858 2203 3929; baseline 0.001 -16"><span class='ocrx_word' id='word_1_460' title='bbox 623 3862 848 3925; x_wconf 88' lang='lat' dir='ltr'><strong>cedens,</strong></span> <span class='ocrx_word' id='word_1_461' title='bbox 879 3873 911 3911; x_wconf 81' lang='lat' dir='ltr'><strong>a</strong></span> <span class='ocrx_word' id='word_1_462' title='bbox 942 3858 1127 3929; x_wconf 80' lang='lat' dir='ltr'><strong>Moyse</strong></span> <span class='ocrx_word' id='word_1_463' title='bbox 1153 3858 1325 3926; x_wconf 78' lang='lat' dir='ltr'><strong>legem</strong></span> <span class='ocrx_word' id='word_1_464' title='bbox 1357 3862 1623 3914; x_wconf 86' lang='lat' dir='ltr'><strong>nominat.</strong></span> <span class='ocrx_word' id='word_1_465' title='bbox 1651 3861 1855 3916; x_wconf 78' lang='lat' dir='ltr'><strong>Audire</strong></span> <span class='ocrx_word' id='word_1_466' title='bbox 1886 3863 2030 3915; x_wconf 86' lang='lat' dir='ltr'><strong>enim</strong></span> <span class='ocrx_word' id='word_1_467' title='bbox 2058 3863 2203 3916; x_wconf 90' lang='lat' dir='ltr'><strong>nullo</strong></span> 
     </span>
    </p>
   </div>
   <div class='ocr_carea' id='block_1_69' title="bbox 623 3952 2202 4024">
    <p class='ocr_par' dir='ltr' id='par_1_69' title="bbox 623 3952 2202 4024">
     <span class='ocr_line' id='line_1_69' title="bbox 623 3952 2202 4024; baseline 0.001 -16"><span class='ocrx_word' id='word_1_468' title='bbox 623 3953 785 4009; x_wconf 90' lang='lat' dir='ltr'><strong>modo</strong></span> <span class='ocrx_word' id='word_1_469' title='bbox 810 3952 1136 4021; x_wconf 86' lang='lat' dir='ltr'><strong>potuissent,</strong></span> <span class='ocrx_word' id='word_1_470' title='bbox 1189 3954 1361 4019; x_wconf 87' lang='lat' dir='ltr'><strong>ipsum</strong></span> <span class='ocrx_word' id='word_1_471' title='bbox 1386 3966 1506 4006; x_wconf 87' lang='lat' dir='ltr'><strong>esse</strong></span> <span class='ocrx_word' id='word_1_472' title='bbox 1535 3963 1728 4006; x_wconf 88' lang='lat' dir='ltr'><strong>natura</strong></span> <span class='ocrx_word' id='word_1_473' title='bbox 1784 3954 1977 4021; x_wconf 86' lang='lat' dir='ltr'><strong>Deum,</strong></span> <span class='ocrx_word' id='word_1_474' title='bbox 2028 3969 2202 4024; x_wconf 84' lang='lat' dir='ltr'><strong>neque</strong></span> 
     </span>
    </p>
   </div>
   <div class='ocr_carea' id='block_1_70' title="bbox 626 4041 1641 4115">
    <p class='ocr_par' dir='ltr' id='par_1_70' title="bbox 626 4041 1641 4115">
     <span class='ocr_line' id='line_1_70' title="bbox 626 4041 1641 4115; baseline -0.002 -17"><span class='ocrx_word' id='word_1_475' title='bbox 626 4041 865 4115; x_wconf 82' lang='lat' dir='ltr'><strong>mysterii</strong></span> <span class='ocrx_word' id='word_1_476' title='bbox 896 4041 1315 4111; x_wconf 83' lang='lat' dir='ltr'><strong>profunditatem</strong></span> <span class='ocrx_word' id='word_1_477' title='bbox 1346 4042 1641 4110; x_wconf 85' lang='lat' dir='ltr'><strong>cepissent.</strong></span> 
     </span>
    </p>
   </div>
   <div class='ocr_carea' id='block_1_71' title="bbox 696 4132 2201 4202">
    <p class='ocr_par' dir='ltr' id='par_1_71' title="bbox 696 4132 2201 4202">
     <span class='ocr_line' id='line_1_71' title="bbox 696 4132 2201 4202; baseline 0.002 -14"><span class='ocrx_word' id='word_1_478' title='bbox 696 4136 753 4189; x_wconf 78' lang='lat' dir='ltr'><strong>Si</strong></span> <span class='ocrx_word' id='word_1_479' title='bbox 788 4134 907 4188; x_wconf 90' lang='lat' dir='ltr'><strong>illos</strong></span> <span class='ocrx_word' id='word_1_480' title='bbox 938 4133 1029 4202; x_wconf 87' lang='lat' dir='ltr'><strong>qui</strong></span> <span class='ocrx_word' id='word_1_481' title='bbox 1071 4134 1123 4186; x_wconf 92' lang='lat' dir='ltr'><strong>in</strong></span> <span class='ocrx_word' id='word_1_482' title='bbox 1164 4132 1403 4187; x_wconf 84' lang='lat' dir='ltr'><strong>Sabbato</strong></span> <span class='ocrx_word' id='word_1_483' title='bbox 1433 4135 1845 4202; x_wconf 86' lang='lat' dir='ltr'><strong>circumcidunt,</strong></span> <span class='ocrx_word' id='word_1_484' title='bbox 1894 4136 1979 4191; x_wconf 87' lang='lat' dir='ltr'><strong>vel</strong></span> <span class='ocrx_word' id='word_1_485' title='bbox 2032 4137 2201 4192; x_wconf 82' lang='lat' dir='ltr'><strong>sacri-</strong></span> 
     </span>
    </p>
   </div>
   <div class='ocr_carea' id='block_1_72' title="bbox 626 4222 2198 4295">
    <p class='ocr_par' dir='ltr' id='par_1_72' title="bbox 626 4222 2198 4295">
     <span class='ocr_line' id='line_1_72' title="bbox 626 4222 2198 4295; baseline 0.001 -16"><span class='ocrx_word' id='word_1_486' title='bbox 626 4226 811 4287; x_wconf 81' lang='lat' dir='ltr'><strong>ﬁcant,</strong></span> <span class='ocrx_word' id='word_1_487' title='bbox 867 4222 951 4277; x_wconf 81' lang='lat' dir='ltr'><strong>vel</strong></span> <span class='ocrx_word' id='word_1_488' title='bbox 1015 4222 1211 4275; x_wconf 91' lang='lat' dir='ltr'><strong>bellum</strong></span> <span class='ocrx_word' id='word_1_489' title='bbox 1242 4231 1453 4292; x_wconf 75' lang='lat' dir='ltr'><strong>gerunt,</strong></span> <span class='ocrx_word' id='word_1_490' title='bbox 1509 4224 1729 4278; x_wconf 88' lang='lat' dir='ltr'><strong>minime</strong></span> <span class='ocrx_word' id='word_1_491' title='bbox 1785 4228 2198 4295; x_wconf 84' lang='lat' dir='ltr'><strong>reprehenditis,</strong></span> 
     </span>
    </p>
   </div>
   <div class='ocr_carea' id='block_1_73' title="bbox 627 4315 2199 4387">
    <p class='ocr_par' dir='ltr' id='par_1_73' title="bbox 627 4315 2199 4387">
     <span class='ocr_line' id='line_1_73' title="bbox 627 4315 2199 4387; baseline 0.001 -15"><span class='ocrx_word' id='word_1_492' title='bbox 627 4331 802 4385; x_wconf 89' lang='lat' dir='ltr'><strong>neque</strong></span> <span class='ocrx_word' id='word_1_493' title='bbox 849 4330 934 4369; x_wconf 88' lang='lat' dir='ltr'><strong>me</strong></span> <span class='ocrx_word' id='word_1_494' title='bbox 989 4315 1243 4369; x_wconf 86' lang='lat' dir='ltr'><strong>debetis:</strong></span> <span class='ocrx_word' id='word_1_495' title='bbox 1301 4332 1422 4368; x_wconf 82' lang='lat' dir='ltr'><strong>naut</strong></span> <span class='ocrx_word' id='word_1_496' title='bbox 1460 4316 1589 4370; x_wconf 88' lang='lat' dir='ltr'><strong>illud</strong></span> <span class='ocrx_word' id='word_1_497' title='bbox 1626 4317 1830 4387; x_wconf 81' lang='lat' dir='ltr'><strong>alioqui</strong></span> <span class='ocrx_word' id='word_1_498' title='bbox 1870 4318 2005 4372; x_wconf 75' lang='lat' dir='ltr'><strong>nihil</strong></span> <span class='ocrx_word' id='word_1_499' title='bbox 2054 4319 2199 4373; x_wconf 90' lang='lat' dir='ltr'><strong>aliud</strong></span> 
     </span>
    </p>
   </div>
   <div class='ocr_carea' id='block_1_74' title="bbox 624 4409 1602 4479">
    <p class='ocr_par' dir='ltr' id='par_1_74' title="bbox 624 4409 1602 4479">
     <span class='ocr_line' id='line_1_74' title="bbox 624 4409 1602 4479; baseline -0.001 -14"><span class='ocrx_word' id='word_1_500' title='bbox 624 4414 727 4465; x_wconf 90' lang='lat' dir='ltr'><strong>erit</strong></span> <span class='ocrx_word' id='word_1_501' title='bbox 766 4424 925 4477; x_wconf 88' lang='lat' dir='ltr'><strong>quam</strong></span> <span class='ocrx_word' id='word_1_502' title='bbox 961 4409 1204 4476; x_wconf 87' lang='lat' dir='ltr'><strong>acceptio</strong></span> <span class='ocrx_word' id='word_1_503' title='bbox 1237 4424 1602 4479; x_wconf 86' lang='lat' dir='ltr'><strong>personarum.</strong></span> 
     </span>
    </p>
   </div>
   <div class='ocr_carea' id='block_1_75' title="bbox 697 4498 2201 4571">
    <p class='ocr_par' dir='ltr' id='par_1_75' title="bbox 697 4498 2201 4571">
     <span class='ocr_line' id='line_1_75' title="bbox 697 4498 2201 4571; baseline 0.001 -18"><span class='ocrx_word' id='word_1_504' title='bbox 697 4499 859 4555; x_wconf 74' lang='lat' dir='ltr'><strong>Vsus.</strong></span> <span class='ocrx_word' id='word_1_505' title='bbox 892 4499 983 4553; x_wconf 77' lang='grc'><strong>25.</strong></span> <span class='ocrx_word' id='word_1_506' title='bbox 1026 4516 1046 4550; x_wconf 72' lang='grc' dir='ltr'><strong>ι</strong></span> <span class='ocrx_word' id='word_1_507' title='bbox 1082 4500 1335 4553; x_wconf 85' lang='lat' dir='ltr'><strong>Dicebant</strong></span> <span class='ocrx_word' id='word_1_508' title='bbox 1374 4515 1503 4571; x_wconf 76' lang='lat' dir='ltr'><strong>ergo</strong></span> <span class='ocrx_word' id='word_1_509' title='bbox 1528 4499 1745 4568; x_wconf 84' lang='lat' dir='ltr'><strong>qttidam</strong></span> <span class='ocrx_word' id='word_1_510' title='bbox 1781 4514 1849 4555; x_wconf 80' lang='lat' dir='ltr'><strong>ex</strong></span> <span class='ocrx_word' id='word_1_511' title='bbox 1887 4498 2201 4571; x_wconf 81' lang='lat' dir='ltr'><strong>Hierosoly—</strong></span> 
     </span>
    </p>
   </div>
   <div class='ocr_carea' id='block_1_76' title="bbox 623 4589 2187 4661">
    <p class='ocr_par' dir='ltr' id='par_1_76' title="bbox 623 4589 2187 4661">
     <span class='ocr_line' id='line_1_76' title="bbox 623 4589 2187 4661; baseline -0.001 -13"><span class='ocrx_word' id='word_1_512' title='bbox 623 4592 727 4648; x_wconf 86' lang='lat' dir='ltr'><strong>mis</strong></span> <span class='ocrx_word' id='word_1_513' title='bbox 754 4610 768 4646; x_wconf 89' lang='lat'><strong>:</strong></span> <span class='ocrx_word' id='word_1_514' title='bbox 805 4589 994 4646; x_wconf 85' lang='lat' dir='ltr'><strong>Nonne</strong></span> <span class='ocrx_word' id='word_1_515' title='bbox 1028 4591 1116 4645; x_wconf 87' lang='lat' dir='ltr'><strong>hic</strong></span> <span class='ocrx_word' id='word_1_516' title='bbox 1148 4600 1231 4645; x_wconf 86' lang='lat' dir='ltr'><strong>est</strong></span> <span class='ocrx_word' id='word_1_517' title='bbox 1263 4607 1423 4660; x_wconf 86' lang='lat' dir='ltr'><strong>quem</strong></span> <span class='ocrx_word' id='word_1_518' title='bbox 1482 4602 1735 4661; x_wconf 66' lang='lat' dir='ltr'><strong>quaerunt</strong></span> <span class='ocrx_word' id='word_1_519' title='bbox 1786 4593 2140 4648; x_wconf 80' lang='lat' dir='ltr'><strong>interﬁcere?</strong></span> <span class='ocrx_word' id='word_1_520' title='bbox 2170 4612 2187 4646; x_wconf 79' lang='grc' dir='ltr'><strong>ι</strong></span> 
     </span>
    </p>
   </div>
   <div class='ocr_carea' id='block_1_77' title="bbox 700 4681 2194 4751">
    <p class='ocr_par' dir='ltr' id='par_1_77' title="bbox 700 4681 2194 4751">
     <span class='ocr_line' id='line_1_77' title="bbox 700 4681 2194 4751; baseline 0 -14"><span class='ocrx_word' id='word_1_521' title='bbox 700 4682 798 4737; x_wconf 85' lang='lat' dir='ltr'><strong>His</strong></span> <span class='ocrx_word' id='word_1_522' title='bbox 846 4683 1111 4738; x_wconf 85' lang='lat' dir='ltr'><strong>mendacii</strong></span> <span class='ocrx_word' id='word_1_523' title='bbox 1162 4693 1462 4751; x_wconf 84' lang='lat' dir='ltr'><strong>arguuntur</strong></span> <span class='ocrx_word' id='word_1_524' title='bbox 1512 4681 1685 4738; x_wconf 68' lang='lat' dir='ltr'><strong>Judaei</strong></span> <span class='ocrx_word' id='word_1_525' title='bbox 1741 4685 1987 4740; x_wconf 85' lang='lat' dir='ltr'><strong>volentes</strong></span> <span class='ocrx_word' id='word_1_526' title='bbox 2031 4684 2194 4740; x_wconf 79' lang='lat' dir='ltr'><strong>Chri-</strong></span> 
     </span>
    </p>
   </div>
   <div class='ocr_carea' id='block_1_78' title="bbox 623 4774 2197 4840">
    <p class='ocr_par' dir='ltr' id='par_1_78' title="bbox 623 4774 2197 4840">
     <span class='ocr_line' id='line_1_78' title="bbox 623 4774 2197 4840; baseline -0.001 -9"><span class='ocrx_word' id='word_1_527' title='bbox 623 4786 768 4831; x_wconf 77' lang='lat' dir='ltr'><strong>stum</strong></span> <span class='ocrx_word' id='word_1_528' title='bbox 804 4774 1117 4827; x_wconf 73' lang='lat' dir='ltr'><strong>interﬁcere</strong></span> <span class='ocrx_word' id='word_1_529' title='bbox 1159 4785 1213 4825; x_wconf 92' lang='lat' dir='ltr'><strong>et</strong></span> <span class='ocrx_word' id='word_1_530' title='bbox 1243 4788 1467 4828; x_wconf 89' lang='lat' dir='ltr'><strong>manere</strong></span> <span class='ocrx_word' id='word_1_531' title='bbox 1495 4775 1759 4840; x_wconf 86' lang='lat' dir='ltr'><strong>nolentes,</strong></span> <span class='ocrx_word' id='word_1_532' title='bbox 1799 4779 1924 4831; x_wconf 90' lang='lat' dir='ltr'><strong>dum</strong></span> <span class='ocrx_word' id='word_1_533' title='bbox 1948 4776 2197 4831; x_wconf 80' lang='lat' dir='ltr'><strong>Christus</strong></span> 
     </span>
    </p>
   </div>
   <div class='ocr_carea' id='block_1_79' title="bbox 622 4863 2196 4923">
    <p class='ocr_par' dir='ltr' id='par_1_79' title="bbox 622 4863 2196 4923">
     <span class='ocr_line' id='line_1_79' title="bbox 622 4863 2196 4923; baseline 0.001 -3"><span class='ocrx_word' id='word_1_534' title='bbox 622 4881 789 4921; x_wconf 78' lang='lat' dir='ltr'><strong>verax</strong></span> <span class='ocrx_word' id='word_1_535' title='bbox 817 4863 1298 4919; x_wconf 85' lang='lat' dir='ltr'><strong>ostenditur.Cum</strong></span> <span class='ocrx_word' id='word_1_536' title='bbox 1325 4874 1506 4920; x_wconf 87' lang='lat' dir='ltr'><strong>autem</strong></span> <span class='ocrx_word' id='word_1_537' title='bbox 1538 4868 1624 4920; x_wconf 88' lang='lat' dir='ltr'><strong>his</strong></span> <span class='ocrx_word' id='word_1_538' title='bbox 1646 4870 1830 4923; x_wconf 86' lang='lat' dir='ltr'><strong>verbis</strong></span> <span class='ocrx_word' id='word_1_539' title='bbox 1870 4886 1888 4919; x_wconf 74' lang='grc' dir='ltr'><strong>ε</strong></span> <span class='ocrx_word' id='word_1_540' title='bbox 1919 4867 2061 4922; x_wconf 86' lang='lat' dir='ltr'><strong>hunc</strong></span> <span class='ocrx_word' id='word_1_541' title='bbox 2093 4870 2196 4922; x_wconf 83' lang='lat' dir='ltr'><strong>sci-</strong></span> 
     </span>
    </p>
   </div>
   <div class='ocr_carea' id='block_1_80' title="bbox 622 4955 2195 5014">
    <p class='ocr_par' dir='ltr' id='par_1_80' title="bbox 622 4955 2195 5014">
     <span class='ocr_line' id='line_1_80' title="bbox 622 4955 2195 5014; baseline 0.002 -3"><span class='ocrx_word' id='word_1_542' title='bbox 622 4974 745 5012; x_wconf 77' lang='lat' dir='ltr'><strong>mus</strong></span> <span class='ocrx_word' id='word_1_543' title='bbox 771 4958 913 5011; x_wconf 89' lang='lat' dir='ltr'><strong>unde</strong></span> <span class='ocrx_word' id='word_1_544' title='bbox 945 4956 1019 5010; x_wconf 90' lang='lat' dir='ltr'><strong>sit</strong></span> <span class='ocrx_word' id='word_1_545' title='bbox 1056 4973 1076 5006; x_wconf 78' lang='grc' dir='ltr'><strong>ι</strong></span> <span class='ocrx_word' id='word_1_546' title='bbox 1127 4955 1255 5009; x_wconf 90' lang='lat' dir='ltr'><strong>illud</strong></span> <span class='ocrx_word' id='word_1_547' title='bbox 1299 4956 1471 5010; x_wconf 88' lang='lat' dir='ltr'><strong>solum</strong></span> <span class='ocrx_word' id='word_1_548' title='bbox 1517 4958 1745 5012; x_wconf 88' lang='lat' dir='ltr'><strong>innuere</strong></span> <span class='ocrx_word' id='word_1_549' title='bbox 1788 4960 1973 5013; x_wconf 88' lang='lat' dir='ltr'><strong>volunt</strong></span> <span class='ocrx_word' id='word_1_550' title='bbox 2018 4971 2072 5014; x_wconf 91' lang='lat' dir='ltr'><strong>et</strong></span> <span class='ocrx_word' id='word_1_551' title='bbox 2104 4976 2195 5014; x_wconf 81' lang='lat' dir='ltr'><strong>os-</strong></span> 
     </span>
    </p>
   </div>
   <div class='ocr_carea' id='block_1_81' title="bbox 624 5048 2196 5115">
    <p class='ocr_par' dir='ltr' id='par_1_81' title="bbox 624 5048 2196 5115">
     <span class='ocr_line' id='line_1_81' title="bbox 624 5048 2196 5115; baseline 0.001 -12"><span class='ocrx_word' id='word_1_552' title='bbox 624 5050 846 5103; x_wconf 89' lang='lat' dir='ltr'><strong>tendere</strong></span> <span class='ocrx_word' id='word_1_553' title='bbox 906 5062 1097 5115; x_wconf 89' lang='lat' dir='ltr'><strong>nempe</strong></span> <span class='ocrx_word' id='word_1_554' title='bbox 1155 5048 1430 5101; x_wconf 77' lang='lat' dir='ltr'><strong>Christum</strong></span> <span class='ocrx_word' id='word_1_555' title='bbox 1477 5049 1544 5101; x_wconf 90' lang='lat' dir='ltr'><strong>de</strong></span> <span class='ocrx_word' id='word_1_556' title='bbox 1585 5059 1731 5103; x_wconf 88' lang='lat' dir='ltr'><strong>terra</strong></span> <span class='ocrx_word' id='word_1_557' title='bbox 1782 5065 1900 5104; x_wconf 89' lang='lat' dir='ltr'><strong>esse</strong></span> <span class='ocrx_word' id='word_1_558' title='bbox 1944 5060 2000 5104; x_wconf 92' lang='lat' dir='ltr'><strong>et</strong></span> <span class='ocrx_word' id='word_1_559' title='bbox 2059 5051 2196 5105; x_wconf 79' lang='lat' dir='ltr'><strong>labri</strong></span> 
     </span>
    </p>
   </div>
   <div class='ocr_carea' id='block_1_82' title="bbox 623 5137 2200 5206">
    <p class='ocr_par' dir='ltr' id='par_1_82' title="bbox 623 5137 2200 5206">
     <span class='ocr_line' id='line_1_82' title="bbox 623 5137 2200 5206; baseline 0.001 -14"><span class='ocrx_word' id='word_1_560' title='bbox 623 5139 815 5203; x_wconf 82' lang='lat' dir='ltr'><strong>lilium,</strong></span> <span class='ocrx_word' id='word_1_561' title='bbox 866 5138 1070 5192; x_wconf 87' lang='lat' dir='ltr'><strong>idcirco</strong></span> <span class='ocrx_word' id='word_1_562' title='bbox 1108 5138 1229 5192; x_wconf 83' lang='lat' dir='ltr'><strong>illos</strong></span> <span class='ocrx_word' id='word_1_563' title='bbox 1276 5137 1331 5190; x_wconf 90' lang='lat' dir='ltr'><strong>in</strong></span> <span class='ocrx_word' id='word_1_564' title='bbox 1362 5137 1559 5192; x_wconf 57' lang='lat' dir='ltr'><strong>caelum</strong></span> <span class='ocrx_word' id='word_1_565' title='bbox 1606 5138 1719 5206; x_wconf 88' lang='lat' dir='ltr'><strong>egit</strong></span> <span class='ocrx_word' id='word_1_566' title='bbox 1770 5138 1956 5192; x_wconf 88' lang='lat' dir='ltr'><strong>dicens</strong></span> <span class='ocrx_word' id='word_1_567' title='bbox 2003 5159 2015 5191; x_wconf 92' lang='lat'><strong>:</strong></span> <span class='ocrx_word' id='word_1_568' title='bbox 2064 5158 2083 5190; x_wconf 75' lang='grc' dir='ltr'><strong>ι</strong></span> <span class='ocrx_word' id='word_1_569' title='bbox 2134 5139 2200 5194; x_wconf 85' lang='lat' dir='ltr'><strong>Et</strong></span> 
     </span>
    </p>
   </div>
   <div class='ocr_carea' id='block_1_83' title="bbox 626 5227 2197 5295">
    <p class='ocr_par' dir='ltr' id='par_1_83' title="bbox 626 5227 2197 5295">
     <span class='ocr_line' id='line_1_83' title="bbox 626 5227 2197 5295; baseline 0.002 -13"><span class='ocrx_word' id='word_1_570' title='bbox 626 5246 712 5282; x_wconf 84' lang='lat' dir='ltr'><strong>tne</strong></span> <span class='ocrx_word' id='word_1_571' title='bbox 747 5230 899 5285; x_wconf 83' lang='lat' dir='ltr'><strong>scitis</strong></span> <span class='ocrx_word' id='word_1_572' title='bbox 929 5230 1071 5282; x_wconf 89' lang='lat' dir='ltr'><strong>unde</strong></span> <span class='ocrx_word' id='word_1_573' title='bbox 1115 5230 1255 5293; x_wconf 88' lang='lat' dir='ltr'><strong>sim;</strong></span> <span class='ocrx_word' id='word_1_574' title='bbox 1295 5238 1351 5281; x_wconf 86' lang='lat' dir='ltr'><strong>et</strong></span> <span class='ocrx_word' id='word_1_575' title='bbox 1395 5244 1424 5281; x_wconf 88' lang='lat' dir='ltr'><strong>a</strong></span> <span class='ocrx_word' id='word_1_576' title='bbox 1457 5227 1663 5295; x_wconf 86' lang='lat' dir='ltr'><strong>meipso</strong></span> <span class='ocrx_word' id='word_1_577' title='bbox 1711 5245 1813 5282; x_wconf 90' lang='lat' dir='ltr'><strong>non</strong></span> <span class='ocrx_word' id='word_1_578' title='bbox 1845 5233 1991 5294; x_wconf 81' lang='lat' dir='ltr'><strong>veni,</strong></span> <span class='ocrx_word' id='word_1_579' title='bbox 2035 5254 2054 5281; x_wconf 78' lang='grc' dir='ltr'><strong>ι</strong></span> <span class='ocrx_word' id='word_1_580' title='bbox 2091 5242 2197 5285; x_wconf 87' lang='lat' dir='ltr'><strong>etc.</strong></span> 
     </span>
    </p>
   </div>
   <div class='ocr_carea' id='block_1_84' title="bbox 626 5318 2199 5389">
    <p class='ocr_par' dir='ltr' id='par_1_84' title="bbox 626 5318 2199 5389">
     <span class='ocr_line' id='line_1_84' title="bbox 626 5318 2199 5389; baseline 0.002 -17"><span class='ocrx_word' id='word_1_581' title='bbox 626 5318 682 5373; x_wconf 88' lang='lat' dir='ltr'><strong>Id</strong></span> <span class='ocrx_word' id='word_1_582' title='bbox 724 5331 807 5374; x_wconf 91' lang='lat' dir='ltr'><strong>est</strong></span> <span class='ocrx_word' id='word_1_583' title='bbox 840 5337 944 5374; x_wconf 91' lang='lat' dir='ltr'><strong>non</strong></span> <span class='ocrx_word' id='word_1_584' title='bbox 994 5335 1111 5374; x_wconf 89' lang='lat' dir='ltr'><strong>sum</strong></span> <span class='ocrx_word' id='word_1_585' title='bbox 1151 5321 1300 5382; x_wconf 82' lang='lat' dir='ltr'><strong>hinc,</strong></span> <span class='ocrx_word' id='word_1_586' title='bbox 1336 5320 1428 5374; x_wconf 84' lang='lat' dir='ltr'><strong>sed</strong></span> <span class='ocrx_word' id='word_1_587' title='bbox 1474 5324 1614 5372; x_wconf 89' lang='lat' dir='ltr'><strong>unde</strong></span> <span class='ocrx_word' id='word_1_588' title='bbox 1661 5330 1716 5372; x_wconf 84' lang='lat' dir='ltr'><strong>et</strong></span> <span class='ocrx_word' id='word_1_589' title='bbox 1764 5322 1855 5388; x_wconf 84' lang='lat' dir='ltr'><strong>qui</strong></span> <span class='ocrx_word' id='word_1_590' title='bbox 1901 5322 2048 5374; x_wconf 85' lang='lat' dir='ltr'><strong>misit</strong></span> <span class='ocrx_word' id='word_1_591' title='bbox 2095 5340 2199 5389; x_wconf 85' lang='lat' dir='ltr'><strong>the,</strong></span> 
     </span>
    </p>
   </div>
   <div class='ocr_carea' id='block_1_85' title="bbox 619 5411 2204 5482">
    <p class='ocr_par' dir='ltr' id='par_1_85' title="bbox 619 5411 2204 5482">
     <span class='ocr_line' id='line_1_85' title="bbox 619 5411 2204 5482; baseline 0.002 -15"><span class='ocrx_word' id='word_1_592' title='bbox 619 5420 678 5468; x_wconf 80' lang='lat' dir='ltr'><strong>et</strong></span> <span class='ocrx_word' id='word_1_593' title='bbox 719 5428 815 5468; x_wconf 84' lang='lat' dir='ltr'><strong>vos</strong></span> <span class='ocrx_word' id='word_1_594' title='bbox 852 5414 1006 5466; x_wconf 69' lang='lat' dir='ltr'><strong>stilis</strong></span> <span class='ocrx_word' id='word_1_595' title='bbox 1042 5428 1128 5466; x_wconf 88' lang='lat' dir='ltr'><strong>me</strong></span> <span class='ocrx_word' id='word_1_596' title='bbox 1186 5426 1217 5465; x_wconf 88' lang='lat' dir='ltr'><strong>a</strong></span> <span class='ocrx_word' id='word_1_597' title='bbox 1271 5411 1432 5465; x_wconf 86' lang='lat' dir='ltr'><strong>Patre</strong></span> <span class='ocrx_word' id='word_1_598' title='bbox 1486 5411 1739 5476; x_wconf 83' lang='lat' dir='ltr'><strong>missum,</strong></span> <span class='ocrx_word' id='word_1_599' title='bbox 1806 5415 2052 5482; x_wconf 85' lang='lat' dir='ltr'><strong>quamvis</strong></span> <span class='ocrx_word' id='word_1_600' title='bbox 2104 5415 2204 5469; x_wconf 87' lang='lat' dir='ltr'><strong>hoc</strong></span> 
     </span>
    </p>
   </div>
   <div class='ocr_carea' id='block_1_86' title="bbox 523 5505 1430 5581">
    <p class='ocr_par' dir='ltr' id='par_1_86' title="bbox 523 5505 1430 5581">
     <span class='ocr_line' id='line_1_86' title="bbox 523 5505 1430 5581; baseline -0.004 -22"><span class='ocrx_word' id='word_1_601' title='bbox 523 5578 527 5581; x_wconf 16' lang='grc' dir='ltr'><strong><em>ί</em></strong></span> <span class='ocrx_word' id='word_1_602' title='bbox 622 5506 797 5575; x_wconf 74' lang='lat' dir='ltr'><strong>palam</strong></span> <span class='ocrx_word' id='word_1_603' title='bbox 856 5510 1036 5559; x_wconf 79' lang='lat' dir='ltr'><strong>dicere</strong></span> <span class='ocrx_word' id='word_1_604' title='bbox 1091 5520 1198 5558; x_wconf 90' lang='lat' dir='ltr'><strong>non</strong></span> <span class='ocrx_word' id='word_1_605' title='bbox 1250 5505 1430 5557; x_wconf 83' lang='lat' dir='ltr'><strong>vultis.</strong></span> 
     </span>
    </p>
   </div>
   <div class='ocr_carea' id='block_1_87' title="bbox 2310 3308 3891 3383">
    <p class='ocr_par' dir='ltr' id='par_1_87' title="bbox 2310 3308 3891 3383">
     <span class='ocr_line' id='line_1_87' title="bbox 2310 3308 3891 3383; baseline -0.005 -17"><span class='ocrx_word' id='word_1_606' title='bbox 2310 3315 2461 3379; x_wconf 81' lang='grc' dir='ltr'>Ὅτε,</span> <span class='ocrx_word' id='word_1_607' title='bbox 2499 3314 2655 3383; x_wconf 74' lang='grc' dir='ltr'>φησὶ,</span> <span class='ocrx_word' id='word_1_608' title='bbox 2684 3314 2909 3383; x_wconf 88' lang='grc' dir='ltr'>σημεῖον</span> <span class='ocrx_word' id='word_1_609' title='bbox 2936 3311 3206 3381; x_wconf 77' lang='grc' dir='ltr'>λαμϐάνει</span> <span class='ocrx_word' id='word_1_610' title='bbox 3242 3310 3529 3380; x_wconf 79' lang='grc' dir='ltr'>ἄνθρωπος</span> <span class='ocrx_word' id='word_1_611' title='bbox 3555 3308 3748 3377; x_wconf 82' lang='grc' dir='ltr'>ὀδύνην</span> <span class='ocrx_word' id='word_1_612' title='bbox 3780 3309 3891 3377; x_wconf 80' lang='grc' dir='ltr'>ἐμ-</span> 
     </span>
    </p>
   </div>
   <div class='ocr_carea' id='block_1_88' title="bbox 2306 3393 3887 3472">
    <p class='ocr_par' dir='ltr' id='par_1_88' title="bbox 2306 3393 3887 3472">
     <span class='ocr_line' id='line_1_88' title="bbox 2306 3393 3887 3472; baseline -0.004 -15"><span class='ocrx_word' id='word_1_613' title='bbox 2306 3405 2517 3469; x_wconf 76' lang='grc' dir='ltr'>ποιοῦν,</span> <span class='ocrx_word' id='word_1_614' title='bbox 2559 3405 2730 3467; x_wconf 73' lang='grc' dir='ltr'>οὐδεὶς</span> <span class='ocrx_word' id='word_1_615' title='bbox 2760 3404 3058 3471; x_wconf 72' lang='grc' dir='ltr'>ἀγανακτεῖ</span> <span class='ocrx_word' id='word_1_616' title='bbox 3079 3403 3339 3472; x_wconf 82' lang='grc' dir='ltr'>λυομένου</span> <span class='ocrx_word' id='word_1_617' title='bbox 3366 3398 3460 3452; x_wconf 78' lang='grc' dir='ltr'>τοῦ</span> <span class='ocrx_word' id='word_1_618' title='bbox 3486 3401 3673 3468; x_wconf 77' lang='grc' dir='ltr'>νόμου’</span> <span class='ocrx_word' id='word_1_619' title='bbox 3698 3393 3802 3451; x_wconf 78' lang='grc' dir='ltr'>ὦδε</span> <span class='ocrx_word' id='word_1_620' title='bbox 3825 3399 3887 3450; x_wconf 80' lang='grc' dir='ltr'>δὲ</span> 
     </span>
    </p>
   </div>
   <div class='ocr_carea' id='block_1_89' title="bbox 2303 3490 3889 3567">
    <p class='ocr_par' dir='ltr' id='par_1_89' title="bbox 2303 3490 3889 3567">
     <span class='ocr_line' id='line_1_89' title="bbox 2303 3490 3889 3567; baseline -0.005 -18"><span class='ocrx_word' id='word_1_621' title='bbox 2303 3497 2427 3549; x_wconf 81' lang='grc' dir='ltr'>ὅλου</span> <span class='ocrx_word' id='word_1_622' title='bbox 2464 3495 2750 3567; x_wconf 83' lang='grc' dir='ltr'>ἀνθρώπου</span> <span class='ocrx_word' id='word_1_623' title='bbox 2785 3494 3157 3563; x_wconf 84' lang='grc' dir='ltr'>ὑγιασθέντος,</span> <span class='ocrx_word' id='word_1_624' title='bbox 3184 3493 3566 3563; x_wconf 85' lang='grc' dir='ltr'>δυσχεραίνετε</span> <span class='ocrx_word' id='word_1_625' title='bbox 3596 3490 3670 3553; x_wconf 82' lang='grc' dir='ltr'>ὡς</span> <span class='ocrx_word' id='word_1_626' title='bbox 3704 3508 3889 3558; x_wconf 82' lang='grc' dir='ltr'>παρα-</span> 
     </span>
    </p>
   </div>
   <div class='ocr_carea' id='block_1_90' title="bbox 2303 3585 3107 3658">
    <p class='ocr_par' dir='ltr' id='par_1_90' title="bbox 2303 3585 3107 3658">
     <span class='ocr_line' id='line_1_90' title="bbox 2303 3585 3107 3658; baseline -0.002 -17"><span class='ocrx_word' id='word_1_627' title='bbox 2303 3588 2499 3657; x_wconf 86' lang='grc' dir='ltr'>νομίας</span> <span class='ocrx_word' id='word_1_628' title='bbox 2530 3588 2848 3657; x_wconf 74' lang='grc' dir='ltr'>γενομένης.</span> <span class='ocrx_word' id='word_1_629' title='bbox 2882 3585 3107 3658; x_wconf 59' lang='grc' dir='ltr'>[ωλι]</span> 
     </span>
    </p>
   </div>
   <div class='ocr_carea' id='block_1_91' title="bbox 2380 3675 3886 3751">
    <p class='ocr_par' dir='ltr' id='par_1_91' title="bbox 2380 3675 3886 3751">
     <span class='ocr_line' id='line_1_91' title="bbox 2380 3675 3886 3751; baseline -0.003 -19"><span class='ocrx_word' id='word_1_630' title='bbox 2380 3680 2582 3751; x_wconf 85' lang='grc' dir='ltr'>Κύριος</span> <span class='ocrx_word' id='word_1_631' title='bbox 2610 3680 2684 3731; x_wconf 86' lang='grc' dir='ltr'>ὣν</span> <span class='ocrx_word' id='word_1_632' title='bbox 2717 3680 2995 3741; x_wconf 82' lang='grc' dir='ltr'>Μωῦσέως</span> <span class='ocrx_word' id='word_1_633' title='bbox 3031 3681 3123 3732; x_wconf 74' lang='grc' dir='ltr'>καὶ</span> <span class='ocrx_word' id='word_1_634' title='bbox 3155 3676 3248 3730; x_wconf 79' lang='grc' dir='ltr'>τοῦ</span> <span class='ocrx_word' id='word_1_635' title='bbox 3289 3677 3475 3747; x_wconf 86' lang='grc' dir='ltr'>νόμου,</span> <span class='ocrx_word' id='word_1_636' title='bbox 3509 3676 3598 3729; x_wconf 78' lang='grc' dir='ltr'><strong>διὰ</strong></span> <span class='ocrx_word' id='word_1_637' title='bbox 3623 3676 3683 3729; x_wconf 80' lang='grc' dir='ltr'>τὸ</span> <span class='ocrx_word' id='word_1_638' title='bbox 3716 3675 3886 3728; x_wconf 73' lang='grc' dir='ltr'>ἀσθεο</span> 
     </span>
    </p>
   </div>
   <div class='ocr_carea' id='block_1_92' title="bbox 2303 3767 3884 3839">
    <p class='ocr_par' dir='ltr' id='par_1_92' title="bbox 2303 3767 3884 3839">
     <span class='ocr_line' id='line_1_92' title="bbox 2303 3767 3884 3839; baseline -0.004 -13"><span class='ocrx_word' id='word_1_639' title='bbox 2303 3772 2390 3835; x_wconf 83' lang='grc' dir='ltr'>νὲς</span> <span class='ocrx_word' id='word_1_640' title='bbox 2432 3773 2540 3824; x_wconf 85' lang='grc' dir='ltr'>τῶν</span> <span class='ocrx_word' id='word_1_641' title='bbox 2584 3772 2870 3835; x_wconf 53' lang='grc' dir='ltr'>Ἰμυδαίων,</span> <span class='ocrx_word' id='word_1_642' title='bbox 2921 3772 3086 3824; x_wconf 78' lang='grc' dir='ltr'>οἱονεὶ</span> <span class='ocrx_word' id='word_1_643' title='bbox 3133 3769 3487 3839; x_wconf 84' lang='grc' dir='ltr'>άπαλλοτριοϊ</span> <span class='ocrx_word' id='word_1_644' title='bbox 3538 3769 3732 3821; x_wconf 71' lang='grc' dir='ltr'>ἑαυτὸν</span> <span class='ocrx_word' id='word_1_645' title='bbox 3785 3767 3884 3819; x_wconf 81' lang='grc' dir='ltr'>τοῦ</span> 
     </span>
    </p>
   </div>
   <div class='ocr_carea' id='block_1_93' title="bbox 2304 3855 3885 3932">
    <p class='ocr_par' dir='ltr' id='par_1_93' title="bbox 2304 3855 3885 3932">
     <span class='ocr_line' id='line_1_93' title="bbox 2304 3855 3885 3932; baseline -0.007 -16"><span class='ocrx_word' id='word_1_646' title='bbox 2304 3863 2493 3932; x_wconf 77' lang='grc' dir='ltr'>νόμου,</span> <span class='ocrx_word' id='word_1_647' title='bbox 2546 3862 2823 3925; x_wconf 81' lang='grc' dir='ltr'>Μωῡσέως</span> <span class='ocrx_word' id='word_1_648' title='bbox 2868 3861 3031 3913; x_wconf 78' lang='grc' dir='ltr'>αὑτὸν</span> <span class='ocrx_word' id='word_1_649' title='bbox 3086 3858 3289 3912; x_wconf 81' lang='grc' dir='ltr'>καλῶν.</span> <span class='ocrx_word' id='word_1_650' title='bbox 3344 3858 3417 3911; x_wconf 83' lang='grc' dir='ltr'><strong>Οὐ</strong></span> <span class='ocrx_word' id='word_1_651' title='bbox 3470 3857 3579 3926; x_wconf 83' lang='grc' dir='ltr'><strong>γὰρ</strong></span> <span class='ocrx_word' id='word_1_652' title='bbox 3616 3855 3885 3924; x_wconf 71' lang='grc' dir='ltr'>ἠδύναντο</span> 
     </span>
    </p>
   </div>
   <div class='ocr_carea' id='block_1_94' title="bbox 2303 3947 3887 4021">
    <p class='ocr_par' dir='ltr' id='par_1_94' title="bbox 2303 3947 3887 4021">
     <span class='ocr_line' id='line_1_94' title="bbox 2303 3947 3887 4021; baseline -0.005 -15"><span class='ocrx_word' id='word_1_653' title='bbox 2303 3954 2536 4007; x_wconf 80' lang='grc' dir='ltr'>ἀκοῦσαι</span> <span class='ocrx_word' id='word_1_654' title='bbox 2575 3955 2659 4006; x_wconf 84' lang='grc' dir='ltr'>ὅτι</span> <span class='ocrx_word' id='word_1_655' title='bbox 2693 3952 2853 4021; x_wconf 77' lang='grc' dir='ltr'>φύσει</span> <span class='ocrx_word' id='word_1_656' title='bbox 2901 3953 3032 4015; x_wconf 72' lang='grc' dir='ltr'>Θεὸς</span> <span class='ocrx_word' id='word_1_657' title='bbox 3061 3948 3152 4021; x_wconf 76' lang='grc' dir='ltr'>ἦν,</span> <span class='ocrx_word' id='word_1_658' title='bbox 3184 3951 3307 4003; x_wconf 71' lang='grc' dir='ltr'>οὔτε</span> <span class='ocrx_word' id='word_1_659' title='bbox 3353 3949 3413 4002; x_wconf 80' lang='grc' dir='ltr'>τὸ</span> <span class='ocrx_word' id='word_1_660' title='bbox 3447 3947 3579 4001; x_wconf 71' lang='grc' dir='ltr'>ϐαθὺ</span> <span class='ocrx_word' id='word_1_661' title='bbox 3611 3949 3708 4017; x_wconf 84' lang='grc' dir='ltr'>τῆς</span> <span class='ocrx_word' id='word_1_662' title='bbox 3736 3949 3887 3999; x_wconf 78' lang='grc' dir='ltr'>οἰκο-</span> 
     </span>
    </p>
   </div>
   <div class='ocr_carea' id='block_1_95' title="bbox 2301 4046 2845 4116">
    <p class='ocr_par' dir='ltr' id='par_1_95' title="bbox 2301 4046 2845 4116">
     <span class='ocr_line' id='line_1_95' title="bbox 2301 4046 2845 4116; baseline 0.004 -17"><span class='ocrx_word' id='word_1_663' title='bbox 2301 4046 2492 4116; x_wconf 82' lang='grc' dir='ltr'>νομίας</span> <span class='ocrx_word' id='word_1_664' title='bbox 2527 4050 2845 4116; x_wconf 81' lang='grc' dir='ltr'>μυστήριον.</span> 
     </span>
    </p>
   </div>
   <div class='ocr_carea' id='block_1_96' title="bbox 2375 4130 3880 4205">
    <p class='ocr_par' dir='ltr' id='par_1_96' title="bbox 2375 4130 3880 4205">
     <span class='ocr_line' id='line_1_96' title="bbox 2375 4130 3880 4205; baseline -0.004 -18"><span class='ocrx_word' id='word_1_665' title='bbox 2375 4137 2437 4188; x_wconf 82' lang='lat' dir='ltr'><strong>El</strong></span> <span class='ocrx_word' id='word_1_666' title='bbox 2462 4138 2575 4199; x_wconf 84' lang='grc' dir='ltr'>τοῖς</span> <span class='ocrx_word' id='word_1_667' title='bbox 2599 4137 2656 4187; x_wconf 84' lang='grc' dir='ltr'><strong>ἐν</strong></span> <span class='ocrx_word' id='word_1_668' title='bbox 2687 4135 2946 4205; x_wconf 77' lang='grc' dir='ltr'>Σαϐϐάτῳ</span> <span class='ocrx_word' id='word_1_669' title='bbox 2978 4135 3420 4201; x_wconf 82' lang='grc' dir='ltr'>περιτέμνουσιν,</span> <span class='ocrx_word' id='word_1_670' title='bbox 3449 4132 3480 4203; x_wconf 74' lang='grc' dir='ltr'><strong>ἢ</strong></span> <span class='ocrx_word' id='word_1_671' title='bbox 3506 4130 3880 4195; x_wconf 77' lang='grc' dir='ltr'>θυσιάζουσιν,</span> 
     </span>
    </p>
   </div>
   <div class='ocr_carea' id='block_1_97' title="bbox 2302 4222 3885 4300">
    <p class='ocr_par' dir='ltr' id='par_1_97' title="bbox 2302 4222 3885 4300">
     <span class='ocr_line' id='line_1_97' title="bbox 2302 4222 3885 4300; baseline -0.005 -18"><span class='ocrx_word' id='word_1_672' title='bbox 2302 4229 2334 4300; x_wconf 83' lang='grc' dir='ltr'>ἢ</span> <span class='ocrx_word' id='word_1_673' title='bbox 2362 4228 2780 4300; x_wconf 77' lang='grc' dir='ltr'>πολεμοῦσιν,οὑ</span> <span class='ocrx_word' id='word_1_674' title='bbox 2806 4228 3109 4299; x_wconf 82' lang='grc' dir='ltr'>μέμφεσθε,</span> <span class='ocrx_word' id='word_1_675' title='bbox 3137 4229 3273 4297; x_wconf 78' lang='grc' dir='ltr'>μήτε</span> <span class='ocrx_word' id='word_1_676' title='bbox 3302 4227 3457 4295; x_wconf 79' lang='grc' dir='ltr'>ἐμοί’</span> <span class='ocrx_word' id='word_1_677' title='bbox 3488 4224 3647 4277; x_wconf 77' lang='grc' dir='ltr'>τοῦτο</span> <span class='ocrx_word' id='word_1_678' title='bbox 3674 4222 3885 4293; x_wconf 79' lang='grc' dir='ltr'>δηλαδὴ</span> 
     </span>
    </p>
   </div>
   <div class='ocr_carea' id='block_1_98' title="bbox 2301 4318 3400 4392">
    <p class='ocr_par' dir='ltr' id='par_1_98' title="bbox 2301 4318 3400 4392">
     <span class='ocr_line' id='line_1_98' title="bbox 2301 4318 3400 4392; baseline -0.005 -18"><span class='ocrx_word' id='word_1_679' title='bbox 2301 4320 2455 4374; x_wconf 78' lang='grc' dir='ltr'>οὐδὲν</span> <span class='ocrx_word' id='word_1_680' title='bbox 2490 4320 2673 4392; x_wconf 69' lang='grc' dir='ltr'>ἕτερόν</span> <span class='ocrx_word' id='word_1_681' title='bbox 2705 4323 2853 4373; x_wconf 82' lang='grc' dir='ltr'>ἐστιν</span> <span class='ocrx_word' id='word_1_682' title='bbox 2882 4319 2916 4388; x_wconf 84' lang='grc' dir='ltr'><strong>ἢ</strong></span> <span class='ocrx_word' id='word_1_683' title='bbox 2949 4318 3400 4391; x_wconf 74' lang='grc' dir='ltr'>προσωποληψία.</span> 
     </span>
    </p>
   </div>
   <div class='ocr_carea' id='block_1_99' title="bbox 2379 4492 3885 4567">
    <p class='ocr_par' dir='ltr' id='par_1_99' title="bbox 2379 4492 3885 4567">
     <span class='ocr_line' id='line_1_99' title="bbox 2379 4492 3885 4567; baseline -0.006 -15"><span class='ocrx_word' id='word_1_684' title='bbox 2379 4520 2396 4552; x_wconf 76' lang='grc' dir='ltr'><strong>ι</strong></span> <span class='ocrx_word' id='word_1_685' title='bbox 2443 4498 2670 4567; x_wconf 86' lang='grc' dir='ltr'>Ἔλεγον</span> <span class='ocrx_word' id='word_1_686' title='bbox 2698 4494 2791 4552; x_wconf 79' lang='grc' dir='ltr'><strong>οὖν</strong></span> <span class='ocrx_word' id='word_1_687' title='bbox 2824 4515 2966 4561; x_wconf 88' lang='grc' dir='ltr'>τινες</span> <span class='ocrx_word' id='word_1_688' title='bbox 2996 4500 3059 4551; x_wconf 80' lang='grc' dir='ltr'><strong>ἐκ</strong></span> <span class='ocrx_word' id='word_1_689' title='bbox 3088 4496 3197 4550; x_wconf 84' lang='grc' dir='ltr'><strong>τῶν</strong></span> <span class='ocrx_word' id='word_1_690' title='bbox 3238 4492 3715 4565; x_wconf 78' lang='grc' dir='ltr'>Ἱεροσολυμιτῶν’</span> <span class='ocrx_word' id='word_1_691' title='bbox 3762 4493 3885 4563; x_wconf 65' lang='grc' dir='ltr'>Οοὶχ</span> 
     </span>
    </p>
   </div>
   <div class='ocr_carea' id='block_1_100' title="bbox 2302 4589 3455 4658">
    <p class='ocr_par' dir='ltr' id='par_1_100' title="bbox 2302 4589 3455 4658">
     <span class='ocr_line' id='line_1_100' title="bbox 2302 4589 3455 4658; baseline -0.01 -11"><span class='ocrx_word' id='word_1_692' title='bbox 2302 4589 2457 4656; x_wconf 78' lang='grc' dir='ltr'>οὗτός</span> <span class='ocrx_word' id='word_1_693' title='bbox 2492 4594 2639 4645; x_wconf 67' lang='grc' dir='ltr'>ἐστιν</span> <span class='ocrx_word' id='word_1_694' title='bbox 2668 4590 2727 4643; x_wconf 84' lang='grc' dir='ltr'>ὃν</span> <span class='ocrx_word' id='word_1_695' title='bbox 2759 4589 3014 4658; x_wconf 76' lang='grc' dir='ltr'>ζητοῦσιν</span> <span class='ocrx_word' id='word_1_696' title='bbox 3044 4589 3396 4652; x_wconf 82' lang='grc' dir='ltr'>ἁποκτεῖναι;</span> <span class='ocrx_word' id='word_1_697' title='bbox 3436 4603 3455 4636; x_wconf 70' lang='grc' dir='ltr'><strong>ι</strong></span> 
     </span>
    </p>
   </div>
   <div class='ocr_carea' id='block_1_101' title="bbox 2388 4672 3877 4751">
    <p class='ocr_par' dir='ltr' id='par_1_101' title="bbox 2388 4672 3877 4751">
     <span class='ocr_line' id='line_1_101' title="bbox 2388 4672 3877 4751; baseline -0.003 -17"><span class='ocrx_word' id='word_1_698' title='bbox 2388 4681 2705 4751; x_wconf 86' lang='grc' dir='ltr'>Ἐλέγχουσι</span> <span class='ocrx_word' id='word_1_699' title='bbox 2749 4679 2961 4741; x_wconf 82' lang='grc' dir='ltr'>τούτοις</span> <span class='ocrx_word' id='word_1_700' title='bbox 3010 4677 3264 4739; x_wconf 80' lang='grc' dir='ltr'>θέλοντας</span> <span class='ocrx_word' id='word_1_701' title='bbox 3311 4672 3472 4728; x_wconf 81' lang='grc' dir='ltr'>αὑτὸν</span> <span class='ocrx_word' id='word_1_702' title='bbox 3523 4674 3877 4741; x_wconf 81' lang='grc' dir='ltr'>ἀποκτεῖναι,</span> 
     </span>
    </p>
   </div>
   <div class='ocr_carea' id='block_1_102' title="bbox 2303 4764 3879 4843">
    <p class='ocr_par' dir='ltr' id='par_1_102' title="bbox 2303 4764 3879 4843">
     <span class='ocr_line' id='line_1_102' title="bbox 2303 4764 3879 4843; baseline -0.006 -15"><span class='ocrx_word' id='word_1_703' title='bbox 2303 4775 2397 4828; x_wconf 70' lang='grc' dir='ltr'>καὶ</span> <span class='ocrx_word' id='word_1_704' title='bbox 2451 4772 2820 4843; x_wconf 74' lang='grc' dir='ltr'>ἀρνουμένους</span> <span class='ocrx_word' id='word_1_705' title='bbox 2869 4771 3072 4839; x_wconf 90' lang='grc' dir='ltr'>μένειν,</span> <span class='ocrx_word' id='word_1_706' title='bbox 3114 4766 3482 4837; x_wconf 76' lang='grc' dir='ltr'>ψευδομένους</span> <span class='ocrx_word' id='word_1_707' title='bbox 3529 4764 3615 4828; x_wconf 85' lang='grc' dir='ltr'>δὲ,</span> <span class='ocrx_word' id='word_1_708' title='bbox 3668 4765 3760 4817; x_wconf 84' lang='grc' dir='ltr'>τὸν</span> <span class='ocrx_word' id='word_1_709' title='bbox 3820 4768 3879 4819; x_wconf 79' lang='grc' dir='ltr'>δὲ</span> 
     </span>
    </p>
   </div>
   <div class='ocr_carea' id='block_1_103' title="bbox 2302 4857 3880 4937">
    <p class='ocr_par' dir='ltr' id='par_1_103' title="bbox 2302 4857 3880 4937">
     <span class='ocr_line' id='line_1_103' title="bbox 2302 4857 3880 4937; baseline -0.008 -17"><span class='ocrx_word' id='word_1_710' title='bbox 2302 4865 2537 4937; x_wconf 77' lang='grc' dir='ltr'>Χριστὸν</span> <span class='ocrx_word' id='word_1_711' title='bbox 2584 4862 2918 4935; x_wconf 84' lang='grc' dir='ltr'>ἀληθεύοντα</span> <span class='ocrx_word' id='word_1_712' title='bbox 2967 4860 3096 4930; x_wconf 73' lang='grc' dir='ltr'>περὶ</span> <span class='ocrx_word' id='word_1_713' title='bbox 3139 4859 3352 4912; x_wconf 88' lang='grc' dir='ltr'>τούτου.</span> <span class='ocrx_word' id='word_1_714' title='bbox 3392 4858 3503 4910; x_wconf 72' lang='grc' dir='ltr'><strong>Καὶ</strong></span> <span class='ocrx_word' id='word_1_715' title='bbox 3552 4857 3740 4925; x_wconf 80' lang='grc' dir='ltr'>ἐπειδὴ</span> <span class='ocrx_word' id='word_1_716' title='bbox 3793 4859 3880 4919; x_wconf 71' lang='grc' dir='ltr'>τὸ,</span> 
     </span>
    </p>
   </div>
   <div class='ocr_carea' id='block_1_104' title="bbox 2309 4948 3878 5027">
    <p class='ocr_par' dir='ltr' id='par_1_104' title="bbox 2309 4948 3878 5027">
     <span class='ocr_line' id='line_1_104' title="bbox 2309 4948 3878 5027; baseline -0.008 -16"><span class='ocrx_word' id='word_1_717' title='bbox 2309 4977 2326 5011; x_wconf 77' lang='lat' dir='ltr'><strong>t</strong></span> <span class='ocrx_word' id='word_1_718' title='bbox 2365 4955 2806 5027; x_wconf 37' lang='grc' dir='ltr'>Οἴδαμεν-τοῦτον</span> <span class='ocrx_word' id='word_1_719' title='bbox 2825 4955 2985 5006; x_wconf 82' lang='grc' dir='ltr'>πόθεν</span> <span class='ocrx_word' id='word_1_720' title='bbox 3015 4953 3154 5015; x_wconf 72' lang='grc' dir='ltr'>ἐστὶ,</span> <span class='ocrx_word' id='word_1_721' title='bbox 3186 4971 3204 5001; x_wconf 69' lang='grc' dir='ltr'><strong>ι</strong></span> <span class='ocrx_word' id='word_1_722' title='bbox 3233 4950 3299 5003; x_wconf 79' lang='grc' dir='ltr'>δι’</span> <span class='ocrx_word' id='word_1_723' title='bbox 3320 4948 3474 5002; x_wconf 80' lang='grc' dir='ltr'>οὐδὲν</span> <span class='ocrx_word' id='word_1_724' title='bbox 3493 4948 3681 5018; x_wconf 72' lang='grc' dir='ltr'>ἕτερον</span> <span class='ocrx_word' id='word_1_725' title='bbox 3706 4948 3878 5014; x_wconf 68' lang='grc' dir='ltr'>λέγει,</span> 
     </span>
    </p>
   </div>
   <div class='ocr_carea' id='block_1_105' title="bbox 2304 5040 3878 5120">
    <p class='ocr_par' dir='ltr' id='par_1_105' title="bbox 2304 5040 3878 5120">
     <span class='ocr_line' id='line_1_105' title="bbox 2304 5040 3878 5120; baseline -0.01 -15"><span class='ocrx_word' id='word_1_726' title='bbox 2304 5050 2419 5107; x_wconf 80' lang='grc' dir='ltr'>ἀλλ’</span> <span class='ocrx_word' id='word_1_727' title='bbox 2463 5050 2497 5120; x_wconf 78' lang='grc' dir='ltr'>ἢ</span> <span class='ocrx_word' id='word_1_728' title='bbox 2542 5049 2624 5102; x_wconf 86' lang='grc' dir='ltr'>ὃτι</span> <span class='ocrx_word' id='word_1_729' title='bbox 2666 5049 2728 5100; x_wconf 81' lang='grc' dir='ltr'><strong>ἐκ</strong></span> <span class='ocrx_word' id='word_1_730' title='bbox 2762 5049 2859 5117; x_wconf 79' lang='grc' dir='ltr'>τῆς</span> <span class='ocrx_word' id='word_1_731' title='bbox 2890 5047 2991 5116; x_wconf 75' lang='grc' dir='ltr'>γῆς</span> <span class='ocrx_word' id='word_1_732' title='bbox 3038 5046 3187 5107; x_wconf 79' lang='grc' dir='ltr'>ἐστι,</span> <span class='ocrx_word' id='word_1_733' title='bbox 3210 5042 3379 5106; x_wconf 80' lang='grc' dir='ltr'>δεῖξαι</span> <span class='ocrx_word' id='word_1_734' title='bbox 3409 5040 3656 5102; x_wconf 88' lang='grc' dir='ltr'>θέλοντες</span> <span class='ocrx_word' id='word_1_735' title='bbox 3678 5041 3773 5092; x_wconf 69' lang='grc' dir='ltr'>καὶ</span> <span class='ocrx_word' id='word_1_736' title='bbox 3797 5042 3878 5089; x_wconf 70' lang='grc' dir='ltr'><strong>οτι</strong></span> 
     </span>
    </p>
   </div>
   <div class='ocr_carea' id='block_1_106' title="bbox 2303 5133 3877 5206">
    <p class='ocr_par' dir='ltr' id='par_1_106' title="bbox 2303 5133 3877 5206">
     <span class='ocr_line' id='line_1_106' title="bbox 2303 5133 3877 5206; baseline -0.008 -11"><span class='ocrx_word' id='word_1_737' title='bbox 2303 5140 2397 5196; x_wconf 81' lang='grc' dir='ltr'><strong>τοῦ</strong></span> <span class='ocrx_word' id='word_1_738' title='bbox 2422 5141 2674 5204; x_wconf 84' lang='grc' dir='ltr'>τέκτονος</span> <span class='ocrx_word' id='word_1_739' title='bbox 2706 5141 2839 5206; x_wconf 83' lang='grc' dir='ltr'>υἱὸς,</span> <span class='ocrx_word' id='word_1_740' title='bbox 2857 5139 2945 5193; x_wconf 84' lang='grc' dir='ltr'>διὰ</span> <span class='ocrx_word' id='word_1_741' title='bbox 2970 5138 3127 5191; x_wconf 76' lang='grc' dir='ltr'>τοῦτο</span> <span class='ocrx_word' id='word_1_742' title='bbox 3155 5136 3314 5199; x_wconf 80' lang='grc' dir='ltr'>αὐτὸς</span> <span class='ocrx_word' id='word_1_743' title='bbox 3340 5135 3542 5203; x_wconf 80' lang='grc' dir='ltr'>ἀνῆγεν</span> <span class='ocrx_word' id='word_1_744' title='bbox 3569 5133 3771 5195; x_wconf 75' lang='grc' dir='ltr'>αὐτοὺς</span> <span class='ocrx_word' id='word_1_745' title='bbox 3802 5134 3877 5192; x_wconf 82' lang='grc' dir='ltr'>εἰς</span> 
     </span>
    </p>
   </div>
   <div class='ocr_carea' id='block_1_107' title="bbox 2302 5222 3882 5301">
    <p class='ocr_par' dir='ltr' id='par_1_107' title="bbox 2302 5222 3882 5301">
     <span class='ocr_line' id='line_1_107' title="bbox 2302 5222 3882 5301; baseline -0.007 -17"><span class='ocrx_word' id='word_1_746' title='bbox 2302 5231 2394 5285; x_wconf 80' lang='grc' dir='ltr'>τὸν</span> <span class='ocrx_word' id='word_1_747' title='bbox 2417 5231 2671 5301; x_wconf 80' lang='grc' dir='ltr'>οὐρανὸν,</span> <span class='ocrx_word' id='word_1_748' title='bbox 2700 5230 2895 5299; x_wconf 82' lang='grc' dir='ltr'>λέγων,</span> <span class='ocrx_word' id='word_1_749' title='bbox 2916 5249 2934 5280; x_wconf 70' lang='grc' dir='ltr'><em>α</em></span> <span class='ocrx_word' id='word_1_750' title='bbox 2967 5230 3075 5282; x_wconf 74' lang='grc' dir='ltr'><strong>Καὶ</strong></span> <span class='ocrx_word' id='word_1_751' title='bbox 3101 5228 3201 5298; x_wconf 80' lang='grc' dir='ltr'>ἐμὲ</span> <span class='ocrx_word' id='word_1_752' title='bbox 3226 5226 3403 5279; x_wconf 77' lang='grc' dir='ltr'>οἴδατε</span> <span class='ocrx_word' id='word_1_753' title='bbox 3434 5224 3597 5277; x_wconf 81' lang='grc' dir='ltr'>πόθεν</span> <span class='ocrx_word' id='word_1_754' title='bbox 3623 5222 3763 5292; x_wconf 75' lang='grc' dir='ltr'>εἰμὶ,</span> <span class='ocrx_word' id='word_1_755' title='bbox 3786 5223 3882 5274; x_wconf 79' lang='grc' dir='ltr'>καὶ</span> 
     </span>
    </p>
   </div>
   <div class='ocr_carea' id='block_1_108' title="bbox 2305 5312 3879 5391">
    <p class='ocr_par' dir='ltr' id='par_1_108' title="bbox 2305 5312 3879 5391">
     <span class='ocr_line' id='line_1_108' title="bbox 2305 5312 3879 5391; baseline -0.009 -15"><span class='ocrx_word' id='word_1_756' title='bbox 2305 5324 2402 5376; x_wconf 82' lang='grc' dir='ltr'><strong>ἀπ’</strong></span> <span class='ocrx_word' id='word_1_757' title='bbox 2424 5322 2662 5391; x_wconf 79' lang='grc' dir='ltr'>ἐμαυτοῦ</span> <span class='ocrx_word' id='word_1_758' title='bbox 2691 5324 2790 5374; x_wconf 77' lang='grc' dir='ltr'><strong>οὐκ</strong></span> <span class='ocrx_word' id='word_1_759' title='bbox 2816 5319 3071 5391; x_wconf 74' lang='grc' dir='ltr'>ἐλήλυθα,</span> <span class='ocrx_word' id='word_1_760' title='bbox 3101 5339 3119 5371; x_wconf 71' lang='grc' dir='ltr'><strong>ι</strong></span> <span class='ocrx_word' id='word_1_761' title='bbox 3150 5321 3242 5371; x_wconf 77' lang='grc' dir='ltr'>καὶ</span> <span class='ocrx_word' id='word_1_762' title='bbox 3265 5317 3333 5369; x_wconf 82' lang='grc' dir='ltr'>τὰ</span> <span class='ocrx_word' id='word_1_763' title='bbox 3360 5315 3508 5387; x_wconf 59' lang='grc' dir='ltr'><strong>ἑξῆς</strong></span> <span class='ocrx_word' id='word_1_764' title='bbox 3536 5312 3678 5367; x_wconf 76' lang='grc' dir='ltr'>τοῦτ’</span> <span class='ocrx_word' id='word_1_765' title='bbox 3708 5312 3879 5374; x_wconf 68' lang='grc' dir='ltr'>ἐστιν,</span> 
     </span>
    </p>
   </div>
   <div class='ocr_carea' id='block_1_109' title="bbox 2305 5404 3883 5483">
    <p class='ocr_par' dir='ltr' id='par_1_109' title="bbox 2305 5404 3883 5483">
     <span class='ocr_line' id='line_1_109' title="bbox 2305 5404 3883 5483; baseline -0.009 -16"><span class='ocrx_word' id='word_1_766' title='bbox 2305 5414 2418 5467; x_wconf 77' lang='grc' dir='ltr'><strong>Οὐκ</strong></span> <span class='ocrx_word' id='word_1_767' title='bbox 2462 5413 2713 5467; x_wconf 81' lang='grc' dir='ltr'>ἐντεῦθέν</span> <span class='ocrx_word' id='word_1_768' title='bbox 2756 5415 2891 5483; x_wconf 84' lang='grc' dir='ltr'>είμι,</span> <span class='ocrx_word' id='word_1_769' title='bbox 2928 5412 3044 5465; x_wconf 80' lang='grc' dir='ltr'>ἀλλ’</span> <span class='ocrx_word' id='word_1_770' title='bbox 3088 5411 3209 5465; x_wconf 84' lang='grc' dir='ltr'>ὅθεν</span> <span class='ocrx_word' id='word_1_771' title='bbox 3236 5411 3264 5460; x_wconf 89' lang='grc' dir='ltr'><strong>ὀ</strong></span> <span class='ocrx_word' id='word_1_772' title='bbox 3298 5408 3517 5477; x_wconf 74' lang='grc' dir='ltr'>πέμψας</span> <span class='ocrx_word' id='word_1_773' title='bbox 3552 5421 3643 5475; x_wconf 84' lang='grc' dir='ltr'><strong>με,</strong></span> <span class='ocrx_word' id='word_1_774' title='bbox 3669 5404 3765 5456; x_wconf 73' lang='grc' dir='ltr'>καὶ</span> <span class='ocrx_word' id='word_1_775' title='bbox 3798 5405 3883 5455; x_wconf 84' lang='grc' dir='ltr'>ὃτι</span> 
     </span>
    </p>
   </div>
   <div class='ocr_carea' id='block_1_110' title="bbox 2303 5496 3881 5576">
    <p class='ocr_par' dir='ltr' id='par_1_110' title="bbox 2303 5496 3881 5576">
     <span class='ocr_line' id='line_1_110' title="bbox 2303 5496 3881 5576; baseline -0.008 -16"><span class='ocrx_word' id='word_1_776' title='bbox 2303 5508 2504 5571; x_wconf 86' lang='grc' dir='ltr'>οίδατε,</span> <span class='ocrx_word' id='word_1_777' title='bbox 2532 5509 2613 5560; x_wconf 81' lang='grc' dir='ltr'>ὅτι</span> <span class='ocrx_word' id='word_1_778' title='bbox 2658 5507 2809 5576; x_wconf 82' lang='grc' dir='ltr'>παρὰ</span> <span class='ocrx_word' id='word_1_779' title='bbox 2838 5505 2931 5558; x_wconf 80' lang='grc' dir='ltr'>τοῦ</span> <span class='ocrx_word' id='word_1_780' title='bbox 2977 5503 3186 5573; x_wconf 80' lang='grc' dir='ltr'>Πατρὸς</span> <span class='ocrx_word' id='word_1_781' title='bbox 3217 5501 3550 5570; x_wconf 76' lang='grc' dir='ltr'>ἀπεστάλην,</span> <span class='ocrx_word' id='word_1_782' title='bbox 3585 5500 3633 5551; x_wconf 84' lang='grc' dir='ltr'><strong>εἰ</strong></span> <span class='ocrx_word' id='word_1_783' title='bbox 3679 5497 3774 5550; x_wconf 74' lang='grc' dir='ltr'><strong>καὶ</strong></span> <span class='ocrx_word' id='word_1_784' title='bbox 3802 5496 3881 5565; x_wconf 79' lang='grc' dir='ltr'>μὴ</span> 
     </span>
    </p>
   </div>
   <div class='ocr_carea' id='block_1_111' title="bbox 2305 5592 3135 5665">
    <p class='ocr_par' dir='ltr' id='par_1_111' title="bbox 2305 5592 3135 5665">
     <span class='ocr_line' id='line_1_111' title="bbox 2305 5592 3135 5665; baseline -0.005 -17"><span class='ocrx_word' id='word_1_785' title='bbox 2305 5594 2463 5648; x_wconf 78' lang='grc' dir='ltr'>τοῦτο</span> <span class='ocrx_word' id='word_1_786' title='bbox 2492 5594 2863 5648; x_wconf 77' lang='grc' dir='ltr'>ἐκκαλύπτετε</span> <span class='ocrx_word' id='word_1_787' title='bbox 2876 5634 2887 5645; x_wconf 92' lang='grc'><strong>.</strong></span> <span class='ocrx_word' id='word_1_788' title='bbox 2915 5592 3135 5665; x_wconf 57' lang='lat' dir='ltr'><strong>[Cum]</strong></span> 
     </span>
    </p>
   </div>
   <div class='ocr_carea' id='block_1_112' title="bbox 3883 5128 3907 5165">
    <p class='ocr_par' dir='ltr' id='par_1_112' title="bbox 3883 5128 3907 5165">
     <span class='ocr_line' id='line_1_112' title="bbox 3883 5128 3907 5165; baseline 0 0"><span class='ocrx_word' id='word_1_789' title='bbox 3883 5128 3907 5165; x_wconf 95' lang='lat'><strong><em>\</em></strong></span> 
     </span>
    </p>
   </div>
   <div class='ocr_carea' id='block_1_113' title="bbox 689 5716 3881 5799">
    <p class='ocr_par' dir='ltr' id='par_1_113' title="bbox 689 5716 3881 5799">
     <span class='ocr_line' id='line_1_113' title="bbox 689 5716 3881 5799; baseline -0.008 -7"><span class='ocrx_word' id='word_1_790' title='bbox 689 5725 723 5799; x_wconf 57' lang='grc' dir='ltr'><strong>ί,</strong></span> <span class='ocrx_word' id='word_1_791' title='bbox 746 5725 836 5777; x_wconf 64' lang='grc'><strong>0⁸⁵·</strong></span> <span class='ocrx_word' id='word_1_792' title='bbox 870 5722 1176 5789; x_wconf 75' lang='grc' dir='ltr'><strong>ἀναμεῖναι·</strong></span> <span class='ocrx_word' id='word_1_793' title='bbox 1242 5717 1283 5799; x_wconf 56' lang='grc'>,⁸</span> <span class='ocrx_word' id='word_1_794' title='bbox 1310 5718 1400 5799; x_wconf 65' lang='lat' dir='ltr'><strong>9r.</strong></span> <span class='ocrx_word' id='word_1_795' title='bbox 1433 5716 1603 5799; x_wconf 57' lang='grc' dir='ltr'>είζπὼῖ</span> <span class='ocrx_word' id='word_1_796' title='bbox 1633 5720 1710 5791; x_wconf 81' lang='grc' dir='ltr'>τῷ</span> <span class='ocrx_word' id='word_1_797' title='bbox 1739 5723 1981 5791; x_wconf 68' lang='grc' dir='ltr'>Μωῢδεῑ,</span> <span class='ocrx_word' id='word_1_798' title='bbox 2029 5747 2045 5777; x_wconf 72' lang='grc' dir='ltr'>ι</span> <span class='ocrx_word' id='word_1_799' title='bbox 2080 5728 2155 5780; x_wconf 84' lang='grc' dir='ltr'>Ού</span> <span class='ocrx_word' id='word_1_800' title='bbox 2230 5728 2670 5799; x_wconf 79' lang='grc' dir='ltr'>συναναϐήσομαι</span> <span class='ocrx_word' id='word_1_801' title='bbox 2707 5727 2855 5797; x_wconf 80' lang='grc' dir='ltr'>ὑμῖν,</span> <span class='ocrx_word' id='word_1_802' title='bbox 2893 5744 2911 5778; x_wconf 77' lang='lat' dir='ltr'><strong>t</strong></span> <span class='ocrx_word' id='word_1_803' title='bbox 2945 5724 3168 5796; x_wconf 61' lang='grc' dir='ltr'>ὕστερον</span> <span class='ocrx_word' id='word_1_804' title='bbox 3198 5719 3605 5792; x_wconf 74' lang='grc' dir='ltr'>παρακαλοῦντι</span> <span class='ocrx_word' id='word_1_805' title='bbox 3649 5719 3881 5774; x_wconf 81' lang='grc' dir='ltr'>Μωῡσεῐ</span> 
     </span>
    </p>
   </div>
   <div class='ocr_carea' id='block_1_114' title="bbox 626 5788 1652 5861">
    <p class='ocr_par' dir='ltr' id='par_1_114' title="bbox 626 5788 1652 5861">
     <span class='ocr_line' id='line_1_114' title="bbox 626 5788 1652 5861; baseline -0.006 -12"><span class='ocrx_word' id='word_1_806' title='bbox 626 5797 893 5856; x_wconf 75' lang='grc' dir='ltr'>ὑπὲσ“(ετο</span> <span class='ocrx_word' id='word_1_807' title='bbox 920 5788 1415 5861; x_wconf 80' lang='grc' dir='ltr'>συνεκπορεύεσθαι</span> <span class='ocrx_word' id='word_1_808' title='bbox 1446 5788 1652 5850; x_wconf 73' lang='grc' dir='ltr'>αὐτοῖς.</span> 
     </span>
    </p>
   </div>
  </div>
