4130 6528
295 384 431 449 1445

1336 398 1791 460 FRAGMENTA
1852 401 1931 459 IN
1966 400 2036 468 IS.
2078 404 2453 467 JOANNEM.

3406 416 3540 483 1446

363 520 380 551 ι
447 499 593 554 Αλλά
636 501 824 555 τοῦτον
872 503 1093 574 οἴδαμεν
1140 507 1304 560 πόθεν
1354 510 1530 562 ἐστίν·
1581 512 1608 561 ὁ
1636 512 1692 564 δὲ
1730 513 1834 582 Χρι

2042 513 2203 569 Vens.
2236 516 2326 572 27.
2383 536 2401 568 ι
2433 517 2536 572 Sed
2566 519 2707 575 hunc
2739 494 2943 576 scimus
2972 524 3113 579 unde
3142 525 3249 581 sit:
3287 526 3539 589 Christus

286 592 410 655 στδς
438 594 566 646 ὅταν
595 592 842 663 ἔρχηται,
873 596 1047 660 οὐδεὶς
1076 599 1335 665 γινώσκει
1364 600 1529 654 πόθεν
1553 604 1716 657 ἐστίν.
1762 622 1780 653 ι

352 684 547 747 Καλῶς
590 684 830 752 λέγεται,
875 687 957 740 ὅτι
988 689 1115 741 ὅταν
1153 690 1282 763 ἔλθῃ
1314 693 1341 744 ὁ
1377 692 1640 763 Χριστὸς,
1683 694 1859 757 οὐδεὶς

280 770 539 839 γινώσκει
585 771 751 825 πόθεν
802 773 986 826 ἐστίν·
1038 778 1066 829 ὁ
1109 777 1218 847 γὰρ
1250 780 1504 851 ἀληθινὸς
1536 782 1670 845 Θεὸς
1707 783 1766 848 ἐξ
1794 774 1856 835 οὗ

284 861 397 929 εἰμι
427 860 689 929 ἠγνόηται
719 861 867 930 ὑμῖν,
892 863 987 916 καὶ
1014 865 1164 919 οὐδὲν
1193 868 1423 932 ἀπεικὸς
1450 871 1499 922 εἰ
1516 871 1762 938 ἀγνοεῖτέ
1787 888 1856 941 με

276 948 358 1000 ὃτι
386 948 495 1015 ἐγώ
524 950 640 1017 είμι
673 950 702 1001 ὁ
746 949 981 1020 Χριστὸς
1001 993 1015 1019 ,
1054 954 1153 1007 οὐκ
1178 956 1382 1020 εἰδότες
1416 961 1509 1010 τὶν
1539 959 1598 1024 ἐξ
1625 954 1687 1013 οὗ
1716 961 1851 1029 εἰμι.

281 1036 505 1109 [ειμι]

351 1147 371 1180 ι
425 1127 564 1197 Ἐγὼ
610 1128 667 1182 δὲ
715 1126 833 1183 οῖδα
878 1132 1071 1188 αὐτόν.
1113 1153 1131 1185 ι

345 1221 653 1286 Τουτέστιν,
674 1222 824 1290 Ἐμοὶ
859 1224 1006 1295 μόνῳ
1027 1224 1216 1290 θεατός
1248 1227 1417 1294 ἐστιν,
1452 1231 1681 1304 ἐπείπερ
1720 1232 1851 1297 Θεός

272 1310 390 1380 είμι
425 1311 565 1364 κατά
593 1311 774 1379 φύσιν,
805 1314 899 1366 καὶ
927 1315 987 1366 ού
1017 1315 1115 1384 τῆς
1156 1320 1381 1389 κτιστῆς
1427 1320 1660 1388 φύσεως,
1716 1325 1851 1377 οἵτι-

273 1416 363 1461 νες
391 1400 620 1462 ἐννοίαις
650 1400 810 1469 μόνον
850 1402 995 1455 κατά
1020 1403 1080 1455 τὸ
1110 1404 1333 1459 δυνατὸν
1382 1407 1713 1474 γινώσκουσι
1759 1412 1851 1464 τὸν

272 1490 513 1561 Πατέρα.
555 1491 613 1543 '0
644 1490 700 1544 δὲ
733 1492 862 1545 Υίὸν
896 1494 1059 1547 αὑτοῦ
1097 1496 1218 1549 ὅλον
1258 1498 1315 1550 ἐν
1345 1499 1520 1569 ἐαυτῷ
1547 1500 1743 1573 θεωρεῖ
1759 1503 1849 1555 τὸν

274 1584 642 1653 γεννήσαντα,
690 1584 783 1637 καὶ
813 1584 910 1655 τὴν
935 1586 1028 1639 τοῦ
1053 1588 1301 1653 τέκτονος
1333 1592 1522 1644 ούσίαν
1559 1594 1616 1646 ἐν
1665 1597 1734 1665 τῇ
1773 1598 1852 1648 oio

278 1673 402 1743 κείᾳ
439 1673 597 1742 φύσει
662 1674 972 1746 ζωγραφεῖ,
1020 1680 1115 1732 καὶ
1149 1679 1321 1743 οὕτως
1359 1681 1498 1735 οἶδεν
1552 1684 1736 1751 αὐτὸν,
1772 1686 1847 1751 ὡς

269 1762 369 1816 οὐκ
409 1762 557 1818 ἔστιν
587 1766 779 1821 εἰπεῖν.
824 1767 1198 1840 Ἀνέκφραστα
1223 1773 1327 1845 γὰρ
1355 1774 1424 1826 τα
1452 1777 1580 1847 περὶ
1613 1777 1771 1832 Θεοῦ.

352 1960 370 1994 ι
425 1941 682 2013 Ἐζήτουν
708 1938 800 1997 οὖν
824 1944 984 1998 αὐτὸν
1011 1947 1225 2012 πιάσαι,
1258 1951 1352 2002 καὶ
1379 1951 1551 2015 οὐδεὶς
1580 1955 1845 2008 ἐπέϐαλεν

270 2032 357 2085 ἐπ’
403 2033 565 2086 αὐτὸν
615 2032 714 2104 τὴν
770 2037 958 2104 χεῖρα,
1024 2037 1106 2089 ὅτι
1155 2037 1307 2090 οὔπω
1357 2040 1607 2111 ἐληλύθει
1654 2047 1687 2114 ἡ
1727 2044 1845 2116 ὥρα

269 2124 457 2179 αὐτοῦ.
503 2142 524 2173 ›

337 2217 436 2270 Διά
467 2217 655 2270 τούτου
687 2216 1055 2289 μανθάνομεν,
1088 2222 1169 2274 ὅτι
1200 2222 1340 2276 ἐκὼν
1370 2223 1590 2289 ἔπαθεν,
1618 2228 1712 2281 καὶ
1742 2228 1844 2281 ούκ

265 2309 332 2362 ἐκ
371 2308 683 2376 πλεονεξίας
727 2310 1029 2382 Ἰουδαϊκῆς
1073 2314 1421 2385 συλληφθείς.
1460 2319 1631 2388 Ὥραν
1660 2319 1714 2372 δὲ
1755 2320 1843 2373 λέ-

266 2416 354 2466 γει
388 2401 485 2470 τὴν
509 2400 768 2472 εὔκαιρον
797 2402 905 2457 τῶν
928 2408 1270 2476 πραγμάτων
1296 2408 1544 2467 ἔκὸασιν.

342 2510 359 2541 ι
405 2493 683 2545 Ἤκουσαν
724 2496 773 2547 οἱ
821 2496 1109 2566 Φαρισαῖοι
1154 2499 1248 2552 τοῦ
1289 2500 1448 2570 ὅχλου
1482 2503 1841 2572 γογγύζοντος

266 2589 396 2658 περὶ
445 2587 610 2641 αὑτοῦ
638 2591 838 2641 ταῦτα·
880 2591 973 2643 καὶ
995 2592 1324 2648 ἀπέστειλαν
1356 2597 1404 2647 οἱ
1432 2598 1715 2667 Φαρισαῖοι
1749 2600 1842 2652 καὶ

263 2680 314 2730 οἱ
371 2678 672 2751 Ἀρχιερεῖς
700 2680 1001 2749 ὑπηρέτας,
1034 2683 1121 2736 ἵνα
1152 2685 1419 2738 πιάσωσιν
1446 2688 1628 2740 αὐτόν.
1678 2708 1695 2740 ι

334 2770 413 2821 Δι’
467 2764 542 2822 ὢν
586 2771 906 2839 ἐγόγγυζον,
972 2774 1255 2839 φαίνονται
1309 2776 1702 2849 ἀποδεχομενοι
1747 2780 1840 2832 τὸν

262 2858 524 2928 Χριστὸν,
564 2861 656 2914 καὶ
687 2861 931 2926 θέλοντες
974 2865 1083 2918 ἀπὸ
1113 2865 1224 2919 τῶν
1251 2868 1576 2936 ἡγουμένων
1610 2870 1839 2940 ἀποσχί-

264 2965 377 3003 σαι.
432 2950 611 3021 Ὅπερ
665 2953 1047 3024 αἰσθανόμενοι
1093 2958 1145 3010 οἱ
1202 2960 1528 3029 ἡγούμενοι,
1584 2960 1838 3032 ἔπεμψαν

265 3039 625 3095 συλλαϐέσθαι
668 3043 850 3107 αὑτὸν,
880 3045 968 3099 διὰ
1008 3047 1167 3101 τοῦτο
1208 3050 1390 3119 μόνον,
1411 3051 1493 3103 ὅτι
1518 3052 1837 3107 ἐπιστεύετο

262 3126 400 3185 εἶναι
425 3134 453 3185 ὁ
473 3132 760 3203 Χριστόςι.

1964 615 2143 658 autem
2174 621 2296 660 cum
2327 609 2558 672 venerit,
2597 626 2753 667 nemo
2783 614 2885 667 scit
2919 617 3063 670 unde
3090 617 3180 672 sil.
3220 637 3240 669 ι

2042 694 2184 750 Bene
2232 696 2455 762 dicitur,
2509 716 2630 754 eum
2684 705 2894 758 venerit
2939 705 3207 773 Christus,
3265 713 3533 769 neminem

1959 788 2097 840 scire
2147 792 2289 843 unde
2337 791 2426 855 sit,
2460 808 2580 844 cum
2617 795 2816 848 etenim
2865 812 3050 852 verum
3102 799 3268 856 Deum
3314 822 3379 860 ex
3428 824 3534 877 quo

1957 891 2077 931 sum
2108 879 2354 945 nescitis,
2395 881 2531 935 nihil
2579 885 2776 938 mirum
2814 889 2956 955 quod
2986 889 3248 959 ignoratis
3297 912 3381 952 tne
3411 915 3533 955 esse

1956 968 2253 1036 Christum,
2290 974 2596 1029 nescientes
2630 976 2779 1030 illum
2815 994 2882 1032 ex
2910 996 3018 1049 quo
3044 998 3189 1038 sum.

2035 1147 2198 1203 Vens.
2233 1149 2321 1205 29.
2359 1169 2377 1202 ι
2409 1151 2520 1221 Ego
2554 1162 2730 1208 autem
2763 1158 2875 1212 scio
2906 1173 3050 1215 eum.
3086 1182 3104 1214 ι

2034 1237 2089 1293 Id
2140 1241 2420 1296 estzMihi
2493 1245 2588 1298 soli
2645 1259 2956 1318 perspectus
3008 1263 3111 1319 est,
3160 1270 3277 1308 cum
3337 1269 3526 1316 natura

1954 1345 2071 1385 mea
2109 1333 2245 1387 Dens
2270 1334 2394 1397 sim,
2422 1344 2477 1389 et
2506 1352 2612 1391 non
2644 1349 2850 1394 natura:
2901 1355 3120 1408 creatm,
3180 1346 3264 1399 cui
3297 1359 3525 1413 tantum,

1953 1430 2214 1488 quantum
2264 1425 2553 1493 cogitando
2601 1426 2746 1492 licet,
2806 1429 3018 1485 Patrem
3071 1448 3228 1486 nosse
3285 1434 3366 1489 fas
3413 1449 3519 1492 est.

1954 1507 2121 1564 Filius
2160 1528 2285 1565 vero
2337 1523 2502 1567 totum
2535 1517 2586 1569 in
2621 1520 2908 1586 semetipso
2934 1525 3329 1592 contemplatur
3358 1528 3523 1582 Geui-

1953 1610 2148 1667 torem,
2197 1604 2313 1671 ejus
2361 1606 2596 1675 denique
2649 1612 3002 1665 substantiam
3055 1616 3269 1683 propria
3300 1633 3393 1671 sua
3426 1634 3521 1672 na-

1952 1702 2071 1746 tura
2130 1695 2197 1748 ad
2251 1695 2429 1748 vivum
2461 1698 2736 1766 exprimit,
2780 1708 2941 1769 atque
2990 1717 3076 1767 eo,
3105 1720 3213 1772 quo
3260 1708 3519 1777 explicari

1952 1800 2056 1838 non
2120 1795 2315 1855 potest,
2362 1790 2516 1842 modo
2545 1792 2718 1859 ipsutn
2753 1794 2918 1848 novit.
2972 1794 3101 1860 Quae
3129 1799 3273 1852 enim
3312 1802 3517 1870 divina,

1878 1883 1918 1937 Β
1948 1878 2110 1930 etiam
2150 1878 2443 1933 ineffabilia
2481 1892 2628 1934 sunt.

2012 1965 2173 2021 Vens.
2204 1967 2292 2022 30.
2362 1986 2379 2018 ι
2411 1970 2733 2035 ριιωιθιιςιιιι
2756 1987 2884 2041 ergo
2910 1988 3030 2029 eum
3061 1979 3468 2047 apprehendere
3495 2002 3509 2039 :

1945 2064 1999 2108 et
2028 2072 2181 2110 nemo
2215 2059 2358 2113 misit
2394 2061 2444 2113 in
2476 2061 2621 2115 illum
2655 2079 2868 2131 manus,
2923 2066 3047 2135 quia
3085 2071 3320 2126 nondum
3353 2091 3513 2129 vene-

1947 2160 2027 2201 rat
2063 2150 2192 2203 hora
2221 2152 2357 2221 ejus.
2390 2171 2407 2202 ι

2017 2236 2155 2292 Hinc
2184 2242 2443 2295 discimus
2502 2242 2776 2297 Christum
2820 2257 3011 2315 sponte
3062 2265 3300 2319 passum,
3341 2264 3394 2308 et
3423 2255 3517 2309 Ju-

1943 2329 2182 2383 dzcorutn
2218 2332 2417 2387 viribus
2450 2333 2670 2389 minime
2704 2350 3036 2407 superatum.
3087 2342 3282 2397 Horam
3312 2356 3510 2416 autem,

1943 2430 2097 2473 vocat
2123 2432 2479 2489 opportuunttt
2512 2440 2689 2479 rerum
2727 2431 3152 2485 exsecutionem.

2012 2512 2174 2567 Vens.
2206 2514 2295 2567 52.
2334 2533 2351 2565 ι
2383 2516 2679 2571 Audierunt
2712 2517 2967 2573 Pharisaei
3001 2522 3210 2575 turbam
3273 2540 3505 2580 murmu—

1945 2613 2151 2658 rantetu
2182 2606 2247 2659 de
2277 2606 2366 2661 illo
2402 2608 2552 2663 haec:
2600 2620 2654 2663 et
2686 2611 2951 2666 miserunt
2984 2614 3257 2684 principes
3288 2625 3342 2670 et
3373 2619 3506 2685 pha-

1944 2697 2083 2750 rismi
2119 2698 2411 2763 ministros,
2451 2712 2505 2753 ut
2539 2702 3009 2770 apprehenderent
3033 2720 3178 2762 eum.
3217 2724 3233 2757 ι

2020 2786 2153 2852 Quia
2198 2790 2637 2854 murmurabant,
2700 2792 3022 2845 videbantur
3068 2794 3337 2849 Christum
3392 2811 3511 2852 sns-

1939 2878 2166 2944 cepturi,
2196 2888 2247 2933 et
2275 2880 2547 2948 principes
2568 2895 2698 2936 suos
2719 2881 2965 2936 deserere
2985 2883 3142 2937 velle.
3174 2884 3285 2940 Hoc
3315 2888 3499 2957 itaque

1938 2968 2208 3036 principes
2238 2969 2614 3039 iutelligentes,
2646 2973 2908 3028 miserunt
2953 2976 3043 3045 qui
3076 2990 3198 3029 eum
3232 2990 3506 3047 caperent,

1937 3059 2020 3114 vel
2053 3060 2252 3117 idcirco
2284 3063 2478 3129 solum,
2510 3067 2651 3134 quod
2680 3063 2928 3120 Christus
2982 3068 3311 3124 crederetur.

335 3243 354 3276 ι
402 3226 490 3278 Ἐν
516 3226 573 3278 δὲ
600 3229 666 3297 τῇ
707 3229 911 3299 ἐσχάτῃ
949 3229 1137 3301 ἡμέρα
1175 3233 1240 3301 τῇ
1272 3232 1486 3303 μεγάλῃ
1510 3233 1609 3303 τῆς
1639 3234 1831 3307 ἑορτῆς

2008 3236 2174 3291 Vens.
2201 3238 2291 3292 '57.
2332 3257 2351 3290 ι
2384 3239 2439 3292 In
2469 3241 2766 3295 novissimo
2794 3251 2970 3296 autem
3014 3242 3100 3297 die
3129 3258 3322 3313 magno
3354 3245 3505 3301 festi-

259 3319 504 3388 εἱστήκει
532 3320 561 3371 ὁ
622 3319 856 3389 Ἰησοῦς,
914 3322 1008 3373 καὶ
1058 3322 1254 3392 ἐκραξε
1279 3364 1293 3388 ,
1334 3323 1540 3391 λέγων’
1584 3324 1709 3379 Ἐάν
1750 3345 1835 3391 τις

256 3411 406 3480 διψᾷ,
435 3409 679 3480 ἐρχέσθω
708 3411 845 3481 πρὸς
871 3429 960 3481 με,
1001 3414 1095 3466 καὶ
1119 3416 1341 3470 πινέτω.
1378 3434 1397 3466 ι

332 3502 462 3554 Ὅτε
504 3501 706 3564 πάντες
750 3503 1097 3575 συνέτρεχον,
1145 3507 1239 3558 καὶ
1276 3508 1501 3579 ἔμελλον
1529 3515 1834 3587 ἀναχωρεῖν

1935 3328 2121 3382 vitatis
2153 3329 2334 3382 stabat
2353 3328 2529 3394 Jesus,
2573 3341 2627 3385 et
2655 3331 2943 3397 clamabat,
2991 3332 3176 3401 dicens
3212 3353 3226 3388 :
3278 3334 3333 3391 Si
3387 3338 3506 3406 quis

1941 3418 2076 3481 sitit,
2110 3418 2294 3472 veniat
2326 3419 2390 3472 ad
2424 3434 2531 3482 me,
2570 3429 2625 3474 et
2656 3420 2824 3475 bibat.
2859 3440 2877 3472 ι

2008 3507 2109 3563 Ubi
2151 3523 2342 3562 omnes
2393 3522 2787 3576 convenerant,
2840 3520 2894 3566 et
2937 3512 3154 3567 domum
3210 3515 3504 3573 discessuri

255 3592 461 3658 οἴκαδε,
490 3592 610 3645 τότε
641 3592 905 3659 διδάσκει,
933 3596 1020 3648 ἵνα
1051 3597 1253 3666 σχῶσιν
1281 3601 1490 3667 ἐφόδιον
1515 3606 1641 3669 τοὺς
1667 3606 1830 3660 αύτοῦ

1942 3606 2112 3662 erant,
2162 3608 2287 3653 tunc
2319 3602 2531 3654 demum
2564 3602 2741 3668 docet,
2773 3613 2829 3657 ut
2861 3618 2959 3673 pro
2990 3605 3186 3660 viatico
3233 3607 3351 3677 ejus
3381 3623 3497 3662 ser-

255 3682 469 3751 λόγους.
511 3683 728 3755 Ἐπειδὴ
762 3684 819 3737 δὲ
861 3686 889 3737 ὁ
918 3686 1079 3756 νόμος
1108 3688 1314 3759 κλητὴν
1365 3693 1524 3761 ἁγίαν
1558 3697 1712 3750 καλεῖ
1733 3699 1831 3769 τὴν

1942 3706 2121 3746 mones
2146 3693 2498 3761 _acciperent.
2550 3694 2683 3748 Cum
2719 3704 2895 3749 autem
2926 3695 3008 3750 lex
3042 3696 3183 3751 diem
3213 3699 3500 3766 septimum

255 3773 491 3845 ἑϐδόμην
534 3774 646 3828 ἔθει
686 3775 934 3847 παλαιῷ,
966 3780 1061 3832 καὶ
1091 3780 1500 3855 Εὑαγγελιστὴς
1535 3787 1831 3859 ἀκολουθή-

1942 3791 2173 3836 sanctnm
2207 3794 2451 3838 vocatum
2480 3785 2649 3849 dicat,
2684 3801 2886 3839 murem
2933 3787 3211 3857 antiquum
3262 3789 3502 3845 imitatus

256 3883 378 3932 σας,
411 3867 659 3937 μεγάλην
688 3868 859 3939 αὐτὴν
890 3864 1065 3925 εἶπεν.

1942 3875 2275 3945 evangelista,
2309 3878 2449 3930 diem
2478 3877 2640 3930 istum
2669 3893 2917 3947 magnum
2947 3888 3121 3933 vocat.

329 3974 350 4008 ι
393 3955 562 4011 Τοῦτο
597 3958 656 4011 δὲ
686 3955 807 4011 εἷπε
848 3960 1097 4030 περὶτοῦ
1140 3963 1474 4032 πνεύματος,
1501 3962 1563 4020 οὗ
1602 3967 1827 4038 ἔμελλον

2002 3967 2165 4022 Vens.
2195 3968 2284 4022 '59.
2318 3984 2337 4018 ι
2363 3966 2475 4021 Hoc
2504 3977 2682 4021 autem
2715 3969 2851 4021 dixit
2877 3970 2942 4023 de
2974 3968 3174 4039 Spiritu
3208 3985 3365 4040 quem
3409 3988 3500 4025 ac-

254 4048 551 4118 λαμὸἀνειν
593 4050 643 4102 οἱ
678 4051 1026 4117 πιστεύοντες
1072 4054 1155 4114 είς
1198 4056 1384 4109 αὐτόν.
1429 4057 1598 4113 Οὔπω
1622 4062 1730 4131 γὰρ
1758 4057 1826 4131 ἦν

1942 4060 2140 4127 cepturi
2172 4069 2328 4112 erant
2359 4059 2646 4114 credentes
2676 4060 2726 4113 in
2761 4074 2906 4114 eum.
2932 4059 3179 4115 Nondum
3212 4063 3357 4117 enim
3379 4074 3500 4119 erat

258 4139 479 4210 Πνεῦμα
508 4139 684 4208 ἅγιον,
716 4143 797 4194 ὅτι
833 4145 861 4196 ὁ
907 4143 1115 4214 Ἰησοῦς
1139 4146 1351 4200 οὐδέπω
1383 4149 1661 4223 ἐδοξάσθη.
1696 4171 1714 4205 ι

1942 4151 2162 4220 Spiritus
2214 4151 2409 4214 datus,
2481 4152 2604 4219 quia
2659 4148 2817 4206 Iesus
2867 4154 3105 4207 nondum
3153 4163 3270 4208 erat
3330 4154 3497 4224 glori-

326 4233 442 4285 Ούκ
476 4234 569 4285 ἐπὶ
608 4233 706 4303 τὴν
740 4234 1037 4288 ὑπόστασιν
1077 4237 1339 4309 ἀναφέρει
1373 4241 1462 4293 τὸν
1495 4241 1671 4310 λόγον,
1710 4245 1823 4298 ἀλλ’
1926 4245 2132 4297 licalus.
2168 4260 2185 4292 ι

252 4328 347 4377 ἐπὶ
375 4326 476 4396 τὴν
512 4325 605 4379 τοῦ
640 4327 957 4397 Πνεύματος
982 4331 1285 4402 ἐνέργειαν,
1307 4335 1429 4405 ἥτις
1468 4338 1657 4405 γέγονε
1687 4341 1825 4409 μετὰ

1992 4333 2107 4390 Non
2138 4334 2202 4388 ad
2235 4333 2543 4404 hypostasiu
2574 4349 2874 4389 sermonem
2908 4335 3093 4399 refert,
3137 4340 3230 4393 sed
3256 4339 3322 4393 ad
3372 4339 3494 4409 Spi-

249 4418 352 4486 τὴν
384 4415 479 4470 τοῦ
504 4416 744 4487 Χριστοῦ
785 4419 1082 4473 ἀνάστασιν
1103 4438 1117 4452 ·
1160 4423 1228 4475 δι’
1251 4419 1325 4478 ὧν
1361 4426 1436 4490 ὡς
1464 4423 1546 4491 εἷς
1580 4428 1638 4494 ἐξ
1666 4432 1822 4501 ἡμῶν

1942 4430 2061 4479 -itus
2096 4427 2489 4495 OpPraliOIIelll,
2515 4440 2635 4494 quae
2660 4436 2780 4495 post
2806 4425 3005 4480 Christi
3042 4430 3488 4485 resurrectionem

250 4508 418 4572 λύσας
446 4508 515 4562 τὰ
539 4508 712 4579 δεσμά
754 4511 849 4563 τοῦ
882 4512 1114 4567 Θανάτου
1133 4554 1148 4579 ,
1178 4516 1376 4587 ἀνέστη
1397 4557 1411 4581 ,
1447 4521 1538 4571 καὶ
1561 4521 1820 4594 ἐδοξάσθη

1942 4517 2043 4581 'uit,
2078 4519 2295 4587 quando
2352 4526 2605 4585 tanquam
2650 4532 2789 4570 unus
2830 4532 2893 4569 ex
2940 4518 3114 4581 nobis,
3155 4522 3342 4574 mortis
3374 4522 3492 4573 vin-

251 4601 510 4671 Χριστὺς,
553 4603 647 4656 καὶ
685 4605 718 4673 ἡ
762 4606 912 4658 πᾶσα
966 4607 1351 4680 ἀνθρωπότης,
1398 4611 1473 4675 ὠς
1509 4613 1569 4667 ἐν
1599 4616 1818 4691 ἀπαρχῇ

1942 4612 2049 4664 :nla
2080 4610 2382 4665 dissolvens
2412 4608 2729 4673 resurrexit,
2758 4615 2812 4660 et
2839 4607 3168 4675 glorificatus
3195 4619 3277 4663 est
3329 4610 3490 4663 Chri-

252 4693 293 4744 Χ
302 4692 489 4763 ριστῷ.
522 4695 632 4747 Καὶ
656 4695 785 4747 ὅταν
813 4696 1115 4766 ἐνεφύσησε
1138 4715 1248 4761 τοις,
1281 4700 1551 4771 μαθηταῖς
1576 4703 1638 4756 τὸ
1667 4705 1822 4775 ἅγιον

1942 4714 2066 4766 stus,
2104 4713 2155 4756 et
2182 4704 2232 4755 in
2264 4701 2380 4769 ipso
2423 4711 2679 4768 tauquam
2726 4701 2776 4751 in
2808 4698 3064 4767 primitiis
3114 4700 3362 4754 universa
3392 4702 3489 4754 hu-

253 4785 497 4857 Πνεῦμα,
529 4786 707 4851 ἔδοξεν
734 4788 909 4859 ἀρχὴν
930 4791 964 4859 ἠ
988 4790 1150 4861 χάρις
1172 4789 1498 4860 λαμϐάνειν.

1943 4793 2124 4845 uiuum
2151 4802 2366 4845 natura.
2392 4790 2456 4843 Et
2479 4789 2695 4858 quando
2716 4788 3003 4857 inspiravit
3021 4790 3297 4856 discipulis
3316 4790 3483 4860 Spiri-

1922 4889 2032 4933 tum
2062 4892 2328 4939 sanctum,
2349 4880 2459 4932 visa
2482 4890 2563 4932 est
2597 4881 2769 4948 gratia
2792 4879 2911 4947 ejus
2934 4881 3213 4933 exordium
3256 4883 3485 4950 cepisse.

1994 4973 2157 5028 Vens.
2191 4973 2278 5025 Η.
2320 4971 2450 5024 «Alii
2485 4971 2777 5027 dicebant:
2804 4970 2901 5025 Hic
2928 4982 3009 5025 est
3045 4971 3316 5026 Christus.
3354 4974 3486 5037 Qui-

1918 5064 2037 5118 dam
2080 5072 2258 5116 auletn
2318 5061 2608 5115 dicebant:
2660 5060 2908 5130 Nunquid
2966 5078 2995 5115 a
3053 5060 3269 5117 Galilaea
3325 5064 3471 5118 venit

1917 5154 2209 5209 Christus?
2243 5172 2261 5206 ι

1990 5247 2211 5301 Diversa
2232 5256 2349 5300 erat
2374 5246 2665 5310 sententia,
2708 5255 2896 5315 utpote
2924 5245 2977 5299 in
3005 5248 3313 5316 perturbata
3350 5248 3486 5300 tnui-

1926 5334 2171 5393 titudine.
2216 5337 2398 5408 Neque
2429 5339 2569 5393 enim
2621 5338 2903 5409 diligenter
2960 5337 3139 5392 verbis
3164 5338 3283 5407 ejus
3311 5348 3484 5392 atten-

1918 5434 2135 5496 dehant,
2158 5447 2328 5501 neque
2359 5442 2414 5485 ut
2437 5432 2727 5486 discerent.
2756 5432 3037 5499 Propterea
3062 5434 3225 5485 etiam
3258 5431 3484 5485 uihileis

1916 5523 2164 5577 Christus
2204 5523 2501 5591 respondit.

1991 5617 2149 5670 Vens.
2181 5615 2269 5669 ιε.
2312 5632 2329 5666 ι
2364 5612 2553 5670 Nonne
2583 5613 2862 5683 Scriptura
2907 5615 3035 5670 dicit
3062 5630 3075 5668 :
3127 5613 3262 5680 Quia
3295 5627 3361 5666 cx
3393 5627 3480 5665 se-

325 4978 343 5009 ι
384 4961 567 5014 Ἀλλοι
590 4962 774 5032 ἔλεγον
793 4980 805 4993 '
838 4959 1006 5029 Οὗτός
1038 4967 1234 5021 ἐστινὸ
1257 4970 1513 5041 Χριστός.
1544 4972 1727 5029 Ἄλλοι
1766 4974 1825 5028 δὲ

249 5049 468 5119 ελεγονο
525 5053 616 5123 Μὴ
654 5055 765 5125 γὰρ
807 5057 870 5108 ἐκ
911 5057 1012 5128 τῆς
1064 5060 1353 5125 Γαλιλαίας
1392 5064 1696 5134 δΧριστὸς
1732 5066 1825 5137 ἔρ-

248 5159 401 5211 χεται
420 5158 435 5207 ;
476 5161 494 5194 ι

318 5236 583 5306 Διάφορος
605 5232 673 5306 ἦν
698 5237 729 5307 ἡ
755 5237 970 5310 γνώμη,
1004 5241 1079 5305 ὠς
1100 5244 1158 5295 ἐν
1182 5244 1378 5314 πλήθει
1405 5250 1816 5321 τεταραγμένῳ,

248 5324 383 5376 Οὑδέ
428 5327 537 5395 γὰρ
574 5326 818 5395 ἀκριϐῶς
852 5334 1139 5400 προσεῖχον
1166 5337 1275 5398 τοῖς
1301 5335 1652 5406 λεγομένοις,
1689 5341 1811 5393 οὐδὲ

246 5414 340 5466 τοῦ
368 5415 558 5485 μαθεῖν
583 5417 762 5472 ἕνεκα.
796 5420 897 5472 Διὰ
916 5421 981 5491 δὴ
1002 5422 1160 5476 τοῦτο
1186 5427 1281 5479 καὶ
1301 5428 1454 5481 οὐδὲν
1473 5430 1652 5495 αὐτοῖς
1677 5433 1811 5485 ἀπο-

245 5508 511 5579 κρίνεται.

322 5617 341 5651 ι
384 5602 518 5671 υύχὶ
546 5604 579 5673 ἠ
608 5604 795 5675 Γραφὴ
838 5600 1025 5659 εἷπεν·
1078 5606 1201 5660 Ὀτι
1247 5609 1312 5663 ἐκ
1352 5612 1446 5666 τοῦ
1493 5615 1806 5686 σπέρματος

328 5776 349 5819 ι
376 5775 477 5835 Cr.
511 5778 633 5832 ad].
669 5776 754 5829 ἵνα
790 5777 948 5831 αὐτὸν
977 5777 1229 5833 ἀνέλωσι.
