4130 6604
561 423 695 487 Hi7

1702 415 2040 475 AMMONII
2081 409 2616 473 ALEXANDRINI

3688 407 3817 478 HIS

516 555 526 564 ·
558 540 702 594 mine
731 537 897 591 David
931 547 985 592 et
1016 538 1082 591 de
1107 535 1382 590 Bethleem
1442 533 1684 596 castello,
1745 532 1835 585 uhi
1866 542 1984 584 erat
2037 532 2141 583 Da-

2256 528 2412 582 Δαδὶδ
2434 530 2529 580 καὶ
2561 526 2669 580 ἀπὸ
2696 525 2944 597 Βηθλεὲμ
2975 527 3074 595 τῆς
3097 524 3310 596 κώμης,
3336 526 3474 577 ὅπου
3501 520 3570 594 ἦν
3590 526 3773 589 inf-.5,
3795 528 3820 575 ό

559 628 666 693 vid,
697 628 843 680 vertit
873 625 1170 680 Christus?
1199 643 1218 676 ι

628 718 841 785 Optime
871 718 1087 786 quidem
1117 717 1392 779 dixerunt,
1429 730 1496 770 ex
1540 713 1754 770 semine
1787 708 1949 766 David
1981 717 2034 763 et
2061 723 2128 762 ex

560 809 680 862 Bet’;
693 808 828 860 leem
847 807 1124 861 Christum
1147 805 1599 875 proditurum,sed
1621 813 1836 872 propter
1849 799 1988 854 Naza
1998 800 2138 862 reth,

557 897 926 951 ubieducatus
948 895 1142 960 fuerat,
1172 894 1515 959 fallebantur,
1544 893 1756 948 tametsi
1782 891 1836 946 in
1864 887 2138 945 Bethleem

557 1005 623 1043 ex
653 989 860 1058 virgine
884 988 950 1042 de
981 987 1150 1056 stirpe
1176 987 1338 1040 David
1375 995 1534 1040 natus
1565 993 1734 1040 esset.

1180 1175 1332 1230 CAP.
1373 1173 1507 1229 VIII.

633 1290 799 1349 Vsus.
832 1293 920 1346 12.
958 1307 978 1342 ι
1027 1289 1224 1344 lterum
1273 1303 1401 1358 ergo
1438 1289 1648 1342 locutus
1692 1296 1778 1342 est
1810 1285 2002 1349 Jesus,
2055 1284 2137 1338 di-

561 1400 690 1438 cens
730 1403 742 1436 :
778 1384 887 1453 Ego
928 1397 1048 1435 sum
1081 1381 1172 1434 lux
1211 1381 1394 1434 qundi
1429 1397 1443 1433 :
1475 1380 1564 1446 qui
1591 1380 1840 1447 sequitur
1870 1393 1990 1440 me,
2035 1393 2140 1433 non

564 1474 801 1527 amhnlat
836 1473 890 1524 in
928 1469 1192 1532 tenebris,
1226 1468 1320 1523 sed
1347 1468 1565 1523 habebit
1588 1467 1764 1522 lumen
1800 1468 1943 1521 vitae.
1975 1485 1993 1519 ι

633 1647 884 1704 Ostendit
910 1660 970 1700 se
999 1660 1122 1698 eum
1155 1657 1301 1705 esse,
1338 1643 1404 1698 de
1434 1657 1540 1712 quo
1575 1641 1890 1710 prmdictum
1922 1641 2098 1695 fuerat
2126 1658 2139 1695 :

563 1737 701 1794 Ecce
733 1738 882 1807 posui
909 1745 958 1790 te
987 1736 1041 1789 in
1074 1735 1242 1789 lucem
1272 1735 1503 1804 gentium
1529 1735 1597 1797 ",
1634 1748 1802 1801 seque
1836 1749 1940 1785 non
1976 1749 2140 1784 unum

2241 614 2478 686 Χριστὸς
2507 613 2728 688 ἔρχεται
2744 635 2759 683 ;
2798 636 2816 668 ι

2313 708 2512 770 Καλῶς
2568 709 2667 778 μὲν
2705 708 2914 776 ελεγον,
2957 708 3039 760 ὃτι
3087 707 3170 760 δεῖ
3198 708 3272 758 ὲκ
3304 707 3620 777 σπέρματος
3660 706 3825 760 Δαειδ

2240 801 2334 852 καὶ
2359 799 2467 852 ἀπὸ
2495 799 2746 870 Βηθλεὲμ
2771 799 3032 870 ἔρχεσθαι
3069 799 3162 852 τὸν
3199 797 3436 868 Χριστόν
3457 814 3470 827 ·
3514 797 3828 852 ιπλανῶντο

2241 892 2298 944 δὲ
2325 891 2413 944 διὰ
2438 892 2538 962 τὴν
2559 890 2834 962 Ναζαρὲτ,
2861 893 2920 943 έν
2998 886 3065 956 ἦν
3093 888 3603 958 ἀνατεθραμμένος,
3625 888 3829 958 καίπερ

2241 983 2594 1052 γεννηθέντος
2617 983 2784 1036 αὑτοῦ
2815 985 2870 1035 έν
2911 981 3184 1050 Βηθλεὲμ,
3211 980 3277 1032 ὲκ
3307 980 3407 1048 τῆς
3439 980 3710 1049 παρθένου
3733 979 3828 1056 τῆς

2242 1075 2308 1128 ὲκ
2333 1073 2520 1128 Δαϐίδ.
3158 1072 3159 1075 “

2849 1181 3106 1238 ΚΕΦΑΛ.
3137 1185 3220 1236 H'.

2321 1318 2339 1351 ι
2372 1298 2540 1351 Πάλιν
2562 1291 2656 1350 οὖν
2681 1299 2710 1350 ό
2737 1295 2945 1367 Ἰησοῦς
2974 1295 3162 1358 αὐτοῖς
3179 1293 3432 1364 ὲλάλησε,
3453 1294 3650 1361 λέγων·
3690 1292 3833 1360 Ἐγώ

2243 1390 2358 1459 εἰμι
2389 1390 2452 1441 τὸ
2481 1388 2596 1458 φῶς
2627 1387 2723 1440 τοῦ
2757 1388 2962 1458 κόσμου
2983 1403 2996 1416 ·
3047 1387 3076 1438 ό
3113 1385 3422 1438 ἀκολουθῶν
3453 1386 3613 1454 ἐμοὶ,
3662 1385 3725 1438 οὗ
3758 1385 3832 1454 μὴ

2247 1483 2600 1552 περιπατήσῃ
2650 1481 2709 1532 ἐν
2746 1481 2813 1550 τῇ
2867 1477 3091 1550 σκοτίᾳ,
3141 1475 3256 1528 ἀλλ’
3307 1474 3418 1540 ἕξει
3461 1474 3526 1527 τὸ
3571 1474 3687 1543 φῶς
3733 1475 3834 1544 τῆς

2251 1573 2412 1636 ζωῆς.
2449 1591 2468 1625 ι

2251 1577 2322 1628 ’ω
2367 1591 2412 1636 ς.
2449 1591 2468 1625 ι

2244 1600 2271 1637 5
2317 1577 2391 1733 (ili)
2411 1664 2692 1718 Δείκνυσιν
2715 1664 2798 1716 ὅτι
2815 1661 2978 1724 αὑτός
2996 1661 3113 1714 ἐστι
3134 1661 3260 1732 περὶ
3285 1651 3348 1713 οὗ
3377 1655 3834 1731 προανεφωνήθη,

2258 1754 2415 1808 Ἰδοὺ
2439 1753 2673 1808 τέθεικά
2703 1770 2777 1807 σε
2804 1755 2893 1819 εὶς
2933 1751 3061 1821 φῶς
3088 1751 3280 1806 ἐθνῶν
3305 1791 3319 1814 ,
3349 1750 3442 1803 καὶ
3483 1749 3584 1818 οὑχ
3619 1745 3699 1812 εἷς
3726 1749 3837 1800 τῶν

563 1845 628 1884 ex
681 1827 997 1898 prephetis,
1041 1826 1138 1880 sed
1186 1825 1422 1893 ipsorum
1456 1821 1745 1877 Dominum
1781 1838 1920 1878 esse.
1960 1822 2142 1890 Neque

2256 1847 2545 1918 προφητῶν
2563 1886 2578 1911 ,
2609 1847 2746 1900 ἀλλὰ
2776 1846 3077 1915 Δεσπότης.
3113 1844 3338 1898 Ἑαυτὸν
3362 1839 3480 1897 εἷπε
3515 1843 3576 1895 τὸ
3598 1841 3713 1911 φῶς
3737 1857 3748 1870 ·
3775 1843 3835 1894 οὐ

563 1921 704 1974 dixit
750 1918 851 1973 :In
904 1933 989 1971 me
1021 1925 1110 1971 est
1157 1915 1245 1969 lux
1293 1914 1516 1980 nmndi,
1562 1913 1706 1978 sed,‘
1732 1912 1843 1983 Ego
1883 1929 1997 1967 sum
2052 1924 2146 1967 tua:

565 2016 780 2079 mundi;
815 2030 882 2068 ne
927 2013 1048 2082 quis
1080 2011 1334 2065 videlicet
1402 2009 1679 2064 Christum
1728 2008 1958 2076 induos
2008 2009 2145 2062 tilios

569 2108 793 2163 dividat.
835 2104 986 2160 Unus
1035 2101 1304 2173 siquidem
1365 2101 1620 2156 Christus
1666 2109 1773 2154 tam
1819 2110 1946 2154 ante
1981 2115 2143 2168 quam

567 2209 688 2269 post
733 2214 952 2254 carnem
1000 2203 1329 2262 assumptam
1354 2231 1370 2256 ,
1406 2205 1654 2259 unusque
1689 2205 1850 2244 verus
1895 2203 1959 2243 ac
1999 2190 2146 2245 solus

565 2309 628 2348 ex
663 2291 769 2346 Deo
791 2290 953 2344 Patre
977 2288 1165 2343 Filius.
1198 2287 1430 2356 Quando
1451 2285 1616 2340 etiam
1644 2283 1818 2336 factus
1846 2289 1934 2335 est
1956 2280 2144 2345 homo,

567 2399 907 2456 nequaquam
959 2381 1206 2436 mutilata
1254 2379 1353 2433 fuit
1403 2375 1639 2432 hominis
1691 2381 1880 2426 natura
1925 2390 1938 2426 :
1977 2371 2148 2440 ipsius

565 2479 710 2533 enim
745 2476 1020 2546 proprium
1050 2487 1252 2543 corpus
1275 2479 1380 2534 est,
1410 2468 1796 2534 Christumque
1821 2472 1940 2534 post
1967 2462 2146 2516 incar-

567 2577 846 2630 nationem
877 2571 1119 2626 dividere
1153 2570 1207 2624 in
1236 2569 1373 2622 duos
1400 2564 1591 2626 Filios,
1627 2562 1710 2617 vel
1744 2563 1878 2630 duas
1902 2569 2148 2626 naturas,

567 2681 720 2736 teque
753 2653 978 2734 impium
1014 2671 1095 2715 est
1124 2670 1289 2729 atque
1319 2656 1723 2726 blasphemum.

646 2756 807 2812 Vsus.
843 2755 925 2811 Μ.
955 2773 974 2807 ι
1006 2753 1142 2820 Quia
1171 2751 1284 2806 scio
1306 2749 1447 2804 unde
1472 2747 1615 2810 veni,
1641 2756 1697 2802 et
1717 2760 1826 2814 quo
1849 2743 2021 2799 vado:
2054 2756 2148 2796 vos

570 2862 750 2906 autem
785 2847 1010 2902 nescitis
1040 2844 1183 2898 unde
1213 2843 1395 2906 venio,
1429 2849 1524 2895 aut
1548 2854 1658 2910 quo
1694 2839 1850 2894 vado.
1884 2854 1905 2889 ι

642 2941 699 2994 Si
735 2938 1024 2994 scivissem
1062 2936 1234 3004 ipsum
1269 2948 1390 2988 esse
1423 2931 1618 2986 Filium
1671 2929 1800 2991 Dei,
1845 2936 1902 2982 et
1943 2941 1976 2982 e
2011 2924 2150 2982 coelo

572 3029 958 3092 descendisse,
1012 3024 1428 3094 haudquaquam
1474 3035 1608 3077 sane
1655 3027 1880 3090 propter
1917 3031 2148 3086 corpus,

573 3121 718 3188 quod
749 3119 1068 3180 cernebant,
1095 3113 1444 3169 scandalizati
1475 3111 1724 3188 fuissent.
1759 3109 1922 3175 Deus,
1954 3109 2146 3177 inquit,

2255 1941 2383 2011 μὴν,
2405 1941 2487 1992 ὅτι
2522 1939 2614 1992 Ἐν
2641 1938 2766 2008 ἐμοὶ
2811 1940 2928 1991 ἐστι
2961 1937 3023 1990 τὸ
3049 1935 3185 2005 φῶς·
3217 1935 3308 1988 ἶνα
3347 1938 3420 2005 μή
3448 1951 3532 1996 τις
3566 1937 3647 1996 εἰς
3672 1933 3839 1986 δυάδι

2251 2032 2382 2085 υἱῶν
2422 2030 2657 2103 διατέμῃ
2696 2031 2787 2085 τὸν
2813 2031 2912 2084 ἕνα
2955 2029 3214 2100 Χριστόν.
3244 2021 3338 2090 Εἷς
3365 2025 3474 2097 γὰρ
3505 2027 3623 2078 ἐστι
3651 2026 3680 2078 ό
3703 2026 3838 2094 Χρι-

2253 2123 2414 2186 στὸς,
2453 2122 2547 2176 καὶ
2580 2123 2687 2193 πρὸ
2736 2121 2970 2191 σαρκὸς,
3011 2121 3108 2174 καὶ
3158 2118 3300 2189 μετά
3346 2117 3572 2188 σαρκὸς,
3619 2118 3714 2170 καὶ
3758 2110 3838 2178 εἷς

2253 2210 2348 2265 καὶ
2391 2212 2551 2282 μόνος
2592 2214 2714 2266 κατ’
2762 2211 3023 2282 ἀλήθειαν
3068 2211 3200 2274 Υἱὸς
3234 2209 3262 2265 ό
3303 2213 3367 2264 ὲκ
3411 2209 3550 2264 Θεοῦ
3601 2203 3836 2280 Πατρός.

2253 2304 2361 2357 Καὶ
2402 2304 2492 2357 ὅτε
2521 2304 2748 2372 γέγονεν
2781 2304 3068 2374 ἄνθρωπος
3090 2343 3104 2365 ,
3140 2303 3240 2355 οὑκ
3267 2305 3323 2356 ἐν
3361 2301 3519 2373 μέρει
3546 2301 3839 2371 τιθεμένης

2252 2394 2351 2461 τῆς
2392 2391 2680 2462 ἀνθρώπου
2714 2391 2963 2460 φύσεως·
3007 2390 3171 2445 αὑτοῦ
3222 2391 3492 2462 γὰρ’ῑδιον
3534 2389 3594 2444 τὸ
3642 2392 3837 2460 σῶμα,

2254 2483 2349 2536 καὶ
2386 2483 2448 2535 τὸ
2477 2483 2788 2552 διατέμνειν
2825 2485 2918 2537 τὸν
2961 2484 3196 2554 Χριστὸν
3250 2483 3386 2554 μετά
3429 2483 3531 2553 τὴν
3564 2485 3842 2554 σάρκωσιν

2255 2577 2335 2638 εις
2364 2575 2458 2629 δύο
2488 2576 2727 2647 Υιοὺς,ἢ
2759 2576 2853 2630 δύο
2883 2575 3098 2646 φύσεις,
3129 2575 3328 2629 ταυτόν
3351 2577 3468 2628 ἔστι
3495 2574 3838 2646 βλάσφημον.

2332 2771 2350 2804 ι
2391 2745 2516 2806 Ὅτι
2543 2748 2659 2806 οἶδα
2690 2751 2856 2806 πόθεν
2899 2751 3098 2825 ἦλθον,
3136 2752 3233 2806 καὶ
3278 2751 3383 2805 ποῦ
3415 2751 3652 2821 ὑπάγωο
3685 2753 3845 2823 ὑμεῖς

2256 2844 2312 2898 δὲ
2339 2843 2440 2896 οὑκ
2459 2843 2636 2896 οἴδατε
2669 2843 2834 2898 πόθεν
2863 2843 3116 2914 ἔρχομαι,
3149 2842 3246 2895 καὶ
3282 2843 3386 2895 ποῦ
3418 2842 3636 2910 ὑπάγω.
3678 2861 3696 2892 ι

2326 2935 2387 2988 Et
2421 2934 2642 3005 ᾔδεισαν
2673 2936 2756 2988 ὅτι
2782 2935 2917 2988 Θεοῦ
2943 2937 3090 2988 ἐστιν
3112 2943 3152 2971 ιη
3184 2933 3332 2996 Υἱὸς,
3362 2935 3458 2987 καὶ
3481 2933 3577 2988 ἀπ’
3603 2931 3846 3004 οὐρανοῦ

2256 3023 2574 3090 κατελθὼν,
2602 3025 2703 3077 οὑκ
2743 3023 2810 3078 ἂν
2854 3023 2942 3078 διὰ
2973 3025 3034 3077 τὸ
3069 3023 3404 3094 βλεπόμενον
3440 3023 3604 3093 σῶμα
3641 3025 3850 3077 ἐσκαν-

2256 3115 2554 3180 δαλίζοντο.
2584 3115 2716 3179 Θεός
2735 3118 2873 3186 εἰμι,
2900 3117 3057 3187 φησὶ,
3093 3116 3188 3169 καὶ
3214 3114 3792 3185 ἀξιόπιστος-ἐμαυτοῦ
3822 3125 3850 3152 ι

574 3226 712 3274 sum,
741 3218 796 3263 et
818 3207 1042 3262 idoneus
1066 3204 1169 3258 mei
1201 3204 1371 3273 ipsius
1399 3205 1571 3258 testis.
1603 3203 1710 3257 Vos
1731 3209 1912 3256 autem
1945 3201 2147 3254 idcirco

2256 3209 2462 3280 μάρτυς
2483 3217 2530 3263 ο.
2569 3207 2758 3278 Ὑμεῖς
2781 3208 2836 3262 δὲ
2858 3208 2947 3261 διὰ
2969 3207 3063 3261 τοῦ
3075 3209 3128 3261 τό
3151 3224 3218 3278 με
3241 3218 3270 3258 ιι
3291 3208 3392 3262 οὑκ
3419 3207 3621 3270 οἴδατε,
3651 3207 3850 3277 ἐπειδὴ

548 3315 661 3354 me
706 3313 814 3352 ηοη
853 3296 1217 3366 εοειιονίειίεο
1266 3293 1391 3362 (luia
1437 3292 1569 3345 nihil
1608 3301 1970 3362 Ρτεειθηιυθιη
2017 3289 2162 3357 (1⁸⁸οά
2262 3301 2414 3355 οὐδὲν
2445 3301 2630 3356 Θέλετε
2657 3301 2752 3354 τοῦ
2786 3301 2860 3372 μὴ
2901 3301 3228 3370 φαινομένου
3263 3304 3424 3354 νοεῖν.
3469 3301 3583 3354 Οὑκ
3617 3297 3742 3354 εἶπε
3766 3300 3849 3361 δὲ,

574 3400 800 3462 apparet
850 3387 1150 3457 intelligere
1192 3385 1374 3440 vultis.
1416 3383 1534 3438 Non
1578 3385 1710 3437 dixit
1755 3393 1935 3436 autem
1963 3420 1980 3446 ,
2015 3380 2158 3448 Quia

2260 3392 2500 3455 ὃτι,Θεός
2521 3393 2656 3462 εἰμι,
2687 3391 2844 3456 ἀλλὰ,
2867 3392 3058 3446 Πόθεν
3075 3392 3342 3462 ἔρχομαι,
3377 3390 3611 3445 ταπεινά
3646 3392 3854 3460 μιγνὺς

577 3484 718 3539 Deus
758 3496 878 3537 sum
906 3519 920 3545 ,
965 3479 1056 3535 sed
1090 3479 1226 3533 unde
1267 3479 1448 3540 venio,
1487 3477 1708 3532 humilia
1743 3473 2151 3529 sublimioribus

2259 3484 2372 3546 τοῖς
2407 3481 2634 3554 ὑψηλοῖς
2663 3492 2714 3536 ς.

578 3588 834 3628 1111508113.

650 3664 814 3720 Vens.
841 3664 928 3719 I5.
959 3681 977 3714 ι
1020 3663 1124 3716 Vos
1158 3661 1455 3716 secundum
1481 3673 1702 3714 carnem
1731 3656 1987 3732 judicatis
2015 3674 2030 3712 :
2059 3672 2158 3727 ego

575 3775 684 3813 non
706 3757 896 3827 judico
926 3769 1276 3824 quemquam.
1324 3769 1342 3804 ι

649 3848 862 3918 Corpus
902 3862 1079 3901 meum
1114 3844 1259 3913 quod
1295 3853 1519 3912 apparet
1570 3841 1881 3904 intuentes,
1913 3839 2050 3895 falso
2092 3840 2158 3894 de

580 3955 666 3995 me
690 3939 972 4008 iudicatis.
1015 3936 1129 4007 Ego
1163 3952 1268 3990 non
1289 3935 1476 4004 judico
1503 3949 1834 4003 quamquam.
1868 3930 1984 3986 NOII
2011 3934 2155 3986 enim

579 4035 647 4088 ad
671 4033 775 4088 hoc
797 4032 942 4096 veni,
975 4046 1096 4084 cum
1123 4029 1360 4084 nondum
1392 4027 1464 4080 sit
1489 4025 1931 4094 tempusjudicii.
1969 4024 2027 4079 Si
2060 4040 2154 4079 au-

583 4137 689 4179 tem
709 4122 956 4192 judicare
979 4119 1292 4178 voluissem,
1317 4131 1416 4170 vos
1433 4115 1544 4184 jam
1569 4114 1762 4170 essetis
1786 4113 2155 4169 condemnati.

580 4213 697 4271 Non
733 4215 855 4267 veni
910 4226 1053 4266 nunc
1099 4210 1170 4264 ad
1215 4208 1558 4282 iudicandum
1595 4207 1888 4272 mundum,
1947 4209 2041 4262 sed
2089 4209 2157 4261 ad

583 4305 922 4374 salvandum.

658 4397 820 4450 Vens.
855 4395 942 4449 16.
982 4411 1001 4444 ι
1033 4390 1304 4446 Iudicium
1339 4402 1516 4443 meum
1551 4401 1735 4443 verum
1767 4398 1884 4452 est,
1915 4388 2038 4459 quia
2069 4403 2158 4442 so-

590 4491 673 4544 lus
699 4504 805 4543 non
837 4502 978 4542 sum.
1025 4504 1044 4537 ι

2337 3683 2355 3716 ι
2402 3663 2593 3736 Ὑμεῖς
2629 3662 2772 3720 κατὰ
2797 3663 2898 3736 τὴν
2927 3665 3122 3735 σάρκα,
3145 3661 3359 3735 κρίνετε
3379 3677 3394 3691 ο
3439 3658 3551 3728 ἐγὼ
3585 3659 3648 3711 οὑ
3679 3658 3856 3730 κρίνω

2257 3756 2476 3810 οὐδένα.
2512 3773 2531 3807 ι

2329 3847 2473 3918 Πρὸς
2501 3848 2562 3899 τὸ
2591 3846 2918 3917 φαινόμενον
2951 3846 3114 3916 σῶμα
3144 3862 3248 3916 μου
3279 3842 3614 3913 ἀφορῶντες,
3639 3843 3855 3910 ἐσφαλ-

2261 3938 2438 4009 μένως
2483 3938 2552 3992 τὰ
2594 3940 2712 3992 κατ’
2746 3939 2880 4008 ἐμοῦ
2908 3948 2930 3977 π
2973 3939 3208 4010 κρίνετε.
3259 3935 3406 4006 Ἐγὼ
3440 3937 3511 3990 οὐ
3538 3935 3726 4003 κρίνω
3749 3937 3856 3988 οὐ·

2257 4027 2426 4082 δένα.
2471 4029 2546 4083 Οὑ
2589 4030 2698 4101 γὰρ
2726 4031 2819 4082 ἐπὶ
2847 4029 3057 4093 τούτοις
3102 4025 3292 4100 ἦλθον,
3328 4027 3562 4096 ἐπείπερ
3598 4027 3700 4078 οὑκ
3735 4027 3857 4078 ἐστι

2256 4119 2446 4192 καιρὸς
2485 4120 2741 4192 κρίσεως.
2765 4120 2850 4174 Ἐἰ
2896 4122 3004 4193 γὰρ
3047 4121 3239 4192 ἧθελον
3271 4122 3482 4192 κρῖναι,
3530 4117 3688 4189 ὑμεῖς
3727 4116 3842 4170 τῶν

2257 4213 2802 4286 καταδεδικασμένων
2832 4215 2981 4268 ὲστέ.
3007 4214 3122 4267 υὺκ
3147 4210 3310 4285 ἦλθον
3341 4212 3434 4265 νῦν
3460 4214 3539 4275 εἰς
3568 4212 3632 4263 τὸ
3658 4213 3830 4281 κρῖνα
3849 4195 3864 4207 ’

2255 4305 2347 4360 τὸν
2372 4301 2599 4377 κόσμον,
2623 4305 2740 4358 ἀλλ’
2768 4308 2848 4370 εἰς
2869 4306 2931 4358 τὸ
2956 4305 3148 4360 σῶσαι.

2332 4419 2351 4452 ι
2413 4400 2480 4455 Ἦ
2516 4400 2704 4475 κρίσις
2733 4402 2766 4470 ή
2806 4399 2915 4471 ἐμὴ
2956 4399 3165 4470 ἀληθής
3202 4399 3380 4461 ἐστιν,
3431 4397 3514 4450 ὅτι
3551 4397 3714 4464 μόνος
3760 4394 3869 4447 οὑκ

2264 4493 2400 4565 εἰμι.
2438 4511 2456 4544 ι

662 4580 972 4635 Secundum
1007 4575 1318 4646 opinionem
1356 4572 1663 4627 auditorum
1702 4570 1962 4640 Io‘quitur.
2004 4569 2083 4622 Ac
2115 4567 2151 4623 si

2319 4556 2332 4565 '
2355 4584 2497 4654 Πρὸς
2541 4584 2638 4655 τὴν
2680 4585 2938 4638 ὑπόνοιαν
2975 4581 3083 4635 τῶν
3127 4580 3434 4636 ἀκουόντων
3481 4578 3651 4647 λέγει.
3687 4577 3866 4630 Τουτ-

593 4673 738 4726 diem
763 4685 777 4721 :
807 4668 1080 4723 Iudicium
1107 4681 1282 4720 meum
1340 4664 1517 4719 Patris
1544 4670 1650 4718 est.
1677 4661 1864 4732 Neque
1889 4675 1992 4731 ego
2021 4659 2144 4714 alite

2283 4674 2459 4729 ἐστιν’
2495 4675 2560 4728 Ἠ
2590 4675 2696 4746 ἐμὴ
2731 4675 2933 4740 κρίσις,
2965 4674 3061 4726 τοῦ
3097 4674 3310 4745 Πατρός
3344 4673 3482 4725 ἐστι’
3510 4670 3606 4725 καὶ
3633 4670 3735 4724 οὑκ
3764 4671 3867 4724 ἄλ-

587 4762 778 4828 judico
809 4777 970 4830 quam
1001 4759 1188 4822 Pater,
1217 4771 1394 4826 neque
1422 4753 1584 4809 Pater
1615 4754 1775 4809 aliter
1797 4768 1956 4824 quam
1987 4750 2179 4807 Filius.

596 4856 712 4911 Non
749 4855 904 4924 quasi
953 4850 1236 4906 imbecillis
1284 4851 1356 4905 sit
1403 4849 1470 4904 ad
1515 4847 1866 4915 iudicandum
1925 4845 1978 4900 id
2013 4845 2180 4908 dicit,

2281 4767 2390 4829 λως
2425 4764 2536 4835 ἐγὼ
2566 4769 2720 4836 παρά
2755 4767 2846 4820 τὸν
2879 4767 3099 4835 Πατέρα
3134 4767 3324 4838 κρίνω,
3353 4767 3385 4837 ἢ
3417 4765 3447 4817 ὁ
3491 4763 3682 4834 Πατὴρ
3711 4765 3867 4834 παρὰ

2280 4856 2372 4908 τὸν
2401 4856 2550 4909 Υἱόν.
2583 4857 2695 4925 Οὑχ
2731 4857 2806 4919 ὡς
2841 4855 3084 4908 ἀσθενῶν
3114 4858 3243 4926 περὶ
3279 4857 3340 4908 τὸ
3374 4856 3558 4925 κρῖναι
3588 4852 3750 4905 τοῦτο
3787 4849 3867 4904 εἷ-

599 4949 692 5003 sed
731 4946 875 5017 quod
918 4945 1082 5000 Pater
1115 4959 1220 4998 una
1261 4957 1383 4998 cum
1433 4939 1569 4995 Filio
1606 4940 1948 5010 judicaturus
1987 4937 2060 4993 sit
2086 4953 2150 4992 eo

2283 4963 2405 5011 πεν,
2441 4944 2559 4999 ἀλλ’
2603 4946 2687 4998 ὅτι
2727 4945 2827 4998 σὺν
2858 4945 2938 5015 τῷ
2970 4945 3084 5014 Υἱῷ
3115 4949 3144 4998 ό
3176 4946 3364 5014 Πατὴρ
3406 4941 3592 5015 μέλλει
3625 4944 3808 5013 κρῖναι
3838 4952 3863 4980 ι

598 5040 688 5109 qui
721 5055 828 5094 non
863 5036 1213 5093 crediderunt
1244 5035 1296 5089 in
1331 5049 1454 5089 eum
1485 5033 1576 5102 qui
1610 5048 1638 5086 a
1665 5047 1724 5088 se
1755 5032 1951 5086 missus
1973 5041 2077 5086 est.

682 5131 983 5186 Vsus.'t9.
1032 5149 1052 5182 ι
1089 5127 1354 5183 Dicebant
1407 5140 1537 5196 ergo
1581 5125 1631 5180 ei
1678 5137 1696 5177 :

1749 5123 1850 5179 Ubi
1901 5134 1985 5177 est
2028 5121 2188 5176 I‘ater

602 5223 773 5277 tuus?
817 5221 1118 5291 Respondit
1171 5218 1330 5274 Iesus
1376 5233 1392 5272 :
1426 5217 1616 5287 Neque
1655 5230 1742 5270 me
1773 5214 1924 5269 scitis
1948 5251 1965 5276 ,
2013 5228 2188 5282 neque

2290 5038 2415 5101 τοὺς
2442 5037 2809 5101 ἀπιστοῦντας
2837 5037 2915 5108 τῷ
2941 5038 3337 5108 ἀπεσταλμένῳ
3366 5036 3423 5100 ἐξ
3450 5033 3638 5089 αὑτοῦ.

2373 5150 2390 5183 ι
2446 5130 2670 5199 Ἔλεγον
2718 5127 2810 5184 οὖν
2854 5131 3034 5202 αὑτῷο
3087 5131 3197 5183 Ποῦ
3234 5132 3379 5183 ἐστιν
3423 5131 3452 5181 ό
3495 5126 3692 5196 Πατήρ
3743 5140 3865 5190 aeu;

2302 5220 2602 5292 Ἀπεκρίθη
2638 5222 2668 5274 ό
2709 5222 2951 5293 Ἰησοῦς·
2999 5223 3136 5276 Οὔτε
3188 5223 3287 5293 ἐμὲ
3333 5222 3544 5283 οἴδατε,
3597 5217 3724 5272 οὔτε
3776 5218 3868 5269 τόν

603 5315 819 5370 Patrem
868 5329 1048 5369 meum
1083 5328 1098 5365 :
1137 5313 1184 5368 si
1221 5327 1308 5368 me
1338 5309 1580 5372 sciretis,
1611 5307 1837 5363 forsitan
1889 5317 1942 5360 et
1975 5304 2148 5360 Patren

2292 5311 2510 5380 Πατέρα
2568 5327 2704 5381 μουο
2747 5314 2794 5366 εἰ
2837 5313 2936 5383 ἐμὲ
2988 5314 3200 5385 ᾔδειτε,
3240 5314 3336 5366 καὶ
3379 5311 3470 5364 τόν
3503 5311 3725 5378 Πατέρα
3766 5323 3867 5376 μου

603 5422 781 5462 meum
816 5405 1054 5462 sciretis.
1092 5421 1112 5456 ι

669 5522 714 5552 ¹²
748 5521 851 5574 lsa.
889 5533 1040 5580 xm,
1073 5516 1128 5571 9.

2224 5459 2230 5468 _
2293 5403 2473 5472 ᾔδειτε
2515 5402 2603 5457 ἄν.
2643 5423 2663 5457 ο

678 5648 713 5671 ³·
743 5639 836 5693 Cr.
872 5633 964 5716 iw.
1045 5633 1190 5716 ’τι-(ῖς.
1221 5633 1514 5716 ἐμαυτῷ-,ἢ
1552 5633 1695 5716 :Cr.
1734 5631 2055 5716 μαρτυρῶν.
2084 5704 2096 5716 ι
2138 5643 2151 5684 1

2256 5651 2287 5690 ’.
2321 5635 2471 5716 μέν.-
2521 5647 2547 5686 q
2579 5637 2668 5716 Cr:
2699 5631 2957 5716 εἷπε
2989 5640 3226 5716 δὲ,-Θεός
3276 5643 3414 5716 ειμι,
3443 5639 3606 5716 ἀλλὰ,
3641 5655 3660 5688 ι
3695 5629 3864 5716 Πόθεν

607 5712 841 5781 ἔρχομαι
873 5701 968 5760 θεαὶ
999 5707 1100 5760 ποῦ
1129 5701 1347 5773 ὐπάἡω.
1385 5723 1402 5756 ι
1428 5701 1826 5756 Ἐθελοκάκουν
1851 5701 1978 5772 γὰρ,
2010 5704 2106 5756 καὶ
2142 5701 2570 5774 προσεῖποιοῦντο
2603 5707 2679 5779 μὴ
2713 5709 2933 5764 εἰδέναι.

682 5826 758 5897 (9)
802 5823 924 5880 Ilaec
953 5834 1144 5881 catena
1170 5823 1410 5880 Crameri
1449 5829 1736 5883 Aunuonio
1763 5829 1976 5885 tribuit.

1451 6557 1745 6571 7%,-
1757 6549 2045 6561 ————-—-_‘—

3016 5721 3035 5749 τ
3065 5712 3156 5766 Cr.
3191 5713 3311 5783 ἐμέ.
3333 5707 3345 5712 ⁷
3395 5724 3414 5751 ³
3434 5710 3493 5767 C.
3521 5707 3850 5778 κατακρῖναι
