4130 6530
308 365 460 429 4449

1370 367 1829 427 FRAGMENTA
1880 366 1961 426 IN
2002 367 2059 426 S.
2100 366 2473 427 JOANNEM.

3442 374 3576 443 1450

393 480 496 533 Τὸν
554 477 752 551 Ἰωσὴφ
790 477 1025 549 οἰόμενοι
1057 476 1222 531 αὑτοῦ
1264 473 1403 530 εἶναι
1467 479 1675 549 πατέρα
1698 519 1713 543 ,
1749 477 1894 531 τοὺτς

2078 476 2373 549 .losephum
2420 489 2669 549 putantes
2717 496 2839 538 esse
2888 493 3094 553 patrem
3144 486 3304 556 ejus,
3342 488 3391 541 id
3426 491 3577 546 dixe-

322 567 476 625 εἷπον
495 585 509 599 ο
539 570 572 641 ἦ
604 569 955 634 ὀνειδίζουσιν
974 569 1122 639 αὑτῷ
1150 569 1225 631 ὠς
1251 570 1315 621 ἐκ
1342 570 1598 639 πορνείας
1629 569 1894 639 τεχθέντι,

323 663 418 717 καὶ
450 661 549 715 οὑκ
582 661 748 714 εἰδότι
777 660 868 712 τὸν
911 660 1041 712 ἴδιον
1070 658 1303 727 πατέρα.
1348 659 1411 711 Et
1450 658 1755 728 ἄνθρωπον,
1792 676 1898 728 φη-

324 754 408 806 σὶν
430 752 475 814 ί,
505 749 838 803 ὑποπτεύετε
870 745 1009 802 εἶναι
1036 750 1126 802 τὸν
1154 748 1373 818 Πατέρα
1406 767 1529 817 μου,
1560 748 1756 802 οὑκοῦν
1778 749 1899 802 οὑδὲ

322 844 423 914 ἐμὲ
453 842 653 897 οίδατε.
698 841 838 896 Ἀλλ’
865 841 1099 910 ἐπείπερ
1123 842 1173 893 οί
1204 841 1527 911 φιλομαθεῖς
1557 841 1645 895 διὰ
1672 841 1772 911 τῆς
1802 839 1897 894 τοῦ

324 933 455 987 Υἱοῦ
488 932 742 1001 γνώσεως
778 932 958 987 νοοῦσι
985 932 1075 985 τὸν
1106 932 1325 1019 Πατέρα
1350 971 1365 995 ,
1410 936 1439 999 ό
1472 933 1663 1003 Πατὴρ
1699 934 1755 987 ἐν

324 1025 399 1087 ὡς
428 1025 597 1077 εἰκόνι
630 1023 737 1096 ίδίᾳ
756 1023 1218 1096 χαρακτηρίζεται
1251 1012 1300 1077 υζ
1330 1023 1538 1092 οὐκοῦν
1571 1024 1684 1087 ἴσος
1713 1026 1741 1078 ὁ
1769 1012 1898 1089 Υίδς

324 1116 401 1188 τῷ
430 1118 623 1187 Ila-apt,
650 1116 854 1185 λέγων’
891 1119 972 1171 ὅτι
1025 1117 1317 1187 Ἄτα·οεῖτε
1350 1118 1457 1179 τὸν
1492 1117 1725 1184 Πατέρα
1754 1135 1895 1186 μου,

325 1209 426 1263 καί
445 1208 567 1277 ἐμέ·
592 1207 849 1272 διδάσκει,
882 1210 964 1261 ὃτι
995 1207 1116 1267 οὔτε
1144 1207 1237 1277 τοῦ
1278 1206 1477 1278 Ἰωσὴφ
1501 1202 1570 1277 ἦν
1596 1201 1657 1291 οὑ
1681 1207 1895 1277 ᾔδεσαν,

323 1299 447 1354 οὔτε
467 1299 557 1354 τὸν
575 1301 704 1370 περὶ
727 1300 826 1371 τῆς
850 1299 1179 1372 σαρκώσεως
1203 1300 1370 1355 αὑτοῦ
1392 1301 1692 1371 ἠπίσταντο
1717 1299 1894 1370 λόγον.

402 1496 421 1529 ι
475 1475 661 1532 Ταῦτα
694 1476 762 1557 τά
809 1474 1331 1555 ῥήματαὶἐλάλησεν
1384 1476 1414 1529 ὁ
1471 1473 1680 1561 Ἰησοῦς
1716 1476 1781 1555 ,ἐν
1817 1476 1898 1554 τῷ

324 1567 741 1638 γαζορυλακίῳ,
778 1567 1045 1621 διδάσκων
1082 1569 1139 1624 ἐν
1180 1568 1257 1638 τῷ
1293 1566 1444 1639 ἱερῷ.
1486 1585 1506 1619 ι

407 1658 590 1729 Ἐνςτῷ
616 1658 747 1729 ἱερῷ
777 1658 1055 1713 ἐδίδασκεν
1074 1658 1149 1721 ὼς
1171 1656 1511 1722 διδάσκαλος,
1538 1657 1675 1729 ὅπερ
1695 1655 1898 1722 αὐτοὺς

2005 584 2160 635 runt;
2200 570 2284 643 yel
2320 572 2703 626 contumeliam
2754 574 2827 627 illi
2881 577 3163 643 ingerunt,
3210 588 3463 649 tanquam
3508 598 3574 636 ex

2001 659 2361 729 fornicatione
2400 663 2584 729 edito,
2635 674 2688 718 et
2717 665 2991 733 proprium
3031 676 3239 735 patrem
3284 670 3575 738 ignoranti.

2000 752 2153 817 Quod
2214 754 2261 807 si
2323 744 2630 818 hominem,
2692 755 2897 824 inquit,
2953 760 3298 826 suSpicamini
3358 761 3573 820 Patrem

2000 856 2180 896 meum
2206 880 2222 907 ,
2252 858 2426 913 neque
2475 860 2559 900 me
2593 846 2839 900 novistis.
2888 847 3087 902 Verum
3120 865 3239 904 cum
3290 852 3575 922 diligentes

2001 948 2067 988 ex
2096 935 2405 1003 cognitione
2436 933 2559 990 Filii
2590 935 2809 1003 Patrem
2843 938 3163 1011 intelligant,
3200 940 3359 997 Pater
3398 945 3448 996 in
3483 945 3578 999 Fi-

2001 1024 2076 1079 lio
2112 1034 2366 1096 tanquam
2412 1028 2631 1097 propria
2669 1029 2905 1101 imagine
2944 1032 3285 1100 exprimitur.
3326 1035 3574 1104 Athnalis

2002 1114 2168 1184 igitur
2201 1114 2349 1171 Patri
2400 1115 2592 1182 Filius,
2641 1134 2763 1174 cum
2819 1121 2949 1179 dicit
2997 1137 3013 1176 :
3074 1121 3304 1191 Nescitis
3361 1126 3575 1182 Patrem

1996 1210 2193 1277 partem,
2226 1224 2388 1276 neque
2414 1226 2515 1277 me,
2547 1211 2705 1283 docet
2753 1226 2812 1266 se
2847 1228 2950 1268 non
2982 1229 3101 1277 esse
3130 1214 3345 1285 Josephi
3380 1219 3572 1283 filium,

2000 1311 2200 1369 eosque
2247 1292 2635 1375 incarnationis
2685 1304 2949 1365 rationem
2984 1307 3234 1377 ignorare
3258 1346 3273 1372 ,
3317 1326 3418 1365 nec
3454 1328 3576 1368 cre-

1994 1389 2148 1451 ,dere.

2071 1478 2236 1551 Vens.
2284 1481 2374 1539 20.
2436 1502 2456 1536 ι
2511 1483 2637 1553 Haec
2682 1488 2849 1542 verba
2896 1488 3110 1553 locutus
3164 1503 3250 1548 est
3301 1493 3460 1552 Jesus
3516 1498 3569 1552 in

1994 1574 2405 1649 gazophylacio,
2439 1576 2640 1632 docens
2672 1579 2725 1632 in
2759 1580 2973 1649 templo.
3015 1601 3034 1635 ι

2070 1661 2128 1717 1ιι
2153 1666 2351 1734 templo
2377 1666 2603 1722 docebat
2632 1671 2787 1738 quasi
2818 1674 3096 1740 magister,
3129 1674 3275 1744 quod
3303 1676 3376 1732 illi
3405 1693 3575 1749 aeger-

329 1750 465 1804 πολὺ
493 1750 703 1813 ἔδακνε,
734 1751 828 1803 καὶ
867 1748 1041 1812 οὐδεὶς
1067 1748 1291 1811 ἐπίασεν
1323 1747 1507 1814 αὑτὸν,
1542 1750 1624 1803 ὅτι
1646 1745 1805 1817 οὔπω
1828 1743 1894 1820 ἦν

1995 1752 2140 1829 τίιιιε
2190 1754 2462 1827 ferebant.
2510 1757 2578 1812 Et
2630 1774 2788 1829 nemo
2844 1764 3198 1841 apprehendit
3249 1782 3396 1836 eum,
3443 1743 3570 1840 quia

326 1839 536 1909 καιρὸς,
563 1838 683 1891 καθ’
706 1837 764 1890 ὃν
790 1836 948 1908 ἤθελε
975 1836 1189 1894 παθεῖν.

404 1946 424 1979 ι
479 1928 656 2003 Ὅπου
690 1927 802 2003 ἐγὼ
830 1927 1051 2001 ὑπάγω,
1097 1927 1256 2001 ὑμεῖς
1278 1927 1346 1999 οὑ
1378 1927 1608 1984 δύνασθε
1638 1928 1832 2002 ἐλθεῖν.
1874 1948 1894 1982 ι

401 2106 546 2172 "Eam
566 2108 674 2181 τῶν
693 2110 792 2180 τῆς
810 2108 1097 2193 βασιλείας
1120 2109 1343 2185 ἀγαθῶν
1363 2110 1689 2187 διαμενεῖτεο
1714 2114 1898 2185 φησῖνν

324 2200 386 2252 οὑ
432 2200 717 2270 δυνάμενοι
758 2204 840 2264 είς
892 2200 1166 2272 οὐρανοὺς
1197 2202 1498 2273 ἀναϐῆναι,
1529 2204 1767 2281 ἐπείπερ
1808 2206 1902 2283 τὸν

314 2289 529 2355 ,ἄνωθεν
555 2291 775 2375 ἐλθόντα
795 2293 855 2346 οὑ
884 2292 1300 2377 προσεδέξασθε.

401 2424 420 2457 ι
476 2403 668 2476 Ὑμεῖς
699 2406 766 2459 ἐκ
801 2405 895 2471 τοῦ
938 2407 1143 2478 κόσμου
1190 2406 1384 2469 τούτου
1428 2408 1593 2477 ἐστὲ,
1630 2408 1749 2479 ἐγὼ
1792 2410 1902 2467 ,οὑκ

324 2496 440 2566 εἰμὶ
476 2496 541 2549 ἐκ
566 2482 660 2550 τοῦ
686 2497 891 2566 κόσμου
920 2484 1133 2553 τούτου.
1171 2517 1191 2551 ι

394 2588 616 2658 Κόσμον
649 2580 750 2641 ὧδε
780 2588 877 2652 τὰς
898 2590 1171 2669 σαρκικάς
1202 2590 1413 2667 ἐννοίας
1435 2592 1589 2663 φησί.
1620 2592 1813 2669 ,Δέγων
1841 2592 1900 2646 δὲ

324 2676 487 2747 αὑτὸν
544 2676 621 2747 μὴ
668 2671 908 2747 εἶναιχέκ
958 2678 1053 2732 τοῦ
1094 2680 1334 2749 κόσμου,
1386 2680 1448 2734 οὐ
1504 2680 1564 2734 τὸ
1608 2682 1682 2753 μὴ
1720 2682 1900 2752 σάρκα

324 2768 673 2840 ἀνειληφέναι
700 2770 848 2827 ἐστὶν
865 2811 880 2835 ,
906 2754 1046 2823 ἀλλὰ
1071 2770 1130 2824 τὸ
1161 2772 1349 2843 πόρρω
1379 2767 1521 2825 εῖναι
1551 2776 1647 2843 τῆς
1672 2773 1899 2828 ἐκείνων

326 2864 614 2935 πονηρίας.
639 2864 746 2919 Καὶ
773 2863 882 2934 γὰρ
904 2848 1000 2923 καὶ
1023 2863 1149 2925 τοὺς
1179 2864 1429 2935 μαθητὰς
1456 2864 1627 2920 εἰπὼν
1654 2865 1730 2937 μὴ
1760 2861 1898 2921 εἶναι

324 2954 391 3008 ἐκ
422 2953 518 3009 τοῦ
564 2942 769 3031 κόσμου
810 2956 905 3026 (ὡς
934 2956 1031 3015 καὶ
1055 2955 1265 3021 Παῦλος
1294 2974 1486 3026 φησιν·
1518 2960 1643 3031 οὐκ
1665 2958 1808 3013 ἐστὲ
1831 2959 1900 3013 ἐν

323 3048 501 3116 σαρκί
517 3046 562 3118 ),
576 3030 683 3102 ⁴οὑκ
708 3048 1035 3121 ἀσωμάτους
1057 3044 1196 3109 εἷναί
1220 3067 1405 3121 φησιν,
1426 3050 1562 3106 ἀλλὰ
1585 3051 1899 3122 φιλοσοφίαν

322 3138 508 3205 αὑτοῖς
532 3142 817 3211 μαρτυρεῖ.

399 3269 417 3302 ι
454 3251 625 3305 Ὅταν
668 3252 921 3323 ὑψώσητε
965 3253 1059 3313 τὸν
1098 3254 1229 3308 Υίὸν
1259 3254 1355 3309 τοῦ
1398 3256 1688 3329 ἀνθρώπου
1713 3302 1729 3327 ,
1773 3260 1897 3314 τότε

325 3339 599 3409 γνώσεσθε
619 3382 634 3403 ,
661 3342 745 3395 ὄτι
773 3343 884 3410 ἐγώ
919 3345 1056 3414 εἰμι.
1099 3364 1119 3396 ι

410 3432 544 3487 Ἀπὸ
563 3432 675 3486 τῶν
703 3417 948 3504 σημείων
970 3435 1078 3488 τῶν
1097 3437 1396 3506 γεγονότων
1419 3440 1477 3493 ἐν
1499 3440 1577 3512 τῷ
1602 3441 1779 3514 καιρῷ
1801 3444 1894 3498 τοῦ

328 3522 532 3587 πάθους
553 3563 569 3589 ,
597 3523 871 3592 ἔγνωσαν,
911 3526 992 3579 ὅτι
1024 3527 1185 3591 αὑτὸς
1229 3524 1299 3599 ἦν
1328 3531 1358 3583 ὁ
1397 3532 1651 3601 Χριστός.
1703 3535 1893 3600 Ὅταν,

328 3612 500 3683 φησὶ,
552 3614 777 3685 ἀνέλητε
818 3632 919 3685 με,
973 3617 1068 3672 καὶ
1104 3616 1292 3689 δόξητε
1325 3620 1727 3690 ἅπαλλάξεσθαί
1770 3642 1893 3694 μου,

323 3705 447 3759 τότε
477 3705 747 3775 γνώσεσθε
770 3709 852 3761 ὅτι
878 3708 1007 3773 Υίὸς
1032 3710 1170 3764 Θεοῦ
1198 3713 1339 3781 εἰμι,
1366 3713 1475 3766 ἀπὸ
1496 3713 1605 3768 τῶν
1628 3717 1892 3787 σημείων,

323 3796 433 3851 ἀπὸ
454 3798 551 3868 τῆς
580 3800 955 3869 ἀναστάσεως,
988 3802 1098 3856 ἀπὸ
1124 3804 1224 3873 τῆς
1248 3804 1503 3870 ἁλώσεως
1531 3808 1706 3878 ὑμῶν.

395 3931 414 3965 ι
460 3913 571 3968 Καὶ
611 3914 903 3985 ὀ.πέμψας
942 3934 1030 3987 με,
1069 3918 1188 3987 μετ’
1214 3918 1349 3990 ἐμοῦ
1380 3920 1548 3986 ἐστιν,
1582 3922 1682 3976 οὑκ
1715 3923 1893 3995 ἀφῆκέ

322 4022 388 4077 με
421 4005 580 4074 μόνον
608 4007 636 4060 ὁ
680 4007 870 4079 Πατὴρ
893 4046 910 4072 ,
941 4009 1023 4063 ὅτι
1056 4008 1165 4079 ἐγὼ
1211 4010 1278 4064 τὰ
1322 4012 1531 4084 ἀρεστά
1563 4014 1711 4086 αὑτῷ
1751 4016 1892 4070 ποιῶ

316 4099 575 4151 πάντοτε.
617 4114 637 4149 ι

384 4188 486 4243 Διά
512 4186 573 4241 τὸ
600 4187 830 4253 ἀσθενὲς
862 4189 973 4244 τῶν
1007 4192 1293 4265 ἀκροατῶν
1325 4193 1467 4250 οὑτω
1502 4196 1688 4266 λαλεῖ,
1728 4218 1887 4256 τουτ-

316 4280 488 4346 έστιν,
522 4281 637 4334 οὑκ
664 4281 780 4352 εἰμὶ
825 4282 1066 4348 ἐναντίος
1100 4285 1177 4356 τῷ
1231 4287 1426 4360 Πατρὶ,
1457 4288 1547 4343 διά
1580 4291 1640 4343 τὸ
1669 4292 1770 4362 τῆς
1801 4295 1890 4349 οὑ-

318 4371 442 4434 σίας
469 4372 905 4457 ἀπαράλλακτον,
926 4375 1111 4446 ἐπειδὴ
1137 4376 1421 4446 όμοοὺσιός
1444 4382 1559 4449 είμι
1584 4380 1660 4453 τῷ
1690 4383 1884 4457 Πατρὶ,

1922 1826 1972 1891 Β
2002 1826 2238 1901 nondum
2273 1849 2463 1903 aderat
2490 1859 2700 1920 tempus
2732 1826 2839 1921 quo
2866 1826 2978 1923 pati
3010 1857 3285 1927 cupiebat.

2071 1935 2237 1993 Vens.
2268 1938 2359 1993 21.
2391 1956 2412 1992 ι
2457 1939 2575 2008 Quo
2604 1956 2704 2012 ego
2738 1944 2909 2013 vado,
2935 1961 3033 2003 vos
3078 1963 3184 2003 non
3218 1955 3445 2020 potestis
3475 1973 3569 2013 ve-

1994 2026 2054 2103 «οἱ
2063 2042 2136 2082 re.
2169 2046 2189 2081 ι

2070 2119 2262 2195 Regni,
2280 2119 2487 2191 inquit,
2508 2122 2668 2178 bonis
2689 2124 3108 2196 frustrabimini,
3132 2136 3328 2191 cadum
3361 2139 3567 2210 ingredi

1999 2224 2107 2264 non
2138 2211 2417 2280 valentes,
2450 2215 2574 2284 quia
2608 2231 2842 2286 superne
2884 2223 3186 2280 venientem
3224 2243 3331 2283 non
3385 2246 3570 2287 susce-

1992 2301 2176 2372 .pistis.

2071 2408 2231 2465 Vsus.
2262 2411 2354 2468 25.
2404 2397 2423 2465 ἆ
2458 2412 2569 2478 Vos
2601 2415 2669 2473 de
2705 2420 2904 2476 mundo
2948 2422 3050 2480 hoc
3098 2428 3261 2495 estis,
3315 2443 3415 2500 ego
3463 2448 3567 2489 non

1999 2515 2118 2555 sum
2150 2502 2217 2557 de
2246 2501 2346 2557 hoc
2372 2507 2592 2562 mundo.
2626 2528 2647 2561 ι

2066 2590 2326 2650 Mundum
2376 2596 2464 2652 hic
2511 2600 2758 2658 carnales
2804 2614 2961 2661 vocat
3006 2611 3380 2678 cogitationes.
3435 2615 3569 2673 Cum

1992 2696 2132 2739 .vero
2158 2683 2292 2739 dicit
2332 2700 2392 2741 se
2440 2703 2546 2745 non
2572 2704 2694 2746 esse
2721 2694 2789 2749 de
2827 2695 2929 2750 hoc
2962 2701 3180 2767 mundo,
3219 2719 3323 2759 non
3359 2720 3417 2761 se
3450 2723 3573 2762 car-

2002 2790 2124 2831 nem
2156 2786 2314 2847 negat
2346 2783 2731 2850 assumpsisse,
2759 2786 2853 2841 sed
2880 2789 2947 2842 ab
2977 2805 3167 2846 eorum
3208 2795 3409 2852 malitia
3443 2814 3570 2868 pro-

1998 2867 2085 2933 sul
2122 2868 2311 2925 abesse
2347 2872 2441 2926 ait.
2494 2872 2706 2929 Etenim
2744 2892 2866 2932 eum
2901 2888 2957 2934 et
2998 2883 3290 2953 discipulos
3324 2867 3455 2946 suos
3486 2894 3569 2947 di-

1990 2967 2087 3021 cat
2114 2974 2219 3014 non
2260 2975 2382 3015 esse
2423 2977 2490 3017 ex
2537 2965 2638 3020 hoc
2672 2970 2895 3032 mundo.
2947 2973 3023 3027 uti
3053 2985 3107 3029 et
3147 2974 3345 3036 Paulus
3380 2999 3394 3037 :
3450 2982 3570 3039 Non

1998 3049 2123 3102 estis
2157 3051 2211 3103 in
2244 3067 2399 3106 carne
2425 3054 2491 3119 “,
2532 3070 2637 3109 non
2679 3062 2921 3128 corporis
2948 3075 3201 3134 expertes
3228 3072 3444 3137 asserit,
3472 3076 3567 3129 sed

1918 3161 1966 3223 ,ο
1994 3137 2277 3207 sapientia:
2310 3142 2581 3197 studiosos
2610 3144 2760 3202 dicit.

2062 3248 2233 3307 Vsus.
2262 3253 2353 3308 28.
2395 3272 2415 3306 ι
2462 3256 2595 3312 Cum
2645 3261 3011 3319 exaltaveritis
3055 3266 3250 3324 Filium
3300 3272 3566 3345 hominis,

2001 3349 2127 3398 tunc
2156 3347 2514 3412 cognoscetis,
2542 3350 2666 3429 quia
2698 3367 2798 3424 ego
2830 3369 2972 3410 sum.
3004 3376 3034 3429 _v

2068 3432 2109 3484 A
2141 3434 2307 3504 signis
2334 3452 2452 3506 quae
2473 3437 2669 3496 flebant
2693 3452 2933 3514 tempore
2957 3451 3246 3520 passionis,
3280 3470 3569 3527 cognosce-

1996 3523 2129 3579 bant
2174 3527 2348 3596 ipsum
2389 3543 2510 3586 esse
2557 3533 2855 3590 Christum.
2894 3538 3119 3606 Quando
3156 3561 3260 3611 me,
3307 3523 3501 3619 inquit,
3537 3569 3568 3607 ο

1997 3615 2176 3672 medio
2207 3621 2554 3687 snstnleritis,
2585 3634 2641 3703 et
2669 3641 2699 3679 a
2724 3643 2808 3682 me
2836 3628 3045 3687 liberati
3072 3615 3407 3704 videbimini,
3438 3615 3566 3699 tunc

1995 3699 2331 3777 cognoscetis
2396 3716 2519 3783 quia
2578 3700 2696 3771 sum
2743 3719 2911 3777 Filius
2952 3723 3043 3779 Dei
3086 3742 3162 3781 :a
3202 3729 3369 3799 signis
3394 3699 3568 3790 nimi-

1996 3816 2139 3868 rutn,
2171 3819 2199 3856 a
2233 3808 2651 3875 resurrectione,
2677 3819 2733 3865 et
2759 3827 2787 3866 a
2815 3815 3126 3885 captivitate
3152 3832 3351 3875 vestra.

2069 3913 2231 3971 Vens.
2259 3916 2350 3973 29.
2378 3936 2397 3970 ι
2431 3919 2497 3973 Et
2527 3922 2615 3990 qui
2649 3923 2796 3979 misit
2829 3942 2915 3981 me
2936 3964 2953 3993 ,
2981 3942 3191 3992 mecum
3223 3941 3327 3999 est,
3362 3943 3418 3990 et
3459 3952 3563 3993 non

1994 4005 2213 4091 reliquit
2259 4023 2346 4063 me
2387 4010 2561 4089 solum
2597 4031 2610 4066 :
2642 4015 2768 4101 quia
2812 4032 2911 4088 ego
2956 4035 3075 4090 qua:
3124 4023 3321 4092 placita
3355 4039 3480 4089 sunt
3510 4031 3562 4086 ei

1991 4093 2133 4151 facio
2157 4112 2389 4168 semper.
2429 4119 2452 4155 ι
2723 4093 2733 4101 ’
2858 4102 2859 4107 “
3360 4108 3361 4111 “

2061 4187 2290 4258 Propter
2317 4184 2737 4253 imbecillitatem
2768 4200 3079 4257 auditorum
3110 4204 3188 4261 sic
3210 4205 3467 4278 loquitur,
3498 4226 3563 4269 ac

1990 4281 2036 4336 si
2062 4281 2209 4337 dicat
2241 4301 2257 4340 :
2285 4282 2402 4339 Non
2430 4302 2548 4342 sum
2574 4292 2880 4347 contrarius
2907 4292 3074 4361 Patri,
3101 4298 3170 4351 ob
3198 4300 3559 4359 substantiam

1992 4372 2363 4443 indiscretam,
2396 4380 2829 4450 quandoquidem
2854 4385 2955 4438 sim
2985 4385 3222 4454 ejusdem
3256 4405 3376 4444 cum
3401 4391 3564 4451 Patre

313 4456 470 4510 οὑδέν
500 4459 659 4523 ποιῶ,
697 4453 773 4513 ὧν
804 4461 865 4513 οὑ
898 4465 1093 4516 ποιεϊό
1137 4465 1344 4537 Πατήρ.
1391 4467 1656 4534 Κάκεῖνος
1694 4453 1889 4545 γὰρ-ἐν

1995 4466 2280 4535 essentne;
2318 4468 2449 4523 nihil
2488 4470 2649 4539 facio,
2681 4475 2824 4541 quod
2868 4491 2971 4528 non
3009 4453 3173 4533 faciat
3212 4479 3392 4536 Pater.
3444 4483 3563 4553 Ipse

313 4549 580 4622 Σαϐϐάτῳ
601 4550 913 4624 ἐργάζεται,
941 4553 1016 4618 ὡς
1040 4553 1173 4624 ἐγιῖν
1197 4559 1290 4610 καί⁸
1314 4558 1350 4612 ἃ
1373 4558 1556 4629 λαλεῖ,
1588 4562 1751 4620 λαλῶ.
1782 4569 1893 4622 Καὶ

1995 4556 2135 4611 enim
2169 4573 2273 4612 non
2314 4574 2469 4615 secus
2512 4572 2673 4631 atque
2701 4578 2799 4631 ego
2831 4564 2884 4617 in
2919 4564 3157 4621 Sabbato
3188 4549 3480 4639 operatur,
3506 4584 3562 4626 et

314 4642 401 4698 διὰ
429 4644 483 4697 τί
518 4662 585 4714 με
624 4644 701 4709 ὠς
742 4646 990 4700 ἀντίθεον
1021 4648 1370 4721 διαϐάλλετε;
1408 4651 1525 4708 Ἰνα
1555 4654 1629 4727 μὴ
1675 4657 1764 4711 διὰ
1794 4660 1891 4713 τοῦ

314 4737 508 4802 είπεῖν,
549 4735 612 4790 '0
636 4736 885 4806 πέμψας
906 4756 1008 4808 με,
1040 4741 1337 4797 ἐλάττωσιν
1371 4746 1686 4817 ἐννοήσωσι,
1718 4749 1890 4819 λέγει,

314 4826 452 4881 Μετ’
467 4826 613 4897 ἐμοῦ
639 4829 847 4900 ἐστιν’⁸
865 4830 1154 4903 ἀμφότερα
1177 4831 1372 4901 λέγων,
1400 4834 1489 4889 διὰ
1513 4838 1612 4908 τὴν
1638 4836 1887 4909 θεότητα,

316 4918 409 4970 καὶ
437 4918 534 4989 τὴν
561 4920 875 4993 οἰκονομίαν
908 4923 1009 4994 τῆς
1041 4922 1392 4999 σαρκώσεως.
1756 4918 1777 4941 η’

388 5108 407 5141 ι
455 5090 579 5144 Ἐὰν
607 5092 764 5163 ὑμεῖς
797 5096 1015 5168 μείνητε
1040 5100 1100 5153 ἐν
1121 5100 1198 5171 τῷ
1225 5100 1368 5173 λόγῳ
1392 5101 1470 5173 τῷ
1495 5102 1635 5174 ἐμῷ,
1664 5103 1881 5175 ἀληθῶς

317 5181 559 5252 μαθηταί
596 5188 697 5253 μού
728 5187 885 5257 ἐστεζ
922 5189 1017 5241 καὶ
1047 5180 1321 5257 γνώσεσθε
1352 5193 1453 5263 τὴν
1481 5193 1759 5265 ἀλήθειαν,
1792 5196 1886 5248 καὶ

313 5274 348 5344 ἡ
377 5273 600 5345 ἀλήθεια
627 5274 981 5348 ἐλευθερώσει
1013 5281 1175 5351 ὑμᾶς.
1217 5302 1235 5333 ι

386 5366 453 5418 Ai.
483 5364 664 5425 θυσίαι
699 5368 794 5421 καὶ
820 5370 877 5427 ,οί
922 5370 1207 5441 ραντισμοὶ
1257 5373 1513 5429 οὐδέποτε
1556 5376 1885 5448 ἠλευθέρουν

316 5456 613 5529 ἁμαρτίας,
641 5460 762 5514 οἱδὶ
788 5462 886 5534 τὴν
916 5465 974 5516 ἐν
999 5464 1265 5535 πνεύματι
1294 5466 1549 5539 λατρείαν
1578 5469 1885 5523 ἐπιτελοῦν-

382 5634 429 5668 ²δ
455 5632 616 5710 Rom.
640 5650 757 5704 vni,
784 5637 836 5694 9.

390 5792 409 5826 ‘
442 5788 533 5847 Cr.
567 5792 685 5846 sine
719 5792 903 5864 φησίν.
979 5806 1006 5833 ιι
1037 5794 1126 5850 Cr.
1160 5796 1329 5851 εἰκόνι
1358 5796 1930 5874 διαχαρακτηρίζεται.

562 5890 836 5951 Parnm“
880 5892 996 5952 Gn.
1042 5893 1330 5985 LXXXV.

1990 4663 2110 4717 qua:
2140 4649 2253 4719 ipse
2298 4649 2565 4720 loquitur,
2616 4651 2806 4720 loquor
2841 4664 2896 4710 et
2935 4672 3061 4726 ego.
3100 4658 3237 4724 Quid
3269 4661 3434 4732 igitur
3474 4680 3560 4719 me

1989 4746 2244 4808 tanquam
2273 4739 2363 4795 Dei
2388 4741 2753 4819 adversarium
2779 4746 3101 4801 traducitis?
3124 4748 3200 4804 Ne
3248 4746 3373 4821 quia
3405 4752 3559 4809 dixe-

1986 4842 2095 4894 rat,
2130 4831 2235 4897 Qni
2268 4832 2409 4885 misit
2432 4850 2533 4899 me,
2559 4834 2868 4891 inferiorem
2896 4840 3215 4910 cogitarent,
3240 4828 3334 4911 ait,
3358 4862 3558 4900 mecum

1986 4932 2063 4977 est
2081 4939 2099 4988 ;
2120 4933 2407 4992 utrumque
2434 4940 2557 4979 euut
2585 4938 2802 4996 propter
2820 4929 3179 4998 divinitatem,
3209 4945 3318 4989 tum
3340 4948 3561 5008 propter

1998 5014 2388 5071 incarnationis
2415 5016 2871 5087 dispensationem
2907 5016 3135 5081 dicens.
3326 5025 3332 5029 ⁴

2063 5105 2226 5161 Vens.
2256 5108 2345 5174 51,
2368 5109 2456 5165 '52.
2486 5128 2504 5161 ι
2528 5111 2583 5165 Si
2611 5126 2706 5167 vos
2731 5114 3038 5171 ntanseritis
3064 5117 3118 5197 in
3144 5132 3392 5187 sermone
3418 5137 3557 5189 meo,

1986 5216 2115 5255 vere
2144 5200 2390 5268 discipuli
2424 5202 2524 5257 mei
2563 5203 2715 5259 eritis
2743 5221 2759 5259 :
2793 5214 2847 5259 et
2877 5207 3216 5277 cognoscetis
3244 5209 3551 5276 veritatem,

1987 5298 2041 5343 et
2068 5287 2268 5342 veritas
2298 5287 2547 5345 liberabit
2576 5306 2689 5347 vos.
2732 5311 2752 5344 ι

2061 5380 2337 5436 Sacrificia
2388 5390 2444 5436 et
2486 5381 2828 5441 lustrationes
2857 5403 3128 5458 nunquam
3166 5405 3194 5443 a
3230 5400 3451 5460 peccato
3489 5390 3558 5445 li-

1988 5473 2273 5537 berarunt;
2304 5472 2395 5542 qui
2442 5489 2573 5530 vero
2609 5477 2809 5537 cultum
2835 5478 3091 5536 exhibent
3119 5481 3434 5553 spiritalem,
3460 5497 3557 5552 per

3130 5858 3233 5965 ἰδ
