4130 6534
556 368 687 437 1451

1684 361 2021 424 ΑΜΜΟΝΙΙ
2064 358 2557 420 ALEXANDRIN
2566 358 2589 417 Ι

3682 354 3821 419 1452

554 481 716 536 tidem
747 477 800 533 in
827 474 1104 531 Christum
1134 472 1452 537 liberantur,
1483 468 1594 540 jam
1632 486 1739 526 non
1777 471 2011 543 amplius
2046 471 2129 526 itt-

2243 486 2343 535 τες,
2384 467 2472 521 διὰ
2520 468 2619 537 τῆς
2668 467 2749 530 εἰς
2796 463 3033 535 Χριστὸν
3087 464 3323 527 πίστεως
3382 463 3816 535 ἐλευθεροῦνται,

555 583 639 629 ter
665 584 871 632 servos,
901 568 993 623 sed
1020 568 1158 620 inter
1183 565 1321 619 ﬁlios
1352 564 1667 632 computati.

631 665 792 718 Vens.
828 663 918 716 ⁸54.
956 679 975 712 ι
1012 660 1148 726 Quia
1181 657 1378 723 omnis,
1412 655 1503 726 qni
1536 656 1664 710 facit
1692 663 1993 726 peccatum,
2018 667 2132 709 scr-

553 772 653 811 vus
685 766 766 810 est
803 753 1030 824 peccati.
1077 771 1095 803 ι

626 846 915 912 Quodlibet
947 844 1090 898 enim
1123 853 1401 913 peccatum
1425 884 1440 910 ,
1470 843 1701 897 animam
1739 834 2132 909 quodammodo

555 942 819 1008 captivam
869 936 1095 1001 faciens,
1132 936 1186 989 in
1218 936 1535 990 servitutem
1567 932 1761 1001 redigit
1795 929 2129 1000 passionum.

631 1029 794 1085 Vens.
832 1028 920 1082 55.
962 1044 980 1078 ι
1018 1025 1220 1081 Servus
1259 1037 1440 1081 autem
1492 1041 1599 1080 non
1650 1031 1835 1077 manet
1870 1021 1924 1074 in
1974 1020 2133 1073 domo

557 1120 609 1173 in
641 1130 901 1172 aeternum
929 1133 944 1170 :
969 1115 1136 1169 Filius
1167 1122 1344 1169 autem
1380 1123 1561 1168 manet
1593 1114 1648 1166 in
1683 1122 1965 1165 aeternum.
2004 1126 2023 1159 ι

624 1206 729 1274 Qui
768 1221 874 1261 non
910 1215 1092 1259 tnauet
1140 1204 1193 1257 in
1223 1214 1529 1269 aeternum,
1570 1217 1669 1257 nec
1703 1215 1915 1271 semper
1936 1176 2132 1255 eodem

560 1301 720 1353 modo
768 1312 827 1352 se
872 1296 1065 1361 habet,
1107 1309 1298 1350 servus
1348 1302 1431 1349 est
1469 1303 1694 1358 natura,
1748 1308 1923 1362 neque
1962 1300 2134 1347 semet

560 1391 693 1459 ipse,
722 1402 897 1458 neque
928 1386 1091 1441 alium
1118 1384 1352 1442 liberare
1375 1386 1538 1440 valet.
1574 1384 1767 1440 Omnia
1793 1384 1937 1440 enim
1969 1383 2134 1439 Crea-

561 1482 693 1535 toris
732 1480 980 1536 servituti
1025 1477 1240 1533 subdita
1278 1485 1423 1533 sunt.
1458 1476 1627 1532 Filius
1675 1484 1857 1532 autem
1900 1491 2022 1531 cum
2066 1476 2137 1532 sit

563 1582 758 1627 natura
789 1573 947 1635 Deus,
986 1571 1284 1639 eodemque
1316 1569 1476 1624 modo
1512 1584 1571 1625 se
1608 1569 1837 1635 habeat,
1867 1577 2050 1623 manet
2080 1567 2132 1622 in

561 1676 843 1721 aeternum.

632 1755 796 1810 Vens.
827 1754 917 1808 '56.
950 1772 968 1806 ι
1004 1753 1057 1808 Si
1080 1768 1208 1823 ergo
1237 1765 1331 1807 vos
1352 1751 1518 1808 Filius
1547 1751 1888 1817 liberaverit,
1916 1762 2043 1806 vere
2068 1749 2135 1804 1i-

561 1847 675 1901 bcri
705 1847 876 1901 eritis.
911 1865 930 1897 ι

637 1939 734 1994 llic
782 1940 988 2006 peccati
1036 1936 1472 1993 emendationem
1528 1934 1726 1998 innuit,
1784 1947 1947 2002 quam
1993 1931 2138 1988 solus

565 2043 784 2103 praestat
814 2031 975 2095 Deus,
1014 2045 1134 2100 qua:
1172 2046 1299 2085 vera
1334 2030 1560 2084 libertas
1596 2037 1710 2091 est,
1757 2036 1813 2080 et
1848 2041 1953 2081 non
1993 2025 2096 2079 alia
2121 2063 2137 2089 ,

566 2139 685 2193 qua:
727 2123 944 2177 nomine
982 2123 1248 2176 duntaxat
1295 2130 1449 2177 tenus
1493 2120 1802 2176 libertatem
1838 2120 2138 2174 continent.

642 2303 800 2358 Vens.
850 2301 939 2357 '58.
976 2320 996 2354 t
1043 2300 1154 2371 Ego
1184 2299 1323 2370 quod
1368 2299 1476 2354 vidi
1523 2297 1661 2368 apud
1703 2295 1918 2351 Patrem
1958 2308 2139 2350 meum

567 2392 758 2460 loquor
803 2408 817 2443 :
848 2399 901 2443 et
931 2403 1026 2443 vos
1068 2402 1188 2458 quae
1223 2388 1435 2443 vidistis
1467 2386 1606 2455 apud
1640 2395 1844 2455 patrem
1876 2392 2139 2449 vestrum,

568 2482 764 2535 tacitis.
806 2498 824 2531 ι

642 2572 1105 2641 Quemadmodum
1159 2586 1257 2641 ego
1305 2586 1410 2626 non
1467 2578 1658 2625 natura
1694 2568 1907 2633 solum,
1952 2582 2141 2621 verum

568 2665 727 2719 etiam
757 2662 1055 2718 verissimis
1094 2662 1229 2716 meis
1257 2662 1597 2716 sermonibus
1631 2659 1844 2714 Patrem
1880 2658 2137 2714 declaro:

568 2758 648 2811 sic
671 2765 725 2809 ct
752 2770 845 2808 vos
871 2754 1002 2824 ipsis
1034 2754 1230 2809 vestris
1257 2754 1512 2822 operibus
1544 2761 1748 2820 patrem
1787 2758 2025 2805 vestrum
2056 2762 2145 2803 re-

571 2848 747 2903 fertis.
798 2845 1036 2901 Locutus
1073 2853 1176 2909 est,
1223 2844 1433 2914 inquit,
1484 2842 1637 2897 vobis
1669 2841 1830 2895 Pater
1858 2855 2008 2896 meus
2049 2856 2144 2911 per

571 2940 867 3010 pmphetas
904 2937 1203 3006 :suscipite
1239 2936 1405 3006 igitur
1430 2950 1552 2989 eum
1590 2934 1681 3004 qui
1718 2933 2005 3002 pratdictus
2033 2939 2142 3000 est;

563 3042 630 3086 et
653 3048 775 3101 quae
802 3030 1112 3092 audivistis.
1134 3043 1301 3099 Opere
1329 3027 1591 3097 perﬁcite.

649 3123 809 3177 Vsus.
842 3122 934 3177 40.
974 3138 993 3173 ι
1030 3119 1185 3175 Nunc
1210 3129 1392 3174 autem
1427 3120 1668 3187 quaeritis
1700 3134 1787 3175 me
1816 3119 2141 3183 interficere,

2237 560 2436 631 μηκέτι
2467 562 2526 613 ἐν
2550 557 2911 621 δούλοις,ἀλλ’
2933 559 2991 610 ἐν
3022 559 3157 619 υίοῖς
3186 556 3671 625 καταταττόμενοι.

2310 670 2329 702 ι
2362 650 2488 706 Ὅτι
2514 651 2622 714 πᾶς
2647 653 2675 703 6
2701 651 2874 703 ποιῶν
2904 647 3003 719 τὴν
3029 646 3334 719 ἁμαρτίαν,
3358 645 3545 710 δοῦλός
3568 648 3681 698 ἐστι
3717 645 3823 715 τῆς

2234 742 2532 815 ἁμαρτίας.
2573 761 2592 795 t

2315 833 2553 903 Ἐκάστη
2585 831 2693 902 γὰρ
2716 830 2961 902 ἁμαρτία
2987 830 3335 902 αἰχμάλωτον
3362 830 3553 900 ὥσπερ
3580 827 3825 882 λαϐοῦσα

2232 924 2434 995 ψυχὴν,
2464 922 2658 993 δούλην
2692 922 2862 993 αὑτὴν
2896 923 2989 976 τοῦ
3026 922 3235 984 πάθους
3274 924 3437 976 ποιεῖ.

2310 1034 2330 1068 ι
2386 1016 2445 1069 Ὀ
2473 1015 2530 1069 δὲ
2560 1014 2744 1078 δοῦλος
2770 1016 2832 1068 οὑ
2864 1016 3014 1085 μένει
3034 1017 3092 1068 ὲν
3118 1016 3186 1085 τῇ
3215 1014 3366 1085 οἰκία
3395 1015 3477 1078 εἰς
3501 1012 3593 1066 τὸν
3623 1012 3819 1076 αἰῶνα,

2232 1105 2261 1157 6
2286 1102 2414 1166 Υἰὸς
2446 1103 2596 1174 μένει
2627 1104 2706 1167 εἰς
2741 1103 2835 1156 τὸν
2861 1102 3053 1157 αίῶνα.
3089 1121 3108 1154 ο

2316 1200 2373 1255 '0
2410 1198 2486 1271 μὴ
2539 1199 2717 1269 μένων
2749 1199 2830 1261 είς
2876 1197 2969 1252 τὸν
2999 1196 3193 1263 αἰῶνα,
3236 1198 3332 1253 καὶ
3376 1197 3641 1261 ὡσαύτως
3679 1198 3824 1267 ἔχων

2232 1292 2320 1345 ἀεὶ
2351 1290 2536 1352 δοῦλός
2556 1291 2673 1342 ἐστι
2698 1292 2765 1361 τῇ
2796 1288 2979 1359 φύσει,
3005 1290 3100 1343 καὶ
3134 1288 3263 1343 οὒτε
3294 1289 3486 1343 ἑαυτὸν
3515 1288 3640 1341 οὕτε
3661 1288 3826 1343 ἄλλον

2235 1379 2600 1451 ἐλευθερῶσαι
2634 1380 2881 1435 δύναται.
2914 1379 3101 1435 Πάντα
3126 1380 3238 1451 γὰρ
3268 1379 3431 1434 δοῦλα
3455 1378 3549 1433 τοῦ
3582 1379 3825 1432 Κτέσαν-

2233 1490 2347 1537 τος.
2379 1471 2547 1527 Μένει
2571 1471 2629 1525 δὲ
2663 1473 2744 1536 εἰς
2778 1472 2871 1526 τὸν
2909 1472 3082 1527 αἰῶνα
3120 1471 3385 1536 ὡσαύτως
3426 1471 3568 1543 ἔχων
3596 1473 3625 1526 6
3655 1472 3819 1535 Υἱὸς,

2236 1563 2311 1627 ὡς
2336 1563 2495 1633 φύσει
2517 1562 2670 1626 Θεύς.

2312 1755 2331 1789 ι
2390 1736 2514 1790 Ἐὰν
2545 1732 2636 1791 οὖν
2677 1739 2705 1792 6
2738 1739 2866 1804 Υἰὸς
2892 1739 3041 1810 ὑμᾶς
3070 1737 3431 1812 ἐλευθερώσῃ,
3462 1738 3631 1802 ὅντως
3664 1738 3819 1791 ἐλεύ-

2164 1824 2206 1880 Β
2239 1827 2387 1901 θεροι
2413 1827 2619 1884 ἔσεσθε.
2660 1848 2680 1881 t

2308 1915 2437 1976 ’Ὧδε
2466 1920 2569 1991 τὴν
2612 1921 2887 1993 κάθαρσιν
2931 1921 3031 1992 τῆς
3066 1921 3341 1993 ἁμαρτίας
3384 1921 3712 1988 αἰνίττεται,
3736 1924 3823 1993 ἣν

2242 2014 2402 2085 μόνος
2430 2014 2563 2077 Θεὸς
2582 2014 2817 2079 δίδωσιν,
2834 2016 2956 2085 ἥτις
2984 2014 3134 2069 ἐστὶν
3164 2015 3371 2086 ἀληθής
3393 2014 3700 2085 ἐλευθερία,
3728 2015 3820 2068 ού-

2239 2106 2398 2177 δεμία
2430 2106 2599 2178 ἄλλη,
2638 2106 2841 2169 αἵτινες
2883 2106 3047 2178 μέχρι
3100 2106 3266 2178 μόνης
3311 2106 3685 2178 προσηγορίας
3721 2107 3824 2178 τὴν

2241 2202 2553 2274 ἐλευθερίαν
2583 2203 2788 2275 ἔχουσι.

2319 2314 2337 2346 ι
2384 2295 2527 2365 Ἐγὼ
2554 2295 2583 2348 ὃ
2612 2294 2838 2368 ἑώρακα
2866 2297 3019 2367 παρὰ
3052 2296 3131 2368 τῷ
3166 2297 3340 2370 Πατρί
3376 2314 3501 2367 μου,
3531 2295 3697 2351 λαλῶ·
3728 2296 3822 2350 καὶ

2243 2388 2403 2459 ὑμεῖς
2447 2384 2542 2441 οὖν
2576 2387 2609 2441 δ
2656 2389 2938 2460 ἑωράκατε
2978 2390 3134 2461 παρά
3170 2389 3250 2461 τῷ
3288 2391 3457 2462 πατρὶ
3487 2390 3662 2460 ὑμῶν,
3700 2407 3826 2443 ποι-

2243 2481 2375 2534 εῖτε.
2414 2497 2435 2532 ι

2316 2572 2529 2642 Ὥσπερ
2562 2570 2673 2640 ἐγὼ
2710 2572 2772 2624 ού
2814 2572 2975 2642 μύνον
3010 2572 3118 2625 ἀπὸ
3162 2572 3265 2645 τῆς
3306 2573 3518 2639 οὐσίας,
3550 2573 3687 2628 ἀλλὰ
3730 2575 3828 2629 καὶ

2250 2660 2361 2715 ἀπὸ
2380 2662 2489 2715 τῶν
2513 2661 2730 2732 ἀληθῶν
2756 2680 2854 2732 μου
2880 2663 3055 2732 λόγων
3075 2665 3327 2734 ἐμφαίνω
3342 2666 3432 2719 τὸν
3451 2667 3670 2737 Πατέρα
3697 2684 3825 2737 μου·

2245 2751 2389 2805 οὕτω
2440 2752 2538 2805 καὶ
2582 2752 2741 2822 ὑμεῖς
2778 2754 2889 2807 ἀπὸ
2924 2755 3037 2808 τῶν
3075 2756 3420 2825 πραγμάτων
3452 2756 3563 2809 τῶν
3615 2756 3829 2810 ἑαυτῶν

2244 2840 2520 2896 δεικνύετε
2560 2841 2792 2914 πατέρα.
2821 2842 3134 2914 Λελάληκεν
3169 2846 3327 2916 ὑμῖν,
3362 2848 3550 2918 φησὶν,
3582 2849 3611 2900 6
3636 2848 3829 2920 Πατὴρ

2244 2933 2333 2986 διὰ
2381 2933 2488 2987 τῶν
2550 2934 2849 3006 προφητῶν
2874 2951 2888 2965 ·
2941 2935 3166 3000 δέξασθε
3222 2932 3315 2990 οῦν
3356 2937 3449 2991 τὸν
3496 2953 3829 3009 προαναφωο

2248 3027 2499 3100 νηθέντα,
2524 3030 2620 3083 καὶ
2643 3031 2904 3101 ποιήσατε
2934 3031 3028 3082 καὶ
3053 3031 3211 3101 ὑμεῖς
3240 3029 3277 3084 δι
3303 3031 3595 3101 ἠκούσατε.

2324 3138 2342 3172 ι
2374 3118 2488 3173 Νῦν
2512 3120 2573 3174 δέ
2602 3094 2817 3191 ζητεῖτέ
2845 3138 2911 3192 με
2940 3094 3285 3188 ἀποκτεῖναι,
3315 3094 3601 3193 ἀνθρωπον
3626 3123 3685 3188 ὃς
3722 3124 3828 3194 τὴν

569 3216 873 3279 ltontiuem,
912 3212 1007 3283 qui
1042 3212 1326 3268 veritatem
1372 3212 1524 3267 vobis
1553 3212 1765 3268 locutus
1814 3227 1956 3277 sum,
1983 3227 2140 3281 quam

2246 3212 2505 3284 ἀλήθειαν
2524 3213 2654 3285 ὑμῖν
2679 3213 2974 3283 λελάληκα,
3004 3214 3072 3286 ήν
3091 3215 3301 3284 ἥκουσα
3323 3216 3477 3286 παρὰ
3494 3216 3588 3269 τοῦ
3613 3216 3770 3272 Θεοῦ.
3799 3236 3821 3271 ο

558 3304 751 3359 audivi
787 3319 816 3357 a
843 3304 972 3357 Deo.
1015 3321 1035 3355 ι

632 3394 871 3462 «Qualem
907 3403 1087 3450 autem
1115 3393 1184 3449 iis
1217 3393 1429 3448 dixerat
1452 3392 1779 3449 veritatem?
1808 3393 1951 3463 quod
1991 3393 2149 3448 nimi-

556 3505 693 3544 rum
737 3487 963 3558 a-qualis
1011 3495 1155 3542 esset
1194 3484 1366 3541 Patri.
1396 3486 1601 3541 Idcirco
1649 3485 1792 3541 enim
1839 3487 2149 3555 quazrebant

575 3581 746 3650 ipsum
784 3579 1090 3635 interficere
1119 3576 1312 3632 Jttdmi.

649 3673 810 3728 νεεδ.
835 3672 925 3726 42.
964 3689 983 3723 ι
1032 3671 1177 3726 Dixit
1207 3684 1336 3741 ergo
1364 3670 1454 3724 eis
1493 3667 1648 3724 .lesus
1670 3686 1690 3722 .-
1731 3666 1788 3723 Si
1820 3668 1962 3723 Deus
1990 3667 2148 3722 Pater

574 3776 752 3818 vester
791 3772 954 3827 esset,
991 3761 1285 3832 diligeretis
1321 3763 1506 3829 utique
1562 3774 1646 3815 me
1686 3777 1705 3813 :
1739 3774 1839 3829 ego
1882 3761 2026 3814 enim
2078 3773 2145 3814 ex

576 3855 975 3926 Deoprocessi,
1007 3863 1060 3909 et
1097 3854 1218 3907 veni
1256 3867 1271 3906 :
1306 3867 1481 3921 neque
1504 3851 1648 3906 enim
1679 3867 1707 3905 a
1761 3851 1966 3921 tneipso
1999 3850 2142 3915 veni,

574 3949 666 4003 sed
695 3948 783 4001 ille
812 3962 895 3999 me
925 3945 1090 3999 tttisit.
1129 3962 1148 3995 ι

642 4036 829 4091 5ἰίηο
860 4036 1189 4105 diligeretis,
1226 4035 1330 4089 boc
1358 4034 1574 4104 signum
1604 4034 1745 4088 foret
1791 4047 1889 4088 vos
1927 4048 1992 4087 cx
2040 4033 2146 4089 Deo

556 4143 734 4194 esse;
766 4127 1029 4181 cbaritate
1077 4126 1343 4194 siquidem
1372 4126 1429 4180 in
1474 4124 1592 4193 ejus
1640 4125 1778 4179 ﬁlios
1799 4126 2142 4194 adnptatnur.

539 4207 542 4209 Α
569 4218 854 4285 Quomodo
884 4232 1014 4286 ergo
1040 4232 1134 4271 vos
1164 4217 1305 4271 inter
1343 4217 1435 4272 Dei
1487 4217 1628 4271 tilios
1663 4218 1942 4287 aggregari
1970 4218 2146 4287 possi-

576 4312 665 4375 tis,
698 4323 819 4363 cum
856 4324 963 4362 non
1002 4307 1238 4375 diligatis
1275 4323 1401 4361 eunt
1453 4308 1543 4377 qni
1582 4309 1633 4362 in
1675 4311 1946 4378 propriam
1991 4324 2142 4363 suam

561 4406 802 4457 fortnam
832 4401 1033 4471 redigit
1061 4402 1347 4456 credentes
1382 4402 1434 4454 itt
1468 4400 1640 4467 illum,
1668 4402 1921 4471 quoniam
1952 4412 2142 4456 natura

2330 3392 2612 3465 Ἀλήθειαν
2644 3394 2702 3447 δέ
2736 3394 2896 3449 ποίαν
2937 3394 3125 3465 ἔλεγεν
3153 3396 3374 3460 αύτοῖς;
3406 3397 3531 3450 Ὅτι
3564 3397 3678 3461 ίσος
3706 3398 3828 3467 εἰμὶ

2248 3486 2325 3557 τῷ
2356 3487 2553 3558 Πατρί·
2585 3485 2674 3540 διὰ
2702 3486 2810 3558 γὰρ
2837 3487 2995 3542 τοῦτο
3027 3486 3253 3560 ἐζήτουν
3281 3488 3445 3544 αὑτὸν
3483 3490 3534 3543 οί
3576 3490 3826 3544 Ἰουδαῖοι

2247 3579 2585 3634 ἀποκτεῖναι.

2321 3686 2339 3719 ι
2376 3664 2542 3721 Εἶπεν
2573 3668 2756 3732 αὐτοῖς
2782 3670 2811 3723 6
2854 3667 3059 3739 Ἰησοῦς
3079 3686 3095 3702 ⁶
3130 3672 3193 3724 Εἰ
3222 3673 3251 3725 6
3282 3671 3415 3736 Θεὸς
3451 3674 3642 3745 Πατὴρ
3672 3675 3828 3745 ὑμῶν

2245 3752 2334 3827 ἦν,
2366 3759 2617 3826 ἠγαπᾶτε
2647 3758 2712 3812 ἂν
2741 3759 2844 3830 ἐμέ
2864 3776 2878 3789 ο
2910 3759 3023 3829 ἐγὼ
3052 3761 3162 3833 γὰρ
3196 3764 3260 3816 ἐκ
3293 3763 3388 3817 τοῦ
3420 3766 3556 3819 Θεοῦ
3581 3767 3826 3838 ἐξῆλθον,

2246 3850 2342 3902 καὶ
2367 3850 2505 3919 ήκω·
2530 3849 2651 3902 ούδέ
2676 3850 2786 3922 γὰρ
2805 3851 2901 3904 ἀπ’
2924 3852 3165 3924 ἐμαυτοῦ
3187 3853 3444 3925 ἐλήλυθα,
3473 3855 3590 3911 ἀλλ’
3617 3860 3830 3923 ἐκεῖνός

2249 3958 2316 4011 με
2344 3941 2652 3994 ἀπέστειλε.
2695 3960 2713 3992 ι
2878 3970 2882 3975 -

2320 4032 2379 4085 Εἰ
2418 4033 2668 4102 ἠγαπᾶτέ
2718 4051 2784 4104 με
2811 4074 2825 4100 ,
2861 4034 3021 4089 τοῦτο
3068 4039 3291 4106 σημεῖον
3330 4034 3399 4110 ἦν
3442 4040 3525 4092 ὅτι
3572 4041 3637 4092 ὲκ
3690 4041 3827 4095 Θεοῦ

2244 4121 2361 4197 ἦτε·
2391 4128 2423 4197 ή
2455 4125 2565 4196 γὰρ
2598 4127 2787 4197 ἀγάπη
2824 4129 2905 4191 εἰς
2936 4128 3207 4184 υἱοθεσίαν
3241 4132 3382 4200 ἄγει.
3415 4133 3540 4196 Πῶς
3571 4135 3727 4204 ὑμεῖς
3764 4137 3827 4189 ἐν

2247 4221 2381 4283 υἰοῖς
2426 4219 2559 4273 Θεοῦ
2594 4219 2825 4274 δύνασθε
2858 4223 3245 4294 ἀριθμεῖσθαι,
3294 4226 3397 4279 ούκ
3443 4229 3772 4296 ἀγαπῶντες
3802 4238 3828 4265 τ

2245 4310 2337 4363 τὸν
2380 4309 2824 4381 μεταπλάττοντα
2861 4316 2939 4376 εἰς
2972 4313 3113 4367 ἰδίαν
3147 4316 3392 4388 μορφὴν,
3424 4317 3514 4371 τὸν
3550 4320 3629 4382 εἰς
3661 4319 3826 4372 αὑτὸν

2246 4403 2611 4469 πιστεύοντα,
2662 4407 2744 4458 ὅτι
2784 4406 2918 4469 Θεός
2952 4406 3071 4460 ἐστι
3112 4407 3294 4477 φύσει,
3346 4410 3440 4463 καὶ
3483 4410 3611 4475 Υἱὸς
3648 4411 3821 4478 Θεοῦ;

564 4499 716 4552 Deus
742 4504 843 4560 est,
876 4510 941 4548 ac
974 4493 1139 4548 Filius
1167 4493 1281 4549 Dei.
1316 4493 1509 4548 Verum
1540 4493 1637 4559 illi,
1670 4494 1762 4564 qui
1793 4504 1938 4549 recte
1967 4509 2029 4549 ac
2057 4495 2140 4564 pie

2250 4495 2398 4565 Πλὴν
2436 4496 2632 4548 ἐκεῖνοι
2664 4498 3012 4568 ἀνεγκλήτως
3040 4499 3266 4554 καλοῦσι
3293 4501 3513 4574 Πατέρα
3544 4503 3632 4557 τὸν
3664 4502 3821 4569 Θεὸν,

560 4590 737 4644 vitam
762 4588 1070 4652 instituunt,
1106 4585 1370 4656 inculpate
1400 4584 1565 4640 Deum
1598 4586 1808 4641 Patrem
1851 4597 2062 4641 vocant.

628 4681 774 4736 'lllud
809 4691 1011 4744 autem,
1034 4677 1186 4733 Exivi
1222 4678 1543 4733 ineffabilem
1578 4688 1633 4733 et
1666 4678 1911 4751 principii
1950 4695 2143 4751 exper-

570 4784 676 4828 tem
725 4771 992 4842 significat
1028 4769 1428 4840 generationem
1463 4787 1477 4823 :
1535 4766 1661 4823 Vem’
1690 4784 1819 4825 vero
1861 4771 1980 4841 ejus
2021 4785 2143 4827 cum

570 4880 736 4920 carne
765 4865 826 4918 in
855 4866 1000 4918 hunc
1027 4862 1285 4917 mundum
1314 4862 1618 4931 ingressum
1656 4862 1917 4918 insinuat.

647 4955 810 5009 ths.
837 4954 933 5009 Μ.
987 4973 1006 5006 ι
1039 4955 1152 5009 ‘Vos
1182 4970 1248 5010 ex
1280 4964 1433 5024 patre
1461 4955 1675 5010 diabolo
1702 4955 1832 5010 estis
1861 4975 1874 5010 :
1909 4966 1962 5010 et
2006 4956 2147 5011 desi-

571 5048 720 5102 deria
764 5048 930 5116 patris
963 5047 1128 5101 vestri
1161 5046 1324 5102 vultis
1355 5044 1556 5101 facere.
1595 5045 1686 5100 Ille
1729 5047 1995 5101 homicida
2028 5056 2147 5102 erat

572 5140 641 5195 ab
685 5140 872 5204 initio,
906 5148 962 5193 et
1012 5138 1064 5192 in
1095 5139 1324 5193 veritate
1377 5154 1482 5194 non
1524 5139 1675 5194 stetit
1716 5157 1730 5194 :
1763 5139 1885 5207 quia
1926 5153 2029 5193 non
2063 5148 2148 5193 est

571 5232 775 5286 veritas
804 5230 962 5285 ineo.
988 5230 1125 5286 Cum
1151 5230 1397 5299 loquitur
1428 5231 1793 5294 mendacium,
1823 5245 1885 5284 ex
1915 5230 2146 5301 propriis

572 5320 830 5390 loquitur,
859 5321 981 5391 quia
1012 5323 1241 5376 mendax
1271 5332 1375 5387 est,
1411 5332 1465 5376 et
1482 5332 1649 5391 pater
1678 5322 1815 5389 ejus.
1857 5339 1874 5371 ι

616 5496 755 5556 ΔΗοι)
780 5514 883 5553 non
908 5514 975 5553 eo
1002 5499 1157 5565 dixit,
1184 5501 1325 5569 quod
1356 5499 1604 5556 diabOlus
1630 5502 1841 5558 essendi
1867 5503 1947 5558 eis
1975 5518 2136 5559 causa

571 5589 663 5654 sit,
695 5590 788 5644 sed
823 5590 1239 5660 tlcptavationis,
1276 5605 1396 5660 qnte
1425 5604 1491 5646 ex
1524 5592 1763 5648 moribus
1784 5594 2032 5662 exsistit,
2064 5593 2139 5649 uti

565 5692 759 5733 sensus
801 5678 1091 5744 orationis,
1127 5679 1251 5734 licet
1281 5678 1544 5749 breviter,
1584 5680 1853 5739 insinuat.
1880 5686 1960 5741 Ac
1986 5687 2030 5742 si
2061 5687 2140 5743 di-

634 5801 663 5831 v
695 5792 787 5848 Cr.
812 5795 911 5848 οὑκ
942 5793 1266 5863 ἀγαπῶντες
1302 5795 1440 5867 sua;

2248 4589 2295 4640 οἱ
2320 4587 2556 4651 εὐσεϐῶς
2584 4588 3010 4661 πολιτευόμενοι.

2313 4680 2387 4733 Τὸ
2434 4680 2511 4747 δὲ,
2553 4680 2881 4751 ἘξῆλΘΟν,
2932 4684 3031 4755 τήν
3080 4686 3144 4739 ἐκ
3190 4687 3402 4759 Πατρὸς
3450 4687 3688 4761 ἄρρητον
3731 4692 3826 4744 καὶ

2244 4773 2479 4843 ἄναρχον
2513 4776 2767 4846 σημαίνει
2791 4776 3066 4846 γέννησιν·
3097 4779 3159 4832 τὸ
3187 4779 3244 4832 δέ
3270 4781 3427 4837 Ἥκω
3448 4783 3548 4853 τήν
3581 4785 3639 4836 ἐν
3689 4783 3823 4853 τῷδε

2244 4865 2323 4936 τῷ
2350 4864 2541 4936 κόσμῳ
2569 4867 2803 4939 πάροδον
2827 4870 2967 4939 μετὰ
2997 4872 3219 4943 σαρκός.

2323 4975 2342 5007 ι
2391 4956 2579 5028 Ὑμεῖς
2607 4960 2672 5012 ἐκ
2711 4960 2805 5012 τοῦ
2850 4962 3057 5033 πατρὸς
3099 4962 3347 5018 διαϐόλου
3381 4966 3538 5020 ἐστέ·
3585 4970 3681 5021 καὶ
3726 4970 3824 5033 τὰς

2243 5048 2541 5120 ἐπιθυμίας
2580 5050 2675 5104 τοῦ
2706 5053 2911 5127 πατρὸς
2951 5055 3105 5127 ὑμῶν
3133 5056 3315 5111 θέλετε
3354 5061 3547 5115 ποιεῖν.
3588 5060 3825 5127 Ἐκεῖνος

2243 5141 2692 5212 ἀνθρωποκτόνος
2720 5141 2789 5216 ἦν
2821 5147 2917 5201 ἀπ’
2943 5148 3138 5220 ἀρχῆς,
3163 5151 3257 5203 καὶ
3281 5152 3340 5206 ἐν
3370 5153 3436 5222 τῇ
3467 5152 3699 5224 ἀληθείᾳ
3724 5154 3824 5224 ούχ

2243 5232 2491 5305 ἔστηκεν·
2526 5236 2606 5290 ὅτι
2633 5237 2734 5291 οὐκ
2760 5237 2906 5293 ἔστιν
2934 5240 3164 5311 ἀλήθεια
3199 5244 3257 5295 ἐν
3284 5243 3453 5315 αὐτῷ.
3486 5246 3657 5299 Ὅταν
3687 5246 3822 5317 λαλῇ

2243 5324 2305 5378 τὸ
2327 5325 2543 5395 ψεῦδος,
2579 5330 2645 5382 ἐκ
2673 5329 2782 5385 τῶν
2811 5331 2958 5386 ἰδίων
2980 5333 3151 5399 λαλεῖ,
3177 5334 3260 5389 ὅτι
3289 5335 3533 5409 ψεύστης
3560 5338 3702 5405 ἐστὶ,
3729 5340 3825 5391 καὶ

2244 5416 2273 5468 6
2304 5418 2485 5491 πατὴρ
2513 5420 2702 5475 αὑτοῦ.
2740 5441 2758 5474 t

2319 5507 2489 5562 Τοῦτο
2518 5509 2693 5576 εἶπεν,
2724 5511 2823 5583 ούχ
2861 5513 2942 5567 ὅτι
2971 5514 3066 5568 τοῦ
3102 5511 3243 5571 εἶναι
3277 5519 3475 5584 αὐτοὺς
3510 5522 3538 5574 ὁ
3576 5521 3824 5586 διάὗολος

2247 5599 2438 5663 αἴτιος,
2475 5601 2613 5656 ἀλλά
2650 5602 2742 5657 τοῦ
2780 5608 3053 5678 πονηροὺς
3077 5611 3386 5678 γεγονέναι,
3424 5604 3568 5685 ὅπερ
3605 5614 3670 5668 ὲκ
3695 5615 3824 5684 τρό-

2248 5707 2365 5747 πων
2391 5692 2632 5762 γίνεται,
2660 5695 2737 5759 ὡς
2767 5698 2824 5752 ἐν
2855 5701 3108 5771 συντόμῳ
3133 5703 3161 5754 6
3187 5701 3312 5767 νοῦς
3347 5703 3441 5758 τοῦ
3475 5704 3636 5774 λόγου
3664 5705 3825 5760 τοῦτο
