4130 6524
366 408 504 475 1453

1415 414 1874 473 FRAGMENTA
1910 414 1988 472 IN
2033 416 2093 473 s.
2134 374 2508 474 JOANNEM.
2586 394 2595 409 ’

3457 409 3593 477 1456

362 516 639 588 σημαίνει.
668 517 730 570 Ei
759 517 852 570 καὶ
875 516 1084 585 ἀσαφές
1118 519 1258 580 ἐστι,
1285 519 1730 589 πρεπωδέστερον
1758 521 1785 571 6
1807 519 1913 571 διά-

2027 528 2139 584 cat,
2169 520 2417 573 diabolus
2437 559 2452 582 ,
2479 519 2571 588 qui
2599 519 2863 574 homicida
2890 530 2973 575 est
3002 534 3065 575 ac
3102 520 3327 575 mendax
3348 560 3364 586 ,
3394 536 3592 579 conve-

361 608 513 670 δολος
543 607 861 675 ὀνομάζοιτο
891 606 1044 676 ὑμῶν
1074 606 1258 678 πατὴρ
1286 609 1313 660 6
1348 607 1791 676 ἀνθρωποκτόνος
1830 608 1925 659 καὶ

359 698 621 767 ψεύστης.
652 697 826 760 Δὺτὺς
856 697 1073 762 πρῶτος
1104 697 1256 750 ἔτεκε
1289 698 1351 750 τὸ
1379 697 1593 767 ψεῦδος,
1616 698 1779 769 ἕτερα
1808 696 1926 751 ἀνθ’

358 789 559 860 ἐτέρων
590 784 762 839 είπὼν
794 786 928 857 πρὸς
957 786 1055 857 τὴν
1081 787 1248 840 Εὕαν.
1281 786 1505 859 [ειμι]

429 884 650 953 Πατέρα
685 882 795 933 τῶν
835 880 1102 934 Ἰουδαίων
1131 882 1285 934 καλεῖ
1312 882 1399 934 τὸν
1429 883 1588 947 Κάῖν,
1619 882 1678 947 ὃς
1714 883 1927 952 πρῶτος

359 972 659 1043 ἀνθρώπων
708 971 938 1040 φθόνου,
993 973 1088 1025 καὶ
1138 972 1320 1041 φόνου,
1379 974 1475 1026 καὶ
1524 972 1786 1042 ψεύδους,
1832 972 1927 1025 καὶ

358 1064 573 1131 ἀπάτης
596 1062 840 1133 ἀρχηγὸς
862 1062 1051 1129 γέγονε
1080 1062 1220 1131 μετά
1245 1063 1339 1115 τὸν
1366 1065 1632 1128 Σατανᾶν,
1656 1058 1827 1134 οὗπερ
1860 1061 1925 1115 ἂν

358 1148 581 1217 δικαίως
608 1152 945 1224 ὀνομάζοιτο.
981 1150 1078 1217 Οἷς
1106 1155 1283 1224 ὅμοιοι
1328 1154 1599 1218 Ἰουδαῖοι,
1629 1155 1722 1208 καὶ
1763 1155 1871 1215 πᾶς
1897 1153 1925 1205 ό

358 1246 580 1309 τούτους
642 1245 996 1315 μιμούμενος.
1057 1244 1265 1299 Οὐκοῦν
1307 1246 1457 1299 οὑδέν
1513 1244 1736 1308 ἀπεικὸς
1780 1244 1925 1313 κάμὲ

360 1336 487 1390 Υἱδν
509 1332 646 1389 εἶναι
667 1334 761 1388 τοῦ
788 1334 1022 1405 ἀληθοῦς
1046 1334 1207 1399 Θεοῦ,
1239 1334 1329 1386 τὸν
1350 1333 1419 1386 τὰ
1439 1333 1610 1403 ἀληθῆ
1638 1331 1927 1395 λαλοῦντα,

360 1428 454 1481 καὶ
489 1427 634 1496 ὑμᾶς
668 1426 749 1479 δεῖ
779 1424 1056 1478 πιστεύειν
1093 1426 1216 1495 ἐμοὶ
1243 1425 1321 1495 τῷ
1351 1424 1420 1477 τὰ
1449 1423 1622 1494 ἀληθῆ
1655 1421 1921 1475 λαλοῦντι.

358 1516 530 1579 Αὐτὸς
553 1517 619 1569 ’δὲ
658 1515 747 1569 διὰ
792 1519 895 1587 τῆς
937 1516 1222 1586 παρακοῆς
1261 1516 1547 1568 ἀπέκτεινε
1589 1513 1679 1567 τὸν
1733 1513 1919 1583 Ἀδὰμ,

361 1609 455 1662 καὶ
488 1609 556 1660 δι’
592 1607 756 1660 αὑτοῦ
787 1608 913 1670 τοὺς
942 1606 1161 1670 λοιποὺς
1192 1605 1534 1676 ἀνθρώπους.

433 1718 453 1751 ι
495 1700 591 1761 Τίς
630 1698 689 1762 ἐξ
714 1698 866 1767 ὑμῶν
897 1697 1105 1765 ἐλέγξει
1154 1714 1220 1766 με
1256 1697 1383 1768 περὶ
1414 1695 1719 1767 ἀμαρτίας;
1762 1696 1826 1749 Εἰ
1866 1695 1922 1748 δὲ

357 1789 614 1857 ἀλήθειαν
642 1788 806 1856 λέγω,
842 1788 930 1840 διὰ
952 1788 1004 1839 τί
1035 1788 1195 1857 ὑμεῖς
1222 1787 1282 1840 οὑ
1309 1786 1596 1839 πιστεύετέ
1626 1802 1716 1854 μοι
1744 1802 1759 1851 ;
1794 1803 1814 1837 ι

2036 607 2273 661 nientius
2316 617 2494 661 vester
2523 618 2675 676 pater
2707 610 3022 678 appelletur.
3051 609 3168 678 Ipse
3201 612 3406 679 primus
3438 613 3593 669 falla-

2033 696 2169 751 ciam
2198 697 2417 765 genuit,
2445 696 2548 750 alia
2579 712 2675 766 pro
2702 698 2821 753 aliis
2849 697 2974 754 Eva:
3000 700 3207 756 dicens.

2098 894 2306 949 Patrem
2336 895 2642 952 Judwornm
2676 910 2831 955 vocat
2862 903 3089 958 Cainum
3113 943 3128 968 ,
3154 906 3245 975 qui
3285 918 3403 977 post
3436 910 3591 967 Sata-

2028 1002 2151 1040 nam
2189 987 2374 1057 (cujus
2409 990 2599 1044 merito
2642 991 2783 1046 [ilius
2811 994 3152 1059 nominetur)
3182 999 3386 1067 primus
3414 1002 3591 1058 homi-

2028 1091 2190 1141 num,
2222 1077 2365 1141 odii,
2412 1078 2575 1133 caadis
2627 1089 2789 1150 atque
2839 1084 3102 1139 mendacii
3154 1096 3209 1142 et
3261 1089 3592 1159 deceptionis

2027 1173 2217 1228 auctor
2248 1166 2472 1220 exstitit.
2506 1167 2710 1232 Quibus
2731 1184 2837 1223 non
2862 1172 3137 1228 absimiles
3154 1173 3347 1243 Judaei,
3368 1189 3423 1232 et
3443 1182 3591 1248 quis-

2024 1257 2146 1324 quis
2191 1257 2335 1327 ipsos
2372 1259 2629 1313 imitatur.
2664 1258 2842 1325 Quare
2876 1278 3091 1333 quoque
3137 1282 3267 1321 vero
3298 1284 3405 1321 non
3450 1272 3593 1324 absi-

2028 1346 2155 1400 tnile
2199 1356 2319 1411 est,
2352 1363 2436 1401 me
2464 1363 2587 1404 esse
2626 1350 2737 1404 veri
2781 1351 2872 1406 Dei
2906 1353 3099 1407 Filium
3137 1357 3226 1424 qui
3261 1372 3388 1411 vera
3415 1359 3588 1424 dicat,

2020 1432 2287 1504 vobisque
2310 1432 2438 1490 mihi
2462 1454 2585 1493 vera
2614 1442 2814 1495 dicenti
2846 1442 2977 1497 (ides
3003 1444 3301 1500 adhibenda
3333 1458 3434 1502 est.
3468 1451 3591 1506 Dia-

2027 1524 2180 1579 bolus
2208 1540 2335 1579 vero
2377 1540 2472 1594 per
2512 1529 2927 1584 inohedientiam
2967 1534 3165 1588 occidit
3202 1534 3503 1604 Adamum,
3536 1548 3591 1594 et

2025 1629 2124 1685 per
2151 1613 2296 1666 illum
2330 1625 2555 1668 caeteros
2586 1618 2849 1672 homines.

2099 1704 2266 1759 Vens.
2301 1706 2389 1761 46.
2424 1724 2442 1756 ι
2482 1706 2613 1773 Quis
2638 1724 2702 1763 ex
2730 1711 2883 1766 vobis
2911 1724 3100 1784 arguet
3124 1731 3209 1771 me
3237 1717 3304 1774 de
3331 1724 3593 1790 peccato?

2029 1795 2084 1850 Si
2117 1798 2397 1850 veritatem
2428 1798 2548 1851 dico
2577 1800 2752 1862 vobis,
2779 1816 2945 1868 quare
2978 1819 3083 1858 non
3116 1808 3335 1861 creditis
3360 1810 3528 1862 mihi?
3562 1827 3585 1863 ι

429 1880 597 1932 Τοῦτο
629 1874 803 1945 εἶπεν,
822 1880 908 1931 ἴνα
936 1882 998 1931 ἐκ
1024 1878 1125 1947 τῆς
1158 1877 1252 1930 τοῦ
1271 1877 1385 1948 βίου
1404 1876 1774 1947 καθαρότητος
1799 1875 1913 1928 δυσ-

2097 1884 2211 1941 Hoc
2241 1888 2411 1952 dixit,
2450 1898 2509 1943 ut
2538 1889 2660 1944 vita:
2685 1905 2795 1945 suae
2827 1892 3131 1947 innocentia
3163 1911 3225 1949 ac
3260 1898 3493 1966 puritate
3528 1902 3590 1953 il—

359 1971 557 2041 ωπήσῃ
610 1970 838 2033 αὑτοὺς,
880 1969 1195 2036 ἀποφαίνων
1225 1970 1307 2021 ὅτι
1347 1966 1476 2031 Θεὸς
1518 1966 1594 2020 ὢν
1635 1967 1921 2037 ἄτρεπτος.

361 2064 676 2133 περιπεσεῖν
697 2064 765 2132 τῇ
795 2060 1041 2131 ἁμαρτίᾳ
1062 2059 1124 2112 οὑ
1155 2060 1396 2114 δύναται.
1418 2060 1576 2111 Πᾶσα
1598 2058 1708 2129 γὰρ
1739 2059 1925 2127 ἀμαρ-

357 2154 468 2217 τὶα,
508 2154 572 2204 ἐκ
611 2151 968 2223 παρατροπῆς
1006 2149 1098 2203 τοῦ
1143 2148 1443 2219 βελτίονος,
1490 2148 1582 2200 ἐπὶ
1621 2148 1681 2200 τὸ
1721 2147 1922 2217 φαῦλον

362 2242 697 2311 μεταδαίνει.

433 2353 453 2385 ι
498 2334 556 2385 ’Θ
583 2332 662 2385 ὣν
686 2334 752 2385 ἐκ
772 2330 866 2384 τοῦ
891 2329 1048 2395 Θεοῦ,
1077 2330 1148 2384 τὰ
1174 2331 1245 2402 ρή
1256 2348 1400 2401 ματα
1426 2330 1519 2384 τοῦ
1556 2330 1689 2383 Θεοῦ
1712 2328 1916 2383 ἀκούει.
1964 2406 1970 2413 ι

358 2424 459 2476 Διὰ
488 2424 645 2476 τοῦτο
676 2424 834 2494 ὑμεῖς
877 2422 977 2475 οὑκ
1014 2420 1276 2487 ἀκούετε,
1307 2422 1389 2476 ὅτι
1418 2423 1483 2476 ἐκ
1524 2422 1615 2475 τοῦ
1646 2420 1781 2475 Θεοῦ
1820 2421 1920 2475 οὑκ

355 2516 506 2571 ἐστέ.
546 2535 564 2567 ι

428 2608 469 2658 Τ
473 2607 567 2668 οὺς
594 2605 815 2668 πιστοὺς
845 2605 901 2658 δὲ
928 2619 953 2646 ι
981 2605 1046 2658 ἐκ
1078 2604 1172 2657 τοῦ
1203 2603 1336 2659 Θεοῦ
1374 2604 1543 2672 λέγει,
1575 2605 1634 2657 οὑ
1675 2604 1794 2658 κατ’
1828 2606 1919 2658 οὑο

357 2702 501 2763 σῖαν,
533 2700 668 2753 ἀλλὰ
698 2700 838 2753 κατά
864 2700 926 2752 τὸ
948 2700 1006 2764 ἐξ
1026 2700 1191 2752 αὑτοῦ
1210 2700 1301 2752 τὸν
1325 2699 1493 2754 τύπον
1516 2701 1613 2771 τῆς
1639 2697 1919 2762 εὐσεϐείας

357 2792 560 2857 λαϐεῖν,
584 2792 677 2844 καὶ
694 2791 1043 2860 οἰκειωθῆναι
1066 2789 1235 2860 αὑτῷ,
1259 2790 1318 2854 ἐξ
1340 2791 1560 2861 ἀρετῆς,
1581 2792 1672 2843 καὶ
1692 2789 1916 2859 ἐννόμου

356 2882 653 2946 πολιτείας.
688 2883 760 2934 Τὸ
792 2882 847 2935 δὲ
868 2923 883 2949 ,
914 2882 1156 2947 Ἀκούει,
1185 2882 1334 2950 λέγει
1379 2882 1442 2935 οὑ
1487 2884 1598 2942 τοῖς
1643 2879 1916 2950 αἰσθητοῖς

355 2971 511 3037 ὢτοις
535 2981 585 3037 1,
609 2970 743 3025 ἀλλὰ
769 2974 888 3035 ταῖς
914 2972 1013 3042 τῆς
1041 2970 1222 3042 ψυχῆς
1252 2970 1705 3040 συγκαταθέσεσι.

424 3148 673 3202 Δείκνυσι
708 3149 764 3202 δὲ
787 3158 810 3185 τ
839 3149 921 3202 ὅτι
948 3148 1009 3201 οὑ
1029 3160 1054 3189 ι
1082 3146 1170 3200 διὰ
1197 3146 1355 3200 τοῦτο
1383 3148 1483 3200 οὑκ
1511 3147 1793 3201 ἐπίστευον
1816 3148 1913 3201 αὑ-

350 3240 450 3310 τῷ,
494 3241 578 3294 ὅτι
608 3240 683 3303 ὡς
726 3240 958 3309 ἀντιθέῳ
988 3241 1299 3309 προσεῖχον,
1324 3238 1438 3292 ἀλλ’
1470 3239 1497 3279 ι)
1528 3240 1609 3293 ὅτι
1628 3241 1721 3293 καὶ
1756 3239 1911 3294 ἀλλό-

350 3347 492 3401 τριοι
519 3327 659 3401 ἦσαν
683 3330 775 3382 τοῦ
802 3330 959 3384 Θεοῦ.

426 3441 445 3473 ι
506 3420 908 3492 Ἀπεκρίθησαν
936 3414 1029 3473 οῦν
1066 3422 1114 3472 οἱ
1156 3420 1421 3484 Ἰουδαῖοι,
1470 3420 1565 3474 καὶ
1599 3415 1784 3473 εἷπον·
1838 3421 1912 3473 Οὑ

351 3511 532 3575 καλῶς
570 3511 801 3580 λέγομεν
845 3513 1041 3581 ἡμεῖς,
1074 3511 1157 3565 ὅτι
1201 3498 1548 3580 Σαμαρείτης
1594 3506 1645 3562 εἷ
1686 3511 1772 3575 σὺ,
1822 3511 1913 3563 καὶ

348 3603 622 3671 δαιμόνιον
643 3601 821 3672 ἔχεις;
862 3621 879 3653 ι

416 3695 766 3765 Δαιμονῶντα
797 3693 1019 3747 καλοῦσι
1046 3694 1136 3747 τὸν
1163 3693 1411 3762 δαίμοσιν
1440 3692 1815 3755 ἐπιτάττοντα,
1850 3692 1913 3743 ἐκ

349 3788 547 3858 μανίας
576 3786 838 3857 ἀμέτρου.
868 3786 991 3838 Ὅτι
1014 3786 1109 3839 καὶ
1133 3785 1476 3854 Σαμαρείτην
1511 3782 1672 3836 αὑτὸν
1706 3783 1907 3850 ἔλεγον,

345 3879 441 3931 καὶ
496 3879 552 3930 ἐν
591 3880 705 3940 τοῖς
742 3877 918 3930 ὀπίσω
962 3877 1061 3929 οὑκ
1111 3874 1355 3946 ἐμνήσθη
1417 3877 1445 3927 6
1496 3873 1906 3943 εὑαγγελιστής.

344 3969 691 4041 Σαμαρείτην
718 3968 774 4022 δὲ
801 3969 1028 4022 ἐκάλουν
1048 3968 1138 4020 τὸν
1166 3967 1390 4037 Κύριον,
1414 3966 1490 4028 ὡς
1515 3965 1909 4035 ἀδιαφοροῦντα

345 4063 472 4132 περὶ
500 4062 597 4124 τὰς
624 4062 852 4131 νομικὰς
882 4061 1123 4125 ἐντολὰς,
1158 4062 1254 4112 καὶ
1288 4059 1481 4112 λύοντα
1510 4058 1571 4110 τὸ
1606 4056 1906 4112 Σάὅδατον’

342 4156 391 4206 οἱ
414 4152 521 4224 γὰρ
552 4154 891 4222 Σαμαρεῖται
924 4152 1024 4203 οὑκ
1051 4150 1292 4221 ἀκριϐῶς
1334 4150 1703 4214 ’1ουδαΐζουσι.

417 4349 435 4381 ι
489 4328 785 4399 Ἀπεκρίθη
846 4328 1084 4397 Ἰησοῦς·
1137 4328 1277 4396 Ἐγὼ
1324 4329 1597 4398 δαιμόνιον
1638 4330 1736 4382 οὑκ
1775 4328 1903 4399 ἔχω,

340 4420 478 4473 ἀλλὰ
524 4420 668 4489 τιμῶ
708 4420 797 4472 τὸν
840 4420 1062 4490 Πατέρα
1109 4438 1233 4491 μου,
1272 4420 1368 4474 καὶ
1415 4421 1572 4490 ὑμεῖς
1614 4422 1906 4492 ἀτιμάζετέ

342 4530 431 4583 με.
477 4532 496 4565 ι

411 4605 580 4657 Ὅταν
602 4602 913 4675 ὑϐρίζηται,
938 4604 1128 4675 πράως
1152 4604 1326 4675 φέρει,
1349 4604 1615 4658 διδάσκων
1637 4606 1783 4676 ἡμᾶς
1809 4606 1908 4669 τάς

339 4700 417 4761 εἰς
452 4697 649 4759 αὐτοὺς
680 4697 864 4767 ὕϐρεις
914 4698 1184 4767 παρορᾷν.
1227 4696 1394 4749 Ἔνθα
1425 4696 1482 4750 δὲ
1509 4696 1694 4765 ελεγον
1728 4698 1907 4751 αὑτῶν

341 4785 562 4858 Πατέρα
591 4788 681 4841 τὸν
723 4788 874 4849 Θεὸν,
902 4788 1147 4859 σφοδρῶς
1174 4789 1353 4843 αὑτῶν
1386 4790 1747 4855 καθάπτεται,
1777 4800 1905 4842 παι-

334 4878 503 4933 δεύων
534 4880 681 4948 ἡμᾶς
711 4880 779 4933 τὰ
807 4881 887 4942 εἰς
921 4880 1051 4933 Θεὸν
1083 4881 1337 4934 ἐκδικεῖν.

412 4988 429 5020 ι
470 4970 612 5037 Ἐγὼ
644 4970 701 5022 δὲ
730 4971 788 5023 οὑ
821 4969 969 5041 ζητῶ
1005 4972 1104 5042 τὴν
1134 4972 1292 5036 δόξαν
1328 4989 1452 5042 μου.
1488 4990 1507 5024 ι

403 5140 468 5191 Et
489 5140 598 5210 γὰρ
623 5141 721 5211 τῆς
746 5141 902 5211 δόξης
931 5144 1183 5215 ἐφιέμην,
1221 5147 1319 5199 οὑκ
1352 5145 1437 5212 ἂν,
1467 5147 1524 5198 ἐν
1553 5148 1734 5217 μορφῇ
1761 5145 1895 5200 Θεοῦ

337 5231 615 5301 ὑπάρχων,
648 5232 948 5301 ἐλάμϐανον
969 5236 1154 5290 δούλου
1198 5238 1435 5308 μορφὴν,
1461 5240 1555 5291 καὶ
1580 5240 1897 5294 ἐταπείνουν

335 5322 572 5390 ἐμαυτὸν
595 5322 684 5375 διὰ
714 5324 813 5393 τὴν
838 5325 991 5394 ὑμῶν
1026 5330 1316 5398 σωτηρίαν.
1358 5331 1494 5383 Ἀλλ’
1517 5332 1626 5384 οὐδ’
1656 5332 1722 5386 ἂν
1755 5351 1896 5403 παρ-

340 5410 449 5464 ίδον
479 5413 577 5474 τὰς
610 5415 692 5476 είς
717 5415 817 5484 ἐμὲ
850 5415 1054 5485 ὕϐρεις,
1080 5418 1216 5471 ἀλλά
1250 5420 1405 5484 δίκας
1444 5424 1755 5493 παραυτίκα
1787 5427 1898 5478 εἱσ-

338 5505 723 5574 επραττόμηψ
758 5507 875 5559 νυνὶ
892 5507 948 5560 δὲ
990 5507 1068 5577 τῷ
1090 5509 1208 5579 Θεῷ
1235 5512 1328 5564 καὶ
1354 5515 1529 5584 Πατρὶ
1555 5516 1897 5588 ἁμαρτάνετε

334 5591 435 5661 τῆς
481 5593 753 5665 ἁμαρτίας
795 5598 873 5658 είς
910 5597 1072 5650 αὑτὸν
1104 5599 1518 5673 ἀναϐαινούσης.
1573 5607 1736 5659 Οὐδὲν
1784 5608 1890 5678 γὰρ

411 5746 438 5808 ξ
469 5735 563 5788 Cr.
593 5735 806 5808 sitteBé.
879 5741 1022 5808 !_Cr.
1045 5738 1381 5808 αἰσθητικοῖς
1410 5742 1563 5797 ὠσίν.

342 5802 456 5859 ἀλλ’
489 5806 571 5859 ὃτι
602 5805 875 5877 ἀλλότριοι
910 5804 1050 5878 ἦσαν
1077 5808 1171 5860 τοῦ
1198 5802 1359 5864 Θεοῦ.

2023 1976 2104 2030 los
2130 1976 2504 2043 c0nfunderet,
2533 1993 2972 2038 commonstrans
3020 2001 3099 2051 se,
3119 1988 3260 2055 quod
3283 1987 3423 2045 Deus
3446 2001 3590 2046 esset

2024 2068 2401 2134 immutabilis,
2431 2070 2481 2124 itt
2517 2081 2794 2140 peccatum
2829 2073 2933 2129 labi
2968 2093 3074 2131 non
3106 2094 3287 2145 posse.
3310 2081 3482 2136 Omne
3513 2084 3587 2139 si-

2022 2157 2238 2227 quidem
2270 2170 2549 2228 peccatutn
2573 2163 2767 2217 accidit
2790 2180 2857 2219 ex
2885 2170 3236 2226 conversione
3267 2172 3502 2229 melioris
3532 2175 3584 2229 in

2022 2246 2193 2316 pejus.

2095 2338 2258 2396 Vsus.
2297 2343 2385 2398 47.
2418 2363 2440 2396 ι
2487 2344 2589 2411 Qui
2626 2362 2694 2401 ex
2741 2348 2851 2405 Deo
2892 2361 2997 2416 est,
3047 2355 3211 2409 verba
3266 2355 3357 2410 Dei
3407 2359 3579 2415 audit.

2021 2426 2313 2499 Propterea
2347 2448 2440 2489 vos
2470 2450 2576 2491 non
2612 2438 2831 2505 auditis,
2856 2443 2980 2510 quia
3011 2458 3075 2497 ex
3107 2444 3218 2501 Deo
3242 2461 3346 2501 non
3370 2449 3520 2506 estis.
3559 2470 3578 2503 ι

2090 2610 2300 2668 Fideles
2344 2623 2523 2670 autem
2561 2631 2626 2672 ex
2666 2617 2775 2674 Deo
2815 2635 2935 2675 esse
2974 2621 3069 2687 ait,
3128 2638 3234 2679 non
3284 2618 3580 2682 secundum

2018 2703 2411 2772 substantiam,
2444 2708 2539 2762 sed
2581 2712 2725 2778 quod
2770 2712 2838 2765 ab
2872 2714 2990 2780 ipso
3029 2728 3272 2769 normam
3318 2718 3585 2785 accipiant

2016 2795 2250 2862 pietatis,
2282 2796 2502 2865 ejusque
2526 2800 2727 2869 prOprii
2753 2801 2882 2868 sint,
2907 2818 3028 2857 cum
3056 2808 3275 2875 propter
3302 2807 3578 2873 virtutem,

2019 2894 2128 2938 tutn
2162 2896 2380 2954 propter
2420 2900 2664 2943 sanctam
2705 2892 2918 2947 vivendi
2961 2895 3246 2954 rationem.
3290 2897 3450 2953 Audit
3485 2916 3584 2955 an-

2020 2984 2158 3040 tent,
2209 2976 2417 3057 inquit“,
2457 2995 2560 3033 non
2592 2982 2815 3038 auribus
2845 2985 3117 3042 sensitivis
3151 2992 3247 3044 sed
3279 2993 3442 3047 animi
3492 3010 3578 3049 as-

2015 3082 2197 3124 sensu.

2091 3160 2337 3216 Ostendit
2370 3174 2572 3230 autem,
2613 3167 2732 3225 illos
2766 3185 2870 3224 non
2898 3181 3180 3240 propterea
3210 3175 3258 3230 ei
3282 3175 3442 3231 tidem
3469 3194 3577 3234 non

2020 3252 2366 3319 adhibuisse,
2404 3255 2546 3322 quod
2597 3255 2691 3311 Dei
2752 3260 3121 3317 adversarium
3166 3264 3575 3335 existimarent,

2017 3341 2110 3393 sed
2148 3340 2363 3408 ipsintet
2389 3357 2420 3395 a
2454 3342 2560 3397 Deo
2590 3345 2752 3400 alieni
2773 3349 3120 3407 exsisterent.

2089 3430 2253 3487 Vens.
2292 3433 2381 3488 48.
2425 3454 2443 3486 ‹
2484 3436 2893 3507 Responderunt
2932 3457 3059 3513 ergo
3097 3441 3301 3510 Judaei,
3340 3456 3396 3502 et
3426 3449 3578 3504 dixe-

2014 3532 2139 3576 runt
2169 3525 2218 3577 ei
2244 3542 2258 3578 :
2285 3524 2471 3581 Nonne
2500 3527 2634 3582 bene
2664 3530 2890 3587 dicimus
2910 3550 3029 3601 nos,
3050 3537 3175 3605 quia
3204 3536 3576 3599 Samaritanus

2012 3627 2070 3666 es
2099 3622 2176 3678 tu,
2208 3624 2261 3668 et
2292 3616 2610 3671 dtmnoniunt
2645 3620 2856 3676 babes?
2885 3641 2905 3676 ο

2082 3702 2201 3758 Prre
2226 3706 2387 3759 nimia
2409 3710 2622 3763 vesania
2652 3711 2972 3768 daemonium
2992 3714 3191 3772 habere
3214 3719 3397 3774 dicunt
3421 3736 3569 3788 eum,

2012 3795 2102 3864 qui
2136 3794 2471 3852 daemonibus
2515 3801 2832 3871 imperabat.
2883 3804 3035 3872 Quod
3067 3818 3124 3862 et
3170 3810 3569 3869 Samaritanum
3666 3858 3671 3869 κ

2010 3900 2133 3936 eum
2162 3885 2566 3953 appellaverint,
2597 3900 2779 3960 postea
2806 3907 2910 3947 non
2940 3896 3183 3951 meminit
3219 3902 3567 3970 evangelista.

2012 3975 2299 4030 Dominum
2334 3988 2513 4032 autem
2548 3984 2812 4038 vocabant
2845 3984 3244 4043 Samaritanutn
3266 4032 3284 4057 ,
3311 3994 3450 4060 quod
3491 3994 3568 4049 le-

2008 4066 2147 4134 galia
2187 4066 2438 4121 mandata
2470 4084 2574 4124 non
2602 4073 2937 4142 observaret,
2972 4094 3036 4134 ac
3072 4080 3363 4137 Sabbatum
3396 4085 3570 4141 solve-

2012 4168 2093 4212 ret
2126 4178 2141 4215 :
2180 4159 2503 4218 Satnaritani
2538 4181 2767 4237 namque
2800 4185 2905 4226 non
2939 4175 3159 4231 omnino
3197 4188 3449 4234 accurate
3481 4180 3571 4249 ju-

2008 4248 2313 4306 daizabant.

2081 4339 2243 4395 VERS.
2284 4342 2372 4396 49.
2423 4362 2442 4395 ι
2492 4341 2787 4416 Respondit
2828 4350 2983 4407 Jesus
3030 4373 3043 4408 :
3088 4355 3195 4425 Ego
3244 4359 3567 4414 dannonium

2008 4448 2114 4486 non
2147 4434 2319 4489 habeo
2353 4452 2367 4489 :
2417 4440 2511 4493 sed
2543 4440 2840 4496 honoriﬁco
2880 4443 3091 4499 Patrem
3140 4464 3339 4517 meum,
3369 4462 3424 4507 et
3472 4470 3566 4509 vos

1934 4521 1980 4576 D
2011 4522 2373 4581 inhonorastis
2402 4544 2507 4583 me.
2544 4548 2563 4580 ι

2074 4614 2304 4679 Quando
2345 4613 2683 4674 contumeliis
2718 4621 2977 4688 aﬂicitur,
3019 4641 3173 4694 mquo
3213 4631 3390 4685 animo
3434 4632 3562 4699 fert,

2004 4706 2203 4761 docens
2234 4723 2329 4761 nos
2367 4710 2718 4765 contumelias
2754 4715 2909 4769 nobis
2948 4716 3208 4786 irrogatas
3258 4721 3558 4791 despicere.

2003 4790 2104 4849 Ubi
2130 4812 2256 4850 vero
2299 4798 2555 4852 dixerunt
2575 4798 2785 4856 Patrem
2815 4820 2972 4859 suum
3001 4822 3120 4863 esse
3144 4808 3308 4864 Deunt
3327 4829 3341 4878 ;
3360 4790 3563 4869 acriter

2002 4885 2120 4939 illos
2147 4886 2480 4956 increpabat,
2508 4889 2602 4944 Dei
2632 4891 2855 4962 injurias
2883 4911 2981 4950 nos
3014 4897 3284 4954 vindicare
3316 4918 3558 4959 monens.

2072 4969 2237 5029 Vsus.
2298 4976 2386 5031 50.
2448 4997 2466 5031 ι
2523 4981 2634 5050 Ego
2686 4994 2864 5039 autem
2925 5002 3034 5040 non
3089 5003 3270 5058 qnazro
3333 4994 3556 5062 gloriam

1998 5079 2195 5117 meam.
2241 5084 2260 5116 ι

2070 5156 2126 5209 Si
2172 5159 2313 5211 enim
2360 5160 2540 5229 gloria:
2573 5163 2896 5231 inhiassetn,
2944 5184 3312 5240 nequaquam,
3344 5190 3463 5230 cum
3500 5178 3554 5232 in

2001 5246 2092 5301 Dei
2123 5248 2292 5303 forma
2325 5264 2494 5318 eram,
2542 5256 2681 5309 servi
2710 5255 2939 5311 formam
2981 5265 3412 5331 assutnpsissem,
3455 5282 3553 5323 nec

2000 5354 2087 5393 tne
2116 5352 2333 5407 pr0pter
2365 5343 2588 5398 salutem
2618 5356 2849 5400 vestram
2884 5349 3268 5410 humiliassem.
3298 5355 3434 5422 Quin
3462 5374 3555 5413 ne-

2000 5445 2103 5498 que
2129 5432 2289 5485 etiam
2327 5431 2678 5492 contumelias
2710 5439 2840 5493 mihi
2884 5440 3146 5511 irrogatas
3189 5450 3549 5515 contempsis-

2000 5534 2150 5583 sent,
2199 5522 2293 5575 sed
2330 5522 2612 5579 confestim
2665 5542 2849 5581 earum
2900 5531 3187 5587 vindictam
3228 5535 3546 5595 intulissem.

1998 5609 2154 5665 Modo
2184 5628 2310 5668 vero
2349 5616 2402 5669 in
2436 5616 2600 5670 Deum
2629 5634 2692 5673 ac
2722 5620 2932 5677 Patrem
2965 5627 3218 5693 peccatis,
3246 5640 3467 5696 peccato
3498 5631 3551 5683 in

1642 5756 1663 5783 ι
1700 5746 1789 5801 Cr.
1811 5748 1913 5801 sim

2016 5789 2025 5801 .
2101 5761 2125 5789 ι
2160 5750 2248 5807 Cr.
2275 5752 2391 5808 sine
2421 5755 2503 5808 οὑ.
2582 5756 2609 5796 ι’
2637 5757 2727 5812 Cr.
2753 5761 2835 5813 ὅτι
2864 5760 2938 5824 ὡς
2967 5763 3200 5834 ἀντιθέῳ
3236 5766 3544 5837 προσεῖχον,
