4130 6572
590 425 729 491 1455

1720 424 2059 487 ΑΜΜΟΝΙΙ
2099 424 2631 487 ALEXANDRINI

3702 422 3843 491 1456

588 539 766 611 ipsum
801 537 1154 595 redundante.
1199 532 1344 593 Nihil
1378 538 1546 605 enim,
1580 538 1719 593 inter
1748 539 1961 595 Patrem
1996 549 2050 593 et
2079 537 2139 592 Fi

2271 538 2409 601 ὅλως
2439 538 2500 591 τὸ
2532 535 2864 607 μεσολαϐοὖν
2896 535 3114 606 Πατέρα
3150 533 3246 589 καὶ
3293 533 3385 589 τὸν
3424 534 3730 605 Υἱδν,’ὅσον
3766 541 3846 602 είς

585 631 717 686 lium
764 629 907 700 quod
944 629 1167 693 mediet,
1198 628 1509 697 intercedit,
1544 645 1665 685 cum
1699 630 1928 701 quilibet
1967 646 2159 688 eorum

585 722 658 777 sit
691 720 934 790 ejusdem
968 719 1308 775 substantiae.

654 810 821 867 Vsus.
849 811 940 867 51.
974 829 993 862 ι
1028 810 1226 874 Arnen,
1256 825 1412 867 amen
1442 811 1562 867 dico
1590 809 1743 868 vehis
1774 830 1789 867 :
1821 813 1865 868 si
1894 812 2019 883 quis
2047 828 2163 868 ser-

582 917 796 957 mortem
842 915 1020 955 meum
1064 902 1398 969 servaverit,
1437 914 1662 957 mortem
1709 918 1815 958 non
1860 904 2062 959 videbit
2107 906 2160 959 in

581 1003 863 1048 aeternum.
902 1011 921 1045 ι

662 1083 779 1141 Non
826 1084 1076 1153 corporis
1135 1092 1364 1140 mortem
1426 1084 1560 1139 dicit
1605 1101 1725 1155 quae
1776 1089 2030 1143 omnibus
2072 1098 2162 1146 est

581 1178 911 1245 communis,
942 1178 1036 1233 sed
1066 1177 1189 1248 quia
1218 1186 1279 1231 ut
1306 1177 1446 1231 Deus
1479 1193 1584 1232 non
1623 1190 1850 1235 mortem
1882 1182 2162 1237 existina-

581 1273 675 1327 bat
716 1287 878 1342 quam
933 1279 995 1325 ut
1033 1270 1174 1326 Deus
1231 1270 1390 1326 facile
1441 1282 1655 1343 poterat
1703 1275 2004 1330 destruere.
2063 1275 2161 1332 Hic

578 1377 815 1423 mortem
856 1372 1016 1420 vocat
1068 1377 1284 1432 poenam
1329 1375 1613 1420 mternam.
1663 1368 1871 1422 Etenim
1924 1370 2029 1423 vita
2077 1378 2161 1425 est

584 1459 772 1513 fruitio
808 1459 927 1514 sine
963 1456 1220 1516 termino.
1258 1455 1439 1511 Vitam
1471 1469 1628 1515 vocat
1662 1470 1953 1516 venturum
1990 1478 2162 1518 saecu-

581 1548 690 1604 lum
725 1551 869 1620 quod
914 1552 1130 1624 proprie
1170 1554 1373 1609 dicitur
1404 1554 1535 1618 vita,
1575 1568 1685 1607 non
1716 1552 1927 1609 habens
1973 1552 2157 1608 termi-

582 1657 733 1707 num,
774 1644 863 1698 ubi
908 1659 1068 1699 nemo
1112 1646 1345 1715 amplius
1379 1644 1612 1699 moritur
1643 1655 1765 1715 post
1800 1644 2160 1700 resurrectio-

584 1749 705 1790 nem
735 1749 831 1804 per
857 1734 1136 1791 Christum
1173 1736 1429 1791 omnibus
1457 1736 1664 1803 datam,
1693 1736 1782 1791 ubi
1812 1736 2014 1791 animal
2055 1737 2157 1791 etsi

578 1827 864 1895 moriatur,
895 1826 1002 1883 Deo
1023 1843 1128 1883 non
1157 1829 1409 1883 moritur.

650 1999 817 2055 Vsus.
848 1998 936 2054 52.
977 2016 996 2049 ι
1035 1997 1297 2054 Dixerunt
1322 2011 1452 2070 ergo
1473 1998 1643 2056 Judaei
1671 2016 1686 2054 :
1718 1998 1873 2056 Nunc
1904 1999 2159 2071 cognovi-

580 2106 704 2146 mus
734 2091 857 2161 quia
899 2090 1225 2146 daemonium
1264 2091 1453 2147 habes.
1491 2109 1511 2145 ι

651 2182 709 2236 Si
744 2191 871 2237 tunc
906 2181 1123 2237 demum
1165 2184 1561 2252 cognoverint,
1611 2189 1770 2239 antea
1821 2184 2152 2240 nesciebant.

579 2273 859 2341 Quomodo
908 2289 1037 2344 ergo
1076 2273 1331 2329 dicebant
1356 2289 1497 2330 ‘eum
1534 2274 1859 2329 daemonium
1912 2275 2153 2337 habere.

576 2380 737 2435 quem
767 2365 1009 2421 nondum
1035 2365 1960 2435 cognoscebant?Quemadmodum
1980 2365 2156 2437 igitur

544 2455 840 2533 ‘putabant
874 2453 1018 2523 ipsi,
1063 2454 1296 2508 mendax
1332 2454 1520 2524 utique
1545 2453 1659 2524 jam
1710 2454 1918 2521 pridem
1968 2454 2155 2525 impri-

576 2548 681 2603 mis
714 2557 834 2602 erat
889 2548 1085 2616 impius
1134 2547 1225 2602 ille
1264 2545 1574 2601 Judaeorum
1631 2545 1879 2616 papulus,
1935 2548 2149 2603 tametsi

574 2637 899 2695 necessariis
941 2638 1164 2692 omnino
1202 2637 1503 2693 rationibus
1547 2637 1848 2701 convictus,
1904 2647 1963 2692 ut
2007 2642 2151 2709 quod

573 2728 809 2786 Satanas
844 2729 1099 2785 Satanam
1146 2744 1253 2785 non
1294 2729 1495 2799 ejiciat.
1540 2727 1678 2783 Nam
1712 2743 1875 2784 omne
1925 2744 2148 2800 regnum

555 2822 627 2877 in
645 2836 704 2876 se
724 2820 957 2876 divisum
989 2820 1284 2887 desolatur,
1319 2821 1395 2875 ait
1423 2820 1675 2877 Christus
1704 2822 1774 2876 ".
1810 2838 1832 2872 ι
1874 2822 2148 2877 Abraham

576 2921 830 2967 mortuus
855 2920 976 2980 est,
1028 2920 1082 2967 et
1126 2912 1425 2982 prophetae,
1464 2930 1485 2966 ι
1528 2912 1631 2968 hoc
1653 2921 1757 2979 est,
1789 2911 1890 2979 Qui
1927 2913 2149 2969 verbum

572 3003 668 3059 Dei
706 3004 1029 3059 audiverunt
1073 3003 1272 3058 mortui
1319 3012 1485 3071 sunt,
1525 3013 1581 3060 et
1610 3005 1703 3076 qui
1740 3005 1966 3061 verbum
1992 3015 2148 3060 tuum

571 3095 869 3157 audierint,
898 3110 1006 3150 non
1036 3095 1341 3151 morientur
1360 3096 1411 3166 η

642 3186 814 3244 Vsus.
854 3187 943 3243 55.
991 3205 1011 3239 ι
1046 3186 1113 3242 Et
1139 3203 1243 3244 non
1273 3189 1605 3261 cognovistis
1631 3201 1792 3248 eum:
1821 3205 1922 3262 ego
1960 3199 2143 3249 autem

569 3293 696 3335 non
728 3293 875 3334 eum.
908 3294 928 3330 ι

643 3368 806 3426 Solus
852 3383 1089 3440 namque
1136 3367 1308 3426 Filius
1348 3370 1567 3427 Patrem
1595 3374 1917 3430 naturaliter
1937 3387 1991 3429 et
2023 3390 2149 3447 pro«

568 3461 685 3533 prie
730 3462 913 3529 novit;
965 3461 1050 3517 vel
1104 3453 1299 3531 potius
1322 3462 1438 3533 ipsa
1494 3466 1843 3536 semetipsam
1881 3465 2145 3523 Trinitas.

552 3549 762 3609 Dicere
787 3561 1004 3617 autem,
1044 3550 1182 3606 Noui
1218 3568 1369 3619 eum,
1404 3553 1551 3608 nulla
1574 3555 1880 3627 jactantia;
1915 3556 2008 3612 sed
2050 3557 2146 3612 di-

565 3659 692 3701 cere
722 3661 781 3700 se
813 3662 918 3701 non
967 3664 1133 3704 nosse
1157 3688 1173 3713 .
1224 3649 1565 3704 mendacium
1600 3656 1766 3704 esset.
1804 3647 1917 3705 Vos
1966 3659 2145 3705 autem

566 3737 892 3805 mentitnini,
921 3737 1163 3794 dicentes
1187 3753 1284 3794 vos
1314 3754 1439 3794 eum
1480 3753 1661 3796 nosse.

642 3827 738 3885 His
781 3831 985 3893 verbis.
1030 3828 1136 3885 Sed
1180 3846 1274 3899 ego
1309 3830 1418 3885 scio
1449 3847 1589 3900 eum,
1631 3840 1682 3885 et
1706 3847 1998 3886 sermonem
2030 3832 2145 3902 ejus

564 3934 737 3983 servo,
768 3918 1137 3974 ostenduntur
1157 3917 1334 3974 Judaei
1358 3921 1571 3976 nescire
1598 3921 1765 3977 Deum
1784 3933 1842 3979 et
1867 3938 2145 3980 sermones

555 4009 683 4081 ejus
726 4025 834 4064 non
861 4024 1106 4075 servare,
1144 4011 1273 4080 quia
1318 4012 1672 4081 praedicatum
1716 4022 1773 4069 et
1813 4014 2040 4071 missum
2070 4018 2142 4074 ab

561 4100 681 4171 ipso
708 4115 813 4156 non
845 4109 1183 4172 receperunt.

626 4277 799 4333 Vens.
822 4276 923 4332 ‘57.
958 4292 979 4328 ι
1017 4275 1288 4331 Dixerunt
1316 4289 1446 4348 ergo
1469 4275 1643 4335 Judaei
1665 4277 1734 4335 ad
1756 4293 1879 4335 eum
1911 4296 1928 4335 :
1964 4279 2138 4349 Quin-

557 4373 815 4445 quaginta
868 4387 1039 4428 annos
1086 4374 1325 4429 nondum
1374 4372 1596 4442 habes,
1635 4381 1691 4428 et
1724 4371 2000 4428 Abraham
2050 4375 2135 4429 vi-

558 4466 683 4521 disti
698 4466 724 4520 τ
758 4483 780 4519 ι

629 4557 837 4613 insulsa
862 4571 1084 4627 prorsus
1109 4555 1417 4613 Judaorum
1448 4557 1627 4613 oratio
1651 4564 1756 4613 est.
1774 4557 2036 4616 Christus
2055 4562 2131 4616 si-

561 4650 778 4720 quidem
826 4651 893 4705 de
938 4649 1436 4719 suaperpetuitate
1470 4650 1816 4721 loquebatur,
1836 4651 1951 4722 ipsi
1997 4667 2126 4709 vero

559 4757 812 4817 tanquam
848 4744 961 4816 jam
1009 4744 1244 4816 prinmm
1297 4743 1574 4813 incipienti
1608 4745 2027 4813 respondebant.
2056 4746 2133 4802 Ac

554 4840 816 4897 Dominus
868 4836 1129 4908 quidem,
1180 4835 1490 4900 Abraham,
1552 4835 1750 4907 inquit,
1811 4820 1941 4892 vidit
1992 4838 2129 4892 diem

554 4946 724 4984 meum
757 4946 776 4984 :
810 4928 884 4984 illi
916 4942 1047 4983 vero
1084 4935 1278 4983 contra
1313 4925 1683 4997 intelligebant
1722 4928 1899 4999 ipsum
1930 4929 2131 4986 vidisse

550 5022 939 5075 Abrahatnum.

638 5112 807 5167 Vsus.
838 5110 926 5167 58.
968 5132 987 5165 ι
1028 5109 1174 5165 Dixit
1206 5109 1286 5165 eis
1318 5108 1476 5166 Jesus
1516 5127 1531 5164 :
1578 5111 1748 5167 Amen
1769 5151 1785 5179 ,
1816 5128 1971 5169 amen
2002 5113 2123 5169 dico

548 5203 724 5269 vobis,
756 5215 1046 5276 antequam
1080 5208 1354 5264 Abraham
1388 5208 1563 5279 ﬁeret,
1600 5221 1700 5276 ego
1726 5220 1867 5262 sum.
1905 5223 1924 5257 ι

612 5323 665 5355 ’⁸
695 5322 887 5391 Matth.
914 5341 1014 5392 xu,
1044 5325 1136 5381 9.5.

590 5475 597 5484 -
640 5449 670 5478 π
705 5440 796 5494 Cr.
835 5438 1176 5509 γνωστικῶς.
1254 5438 1280 5478 α
1316 5436 1408 5493 Cr.
1432 5432 1671 5491 sine.5£.

517 5592 521 5595 -
606 5559 726 5633 (l0)
757 5560 886 5633 Haec
924 5559 1046 5616 cod.
1076 5555 1239 5633 _l_30dl.
1274 5542 1559 5633 Ammorﬁo
1595 5547 1804 5629 tribuit,
1831 5546 2113 5633 Ischolium

537 5618 670 5685 vero
700 5618 845 5701 quod
882 5628 1138 5701 praecedit
1174 5626 1225 5680 in
1262 5618 1732 5701 catenanCr‘a‘tneri
1762 5618 1863 5701 sub
1898 5618 2117 5701 nomine

536 5686 819 5790 ῥλὲηιόηἰί
868 5686 962 5756 dat
1002 5697 1409 5768 Chrysostomo.
1441 5690 1523 5747 Cf.
1557 5690 1752 5760 Chrys.
1786 5686 1925 5759 Opp.
1979 5687 2111 5754 VIII,

534 5772 723 5915 1)
754 5839 958 5899 Eadem
995 5838 1111 5898 vide
1143 5835 1283 5909 apud
1308 5834 1587 5905 Chrysost.
1617 5827 1754 5897 Vill,
1786 5828 1913 5885 302.

1752 5442 1778 5471 ο
1800 5432 1892 5488 Cr.
1918 5430 2048 5503 γάρ.

2170 3254 2218 3315 C

2264 629 2455 694 οὐσίας
2480 630 2788 700 ταυτότητα
2816 624 3051 683 ἑκάστου
3085 627 3447 700 ὑπάρχοντος.

2341 831 2359 865 ι
2405 811 2600 882 ’Δμὴν,
2634 810 2782 881 ἀμὴν
2824 809 2969 879 λέγω
3003 809 3135 878 ὑμῖν
3155 826 3168 841 ο
3197 810 3294 864 ἐάν
3325 826 3412 874 τις
3439 808 3535 863 τὸν
3564 808 3724 879 λόγον
3758 810 3848 863 τὸν

2261 906 2395 978 ἐμὸν
2406 907 2644 978 τηρήσῃ,
2658 906 2890 959 θάνατον
2910 906 3070 977 οὐρὴ
3089 903 3348 976 θεωρήσῃ
3369 905 3451 966 είς
3494 902 3587 957 τὸν
3604 903 3841 956 αἰῶνα.)

2333 1078 2443 1150 (10)
2477 1078 2551 1131 Οὐ
2578 1077 2669 1132 τὸν
2703 1076 2963 1149 σαρκικὸν
3005 1078 3177 1147 λέγει,
3207 1077 3271 1131 ὃν
3301 1076 3649 1148 ὑπομένομεν
3677 1078 3850 1132 ᾶπαν-

2258 1182 2369 1235 τες,
2394 1168 2513 1225 ἀλλ’
2541 1169 2622 1223 ὅτι
2665 1168 2740 1231 ὡς
2779 1168 2911 1232 Θεὸς
2944 1168 3046 1221 οὐκ
3078 1166 3351 1236 ἐλογίζετο
3382 1168 3473 1220 τὸν
3502 1168 3751 1231 θάνατον,
3788 1168 3849 1220 δν

2258 1259 2335 1323 ὼς
2371 1260 2505 1324 Θεὸς
2556 1260 2792 1323 εὐκόλως
2819 1258 3051 1329 ἠδύνατο
3086 1258 3424 1329 ἀνατρέψαι’
3460 1258 3691 1313 θάνατον
3739 1259 3848 1330 γὰρ

2259 1346 2361 1406 ὧδε
2383 1352 2641 1424 ὀνομάζει
2680 1352 2741 1405 τὸ
2773 1351 2843 1405 δι’
2870 1350 3064 1415 αίῶνος
3099 1350 3448 1415 κολάζεσθαι.
3473 1352 3587 1405 Καὶ
3613 1350 3723 1422 γὰρ
3753 1352 3847 1405 καὶ

2251 1443 2371 1515 ζωή
2398 1444 2544 1497 ἐστιν
2589 1446 2624 1512 ἡ
2666 1443 3091 1505 ἀκατάπαυστος
3131 1442 3456 1507 ἀπόλαυσις.
3484 1442 3669 1496 Αίῶνα
3697 1442 3846 1511 λέγει

2257 1531 2347 1583 τὸν
2379 1530 2670 1602 μέλλοντα,
2701 1531 2759 1594 ὃς
2800 1530 3007 1603 κυρίως
3036 1530 3280 1585 καλεῖται
3317 1532 3472 1598 αἰὼν,
3523 1535 3553 1585 6
3599 1532 3673 1603 μὴ
3705 1532 3845 1603 ἔχων

2258 1624 2451 1693 πέρας,
2484 1622 2824 1677 ὃπουνοὺκέτι
2851 1623 3027 1687 οὐδεὶς
3049 1625 3383 1696 ἀποθνήσκει
3414 1626 3556 1693 μετὰ
3581 1627 3681 1696 τὴν
3709 1626 3845 1679 ἀνά-

2259 1728 2451 1766 στασιν
2508 1712 2610 1784 τὴν
2662 1711 2750 1766 διὰ
2795 1712 3032 1784 Χριστοῦ
3069 1714 3408 1785 δωρηθείσαν
3455 1718 3659 1779 πᾶσιν,
3708 1717 3842 1769 ὅπου

2256 1821 2321 1875 γε
2348 1804 2411 1858 τὸ
2446 1804 2901 1875 ζωοποιούμενον,
2935 1805 3041 1859 κᾶν
3067 1805 3340 1877 ἀποθάνῃ,
3374 1807 3473 1860 οὐκ
3510 1805 3847 1878 ἀποθνήσκει

2187 1902 2230 1958 Β
2257 1898 2336 1970 τῷ
2360 1897 2498 1968 Θεῷ.
2531 1896 2753 1969 [ϐων]

2336 2010 2356 2045 ι
2398 1986 2567 2045 Εἶπον
2595 1991 2689 2044 οὖν
2730 1989 2880 2062 αὐτῷ
2914 1991 2968 2044 οἱ
3017 1989 3290 2045 ἰουδαϊοιο
3346 1990 3463 2045 Νῦν
3512 1990 3839 2062 ἐγνώκαμεν

2242 2080 2337 2137 ’ὅτι
2370 2083 2650 2153 δαιμόνιον
2679 2083 2849 2153 ἔχεις.
2877 2101 2895 2134 ι

2327 2177 2390 2230 Εἰ
2415 2174 2597 2229 τοίνυν
2628 2175 2958 2244 ἐγνώκασιν,
2986 2175 3086 2229 οὐκ
3110 2175 3332 2246 ᾔδεισαν
3358 2176 3547 2230 πάλαι.
3589 2177 3716 2239 Πῶς
3739 2176 3835 2232 οὖν

2255 2267 2439 2337 ἔλεγον
2470 2268 2773 2339 ὣιμονιᾷν,
2806 2268 2899 2321 τὸν
2939 2266 3093 2320 οὔπω
3124 2268 3597 2338 κατεγνωσμένονς
3629 2268 3843 2340 Ὠσπερ

2253 2360 2346 2418 οὖν
2393 2363 2653 2437 ᾠήθησαν
2700 2364 2855 2417 ἃύτοὶ
2883 2401 2900 2429 ,
2948 2362 3197 2434 ψεύστης
3239 2358 3334 2417 οὖν
3396 2362 3505 2435 ἄρα
3539 2364 3631 2418 καὶ
3668 2364 3842 2417 πάλαι

2254 2457 2520 2529 πρότερον
2558 2452 2626 2528 ἦν
2654 2457 2683 2510 δ
2709 2456 2983 2527 δυσσεὸὴς
3016 2455 3125 2509 τῶν
3158 2454 3438 2510 Ἰουδαίων
3472 2456 3622 2522 λαὸς,
3656 2457 3840 2511 καίτοι

2252 2550 2338 2604 διὰ
2378 2549 2654 2621 λογισμῶν
2698 2547 3139 2621 πληροφορηθεὶς
3167 2549 3503 2619 ἀναγκαίων,
3535 2550 3613 2615 ὡς
3639 2550 3741 2605 οὐκ
3774 2550 3844 2605 ἂν

2250 2642 2555 2706 δηΣατανᾶς
2591 2641 2812 2696 ἐκϐάλοι
2860 2641 2953 2696 τὸν
3009 2642 3278 2697 Σατανᾶν.
3316 2643 3476 2697 Πᾶσα
3520 2643 3631 2715 γὰρ
3680 2642 3845 2714 βασι-

2252 2732 2371 2787 λεία
2402 2732 2725 2805 μερισθεῖσα
2780 2731 2904 2788 καθ’
2944 2731 3175 2804 -ἐαυτὴν,
3229 2733 3535 2805 ἐρημοῦται
3555 2775 3571 2801 ,
3603 2735 3776 2805 φησὶν
3802 2736 3843 2788 6

2249 2826 2505 2899 Χριστός.
2550 2845 2569 2879 ι
2623 2826 2873 2899 ’Ἀϐραὰμ
2905 2826 3176 2890 ἀπέθανε,
3206 2826 3303 2880 καὶ
3346 2828 3395 2881 oi
3443 2827 3723 2899 προφῆται
3756 2868 3773 2892 ,
3814 2846 3837 2880 ι

2246 2920 2561 2986 τουτέστιν,
2622 2921 2686 2973 Oi
2720 2918 2813 2973 τὸν
2872 2919 3030 2988 λόγον
3068 2918 3401 2983 ἀκούσαντες
3430 2918 3529 2973 τοῦ
3557 2919 3695 2973 Θεοῦ
3734 2921 3845 2974 ἁπ-

2250 3012 2459 3079 ἐθανον,
2482 3012 2579 3067 καὶ
2607 3013 2659 3066 οί
2694 3012 2787 3067 τὸν
2818 3011 2910 3066 σὺν
2939 3011 3097 3080 λόγον
3140 3011 3473 3076 ἀκούσαντες
3497 3013 3599 3066 οὐκ
3622 3011 3840 3068 ἀποθα-

2248 3102 2469 3159 νοῦνται
2496 3102 2646 3174 (ll);

2327 3213 2347 3248 ι
2384 3194 2495 3248 Kal.
2520 3196 2620 3249 οὐκ
2650 3194 2931 3264 ἐγνώκατε
2956 3194 3151 3249 αὐτόν’
3193 3194 3307 3264 ἐγὼ
3334 3194 3392 3249 δέ
3415 3191 3534 3249 οῖδα
3572 3195 3771 3251 αὐτόν.
3807 3215 3827 3247 ο

2318 3372 2496 3437 Μόνος
2524 3373 2634 3443 γὰρ
2660 3373 2689 3426 6
2714 3371 2844 3437 Υἱὸς
2868 3368 2977 3426 οἶδε
3002 3369 3251 3442 φυσικῶς
3276 3371 3375 3426 καὶ
3402 3369 3665 3439 γνωστῶς
3687 3380 3711 3408 ε
3734 3368 3836 3424 τόν

2249 3465 2490 3539 Πατέρα,
2527 3465 2727 3537 μᾶλλον
2751 3465 2820 3535 ,δέ
2848 3467 2882 3536 ἡ
2921 3464 3095 3536 Τριὰς
3127 3465 3351 3536 ἑαυτήν.
3385 3464 3461 3517 T6
3480 3463 3539 3518 δὲ
3560 3463 3589 3504 (ι
3621 3464 3824 3530 εἰπεῖν,

2252 3552 2397 3610 Οἶδα
2420 3556 2629 3619 αὐτὸν,
2677 3556 2779 3611 οὐκ
2826 3555 2941 3609 ἐστι
2979 3554 3226 3627 κόμποςο
3269 3554 3408 3610 ἀλλὰ
3452 3554 3513 3608 τὸ
3543 3555 3721 3608 εἰπεῖν
3753 3553 3832 3627 μὴ

2245 3646 2466 3711 εἰδέναι,
2493 3645 2710 3718 ψεῦδος.
2748 3646 2937 3718 Ὑμεῖς
2965 3645 3026 3700 δέ
3055 3657 3078 3686 ο
3114 3645 3368 3716 λέγοντες
3394 3644 3560 3699 αὐτὸν
3587 3645 3826 3711 ειδέναι,

2244 3738 2535 3809 ψεύδεσθε.

2316 3832 2391 3886 Τὸ
2450 3832 2510 3887 δέ
2569 3831 2781 3896 εἰπεῖν,
2849 3830 3004 3887 Ἀλλ’
3062 3827 3197 3886 οἶδα
3259 3830 3481 3898 αὐτὸν,
3547 3830 3649 3885 καί
3715 3830 3829 3885 τὸν

2241 3924 2431 3995 λόγον
2452 3923 2640 3979 αὑτοῦ
2664 3921 2859 3992 τηρῶ,
2907 3923 3146 3977 δείκνυσι
3207 3923 3333 3987 τοὺς
3381 3923 3671 3987 Ἰουδαίους
3760 3924 3826 3977 τὸ

2245 4016 2384 4088 μήτε
2440 4014 2642 4069 εἰδέναι
2688 4012 2785 4068 τὸν
2829 4014 2985 4080 Θεὸν,
3030 4014 3171 4085 μήτε
3210 4012 3331 4085 μὴν
3366 4013 3663 4085 Δἀνέχεσθαι
3712 4013 3825 4068 τῶν

2242 4109 2373 4181 παρ’
2411 4106 2581 4163 αὐτοῦ
2614 4108 2812 4178 λόγων,
2848 4106 2937 4162 διὰ
2960 4106 3023 4161 τὸ
3054 4107 3130 4178 μὴ
3159 4105 3410 4178 δέχεσθαι
3439 4106 3532 4162 τὸν
3559 4106 3628 4161 δι’
3649 4105 3824 4161 αὑτοῦ

2240 4200 2662 4274 κεκηρυγμένον
2696 4199 2831 4273 (12).
2875 4198 3103 4272 [Cum]

2311 4311 2337 4345 ιι
2372 4288 2556 4347 Εἶπον
2587 4288 2683 4346 οὖν
2713 4293 2764 4345 οἱ
2797 4291 3041 4345 Ἰουδαῖοι
3072 4288 3209 4357 πρὸς
3234 4289 3433 4344 αὐτόν’
3469 4290 3822 4364 Πεντήκοντα

2239 4387 2336 4457 ἐτη
2364 4382 2518 4439 οὔπω
2543 4383 2709 4456 ἔχεις,
2738 4383 2834 4437 καὶ
2871 4381 3123 4453 Ἀϐραὰμ
3151 4380 3435 4455 ἐώρακας;
3470 4399 3489 4433 ι

2320 4560 2574 4633 Ἀνόητος
2594 4561 2622 4614 6
2650 4559 2760 4613 τῶν
2796 4558 3067 4615 Ἰουδαίων
3089 4559 3272 4630 λόγος.
3314 4558 3378 4614 '0
3414 4560 3515 4630 μὲν
3542 4560 3653 4632 γὰρ
3683 4564 3818 4633 περὶ

2233 4656 2335 4727 τῆς
2368 4655 2506 4718 ίδίας
2560 4654 2749 4719 αὐτοῖς
2788 4653 3092 4725 ἀῖδιότητος
3128 4653 3341 4719 ἐλάλει,
3386 4655 3437 4706 oi
3471 4652 3530 4707 δέ
3562 4654 3637 4718 ῶς
3681 4654 3814 4726 ἄρτι

2231 4746 2526 4820 ἀρξαμένῳ
2561 4740 2703 4799 εἶναι
2733 4745 2979 4801 ἐλάλουν.
3012 4746 3126 4800 Kal.
3165 4748 3194 4800 6
3237 4745 3341 4817 μὲν
3379 4744 3588 4817 Κύριος
3627 4740 3810 4807 εἶπεν.

2229 4841 2313 4895 ὅτι
2376 4838 2634 4909 Ἀϐραὰμ
2680 4837 2812 4891 ἴδεν
2856 4836 2972 4906 τὴν
3017 4836 3251 4907 ἡμέραν
3289 4837 3405 4907 τὴν
3437 4837 3626 4908 ἐμήν·
3664 4840 3717 4891 οἱ
3751 4838 3813 4892 δὲ

2229 4932 2472 4989 ἐναντίον
2508 4932 2760 5002 ἐνόησαν,
2788 4930 2870 4984 ὅτι
2901 4930 3066 4994 αὐτὸς
3103 4929 3180 4983 ἴδε
3208 4929 3301 4984 τὸν
3342 4929 3618 5001 ’Δσραάμη

2311 5133 2329 5169 ι
2371 5110 2541 5169 Εἶπεν
2588 5110 2772 5174 αὐτοῖς
2822 5110 2851 5162 6
2910 5107 3152 5179 Ἰησοῦς·
3217 5106 3410 5179 Ἀμὴν,
3460 5107 3610 5177 ἀμὴν
3666 5106 3814 5175 λέγω

2230 5209 2383 5280 ὑμῖν,
2415 5206 2545 5278 πρὶν
2590 5200 2845 5275 ’Ᾱὸραὰμ
2874 5200 3132 5270 γενέσθαι
3157 5199 3269 5270 ἐγώ
3297 5202 3433 5271 είμι.
3478 5218 3497 5251 ι

2310 5545 2424 5623 (12)
2448 5545 2751 5623 _Sch_olium_
2776 5546 2829 5601 in
2863 5542 3190 5623 versiculum
3216 5540 3286 5596 56
3310 5538 3457 5623 quod
3504 5538 3571 5623 in
3610 5545 3801 5623 catena

2221 5606 2469 5682 Crﬁméri
2487 5618 2585 5671 sub
2609 5618 2825 5672 nomine
2852 5613 3125 5668 Ammonii
3154 5606 3482 5682 inscribitur
3501 5606 3801 5682 Corderins

2223 5678 2729 5821 ᾇςξῖιϐἓῦξεῗειὲηιο
2758 5696 2814 5743 et
2838 5685 3011 5755 reipsa
3044 5682 3312 5753 reperitur
3343 5678 3483 5749 apud
3510 5678 3796 5736 Chtvsost.

2346 5806 2360 5832 ’
2391 5799 2494 5815 νντι
2523 5799 2558 5813 ιο
2601 5799 2650 5816 σο
