4130 6594
360 520 493 585 1457

1415 518 1877 581 FRAGMENTA
1911 518 1995 581 IN
2033 519 2094 580 S.
2136 518 2507 580 JOANNEM.

3364 518 3367 521 “
3481 521 3617 585 1458

440 633 565 686 Ἐπὶ
587 634 681 686 τοῦ
724 622 974 707 Ἀϐραάμ
999 620 1162 705 ἔθηκε
1201 634 1260 688 τδ
1285 634 1582 705 γενέσθαι,
1610 636 1693 688 ὅτι
1724 637 1752 688 ό
1778 650 1938 702 γεγο-

2111 635 2184 688 De
2216 634 2492 689 Abraham
2529 633 2663 688 dicit
2691 635 2830 702 ﬁeri,
2862 635 2989 705 quia
3040 643 3196 691 natus
3225 646 3278 693 et
3322 638 3614 695 dissolutus

357 724 464 786 νὼς
493 724 589 777 καὶ
621 723 938 796 φθείρεται,
974 726 1066 779 ἐπὶ
1089 726 1146 779 δὲ
1172 724 1334 779 αὐτοῦ
1364 725 1424 779 τὸ
1456 726 1596 795 εἰμί,
1627 727 1704 790 ὡς
1752 725 1926 789 ἀΐδιος

370 817 454 869 ἀἱ
486 815 763 887 κρείττωνΔ
783 817 1012 886 φθορᾶς.
1042 816 1267 890 [ϐίαι]

963 929 1214 983 ΚΕΦΔΛ.
1255 928 1335 988 Θ’.

436 1060 455 1095 t
496 1042 606 1096 Καὶ
641 1042 935 1113 ἠρώτησαν
963 1043 1125 1097 αὐτὸν
1150 1044 1200 1098 οἱ
1243 1045 1487 1117 μαθηταὶ
1516 1048 1681 1103 αὐτοῦ
1703 1090 1718 1112 ,
1754 1050 1941 1120 λέγονο

362 1150 452 1198 τες
472 1150 487 1165 ·
540 1134 752 1199 Ῥαϐϐὶ,
780 1136 865 1199 τίς
898 1137 1174 1207 ἥμαρτεν,
1210 1130 1369 1201 οὗτος
1396 1138 1429 1210 ἦ
1458 1140 1508 1193 οί
1542 1143 1722 1209 γονεῖς
1749 1141 1939 1209 αὐτοῦ,

362 1226 449 1281 ἵνα
476 1226 675 1296 τυφλὸς
709 1228 985 1299 γεννηθῇς
1017 1246 1036 1280 ι

447 1319 793 1390 Ἐσφαλμένη
827 1320 977 1373 ἐστὶν
1009 1322 1041 1391 ή
1073 1320 1343 1393 ἐρώτησις
1382 1320 1521 1393 αῦτη
1543 1362 1559 1387 ,
1595 1322 1721 1379 οὗτε
1759 1325 1943 1398 ἀμαρ-

364 1409 515 1462 τάνει
544 1426 630 1474 τις
660 1410 768 1482 πρὸ
792 1410 888 1465 τοῦ
916 1412 1272 1484 γεννηθῆναι,
1302 1415 1332 1467 ὁ
1360 1413 1495 1485 μηδὲ
1514 1413 1653 1479 ὅλως
1685 1413 1780 1484 ῶν,
1817 1414 1942 1470 οὔτε

366 1500 524 1564 ἀλλος
563 1501 705 1574 ὑπὲρ
734 1501 898 1556 ἄλλου
932 1506 1280 1574 τιμωρεῖται.

442 1610 463 1645 ι
494 1593 664 1648 Ὅταν
694 1595 752 1648 ὲν
785 1593 864 1666 τῷ
888 1594 1079 1667 κόσμῳ
1106 1588 1172 1662 ὧ,
1204 1595 1322 1666 φῶς
1364 1597 1481 1668 είμι
1511 1595 1606 1651 τοῦ
1635 1596 1869 1670 κόσμου.
1917 1616 1938 1651 ι

438 1769 558 1833 Φῶς
581 1769 637 1823 δὲ
676 1770 869 1826 ἑαυτὸν
906 1766 1079 1839 εἶπεν,
1106 1772 1183 1838 ῶς
1207 1773 1458 1842 φωτίζων
1484 1774 1586 1838 τὰς
1606 1774 1716 1829 τῶν
1738 1776 1946 1831 πιστῶν

366 1863 566 1933 ψυχὰς,
605 1863 701 1916 καὶ
726 1863 809 1917 ὅτι
841 1863 1068 1935 ἔμελλεν
1105 1864 1319 1931 ἀνοῖξαι
1351 1866 1478 1930 τοὺς
1501 1865 1814 1938 ὀφθαλμοὺς
1848 1866 1943 1921 τοῦ

369 1959 435 2010 ἐκ
462 1955 692 2025 γενετῆς
714 1956 938 2027 τυφλοῦ.

445 2065 465 2099 s
507 2048 693 2102 Ταῦτα
718 2047 888 2102 εἰπὼν
918 2047 1122 2103 {muas
1159 2049 1358 2120 χαμαὶ,
1394 2050 1491 2104 καὶ
1520 2049 1745 2122 ἐποίησε
1772 2049 1947 2121 πηλὸν

369 2138 436 2191 ὲκ
464 2138 559 2191 τοῦ
582 2138 922 2210 πτύσματος,
950 2139 1046 2192 καὶ
1075 2141 1338 2212 ὲπέχρισε
1369 2140 1463 2195 τὸν
1496 2140 1670 2211 πηλὸν
1693 2141 1789 2194 ἐπὶ
1821 2139 1950 2205 τοὺς

368 2226 683 2297 ὀφθαλμοὺς
720 2226 815 2281 τοῦ
847 2227 1071 2297 τυφλοῦ.
1115 2246 1134 2281 ι

449 2337 468 2370 ι
499 2319 745 2372 Ἔπτυσε
774 2319 830 2373 δὲ
857 2319 1034 2390 χαμαὶ
1052 2319 1147 2373 καὶ
1161 2317 1386 2391 ἐποίησε
1406 2318 1577 2389 πηλὸν
1604 2319 1669 2373 ὲκ
1688 2318 1783 2373 τοῦ
1813 2318 1951 2374 πτύ-

371 2425 599 2477 σματος,
621 2407 714 2462 καὶ
743 2406 1003 2479 ὲπέχρισε
1031 2406 1125 2463 τὸν
1160 2408 1330 2479 πηλδν
1362 2404 1607 2472 ὲπῖτοὺς
1634 2406 1950 2479 ὀφθαλμοὺς

370 2498 466 2552 τοῦ
497 2499 701 2569 τυφλοῦ
727 2539 742 2564 ,
774 2518 793 2552 ι
825 2498 994 2564 δεῖξαι
1031 2497 1353 2570 βουλόμενος
1397 2499 1483 2553 διὰ
1509 2497 1603 2553 τοῦ
1633 2499 1804 2570 πηλοῦ
1823 2538 1838 2564 ,
1867 2501 1950 2555 ὅτι

370 2590 535 2652 αὐτός
571 2592 720 2643 ἐστιν
749 2590 778 2643 ό
818 2590 912 2644 καὶ
940 2590 1031 2647 τὸν
1069 2589 1243 2662 Ἀδάμ
1271 2590 1380 2645 ἀπὸ
1410 2588 1584 2662 πηλοῦ
1616 2592 1849 2656 πλάσας.
1875 2591 1951 2645 Τὸ

374 2680 474 2749 μὲν
496 2680 602 2750 γὰρ
626 2680 822 2744 είπεῖν,
843 2681 924 2734 ὅτι
952 2681 1095 2750 Ἐγώ
1120 2682 1234 2752 είμι
1256 2683 1284 2735 ό
1311 2680 1471 2735 τοῦτο
1499 2682 1751 2754 ποιήσας,
1773 2684 1948 2755 πρόσ-

372 2784 531 2834 αντες
581 2770 755 2825 ἐδόκει
800 2767 939 2825 εῖναι
982 2775 1095 2836 τοῖς
1131 2772 1408 2828 ἀκούουσι.
1433 2774 1532 2828 Διά
1555 2773 1610 2827 δὲ
1649 2774 1743 2828 τοῦ
1773 2775 1936 2847 ἔργου

371 2861 718 2931 δεικνύμενος
749 2864 936 2928 τοῦτο,
985 2866 1086 2918 οὐκ
1119 2863 1200 2918 ἔτι
1236 2864 1422 2919 λοιπὸν
1454 2866 1790 2937 προσίστατο
1814 2882 1827 2896 ⁸
1861 2868 1953 2922 διὰ

370 2954 530 3008 τοῦτο
561 2956 659 3026 οὐχ
690 2956 900 3021 ἁπλῶς,
935 2957 1050 3011 ἀλλ’
1074 2956 1268 3027 ἐκείνῳ
1302 2956 1381 3028 τῷ
1414 2957 1601 3029 τρόπῳ
1631 2957 1702 3012 τὰ
1726 2958 1953 3030 Βμματα

370 3044 826 3119 ἐδημιούργησεν,
864 3050 965 3103 οὐκ
992 3049 1194 3104 ἔπλασε
1220 3050 1277 3104 δὲ
1312 3050 1491 3121 μόνον,
1533 3050 1655 3105 οὐδὲ
1692 3050 1950 3121 ἀνέῳξεν,

373 3136 509 3192 ἀλλὰ
541 3138 637 3193 καὶ
669 3141 731 3192 τὸ
781 3142 914 3212 όρᾷν
948 3141 1241 3214 ἐχαρίσατο
1264 3158 1279 3174 ο
1320 3143 1458 3213 ὅπερ
1492 3142 1797 3215 τεκμήριόν
1836 3147 1952 3199 ἐστι

375 3232 470 3283 τοῦ
511 3232 607 3285 καὶ
657 3231 757 3302 τὴν
810 3232 989 3305 ψυχὴν
1044 3234 1210 3288 αὐτὸν
1263 3234 1585 3305 ἐμφυσῆσαι
1636 3234 1717 3305 τῷ
1756 3234 1950 3308 Ἀδάμ.

2035 732 2139 788 est;
2172 724 2238 778 de
2281 722 2572 792 semetipso
2596 723 2726 778 dicit
2752 740 2888 790 sum,
2920 725 3118 796 quippe
3146 726 3236 796 qui
3273 724 3412 784 Deus
3455 738 3616 785 aeter-

2038 829 2139 871 nus
2169 823 2222 870 et
2253 814 2616 885 corruptionis
2645 829 2862 884 expers.

2716 929 2869 985 CAP.
2898 928 2989 985 IX.

2116 1040 2277 1100 Vens.
2304 1042 2360 1100 2.
2393 1061 2412 1097 ι
2453 1042 2523 1100 Et
2552 1043 3025 1114 interrogaverunt
3044 1060 3166 1100 eum
3188 1046 3436 1118 discipuli
3459 1047 3576 1118 ejus
3602 1073 3616 1106 :

2040 1132 2236 1201 Rabbi,
2265 1136 2387 1206 quis
2418 1136 2686 1205 peccavit,
2719 1135 2810 1193 hic
2837 1144 2930 1189 aut
2958 1138 3356 1208 parentcscjus
3381 1177 3396 1203 ,
3423 1146 3485 1192 ut
3512 1153 3619 1194 ea:-

2041 1232 2139 1282 ουτ
2170 1224 2523 1280 nasceretur?
2550 1242 2568 1276 ι

2115 1317 2354 1371 Erronea
2385 1325 2469 1372 est
2496 1314 2849 1385 interrogatio
2889 1315 2992 1371 ista
3017 1353 3034 1380 ,
3074 1330 3197 1370 cum
3227 1329 3388 1370 nemo
3432 1326 3621 1387 peccet

2041 1416 2329 1478 antequam
2360 1415 2520 1463 natus
2547 1407 2638 1472 sit,
2668 1420 2791 1463 cum
2823 1414 2953 1462 tunc
2981 1409 3206 1463 omnino
3228 1424 3335 1464 non
3366 1409 3616 1475 exsistat,

2042 1514 2223 1568 nequo
2261 1500 2404 1554 alius
2434 1512 2532 1569 pro
2561 1498 2669 1553 alio
2696 1497 2974 1569 puniatur.

2110 1590 2276 1646 Vens.
2332 1590 2386 1645 5.
2425 1607 2444 1643 ι
2502 1589 2751 1659 Quand-iu
2778 1574 2922 1646 ’sum
2957 1590 3011 1643 in
3059 1591 3262 1645 mundo
3287 1631 3305 1659 ,
3342 1590 3433 1648 lux
3489 1607 3612 1649 smn

2042 1682 2256 1737 mundi.
2292 1698 2319 1736 ι

2114 1771 2315 1828 Lucem
2347 1787 2477 1829 vero
2506 1776 2859 1846 semetipsum
2892 1773 3201 1848 appellavit,
3227 1790 3292 1831 eo
3317 1777 3460 1845 quod
3492 1776 3623 1832 lide-

2045 1863 2175 1919 lium
2230 1864 2441 1921 animas
2478 1865 2776 1935 illumiuet,
2824 1875 2878 1923 et
2924 1868 3049 1939 quia
3101 1867 3229 1926 caeci
3274 1867 3386 1923 nati
3434 1868 3621 1925 oculos

2046 1963 2330 2024 aperturas
2366 1964 2531 2013 esset.

2124 2044 2286 2100 Vens.
2317 2045 2371 2101 6.
2411 2065 2431 2100 ι
2474 2046 2595 2103 llam
2622 2063 2744 2104 cum
2778 2049 3026 2116 dixisset,
3060 2048 3275 2119 exspuit
3316 2049 3370 2105 in
3396 2059 3619 2117 terram,

2049 2144 2103 2192 et
2132 2134 2261 2191 fecit
2299 2136 2470 2210 lutum
2506 2151 2574 2193 ex
2600 2148 2794 2210 sputo,
2825 2150 2882 2197 et
2910 2139 3087 2196 linivit
3112 2138 3280 2195 lutum
3304 2155 3625 2213 supervacu-

2049 2228 2129 2285 los
2151 2228 2286 2296 ejus.
2307 2247 2326 2281 ι

2126 2341 2145 2373 ι
2174 2321 2402 2392 Exspuit
2445 2322 2498 2377 in
2540 2330 2766 2389 terram,
2796 2332 2854 2380 et
2896 2323 3027 2380 fecit
3050 2324 3221 2382 lutum
3251 2340 3317 2380 ex
3352 2333 3533 2394 sputo,
3569 2334 3627 2380 et

2050 2411 2230 2469 linivit
2265 2406 2439 2468 lutum
2466 2430 2630 2485 super
2662 2415 2850 2473 oculos
2875 2417 3017 2488 ejus,
3072 2436 3092 2469 ι
3116 2419 3401 2475 ostendere
3442 2418 3647 2473 volens.

2051 2502 2147 2579 per
2174 2506 2343 2560 lutum
2390 2507 2568 2577 ipsum
2602 2524 2728 2565 esse
2755 2510 2845 2579 qui
2878 2509 3143 2565 Adamqu
3191 2525 3222 2565 e
3251 2510 3365 2563 luto
3389 2509 3625 2579 plasma-

2048 2601 2149 2656 vit.
2180 2600 2419 2656 Dicendo
2449 2603 2595 2657 enim
2619 2643 2634 2668 ,
2662 2602 2773 2674 Ego
2811 2618 2930 2659 sum
2963 2605 3055 2673 qui
3102 2605 3204 2659 hoc
3248 2602 3373 2667 feci,
3416 2600 3629 2658 dimcile

2050 2692 2220 2748 videri
2274 2702 2491 2763 poterat
2537 2695 2907 2751 audientibus.
2960 2695 3067 2751 Sed
3114 2710 3235 2750 cum
3284 2695 3418 2750 illud
3464 2709 3632 2765 opere

2052 2785 2474 2851 demonstraret,
2509 2787 2623 2857 jam
2677 2803 2781 2843 non
2820 2796 2940 2844 erat
2994 2787 3405 2842 contradicendi
3453 2786 3625 2845 locus.

2052 2875 2260 2933 Idcirco
2286 2893 2390 2932 non
2425 2878 2770 2948 simpliciter,
2809 2880 2903 2935 sed
2946 2879 3038 2935 illo
3072 2879 3231 2935 modo
3264 2879 3451 2934 oculos
3477 2892 3631 2934 crea-

2052 2969 2150 3035 vit,
2183 2984 2285 3026 non
2339 2970 2512 3025 solum
2541 2971 2793 3025 formavit
2825 2982 2878 3027 et
2908 2972 3140 3042 aperuit,
3190 2972 3285 3027 sed
3324 2982 3384 3025 ut
3416 2970 3633 3026 videant

2053 3072 2137 3117 est
2169 3061 2395 3132 largitus
2429 3063 2611 3134 :quod
2647 3062 3017 3118 testimonium
3049 3074 3133 3120 est
3162 3063 3357 3119 anima:
3383 3063 3433 3118 iu
3460 3062 3630 3118 Adam

2053 3154 2123 3209 ab
2157 3156 2272 3225 ipso
2306 3156 2604 3226 inspirata.
2640 3155 2731 3209 Illa
2776 3156 2921 3210 enim
2969 3156 3148 3210 anima
3198 3170 3303 3210 non
3347 3166 3628 3223 operante,

2054 3248 2242 3305 oculus
2287 3250 2533 3320 quamvis
2575 3257 2721 3305 esset
2765 3248 3086 3317 instructus,
3128 3263 3235 3306 non
3281 3248 3506 3305 vidisset
3535 3265 3633 3302 uu-
3668 3292 3669 3295 η

386 3323 635 3394 Ἐκεινης
670 3322 773 3392 μὲν
821 3325 931 3395 γὰρ
974 3324 1049 3396 μὴ
1101 3325 1437 3397 ἐνεργούσης
1461 3365 1476 3388 ,
1506 3325 1818 3397 ὀφθαλμὸς,
1848 3329 1954 3384 κᾶν
1982 3336 2023 3393 C
2056 3357 2241 3412 quam,

371 3414 788 3487 ἁπηρτισμένος
818 3412 874 3489 ᾖ,
905 3418 1008 3471 οὐκ
1034 3417 1101 3471 ἂν
1132 3418 1231 3472 ίδοι
1262 3417 1392 3472 ποτέ
1423 3418 1556 3488 (l3).
1584 3418 1810 3493 [Clum]

448 3545 467 3577 ‹
516 3527 740 3593 Ἔλεγον
776 3523 871 3582 οὖν
919 3529 983 3583 ὲκ
1021 3531 1130 3583 τῶν
1164 3531 1480 3602 Φαρισαίων
1518 3518 1904 3598 τινές³Ὂῦτος
1928 3533 1958 3586 ό

377 3614 665 3686 ἄνθρωπος
693 3618 795 3671 οὐκ
832 3618 950 3673 ἔστι
984 3621 1134 3693 παρὰ
1161 3619 1256 3674 τοῦ
1289 3620 1447 3689 Θεοῦ,
1475 3622 1558 3675 ὅτι
1590 3620 1652 3674 τὸ
1673 3621 1956 3678 Σάϐϐατον

374 3708 442 3782 οὐ
475 3711 654 3779 τηρεῖ.
696 3726 715 3761 ι

460 3800 548 3865 Ἐξ
574 3800 751 3873 ἄκρας
780 3801 1102 3872 ἀκριϐείας³
1121 3803 1181 3857 τὸ
1213 3802 1494 3860 Σάϐϐαταν
1521 3801 1835 3874 προετίμων
1858 3803 1957 3873 τῆς

377 3888 526 3953 Θεέας
543 3890 708 3944 αὑτοῦ
732 3891 1036 3963 δυνάμεως,
1057 3895 1149 3947 καὶ
1172 3891 1623 3964 βλασφημοῦντες
1645 3892 1957 3962 ἔλεγον,ὅτι

381 3968 501 4037 Οὐκ
516 3982 690 4037 ἔστιν
707 3979 885 4052 οὗτος
900 3985 1059 4055 παρὰ
1072 3986 1241 4053 Θεοῦ,
1259 3985 1345 4040 ὅτι
1364 3984 1755 4041 Σάϐϐατονοοὺ
1772 3985 1954 4054 τηρεῖ.

447 4098 680 4169 Χριστὸς
740 4099 837 4169 μὲν
889 4099 948 4151 ὲν
1001 4099 1266 4170 Σαϐϐάτῳ
1320 4098 1401 4152 ἐνὶ
1452 4098 1708 4169 δακτύλῳ
1751 4098 1951 4169 χρίσας

376 4190 467 4243 τὸν
509 4190 679 4260 πηλὸν
733 4192 1091 4260 ἐγκαλεῖται,
1125 4192 1283 4246 αὐτοὶ
1312 4191 1368 4244 δὲ
1401 4192 1498 4263 ὅλῃ
1526 4192 1673 4263 χειρὶ
1706 4190 1957 4253 λούοντες

378 4281 449 4335 τὰ
480 4282 598 4347 ζῶα
638 4282 732 4336 καὶ
770 4282 1077 4352 ἀπάγοντες
1130 4284 1269 4356 πρὸς
1315 4283 1605 4355 ποτισμὸν,
1655 4283 1750 4337 καὶ
1776 4282 1844 4335 τά
1878 4282 1957 4346 είς

383 4375 577 4447 βόθρον
607 4376 920 4447 ἐμπεσόντα
954 4377 1204 4448 πρόϐατα
1232 4376 1609 4442 ἀνασπῶντες,
1639 4377 1699 4431 οὺ
1730 4375 1955 4430 διαϐάλ-

381 4466 586 4521 λονται.
630 4465 855 4539 [Cum]

461 4579 478 4611 ι
513 4559 706 4630 Ἡμεῖς
726 4561 954 4631 οίδαμεν
977 4562 1059 4614 ὅτι
1083 4563 1110 4614 ό
1126 4561 1414 4633 ἄνθρωπος
1449 4554 1604 4624 οὗτος
1634 4559 1957 4631 ἁμαρτωλός

382 4652 551 4706 ἐστιν.
586 4669 613 4702 ι.
698 4662 705 4665 ‘

458 4743 726 4813 Ἀφρονες
773 4744 820 4796 οἱ
885 4743 1124 4799 Ἰουδαῖοι
1176 4744 1269 4800 τὸν
1317 4745 1415 4816 μὲν
1456 4744 1591 4797 Θεὸν
1633 4744 1955 4812 δοξάζεσθαι

384 4834 885 4906 παρακελευόμενοι
910 4834 997 4889 διὰ
1032 4835 1094 4889 τὸ
1130 4836 1347 4907 θαῦμα,
1380 4837 1470 4890 τἰν
1496 4838 1554 4890 δὲ
1607 4837 1667 4890 τὸ
1698 4836 1793 4890 τοῦ
1818 4836 1974 4890 Θεοῦ.

384 4925 543 4997 ἔργον
584 4927 887 4998 ποιήσαντα
915 4928 1369 4998 κατακρίναντες.

462 5035 479 5067 ι
520 5017 755 5087 Οἴδαμεν
792 5018 847 5072 δὲ
885 5020 969 5072 ὅτι
1002 5018 1345 5091 ἁμαρτωλῶν
1374 5021 1401 5073 ὁ
1427 5019 1561 5083 Θεὸς
1590 5019 1690 5073 οὐκ
1727 5016 1915 5072 ἀκούει
1940 5035 1953 5048 ο

387 5106 502 5160 ἀλλ’
533 5108 629 5161 ὲάν
651 5126 734 5173 τις
773 5106 1031 5182 θεοσεϐὴς
1051 5107 1109 5186 ᾖ,
1135 5112 1231 5165 καὶ
1257 5112 1321 5164 τὸ
1356 5110 1572 5182 θέλημα
1598 5108 1766 5169 αὐτοῦ
1800 5112 1953 5181 ποιῇ,

385 5199 577 5252 τούτου
607 5199 817 5253 ἀκούει.
857 5220 875 5251 ι

459 5294 533 5346 Οὐ
565 5292 675 5363 γὰρ
721 5294 746 5333 8
788 5294 1260 5365 προσωπολήπτης
1306 5296 1335 5347 ό
1374 5295 1508 5358 Θεός
1531 5311 1545 5327 ·
1592 5292 1672 5365 μὴ
1701 5294 1955 5363 γένοιτοί

387 5384 486 5437 ἀλλ
534 5384 610 5448 ὡς
643 5384 851 5447 δίκαιος
878 5384 972 5439 καὶ
998 5384 1222 5438 δικαίων
1253 5385 1509 5457 ἐραστὴς,
1540 5386 1629 5441 διὰ
1653 5386 1762 5438 τῶν
1788 5387 1960 5453 έιγίων

387 5478 601 5548 ἐνεργεῖ
626 5476 696 5530 τὰ
722 5474 997 5547 παράδοξα
1016 5518 1031 5544 ,
1062 5477 1123 5531 οὐ
1155 5476 1259 5548 μὴν
1287 5477 1375 5531 διὰ
1400 5477 1508 5531 τῶν
1532 5470 1876 5548 ἀμαρτωλῶν
1902 5479 1953 5533 ιι.

478 5676 499 5717 ί
530 5678 622 5734 Cr.
655 5678 930 5742 ἀσεϐείας.
1004 5681 1029 5719 ⁸
1060 5676 1153 5734 Cr.
1179 5676 1278 5747 οὐχ
1309 5676 1405 5741 ὡς.

2128 3533 2291 3589 Vens.
2325 3534 2412 3589 l6.
2447 3552 2465 3586 ι
2506 3534 2765 3590 Dicebant
2791 3546 2920 3605 ergo
2943 3546 3009 3588 ex
3033 3530 3327 3588 Pharismis
3356 3532 3619 3603 quidem:

2058 3625 2174 3680 Non
2204 3636 2293 3682 est
2320 3626 2408 3681 hic
2434 3627 2597 3682 homo
2622 3640 2654 3680 a
2683 3625 2817 3691 Deo,
2848 3624 2942 3695 qui
2976 3624 3275 3681 Sabbatum
3304 3639 3412 3680 nor.
3445 3632 3634 3680 custo-

2057 3718 2155 3771 dit.
2188 3736 2207 3770 ι

2132 3808 2206 3863 Ex
2242 3809 2410 3864 nimia
2436 3808 2655 3863 Sabbati
2674 3807 3057 3864 observatione
3091 3808 3265 3879 ipsum
3301 3808 3499 3863 divina:
3525 3810 3635 3863 vir-

2062 3898 2164 3952 tuti
2208 3897 2603 3967 prml'erebant,
2630 3908 2685 3953 et
2712 3896 3151 3967 blasphemantes
3182 3897 3434 3975 dicebant
3465 3914 3481 3953 :
3513 3896 3636 3953 .‘er

2058 3998 2130 4042 est
2160 3986 2243 4041 hic
2271 4004 2305 4041 a
2329 3987 2458 4052 Deo,
2491 3988 2583 4058 qui
2608 3986 2900 4042 Sabbatum
2930 4003 3034 4042 non
3061 3987 3316 4043 custodit.

2129 4100 2380 4155 Christus
2411 4100 2555 4155 enim
2581 4100 2721 4167 quod
2759 4100 2811 4154 in
2860 4097 3098 4154 Sabbato
3127 4098 3299 4154 lutum
3329 4114 3438 4155 uno
3471 4098 3639 4170 digito

2059 4194 2243 4248 liniret
2275 4194 2541 4262 arguitur,
2574 4194 2674 4261 ipsi
2707 4200 2891 4246 autem
2923 4205 3045 4246 cum
3086 4192 3341 4247 animalia
3375 4192 3557 4247 lavant
3585 4202 3639 4247 et

2059 4286 2265 4340 ducunt
2307 4286 2374 4339 ad
2407 4296 2615 4356 potum,
2665 4298 2721 4340 et
2752 4284 2804 4338 iu
2845 4282 3057 4339 foveam
3107 4286 3365 4343 cadentes
3406 4287 3641 4343 educunt

2059 4392 2210 4444 oves,
2241 4377 2447 4433 nullum
2475 4389 2655 4434 tamen
2681 4377 2885 4433 crimen
2914 4379 3235 4440 incurruuL-

2136 4555 2294 4611 Vens.
2329 4558 2420 4613 24.
2459 4577 2478 4611 ι
2509 4559 2633 4615 Nos.
2653 4560 3011 4632 scimusquia
3060 4559 3147 4614 hic
3174 4556 3356 4614 bomo‘
3383 4566 3633 4626 peccator

1992 4657 2222 4735 υθει.»

2136 4739 2311 4795 Insani
2348 4739 2422 4793 illi
2451 4739 2618 4795 Judaei
2660 4730 2830 4794 Deum
2882 4740 3098 4809 quidem
3142 4737 3397 4793 honorari
3442 4737 3636 4809 jubent

2061 4844 2157 4900 per
2189 4829 2531 4894 miraculum,
2556 4845 2679 4885 eum
2712 4844 2841 4885 vero
2871 4831 2961 4901 qui
2989 4829 3081 4885 Dei
3112 4843 3249 4899 opus
3268 4827 3479 4899 perlicit
3502 4842 3635 4883 cou-

2061 4922 2439 4981 demnabant-

2141 5013 2309 5068 Vsus.
2344 5014 2434 5069 51.
2470 5032 2487 5065 ι
2522 5014 2737 5069 Scimus
2777 5022 2955 5068 autem
2982 5012 3104 5082 quia
3148 5020 3459 5083 peccatores
3494 5010 3637 5065 Deus

2059 5122 2163 5163 non
2195 5106 2379 5162 audit:
2414 5107 2505 5160 sed
2534 5106 2728 5175 siquis
2760 5103 2851 5160 Dei
2887 5105 3065 5161 cultor
3091 5114 3193 5164 est.
3216 5115 3273 5161 et
3301 5102 3635 5159 voluntatem

2065 5200 2182 5271 ejus
2215 5196 2362 5264 facit,
2393 5199 2534 5253 hunc
2564 5198 2801 5253 exaudit.
2838 5216 2857 5251 ι

2139 5290 2253 5347 Non
2282 5290 2425 5346 enim
2452 5300 2802 5360 persoitarum
2830 5298 3083 5361 acceptor
3109 5292 3253 5345 Deus
3276 5304 3294 5355 ;
3322 5287 3465 5343 absit
3491 5287 3505 5340 l
3546 5287 3639 5340 sed

2069 5395 2323 5454 tanquam
2350 5385 2529 5455 justus
2554 5400 2618 5439 ac
2639 5383 2906 5453 justorum
2931 5394 3143 5437 amator
3174 5397 3269 5453 per
3292 5390 3513 5436 sanctos
3539 5379 3639 5433 mi-

2069 5476 2257 5532 rabilia
2282 5482 2555 5546 ‘operutur,
2578 5488 2689 5531 non
2720 5483 2900 5529 autem
2939 5489 3035 5546 per
3063 5484 3403 5543 peccatores.

1486 5678 1512 5717 δ
1545 5677 1634 5733 Cr.
1672 5677 2117 5750 ἁμαρτανόντων.

464 5859 575 5928 (1'5)
620 5857 731 5913 lloc
763 5858 1025 5912 sclmlium
1080 5856 1221 5926 quod
1261 5866 1449 5928 catena
1482 5856 1727 5915 Crameri
1780 5857 1965 5914 tribuit
2004 5859 2310 5923 Ammonio,
2356 5857 2489 5912 Cod.
2540 5854 2693 5913 Bodl.
2770 5870 2894 5912 vero
2939 5855 3031 5911 dat
3064 5852 3480 5924 Chrysoatomo,
3537 5858 3644 5904 nan

397 5926 707 5986 ittvcnitttus
742 5930 793 5983 in
826 5928 960 5999 Opp.
994 5928 1189 5998 Chrys.
1219 5926 1291 5982 cf.
1331 5942 1446 5993 vm,
1483 5929 1567 5983 12.
