4130 6576
612 430 748 497 1439

1740 439 2076 500 ΑΜΜΟΝΙΙ
2117 442 2646 502 ALEXANDRINI

3733 445 3848 511 1460

683 545 841 598 Ducel
891 552 1202 600 credentem
1244 545 1298 598 in
1329 543 1512 600 .Iesuui
1541 543 1742 616 Ipsum,
1769 566 1873 603 non
1919 561 1976 606 ιιι
2008 553 2060 607 in
2086 552 2158 606 ho

2261 594 2266 613 ι
2364 552 2621 607 Διδάσκει
2643 553 2726 605 ὃτι
2750 551 2779 604 6
2806 551 3080 606 πιστεύων
3107 553 3189 618 εἰς
3211 553 3377 609 αὐτὸν
3398 556 3491 609 τὸν
3517 555 3743 628 Ἰησόῖιν,
3762 565 3848 635 οὐχ

608 638 810 693 minem
845 651 876 691 e
919 636 1076 691 nobis
1105 639 1352 700 credere,
1385 638 1480 693 sed
1517 629 1576 692 ut
1618 639 1673 694 in
1708 640 1876 696 Deum
1908 643 2187 700 hominem

606 731 835 785 factum.
880 727 973 786 Sic
1007 729 1304 801 perfectum
1357 740 1443 787 est
1471 731 1538 788 de
1580 731 1806 792 Christo
1842 739 2183 808 mysterium.

679 933 841 1000 sts.
869 935 958 992 '59.
1001 954 1021 988 ί
1059 935 1127 989 Et
1170 936 1305 993 dixit
1343 938 1500 994 Iesus
1551 958 1566 996 :
1610 938 1667 995 lu
1697 940 1962 1012 indicium
1997 957 2098 1014 ego
2129 943 2184 998 in

602 1025 746 1081 hunc
775 1029 1030 1081 mundum
1058 1028 1202 1086 veni.
1240 1046 1266 1080 ι

671 1140 740 1196 In
759 1142 1036 1212 judicium
1060 1144 1176 1197 veni
1198 1160 1217 1197 :
1236 1143 1288 1199 id
1312 1155 1415 1210 est,
1441 1146 1507 1200 ad
1540 1145 1797 1214 majorem
1821 1149 2179 1219 punitionem.

598 1234 739 1292 Nam
786 1235 876 1303 qui
929 1235 1103 1304 ipsum
1153 1236 1590 1292 condemnabam
1627 1247 1885 1310 tanquam
1927 1254 2182 1310 peccato-

603 1341 740 1392 rem,
772 1326 850 1382 illi
892 1326 999 1396 ipsi
1033 1335 1428 1400 utpeccatores
1459 1330 1698 1386 damnati
1722 1340 1870 1389 sunt.

1243 1464 1398 1522 CAP.
1445 1467 1511 1522 Χ.

671 1597 835 1654 Vens.
869 1600 920 1654 l.
965 1619 984 1652 ι
1012 1602 1206 1669 Amen,
1238 1618 1394 1659 amen
1434 1607 1557 1662 dico
1590 1591 1788 1664 vobis:
1826 1612 1920 1681 qui
1950 1627 2060 1668 non
2091 1613 2178 1669 in-

601 1699 709 1751 trat
731 1707 825 1760 per
849 1693 1046 1752 ostium
1067 1694 1118 1749 in
1150 1696 1291 1752 ovile
1311 1701 1515 1765 ovium,
1533 1701 1628 1756 sed
1654 1703 1897 1760 ascendit
1929 1705 2165 1762 aliunde.

597 1781 689 1838 ille
715 1781 801 1838 Fur
833 1794 937 1854 est,
965 1796 1022 1842 et
1049 1786 1208 1846 latro.
1249 1807 1271 1840 ι

667 1992 782 2048 Fur
804 2005 889 2050 est
917 1997 1009 2065 qui
1043 1998 1304 2055 honorem
1331 2016 1437 2056 non
1474 2003 1576 2073 ipsi
1617 2004 1803 2062 datum
1834 2008 1886 2063 vi
1920 2010 2173 2082 subripit,

595 2101 756 2156 quem
796 2103 955 2145 nemo
988 2100 1167 2160 potest
1210 2094 1462 2165 accipere
1491 2112 1598 2153 non
1645 2103 1876 2158 credens
1922 2104 1977 2158 in
2013 2105 2176 2161 Chri-

593 2188 761 2235 stum.

662 2297 774 2350 Fur
829 2307 914 2352 est
965 2301 1054 2367 qui
1097 2316 1200 2356 non
1249 2303 1418 2359 utitur
1453 2305 1702 2377 legitima
1759 2310 2170 2384 Scripturarum

592 2390 862 2458 doctrinm,
887 2394 981 2448 sed
1006 2394 1163 2448 aliam
1195 2400 1506 2473 quampiam
1538 2403 1870 2474 illegitimam
1904 2409 2173 2478 spuriam-

591 2495 699 2549 que
743 2484 1109 2552 amplectitur.
1152 2487 1360 2545 Idcirco
1398 2491 1570 2560 dicit,
1621 2496 1839 2551 aliunde
1893 2501 2029 2552 venit
2061 2540 2078 2568 ,
2111 2509 2172 2555 ut

592 2571 817 2628 Scribas
839 2585 1006 2641 n0tet,
1031 2578 1122 2646 qui
1145 2578 1408 2634 docebant
1437 2584 1831 2653 prmeeptiones
1855 2586 2166 2656 hominum,

587 2675 646 2720 et
677 2665 847 2743 ipsam
875 2667 1044 2740 legem
1076 2670 1368 2728 violabant.
1485 2719 1498 2733 .

659 2863 821 2919 Vsus.
861 2868 915 2922 5.
965 2887 983 2919 ι
1031 2868 1164 2925 Huic
1189 2873 1447 2928 ostiarius
1472 2877 1646 2945 aperit
1671 2917 1687 2940 .
1722 2888 1779 2934 et
1807 2895 1939 2938 oves
1972 2898 2163 2940 vocem

587 2956 706 3026 ejus
735 2957 984 3022 audiunt,
1019 2974 1073 3016 et
1097 2964 1345 3033 proprias
1377 2981 1508 3022 oves
1537 2978 1699 3033 vocat
1725 2975 2072 3042 nominatim,
2112 2987 2166 3041 et

585 3049 767 3104 educit
795 3065 912 3112 eas.
942 3069 967 3114 ι

655 3160 886 3228 Quando
912 3164 1097 3221 lideles
1125 3181 1154 3220 a
1185 3168 1370 3238 probis
1394 3172 1713 3230 doctoribus
1741 3176 1982 3234 divinam
2023 3181 2156 3237 hau-

583 3254 737 3310 riuut
767 3256 1154 3326 eruditionem,
1185 3264 1337 3330 quasi
1373 3265 1554 3321 cibum
1594 3271 1883 3337 quemdam
1917 3274 2158 3343 capiunt.

584 3345 687 3422 Qui
725 3362 854 3403 vero
882 3347 1158 3405 Christum
1199 3353 1552 3424 impostorem
1603 3370 1827 3430 vocant,
1867 3361 1936 3418 ab
1972 3367 2156 3420 ovium

579 3454 744 3510 grege
777 3452 1129 3512 segregantur
1163 3455 1216 3502 et
1249 3460 1533 3513 arcentur.

651 3553 815 3613 Vens.
832 3557 886 3611 4.
916 3575 935 3609 ι
967 3558 1176 3617 Etcum
1203 3565 1450 3634 proprias
1472 3581 1601 3624 oves
1625 3570 1890 3638 emiserit,
1921 3583 2046 3630 ante
2064 3590 2160 3631 cas

576 3647 728 3701 vadit
772 3661 788 3701 :
825 3656 881 3702 et
909 3664 1040 3706 oves
1070 3651 1219 3708 illum
1251 3667 1574 3726 sequuntur,
1603 3662 1729 3731 quia
1763 3664 1944 3719 sciunt
1969 3681 2155 3724 vocem

577 3754 712 3809 ejus.
755 3761 775 3794 ι

647 3850 780 3908 Cum
835 3858 1018 3912 caeteri
1071 3869 1320 3929 pastores
1363 3873 1484 3931 post
1533 3879 1664 3920 oves
1711 3881 1841 3922 suas
1877 3869 2155 3926 ambulare

575 3945 807 4011 soleant,
843 3949 1092 4006 Christus
1119 3962 1244 4006 ante
1265 3970 1396 4010 oves
1433 3972 1560 4012 suas
1589 3959 1757 4024 vadit,
1788 3969 1842 4014 ut
1875 3963 2149 4028 ostendat,

572 4053 634 4095 se
671 4041 924 4097 omnibus
949 4045 1015 4098 ad
1050 4046 1340 4101 veritatem
1372 4048 1627 4110 ducatum
1657 4060 1939 4121 praestare.

644 4236 811 4293 Vens.
847 4239 900 4295 6.
939 4258 958 4292 ι
1016 4240 1130 4298 Hoc
1162 4247 1509 4315 proverbium
1541 4250 1680 4307 dixit
1729 4252 1812 4309 eis
1849 4252 2030 4312 Jesus.
2072 4257 2151 4313 llli

570 4337 747 4384 autem
789 4346 893 4385 non
926 4345 1296 4402 cognoverunt
1329 4339 1454 4408 quid
1487 4340 1801 4412 loqueretur
1835 4347 1936 4402 eis.
1982 4367 2002 4401 ι

640 4421 801 4486 Deus,
829 4437 951 4478 cum
986 4425 1104 4482 illos
1137 4427 1303 4483 sciret
1337 4445 1441 4485 non
1479 4431 1777 4507 intelligere
1807 4451 2140 4502 sermonem,

564 4510 814 4565 eumdem
852 4511 957 4566 illis
993 4515 1061 4568 ab
1099 4516 1324 4571 exordio
1373 4518 1627 4590 explicat,
1661 4531 1722 4576 ut
1749 4523 1841 4578 vel
1879 4525 1958 4579 sic
1983 4540 2047 4580 ex
2081 4540 2145 4581 eo

563 4600 800 4657 fructum
831 4602 1057 4669 faciant.

633 4713 798 4772 Vsus.
833 4717 882 4770 7.
932 4737 951 4773 ι
989 4719 1134 4775 Dixit
1167 4736 1302 4794 ergo
1334 4724 1415 4779 eis
1458 4725 1676 4793 iterum,
1705 4727 1862 4786 Jesus
1898 4733 2138 4800 :Ameu,

561 4822 716 4869 amen
742 4807 867 4864 dico
894 4811 1064 4878 vobis,
1097 4814 1222 4884 quia
1250 4830 1352 4886 ego
1379 4831 1498 4871 sum
1534 4820 1731 4875 ostium
1760 4824 1966 4879 ovium.
2005 4843 2026 4878 ι

636 5010 851 5074 Ostium
877 5025 963 5070 est
989 5015 1240 5074 Christus
1261 5060 1281 5084 ι
1307 5031 1366 5078 ut
1392 5023 1483 5092 qui
1525 5040 1656 5084 dves
1687 5026 1949 5094 includat,
1991 5028 2140 5087 fures

562 5115 745 5161 autem
777 5116 963 5161 arceat
995 5117 1050 5162 et
1073 5122 1265 5181 arguat
1307 5129 1321 5166 :
1360 5114 1440 5168 vel
1474 5117 1616 5184 quod
1648 5133 1747 5186 per
1773 5119 1943 5174 solam
1979 5122 2137 5176 Iidem

558 5202 613 5252 in
649 5198 824 5267 ipsum
851 5199 916 5252 ad
939 5197 1156 5256 Patrem
1205 5202 1594 5274 iugrediamur,
1627 5209 1802 5267 eidem
1845 5211 2138 5268 reddamur

554 5289 851 5356 familiares
878 5308 894 5346 :
926 5292 1009 5350 vel
1037 5295 1180 5363 quod
1214 5310 1309 5364 per
1344 5298 1519 5367 ipsum
1549 5300 1845 5363 veniamus.
1863 5302 1929 5357 ad
1959 5318 2132 5373 popu-

551 5377 664 5432 lum
698 5379 1023 5446 initiaudum
1055 5401 1068 5436 :
1099 5384 1178 5444 vel
1213 5387 1356 5455 quod
1382 5388 1576 5460 dignos
1597 5391 1815 5460 quidem
1845 5395 1898 5450 in
1920 5408 2132 5454 sacram

544 5472 732 5529 .anlam
785 5472 1150 5544 intromitlat,
1213 5478 1449 5550 indignis
1501 5493 1682 5540 autem
1746 5486 1950 5542 aditum
1997 5503 2134 5558 prae-

547 5567 750 5625 cludat.

625 5683 787 5740 Vsus.
822 5685 878 5741 9.
917 5703 936 5739 ι
977 5685 1088 5757 Ego
1137 5703 1256 5747 sum
1287 5691 1516 5756 ostium.
1541 5692 1645 5750 Per
1687 5709 1775 5758 me
1804 5696 1849 5754 si
1896 5695 2016 5774 quis
2048 5696 2128 5752 in-

628 5862 646 5904 i
677 5861 771 5926 Cr,
795 5863 1059 5949 σημαίνεις,

2291 651 2369 713 ὡς
2395 652 2476 713 εἰς
2505 649 2792 720 ἄνθρωπον
2825 650 2922 704 ἕνα
2947 650 3056 704 τῶν
3083 651 3210 704 καθ’
3249 653 3400 721 ἡμᾶς
3431 653 3717 719 πιστεύει,
3751 657 3850 712 ἀλλ’

2289 739 2366 803 ὡς
2401 742 2482 803 είς
2513 739 2648 793 Θεὸν
2677 740 3202 812 ὲνανθρωπήσαντα.
3239 742 3457 815 Πλῆρες
3499 746 3611 818 γάρ
3638 748 3774 803 οὕτω
3800 752 3852 805 τὸ

2290 825 2386 880 ἐπὶ
2412 825 2633 898 Χριστῷ
2665 829 2985 902 μυστήριον.
3019 829 3244 904 [Cum]

2365 958 2385 990 ι
2434 939 2551 997 Καὶ
2589 935 2743 994 εἶπεν
2779 943 2806 996 6
2850 939 3097 1013 Ἰησοᾶςο
3138 946 3234 1010 Εἰς
3277 949 3454 1018 κρῖμα
3506 946 3622 1018 ἐγὼ
3666 951 3743 1015 είς
3776 953 3854 1007 τὸν

2285 1030 2493 1100 κόσμον
2521 1031 2712 1087 τοῦτον
2735 1030 2919 1105 ἦλθον.
2961 1055 2980 1089 ι

2354 1149 2459 1214 Εἰς
2487 1148 2663 1218 κρῖμα
2684 1145 2904 1219 ἦλθονο
2946 1153 3068 1206 ἀντὶ
3095 1154 3192 1207 τοῦ
3213 1196 3228 1218 ,
3256 1156 3338 1218 είς
3371 1154 3600 1226 μείζονα
3623 1159 3848 1213 κόλασιν.

2284 1236 2352 1295 Οἱ
2385 1236 2494 1308 γὰρ
2517 1240 2989 1308 καταδικάσαντες
3023 1244 3189 1298 αὐτὸν
3213 1245 3289 1309 ὡς
3327 1247 3678 1320 ἁμαρτωλὸν,
3716 1251 3854 1308 αὐτοί

2283 1327 2421 1386 είσιν
2445 1328 2522 1393 ὡς
2545 1329 2865 1403 ἁμαρτωλοὶ
2887 1335 3343 1407 κατακριθέντες.

2899 1473 3153 1528 ΚΕΦΑΛ.
3197 1473 3257 1529 Γ.

2285 1579 2290 1584 ν
2362 1627 2380 1659 ι
2430 1607 2625 1680 Ἀμὴν,
2655 1610 2807 1683 ἀμὴν
2832 1611 2976 1680 λέγω
3000 1612 3132 1682 ὑμῖν
3153 1629 3168 1646 ⁸
3201 1615 3230 1668 6
3260 1613 3336 1685 μὴ
3366 1616 3751 1687 εἰσερχόμενος
3771 1617 3849 1673 διὰ

2277 1701 2378 1771 τῆς
2404 1699 2579 1773 θύρας
2605 1703 2687 1765 είς
2724 1703 2830 1774 τὴν
2865 1703 3036 1775 αὐλὴν
3061 1703 3169 1758 τῶν
3200 1705 3518 1776 προϐάτων,
3553 1707 3693 1762 ἀλλὰ
3729 1710 3846 1762 ἀναν

2206 1777 2250 1833 Β
2279 1792 2481 1846 ϐαίνων
2531 1794 2830 1866 ἀλλαχόθεν
2855 1835 2870 1864 ,
2904 1797 3116 1862 ἐκεῖνος
3163 1797 3407 1870 κλέπτης
3451 1798 3574 1852 ἐστὶ
3615 1799 3710 1854 καὶ
3761 1799 3844 1875 λῃ·

2281 1883 2437 1954 στής.
2475 1902 2495 1936 ι

2347 1998 2608 2070 κλέπτης
2634 2001 2784 2054 ἐστὶν
2805 2002 2833 2056 6
2859 2003 2924 2055 ὲκ
2953 2001 3074 2071 βίας
3101 2002 3201 2075 τὴν
3228 2004 3305 2076 μὴ
3327 2004 3586 2060 δοθεῖσαν
3615 2005 3762 2078 αὑτῷ
3785 2024 3849 2061 τι·

2279 2091 2388 2163 μὴν
2423 2093 2786 2164 ὑφαρπάζων,
2827 2095 2894 2167 ἢν
2921 2096 2986 2150 οὑ
3017 2095 3243 2151 δύναται
3272 2096 3495 2166 λαϐεῖν,
3530 2101 3581 2154 εί
3613 2101 3688 2172 μὴ
3713 2103 3741 2155 6
3778 2103 3846 2165 είς

2273 2184 2509 2253 Χριστὸν
2540 2185 2831 2240 πιστεύων.
2867 2186 3093 2261 [σολυμ]

2345 2297 2604 2371 κλέπτης
2663 2299 2812 2352 ἐστὶν
2852 2301 2880 2354 ό
2929 2301 3006 2372 μὴ
3051 2304 3117 2374 τῇ
3169 2305 3544 2378 νενομισμένῃ
3595 2307 3704 2362 ἀπὸ
3748 2307 3846 2361 τῶν

2272 2389 2507 2460 Γραιρῶν
2552 2390 2837 2464 χρώμενος
2865 2392 3184 2466 διδασκαλίᾳ
3209 2435 3225 2460 ,
3271 2397 3408 2452 ἀλλὰ
3446 2398 3516 2452 δι’
3557 2397 3749 2472 ἑτέρας
3778 2401 3842 2471 μὴ

2271 2481 2669 2550 νενομισμένης
2685 2481 3001 2552 ἐρχόμενος.
3017 2484 3108 2538 Διδ
3125 2487 3221 2540 καὶ
3241 2481 3363 2542 εἶπε
3383 2489 3465 2556 τὸ,
3487 2490 3842 2560 ἀλλαχόθεν,

2271 2570 2360 2624 ἵνα
2383 2571 2477 2624 καὶ
2504 2573 2628 2637 τοὺς
2644 2573 3001 2645 Γραμματεῖς
3030 2577 3258 2650 σημάνῃ
3286 2580 3330 2643 i,
3350 2581 3479 2645 τοὺς
3503 2581 3845 2648 διδάσκρνπας

2269 2663 2338 2718 τὰ
2385 2665 2698 2737 ἐντάλματα
2734 2666 2845 2719 τῶν
2880 2668 3227 2741 ἀνθρώπων,
3265 2672 3362 2726 καὶ
3408 2673 3843 2746 παραϐαίνοντας

2268 2753 2359 2808 τὸν
2385 2755 2568 2826 νόμον.

2346 2891 2365 2927 ι
2403 2871 2593 2944 Τούτῳ
2617 2873 2646 2926 6
2672 2873 2923 2947 θυρωρὸς
2950 2877 3199 2948 ἀνοίγει,
3239 2881 3336 2934 καὶ
3356 2882 3427 2935 τὰ
3459 2883 3718 2954 πρόϐατα
3753 2885 3842 2953 τῆς

2267 2964 2456 3036 φωνῆς
2503 2966 2669 3020 αὐτοῦ
2712 2968 2938 3033 ἀκούει,
2981 2971 3079 3024 καὶ
3121 2972 3189 3026 τά
3246 2972 3355 3026 ἴδια
3406 2975 3662 3046 πρόϐατα
3703 2975 3846 3030 καλεῖ

2267 3059 2390 3120 κατ’
2420 3059 2590 3130 ὄνομα
2612 3101 2628 3127 ,
2653 3060 2750 3114 καὶ
2787 3061 2976 3131 ἐξάγει
3002 3062 3166 3120 αὐτά.
3200 3082 3218 3115 ι

2339 3171 2510 3226 Ὅταν
2549 3174 2856 3230 ἀκούσωσιν
2891 3177 2945 3230 oi
2981 3178 3165 3232 πιστοὶ
3186 3221 3202 3245 ,
3234 3180 3389 3253 παρὰ
3432 3182 3542 3235 τῶν
3574 3182 3748 3254 ὀρθῶν
3767 3183 3842 3238 δι-

2263 3257 2584 3326 δασκάλων,
2623 3260 2693 3315 τά
2731 3261 2853 3317 θεῖα
2895 3263 3144 3334 δόγματα
3203 3267 3314 3322 τῶν
3343 3269 3609 3340 Γραφῶν,
3666 3272 3840 3344 ὥσπερ

2262 3351 2386 3405 τινὰ
2422 3352 2631 3424 τροφὴν
2661 3354 2930 3426 δέχονται.
2981 3358 3138 3412 Ὅσοι
3171 3359 3228 3414 δὲ
3254 3361 3456 3417 πλάνον
3487 3365 3721 3420 καλοῦσι
3757 3366 3840 3422 τὸν

2269 3443 2520 3515 Χριστὸν,
2554 3446 2658 3517 τῆς
2681 3447 2790 3501 τῶν
2825 3448 3116 3519 προϐάτων
3155 3451 3517 3527 ἑκϐἑϐληνται
3546 3457 3778 3522 τάξεως.

2339 3577 2358 3610 ι
2395 3559 2505 3613 Καὶ
2537 3560 2665 3614 ὅταν
2688 3561 2758 3616 τὰ
2799 3561 2908 3616 ῖδια
2951 3563 3205 3636 πρόϐατα
3241 3566 3451 3640 ἐκϐάλῃ
3477 3607 3492 3630 ,
3531 3569 3837 3642 ἔμπροσθεν

2261 3648 2441 3704 αὐτῶν
2472 3651 2802 3722 πορεύεται,
2831 3654 2926 3707 καὶ
2945 3655 3016 3710 τὰ
3056 3655 3308 3725 πρόϐατα
3351 3657 3501 3730 αύτῷ
3534 3661 3833 3728 ἀκολουθεῖ,

2259 3741 2343 3796 ὃτι
2372 3743 2546 3797 οἴδασι
2568 3745 2668 3816 τὴν
2701 3745 2887 3818 φωνὴν
2925 3747 3114 3802 αὑτοῦ.
3147 3771 3166 3802 ι

2325 3857 2486 3923 Ἔθος
2511 3860 2745 3930 ἐχόντων
2768 3861 2876 3916 τῶν
2904 3863 3179 3934 ποιμένων
3205 3866 3382 3921 ὀπίσω
3411 3867 3519 3922 τῶν
3541 3869 3831 3938 προϐάτων

2258 3955 2602 4020 περιπατεῖν,
2636 3952 2945 4025 ἔμπροσθεν
2965 3956 3075 4010 τῶν
3106 3959 3394 4030 προϐάτων
3419 3954 3575 4026 οὗτος
3604 3978 3831 4034 περιπα-

2256 4044 2342 4097 τεῖ
2367 4083 2383 4108 ,
2420 4044 2637 4110 δεικνὺς
2664 4088 2679 4114 ,
2719 4047 2802 4102 ὅτι
2843 4050 3006 4115 αὐτὸς
3056 4051 3245 4122 ὁδηγεῖ
3287 4053 3497 4118 πάντας
3544 4055 3687 4127 πρὸς
3740 4054 3831 4126 τὴν

2256 4135 2541 4209 ἀλήθειαν.

2332 4268 2352 4302 ι
2397 4251 2617 4324 Ταύτην
2657 4254 2758 4326 τὴν
2797 4256 3104 4328 παροιμίαν
3137 4252 3292 4311 εῗπεν
3319 4258 3504 4322 αὐτοῖς
3531 4261 3559 4313 6
3609 4258 3826 4331 Ἰησοῦς.

2266 4342 2494 4398 Ἐκεῖνοι
2522 4345 2566 4400 δ’
2599 4347 2698 4401 οὐκ
2724 4347 2971 4415 ἔγνωσαν
2996 4350 3120 4404 τίνα
3151 4345 3219 4422 ἧν
3244 4351 3280 4405 ἃ
3309 4351 3490 4406 ἐλάλει
3530 4352 3736 4416 αὐτοῖς.
3778 4368 3796 4402 ι

2333 4439 2392 4494 Ὀ
2421 4440 2556 4505 Θεὸς
2586 4443 2747 4510 γνοὺς
2779 4443 2855 4514 μὴ
2891 4445 3194 4516 νοήσαντας
3225 4446 3425 4510 αὐτοὺς
3445 4488 3458 4507 .
3491 4445 3702 4507 ἄνωθεν
3733 4445 3824 4497 αὖ·

2253 4534 2367 4596 τοῖς
2408 4535 2695 4605 σαφηνίζει
2742 4537 2834 4590 τὸν
2875 4537 3068 4606 λόγον,
3103 4539 3192 4592 ἵνα
3245 4539 3356 4593 κᾶν
3403 4539 3580 4602 οὕτως
3609 4537 3821 4610 ὠφεληο

2255 4622 2440 4680 θῶσιν.

2327 4758 2352 4796 ι
2404 4735 2572 4793 Εἶπεν
2617 4735 2712 4794 οὖν
2771 4739 2937 4794 πάλιν
2987 4741 3174 4804 αὐτοῖς
3223 4743 3251 4795 6
3315 4741 3524 4813 Ἰησοῦς
3550 4756 3564 4772 ⁸
3637 4739 3819 4813 Ἀμὴν,

2251 4833 2398 4906 ἀμὴν
2442 4831 2587 4904 λέγω
2620 4833 2771 4904 ὑμῖν,
2817 4833 2899 4887 ὅτι
2943 4831 3053 4903 ἐγώ
3083 4835 3200 4905 εἰμι
3237 4833 3275 4906 ἡ
3303 4833 3452 4908 θύρα,
3480 4833 3590 4888 τῶν
3625 4833 3821 4906 προϐά·

2249 4943 2386 4986 των.
2420 4944 2439 4977 ι

2318 5037 2473 5109 Θύρα
2499 5038 2647 5091 ἐστὶν
2674 5037 2703 5090 6
2729 5039 2984 5110 Χριστὸς,
3021 5039 3097 5103 ὡς
3123 5039 3430 5095 ἀποκλείων
3455 5039 3530 5095 τὰ
3554 5040 3814 5112 πρόϐατα,

2244 5128 2374 5192 τοὺς
2413 5129 2469 5182 δὲ
2504 5129 2746 5193 κλέπτας
2788 5131 3073 5202 ἀπείργων
3105 5131 3200 5184 καὶ
3237 5132 3511 5203 ἐλέγχωνο
3568 5134 3690 5203 ἦτοι
3738 5133 3815 5186 ὅτι

2243 5218 2332 5273 διὰ
2365 5217 2532 5288 μόνης
2567 5217 2669 5288 τῆς
2698 5219 2777 5281 είς
2819 5219 2984 5272 αὐτὸν
3013 5219 3251 5284 πίστεως
3281 5222 3651 5293 εἰσερχόμεθα
3684 5219 3812 5288 πρὸς

2239 5311 2332 5364 τὸν
2363 5309 2581 5380 Πατέρα
2599 5351 2615 5377 ,
2649 5309 2745 5366 καὶ
2776 5310 3132 5381 οἰκειούμεθα
3160 5313 3344 5385 αὐτῷ·
3381 5315 3421 5384 ἦ
3442 5315 3525 5376 Em
3554 5314 3623 5368 δι’
3649 5309 3811 5373 αὑτοῦ

2239 5402 2512 5476 ἐρχόμεθα
2546 5405 2628 5468 είς
2665 5403 2728 5458 τὸ
2771 5405 3044 5477 κατάρξαι
3088 5406 3232 5462 λαῶν
3255 5423 3269 5437 ⁸
3309 5408 3342 5479 ἢ
3373 5409 3456 5462 ὅτι
3482 5409 3608 5473 τοὺς
3636 5407 3810 5473 ἀξίους

2239 5492 2538 5562 εἰσδέχεται
2571 5495 2652 5558 είς
2683 5493 2779 5566 τὴν
2799 5496 2952 5568 ἱερὰν
2973 5496 3164 5570 αὐλὴν,
3190 5502 3304 5564 τοῖς
3329 5500 3388 5554 δὲ
3415 5500 3656 5566 ἀναξίοις
3686 5501 3810 5554 ἁπο-

2241 5582 2410 5640 κλείει
2438 5583 2538 5657 τὴν
2566 5586 2797 5642 εἴσοδον.

2312 5717 2341 5764 ι,
2382 5699 2525 5779 Ἐπίώ
2557 5703 2675 5775 εἰμι
2721 5702 2945 5783 ήμθύρα.
2993 5705 3068 5760 Δι’
3117 5705 3253 5780 ἐμοῦ
3301 5707 3399 5762 ὲάν
3447 5725 3530 5772 τις
3559 5705 3801 5787 εἰσέλθῃ»
