4130 6534
350 452 478 517 1461

1386 456 1848 517 FRAGMENTA
1895 455 1976 516 IN
2016 457 2075 516 S.
2115 457 2490 520 JOANNEM.

3472 429 3619 525 1462-

345 566 655 635 σωθήσεται
675 582 687 594 ·
720 565 815 620 καὶ
846 560 1253 628 εἰσελεύσεται,
1289 570 1383 619 καὶ
1414 563 1796 630 ἐξελεύσεται,
1832 580 1903 617 κα

2030 562 2262 630 troierit,
2290 563 2588 620 salvabitur
2613 577 2628 617 :
2658 570 2714 620 et
2742 561 3097 633 ingredietur,
3127 572 3180 620 et
3196 566 3528 636 egredietur,
3552 581 3609 626 et

343 655 514 726 νομὴν
543 656 787 725 εὑρήσει.
823 676 841 705 ι

414 749 476 800 Οἱ
509 747 728 810 πιστοὶ,
762 747 837 810 ὼς
887 747 975 801 διά
1008 745 1218 818 θύρας,
1268 747 1357 800 διὰ
1395 744 1637 818 Χριστοῦ
1689 747 1769 811 είς
1821 746 1923 815 τὴν

340 839 559 893 αἰώνιον
594 838 736 911 ζωὴν
760 840 1251 911 παραπέμπονται.

409 930 571 1002 Νομή
600 932 714 983 ἐστι
750 930 822 983 τὰ
855 932 973 983 θεῖα
1001 930 1332 1000 διδάγματα,
1365 922 1441 985 ὧν
1472 929 1845 985 ἀπολαύουσιν
1873 930 1921 983 οί

340 1022 545 1075 πιστοί.
584 1021 735 1095 Θύρα
766 1022 917 1075 ἐστὶν
946 1022 974 1073 6
1014 1020 1108 1075 τοῦ
1143 1020 1280 1075 Θεοῦ
1325 1022 1499 1089 Λόγος
1522 1063 1537 1087 ,
1572 1021 1813 1089 εἰσάγων
1843 1020 1924 1083 είς

339 1111 697 1180 θεογνωσίαν,
734 1112 829 1166 καὶ
857 1112 907 1165 oi
954 1111 1020 1166 δι’
1076 1112 1246 1166 αὑτοῦ
1277 1111 1613 1175 εἰσελθόντες
1634 1150 1649 1175 ,
1686 1110 1791 1177 ἔξω
1826 1109 1919 1163 τοῦ

338 1202 547 1273 κόσμου
573 1203 836 1268 γίνονται.

415 1311 434 1343 ι
480 1292 540 1346 Ὀ
565 1292 837 1362 μισθωτὸς
862 1292 942 1358 δὲ,
977 1292 1071 1346 καὶ
1099 1292 1200 1345 ούκ
1229 1290 1303 1344 ὼν
1332 1291 1560 1364 ποιμὴν,
1595 1284 1656 1345 οὗ
1679 1290 1779 1343 οὐκ
1814 1289 1921 1343 εἰσὶ

336 1384 406 1438 τά
439 1383 691 1457 πρόϐατα
736 1383 864 1451 ἴδια,
903 1384 1102 1455 θεωρεῖ
1135 1384 1225 1437 τὸν
1273 1382 1436 1437 λύκον
1465 1382 1780 1454 ἐρχόμενον,
1822 1381 1919 1435 καὶ

335 1477 531 1546 ἀφίησι
561 1476 630 1529 τά
653 1476 924 1547 πρόϐατα,
960 1477 1054 1531 καὶ
1088 1476 1282 1545 φεύγει
1306 1492 1321 1507 ο
1357 1475 1451 1529 καὶ
1491 1477 1519 1528 6
1542 1473 1704 1538 λύκος
1731 1475 1917 1545 ἀρπά-

336 1566 418 1632 {at
444 1566 584 1620 αύτά
606 1606 620 1631 ,
648 1567 743 1620 καὶ
775 1564 1061 1637 σκορπίζει
1088 1568 1157 1619 τά
1195 1566 1466 1636 πρόϐατα.
1509 1583 1530 1618 ι

403 1681 692 1736 Μισθωτδν
719 1679 1029 1750 ἀμελοῦντα
1050 1679 1161 1733 τῶν
1188 1681 1500 1751 προϐάτων,
1538 1678 1773 1732 ἕκαστον
1804 1678 1914 1731 τῶν

338 1775 617 1845 ἀρχόντων
652 1771 746 1826 τοῦ
774 1771 906 1825 λαοῦ
939 1770 1237 1842 ὀνομάζει,
1281 1769 1472 1842 ἐπειδὴ
1507 1770 1661 1823 οὐδὲν
1695 1769 1915 1823 ἐποίουν

336 1866 417 1927 είς
429 1865 695 1934 ὠφέλειαν
713 1865 822 1917 τῶν
848 1863 1018 1927 λαῶν,
1041 1862 1157 1916 ἀλλ’
1185 1862 1259 1925 ὡς
1282 1862 1553 1934 ἀλλότριοι
1582 1862 1909 1933 ἀπέσχηντο.

336 1959 410 2012 Ού
458 1958 567 2029 γάρ
597 1954 736 2028 ἦσαν
786 1956 967 2011 αὐτῶν
1003 1955 1111 2009 [δια
1137 1994 1153 2019 ,
1199 1954 1280 2007 διὸ
1317 1954 1437 2011 οὐδὲ
1482 1954 1710 2025 ῆχθοντο
1756 1956 1814 2008 ἐν
1846 1958 1911 2027 τῇ

335 2050 583 2121 ἀπωλείᾳ
610 2048 813 2103 αὐτῶν.
847 2044 1021 2100 Τοῦτο
1057 2047 1109 2099 οἱ
1138 2045 1403 2116 μισθωτοὶ
1430 2043 1701 2111 ποιοῦσιν,
1750 2047 1916 2111 αὐτὸς

329 2140 387 2194 δὲ
434 2138 743 2194 τούναντίον
770 2155 783 2168 ·
815 2138 905 2191 ὅτε
952 2136 1062 2208 γάρ
1109 2134 1441 2206 συνελήφθη,
1478 2131 1663 2190 εἶπεν·
1698 2138 1915 2205 Ἅφετε

329 2233 583 2297 τούτους
612 2229 888 2300 ὑπάγειν.
919 2229 1077 2285 Ἐστι
1105 2228 1202 2283 καὶ
1229 2221 1331 2283 ὧδε
1364 2227 1557 2298 νοῆσαι
1594 2228 1688 2282 τὸν
1722 2230 1914 2300 νοητὸν

329 2320 493 2375 λύκον
544 2320 635 2374 τὸν
680 2320 965 2374 διάϐολονε
1008 2320 1103 2373 καὶ
1150 2318 1258 2391 γὰρ
1305 2318 1430 2372 οὔτε
1463 2320 1673 2374 ἐκεῖνον
1728 2321 1914 2376 εῐασεν

331 2412 627 2467 ἐπελθόντα
654 2412 901 2483 ἁρπάσαι
950 2412 1018 2465 τά
1062 2411 1334 2480 πρόϐατα.
1393 2412 1483 2479 Ἐξ
1514 2405 1589 2467 ὧν
1628 2413 1685 2467 δὲ
1729 2414 1913 2486 τίθησι

326 2507 424 2577 τὴν
466 2505 663 2563 ἑαυτοῦ
704 2505 881 2577 ψυχὴν
929 2505 1017 2557 ἵνα
1048 2503 1301 2569 σωθῶσι,
1345 2508 1662 2577 συνίστησιν
1715 2507 1912 2560 ἑαυτὸν

326 2598 457 2651 ὄντα
490 2598 724 2669 ποιμένα
753 2597 937 2663 καλὸν,
966 2597 1060 2651 καὶ
1079 2597 1139 2650 ού
1168 2596 1369 2651 πλάνον
1387 2614 1400 2629 ’
1428 2599 1768 2671 προσήνεγκε
1801 2599 1911 2671 γάρ

328 2690 523 2746 ἑαυτὸν
560 2691 700 2763 ὑπὲρ
734 2690 991 2745 ἁπάντων
1018 2689 1234 2761 λύτρον.

404 2891 423 2922 ι
466 2869 667 2933 Καθὼς
700 2869 962 2938 γινώσκει
998 2885 1069 2936 με
1113 2869 1141 2921 6
1198 2868 1385 2940 Πατὴρ
1413 2908 1428 2933 ,
1462 2867 1619 2937 κάγὼ
1652 2868 1906 2939 γινώσκω

325 2963 417 3017 τὸν
453 2960 705 3033 Πατέρα·
744 2962 837 3015 καὶ
872 2960 970 3030 τὴν
1013 2960 1194 3031 ψυχήν
1228 2977 1328 3031 μου
1383 2960 1575 3033 τίθημι
1611 2961 1752 3033 ὑπὲρ
1796 2961 1905 3016 τῶν

326 3053 634 3124 προϐάτων.
678 3070 696 3104 ι

395 3144 581 3198 Εἰπὼν
615 3144 677 3196 τὸ
704 3144 932 3213 τίθημι,
971 3143 1172 3209 ἔδειξεν
1213 3144 1302 3199 ὅτι
1334 3142 1474 3196 ἐκὼν
1500 3142 1669 3197 ἐπαθε
1695 3161 1708 3175 ο
1739 3144 1799 3197 τὸ
1824 3144 1900 3210 δὲ,

2028 667 2229 722 pascua
2261 655 2518 710 inveniet.
2558 673 2578 706 ι

2097 744 2309 800 Fideles
2346 761 2442 815 per
2475 745 2750 801 Christum
2775 786 2790 812 ,
2826 757 3082 819 tanquam
3135 762 3232 818 per
3267 751 3467 807 ostium
3494 790 3511 821 ,
3552 753 3605 809 in

2026 837 2191 893 vitam
2218 848 2477 893 aeternam
2512 838 2975 894 intromittuntur.

2098 928 2303 984 Pascua
2336 937 2464 984 sunt
2507 929 2704 985 divinae
2754 930 3107 999 eruditiones,
3158 933 3355 1003 quibus
3409 935 3599 993 ﬁdeles

2025 1019 2396 1089 perfruuntur.
2437 1018 2648 1076 Ostium
2674 1030 2757 1077 est
2790 1020 2883 1076 Dei
2930 1021 3165 1077 Verbum
3190 1025 3335 1094 quod
3365 1026 3434 1081 ad
3459 1027 3602 1084 divi-

2022 1125 2149 1164 nam
2168 1111 2350 1165 evehit
2369 1112 2765 1181 cognitionem,
2784 1112 2993 1183 quique-
3009 1128 3105 1184 per
3129 1114 3257 1170 illud
3286 1116 3601 1187 ingrediun-

2026 1210 2135 1265 tur,
2162 1200 2409 1256 extrauei
2447 1202 2647 1255 mundo
2681 1202 2838 1257 llum.

2093 1292 2257 1348 Vens.
2292 1292 2377 1349 ιε.
2418 1311 2449 1345 ι
2484 1293 2855 1349 Mercenarius
2884 1304 3097 1360 autem,
3138 1305 3194 1352 et
3223 1298 3323 1366 qui
3367 1314 3473 1353 non
3508 1309 3587 1355 est

2020 1394 2224 1454 pastor,
2255 1383 2412 1454 cujus
2455 1399 2558 1440 non
2602 1395 2729 1440 sunt
2757 1399 2889 1441 oves
2923 1387 3155 1458 propria:
3178 1426 3194 1452 ,
3231 1388 3377 1443 videt
3407 1389 3589 1460 lupum

2019 1478 2348 1543 venientem,
2380 1485 2434 1531 et
2466 1477 2689 1531 dimittit
2723 1492 2852 1533 oves
2874 1516 2891 1543 ,
2928 1488 2983 1534 et
3013 1477 3149 1550 fugit
3185 1495 3201 1532 :
3229 1488 3286 1535 et
3314 1480 3473 1551 lupus
3508 1497 3596 1536 ra-

2018 1568 2120 1637 pit,
2144 1580 2199 1623 et
2225 1568 2492 1639 dispergit
2516 1583 2667 1625 oves.
2706 1587 2726 1620 ι

2090 1678 2483 1735 Mcreenarium
2512 1696 2642 1735 oves
2674 1681 3030 1752 negligentem
3053 1720 3067 1745 ,
3104 1690 3263 1737 vooat
3289 1684 3586 1755 quemlibet

2016 1770 2198 1841 populi
2223 1771 2544 1841 principem,
2566 1774 2708 1842 quod
2736 1774 2868 1827 nihil
2889 1788 2954 1829 ex
2981 1774 3159 1843 populi
3197 1776 3430 1832 utilitate
3458 1794 3581 1849 ges-

2019 1863 2235 1927 sissent,
2263 1864 2355 1918 sed
2380 1872 2633 1933 tanquam
2662 1866 2821 1921 alieni
2858 1868 3234 1923 recessissent.
3273 1868 3408 1934 Q‘nia
3436 1871 3582 1926 enim

2019 1969 2123 2008 non
2142 1965 2299 2009 erant
2323 1954 2534 2009 illorum
2562 1958 2798 2025 propria,
2824 1973 2995 2027 neque
3015 1974 3203 2014 eorum
3228 1961 3584 2035 perditionem

2017 2062 2342 2119 magnopere
2381 2048 2652 2105 dolebant.
2688 2050 2789 2103 ilic
2811 2053 3165 2105 mercenariis
3200 2066 3329 2107 usus
3364 2062 3467 2119 est,
3497 2053 3577 2107 illi

2016 2148 2200 2195 autem
2236 2140 2458 2195 omnino
2493 2140 2804 2195 contrarius
2844 2157 2858 2195 :
2909 2142 3125 2209 quando
3153 2142 3299 2196 enim
3336 2156 3584 2212 compre-

1978 2280 1981 2283 .
2017 2231 2376 2296 hendebatur,
2409 2231 2610 2295 aiebat,
2637 2230 2811 2285 Sinite
2829 2231 2923 2285 Ιιοε
2945 2233 3092 2286 abire
3114 2234 3183 2287 ".
3202 2232 3386 2289 Liceat
3415 2244 3470 2289 et
3494 2234 3582 2290 hic

2015 2324 2317 2396 intelligere
2346 2323 2640 2393 spiritalem
2676 2324 2880 2391 lupum,
2912 2323 3183 2379 diabolum
3214 2342 3228 2379 :
3261 2327 3457 2381 etenim
3491 2342 3589 2383 nec

2015 2415 2158 2470 hunc
2199 2415 2529 2471 insilientem
2555 2430 2686 2470 oves
2711 2428 2901 2484 rapere
2941 2417 3209 2483 permisit.
3243 2417 3317 2470 Ex
3357 2432 3465 2485 quo
3487 2434 3583 2471 an-

2015 2516 2124 2562 tem
2154 2508 2389 2561 animam
2418 2520 2569 2560 suam
2596 2519 2694 2575 pro
2717 2504 2898 2558 ovium
2935 2504 3109 2559 salute
3137 2490 3407 2573 exposuit,
3432 2520 3587 2561 com-

2012 2599 2257 2668 probavit
2273 2613 2333 2653 se
2352 2612 2480 2652 vere
2504 2597 2705 2651 bonum
2732 2605 3009 2664 pastorem
3030 2604 3201 2650 etnon
3222 2596 3581 2666 impostorem

2012 2704 2156 2744 esse.
2201 2678 2449 2742 Tradidit
2497 2685 2640 2741 enim
2688 2683 3039 2754 semetipsum
3076 2700 3173 2751 pro
3209 2686 3582 2756 redemptione

2011 2778 2276 2834 omnium.
2566 2800 2570 2804 Α

2082 2868 2248 2926 \‘sns.
2274 2868 2360 2924 l5.
2396 2888 2414 2921 ι
2452 2867 2605 2925 Sicut
2633 2866 2781 2923 novit
2811 2882 2898 2921 me
2928 2863 3111 2930 Pater,
3142 2874 3196 2921 et
3215 2881 3315 2936 ego
3346 2882 3583 2937 agnosco

2009 2960 2225 3016 Patrem
2290 2977 2306 3013 :
2366 2968 2422 3014 et
2489 2959 2724 3013 animam
2791 2969 2965 3011 meam
3026 2971 3168 3027 pono
3226 2972 3323 3027 pro
3388 2959 3516 3015 ovib

2010 3052 2171 3108 meis.
2203 3070 2223 3105 ι

2079 3145 2212 3200 Cum
2244 3143 2379 3200 dixit
2411 3158 2547 3213 pono
2574 3184 2589 3208 ,
2642 3140 2881 3196 ostendit
2910 3155 2970 3195 se
3003 3146 3198 3209 sponte
3242 3154 3305 3195 ac
3334 3151 3581 3211 prompte

324 3237 419 3292 δεῖ
443 3238 709 3308 ἀγαγεῖν,
738 3238 838 3292 οὐκ
868 3236 1015 3293 ἐστιν
1047 3238 1315 3310 ἀνάγκης,
1352 3236 1490 3293 ἀλλά
1511 3236 1605 3292 τοῦ
1633 3238 1897 3309 ἐσομένου

2008 3235 2134 3306 pati.
2162 3232 2294 3287 Illud
2315 3243 2491 3288 autem
2513 3273 2527 3297 ,
2554 3240 2752 3300 oportet
2791 3247 2871 3284 me
2897 3230 3185 3294 adducere,
3214 3247 3319 3288 non
3346 3233 3589 3289 IiCCCSSi-e

323 3330 499 3401 δηλωτ
510 3332 644 3384 ικόν.

403 3460 422 3493 σ
477 3441 587 3494 Καὶ
623 3440 756 3497 ἄλλα
805 3437 1055 3510 πρόϐατα
1084 3436 1247 3508 ἔχων,
1296 3437 1334 3492 ὃ.
1380 3437 1481 3491 οὐκ
1514 3436 1662 3492 ἔστιν
1696 3438 1761 3493 ἐκ
1807 3439 1906 3511 τῆς

326 3520 501 3602 αὐλῆς
524 3531 753 3602 ταύτης.
793 3550 811 3581 ι

395 3622 566 3675 Τοῦτο
593 3619 714 3676 εἶπε
745 3622 835 3676 διὰ
864 3624 991 3686 τοὺς
1019 3622 1463 3693 ἀπιστήσανταςο
1498 3620 1561 3675 ού
1584 3621 1694 3691 γάρ
1725 3621 1902 3675 πάντα

320 3717 391 3770 τά
421 3715 671 3787 πρόϐατα
714 3716 953 3787 ἥκουσαν
982 3712 1150 3769 αὑτοῦ
1178 3753 1193 3779 ,
1227 3714 1364 3768 ἀλλά
1392 3713 1462 3767 τά
1491 3713 1807 3783 γνωσθέντα
1842 3714 1901 3781 ἐξ

321 3809 508 3877 αὐτοῦ,
539 3811 635 3864 καὶ
663 3811 860 3879 γνόντα
896 3809 1081 3864 αὐτόν.
1115 3807 1326 3871 Πάντες
1368 3806 1469 3878 μέν
1498 3808 1606 3860 εἰσι
1629 3807 1899 3877 πρόϐατα,

322 3903 461 3975 πλὴν
499 3904 587 3957 διὰ
626 3903 686 3957 τὸ
726 3904 825 3973 τῆς
854 3901 1082 3973 γνώμης
1122 3900 1381 3972 διάφορον
1422 3899 1609 3969 λέγει,
1640 3900 1718 3972 μὴ
1758 3898 1901 3954 εῖναι

320 3996 461 4049 αὐτά
485 3997 550 4048 ἐκ
570 3996 667 4066 τῆς
692 3994 861 4065 αὐλῆς
885 3993 1121 4065 ταύτης,
1161 3993 1190 4047 ὃ
1232 3993 1352 4045 ἐστι
1382 3990 1476 4043 τοῦ
1520 3991 1751 4061 κόσμου.
1786 3992 1900 4043 Καὶ

318 4088 611 4152 δείκνυσιν,
650 4090 734 4142 ὅτι
769 4087 878 4140 τῶν
917 4084 1231 4157 Φαρισαίων
1264 4082 1703 4154 ἐκϐαλλομένων,
1735 4083 1899 4148 αὐτὸς

320 4180 546 4251 ἔμελλεν
574 4181 649 4241 ὡς
693 4178 826 4241 Θεὸς
863 4177 1022 4248 ἄρξαι
1053 4175 1160 4229 τῶν
1192 4175 1387 4239 ἐθνῶν,
1421 4176 1515 4235 καὶ
1545 4176 1627 4238 εἰς
1665 4174 1900 4243 θεογνω-

321 4273 441 4324 σίαν
476 4272 682 4333 πάντας
711 4271 960 4339 ἀγαγεῖν,
1009 4268 1299 4330 Ἰουδαίους
1334 4285 1393 4320 τε
1432 4269 1526 4321 καὶ
1554 4266 1846 4339 Ἕλληνας,
1871 4269 1899 4320 6

320 4362 425 4415 ὑπὸ
454 4361 732 4423 Μωῦσέως
763 4361 855 4414 καὶ
881 4361 989 4413 τῶν
1026 4360 1322 4431 προφητῶν
1354 4358 1896 4431 προανακηρυχθεὶς,

317 4453 479 4505 τοῦτο
512 4452 724 4522 μέλλων
750 4454 946 4505 ποιεῖν.

2011 3326 2136 3381 tatis
2164 3334 2267 3391 est,
2299 3324 2390 3380 sed
2426 3323 2555 3393 quid
2596 3323 2836 3377 futurum
2864 3323 2936 3375 sit
2968 3322 3344 3393 signiﬁcantis.

2083 3440 2244 3495 Vens.
2271 3438 2356 3492 lG.
2388 3454 2407 3489 ι
2436 3435 2501 3493 Et
2522 3428 2656 3490 alias
2684 3434 3033 3501 oves-habeo,
3067 3448 3326 3504 quaasnon
3361 3444 3486 3491 sunt
3508 3450 3575 3490 ex

2007 3532 2109 3588 hoc
2146 3531 2294 3586 ovili.
2336 3548 2360 3581 ι

2080 3623 2193 3678 lloc
2224 3621 2354 3677 dicit
2382 3628 2597 3690 propter
2630 3617 2894 3673 inﬁdeles.
2928 3614 3044 3671 Non
3066 3616 3212 3671 enim
3233 3629 3421 3673 omnes
3444 3629 3580 3677 oves

2006 3717 2183 3787 ipsum
2245 3713 2596 3778 audiverunt,
2640 3710 2733 3766 sed
2791 3709 2965 3766 solum
3017 3708 3132 3764 ista;
3181 3723 3301 3778 quae
3342 3709 3411 3763 ab
3460 3708 3578 3776 ipso

2005 3808 2260 3879 cognitae,
2293 3806 2471 3875 ipsum
2501 3801 2741 3858 vicissim
2767 3798 3421 3871 cognoscebant.,0mues
3456 3798 3576 3868 qui:

2005 3903 2127 3959 dem
2165 3914 2297 3954 oves
2327 3906 2473 3961 sunt,
2505 3896 2598 3950 sed
2627 3904 2844 3967 propter
2869 3893 3263 3951 sententiarum
3290 3888 3577 3943 diversita-

2004 4003 2112 4049 tem
2149 3993 2226 4048 ait
2262 4006 2355 4047 eas
2394 4005 2463 4045 ex
2498 3990 2601 4049 hoc
2641 3989 2793 4052 ovili,
2824 3987 3031 4043 scilicet
3061 3984 3248 4039 mundi
3286 3998 3390 4037 non
3429 3996 3589 4045 esse.‘

2002 4087 2071 4143 Et
2106 4085 2363 4149 ostendit,
2391 4090 2446 4136 ut
2472 4081 2657 4151 ejectis
2688 4079 2975 4135 Pharisaeis
3016 4079 3129 4146 ipse
3153 4086 3406 4145 tanquam
3434 4074 3575 4129 Dens

2000 4190 2188 4251 gentes
2223 4186 2466 4237 recturus
2491 4175 2605 4239 sit,
2636 4187 2933 4241 omnesque
2971 4169 3039 4224 ad
3076 4169 3168 4223 Dei
3208 4166 3574 4237 cognitionem

2001 4275 2353 4338 adducturus,
2391 4280 2498 4323 tam
2534 4266 2749 4323 Judzcos
2778 4280 2939 4336 quam
2968 4261 3199 4335 gentiles
3221 4300 3238 4325 ,
3269 4269 3454 4330 utpote
3479 4260 3573 4337 qui

2000 4381 2029 4421 a
2061 4365 2244 4436 Moyse
2283 4379 2346 4419 ac
2381 4362 2657 4432 prephetis.
2686 4360 2787 4415 hoc
2810 4357 3053 4413 facturus
3084 4353 3432 4427 praedicetur.

395 4564 413 4595 ι
453 4545 552 4599 Διά
582 4544 742 4598 τοῦτο
768 4547 795 4598 ὁ
839 4545 1029 4614 Πατήρ
1065 4562 1132 4614 με
1165 4544 1387 4615 ἀγαπᾷ·
1430 4544 1513 4598 ὅτι
1543 4543 1655 4610 ἐγὼ
1696 4544 1891 4617 τίθημι

2070 4547 2237 4607 Vrsas.
2273 4543 2362 4601 l7.
2405 4561 2425 4593 ι
2470 4539 2759 4609 PrOpterea
2809 4548 2895 4589 me
2936 4532 3111 4600 diligit
3167 4530 3339 4589 Pater.
3375 4546 3389 4582 :
3448 4528 3573 4596 quia

317 4636 415 4707 τὴν
450 4635 626 4708 ψυχήν
660 4654 784 4707 μου,
818 4635 903 4689 ῖνα
936 4636 1101 4689 πάλιν
1128 4636 1278 4689 λάϐω
1311 4637 1505 4707 αὐτὴν.
1544 4654 1563 4688 ι

385 4750 575 4821 Νομὴν
603 4750 748 4819 λέγει
784 4749 890 4822 τὴν
923 4750 1244 4818 ἀσφάλειαν,
1296 4749 1325 4802 6
1369 4750 1595 4819 γέγονεν
1645 4750 1739 4803 ἐπὶ
1782 4750 1890 4801 τῶν

315 4841 644 4904 ἀποστόλων.
683 4842 879 4907 οἵτινες
908 4843 987 4906 ὡς
1030 4842 1212 4912 κύριοι
1240 4842 1339 4912 τῆς
1390 4842 1720 4912 οἰκουμένης
1771 4843 1889 4894 είσ-

312 4934 479 5002 ῄεσαν
510 4934 605 4985 καὶ
654 4933 899 5004 ἐξῄεσαν,
928 4936 1020 4989 καὶ
1043 4935 1218 4999 οὐδεὶς
1256 4935 1707 5004 αύτοὺςιίσχυσεν
1735 4933 1899 4987 ἐκϐα-

314 5022 443 5074 λεῖν.
479 5020 705 5095 {Cum}.

384 5133 608 5188 Πάντων
636 5138 951 5206 σφαγέντων
981 5139 1081 5193 καὶ
1103 5139 1457 5210 ἀπολομένων
1497 5136 1668 5213 ἦλθεν
1690 5142 1719 5194 6
1746 5140 1884 5211 Χρι-

313 5222 435 5286 στὸς
470 5222 640 5276 σῶσαι
672 5227 765 5278 καὶ
793 5224 939 5295 ζωὴν
963 5226 1164 5282 δοῦναι.
1200 5228 1425 5301 [Cum]

386 5355 403 5386 ι
441 5335 659 5406 Ταύτην
704 5336 801 5409 τὴν
835 5339 1052 5411 ἐντολὴν
1097 5340 1288 5394 ἔλαϐον
1338 5341 1493 5413 παρά
1524 5340 1619 5395 τοῦ
1672 5343 1884 5414 Πατρός

353 5446 434 5483 GU.
475 5449 510 5481 ι.

353 5446 434 5483 ου.
475 5449 510 5481 ι.

312 5446 350 5500 μ
389 5522 453 5576 ’Π
488 5523 862 5601 ἐντολὴηδηλοῖ
895 5524 994 5594 τὴν
1038 5523 1294 5595 ὁμόνοιαν
1322 5524 1420 5596 τὴν
1466 5526 1604 5597 πρὸς
1634 5526 1726 5578 τὸν
1762 5528 1879 5580 Πασ-

306 5614 474 5682 τέρα,
511 5616 558 5667 εί
600 5616 696 5668 καὶ
730 5614 999 5679 ταπεινῶς
1041 5615 1215 5670 λαλεῖ.
1274 5617 1341 5671 ’Π
1375 5617 1431 5672 δὲ
1469 5617 1657 5681 ἐντολή
1706 5619 1876 5681 ἐστιν,

305 5703 599 5758 ἀποθανεῖν
628 5703 771 5775 ὑπὲρ
799 5704 892 5758 τοῦ
923 5704 1150 5776 κόσμου.

398 5882 443 5915 ⁸⁸
464 5881 621 5939 lusu.
662 5897 815 5948 χιίιι,
842 5879 891 5936 8.

1987 4656 2089 4713 ego
2113 4653 2253 4711 pono
2292 4634 2525 4688 animam
2553 4645 2746 4689 meam,
2779 4635 2835 4680 ut
2866 4628 3058 4681 iterum
3090 4638 3302 4678 sumam
3335 4636 3477 4673 eam.
3513 4637 3534 4671 ι

2061 4753 2278 4809 Sortem
2332 4746 2463 4801 dicit
2531 4740 2942 4803 fortitudinem;
2983 4736 3127 4805 quod
3184 4735 3258 4789 in.
3293 4730 3599 4801 Apostolis'

1992 4845 2171 4902 evenit
2197 4840 2285 4910 qui
2326 4835 2481 4906 quasi
2525 4833 2674 4888 orbis
2710 4828 2949 4887 universi
2998 4826 3227 4888 douiini,
3284 4823 3556 4891 ingredie-

1995 4939 2192 4992 bantur
2225 4941 2279 4986 et
2312 4928 2753 5000 egrediebantur,
2781 4932 2836 4979 et
2884 4935 3046 4978 nemo
3078 4933 3171 4974 eos
3199 4917 3413 4974 valebat
3453 4915 3563 4970 im-

1992 5026 2203 5098 pedire.

2063 5134 2326 5193 Omnibus
2351 5129 2647 5187 interleclis
2677 5125 2991 5198 et-perditis
3021 5124 3170 5180 venit
3210 5122 3460 5179 Christus
3502 5134 3563 5177 ut

1991 5229 2219 5287 salutem
2256 5225 2528 5293 vitamque
2557 5220 2871 5291 largiretur.

2052 5340 2219 5399 Vsus.
2254 5338 2339 5395 l8.
2376 5355 2394 5389 ι
2426 5335 2540 5395 lloc
2564 5333 2883 5390 mandatum
2903 5329 3083 5402 accepi
3108 5345 3136 5384 a
3165 5328 3329 5384 Patre
3350 5341 3491 5382 meo.
3529 5343 3547 5376 ι

2052 5519 2359 5579 Mandatum
2400 5514 2670 5586 signiﬁcat
2702 5510 2818 5581 ejus
2870 5526 2992 5566 cum
3043 5509 3202 5564 Patre
3239 5506 3555 5563 consensio-

1984 5629 2139 5677 nem,
2173 5608 2387 5666 tametsi
2435 5606 2691 5662 lnnnilins
2725 5603 2998 5673 loquntur.
3044 5600 3355 5656 Mandatum
3429 5612 3576 5653 vero.

1985 5705 2113 5760 illud
2140 5714 2246 5769 est,
2278 5712 2334 5755 ut
2373 5715 2469 5766 pro
2506 5697 2706 5753 mundo
2744 5696 3032 5752 moriatur.
