4130 6552
571 402 709 468 1463

1694 413 2029 478 AMMON’II
2068 421 2597 487 ALEXANDRINI

3675 432 3832 497 146!

639 514 803 568 Vens.
836 512 925 567 20.
969 530 991 565 s
1026 512 1287 569 Dicebant
1322 523 1501 571 autem
1536 517 1687 573 multi
1717 535 1782 575 ex
1810 523 1940 592 ipsis
1972 526 2137 581 abae-

2316 550 2335 583 ι
2378 532 2602 602 Ἔλεγον
2614 535 2679 606 δὲ
2703 537 2885 591 πολλοὶ
2910 538 2969 601 ἐξ
2996 539 3175 591 αὐτῶν
3200 558 3210 567 ·
3239 540 3525 609 Δαιμόνιον
3548 543 3683 612 ἔχει,
3724 541 3832 595 κατ

567 604 810 660 monium
845 605 1004 658 habet
1051 616 1106 659 et
1139 605 1341 660 insanit
1370 624 1385 661 :
1417 608 1545 677 quid
1572 623 1695 663 eum
1723 614 1969 669 auditis?
2007 634 2027 668 ι

637 697 768 750 Cum
799 696 915 764 plus
958 712 1119 766 quam
1158 698 1393 753 hominis
1428 710 1611 754 essent
1635 715 1756 771 qum
1784 703 2131 773 dicebantur,

569 788 834 842 vocabant
864 789 1038 855 ipsum
1080 788 1492 844 dmmoniacum.
1517 790 1622 845 Per
1652 793 1753 846 hoc
1783 800 1963 849 autem
1995 798 2139 865 quod

568 879 793 932 audiens
825 878 927 931 ista
960 878 1219 933 Dominus
1248 881 1498 945 tacebat,
1530 896 1630 936 nos
1664 892 1878 939 nostras
1900 882 2141 942 modeste

567 983 634 1023 ac
666 968 859 1023 leuiter
892 968 1036 1023 l‘erre
1075 968 1304 1039 injurias
1329 971 1530 1024 docuit.

641 1057 805 1114 Vens.
845 1058 937 1112 24.
969 1077 989 1111 ι
1028 1058 1085 1113 Si
1112 1070 1164 1113 tu
1196 1075 1256 1115 es
1288 1060 1561 1124 Christus,
1585 1061 1673 1115 dic
1697 1062 1854 1118 nobis
1882 1064 2079 1132 palam.
2115 1083 2136 1119 ι

635 1152 751 1207 Etsi
788 1167 894 1206 non
947 1151 1180 1206 dilucide
1215 1167 1274 1207 se
1327 1151 1602 1207 Christum
1656 1166 1776 1208 esse
1808 1155 2039 1219 dixerit,
2083 1170 2143 1211 se

568 1255 751 1300 tamen
783 1244 983 1308 lucem,
1022 1252 1328 1314 pastorem,
1366 1257 1435 1298 ac
1466 1246 1609 1298 viam
1638 1260 1862 1312 vocans,
1907 1245 2037 1300 illud
2063 1248 2145 1316 ip-

565 1352 687 1392 sum
710 1336 1045 1405 significabat
1071 1334 1213 1407 (illis
1244 1335 1511 1404 siquidem
1555 1337 1862 1393 nominibus
1897 1337 2144 1407 Scriptu-

570 1443 629 1481 ra
652 1427 926 1481 Cbristmn
946 1425 1218 1496 appellare
1235 1424 1731 1497 solet).'Clariorem
1754 1428 1920 1494 enim,
1942 1429 2140 1497 inquit,

568 1533 796 1587 operum
823 1533 985 1587 quam
1012 1517 1302 1572 verborum
1336 1530 1522 1571 vocem
1554 1532 1929 1586 smpenumero
1958 1519 2141 1589 emisi,

568 1620 624 1666 et
666 1626 775 1666 non
808 1610 1156 1675 credidistis,
1204 1610 1329 1677 quia
1365 1626 1470 1663 non
1500 1611 1624 1664 estis
1655 1627 1720 1664 ex
1758 1612 1941 1666 ovibus
1988 1614 2141 1667 meis.

570 1702 685 1774 Ego
719 1694 988 1772 siquidem
1020 1716 1085 1756 ex
1115 1711 1268 1771 parte
1299 1717 1417 1756 mea
1449 1740 1465 1767 ,
1491 1701 1672 1755 omnia
1702 1716 1827 1771 qua:
1867 1712 2142 1773 pastorem

2244 625 2526 694 μαίνεταιο
2557 628 2611 680 τί
2641 629 2808 681 αὑτοῦ
2833 630 3100 695 άκούετες
3138 650 3156 682 ι

2323 718 2541 789 Ἐπειδὴ
2572 719 2711 791 ὑπὲρ
2740 721 3025 792 ἄνθρωπον
3049 719 3200 792 ἦντά
3219 724 3549 793 λαλούμενα,
3586 726 3841 778 ἐκάλουν

2240 806 2405 860 αὐτὸν
2431 807 2814 879 δαιμονιῶντα.
2862 814 2941 865 Δι’
2993 806 3069 866 ὧν
3093 815 3148 868 δὲ
3177 816 3350 870 ταῦτα
3388 816 3606 873 ἀκούων
3648 821 3675 871 6
3713 816 3827 871 K67

2245 909 2359 963 ριος
2390 894 2582 963 ἐσίγα,
2629 896 2867 965 ἐδίδαξεν
2891 892 3042 971 ἡμᾶς
3078 903 3269 974 πράως
3300 904 3489 977 φέρειν
3550 906 3653 969 τάς
3697 905 3825 957 καθ

2242 983 2452 1037 ἑαυτῶν
2476 985 2683 1056 ὓϐρεις.

2321 1092 2341 1128 ι
2384 1076 2444 1129 Et
2477 1079 2542 1131 σὺ
2571 1072 2620 1131 εί
2649 1081 2677 1131 ό
2701 1081 2957 1152 Χριστὸς,
2992 1084 3114 1137 εἰπὲ
3142 1085 3275 1155 ἡμῖν
3305 1071 3611 1157 παρῥησεςι.
3653 1090 3673 1137 s

2314 1167 2379 1220 Ei
2415 1170 2511 1222 καὶ
2551 1169 2625 1241 μὴ
2660 1166 2812 1224 εἶπεν
2846 1173 3081 1227 ἑαυτὸνὶ
3130 1164 3342 1238 λευκῶς
3381 1177 3645 1247 Χριστὸν,
3690 1176 3840 1231 ἀλλ’

2245 1254 2416 1314 εἰπὼν
2468 1262 2662 1316 ἑαυτὸν
2702 1262 2818 1331 φῶς
2839 1304 2854 1327 ,
2885 1265 3120 1334 ποιμένα
3146 1309 3162 1332 ,
3190 1267 3331 1331 ὁδὸν,
3361 1268 3603 1337 ἒσήμανε
3633 1267 3836 1321 τοῦτο.

2245 1350 2498 1421 (Τούτοις
2532 1354 2643 1424 γάρ
2684 1353 2875 1408 είωθεν
2906 1358 2940 1427 ἠ
2980 1357 3175 1429 Γραφη
3219 1361 3334 1422 τοῖς
3362 1358 3591 1428 ὀνόμασι
3628 1360 3841 1412 καλεῖν

2243 1445 2336 1500 τὸν
2366 1445 2621 1516 Χριστόν.
2648 1446 2666 1512 )
2694 1446 2804 1516 Τῆς
2837 1445 2948 1517 γάρ
2970 1447 3062 1501 διὰ
3081 1447 3191 1501 τῶν
3215 1446 3495 1519 ῥημάτων,
3527 1451 3688 1519 φησὶ,
3722 1467 3838 1502 σα-

2246 1539 2519 1609 φεστέραν
2564 1528 2755 1607 ἀφῆκα
2800 1537 3062 1602 πολλάκις
3106 1539 3290 1609 φωνὴν
3334 1539 3425 1592 διά
3458 1530 3567 1593 τῶν
3610 1538 3835 1611 ἔργων,

2245 1628 2342 1681 καὶ
2360 1629 2461 1681 οὐκ
2486 1626 2847 1681 ἐπιστεύσατε
2863 1667 2878 1693 ,
2905 1628 2996 1682 ὅτι
3021 1628 3135 1682 οὐκ
3166 1626 3309 1681 ἐστὲ
3330 1628 3402 1681 ἐκ
3431 1626 3552 1682 τῶν
3589 1626 3838 1696 πρόϐα-ἕο

2242 1736 2363 1773 των
2398 1717 2518 1772 τῶν
2564 1718 2742 1789 ἐμῶν.
2800 1718 2943 1789 Ἐγὼ
2985 1720 3086 1791 μὲν
3123 1721 3233 1790 γάρ
3276 1719 3346 1773 τὰ
3392 1719 3522 1791 παρ’
3571 1716 3840 1790 ἐμαυτοῦ

572 1792 793 1858 decent,
823 1792 1054 1862 explevi.
1093 1793 1151 1847 Si
1194 1801 1375 1847 autem
1416 1808 1503 1849 me
1536 1808 1647 1848 non
1684 1794 2007 1863 sequamini,
2034 1810 2141 1850 nou

2249 1812 2425 1867 πάντα
2453 1811 2769 1882 ἑπλήρωσα,
2808 1809 2845 1866 ἃ
2872 1808 2964 1865 τὸν
3004 1811 3240 1881 ποιμένα
3272 1810 3501 1881 ποιῆσαι
3530 1810 3719 1881 ἐχρῆν.
3760 1809 3841 1862 ει

569 1884 702 1940 ideo
723 1884 919 1939 accidit
949 1884 1089 1953 quod
1123 1894 1309 1953 pastor
1336 1899 1444 1941 non
1465 1884 1589 1953 sim,
1618 1883 1716 1940 sed
1743 1862 1892 1954 quod
1917 1900 2013 1941 vos
2035 1902 2140 1941 non

2249 1862 2423 1973 in};
2441 1862 2786 1957 nassae
2812 1862 3068 1967 in...
3088 1862 3277 1972 te...
3300 1862 3403 1955 .24.:
3432 1862 3833 1973 έιμιῖτοὶμὴνε

570 1978 691 2034 sitis
724 1991 873 2033 oves.

642 2084 809 2141 Vnus.
836 2086 929 2141 29.
966 2103 987 2138 ι
1028 2085 1190 2141 Pater
1241 2100 1392 2141 meus
1417 2087 1558 2156 quod
1590 2085 1743 2142 dedit
1770 2088 1900 2143 mihi
1920 2126 1937 2153 ,
1965 2088 2144 2158 majus

571 2178 823 2233 omnibus
842 2187 927 2232 est
954 2194 969 2232 :
997 2185 1053 2233 et
1077 2188 1242 2231 nemo
1259 2185 1436 2248 potest
1460 2184 1651 2248 rapere
1680 2178 1748 2234 de
1776 2190 1938 2234 manu
1967 2176 2144 2236 Patris
2168 2220 2173 2227 .

574 2286 701 2325 11381.
738 2288 759 2323 ι

633 2358 858 2431 Signum
890 2359 1069 2415 ovium
1101 2360 1303 2415 domini
1361 2359 1629 2426 docilitas,
1685 2361 1989 2417 alienarum
2059 2362 2145 2418 in-

571 2452 900 2507 obedientia.
931 2452 1065 2506 Cum
1105 2452 1252 2507 solus
1290 2466 1357 2505 ex
1395 2452 1502 2507 illis
1539 2452 1631 2521 qui
1666 2452 1807 2507 Filio
1854 2454 1965 2508 dati
2018 2463 2146 2511 sunt

570 2544 745 2606 ludas
774 2545 829 2600 in
862 2545 1060 2601 malum
1106 2545 1326 2612 cecidit,
1371 2543 1720 2601 manifestum
1778 2555 1866 2602 est
1893 2546 2144 2604 homines

574 2653 681 2693 non
709 2646 905 2692 natura
937 2645 994 2694 et
1042 2636 1280 2692 essentia
1340 2636 1509 2692 malos
1549 2650 1693 2704 esse,
1744 2639 1839 2693 sed
1869 2635 2145 2694 voluntate

573 2729 830 2799 perverti.
864 2787 869 2791 ,
1584 2748 1589 2753 ί

642 2838 809 2901 Vens.
841 2834 930 2898 50.
968 2862 986 2895 ι
1028 2844 1135 2913 Ego
1157 2851 1212 2898 et
1240 2826 1399 2898 Pater
1424 2856 1589 2898 unum
1620 2836 1827 2899 sumus.
1863 2860 1885 2895 ι

643 2936 716 2993 Ut
744 2937 1057 2991 ostenderet
1116 2934 1332 2989 Patrem
1369 2951 1433 2990 ac
1455 2933 1649 2988 Filium
1683 2949 1788 2989 non
1821 2934 1946 3004 quid
1977 2948 2140 2989 unum

573 3041 697 3082 esse
737 3026 1033 3080 secundum
1085 3025 1393 3095 hypostasin
1424 3064 1440 3089 ,
1472 3024 1676 3079 idcirco
1717 3023 1854 3078 dixit
1885 3041 1900 3078 :
1937 3020 2048 3094 Ego
2093 3034 2144 3079 et

2243 1994 2359 2050 ἀλλ’
2384 1992 2572 2065 ἐπειδὴ
2594 1993 2752 2064 ὑμεῖς
2774 1993 2875 2046 οὐκ
2905 1993 3029 2046 ὲστὲ
3054 1992 3324 2065 πρόϐατα.

2318 2122 2338 2158 ι
2386 2106 2445 2159 '0
2482 2105 2677 2177 Πατήρ
2713 2121 2816 2175 μου
2842 2143 2857 2168 ,
2885 2105 2944 2168 ὃς
2970 2100 3170 2157 δέδωκέ
3203 2120 3294 2174 μοι
3317 2143 3333 2166 .
3369 2100 3571 2173 μείζων
3600 2101 3836 2156 πάντων

2246 2197 2383 2261 ἐστὶ,
2412 2198 2508 2253 καὶ
2533 2192 2708 2261 οὐδεὶς
2733 2196 2960 2252 δύναται
2990 2194 3257 2266 ἁρπάζειν
3292 2195 3359 2247 ἐκ
3381 2194 3480 2264 τῆς
3505 2192 3691 2264 χειρὸς
3720 2189 3835 2245 τοῦ

2242 2288 2461 2361 Πατρός
2492 2306 2618 2359 μου.
2649 2306 2668 2341 ι

2331 2377 2633 2444 Ἀπόδειξις
2659 2378 2769 2431 τῶν
2794 2377 2889 2433 τοῦ
2916 2376 3108 2450 κυρίου
3136 2378 3430 2451 προϐάτων
3455 2378 3517 2432 τὸ
3559 2378 3831 2448 adﬁxae»,

2244 2470 2353 2525 τῶν
2387 2454 2447 2523 δὲ
2479 2468 2776 2539 ἀλλοτρίων
2814 2468 2876 2522 τδ
2916 2466 3162 2546 ἀπειθές.
3222 2468 3446 2541 Ἐπειδὴ
3484 2469 3580 2524 καὶ
3619 2467 3837 2531 Ἰούδας

2244 2555 2327 2624 εἷς
2360 2556 2428 2632 ἦν
2459 2559 2570 2613 τῶν
2603 2559 2867 2614 δοθέντων
2902 2558 2981 2630 τῷ
3013 2559 3129 2631 Υίῷ
3159 2559 3460 2631 μετέπεσεν
3484 2562 3564 2624 είς
3589 2559 3830 2623 κακίαν,

2244 2651 2551 2705 δείκνυνται
2578 2653 2627 2705 οί
2652 2650 2929 2722 ἄνθρωποι
2950 2652 3009 2704 οὗ
3040 2652 3202 2719 φύσει
3240 2652 3338 2707 καὶ
3371 2653 3496 2707 κατ’
3518 2653 3707 2708 οὐσίαν
3729 2651 3835 2705 ὃν·

2243 2759 2337 2806 τες
2366 2742 2553 2809 κακοὶ,
2589 2742 2704 2795 ἀλλ’
2738 2742 2999 2807 ἑκουσίως
3027 2744 3376 2815 τρεπόμενοι.
3414 2742 3644 2818 [Cum]

2322 2877 2341 2909 ι
2397 2848 2540 2926 Ἐγὼ
2564 2856 2660 2910 καὶ
2686 2857 2715 2909 6
2750 2855 2941 2929 Πατὴρ
2977 2857 3037 2910 ἓν
3068 2859 3257 2927 ἐσμεν.
3294 2877 3311 2911 t

2314 2946 2603 3018 Σημαίνων
2634 2947 2715 3000 ὅτι
2742 2946 2841 2999 οὐκ
2871 2944 2985 2999 ἔστι
3009 2946 3132 3000 καθ’
3163 2944 3463 3003 ὑπόστασιν
3488 2948 3547 3003 ἓν
3577 2951 3605 3003 6
3632 2948 3832 3016 Πατὴρ

2246 3035 2342 3089 καὶ
2370 3039 2398 3090 6
2427 3036 2555 3100 Υίδς
2585 3077 2600 3101 ,
2636 3032 2757 3090 εἷπε
2787 3037 2868 3101 τδ,
2912 3035 3054 3107 Ἐγὼ
3097 3038 3195 3091 καὶ
3227 3041 3260 3091 ὁ
3291 3032 3514 3108 Πατήρ.
3563 3041 3659 3092 Ἐν
3712 3037 3835 3109 γάρ

579 3119 757 3171 Pater.
790 3110 1035 3172 Essentia
1054 3106 1322 3185 siquidem
1344 3106 1395 3169 et
1416 3100 1613 3171 virtute
1634 3106 1798 3171 unum
1817 3126 1964 3181 sunt,
1980 3108 2140 3187 quam

2249 3126 2352 3178 εἱσι
2378 3128 2445 3198 τῇ
2484 3142 2543 3178 τε
2581 3126 2737 3203 οὐσίᾳ
2757 3166 2771 3189 ,
2806 3124 2901 3178 καὶ
2925 3129 2993 3196 τῇ
3020 3126 3247 3196 δυνάμει
3269 3170 3283 3193 ,
3314 3129 3381 3201 ἢν
3409 3130 3504 3183 καὶ
3530 3133 3689 3201 χεῖρα
3722 3147 3827 3183 καὶ.

574 3220 629 3264 et
660 3223 880 3263 manum
915 3216 1112 3274 vocat,
1143 3208 1302 3262 modo
1329 3202 1547 3277 quidem
1592 3220 1745 3262 suam
1768 3247 1787 3273 ,
1811 3209 1971 3263 modo
2011 3202 2143 3265 vero

2249 3218 2346 3285 λεῖ,
2374 3210 2502 3272 ποτὲ
2538 3202 2635 3290 μὲν
2668 3204 2885 3283 ἑαυτοῦ,
2919 3202 3049 3270 ποτὲ
3078 3217 3133 3271 δὲ
3163 3217 3258 3271 τοῦ
3285 3220 3517 3291 Πατρός.

573 3314 811 3453 (ams.
830 3394 919 3449 52.
944 3412 964 3445 ι
987 3392 1283 3462 Respondit
1310 3392 1389 3491 eis
1412 3392 1604 3449 Iesus:
1633 3392 1795 3448 Multa
1817 3388 1955 3450 bena
1980 3389 2143 3466 opera

573 3486 785 3543 ostendi
819 3484 976 3539 vobis
1004 3499 1068 3538 ex
1116 3483 1278 3537 Patre
1322 3483 1447 3538 meo
1470 3523 1487 3549 ,
1522 3493 1745 3555 propter
1778 3487 1924 3555 quod
1959 3501 2143 3541 eorum

575 3590 714 3649 opus
745 3588 831 3632 me
856 3575 1149 3646 lapidatis?
1181 3570 1201 3626 ι

644 3687 765 3743 Non
797 3687 925 3754 mei,
980 3686 1194 3754 inquit,
1225 3676 1391 3739 solius
1438 3699 1601 3756 opera
1647 3684 1806 3753 sunt,
1855 3687 1949 3742 sed
1984 3688 2147 3742 tutius

577 3778 909 3835 Diviuitatis.
940 3766 1103 3832 Pater
1135 3776 1279 3834 enim
1310 3792 1403 3845 per
1424 3776 1621 3832 Filium
1641 3770 1695 3831 in
1729 3774 1931 3847 Spiritu
1956 3788 2147 3833 saneto

576 3882 769 3928 cuncta
818 3870 966 3924 facit.
1017 3868 1181 3923 Docet
1214 3876 1392 3923 autem
1454 3880 1550 3923 nos
1592 3860 1908 3923 modestiam
1935 3908 1951 3933 ,
1986 3878 2042 3923 et
2080 3882 2149 3923 ne

577 3963 929 4024 extollantur,
960 3974 1082 4013 cum
1120 3958 1392 4026 quidpiam
1429 3972 1460 4011 a
1495 3957 1602 4013 Deo
1626 3958 1944 4028 accipimus.

649 4053 817 4108 Vens.
839 4053 928 4106 35.
958 4069 977 4101 ι
1014 4050 1089 4105 De
1114 4051 1255 4105 bono
1282 4064 1444 4120 Opere
1478 4065 1585 4105 non
1617 4049 1917 4121 lapidamus
1951 4060 2023 4114 te,
2053 4051 2148 4106 sed

579 4148 645 4199 de
677 4144 1007 4213 blasphemia
1041 4160 1055 4196 :
1089 4150 1145 4197 et
1173 4140 1299 4211 quia
1328 4148 1386 4198 tu
1424 4142 1587 4199 homo
1613 4157 1737 4197 cum
1767 4143 1842 4197 sis
1862 4185 1879 4209 ,
1913 4141 2048 4200 iacis
2095 4149 2151 4199 te

580 4239 754 4303 ipsum
775 4233 965 4287 Deum.
997 4250 1023 4283 ι

647 4328 780 4381 Cum
829 4332 1010 4379 autem
1060 4316 1367 4393 ignorarent
1409 4323 1604 4379 Filium
1652 4336 1758 4379 non
1796 4326 1853 4381 in
1886 4324 2028 4381 nuda
2070 4326 2151 4381 di-

580 4418 806 4471 vinitate
856 4425 1165 4475 venturum,
1195 4412 1287 4466 sed
1321 4426 1389 4467 ex
1418 4414 1625 4469 semine
1657 4414 1821 4469 David
1855 4415 2149 4470 incarnati-

580 4509 729 4573 dum,
768 4518 950 4561 veram
990 4502 1426 4572 confessionem,
1470 4490 1860 4575 blasphemiam
1913 4496 2151 4577 appella-

578 4598 728 4658 bunt.

652 4693 813 4750 Vens.
846 4692 919 4749 36
974 4712 992 4745 ι
1021 4690 1191 4759 Quem
1219 4691 1382 4747 Pater
1423 4690 1803 4753 sanctiﬁcavit.
1828 4699 1886 4745 et
1912 4689 2063 4745 misit
2092 4689 2145 4744 in

578 4788 858 4849 mundum,
891 4800 986 4840 vos
1007 4778 1187 4839 dicitis
1218 4783 1397 4851 :Quia
1425 4783 1773 4854 blasphemas
1805 4800 1820 4837 :
1856 4783 1981 4852 quia
2012 4781 2149 4846 dixi,

576 4877 750 4931 Filius
790 4876 883 4929 Dei
916 4874 1080 4930 sum?
1114 4892 1134 4928 ι

654 4987 823 5041 Filius
857 4997 1034 5042 autem
1070 4989 1267 5043 dicitur
1314 4988 1725 5055 sanetilicatus,
1774 4988 1899 5057 quia
1951 4987 2153 5043 missus

577 5086 696 5134 erat
727 5088 786 5133 ut
821 5095 918 5149 pro
942 5081 1128 5134 mundi
1166 5080 1339 5135 salute
1377 5080 1736 5135 occideretur.
1766 5078 1973 5136 Sancta
1998 5082 2142 5137 enim

579 5174 948 5234 nominantur,
980 5188 1099 5240 qua:
1125 5172 1233 5227 Deo
1264 5172 1314 5225 iu
1342 5171 1667 5226 sacriﬁcium
1692 5184 1970 5241 segregata
1999 5184 2148 5228 sunt.

653 5261 817 5316 Vens.
852 5262 939 5315 58.
975 5279 993 5313 ι
1035 5260 1091 5315 Si
1119 5270 1298 5317 autem
1327 5262 1465 5317 facio
1493 5280 1505 5316 :
1534 5272 1589 5318 et
1619 5262 1664 5316 si
1695 5263 1823 5316 mihi
1856 5279 1963 5335 non
1988 5265 2155 5320 vultis

582 5354 830 5416 credere,
868 5352 1120 5419 operibus
1146 5353 1373 5417 credite,
1408 5363 1465 5408 ut
1493 5354 1855 5424 cognoscatis,
1877 5365 1929 5409 et
1958 5357 2150 5410 creda-

584 5443 651 5497 tis
684 5442 810 5511 quia
850 5440 1010 5495 Pater
1037 5440 1088 5494 in
1125 5457 1211 5498 me
1237 5452 1339 5511 est,
1380 5454 1434 5497 et
1458 5458 1555 5513 ego
1585 5445 1637 5498 iu
1673 5445 1853 5499 Patre.
1899 5464 1917 5496 ι

560 5605 564 5608 ,
651 5533 785 5587 Cum
809 5531 1102 5587 essentiam
1137 5534 1306 5600 ipsum
1348 5535 1534 5591 videre
1565 5550 1669 5590 non
1707 5537 1885 5603 liceat,
1921 5537 1989 5591 ab
2024 5535 2157 5607 ipsis

580 5628 838 5697 operibus
861 5624 1078 5679 virtutis
1094 5624 1482 5685 immutabilem
1501 5631 1867 5701 aequalitatem
1886 5631 2151 5698 ostendit,

654 5808 667 5863 ξ
703 5807 797 5865 Cr.
823 5804 1016 5865 αὑτάνι

2320 3403 2339 3448 ὁ
2397 3384 2694 3466 Ἀπεκρίθη
2724 3382 2907 3455 αὐτοῖς
2937 3393 2969 3444 6
3015 3393 3223 3465 Ἰησοῦς
3246 3412 3261 3427 ’
3294 3396 3475 3452 Πολλά
3500 3386 3645 3452 καλά
3684 3398 3833 3470 ἔργα

2253 3487 2429 3554 ἔδειξα
2462 3488 2590 3557 ὑμῖν
2617 3489 2681 3539 ὲκ
2708 3482 2803 3538 τοῦ
2834 3481 3049 3553 Πατρός
3074 3502 3198 3556 μου,
3223 3486 3311 3541 διὰ
3340 3491 3491 3543 ποῖον
3519 3489 3701 3543 αὐτῶν
3733 3489 3836 3561 ἔρα

2253 3586 2348 3649 γον
2372 3570 2622 3643 λιθάζετέ
2652 3586 2750 3648 με;
2784 3594 2803 3628 ι

2324 3687 2438 3741 Οὐκ
2476 3684 2608 3759 ἑμοῦ
2632 3727 2648 3753 ,
2678 3684 2814 3759 φησὶ
2840 3731 2855 3758 ,
2891 3691 3059 3761 μόνου
3086 3689 3209 3759 ‘etct
3236 3677 3308 3741 τά
3336 3688 3477 3758 ἔργα
3497 3727 3512 3752 ,
3542 3686 3682 3741 ἀλλὰ
3723 3688 3833 3758 τῆς

2255 3781 2435 3851 πάσης
2459 3770 2745 3850 Θεότητος.
2775 3781 2834 3835 '0
2854 3785 2964 3854 γάρ
2995 3771 3182 3851 Πατὴρ
3203 3780 3272 3833 δι’
3295 3780 3425 3834 Υἱοῦ
3453 3772 3513 3832 ὲν
3544 3778 3833 3851 Πνεύματι

2255 3873 2394 3944 ἁγίῳ
2422 3868 2601 3927 πάντα
2636 3866 2800 3927 ποιεῖ.
2838 3866 3093 3928 Διδάσκει
3120 3866 3181 3943 δὲ,
3203 3864 3353 3944 ἡμᾶς
3387 3875 3828 3943 μετριοφρονείν,

2255 3963 2349 4017 καὶ
2384 3960 2457 4033 μὴ
2495 3954 2944 4029 ἀλαζονεύεσθαι,
2975 3964 3071 4017 ἐὰν
3098 3956 3353 4034 λάϐωμέν
3391 3978 3442 4016 τι
3480 3963 3634 4034 παρὰ
3660 3963 3828 4018 Θεοῦ,

2335 4073 2353 4105 ι
2392 4054 2527 4126 Περὶ
2550 4052 2717 4107 καλοῦ
2751 4050 2914 4126 ἔργου
2953 4055 3015 4108 οὐ
3054 4054 3347 4124 λιθάζομέν
3379 4070 3471 4119 σε,
3517 4052 3657 4107 ἀλλὰ
3696 4055 3834 4124 περὶ

2258 4146 2625 4219 βλασφημίας·
2649 4140 2746 4200 καὶ
2767 4148 2850 4200 ὅτι
2880 4147 2943 4200 σὺ
2968 4146 3253 4217 ἄνθρωπος
3278 4145 3374 4210 ὢν,
3404 4147 3579 4208 ποιεῖς
3604 4147 3835 4199 σεαυτὸν

2255 4239 2412 4294 Θεόν.
2449 4257 2467 4289 ι

2336 4322 2683 4404 Ἀγνοοῦντες
2712 4322 2770 4383 δὲ
2792 4330 2871 4383 ὅτι
2910 4329 2969 4384 ού
2997 4330 3178 4401 γυμνῇ
3212 4329 3279 4400 τῇ
3308 4328 3520 4398 θεότητι
3551 4326 3781 4397 ἔμελλεν
3805 4327 3835 4379 6

2255 4424 2383 4487 Υἱὸς
2418 4423 2726 4494 ἐπιδημεῖν,
2781 4420 2920 4474 ἀλλά
2980 4420 3354 4492 σαρκούμενος
3401 4419 3464 4472 ὲκ
3512 4420 3835 4489 σπέρματος

2255 4516 2436 4583 Δαϐὶδ,
2462 4508 2813 4587 βλασφημίαν
2843 4512 3052 4583 ἔλεγον,
3083 4514 3182 4583 τὴν
3208 4512 3376 4585 ὀρθὴν
3404 4511 3721 4582 ὁμολογίαν.

2324 4712 2342 4744 ι
2378 4692 2475 4745 Ὃν
2499 4692 2528 4744 6
2557 4690 2751 4761 Πατὴρ
2781 4690 2999 4760 ἡγίασε,
3027 4690 3122 4744 καὶ
3149 4690 3471 4745 ἀπέστειλεν
3499 4693 3576 4754 είς
3611 4692 3704 4757 τὸν
3738 4694 3833 4747 x6-

2249 4798 2407 4852 αμον,
2451 4780 2610 4850 ὑμεῖς
2654 4779 2877 4847 λέγετεο
2926 4780 3052 4832 ’Ὁτι
3096 4780 3473 4852 βλασφημεῖς·
3522 4782 3605 4836 ὅτι
3650 4779 3839 4850 εἶπαν,

2250 4871 2378 4934 Υἱὸς
2406 4870 2502 4924 τοῦ
2532 4868 2671 4923 Θεοῦ
2694 4870 2846 4941 είμι;
2885 4887 2906 4922 ›

2335 4984 2646 5052 ’Δγιασθεὶς
2684 4984 2742 5038 δὲ
2785 4983 3003 5052 λέγεται
3049 4986 3078 5038 6
3122 4985 3289 5052 Υἱὸς,
3326 4985 3517 5056 ἐπειδὴ
3569 4985 3831 5058 ἐπέμφθη

2262 5077 2535 5146 σφαγῆναι
2561 5075 2702 5144 ὑπὲρ
2725 5075 2822 5144 τῆς
2848 5072 2942 5127 τοῦ
2967 5073 3173 5142 κόσμου
3206 5076 3502 5147 σωτηρίας.
3527 5077 3693 5145 Ἅγια
3723 5077 3844 5147 γάρ,

2258 5169 2373 5220 ἐστι
2403 5167 2472 5220 τὰ
2500 5163 2875 5237 ἁφοριζόμενα
2900 5165 2979 5237 τῷ
3008 5165 3128 5236 Θεῷ
3165 5168 3247 5231 είς
3277 5168 3490 5221 θυσίαν.

2334 5276 2353 5310 ι
2395 5260 2454 5312 Εἰ
2482 5258 2539 5312 δὲ
2574 5257 2713 5311 ποιῶ
2732 5274 2744 5287 ·
2771 5257 2873 5311 κᾶν
2900 5258 3026 5329 ἐμοὶ
3066 5258 3142 5330 μὴ
3164 5258 3473 5328 πιστεύετε,
3502 5262 3618 5325 τοῖς
3648 5261 3834 5332 ἔργοις

2259 5338 2610 5416 πιστεύσατε,
2640 5350 2729 5402 ἵνα
2756 5349 2931 5418 γνῶτε
2959 5352 3056 5403 καὶ
3078 5338 3431 5423 πιστεύσητε,
3453 5352 3535 5405 ὅτι
3560 5353 3618 5405 ἐν
3643 5353 3770 5421 ἐμοὶ
3805 5354 3835 5406 6

2261 5439 2471 5511 Πατὴρ,
2504 5439 2662 5509 κάγὼ
2695 5440 2751 5492 ὲν
2779 5438 2949 5511 αὐτῷ.
2988 5459 3007 5493 s

2340 5533 2560 5602 Ἐπειδὴ
2592 5534 2691 5605 τὴν
2727 5532 2914 5585 ούσίαν
2954 5533 3084 5586 ἰδεῖν
3115 5534 3420 5606 ἀμήχανον,
3452 5534 3560 5588 ἀπὸ
3595 5534 3697 5605 τῆς
3722 5533 3831 5587 τῶν

2257 5626 2433 5705 ἔργων
2466 5625 2703 5697 ἰσότητος
2730 5625 2789 5703 τό
2812 5624 3227 5693 ἀπαράλλακτον
3255 5627 3354 5693 τῆς
3382 5626 3665 5689 δυνάμεως
3693 5643 3832 5693 παρ·
