4130 6700
507 497 531 563 1
550 495 645 561 ἒθἾ

500 612 759 663 decorum.

493 709 762 770 quosnam
783 706 902 761 ego,
938 681 1479 743 omnesilluminans,
1513 693 1673 733 casus
1698 672 2072 731 sustinerem?

567 873 731 929 Vens.
778 868 864 923 16.
917 884 936 917 ι
967 864 1115 918 Dixit
1150 875 1279 929 ergo
1311 859 1551 913 Thomas
1573 896 1589 921 ,
1622 854 1711 924 qui
1748 851 1946 907 dicitur
1983 849 2076 902 Di-

496 971 709 1041 dymus,
743 963 807 1017 ad
840 955 1277 1025 condiscipulos:
1310 952 1508 1007 Eamus
1541 953 1596 1004 et
1628 964 1746 1013 nos,
1792 956 1851 1002 ut
1877 943 2077 998 moria-

499 1076 624 1117 111111⁵
652 1072 777 1112 011111
809 1069 894 1109 eo.
934 1070 953 1103 1

572 1151 791 1213 Eamus,
820 1145 1015 1214 inquit,
1040 1151 1087 1197 et
1108 1157 1222 1205 nos,
1247 1148 1301 1192 ut
1324 1137 1616 1192 moriamur
1636 1148 1754 1186 cum
1776 1146 1873 1195 eo;
1899 1131 1951 1183 id
1975 1136 2077 1192 est,

500 1242 579 1297 Ne
610 1238 768 1294 amici
818 1250 1006 1306 parmn
1049 1229 1274 1286 studiosi
1322 1227 1623 1285 videamur,
1667 1219 1941 1290 despectis
1983 1216 2080 1271 Ju~

504 1337 739 1389 datorum
769 1327 999 1388 insidiis,
1035 1324 1099 1378 ad
1128 1320 1286 1376 amici
1315 1317 1484 1373 nostri
1516 1315 1743 1371 salutem
1781 1325 2080 1383 procuran-

506 1430 627 1483 dam
647 1433 1017 1493 properemus.
1039 1445 1110 1458 —-
1138 1413 1303 1481 Quasi
1332 1410 1396 1466 ad
1428 1410 1698 1463 viventem
1735 1403 2084 1474 progrediens

507 1520 657 1587 dicit,
692 1515 914 1578 Eamus,
938 1510 1064 1582 quia
1090 1507 1328 1562 Lazarus
1354 1502 1457 1574 ipsi
1482 1511 1537 1556 ut
1558 1502 1667 1556 Deo
1692 1497 1928 1555 vivebat.

580 1693 784 1746 Bonum
830 1688 1047 1758 quidem
1068 1727 1082 1748 ,
1113 1683 1330 1754 inquit,
1368 1687 1538 1743 esset,
1571 1676 1617 1732 si
1668 1675 1823 1730 nobis
1851 1673 2081 1729 credens

511 1787 601 1841 hic
636 1788 994 1854 permaneret,
1018 1786 1073 1833 et
1100 1776 1441 1831 inimicorum
1483 1770 1710 1825 insidias
1744 1767 2086 1823 declinaret:

514 1891 701 1932 verum
741 1888 861 1929 cum
891 1870 1110 1925 omnino
1143 1867 1219 1921 illi
1267 1872 1527 1922 statutum
1560 1862 1631 1917 sit
1660 1876 1724 1916 eo
1788 1860 1892 1925 ire,
1924 1858 2092 1912 comi-

516 1979 692 2023 temur
719 1974 774 2021 et
802 1979 903 2019 nos
937 1979 951 2015 :
987 1959 1179 2015 melius
1217 1958 1360 2012 enim
1394 1955 1549 2010 nobis
1587 1962 1670 2008 est
1698 1952 1800 2022 ipsi
1840 1950 2093 2005 morienti

518 2057 803 2120 commori,
830 2069 992 2125 quam
1011 2050 1242 2123 propriae
1266 2051 1389 2103 vita:
1416 2045 1751 2103 consulendo
1774 2062 1801 2099 ιι
1833 2044 2093 2114 magistro

521 2148 846 2218 derelinqui.

593 2264 757 2319 Vens.
795 2260 885 2315 25.
924 2277 941 2311 ι
971 2258 1116 2313 Dixit
1143 2256 1191 2311 ei
1220 2254 1378 2310 Jesus
1409 2270 1422 2307 :
1449 2251 1562 2320 Ego
1596 2265 1714 2305 sum
1753 2246 2105 2309 resurrectio,

522 2368 577 2413 ct
610 2358 714 2409 vita
744 2372 756 2407 :
789 2355 879 2424 qui
916 2350 1090 2406 credit
1116 2350 1169 2404 in
1202 2363 1310 2413 me,
1345 2345 1558 2402 etiamsi
1628 2351 1877 2397 mortuus
1911 2339 2104 2401 fuerit,

521 2454 685 2502 vivet.
728 2466 746 2498 ι

594 2540 767 2594 Vitam
797 2545 967 2594 semet
992 2537 1106 2606 ipse
1128 2533 1343 2589 vocavit
1371 2530 1648 2594 Dominus,
1679 2538 1733 2584 et
1760 2543 1863 2583 non
1890 2522 2109 2580 animal.

524 2631 638 2687 Non
674 2631 868 2686 animal
899 2631 1061 2683 vitam
1087 2628 1300 2698 quidem
1334 2624 1581 2694 suscipit,
1612 2622 1708 2678 sed
1739 2622 1855 2691 ipsa
1886 2621 1993 2672 vita
2026 2617 2108 2671 vi-

526 2732 738 2777 rentem
775 2722 898 2776 facit
941 2738 953 2774 :
988 2716 1441 2789 quemadmodum
1476 2712 1738 2784 sapientia
1772 2719 1829 2766 et
1863 2710 2113 2778 sapiens;

529 2815 617 2870 hic
649 2813 911 2883 siquidem
936 2813 1000 2865 ab
1027 2812 1114 2865 illa
1149 2809 1364 2879 accipit,
1403 2808 1489 2862 illa
1520 2821 1648 2860 vero
1678 2805 1725 2860 ei
1769 2802 1975 2859 tribuit.

599 2924 769 2982 Vens.
803 2925 893 2980 ⁸51.
937 2943 955 2977 ι
995 2921 1165 2979 Judaei
1214 2931 1394 2976 autem
1424 2919 1591 2976 secuti
1620 2924 1745 2973 sunt
1777 2931 1915 2971 eam.
1952 2933 1971 2967 ι

598 3016 713 3073 Nisi
754 3018 804 3071 id
837 3017 1015 3070 divina
1050 3014 1455 3084 dispensatione
1486 3012 1690 3065 factum
1727 3018 1891 3072 esset,
1923 3010 2115 3076 utique

532 3109 878 3180 Evangelista
914 3107 1057 3162 illius
1092 3122 1199 3159 non
1234 3103 1590 3159 meminisset.
1627 3099 1852 3155 Factum
1885 3108 1968 3153 est
2008 3112 2109 3150 au-

534 3211 664 3263 tem,
702 3209 759 3254 ut
795 3199 878 3253 vel
929 3199 1079 3253 inviti
1120 3196 1383 3251 miraculo
1428 3196 1775 3259 interessent,
1813 3192 2101 3258 eidemque
2134 3184 2137 3185 ⁷

539 3293 905 3350 testimonium
942 3292 1309 3362 perhiberenl.

539 3508 595 3555 et
617 3498 830 3554 Judazos
849 3498 939 3566 qui
973 3504 1255 3560 venerant,
1283 3508 1404 3548 cum
1432 3507 1493 3549 ea
1518 3492 1817 3563 plorantes,
1842 3489 2122 3545 infremuit

541 3590 755 3661 spiritu,
787 3597 842 3643 et
875 3586 1111 3641 turbavit
1136 3588 1395 3655 seipsum.
1437 3603 1455 3634 ι

611 3702 977 3758 Contristatus
1031 3701 1309 3765 Christus,
1363 3709 1417 3755 ct
1467 3699 1655 3754 videns
1706 3699 1760 3753 in
1814 3713 1873 3753 se
1920 3697 2121 3752 luctum

542 3797 767 3861 oboriri,
819 3806 873 3851 et
913 3810 1127 3850 carnem
1183 3810 1335 3849 suam
1368 3793 1435 3847 ad
1487 3793 1755 3864 Iacrymas
1793 3791 2122 3862 provocari;

543 3888 744 3940 virtute
801 3884 1037 3954 Spiritus
1080 3899 1300 3939 carnem
1347 3883 1619 3951 increpat,
1670 3898 1792 3951 qua:
1821 3881 2126 3949 conjunctae

546 3978 645 4031 sibi
681 3976 982 4031 divinitatis
1026 3987 1229 4030 motum
1282 3976 1507 4029 minime
1551 3974 1734 4030 ferens
1761 4016 1775 4040 ,
1811 3973 2029 4038 fremit,
2066 3989 2128 4027 ac

549 4068 751 4122 luctum
782 4075 1023 4138 superat.
1065 4064 1181 4122 Non
1213 4068 1355 4121 enim
1385 4067 1609 4120 decebat
1645 4076 1703 4119 ut
1731 4075 2004 4120 mortuum
2037 4065 2129 4120 dc-

550 4160 724 4225 ileret,
755 4160 845 4229 qui
876 4160 1291 4214 resurreCtionis
1312 4173 1461 4228 spem
1495 4159 1771 4213 ail‘ercbat.

627 4336 790 4392 Vens.
821 4338 909 4393 54.
950 4357 967 4390 ι
1013 4339 1077 4392 Ει
1106 4338 1243 4393 dixit
1270 4355 1284 4392 :
1332 4337 1433 4393 Ubi
1464 4337 1723 4408 posuistis
1745 4339 1911 4393 eum?
1944 4339 2130 4394 Dicunt

552 4433 600 4487 ei
633 4451 647 4486 :
686 4431 943 4496 Domine,
974 4432 1118 4494 veni,
1150 4441 1205 4485 et
1236 4431 1377 4487 vide.
1414 4450 1433 4482 ›

626 4524 737 4578 lloc
779 4533 958 4578 autem
1001 4524 1330 4593 interrogat.
1379 4533 1437 4577 ιιι
1469 4532 1732 4593 praetequ
1788 4524 1892 4580 loci
1954 4534 2135 4580 osten-

1634 473 1973 535 AMMONII
2014 472 2548 533 ALEXANDRINI

840 598 895 653 Si
950 596 1053 661 Qui
1120 589 1350 645 ambulat
1408 588 1463 640 in
1531 586 1615 639 die
1680 602 1785 638 non
1836 584 2077 652 oﬂendil,

2219 599 2301 634 στι
2331 581 2437 635 τῶν
2480 578 2772 634 Ἰουδαίων.
2805 578 2869 632 Ei
2915 578 2969 631 Ὀ
3000 578 3070 630 ἐν
3110 575 3297 645 ἡμέρᾳ
3328 572 3671 644 περιπατῶν
3708 577 3779 627 οὑ

2178 673 2569 740 προσκόπτει,
2635 669 2753 732 πῶς
2798 669 2908 738 ἐγὼ
2943 670 2973 720 6
3001 669 3212 731 πάντας
3264 665 3523 735 φωτίζων
3571 666 3782 734 ὑπομέ-

2178 780 2326 834 νοιμι
2356 764 2424 816 τά
2444 762 2555 817 τῶν
2594 761 2949 832 ἀϐουλήτωνς
2985 758 3213 833 [Cum]

2150 3277 2196 3335 C

612 3404 780 3461 Vens.
818 3404 907 3460 '53.
947 3421 964 3454 ι
1001 3401 1158 3458 Iesus
1184 3416 1334 3471 ergo,
1373 3407 1430 3454 ut
1470 3399 1603 3453 vidit
1631 3413 1750 3453 eam
1790 3396 2117 3462 plorantem,
2152 3460 2155 3463 _

3642 459 3776 525 1468

2254 874 2274 907 ι
2312 852 2479 909 Εἶπεν
2527 850 2620 909 οὖν
2669 854 2910 925 Θωμᾶς,
2956 854 2985 906 6
3035 851 3328 920 λεγόμενος
3370 849 3645 919 Δίδυμος,
3677 852 3788 909 τοῖς

2183 947 2585 1019 συμμαθηταξ·
2630 947 2891 1016 Ἄγωμεν
2923 943 3018 996 καὶ⁵
3044 943 3227 1014 ἡμεῖς,
3262 940 3350 996 ἴνα
3389 939 3787 1003 ἀποθάνωμεν,

2187 1041 2305 1112 μετ’
2344 1040 2535 1093 αὑτοῦ.
2586 1057 2605 1090 ι

2261 1134 2547 1202 Ἄγωμεν,
2570 1130 2723 1200 φησι,
2752 1126 2945 1196 ἡμεῖς,
2969 1127 3071 1181 ἵνα
3090 1125 3492 1194 ἀποθάνωμεν
3506 1122 3637 1193 μετ’
3671 1123 3784 1175 αὑ-

2182 1224 2329 1280 τοῦο
2382 1224 2687 1289 τουτέστιν,
2743 1221 2863 1275 Ἵνα
2925 1221 3000 1291 μὴ
3061 1219 3449 1289 ἀφιλόστοργοι
3501 1216 3780 1286 φανῶμεν,

2186 1316 2511 1386 σπεύσωμεν
2533 1315 2625 1367 ἐπὶ
2653 1315 2752 1385 τὴν
2777 1312 2873 1367 τοῦ
2908 1313 3064 1381 φίλου
3096 1312 3256 1383 ἡμῶν
3284 1309 3587 1381 σωτηρίαν,
3621 1309 3795 1377 ὑπερ·

2185 1409 2422 1480 ορῶντες
2463 1408 2562 1477 τὴν
2593 1405 2701 1460 τῶν
2747 1404 3017 1459 Ἰουδαίων
3054 1403 3313 1474 ἐπιϐολήν
3336 1403 3385 1457 ιι.
3439 1432 3511 1441 -
3540 1401 3631 1463 Ὠς
3661 1400 3794 1468 πρὸς

2188 1501 2369 1567 ζῶντα
2400 1499 2573 1569 λέγει,
2594 1499 2676 1552 ὅτι
2716 1499 2986 1568 Ἄγωμεν
3011 1514 3025 1529 ·
3050 1494 3201 1566 αὐτῷ
3232 1496 3340 1566 γὰρ
3388 1493 3486 1564 ἔζη
3529 1492 3607 1555 ὼς
3655 1491 3793 1559 Θεῷ.

2193 1592 2425 1666 [CRAILI

2262 1686 2442 1740 Καλὸν
2482 1686 2604 1756 μὲν,
2652 1685 2838 1755 φησιν,
2874 1678 2966 1755 ἦν,
3000 1682 3293 1736 πεισθέντα
3336 1683 3542 1750 μεῖναι,
3570 1684 3669 1737 καὶ
3704 1683 3797 1734 ἐκ·

2196 1780 2373 1835 κλῖναι
2408 1780 2517 1832 τῶν
2560 1778 2775 1849 ἐχθρῶν
2806 1775 2904 1848 τὴν
2951 1776 3267 1845 ἐπιϐουλήν·
3307 1774 3500 1843 ἐπειδὴ
3540 1774 3598 1826 δὲ
3640 1772 3801 1826 τοῦτο

2198 1874 2447 1928 δέδοκται
2485 1871 2708 1935 πάντως
2743 1869 2893 1940 αὐτῷ
2943 1869 3005 1922 τὸ
3044 1867 3333 1933 ἀπελθεῖν,
3364 1865 3800 1933 συναπέλθωμεν

2204 1966 2301 2021 καὶ
2343 1967 2541 2035 ἡμεῖς’
2575 1965 2826 2034 κρεῖττον
2862 1961 2971 2032 γὰρ
3007 1959 3435 2031 ἀποθνήσκοντι,
3473 1958 3803 2025 κοινωνῆσαι

2203 2058 2296 2111 τοῦ
2334 2057 2588 2121 Θανάτου,
2617 2056 2650 2128 ἢ
2684 2055 2786 2125 τῆς
2819 2054 3031 2118 οἰκείας
3058 2052 3337 2125 σωτηρίας
3366 2050 3806 2121 προνοουμένους

2205 2148 2606 2219 ἀπολειφθῆναι
2641 2147 2736 2201 τοῦ
2771 2145 3122 2200 διδασκάλου.

2284 2284 2302 2315 ι
2339 2263 2507 2317 Εἶπεν
2530 2262 2667 2334 αὐτῇ
2699 2262 2730 2314 6
2767 2260 2977 2332 Ἰησοῦς
3000 2277 3014 2291 ·
3065 2256 3207 2328 Ἑγώ
3249 2260 3366 2327 είμι
3402 2258 3436 2327 ἡ
3465 2255 3804 2317 ἀνάστασις,

2209 2357 2302 2411 καὶ
2332 2358 2366 2427 ἡ
2396 2356 2529 2427 ζωήο
2562 2356 2591 2407 6
2620 2352 2897 2407 πιστεύων
2925 2354 3005 2415 εἰς
3030 2350 3155 2421 ἐμὲ,
3187 2349 3293 2404 κᾶν
3329 2346 3609 2418 ἀποθάνῃ,
3640 2345 3810 2415 ζήσε-

2210 2467 2325 2503 ται.
2375 2466 2393 2499 1

2285 2540 2440 2610 Ζωὴν
2471 2537 2660 2591 ἑαυτὸν
2685 2530 2836 2589 εἶπεν
2860 2535 2889 2586 6
2916 2533 3144 2603 Κύριος,
3176 2532 3238 2586 ού
3268 2531 3429 2595 ζῶον.
3460 2528 3535 2582 Τὸ
3562 2529 3664 2599 μὲν
3701 2527 3817 2596 γάρ

2215 2634 2357 2700 ζῶον
2388 2631 2637 2685 δεκτικόν
2669 2630 2787 2682 ἐστι
2817 2627 2988 2696 ζωῆς,
3034 2628 3067 2695 ἡ
3105 2625 3163 2680 δὲ
3211 2624 3326 2689 ζωὴ
3355 2621 3670 2695 παρεκτικὴ
3714 2619 3816 2672 τοῦ

2216 2727 2339 2797 ζῇν.
2379 2726 2469 2787 Ὠς
2498 2725 2530 2794 ἡ
2559 2720 2740 2791 σοφία,
2774 2721 2869 2773 καὶ
2896 2721 2924 2772 6
2956 2718 3139 2788 σοφός’
3176 2717 3205 2769 6
3240 2716 3340 2788 μὲν
3366 2715 3659 2787 λαμϐάνει,
3692 2713 3725 2783 ἡ
3757 2711 3822 2763 δέ

2217 2818 2432 2873 δίδωσι.

2294 2949 2313 2983 ι
2352 2930 2414 2983 Oi
2449 2927 2506 2981 δέ
2553 2926 2800 2995 Ἰουδαῖοι
2839 2923 3216 2995 ἠκολούθησαν
3247 2923 3409 2994 αὐτῇ.
3452 2940 3470 2973 ι

2295 3023 2359 3075 Εἰ
2399 3020 2475 3091 μὴ
2503 3018 2792 3090 οἰκονομίᾳ
2824 3016 2961 3070 Θεοῦ
2986 3017 3143 3070 τοῦτο
3171 3017 3439 3085 ἐγεγόνει,
3463 3014 3564 3067 οὐκ
3593 3012 3663 3066 ἂν
3684 3012 3822 3084 ἐμέο

2227 3131 2402 3187 μνητο
2464 3112 2629 3166 αὑτοῦ
2668 3114 2697 3166 6
2756 3111 3174 3181 εὐαγγελιστής.
3202 3108 3428 3177 -Γέγονε
3465 3108 3545 3169 δὲ,
3589 3107 3681 3161 ἵνα
3723 3104 3827 3159 καὶ

2225 3208 2452 3271 ἄκοντες
2479 3205 2918 3277 παραγένωνται,
2943 3204 3037 3258 καὶ
3062 3202 3452 3275 μαρτυρήσωσι
3476 3198 3553 3269 τῷ
3571 3197 3809 3269 σημείῳ.

2300 3423 2319 3455 ι
2371 3402 2579 3475 Ἰησοῦς
2610 3401 2705 3455 οὖν
2736 3401 2811 3464 ὡς
2851 3394 2992 3454 εἶδεν
3032 3399 3204 3470 αὐτὴν
3231 3397 3547 3460 κλαίουσαν,
3576 3397 3670 3450 καὶ
3694 3397 3829 3460 τοὺς

2226 3497 2584 3559 συνελθόντας
2623 3494 2911 3556 Ἰουδαίους
2941 3492 3229 3556 κλαίοντας
3252 3530 3267 3556 ,
3306 3490 3713 3562 ἐνεϐριμήσατο
3746 3488 3827 3560 τῷ

2224 3590 2521 3661 πνεύματι,
2552 3589 2645 3642 καὶ
2675 3585 2939 3656 ἐτάραξεν
2973 3585 3179 3639 ἑαυτόν.
3231 3602 3249 3635 ι

2297 3704 2580 3775 Λυπηθεὶς
2604 3705 2632 3757 6
2662 3702 2917 3774 Χριστὸς,
2967 3701 3064 3754 καὶ
3094 3698 3235 3770 όρῶν
3270 3700 3328 3752 ἐν
3365 3696 3544 3767 ἐαυτῷ
3574 3695 3828 3766 κινηθεῖ-

2230 3814 2327 3852 σαν
2364 3797 2463 3868 τὴν
2507 3796 2708 3867 λύπην,
2756 3795 2852 3848 καὶ
2887 3793 3148 3848 νεύουσαν
3193 3794 3293 3860 τὴν
3339 3790 3520 3861 σάρκα
3559 3790 3697 3860 πρὸς
3728 3788 3823 3841 δά-

2230 3908 2419 3962 κρυον,
2442 3889 2764 3960 ἐπιπλήττει
2785 3890 2850 3959 τῇ
2880 3887 3066 3959 σαρκὶ,
3095 3888 3159 3957 τῇ
3187 3883 3281 3939 τοῦ
3313 3885 3470 3953 ἁγίου
3497 3881 3822 3952 Πνεύματος

2229 3982 2480 4052 δυνάμει,
2509 3981 2633 4051 ἥτις
2667 3978 2741 4051 μὴ
2769 3977 3069 4046 ἐνεγκοῦσα
3107 3977 3168 4029 τὸ
3201 3976 3300 4045 τῆς
3335 3974 3633 4045 ἐνωθείσης
3669 3970 3822 4041 αὐτῷ

2232 4074 2483 4144 θεότητος
2514 4072 2742 4142 κίνημα,
2766 4070 2981 4141 τρέμει,
3016 4068 3109 4121 καὶ
3140 4068 3241 4138 τῆς
3269 4066 3447 4133 λύπης
3472 4067 3831 4135 περικρατεῖ.

2235 4163 2371 4217 Οὑδέ
2431 4161 2540 4234 γάρ
2601 4159 2843 4232 ἥρμοζεν
2894 4159 2985 4212 ἐπὶ
3031 4157 3211 4229 νεκρῷ
3263 4154 3545 4226 δακρύειν,
3600 4153 3678 4223 τῷ
3732 4152 3835 4221 τὴν

2234 4256 2423 4310 ἐλπίδα
2453 4255 2551 4326 τῆς
2578 4252 2928 4314 ἀναστάσεως
2955 4250 3251 4319 εἰσάγοντι.

2313 4367 2333 4402 ι
2375 4348 2485 4402 Καὶ
2512 4343 2655 4401 εἷπε·
2686 4346 2794 4399 Ποῦ
2820 4343 3103 4397 τεθείκατε
3128 4340 3292 4395 αὐτόν
3318 4358 3331 4406 ;
3358 4339 3625 4408 Λέγουσιν
3653 4337 3831 4407 αὐτῷ*

2236 4440 2431 4511 Κύριε,
2464 4438 2651 4511 ἔρχου,
2693 4439 2787 4492 καὶ
2818 4437 2918 4491 ἴδε.
2961 4455 2979 4489 ι

2320 4534 2533 4604 Ἐρωτᾷ
2556 4532 2612 4584 δὲ
2644 4529 2823 4595 τοῦτο,
2860 4529 2947 4582 ἵνα
2983 4528 3078 4581 καὶ
3111 4527 3384 4597 προψάσει
3419 4522 3514 4577 τοῦ
3546 4521 3836 4583 ὑποδεῖξαι

557 4615 754 4678 dendi,
809 4614 990 4683 plures
1044 4628 1110 4671 eo
1168 4617 1542 4681 convenirent,
1594 4627 1756 4687 atque
1809 4617 2107 4672 miraculun

2235 4628 2327 4681 τὸν
2363 4627 2531 4678 τόπον
2563 4623 2760 4675 ἔλθωσι
2784 4664 2798 4687 ,
2831 4622 2926 4674 καὶ
2951 4620 3103 4673 ίδωσι
3143 4619 3204 4672 τὸ
3234 4620 3483 4689 σημεῖον.
3526 4616 3615 4679 Ὠς
3643 4614 3842 4684 ἀφιλό-

558 4713 863 4759 cernerent.
916 4703 1196 4773 Tanquam
1239 4704 1460 4759 minimc
1486 4705 1851 4774 iactabundus
1886 4706 1936 4760 id
1968 4707 2128 4772 dixit,

558 4806 612 4849 et
643 4805 863 4864 propter
896 4794 1147 4850 humana:
1185 4807 1390 4850 naturae
1444 4796 1802 4852 humilitatem
1825 4838 1841 4865 ,
1886 4813 1946 4854 se
1982 4799 2131 4868 igno-

560 4902 682 4941 rare
707 4888 1279 4953 dissimulabat,cnm,
1322 4896 1379 4942 ut
1416 4890 1555 4945 Deus
1580 4891 1761 4946 omnia
1807 4892 1993 4960 sciret,
2025 4909 2132 4964 quo

562 4979 743 5048 plures
765 4978 830 5032 ad
863 4993 987 5033 eum
1019 4979 1196 5033 locum
1232 4978 1494 5035 alliceret.

637 5092 801 5147 Vens.
829 5094 919 5149 40.
961 5111 981 5145 ι
1016 5093 1155 5148 Dicit
1189 5094 1235 5148 ei
1268 5093 1425 5151 Jesus
1455 5113 1470 5150 :
1500 5094 1689 5150 Nonne
1740 5096 1848 5151 dixi
1882 5097 1976 5151 tibi
2005 5112 2139 5167 quo-

566 5187 710 5240 niam
742 5187 784 5241 si
824 5187 1145 5242 credideris.
1193 5187 1402 5243 videbis
1438 5189 1665 5258 gloriam
1704 5190 1841 5244 Dei?
1874 5208 1892 5241 ι

640 5278 864 5349 Propter
894 5281 1138 5335 miraculi
1173 5281 1599 5352 magnitudinem
1635 5281 1843 5338 Martha
1882 5284 2141 5354 quodam-

572 5372 729 5426 modo
759 5373 952 5427 itermn
984 5373 1280 5429 dill'idebat.

650 5464 811 5519 Vens.
843 5464 932 5519 41.
952 5485 969 5517 ι
990 5464 1253 5522 Tulernnt
1285 5481 1415 5536 ergo
1445 5464 1675 5536 lapidem
1707 5484 1721 5521 :
1753 5465 1911 5523 Jesus
1946 5478 2147 5537 autem,

576 5556 799 5611 elevatis
820 5573 1034 5612 sursum
1058 5560 1251 5625 oculis,
1283 5560 1421 5614 dixit
1449 5576 1464 5613 :
1496 5557 1677 5626 Pater,
1706 5561 1909 5631 gratias
1934 5578 2035 5633 ago
2058 5564 2153 5619 tibi

558 5648 834 5724 quoniam
877 5651 1071 5705 audisti
1104 5667 1209 5707 me.
1248 5671 1266 5703 ι

652 5740 790 5797 Cum
826 5742 1045 5812 aequalis
1089 5754 1236 5799 esset
1268 5742 1435 5813 Patri,
1467 5746 1638 5803 eidem
1670 5749 1869 5819 gratias
1919 5750 2060 5821 agit;
2098 5760 2155 5807 ut

664 5918 694 5971 ι
726 5922 817 5979 Cr.
867 5924 1174 5981 Ἰουδαϊκῶν
1205 5927 1524 5983 ἐπιϐουλῶν.

2236 4732 2450 4787 κόμπος
2488 4713 2645 4768 τοῦτο
2691 4708 2811 4765 εἷπε
2838 4754 2853 4778 ,
2914 4710 3008 4764 καὶ
3040 4712 3253 4779 ἀγνοεῖν
3290 4705 3840 4779 σχηματίζεται,βιὰ

2234 4810 2297 4864 τὸ
2330 4809 2429 4880 τῆς
2483 4804 2830 4877 ἀνθρωπίνης
2868 4802 3085 4873 φύσεως
3109 4801 3384 4866 ταπεινὸν,
3412 4802 3441 4854 6
3472 4800 3653 4853 πάντα
3681 4797 3842 4860 εἰδὼς

2235 4901 2310 4964 ὡς
2339 4897 2490 4964 Θεὸς,
2529 4897 2617 4951 ἕνα
2658 4894 2887 4957 πολλοὺς
2933 4892 3137 4965 ἐλκύσῃ
3167 4894 3247 4955 είς
3294 4891 3387 4944 τὸν
3419 4890 3604 4944 τόπον.

2326 5126 2344 5158 ι
2390 5106 2551 5174 Λέγει
2597 5104 2736 5176 αὐτῇ
2780 5104 2808 5157 6
2865 5100 3093 5173 Ἰησοῦς·
3128 5099 3242 5153 Οὐκ
3268 5093 3422 5151 εἶπόν
3469 5113 3593 5161 σοι,
3627 5095 3710 5150 ὅτι
3748 5092 3845 5147 ἐὰν

2252 5197 2549 5269 πιστεύσῃς
2572 5238 2587 5263 ,
2622 5196 2742 5267 ὄψει
2772 5196 2871 5268 τὴν
2900 5194 3060 5262 δόξαν
3092 5191 3188 5248 τοῦ
3221 5191 3394 5257 Θεοῦς
3438 5210 3457 5241 ι

2327 5290 2426 5345 Διὰ
2452 5290 2550 5362 τὴν
2580 5287 2888 5360 ὑπερϐολὴν
2911 5287 3006 5341 τοῦ
3031 5286 3333 5358 θαύματος,
3367 5283 3570 5357 τρόπον
3592 5280 3715 5335 τινὰ
3745 5279 3854 5333 πάι

2259 5384 2342 5439 λιν
2370 5385 2590 5439 ἀπιστεῖ
2620 5384 2653 5452 ή
2681 5381 2898 5453 Μάρθα.

2338 5493 2357 5526 ι
2381 5468 2564 5543 Ἦραν
2597 5468 2689 5526 οὖν
2710 5472 2801 5524 τὸν
2822 5470 2969 5525 λίθον
2994 5465 3076 5543 [οὗ
3101 5464 3168 5539 ἦν
3184 5469 3211 5521 6
3237 5459 3514 5538 τεθνηκὼς
3545 5461 3846 5535 κείμενος]

2260 5568 2290 5619 ό
2337 5566 2392 5620 δὲ
2439 5564 2645 5637 Ἰησοῦς
2689 5561 2793 5636 ἦρε
2838 5566 2962 5629 τοὺς
3010 5562 3324 5632 ὀφθαλμοὺς
3359 5562 3507 5624 ἄνω,
3557 5560 3653 5613 καὶ
3698 5554 3845 5612 εἶπε·

2266 5658 2469 5729 Πάτερ,
2505 5656 2808 5729 εὐχαριστῶ
2832 5674 2911 5711 σοι
2946 5657 3027 5709 ὅτι
3061 5653 3298 5726 ἤκουσάς
3332 5670 3454 5723 μου.
3500 5669 3519 5703 ι

2340 5752 2482 5815 "leo;
2515 5751 2588 5807 ὢν
2614 5752 2692 5823 τῷ
2726 5751 2898 5822 Πατρῖ
2924 5749 3234 5821 εὐχαριστεῖ
3264 5744 3432 5816 αὐτῷ,
3465 5743 3547 5797 ἵνα
3578 5742 3741 5813 ἡμεῖς
3773 5738 3847 5811 τῷ
