4130 6576
319 475 460 542 1³469

1369 491 1826 553 FRAGMENTA
1867 495 1949 554 IN
1988 499 2049 557 S.
2088 497 2460 563 JOANNEM.

3434 470 3567 572 tm

311 589 451 659 ὑπὲρ
493 590 721 656 ἑαυτοὺς
764 593 1200 666 εύχαριστῶμεν.
1251 596 1423 652 Τοῦτο
1467 601 1561 654 ἐπὶ
1599 603 1768 670 φίλων
1802 604 1875 658 λέ-

1996 617 2048 661 et
2080 624 2178 664 nos
2208 611 2256 664 ei
2287 627 2385 679 pro
2411 611 2563 668 nobis
2587 613 2789 682 gratias
2812 629 3052 686 agamus.
3079 614 3231 682 Quod
3263 616 3404 672 inter
3429 623 3565 674 ami-

305 697 462 750 γεται
491 684 586 734 καὶ
609 683 911 754 ὁμοτίμων.

382 787 403 822 ι
442 771 585 840 Ἐγὼ
614 772 672 826 δὲ
707 774 856 844 ᾔδειν
894 775 978 828 ὅτι
1023 777 1256 832 πάντοτὲ
1302 796 1403 849 μου
1453 781 1713 849 ἀκούεις,
1755 785 1891 840 ἀλλά

301 861 391 915 διὰ
415 862 508 916 τὸν
530 863 685 933 ὄχλον
717 865 808 918 τὸν
835 867 1178 936 περιεστῶτα
1203 866 1378 924 εἴπονο
1408 873 1496 926 ἵνα
1525 874 1892 931 πιστεύσωσιν

303 953 386 1006 ὅτι
411 953 477 1008 σύ
509 973 578 1025 με
607 957 962 1021 ἀπέστειλας.
999 978 1018 1010 ι

391 1047 478 1099 Ἐν
505 1049 620 1110 τοῖς
668 1047 809 1120 ὑπὲρ
853 1049 1016 1118 φύσιν
1057 1052 1308 1120 φαίνεται
1351 1055 1384 1125 ἡ
1430 1053 1525 1108 τοῦ
1571 1055 1707 1110 Θεοῦ
1739 1058 1886 1123 δόξα.

305 1137 417 1210 Τήν
458 1139 514 1193 δὲ
547 1139 642 1193 τοῦ
676 1142 891 1213 Πατρὸς
918 1143 1078 1209 δόξαν
1110 1146 1266 1215 φησὶ,
1302 1146 1391 1201 διὰ
1423 1146 1483 1200 τὸ
1521 1148 1748 1211 ἀσθενὲς
1780 1149 1888 1204 τῶν

304 1229 610 1300 ἀκροατῶν,
652 1230 748 1284 καὶ
789 1230 878 1284 διὰ
909 1233 972 1285 τδ
1001 1233 1313 1301 ἀκενόδοξον
1361 1236 1462 1289 ούκ
1505 1231 1682 1302 εἶπεν,
1725 1236 1886 1306 Ὄψει

302 1325 402 1398 τὴν
435 1327 592 1393 δόξαν
629 1345 731 1399 μου
754 1368 769 1394 ,
799 1329 958 1397 ἀλλὰ,
989 1330 1089 1403 τὴν
1126 1331 1220 1385 τοῦ
1251 1332 1464 1404 Πατρός
1492 1331 1534 1387 ι.

379 1539 401 1572 ‹
460 1521 571 1574 Καὶ
624 1520 796 1575 ταῦτα
845 1520 1038 1588 εἰπὼν,
1069 1526 1221 1595 φωνῇ
1280 1525 1489 1597 μεγάλῃ
1544 1525 1880 1597 ὲκραύγαιιε⁹

302 1613 542 1684 Λάζαρε,
581 1612 740 1682 δεῦρο
769 1611 893 1678 ἔξω.
938 1631 957 1665 ι

385 1700 474 1763 '0;
503 1699 786 1772 πόρρωθεν
809 1697 978 1756 οὖσαν
999 1701 1099 1774 τὴν
1119 1702 1297 1774 ψυχὴν
1317 1701 1405 1757 διὰ
1424 1705 1672 1777 κραυγῆς
1700 1706 1878 1775 καλεῖ,

301 1792 363 1847 οὐ
396 1793 502 1864 μὴν
533 1791 607 1856 ὡς
640 1788 806 1847 οὖσαν
841 1794 902 1848 ὲν
933 1794 1012 1866 τῷ
1042 1796 1307 1866 μνήματι,
1339 1796 1416 1860 ὡς
1473 1797 1742 1870 Ἐλλήνων
1776 1818 1880 1872 μυ-

1993 715 2086 756 cos
2107 713 2162 757 et
2191 705 2428 773 aequales
2452 704 2628 760 locum
2661 707 2844 762 habet.

2063 791 2229 848 Vens.
2278 795 2369 848 4%.
2430 813 2448 847 ι
2492 794 2604 864 Ego
2650 806 2830 852 autem
2885 799 3124 854 sciebam
3177 802 3303 870 quia
3349 817 3565 872 semper

1992 898 2079 938 me
2117 883 2292 947 audis,
2323 885 2418 938 sed
2463 896 2685 956 prepler
2732 887 3010 956 populum,
3066 891 3155 959 qui
3207 891 3562 959 circumstat,

1991 975 2140 1030 dixi:
2173 984 2234 1029 ut
2259 976 2483 1030 credent
2515 975 2641 1045 quia
2673 986 2727 1030 ttt
2763 993 2848 1031 me
2871 978 3088 1033 misisti.
3125 997 3144 1031 ι

2059 1066 2117 1120 lu
2173 1067 2336 1123 rebus
2385 1068 2651 1136 siquidem
2699 1069 3201 1138 supernaturalibus
3248 1069 3342 1126 Dei
3392 1072 3560 1141 gloria

1988 1157 2247 1212 cernitur.
2281 1157 2456 1213 Patris
2485 1167 2662 1214 autem
2687 1159 2910 1228 gloriam
2943 1159 3194 1229 appellat,
3221 1171 3438 1230 propter
3462 1177 3561 1215 au-

1986 1247 2222 1302 ditorum
2281 1249 2736 1317 imbecillitatem;
2781 1258 2837 1305 et
2886 1250 2952 1304 ad
2982 1252 3288 1304 evitaudam
3343 1253 3558 1305 inanem

1985 1337 2382 1407 gloriationem,
2410 1354 2515 1394 non
2550 1339 2704 1404 dixit,
2730 1340 2938 1395 videbis
2965 1340 3190 1410 gloriam
3215 1354 3412 1406 meam,
3435 1341 3554 1406 sed,

1986 1427 2182 1484 Patris.

1995 1519 2000 1522 ’
2063 1521 2224 1576 Vens.
2260 1516 2350 1576 45.
2391 1540 2409 1574 ι
2446 1522 2572 1576 Haec
2604 1536 2727 1578 cum
2758 1522 3006 1587 dixisset,
3047 1538 3180 1579 voce
3207 1537 3395 1594 magna
3441 1521 3554 1578 cla-

1983 1614 2150 1668 mavit
2183 1629 2197 1665 :
2232 1612 2456 1677 Lazare,
2487 1613 2606 1668 veni
2641 1612 2850 1682 τοι-σεξ)

2051 1705 2301 1760 Animam
2337 1705 2491 1776 quasi
2523 1704 2706 1774 procul
2734 1704 3017 1760 distantem
3049 1705 3332 1760 clamando
3365 1715 3546 1772 vocat,

1982 1813 2086 1852 non
2121 1797 2325 1867 utique,
2359 1805 2416 1850 ut
2449 1794 2620 1851 (ὗε-ιεοῑ
2650 1794 2978 1862 fabulantur,
3014 1795 3167 1865 quasi
3216 1797 3267 1851 in
3302 1798 3553 1867 sepulcro

301 1885 517 1940 θεύουσι
539 1886 748 1950 παῖδες.
779 1887 845 1940 Ἦ
882 1889 1100 1959 κραυγὴ
1132 1887 1190 1941 δὲ
1227 1887 1322 1942 τοῦ
1353 1890 1584 1961 Κυρίου,
1615 1891 1784 1956 τύπος
1809 1889 1875 1965 ἦν

1981 1887 2352 1943 exsistentem.
2395 1884 2488 1940 llle
2524 1896 2702 1940 autem
2732 1885 2943 1940 Domini
2980 1885 3205 1951 clamor,
3245 1897 3402 1957 typus
3430 1899 3551 1942 erat

299 1975 401 2045 τῆς
453 1976 695 2048 μεγάλης
730 1975 1032 2046 σάλπιγγος
1055 2016 1070 2042 ,
1090 1957 1208 2047 τῆς
1237 1957 1538 2049 μελλούσης
1572 1981 1775 2052 ὴχῆσαι
1821 1957 1875 2037 έν

1981 1993 2186 2049 magnae
2213 1977 2353 2032 illius
2381 1977 2556 2043 tubae,
2591 1991 2710 2046 qua:
2743 1976 2794 2031 in
2833 1976 3123 2031 universali
3158 1979 3555 2034 resurrectione

298 2069 364 2138 τῇ
395 2073 548 2139 κοινῇ
575 2068 890 2123 ἀναστάσει.
929 2068 1090 2122 Οῦτω
1116 2069 1224 2139 γὰρ
1259 2071 1353 2124 καὶ
1387 2072 1421 2141 ἡ
1457 2071 1719 2143 καθολικὴ
1752 2073 1878 2143 μέλ-

299 2157 380 2212 λει
432 2158 674 2227 γίνεσθαι
720 2171 762 2199 ω
814 2160 1143 2226 ἀνάστασις,
1215 2162 1274 2214 ὲν
1329 2164 1558 2234 ἀτόμῳ,
1622 2164 1680 2216 ὲν
1735 2167 1876 2238 ῥοπῇ

296 2245 598 2317 ὀφθαλμοῦ.
641 2247 866 2316 Ὅμοιον
895 2252 1124 2320 σημεῖον
1153 2250 1342 2320 σχεδὸν
1373 2251 1473 2322 τῆς
1504 2253 1874 2323 ἀναστάσεως,

275 2337 358 2391 ’τὸ
397 2337 726 2407 δεδεμένων
769 2339 889 2394 τῶν
925 2341 1150 2406 ποδῶν,
1194 2343 1293 2396 καὶ
1337 2342 1458 2398 τῶν
1500 2345 1735 2415 χειρῶν,
1781 2348 1877 2401 καὶ

294 2429 406 2481 τῶν
454 2429 750 2500 ὀφθαλμῶν
794 2431 1024 2496 ἐξελθεῖν
1050 2434 1480 2504 περιπατοῦντα.
1515 2436 1614 2489 Διά
1637 2437 1694 2491 δὲ
1718 2445 1748 2474 ιι
1780 2438 1875 2492 τοῦ

295 2519 447 2574 λύειν
497 2521 864 2592 ἐμαρτύρουν,
905 2523 988 2577 ὅτι
1033 2524 1131 2579 ούκ
1176 2521 1246 2598 ἦν
1290 2526 1560 2596 φαντασία
1585 2536 1630 2593 ο,
1674 2528 1810 2584 ἀλλὰ
1847 2531 1880 2584 ό

297 2612 551 2684 Λάζαρος
577 2610 668 2685 ἦν.

374 2706 464 2771 Ὧς
515 2708 729 2764 ἀνόσιόν
781 2726 836 2762 τι
884 2711 1261 2783 τετολμηκότα
1309 2711 1746 2779 διέ6αλλον,’ὡς
1784 2714 1876 2769 τὸν

1979 2071 2094 2136 liet,
2127 2070 2180 2125 in
2217 2079 2509 2135 momento,
2549 2068 2600 2122 in
2637 2071 2745 2124 ictu
2795 2068 2958 2123 oculi.
2991 2067 3179 2123 Simile
3213 2066 3324 2122 fere
3363 2084 3551 2122 resur-

1980 2163 2235 2220 rectionis
2272 2162 2526 2218 indicium
2558 2171 2659 2227 est,
2685 2163 2826 2230 quod
2855 2161 3050 2231 ligatus
3081 2163 3234 2230 pedes
3258 2170 3308 2214 et
3336 2176 3548 2225 manus,

1976 2265 2033 2312 et
2080 2256 2302 2322 oculos,
2343 2269 2594 2324 egressus
2647 2254 2718 2309 sit
2773 2253 3074 2309 ambulans.
3131 2252 3307 2322 ipsum
3367 2261 3547 2306 autem

1979 2349 2270 2416 solventes,
2319 2348 2657 2404 testabantur
2706 2361 2812 2402 non
2871 2361 2996 2402 esse
3044 2345 3398 2416 prmstigium,
3455 2345 3548 2400 sed

1979 2440 2154 2511 ipsum
2181 2437 2469 2493 Lazarum.

2037 2713 2194 2770 Illum
2230 2713 2531 2785 arguebant
2573 2713 2726 2783 quasi
2774 2709 2977 2781 aliquid
3030 2709 3253 2780 impium
3305 2671 3544 2766 attenta-

291 2798 638 2870 τεθαμμένον
674 2803 987 2873 ἀνασκάψαι
1023 2804 1376 2868 ἐπιτάξανταο
1421 2805 1560 2876 μετά
1604 2806 1875 2871 τοσαύτας

1976 2806 2162 2869 visset,
2213 2815 2486 2862 mortuum
2532 2819 2564 2860 e
2596 2803 2845 2874 sepulcro
2897 2803 3052 2858 exire
3103 2802 3365 2870 iubendo.
3422 2801 3584 2858 Post'

293 2891 626 2957 ἀποδείξεις,
677 2893 754 2959 ὡς
802 2896 932 2967 περὶ
987 2896 1144 2966 ψιλοῦ
1187 2897 1475 2969 ἀνθρώπου
1517 2898 1721 2968 ἔλεγον,
1769 2900 1873 2968 ἀγ-

291 2982 541 3049 νοοῦντες
593 2985 676 3039 ὅτι
721 2987 884 3051 αὐτὸς
923 2982 993 3060 ἦν
1045 2989 1075 3042 ό
1121 2989 1356 3059 Χριστὸς
1401 2991 1430 3043 ό
1476 2990 1584 3044 τῶν
1628 2989 1873 3062 σημείων

291 3073 643 3146 δημιουργός.
681 3076 910 3152 [Cum]

371 3167 559 3230 (Τινὲς
577 3168 634 3222 δὲ
657 3169 715 3236 ἐξ
731 3170 908 3225 αὐτῶν
924 3172 1167 3244 ἀπῆλθον
1189 3174 1329 3245 πρὸς
1346 3176 1472 3239 τοὺς
1486 3177 1832 3248 Φαρισαίους,
1847 3196 1866 3230 ι

1980 2907 2131 2953 tanta
2178 2897 2440 2953 miracula
2469 2897 2614 2953 sicut
2640 2898 2706 2952 de
2734 2911 2871 2967 puro
2905 2894 3124 2950 homine
3160 2894 3337 2949 adhuc
3360 2893 3549 2963 loque-

1976 2988 2194 3054 bantur,
2249 2989 2493 3044 nolentes
2551 3003 2849 3058 agnoscere
2895 2986 3044 3042 illum
3099 3001 3221 3043 esse
3267 2985 3546 3042 Christum

1975 3080 2063 3148 qui
2083 3079 2322 3150 prodigia
2351 3078 2694 3147 operabatur.

2044 3172 2210 3227 Vens.
2228 3172 2317 3226 46.
2337 3189 2357 3224 ι
2376 3170 2604 3238 Quidam
2627 3179 2804 3226 autem
2829 3184 2892 3224 ex
2913 3168 3044 3240 ipsis
3059 3169 3382 3224 abieruntad
3404 3168 3548 3224 Pha-

288 3258 474 3310 -ι-καὶ
502 3257 580 3322 ὡς
613 3259 824 3314 ἀνόσιόν
859 3279 911 3315 τι
937 3262 1314 3335 τετολμηκότα
1343 3266 1568 3336 ποιῆσαι
1597 3267 1870 3338 διέϐαλον,

1977 3263 2182 3325 riszeos,
2213 3283 2233 3316 ι
2253 3273 2394 3320 --et
2417 3271 2674 3332 tanquam
2704 3261 2951 3331 sacrilegi
2994 3260 3120 3330 quid
3148 3269 3547 3329 perpetrantem

288 3347 365 3414 ὡς
398 3351 492 3404 τὸν
515 3351 858 3422 τεθαμμένον
883 3354 1193 3426 ἀνασκάψαι
1226 3355 1581 3422 ἐπιτάξαντα.

369 3458 389 3492 ι
429 3441 494 3493 Τί
525 3441 808 3512 ποιοῦμεν,
849 3443 933 3496 ὅτι
980 3439 1134 3510 οὗτος
1167 3448 1197 3498 ό
1239 3446 1522 3518 ἄνθρωπος
1551 3447 1724 3502 πολλά
1771 3466 1870 3522 ση-

295 3533 428 3603 μεῖα,
463 3535 609 3586 ποιεῖ
626 3551 641 3600 ;
685 3553 704 3586 ι

363 3625 522 3679 Μετά
557 3626 826 3691 τοσαύτας
855 3628 1164 3696 ἀποδείξεις
1205 3630 1282 3693 ὡς
1310 3631 1440 3700 περὶ
1475 3631 1632 3703 ψιλοῦ
1653 3633 1873 3707 φάνθρώ-

293 3733 396 3769 που
423 3716 631 3785 ἔλεγον,
663 3718 984 3787 ἀγνοοῦντες
1011 3722 1094 3775 ὅτι
1122 3720 1282 3784 αὐτὸς
1313 3717 1382 3792 ἦν
1413 3723 1668 3793 Χριστὸς,
1699 3726 1726 3777 ό
1766 3723 1873 3779 τῶν

293 3823 361 3878 ση
371 3807 538 3878 μείων
569 3808 922 3882 δημιουργός.

311 3940 317 3946 ·
367 3942 387 3976 ι
440 3923 566 3978 Ἐὰν
605 3925 834 3997 ἀφῶμεν
878 3927 1042 3981 αὐτὸν
1076 3928 1271 3993 οὕτως,
1313 3929 1515 3995 πάντες
1554 3932 1874 3987 πιστεύσου-

296 4032 380 4068 σιν
406 4017 485 4080 si;
507 4017 691 4083 αὑτὸν,
722 4020 815 4072 καὶ
843 4019 1155 4074 ἐλεύσονται
1182 4022 1233 4074 οἱ
1269 4020 1554 4093 Ῥωμαῖοι,
1583 4024 1678 4077 καὶ
1706 4022 1871 4094 ἀροῦ-

296 4124 381 4162 σιν
405 4108 562 4179 ἡμῶν
589 4109 678 4163 τὸν
707 4110 871 4164 τόπον
890 4151 906 4176 ,
937 4116 1030 4166 καλ⁸
1055 4111 1160 4184 [τὸ]
1189 4113 1358 4176 ἔθνος.
1395 4131 1413 4166 ι

376 4203 523 4267 Ἐὰν,
559 4204 745 4274 φησὶν,
776 4205 824 4257 ei
857 4204 1211 4269 πιστεύοντες
1249 4207 1326 4269 εἰς
1364 4205 1529 4260 αὑτὸν
1573 4207 1872 4276 ποιήσωσιν

292 4292 456 4346 αὐτὸν
500 4293 728 4363 βασιλέα
752 4335 773 4361 ,
816 4296 1142 4366 ἐπέρχονται
1188 4299 1324 4367 ἡμῖν
1355 4298 1430 4360 ὡς
1462 4299 1868 4368 τυραννήσασιν

292 4383 343 4435 οἱ
386 4381 680 4452 Ῥωμαῖοι,
727 4383 820 4436 καὶ
854 4384 1154 4456 γυμνοῦσιν
1199 4387 1350 4455 ἡμᾶς
1398 4387 1636 4440 πάντων.
1671 4389 1767 4441 Διά
1813 4387 1872 4440 τὸ

296 4473 372 4546 μὴ
403 4474 733 4544 ὑπομεῖναι,
761 4476 830 4530 τὰ
867 4477 1015 4530 δεινά
1049 4476 1254 4546 ἔλεγον,
1306 4478 1393 4532 ἵνα
1438 4479 1724 4550 ἀναιρεθῇ.
1759 4480 1872 4534 Καὶ

293 4566 378 4620 ὅτε
433 4568 594 4626 αὑτὸν
644 4568 962 4638 ἐφόνευσαν,
1019 4571 1139 4628 τότε
1173 4570 1334 4642 ἐξέση
1379 4572 1448 4624 τὰ
1485 4571 1706 4645 λυπηρά
1739 4571 1866 4626 κατ’

292 4677 493 4715 αυτων.

372 4857 390 4889 ι
425 4839 594 4894 Τοῦτο
625 4839 682 4894 δὲ
711 4840 806 4912 ἀφ’
833 4841 1030 4897 ἑαυτοῦ
1064 4843 1164 4898 ούκ
1207 4839 1380 4907 εἶπεν,
1407 4842 1542 4897 ἀλλά
1575 4843 1870 4914 ἀρχιερεὺς

291 4929 368 4984 ῶν
401 4930 495 4984 τοῦ
538 4933 790 4988 ἐνιαυτοῦ
818 4935 1030 4989 ἐκείνου
1060 4939 1492 5008 προεφήτευσεν,
1519 4936 1600 4989 ὅτι
1640 4935 1868 5008 ἔμελλεν

306 5023 514 5094 Ἰησοῦς
539 5025 907 5098 ἀποθνήσκειν
937 5028 1078 5100 ὑπὲρ
1114 5027 1207 5082 τοῦ
1240 5028 1450 5094 ἐθνους.
1485 5048 1504 5080 ι

355 5117 592 5187 Στόματι
649 5118 899 5180 λαλοῦντι
955 5123 1117 5193 μόνον
1162 5123 1244 5195 (ού
1292 5123 1398 5195 μὴν
1442 5123 1543 5193 τῆς
1586 5121 1680 5176 τοῦ
1710 5121 1864 5191 ἁγίου

293 5209 611 5279 Πνεύματος
649 5211 874 5282 χάριτος
921 5213 1206 5286 ἀψαμένης
1248 5214 1413 5268 αὑτοῦ
1459 5214 1558 5284 τῆς
1589 5213 1872 5284 καρδίας).

292 5301 428 5372 πρὸς
457 5301 624 5373 τιμὴν
648 5303 748 5373 τῆς
781 5303 1074 5374 ίερατείας,
1117 5305 1270 5376 ἐδόθη
1316 5305 1464 5374 αὑτῷ
1492 5305 1553 5358 τὸ
1587 5306 1870 5375 προειπεῖν

295 5393 402 5465 (οὶὶ
416 5393 524 5468 μὴν
551 5393 627 5460 ὡς
650 5396 946 5468 προφήτην
974 5397 1138 5450 Οὐδὲν
1165 5399 1220 5451 δὲ
1238 5398 1437 5467 ὠφελεῖ
1458 5415 1579 5451 τινα
1609 5397 1670 5455 τὸ
1700 5395 1875 5461 οὕτως

293 5483 694 5554 προφητεῦσαι.
762 5485 1018 5557 Ἀρμόζει
1071 5487 1178 5559 γὰρ
1221 5487 1364 5541 κατὰ
1415 5486 1523 5542 τῶν
1577 5487 1653 5558 μὴ
1698 5485 1874 5557 ὀρθῶς

293 5573 683 5640 πιστευόντων,
735 5575 1112 5646 προλεγόντων
1150 5575 1208 5637 δέ
1245 5594 1389 5641 τινα,
1426 5577 1622 5640 οἵτινες
1655 5574 1752 5628 ἐὰν
1796 5576 1875 5629 εἴ-

1984 3357 2363 3418 traduxerunt,
2426 3363 2612 3422 utpote
2644 3353 2735 3421 qui
2761 3351 3028 3420 sepultum
3059 3349 3220 3404 eﬂ‘odi
3258 3351 3546 3407 curaverit.

2043 3443 2208 3499 Vens.
2233 3443 2322 3496 47.
2349 3461 2368 3493 ι
2402 3441 2540 3509 Quid
2575 3441 2831 3507 facimus,
2878 3441 3004 3511 quia
3036 3439 3125 3494 hic
3169 3439 3329 3494 homo
3369 3437 3534 3492 multa

1974 3536 2125 3606 signa
2167 3534 2333 3589 facit?
2363 3552 2382 3586 ι

2045 3626 2173 3680 Post
2218 3633 2294 3679 tot
2341 3624 2514 3693 signa,
2581 3633 2832 3692 tanquam
2883 3622 2952 3677 de
2986 3621 3074 3676 vili
3114 3619 3330 3676 homine
3362 3618 3550 3690 loque-

1975 3720 2193 3784 bantur,
2227 3721 2534 3774 uescientes
2569 3717 2743 3786 ipsum
2782 3730 2906 3771 esse
2943 3714 3246 3780 Christum,
3281 3722 3336 3769 et
3375 3722 3549 3768 tanto-

1977 3828 2093 3867 rum
2120 3819 2394 3866 auctorem
2431 3807 2841 3863 miraculorum.

2050 3916 2211 3973 Vens.
2245 3914 2335 3971 48.
2383 3935 2402 3968 ι
2439 3915 2496 3971 Si
2531 3915 2854 3971 dimittimus
2903 3929 3024 3968 eum
3060 3913 3166 3977 sic,
3203 3926 3392 3967 omnes
3430 3926 3549 3965 ere-

1974 4009 2103 4062 drnt
2126 4010 2175 4062 in
2210 4023 2330 4062 eum
2356 4023 2370 4061 :
2404 4017 2458 4061 et
2485 4007 2702 4061 venient
2730 4005 2978 4070 Romani,
3006 4014 3061 4059 et
3087 4003 3272 4059 tollent
3302 4011 3547 4057 nostrum

1974 4100 2173 4164 locum,
2203 4107 2257 4153 et
2302 4107 2538 4166 gentem.
2585 4116 2604 4148 ι

2035 4190 2208 4255 Cum,
2241 4189 2534 4259 inquiunt,
2565 4187 2851 4244 credentes
2897 4188 2950 4243 in
2996 4203 3120 4243 eum
3146 4227 3164 4254 ,
3194 4187 3386 4244 facturi
3425 4197 3550 4244 sunt

1974 4283 2146 4352 ipsum
2180 4297 2384 4353 regem,
2435 4281 2815 4351 supervenient
2855 4281 3032 4346 nobis,
3079 4289 3334 4349 tanquam
3367 4291 3550 4353 tyran-

1975 4373 2084 4428 nidi
2137 4373 2426 4440 subjectis,
2473 4372 2739 4439 Romani,
2797 4373 2888 4442 qui
2944 4373 3104 4427 rebus
3148 4371 3399 4427 omnibus
3447 4387 3548 4427 nos

1974 4472 2190 4520 exuent.
2217 4463 2367 4531 Quod
2395 4465 2646 4519 nimirum
2671 4465 2844 4533 ipsum
2866 4480 2969 4519 non
2995 4463 3221 4530 ferrent,
3248 4463 3544 4519 istiusmodi

1974 4555 2246 4620 dicebant,
2281 4569 2387 4626 quo
2432 4568 2464 4610 e
2512 4554 2689 4609 medio
2726 4553 3027 4608 tolleretur.
3072 4552 3318 4620 Cumque
3372 4553 3546 4620 ipsum

1903 4635 1944 4689 ῐ)
1975 4647 2382 4712 interfecerunt,
2411 4656 2539 4701 tunc
2567 4661 2631 4701 ea
2662 4647 2774 4716 ipsa
2807 4661 2927 4716 quae
2972 4647 3235 4702 timebant
3262 4684 3279 4703 .
3305 4647 3386 4702 eis
3408 4646 3547 4700 mala

1973 4747 2290 4793 evenerunt.

2042 4829 2209 4884 Vens.
2247 4830 2338 4884 5!.
2392 4848 2412 4880 ι
2445 4827 2558 4883 Hoc
2589 4835 2770 4883 autem
2812 4844 2841 4882 a
2873 4829 3164 4898 semetipso
3209 4843 3316 4884 non
3359 4827 3494 4882 dixit
3525 4845 3544 4883 :

1971 4922 2064 4977 sed
2086 4937 2206 4975 cum
2225 4928 2365 4974 esset
2385 4917 2625 4989 pontifex
2650 4919 2775 4973 anni
2804 4919 2969 4984 illius,
3001 4919 3365 4988 prOphetavit,
3396 4919 3539 4988 quod

1968 5012 2124 5070 Jesus
2149 5013 2451 5067 moriturus
2473 5020 2592 5066 erat
2614 5027 2710 5081 pro
2737 5020 2914 5082 gente.
2954 5029 2974 5063 ι

2046 5102 2153 5158 Ore
2199 5111 2354 5157 tenus
2397 5103 2657 5158 duntaxat
2699 5101 3038 5172 proloqueuti
3071 5101 3258 5172 (divini
3312 5100 3546 5171 Spiritus

1976 5196 2146 5266 gratia
2174 5209 2269 5250 eor
2299 5193 2416 5264 ejus
2444 5209 2775 5264 nequaquam
2807 5193 3106 5267 attingente
3127 5191 3172 5263 ),
3207 5204 3424 5262 propter
3454 5209 3545 5248 Sa-

1976 5287 2200 5343 cerdotii
2230 5287 2569 5356 dignitatem,
2602 5301 2920 5342 concessum
2942 5284 3019 5338 illi
3059 5285 3159 5340 fuit
3183 5287 3313 5354 (non
3366 5295 3544 5339 tamen

1977 5389 2233 5451 tanquam
2256 5378 2575 5450 prophetae),
2605 5386 2662 5432 ut
2683 5377 2860 5432 futura
2883 5377 3215 5448 prmdiceret.
3245 5374 3334 5432 Sic
3362 5387 3540 5431 autem

1978 5474 2177 5543 aliquid
2231 5471 2561 5543 przedicere,
2601 5467 2733 5522 nihil
2780 5468 3020 5538 prodest.
3072 5466 3343 5522 Convenit
3398 5467 3542 5521 enim

1981 5567 2082 5622 hoc
2119 5565 2278 5621 etiam
2318 5561 2498 5634 pravis
2529 5559 2776 5615 lldelibus
2816 5566 2875 5613 ut
2906 5557 3178 5629 quidpiam
3224 5557 3546 5628 praedicant,

345 5750 358 5790 1
397 5751 487 5806 Cr.
533 5753 620 5807 Ἐν
648 5772 697 5810 τ.
729 5756 780 5813 ὕ.
815 5773 872 5823 φ.
905 5757 1050 5826 φαίν.
1071 5757 1102 5826 ἡ
1122 5773 1172 5812 τ.
1205 5755 1340 5809 Θεοῦ
1376 5754 1523 5819 δόξα,
1561 5753 1651 5808 διὰ
1679 5753 1740 5807 τὸ
1767 5749 1992 5813 ἀσθενὲς
2023 5747 2132 5800 τῶν
2160 5740 2468 5814 ἀκροατῶν.
2489 5741 2601 5810 Τὴν
2630 5738 2721 5824 τοῦ
2740 5739 2952 5810 Πατρὸς
2976 5738 3158 5825 δόξαν,
3179 5734 3332 5805 (pret,
3357 5733 3446 5787 διὰ
3470 5733 3540 5818 ’τὸ

345 5823 610 5858 numnam.
637 5827 734 5858 ην...
786 5825 938 5858 .2-..“
997 5826 1152 5858 una...
1176 5828 1276 5858 ,ιω
1303 5825 1460 5858 λιιι-..
1482 5843 1580 5858 ηρ...
1640 5824 1771 5858 λη),
1813 5826 1912 5858 με...
1943 5820 2035 5858 ιηιῧ
2078 5814 2311 5858 Πατρός-
2388 5820 2427 5843 ἰ
2454 5810 2544 5858 Cr-
2565 5810 2837 5858 γενεσθαι.
2914 5817 2950 5853 II.
2971 5810 3062 5858 (.r.
3096 5821 3212 5858 smc
3239 5781 3318 5858 iis.
3389 5812 3415 5839 υ
3444 5806 3540 5858 (At.

298 5823 610 5898 ἀκενόδοξον
637 5809 736 5881 ούκ
768 5809 959 5893 εἶπεν,
997 5809 1276 5898 Ὄιῖὖειντὴν
1303 5809 1463 5891 δόξαν
1481 5809 1602 5898 μου,
1639 5824 1912 5898 ἀλλ-ἀρὴν
1943 5809 2035 5874 τοῦ
2078 5809 2311 5886 Πατρόςο
2388 5820 2427 5843 ’⁸
2454 5809 2837 5879 (ὶτοίγενέσοαιο
2868 5809 2871 5810 ν
2914 5817 2950 5853 ⁸’
2971 5810 3062 5865 ετ·
3096 5809 3212 5864 Sine

301 5892 614 5972 φάντασμα.

3273 5805 3318 5861 ἑ.
3389 5805 3544 5867 θῦε.
