4130 6530
696 420 826 489 2471
1824 426 2160 487 ΑΜΜΟΝΙΙ
2200 429 2232 486 Α

2332 430 2693 492 ΞΧΑΝΠΒΙΝ
2700 434 2729 492 Ι
3822 442 3949 509 1472

691 542 782 611 qui
813 554 935 594 cum
961 539 1178 594 Christo
1201 539 1256 592 in
1286 538 1576 608 diejudicit
1602 539 1793 594 dicturi
1821 553 1997 606 erunt,
2018 543 2232 597 Domine

2366 564 2538 599 πωσιν
2564 548 2620 599 ἐν
2657 547 2839 619 ἡμέρᾳ
2876 548 3113 620 κρίσεως
3146 550 3222 621 τῷ
3254 550 3494 623 Χριστῷ,
3526 555 3707 624 Κύριε
3757 558 3833 609 οὐ
3879 557 3950 621 τῷ

692 647 860 685 nonne
898 632 952 684 in
977 628 1181 684 nomine
1210 640 1298 684 tuo
1323 632 1751 699 praphetaoimus
1771 634 1796 686 ?
1833 634 2072 701 audient,
2120 634 2232 702 Qui]

2360 637 2452 702 σῷ
2501 638 2745 706 ὀνόματι
2785 641 3355 710 προεφητεύσαμεν;
3402 642 3760 707 ἀκούσονται,
3826 645 3949 701 Ὀτι

689 737 792 774 non
815 719 932 775 novi
961 736 1050 774 nos
1066 721 1131 775 ⁸⁷.
1149 720 1227 775 Ne
1248 721 1373 775 hinc
1392 723 1573 792 itaque
1589 722 1923 794 decipiamur
1949 742 1963 778 :
1989 743 2109 781 nam
2136 743 2261 798 pro-

686 811 871 881 phetia
907 825 1013 866 non
1045 820 1130 866 est
1157 812 1368 867 fructus
1394 813 1657 869 bonorum
1685 830 1934 884 operum,
1959 821 2255 876 secundum

682 914 805 967 quae
838 910 1056 957 sanctos
1084 903 1435 970 astimamus,
1461 903 1555 959 sed
1580 914 1749 960 totum
1772 922 1909 976 opus
1933 910 2105 966 sancti
2134 910 2257 982 Spi-

684 992 822 1046 ritus
848 1003 952 1058 est,
986 992 1111 1049 licet
1139 1009 1236 1063 per
1266 1009 1467 1066 organa
1502 999 1758 1055 humana.

754 1082 918 1139 Vens.
971 1084 1059 1139 52.
1095 1103 1114 1137 ι
1146 1086 1215 1140 Ει
1245 1102 1348 1142 non
1392 1096 1597 1143 tantum
1631 1105 1728 1159 pro
1782 1102 1960 1162 gente,
1988 1093 2080 1149 sed
2112 1104 2171 1149 ut
2196 1096 2257 1149 li-

680 1175 783 1232 lios
812 1177 929 1244 Dei,
957 1178 1049 1248 qui
1076 1188 1234 1234 erant
1255 1180 1503 1249 dispersi,
1538 1194 1891 1254 congregaret
1920 1186 1974 1240 in
2006 1203 2194 1243 unum.
2228 1206 2248 1243 ο

752 1354 916 1408 Filios
948 1355 1042 1409 Dei
1072 1363 1232 1410 vocat
1263 1356 1593 1426 evangelista
1643 1358 1828 1413 ﬁdeles
1858 1374 1922 1413 ex
1963 1362 2252 1432 gentibus,

676 1445 767 1514 qui
821 1444 1006 1514 procul
1053 1444 1373 1513 abfuerunt,
1426 1457 1482 1503 et
1525 1451 1809 1520 propinqui
1857 1450 1986 1506 faeti
2039 1454 2252 1508 suntin

676 1551 872 1606 corpus
902 1551 1068 1592 unum
1093 1577 1110 1605 ,
1142 1537 1364 1593 unicum
1393 1539 1659 1596 habentes
1690 1549 1852 1611 caput
1882 1542 2181 1599 Christum.

742 1717 907 1775 Vsus.
952 1718 1040 1774 54.
1078 1736 1097 1772 ι
1132 1717 1295 1775 Jesus
1324 1720 1585 1789 ergojam
1623 1736 1728 1775 non
1759 1722 1811 1775 in
1841 1722 2017 1792 palam
2054 1723 2251 1778 ambu-

671 1810 815 1863 labat
844 1809 983 1878 apud
1007 1796 1243 1876 Judreos,
1279 1811 1370 1865 sed
1402 1810 1534 1865 abiit
1562 1811 1613 1865 in
1651 1812 1925 1881 regionem
1955 1813 2112 1884 juxta
2148 1814 2250 1869 de-

667 1912 894 1957 sertum.
929 1920 949 1953 ι

734 1990 817 2045 Ad
871 1990 1375 2046 condemnationem
1430 1990 1743 2049 Juilteorum
1811 1995 2081 2063 discedit,
2133 2013 2240 2055 non

665 2084 808 2152 quod
837 2091 1122 2148 metueret,
1144 2085 1238 2140 sed
1267 2094 1326 2139 ut
1361 2100 1460 2141 nos
1489 2086 1737 2152 doceret,
1771 2088 1849 2143 ira
1884 2089 2241 2157 lervesceute,

665 2187 770 2225 non
807 2180 1007 2226 temere
1044 2172 1097 2227 in
1141 2173 1379 2243 pericula
1427 2174 1744 2231 irruendmn
1792 2192 1934 2233 esse.
1982 2177 2243 2250 Fugiebat

663 2271 865 2324 autem,
892 2271 950 2316 ut
970 2276 1331 2333 opportunum
1364 2266 1602 2336 passioni
1635 2276 1847 2340 tempus
1872 2279 2238 2340 exspectaret,

661 2362 827 2421 atque
852 2354 1075 2409 illorum
1112 2356 1272 2411 saluti
1307 2360 1637 2415 consuleret.
2036 2436 2039 2439 δ

733 2441 899 2499 Vsus.
936 2445 1027 2500 55.
1060 2465 1078 2498 ι
1104 2446 1415 2504 Proximum
1448 2460 1629 2505 autem
1648 2462 1769 2507 erat
1792 2453 1999 2509 Pascha
2025 2454 2239 2513 Iudaeo-

660 2551 821 2590 rum:
857 2545 911 2591 et
955 2539 1319 2595 ascenderunt
1360 2543 1513 2597 multi
1562 2543 1988 2618 Hierosolymam
2031 2548 2097 2604 de
2150 2563 2236 2604 re-

659 2627 818 2695 gione
849 2638 972 2682 ante
998 2628 1231 2696 Pascha,
1260 2640 1315 2685 ιιι
1342 2634 1742 2691 sanetilicarent
1770 2638 1996 2707 seipsos.
2034 2658 2055 2692 ι

730 2720 832 2784 Qui
884 2720 1203 2779 volumariis
1246 2724 1329 2778 vel
1365 2726 1751 2784 involuntariis
1784 2730 1999 2789 delictis
2052 2732 2232 2803 inqui-

662 2810 771 2863 nati
803 2820 978 2874 erant,
1010 2811 1222 2868 Pascha
1264 2814 1485 2872 minime
1527 2817 1801 2876 faciebant
1834 2823 1937 2879 nisi
1970 2835 2233 2882 consueto

660 2897 766 2950 ritu
800 2900 997 2969 cvpiati
1031 2910 1237 2959 essent.

711 2991 997 3058 Apparens
1047 3009 1152 3048 non
1198 2996 1377 3052 subito
1400 3014 1521 3055 sese
1549 3008 1755 3059 tantum
1815 3009 2073 3074 ostendit,
2134 3010 2229 3067 sed

656 3092 780 3130 cum
838 3080 1148 3138 hominibus
1193 3098 1545 3145 conversatus
1601 3101 1728 3156 est,
1780 3097 2116 3153 manducans
2175 3108 2230 3153 et

657 3165 869 3233 bibens,
901 3175 1205 3231 communia
1235 3176 1359 3233 vita:
1380 3194 1568 3252 agens,
1600 3185 1740 3254 quod
1763 3186 2040 3246 admirans
2062 3204 2229 3248 evan-

657 3257 848 3327 gelista
885 3260 1040 3317 dixit.

1220 3401 1474 3463 CAPUT.
1524 3407 1643 3466 ΧΠ.

722 3528 890 3587 Vsus.
940 3532 995 3587 2.
1052 3552 1071 3587 ι
1110 3533 1379 3595 Fecerunt
1427 3551 1606 3599 autem
1653 3546 1703 3602 ei
1748 3564 1959 3607 ctenam
2005 3555 2121 3612 ibi:
2174 3568 2230 3615 et
2336 3554 2343 3562 ί

651 3619 855 3675 Martha
893 3624 1256 3694 ministrabat,
1282 3628 1523 3691 Lazarus
1547 3650 1675 3694 vero
1705 3655 1846 3699 unus
1874 3654 1994 3701 erat
2018 3663 2085 3704 ex
2118 3649 2231 3707 dis-

651 3712 1033 3771 cumbentibus
1059 3732 1178 3771 cum
1210 3735 1296 3775 eo.
1336 3740 1356 3774 ι

727 3802 889 3902 Visus.
1074 3809 1244 3866 Maria
1297 3829 1429 3885 ergo
1467 3821 1675 3887 accepit
1716 3822 1909 3881 libram
1964 3835 2224 3902 unguenti

648 3895 801 3949 nardi
831 3896 1029 3965 pistici,
1060 3902 1300 3969 pretiosi,
1328 3916 1382 3961 et
1413 3911 1569 3966 unxit
1599 3915 1759 3982 pedes
1780 3916 1932 3984 Jesu,
1958 3930 2013 3977 et
2040 3895 2226 3980 exter-

645 3985 716 4036 sit
744 3987 904 4051 pedcs
934 3987 1052 4057 ejus
1077 3992 1292 4061 capillis
1320 3997 1435 4053 suis
1459 4018 1473 4053 :
1505 4010 1561 4055 et
1589 4002 1778 4061 domus
1800 4007 2015 4078 impleta
2048 4024 2131 4069 est
2155 4031 2223 4071 ex

644 4073 811 4128 odore
838 4080 1118 4145 unguenti.
1154 4100 1175 4134 ι

654 4244 659 4247 γ
714 4164 924 4219 Martha
959 4166 1121 4223 refert
1154 4170 1408 4230 virtutem
1442 4193 1562 4249 quae
1604 4180 1655 4236 in
1699 4187 1911 4244 actione
1946 4203 2215 4264 versatur,

646 4252 811 4307 Maria
845 4270 974 4341 vero
1017 4261 1317 4328 spiritalem
1358 4272 1890 4341 contemplationem.
1931 4282 2036 4339 Alii
2074 4252 2221 4346 acci:

528 4416 531 4419 γ
645 4344 797 4415 piunt
830 4336 1103 4405 Martham
1134 4370 1230 4423 pro
1260 4362 1424 4415 veteri
1458 4336 1801 4435 testamento,
1834 4376 1976 4442 quod
2006 4375 2216 4438 Domini

643 4451 883 4529 mensam
908 4440 1153 4511 apparat,
1186 4457 1370 4519 utpote
1402 4455 1747 4525 antiquorum
1773 4440 1885 4520 fere
1911 4466 1978 4522 de
1999 4469 2218 4529 Christo

644 4528 1074 4589 testimoniorum
1132 4538 1393 4599 doctrinis
1444 4556 1699 4605 constans
1743 4569 1757 4606 :
1796 4553 2024 4612 Mariam
2084 4577 2217 4619 vero

638 4900 722 4946 cst
774 4897 1012 4951 omnium
1053 4901 1365 4973 hominum,
1418 4908 1602 4971 odoris
1650 4897 1922 4980 suavitate
1962 4928 2206 4996 replevit.

637 4984 741 5039 Alii
792 4986 1059 5093 Martb-am
1120 4997 1424 5071 intelligunt
1479 5004 1783 5068 Judaeorum
1840 4984 2210 5093 Synagogam,

638 5092 756 5143 quae
796 5082 1106 5140 carnalibus
1135 5103 1332 5148 vacans
1363 5094 1699 5169 ministeriis,
1734 5082 1961 5165 Domino
1988 5082 2205 5172 servire

636 5166 825 5271 rupit:
876 5170 1097 5228 Mariam
1131 5193 1257 5235 vero
1305 5181 1602 5244 Ecclesiam
1655 5166 1719 5248 ex
1764 5200 2044 5268 gentibus,
2083 5208 2203 5273 qua:

635 5258 908 5365 sacriﬁcia
925 5264 1209 5365 spiritalia,
1240 5273 1507 5349 ﬁdemque
1539 5258 1863 5354 fragrant-em
1890 5290 1999 5348 Deo
2024 5258 2199 5365 oﬂ‘ert,

636 5356 704 5448 et.
722 5348 1094 5412 benedictione
1134 5374 1162 5412 a
1194 5374 1356 5420 carne
1408 5367 1527 5438 ejus
1558 5348 1908 5441 promauante
1949 5398 2043 5452 per
2078 5348 2197 5459 my:

635 5446 829 5494 sticam
862 5446 1330 5519 participationem
1366 5474 1423 5515 se
1450 5463 1644 5520 reficit.

716 5636 733 5667 ι
773 5616 1012 5679 Lazarus
1063 5638 1241 5687 autem
1272 5650 1409 5694 unus
1427 5650 1543 5697 erat
1570 5658 1635 5699 ex
1662 5645 2137 5712 discumbcnlibus.
2176 5678 2193 5710 ι

723 5792 773 5827 "’
812 5795 1003 5860 Matth.
1034 5820 1126 5871 vn,
1170 5806 1261 5873 22,
1295 5808 1362 5864 25

2358 732 2470 786 οὐκ
2498 727 2631 786 οἴδα
2653 730 2831 800 ὑμᾶς.
2863 732 2938 786 Οὐ
2973 733 3058 786 δεῖ
3084 729 3178 787 οὖν
3211 736 3274 787 ἐκ
3298 733 3488 787 τούτου
3513 735 3887 806 πλανηθῆναι·
3918 741 3947 807 ή

2357 823 2467 893 γὰρ
2504 823 2812 895 προφητεία
2844 824 2943 878 οὐκ
2972 824 3088 878 ἐστι
3118 824 3330 896 καρπὸς
3376 824 3555 896 ερτων
3589 826 3847 896 ἀγα-θῶν.
3895 829 3948 895 ἐξ

2356 906 2432 966 ὧν
2472 915 2598 978 τοὺς
2644 915 2832 983 ἁγίους
2876 914 3388 986 καταλαμϐάνομεν,
3442 918 3581 972 ἀλλὰ
3603 918 3670 972 σεδ
3710 920 3831 971 πᾶν
3862 919 3947 971 τοῦ

2358 1005 2676 1075 Πνεύματος
2710 1006 2891 1077 ἔργον,
2923 1008 2974 1060 εί
3008 1009 3102 1060 καὶ
3129 1008 3199 1061 δι’
3241 1009 3492 1079 ὀργάνων
3541 1009 3940 1078 ἀνθρωπίνων.

2432 1118 2451 1151 ι
2493 1100 2602 1152 Καὶ
2630 1099 2728 1168 οὐχ
2756 1098 2896 1169 ὑπὲρ
2925 1099 3018 1153 τοῦ
3051 1099 3239 1164 ἔθνους
3273 1101 3456 1172 μόνον,
3479 1102 3593 1157 ἀλλ’
3622 1103 3721 1155 ἵνα.
3759 1102 3862 1155 καὶ
3885 1105 3948 1155 τὰ

2353 1192 2520 1247 τέκνα
2549 1193 2643 1249 τοῦ
2692 1193 2829 1247 Θεοῦ
2881 1194 2951 1248 sit
2999 1195 3465 1268 διεσκορπισμένα
3498 1198 3823 1267 συναγάγῃ,
3874 1200 3945 1260 είς

2353 1284 2432 1339 ἓν.
2466 1303 2492 1337 ι

2431 1375 2609 1429 Τέκνα
2650 1375 2787 1430 Θεοῦ
2825 1379 2954 1441 τοὺς
2994 1380 3222 1443 πιστοὺς
3267 1378 3425 1433 καλεῖ
3468 1381 3499 1433 ό
3538 1379 3944 1450 εὐαγγελιστὴς

2351 1470 2476 1532 τοὺς
2504 1469 2565 1534 ἐξ
2590 1468 2780 1536 ἐθνῶν,
2815 1470 2942 1533 τοὺς
2972 1470 3188 1541 μακράν
3218 1470 3401 1538 ὄντας,
3436 1472 3533 1525 καὶ
3562 1472 3741 1541 ἐγγὺς
3788 1488 3945 1540 γεγο-

2350 1562 2509 1625 νότας
2539 1563 2619 1627 εἰς
2648 1560 2707 1614 ἓν
2745 1562 2924 1633 σῶμα,
2979 1562 3106 1634 μίαν
3138 1562 3379 1635 κεφαλὴν
3422 1562 3647 1635 ἔχοντας
3681 1562 3785 1616 τδν
3813 1564 3943 1634 Χρι-

2352 1650 2494 1705 στόν.

2425 1758 2444 1793 ι
2483 1740 2694 1812 Ἰησοῦς
2722 1742 2817 1797 οῦν
2846 1742 3033 1797 οὐκέτι
3062 1742 3349 1816 παρρησία⁵
3379 1742 3707 1815 περιεπάτει
3739 1743 3803 1796 ἐν
3836 1745 3942 1808 τοῖς

2359 1830 2662 1900 Ἰουδαίοις,
2711 1832 2848 1890 ἀλλὰ
2906 1834 3152 1905 ἀπῆλθεν
3197 1834 3409 1889 ἐκεῖθεν
3463 1836 3545 1898 είς
3593 1833 3699 1907 τὴν
3752 1832 3938 1907 χώραν

2281 1900 2325 1956 Β
2349 1924 2517 1996 ἐγγὺς
2544 1925 2647 1997 τῆς
2675 1926 2906 1998 ἐρήμου,
2937 1945 2956 1980 ι

2421 2015 2515 2079 Εἰς
2540 2015 2861 2087 κατάκριμα
2911 2015 3021 2070 τῶν
3069 2016 3340 2071 Ἰουδαίων
3368 2017 3646 2089 ἀναχωρεῖ
3666 2057 3684 2084 ,
3733 2014 3803 2070 οὐ
3830 2016 3933 2071 δει-

2348 2105 2498 2171 λιῶν,
2543 2108 2638 2160 καὶ
2675 2108 2825 2179 ἡμᾶς
2868 2107 3138 2163 διδάσκων
3185 2112 3245 2166 ἐν
3286 2110 3441 2181 ἀκμῇ
3484 2111 3585 2179 τῆς
3626 2111 3811 2182 ὀργῆς
3862 2112 3933 2182 μὴ

2348 2198 2693 2270 ἐπιῤῥίπτειν
2714 2200 2943 2264 ἑαυτοὺς
2963 2199 3252 2269 κινδύνοις.
3284 2202 3528 2271 Ἐφυγεν
3550 2202 3608 2255 δὲ
3638 2202 3929 2274 ἀναμένων

2345 2289 2437 2344 τὸν
2484 2290 2788 2362 ἐπιτήδειον
2827 2292 2924 2345 τοῦ
2950 2292 3164 2361 ,πάθους
3199 2293 3393 2366 καιρὸν
3449 2295 3546 2349 καὶ
3571 2294 3671 2366 τῆς
3705 2295 3928 2349 ἐκείνου

2346 2382 2662 2453 φειδόμενος
2701 2385 2999 2458 σωτηρίας.
3486 2418 3489 2419 ν

2419 2491 2438 2526 ι
2478 2470 2586 2527 Ἦν
2614 2474 2672 2528 δὲ
2699 2474 2867 2544 ἐγγὺς
2891 2476 2952 2529 τὸ
2980 2476 3172 2547 Πάσχα
3207 2477 3317 2530 τῶν
3360 2476 3653 2545 Ἰουδαίων,
3676 2476 3812 2533 ’καὶ
3844 2479 3927 2531 άν-

2343 2564 2545 2636 έϐησαν
2572 2566 2757 2621 πολλοὶ
2781 2569 2861 2631 είς
2895 2567 3238 2642 Ἰεροσόλυμα
3264 2570 3329 2624 ἐκ
3359 2569 3459 2640 τῆς
3486 2569 3671 2643 χώρας
3702 2570 3924 2646 προτοῦ

2343 2659 2557 2730 Πάσχα,
2592 2658 2680 2712 ἵνα
2705 2659 3003 2729 ἁγνίσωσιν
3039 2662 3289 2727 ἑαυτούς.
3331 2680 3351 2713 ι

2419 2755 2483 2807 Ui
2534 2756 2921 2826 ἡμαρτηκότες
2960 2756 3246 2829 ἐκούσιαῆ
3296 2757 3533 2814 ἀκούσια
3575 2759 3921 2831 πταίσματα,

2338 2844 2440 2896 οὐκ
2473 2844 2692 2899 ἐποίουν
2714 2845 2777 2898 τὸ
2797 2846 3009 2917 Πάσχα,
3039 2847 3088 2900 εί
3122 2847 3197 2919 μὴ
3220 2847 3560 2920 ήγνίσθησαν
3583 2847 3676 2902 τὸν
3709 2848 3918 2920 συνήθη

2339 2936 2624 3007 ἁγνισμὸν.

2407 3028 2483 3081 Οὐ
2541 3027 2732 3097 φανεὶς
2813 3027 2976 3093 εὐθὺς
3050 3029 3362 3099 ὲπὲφανεν,
3438 3031 3558 3085 ἀλλ’
3619 3032 3914 3104 ἐπέζησεν,

2336 3117 2531 3172 ἐσθίων
2581 3120 2677 3173 καὶ
2724 3120 2919 3184 πίνων,
2955 3122 3051 3175 καὶ
3091 3122 3161 3176 τά
3208 3122 3415 3194 συνήθη
3454 3123 3736 3196 πράττων,
3784 3126 3917 3195 ὅπερ

2258 3252 2307 3321 c
2333 3209 2411 3275 ὡς
2435 3210 2840 3283 ἀποθαυμάζων
2866 3214 2894 3267 ό
2920 3212 3313 3286 εὐαγγελιστὴς
3340 3210 3485 3271 εἷπε.
3517 3214 3751 3291 [αλιι]

2920 3420 3164 3489 uersa.
3196 3433 3297 3491 ιε’.

2393 3585 2412 3620 ι
2450 3567 2747 3643 Ἐποίησαν
2773 3564 2866 3624 οῦν
2907 3569 3056 3641 αὐτῷ
3084 3570 3300 3626 δεῖπνον
3340 3574 3477 3627 ἐκεῖ·
3515 3574 3610 3628 καὶ
3649 3575 3908 3647 ήΜάρΟα

2326 3659 2583 3731 διηκόνει·
2610 3661 2638 3712 ὁ
2666 3660 2725 3714 δὲ
2762 3660 3014 3733 Λάζαρος
3043 3657 3123 3727 εἷς
3153 3659 3219 3736 ἦν
3247 3664 3355 3721 τῶν
3392 3667 3778 3739 ἀνακειμένων
3817 3670 3908 3722 σὺν

2326 3750 2495 3821 αὐτῷ.
2529 3771 2547 3804 ι

2400 3862 2419 3894 ι
2456 3844 2520 3897 Ἡ
2551 3838 2645 3897 οῦν
2672 3844 2863 3917 Μαρία
2894 3844 3133 3900 λαϐοῦσα
3158 3847 3350 3919 λίτραν
3380 3849 3556 3921 μύρου
3586 3850 3790 3922 νάρδου
3824 3869 3906 3903 πι-

2327 3934 2522 4003 στικῆς
2556 3934 2894 4007 πολυτίμου,
2934 3936 3123 4007 ἧλειψε
3171 3940 3297 4003 τοὺς
3325 3940 3492 4005 πόδας
3537 3941 3631 3995 τοῦ
3688 3940 3902 4011 Ἰησοῦ,

2324 4023 2418 4077 καὶ
2447 4023 2683 4094 ὲξέμαξε
2711 4030 2831 4091 ταῖς
2861 4026 3034 4099 θριξὶν
3063 4029 3234 4100 αὐτῆς
3267 4032 3392 4094 τοὺς
3424 4033 3600 4097 ,πόδας
3638 4034 3832 4089 αὐτοῦ’
3872 4036 3902 4105 ἡ

2321 4115 2378 4168 δὲ
2406 4118 2551 4171 οίκία
2580 4119 2873 4192 ἐπληρώθη
2907 4121 2972 4176 ἐκ
2998 4122 3099 4195 τῆς
3124 4122 3301 4196 ὀσμῆς
3340 4124 3435 4178 τοῦ
3472 4126 3669 4198 μύρου.
3708 4148 3727 4181 ι

2404 4208 2469 4262 Ἥ
2527 4208 2729 4283 Μάρθα
2789 4211 3074 4286 θεωρεῖται
3126 4217 3206 4279 εἰς
3254 4216 3353 4287 τὴν
3408 4219 3722 4289 πρακτικὴν
3772 4222 3902 4294 ἄρε-

2319 4300 2441 4385 τὴν,
2501 4303 2534 4372 ή
2579 4304 2636 4358 δέ
2683 4306 2874 4377 Μαρία
2925 4309 3006 4372 εἰς
3054 4307 3155 4378 τὴν
3219 4309 3594 4383 πνευματικὴν
3640 4311 3895 4385 θεωρίαν.

2325 4382 2508 4447 ’Ἄλλοι
2538 4395 2637 4467 τὴν
2682 4397 2914 4469 Μάρθαν
2943 4398 3380 4470 ὲκλαμϐάνουσιν
3410 4403 3490 4465 εἰς
3522 4403 3623 4475 τὴν
3654 4382 3898 4461 παλαιάν

2318 4481 2606 4557 διαθήκην,
2636 4488 2760 4559 ἥτις
2781 4489 2882 4559 τὴν
2903 4490 2998 4543 τοῦ
3025 4492 3231 4563 Κυρίου
3258 4493 3538 4565 τράπεζαν
3560 4496 3893 4567 εὐτρεπίζει,

2317 4573 2407 4627 διὰ
2431 4576 2529 4646 τῆς
2554 4576 2661 4632 τῶν
2696 4579 2944 4635 παλαιῶν
2972 4584 3296 4655 μαρτυρίας,
3330 4588 3444 4651 τοῖς
3483 4588 3615 4659 περὶ
3652 4590 3889 4662 Χριστοῦ

2728 4672 2985 4744 δόγμασι⁸
3015 4676 3115 4745 τὴν
3142 4676 3198 4729 δὲ
3227 4679 3446 4748 Μαρίαν
3490 4682 3571 4743 είς
3598 4682 3699 4752 τὴν
3726 4682 3890 4750 εὐαγ-

2319 4756 2542 4829 γελικὴν
2573 4761 2843 4829 παιδείαν,
2888 4764 3007 4835 ἥτις
3047 4765 3204 4838 μύρῳ
3245 4769 3511 4840 τρίϐουσα
3549 4773 3680 4835 τοὺς
3723 4773 3888 4837 πόδας

2316 4848 2409 4901 τοῦ
2442 4849 2665 4922 Κυρίου,
2701 4854 2945 4909 τουτέστι
2989 4856 3087 4927 τὴν
3115 4860 3244 4931 περὶ
3272 4861 3369 4933 τὴν
3408 4862 3512 4934 γῆν
3549 4863 3717 4918 αὐτοῦ
3746 4868 3889 4920 οίκο-

2316 4938 2529 5026 νομίαν,
2559 4942 2785 5009 εὐωδίας
2810 4944 3128 5019 ἐπλήρωσεν
3154 4949 3282 5022 ὃλην
3312 4951 3410 5023 τὴν
3437 4952 3565 5024 γῆν,
3593 4957 3714 5026 ἧτις
3740 4959 3887 5011 ἐστῖν

2313 5024 2462 5120 οἶκος
2489 5031 2669 5120 πάσης
2695 5036 2795 5120 τῆς
2830 5035 3263 5110 ἀνθρωπότητος.
3304 5043 3489 5097 Ἀλλοι
3525 5024 3625 5117 τήν
3656 5048 3886 5120 Μάρθαν

2312 5115 2489 5168 νοοῦσι
2529 5117 2627 5188 τὴν
2655 5119 2763 5173 τῶν
2804 5121 3075 5177 Ἰουδαίων
3119 5126 3474 5201 Συναγωγὴν,
3499 5115 3590 5185 διά
3611 5133 3721 5186 τῶν
3756 5115 3885 5204 σαρη

2310 5205 2480 5258 κικῶν
2518 5207 2840 5278 θεραπεύειν
2871 5212 3132 5270 θέλουσαν
3154 5219 3246 5272 τὸν
3268 5220 3417 5275 Θεόν⁶
3441 5222 3539 5294 τὴν
3560 5223 3615 5277 δὲ
3643 5226 3881 5296 Μαρίαν,

2306 5295 2407 5367 τὴν
2452 5300 2509 5365 ἐξ
2543 5301 2713 5356 ἐθνῶν
2764 5305 3093 5379 Ἐκκλησίαν
3135 5312 3237 5383 τήν
3270 5316 3646 5386 πνευματικὰς
3691 5318 3882 5383 θυσίας

2307 5390 2403 5493 καὶ
2431 5390 2603 5465 εὐώδη
2638 5394 2820 5450 πίστιν
2849 5401 3234 5470 προσάγουσαν
3262 5405 3401 5477 Θεῷ,
3430 5409 3525 5462 καὶ
3570 5409 3878 5493 ἀνα-ματτο-

2310 5477 2489 5552 ’μύνην
2658 5486 2767 5540 ἀπὸ
2792 5490 2890 5560 τῆς
2924 5494 3127 5564 σαρκὸς
3180 5497 3345 5552 αὐτοῦ
3392 5498 3645 5570 εὐλογίαν
3669 5477 3758 5555 διὰ
3783 5505 3880 5575 τῆς

2315 5574 2586 5644 μυστικῆς
2620 5579 2998 5652 μεταλήψεως.

2391 5685 2408 5718 ι
2439 5665 2497 5721 ’0
2517 5666 2572 5721 δέ
2604 5669 2847 5744 Λάζαρος
2882 5669 2961 5741 εἷς
2985 5670 3053 5747 ἦν
3070 5678 3174 5733 τῶν
3200 5681 3625 5754 ἀνακειμένων.»
3657 5684 3733 5739 υύ
3768 5684 3875 5755 γὰρ.
