4130 6530
270 374 404 441 1473

1288 370 1751 431 FRAGMENTA
1814 369 1894 428 IN
1935 369 1995 427 S.
2038 365 2416 427 JOANNEM.

3410 370 3543 434 1474

270 489 427 551 εὐθὺς
456 486 745 551 ἀπέθανεν,
774 484 890 539 ἀλλ’
938 483 1174 554 ἐπέζησε
1198 524 1212 549 ,
1248 485 1342 537 καὶ
1384 484 1600 554 ἔμεινεν
1651 482 1847 536 ἐσθίων

1951 481 2067 535 Νοιι
2110 481 2254 533 enim
2283 482 2428 534 illico
2454 490 2700 534 mortuus
2723 489 2824 544 cst,
2853 479 2947 534 sed
2976 481 3299 549 supervixit,
3322 498 3543 537 reman—

265 581 360 633 καὶ
391 578 584 641 πίνων,
620 577 713 631 καὶ
762 576 832 629 τὰ
864 574 1071 645 συνήθη
1121 575 1400 645 πράττων,
1432 575 1569 645 ὅπερ
1610 574 1687 637 ὡς
1716 576 1848 635 ἀπα·

265 674 564 745 θαυμάζων
588 674 616 726 6
644 670 1038 742 εὑαγγελιστὴς
1063 665 1208 724 εἷπε.

342 785 361 818 ι
408 766 573 835 Λέγει
609 760 704 818 οῦν
744 758 825 827 εἷς
854 764 920 817 ἐκ
952 762 1062 815 τῶν
1103 762 1359 831 μαθητῶν
1392 760 1561 815 αὑτοῦ
1592 800 1607 821 .
1646 760 1853 824 Ἰούδας

263 855 508 925 Σίμωνος
536 851 918 923 Ἰσκαριώτης,
942 852 970 904 6
993 850 1204 919 μέλλων
1224 850 1387 903 αὑτὸν
1413 849 1763 920 παραδιδόναι
1787 866 1799 880 ο
1826 868 1845 901 ι

337 947 633 1016 Μέμφεται
665 946 694 997 6
744 942 947 1005 Ἰούδας
989 943 1071 995 ὅτι
1124 942 1296 1012 μύρον
1339 944 1714 1013 προσήνεγκε,
1756 942 1850 995 καὶ

262 1039 367 1092 οὑκ
395 1036 680 1108 ἀργύριον,
714 1033 927 1102 ἀγνοῶν
957 1034 1019 1087 τὸ
1059 1032 1230 1096 ὅντως
1262 1033 1447 1086 καλόν.
1482 1035 1574 1086 Δεῖ
1614 1032 1723 1104 γὰρ
1752 1031 1852 1102 τὴν

265 1131 345 1191 εἰς
402 1128 536 1180 Θεὸν
589 1123 1007 1197 δωροφορίανρ,
1064 1122 1483 1194 πῳτιμωτέραν
1538 1116 1682 1174 εἶναι
1740 1120 1848 1173 τῶν

269 1218 523 1288 πτωχῶν.
1442 1264 1447 1265 ,

345 1328 363 1361 ι
404 1304 539 1361 Εἷπε
569 1306 627 1360 δὲ
653 1305 833 1365 τοῦτο.
863 1306 963 1376 οὑχ
992 1305 1074 1359 ὅτι
1104 1322 1170 1358 πε
1182 1305 1234 1375 pl.
1264 1303 1375 1359 τῶν
1402 1302 1635 1375 πτωχῶν
1660 1303 1851 1374 ἔμελεν

268 1400 451 1471 αὑτῷ,
504 1398 621 1455 ἀλλ’
656 1399 738 1453 ὅτι
788 1397 1031 1469 κλέπτης
1073 1393 1165 1470 ἦν,
1212 1400 1307 1454 καὶ
1356 1397 1419 1452 τὸ
1463 1398 1851 1469 γλωσσόκομον

270 1488 408 1562 εἶχε.
442 1509 462 1543 ι

353 1582 630 1652 Ἦνείχετο
659 1581 717 1635 δὲ
755 1579 922 1641 αὑτοῦ
961 1580 989 1633 6
1022 1580 1230 1651 Κύριος
1262 1578 1619 1643 κλέπτοντος,
1655 1579 1742 1632 ἴνα
1776 1576 1851 1649 μὴ

266 1675 420 1747 εἴπῃ,
453 1673 534 1726 ὅτι
562 1672 659 1726 Διὰ
688 1671 985 1742 χρημάτων
1014 1670 1214 1741 ἔρωτα,
1243 1671 1337 1724 καὶ
1361 1670 1563 1724 ἔνδειαν
1588 1670 1852 1740 ἐποιησὰ-

274 1785 382 1837 μην
416 1765 515 1838 τὴν
556 1764 869 1836 προδοσίαν.
918 1761 1215 1832 Ἰερόσυλος
1248 1757 1316 1833 ἦν
1340 1764 1369 1816 6
1406 1761 1606 1825 Ἰούδας
1628 1800 1643 1827 ,
1674 1764 1743 1813 τά
1772 1759 1851 1831 τῷ

269 1842 391 1929 Θεῷ
423 1856 817 1926 ἀνατεθειμένα
846 1856 1104 1933 χρήματα
1136 1854 1403 1908 κλέπτων.

341 1964 363 1999 ι
406 1943 577 2000 Εἶπεν
621 1945 715 1999 οὖν
765 1946 794 1997 6
854 1943 1094 2015 Ἰησοῦς·
1148 1946 1323 2013 "Aps;
1385 1944 1579 2015 αὑτὴν,
1626 1944 1707 2008 είς
1750 1941 1850 2015 τὴν

269 2037 484 2111 ἡμέραν
511 2035 607 2091 τοῦ
641 2036 1015 2107 ἐνταφιασμοῦ
1048 2053 1150 2107 μου
1185 2038 1491 2107 τετήρηκεν
1529 2036 1680 2091 αὑτό.
1719 2055 1738 2088 ι

342 2132 488 2203 Πρὸς
526 2131 747 2200 ἐλεγχον
776 2128 871 2183 τοῦ
902 2128 1231 2201 ἀναισθήτου
1280 2128 1451 2182 Ἰούδα
1475 2128 1723 2200 ἐμνήσθη
1753 2127 1849 2181 τοῦ

268 2223 675 2294 ἐνταφιασμοῦο
693 2223 807 2292 ’τῆς
826 2221 883 2275 δὲ
915 2222 1176 2289 γυναικὸς
1201 2222 1693 2291 ὑπεραπολογείται
1712 2260 1728 2286 ,
1762 2220 1849 2273 ἴνα

263 2317 348 2387 μὴ
409 2314 538 2387 δόξῃ
588 2315 863 2386 προτιμᾷν
908 2313 1103 2367 ἐαυτὸν
1153 2312 1263 2375 τῶν
1317 2312 1573 2384 πτωχῶν.
1641 2310 1845 2378 Εἰπὼν,

270 2408 479 2476 Ἄφες,
528 2407 629 2477 τὴν
672 2405 765 2459 τοῦ
812 2403 983 2458 Ἰούδα
1024 2405 1315 2476 ὑπόκρισιν
1346 2404 1593 2476 ἐλέγχει,
1627 2405 1695 2458 τὰ
1724 2403 1851 2469 ἄξια

268 2501 494 2555 ἐπαίνου
547 2499 920 2570 μεμφόμενον.
983 2497 1204 2568 Ἐπειδὴ
1236 2498 1356 2568 δέή
1404 2497 1499 2551 τοῦ
1542 2496 1716 2569 μύρου
1758 2496 1849 2549 δας

266 2593 439 2662 πάνη,
472 2593 534 2646 ού
567 2591 655 2646 διὰ
684 2591 895 2663 τρυφὴν
933 2590 1178 2659 ἐγένετο,
1215 2589 1352 2643 ἀλλά
1380 2589 1469 2644 διὰ
1507 2589 1700 2659 χρείαν
1742 2606 1848 2655 μυ-

271 2684 484 2756 στικήν,
512 2683 865 2753 ἀπολογεῖται
892 2682 1035 2754 ὑπὲρ
1062 2681 1166 2753 τῆς
1198 2680 1437 2751 Μαρίας,
1464 2680 1513 2733 εί
1544 2680 1638 2732 καὶ
1663 2680 1847 2750 ἠγνόει

268 2775 362 2829 τοῦ
395 2775 700 2847 μυστηρίου
739 2774 839 2844 τὴν
867 2773 1121 2844 δύναμιν,
1159 2771 1254 2826 καὶ
1274 2772 1373 2843 τὴν
1401 2769 1733 2841 οἰκονομίαν.
1768 2770 1847 2823 Δι’

263 2860 344 2921 ὧν
385 2868 440 2920 δέ
470 2863 625 2921 εἶπεν
664 2864 1056 2938 ἐνταφιασμὸν,
1104 2862 1463 2933 καταισχύνειν
1497 2862 1589 2917 τὸν
1627 2861 1843 2929 Ἰούδαν,

263 2958 352 3013 δτι
404 2959 471 3012 δι’
528 2958 975 3030 αἰσχροκέρδειαν
1023 2957 1220 3029 ἔμελλε
1283 2953 1576 3027 προδοῦναι
1633 2954 1723 3008 τὸν
1768 2954 1847 3007 δι-

265 3050 558 3106 δάσκα).ον.

344 3162 364 3195 ι
413 3143 649 3199 Ἐλαεον
675 3141 744 3198 τὰ
770 3142 901 3215 βαΐα
926 3142 1037 3201 τῶν
1067 3143 1349 3212 φοινίκων,
1384 3144 1480 3198 καὶ
1508 3141 1731 3215 ἐξῆλθον
1766 3142 1847 3205 είς
1873 3180 1918 3243 c

268 3236 574 3307 ὑπάντησιν
602 3235 773 3305 αὑτῷ,
807 3235 902 3288 καὶ
928 3234 1189 3306 ἔκραζον·
1234 3234 1497 3290 Ὡσαννά.
1540 3254 1558 3288 ι

350 3327 441 3391 Ὠς
472 3325 783 3397 νενικηκότι
804 3325 893 3377 τὸν
933 3324 1163 3379 θάνατον
1187 3324 1506 3397 ὑπήντησαν
1531 3326 1680 3397 αὑτῷ
1712 3326 1850 3397 μετὰ

270 3420 464 3491 βαῖων.
504 3418 569 3472 Ἦ
601 3417 767 3473 Δασιδ
798 3416 1103 3489 προφητεία
1149 3416 1237 3471 διὰ
1286 3416 1478 3471 τούτου
1523 3417 1847 3490 πληροῦται.

270 3512 457 3576 Τύπος
500 3512 620 3566 ἐστὶ
656 3509 752 3565 τοῦ
799 3511 967 3582 νόμου
994 3509 1064 3563 τὰ
1100 3509 1251 3582 ἔθνη,
1277 3509 1372 3574 οὓς
1401 3511 1430 3563 6
1461 3510 1667 3583 Κύριος
1692 3511 1851 3575 ὄντας

268 3603 619 3677 ἀκαθάρτους
646 3602 951 3675 πεποίηκεν
976 3601 1345 3674 ὑποχειρίους.
1380 3601 1601 3675 [εἰμι]

340 3675 527 3760 Τύπος
565 3694 621 3749 δέ
668 3695 817 3749 ἐστιν
846 3694 877 3746 6
901 3694 1083 3758 πῶλος
1111 3694 1221 3748 τῶν
1260 3695 1451 3761 ἐθνῶν,
1484 3690 1558 3750 ὧν
1583 3696 1613 3749 6
1643 3696 1851 3767 Κύριος

270 3789 525 3852 καθίσας,
558 3787 753 3855 ἀνάγει
785 3788 866 3851 είς
889 3787 989 3859 τὴν
1019 3786 1132 3841 ἄνω
1173 3787 1550 3860 Ἰερουσαλὴμ,
1582 3783 1650 3862 ἧς
1679 3788 1851 3853 τύπος

268 3883 304 3953 ή
329 3879 594 3949 ἐπίγειος.
625 3880 811 3932 Πῶλον
837 3877 896 3931 δὲ
930 3878 1130 3941 αὑτοὺς
1164 3880 1335 3943 καλεῖ,
1369 3878 1559 3950 ἐπειδὴ
1597 3880 1849 3951 ἀγύμναο

271 3989 388 4027 στοι
425 3969 566 4044 ἦσαν
594 3970 690 4043 τῆς
724 3970 847 4026 κατ’
877 3970 1160 4025 εὑσέδειαν
1189 3970 1449 4036 πίστεως.

348 4171 367 4206 ι
404 4151 591 4207 Ταῦτα
620 4152 677 4206 δέ
708 4153 810 4206 οὑκ
836 4151 1079 4220 ἔγνωσαν
1105 4153 1155 4207 οί
1189 4152 1447 4225 μαθηταί.
1480 4171 1499 4205 ι
1838 4200 1852 4213 ,

339 4238 439 4294 Διά
468 4238 628 4293 τοῦτο
655 4239 763 4311 γὰρ
790 4238 1040 4309 ἠγνόουν,
1070 4239 1157 4293 ἵνα
1193 4240 1269 4313 μὴ
1288 4240 1774 4306 σκανδαλισθῶσιν,
1798 4242 1853 4296 εί

266 4347 333 4399 γε
367 4330 617 4400 βασιλεὺς
657 4329 735 4383 ὢν
758 4329 986 4383 τοιαῦτα
1014 4329 1199 4401 μέλλει
1228 4331 1481 4403 πάσχειν,
1510 4332 1605 4388 καὶ
1631 4333 1713 4386 ὅτι
1745 4332 1847 4387 οὑκ

264 4422 531 4495 ἠδύναντο
555 4421 718 4486 εὐθὺς
742 4423 988 4495 χωρῆσαι
1008 4421 1107 4494 τὴν
1130 4422 1332 4493 γνῶσιν
1358 4424 1457 4495 τῆς
1480 4424 1776 4495 βασιλείας.

1950 571 2130 637 sitque
2164 570 2455 623 comedens
2484 577 2537 623 et
2568 568 2759 623 bibens
2785 608 2799 632 ,
2832 577 2886 622 et
2918 581 3175 623 consueta
3205 569 3431 637 iaciens,
3464 572 3539 627 uti

1951 661 2106 732 quasi
2141 659 2566 713 admirabundus
2593 658 2925 727 evaugeiista
2963 659 3185 714 indicat.

2023 745 2187 801 Vens.
2227 746 2280 802 4.
2336 764 2354 798 ι
2399 746 2543 801 Dixit
2590 760 2725 817 ergo
2768 762 2911 803 unus
2948 762 3013 803 ex
3066 749 3345 819 discipulis
3388 750 3537 820 ejus,

1950 836 2116 891 .ludas
2154 836 2459 903 lseariutes,
2490 836 2579 905 qui
2610 848 2728 890 erat
2757 851 2881 891 eum
2922 839 3248 895 traditurus.
3286 860 3309 909 ρ

2026 926 2393 997 Repreltendit
2430 942 2549 981 eam
2588 926 2795 994 indas,
2822 928 2968 997 quod
3000 941 3339 1001 unguentum
3375 935 3538 990 obtu-

1954 1018 2127 1084 lisset,
2164 1028 2216 1072 et
2245 1034 2351 1073 non
2386 1018 2674 1088 pecuniam
2711 1037 2724 1073 :
2758 1019 3038 1076 nesciebat
3066 1022 3251 1092 utique
3280 1027 3410 1094 quid
3441 1029 3535 1081 dc-

1953 1119 2124 1173 ceret.
2164 1107 2357 1162 Munus
2400 1108 2544 1162 enim
2580 1107 2727 1177 quod
2781 1110 2887 1164 Deo
2940 1109 3189 1173 olfertur,
3243 1114 3538 1181 pretiosius

1950 1215 2071 1255 esse
2100 1199 2279 1266 debet,
2314 1214 2477 1270 quam
2506 1201 2650 1270 quod
2678 1201 3010 1269 pauperibus
3041 1211 3321 1271 erogatur.

2030 1291 2194 1348 Vens.
2238 1294 2291 1348 6.
2339 1313 2356 1345 ι
2396 1294 2546 1347 Dixit
2583 1306 2765 1350 autem
2794 1295 2920 1359 hoc,
2954 1312 3059 1353 non
3096 1296 3220 1365 quia
3256 1298 3319 1351 de
3353 1299 3536 1366 egenis

1952 1385 2260 1455 pertinebat
2309 1386 2375 1440 ad
2414 1400 2565 1450 eum,
2618 1387 2711 1444 sed
2755 1388 2883 1455 quia
2936 1386 3021 1441 iur
3064 1398 3204 1452 erat,
3245 1400 3297 1441 et
3329 1388 3536 1449 loculos

1955 1478 2186 1534 habens.
2234 1478 2279 1539 ι’
2592 1550 2601 1557 .

2022 1568 2157 1624 Eum
2194 1569 2357 1625 etiam
2382 1570 2556 1625 iurem
2586 1570 2937 1626 exsistentem
2972 1570 3233 1627 Dominus
3262 1572 3531 1639 toleravit,

1952 1678 2019 1719 ne
2061 1676 2121 1718 se
2147 1663 2454 1725 divitiarum
2503 1664 2797 1733 cupiditate
2820 1705 2833 1729 ,
2876 1666 2957 1718 vel
2991 1682 3101 1733 prae
3144 1676 3384 1736 egestate
3410 1682 3535 1735 pro-

1953 1754 2212 1809 ditionem
2242 1754 2544 1811 adornasse
2575 1755 2798 1810 diceret.
2852 1753 3165 1826 Sacrilegns
3200 1760 3379 1827 itaque
3417 1769 3536 1815 erat

1882 1833 1923 1891 Β
1956 1845 2143 1912 Judas,
2180 1856 2237 1899 ut
2264 1848 2354 1915 qni
2388 1864 2473 1901 res
2509 1847 2615 1901 Deo
2645 1846 2857 1901 oblatas
2886 1848 3193 1901 iurabatur.

2022 1938 2190 1994 Vsus.
2234 1941 2285 1994 7.
2323 1958 2342 1991 ι
2390 1938 2530 1993 Dixit
2568 1955 2697 2009 ergo
2727 1938 2884 1995 Jesus
2920 1958 2933 1994 :
2974 1941 3148 2003 Sinite
3181 1941 3348 2007 illam,
3386 1952 3443 1996 ut
3479 1943 3531 1997 in

1952 2034 2093 2091 diem
2127 2035 2423 2105 sepultura:
2456 2050 2587 2088 mea:
2614 2045 2794 2090 servet
2826 2034 2979 2089 illud.
3022 2054 3041 2091 ›

2024 2129 2104 2182 Ad
2158 2128 2488 2182 inseusatunt
2538 2128 2687 2182 illum
2753 2124 2949 2182 ludam
3010 2126 3531 2196 reprehendendum,

1950 2219 2243 2290 sepulturae
2272 2221 2605 2275 mentionem
2658 2219 2787 2274 fecit
2817 2238 2831 2274 :
2871 2221 3153 2275 mulierem
3186 2237 3313 2275 vero
3349 2221 3536 2274 defen-

1949 2313 2065 2378 dit,
2097 2328 2165 2367 ne
2208 2328 2269 2367 se
2301 2314 2635 2383 pauperibus
2665 2311 2924 2385 praeferre
2959 2312 3254 2369 videretur.
3290 2314 3531 2379 Dimitte,

1952 2398 2143 2476 inquit,
2176 2403 2329 2461 Judaa
2358 2404 2759 2459 simulationem
2791 2405 3102 2477 increpans,
3139 2416 3199 2460 ut
3242 2407 3331 2477 qui
3372 2408 3530 2478 digna

1950 2495 2107 2550 laude
2153 2497 2533 2573 reprehendat.
2588 2495 2724 2550 Cum
2774 2511 2905 2551 vero
2950 2498 3208 2569 unguenti
3248 2497 3443 2555 effusio
3479 2510 3535 2554 et

1947 2604 2234 2660 expensa.
2281 2606 2386 2645 non
2438 2590 2751 2645 deliciarum
2803 2605 2973 2659 causa
3010 2589 3151 2655 facta
3190 2599 3409 2657 essent,
3439 2592 3531 2646 sed

1948 2692 2171 2753 propter
2210 2698 2366 2737 ttsum
2416 2682 2693 2755 mysterii,
2744 2681 2969 2737 Mariam
3013 2692 3268 2746 excusat,
3318 2684 3530 2737 tametsi

1949 2774 2055 2829 vim
2091 2775 2367 2846 mysterii,
2413 2790 2475 2829 ac
2515 2774 2974 2845 dispensationem
3012 2774 3372 2843 ignorantem.
3428 2773 3531 2830 Se-

1949 2865 2183 2935 pulturae
2212 2876 2393 2921 autem
2442 2867 2771 2919 mentionem
2806 2864 3051 2921 faciendo
3079 2864 3267 2921 Judam
3304 2867 3532 2922 coniun-

1948 2956 2058 3023 dit,
2093 2959 2235 3027 quod
2282 2957 2544 3011 nimirutn
2593 2958 2769 3027 turpis
2817 2958 2956 3013 lucri
2993 2960 3167 3030 gratia
3210 2960 3531 3030 magistrum

1948 3056 2093 3101 esset
2128 3047 2466 3116 proditurus.

2027 3138 2187 3194 Vsus.
2237 3138 2323 3194 15.
2385 3158 2403 3192 ι
2438 3139 2778 3210 Acceperunt
2845 3156 3031 3196 ramos
3086 3140 3426 3213 palmarum,
3478 3154 3529 3197 et

1951 3242 2333 3302 processerunt
2365 3231 2581 3287 obviam
2614 3233 2683 3300 ei,
2721 3243 2776 3289 et
2806 3233 3112 3291 clamabant
3144 3252 3158 3290 :
3190 3234 3470 3291 Hosanna.
3511 3255 3529 3288 ι

2017 3322 2089 3378 Ut
2116 3324 2305 3379 mortis
2337 3325 2528 3379 victori
2576 3334 2966 3394 processerunt
3014 3327 3232 3381 obviam
3280 3327 3353 3391 ei,
3408 3343 3532 3381 cum

1952 3416 2119 3471 ramis
2150 3415 2473 3484 palmarum.
2538 3416 2631 3473 Sic
2689 3418 2907 3474 Davidis
2938 3418 3218 3489 prophetia
3261 3418 3531 3489 impletur.

1952 3504 2132 3578 Typus
2163 3506 2294 3577 legis
2327 3514 2515 3579 gentes
2562 3524 2697 3578 quos
2742 3508 3005 3566 Dominus
3055 3526 3119 3566 ex
3180 3510 3514 3566 inﬁdelitatis

1953 3598 2292 3653 immunditia
2323 3598 2376 3652 itt
2408 3598 2670 3655 ditionem
2705 3618 2857 3657 suam
2883 3602 3125 3657 adduxit.

2020 3688 2209 3744 Pullus
2243 3700 2419 3744 autem
2453 3691 2620 3762 ﬁgura
2651 3702 2735 3748 est
2760 3695 3025 3764 gentium,
3057 3694 3256 3765 quibus
3286 3695 3527 3750 insidens

1955 3781 2243 3845 Dominus,
2293 3780 2512 3836 adducit
2563 3798 2657 3839 eas
2718 3787 2783 3838 ad
2862 3801 3152 3856 supernam
3200 3785 3534 3853 Jerusalem,

1950 3872 2106 3942 cujus
2137 3873 2252 3926 lnec
2298 3875 2572 3929 terrestris
2626 3884 2787 3947 typus
2831 3889 2972 3932 erat.
3028 3877 3238 3933 Pullum
3282 3895 3409 3936 vero
3442 3896 3534 3936 eas

1950 3971 2131 4027 vocat,
2161 3963 2304 4033 quod
2349 3964 2415 4020 ad
2463 3966 2719 4037 pietatem
2768 3984 2835 4025 ac
2869 3969 3031 4026 [idem
3084 3972 3322 4028 nondum
3354 3983 3536 4029 esseut

1951 4055 2255 4112 informata:

2027 4148 2189 4206 Vens.
2222 4148 2310 4205 i6.
2347 4167 2366 4202 ι
2408 4149 2532 4207 ilzec
2560 4165 2666 4207 non
2688 4163 3066 4221 cognoverunt
3090 4155 3362 4230 discipuli.
3404 4177 3424 4212 ι

2020 4241 2227 4298 Idcirco
2257 4243 2399 4299 enim
2431 4240 2778 4315 ignorabant,
2805 4260 2874 4301 ne
2902 4247 3430 4317 scaudalizarentnr,
3464 4250 3532 4314 si,

1952 4348 2047 4389 rex
2097 4349 2221 4389 cum
2255 4343 2435 4403 esset,
2471 4336 2597 4391 talia
2652 4353 2912 4408 passurus
2948 4350 3101 4404 erat,
3154 4350 3208 4397 et
3240 4344 3368 4413 quia
3426 4362 3532 4401 non

1949 4434 2202 4495 poterant
2233 4426 2302 4481 ita
2334 4428 2516 4482 statim
2543 4431 2693 4500 regni
2722 4430 2840 4499 ejus
2868 4432 3239 4501 cognitionem
3268 4451 3485 4504 capere.

343 4534 363 4568 ι
410 4514 470 4570 '0
492 4514 548 4570 δὲ
589 4514 797 4587 Ἰησοῦς
830 4515 1164 4588 ἀπεκρίνατο
1194 4516 1401 4583 αὐτοῖς,
1432 4516 1605 4586 λέγων
1624 4534 1637 4547 °
1686 4518 1841 4591 Ἐλή-

2026 4515 2189 4575 Vens.
2220 4514 2313 4573 25.
2360 4538 2379 4571 t
2419 4518 2575 4577 Jesus
2622 4531 2802 4576 autem
2835 4524 3116 4590 respondit
3160 4526 3272 4591 eis,
3306 4527 3529 4582 dicens:

266 4606 425 4660 λυθεν
450 4608 483 4678 ή
518 4605 657 4679 ὥρα,
684 4608 775 4662 ἵνα
793 4606 1025 4679 δοξασθῇ
1064 4608 1093 4661 6
1122 4607 1249 4672 Υἱὸς
1276 4605 1370 4661 τοῦ
1401 4607 1713 4679 ἀνθρώπου.
1748 4629 1765 4661 ι

336 4702 448 4755 Καὶ
482 4700 556 4771 μὴ
587 4699 859 4772 χρώμενοι
898 4701 977 4773 τῷ
1015 4701 1198 4773 νόμῳ,
1230 4702 1502 4756 ἀνέπεσαν
1530 4704 1843 4774 προσκυνή-

269 4810 456 4859 σοντες
498 4795 580 4858 είς
622 4794 718 4849 τὸν
767 4795 955 4865 νόμον,
997 4795 1073 4859 ὡς
1109 4797 1189 4860 είς
1237 4795 1436 4850 σεπτὸν
1460 4796 1627 4849 τόπον
1663 4794 1752 4849 διὰ
1776 4796 1847 4850 τὰ

266 4887 538 4957 γενόμενα
568 4886 821 4958 θαύματα
851 4888 983 4961 περὶ
1026 4888 1315 4944 Ἰουδαίων.
1346 4888 1573 4961 [Clum]

339 4978 509 5043 Δόξαν
538 4980 594 5032 δὲ
620 4980 777 5033 καλεῖ
800 4980 902 5052 τὴν
933 4981 1254 5045 ἀνάστασιν,
1292 4980 1411 5052 μεθ’
1445 4984 1514 5051 ἦν
1544 4984 1572 5035 6
1598 4982 1728 5047 Υἱὸς
1751 4982 1844 5036 τοῦ

267 5068 403 5123 Θεοῦ
450 5067 729 5140 ἐδοξάσθη.
766 5072 975 5144 Καιρὸς
1019 5067 1173 5138 οὗτος
1211 5072 1305 5127 τοῦ
1362 5074 1669 5146 μεταϐῆναι
1719 5077 1846 5140 τοὺς

270 5159 518 5232 μαθητὰς
565 5161 659 5214 ἐπὶ
703 5163 769 5215 τὲ
798 5162 960 5233 ἔθνη,
1009 5167 1057 5217 εί
1108 5168 1369 5225 καὶκατὰ
1395 5166 1496 5238 τὴν
1528 5168 1703 5240 ἀρχὴν
1746 5169 1846 5221 οὑκ

269 5254 536 5323 ἐποίησαν
567 5251 745 5317 τοῦτο,
772 5254 862 5307 ἵνα
894 5255 969 5326 μὴ
995 5256 1458 5314 σκανδαλισθῶσιν
1495 5259 1762 5315 Ἰουδαῖοι.

345 5365 363 5395 ι
411 5344 605 5415 Ἀμήν,
644 5346 793 5416 ἀμὴν
840 5342 988 5414 λέγω
1015 5348 1163 5418 ὑμῖν,
1195 5350 1292 5403 ἐὰν
1338 5353 1413 5422 μὴ
1440 5354 1470 5404 6
1512 5354 1709 5417 κόκκος
1750 5355 1849 5405 τοῦ

272 5437 421 5491 σίτου
450 5436 633 5491 πεσὼν
652 5438 731 5502 είς
754 5437 854 5508 τὴν
876 5439 981 5508 γῆν
1005 5438 1274 5512 ἀποθάνῃ,
1304 5442 1463 5507 αὐτὸς
1490 5446 1649 5513 μόνος
1674 5445 1848 5517 μένει.

284 5528 410 5584 Ἐὰν
437 5528 493 5581 δὲ
520 5529 789 5602 ἀποθάνῃ,
829 5530 999 5584 πολὺν
1030 5531 1442 5608 καρπὸνιρέρει.
1488 5554 1507 5589 ι

349 5800 377 5843 Ρ
400 5790 492 5847 Cr.
525 5793 692 5866 τιμήν
724 5794 817 5849 καῖ
844 5791 1197 5868 δωροφορὴν.

1954 4611 2110 4665 Venit
2142 4612 2297 4677 hora,
2337 4624 2395 4668 ut
2417 4614 2750 4669 clariﬂcetnr
2773 4612 2943 4669 Filius
2968 4614 3226 4670 hominis.
3270 4635 3287 4666 ι

2004 4703 2260 4768 Quamvis
2285 4705 2455 4775 legem
2488 4722 2595 4761 non
2640 4705 3018 4771 observarent,
3057 4706 3109 4760 in
3163 4708 3335 4776 legem
3369 4716 3427 4761 ut
3478 4709 3530 4761 in

1950 4793 2125 4849 locum
2160 4806 2405 4850 sanetum
2426 4798 2767 4866 procidentes
2791 4798 3154 4853 adoraverunt
3181 4807 3407 4870 pr0pter
3433 4802 3533 4852 mi-

1954 4887 2133 4942 racula
2169 4888 2220 4942 in
2261 4886 2477 4945 Judteos
2504 4889 2669 4945 facta.

2026 4977 2268 5034 Gloriam
2299 4991 2479 5036 autem
2512 4992 2671 5036 vocat
2704 4982 3184 5047 resurrectionem,
3219 4992 3335 5054 post
3365 4998 3528 5053 quam

1953 5069 2125 5126 Filius
2157 5070 2254 5126 Dei
2291 5072 2628 5142 gloriﬁcatus
2655 5084 2763 5129 est.
2804 5071 3039 5142 Tempus
3062 5073 3193 5127 illud
3236 5086 3391 5138 erat,
3424 5091 3531 5145 quo

1952 5160 2231 5232 discipulis
2260 5163 2325 5216 ad
2354 5172 2543 5231 gentes
2570 5164 2953 5220 transeundum
2999 5172 3150 5229 erat,
3183 5163 3306 5220 licet
3332 5166 3401 5221 ab
3433 5168 3535 5221 ini—

1956 5257 2034 5309 tio
2064 5255 2114 5309 id
2142 5269 2248 5309 non
2276 5254 2525 5323 fecerint,
2563 5271 2628 5311 ne
2645 5255 2819 5313 Judaei
2847 5256 3370 5323 scandalizarentur.

2028 5346 2193 5403 Vsus.
2224 5349 2314 5405 24.
2353 5368 2372 5399 ι
2414 5349 2606 5417 Amen,
2639 5365 2796 5405 amen
2827 5349 2953 5405 dico
2975 5350 3151 5415 vobis,
3177 5351 3278 5411 nisi
3302 5366 3532 5421 granum

1959 5440 2211 5497 frumenti
2243 5443 2443 5499 cadens
2485 5444 2538 5498 in
2563 5452 2785 5509 terram,
2818 5455 3093 5501 mortuunt
3130 5443 3327 5509 fuerit,
3360 5445 3532 5511 ipsum

1869 5597 1882 5603 _
1960 5534 2132 5590 solum
2179 5546 2395 5601 manet;
2428 5539 2472 5590 si
2522 5546 2703 5592 autem
2742 5544 3018 5594 mortuum
3052 5535 3251 5604 fuerit,
3304 5534 3534 5593 multum

1962 5627 2194 5680 fructum
2225 5624 2397 5680 aﬂert.
2428 5644 2447 5678 ι
