4130 6552
663 302 801 368 1475

1776 310 2111 370 AMMONII
2151 313 2687 377 ALEXANDRINI

3810 321 3932 385 14τῦ

728 418 809 472 Ne
839 418 1125 472 turbemini
1146 434 1271 474 cum
1300 419 1503 472 morior
1525 436 1538 472 :
1560 427 1688 473 tunc
1715 421 1858 472 enim
1886 422 1965 475 vel
1999 425 2221 477 maxime

2406 424 2497 495 Μὴ
2549 425 2871 495 θορυϐεῖσθε
2923 427 3041 481 ἃνς
3088 425 3385 483 ἀποκνῶ
3433 425 3557 483 ⁸ἓότιε
3591 430 3715 500 γάρ
3748 432 3933 501 μᾶλλον

658 508 968 578 ργαίίῑοιιιὶο
988 510 1165 579 capiet
1194 510 1610 574 incrementum,
1648 518 1703 563 et
1736 511 1963 579 gentiles
1984 514 2228 568 credent.

655 600 843 669 Neque
892 600 1115 655 difﬁdite
1149 617 1165 654 :
1203 616 1328 654 nam
1376 613 1431 655 et
1485 601 1537 654 in
1588 600 1861 656 frmnento
1918 603 1969 657 id
2007 605 2226 659 accidit.

655 691 791 745 Cum
835 707 933 761 per
981 693 1291 760 passionem
1340 700 1584 746 mortuus
1630 691 1813 757 fuero,
1870 696 2232 750 resuscitatus

657 783 848 851 majori
887 784 1057 854 gloria
1109 798 1424 853 resurgam;
1461 800 1651 839 omnes
1696 785 1839 839 enim
1892 787 1943 844 in
1997 803 2081 842 me
2111 796 2231 842 tau-

655 890 819 945 quam
852 875 1020 930 Deum
1056 876 1315 930 credituri
1346 885 1493 930 sunt.

723 965 887 1020 Vsus.
926 965 1017 1018 25.
1081 983 1101 1016 ι
1148 965 1251 1031 Qui
1303 966 1736 1020 amat.animam
1790 981 1981 1030 suam,
2038 966 2230 1037 perdet

649 1072 771 1112 eam
806 1074 820 1110 :
850 1066 903 1110 et
928 1056 1019 1125 qui
1053 1055 1167 1111 odit
1199 1057 1436 1110 animam
1468 1072 1622 1111 suam
1657 1058 1712 1112 in
1743 1060 1847 1114 hoc
1887 1059 2126 1124 mundo,
2173 1058 2228 1112 iu

650 1150 815 1204 vitam
842 1159 1096 1204 aeternam
1128 1150 1364 1204 custodit
1390 1165 1532 1205 eam.
1569 1170 1590 1202 ν

721 1244 849 1297 Hzec
889 1242 1023 1296 dixit
1063 1241 1345 1306 Dominus,
1383 1258 1490 1296 non
1522 1241 1681 1312 quasi
1716 1241 1895 1297 anima
1929 1242 2225 1313 quidquam

651 1335 776 1390 inde
807 1334 1046 1404 patiatur
1080 1352 1094 1387 :
1131 1335 1225 1389 sed
1256 1348 1500 1389 amorem
1537 1343 1699 1389 vocat
1724 1336 1951 1401 animae,
1984 1336 2121 1390 velle
2150 1335 2231 1388 vi-

649 1429 763 1484 deri
795 1444 913 1483 eam
944 1428 1231 1496 ,retinere,
1265 1444 1365 1484 nec
1402 1444 1600 1500 corpus
1634 1430 1891 1500 periculis
1933 1445 2225 1501 exponere.

646 1521 743 1574 llle
780 1521 960 1590 itaque
1002 1522 1090 1589 qui
1128 1530 1275 1575 amat
1305 1521 1540 1576 animam
1575 1538 1748 1589 suam,
1779 1533 1834 1577 et
1868 1524 2045 1593 perdit
2082 1537 2224 1585 eam,

647 1622 730 1668 est
770 1614 814 1666 is
847 1614 939 1681 qui
982 1613 1235 1667 absurdis
1268 1613 1384 1681 ejus
1419 1614 1658 1684 indulget
1688 1614 2090 1682 cupiditatibus.
2126 1612 2227 1679 Qui

646 1716 824 1759 autem
857 1706 971 1758 odit
1003 1714 1058 1758 et
1104 1714 1287 1758 servat
1318 1719 1469 1773 eam,
1500 1716 1617 1772 est,
1650 1708 1739 1774 qui
1788 1707 1962 1761 eidem
1994 1707 2225 1761 absurda

644 1797 974 1866 prmcipienti
1007 1796 1228 1850 minime
1261 1811 1463 1851 morem
1495 1798 1651 1867 gerit.

721 1907 880 1964 Vens.
918 1905 1009 1962 28.
1052 1926 1070 1960 ι
1106 1908 1285 1973 Pater,
1318 1907 1554 1962 claritica
1582 1924 1778 1963 nomen
1813 1918 1984 1964 tuum.
2024 1929 2042 1961 ›

714 1998 950 2054 Gloriam
983 2008 1164 2051 autem
1189 2006 1347 2051 vocat
1379 2012 1621 2061 crucem,
1651 2013 1749 2067 per
1781 2014 1944 2068 quant
1976 1999 2224 2056 homines

644 2102 1022 2161 cognoverunt
1048 2105 1239 2144 nomen
1280 2088 1477 2143 Patris.

725 2182 870 2237 Venit
900 2198 1021 2251 ergo
1053 2197 1152 2235 vox
1178 2182 1240 2235 de
1266 2181 1411 2235 caelo.
1450 2179 1736 2247 Quomodo
1765 2191 1949 2237 autem
1982 2198 2083 2237 vox
2110 2183 2225 2240 hanc

643 2272 791 2329 facta
817 2273 908 2339 sit,
938 2283 1182 2327 nostrum
1214 2288 1321 2326 non
1353 2281 1438 2327 est
1465 2272 1646 2327 dicere
1682 2290 1695 2326 :
1735 2288 1839 2327 non
1869 2274 2034 2338 enim,
2070 2275 2222 2343 quasi

641 2381 841 2436 corpus
869 2365 1064 2418 habeat
1092 2363 1270 2430 Pater,
1304 2363 1517 2420 locutus
1546 2374 1652 2431 est,
1689 2374 1749 2419 ut
1780 2365 1945 2435 aliqui
1982 2366 2223 2422 haeretici

642 2467 887 2512 astruere
915 2458 1221 2512 voluerunt.

711 2548 1051 2618 Conspicuus
1089 2550 1309 2620 quidem
1345 2564 1560 2621 semper
1602 2560 1716 2606 erat
1747 2551 1997 2607 Christus
2030 2551 2083 2607 in
2125 2553 2225 2607 mi-

641 2640 842 2697 raculis
878 2640 1013 2706 suis,
1064 2652 1477 2712 cooperatorem
1516 2642 1723 2697 habens
1757 2642 1998 2709 Patrem,
2044 2646 2135 2715 qui
2170 2658 2224 2702 et

640 2740 819 2792 denuo
848 2753 969 2792 eum
1007 2736 1275 2809 gloriﬁcat
1316 2737 1486 2809 signis
1538 2739 1590 2793 in
1626 2748 1818 2795 morte.
1866 2740 1923 2794 lu
1959 2753 2220 2809 quantum

638 2832 781 2886 extim
817 2831 978 2885 homo
1004 2840 1107 2897 est,
1139 2846 1168 2884 a
1207 2829 1369 2885 Patre
1401 2833 1699 2886 suscitatus
1733 2832 1867 2899 fuit;
1902 2832 2027 2889 licet
2057 2836 2220 2889 etiam

639 2923 826 2989 Filius,
863 2923 916 2977 in
966 2934 1227 2993 quantutn
1268 2934 1352 2979 est
1400 2934 1593 2979 natura
1633 2924 1804 2989 Deus,
1866 2926 2219 2996 semetipsum

641 3017 844 3072 Suscita
856 3018 951 3071 vit.

713 3114 875 3170 \‘rzns.
908 3113 999 3168 ‘29.
1042 3131 1061 3165 ι
1104 3113 1284 3169 Turba
1316 3129 1465 3184 ergo,
1503 3131 1621 3187 qua:
1649 3116 1831 3170 stabat
1858 3124 1913 3170 et
1946 3116 2212 3181 audierat,
2243 3129 2285 3187 ο

636 3210 850 3265 dicebat
886 3210 1188 3264 tonitruum
1219 3224 1339 3264 esse
1366 3213 1592 3263 factum.
1630 3208 1737 3263 Alii
1780 3209 2075 3265 dicebant:
2110 3212 2217 3267 An-

637 3303 786 3374 gelus
814 3304 862 3358 ei
890 3303 1102 3358 locutus
1129 3312 1231 3358 est.
1277 3320 1295 3353 ι

708 3394 903 3450 Turba:
936 3396 1151 3466 quidem
1180 3410 1283 3450 vox
1308 3394 1397 3467 illa
1423 3403 1542 3449 erat
1572 3397 1825 3460 obscura,
1862 3394 2004 3449 forte
2034 3405 2214 3449 autem

638 3486 913 3556 discipulis
954 3502 1049 3556 per
1091 3484 1369 3542 Christum
1425 3486 1680 3543 innotuit.
1722 3485 1980 3556 Oportnit
2033 3494 2213 3539 autem

635 3581 778 3635 scire
809 3580 1045 3644 .ludzeos,
1078 3580 1296 3635 Patrem
1341 3595 1405 3636 eo
1444 3594 1550 3649 quo
1582 3580 1697 3649 ipse
1731 3591 1915 3632 nosset
1945 3578 2104 3632 modo
2130 3595 2215 3630 re-

634 3674 946 3741 spondere:
983 3672 1234 3727 Christus
1282 3673 1424 3726 enim
1482 3688 1587 3725 non
1638 3673 1867 3741 petierat
1921 3670 2213 3724 tonitruum

633 3768 828 3820 emitti.

707 3880 869 3937 Vens.
912 3880 1000 3937 5'2.
1054 3899 1073 3933 ι
1121 3880 1186 3934 Ει
1228 3894 1327 3949 ego
1367 3879 1410 3933 si
1442 3878 1710 3934 exaltatus
1745 3875 1897 3932 luero
1948 3890 1978 3930 a
2034 3886 2210 3942 terra,

635 3974 817 4026 omnia
859 3971 1069 4024 traham
1098 3969 1164 4022 ad
1202 3969 1487 4036 meipsum.
1524 3985 1544 4019 ι

712 4062 845 4115 Cum
878 4060 1013 4115 dixit
1040 4061 1234 4120 omnia,
1269 4060 1432 4112 etiam
1464 4056 1695 4127 gentiles
1724 4055 2047 4125 designavit.
2079 4054 2211 4109 Tra-

636 4153 715 4205 hit
741 4162 943 4214 autem,
975 4159 1232 4219 tanquam
1258 4165 1286 4202 a
1324 4160 1553 4218 tyranno
1584 4149 1856 4209 detentus,
1890 4156 1945 4201 et
1977 4164 2083 4202 non
2120 4164 2213 4202 va-

635 4244 810 4298 lentes
848 4259 914 4297 ex
943 4243 1248 4310 semetipsis
1276 4240 1514 4312 elTugere
1551 4259 1566 4296 :
1603 4244 1748 4310 quod
1796 4241 1926 4296 alibi
1964 4244 2210 4312 rapinam

633 4332 886 4402 appellat.
904 4330 1074 4386 Nemo
1110 4332 1193 4385 hic
1222 4330 1472 4398 subjiciat
1496 4348 1510 4384 :
1537 4331 1817 4398 Quomodo
1832 4347 1959 4401 ergo
1982 4342 2034 4387 te
2049 4349 2210 4400 snpe-

632 4427 808 4481 ravit?
836 4424 950 4479 Non
977 4426 1119 4479 enim
1154 4440 1374 4495 resurgo
1402 4425 1599 4489 solum,
1625 4424 1719 4479 sed
1754 4434 1807 4478 et
1834 4439 2024 4479 onmes
2057 4426 2211 4479 traho

630 4529 690 4571 ut
716 4518 768 4571 in
793 4530 878 4571 me
904 4516 1146 4582 credant,
1175 4516 1431 4586 quoniam
1464 4516 1604 4570 Deus
1634 4530 1775 4582 sum,
1798 4524 1855 4570 et
1887 4531 1995 4570 non
2027 4531 2208 4571 merus

631 4611 815 4667 homo.

700 4724 865 4780 Vens.
896 4724 988 4779 35.
1025 4740 1047 4775 ι
1094 4722 1241 4793 (Hoc
1268 4731 1449 4777 autem
1472 4715 1727 4788 dicebat,
1757 4720 2073 4791 signiﬁcans
2099 4735 2206 4791 qua

630 4828 805 4873 morte
829 4827 970 4873 esset
1002 4815 1320 4871 moriturus.
1346 4816 1364 4884 )
1403 4832 1422 4865 ι

698 4907 998 4964 Ostendens
1032 4908 1206 4976 ipsum
1234 4916 1424 4975 sponte
1458 4921 1706 4975 passum,
1737 4915 1794 4961 et
1821 4906 2045 4962 scivisse
2089 4921 2195 4960 non

630 5002 804 5055 solum
852 5010 1115 5065 mortem,
1145 5000 1239 5055 sed
1281 5001 1442 5053 etiam
1497 4999 1716 5053 modum
1780 4999 1926 5069 ejus,
1969 5013 2207 5066 evange-

628 5094 751 5149 lista
781 5108 901 5148 eam
938 5107 1157 5148 crucem
1186 5091 1507 5148 nominavit.

704 5204 859 5261 Vsus.
888 5205 979 5260 54.
1020 5224 1039 5256 ι
1069 5204 1177 5260 Nos
1206 5204 1513 5259 audivimus
1536 5218 1603 5259 ex
1631 5204 1771 5275 lege,
1802 5204 1926 5274 quia
1950 5203 2203 5258 Christus

628 5306 811 5352 manet
845 5297 898 5351 in
934 5308 1217 5352 aeternum.
1262 5317 1281 5350 ι

700 5388 1026 5456 lgnorabant
1064 5388 1231 5444 Judzei
1262 5388 1538 5446 Christum
1578 5400 1835 5459 tanquam
1867 5404 2021 5445 ovem
2055 5390 2203 5445 occi-

628 5479 902 5545 dendum;
935 5491 1055 5549 post
1080 5483 1533 5537 resurrectionem
1566 5498 1695 5538 vero
1721 5498 1939 5537 manere
1961 5482 2013 5535 in
2045 5494 2203 5536 mter-

538 5585 543 5588 '
626 5585 778 5636 num,
812 5586 918 5626 nou
948 5572 1178 5643 amplius
1214 5576 1561 5628 moriturum.

2333 513 2489 578 αὔξει
2515 516 2576 569 τὸ
2610 517 2898 588 κήρυγμα,
2932 518 3028 571 καὶ
3050 521 3098 571 oi
3124 519 3182 585 ἐξ
3212 520 3382 574 ἐθνῶν
3414 522 3816 576 πιστεύσουσι.
3838 526 3933 579 Καὶ

2335 609 2411 679 μὴ
2437 610 2749 663 ἀπιστεῖτε·
2782 612 2874 664 καὶ
2906 612 3014 684 γὰρ
3058 615 3199 666 καῖε
3243 615 3301 667 ἐν
3331 613 3409 684 τῷ
3438 613 3573 685 σίτῳ
3605 613 3781 668 τοῦτο
3805 627 3826 654 ⁸
3859 618 3931 685 γί-

2333 719 2506 759 νεται.
2546 703 2714 757 Ὅταν
2754 703 2947 758 παθὼν
2990 706 3285 771 ἀποθάνω,
3327 707 3713 779 ἀνιστάμενος
3745 709 3766 745 ⁸
3811 712 3933 774 μετᾶ

2330 793 2582 858 πλείονος
2623 796 2785 868 δόξης
2832 796 3138 867 ἐγεροῦμαι
3180 806 3244 835 εν
3284 799 3539 869 μέλλουσι
3571 800 3701 871 γὰρ
3745 801 3932 867 πάντες

2330 887 2612 942 πιστεύειν
2641 890 2721 952 εἰς
2751 890 2851 959 ἐμὲ
2880 889 2956 952 ὡς
2981 889 3137 946 Θεόν.

2407 995 2425 1027 ι
2479 976 2537 1030 Ὀ
2569 976 2741 1046 φιλῶν
2772 978 2871 1050 τὴν
2914 977 3098 1050 ψυχὴν
3143 979 3345 1046 αὑτοῦ,
3396 981 3671 1035 ἀπολέσει
3731 982 3927 1055 αὐτήν·

2331 1068 2427 1121 καὶ
2464 1071 2492 1121 ὁ
2525 1069 2703 1139 μισῶν
2740 1070 2840 1141 τὴν
2874 1070 3058 1143 ψυχὴν
3088 1073 3257 1126 αὐτοῦ
3301 1075 3362 1127 ὲν
3389 1074 3468 1146 τῷ
3497 1075 3712 1146 κόσμῳ
3745 1076 3929 1148 τούτῳ,

2329 1161 2408 1222 εἰς
2443 1159 2587 1231 ζωὴν
2618 1158 2835 1213 αἰώνιον
2871 1160 3098 1231 φυλάξει
3124 1164 3316 1234 αὐτήν.
3356 1183 3375 1217 ι

2400 1248 2587 1303 Ταῦτα
2617 1247 2769 1305 εἶπεν
2793 1255 2822 1305 6
2849 1252 3076 1325 Κύριος,
3104 1256 3204 1326 οὐχ
3232 1255 3309 1319 ὠς
3337 1256 3436 1327 τῆς
3460 1256 3653 1329 ψυχῆς
3694 1259 3927 1315 ἐνταῦθά

2327 1359 2382 1394 τι
2414 1342 2769 1413 πασχούσης,
2803 1344 2939 1399 ἀλλὰ
2992 1346 3174 1417 ψυχῆς
3219 1346 3403 1415 φιλίαν
3441 1349 3603 1402 καλεῖ
3650 1351 3719 1403 τὸ
3762 1351 3928 1406 δοκεῖν

2328 1434 2498 1505 αὐτὴν
2546 1436 2817 1507 κατέχειν,
2862 1440 2957 1492 καὶ
3005 1440 3081 1511 μὴ
3138 1440 3341 1495 διδόναι
3400 1444 3479 1506 εἰς
3528 1444 3834 1509 κινδύνους
3875 1448 3927 1499 τὸ

2331 1527 2510 1597 σῶμα.
2553 1530 2792 1593 Ἐκεῖνος
2818 1525 2911 1584 οὖν
2931 1532 3080 1585 ἐστιν
3101 1533 3129 1584 6
3153 1532 3324 1602 φιλῶν
3355 1534 3455 1605 τὴν
3484 1536 3696 1589 ἑαυτοῦ
3731 1537 3923 1609 ψυχὴν,

2329 1619 2423 1672 καὶ
2468 1619 2756 1674 ἀπολλύων
2786 1622 2981 1693 αὐτὴν,
3011 1623 3041 1675 6
3083 1624 3184 1686 τὰς
3217 1623 3518 1695 ἐπιθυμίας
3545 1627 3735 1697 αὐτῆς
3765 1631 3925 1681 ποιῶν

2326 1710 2426 1773 τὰς
2471 1711 2728 1776 ἀτόπους.
2782 1712 2842 1765 ὐ
2898 1713 2955 1766 δὲ
2986 1714 3162 1784 μισῶν
3204 1717 3300 1769 καὶ
3333 1717 3521 1781 σώζων
3548 1720 3759 1791 αὐτὴν,
3807 1721 3923 1794 ὁμὴ

2328 1802 2651 1874 πειθόμενος
2683 1806 2821 1876 αὐτῇ
2861 1806 3226 1880 ὲπιταττούοῃ
3258 1811 3327 1861 τὰ
3355 1808 3557 1866 ἄτοπα.

2402 1936 2422 1969 ι
2472 1918 2679 1989 Πάτερ,
2710 1920 2934 1986 δόξασόν
2972 1938 3066 1974 σου
3094 1922 3153 1974 τὸ
3184 1921 3378 1994 ὄνομα.
3422 1945 3441 1977 ι

2400 2007 2570 2072 Δόξαν
2605 2009 2662 2062 δὲ
2692 2011 2851 2064 καλεῖ
2888 2011 2978 2065 τὸν
3025 2012 3281 2083 σταυρὸν,
3324 2014 3393 2068 δι’
3426 2010 3488 2070 οὗ
3534 2020 3584 2071 οἱ
3637 2017 3916 2090 ἅνθρωποι

2326 2098 2570 2167 ἔγνωσαν
2597 2101 2658 2154 τὸ
2692 2102 2785 2155 τοῦ
2817 2105 3032 2177 Πατρὸς
3056 2106 3251 2178 δνομα.

2394 2184 2618 2245 Ἦλθεν
2657 2187 2773 2245 οὖν
2814 2194 2987 2262 φωνὴ
3042 2195 3111 2249 ἐκ
3148 2195 3255 2250 τοῦ
3302 2196 3588 2267 οίιοανοῦ.
3629 2200 3769 2264 Πῶς
3801 2202 3909 2273 δὲή

2325 2284 2477 2356 φωνὴ
2506 2284 2898 2359 διεσκευάσθη,
2930 2289 3029 2358 οὐχ
3056 2289 3216 2359 ἡμῶν
3257 2291 3407 2343 ἐστιν
3436 2291 3619 2345 είπεῖν
3638 2307 3656 2321 ⁸
3704 2295 3769 2346 οὐ
3819 2296 3912 2365 γὰρ

2326 2376 2487 2447 σῶμα
2508 2377 2646 2447 ἔχων
2674 2379 2701 2431 6
2730 2380 2924 2452 Πατὴρ
2955 2381 3239 2453 ἐλάλησεν,
3269 2383 3344 2446 ὥς
3366 2400 3511 2448 τινες
3541 2384 3911 2458 ἐπεχείρησαν

2324 2473 2500 2524 εἰπεῖν
2535 2472 2829 2543 αἱρετικοί.

2393 2563 2766 2635 Περίϐλεπτος
2793 2565 2892 2634 μὲν
2912 2561 2982 2637 ἦν
3006 2566 3095 2620 ἀεὶ
3122 2569 3150 2621 ὁ
3176 2567 3307 2632 Υἱὸς
3335 2569 3392 2621 ὲν
3421 2571 3536 2632 τοῖς
3558 2569 3905 2640 παραδόξοις,

2323 2657 2586 2729 συνεργὸν
2620 2657 2763 2728 ἔχων
2791 2658 2882 2711 τὸν
2914 2659 3155 2730 Πατέρα,
3200 2661 3295 2713 καὶ
3327 2660 3577 2725 εἰσαῦθις
3610 2663 3670 2716 δὲ
3706 2662 3910 2726 δοξάζει

2322 2750 2483 2805 αὑτὸν
2512 2749 2603 2804 διὰ
2626 2750 2721 2804 τοῦ
2756 2751 2850 2803 ἐπὶ
2888 2750 2966 2821 τῷ
2996 2751 3215 2823 θανάτῳ
3245 2753 3496 2822 σημείου.
3547 2754 3635 2818 Ὠς
3681 2755 3797 2826 γάρ
3822 2757 3907 2809 ἇν-

2322 2842 2563 2913 θρωπος,
2610 2843 2699 2897 διὰ
2732 2843 2827 2897 τοῦ
2870 2845 3088 2916 Πατρὸς
3116 2845 3358 2918 ἡγέρθη’
3397 2848 3447 2899 εἰ
3488 2848 3585 2901 καὶ
3626 2848 3710 2913 ὡς
3754 2848 3906 2918 φύσει

2319 2936 2453 3001 Θεὸς
2482 2939 2511 2991 6
2533 2936 2661 3001 Υἱὸς
2686 2935 2879 2991 ἑαυτὸν
2914 2938 3128 3010 ἤγειρε.

2398 3133 2416 3166 ι
2463 3114 2522 3167 '0
2556 3114 2650 3169 οὖν
2679 3115 2836 3186 ὄχλος
2868 3117 2896 3169 6
2927 3115 3100 3179 ἑστὼς
3134 3116 3230 3170 καὶ
3264 3116 3526 3183 ἀκούσας,
3560 3117 3723 3187 ἔλεγε
3753 3118 3901 3190 βρονο

2319 3206 2418 3277 τὴν
2448 3206 2754 3275 γεγονέναι.
2792 3205 2978 3260 Ἀλλοι
3025 3206 3242 3276 ελεγον·
3294 3209 3560 3277 Ἀγγελος
3615 3211 3776 3281 αὐτῷ
3819 3210 3902 3265 λε-

2319 3295 2574 3367 λάληκεν.
2610 3315 2629 3349 ι

2391 3390 2483 3460 Τῷ
2521 3389 2619 3461 μὲν
2654 3387 2848 3459 πλήθει
2890 3387 3105 3459 ἄσημος
3134 3390 3168 3459 ἡ
3198 3388 3372 3459 φωνὴ,
3423 3390 3555 3454 ἴσως
3584 3390 3645 3442 δὲ
3668 3392 3755 3445 ὅτι
3799 3393 3902 3453 τοῖς

2322 3484 2591 3554 μαθηταῖς
2618 3481 2708 3535 διὰ
2735 3480 2830 3534 τοῦ
2870 3481 3111 3551 Χριστοῦ
3163 3482 3495 3553 ἐγνωρίσθη.
3530 3483 3682 3538 Ἔδει
3719 3483 3900 3553 νοῆσαι

2316 3579 2443 3640 τοὺς
2489 3575 2797 3641 Ἰουδαίους,
2833 3576 2913 3628 ὃτι
2948 3577 2976 3627 6
3006 3574 3191 3646 Πατὴρ
3222 3570 3311 3646 ἦν,
3342 3579 3370 3628 6
3403 3576 3900 3646 ἀναφθεγξάμενος

2317 3667 2439 3721 καθ’
2470 3668 2528 3721 ὃν
2551 3664 2660 3720 οἶδε
2681 3667 2914 3738 τρόπον·
2937 3666 2998 3719 οὐ
3019 3666 3127 3738 γὰρ
3156 3666 3382 3739 βροντὴν
3405 3668 3610 3740 ᾔτησεν
3636 3671 3667 3722 ὁ
3702 3666 3900 3739 Ἰησοῦς

2317 3758 2592 3828 γενέσθαι.

2392 3892 2411 3925 ‹
2454 3872 2627 3941 Κάγὼ
2653 3872 2750 3927 ἐὰν
2779 3874 2980 3944 ὑψωθῶ
3013 3876 3078 3928 ὲκ
3106 3874 3209 3948 τῆς
3249 3871 3377 3944 γῆς,
3431 3873 3644 3937 πάντας
3691 3871 3897 3926 ἑλκύσω

2316 3965 2456 4036 πρὸς
2494 3967 2753 4036 ἐμαυτόν.
2793 3987 2813 4018 ι

2388 4057 2575 4111 Εἰπὼν
2624 4059 2895 4124 Πάντας,
2948 4058 3043 4112 καὶ
3092 4058 3221 4122 τοὺς
3274 4056 3335 4122 ἐξ
3384 4056 3555 4110 ἐθνῶν
3615 4058 3893 4128 σημαίνει.

2319 4149 2506 4204 Ἐλκει
2552 4150 2609 4205 δὲ
2652 4151 2729 4214 ὼς
2778 4151 2883 4204 ὑπὸ
2915 4151 3179 4220 τυράννου
3232 4149 3659 4220 κατεχομένους,
3708 4151 3803 4203 καὶ
3838 4148 3893 4202 οὐ

2314 4244 2645 4315 δυναμένους
2676 4244 2770 4313 ἀφ’
2803 4244 3013 4299 ἑαυτῶν
3043 4246 3258 4313 φυγεῖν,
3307 4244 3443 4314 ὅπερ
3478 4240 3719 4310 ἀλλαχοῦ
3748 4241 3895 4295 καλεῖ

2313 4337 2591 4409 ἁρπαγήν.
2636 4336 2746 4389 Καὶ
2792 4336 2867 4406 μὴ
2903 4335 3110 4404 λεγέτω
3145 4352 3260 4398 τις·
3305 4334 3426 4399 Πῶς
3457 4336 3552 4389 καὶ
3588 4335 3687 4388 σοῦ
3742 4352 3890 4403 περι-

2315 4430 2533 4499 εγένετο
2555 4446 2570 4495 ;
2595 4429 2796 4504 υθγὰρ
2822 4428 2980 4500 μόνον
3003 4429 3083 4481 ὃτι
3115 4428 3434 4498 ἀνίσταμαι,
3466 4428 3603 4481 ἀλλὰ
3633 4428 3733 4481 καὶ
3760 4427 3888 4480 πάν-

2312 4540 2409 4585 τας
2445 4521 2612 4591 ἓλκω,
2654 4523 2734 4584 εἰς
2750 4521 2815 4573 τὸ
2856 4520 3144 4575 πιστεῦσαι
3185 4522 3267 4584 εἰς
3292 4520 3424 4591 ὲμὲ,
3467 4521 3550 4574 ὅτι
3585 4520 3724 4584 Θεός
3753 4522 3884 4590 είμι,

2314 4612 2373 4665 οὐ
2406 4610 2561 4681 ψιλὸς
2591 4610 2688 4664 ἄνθ
2694 4627 2897 4681 ρωπος.

2390 4741 2409 4773 ι
2451 4719 2657 4791 (Τοῦτο
2678 4720 2735 4774 δὲ
2758 4720 2936 4789 ἔλεγε,
2964 4720 3246 4793 σημαίνων
3266 4721 3409 4793 ποίῳ
3436 4720 3653 4792 θανάτῳ
3672 4720 3883 4793 ἔμελλεν

2311 4814 2730 4885 ἀποθνήσκειν.)
2772 4833 2791 4866 ι

2388 4907 2631 4974 Ἐδειξεν
2662 4908 2745 4960 ὃτι
2779 4906 2921 4960 ἑκὼν
2951 4905 3120 4959 ἔπαθε
3143 4945 3158 4971 ,
3202 4905 3297 4959 καὶ
3327 4903 3484 4968 εἰδὼς
3522 4904 3606 4957 ὅτι
3626 4904 3691 4957 οὺ
3735 4902 3880 4974 μόνον

2310 5000 2678 5071 ἀποθνήσκει,
2705 4998 2843 5053 ἀλλὰ
2884 4998 2979 5051 καὶ
3019 4997 3158 5067 ποίῳ
3186 4996 3373 5068 τρόπῳ
3393 5038 3407 5064 ,
3440 4998 3469 5050 6
3496 4993 3880 5064 εὐαγγελιστὴς

2307 5093 2400 5147 τὸν
2436 5092 2672 5163 σταυρὸν
2702 5092 2955 5161 ὠνόμασε
2981 5090 3234 5144 θάνατον.

2389 5225 2407 5256 ι
2461 5205 2655 5274 Ἡμεῖς
2687 5203 3001 5275 ἠκούσαμεν
3034 5205 3097 5256 ὲκ
3126 5203 3223 5256 τοῦ
3254 5203 3420 5274 νόμου
3441 5246 3456 5270 ,
3483 5203 3562 5256 ὅτι
3601 5204 3628 5255 6
3652 5200 3878 5272 Χριστὸς

2311 5299 2463 5371 μένει
2494 5299 2571 5360 εἰς
2602 5297 2694 5348 τὸν
2722 5296 2915 5350 αἰῶνα.
2955 5314 2975 5349 ι

2392 5388 2702 5457 Ἀγνοοῦσιν
2745 5389 2990 5443 Ἰουδαῖοι
3020 5389 3100 5442 ὅτι
3125 5388 3365 5459 Χριστὸς
3384 5386 3461 5450 ὡς
3494 5388 3592 5457 μὲν
3616 5385 3876 5457 πρόϐατον

2311 5483 2696 5551 σφαγιάσεται,
2725 5481 2964 5545 ἀναστὰς
2987 5481 3222 5552 δὲμὲνει
3250 5482 3330 5544 είς
3352 5480 3442 5534 τὸν
3468 5478 3657 5543 αἰῶνα,
3688 5474 3871 5549 μηκέτι

2306 5571 2692 5642 ἀποθνήσκων.

685 5752 715 5794 ⁴ι
740 5744 829 5802 Cr.
860 5747 976 5803 ἐάν.
1104 5747 1198 5806 Cr.
1223 5748 1339 5806 sine
1367 5749 1481 5804 καί.
1562 5762 1583 5789 ³
1615 5752 1707 5807 Cr.
1740 5752 1935 5822 τούτῳ.
2017 5753 2031 5788 ί
2070 5749 2221 5806 (11⁸νό

2322 5768 2524 5822 Tanai.
2603 5762 2628 5790 υ
2658 5750 2750 5808 Cr.
2789 5752 2908 5809 sine
2954 5753 3277 5825 ἐγεροῦμαι.

660 5866 687 5874 ο
