4130 6534
280 367 411 431 1477

360 497 377 527 ι
434 470 787 544 Περιπατεῖτε
824 468 925 527 ἕως
954 463 1014 514 τὸ
1062 461 1178 531 φῶς
1208 462 1361 532 ἔχετε
1384 499 1398 524 ,
1447 461 1533 513 ἵνα
1564 459 1642 527 μὴ
1671 456 1861 510 σκοτία
1888 471 1934 523 Α

286 568 433 639 ὑμᾶς
462 560 771 631 καταλάϐῃ.
813 576 831 609 ›

351 658 469 720 Φῶς
502 654 661 708 καλεῖ
707 651 808 720 τὴν
840 644 1204 715 εύαγγελικὴν
1242 639 1605 705 διδασκαλίαν,
1669 636 1859 699 σκότος

282 752 339 805 δὲ
363 748 461 819 τὴν
490 747 736 813 ἄγνοιαν,
770 742 802 812 ἢ
830 739 927 810 τὴν
946 738 1053 791 τῶν
1077 734 1292 791 ἀσεϐῶν
1317 732 1663 801 κατάκρισιν.
1687 726 1859 791 Αὐτός

283 842 400 893 ἐστι
422 818 483 890 τὸ
505 834 643 905 φῶς.
673 829 881 903 Χρόνον
905 828 961 881 δὲ
983 827 1127 895 λέγει
1148 823 1354 878 καὶτὸν
1377 822 1485 893 πρὸ
1532 819 1626 875 τοῦ
1656 818 1858 881 πάθους

282 929 495 997 καιρὸν,
527 926 622 979 καὶ
671 925 851 976 πᾶσαν
881 918 979 989 τὴν
1008 917 1103 971 νῦν
1136 915 1302 987 ζωὴν,
1330 916 1419 968 διά
1449 910 1859 984 φιλανθρωπίαν

284 1018 727 1091 προτρεπόμενος
762 1013 960 1075 αὐτοὺς
987 1012 1065 1073 είς
1102 1009 1305 1063 πίστιν.

356 1082 439 1164 Οί-
459 1112 515 1163 ὲν
545 1082 623 1177 τῷ
655 1106 795 1174 φωτὶ
835 1097 1264 1173 περιπατοῦντες
1292 1136 1305 1159 ,
1341 1096 1448 1148 υἱοὶ
1478 1094 1654 1164 φωτὸς
1683 1092 1861 1161 γίνον·
1909 1082 1913 1089 ’

283 1220 397 1267 ται,
428 1203 502 1262 ώς
544 1198 638 1251 καὶ
674 1196 787 1250 ἄνω
817 1195 965 1256 uio-6;
993 1190 1128 1244 Θεοῦ
1156 1186 1277 1242 εἷπε
1306 1186 1433 1249 τοὺς
1462 1184 1686 1244 πιστούς
1713 1199 1728 1214 ·
1761 1182 1860 1252 μία

285 1294 396 1364 γὰρ
434 1290 689 1360 ἐνέργεια
723 1285 937 1355 [ἰατρὸς
966 1283 1061 1336 καὶ
1099 1279 1254 1333 Υἱοῦ.
1293 1277 1445 1339 Ὁδὸς
1474 1274 1532 1328 δὲ
1563 1272 1858 1345 σωτηρίας,

286 1387 321 1455 ή
350 1384 429 1446 είς
476 1379 710 1452 Χριστὸν
754 1377 967 1439 πίστις,
999 1374 1123 1444 ἣτις
1152 1372 1299 1424 ποιεῖ
1338 1368 1488 1432 υἱοὺς
1533 1366 1732 1436 φωτὸς,
1766 1365 1862 1418 καὶ

286 1475 381 1528 τοῦ
412 1471 624 1543 Πατρός
645 1487 658 1500 '
692 1471 807 1540 φῶς
836 1468 945 1538 γάρ
985 1468 1013 1519 6
1044 1465 1173 1529 Υἱὸς
1199 1464 1293 1516 καὶ
1324 1463 1352 1515 6
1380 1460 1590 1531 Πατὴρ,
1625 1457 1698 1522 ὡς
1731 1458 1861 1529 μιᾶς

289 1565 525 1636 φύσεως.

363 1676 384 1710 ι
430 1656 527 1710 Διά
566 1654 726 1709 τοῦτο
775 1652 877 1706 οὐκ
926 1649 1191 1722 ἠδύναντο
1236 1646 1535 1709 πιστεύειν,
1590 1644 1671 1698 ὅτι
1702 1641 1862 1696 πάλιν

290 1745 443 1803 εἶπεν
480 1748 706 1810 Ἡσαΐας
732 1783 746 1798 .
782 1763 800 1796 ι

1324 352 1784 415 FRAGMENTA
1833 352 1908 413 IN
1954 353 2015 413 s.
2056 332 2433 413 JOANNEM.

3380 337 3538 416 61478

2041 459 2208 511 νεεδ·
2245 459 2334 512 55.
2392 477 2412 508 ι
2454 456 2741 510 Antbulate
2799 454 2919 508 dum
2966 453 3140 509 lucem
3189 452 3429 519 habetis,
3482 464 3540 508 ut

1967 562 2072 602 non
2106 563 2202 602 vos
2227 548 2460 602 tenebrat
2491 547 2969 615 coniiprelteiidant.
3010 564 3028 595 ι

2037 641 2240 695 Lucem
2288 646 2444 692 vocat
2477 636 2839 703 evangelicaut
2896 635 3232 701 doctrinam,
3287 636 3536 691 tenebras

1969 739 2152 784 autem
2184 728 2569 799 ignorantiam,
2590 726 2671 779 vel
2695 726 2980 794 impiorum
3011 726 3536 781 condemnationem.

1966 822 2085 889 Ipse
2116 820 2368 875 Christus
2394 819 2483 872 lux
2513 827 2617 873 est.
2651 817 2887 887 Tempus
2918 832 3046 870 vero
3080 818 3212 870 dicit
3238 817 3365 869 illud
3398 819 3537 883 quod

1968 911 2221 982 praecedit
2252 910 2577 981 passionem,
2610 919 2772 979 atque
2812 907 2976 962 etiam
3014 907 3180 962 totius
3209 909 3330 961 vitae
3357 908 3536 977 hujus,

1970 1002 2282 1059 humaniter
2314 1001 2432 1055 illos
2465 1001 2529 1054 ad
2559 999 2717 1053 lldem
2745 1000 3004 1055 inritans.

2039 1091 2137 1159 Qui
2173 1093 2225 1145 in
2262 1091 2379 1145 luce
2418 1091 2718 1154 ambulant,
2768 1089 2859 1142 lilii
2899 1090 3037 1144 lucis
3079 1087 3249 1153 ﬁunt;
3279 1089 3541 1157 quemad-

1973 1183 2192 1239 modum
2223 1184 2387 1239 etiam
2427 1182 2676 1250 superius
2723 1181 2938 1247 ﬁdeles,
2974 1180 3065 1235 Dei
3098 1181 3239 1235 lllios
3279 1182 3537 1236 vocavit:

1969 1292 2075 1330 una
2106 1275 2368 1345 siquidem
2398 1276 2694 1343 eademque
2711 1274 2956 1343 operatio
2983 1282 3067 1328 est
3095 1271 3272 1327 Patris
3301 1287 3364 1326 ac
3389 1270 3533 1325 Filii.

1972 1366 2066 1422 Via
2098 1383 2227 1423 vero
2257 1365 2485 1428 salutis,
2536 1374 2619 1420 est
2664 1366 2716 1419 in
2751 1363 3028 1419 Christum
3062 1364 3216 1427 lides,
3246 1378 3366 1431 quae
3402 1361 3542 1416 lucis

1969 1471 2033 1512 ac
2062 1456 2238 1512 Patris
2270 1456 2408 1511 ﬁlios
2423 1452 2620 1509 ellicit:
2650 1453 2739 1508 lux
2769 1454 2915 1509 enim
2938 1462 3062 1509 sunt
3083 1451 3252 1508 Filius
3276 1462 3331 1506 et
3355 1450 3539 1521 Pater,

1971 1558 2155 1619 utpote
2192 1549 2349 1602 unius
2381 1554 2605 1601 naturae.

2041 1640 2206 1697 Vens.
2239 1639 2331 1695 59.
2366 1657 2385 1690 ι
2420 1637 2714 1708 Propterea
2741 1650 2843 1690 non
2869 1643 3118 1704 poterant
3145 1634 3389 1700 credere,
3413 1635 3539 1704 quia

1972 1733 2168 1787 iterum
2207 1732 2339 1785 dixit
2365 1731 2549 1785 Isaias.
2588 1750 2608 1783 ι

363 1842 478 1895 Ούκ
506 1839 614 1894 ἀπὸ
645 1838 744 1909 τῆς
770 1834 1131 1909 προρρήσεως
1170 1829 1394 1885 Ἡσαΐου
1422 1826 1753 1895 ἐϐιάσθησαν
1776 1823 1864 1899 εἰς

2041 1824 2390 1895 Nequaquam
2442 1833 2661 1895 propter
2707 1823 2860 1879 lsaize
2912 1822 3313 1893 praedictionem
3365 1822 3537 1877 coacti

291 1936 353 1990 τὸ
380 1934 456 2007 μὴ
481 1931 788 2002 πεισθῆναι,
811 1929 927 1983 ἀλλ’
950 1928 1029 1982 ὅτι
1052 1927 1344 1997 δύστροποι
1366 1916 1510 1993 ἦσαν
1533 1917 1858 1989 ἠπείθησαν.

302 2026 632 2096 Ἐφόνευσαν
675 2025 723 2076 oi
764 2020 1006 2075 Ἰουδαῖοι
1038 2017 1129 2071 τὸν
1174 2015 1380 2082 Κύριον
1407 2011 1494 2066 διὰ
1520 2010 1729 2064 οἰκείαν
1768 2025 1865 2062 κα-

291 2119 533 2182 κόνοιαν,
579 2115 676 2184 οὐχ
718 2114 804 2166 ἵνα
842 2108 1175 2183 πληρώσωσι
1220 2107 1319 2170 τὰς
1365 2100 1736 2176 προφητείας,
1780 2100 1864 2153 ὅτι

290 2210 574 2273 δυσσεϐεῖς
609 2203 769 2279 ἦσαν.

366 2322 385 2356 ι
420 2301 780 2370 Τετύφλωκεν
806 2295 986 2352 αὐτῶν
1012 2295 1140 2359 τοὺς
1175 2290 1511 2363 ὀφθαλμοὺς,
1544 2289 1639 2342 καὶ
1680 2285 1867 2341 πεπώ-

296 2412 468 2469 ρωκεν
512 2391 691 2446 αὐτῶν
716 2391 817 2462 τὴν
839 2387 1089 2460 καρδίαν,
1119 2385 1207 2438 ἴνα
1240 2383 1316 2455 μὴ
1347 2382 1498 2435 ἴδωσι
1529 2382 1639 2444 τοῖς
1667 2377 1868 2448 ὀφθαλ-

295 2468 438 2558 μοῖς,
469 2484 564 2538 καὶ
590 2482 823 2553 νοήσωσι
852 2482 919 2551 τῇ
964 2476 1183 2549 καρδίᾳ,
1213 2475 1309 2529 καὶ
1341 2470 1740 2544 ὲπιστραφῶσι,
1772 2468 1866 2523 καὶ

296 2578 534 2647 ίάσωμαι
559 2572 774 2636 αὐτούς.
819 2591 839 2624 ι

362 2669 476 2739 Οὐχ
515 2667 543 2719 6
582 2665 716 2728 Θεὸς
750 2660 1047 2735 ἐπώρωσεν
1077 2659 1309 2725 αὐτοὺς,
1347 2655 1482 2713 ἀλλά
1521 2653 1866 2726 συνεχώρησε

292 2765 468 2818 ποιεῖν
507 2761 543 2816 ἃ
565 2759 755 2833 ἠθελον
781 2773 795 2788 ·
836 2757 993 2828 ἔσχον
1016 2754 1072 2808 δὲ
1098 2753 1199 2825 τὴν
1229 2750 1486 2822 πώρωσιν
1519 2750 1584 2802 ὲκ
1612 2748 1709 2819 τῆς
1740 2747 1868 2800 ἀπι-

296 2855 468 2918 στίας.
527 2849 816 2905 Ἀδύνατον
859 2847 916 2901 δὲ
955 2840 1023 2916 ἦν
1068 2843 1143 2915 μὴ
1188 2838 1542 2910 ἐκϐῆναιτὴν
1587 2836 1683 2891 τοῦ
1731 2834 1866 2889 Θεοῦ

296 2945 628 3017 πρόγνωσιν,
682 2938 1100 3011 προϐλέπουσαν
1149 2933 1247 3005 τὴν
1297 2931 1579 2995 ἀπιστίαν,
1626 2930 1727 2983 οὐκ
1776 2929 1870 2982 άν-

297 3036 669 3106 αγκάζουσαν.
725 3033 787 3084 Οί
832 3029 926 3083 οὖν
969 3027 1045 3100 μὴ
1086 3026 1378 3096 δυνάμενοι
1438 3020 1742 3086 πιστεύειν,
1806 3020 1867 3073 ού

297 3128 458 3199 φύσιν
499 3125 715 3195 ἔχουσιν
758 3120 1231 3192 ἀντιπράττουσαν
1272 3115 1352 3187 τῷ
1386 3113 1687 3176 πιστεύειν,
1733 3112 1870 3167 άλλά

298 3219 620 3291 προαίρεσιν
650 3214 861 3286 κακήν·
898 3212 979 3265 διὸ
1018 3212 1046 3263 6
1076 3207 1323 3270 διάϐολος
1362 3204 1603 3269 σκοτίζει
1652 3203 1869 3266 αὐτοὺς,

298 3314 394 3366 καὶ
457 3310 519 3363 ού
577 3307 777 3362 κωλύει
820 3307 848 3358 6
904 3303 1058 3366 Θεός.
1110 3301 1185 3353 Τὸ
1234 3300 1358 3354 Ἵνα
1403 3297 1500 3350 οὐκ
1546 3295 1875 3362 αἰτιολογίας

298 3404 469 3469 ἐστιν,
508 3399 622 3454 ἀλλ’
672 3397 979 3459 ἐκϐάσεως.
1029 3393 1104 3446 Οὐ
1148 3390 1257 3462 γὰρ
1304 3387 1492 3457 ἐπειδὴ
1544 3383 1716 3453 εἶπεν,
1775 3388 1876 3440 οὐκ

300 3495 627 3548 ἐπίστευσαν
648 3507 662 3521 ο
703 3489 816 3542 ἀλλ’
846 3489 929 3541 ὅτι
961 3486 1063 3538 οὐκ
1097 3483 1323 3554 ἔμελλον
1354 3478 1653 3544 πιστεύειν,
1701 3473 1873 3530 εἶπεν.

303 3588 366 3642 Εἰ
400 3587 458 3639 δὲ
486 3585 586 3638 οὐκ
625 3579 779 3635 εἶπεν
815 3579 985 3643 οὕτως
1015 3580 1043 3631 6
1065 3574 1476 3644 εύαγγελιστὴς,
1510 3571 1623 3625 ἀλλ’
1649 3571 1756 3623 ἀπὸ
1779 3569 1878 3639 τῆς

302 3677 644 3751 προφητείας
689 3675 791 3746 τὴν
831 3670 1087 3727 ἀπιστίαν
1133 3664 1271 3722 εἶναι
1329 3666 1515 3734 λέγει,
1545 3665 1607 3717 τὸ
1651 3661 1880 3751 ἀψευδὲς

304 3750 475 3825 θέλων
522 3768 693 3835 δεῖξαι
740 3767 839 3836 τῆς
888 3763 1166 3826 ἐκϐάσεως
1218 3762 1318 3832 τῆς
1365 3756 1704 3831 προφητείας
1758 3750 1880 3808 εἷπε

302 3862 479 3916 τοῦτο.
513 3860 612 3913 Διά
634 3858 792 3912 τοῦτο
821 3857 877 3910 δὲ
908 3854 1265 3926 προλέγουσιν
1293 3854 1341 3906 οί
1370 3850 1680 3922 προφῆται,
1712 3849 1800 3919 ἵνα
1830 3848 1879 3900 οἱ

302 3956 563 4025 νήφοντες
616 3952 877 4021 φεύγουσι
914 3947 1039 4011 τοὺς
1083 3945 1423 4006 διαϐολικοὺς
1474 3942 1722 4013 βόθρους.
1769 3939 1881 3993 Καὶ

305 4045 413 4116 γάρ
431 4044 511 4109 τὸ,
538 4043 659 4096 Οὐκ
680 4040 1000 4109 ἠδύναντο,
1027 4039 1206 4091 κεῖται
1228 4035 1351 4089 ἀντὶ
1368 4032 1484 4099 τοῦ,
1497 4034 1619 4086 Οὐκ
1635 4030 1880 4100 ἤθελον.

308 4136 416 4190 Καὶ
470 4134 578 4205 γὰρ
626 4133 722 4186 καὶ
768 4132 825 4184 ὲν
879 4129 1057 4192 ἄλλοις
1116 4128 1347 4198 δύναμιν
1397 4125 1495 4196 τὴν
1554 4122 1877 4195 προαίρεσιν

307 4227 559 4297 νοοῦμεν.

391 4315 711 4386 Ἀμμωνίου
740 4314 835 4367 καὶ
867 4313 1168 4369 Ἰωάννου.
1212 4312 1324 4381 Οὐχ
1352 4313 1381 4364 6
1407 4309 1539 4371 Θεὸς
1584 4307 1882 4378 ἐπώρωσεν

307 4409 480 4465 αὐτῶν
501 4407 600 4478 τὴν
626 4406 852 4477 καρδίαν
874 4400 930 4477 (ἧ
955 4404 1062 4476 γὰρ
1086 4403 1151 4457 ἂν
1176 4402 1274 4456 οὐκ
1296 4403 1361 4455 ἂν
1381 4400 1659 4471 ἀπῄτησεν
1686 4398 1882 4460 αὐτοὺς

1969 1921 2096 1969 sunt
2128 1928 2231 1967 non
2265 1915 2519 1978 credere;
2554 1914 2647 1967 sed
2679 1913 2806 1983 quia
2854 1912 3089 1983 improbi
3119 1921 3306 1976 erant,
3338 1912 3542 1966 idcirco

1972 2019 2076 2059 non
2122 2004 2434 2058 credebant.
2480 2002 2701 2073 Proliria
2749 2018 2845 2058 sua
2903 2003 3107 2058 malitia
3158 2002 3325 2059 Judaei
3362 2003 3545 2058 Domi-

1969 2110 2095 2148 num
2123 2094 2464 2156 occiderunt,
2497 2109 2600 2147 non
2635 2103 2692 2147 ut
2723 2094 3009 2164 implerent
3044 2094 3375 2164 prophetias,
3410 2107 3543 2162 quo-

1969 2185 2115 2238 niam
2146 2184 2293 2254 impii
2328 2194 2505 2239 erant.

2038 2275 2204 2332 Vens.
2271 2277 2361 2334 40.
2414 2295 2433 2327 ι
2483 2275 2793 2357 Excaecavit
2840 2277 3030 2331 oculos
3080 2291 3304 2341 eorum,
3357 2285 3409 2331 et
3463 2277 3545 2331 in-

1969 2370 2180 2424 duravit
2228 2384 2321 2424 cor
2363 2383 2548 2423 eorum
2584 2386 2598 2422 :
2630 2379 2685 2421 ut
2719 2384 2823 2423 non
2858 2369 3077 2423 videant
3106 2369 3301 2435 oculis,
3339 2377 3392 2422 et
3437 2384 3542 2422 non

1972 2461 2269 2532 intelligant
2319 2462 2517 2527 corde,
2548 2470 2602 2517 et
2632 2468 3037 2527 cotivertantur,
3068 2471 3123 2516 et
3150 2475 3334 2516 sanem
3366 2474 3478 2516 eos.
3518 2478 3538 2513 ι

2038 2654 2224 2725 Neque
2268 2654 2408 2709 Deus
2456 2669 2548 2709 eos
2593 2652 2897 2717 induravit,
2933 2651 3026 2706 sed
3064 2650 3312 2722 permisit
3361 2650 3542 2706 facere

1970 2763 2093 2817 qua:
2120 2746 2350 2811 vellent;
2385 2745 2621 2800 indurati
2658 2754 2838 2798 autem
2866 2751 2995 2798 sunt
3026 2742 3399 2797 incredulitate
3425 2757 3542 2800 sua.

1969 2838 2114 2893 Fieri
2157 2853 2318 2907 porro
2367 2837 2658 2906 nequibat,
2704 2844 2762 2889 ut
2803 2848 2908 2889 non
2938 2822 3543 2896 evaderent‘inlideles,
3624 2846 3634 2855 '

1970 2946 2109 3003 quos
2138 2930 2229 2986 Dei
2260 2930 2609 2999 praecognitio
2636 2928 2977 2997 praeviderat,
3004 2925 3126 2981 licet
3157 2940 3260 2980 non
3291 2934 3546 2993 coegerat

1972 3024 2036 3079 ad
2062 3038 2167 3078 non
2198 3022 2547 3078 credendum.
2571 3020 2673 3088 Qui
2705 3020 2885 3089 itaque
2913 3033 3017 3072 non
3050 3026 3272 3087 possunt
3296 3018 3541 3081 credere,
3632 3043 3636 3051 ι

1973 3130 2079 3171 non
2108 3123 2354 3169 naturam
2405 3113 2601 3166 habent
2648 3110 2771 3164 lldei
2818 3112 3240 3179 repugnantem,
3289 3107 3383 3162 sed
3425 3121 3546 3176 per-

1975 3222 2185 3262 versam
2215 3207 2544 3260 voluntatem
2602 3220 2615 3256 :
2660 3213 2988 3272 quapropter
3046 3200 3292 3255 diabolus
3321 3214 3415 3254 eos
3445 3213 3538 3252 ex-

1976 3310 2162 3365 caecat,
2198 3296 2308 3352 Deo
2336 3312 2439 3351 non
2476 3294 2822 3365 impediente.
2854 3291 2966 3345 Vox
2999 3290 3065 3345 Ut
3100 3306 3203 3346 non
3234 3306 3413 3345 causae
3440 3300 3544 3357 est,

1977 3390 2070 3446 sed
2098 3395 2341 3443 eventus.
2385 3385 2571 3455 Neque
2613 3386 2757 3440 enim
2790 3384 2916 3453 quia
2960 3384 3114 3449 dixit,
3152 3398 3255 3439 non
3303 3383 3548 3438 credide-

1980 3492 2133 3549 runt;
2169 3482 2262 3538 sed
2310 3482 2437 3550 quia
2473 3495 2579 3534 non
2614 3488 2771 3533 erant
2810 3478 3090 3542 credituri,
3125 3476 3244 3531 ideo
3294 3477 3451 3530 dixit.
3488 3473 3547 3530 Si

1980 3584 2159 3628 autem
2186 3588 2287 3627 non
2315 3573 2386 3626 ita
2410 3570 2602 3625 dixerit
2626 3568 2975 3639 evangelista,
3000 3569 3093 3622 sed
3118 3566 3547 3621 incredulitatem

1982 3683 2011 3721 a
2056 3663 2330 3735 prophetia
2384 3662 2659 3717 exstitisse
2716 3670 2961 3726 asserat;
3001 3659 3126 3714 hinc
3176 3658 3291 3713 vult
3320 3670 3550 3714 eventus

1981 3753 2281 3824 prophetia:
2314 3753 2595 3806 veritatem
2640 3766 2704 3806 ac
2746 3751 3128 3805 certitndinem
3154 3749 3547 3809 demonstrare.

1982 3842 2190 3898 Idcirco
2219 3851 2397 3895 autem
2424 3839 2601 3893 futura
2627 3840 2921 3909 praedicunt
2948 3841 3239 3909 prophetae,
3265 3848 3323 3892 ut
3346 3839 3547 3907 scapuli

1981 3933 2228 3989 diabolici
2258 3932 2542 4000 diligenter
2571 3932 2857 3986 evitentur.
2897 3929 3107 3984 Etenim
3131 3930 3249 3983 Non
3287 3939 3547 3997 pateram,

1982 4027 2198 4099 ponitur
2228 4040 2325 4095 pro
2374 4024 2662 4078 Nolebant.
2711 4022 2849 4076 Nam
2880 4032 2935 4077 et
2982 4023 3035 4076 in
3068 4021 3188 4075 aliis
3229 4028 3550 4089 potestatem

1984 4119 2124 4174 idem
2157 4132 2220 4172 ac
2245 4116 2580 4172 voluntatem
2604 4123 2658 4170 et
2691 4115 3022 4184 propositum
3059 4113 3430 4182 intelligimus.

2042 4291 2306 4346 Ammonii
2340 4301 2394 4347 et
2439 4288 2688 4343 Joannis.
2722 4286 2836 4343 Non
2878 4288 3018 4343 Deus
3057 4302 3149 4341 cor
3174 4301 3359 4342 eorum
3394 4286 3551 4340 indu-

1985 4386 2143 4451 ravit,
2180 4385 2304 4455 quia
2340 4399 2443 4438 non
2473 4385 2539 4438 ab
2562 4383 2639 4436 eis
2674 4381 2937 4436 rationem
2981 4387 3184 4449 peteret
3211 4379 3255 4432 si
3307 4377 3552 4431 involun-

307 4500 558 4565 εὐθύνας,
593 4500 725 4552 ὅπου
757 4515 820 4566 γε
859 4498 955 4551 καί¹
979 4495 1047 4549 τά
1072 4493 1301 4548 ἀκούσια
1339 4491 1651 4569 πταίσματα
1676 4505 1874 4557 συγχω-

1990 4477 2140 4530 tariis
2192 4483 2395 4528 tantum
2440 4481 2796 4544 gravarentur
2854 4469 3064 4537 culpis;
3101 4468 3198 4522 sed
3251 4467 3476 4522 callidos
3519 4482 3550 4520 a

312 4594 437 4665 ρετ),
455 4592 581 4656 τοὺς
614 4590 672 4644 δὲ
703 4587 1035 4660 δυστρόπους
1059 4583 1435 4655 τυφλωθὲντας
1461 4581 1566 4635 ὑπὸ
1587 4579 1680 4634 τοῦ
1701 4579 1880 4665 διαϐὀῖ

308 4662 404 4739 λου
439 4682 803 4755 παραδίδωσιν
827 4681 907 4743 είς
932 4678 1103 4740 πάθος
1125 4678 1218 4731 καὶ
1262 4674 1522 4743 ἀδόκιμον
1550 4672 1709 4726 νοῦν·
1752 4672 1809 4723 ὲν
1837 4662 1881 4737 ᾧ

306 4777 415 4848 γάρ
466 4773 698 4829 τοιοῦτοί
748 4772 907 4836 εἰσιν,
964 4770 1024 4822 ού
1066 4768 1271 4822 δίκαιον
1310 4766 1507 4830 αὐτοὺς
1547 4764 1755 4833 γνῶναι
1786 4762 1881 4815 τοῦ

309 4867 605 4938 μυστηρίου
624 4865 686 4918 τὸ
717 4863 899 4934 βάθος,
922 4862 1048 4924 τοὺς
1076 4859 1175 4930 τῆς
1195 4856 1431 4921 διανοίας
1462 4856 1641 4910 αὐτῶν
1674 4854 1880 4925 μύσαν-

305 4975 402 5021 τας
434 4954 769 5025 ὀφθαλμούς.
808 4951 1034 5026 [Clum]

382 5067 400 5100 ι
455 5046 663 5115 Ἰησοῦς
694 5045 752 5097 δὲ
775 5042 1001 5114 ἔκραξε,
1037 5043 1132 5098 καὶ
1161 5038 1317 5096 εἶπεν
1336 5057 1349 5070 ·
1408 5041 1466 5093 '0
1496 5035 1766 5092 πιστεύων
1802 5035 1883 5098 είς

306 5139 431 5210 ἐμὲ,
475 5140 537 5190 ού
585 5135 832 5189 πιστεύει
872 5137 952 5198 είς
994 5135 1127 5205 ἐμὲ,
1159 5133 1273 5188 ἀλλ’
1323 5134 1405 5196 είς
1443 5131 1535 5185 τὸν
1588 5126 1883 5199 πέμψαντά

310 5249 400 5303 με.
440 5250 458 5281 ο

378 5345 476 5399 Διά
502 5344 562 5397 τὸ
600 5340 823 5403 ἀσθενὲς
854 5339 962 5393 τῶν
1002 5338 1306 5409 ἀκροατῶν,
1336 5337 1410 5401 ώς
1438 5335 1726 5404 ἄνθρωπος
1754 5330 1882 5387 ὲλά-

307 5439 409 5491 λει.
450 5437 537 5499 Ὠς
565 5435 633 5489 ἂν
670 5432 802 5507 εἴπῃ
820 5448 835 5463 ο
864 5432 1035 5484 Ὅταν
1060 5427 1171 5497 ἐγὼ
1195 5427 1462 5499 τιμῶμαι,
1498 5426 1574 5496 μὴ
1599 5424 1883 5496 ἄνθρωπον

306 5528 567 5601 νομίσητε
592 5527 759 5597 τιμᾷν
775 5542 788 5555 ’
815 5524 882 5578 δι’
913 5521 1047 5593 ἐμοῦ
1071 5519 1180 5591 γὰρ
1200 5522 1228 5573 6
1252 5518 1441 5590 Πατὴρ
1467 5518 1715 5589 τιμᾶται.

385 5729 403 5763 ι
447 5707 557 5764 Καὶ
585 5707 613 5760 6
641 5703 866 5777 θεωρῶν
896 5701 1018 5774 ἐμὲ,
1048 5699 1244 5772 θεωρεί
1267 5697 1356 5752 τὸν
1382 5693 1671 5767 πέμψαντά
1698 5710 1787 5766 με.
1822 5709 1840 5743 ›

1989 4565 2200 4621 diabolo
2244 4565 2490 4619 cazcitate
2546 4561 2770 4615 affectos
2818 4560 2869 4612 in
2926 4557 3229 4625 passionem
3279 4555 3447 4608 tradit
3496 4564 3553 4608 et

1985 4673 2300 4728 perversum
2351 4670 2594 4710 sensum.
2644 4652 2680 4706 li
2704 4653 2844 4705 enim
2873 4646 3043 4703 Judaei
3072 4649 3161 4716 qui
3210 4657 3267 4701 nt
3307 4646 3552 4715 mysterii

1984 4749 2319 4804 altitudinem
2354 4746 2731 4815 dignoscercut
2764 4752 2919 4796 erant
2967 4739 3168 4808 indigni
3197 4779 3214 4806 ,
3240 4737 3435 4807 quippe
3458 4736 3551 4804 qui

1981 4839 2170 4894 oculos
2195 4837 2392 4891 mentis
2423 4835 2751 4889 clauserant.

2055 5014 2219 5070 Vsus.
2256 5011 2345 5069 44.
2391 5029 2411 5061 ι
2450 5008 2607 5065 .lesus
2635 5015 2811 5061 autem
2841 5000 3119 5066 clamavit,
3158 5007 3212 5054 et
3235 4996 3368 5051 dixit
3402 5012 3416 5049 :
3452 4994 3552 5062 Qui

1985 5111 2158 5167 credit
2188 5110 2241 5164 in
2266 5122 2374 5173 me,
2396 5120 2502 5160 non
2527 5102 2698 5159 credit
2720 5100 2775 5155 in
2798 5113 2904 5164 me,
2925 5096 3022 5152 sed
3045 5094 3097 5149 in
3122 5107 3244 5148 eum
3279 5088 3367 5160 qui
3403 5088 3553 5143 misit

1988 5219 2095 5260 me.
2135 5223 2153 5255 ι

2056 5296 2281 5381 Propter
2326 5306 2747 5365 imbecillitatem
2793 5299 3152 5359 audientium,
3181 5302 3240 5348 ut
3266 5292 3431 5348 homo
3475 5289 3554 5345 lo-

1984 5406 2270 5475 qnchatur.
2307 5402 2384 5455 Ac
2427 5399 2470 5454 si
2523 5398 2729 5451 diceret
2762 5408 2775 5444 :
2813 5388 3041 5457 Quando
3070 5401 3170 5457 ego
3197 5386 3456 5445 honoror,
3488 5393 3556 5433 ne

1985 5496 2307 5553 existimetis
2344 5507 2443 5547 vos
2477 5489 2749 5545 hominem
2799 5485 3094 5547 honorare,
3142 5492 3236 5549 per
3274 5488 3362 5530 ,ηε
3408 5470 3553 5527 enim

1984 5588 2145 5642 Pater
2173 5586 2490 5638 honoratur.

1984 5736 1991 5743 ,
2062 5680 2223 5734 Vsus.
2254 5675 2345 5730 45’.
2382 5692 2399 5727 ι
2439 5673 2500 5728 Ει
2542 5670 2634 5742 qui
2670 5670 2816 5726 videt
2848 5679 2966 5733 me,
2992 5661 3138 5719 videt
3169 5670 3313 5722 eum,
3336 5651 3428 5725 qui
3456 5649 3558 5707 mi-

1987 5772 2057 5829 sit
2089 5785 2194 5827 me.
2242 5788 2259 5820 ι
