4130 6544
316 464 445 529 1.531
1365 468 1821 531 FRAGMENTA
1868 469 1949 530 IN
1992 472 2050 532 S.
2091 467 2464 533 JOANNEM.
2847 467 2857 483 ’
3430 475 3567 546 1482

390 596 408 627 ι
450 577 557 629 Καὶ
582 576 799 630 δείπνου
831 578 1147 649 γενομένου,
1166 577 1260 631 τοῦ
1280 578 1529 632 διαῦόλου
1559 581 1660 653 ἤδη
1693 582 1885 655 βεϐλη-
1913 597 1959 652 Α

1929 597 1959 652 λ
2060 582 2223 640 Vsus.
2254 585 2309 639 2.
2345 605 2364 638 ι
2402 584 2467 640 Ει
2500 602 2654 643 cmua
2679 588 2843 657 facta,
2874 606 2995 647 cum
3026 592 3271 649 diabolus
3308 594 3419 663 jam
3456 599 3560 652 mi-

313 669 472 730 κότος
507 669 586 730 εἰς
618 668 719 738 τὴν
750 665 978 734 καρδίαν
1023 667 1196 722 Ἰούδα
1234 668 1479 739 Σίμωνος
1536 670 1883 743 Ἰσκαριώτου

1988 675 2149 731 sisset
2175 675 2229 729 in
2261 690 2379 740 cor,
2422 687 2481 730 ut
2518 680 2755 736 traderet
2773 696 2907 752 ,eum
2948 680 3116 739 Judas
3152 682 3389 742 Simonis
3418 687 3564 743 lsca-

313 760 401 813 ῖνα
428 760 591 814 αὐτὸν
621 760 871 831 παραδῷ.
912 778 931 812 ι

621 760 871 831 παραδῷ.
912 778 931 812 ι
1988 765 2163 821 τίοιαε.
2202 786 2222 819 ι

381 871 462 941 Τῇ
491 870 717 941 πέμπτῃ
767 867 830 922 τδ
865 868 1100 931 δεῖπνον,
1118 868 1184 937 τῇ
1209 868 1429 939 τετράδι
1458 870 1487 923 6
1522 868 1724 932 Ἰούδας
1765 886 1888 924 συν-

2058 879 2218 936 Feria
2265 882 2451 954 quinta
2507 900 2663 943 coena
2707 897 2843 958 erat,
2875 901 3069 961 quarta
3103 909 3233 952 vero
3284 900 3565 954 constituit

311 962 464 1016 έθετο
493 960 825 1032 παραδοῦναι
857 959 947 1013 τὸν
980 958 1236 1031 Χριστόν.
1290 959 1382 1013 Διὸ
1412 957 1531 1013 εἷπε
1559 976 1573 990 ⁸
1613 960 1724 1015 Τοῦ
1768 961 1890 1016 δια-

1986 968 2266 1027 Christum
2314 976 2567 1043 prodere.
2619 957 2834 1036 Idcirco
2873 957 3011 1038 dixit
3063 1002 3079 1040 :
3131 986 3264 1041 Cum
3315 992 3562 1048 diabolus

202 1070 207 1075 '
311 1055 496 1108 ὄόλου
524 1051 639 1122 ἤδη
663 1051 1037 1120 ,βεϐληκότος
1068 1052 1156 1116 εὶς
1187 1050 1303 1119 τὴν
1332 1052 1604 1121 καρδίαν,
1634 1053 1733 1107 ἵνα
1771 1070 1833 1107 πί

1649 1053 1733 1107 ἴνα
1771 1070 1887 1107 πα·
1977 1061 2096 1131 jam
2131 1064 2355 1120 misiuet
2388 1068 2445 1122 in
2472 1084 2582 1136 cor,
2601 1079 2657 1124 ut
2692 1072 2921 1128 traderet
2948 1075 3280 1135 eumJudas.

302 1145 469 1216 ραδῷ
503 1146 691 1200 αὐτὸν
724 1145 977 1211 Ἰούδας.
2280 1223 2291 1235 θ

388 1258 406 1290 ι
450 1238 667 1302 Εἰδὼςὸ
703 1238 908 1307 Ἰησοῦς
944 1241 1026 1294 δτι
1067 1239 1246 1293 πάντα
1271 1238 1502 1292 δέδωκεν
1539 1237 1688 1310 αύτῷ
1717 1240 1745 1292 6
1778 1240 1888 1294 Πα-

2062 1239 2225 1298 Vsns.
2257 1244 2312 1299 5.
2348 1263 2367 1297 ι
2400 1244 2590 1303 Sciens
2622 1249 2751 1320 quia
2787 1253 2969 1307 omnia
3014 1254 3162 1310 dedit
3198 1258 3249 1312 ei
3296 1256 3460 1315 Pater
3509 1263 3560 1315 in

311 1330 416 1401 τὴρ
452 1332 530 1394 είς
556 1332 655 1393 τὰς
687 1334 898 1401 χεῖρας,
927 1330 1024 1384 καὶ⁵
1077 1331 1159 1385 ὅτι
1202 1332 1312 1385 ἀπὸ
1375 1330 1511 1384 Θεοῦ
1542 1332 1757 1403 ἐξῆλθε,
1793 1334 1886 1390 καὶ

1987 1348 2201 1401 manus,
2230 1346 2284 1391 et
2309 1339 2434 1408 quia
2461 1353 2491 1393 a
2521 1340 2632 1396 Deo
2680 1344 2873 1411 exivit,
2904 1354 2959 1401 et
2988 1347 3054 1401 ad
3090 1348 3258 1405 Deum
3294 1353 3465 1407 vadit.
3502 1372 3520 1405 ι

312 1424 452 1494 πρὸς
487 1424 577 1475 τὸν
607 1422 738 1476 Θεὸν
768 1424 988 1491 ὑπάγει.
1030 1443 1050 1478 ι

316 1530 319 1531 ⁷
382 1515 690 1586 Παράδοσιν
734 1515 889 1567 καλεῖ
942 1514 1041 1587 τῆν
1078 1515 1189 1569 τῶν
1244 1514 1453 1568 πιστῶν
1486 1516 1782 1588 σωτηρίαν,
1818 1517 1885 1588 ἢν

2057 1514 2429 1573 Traditionem
2458 1527 2617 1574 vocat
2662 1520 2901 1577 ﬁdelium
2942 1526 3199 1591 salutem,
3244 1545 3405 1600 quam
3447 1531 3563 1603 ipse

310 1604 405 1658 καὶ
443 1605 605 1668 αὐτὸς
668 1603 1127 1676 άντιπαραδίδωσι
1191 1603 1271 1675 τῷ
1318 1605 1515 1676 Πατρὶ,
1558 1606 1642 1660 ὅτι
1694 1607 1759 1658 ὲκ
1787 1607 1887 1679 τῆς

1986 1604 2132 1661 Patri
2166 1609 2439 1676 retribuit,
2468 1612 2725 1680 quoniam
2766 1629 2832 1669 ex
2865 1617 3167 1673 substantia
3214 1620 3394 1679 Patris
3443 1634 3562 1680 erat

307 1696 497 1760 ούσέας
525 1695 786 1767 ἐγεννήθη
816 1696 911 1749 τοῦ
936 1696 1173 1767 Πατρός.

591 1695 786 1767 εννήθη
816 1696 911 1749 τοῦ
936 1696 1173 1767 Πατρός.
1985 1696 2222 1765 genitus.

384 1808 402 1840 ί
447 1788 554 1842 Καὶ
585 1788 764 1841 λαϐὼν
786 1788 1013 1855 λέντιον,
1055 1786 1313 1851 διέζωσεν
1346 1786 1559 1841 ἑαυτόν.
1606 1806 1626 1840 ι

2061 1787 2226 1844 Vens.
2253 1789 2310 1844 4.
2364 1808 2385 1842 ι
2435 1790 2502 1846 Et
2541 1805 2667 1848 cum
2719 1796 3026 1865 accepisset
3062 1798 3311 1869 linteum,
3334 1806 3563 1875 pracin-

1988 1879 2069 1933 xit
2090 1896 2171 1935 se.
2214 1899 2235 1933 ι

380 1969 520 2039 ’Ὀρα
550 1966 663 2031 πῶς
693 1967 753 2021 ού
794 1966 871 2038 τῷ
900 1966 1050 2036 νίψαι
1084 1963 1267 2036 μόνον,
1302 1964 1441 2021 ἀλλὰ
1463 1965 1557 2018 καὶ
1591 1964 1795 2034 ἑτέρως
1817 1962 1879 2017 τὸ
1916 1942 1959 1998 Β

1933 1944 1959 1998 3
2057 1971 2348 2029 Considera
2401 1976 2674 2045 quomodo
2738 1994 2846 2034 non
2919 1980 3156 2040 lavando
3208 1985 3408 2054 solum,
3465 1986 3564 2046 sed

304 2061 560 2116 ταπεινὸν
592 2060 946 2114 ἐνδείκνυται.
991 2058 1064 2112 Οὐ
1098 2057 1207 2128 γὰρ
1235 2057 1366 2129 πρὶν
1394 2057 1428 2130 ἢ
1457 2056 1876 2126 κατακλιθῆναι,

1987 2063 2151 2118 etiam
2182 2065 2341 2121 aliter
2373 2067 2732 2125 humilitatem
2767 2075 3025 2130 ostendit.
3058 2077 3179 2133 Non
3206 2081 3351 2134 enim
3376 2082 3563 2149 prius-

308 2154 450 2209 ἀλλὰ
505 2152 645 2225 μετὰ
682 2152 744 2206 τὸ
793 2154 1089 2206 ἀναπεσεῖν
1119 2152 1349 2216 πάντας,
1408 2148 1534 2202 τότε
1598 2146 1875 2215 Ἀνέστη,

1986 2168 2148 2222 quam
2179 2158 2612 2227 discumberent,
2653 2166 2747 2219 sed
2786 2178 2909 2236 post
2944 2171 3184 2225 omnium
3229 2146 3559 2244 accubitum,

307 2246 409 2300 καὶ
448 2244 692 2301 λέντιον
732 2241 1147 2311 περιεζώσατο.
1202 2242 1312 2295 Καὶ
1340 2240 1462 2295 οὐδὲ
1489 2239 1663 2310 τούτῳ
1711 2238 1881 2310 ἠρκέ-

1984 2244 2170 2316 Surgit
2207 2265 2239 2302 a
2279 2266 2457 2315 εοεηα,
2491 2262 2539 2306 et
2576 2254 2737 2310 linteo
2787 2273 2841 2312 se
2885 2263 3186 2328 praecinxit.
3241 2262 3430 2337 Neque
3479 2238 3562 2323 his

308 2340 436 2410 σοη,
478 2338 614 2392 ἀλλὰ
646 2338 740 2390 καὶ
772 2335 947 2405 ⁸αὐτὸς
984 2335 1208 2405 ὲγέμισε
1240 2335 1330 2389 τὸν
1356 2334 1614 2405 νιπτῆρα,
1651 2333 1746 2386 καὶ
1783 2332 1879 2402 οὐχ

1987 2347 2294 2407 contentus,
2328 2344 2444 2412 ipse
2481 2345 2678 2413 pelvim
2706 2349 2967 2419 implevit,
3015 2363 3070 2408 et
3117 2332 3358 2412 nemine'
3387 2359 3561 2416 altero

304 2433 478 2503 ινέρῳ
506 2429 785 2501 ἐμπλῆσαι
815 2427 1121 2493 ἐκέλευσεν,
1150 2426 1286 2480 ἀλλὰ
1319 2425 1497 2481 πάντα
1527 2424 1691 2487 αὐτὸς
1716 2423 1882 2496 ἐργά-

1980 2428 2157 2499 jusso,
2200 2432 2428 2502 ipsemet
2455 2438 2637 2492 omnia
2678 2438 2853 2510 fecit;
2904 2447 3153 2516 exemplo
3182 2449 3404 2516 docens,
3454 2466 3560 2506 non

304 2524 457 2589 ζεται
486 2523 682 2587 ταῦτα,
723 2522 813 2575 διὰ
843 2521 1061 2574 πάντων
1106 2519 1342 2583 δεικνὺς,
1383 2520 1466 2573 δτι
1494 2518 1596 2588 οὐχ
1640 2518 1881 2588 ἀφοσιω-

1988 2526 2217 2581 remisse
2248 2540 2311 2581 ac
2337 2525 2533 2599 frigide
2565 2528 2897 2600 ejuscemodi
2924 2552 3108 2606 opera,
3140 2541 3234 2595 sed
3279 2556 3440 2612 quam
3474 2542 3560 2597 di-

307 2618 483 2687 μένως
522 2615 605 2668 δεῖ
628 2616 801 2666 ποιεῖν
848 2614 918 2666 τὰ
969 2610 1217 2677 τοιαῦτα,
1270 2611 1401 2663 ὃταν
1432 2609 1700 2679 ποιῶμεν,
1740 2607 1880 2663 ἀλλὰ

1987 2616 2346 2688 ligentissime
2385 2619 2634 2678 facienda
2668 2639 2809 2681 esse.
2860 2628 3090 2685 Videtur
3133 2632 3264 2687 mihi
3296 2607 3561 2704 primum

307 2707 445 2778 μετά
479 2706 580 2777 τῆς
618 2704 949 2777 προθυμίας.
981 2703 1138 2774 Ἐμοὶ
1174 2703 1322 2756 δοκεῖ
1339 2701 1432 2756 τοῦ
1452 2701 1711 2773 προδότου
1730 2701 1880 2771 πρῶ-

1988 2709 2161 2780 ipsius
2190 2713 2715 2782 proditorislavasse
2746 2721 2931 2790 pedes.
2960 2721 3140 2793 Coepit
3162 2701 3340 2791 enim,
3360 2728 3557 2799 inquit,

302 2818 392 2853 τον
435 2799 585 2868 νίψαι
633 2798 761 2861 τοὺς
812 2797 999 2860 πόδας.
1047 2796 1292 2867 Ἤρξατο
1334 2794 1454 2866 γὰρ,
1488 2795 1701 2849 νίπτειν
1748 2795 1875 2859 τοὺς

1625 2811 1701 2848 ειν
1748 2795 1875 2859 τοὺς
1986 2802 2170 2860 lavare
2202 2805 2390 2876 pedes,
2422 2816 2476 2863 et
2510 2808 2636 2866 inde
2670 2813 2827 2868 venit
2848 2813 2917 2869 ad
2954 2814 3202 2873 Petrum.
3248 2834 3256 2839 ·

312 2892 490 2955 πόδας,
522 2890 675 2960 φησὶ,
706 2890 800 2943 καὶ
833 2891 954 2943 τότε
988 2880 1118 2961 ἦλθε
1141 2888 1278 2959 πρὸς
1315 2888 1544 2959 Πέτρον.

378 3004 396 3035 σ
442 2982 701 3055 Ἔρχεται
751 2978 842 3035 οῦν
874 2981 1011 3053 πρὸς
1058 2981 1279 3053 Σίμωνα
1318 2980 1545 3051 Πέτρον,
1584 2980 1681 3035 καὶ
1725 2980 1875 3049 λέγει

2056 2985 2220 3043 Vsus.
2255 2988 2308 3043 6.
2341 3007 2361 3042 ι
2401 2989 2563 3046 Venit
2598 2962 2743 3063 ergo!
2779 2993 2846 3049 ad
2885 2994 3159 3052 Simonem
3206 2997 3450 3057 Petrum.
3492 3001 3561 3058 Et

302 3077 451 3148 αύτῷ
473 3079 681 3140 ἐκεῖνος
710 3092 724 3107 ο
752 3075 948 3147 Κύριε,
980 3074 1043 3128 σύ
1080 3092 1181 3146 μου
1215 3075 1427 3137 νίπτεις
1458 3074 1586 3136 τοὺς
1617 3073 1813 3138 πόδας;
1850 3092 1869 3125 ι

1850 3092 1869 3125 ι
1984 3078 2184 3134 dicitei
2218 3081 2409 3137 Petrus
2436 3101 2449 3137 :
2479 3083 2727 3152 Domine,
2773 3095 2826 3141 tu
2851 3088 2981 3143 mihi
3014 3089 3165 3147 lavas
3195 3091 3400 3162 pedes?
3434 3113 3454 3149 ο

372 3172 469 3225 Διὰ
493 3171 592 3241 τῆς
617 3171 761 3240 ἁφῆς
808 3169 1136 3240 ἐκαθάρισεν
1186 3167 1368 3222 αὐτῶν
1409 3167 1538 3229 τοὺς
1594 3166 1761 3229 πόδας
1795 3166 1875 3230 είς

2053 3173 2158 3228 Per
2186 3185 2449 3231 attactum
2506 3179 2785 3237 inundavit
2826 3182 2990 3250 pedes
3015 3197 3224 3249 eorum,
3256 3184 3313 3241 in
3350 3202 3559 3258 praepa-

302 3264 621 3334 ἐτοιμασίαν
650 3261 744 3316 τοῦ
772 3259 1126 3329 Εὐαγγελίου.
1160 3261 1319 3327 Ἀγει
1347 3257 1401 3311 δὲ
1430 3257 1525 3311 καὶ
1558 3258 1638 3320 είς
1683 3272 1874 3310 ταπει-
1903 3302 1933 3361 c

1921 3302 1946 3361 3
1987 3264 2250 3321 rationem
2277 3266 2576 3338 Evangelii.
2600 3268 2742 3337 Quin
2769 3282 2825 3331 et
2848 3274 2915 3328 ad
2936 3274 3298 3333 humilitatem
3325 3278 3552 3339 inducit.

301 3370 400 3423 νοφ
408 3369 656 3423 ροσυνην.

377 3464 395 3497 ι
446 3443 571 3497 Ἐάν
601 3441 830 3515 μὴνίψω
858 3458 936 3508 σε,
966 3441 1069 3495 οῦκ
1112 3439 1257 3511 ἔχεις
1286 3438 1451 3510 μέρος
1488 3437 1607 3509 μετ’
1647 3436 1808 3509 ἐμοῦ.
1849 3456 1867 3489 ι

2054 3428 2220 3497 Vens.
2251 3442 2305 3499 8.
2339 3462 2357 3496 ι
2396 3443 2452 3499 Si
2482 3462 2586 3501 non
2616 3446 2804 3505 lavero
2848 3458 2921 3514 te,
2957 3465 3065 3506 non
3099 3450 3327 3509 habebis
3344 3462 3553 3525 partem

1981 3548 2135 3587 ιηεευ
2145 3551 2216 3588 Ill.
2258 3553 2277 3589 ι

383 3623 510 3678 Ἐάν
541 3622 616 3694 μὴ
642 3620 912 3692 καταδέξῃ
934 3620 997 3674 τὸ
1029 3620 1128 3692 τῆς
1160 3616 1668 3689 ταπεινοφροσύνης
1694 3614 1876 3686 μάθη-

2050 3622 2165 3678 Nisi
2184 3625 2491 3696 susceperis
2514 3627 2813 3683 doctrinam
2839 3629 3184 3698 humilitatis,
3206 3647 3312 3688 non
3333 3633 3556 3691 habebis

304 3734 402 3787 μα,
441 3717 542 3768 οὐκ
576 3714 719 3785 ἔχεις
767 3715 931 3785 μέρος
979 3714 1098 3783 μετ’
1137 3710 1295 3783 ἐμοῦ,
1333 3707 1475 3783 ἤτοι,
1508 3709 1635 3762 Ἐὰν
1684 3709 1757 3779 μή
1794 3723 1878 3769 τις

1980 3726 2190 3784 partem
2220 3733 2453 3782 mecum,
2487 3718 2595 3782 vel,
2623 3717 2737 3776 Nisi
2768 3723 2890 3786 quis
2938 3739 3035 3795 per
3079 3726 3307 3795 gratiam
3346 3729 3552 3798 peccati

301 3806 634 3876 ἁπονίψηται
658 3805 751 3858 τὸν
771 3805 869 3876 τῆς
891 3803 1167 3875 ἁμαρτίας
1190 3801 1362 3875 ῥύπον
1387 3800 1474 3855 διὰ
1496 3801 1595 3870 τῆς
1625 3802 1872 3871 χάριτος,

1982 3809 2171 3863 sordes
2233 3811 2499 3879 ahluerit,
2551 3830 2658 3869 non
2712 3824 3082 3886 consequetur
3126 3817 3316 3884 vitam,
3374 3834 3554 3891 neqna

299 3902 362 3954 οὐ
393 3901 653 3970 τυγχάνει
684 3898 780 3969 τῆς
804 3895 971 3969 ζωῆς,
991 3895 1117 3950 οὔτε
1148 3894 1412 3951 ἀπολαύει
1440 3894 1538 3965 τῆς
1568 3891 1679 3946 τῶν
1704 3892 1873 3962 ούρα-

1157 3894 1412 3951 Ξιπολαύει
1440 3894 1538 3965 τῆς
1568 3891 1679 3946 τῶν
1704 3892 1873 3962 οὺρα-
1980 3915 2147 3971 regno
2176 3901 2433 3959 caelorum
2472 3909 2736 3977 potietur.
2785 3906 2788 3910 ’

300 3996 405 4051 νῶν
433 3992 734 4065 βασιλείας.

379 4128 400 4162 ι
444 4108 604 4176 Λέγει
634 4104 831 4177 αύτῷό
872 4103 1077 4177 Ἰησοῦς
1108 4120 1122 4135 ο
1166 4104 1225 4157 '0
1246 4102 1569 4174 λελουμένος
1594 4101 1656 4155 ού
1686 4098 1877 4171 χρείαν

2052 4098 2214 4156 Vsus.
2258 4101 2345 4157 10.
2376 4120 2395 4154 ι
2442 4104 2583 4160 Dicit
2613 4104 2894 4163 ciJesus:
2947 4106 3048 4177 Qui
3090 4111 3233 4168 lotus
3285 4123 3392 4181 est,
3442 4131 3549 4172 non

300 4200 414 4271 ἔχει
439 4199 471 4271 ῆ
497 4199 622 4261 τοὺς
661 4196 830 4260 πόδας
856 4194 1137 4265 νίψασθαι,
1164 4193 1279 4248 ἀλλ’
1310 4193 1425 4247 ἔστι
1463 4191 1703 4263 καθαρὸς
1728 4190 1873 4253 ὅλος.

1977 4191 2185 4265 indiget
2218 4196 2323 4251 nisi
2358 4205 2414 4251 ut
2445 4198 2611 4267 pedes
2652 4198 2812 4266 lavet,
2848 4203 2941 4257 sed
2977 4212 3062 4258 est
3103 4207 3339 4263 mundus
3381 4217 3547 4265 totus.

300 4292 411 4347 Καὶ
447 4293 605 4362 ὑμεῖς
640 4287 871 4362 καθαροί
902 4290 1049 4353 ἐστε,
1086 4286 1202 4341 ἀλλ’
1225 4286 1347 4356 οὐχὶ
1370 4285 1594 4349 πάντες.
1643 4305 1659 4336 ι

1523 4303 1594 4349 ες.
1643 4305 1659 4336 ι
1976 4282 2047 4337 Et
2090 4299 2185 4341 vos
2216 4287 2399 4342 mundi
2438 4290 2591 4353 estis,
2620 4291 2714 4345 sed
2748 4307 2859 4347 non
2885 4307 3097 4350 omnes.
3136 4314 3154 4347 ι

372 4382 485 4452 οὐχ
529 4383 611 4435 ὅτι
640 4380 878 4452 ῥυπαροὶ
903 4376 1065 4451 ἦσαν,
1113 4378 1297 4431 νίπτει
1325 4376 1351 4415 δ
1381 4378 1606 4442 αὐτοὺς,
1642 4378 1759 4432 ἀλλ’
1789 4380 1875 4434 ἵνα

2046 4375 2161 4434 Non
2193 4382 2331 4449 quod
2364 4383 2567 4438 sordidi
2612 4395 2818 4451 essent,
2850 4401 2945 4441 eos
2993 4387 3153 4456 lavit,
3188 4390 3283 4463 sed
3325 4399 3384 4445 ut
3430 4406 3550 4447 mo-

298 4472 485 4546 διδάξῃ
504 4472 838 4543 μετριάζειν.
869 4472 943 4525 Ού
966 4469 1192 4543 λουτροῦ
1211 4468 1362 4536 τάξιν
1379 4468 1565 4541 ἐπέχει
1596 4472 1623 4523 6
1650 4471 1871 4543 νιπτὴρ,

1977 4470 2208 4527 destiam
2239 4473 2483 4530 doceret.
2538 4475 2712 4533 Pelvis
2744 4489 2925 4533 autem
2978 4496 3087 4535 non
3143 4481 3342 4537 lavacri
3374 4482 3547 4539 vicem

297 4566 416 4618 οὐδὲ
445 4564 823 4635 ἁμαρτήματα
856 4560 1127 4631 κουφίζει,
1159 4559 1275 4615 ἀλλ’
1308 4563 1389 4625 είς
1417 4561 1630 4615 τελείαν
1669 4563 1873 4636 ἀρετὴν

1975 4568 2210 4633 subibat,
2242 4583 2419 4636 neque
2460 4580 2680 4638 peccata
2719 4571 2961 4635 tollebat,
3002 4573 3096 4628 sed
3148 4574 3213 4627 ad
3246 4574 3544 4644 perfectam

299 4659 501 4727 ὁδηγεῖ.
1901 4723 1930 4727 _

1901 4723 1931 4727 _
1979 4659 2233 4714 virtutem
2262 4663 2407 4714 viam
2439 4664 2740 4719 sternebat.

369 4723 617 4820 kaﬂapo‘.
680 4742 823 4817 ἦσαν
871 4748 937 4816 τῇ
990 4744 1310 4816 διδασκαλίᾳ
1347 4743 1732 4812 φωτισθέντες,
1772 4745 1867 4799 καὶ
1901 4723 1948 4782 D

1917 4723 1948 4782 3
2043 4752 2235 4805 Mundi
2267 4763 2442 4816 erant,
2494 4762 2681 4824 utpote
2724 4756 2971 4811 doctrina
3020 4756 3335 4821 illuminati,
3373 4766 3426 4811 et
3449 4755 3548 4811 Ju-

300 4837 704 4906 ἀπαλλαγέντες
758 4840 858 4907 τῆς
910 4834 1208 4905 Ἰουδαϊκῆς
1267 4836 1493 4906 πλάνης,
1545 4836 1640 4889 καὶ
1686 4837 1867 4889 πᾶσαν

1971 4841 2127 4898 daico
2156 4858 2345 4898 errore
2370 4844 2607 4909 liberati,
2626 4854 2681 4900 et
2710 4846 2911 4904 Christi
2936 4849 3220 4919 praesentia
3251 4850 3397 4903 omni
3431 4867 3544 4904 ma-

299 4930 563 4999 πονηρίαν
593 4929 991 4999 ἀποδαλόμενοι
1022 4926 1100 4999 τῷ
1132 4930 1369 4981 συνεῖναι
1396 4926 1639 4999 Χριστῷ.
1677 4927 1757 4979 Δι’
1793 4920 1871 4980 ὧν

1972 4930 2085 4985 litia
2124 4932 2456 5002 propulsata.
2511 4933 2754 4988 Aliorum
2804 4945 2982 4990 autem
3024 4935 3244 5005 puritati
3297 4937 3542 4991 testimo-

299 5022 359 5073 δὲ
391 5024 503 5084 τοῖς
529 5020 707 5084 ἄλλοις
761 5023 1026 5093 μαρτυρεῖ
1056 5020 1429 5093 καθαρότητα,
1461 5021 1872 5092 μεμολυσμένον

1978 5024 2124 5078 nium
2151 5025 2504 5092 perhibendo,
2540 5026 2951 5097 coinquinatum
2982 5027 3244 5098 arguebat
3272 5042 3397 5083 eum
3449 5030 3542 5101 qui

299 5110 647 5165 ἀποδείκνυσι
679 5112 770 5166 τὸν
799 5114 872 5183 μὴ
909 5111 1172 5184 καθαρόν.

909 5111 1172 5184 καθαρόν.
1979 5130 2083 5170 non
2119 5125 2235 5170 erat
2270 5115 2526 5169 mundus.

376 5239 396 5273 ι
441 5221 627 5293 Ὑμεῖς
651 5223 876 5292 φωνεῖτέ
900 5241 988 5294 με,
1011 5226 1038 5278 6
1065 5219 1417 5294 Διδάσκαλος,
1443 5229 1539 5281 καὶ
1565 5228 1593 5280 6
1621 5227 1824 5301 Κύριος
1846 5243 1863 5261 σ

2051 5226 2212 5283 Vsus.
2248 5229 2335 5283 l5.
2367 5247 2385 5281 ι
2416 5229 2523 5286 Vos
2548 5231 2753 5285 vocatis
2785 5244 2871 5286 me
2897 5230 3170 5303 Magister,
3200 5242 3255 5289 et
3279 5231 3537 5295 Domine:

301 5313 396 5366 καὶ
427 5312 607 5378 καλῶς
635 5314 826 5383 λέγετε
852 5330 866 5344 ·
894 5315 1014 5385 εἰμὶ
1043 5317 1171 5387 γάρ.
1212 5336 1232 5370 ι

1972 5330 2024 5376 et
2050 5322 2187 5378 bene
2220 5321 2433 5377 dicitis:
2463 5336 2583 5377 sum
2607 5322 2828 5377 etenim.
2868 5340 2887 5374 ι

373 5407 556 5461 Εἰπὼν
577 5409 633 5462 δὲ
661 5407 743 5475 τὸ,
785 5428 801 5459 ι
843 5408 978 5477 εἰμὶ,
1006 5426 1024 5458 ι
1054 5407 1273 5475 ἔδειξεν,
1303 5410 1385 5463 ὅτι
1404 5410 1561 5480 φύσει
1591 5406 1724 5476 Θεός
1751 5414 1869 5466 ἐστι

2043 5414 2145 5468 Per
2172 5413 2274 5468 hoc
2304 5415 2527 5470 verbmn
2560 5432 2579 5465 ι
2613 5430 2732 5469 sum
2762 5433 2783 5468 ι
2820 5415 3061 5471 ostendit
3084 5429 3145 5471 se
3166 5430 3287 5472 esse
3317 5425 3542 5472 natura-

304 5501 400 5554 καὶ
434 5498 785 5565 διδάσκαλος.
824 5496 1052 5570 [Cium]

1973 5506 2094 5560 liter
2121 5515 2176 5560 et
2208 5505 2374 5559 Deum
2405 5514 2460 5560 et
2493 5506 2829 5576 magistrum.

376 5631 394 5663 ι
441 5609 776 5681 Ύπόδειγμα
816 5611 926 5681 γάρ
981 5611 1158 5664 ἔδωκα
1196 5612 1347 5683 ὑμῖν,
1402 5612 1490 5667 ἵνα
1523 5614 1706 5681 καθὼς
1754 5618 1864 5689 ἐγὼ

2048 5619 2210 5675 Vsus.
2241 5620 2329 5676 l5.
2361 5639 2379 5672 ι
2412 5619 2729 5690 Exemplum
2758 5621 2903 5677 enim
2923 5620 3045 5678 dedi
3071 5622 3246 5686 vobis,
3272 5631 3329 5676 ut
3351 5632 3544 5691 quem-

297 5698 525 5769 aaoiqoa
542 5700 693 5773 ὑμῖν,
729 5704 822 5758 καὶ
856 5704 1013 5775 ὑμεῖς
1037 5703 1249 5771 ποιῆτε.
1285 5724 1304 5756 ι

1978 5712 2265 5769 admodum
2298 5725 2397 5782 ego
2424 5711 2523 5768 feci
2555 5711 2729 5777 vobis,
2766 5710 2839 5767 ita
2863 5720 2917 5767 et
2938 5727 3036 5768 vos
3062 5711 3299 5767 faciatis.
3337 5727 3356 5761 ι

282 5896 287 5903 ’
363 5877 396 5921 δ
424 5879 514 5937 Cr.
547 5880 782 5936 ἔνιπτεν.

687 5975 955 6051 nmen.
993 5968 1110 6030 Gn.
1147 5968 1433 6035 Lxxxv.
3158 5976 3230 6041 ιτ
