4130 6540
408 399 545 470 1485

1438 407 1894 474 FRAGMENTA
1944 412 2027 474 IN
2066 415 2127 474 S.
2166 414 2536 478 JOANNEM.

3523 423 3655 490 1485

488 521 546 575 Ὀ
573 521 829 593 Χριστὸς,
866 524 941 589 ὡς
973 525 1062 582 διὰ
1086 526 1181 581 τοῦ
1210 526 1342 581 ἰδίου
1391 527 1621 581 θανάτου
1667 524 1980 590 θανατώσας

2139 531 2411 601 Christus,
2451 544 2509 587 ut
2545 533 2635 603 qui
2671 537 2891 605 propria
2926 550 3025 592 sua
3058 547 3237 593 morte
3295 547 3529 595 mortem
3560 548 3657 599 αθ-

402 616 495 668 τὸν
533 614 798 684 θάνατον,
834 617 1130 689 ἐδοξάσθη,
1166 619 1435 673 διδάσκων
1478 618 1648 673 ὅτιτὸ
1693 618 1982 689 ὑπομεῖναι

402 708 491 762 διά
515 708 607 761 τὸν
636 709 771 762 Θεὸν
797 711 1153 775 ἐπονείδιστα,
1190 712 1318 779 δόξα
1350 712 1519 765 ἐστίν.

477 802 555 854 Δι’
580 802 773 856 ἑαυτοῦ
800 805 828 856 6
859 803 1043 876 Πατὴρ
1080 804 1296 868 δοξάσει
1323 804 1412 858 τὸν
1436 804 1586 867 Υἰὸν,
1621 805 1715 856 καὶ
1747 801 1927 867 εὐθὺς,
1955 803 1985 855 ὃ

342 902 345 903 ⁷
402 890 553 943 ἐστιν
576 890 633 942 ἐν
653 889 732 960 τῷ
760 891 1000 962 σταυρῷ,
1026 893 1115 945 ὅτε
1142 893 1170 943 6
1194 893 1345 965 ἥλιος
1372 892 1681 963 ἐσκοτίσθη,
1704 895 1759 946 oti
1783 894 1983 963 πέτραι

404 983 758 1054 ἐσχίσθησαν,
787 984 882 1036 καὶ
910 983 1049 1054 μετά
1078 988 1415 1056 πεντήκοντα
1440 985 1653 1055 ἡμέρας
1677 985 1739 1038 τὸ
1758 984 1985 1055 ’Πνεῦμα

404 1076 664 1129 κατελθὸν
695 1078 826 1130 πᾶσι
856 1077 1158 1148 κατάδηλον
1189 1078 1414 1147 ἐποίησε
1443 1077 1534 1131 τὸν
1566 1075 1716 1131 Υῐόν.

481 1186 499 1219 ι
548 1168 797 1240 Ἐντολὴν
834 1169 1027 1241 καινὴν
1060 1170 1252 1240 δίδωμι
1285 1170 1434 1240 ὑμῖν,
1456 1171 1570 1222 Ἵνα
1602 1170 1850 1238 ἀγαπᾶτε
1884 1168 1983 1222 ἀλ-

401 1260 617 1333 λήλους,
643 1260 823 1323 καθὼς
848 1260 1113 1332 ἠγάπησα
1134 1263 1298 1333 ὑμᾶς,
1329 1261 1412 1315 ἴνα
1440 1262 1534 1315 καὶ
1555 1263 1713 1333 ὑμεῖς
1732 1260 1980 1330 ἀγαπᾶτε

402 1353 686 1424 ἀλλήλους.
727 1371 746 1405 ι
1064 1408 1067 1411 .

474 1445 677 1501 Καινὸν
707 1449 820 1501 ἐστι
846 1447 908 1501 τὸ
932 1444 1072 1511 εἶδος
1095 1447 1195 1518 τῆς
1228 1446 1446 1517 ἐντολῆς
1474 1446 1697 1518 ταύτης,
1723 1446 1819 1500 καὶ
1839 1445 1980 1518 ὑπὲρ

402 1543 566 1612 νόμον
595 1543 655 1595 τὸ
681 1544 901 1614 ἀγαπᾷν
934 1543 1025 1597 τὸν
1053 1540 1280 1613 πλησίον
1320 1541 1462 1611 ὑπὲρ
1494 1542 1710 1595 ἑαυτόν.
1742 1541 1814 1593 Ού
1844 1538 1982 1593 θέλω

406 1635 549 1705 ὑμᾶς
580 1636 800 1706 ἀγαπᾷν
830 1636 1070 1699 ἐκείνους
1104 1634 1197 1698 οὒς
1237 1636 1583 1706 χρεωστεῖτε,
1613 1633 1730 1687 ἀλλ’
1747 1626 1840 1696 οἷς
1881 1632 1982 1686 οὑκ

401 1727 646 1795 ὀφείλετε
675 1742 689 1756 ο
716 1728 810 1781 καὶ
837 1726 945 1798 γὰρ
979 1726 1134 1796 κάγὼ
1171 1726 1314 1798 ὑπὲρ
1336 1725 1489 1797 ὑμῶν
1519 1724 1867 1795 ἀποθνήσκω,
1901 1717 1982 1786 οἷς

402 1819 556 1872 οὐδὲν
591 1819 884 1888 ἐποφείλω.

2088 621 2298 690 leverit,
2334 626 2665 680 clarilicatus
2686 634 2788 694 est,
2824 642 2924 682 nos
2956 629 3178 692 docens,
3220 629 3382 683 etiam
3418 633 3653 701 probro-

2084 714 2299 769 sissima
2330 730 2557 785 qumque
2582 731 2680 786 pro
2708 717 2813 771 Deo
2838 719 3069 788 perpeti,
3103 720 3402 786 gloriosum.
3436 738 3581 779 esse.

2143 804 2248 860 Per
2277 809 2625 878 semetipsum
2666 809 2825 864 Pater
2844 809 3163 865 clarilicahit
3188 811 3407 881 Filium,
3442 824 3496 869 et
3525 830 3655 870 con-

2087 896 2257 962 tinuo,
2289 897 2341 952 id
2377 906 2457 952 est
2487 900 2538 953 in
2576 914 2758 965 cruce,
2797 914 2918 955 curn
2948 901 3028 955 sol
3063 903 3393 959 obscuratus
3426 915 3528 970 est,
3556 922 3654 975 pe-

2087 996 2184 1042 trae
2228 988 2410 1044 scissae
2439 997 2584 1056 sunt,
2636 1000 2691 1046 et
2721 1001 2839 1060 post
2861 992 3256 1063 quinquaginta
3292 996 3408 1051 dies
3436 996 3657 1053 descen.

2084 1080 2218 1135 dens
2248 1080 2482 1150 Spiritus
2512 1082 2761 1137 omnibus
2790 1092 2973 1139 notum
2999 1085 3126 1140 fecit
3156 1082 3372 1142 Filium.
3694 1080 3695 1083 “

2135 1171 2299 1227 Vens.
2334 1173 2424 1228 54.
2466 1191 2485 1224 ‹
2523 1172 2833 1229 Mandatum
2875 1191 3073 1231 novum
3099 1176 3167 1232 do
3201 1180 3356 1234 vobis
3385 1199 3399 1234 :
3436 1177 3506 1234 Ut
3537 1181 3659 1234 dili-

2083 1264 2221 1332 gatis
2263 1264 2515 1332 invicem,
2575 1266 2714 1320 sicut
2746 1266 2909 1322 dilexi
2941 1282 3058 1335 vos,
3090 1278 3149 1321 ut
3192 1278 3245 1323 et
3270 1284 3365 1323 vos
3420 1271 3656 1340 diligatis

2083 1354 2337 1412 invicem.
2366 1374 2384 1410 ι

2133 1446 2280 1503 Nova
2312 1456 2396 1503 est
2424 1448 2594 1503 forma
2632 1450 2869 1505 mandati
2910 1450 3090 1520 hujus,
3130 1462 3184 1508 et
3218 1453 3389 1523 legem
3420 1458 3654 1521 excedit,

2084 1548 2140 1591 ut
2171 1538 2292 1606 quis
2330 1549 2475 1592 amet
2522 1541 2823 1609 proximum
2856 1540 2977 1610 plus
3018 1557 3178 1611 quam
3224 1545 3481 1614 scipsum.
3539 1548 3654 1603 Non

2082 1629 2201 1683 volo
2234 1644 2329 1683 vos
2355 1644 2541 1684 amare
2577 1644 2672 1685 eos
2704 1630 2898 1701 quibus
2927 1633 3175 1688 obstricti
3204 1637 3360 1703 estis,
3407 1638 3500 1691 sed
3536 1640 3659 1708 qni-

2080 1720 2183 1774 bus
2224 1720 2355 1774 nihil
2388 1720 2629 1785 debetis;
2683 1733 2916 1797 namqet
2966 1739 3063 1794 ego
3096 1740 3193 1794 pro
3238 1727 3392 1781 vobis
3425 1741 3655 1784 mortem

2083 1820 2301 1881 oppeto,
2335 1812 2532 1880 quibus
2566 1814 2698 1868 nihil
2720 1815 2910 1870 debeo.

481 1912 636 1966 σ-Ἒν
664 1911 839 1983 τούτῳ
882 1909 1180 1979 γνώσονται
1213 1909 1435 1975 πάντες,
1466 1909 1548 1962 ὅτι
1582 1908 1705 1979 ἐμοὶ
1740 1908 1978 1980 μαθηταί

2118 1873 2311 1960 Vens.
2348 1873 2437 1962 35.
2480 1924 2499 1957 ι
2537 1906 2596 1962 In
2632 1909 2734 1962 hoc
2778 1920 3143 1979 congnosccnt
3204 1893 3389 1969 omnes
3424 1915 3550 1983 quia
3579 1917 3658 1970 di-

404 2006 549 2072 ἐστε,
581 2005 677 2059 ἐάν
709 2003 929 2073 ἀγάπην
950 2001 1111 2072 ἔχητε
1140 2002 1199 2052 ἐν
1228 1999 1495 2073 ἀλλήλοις.
1533 2020 1553 2053 ι

476 2182 592 2234 Οὑκ
642 2178 700 2245 ἐξ
746 2173 821 2233 ὧν
868 2179 1073 2231 ποιεῖτε
1128 2177 1370 2248 σημείων
1426 2177 1843 2247 γνωσθήσεσθε,
1898 2178 1980 2231 ὅτι

406 2274 656 2345 μαθηταί
692 2274 794 2345 μού
823 2276 947 2328 ἐστε
981 2274 1179 2345 (τοῦτο
1204 2272 1315 2345 γὰρ
1349 2273 1468 2325 ὅλον
1499 2273 1595 2342 τῆς
1631 2270 1838 2326 ἄνωθέν
1866 2273 1979 2325 ἐστι

404 2366 687 2438 χάριτος),
709 2366 825 2420 ἀλλ’
850 2366 911 2431 ἐξ
937 2363 1012 2420 ὢν
1033 2367 1283 2435 ἀγαπᾶτε
1305 2364 1590 2436 ἀλλήλους,
1616 2364 1709 2417 καὶ
1728 2364 1980 2434 ὁμόνοιαν

401 2460 590 2528 ἔχετε,
631 2459 728 2512 καὶ
759 2458 821 2512 οὑ
856 2458 1159 2529 χωρίζεσθε
1215 2455 1446 2510 ἑαυτῶν.
1502 2455 1561 2508 'O
1596 2455 1830 2525 Χριστὸς
1856 2455 1981 2518 Υἱός

401 2554 550 2604 ἐστιν
584 2550 830 2622 ἀγάπης,
858 2551 916 2613 ὃς
950 2550 1098 2603 ἐστιν
1144 2551 1177 2621 ἡ
1205 2547 1350 2601 κατά
1393 2548 1555 2616 φύσιν
1607 2548 1795 2617 ἀγάπη
1822 2586 1837 2609 ,
1888 2547 1982 2599 καὶ

404 2643 615 2711 καρπὸς
647 2643 888 2714 ἀγάπης,
923 2642 1025 2696 οὐκ
1053 2642 1345 2713 ἐπίκτητον
1376 2639 1514 2709 ἔχων
1544 2639 1603 2692 τὸ
1632 2639 1731 2710 τῆς
1762 2638 1982 2711 ἀγάπης

401 2733 626 2803 ἀγαθόν.
743 2799 753 2806 ι

486 2841 504 2875 t
530 2822 693 2891 Λέγει
721 2815 866 2893 αύτῷ
897 2820 1079 2893 Σίμων
1107 2821 1331 2893 Πέτρος
1363 2820 1560 2893 Κύριε,
1586 2820 1687 2874 ποῦ
1712 2821 1979 2889 ὑπάγεις;

419 2913 715 2985 ’Λπεκρίθη
741 2913 890 2984 αὐτῷ
917 2915 945 2967 6
1004 2913 1243 2984 Ἰησοῦς·
1279 2913 1455 2967 Ὀπου
1496 2912 1607 2981 ἐγὼ
1647 2913 1875 2981 ὑπάγω,
1918 2915 1980 2968 οὑ

401 3007 625 3061 δύνασαί
663 3024 751 3079 μοι
784 3006 877 3061 νῦν
908 3006 1300 3077 ἀκολουθῆσαιο
1334 3003 1562 3076 ὕστερον
1598 3004 1654 3058 δέ
1685 3004 1982 3074 ἀκολουθή-

404 3117 517 3162 σεις
550 3116 662 3171 μοι.
693 3118 715 3152 ι

474 3193 657 3257 Τύπος
688 3194 819 3265 ήμῖν
848 3191 1041 3261 γέγονε
1076 3189 1285 3263 Πέτρος
1324 3189 1535 3263 ἐρωτᾷν
1576 3189 1703 3252 τοὺς
1725 3187 1980 3243 διδασκά⁹
2010 3234 2051 3291 C

404 3284 526 3348 λους
558 3284 702 3357 ἀπερ
736 3282 1058 3354 ἀγνοοῦμεν.

470 3398 570 3450 Διά
599 3398 659 3450 τὸ
681 3396 909 3468 ἀδρανὲς
930 3393 1267 3468 ἀπαγορεύει
1287 3394 1363 3465 τῷ
1378 3395 1571 3466 Πέτρῳ
1588 3394 1982 3468 ἀκολουθήσειν

401 3490 550 3560 αύτῷ
568 3530 583 3552 ,
609 3489 834 3560 ὓστερον
863 3488 920 3541 δὲ
957 3478 1297 3559 ὑπισχνεῖται
1324 3487 1413 3540 διὰ
1440 3486 1501 3540 τὸ
1543 3486 1804 3559 εὔτολμον
1828 3530 1843 3554 ,
1887 3489 1983 3542 καὶ

401 3583 591 3653 ἐπειδὴ
620 3582 715 3636 καὶ
742 3581 904 3645 αὑτὸς
931 3581 1006 3645 ὼς
1032 3581 1061 3633 6
1089 3581 1324 3651 Χριστὸς
1355 3578 1553 3651 ἔμελλε
1576 3580 1979 3652 σταυρωθῆναι,

400 3675 659 3747 προλέγει
688 3674 748 3727 τὸ
786 3673 979 3745 μέλλον
1014 3673 1162 3742 αύτῷ
1194 3673 1340 3743 μόνῳ
1363 3671 1759 3743 συμϐήσεσθαι.

477 3786 496 3819 ι
537 3766 834 3839 Ἀπεκρίθη
867 3766 1016 3837 αύτῷ
1050 3768 1078 3820 6
1116 3765 1343 3837 Ἰησοῦς·
1378 3765 1487 3837 Τὴν
1508 3764 1690 3836 ψυχήν
1718 3782 1809 3818 σου
1840 3765 1980 3839 ὑπὲρ

396 3859 534 3931 ἐμοῦ
566 3859 778 3931 θήσεις;
813 3858 1006 3930 Ἀμην,
1034 3858 1181 3931 ἀμὴν
1209 3857 1351 3927 λέγω
1376 3876 1458 3911 σοι
1485 3873 1498 3885 ’
1534 3858 1596 3911 οὑ
1622 3858 1698 3930 μὴ
1729 3858 1980 3931 ἀλέκτωρ

398 3954 660 4024 φωνήσει,
692 3952 797 4016 ἕως
818 3948 879 4007 οὗ
909 3951 1201 4023 ἀπαρνήσῃ
1237 3968 1304 4021 με
1336 3950 1475 4021 τρίς.
1512 3968 1530 4003 ο

476 4045 715 4114 Ἐπειδὴ,
736 4044 922 4115 φησὶν,
944 4030 1003 4096 ού
1024 4044 1199 4106 θέλεις
1219 4042 1596 4113 πιστευθῆναι,
1613 4042 1694 4095 ὅτι
1716 4041 1977 4096 ἀδύνατόν

397 4140 517 4193 ἐστι
542 4139 616 4208 μὴ
647 4138 902 4207 γενέσθαι
930 4136 959 4189 ὃ
983 4135 1147 4205 λέγω,
1175 4138 1231 4188 ἐν
1264 4138 1331 4206 τῇ
1361 4135 1589 4205 ἀρνήσει
1614 4133 1745 4187 αὑτὸ
1767 4132 1973 4206 γνώσῃ.

398 4229 570 4283 Τοῦτο
608 4230 665 4282 δέ
706 4229 939 4298 ὑπέστη,
981 4228 1040 4281 οὑ
1075 4226 1171 4281 τοῦ
1215 4225 1455 4297 Χριστοῦ
1495 4225 1657 4279 αὑτὸν
1696 4227 1776 4289 είς
1818 4225 1977 4280 τοῦτο

399 4323 719 4392 ἀγαγόντος,
751 4320 864 4374 ἀλλ’
886 4320 1146 4383 ἐάσαντος
1167 4318 1331 4373 αὑτὸν
1358 4317 1583 4389 ἔρημον,
1614 4318 1701 4371 ἴνα
1729 4318 1803 4389 μὴ
1833 4319 1972 4391 ἀρθῇ

400 4417 481 4480 είς
504 4415 780 4470 ἀπόνοιαν.
819 4413 1027 4483 Μηδεὶς
1056 4412 1261 4481 λεγέτω
1284 4413 1367 4465 ὃτι
1395 4413 1423 4465 6
1450 4410 1653 4481 Πέτρος
1692 4410 1779 4464 διά
1815 4411 1975 4465 τοῦτο

2089 1993 2278 2064 scipuli
2307 1994 2415 2051 mei
2442 1997 2595 2061 estis,
2628 1996 2673 2052 si
2707 1994 3053 2054 dilectionem
3080 2000 3379 2058 habueritis
3421 2007 3486 2059 ad
3522 2005 3659 2061 iuvi-

2089 2098 2228 2140 Ceill.
2264 2105 2283 2139 Ι

2139 2176 2254 2232 Non
2285 2193 2350 2232 ex
2382 2178 2553 2249 signis
2575 2193 2694 2248 quae
2723 2180 2924 2249 facitis,
2956 2186 3363 2251 cognoscemini
3401 2203 3523 2243 esse
3555 2194 3657 2244 mei

2090 2270 2334 2340 discipuli
2366 2272 2525 2343 (nam
2557 2272 2658 2327 hoc
2681 2283 3128 2345 totumsupernm
3156 2278 3343 2347 gratiae
3373 2282 3529 2348 est);
3564 2284 3659 2336 sed

2089 2377 2155 2418 ex
2186 2363 2478 2419 dilectione
2526 2379 2691 2435 quam
2738 2367 3039 2423 habueritis
3090 2372 3157 2424 ad
3195 2371 3451 2438 invicem,
3506 2385 3559 2429 et
3591 2392 3660 2431 ex
3715 2406 3719 2410 ’

2089 2456 2449 2511 consensione
2477 2457 2803 2525 animorum,
2837 2468 2892 2515 et
2923 2461 3064 2530 quod
3092 2462 3297 2519 ninimu
3329 2464 3658 2524 dissideatis.

2088 2548 2341 2605 Christus
2386 2551 2500 2618 ipse
2544 2550 2715 2608 Filius
2743 2563 2825 2608 est
2853 2552 3184 2621 dilectionis,
3222 2557 3421 2627 quippe
3444 2560 3534 2627 qui
3579 2571 3665 2613 est

2088 2650 2285 2696 natura
2315 2657 2411 2697 sua
2446 2643 2708 2711 cbaritas,
2764 2653 2817 2698 et
2852 2644 3060 2701 fructus
3106 2646 3439 2715 dilectionis,
3475 2660 3533 2704 ut
3573 2653 3660 2705 cui

2090 2734 2311 2788 minime
2342 2736 2636 2792 ascititium
2685 2738 2757 2792 sit
2789 2737 3098 2794 dilectionis
3128 2740 3346 2795 bonum.

2148 2823 2313 2881 Vens.
2348 2826 2437 2881 56.
2468 2843 2488 2877 ς
2520 2826 2659 2882 Dicit
2681 2827 2731 2881 ei
2773 2826 2959 2881 Simon
3000 2827 3226 2883 Petrus:
3265 2828 3505 2893 Domine,
3556 2847 3662 2900 quo

2088 2916 2278 2971 vadis?
2328 2915 2625 2986 Respondit
2649 2915 2841 2973 Jesus:
2895 2918 3010 2985 Quo
3045 2934 3145 2990 ego
3172 2920 3334 2983 vado,
3370 2938 3473 2976 non
3504 2934 3661 2993 potes

2090 3010 2175 3064 me
2202 3009 2363 3064 modo
2385 3009 2538 3079 sequi
2566 3027 2579 3064 :
2612 3009 2856 3079 sequeris
2887 3018 3066 3066 autem
3107 3020 3313 3080 postea.
3350 3032 3368 3064 ι

2146 3186 2463 3257 Exemplum
2506 3184 2658 3241 nobis
2685 3185 2831 3241 dedit
2860 3184 3052 3240 Petrus
3095 3186 3462 3258 interrogandi
3499 3192 3661 3261 magi-

2085 3291 2226 3336 slros
2247 3295 2307 3334 ea
2333 3294 2452 3350 qum
2478 3278 2811 3347 ignoramus.

2139 3394 2368 3464 Pr0ptcr
2420 3394 2845 3450 imbecillitatem
2886 3410 2992 3448 non
3033 3395 3298 3463 permittit
3333 3396 3548 3453 Petrum
3601 3416 3660 3455 se

2084 3488 2256 3557 sequi,
2292 3497 2529 3541 attamen
2562 3497 2783 3558 propter
2818 3488 3244 3552 animositatem,
3286 3498 3340 3543 et
3388 3491 3513 3559 quia
3542 3492 3689 3560 ipse-

2083 3576 2303 3650 quoque
2352 3580 2495 3634 sicut
2541 3580 2791 3635 Christus
2846 3580 2897 3634 in
2946 3596 3164 3635 crucem
3223 3585 3462 3650 agendus
3514 3597 3653 3650 erat,

2083 3670 2329 3741 prtedit‘it
2358 3669 2437 3724 illi
2464 3669 2563 3725 soli
2596 3669 2723 3739 quid
2753 3670 2803 3724 ei
2834 3683 3150 3725 eventurum
3176 3681 3340 3726 esset.

2066 3763 2075 3779 '
2150 3764 2312 3820 Vens.
2346 3765 2437 3820 58.
2477 3782 2495 3816 ι
2531 3765 2906 3835 Itesponditei
2938 3764 3138 3821 Jesus:
3191 3765 3444 3820 Animam
3505 3778 3651 3823 tuam

2081 3872 2178 3926 pro
2204 3872 2287 3912 me
2314 3856 2521 3927 pones?
2548 3858 2742 3921 Amen,
2773 3872 2928 3911 amen
2960 3858 3082 3913 dico
3109 3856 3238 3912 tibi:
3286 3874 3391 3912 non
3417 3860 3656 3915 cantabit

2080 3949 2272 4020 gallus,
2297 3949 2468 4005 donec
2497 3958 2579 4004 ter
2602 3967 2688 4005 nte
2715 3966 2898 4019 neges.
2932 3969 2951 4001 ι

2152 4039 2310 4109 Cum,
2344 4041 2541 4112 inquit,
2570 4041 2707 4097 nolis
2741 4042 2965 4096 credere
3018 4042 3134 4097 fieri
3190 4059 3291 4097 non
3333 4059 3490 4113 posse
3522 4044 3650 4113 quin

2078 4134 2291 4189 eveniat
2336 4132 2388 4187 id
2440 4134 2585 4204 quod
2619 4133 2759 4199 dico,
2796 4134 2847 4187 in
2902 4133 3014 4202 ipsa
3050 4135 3336 4205 negatione
3370 4137 3420 4191 id
3447 4152 3650 4205 cogno-

2078 4241 2218 4281 sces.
2256 4224 2369 4283 Hoc
2397 4235 2577 4281 autem
2613 4226 2896 4293 sustinuit,
2934 4226 3154 4281 Christo
3191 4243 3534 4299 nequaquam
3585 4231 3651 4283 ad

2079 4319 2181 4374 hoc
2210 4320 2384 4389 ipsum
2430 4319 2740 4386 inducente,
2791 4306 2899 4374 sed
2934 4320 3279 4389 permittente
3328 4322 3503 4392 ipsum
3554 4323 3653 4376 dc-

2077 4410 2209 4476 seri,
2239 4425 2304 4465 ne
2339 4420 2663 4480 arroganter
2690 4410 2992 4464 ell‘erretur.
3059 4409 3229 4465 Nemo
3270 4413 3450 4483 itaque
3507 4412 3650 4467 dicat

396 4510 707 4581 ἠρνήσατο,
744 4509 825 4561 ὃτι
867 4502 1021 4569 εἴπεν
1067 4506 1096 4558 6
1150 4504 1384 4576 Χριστός
1410 4520 1423 4535 ο
1469 4504 1530 4557 οὑ
1563 4504 1673 4575 γὰρ
1722 4504 1972 4575 ἀνάγκην

2081 4501 2295 4559 Petrum
2354 4502 2557 4557 idcirco
2606 4517 2852 4573 negasse,
2909 4502 3036 4571 quia
3096 4503 3345 4557 Christus
3399 4504 3649 4569 dixerat;

397 4577 666 4674 ἐπέθηκεν
698 4600 865 4671 αὑτῷ,
896 4600 1037 4655 ὥστε
1069 4598 1244 4652 ἐλθεῖν
1274 4597 1437 4652 αὑτὸν
1465 4597 1543 4665 είς
1575 4596 1823 4668 ἄρνησιν
1856 4596 1973 4651 ἀλλ’

2081 4598 2276 4651 nullam
2306 4597 2450 4652 enim
2481 4595 2531 4651 ci
2571 4596 2827 4665 imposuit
2870 4594 3275 4659 necessitatem,
3305 4608 3409 4663 qua
3446 4594 3512 4648 ad
3556 4611 3651 4649 ne-

396 4695 533 4766 δπερ
565 4693 754 4763 ἔμελλε
778 4704 800 4732 ο
836 4690 1325 4757 πάντωνέσεσθαι,
1358 4688 1614 4761 προλέγει
1641 4690 1717 4760 τῷ
1749 4690 1967 4761 μαθητῇ

394 4787 470 4847 ὡς
507 4786 655 4849 Θεός.
688 4786 800 4839 Οὑκ
829 4784 888 4850 ἐξ
917 4783 1148 4839 ἀπίστου
1184 4783 1238 4838 δέ
1270 4781 1450 4854 ψυχῆς
1488 4781 1712 4851 γέγονεν
1742 4783 1774 4853 ή
1806 4783 1972 4853 ἄρνη-

396 4895 500 4943 σις,
532 4877 648 4935 ἀλλ’
682 4876 741 4943 ἐξ
763 4877 1070 4940 ἀσθενείας.

986 5077 1236 5130 Restm.
1270 5056 1371 5129 IA’.

471 5228 490 5263 ι
535 5209 646 5263 Καὶ
682 5205 803 5262 εἷπε
829 5212 942 5274 τοῖς
975 5211 1243 5280 μαθηταῖς
1272 5207 1460 5263 αὑτοῦ·
1492 5206 1584 5277 Μὴ
1606 5203 1962 5276 ταρασσέσθω

390 5303 543 5373 ὑμῶν
575 5304 609 5373 ἡ
639 5301 857 5373 καρδία.
890 5302 1179 5355 Πιστεύετε
1210 5302 1291 5364 εἰς
1322 5301 1414 5353 τὸν
1448 5298 1602 5361 Θεὸν,
1632 5297 1726 5351 καὶ
1760 5296 1838 5360 εἰς
1863 5295 1965 5365 ἐιμέ

388 5393 691 5448 πιστεύετε.
744 5411 763 5446 ι

458 5486 531 5539 Οὐ
561 5487 780 5552 πάντες,
817 5485 953 5555 φησὶ
975 5527 989 5549 ,
1022 5485 1243 5556 μέλλετέ
1282 5503 1347 5555 με
1384 5483 1762 5556 ἀρνήσασθαι,
1809 5482 1963 5553 καὶὴ

388 5578 614 5647 ἄρνησις
639 5578 732 5631 τοῦ
765 5578 974 5648 Πέτρου
1002 5578 1092 5631 διὰ
1122 5578 1222 5649 τῆς
1261 5577 1629 5648 μεταμελείας
1655 5578 1746 5630 καὶ
1774 5575 1965 5647 ὁμολο-

389 5671 512 5740 γίας
538 5669 1005 5739 ἐξαλειφθήσεται.

457 5844 615 5920 "Cr.
643 5847 869 5919 ἤμελλε.

2074 4691 2312 4759 gandum
2342 4686 2754 4757 impelleretur:
2788 4686 2883 4741 sed
2935 4686 3080 4755 quod
3131 4685 3352 4739 ontniuo
3408 4687 3648 4739 futurum

2076 4788 2332 4848 tanquam
2372 4777 2512 4831 Deus
2548 4775 2813 4844 discipulo
2877 4776 3141 4846 prtedixit.
3173 4774 3290 4830 Non
3336 4787 3520 4831 autem
3575 4793 3641 4831 ex

2073 4870 2255 4922 animo
2324 4866 2625 4933 incredulo,
2697 4870 2791 4923 sed
2863 4882 2929 4922 ex
2984 4865 3365 4937 imbecillitate
3416 4870 3648 4940 negatio

2068 4961 2296 5017 exstitit.

2696 5075 2845 5129 CAP.
2878 5072 3016 5127 XIV.

2136 5205 2299 5261 Vens.
2337 5205 2388 5259 1.
2425 5224 2443 5257 ι
2474 5205 2540 5260 Et
2574 5205 2711 5260 dixit
2757 5206 3033 5275 discipulis
3072 5220 3220 5261 suis:
3252 5205 3365 5263 Non
3400 5211 3647 5265 turbetur

2072 5314 2168 5355 cor
2200 5309 2462 5354 vestrum.
2489 5298 2728 5356 Creditis
2774 5297 2828 5353 in
2860 5297 3051 5364 Deum,
3079 5307 3132 5352 et
3166 5298 3221 5354 in
3251 5316 3335 5355 me
3362 5302 3587 5357 credite.
3621 5324 3639 5354 ι

2131 5476 2247 5531 Non
2301 5491 2512 5541 omnes,
2567 5477 2763 5545 inquit,
2826 5491 2911 5533 me
2961 5476 3245 5547 negabitis,
3285 5476 3380 5533 sed
3435 5486 3489 5531 et
3532 5478 3643 5547 ipsa

2071 5569 2213 5623 Petri
2270 5570 2486 5636 negatio
2539 5583 2634 5639 per
2688 5569 3063 5640 paenitentiam
3132 5578 3187 5623 et
3247 5567 3643 5623 confessionem

2068 5660 2394 5716 abolebitur.
