4130 6610
487 367 622 432 1487

1603 364 1939 425 AMMONII
1976 330 2509 426 .ALEXANDRINI

3599 328 3730 434 i488

538 483 699 537 Vnus.
732 482 783 536 3.
822 499 839 531 ι
870 481 935 537 Ει
972 479 1015 534 si
1047 479 1252 543 abiero,
1283 488 1337 533 et
1365 492 1738 547 pratparavero
1774 478 1927 532 vobis
1973 477 2053 531 lo-

2236 496 2253 527 ι
2297 479 2406 532 Καὶ
2445 480 2539 533 ἐὰν
2590 478 2842 551 πορευθῶ
2889 482 2983 534 καὶ
3034 481 3311 552 ἑτοιμάσω
3357 484 3489 555 ὑμῖν
3534 486 3728 554 τόπον,

483 590 605 629 cum
631 592 643 626 :
673 575 863 628 iterum
905 571 1079 637 venio,
1115 580 1166 625 et
1216 570 1478 640 accipiam
1513 584 1608 625 vos
1661 570 1727 623 ad
1768 569 2053 638 mcipsum,

486 677 543 719 ιιι
566 666 652 719 ubi
687 678 804 719 sum
836 676 955 732 ego,
977 670 1028 715 et
1053 676 1148 715 vos
1180 661 1322 723 sitis.
1364 679 1383 712 ι

548 756 665 813 Νοιι
702 753 1102 810 ascendendum
1145 763 1229 807 est
1258 762 1317 807 ut
1343 767 1529 822 parem
1561 752 1711 806 vobis
1732 751 1932 814 locum,
1965 750 2056 804 sed

486 860 543 903 ut
576 857 900 919 potestatem
938 846 1095 900 vobis
1132 843 1323 898 faciam
1368 842 1690 897 ascendendi
1733 843 1797 895 ad
1843 842 2059 911 angelo-

490 956 604 993 rum
637 936 985 1003 domicilium,
1017 935 1155 1005 quod
1208 934 1471 989 universa:
1494 935 1643 989 carni
1671 942 1785 987 erat
1813 932 2057 987 inacces-

487 1044 627 1082 sum.
660 1026 794 1082 Cum
824 1026 1008 1095 itaque
1059 1025 1162 1079 hoc
1204 1038 1487 1095 peregero,
1543 1026 1597 1077 in
1646 1023 2060 1091 regeneratioue

485 1126 665 1172 dettth
694 1117 929 1182 rediens,
964 1116 1225 1186 accipiam
1259 1132 1356 1171 vos
1404 1116 1470 1170 ad
1499 1114 1786 1185 meipsum,
1839 1125 1896 1169 ιιι
1940 1116 2059 1171 sitis

486 1212 574 1264 ubi
607 1225 725 1264 sum
747 1223 867 1279 ego.

544 1302 704 1355 Vens.
735 1300 788 1354 6.
827 1318 845 1350 ι
880 1298 1021 1353 Dicit
1047 1298 1095 1354 ei
1125 1296 1288 1355 Jesus
1325 1316 1339 1353 :
1392 1300 1502 1368 Ego
1547 1313 1664 1353 sum
1725 1300 1834 1364 via,
1877 1307 1931 1353 et
1969 1311 2058 1351 ve-

490 1395 644 1458 ritas,
689 1400 744 1447 et
798 1391 929 1446 vita.
987 1390 1157 1447 Nemo
1196 1391 1345 1447 venit
1378 1393 1444 1446 ad
1488 1390 1735 1459 Patrem,
1807 1391 1911 1447 nisi
1961 1406 2059 1461 per

488 1503 592 1541 llic.
633 1505 651 1536 ι

558 1577 648 1630 Vin
678 1585 778 1639 est,
808 1575 933 1645 quia
970 1589 1065 1645 per
1100 1574 1273 1645 ipsum
1302 1572 1615 1639 veniebant,
1644 1584 1697 1629 et
1722 1575 1835 1643 ipse
1866 1583 2058 1644 potens

486 1680 605 1725 erat
641 1685 732 1725 eos
758 1670 823 1723 ad
856 1670 1074 1723 Patrem
1121 1669 1421 1723 adducere:
1457 1668 1684 1733 veritas,
1729 1670 1852 1737 quia
1897 1670 1951 1722 in
1990 1682 2057 1723 eo

488 1779 595 1817 non
624 1773 707 1817 est
735 1761 1096 1825 mendacium,
1131 1772 1186 1815 et
1206 1762 1325 1815 sine
1357 1761 1520 1814 dubio
1558 1760 1674 1816 hmc
1718 1772 1913 1816 erunt:
1946 1762 2054 1815 vita

486 1870 638 1922 vero,
669 1854 792 1923 quia
841 1867 1015 1921 neque
1058 1853 1170 1921 ipsa
1211 1867 1379 1917 mors,
1408 1852 1601 1921 inquit,
1628 1867 1725 1907 vos
1771 1853 2063 1920 prohibere

488 1948 684 2016 poterit
715 1962 780 1998 ne
810 1946 874 1998 ad
897 1959 980 1998 me
1004 1943 1252 1997 veniatis.
1284 1942 1376 1997 Via
1403 1954 1507 2010 est,
1537 1958 1631 2012 per
1652 1944 2057 2014 operationem;

489 2040 713 2100 veritas,
751 2037 802 2091 in
846 2047 1102 2104 quantum
1156 2050 1279 2088 vera
1315 2035 1433 2089 fidei
1497 2035 1726 2105 regula;
1775 2037 1903 2103 vita,
1930 2052 2059 2107 qua-

491 2142 645 2184 tenus
673 2147 774 2185 nos
816 2131 1068 2194 suscitat,
1114 2138 1169 2183 et
1194 2131 1259 2182 ad
1293 2129 1759 2185 immortalitatem
1815 2132 2056 2197 adducit,

488 2234 537 2276 et
566 2224 844 2292 antiquam
873 2222 1055 2276 abolet
1087 2221 1545 2277 maledictionem.

546 2314 710 2371 Vnus.
738 2315 793 2369 7.
842 2332 862 2367 ι
898 2312 953 2368 Si
995 2314 1384 2385 cognovissetis
1414 2329 1522 2380 me,
1555 2323 1609 2368 et
1644 2313 1857 2370 Patrem
1882 2330 2058 2369 meum

491 2407 679 2477 utique
721 2407 1112 2475 cognovissetis
1140 2425 1153 2460 :
1183 2417 1237 2461 et
1286 2406 1479 2460 atnodo
1536 2407 1873 2476 cognoscetis
1911 2421 2058 2471 eunt,
2108 2442 2111 2443 ν

488 2512 542 2555 et
565 2500 780 2555 vidistis
809 2515 955 2554 eunt.
989 2518 1008 2551 ι

558 2593 741 2648 Visum
805 2601 984 2646 autem
1053 2591 1141 2646 hic
1198 2603 1354 2647 vocat
1418 2591 1615 2645 mentis
1662 2590 2056 2662 cognitionem.

488 2686 588 2753 Qui
624 2686 803 2755 itaque
833 2684 977 2738 videt
1030 2681 1250 2745 Filium,
1299 2698 1405 2736 non
1446 2682 1497 2736 in
1541 2681 1681 2736 nuda
1732 2683 2058 2749 substantia,

488 2778 585 2832 sed
626 2790 792 2832 carne
813 2776 1081 2837 indutum,
1114 2774 1392 2843 cognoscit
1421 2783 1476 2828 et
1501 2771 1714 2828 Patrem
1747 2774 1844 2844 ipsi
1870 2776 1921 2829 in
1950 2791 2062 2830 om-

490 2867 649 2921 nibus
698 2864 983 2936 aequalem.
1021 2864 1274 2932 Cognitio
1317 2864 1513 2919 mentis
1542 2865 1817 2933 significat
1857 2867 2060 2935 cogita-

491 2958 716 3023 tionem,
772 2958 909 3012 visio
966 2970 1096 3010 vero
1138 2956 1354 3026 plenam
1397 2972 1493 3026 per
1525 2958 1701 3012 divina
1745 2974 1906 3029 opera
1933 2976 2058 3028 per-

488 3065 820 3103 suasionem.

562 3139 721 3192 Vens.
753 3140 807 3193 9.
844 3156 861 3188 ι
896 3135 1162 3207 Philippe,
1189 3137 1277 3206 qui
1306 3136 1450 3190 videt
1493 3152 1597 3201 me,
1648 3138 1792 3191 videt
1843 3149 1898 3193 et
1959 3137 2049 3224 Pa
2090 3166 2135 3224 ο

490 3244 647 3283 trctn.
683 3229 960 3295 Quomodo
996 3238 1048 3282 tn
1073 3229 1241 3282 dicis:
1276 3227 1514 3282 Ostende
1545 3230 1699 3285 nobis
1728 3228 1947 3286 Patrem
1977 3220 2053 3285 ἵ»

557 3321 722 3386 Nihil,
755 3320 947 3388 inquit,
978 3320 1119 3372 aliud
1151 3331 1235 3373 est
1275 3318 1466 3385 Filius,
1504 3335 1664 3389 qnam
1699 3320 1752 3375 id
1803 3324 1945 3390 quod
1977 3334 2061 3380 est

490 3412 669 3476 Pater,
706 3425 928 3465 manens
968 3408 1158 3464 Filius.
1186 3409 1242 3465 Si
1273 3412 1441 3477 enim,
1473 3421 1531 3465 ut
1569 3413 1792 3478 accidit,
1832 3416 2004 3479 dicas,
2027 3432 2061 3472 o

487 3502 752 3571 Philippe,
799 3504 1051 3571 quoniam
1082 3501 1158 3556 Te
1205 3502 1326 3556 novi
1373 3503 1497 3572 quia
1527 3501 1695 3558 Filius
1749 3519 1830 3571 es,
1874 3521 2057 3562 verum

491 3607 666 3646 tamen
711 3608 814 3646 non
848 3592 1041 3646 novisti
1072 3605 1177 3657 me,
1200 3592 1323 3662 quia
1353 3600 1520 3646 totum
1553 3595 1722 3649 habeo
1758 3596 1808 3649 in
1854 3598 2058 3669 Ineipso

492 3685 726 3748 Patrem,
762 3694 816 3737 et
852 3697 1043 3737 maneo
1073 3694 1253 3737 tamen
1285 3683 1456 3739 Filius
1484 3685 1773 3741 exsislens.

571 3774 735 3831 Vens.
772 3773 856 3829 Η.
888 3792 909 3826 ι
936 3772 1053 3830 Non
1081 3775 1325 3841 creditis,
1370 3775 1493 3845 quia
1526 3790 1626 3845 ego
1663 3777 1716 3831 in
1770 3776 1953 3849 Patre,
2005 3792 2058 3837 et

488 3868 647 3923 Pater
676 3868 726 3921 in
758 3884 841 3921 me
869 3865 989 3922 est?
1022 3883 1041 3916 ι

542 3959 717 4018 Verba
755 3960 844 4013 illa
904 3959 1151 4012 intimum
1209 3960 1551 4029 complexum
1602 3972 1656 4016 et
1690 3966 2056 4035 aequalitatem

486 4053 764 4105 denotant.
793 4049 1000 4104 Idcirco
1033 4064 1097 4102 ne
1146 4051 1269 4118 quis
1318 4051 1520 4107 incidat
1574 4054 1624 4107 in
1665 4057 1914 4113 haeresim
1962 4058 2060 4113 Sa-

488 4141 655 4207 liellii,
688 4155 946 4209 personas
991 4139 1305 4219 dividendo,
1349 4143 1629 4215 subjungit
1668 4147 1896 4203 dicens:
1955 4149 2059 4217 Qui

485 4235 621 4286 uidet
648 4248 749 4294 me,
784 4232 918 4284 videt
942 4242 986 4285 et
1023 4230 1253 4286 Patrem.
1309 4232 1421 4289 Hoc
1446 4245 1629 4290 autem
1680 4238 1931 4313 intelligit
1964 4258 2059 4312 per

486 4325 871 4396 cognitionem,
906 4323 1119 4392 istaque
1147 4326 1211 4379 de
1237 4325 1493 4382 invisibili
1528 4343 1625 4383 sua
1653 4340 1706 4385 et
1729 4330 1907 4388 Patris
1932 4335 2059 4391 sub-

488 4414 683 4468 stantia
715 4413 969 4482 loquitur.
1006 4413 1255 4468 Divinuin
1309 4417 1455 4471 enim
1514 4416 1721 4475 Numen
1778 4427 2059 4492 corporeis

2157 565 2321 619 πάλιν
2343 565 2595 637 ἔρχομαι,
2620 568 2713 621 καὶ
2733 569 3124 639 παραλήψομαι
3144 571 3290 642 ὑμᾶς
3310 573 3447 645 πρὸς
3475 574 3729 645 ἐμαυτὸν,

2157 657 2245 709 ἴνα
2270 657 2404 710 ὅπου
2434 659 2549 726 εἰμὶ
2576 658 2707 727 ἐγὼ,
2739 661 2834 713 καὶ
2861 660 3017 731 ὑμεῖς
3049 658 3169 733 ἦτε.
3205 681 3224 714 ι

2226 750 2299 802 Οὐ
2335 749 2441 821 χρὴ
2466 750 2628 803 ἓνεκα
2661 751 2752 804 τοῦ
2784 753 3073 824 ἑτοιμάσαι
3112 756 3242 825 ὑμῖν
3269 757 3434 809 τόπον
3469 758 3732 823 ἀνελθεῖν,

2156 836 2272 891 ἀλλ’
2303 837 2390 891 ἵνα
2414 841 2586 911 νομὴν
2612 842 2822 914 ποιήσω
2855 844 2985 913 ὑμῖν
3012 844 3203 898 ἀνόδου
3226 886 3241 909 ,
3269 847 3404 900 ὅπου
3434 848 3545 901 τῶν
3572 849 3738 917 ἀγγέ-

2157 930 2264 983 λων
2300 932 2632 1004 οἰκητήριον,
2671 934 2809 1003 ὄπερ
2840 934 3041 989 ἄϐατον
3064 931 3131 1006 ἧν
3161 936 3313 1009 πάσῃ
3350 938 3535 1010 σαρκί.
3566 941 3738 992 Ὅταν

2156 1015 2250 1087 οἰξν
2300 1020 2510 1091 ποιήσω
2542 1021 2733 1087 τοῦτο,
2778 1024 2835 1077 ἐν
2869 1026 2934 1093 τῇ
2975 1024 3368 1097 παλιγγενεσία
3393 1026 3564 1080 ἐλθὼν
3594 1028 3738 1099 λαμ-

2157 1114 2306 1167 ϐάνω
2334 1115 2477 1184 ὑμᾶς
2509 1115 2629 1186 μετ’
2660 1117 2923 1184 ἐμαυτοῦ,
2949 1115 3036 1170 ἵνα
3068 1112 3167 1189 ἦτε
3190 1119 3322 1175 ὅπου
3354 1119 3471 1190 είμὶ
3498 1118 3629 1189 ἐγώ.

2233 1314 2251 1347 ι
2285 1297 2448 1361 Λέγει
2480 1295 2630 1366 αὑτῷ
2655 1299 2683 1350 6
2723 1294 2965 1367 Ἰησοῦς·
3007 1293 3148 1364 Ἐγώ
3185 1298 3299 1366 εἰμι
3331 1298 3364 1368 ή
3405 1296 3543 1359 ὁδὸς,
3577 1296 3671 1352 xai.
3703 1297 3742 1367 ἢ

2162 1385 2419 1457 ἀλήθεια,
2466 1388 2561 1440 καὶ
2594 1388 2628 1458 ἡ
2658 1386 2793 1456 ζωή.
2841 1385 3286 1456 ΟὑδεὶςἝρχεται
3326 1387 3464 1458 πρὸς
3498 1387 3588 1441 τὸν
3626 1389 3739 1441 Πα-

2160 1481 2315 1551 τέρα,
2344 1481 2392 1532 εἰ
2424 1479 2499 1551 μὴ
2522 1479 2589 1533 δι’
2613 1478 2768 1551 ἐμοῦ.
2805 1498 2823 1531 ι

2236 1572 2392 1635 Ὀδός
2419 1573 2586 1633 ἐστιν,
2615 1570 2696 1623 ὅτι
2726 1570 2791 1623 δι’
2817 1569 2981 1623 αὑτοῦ
3006 1570 3255 1642 ἤρχοντο,
3292 1571 3386 1625 καὶ
3435 1570 3595 1634 αὐτὸς
3629 1570 3727 1624 κύ-

2162 1676 2273 1730 ριος
2301 1654 2368 1730 ἧν
2397 1657 2490 1712 τοῦ
2514 1659 2738 1728 ἀνάγειν
2771 1659 2906 1731 πρὸς
2926 1661 3018 1714 τὸν
3052 1661 3287 1733 Πατέρα·
3322 1661 3548 1731 ἀλήθεια
3569 1660 3625 1713 δέ
3646 1661 3739 1714 διὰ

2158 1752 2256 1822 τὴν
2280 1751 2571 1822 ἀψευδίαν,
2616 1753 2696 1806 ὅτι
2726 1753 2942 1817 πάντως
2969 1752 3141 1807 ταῦτα
3175 1753 3354 1808 ἔσται’
3388 1754 3499 1825 ζωὴ
3543 1754 3622 1818 δὲ,
3652 1756 3740 1807 ὅτι

2160 1844 2278 1897 οὐδὲ
2295 1844 2481 1911 αὐτὸς,
2503 1844 2690 1917 φησὶν,
2713 1846 2741 1898 ὁ
2763 1845 2991 1911 θάνατος
3010 1846 3299 1917 δυνήσεται
3328 1847 3474 1916 ὑμᾶς
3492 1846 3738 1899 κωλύσαι

2160 1936 2357 1990 ἐλθεῖν.
2402 1936 2551 2000 Ὀδὸς
2597 1938 2713 1990 ἐστι
2761 1938 2848 1993 διὰ
2889 1938 2952 1991 τὸ
2988 1941 3324 2010 πρακτικὸνο
3368 1938 3627 2008 ἀλήθεια,
3663 1939 3744 2001 ῶς

2158 2027 2365 2099 ἀληθὴς
2396 2027 2495 2098 τῆς
2522 2028 2758 2091 πίστεως
2794 2029 2921 2101 ὅρος
2949 2045 2963 2059 ο
3002 2030 3138 2100 ζωὴ,
3177 2031 3253 2094 ὼς
3298 2031 3529 2102 ἐγείρων
3564 2032 3739 2101 ἡμᾶς.

2160 2123 2254 2176 καὶ
2286 2123 2365 2185 είς
2394 2121 2705 2192 ἀφθαρσίαν
2735 2122 2907 2192 ἄγων,
2933 2124 3025 2176 καὶ
3053 2122 3151 2193 τῆς
3173 2122 3408 2194 ἀρχαίας
3434 2120 3743 2190 ἐλευθερῶν

2159 2216 2321 2286 ἀρᾶς.

2237 2324 2254 2356 ι
2289 2304 2353 2358 Εἰ
2378 2302 2673 2372 ἐγνώκειτέ
2701 2321 2768 2375 με
2795 2342 2809 2367 ,
2839 2303 2932 2357 καὶ
2958 2302 3047 2356 τὸν
3071 2302 3288 2373 Πατέρα
3320 2320 3421 2372 μου
3444 2303 3736 2371 ἐγνώκειτε

2160 2400 2226 2454 ἄν
2252 2415 2267 2431 ο
2299 2398 2391 2453 καὶ
2419 2398 2515 2452 ἀπ’
2545 2397 2672 2468 ἄρτι
2700 2395 2999 2466 γινώσκετε
3040 2396 3224 2463 αὐτὸν,
3254 2396 3348 2450 καὶ
3389 2394 3611 2469 ἑώρακα
3638 2397 3738 2449 αὖ·

2158 2492 2270 2547 τόν.
2304 2512 2323 2545 ι
3158 2532 3163 2539 .

2235 2582 2398 2654 Ὀψιν
2422 2577 2525 2639 ὧδε
2553 2583 2701 2652 λέγει
2731 2581 2831 2652 τὴν
2859 2582 2999 2636 κατὰ
3023 2581 3264 2636 διάνοιαν
3293 2579 3514 2650 γνῶσιν.
3560 2579 3619 2632 '0
3646 2573 3739 2633 οὖν

2162 2676 2380 2748 θεωρῶν
2408 2676 2498 2731 τὸν
2528 2676 2653 2730 Υἱδν
2673 2716 2688 2742 ,
2718 2675 2779 2728 οὐ
2809 2675 2991 2745 γυμνῇ
3036 2674 3101 2746 τῇ
3148 2673 3308 2744 οὐσίᾳ
3327 2713 3342 2739 ,
3375 2672 3512 2727 ἀλλά
3558 2672 3739 2742 σάρκα

2162 2769 2659 2842 περιϐεϐλημένον,
2700 2768 2791 2822 τὸν
2836 2769 2952 2823 ῐσον
2989 2768 3137 2839 αὐτῷ
3176 2770 3234 2823 ἐν
3267 2767 3438 2821 ἅπασι
3481 2767 3735 2836 γινώσκει

2162 2860 2399 2931 Πατέρα.
2464 2862 2528 2915 Ἡ
2566 2860 2768 2929 γνῶσις
2805 2860 2905 2931 τὴν
2951 2860 3038 2914 διὰ
3083 2860 3193 2914 τῶν
3241 2859 3460 2913 ἐννοιῶν
3502 2858 3735 2930 θεωρίαν

2160 2951 2328 3022 δηλοῖ,
2359 2954 2392 3021 ἡ
2419 2952 2476 3005 δὲ
2508 2952 2608 3007 θέα
2647 2952 2743 3023 τὴν
2769 2952 2856 3007 διὰ
2883 2950 2991 3007 τῶν
3020 2952 3342 3026 θεοπρεπῶν
3378 2953 3557 3023 ἔργων
3599 2952 3736 3022 πλη⁴

2164 3044 2444 3118 ροιρορίαν.

2242 3155 2258 3184 ι
2305 3136 2559 3200 Φίλιππε,
2597 3138 2627 3189 6
2671 3137 2931 3208 ἑωρακὼς
2969 3137 3100 3207 ἐμὲ,
3133 3137 3343 3210 ἐώρακε
3369 3137 3461 3191 τὸν
3492 3135 3733 3210 Πατέρα.

2169 3230 2276 3283 Καὶ
2302 3229 2419 3294 πῶς
2453 3230 2517 3283 σὺ
2544 3229 2748 3300 λέγεις·
2780 3230 2963 3297 Δεῖξον
2999 3231 3131 3300 ἡμῖν
3154 3231 3246 3283 τὸν
3279 3228 3538 3301 Πατέρα;
3572 3250 3591 3283 ι

2235 3322 2419 3386 Οὐδὲν,
2447 3321 2633 3391 φησιν,
2656 3322 2841 3393 ἕτερόν
2872 3323 3020 3376 ἐστιν
3038 3324 3067 3376 6
3084 3321 3232 3389 Υἱὸς,
3260 3324 3307 3376 εί
3332 3323 3408 3395 μὴ
3426 3324 3563 3395 ὅπερ
3591 3324 3740 3378 ἐστὶν

2160 3414 2187 3464 6
2221 3411 2407 3482 Πατὴρ
2446 3410 2620 3481 μένων
2651 3411 2798 3474 Υἱός.
2818 3409 2881 3464 Ei
2923 3408 3034 3481 γὰρ
3063 3413 3175 3475 καὶ,
3208 3411 3284 3476 ὡς
3321 3412 3500 3483 ἔτυχε,
3533 3412 3739 3480 λέγεις,

2160 3497 2204 3556 ὧ
2224 3503 2477 3566 Φίλιππε,
2512 3503 2595 3557 ὅτι
2625 3504 2691 3557 Σὲ
2714 3498 2832 3557 οἶδα
2864 3505 2946 3558 ὅτι
2973 3504 3001 3556 ὁ
3026 3504 3152 3568 Υἱὸς
3193 3498 3262 3567 εἷ,
3287 3504 3403 3560 ἀλλ’
3437 3504 3537 3559 οὐκ
3566 3504 3740 3572 ἔγνως

2163 3613 2230 3665 με
2263 3596 2342 3649 ὅτι
2370 3595 2488 3650 ὅλον
2524 3596 2631 3667 ἔχω
2659 3598 2716 3649 ἐν
2744 3595 2971 3667 ἐμαυτῷ
2998 3597 3089 3651 τὸν
3123 3597 3361 3669 Πατέρα,
3400 3596 3546 3667 μένω
3572 3595 3740 3650 πάλιν

2163 3689 2285 3752 Υἱὸς
2315 3687 2409 3742 ῶν.

2235 3800 2253 3833 ι
2296 3782 2371 3834 Οὐ
2400 3782 2681 3836 πιστεύετέ
2717 3800 2828 3853 μοι,
2859 3783 2939 3836 ὅτι
2980 3783 3091 3853 ἐγὼ
3140 3784 3196 3836 ἐν
3229 3781 3305 3854 τῷ
3338 3783 3512 3855 Πατρὶ
3534 3826 3550 3851 ,
3577 3784 3671 3837 καὶ
3708 3786 3741 3838 6

2160 3873 2347 3945 Πατὴρ
2375 3876 2432 3927 ἐν
2464 3875 2587 3945 ἐμοί
2627 3878 2805 3941 ἐστιν;
2843 3894 2859 3927 ι

2241 3968 2297 4019 '0
2313 3967 2468 4035 λόγος
2488 3967 2742 4039 σημαίνει
2766 3966 2865 4040 τὴν
2884 3968 3023 4036 ἄγαν
3047 3969 3347 4040 ἐμφέρειαν
3369 3968 3464 4023 καὶ
3487 3969 3735 4040 ἰσότητα.

2159 4060 2249 4113 Διὸ
2277 4059 2364 4112 ἵνα
2410 4061 2484 4131 μὴ
2521 4060 2742 4133 ἐμπέσῃ
2771 4079 2855 4126 τις
2897 4063 2975 4126 είς
3016 4062 3115 4131 τὴν
3152 4062 3438 4116 Σαϐελλίὸυ
3478 4062 3735 4131 αἵρεσιν,

2157 4152 2382 4224 διαιρῶν
2422 4153 2521 4215 τὰς
2557 4153 2906 4217 ὑποστάσεις,
2934 4154 3128 4222 ἐπάγει
3150 4152 3346 4223 λέγων’
3364 4154 3428 4207 '0
3459 4153 3738 4222 ἑωρακὼς

2158 4244 2281 4313 ἐμὲ,
2311 4244 2533 4313 ἑώρακε
2566 4244 2674 4298 τὸν
2711 4244 2962 4313 Πατέρα.
2996 4244 3169 4299 Τοῦτο
3209 4246 3265 4300 δὲ
3311 4246 3463 4315 δηλοῖ
3499 4246 3586 4300 διὰ
3633 4246 3740 4315 τὴν

2160 4337 2378 4407 γνῶσιν,
2401 4338 2571 4392 ταῦτα
2593 4341 2719 4406 περὶ
2747 4341 2846 4410 τῆς
2880 4341 3110 4411 ἀοράτου
3145 4341 3292 4410 λέγει
3321 4342 3508 4404 οὐσίας
3536 4341 3739 4395 ἑαυτοῦ

2159 4444 2217 4481 τε
2242 4428 2447 4482 καὶτοῦ
2476 4430 2707 4500 Πατρός.
2737 4431 2810 4482 Οὐ
2839 4431 2945 4501 γὰρ
2973 4430 3199 4485 δυνατὸν
3224 4434 3507 4502 σαρκικοῖς
3533 4432 3740 4500 ὀφθαλ-

487 4506 660 4561 oculis
703 4506 871 4560 videri
909 4506 1110 4575 nequit,
1150 4507 1379 4578 ideoque
1411 4510 1537 4564 dicit
1570 4529 1583 4566 :
1621 4512 1726 4579 Qui
1765 4516 1902 4571 videt
1954 4535 2053 4583 me,

2166 4524 2285 4591 μοῖς
2320 4520 2447 4575 ἰδεῖν
2477 4522 2536 4574 τὸ
2566 4522 2748 4585 Θεῖον⁸
2774 4524 2854 4577 διὸ
2878 4519 3032 4578 εἶπεν
3052 4540 3065 4554 ·
3104 4524 3156 4576 '0
3188 4525 3459 4593 ἑωρακὼς
3479 4525 3601 4594 ἐμὲ.
3631 4524 3742 4577 ἑώ-

489 4601 624 4653 videt
647 4610 692 4651 et
717 4596 952 4662 Patrem,
994 4613 1101 4651 non
1135 4600 1275 4666 quod
1309 4600 1423 4670 ipse
1465 4600 1627 4658 Pater
1663 4606 1753 4673 sit,
1806 4608 1898 4662 sed
1929 4611 2056 4678 quia

488 4702 704 4761 propter
733 4690 973 4744 intimam
1021 4690 1473 4763 conjunctionem,
1506 4698 1812 4769 quicunque
1863 4699 2055 4758 Filium

486 4785 653 4849 videt,
688 4782 832 4835 videt
878 4791 931 4834 et
986 4780 1221 4836 Patrem.
1250 4781 1424 4839 liabet
1475 4787 1619 4841 enim
1647 4789 1882 4859 quisque
1924 4808 2052 4861 pro-

488 4876 658 4945 priam
688 4872 1038 4943 hypostasim.
1786 4874 1819 4899 ’

550 4967 775 5035 Pmptcr
806 4973 1011 5018 natura:
1036 4965 1372 5022 identitatem
1400 4970 1718 5026 naturaliter
1767 4986 1956 5029 omnes
2006 4975 2057 5030 in

488 5075 572 5113 Inc
623 5056 800 5109 Putris
867 5056 1223 5123 proprietates
1284 5058 1554 5127 possideo.
1617 5061 2061 5121 Substantialiter

485 5151 627 5205 enim
652 5149 817 5206 Filius
832 5150 1045 5206 Patrem
1073 5151 1472 5220 complectitur,
1500 5156 1659 5225 eique
1694 5157 2055 5223 intimeinex-

486 5245 648 5300 sistit.

560 5336 832 5392 Vens.12.
868 5356 886 5389 ι
923 5338 1113 5404 Amen,
1150 5353 1305 5393 amen
1354 5339 1475 5393 dico
1508 5340 1681 5405 vobis,
1731 5343 1822 5412 qui
1882 5345 2054 5399 credit

484 5428 536 5481 in
567 5441 676 5494 me,
719 5443 881 5500 opera
927 5445 1046 5499 quae
1071 5444 1170 5500 ego
1199 5429 1441 5495 facio,et
1480 5431 1596 5501 ipse
1634 5432 1819 5499 faciet,
1854 5446 1909 5491 et
1940 5451 2057 5491 ma-

475 5523 601 5590 jora
631 5523 824 5580 horum
853 5522 1014 5579 faciet
1042 5540 1054 5578 :
1090 5524 1214 5593 quia
1243 5538 1343 5593 ego
1372 5523 1437 5578 ad
1473 5522 1687 5588 Patrem
1719 5527 1877 5583 vado.
1925 5547 1943 5579 ι

557 5700 721 5768 Quasi
746 5698 941 5754 Filium
964 5714 1299 5770 cognoscens
1332 5704 1434 5759 hoc
1464 5702 1615 5768 dicit,
1640 5702 1959 5758 existimans
1996 5716 2054 5758 se

480 5794 664 5851 statim
696 5794 808 5850 suis
846 5791 1019 5848 oculis
1044 5807 1201 5862 posse
1232 5793 1398 5852 Deum
1438 5796 1640 5851 videre.

2156 4627 2304 4682 ρακε
2334 4611 2440 4664 τὸν
2469 4611 2718 4681 Πατέρα,
2741 4613 2837 4683 οὐχ
2860 4614 2941 4666 ὅτι
2970 4613 3131 4676 αὐτός
3158 4617 3304 4666 ἐσ;ιν
3327 4616 3354 4666 6
3381 4614 3587 4684 Πατὴρ,
3617 4614 3737 4666 ἀλλ’

2162 4706 2244 4758 ὅτι
2273 4704 2360 4758 διὰ
2380 4705 2477 4775 τὴν
2504 4706 2642 4773 ἄγαν
2664 4706 2986 4777 ἐμφέρειαν,
3014 4707 3042 4759 ὁ
3070 4706 3159 4759 τὸν
3185 4704 3312 4759 Υίδν
3328 4706 3488 4778 ὁρῶν,
3511 4708 3602 4760 τὸν
3632 4708 3741 4760 Πα-

2161 4798 2296 4870 τέρα
2327 4797 2534 4866 β).ἐπει.
2570 4798 2725 4851 Ἔστι
2758 4798 2865 4870 γὰρ
2892 4798 3120 4863 ἕκαστος
3155 4798 3555 4864 ίδιοσυστάτως.

2240 4972 2487 5036 Φυσικῶς
2520 4974 2578 5025 ἐν
2613 4976 2680 5043 τῇ
2711 4973 2819 5044 ἰδία
2849 4990 2949 5044 μου
2984 4973 3144 5043 φύσει
3170 4973 3278 5045 ἔχω
3303 4974 3369 5028 τὰ
3398 4974 3491 5027 τοῦ
3522 4975 3739 5046 Πατρδς

2167 5066 2271 5119 [δια
2302 5064 2391 5117 διὰ
2416 5064 2474 5117 τὸ
2506 5065 2809 5134 ὁμοούσιον.
2846 5064 3129 5129 Οὒσιωδῶς
3167 5065 3275 5136 γὰρ
3327 5066 3356 5118 6
3400 5065 3529 5130 Υἱὸς
3562 5068 3739 5138 ἐμπε-

2167 5158 2335 5228 ριέχει
2363 5156 2451 5209 τὸν
2484 5156 2719 5228 Πατέρα,
2754 5156 2847 5209 καὶ
2882 5157 3025 5209 ἔστιν
3056 5158 3114 5212 ἐν
3140 5155 3308 5229 αὐτῷ.

2241 5356 2259 5386 ι
2306 5334 2497 5406 Ἀμὴν,
2527 5332 2673 5403 ἀμὴν
2699 5332 2841 5401 λέγω
2867 5333 3016 5404 ὑμῖν,
3045 5333 3073 5386 ὁ
3100 5331 3370 5386 πιστεύων
3401 5334 3480 5396 είς
3506 5334 3628 5402 ἐμὲ,
3665 5336 3738 5388 τὰ

2161 5429 2298 5500 ἔργα
2318 5428 2354 5482 ἃ
2379 5426 2489 5496 ἐγὼ
2516 5425 2675 5490 ποιῶ,
2703 5426 2952 5488 κάκεῖνος
2981 5425 3215 5495 ποιήσει,
3245 5425 3338 5478 καὶ
3366 5424 3590 5495 μείζονα
3616 5428 3739 5479 τού-

2159 5537 2269 5574 των
2298 5520 2547 5589 ποιήσει·
2581 5517 2664 5570 ὄτι
2694 5516 2807 5586 ἐγὼ
2834 5517 2964 5589 πρὸς
3001 5518 3090 5571 τὸν
3113 5518 3331 5588 Πατέρα
3371 5535 3473 5589 μου
3501 5519 3736 5590 πορεύο-

2164 5629 2287 5684 μαι.
2326 5630 2345 5663 ι

2242 5706 2325 5767 Ὡς
2378 5703 2469 5757 τὸν
2519 5703 2647 5757 re»;
2688 5700 2841 5765 εἰδὼς
2887 5698 3007 5756 εἷπε
3061 5702 3248 5770 τοῦτο,
3300 5704 3546 5776 οἰόμενος
3592 5705 3736 5777 τάχα

2152 5795 2586 5867 ὁφθαλμοφανῶς
2626 5793 2883 5849 δύνασθαι
2919 5795 3043 5848 ἰδεῖν
3082 5795 3173 5850 τὸν
3202 5796 3355 5851 Θεὸν.
3394 5796 3621 5871 [Cum]
