4130 6528
340 507 364 571 ι
379 508 477 572 £89

1392 502 1855 564 FRAGMENTA
1894 501 1974 561 IN
2011 500 2072 558 S.
2102 493 2478 558 JOANNEM.

3483 478 3617 544 1490

409 642 429 675 ι
464 622 636 692 Κάγὼ
658 602 923 694 ἐρωτήσω
943 620 1035 675 τὸν
1058 619 1298 690 Πατέρα.
1326 619 1423 672 κκὶ
1449 618 1610 674 ἄλλον
1634 617 1914 688 Παράκλη-

2031 614 2048 681 Ι
2107 613 2275 667 Vens.
2310 608 2397 664 l6.
2446 624 2465 658 ι
2497 604 2560 659 Εῑ
2595 616 2694 671 ego
2721 599 2923 671 rogabo
2971 597 3213 660 Patrem,
3239 601 3291 650 et
3318 592 3482 648 alium
3506 592 3612 647 Pa-

332 732 424 769 τον
453 714 613 768 δώσει
640 714 790 784 ὑμῖν,
818 715 909 767 ἵνα
938 713 1074 785 μένῃ
1107 713 1225 784 μεθ’
1258 713 1411 785 ὑμῶν
1436 714 1516 777 είς
1539 712 1632 774 τὸν
1661 712 1853 769 αἰῶνα.
1893 731 1909 763 ι

403 891 590 947 Εἰπὼν
622 892 853 955 ἄλλον,
904 892 1146 946 δείκνυσι
1183 892 1292 947 τῶν
1332 892 1684 948 ὑποστάσεων
1711 893 1772 947 τὸ
1800 893 1905 948 διά-

333 1004 527 1059 φορονο
558 986 730 1041 εἰπὼν
769 987 849 1051 δὲ,
884 987 964 1054 ὡς
1000 987 1125 1055 ἐμὲ,
1172 988 1272 1059 τῆς
1305 988 1495 1052 οὐσίας
1531 987 1591 1042 τδ
1632 988 1912 1057 συγγενές.

345 1081 587 1151 Ἐρωτᾷν
614 1079 673 1133 δὲ
714 1079 865 1148 λέγει
892 1080 983 1133 τὸν
1017 1080 1273 1154 Πατέρα,
1308 1079 1399 1133 διὰ
1435 1080 1497 1133 τὸ
1535 1075 1676 1134 εἶναι
1719 1082 1916 1145 αὐτοὺς

329 1173 561 1236 ἀτελεῖς.
618 1172 771 1225 Ἐπεὶ
811 1172 929 1237 πῶς
969 1171 1135 1237 αὖτδς
1181 1172 1348 1227 αἰτῶν
1393 1172 1640 1241 πέμπει,
1687 1173 1826 1245 ὅπερ
1868 1175 1915 1227 οί

330 1266 619 1321 ἀπόστολοι
658 1268 724 1336 τῇ
767 1264 1013 1319 ἐπιθέσει
1060 1265 1168 1318 τῶν
1208 1265 1407 1337 χειρῶν
1435 1266 1643 1319 ἐδίδουν
1668 1268 1783 1331 τοῖς
1823 1284 1916 1320 πι-

331 1358 514 1417 στοῖςς
548 1354 687 1408 Οὔτε
731 1353 788 1407 δὲ
816 1354 878 1407 τὸ
909 1354 1135 1426 Πνεῦμα
1164 1355 1485 1425 πέμπεται,
1518 1356 1635 1410 ἀλλ’
1670 1358 1918 1412 αὑθεντι-

330 1446 445 1509 κῶς
499 1446 809 1515 ὲῳίσταται,
837 1445 896 1499 τὸ
938 1445 1217 1517 πανταχοῦ
1260 1446 1341 1500 δψ
1396 1448 1533 1502 ἀλλὰ
1574 1447 1734 1502 τοῦτο
1793 1444 1915 1503 εἷπε

332 1536 553 1601 δεικνὺς
582 1538 681 1608 τῆς
700 1537 1009 1609 παρουσίας
1030 1538 1121 1593 τὸν
1148 1539 1358 1611 καιρόν.
1393 1540 1456 1593 Εἰ
1488 1539 1561 1611 μὴ
1602 1540 1711 1611 γὰρ
1747 1541 1913 1610 ἐτύθη

326 1630 358 1681 6
392 1628 662 1699 Χριστὸς,
704 1629 797 1683 καὶ
836 1628 1000 1701 ἐλύθη
1039 1631 1072 1702 ἡ
1126 1630 1404 1702 ἁμαρτία,
1451 1633 1553 1685 οὐκ
1589 1631 1916 1704 ἐπεφοίτησε

328 1721 445 1784 τοῖς
477 1723 693 1787 πιστοῖς
728 1722 789 1775 τὸ
819 1720 1067 1794 Πνεῦμα.
1110 1723 1471 1794 Παράκλητος
1503 1722 1559 1777 δὲ
1604 1723 1850 1778 καλεῖται
1889 1725 1917 1777 6

331 1813 458 1877 Υἱὸς
488 1818 583 1868 καὶ
609 1814 670 1867 τὸ
708 1814 935 1886 Πνεῦμα
953 1856 968 1881 ,
998 1815 1071 1878 ὡς
1098 1815 1455 1886 παραμυθίαν
1476 1817 1608 1885 ἡμῖν
1631 1815 1917 1885 ἐμποιοῦν-

326 1922 455 1969 τες,
511 1906 607 1959 καὶ
650 1904 726 1970 ώς
770 1906 1217 1976 παρακαλοῦντες
1253 1905 1394 1977 ὑπὲρ
1431 1906 1591 1976 ἡμῶν
1653 1905 1743 1959 τὸν
1802 1907 1915 1959 Πα-

2026 706 2279 760 raclitum
2305 699 2459 758 dabit
2513 696 2672 751 vobis
2716 702 2778 749 ut
2824 697 3040 746 maneat
3062 686 3344 741 vobiscum
3371 684 3425 738 in
3454 692 3611 737 arter-

2020 814 2173 854 num.
2208 815 2227 847 ι

2084 886 2336 945 Dicendo
2367 883 2556 947 alium,
2607 889 2963 949 personarum
3023 868 3297 942 signiﬁcat
3353 863 3610 920 diﬂ‘eren-
3706 872 3715 883 λ

2020 983 2183 1047 tiam;
2215 975 2447 1035 dicendo
2477 986 2632 1034 vero,
2660 970 2762 1023 mei
2789 965 3035 1029 similem,
3074 960 3393 1017 suhstantite
3418 969 3607 1011 osten-

2020 1075 2097 1128 dit
2142 1070 2540 1141 cognationem.
2607 1062 2747 1117 Dicit
2809 1071 2939 1113 vero
2989 1069 3050 1110 se
3100 1066 3300 1123 rogare
3356 1048 3602 1109 Patrem,

2020 1140 2240 1235 promer
2256 1176 2445 1218 eorum
2476 1152 2928 1213 imbecillitatem.
2957 1145 3157 1202 Verum
3191 1140 3461 1214 quomodo
3490 1140 3608 1208 ipse

2019 1233 2257 1326 rogando
2281 1252 2471 1316 mittit,
2507 1262 2669 1320 quem
2720 1239 2950 1315 apostoli
3003 1251 3101 1309 per
3140 1248 3396 1291 manuum
3427 1233 3605 1299 impo-

2019 1321 2269 1403 sitionem
2289 1342 2540 1399 ﬁdelibus
2566 1336 2771 1394 dabant
2792 1336 2818 1390 τ
2844 1332 3030 1402 Neque
3052 1342 3182 1384 vero
3207 1323 3445 1394 Spiritus
3474 1321 3604 1375 mit-

2019 1440 2173 1501 titur,
2229 1451 2356 1492 cum
2383 1432 2583 1503 ubique
2609 1430 2853 1484 locorum
2885 1438 2984 1496 per
3009 1435 3068 1478 se
3096 1430 3339 1491 praesens
3367 1414 3476 1468 sit:
3507 1412 3603 1467 sed

2022 1535 2125 1587 hoc
2158 1529 2319 1595 dixit,
2349 1535 2405 1580 ut
2444 1536 2653 1591 tempus
2684 1519 2958 1574 adventus
3013 1511 3336 1568 declararet.
3369 1503 3425 1560 Si
3458 1503 3602 1558 enim

2018 1620 2268 1677 Christus
2302 1632 2407 1671 non
2454 1613 2653 1668 fuisset
2680 1605 3014 1669 immolatus,
3048 1610 3105 1657 et
3143 1599 3606 1666 solutumpecca-

2020 1723 2155 1777 tum,
2194 1710 2434 1780 Spiritus
2482 1713 2707 1760 sanctus
2763 1700 2815 1754 in
2878 1696 3062 1751 lldeles
3113 1690 3337 1745 minime
3379 1689 3607 1742 descen-

2018 1775 2207 1859 disset.
2239 1775 2546 1855 Paraclitus
2581 1804 2759 1847 autem
2812 1798 2928 1842 tam.
2953 1784 3121 1838 Filius
3159 1794 3321 1851 quam
3369 1775 3605 1848 Spiritus

2021 1893 2358 1957 nominatur,
2416 1885 2600 1955 utqui
2674 1881 2826 1936 nobis
2873 1874 3303 1933 consolationem
3353 1866 3600 1928 aﬁ‘eraut,

328 1995 485 2065 τέρα.
522 1995 596 2048 Τὸ
624 1958 734 2068 γὰρ
769 1958 940 2068 ὗνοιμα
973 1958 1147 2051 τοῦτο
1171 1958 1530 2070 παραμυθίας
1560 1958 1914 2070 έστὶποιητι-

2024 1982 2347 2049 Patremque
2384 1975 2541 2031 nobis
2569 1969 2884 2027 concilient.
2922 1964 3123 2019 Nomen
3178 1960 3324 2016 enim
3368 1958 3472 2014 hoc
3520 1967 3607 2011 est

2337 2069 2343 2070 '
2781 2060 2813 2070 "
3081 2056 3114 2070 η
3158 2054 3173 2066 ⁶
3214 2055 3313 2070 ἰλ-γ
3365 2066 3384 2070 ρ
3439 2048 3598 2070 η.-....-

330 2084 464 2228 ἓν,
498 2087 560 2228 :6
598 2088 858 2161 διάφορον
906 2087 1097 2143 οὐσίαν
1150 2091 1416 2160 σημαῖνον
1452 2089 1771 2160 Πνεῦματος
1820 2090 1915 2144 καὶ

391 2195 495 2228 ατο
530 2195 577 2228 ς.

391 2195 455 2229 ατ
466 2178 577 2247 ρός.

403 2268 585 2322 Εἰπὼν
611 2271 704 2333 τὸ,
735 2270 836 2325 ἵνα
870 2272 1025 2342 μένῃ
1047 2313 1061 2337 ,
1093 2271 1351 2340 ἐδίδαξεν.
1385 2273 1466 2327 δτι
1493 2272 1617 2328 οὔτε
1658 2275 1796 2344 μετά
1827 2292 1915 2328 τε·

326 2358 525 2431 λευτὴν
558 2361 855 2431 ἀφίσταται
902 2363 964 2417 τὸ
996 2363 1256 2436 Πνεῦμα,
1304 2362 1491 2436 ὥσπερ
1534 2383 1618 2430 τις
1662 2366 1915 2436 θεότητος

326 2452 556 2521 ποιότης
588 2453 645 2505 ἐν
677 2452 808 2525 ἡμῖν
839 2454 1070 2524 γίνεται,
1102 2456 1199 2510 καὶ
1231 2457 1498 2527 ἀπομένει
1536 2458 1827 2521 διαπαντὸς
1856 2460 1914 2512 ἐν

322 2548 439 2609 τοῖς
473 2544 668 2638 ἀγίοις,
704 2546 832 2600 ὅταν
859 2546 929 2600 δι’
962 2549 1164 2620 ἀρετῆς
1196 2550 1293 2602 καὶ
1322 2548 1695 2621 καθαρότητος
1726 2552 1913 2621 τηρεῖν

324 2638 387 2709 ἐν
421 2640 635 2703 ἑαυτοῖς
664 2639 1015 2696 σπουδάσωσι
1039 2640 1141 2713 τὴν
1168 2641 1350 2713 χάριν.

300 2752 311 2757 ο
402 2749 420 2782 ι
445 2731 559 2786 Οὐκ
583 2732 781 2804 ἀφήσω
803 2733 949 2803 ὑμᾶς
971 2732 1263 2805 ὀρφανούς·
1282 2733 1515 2806 ἔρχομαι
1540 2733 1676 2807 πρὸς
1694 2734 1857 2806 ὑμᾶς.
1886 2752 1905 2786 ι

399 2883 672 2938 Οὐδέποτε
705 2883 807 2953 μὲν
854 2883 1038 2940 εῐασεν
1070 2886 1267 2949 αὐτοὺς
1314 2885 1558 2957 ἐρήμους
1602 2884 1704 2955 τῆς
1745 2884 1911 2940 αὐτοῦ

324 2975 591 3045 προνοίας
611 3016 627 3041 ,
666 2976 808 3048 πλὴν
838 2976 992 3048 ῶφθη
1037 2979 1218 3041 αὐτοῖς
1252 2979 1347 3033 καὶ
1380 2977 1519 3046 μετά
1549 2978 1647 3048 τὴν
1674 2978 1912 3033 ἀνάστα-

325 3085 435 3123 σιν.
486 3068 708 3139 Ἐπειδὴ
737 3068 908 3123 ἐλθὼν
933 3070 1192 3125 ἐκάλεσεν
1216 3052 1671 3136 αὺτοῦῗτεκνια,
1702 3068 1912 3141 μέλλων

322 3156 572 3222 ἀπιέναι,
598 3153 754 3211 εἶπεν
786 3159 1107 3228 ὀρφανούς.
1140 3158 1365 3233 [(ἶιιΑιι.]

2017 2048 2468 2131 consolatorium,
2538 2074 2715 2133 neque
2763 2060 3031 2116 diversam
3081 2054 3320 2125 Spiritus
3362 2066 3393 2105 a
3435 2048 3603 2104 Patre

2017 2163 2377 2219 substantiam
2416 2156 2713 2229 signiﬁcat.

2090 2253 2327 2309 Dicenda
2358 2259 2414 2305 ut
2446 2255 2697 2312 maneat,
2728 2243 2887 2301 simul
2921 2240 3106 2295 docuit
3134 2251 3203 2293 ne
3243 2243 3365 2308 post
3394 2235 3603 2289 obitum

2015 2348 2233 2419 quidem
2258 2344 2520 2416 Spiritum
2545 2343 2820 2403 deserere,
2851 2346 2913 2391 ut
2944 2334 3037 2404 qui
3066 2331 3224 2402 quasi
3251 2330 3431 2386 divina
3455 2343 3606 2397 qua--

2015 2417 2136 2493 dam
2172 2436 2410 2507 qualitas
2433 2434 2487 2488 in
2524 2429 2683 2487 nobis
2709 2428 2958 2491 exsistat,
2995 2433 3050 2479 et
3076 2435 3293 2491 semper
3321 2419 3375 2473 in
3404 2417 3606 2472 sanctis

2015 2535 2325 2601 perseveret
2352 2564 2369 2591 ,
2428 2523 2646 2595 quando
2692 2534 2788 2592 per
2834 2520 3087 2573 virtutem
3123 2526 3184 2569 ac
3229 2512 3514 2582 puritatem
3551 2509 3602 2562 in

2014 2619 2331 2692 semetipsis
2358 2631 2581 2674 servare
2611 2613 2840 2685 gratiam
2868 2618 3159 2666 conantur.
3482 2620 3485 2622 ·

2092 2714 2257 2769 Vsus.
2316 2712 2406 2767 18.
2458 2729 2477 2763 ι
2508 2708 2628 2764 Non
2665 2706 2964 2776 relinquam
3012 2715 3109 2757 vos
3158 2697 3472 2770 orphanos:
3513 2710 3606 2750 γε·
3710 2768 3715 2771 ν

2014 2808 2161 2863 niam
2193 2803 2261 2860 ad
2292 2818 2407 2859 vos.
2441 2821 2460 2856 ι

2085 2898 2373 2967 Nunquam
2402 2909 2501 2951 eos
2524 2890 2864 2964 providentia
2905 2902 3001 2943 sua
3033 2886 3196 2942 orbos
3219 2880 3433 2951 reliquit
3458 2898 3473 2945 ;
3519 2880 3607 2934 in-

2018 3005 2183 3059 super
2228 2988 2375 3043 visus
2432 2995 2517 3041 est
2565 2983 2698 3050 ipsis
2745 2982 2907 3037 etiam
2962 2989 3084 3048 post
3132 2974 3604 3031 resurrectionem.

2017 3085 2326 3141 Adveniens
2349 3096 2445 3138 eos
2476 3081 2694 3136 vocavit
2751 3077 2914 3147 ﬁlios,
2944 3089 3066 3129 cum
3097 3080 3242 3127 esset
3266 3067 3609 3138 proiecturus

2018 3179 2282 3249 orphanos
2308 3175 2466 3231 dixit.

401 3271 524 3323 Ὀτι
556 3269 750 3342 ἔμελλε
779 3273 963 3378 μόνοις
993 3273 1179 3338 αὐτοῖς
1211 3274 1447 3345 ὀφθῆναι
1489 3275 1630 3347 μετά
1652 3276 1753 3348 τὴν
1782 3278 1911 3331 ἀνά-

2091 3291 2227 3360 Quia
2279 3289 2409 3346 solis
2469 3287 2759 3358 discipulis
2790 3293 2910 3358 post
2940 3281 3388 3339 resurrectionem
3437 3290 3606 3341 appa-

326 3380 540 3431 στασιν,
567 3366 731 3418 πᾶσιν
760 3361 1147 3435 εἷπε,μικρόν’
1189 3368 1383 3436 μικρὸν
1423 3368 1613 3438 χρόνον
1641 3369 1789 3438 λέγει
1820 3371 1910 3425 τὸν

322 3456 435 3520 ἕως
458 3456 559 3527 τῆς
594 3457 851 3530 δευτέρας
887 3458 1207 3529 παρουσίας.
1248 3461 1462 3532 Μικρὸν
1493 3463 1602 3533 γὰρ
1639 3461 1779 3532 Θεῷ,
1817 3465 1912 3518 καὶ

322 3550 355 3602 ὁ
384 3550 597 3620 μακρός
617 3549 675 3603 ά.
702 3551 891 3620 Ὑμεῖς
914 3551 972 3605 δὲ
1000 3553 1049 3605 οἱ
1078 3552 1222 3621 ἅγιοι
1243 3553 1331 3607 διὰ
1352 3554 1452 3623 τῆς
1473 3554 1571 3607 τοῦ
1597 3554 1736 3607 Ιινεύ
1746 3572 1913 3625 ματος

325 3642 659 3712 ἐνοικήσεως
687 3641 965 3711 γνώσεσθέ
1017 3660 1106 3714 με,
1145 3645 1207 3697 οὐ
1251 3643 1358 3716 μὴν
1396 3646 1447 3699 οί
1476 3646 1547 3701 τὰ
1569 3646 1666 3701 τοῦ
1708 3648 1913 3717 κόσμου

326 3732 674 3802 ἀγαπῶντες.
713 3733 910 3807 [CRM].
945 3735 1095 3810 smn]
1126 3737 1408 3809 Ἀρραϐὼν
1432 3736 1536 3812 [ὃν]
1556 3738 1657 3809 τῆς
1688 3738 1914 3812 μελλού-

335 3840 434 3894 σης
471 3825 616 3896 ζωῆς
647 3826 801 3898 ἔχετε
839 3827 1047 3891 λαϐεῖν,
1081 3830 1230 3883 ἐστὶν
1258 3829 1291 3901 ἡ
1318 3830 1428 3902 ἐμὴ
1456 3831 1777 3897 ἀνάστασις.

408 3937 426 3969 ι
478 3918 537 3971 '0
583 3919 724 3990 ἔχων
757 3920 854 3983 τὰς
898 3921 1122 3985 ἐντολάς
1169 3939 1297 3993 μου,
1346 3923 1443 3978 καὶ
1490 3924 1675 3995 τηρῶν
1721 3926 1913 3991 αὐτάς,

329 4011 539 4074 ἐκεῖνός
568 4012 715 4066 ἐστιν
747 4014 777 4066 6
810 4013 1042 4080 ἀγαπῶν
1073 4031 1160 4085 με.
1207 4016 1266 4071 ’0
1298 4015 1358 4069 δὲ
1386 4016 1616 4085 ἀγαπῶν
1651 4033 1743 4087 με,
1774 4018 1914 4085 ἀγα-

332 4103 640 4174 πηθήσεται
664 4105 769 4160 ὑπὸ
808 4105 906 4160 τοῦ
947 4107 1163 4179 Πατρός
1204 4125 1306 4177 μου
1330 4148 1345 4173 ,
1374 4110 1469 4164 καὶ
1505 4108 1617 4178 ἐγὼ
1643 4110 1917 4182 ἀγαπήσω

335 4193 523 4259 αὐτὸν,
549 4196 651 4251 καὶ
670 4196 958 4266 ἐμφανίσω
990 4196 1141 4268 αὐτῷ
1172 4200 1430 4269 ἐμαυτόν.
1479 4219 1497 4252 ι

413 4287 541 4339 Ὅτε
595 4286 794 4358 ἀνέστη
842 4289 907 4342 ἐκ
950 4288 1183 4358 νεκρῶν,
1228 4288 1324 4343 καὶ
1371 4290 1565 4361 ἔτυχον
1611 4294 1706 4348 τοῦ
1756 4296 1915 4365 ἁγίου

338 4377 690 4448 Πνεῦματος,
740 4379 929 4433 ἔλαϐον
972 4381 1195 4449 γνῶσιν,
1242 4383 1325 4437 ὅτι
1372 4385 1400 4437 6
1434 4384 1564 4449 Υἱὸς
1614 4386 1712 4458 τὴν
1744 4389 1916 4460 αὐτὴν

334 4472 474 4541 ἔχων
502 4472 729 4543 δύναμιν
758 4472 836 4544 τῷ
871 4474 1047 4545 Πατρὶ
1069 4513 1086 4538 ,
1117 4475 1326 4530 ἐκείνου
1362 4477 1461 4547 μὲν
1501 4479 1601 4533 οὐκ
1628 4480 1918 4553 ἀποσχίζε-

333 4581 425 4616 ται
454 4563 543 4617 διὰ
567 4564 666 4635 τὴν
701 4565 800 4635 τῆς
827 4566 1016 4630 οὐσίας
1046 4567 1277 4638 ἑνότητα
1301 4610 1315 4633 ,
1343 4569 1528 4635 αὐτοῖς
1564 4572 1622 4626 δὲ
1664 4574 1916 4629 σύνεστιν

2019 3384 2223 3439 riturus
2271 3389 2411 3444 erat,
2446 3381 2705 3435 omnibus
2735 3378 2872 3432 dixit
2898 3377 3186 3438 modicum,
3228 3373 3307 3428 sic
3332 3368 3607 3438 appellans

2017 3483 2229 3543 tempus
2276 3486 2446 3542 usque
2486 3470 2553 3525 ad
2616 3467 2917 3525 secundum
2962 3466 3278 3521 adventum.
3335 3458 3603 3515 Modicum

2018 3567 2162 3621 enim
2211 3566 2319 3621 Deo
2374 3574 2477 3629 est,
2524 3555 2939 3617 tametsi'nobis
2988 3557 3228 3627 longum.
3284 3550 3394 3606 Vos
3423 3560 3603 3604 autem

2020 3656 2190 3712 sancti
2221 3670 2319 3725 per
2354 3653 2751 3708 inltahitautem
2801 3647 3065 3719 Spiritum
3098 3640 3441 3715 cognoscetis
3495 3654 3603 3702 me,

2019 3763 2175 3804 secus
2203 3760 2367 3816 quam
2398 3743 2494 3815 qui
2527 3741 2787 3797 mundum
2819 3738 3067 3808 diligunt.

2092 3927 2255 3982 Vens.
2276 3926 2364 3981 21.
2406 3944 2424 3977 ι
2450 3924 2552 3991 Qui
2576 3922 2741 3978 habet
2773 3918 3028 3976 mandata
3047 3930 3188 3979 mea,
3208 3922 3263 3969 et
3288 3918 3472 3967 servat
3502 3925 3601 3962 ea;

2019 4019 2105 4073 ille
2140 4026 2221 4071 est
2261 4016 2353 4085 qui
2389 4013 2567 4084 diligit
2600 4026 2705 4068 me.
2746 4009 2849 4085 Qui
2896 4016 3077 4064 autem
3119 4002 3292 4073 diligit
3342 4016 3448 4061 me,
3478 3999 3606 4051 dili-

2018 4120 2173 4179 getur
2201 4125 2230 4163 a
2260 4108 2419 4162 Patre
2454 4120 2576 4162 meo
2608 4123 2621 4160 :
2656 4111 2712 4160 et
2747 4116 2850 4174 ego
2877 4100 3095 4170 diligam
3118 4110 3269 4161 eum,
3295 4102 3349 4149 et
3374 4092 3607 4147 mauile-

2018 4198 2172 4253 stabo
2204 4196 2252 4251 ei
2284 4194 2573 4263 meipsum.
2607 4211 2626 4244 ι
2932 4178 2933 4181 “

2089 4287 2317 4354 Quando
2348 4286 2599 4345 Christus
2629 4300 2658 4338 a
2697 4282 2925 4338 mortuis
2968 4284 3362 4341 resurrexcrat,
3397 4275 3627 4346 ipsique

2020 4377 2281 4449 Spiritum
2334 4385 2583 4432 sanctum
2616 4380 2962 4442 acceperant,
3006 4374 3372 4439 cognoverunt
3410 4364 3450 4419 F
3458 4364 3605 4419 ilium

2023 4472 2268 4527 eamdem
2300 4470 2501 4525 habere
2531 4484 2655 4523 cum
2689 4464 2851 4520 Patre
2884 4464 3136 4517 virtutem
3172 4478 3186 4514 :
3223 4458 3487 4528 siquidem
3538 4458 3627 4510 ab.

2026 4565 2120 4618 illo
2148 4573 2367 4634 propter
2398 4572 2607 4616 naturae
2648 4559 2983 4612 identitatent
3029 4565 3367 4621 nequaquam
3394 4547 3606 4602 divelli-

333 4658 421 4710 ἀεὶ
440 4656 649 4728 βοηθῶν
671 4658 874 4722 αὐτοῖς.
911 4658 1054 4727 Ἐγὼ
1075 4659 1186 4731 ζωὴ
1208 4661 1369 4731 φύσει
1392 4662 1676 4737 ὑπάρχων,
1706 4667 1914 4739 συνῆψα

2029 4667 2136 4722 tur,
2172 4658 2305 4725 ipsis
2358 4670 2488 4710 vero
2530 4665 2745 4721 semper
2774 4648 3067 4703 auxiliator
3096 4643 3324 4698 assistit.
3357 4640 3491 4706 Ego,
3527 4639 3609 4692 in-

333 4752 565 4821 ἐμαυτδν
582 4750 661 4823 τῷ
690 4751 1055 4823 Πατρὶ,φύσει
1080 4755 1174 4809 καὶ
1204 4754 1353 4826 αὐτῴ
1376 4753 1489 4829 ζωῇ
1517 4756 1631 4811 δντι
1657 4774 1673 4791 ο
1703 4759 1918 4830 συνῆψα

333 4845 390 4898 δὲ
414 4846 507 4900 acad.
529 4846 675 4918 ὑμᾶς
701 4846 779 4918 τῷ
812 4848 989 4919 Πατρὶ
1017 4847 1107 4903 διὰ
1129 4849 1227 4919 τῆς
1253 4851 1622 4920 συνοικήσεως
1643 4854 1738 4905 τοῦ
1760 4853 1916 4921 ἁγίου

337 4936 688 5008 ΙΙνεύματος,
733 4939 883 5004 θείας
908 4939 1125 5009 φύσεως
1162 4940 1399 5012 ποιήσας
1432 4942 1598 5012 ὑμᾶς.
1638 4942 1780 5011 Ἐγὼ
1817 4943 1917 5014 μὲν

336 5025 445 5097 γὰρ
469 5028 715 5094 φυσικῶς
762 5031 820 5084 ἐν
853 5030 1028 5101 Πατρί¹
1069 5031 1144 5094 ὡς
1178 5032 1391 5104 καρπὸς
1429 5032 1625 5096 αὑτοῦ,
1672 5033 1830 5103 ὑμεῖς
1860 5034 1915 5087 δὲ

337 5119 394 5171 ἐν
424 5118 548 5188 ἐμοὶ
583 5119 706 5172 καθ’
751 5120 780 5171 ὂ
807 5122 1005 5190 γέγονα
1034 5122 1322 5194 ἄνθρωπος
1346 5166 1361 5189 ,
1396 5125 1491 5178 καὶ
1534 5124 1648 5194 ἐγώ
1693 5128 1751 5179 ἐν
1790 5126 1919 5199 ὑμῖν

335 5208 424 5263 διά
447 5210 547 5280 τῆς
574 5208 671 5263 τοῦ
694 5209 1008 5281 Πνεῦματος
1035 5212 1380 5285 ἐνοικήσεως.

409 5385 569 5440 Μετά
594 5385 693 5458 τὴν
718 5387 1019 5441 ἀνάστασιν
1047 5389 1094 5441 οἱ
1123 5388 1301 5459 ὀρθῶς
1326 5392 1673 5459 πιστεύοντες
1695 5394 1917 5460 τελείως

338 5478 667 5547 γνώσονται·
717 5479 811 5532 νῦν
863 5478 972 5550 γὰρ
1020 5482 1084 5533 ἐκ
1134 5482 1333 5551 μέρους
1375 5484 1738 5557 γινώσκομεν.
1800 5488 1919 5541 Ὅτι

342 5568 535 5640 ῶσπερ
565 5568 713 5623 ἐστὶν
758 5571 787 5622 ὁ
836 5568 965 5633 Υἱὸς
994 5569 1280 5640 δμοούσιος
1308 5576 1389 5647 τῷ
1416 5576 1610 5646 [lat-pl,
1650 5577 1793 5632 οῦτω
1827 5581 1922 5632 καὶ

341 5661 400 5719 ἓν
424 5660 753 5732 ἀμφοτέρων
783 5661 1013 5733 θέλημα.

415 5772 436 5809 ι
486 5755 651 5825 Λέγει
672 5754 823 5827 αὑτῷ
861 5755 1090 5825 Ἰούδας,
1119 5758 1217 5830 οὐχ
1245 5762 1271 5813 6
1308 5761 1680 5837 Ἰσκαριώτης·
1713 5764 1885 5837 Κύριε
1907 5808 1921 5834 ,

405 5934 436 5978 ἀ
458 5935 545 5991 Cr.
583 5937 705 5994 add.
738 5938 947 6008 χρόνος.

2029 4748 2168 4817 quit,
2202 4764 2324 4802 cum
2353 4748 2455 4800 sint
2486 4761 2516 4798 a
2553 4753 2747 4798 natura
2776 4742 2903 4803 vita,
2926 4734 3175 4805 conjunxi
3206 4748 3290 4787 me
3323 4730 3487 4796 Patri,
3514 4731 3606 4799 qui

2025 4840 2190 4893 etiam
2225 4852 2253 4891 a
2293 4848 2487 4903 natura
2517 4850 2614 4890 sua
2645 4834 2753 4887 vita
2794 4829 3045 4888 exsistit:
3076 4825 3207 4896 quin
3236 4832 3290 4879 et
3321 4837 3415 4877 vos
3461 4821 3626 4874 Patri

2026 4929 2328 4986 coadunavi
2362 4944 2459 4998 per
2487 4925 2946 4982 cohabitationem
2979 4919 3211 4990 Spiritus
3233 4914 3430 4979 Sancti,
3474 4913 3610 4968 divi-

2028 5039 2109 5079 nae
2157 5038 2255 5078 vos
2307 5030 2513 5075 naturae
2552 5015 2965 5086 comparticipcs
3011 5010 3269 5065 efﬁciens.
3318 5006 3430 5076 Ego
3462 5006 3607 5059 enim

2028 5115 2355 5171 naturaliter
2393 5114 2444 5167 in
2479 5112 2638 5167 Patre
2671 5123 2788 5163 sum
2817 5116 3073 5174 tanquam
3100 5101 3306 5154 fructus
3336 5098 3477 5167 ejus,
3510 5111 3609 5150 vos

2029 5217 2207 5261 autem
2242 5206 2413 5260 inme
2453 5204 2505 5259 in
2544 5209 2805 5272 quantum
2844 5197 3017 5250 factus
3044 5209 3160 5247 sutn
3194 5191 3378 5253 homo,
3427 5196 3479 5242 et
3508 5203 3608 5256 ego

2030 5301 2082 5354 in
2124 5300 2276 5354 vobis
2316 5313 2411 5367 per
2438 5294 2885 5351 inhahitatioucm
2915 5287 3167 5358 Spiritus.

2102 5392 2232 5447 Post
2264 5390 2715 5446 resurrectionem
2764 5385 2855 5456 qui
2894 5393 3039 5437 recte
3066 5378 3293 5433 credunt
3318 5415 3333 5440 ,
3371 5372 3610 5444 perfecte

2027 5492 2405 5555 cognoscent:
2442 5481 2601 5536 tnodo
2655 5479 2798 5534 cnim
2859 5493 2924 5533 ex
2987 5477 3142 5544 parte
3210 5466 3606 5536 cognoscimus.

2028 5578 2293 5644 Quoniam
2329 5578 2470 5630 sicut
2499 5573 2666 5627 Filius
2698 5581 2782 5626 est
2826 5565 3301 5625 consubstantialis
3336 5560 3502 5625 Patri,
3530 5555 3610 5611 sic

2030 5682 2083 5724 et
2123 5686 2226 5722 una
2262 5678 2342 5723 est
2376 5668 2661 5736 utriusque
2698 5665 2965 5718 voluntas.

2115 5763 2275 5819 \‘Eas.
2319 5763 2409 5817 (ἐξ.
2460 5780 2477 5814 ι
2510 5760 2646 5817 Dicit
2680 5760 2726 5816 ei
2776 5757 2963 5824 ludas,
2999 5770 3103 5812 non
3151 5751 3237 5808 ille
3281 5746 3607 5806 lseariotcs:
