4130 6540
519 428 656 500 1491

1651 437 1991 500 ΑΜΜΟΝΙΙ
2029 441 2571 502 ALEXANDRINI

3663 437 3792 503 1492

517 545 772 610 Domine,
820 543 951 614 quid
989 543 1193 600 factum
1229 551 1354 610 est,
1406 543 1542 614 quia'
1565 545 2020 602 manifestaturus
2047 561 2107 602 es

2218 548 2260 599 ri
2302 549 2546 616 γέγονεν,
2597 549 2680 603 ὅτι
2730 547 2862 619 ἡμῖν
2913 548 3133 620 μέλλεις
3176 547 3503 619 ἐμφανίζειν
3548 548 3788 609 σεαυτὸν,

518 639 675 694 nobis
701 639 953 710 teipsum,
977 647 1032 694 et
1064 653 1171 694 non
1203 637 1451 694 mundo?
1486 657 1506 690 ι

587 725 778 793 Judas,
807 741 930 782 cum
964 727 1228 798 benignus
1265 736 1431 795 esset,
1456 742 1646 783 omnes
1668 727 1883 783 volebat
1911 725 2106 781 divinae

515 819 744 874 visionis
774 825 1206 888 caeterorumque
1249 818 1515 873 bonorum
1548 835 1670 875 esse
1696 820 2004 890 participes.

587 909 718 965 Post
751 910 1207 964 resurrectionem
1228 921 1378 966 recte
1399 912 1682 968 credentes
1714 928 1839 968 eum
1870 916 2106 985 perfecte

518 1010 873 1072 cognoscent.
901 998 1061 1055 Nunc
1078 1002 1213 1055 enim
1233 1018 1297 1056 ea:
1317 1014 1471 1072 parte
1494 1006 1880 1073 cognoscimus,
1903 1008 2107 1064 idcirco

519 1095 773 1150 turbatus
819 1094 988 1151 ludas
1034 1095 1314 1166 apostolus
1361 1098 1544 1152 dixit:
1585 1097 1828 1165 Domine,
1863 1101 1993 1171 quid
2029 1111 2104 1155 est

516 1188 641 1259 quia
674 1187 1110 1257 manifestatum:
1130 1205 1183 1242 es
1207 1189 1354 1242 nobis
1382 1190 1632 1258 teipsum,
1657 1199 1706 1244 et
1731 1207 1835 1244 non
1864 1194 2107 1248 mundo?

519 1279 734 1336 Etenim
759 1279 982 1348 putabat
1012 1280 1467 1349 quemadmodum
1497 1291 1739 1335 mortuos
1781 1281 1834 1336 in
1878 1284 2106 1339 somniis

518 1373 791 1440 videmus,
841 1373 924 1428 sic
954 1371 1061 1428 illis
1101 1372 1379 1428 Christum
1427 1387 1552 1429 esse
1589 1374 1987 1444 appariturum.
2025 1374 2107 1433 Ne

517 1465 723 1519 diutius
753 1464 858 1520 hoc
884 1465 1130 1530 credant,
1167 1465 1297 1520 dicit
1330 1464 1436 1520 illis
1465 1483 1478 1520 :
1507 1465 1570 1522 Si
1595 1467 1711 1536 quis
1742 1468 1926 1540 diligi-tl
1953 1485 2032 1522 me
2058 1479 2106 1524 et

517 1574 815 1612 sermonem
837 1574 1008 1612 meum
1045 1560 1345 1626 servaverit,
1385 1557 1549 1614 Pater
1577 1577 1720 1614 meus
1745 1561 1928 1632 diliget
1963 1580 2104 1627 eum,

2207 640 2302 693 καὶ
2329 639 2450 710 οὑχὶ
2473 640 2550 711 τῷ
2584 641 2811 712 κόσμῳ;
2847 661 2866 694 ο

2292 729 2379 793 Ὠς
2407 730 2707 800 φιλάγαθος
2734 734 2764 785 ὁ
2804 733 3007 798 Ἰούδας
3039 734 3247 799 πάντας
3274 733 3461 788 ἔθελεν
3488 731 3792 787 ἀπολαῦσαι

2205 821 2304 893 τῆς
2334 821 2591 887 θεοπτίας
2619 824 2714 878 καὶ
2746 824 2855 878 τῶν
2883 825 3128 894 ἀγαθῶν.

2278 913 2436 966 Μετὰ
2462 913 2562 986 τὴν
2591 915 2891 970 ἀνάστασιν
2910 919 2959 971 οἱ
2980 917 3160 989 ὀρθῶς
3189 918 3546 982 πιστεύοντες
3573 918 3796 984 τελείως

2205 1001 2541 1073 γνώσονται·
2573 1005 2705 1061 Νῦν
2734 1008 2847 1076 γὰρ
2877 1008 2948 1061 ἐκ
2970 1008 3196 1078 μέρους
3220 1009 3639 1080 γιγνώσκομεν
3667 1027 3680 1039 ·
3712 1011 3799 1065 ὅτι

2209 1097 2426 1163 πολλοῖς
2457 1099 2753 1170 κρατηθεὶς
2791 1102 2820 1154 ὁ
2871 1101 3172 1166 ἀπόστολος
3211 1101 3419 1167 Ἰούδας
3458 1101 3663 1172 φησίν·
3691 1105 3801 1156 Κύ-

2199 1207 2314 1260 ριε,
2347 1191 2444 1245 καί
2477 1193 2537 1245 τί
2567 1193 2837 1262 γέγονεν,
2879 1193 2968 1248 ὅτι
3001 1193 3147 1262 ἡμῖν
3170 1192 3423 1264 μέλλεις
3453 1193 3799 1265 ἐμφανίζειν

2205 1284 2490 1349 σεαυτὸν,
2536 1284 2635 1338 καὶ
2675 1286 2812 1355 οὐχὶ
2845 1283 2927 1351 τῷ
2970 1285 3211 1356 κόσμιφὶ
3249 1287 3357 1340 Καὶ
3389 1286 3499 1359 γὰρ
3547 1287 3799 1357 ενόμιζεν

2205 1375 2309 1440 ὅτι,
2343 1375 2530 1448 ὥσπερ
2552 1377 2682 1441 τοὺς
2705 1378 2935 1448 νεκροὺς
2956 1378 3175 1450 ὁρῶμεν
3202 1379 3325 1432 κατ’
3352 1378 3509 1450 ὄναρ,
3539 1377 3684 1432 οὑτω
3704 1381 3800 1431 καὶ

2205 1470 2369 1523 αὑτὸν
2401 1470 2619 1540 μέλλειν
2643 1469 2894 1542 ὁρᾶσθαι.
2919 1472 3033 1537 Διὸ,
3065 1472 3153 1525 ἵνα
3182 1470 3259 1542 μὴ
3287 1470 3448 1526 τοῦτο
3477 1472 3640 1542 μέχρι
3672 1470 3799 1524 πολε

2205 1563 2299 1616 λοῦ
2323 1563 2607 1636 νομίζωσι,
2624 1563 2776 1634 λέγει
2799 1563 3004 1626 αὑτοῖς·
3034 1584 3050 1615 ι
3073 1563 3218 1618 Ἐάν
3243 1582 3328 1631 τις
3349 1562 3553 1634 ἀγαπᾷ
3575 1580 3670 1633 με,
3692 1563 3795 1617 τὸν

515 1657 567 1702 et
597 1649 668 1702 ad
709 1666 828 1703 eum
863 1650 1124 1714 veniemus
1164 1659 1213 1704 et
1246 1651 1391 1719 apud
1422 1666 1540 1704 eum
1570 1652 1900 1707 mansionem
1937 1652 2106 1722 facie-

515 1759 671 1804 mus.
719 1743 906 1798 dicens
959 1745 1368 1807 tantummodo,
1415 1743 1558 1797 sicut
1589 1743 1749 1798 Pater
1797 1742 2108 1799 manifestat

2205 1657 2394 1728 λόγον
2403 1675 2523 1728 μου
2545 1657 2818 1728 τηρήσει,
2841 1658 2936 1710 καὶ
2962 1660 2995 1712 ό
3015 1657 3219 1727 Πατήρ
3236 1676 3354 1728 μου
3371 1657 3675 1728 ἀγαπήσει
3700 1659 3801 1712 αὑ-

2205 1750 2335 1814 τὸν,
2363 1752 2464 1807 καί
2491 1753 2637 1820 πρὸς
2666 1751 2854 1808 αὐτὸν
2873 1752 3278 1822 ἐλευσόμεθα,
3303 1751 3405 1807 καί
3424 1751 3628 1821 μονήν
3660 1752 3800 1818 παρ’

519 1837 782 1905 seipsum,
813 1836 894 1888 sic
922 1843 977 1889 ct
1008 1849 1109 1903 ego
1145 1834 1198 1887 in
1231 1833 1479 1898 veritate,
1506 1847 1612 1889 non
1640 1849 1736 1903 per
1757 1836 2101 1905 phantasma,

2218 1840 2365 1907 αὐτῷ
2389 1841 2726 1912 ποιήσομεν
2747 1860 2761 1874 ·
2796 1843 3082 1914 μονονουχὶ
3108 1841 3305 1911 λέγων·
3323 1842 3538 1913 ’Ὠσπερ
3563 1844 3592 1894 ὁ
3614 1843 3799 1911 Πατὴρ

517 1926 594 1982 ita
624 1937 681 1981 ut
708 1928 801 1998 qui
836 1928 950 1983 haec
983 1926 1144 1982 verba
1169 1941 1274 1982 non
1302 1926 1470 1992 audit,
1497 1942 1599 1982 nec
1628 1941 1735 1996 me,
1764 1943 1863 1984 nec
1892 1925 2103 1983 Patrem

2218 1933 2502 2005 ἐμφανίζει
2533 1933 2746 1995 ἑαυτὸν,
2787 1933 2932 1988 οὑτω
2959 1935 3054 1988 καὶ
3081 1931 3193 2002 ἐγὼ
3231 1935 3290 1988 ἐν
3320 1934 3574 2005 ἀληθείᾳ,
3611 1935 3706 1986 καὶ
3738 1934 3799 1986 οὑ

519 2020 728 2091 diligat.
754 2020 898 2076 idem
926 2022 1164 2076 ostendit
1187 2029 1243 2075 et
1273 2021 1326 2074 in
1361 2020 1597 2076 medium
1627 2021 1848 2076 adducit
1875 2021 2061 2076 dicens
2086 2036 2102 2076 :

2218 2024 2345 2078 κατὰ
2378 2025 2684 2094 φαντασίαν
2704 2022 2879 2079 ’ὥστε
2913 2026 3014 2079 οὑκ
3047 2025 3149 2096 ἐμὲ
3188 2025 3369 2096 μόνον,
3413 2023 3530 2078 ἀλλ’
3557 2024 3681 2077 οὐδὲ
3712 2024 3803 2076 τὸν

521 2112 622 2178 Qui
653 2128 762 2168 non
791 2112 966 2184 diligit
993 2128 1099 2180 me,
1124 2128 1408 2169 sermones
1436 2128 1586 2170 meos
1611 2129 1715 2170 non
1743 2123 1946 2180 servat,
1969 2129 2107 2184 quos

2218 2116 2427 2186 Πατέρα
2453 2117 2665 2188 ἀγαπᾷ,
2698 2118 2727 2170 ὁ
2758 2115 2833 2188 μὴ
2859 2116 3037 2188 τούτῳ
3083 2135 3186 2188 μου
3219 2118 3494 2170 πιστεύων
3528 2117 3607 2187 τῷ
3639 2115 3800 2186 λόγῳ,

522 2223 716 2278 nempe
741 2194 850 2263 dixi
885 2224 973 2263 me
1017 2223 1048 2262 e
1079 2209 1308 2263 mortuis
1339 2223 1462 2263 vere
1488 2218 1880 2264 surrecturum.
1907 2209 2101 2266 Eadem

2218 2209 2280 2262 Γὸ
2306 2207 2415 2280 γὰρ
2440 2209 2575 2264 αὑτὸ
2600 2209 2878 2280 ὲμφαίνει,
2912 2211 3007 2263 καὶ
3031 2211 3171 2280 ὅπερ
3202 2210 3451 2281 ἐπήγαγε
3488 2208 3686 2275 λέγων,
3722 2209 3802 2261 61'-

521 2300 838 2370 irequenter
868 2300 1024 2366 dixit,
1056 2315 1122 2354 ne
1167 2300 1316 2356 illum
1349 2313 1474 2372 post
1499 2302 1952 2357 resurrectionem
1987 2315 2106 2355 esse

2218 2302 2274 2355 ’0
2309 2301 2384 2373 μὴ
2414 2301 2646 2370 ἀγαπῶν
2681 2319 2774 2372 με,
2811 2301 2936 2365 τοὺς
2962 2301 3152 2370 λόγους
3186 2319 3287 2372 μου
3322 2303 3384 2354 οὐ
3418 2304 3607 2370 τηρεῖν
3643 2299 3808 2353 τοὺτὸ

519 2393 845 2461 phantasma
877 2402 1153 2463 putarent.
1187 2393 1322 2448 Nam
1354 2394 1397 2448 si
1424 2408 1586 2464 super
1615 2408 1788 2464 aquas
1815 2391 2107 2448 ambulan-

2218 2393 2509 2459 éattv,0i');
2533 2387 2708 2458 εἶπον,
2735 2395 2817 2448 ὃτι
2843 2395 2906 2448 ἐκ
2926 2393 3136 2465 νεκρῶν
3158 2395 3218 2446 ἐν
3241 2392 3471 2463 ἀληθείᾳ
3492 2394 3806 2464 ἐγείρομαι.

523 2496 630 2540 tem
670 2487 949 2553 videntes,
985 2487 1039 2541 id
1070 2488 1498 2552 existimarunt,
1533 2487 1660 2558 quid
1705 2501 1812 2542 non
1845 2485 2106 2554 suspicati

2219 2485 2406 2541 Ταῦτα
2433 2487 2491 2541 δὲ
2518 2487 2698 2541 πάντα
2740 2486 2980 2558 συνεχῶς
3027 2486 3214 2556 λέγει,
3267 2486 3352 2539 ἱνα
3395 2484 3471 2556 pi;
3516 2483 3655 2555 μετά
3709 2484 3804 2551 τὴν

525 2580 778 2647 fuissent,
814 2581 859 2636 si
910 2581 1175 2636 vidissent
1217 2580 1367 2635 illum
1401 2587 1770 2648 resurgentem
1823 2594 1982 2648 quem
2019 2592 2110 2632 ca-

2221 2581 2520 2635 ἀνάστασιν
2555 2581 2850 2650 φάντασμα
2881 2579 3042 2634 αὑτὸν
3077 2574 3217 2632 εἶναι
3247 2577 3567 2650 νομίσωσιν.
3607 2577 3667 2629 El
3693 2575 3804 2646 γὰρ

525 2681 678 2741 ptum
710 2671 1002 2738 viderant,
1054 2670 1372 2725 crucifixum
1423 2680 1479 2724 et
1533 2668 1845 2738 sepultum?
1875 2667 2111 2722 Dicenda

2218 2672 2306 2725 ἐπὶ
2334 2672 2443 2727 τῶν
2473 2672 2682 2744 ὑδάτων
2721 2672 2922 2736 ἰδόντες
2945 2670 3130 2734 αὑτὸν,
3152 2671 3308 2723 τοῦτο
3339 2669 3624 2739 ἐνόμισαν,
3659 2665 3713 2719 τί
3742 2667 3805 2720 iv

527 2773 706 2820 autem
734 2783 748 2820 :
777 2764 962 2820 Sermo
991 2781 1146 2835 quem
1181 2764 1409 2818 audistis
1437 2778 1539 2816 non
1571 2771 1646 2816 est
1675 2778 1844 2826 meus,
1877 2760 1968 2815 sed
1997 2760 2113 2830 ejus

2218 2766 2314 2836 οὑχ
2344 2765 2713 2821 ὑπώπτευσαν
2759 2765 2848 2832 ἂν,
2889 2764 3220 2836 θεασάμενοι
3251 2763 3414 2817 αὐτὸν
3447 2759 3760 2816 ἀναστάντα
3785 2797 3804 2821 .

525 2857 615 2928 qui
655 2858 798 2912 misit
829 2874 931 2923 me,
958 2859 1197 2912 ostendit
1243 2871 1306 2912 se
1339 2855 1472 2910 nihil
1503 2864 1658 2909 extra
1691 2854 1906 2912 Patrem
1942 2853 2112 2924 loqui,

2218 2856 2275 2910 ὃν
2309 2852 2449 2911 εἶδον
2483 2857 2854 2929 κατεχόμενον
2885 2858 2983 2911 καὶ
3019 2854 3428 2929 σταυροὺμενον
3459 2856 3554 2908 καὶ
3602 2851 3807 2905 θαπτό-

530 2963 704 3020 neqne
739 2949 1017 3021 proprium
1049 2948 1326 3019 quidpiam
1353 2957 1552 3016 printer
1579 2947 1835 3016 placitum
1861 2946 2002 3014 ejus.

2223 2965 2384 3019 μενον
2404 2966 2418 3016 ;
2437 2950 2524 3002 Ἐν
2553 2949 2609 3003 δὲ
2632 2950 2710 3020 τῷ
2725 2951 2922 3021 ςπεῖν,
2940 2949 3003 3002 '0
3029 2950 3211 3017 λόγος
3240 2946 3313 2999 ὃν
3343 2949 3670 3013 ἠκούσατε,
3697 2945 3808 2997 οὐκ

524 3010 700 3100 ἔστιν
718 3010 882 3114 έμὸξι,
917 3010 1080 3097 ἀλλά
1135 3010 1239 3097 τοῦ
1294 3010 1646 3113 πέμψαντος
1685 3059 1765 3111 με
1797 3010 2048 3112 Πατρός,
2084 3010 2356 3099 δείκνυσιν
2404 3010 2488 3100 δτι
2522 3010 2693 3101 οὐδὲν.
2718 3010 2846 3111 ῖξω
2889 3010 2987 3100 τοῦ
3039 3010 3256 3117 [Ἰατρὸς
3319 3010 3654 3114 φθέγγεται,
3688 3039 3809 3094 οὑδὲ

530 3135 662 3189 ἴδιόν
696 3151 747 3187 τι
781 3133 930 3204 παρά
961 3132 1022 3185 τὸ
1050 3131 1244 3185 δοκοῦν
1271 3133 1483 3204 ἐκείνῳ.
1517 3131 1737 3206 [Clum]
1773 3133 1885 3201 (l5)

603 3228 769 3288 Vrsas.
806 3226 898 3281 23.
936 3245 955 3277 ι
984 3224 1276 3295 Respondit
1298 3225 1455 3282 Jesus
1482 3267 1498 3294 ,
1533 3238 1588 3282 et
1618 3228 1754 3282 dixit
1789 3229 1882 3284 ei:
1913 3229 1969 3284 Si
2003 3229 2123 3299 quis
2152 3235 2195 3292 (Ζ

532 3321 708 3392 diligit
735 3335 840 3386 me,
870 3335 1180 3376 sermonem
1210 3334 1387 3376 meum
1419 3320 1678 3388 servabit,
1705 3331 1759 3374 et
1777 3319 1937 3375 Pater
1968 3335 2122 3376 meus

534 3413 720 3483 diliget
769 3429 892 3469 eum
921 3453 936 3478 ,
988 3421 1044 3468 et
1082 3413 1152 3468 ad
1199 3429 1322 3468 eum
1358 3414 1662 3481 veniemus,
1697 3421 1752 3468 et
1785 3414 2122 3468 mansionem

536 3507 676 3577 apud
708 3521 830 3563 eunt
863 3507 1150 3566 facienius.
1185 3523 1205 3558 ι

603 3623 768 3680 Pater
796 3633 880 3679 est
911 3632 1102 3680 natura
1134 3638 1230 3678 sua
1257 3623 1308 3678 in
1337 3622 1496 3690 Filio,
1530 3623 1581 3678 in
1607 3623 1766 3680 nobis
1788 3633 1968 3680 autem
1993 3623 2119 3679 alie.

537 3724 626 3769 ctu
661 3731 677 3768 :
712 3723 768 3770 et
813 3714 1036 3784 quando
1086 3713 1338 3768 audimus
1391 3714 1532 3768 inter
1563 3713 1776 3768 Patrem
1829 3723 1884 3769 et
1929 3713 2125 3769 Filitttn

534 3823 658 3864 esse
685 3807 966 3872 unionem,
995 3807 1295 3863 naturalem
1321 3808 1543 3862 omnino
1570 3807 1920 3878 intelligimus
1946 3827 1960 3862 :
1989 3809 2127 3863 inter

536 3901 790 3957 homines
832 3915 961 3956 vero
1002 3908 1057 3955 et
1106 3899 1294 3963 Deum,
1337 3899 1482 3953 illam
1510 3940 1525 3963 ,
1581 3914 1703 3968 quae
1745 3900 1799 3954 in
1829 3900 2035 3954 sanctis
2061 3915 2124 3953 ex

536 3993 882 4049 aﬂ‘ectionum
928 3993 1288 4048 consensione
1339 4007 1434 4061 per
1493 3992 1652 4047 ﬁdem
1700 4001 1754 4047 et
1803 3993 1895 4047 Dei
1953 3992 2130 4046 Patris

535 4085 1090 4141 communicationem
1151 4082 1389 4138 exsistit.
1460 4080 1752 4137 Pluraliter
1814 4089 1992 4136 autem
2048 4080 2130 4136 lo-

536 4181 794 4248 quendo,
839 4177 982 4231 tollit
1017 4175 1268 4230 ltazresitn
1321 4173 1687 4230 Sabellianam
1721 4213 1735 4234 ,
1796 4189 1917 4244 qua:
1965 4189 2125 4227 unam

539 4271 923 4342 hypostasim,
984 4281 1260 4338 unamque
1314 4266 1493 4322 Patris
1551 4281 1614 4322 ac
1661 4264 1782 4322 Filii
1833 4281 2125 4339 personam

536 4363 756 4419 asmtit.

613 4455 776 4510 V't-zas.
801 4454 893 4510 24.
926 4474 944 4507 ι
965 4452 1066 4522 Qui
1084 4467 1191 4510 non
1214 4452 1385 4524 diligit
1409 4469 1516 4519 me,
1537 4468 1820 4510 sermones
1849 4469 1996 4512 meos
2019 4470 2122 4512 non

535 4560 742 4605 servat.
769 4547 836 4605 Et
865 4563 1175 4606 sermonem
1203 4562 1362 4618 quem
1395 4547 1646 4615 audistis,
1682 4565 1787 4604 non
1818 4557 1900 4605 est
1928 4565 2082 4607 meus
2109 4569 2125 4608 :

537 4645 634 4698 sed
667 4643 807 4715 ejus,
847 4641 941 4712 qui
979 4642 1129 4697 misit
1160 4657 1266 4708 me,
1309 4641 1512 4697 Patris.
1552 4660 1570 4693 ι

613 4735 777 4791 Docet
801 4735 929 4791 solis
959 4734 1239 4803 discipulis
1261 4735 1528 4806 praecipue
1557 4745 1613 4790 et
1637 4735 1980 4794 ineﬂ'ahiiiter
2013 4738 2127 4794 fore

540 4829 1027 4894 illuminationem,
1067 4828 1195 4898 quia
1238 4828 1491 4882 mandata
1531 4838 1768 4883 servant.

615 5009 783 5065 Vitas.
833 5009 925 5065 27.
983 5008 1150 5066 tNon
1189 5010 1437 5066 turbetur
1481 5027 1578 5067 cor
1627 5019 1898 5078 vestrum,
1954 5028 2131 5083 neque
2204 5015 2209 5020 '

545 5104 818 5160 formidet.
851 5123 870 5156 ο

614 5199 794 5255 Nolite
838 5197 1156 5254 conturbari
1211 5198 1354 5267 quod
1401 5213 1658 5267 passurus
1681 5199 1806 5264 sim,
1851 5201 1953 5255 hoc
1984 5199 2128 5255 enim

545 5297 774 5351 multum
805 5295 1065 5366 proderit.
1089 5291 1267 5347 Mundi
1300 5308 1404 5361 pax
1430 5301 1535 5358 est,
1568 5293 1782 5362 quando
1812 5295 1974 5349 etiam
2008 5309 2130 5350 cum

2163 4603 2205 4657 D

2307 3249 2326 3282 ι
2351 3229 2653 3303 Ἀπεκρίθη
2683 3232 2712 3284 ὀ
2753 3227 2983 3301 Ἰησοῦς,
3020 3228 3116 3284 καὶ
3158 3224 3313 3281 εἶπεν
3343 3226 3493 3297 αὑτῷ
3521 3243 3533 3255 ·
3578 3227 3701 3281 Ἐάν
3731 3246 3810 3292 τις

2228 3324 2420 3396 ἀγαπᾷ
2448 3341 2538 3396 με,
2573 3323 2666 3377 τὸν
2693 3324 2852 3392 λόγον
2879 3341 2980 3394 μου
3006 3323 3260 3394 τηρήσει,
3293 3322 3388 3375 καὶ
3423 3323 3455 3375 ὁ.
3484 3323 3674 3394 Πατήρ
3711 3339 3812 3393 μου

2227 3418 2506 3486 ἀγαπήσει
2540 3417 2726 3482 αὑτὸν,
2779 3416 2875 3470 καὶ
2922 3415 3059 3488 πρδς
3097 3415 3260 3470 αὑτὸν
3311 3413 3687 3485 ἐλευσόμεθα,
3721 3431 3814 3468 και

2233 3510 2400 3582 μονὴν
2425 3511 2557 3583 παρ’
2587 3509 2735 3582 αὑτῷ
2761 3510 3082 3581 ποιήσομεν.
3116 3526 3134 3560 ι

2312 3623 2371 3678 '0
2401 3622 2590 3694 Πατὴρ
2619 3625 2676 3676 ὲν
2707 3621 2788 3693 τῷ
2819 3619 2936 3690 Υἱῷ
2979 3622 3097 3674 ἐστι
3143 3619 3391 3690 φυσικῶς
3412 3662 3426 3685 ,
3463 3619 3520 3672 ὲν
3573 3619 3708 3689 ἡμῖν
3760 3617 3813 3668 δὲ

2229 3715 2512 3788 σχετικῶςο
2548 3716 2644 3769 καὶ
2684 3715 2814 3770 ὅταν
2847 3714 3176 3785 ἀκούσωμεν
3223 3713 3418 3766 ἕνωσιν
3461 3710 3675 3781 Πατρδς
3722 3710 3817 3763 καὶ

2231 3808 2384 3872 Υἱοῦ,
2409 3808 2508 3880 τὴν
2537 3805 2776 3878 φυσικὴν
2805 3804 3056 3877 νοοῦμεν·
3089 3806 3217 3859 ὅταν
3243 3804 3300 3858 δὲ
3328 3804 3523 3856 ἕνωσιν
3553 3801 3690 3854 Θεοῦ
3721 3802 3814 3854 καὶ

2229 3898 2558 3971 ἀνθρώπων,
2588 3897 2844 3969 σχετικὴν
2867 3896 3099 3968 νοοῦμεν
3120 3896 3218 3967 τὴν
3243 3896 3308 3948 ὲκ
3327 3893 3566 3957 πίστεως
3591 3892 3814 3962 γινομέ-

2229 4010 2328 4065 νην
2360 3995 2472 4058 τοῖς
2495 3992 2693 4062 ἁγίοις,
2727 3993 2822 4045 καὶ
2843 3991 2942 4062 τὴν
2965 3991 3076 4044 ἀπὸ
3102 3992 3202 4061 τῆς
3222 3987 3314 4042 τοῦ
3336 3987 3553 4059 Ila-cpia;
3581 3985 3816 4056 μετοχῆς

2229 4086 2538 4140 κοινωνίαν.
2593 4083 2779 4138 Εἰπὼν
2827 4083 2885 4136 δὲ
2935 4081 3356 4154 πληθυντικῶς,
3393 4081 3493 4153 τὴν
3522 4077 3814 4132 Σαδελλίου

2230 4181 2448 4251 ἀναιρεί
2490 4179 2725 4250 αἵρεσιν,
2775 4178 2875 4250 τὴν
2923 4176 3190 4246 λέγουσαν
3224 4167 3356 4247 μίαν
3390 4174 3690 4228 ὑπόστασιν
3719 4171 3814 4225 καὶ

2230 4273 2288 4328 ἓν
2320 4273 2614 4344 πρόσωπον
2645 4269 2858 4342 Πατρὸς
2894 4269 2992 4324 καὶ
3017 4267 3171 4322 Υίοὺ.

2306 4469 2325 4503 ι
2364 4448 2422 4502 '0
2449 4446 2526 4520 μὴ
2548 4445 2780 4516 ἀγαπῶν
2809 4463 2897 4518 με,
2926 4445 3052 4508 τοὺς
3074 4441 3266 4512 λόγους
3301 4457 3404 4513 μου
3421 4440 3482 4494 οὑ
3510 4441 3688 4511 τηρεῖ.
3706 4439 3817 4491 Καὶ

2229 4546 2259 4598 ὁ
2286 4543 2440 4612 λόγος
2468 4543 2527 4596 ὃν
2559 4540 2818 4606 ἀκούετε,
2847 4539 2950 4593 οὑκ
2986 4537 3134 4592 ἐστιν
3172 4535 3332 4613 ἐμὸς,
3381 4533 3519 4588 ἀλλὰ
3546 4531 3644 4586 τοῦ
3675 4531 3814 4601 πέμ-

2231 4639 2433 4709 ψαντός
2464 4653 2532 4708 με
2564 4635 2797 4708 Πατρός.
2811 4655 2847 4688 .›

2305 4730 2558 4786 Διδάσκει
2602 4731 2686 4785 ὃτι
2723 4731 2912 4802 μόνοις
2939 4732 3051 4787 τοῖς
3090 4728 3361 4801 μαθηταῖς
3397 4719 3694 4792 ἐξαιρέτως
3723 4715 3818 4769 καὶ

2181 4863 2198 4878 .
2237 4823 2378 4897 ὑπὲρ
2407 4823 2566 4892 λόγον
2599 4822 2753 4878 ἔσται
2787 4823 2821 4893 ἡ
2852 4820 3143 4892 ελλαμψις,
3180 4819 3317 4891 ὑπὲρ
3362 4809 3436 4872 ὧν
3466 4810 3696 4886 τηροῦσι
3720 4808 3818 4871 τὰς

2235 4916 2475 4979 ἐντολάς.
2505 4914 2752 4990 [ϐειΑιι.].

2313 5029 2331 5063 ι
2358 5010 2452 5081 Μὴ
2475 5008 2833 5084 ταρασσέσθω
2855 5008 3009 5080 ὑμῶν
3035 5009 3069 5079 ἡ
3099 5005 3320 5079 καρδία,
3341 5001 3474 5075 μηδὲ
3497 4996 3771 5053 δειλιάτω.
3793 5011 3813 5048 ι

2309 5195 2401 5265 Μὴ
2431 5193 2772 5264 θορυϐεῖσθε,
2819 5192 3155 5254 ἀκούσαντες
3207 5190 3289 5244 ὃτι
3328 5185 3510 5259 μέλλω
3554 5182 3820 5250 πάσχειν·

2240 5289 2375 5342 πολὺ
2407 5289 2516 5360 γὰρ
2547 5290 2611 5342 ὲκ
2647 5288 2839 5342 τούτου
2870 5287 3085 5358 κέρδος.
3117 5282 3342 5358 [Clum]
3385 5284 3444 5335 'll
3479 5279 3576 5333 τοῦ
3612 5278 3820 5346 κόσμου

547 5390 691 5444 malo
718 5365 935 5444 ﬁt.rSed
976 5404 1076 5458 pax
1105 5387 1308 5443 Christi
1354 5403 1460 5443 non
1504 5385 1678 5444 solum
1710 5397 1968 5443 esternos
2000 5401 2125 5442 con-

2237 5382 2428 5454 εἰρήνη
2489 5381 2635 5434 ἐστιν
2665 5381 2800 5435 ὅπου
2829 5380 2925 5434 καὶ
2955 5381 3048 5432 ἐπὶ
3083 5377 3240 5449 κακῷ
3271 5377 3502 5446 γίνεται.
3547 5372 3613 5425 Ἦ
3647 5369 3702 5422 δὲ
3728 5365 3821 5420 τοῦ

547 5482 718 5547 (-iliat,
771 5483 866 5538 sed
914 5490 969 5537 ct
999 5482 1247 5538 homines
1271 5497 1496 5550 secum,
1549 5497 1617 5537 ne
1664 5497 1794 5536 caro
1843 5479 1912 5535 ab
1955 5481 2134 5536 anima

548 5575 830 5631 dissideat.

2238 5474 2479 5546 Χριστοῦ
2509 5475 2700 5546 εἰρήνη
2753 5475 2816 5528 οὐ
2847 5474 3009 5546 μόνον
3051 5473 3189 5544 πρὸς
3216 5471 3342 5532 τοὺς
3370 5469 3475 5536 ἔξω
3518 5461 3823 5537 εἰρηνεύειν

2239 5569 2436 5636 πείθει,
2472 5568 2610 5622 άλλὰ
2638 5568 2734 5622 καὶ
2770 5567 2906 5640 πρὸς
2935 5567 3184 5630 ἑαυτοὺς,
3213 5559 3306 5617 ’ἵνα
3353 5561 3428 5633 μὴ
3457 5561 3491 5632 ἡ
3524 5558 3663 5628 σάρξ
3692 5571 3821 5607 στας

2243 5662 2404 5736 σιὰζῃ
2432 5662 2573 5717 κατά
2603 5661 2705 5733 τῆς
2736 5661 2918 5749 ψυχῆς

624 5835 1066 5913 (¹⁵ὶ;Π,Ψε,(ἓὲι¹ο
1107 5837 1256 5894 Βυ⁴¹¹ο
1300 5839 1554 5910 (ιιιγεοδιι
1589 5840 1700 5907 ἀει,
1734 5848 1786 5897 et
1828 5842 2000 5912 rcipsa
2068 5847 2311 5911 quaedam
2345 5843 2455 5900 fere
2489 5844 2684 5901 similia
2753 5841 3100 5901 membratim
3140 5841 3378 5913 reperies
3426 5839 3479 5895 in
3524 5836 3816 5908 Chrysost.

557 5908 694 5984 Opp.
734 5907 870 5976 wn,
903 5908 1027 5964 407.
