4130 6598
420 575 438 608 ι
473 553 598 610 Ὀτι
621 554 647 608 6
677 553 870 625 Πατὴρ
903 552 1103 625 μείζων
1135 553 1235 625 μού
1266 553 1404 608 ἔστι.
1443 573 1464 603 ι

411 659 436 686 θ
459 648 535 701 Οὐ
557 648 618 701 τὸ
642 646 866 719 μείζονα
895 640 1035 699 εἶναι
1069 645 1160 700 τὸν
1184 644 1594 718 Πατέρα,’ποιεῖ
1617 645 1779 700 αὐτὸν
1811 645 1931 700 ἐτέ-

338 756 445 810 ρας
474 739 704 804 οὐσίας,
733 739 810 802 ὡς
845 739 894 792 oi
927 739 1198 806 αἱρετικοί
1249 754 1437 808 φασιν.
1492 738 1624 792 Ὅτε
1662 739 1682 778 ί
1719 734 1789 810 ἦν
1841 741 1934 794 ὲπὶ

330 832 445 899 γῆς
464 830 541 893 ὠς
571 829 668 884 ἀνθ
677 846 882 901 ρωπος,
907 827 1130 900 μείζονα
1147 825 1266 882 εἷπε
1286 829 1380 883 τὸν
1396 829 1638 902 Πατέραο
1659 829 1820 884 τοῦτο
1843 829 1935 884 διὰ

332 921 402 974 τὸ
430 921 762 992 φαινόμενον
785 921 943 992 σῶμα
971 919 1142 990 λέγει.
1181 921 1304 976 ἐπεὶ
1327 922 1560 976 καθόλου
1581 924 1698 976 ἐστὶ
1725 925 1751 964 ³
1777 923 1930 988 Θεὸς,

330 1013 509 1068 οὖτεῑι
543 1015 724 1085 ἥττων
750 1015 869 1068 ἐστὶ
925 1013 1021 1068 τοῦ
1072 1014 1324 1085 Πατρὸς,
1377 1014 1500 1069 οὔτε
1543 1017 1625 1078 είς
1665 1015 1934 1086 οὐρανοὺς

331 1106 603 1176 ἀνάγεται
632 1109 662 1162 6
690 1106 760 1161 τὰ
784 1105 962 1161 πάντα
994 1106 1241 1180 πληρῶν,
1267 1108 1365 1162 κα)⁸
1395 1105 1702 1180 ἀχώριστος
1729 1106 1806 1161 ὢν
1837 1106 1932 1161 τοῦ

335 1192 578 1272 ΙἸατρός.

415 1313 434 1345 ι
482 1293 624 1347 Ἀλλ’
660 1294 750 1348 ἴνα
778 1293 892 1365 γνῷ
919 1296 947 1348 6
975 1294 1201 1366 κόσμος,
1233 1296 1315 1350 ὅτι
1341 1293 1545 1364 ἀγαπῶ
1573 1293 1666 1347 τὸν
1689 1293 1934 1367 Πατέρα,

334 1385 436 1439 καὶ
487 1384 674 1450 καθὼς
729 1385 1040 1439 ἐνετείλατό
1077 1403 1170 1456 μοι
1222 1388 1253 1440 6
1300 1385 1529 1458 Πατὴρ,
1580 1384 1730 1440 οὕτω
1771 1382 1932 1438 ποιῶ.

348 1476 688 1548 Ἐγείρεσθε,
725 1476 953 1547 ἄγωμεν
978 1477 1252 1532 ἐντεῦθεν.
1293 1499 1311 1530 ι

419 1569 676 1640 Ἐντολὴν
723 1569 780 1623 δὲ
833 1567 1002 1622 πάλιν
1057 1569 1208 1640 αὐτῷ
1256 1569 1505 1624 δεδόσθαι
1561 1568 1758 1637 λέγων,
1811 1567 1940 1621 καθ’

1401 445 1866 507 FRAGMENTA
1910 444 1992 506 IN
2034 446 2094 504 S.
2139 442 2520 506 IOANNEM.

1959 562 2006 616 Α
2106 551 2272 610 Vras.
2305 554 2395 609 9.8.
2457 573 2477 605 ι
2510 552 2648 621 Quia
2683 553 2848 612 Pater
2876 558 3050 629 major
3083 572 3169 614 me
3203 565 3308 614 est.
3341 575 3357 609 ι

3488 441 3625 514 HM

2108 645 2262 712 Quod
2292 645 2456 702 Pater
2487 647 2664 718 major
2692 649 2802 716 sit,
2855 664 2959 704 non
3011 649 3140 706 facit
3175 650 3349 720 ipsum
3402 648 3627 704 alterius

2034 750 2159 792 esse
2185 737 2526 802 substantias,
2556 749 2613 793 ut
2639 740 2885 796 haeretici
2909 740 3198 797 aliirmant.
3227 741 3458 810 Quando
3479 741 3624 796 enim

2037 829 2091 882 in
2125 837 2270 882 terra
2301 829 2553 898 degebat,
2605 841 2754 900 tunc,
2791 833 2842 888 in
2880 842 3141 904 quantmn
3187 835 3373 899 homo,
3412 833 3628 889 dicebat

2037 918 2301 986 majorem
2331 933 2452 974 esse
2480 920 2694 976 Patrem
2729 963 2744 989 ,
2787 934 3011 994 propter
3037 941 3233 995 corpus
3273 941 3432 982 suum
3477 927 3626 998 quod

2036 1009 2345 1066 videbatur.
2381 1011 2436 1066 In
2469 1025 2734 1084 quantmn
2771 1025 2948 1071 tamen
2987 1015 3131 1073 Deus
3156 1027 3261 1084 est,
3310 1033 3488 1088 neque
3522 1018 3627 1071 mi-

2035 1117 2138 1155 nor
2166 1112 2250 1157 est
2285 1102 2471 1169 Patre,
2525 1121 2699 1176 neque
2741 1109 2794 1163 in
2827 1107 3024 1164 caelum
3058 1110 3398 1174 conscendit,
3440 1119 3628 1180 utpote

2034 1193 2126 1262 qni
2163 1194 2344 1248 omnia
2373 1195 2616 1264 impleat,
2642 1205 2696 1252 et
2719 1197 3020 1255 immensus
3053 1201 3123 1255 sit
3155 1215 3308 1269 aeque
3344 1216 3406 1254 ac
3438 1200 3623 1255 Pater.

2065 1310 2070 1314 ~
2110 1285 2274 1340 Vens.
2303 1286 2392 1343 51.
2427 1307 2446 1339 ι
2477 1287 2583 1344 Sed
2621 1300 2677 1344 ut
2703 1301 2998 1362 cognoscat
3034 1291 3269 1347 mundus
3302 1293 3426 1360 quia
3458 1293 3625 1363 diligo

2035 1375 2291 1444 Patrem,
2321 1388 2376 1434 et
2420 1381 2562 1435 sicut
2597 1384 2911 1438 mandatum
2960 1384 3108 1440 dedit
3145 1384 3277 1439 mihi
3308 1383 3469 1438 Pater
3496 1425 3510 1450 ,
3542 1385 3626 1438 sie

2039 1465 2200 1523 facio.
2234 1469 2477 1541 Surgite,
2524 1486 2713 1527 eamus
2743 1474 2891 1529 hinc.
2929 1493 2949 1527 ι

2110 1558 2418 1615 Mandatum
2453 1571 2632 1619 autem
2685 1581 2878 1622 rursus
2926 1566 3027 1622 sibl
3070 1567 3254 1622 datum
3288 1567 3508 1631 dicens,
3557 1569 3624 1621 ad

332 1661 636 1734 ὁμοιότητα
675 1662 811 1733 ἡμῖν
838 1660 989 1715 δοκεῖ
1026 1659 1186 1715 τοῦτο
1225 1661 1430 1730 λέγειν,
1462 1656 1575 1714 οἷον
1605 1659 1934 1730 ἀνθρωπίνῳ

2038 1652 2449 1709 similitudinem
2482 1665 2726 1712 nostram
2759 1660 2975 1714 videtur
3006 1659 3175 1730 loqui,
3198 1661 3352 1730 quasi
3389 1661 3627 1716 humano

330 1755 528 1822 τροπῳ
557 1754 748 1824 νοῆσαι
770 1752 924 1815 Θεὸν,
962 1751 1081 1806 ἀλλ’
1112 1753 1175 1806 οὐ
1209 1752 1344 1807 Θεὸν
1372 1752 1661 1807 ἀκούοντα.
1694 1749 1938 1817 Μείζονα

331 1842 449 1914 γὰρ
467 1844 650 1914 φωνῆς
673 1844 742 1896 τά
763 1843 940 1910 θεῖκὰ,
967 1846 1062 1899 καὶ
1085 1846 1300 1916 φυσικῷ
1314 1846 1502 1917 τρόπῳ
1516 1846 1721 1898 νοεῖται
1737 1843 1936 1908 ταῦτα,

2041 1759 2192 1800 more
2222 1745 2392 1801 Deum
2441 1748 2815 1820 intelligendo,
2848 1767 2971 1807 cum
3019 1762 3197 1808 tamen
3226 1753 3366 1809 Dens
3396 1769 3500 1808 non
3525 1769 3624 1807 au-

2041 1835 2174 1890 diat.
2208 1835 2396 1890 Divina
2425 1838 2569 1892 enim
2599 1841 2749 1895 omni
2779 1855 2911 1896 voce
2947 1842 3150 1911 majora
3206 1852 3330 1898 sunt
3357 1881 3372 1908 ,
3405 1851 3460 1895 et
3513 1841 3626 1896 haec

333 1935 481 1989 κατὰ
520 1936 582 1989 τὸ
609 1937 814 1990 οἰκεῖον
851 1936 972 2008 Θεῷ
1005 1915 1109 2007 τῆς
1147 1915 1314 1991 οἱονεὶ
1352 1915 1559 2008 νβουλῆς
1589 1935 1684 1990 τοῦ
1723 1937 1934 2008 Πατρδς

2044 1929 2276 1983 naturali
2309 1937 2523 1986 tantum
2557 1933 2718 1987 modo
2747 1933 3142 2003 intelliguntur,
3169 1943 3326 2003 prout
3361 1931 3470 1987 Deo
3493 1948 3626 1986 cono

331 2028 563 2100 ἐντολῆς
587 2028 928 2100 λεγομένης,
964 2023 998 2104 ᾗ
1029 2029 1322 2101 σύμφωνος
1350 2029 1428 2083 ὢν
1456 2030 1551 2083 καὶ
1581 2029 1883 2099 σύνδρομος
1905 2029 1934 2081 6

332 2119 491 2184 Υἱὸς,
527 2121 770 2174 ἐπιτελεῖ
808 2121 908 2191 τὴν
948 2120 1288 2192 οἰκονομίαν.
1337 2119 1646 2176 Κάλλιστον
1694 2121 1806 2190 γὰρ
1838 2121 1934 2173 καὶ.

327 2210 401 2263 τὸ
429 2211 604 2264 Ποιῶ’
649 2212 715 2264 ἵν’
752 2212 973 2283 ἴδωμεν,
1003 2213 1088 2266 ὅτι
1123 2213 1218 2266 καὶ
1245 2213 1306 2266 τδ
1337 2212 1508 2276 πάθος
1554 2212 1837 2283 ἒνεργείας
1863 2207 1932 2282 ἦν

327 2300 507 2355 αὐτοῦ
539 2301 608 2355 δι’
643 2296 712 2375 ἦς
760 2302 1018 2374 καθαίρει
1055 2303 1256 2374 μᾶλλον
1303 2306 1428 2366 τοὺς
1475 2301 1930 2372 ἐπιτιθεμένους,

328 2394 461 2448 ἐπεὶ
492 2394 586 2447 καὶ
610 2393 1084 2465 θριαμϐευόμενος
1116 2393 1512 2464 ἐθριάμϐευσε,
1543 2394 1640 2446 καὶ
1669 2391 1934 2462 σταυρού-

331 2501 502 2555 μενος
537 2485 829 2557 ἐσταύρου,
851 2487 944 2540 καὶ
970 2485 1096 2558 [εἰς]
1119 2486 1388 2558 αἰσχύνην
1423 2485 1598 2555 ἐπῆγε
1628 2487 1744 2548 τοῖς
1775 2482 1933 2537 τοῦτο

326 2575 747 2648 ἐργαζομένοις.
781 2579 945 2633 Ὥστε
975 2580 1063 2634 διὰ
1090 2579 1188 2651 τὴν
1227 2580 1472 2650 ἀγάπην,
1518 2579 1676 2650 φησὶ,
1726 2577 1824 2650 τὴν
1852 2579 1934 2641 είς

325 2670 429 2724 τὸν
451 2669 670 2742 Πατέρα
706 2670 970 2741 ὑπομένω
1003 2669 1264 2726 θάνατον.’

933 2875 1185 2929 ΚΕΦΑΛ.
1241 2875 1340 2928 ΙΕ’.

417 3006 435 3040 ι
471 2988 585 3043 Πᾶν
608 2989 791 3060 κλῆμα
813 2990 870 3042 ὲν
891 2989 1013 3058 ἐμοὶ
1041 2986 1117 3058 μὴ
1145 2985 1311 3057 φέρον
1335 2984 1568 3054 καρπὸν,
1601 2983 1748 3053 αἴρει
1772 2981 1924 3036 αύτὸο

331 3084 430 3134 ’καὶ
465 3083 573 3136 πᾶν
592 3081 654 3135 τὸ
677 3081 890 3153 καρπὸν
923 3080 1111 3152 φέρον,
1135 3078 1390 3151 καθαίρει
1413 3075 1566 3143 αὐτὸ,
1591 3076 1677 3128 ἶνα
1703 3074 1928 3128 πλείονα

337 3174 554 3244 καρπὸν
585 3173 747 3247 φέρῃ.
785 3193 803 3226 ι

417 3227 939 3335 ζΟέίτιιιῖιτίλξ.κλῆμά
972 3268 1091 3319 ἐστι
1282 3263 1480 3334 νοητῆς
1536 3261 1784 3332 ἀμπέλου
1808 3301 1823 3326 ,
1868 3261 1928 3325 ὅς
1957 3273 1998 3330 C

336 3340 458 3411 ἔστι
486 3356 746 3428 Χριστός.
775 3357 882 3411 Καὶ
903 3356 1053 3410 οὐδὲν
1075 3356 1368 3425 ὠφελεῖται
1393 3356 1456 3407 ὲκ
1480 3353 1649 3424 μόνης
1669 3352 1930 3418 πίστεως,

335 3448 474 3503 ἀλλὰ
514 3449 675 3520 χρεία
723 3449 817 3504 καῖ⁸
851 3449 1124 3521 ὲναρέτων
1169 3448 1370 3521 ἔργων,
1405 3448 1551 3518 ἀπερ
1599 3446 1812 3514 γίνεται
1844 3446 1932 3500 διὰ

338 3536 664 3610 καθαρμῶν.
719 3540 782 3594 Oi
829 3535 924 3594 οὖν
956 3539 1290 3610 κολλώμενοι
1319 3537 1399 3609 τῷ
1446 3536 1675 3608 Κυρίῳ,
1717 3537 1812 3590 καὶ
1857 3535 1932 3607 μὴ

282 3664 284 3667 -
337 3629 510 3695 ἀξίως
541 3629 706 3685 αὑτοῦ
742 3631 1172 3702 πολιτευόμενοι.
1206 3629 1533 3695 κολάζονται
1559 3645 1571 3658 ·
1604 3630 1654 3682 οἱ
1684 3628 1741 3682 δὲ
1771 3628 1932 3683 εὐσε-

337 3722 453 3786 ϐῶς
475 3724 699 3789 ζῶντες,
727 3724 894 3778 πολὺν
923 3724 1152 3796 φέρουσι
1184 3721 1423 3796 καρπόν.

420 3835 438 3866 ι
484 3817 624 3888 Ἤδη
656 3818 813 3888 ὑμεῖς
848 3819 1082 3892 καθαροί
1122 3819 1270 3881 ἐστε,
1301 3815 1392 3870 διὰ
1423 3814 1515 3868 τὸν
1541 3812 1720 3882 λόγον,
1751 3811 1810 3865 δν
1840 3810 1934 3863 λε·

338 3909 551 3981 λάληκα
580 3911 728 3982 ὑμῖν.
764 3930 786 3965 ι

412 4001 599 4057 Ταῦτα
645 4003 794 4072 λέγει
839 4004 970 4074 περὶ
1015 3996 1091 4057 ὧν
1125 4001 1350 4073 ἔμελλον
1398 3995 1692 4068 ὑπομένειν
1734 4010 1930 4066 πειρα-

342 4094 518 4165 σμῶν,
559 4095 758 4160 οἵτινες
788 4096 986 4160 αὐτοὺς
1015 4095 1232 4150 ἐποίουν
1265 4091 1694 4162 δοκιμωτέρους.
1735 4091 1798 4142 Οἱ
1837 4088 1928 4142 εὑ-

344 4185 519 4250 σεδῶς
546 4185 748 4250 ζῶντες
780 4187 947 4241 πολὺν
978 4186 1204 4258 φέρουσι
1236 4185 1471 4257 καρπόν.

419 4294 440 4327 ι
469 4275 705 4329 Μείνατε
737 4278 795 4329 ὲν
826 4275 983 4347 ἐμοί’
1017 4275 1172 4344 κάγὼ
1199 4278 1255 4328 ὲν
1283 4277 1434 4344 ὑμῖν.
1467 4293 1487 4327 ι

415 4368 536 4421 Κᾶν
558 4367 742 4438 ἡνὼτθη
767 4386 851 4433 τις
894 4369 1112 4440 Χριστῷ
1139 4369 1225 4421 διὰ
1255 4365 1348 4420 τοῦ
1376 4368 1434 4419 ὲν
1465 4366 1744 4438 Πνεύματι
1769 4365 1929 4433 ἁγια-

349 4458 508 4530 σμοῦ,
545 4459 683 4515 ἀλλά
709 4459 905 4533 χρῄζει
947 4462 1040 4514 καὶ
1067 4459 1167 4530 τῆς
1191 4459 1402 4524 τελείας
1431 4459 1654 4531 ἀγάπης
1685 4458 1926 4529 ἔχεσθαι,

344 4553 440 4605 καὶ
469 4550 787 4606 ἀκολουθεῖν
818 4550 991 4624 αὐτῷ.
1045 4551 1105 4604 Ὀ
1140 4550 1250 4622 γὰρ
1284 4551 1587 4614 ἀποκοπεὶς
1652 4550 1762 4604 ἀπὸ
1797 4551 1930 4621 Χρι-

2038 2022 2265 2078 veniunt
2293 2063 2308 2088 ,
2355 2024 2634 2080 voluntate
2665 2025 2923 2080 nimirum
2957 2025 3132 2081 Patris
3179 2041 3275 2096 per
3309 2024 3622 2080 mandatum

2036 2113 2367 2183 significata,
2403 2117 2488 2170 cui
2539 2131 2661 2172 sese
2689 2116 2860 2175 Filius
2899 2115 3294 2174 conformanda
3329 2127 3494 2187 atque
3522 2118 3622 2172 ob-

2034 2209 2310 2275 sequendo
2348 2209 2809 2280 dispensationem
2861 2213 3090 2282 peragit.
3124 2211 3189 2266 Et
3215 2226 3346 2266 sane
3375 2199 3626 2280 pulcher-

2035 2297 2209 2361 rime;
2239 2308 2296 2354 ut
2324 2299 2718 2368 cognoscamus
2763 2303 3073 2373 passionem
3103 2303 3269 2358 etiam
3299 2302 3462 2358 fuisse
3488 2317 3625 2372 opus

2033 2388 2175 2458 ejus,
2209 2405 2315 2459 qua
2363 2393 2491 2448 vicit
2520 2394 2703 2467 potius
2734 2409 2896 2464 quam
2928 2396 3105 2452 victus
3139 2393 3323 2462 fuerit,
3355 2403 3414 2448 ut
3447 2394 3537 2464 qui
3567 2394 3622 2450 in

2037 2479 2372 2550 triumphum
2403 2491 2587 2550 actus,
2630 2485 3004 2554 triumphavit,
3034 2495 3090 2542 et
3115 2484 3412 2540 cruciﬁxus
3446 2485 3627 2542 cruci-

2036 2570 2152 2625 ﬁxit
2185 2574 2542 2631 crucifixores
2585 2592 2715 2633 suos
2741 2618 2757 2644 ,
2814 2579 2986 2648 iisque
3020 2577 3372 2648 ignominiam
3416 2577 3622 2637 attulit.

1973 2701 1982 2708 .
2035 2661 2262 2734 Propter
2289 2680 2528 2724 amorem
2564 2669 2768 2740 itaque,
2801 2669 3002 2743 inquit,
3033 2668 3214 2726 Patris
3239 2679 3467 2726 mortem
3504 2685 3626 2727 sus-

2036 2755 2204 2813 tineos

2675 2879 2825 2938 CAP.
2861 2881 2976 2937 XV.

2105 2967 2268 3023 Vens.
2317 2969 2373 3027 2.
2424 2988 2443 3024 ι
2478 2969 2709 3027 Omnem
2743 2973 3018 3042 palmitem
3064 2974 3115 3028 in
3178 2989 3264 3030 me
3299 2989 3404 3030 non
3439 2972 3617 3045 feren-

2034 3047 2139 3112 tém
2171 3059 2408 3116 fructum
2441 3102 2456 3124 ,
2511 3062 2662 3118 tollet
2691 3079 2814 3120 eum
2851 3082 2864 3118 :
2902 3075 2958 3120 et
2983 3080 3200 3122 omnem
3228 3065 3318 3134 qui
3356 3064 3460 3122 fert
3504 3063 3620 3144 [mf

2030 3159 2199 3217 otnm,
2237 3154 2488 3224 purgahit
2511 3169 2655 3222 eum,
2688 3165 2746 3211 ιιι
2782 3155 3018 3212 fructum
3052 3158 3172 3227 plus
3200 3157 3413 3215 afferat.
3449 3177 3468 3210 ι

2107 3242 2278 3299 llomo
2307 3245 2481 3302 ﬁdelis
2520 3248 2728 3318 palmes
2757 3259 2842 3304 est
2869 3249 3133 3318 spiritalis
3166 3249 3310 3316 vitis,
3360 3264 3483 3319 Quae
3536 3259 3625 3303 est

2035 3334 2312 3392 Christus.
2355 3337 2422 3390 Et
2470 3353 2576 3393 non
2613 3340 2838 3408 prodest
2887 3340 2966 3395 illi
3004 3341 3118 3394 sola
3171 3341 3328 3406 fides,
3361 3343 3454 3397 sed
3484 3357 3624 3410 opus

2037 3425 2199 3482 habet
2233 3429 2454 3498 insuper
2485 3432 2739 3499 operibus
2770 3432 2948 3496 bonis,
2979 3448 3101 3502 qua:
3133 3431 3270 3486 ﬁunt
3295 3447 3392 3502 per
3419 3447 3622 3504 purga-

2041 3517 2263 3572 tionem.
2301 3518 2402 3586 Qui
2461 3521 2626 3590 igitur
2664 3523 3024 3592 eonglutinati
3067 3534 3194 3578 sunt
3227 3524 3452 3580 Domino
3476 3565 3490 3587 ,
3524 3543 3624 3582 nec

2037 3607 2199 3678 digne
2239 3609 2358 3679 ipso
2392 3609 2559 3665 vitam
2610 3614 2944 3676 instituunt,
2982 3605 3316 3682 punientur:
3352 3617 3444 3685 qui
3492 3631 3624 3675 vero

2035 3702 2123 3770 pie
2160 3702 2372 3767 vivunt,
2408 3703 2639 3757 multttm
2669 3704 2901 3760 fructum
2934 3697 3187 3761 aderunt.

2112 3792 2275 3850 Vens.
2306 3795 2362 3852 5.
2405 3814 2424 3847 ι
2454 3793 2572 3850 1am
2612 3811 2709 3852 vos
2740 3798 2924 3852 mundi
2983 3799 3118 3854 estis
3149 3807 3370 3870 propter
3411 3816 3625 3858 sermu-

2037 3903 2182 3954 ncm,
2219 3904 2377 3958 quem
2413 3887 2629 3945 locutus
2662 3906 2782 3946 sum
2827 3891 3000 3948 vobis.
3031 3912 3051 3946 ι

2109 3979 2233 4035 llaec
2263 3980 2395 4036 dicit
2419 3981 2488 4036 de
2519 3983 2911 4039 lentationibns
2937 4001 3070 4055 quas
3097 3987 3402 4057 perpessnri
3441 3997 3620 4050 erant,

2035 4088 2156 4141 quae
2190 4071 2314 4128 illos
2349 4073 2646 4128 reddebant
2679 4074 2952 4132 meliores.
3005 4076 3104 4144 Qui
3136 4078 3281 4134 enim
3328 4078 3414 4148 pie
3456 4079 3623 4134 vitam

2037 4165 2354 4229 instituunt,
2396 4164 2621 4220 multum
2663 4167 2894 4222 fructum
2936 4170 3135 4226 ferunt.

2109 4257 2274 4312 Vens.
2304 4257 2357 4314 4.
2392 4275 2410 4308 ι
2440 4257 2655 4315 Manete
2686 4261 2738 4314 in
2778 4276 2864 4316 me
2897 4281 2911 4316 :
2946 4273 3001 4318 et
3030 4277 3130 4335 ego
3165 4265 3216 4319 in
3248 4266 3421 4322 vobis.
3460 4287 3479 4320 ι

2103 4349 2219 4405 Etsi
2253 4351 2374 4421 quis
2407 4349 2630 4408 Christo
2679 4369 2777 4423 per
2817 4357 2994 4411 sancti
3031 4355 3268 4426 Spiritus
3314 4362 3626 4418 sanctiﬁca-

2039 4441 2239 4498 tionem
2284 4443 2612 4513 coniunctus
2665 4445 2871 4515 fuerit,
2913 4449 3091 4504 adhuc
3144 4461 3323 4506 tamen
3381 4453 3622 4522 perfecta

2034 4536 2305 4591 charitate
2325 4552 2460 4608 opus
2484 4546 2567 4593 est
2592 4548 2647 4594 et
2675 4540 2892 4610 sequela
2919 4541 3057 4612 ejus.
3077 4542 3213 4597 Nam
3243 4542 3333 4611 qui
3367 4544 3623 4614 perfecta:

347 4643 473 4697 στοῦ
500 4644 588 4698 διὰ
616 4645 710 4698 τοῦ
753 4645 828 4717 μὴ
859 4622 1003 4716 ἔχειν
1030 4644 1237 4699 τέλειον
1265 4645 1356 4699 τὸν
1383 4645 1674 4716 ἁγιασμδν,
1705 4645 1800 4699 καὶ
1831 4645 1929 4716 τὴν

2035 4632 2343 4686 sanctitatis
2386 4632 2739 4687 charitatisve
2799 4633 3013 4688 defectu
3049 4649 3080 4688 a
3112 4634 3331 4690 Christo
3378 4646 3622 4693 resectus

347 4733 592 4804 ἀγάπην,
620 4736 681 4789 οὐ
705 4735 929 4790 δύναταί
956 4755 1008 4790 τι
1039 4736 1265 4807 ποιῆσαι
1296 4736 1522 4804 ἀγαθόν.

424 4845 442 4878 ι
493 4825 634 4895 Ἐγώ
682 4828 800 4899 εἰμι
839 4830 872 4900 η
914 4828 1182 4899 ἄμπελος,
1235 4828 1393 4899 ὑμεῖς
1449 4827 1518 4883 τὰ
1564 4827 1858 4897 κλήματαο
1908 4829 1936 4881 ὁ

351 4919 534 4990 μένων
565 4921 622 4973 ὲν
667 4921 824 4992 ἐμοὶ.
854 4921 1009 4991 κάγὼ
1044 4923 1103 4975 ἐν
1133 4921 1316 4993 αὐτῷ,
1347 4913 1504 4984 οὗτος
1533 4919 1688 4990 φέρει
1721 4919 1935 4990 καρπὸν

349 5009 532 5062 πολύν·
565 5011 647 5064 ὃτι
671 5013 840 5084 χωρὶς
871 5013 1004 5084 ἐμοῦ
1035 5014 1097 5068 οὐ
1128 5013 1356 5067 δύνασθε
1385 5015 1562 5065 ποιεῖν
1585 5011 1791 5065 οὐδέν.»

422 5101 522 5178 Διά
558 5103 620 5156 τὸ
666 5105 740 5176 μὴ
779 5105 1040 5160 δύνασθαι
1081 5108 1478 5178 καρποφορεῖν,
1514 5107 1563 5157 εἰ
1614 5103 1689 5176 μὴ
1736 5103 1930 5174 μόνους

349 5194 476 5257 τοὺς
516 5194 978 5266 προσηλωμένους
1023 5195 1173 5267 αὐτῷ
1194 5238 1209 5257 .
1239 5197 1400 5250 καλεῖ
1432 5195 1626 5252 ἑαυτὸν
1661 5192 1929 5265 ἄμπελον,

311 5349 317 5356 ,
347 5285 422 5349 ὠς
454 5285 511 5352 ἐξ
536 5284 702 5340 αὐτοῦ
730 5285 1188 5359 δυναμουμένους.
1225 5287 1450 5361 [Cum]

431 5379 576 5433 ’Av-ri
601 5378 696 5433 τοῦ
715 5421 728 5446 ,
756 5381 953 5452 Χαίρει
977 5384 1006 5434 6
1044 5381 1265 5454 Πατὴρ,
1290 5383 1418 5436 ὅταν
1453 5382 1510 5434 ὲν
1532 5381 1656 5450 ἐμοὶ
1692 5380 1892 5452 μένητε
1913 5419 1926 5444 ,

342 5469 409 5523 δι’
437 5463 513 5523 ὧν
542 5474 778 5536 ποιεῖτε,
817 5471 1146 5542 εύφημεῖται
1171 5476 1198 5527 6
1229 5475 1438 5544 Πατήρ.
1467 5468 1690 5544 [Cum]

419 5582 435 5612 ι
489 5563 614 5617 Ἐὰν
661 5564 736 5634 μή
770 5581 855 5628 τις
887 5564 1046 5637 μείνῃ
1093 5566 1150 5618 ἐν
1181 5565 1336 5636 ἐμοὶ,
1368 5564 1573 5638 ἐϐλήθη
1614 5565 1720 5631 ἔξω
1760 5566 1838 5620 ὡς
1868 5566 1928 5618 τὺ

341 5650 548 5724 κλῆμα,
580 5655 675 5708 καὶ
700 5654 974 5727 ἐξηράνθη
995 5695 1009 5719 ,
1040 5656 1131 5709 καὶ
1165 5657 1494 5724 συνάγουσιν
1518 5656 1688 5723 αὐτὰ,
1721 5656 1815 5710 καὶ
1843 5657 1922 5720 εἰς

345 5743 456 5816 πῦρ
488 5745 764 5818 βάλλουσι,
795 5749 889 5802 καὶ
919 5747 1155 5803 καίεται.
1195 5767 1214 5802 ι

441 5913 465 5945 τ
485 5900 581 5959 Cr.
608 5917 792 5974 prtem.
832 5903 1120 5959 Ἐπάνοδον
1150 5905 1298 5975 λέγει
1334 5903 1423 5960 τὸν
1457 5902 1647 5977 καιρὸν
1672 5903 1769 5976 τῆς
1795 5899 2168 5965 ἀναστάσεως.

2035 4724 2223 4786 fuerit,
2262 4722 2393 4777 nihil
2427 4732 2608 4791 potest
2634 4723 2758 4777 boni
2783 4722 2984 4780 facere.

2111 4811 2274 4870 Vens.
2309 4813 2364 4868 5.
2407 4831 2425 4864 ι
2457 4812 2570 4884 Ego
2593 4827 2713 4868 sum
2748 4816 2896 4882 vitis,
2934 4831 3026 4870 vos
3055 4816 3304 4887 palmites
3333 4837 3347 4874 :
3385 4820 3473 4889 qui
3504 4836 3621 4875 ma-

2037 4917 2129 4963 net
2168 4909 2222 4962 in
2257 4920 2364 4971 me,
2413 4916 2467 4961 et
2491 4922 2590 4973 ego
2620 4906 2673 4960 in
2702 4921 2788 4973 co,
2821 4908 2908 4961 hic
2936 4909 3035 4964 fert
3073 4909 3306 4966 fructum
3343 4913 3569 4973 multum
3603 4918 3646 4972 .'

2037 4998 2162 5068 quia
2190 4997 2308 5051 sine
2349 5011 2436 5050 me
2464 4995 2598 5050 nihil
2629 4997 2853 5065 potestis
2878 4995 3079 5054 facere.
3110 5019 3129 5050 ι

2106 5090 2239 5144 Cum
2277 5105 2437 5144 nemo
2483 5089 2656 5159 possit
2698 5087 2936 5146 fructum
2972 5091 3114 5148 ferre
3165 5094 3270 5156 nisi
3305 5097 3402 5167 ipsi
3435 5099 3622 5156 adita.»-

2036 5184 2192 5252 serit,
2223 5192 2383 5238 vocat
2419 5185 2657 5252 seipsum
2712 5185 2899 5252 vitem,
2947 5191 3073 5258 quia
3119 5206 3186 5246 ex
3223 5200 3337 5261 ipso
3366 5194 3620 5251 virtutem

2034 5276 2351 5343 accipimus.

2105 5367 2222 5423 Non
2248 5368 2407 5425 dicit:
2434 5367 2650 5425 Gaudet
2677 5369 2838 5429 Pater
2855 5371 2982 5427 dum
3011 5371 3066 5434 in
3100 5389 3185 5430 me
3209 5378 3462 5443 manetis.
3498 5380 3620 5446 sed,

2033 5461 2378 5518 Benedicitur
2406 5461 2566 5517 Pater
2597 5478 2694 5532 per
2721 5478 2785 5518 ea
2828 5479 2949 5535 quae
2977 5481 3075 5522 vos
3107 5466 3304 5524 facitis.

2114 5556 2282 5612 \‘Eus.
2321 5556 2375 5612 6.
2431 5574 2450 5607 ι
2484 5556 2540 5611 Si
2583 5557 2704 5628 quis
2748 5558 2799 5612 in
2835 5575 2920 5614 me
2956 5574 3064 5616 non
3117 5563 3400 5631 manserit,
3425 5565 3617 5630 ,mittev

2037 5659 2124 5704 tur
2163 5650 2312 5705 foras
2367 5649 2508 5704 sicut
2564 5649 2774 5721 palmes
2803 5693 2818 5718 ,
2877 5659 2930 5707 et
2975 5664 3224 5722 arescet,
3276 5665 3331 5712 et
3364 5659 3620 5728 colligent

2037 5759 2184 5812 cum,
2230 5751 2283 5799 et
2319 5743 2371 5798 in
2423 5743 2604 5813 ignem
2661 5744 2896 5813 mittent,
2934 5753 3004 5801 et
3033 5749 3208 5805 ardet.
3243 5770 3261 5803 ι

2285 5895 2302 5936 ε
2333 5895 2426 5952 Gr.
2463 5896 2565 5954 δτι.
2647 5907 2670 5948 ε
2695 5898 2784 5956 Cr.
2817 5899 2933 5959 sine
2985 5903 3121 5960 ἔστε.
3202 5905 3226 5945 ιι
3255 5902 3345 5959 Cr.
3374 5904 3517 5964 οὐδέ.
