4130 6604
518 422 657 486 1495
1656 419 1919 481 ΑΜΜΟΝ
1927 421 1985 481 lI
2023 423 2138 483 AL]

2241 422 2553 486 ANDRINI

590 534 692 601 Qui
724 530 932 589 otiosus
963 537 1088 595 est,
1125 530 1415 592 exciditur,
1453 542 1555 583 nec
1583 529 1814 598 amplius
1844 528 1950 586 [ενι
1971 529 2090 587 fru-
2120 539 2138 594 Α

2276 533 2332 587 ’0
2382 534 2550 606 ἀργὸς
2591 534 2947 597 ἐκκόπτεται,
2985 530 3078 585 καὶ
3104 527 3288 583 οὐκέτι
3320 518 3717 597 καρποφορεῖο
3756 512 3831 566 οὗ

519 637 699 705 ctum,
738 639 837 681 nec
868 634 1078 680 tantum
1104 622 1305 678 arescit
1330 620 1540 677 cultura
1568 621 1879 689 destitutus,
1912 625 2006 679 sed
2040 633 2096 680 et

2241 628 2360 681 όνον
2403 627 2719 699 ξηραίνεται
2755 625 2953 699 μηκέτι
2998 621 3439 694 γεωργούμενος,
3497 614 3650 670 ἀλλὰ
3715 606 3839 660 καὶ

3656 404 3832 471 1496

520 712 780 782 ἰιιοι-ἰιιιτ,
827 725 882 771 et
912 717 1087 770 ardet.

598 809 762 865 Vens.
814 808 867 864 9.
928 824 947 858 ι
981 806 1134 861 Sicut
1159 803 1345 865 dilexit
1393 818 1480 860 me
1518 804 1704 872 Pater,
1730 814 1784 862 et
1811 820 1911 872 ego
1936 805 2098 863 dilexi

526 918 645 958 vos.
682 899 895 953 Manete
919 896 973 951 in
1004 895 1294 952 dilectione
1330 912 1472 955 mea.
1514 916 1533 949 ι

601 991 816 1045 Rursus
861 990 1098 1044 humano
1147 1004 1300 1044 more
1335 1004 1640 1044 sermonem
1692 989 1924 1045 instituit
1952 1004 1967 1043 :
1996 1003 2102 1044 non

529 1082 675 1139 enim
732 1080 1007 1152 legislator
1038 1080 1248 1152 legibus
1299 1096 1363 1136 ac
1418 1082 1689 1137 mandatis
1738 1082 2109 1152 subjiciendus

532 1185 672 1231 eral.
708 1171 875 1228 Vides
900 1171 1171 1243 quomodo
1207 1186 1424 1243 semper
1471 1172 1542 1228 ob
1586 1173 1891 1227 auditorum
1940 1174 2108 1229 imbe-

534 1264 819 1319 t-illitatem
853 1262 1049 1318 similia
1077 1261 1245 1328 dicat,
1292 1262 1366 1316 uti
1406 1262 1531 1318 hinc
1561 1264 1727 1318 etiam
1776 1264 2106 1319 ostenditur.

535 1356 671 1412 Nam
705 1357 1003 1413 secundum
1034 1356 1343 1426 Opinionem
1375 1355 1586 1411 illorum
1618 1355 1787 1410 multa
1817 1356 1949 1412 dicit
1979 1396 1995 1422 ,
2052 1364 2112 1410 ut

539 1450 792 1504 ostendat
824 1448 1047 1504 omnino
1105 1455 1219 1501 tuta
1267 1446 1371 1503 illis
1401 1448 1581 1503 omnia
1617 1447 1752 1514 fore,
1781 1459 1835 1504 et
1864 1449 2114 1505 inimicos

541 1556 728 1597 eorum
753 1540 1008 1597 delendos
1031 1556 1171 1597 esse.
1199 1542 1435 1598 Observa
1462 1552 1664 1607 autem,
1688 1550 1746 1594 ut
1769 1541 1961 1611 majori
1991 1556 2112 1595 cum

543 1632 871 1688 auctoritate
905 1632 1013 1688 illis
1043 1633 1316 1704 loquatur.
1350 1632 1467 1688 Non
1504 1634 1646 1688 enim
1684 1633 1824 1688 dixit
1853 1650 1866 1686 :
1903 1631 2117 1687 Manete

547 1710 600 1778 in
642 1724 937 1781 dilectione
961 1726 1159 1791 Patris,
1200 1726 1293 1782 sed
1319 1729 1375 1780 in
1412 1726 1690 1781 dilectione
1720 1743 1855 1781 mea.
1893 1725 2116 1790 Deinde,

548 1828 615 1869 ue
664 1814 949 1869 dicerent:
985 1815 1213 1881 Quando
1261 1831 1359 1873 nos
1387 1816 1548 1872 rebus
1592 1814 1843 1871 omnibus
1895 1814 2118 1878 emisti,

550 1914 680 1959 tunc
724 1921 819 1959 nos
852 1905 1058 1961 deseris
1106 1917 1161 1960 et
1196 1907 1468 1973 discedis;
1496 1906 1740 1961 declarat
1768 1921 1827 1961 se
1857 1921 1961 1959 non
2011 1915 2117 1960 tam

549 1997 824 2064 deserere,
856 2012 1017 2067 quam
1046 1999 1219 2069 magis
1246 1999 1324 2054 eis
1350 1998 1732 2069 conglutinari,
1758 2000 1914 2053 modo
1934 1998 2121 2063 velint,

552 2102 610 2145 ut
650 2091 853 2157 palmes
878 2091 993 2145 viti.

625 2184 792 2239 Vns.
856 2185 945 2240 15.
1031 2182 1337 2256 «Majorem
1401 2184 1505 2241 hac
1564 2184 1909 2241 dilectionem
1968 2199 2127 2240 nemo

556 2280 752 2347 habet,
810 2285 871 2332 ut
917 2276 1155 2333 animam
1208 2293 1363 2334 suam
1403 2287 1567 2349 ponat
1604 2280 1731 2350 quis
1782 2293 1881 2349 pro
1938 2276 2131 2337 amicis

468 2388 475 2393 ’
554 2370 689 2429 snis.
728 2389 745 2422 ι

624 2460 879 2518 Christus
908 2470 1162 2531 tanquam
1194 2462 1358 2518 totius
1383 2460 1535 2517 orbis
1562 2460 1800 2517 universi
1832 2468 2132 2532 praeceptor

555 2553 658 2611 ista
696 2552 804 2609 illis
835 2555 1081 2619 tradidit,
1122 2555 1377 2623 quoniam
1409 2550 1628 2606 dilectio
1678 2560 1763 2605 est
1810 2560 2131 2606 caeterarum

558 2656 720 2717 caput
771 2646 1057 2702 virtutum.
1121 2645 1434 2702 Mandatum
1492 2644 1609 2716 ejus
1656 2644 1820 2699 etiam
1848 2644 2003 2713 jubet
2037 2658 2136 2700 nos

559 2758 660 2812 pro
693 2742 886 2797 amicis
916 2742 1075 2806 mori,
1109 2750 1163 2797 et
1188 2742 1309 2811 plus
1343 2755 1505 2810 quam
1536 2739 1902 2809 nosmetipsos
1933 2754 2028 2794 eos
2051 2739 2137 2793 di-

562 2835 753 2906 ligere.
783 2834 852 2889 Et
880 2832 1122 2888 ostendit
1146 2833 1449 2890 discessum
1482 2847 1639 2887 suum
1693 2847 1800 2886 non
1835 2830 1983 2895 odii,
2043 2832 2137 2885 sed

560 2927 769 2982 amoris
804 2940 933 2994 ergo
964 2924 1102 2980 ﬁeri.
1138 2923 1270 2980 Nam
1300 2939 1399 2994 pro
1431 2924 1604 2989 vobis,
1632 2924 1829 2991 inquit,
1863 2923 2091 2979 morior.

638 3012 806 3070 Vens.
841 3013 931 3071 18.
976 3032 995 3066 ι
1027 3012 1085 3069 Si
1119 3014 1353 3071 mundus
1386 3029 1484 3070 vos
1515 3014 1649 3079 odit,
1682 3013 1876 3069 scitote
1901 3013 2024 3084 quia
2055 3027 2142 3068 me

563 3105 798 3176 priorem
826 3103 978 3159 vobis
1006 3104 1129 3159 odio
1152 3104 1359 3159 habuit.
1393 3122 1412 3155 ι

643 3195 713 3289 Ut
734 3195 822 3263 qui
852 3196 918 3250 ab
947 3196 1197 3251 omnibus
1219 3196 1343 3252 odio
1367 3196 1601 3289 habendi
1631 3203 1838 3262 essent,
1868 3208 2145 3251 commen-
2173 3230 2215 3289 ο

568 3285 661 3339 dat
700 3284 809 3340 illis
860 3296 1102 3340 mutuum
1149 3301 1410 3343 amorem.
1463 3284 1520 3341 Si
1566 3286 1801 3342 mundus
1846 3302 1943 3341 vos
1994 3286 2144 3352 odit,

568 3387 793 3448 prepter
826 3394 911 3434 me
944 3379 1046 3433 hoc
1077 3378 1347 3447 patimini,
1381 3394 1445 3434 ac
1473 3378 1702 3448 proinde
1739 3377 1909 3433 nolite
1945 3378 2148 3432 contri-

570 3470 731 3535 stari,
759 3485 859 3525 nec
900 3486 1045 3541 aegre
1071 3466 1256 3526 feratis
1288 3487 1304 3526 :
1331 3485 1438 3526 non
1468 3470 1616 3524 enim
1661 3470 1799 3525 estis
1832 3484 1919 3523 me
1958 3468 2149 3525 melio-

568 3578 679 3617 res.
718 3560 775 3617 Si
820 3561 1107 3632 diligerent
1130 3577 1228 3619 vos
1271 3560 1416 3625 mali,
1452 3560 1505 3616 id
1550 3569 1633 3617 est
1665 3561 1919 3626 mundus,
1955 3561 2151 3617 essetis

571 3665 626 3709 et
652 3669 747 3710 vos
774 3654 1038 3723 perversi.

652 3768 811 3824 Vsus.
856 3768 949 3824 20.
998 3788 1016 3821 ι
1046 3767 1162 3824 Non
1203 3778 1289 3825 est
1331 3784 1521 3827 servus
1556 3769 1728 3840 major
1772 3769 1991 3826 domino
2028 3784 2149 3827 suo.

573 3860 633 3916 Si
663 3877 747 3916 me
771 3862 1040 3931 persecuti
1083 3871 1233 3927 sunt,
1264 3870 1317 3917 et
1344 3876 1442 3917 vos
1474 3872 1869 3931 persequentur
1899 3880 1914 3917 :
1944 3861 1989 3916 si
2037 3876 2153 3917 ser-

575 3968 790 4009 nionem
824 3970 1001 4009 meum
1034 3963 1406 4021 servaverunt,
1434 3963 1490 4008 ει
1517 3964 1753 4010 vestrum
1780 3954 2094 4009 servabunt.
2128 3972 2148 4005 ι

649 4044 705 4100 Si
735 4060 836 4116 ego
858 4062 956 4115 pro
988 4046 1165 4101 servis
1198 4046 1325 4101 talia
1371 4047 1630 4111 sustinui,
1658 4048 1875 4116 quando
1905 4061 2024 4110 vos,
2061 4044 2154 4115 qui

576 4136 719 4193 servi
764 4137 917 4198 estis,
952 4136 1079 4189 talia
1128 4151 1224 4205 pro
1258 4135 1486 4192 Domino
1534 4136 1888 4203 sustinebitis,
1927 4152 2032 4190 non
2067 4137 2158 4191 de-

578 4228 719 4281 betis
753 4243 896 4295 a'gre
930 4226 1093 4282 ferre.
1123 4225 1179 4281 Si
1213 4242 1424 4283 mecum
1455 4228 1650 4283 similia
1682 4227 1955 4299 patimini,
1989 4228 2158 4284 nolite

578 4315 898 4369 conturbari
952 4337 964 4371 :
1015 4317 1095 4371 sic
1146 4318 1294 4373 enim
1351 4318 1621 4386 passionis
1686 4332 1820 4373 meae
1868 4319 2158 4390 participes

580 4403 747 4465 fletis,
774 4415 829 4459 et
849 4406 914 4459 ad
945 4406 1204 4461 honorem
1228 4406 1445 4476 quidem
1473 4409 1624 4463 vobis
1654 4409 1756 4465 hoc
1778 4412 1953 4476 cedet,
1980 4411 2073 4467 sed
2103 4411 2156 4466 in

582 4510 668 4548 nte
694 4504 749 4548 et
780 4493 996 4549 Patrem
1025 4511 1204 4550 meum
1228 4497 1554 4550 contumelia
1591 4499 1876 4554 redundat.

2197 722 2553 793 ἀποθνήσκει,
2578 722 2671 775 καὶ
2692 721 2928 776 καίεται.

2277 831 2296 865 ⁸
2334 812 2534 876 Καθὼς
2576 811 2836 883 ἠγάπησὲ
2872 828 2939 883 με
2972 812 3001 864 6
3034 808 3261 879 Πατὴρ,
3312 801 3470 871 κάγὼ
3516 798 3842 869 ἠγάπησα

2203 909 2370 979 ὑμᾶς.
2402 907 2643 961 Μείνατε
2672 908 2731 960 ἐν
2762 908 2828 977 τῇ
2862 904 3053 977 ἀγάπῃ
3078 905 3145 974 τῇ
3179 901 3311 971 ἐμῇ.
3352 916 3370 949 ι

2278 1001 2447 1057 Πάλιν
2472 998 2827 1071 ἀνθρωπίνως
2852 1001 2882 1053 6
2910 998 3070 1066 λόγος
3095 994 3362 1066 πρόεισινο
3393 988 3456 1043 οὑ
3476 984 3590 1056 γάρ
3611 981 3843 1071 δήτξῡυ

2206 1092 2553 1166 όνομοθέτης
2581 1069 2689 1144 ὑπὸ
2712 1089 2932 1152 ἐντολάς
2961 1085 3154 1158 ἔμελλε
3196 1074 3707 1144 κείσεσθαι.’ορᾷς
3740 1069 3846 1166 ὅτι

2208 1162 2481 1252 ἀεὶνλέγει
2526 1182 2614 1235 διὰ
2660 1181 2758 1253 τὴν
2803 1180 2913 1233 τῶν
2962 1174 3331 1248 ἀκροωμένων
3384 1167 3702 1223 ἀσθένειαν
3762 1162 3849 1211 τὰ

2210 1276 2470 1340 τοιαῦτα,
2500 1274 2660 1328 τοῦτο
2686 1273 2743 1327 δὲ
2777 1272 2873 1326 καὶ
2905 1268 3143 1324 ἐνταῦθα
3169 1266 3447 1321 δείκνυται
3466 1277 3480 1292 ·
3515 1257 3669 1330 πρὸς
3704 1254 3849 1321 γὰρ

2211 1370 2312 1441 τὴν
2341 1369 2599 1423 ὑπόνοιαν
2625 1365 2804 1420 αὐτῶν
2832 1363 2903 1421 τά
2932 1360 3105 1415 πολλὰ
3142 1359 3293 1427 λέγει
3312 1395 3328 1421 ,
3372 1354 3467 1409 καὶ
3495 1352 3587 1445 δᾲιά
3616 1347 3850 1445 πάνῖα

2214 1438 2449 1515 δεικνύει
2482 1462 2538 1512 ὲν
2560 1455 2830 1526 ἀσφαλείᾳ
2859 1454 3041 1519 θντας,
3075 1451 3171 1505 καὶ
3199 1449 3326 1511 τοὺς
3353 1442 3583 1521 ἐχθροὺς
3617 1438 3851 1493 αὐτῶν

2217 1551 2646 1622 ἀπολλυμένους.
2674 1547 2877 1601 Σκόπει
2899 1546 2957 1599 δὲ
2994 1543 3159 1598 αὑτὸν
3193 1536 3670 1605 αὑθεντικώτερον
3730 1529 3851 1580 λα-

2217 1646 2483 1717 λούμενον
2510 1644 2715 1705 αὐτοῖς.
2744 1642 2819 1694 (ὶὺ
2850 1639 2961 1709 γὰρ
2986 1633 3129 1700 εἷπε,
3160 1633 3400 1688 Μείνατε
3431 1631 3490 1682 ὲν
3515 1628 3582 1697 τῇ
3610 1622 3850 1690 ἀγάπῃ

2221 1740 2315 1797 τοῦ
2335 1736 2571 1808 Πατρὸς,
2593 1734 2755 1796 ἀλλά,
2780 1734 2851 1787 ἐν
2878 1730 2951 1800 τῇ
2975 1728 3111 1800 ἐμῇ.
3134 1723 3290 1787 Εἶτα,
3325 1723 3413 1776 ἴνα
3445 1719 3518 1790 μὴ
3541 1717 3844 1808 λέγω

2225 1834 2356 1886 Ὅτε
2385 1804 2552 1884 πᾶσιν
2592 1829 2741 1899 ἡμᾶς
2767 1824 3176 1894 ὲξεπολέμησας
3202 1860 3216 1882 ,
3240 1818 3362 1873 τότε
3393 1814 3543 1883 ἡμᾶς
3568 1804 3847 1879 deﬁt-15?;

2227 1925 2322 1979 καὶ
2347 1922 2671 1993 ἀναχωρεῖςο
2688 1919 2961 1974 δείκνυσιν
2987 1916 3071 1970 ὅτι
3090 1914 3192 1966 οὑκ
3222 1909 3469 1978 ἀφίησιν,
3488 1903 3605 1957 ἀλλ’
3631 1900 3846 1993 οὕτως

2226 2017 2414 2079 αὐτοῖς
2454 1991 2819 2082 κεκόλληται,
2865 2009 2962 2065 saw
3012 2006 3263 2071 θέλωσιν,
3305 2001 3381 2064 ὡς
3420 1997 3480 2051 τὸ
3513 1994 3718 2065 κλῆμα.
3760 1991 3845 2059 τῇ

2228 2106 2479 2180 ἀμπέλῳ.

2305 2220 2324 2252 ι
2359 2174 2600 2264 Μείζονα
2622 2197 2826 2267 ταύτης
2852 2194 3076 2263 ἀγάπην
3103 2189 3281 2251 οὐδεὶς
3310 2185 3424 2255 ἔχει
3443 2224 3459 2249 ,
3485 2182 3577 2235 ἳνα
3602 2194 3689 2241 τις
3722 2174 3844 2244 τὴν

2228 2292 2406 2365 ψυχὴν
2429 2291 2595 2345 αὑτοῦ
2621 2289 2687 2361 θῇ
2711 2288 2851 2360 ὑπὲρ
2880 2286 2989 2340 τῶν
3019 2284 3190 2354 φίλων
3212 2277 3401 2336 αὑτοῦ.
3433 2295 3451 2328 ι

2313 2468 2401 2531 Ὧς
2426 2464 2745 2527 διδάσκαλος
2767 2462 2870 2532 τῆς
2889 2459 3215 2529 οἰκουμένης
3234 2449 3606 2524 παραδίδωσιν
3631 2444 3845 2507 αὐτοῖς

2233 2559 2409 2615 ταῦτα
2446 2561 2476 2612 ό
2505 2557 2740 2629 Χριστὸς
2760 2596 2775 2621 ,
2810 2556 2891 2609 ὅτι
2921 2555 2955 2624 ἡ
2995 2550 3188 2620 ἀγάπη
3225 2542 3525 2636 κεφάλαιόν
3556 2540 3675 2591 ὲστι
3707 2534 3842 2636 nim

2236 2652 2471 2727 ἀρετῶν.
2507 2651 2573 2703 Ἦ
2612 2646 2804 2719 ἐντολὴ
2834 2643 3004 2700 αὑτοῦ
3048 2642 3109 2695 τὸ
3151 2635 3681 2727 ὑπεραποθνησκειν.
3711 2635 3844 2679 των

2240 2719 2431 2815 φίλων,
2468 2742 2562 2797 καὶ
2588 2739 2650 2793 τὸ
2699 2737 2839 2808 ὑπὲρ
2877 2733 3071 2789 ἑαυτὸν
3106 2733 3124 2773 ἱ
3172 2727 3393 2799 ἀγαπᾷν
3428 2724 3557 2815 τους
3602 2719 3835 2815 φίλους.

2240 2809 2492 2887 Ᾱείκνυσι
2531 2830 2588 2883 δὲ
2616 2828 2699 2881 ὅτι
2729 2828 2764 2897 ὴ
2797 2826 3148 2895 ἀναχώρησις
3183 2817 3350 2874 αὑτοῦ
3371 2816 3473 2870 οὑκ
3499 2809 3569 2884 ἦν
3596 2810 3839 2881 μίσους,

2240 2925 2356 2982 ἀλλ’
2386 2923 2627 2992 ἀγάπης.
2667 2918 2840 2988 Ὑπὲρ
2862 2916 2972 2987 γάρ
2997 2913 3155 2985 ὑμῶν
3173 2909 3525 2979 ἀποθνήσκω,
3557 2902 3751 2975 φησίν.

2319 3035 2339 3069 ι
2364 2990 2481 3069 E16
2503 3014 2706 3083 κόσμος
2731 3010 2876 3081 ὑμᾶς
2909 3007 3079 3079 μισεῖ,
3105 3002 3403 3074 γινώσκετε
3426 3000 3511 3053 ὅτι
3536 2997 3636 3065 ἐμὲ
3666 2990 3839 3063 πρῶ-

2246 3128 2336 3166 τον
2363 3108 2519 3179 ὑμῶν
2550 3106 2881 3178 μεμίσηκεν.
2921 3120 2940 3152 ι

2332 3202 2422 3265 Ὧς
2464 3198 2766 3271 μελλόντων
2808 3192 3085 3265 μισεῖσθαι
3128 3187 3279 3260 παρὰ
3318 3185 3569 3248 πάντων,
3604 3193 3841 3247 παραγ-

2248 3295 2426 3367 γέλλει
2452 3293 2633 3354 αὑτοῖς
2662 3289 2881 3359 ἀγαπᾷν
2909 3283 3195 3354 ἀλλήλους.
3226 3281 3290 3333 Εἰ
3318 3277 3526 3346 κόσμος
3555 3272 3703 3367 ὑμεῖς
3738 3287 3838 3339 μι-

2249 3362 2353 3450 σεῖ,
2385 3387 2452 3440 δι’
2478 3384 2578 3455 ἐμὲ
2602 3380 2760 3435 τοῦτο
2780 3380 3038 3449 πάσχετε,
3066 3374 3147 3428 διὸ
3178 3372 3253 3445 μὴ
3276 3369 3514 3438 ἀλγεῖτε,
3537 3365 3613 3435 μὴ
3634 3362 3840 3455 δυσχε-

2251 3481 2501 3554 ραίνετε·
2555 3476 2617 3530 οὑ
2668 3474 2777 3545 γάρ
2824 3469 2949 3525 ὲστέ
3000 3484 3100 3537 μου
3139 3464 3457 3554 κρείττους.⁸
3496 3458 3561 3554 iii
3613 3454 3840 3554 ξφίλουν

2251 3545 2397 3643 ὑμᾶς
2441 3569 2490 3622 οἱ
2521 3565 2782 3637 πονηροὶ,
2832 3563 2862 3616 ὅ
2895 3563 3045 3615 ἐστιν
3086 3559 3116 3613 6
3166 3554 3409 3626 κόσμος,
3438 3546 3685 3625 δηλονότι
3733 3545 3843 3598 κέ.

2250 3664 2408 3736 ὑμεῖς
2438 3658 2667 3731 πονηροὶ
2694 3652 2815 3729 ἦτε.

2333 3792 2352 3825 ι
2390 3772 2503 3826 Οὑκ
2548 3769 2663 3823 ἔστι
2710 3766 2896 3828 δοῦλος
2939 3762 3140 3836 μείζων
3170 3758 3264 3813 τοῦ
3297 3755 3488 3830 κυρίου
3543 3750 3734 3807 αὑτοῦ.
3773 3748 3842 3801 Et

2252 3862 2354 3934 ἐμὲ
2385 3860 2632 3926 ἐδίωξαν,
2663 3859 2757 3913 καὶ
2796 3858 2939 3929 ὑμᾶς
2966 3855 3282 3922 διώξουσιν·
3332 3852 3380 3905 εἰ
3412 3850 3504 3903 τὸν
3533 3848 3694 3914 λόγον
3730 3858 3839 3915 μου

2253 3956 2550 4025 ἐτήρησαν,
2580 3951 2676 4005 καὶ
2703 3950 2794 4005 τὸν
2824 3949 3089 4021 ὑμέτερον
3122 3945 3479 4017 τηρήσουσιν.
3522 3960 3537 3992 ι

2325 4048 2389 4101 El
2429 4045 2539 4115 ἐγὼ
2582 4045 2722 4115 ὑπὲρ
2766 4044 2877 4097 τῶν
2920 4040 3125 4095 δούλων
3171 4033 3377 4092 ταῦταὶ
3422 4032 3657 4093 ἔπαθον,
3705 4028 3840 4082 ὅταν

2256 4140 2471 4210 ὑμεῖςοὶ
2496 4135 2672 4191 δοῦλοι
2697 4135 2825 4206 περὶ
2848 4135 2873 4175 ¹ι
2897 4132 2989 4188 τοῦ
3012 4130 3284 4185 Δεσπὸτου
3298 4127 3546 4196 πάσχητε
3567 4122 3837 4210 τάὃμοεα,

2255 4209 2357 4287 οὑκ
2379 4229 2623 4300 ὀφείλετε
2645 4226 2856 4299 βαρέως
2875 4224 3083 4297 φέρειν.
3112 4222 3177 4277 Et
3194 4220 3263 4273 τά
3283 4216 3445 4288 ὃμοιά
3472 4230 3574 4285 μου
3600 4209 3843 4278 πάθητε,

2260 4326 2336 4397 μὴ
2389 4320 2692 4396 θορυόἦσθε
2724 4318 2770 4357 ι·
2810 4319 2953 4372 οὑτω
3002 4316 3112 4387 γάρ
3162 4310 3379 4382 γίνεσθε
3432 4303 3682 4362 κοινωνοὶ
3724 4300 3841 4397 τῶν

2257 4394 2407 4488 ἐμῶν
2443 4394 2783 4486 παθημάτων
2808 4452 2823 4475 ,
2856 4412 2950 4465 καὶ
2984 4409 3121 4482 πρὸς
3154 4404 3319 4477 τιμὴν
3368 4402 3465 4473 μὲν
3505 4400 3638 4470 ὑμῖν
3679 4394 3843 4451 τοῦτο

2259 4508 2526 4571 ποιοῦσιν,
2549 4506 2685 4561 ἀλλὰ
2714 4505 2783 4558 δι’
2811 4503 2948 4574 ἐμοῦ
2973 4503 3054 4564 είς
3078 4500 3172 4554 τὸν
3206 4497 3429 4568 Πατέρα
3455 4490 3741 4564 ὑϐρίζουσι
3772 4500 3836 4540 ιι.

654 4584 820 4640 Vsus.
853 4585 946 4640 22.
993 4605 1011 4637 ι
1045 4586 1198 4643 Nunc
1228 4598 1410 4649 autem
1459 4593 1874 4647 excusationem
1908 4607 2015 4649 non
2061 4593 2138 4649 ha!

2338 4622 2358 4655 ι
2394 4601 2508 4655 Νῦν
2544 4600 2601 4653 δὲ
2634 4599 2909 4669 πρόφασιν
2941 4595 3043 4648 οὑκ
3072 4593 3255 4664 έχουσι
3284 4587 3534 4660 περὶτῆς
3562 4582 3841 4657 ἁμαρτίας

578 4680 708 4733 bent
739 4678 805 4733 de
833 4689 1054 4748 peccato
1081 4696 1201 4737 suo.
1236 4698 1255 4733 ι

648 4768 816 4835 Nihil,
852 4772 1046 4840 inquit,
1096 4773 1257 4828 omisi
1291 4785 1478 4829 eorum
1508 4789 1630 4846 qua:
1655 4773 1857 4833 Judacis
1899 4776 2162 4847 prodesse

582 4874 825 4938 possent,
858 4867 973 4920 sive
1004 4866 1056 4919 in
1076 4866 1276 4934 verbis,
1310 4867 1425 4923 sive
1441 4868 1721 4939 operibus,
1749 4885 1980 4943 quorum
2009 4873 2161 4927 simi-

582 4957 650 5011 lia
681 4972 839 5012 nemo
867 4958 999 5013 vidit
1031 4974 1291 5022 unquam.

1198 5096 1351 5154 CAP.
1393 5097 1533 5153 XVI.

663 5233 825 5287 Vens.
860 5232 911 5286 1.
960 5252 978 5286 ι
1012 5232 1134 5289 llaec
1155 5234 1367 5291 locutus
1399 5252 1518 5291 sum
1538 5237 1710 5302 vobis,
1734 5244 1791 5292 ut
1814 5253 1917 5292 non
1941 5240 2141 5294 scauda

585 5324 840 5379 licemini.
879 5342 900 5376 ι

655 5413 1032 5468 Gorroborans
1083 5429 1180 5470 eos
1225 5426 1416 5471 contra
1468 5417 1729 5486 pericula,
1780 5417 1991 5474 futuras
2026 5418 2161 5472 dilli-

587 5504 817 5561 cultates
859 5505 1123 5574 praedicit.
1166 5506 1362 5572 Tanta,
1424 5508 1614 5577 inquit,
1653 5509 1760 5565 erit
1799 5510 2162 5565 occidentium

588 5613 705 5666 vos,
756 5614 861 5654 non
902 5605 1111 5653 tantum
1160 5597 1490 5665 Judmorum,
1540 5604 1634 5657 scd
1684 5614 1736 5657 et
1787 5602 2067 5672 gentilium
2109 5612 2165 5658 et

668 5780 683 5819 ί
717 5776 807 5853 (ir.
840 5780 1041 5853 αὐτῶν.
1089 5779 1147 5853 ⁸1
1186 5779 1278 5835 Cr.
1312 5782 1511 5836 πάντα.
1588 5784 1611 5821 ι(
1643 5782 1733 5836 Cr.
1776 5781 1935 5850 ὑπέρ.
2024 5780 2036 5817 ι
2074 5781 2138 5833 (Ir

2241 5782 2565 5853 iopv6ai303.

625 5849 895 5921 ποιοῦσιν,
926 5851 1059 5907 ἀλλὰ
1083 5851 1151 5907 δι’
1180 5853 1312 5924 ἐμοῦ
1344 5854 1433 5907 καὶ
1468 5853 1557 5907 τὸν
1582 5853 1797 5924 Πατέρα
1827 5849 2153 5922 ὑϐρίζουσιν.

2304 4693 2459 4746 ὑτῶν.
2505 4710 2524 4743 ι
3166 4728 3167 4731 η

2307 4711 2310 4713 γ
2446 4732 2459 4746 ⁹
2505 4711 2524 4743 ι
3166 4728 3167 4731 η

2257 4711 2520 4849 Wagn,
2552 4782 2741 4856 φησὶν,
2786 4778 3094 4852 παρέλειψα
3122 4775 3232 4831 τῶν
3272 4776 3353 4840 εἰς
3393 4770 3662 4841 ὠφέλειαν
3702 4767 3838 4820 ’1ου-

2259 4876 2423 4930 δαίων
2467 4873 2883 4937 συντεινόντων,
2914 4872 3017 4927 οὑκ
3053 4873 3111 4924 ἐν
3146 4869 3359 4937 λόγοις,
3394 4863 3495 4920 οὐκ
3532 4864 3592 4916 ἐν
3623 4860 3840 4930 ἔργοις,

2261 4963 2337 5024 ὧν
2375 4967 2497 5039 μηδ’
2526 4962 2665 5019 εἶδέν
2693 4983 2778 5027 τις
2806 4965 2989 5034 ὅμοια.

2858 5100 3107 5155 ΚΕΦΔΛ.
3137 5098 3251 5154 IS’.

2342 5260 2360 5292 ι
2400 5240 2586 5294 Ταῦτα
2618 5238 2894 5307 λελάληκα
2922 5236 3071 5308 ὑμῖν,
3106 5234 3192 5288 ἵνα
3228 5232 3303 5303 μὴ
3336 5227 3783 5295 σκανδαλισθῆτε.
3818 5246 3836 5279 ι

2336 5417 2562 5485 Νευρῶν
2590 5417 2783 5480 αὐτοὺς
2817 5416 2950 5489 πρὸς
2976 5418 3101 5479 τοὺς
3126 5414 3400 5476 κινδύνους
3424 5410 3842 5482 προδιαγγὲλιει

2267 5512 2333 5564 τά
2363 5510 2595 5576 ἐσόμενα
2621 5510 2878 5580 δυσχερῆ.
2912 5508 3185 5577 Τοσαύτη,
3218 5505 3403 5576 φησὶν,
3432 5503 3585 5556 ἔσται
3605 5505 3638 5573 ἡ
3677 5501 3839 5571 μανία

2266 5604 2373 5657 τῶν
2402 5602 2545 5673 ὑμᾶς
2580 5602 3029 5668 ἀποκτεινόντων,
3068 5601 3128 5654 οὐ
3168 5601 3325 5670 μόνον
3375 5598 3638 5651 Ἰουδαίων
3660 5639 3674 5663 ,
3708 5598 3840 5653 ἀλλὰ

2684 5795 2719 5823 οῖ
2751 5781 2841 5837 (Τ.
2886 5784 2945 5835 ΕΞ
2985 5783 3070 5835 καὶ
3118 5780 3251 5852 πρῖις
3313 5779 3451 5853 ἐμὴν
3484 5779 3640 5852 ὓϐριν
3682 5778 3835 5833 τοῦτο
