4130 6588
394 447 527 511 ῙίθΊ
1452 451 1915 513 FRAGMENTA
1974 451 2057 513 1N
2098 450 2159 511 s.
2199 450 2577 512 JOANNEM.
3535 409 3711 511 1493’

392 571 488 621 καί
521 566 752 621 ἐθνικῶν
792 571 889 623 καὶ
928 570 1247 641 αίρετικῶν,
1279 572 1363 626 ὃτι
1398 571 1656 644 λατρείας
1687 568 1970 639 θεοφιλοῦς
1998 569 2023 631 Δ

2036 567 2458 629 ,bwrelicorutn
2508 565 2757 634 vesania,
2808 573 2869 621 ut
2919 577 3013 621 vos
3057 564 3381 631 occidendo,
3424 549 3667 635 putaturi

390 659 621 731 δύναμιν
649 656 791 715 εἶναι
822 662 1107 733 νομίζουσι
1143 664 1206 717 τὸ
1238 663 1440 734 σφάξαι
1470 665 1637 736 ὑμᾶς.

2079 659 2188 714 sint
2220 673 2281 713 se
2333 656 2445 713 Deo
2472 665 2687 728 gratum
2718 657 3043 728 obsequium
3073 656 3355 713 exhibere.

466 772 487 806 ι
550 752 710 807 Ἀλλὰ
744 753 918 809 ταῦτα
953 756 1227 827 λελάληκα
1271 758 1401 828 ὑμῖν
1421 797 1437 822 ,
1469 759 1557 812 ἵνα
1604 759 1734 815 ὅταν
1777 756 1908 830 ἔλθῃ
1938 758 1971 829 ἡ

2152 749 2311 805 Vsus.
2343 751 2397 805 4.
2444 767 2463 800 ι
2495 748 2601 804 Sed
2644 751 2757 805 haec
2784 749 2996 804 loculus
3027 764 3147 803 sum
3180 748 3332 804 vobis
3364 765 3377 803 :
3406 755 3485 814 ut,
3540 764 3662 804 cum

388 845 526 918 ῶρα,
565 847 946 920 μνημονεύητε
976 851 1179 920 αὐτῶν,
1204 852 1289 906 ὅτι
1322 852 1434 922 ἐγὼ
1466 849 1620 906 εἷπον
1650 852 1800 924 ὑμῖν.
1844 872 1863 904 ι

2075 844 2286 900 venerit
2321 842 2480 909 hora,
2509 856 2703 897 eorum
2750 841 3208 909 reminiscamiui,
3258 840 3385 911 quia
3414 856 3515 911 ego
3545 841 3661 896 dixi

2074 938 2249 993 vobis.
2284 956 2304 990 ι

334 1074 345 1083 ,
457 1024 559 1079 Διά
587 1025 647 1079 τὸ
673 1014 1037 1099 γνῶναιύμᾶς
1059 1030 1160 1100 (ὅτι
1182 1030 1260 1095 ὠς
1286 1031 1445 1101 φύσει
1463 1032 1599 1098 Θεὸς
1618 1028 1736 1090 οῖδα
1756 1033 1965 1104 πάντα)

2155 1029 2291 1097 Quia
2329 1044 2424 1084 vos
2452 1026 2578 1082 novi
2615 1027 2838 1098 (quippe
2873 1034 2933 1081 ut.
2971 1035 3165 1081 natura
3204 1027 3344 1083 Deus
3379 1028 3503 1083 novi
3533 1044 3654 1082 om-

386 1120 640 1190 προλέγω
663 1122 731 1175 τὰ
757 1122 1013 1193 ἐσόμενα,
1035 1126 1130 1177 καὶ
1151 1124 1240 1179 ἴνα
1262 1127 1597 1197 πιστεύσητε
1623 1127 1705 1181 ὅτι
1731 1126 1970 1198 δύναμαι

2073 1121 2181 1190 nia)
2211 1120 2447 1191 prmdico
2482 1118 2687 1185 futura,
2719 1127 2775 1173 et
2804 1128 2862 1173 ut
2890 1118 3130 1173 credatis
3160 1119 3285 1187 quia
3322 1134 3419 1175 vos
3448 1134 3515 1176 ex
3538 1134 3657 1174 om-

385 1210 532 1281 ύμᾶς
561 1212 926 1281 ἐλευθερῶσαι
960 1214 1070 1268 τῶν
1101 1215 1458 1286 ἐπαγομένων
1488 1217 1619 1288 ὑμῖν
1646 1217 1934 1275 κινδύνων.

1810 1235 1934 1275 νων.
2071 1212 2232 1267 uibus
2263 1212 2520 1282 periculis
2545 1210 2964 1266 imminentibus
2994 1210 3149 1266 valeo
3187 1210 3441 1268 liberare.

460 1320 478 1354 ι
528 1304 657 1357 Ἐὰν
692 1304 800 1375 γὰρ
843 1305 917 1378 μὴ
954 1306 1195 1374 ἀπέλθω,
1228 1310 1257 1362 ὁ
1292 1309 1650 1380 Παράκλητος
1682 1309 1784 1364 οὐκ
1810 1310 1967 1363 ἐλεύ-

2137 1304 2301 1359 Vsns.
2336 1305 2392 1362 7.
2434 1322 2453 1355 ι
2488 1303 2544 1358 Si
2582 1303 2725 1358 enim
2776 1319 2885 1359 non
2933 1303 3142 1370 abiero,
3190 1303 3500 1361 Paraclitus
3546 1321 3652 1359 non

384 1410 535 1448 σεται
566 1397 705 1468 πρὸς
736 1398 901 1468 ὑμᾶς.
943 1417 962 1451 ι

943 1417 962 1451 ι
2067 1397 2248 1452 veniet
2278 1400 2345 1451 ad
2378 1411 2494 1451 vos.
2528 1414 2546 1447 ι

463 1486 590 1541 Ἐάν
622 1489 696 1559 μὴ
738 1490 919 1555 πάθω,
956 1490 1057 1544 οὐκ
1091 1491 1349 1565 ἐπιφοιτᾷ
1380 1492 1509 1564 ὑμῖν
1531 1494 1592 1548 τὸ
1616 1494 1844 1566 Πνεῦμα
1863 1533 1877 1560 ,
1902 1496 1964 1548 τὸ

2138 1487 2249 1541 Nisi
2296 1503 2492 1558 passus
2528 1488 2707 1554 fuero,
2763 1502 2868 1542 non
2915 1487 3096 1542 veniet
3140 1488 3194 1542 in
3242 1502 3338 1542 vos
3387 1488 3649 1557 Spiritus,

380 1578 566 1650 πάσης
596 1580 799 1647 δόσεως
822 1582 1038 1655 ἀγαθῆς
1056 1584 1252 1638 αίτιον.
1275 1584 1498 1659 [σκέλει]

1312 1584 1498 1659 Ζωι]
2065 1580 2247 1635 omnis
2277 1580 2403 1635 doui
2435 1580 2563 1636 boni
2594 1580 2943 1651 principium.

453 1709 473 1741 ι
537 1690 649 1745 Καὶ
705 1693 877 1748 ἐλθὼν
925 1696 1132 1760 ἐκεῖνος
1181 1697 1390 1766 ἐλέγξει
1438 1699 1528 1753 τὸν
1577 1700 1781 1773 κόσμον
1831 1700 1961 1772 περὶ

2132 1692 2299 1749 Vens.
2341 1694 2396 1749 8.
2447 1713 2465 1746 ι
2494 1694 2558 1748 Et
2584 1708 2704 1749 cum
2735 1693 2947 1747 venerit
2998 1692 3107 1757 ille,
3146 1701 3334 1763 arguet
3384 1695 3646 1748 mundum

377 1783 672 1856 ἁμαρτίας,
701 1787 799 1840 καὶ
821 1788 950 1859 περὶ
972 1788 1343 1859 δικάιοσύνης.
1371 1791 1466 1843 καὶ
1496 1794 1624 1865 περὶ
1648 1793 1900 1864 κρίσεως.
1933 1813 1951 1845 ι

1699 1793 1900 1856 piceo);
1933 1813 1951 1845 ι
2063 1787 2129 1842 de
2160 1798 2404 1855 peccato,
2438 1788 2585 1842 etde
2612 1786 2844 1856 iustitia,
2877 1795 2929 1840 et
2955 1786 3023 1840 de
3048 1785 3273 1852 judicio.
3312 1806 3330 1838 ι

444 1877 695 1981 Τοσαύτη
724 1881 870 1941 ἐστὶν
898 1882 930 1952 ἡ
952 1882 1183 1953 δύναμις
1202 1883 1303 1953 τῆς
1327 1884 1421 1937 τοῦ
1445 1886 1603 1953 ἁγίου
1636 1887 1776 1940 Πνεύ
1787 1906 1955 1957 ματος
1988 1926 2031 1981 Β

2014 1927 2031 1981 ι
2136 1880 2311 1935 Tanta
2339 1882 2420 1936 vis
2465 1890 2547 1935 est
2579 1881 2873 1935 descensus
2904 1880 3143 1948 Spiritus
3189 1882 3384 1945 sancti,
3428 1890 3484 1933 ut
3514 1889 3645 1935 tunc

370 1968 623 2049 καθόδου,
657 1972 740 2025 ὃτι
774 1972 894 2027 τότε
926 1975 1375 2045 φανερωθήσεται
1403 1978 1437 2048 ἡ
1469 1977 1578 2030 τῶν
1612 1979 1692 2042 είς
1716 1980 1818 2050 ἐμὲ
1851 1998 1951 2033 πε-
1988 1968 2001 1981 ’

2014 1968 2031 1981 ’
2055 1974 2431 2044 appariturum
2465 1972 2537 2028 sit
2563 1988 2753 2027 eorum
2787 1972 2879 2041 qui
2918 1972 2971 2026 in
3010 1986 3096 2026 me
3121 1982 3419 2042 peccarunt
3450 1986 3645 2042 pecca-

368 2061 845 2134 πλημμεληκότων
893 2066 1156 2138 ἁμαρτία.
1206 2067 1362 2121 Ὅσοι
1418 2068 1475 2123 δὲ
1517 2069 1658 2140 μετά
1702 2072 1803 2141 τὴν
1854 2069 1949 2124 τοῦ

2056 2075 2190 2120 tum.
2220 2065 2545 2135 Quicunque
2571 2074 2751 2119 autem
2785 2073 2911 2134 post
2943 2062 3179 2134 Spiritus
3209 2063 3380 2119 sancti
3416 2064 3640 2118 descen-

365 2153 527 2222 ἁγίου
568 2155 888 2226 Πνεύματος
932 2158 1159 2214 κάθοδον
1197 2161 1296 2213 οὐκ
1344 2161 1675 2216 ἐπίστευσαν
1726 2165 1807 2229 είς
1855 2163 1975 2233 τὸν,

2050 2173 2171 2213 sum
2204 2162 2258 2212 in
2283 2158 2561 2213 Christum
2603 2172 2708 2211 non
2758 2156 3132 2223 crediderunt,
3160 2156 3214 2210 in
3254 2158 3493 2225 peccatis
3523 2157 3638 2212 suis

362 2244 633 2313 Χριστὸν,
675 2246 897 2320 ἔμειναν
947 2251 1007 2303 ὲν
1061 2253 1183 2315 ταῖς
1230 2254 1442 2306 ἑαυτῶν
1490 2255 1809 2326 ἁμαρτίαις.
1857 2256 1946 2320 Ὠς

2050 2260 2489 2321 perseverarunt.
2511 2249 2791 2320 Tanquam
2815 2261 3071 2319 peccator
3093 2250 3277 2319 itaque
3300 2249 3636 2303 condemna-

363 2338 685 2406 ἁμαρτωλὸς
735 2335 830 2394 οὖν
860 2342 1286 2414 κατακρίνεται,
1318 2347 1347 2398 ό
1395 2346 1470 2416 μὴ
1516 2346 1815 2410 πιστεύσας
1865 2348 1946 2411 εἰς

2050 2358 2158 2408 tur,
2194 2345 2286 2415 qui
2316 2360 2421 2398 non
2462 2343 2640 2402 credit
2678 2344 2731 2396 in
2758 2342 3039 2397 Christum
3064 2342 3271 2411 peccati
3304 2350 3583 2409 expertem
3618 2358 3632 2397 :

359 2429 522 2484 αὐτὸν
566 2430 657 2485 τὸν
704 2432 1125 2506 ἀναμάρτητον·
1166 2435 1243 2500 ὡς
1285 2436 1547 2507 ἀδόκιμος
1574 2448 1626 2503 ιι,
1660 2439 1688 2492 δ
1728 2440 1803 2511 μὴ
1852 2458 1944 2494 πι-

2048 2444 2303 2505 tanquam
2358 2435 2597 2505 iniquus,
2648 2435 2738 2504 qui
2785 2449 2888 2489 non
2934 2434 3112 2488 credit
3162 2434 3215 2488 iu
3256 2432 3486 2502 justum,
3537 2435 3629 2503 qui

360 2521 593 2584 στεύσας
626 2524 704 2586 είς
731 2525 821 2579 τὸν
846 2525 1079 2590 δίκαιον,
1109 2529 1201 2582 τὸν
1231 2528 1320 2583 διά
1343 2528 1442 2601 τὴν
1471 2531 1817 2603 δικαιοσύνην
1840 2533 1941 2586 αὐ-

2043 2537 2268 2597 propter
2292 2525 2571 2596 justitiam
2591 2540 2745 2581 suam
2776 2525 2830 2579 in
2862 2525 3031 2579 caelos
3062 2525 3331 2591 ascendit,
3373 2534 3427 2579 et
3458 2525 3633 2578 homi-

353 2612 449 2666 τοῦ
480 2614 861 2686 ἀναληφθέντα
889 2620 971 2683 είς
1004 2620 1292 2693 οὐρανοὺς,
1329 2623 1426 2677 καὶ
1463 2623 1647 2695 ἀφανῆ
1678 2626 1940 2697 γεγονότα

2043 2620 2204 2673 nibus
2232 2617 2410 2673 factus
2452 2628 2534 2673 est
2574 2616 3023 2687 inaspectabilis:
3059 2625 3316 2686 tanquam
3360 2630 3548 2695 socors
3573 2627 3629 2671 et

352 2706 466 2768 τοῖς
491 2706 819 2778 ἀνθρώποις·
847 2709 923 2774 ὡς
950 2711 1214 2783 ῥᾴθυμος,
1241 2715 1323 2768 ὅτι
1354 2717 1823 2783 κατακλασθέντος
1842 2718 1937 2772 τοῦ

2042 2714 2213 2783 piger,
2240 2712 2332 2783 qui
2361 2712 2620 2768 Satanam
2652 2711 2732 2767 sic
2769 2712 3067 2767 contritum
3099 2722 3262 2781 atque
3291 2710 3627 2766 confractum

308 2834 331 2865 ,η
354 2798 592 2866 Σατανᾶ,
624 2798 748 2854 οὗτε
779 2802 955 2868 οὕτως
989 2806 1155 2860 αὑτὸν
1185 2808 1463 2881 ἠθέλησαν
1490 2819 1516 2847 ⁸
1549 2812 1791 2883 νικῆσαι.

902 2821 955 2868 υς
989 2806 1155 2860 αὑτὸν
1185 2808 1463 2881 ἠθέλησαν
1490 2819 1516 2847 ⁸
1549 2812 1791 2883 νικῆσαι.
2040 2805 2212 2860 ηοιιιὶι
2246 2820 2533 2877 superare.

426 2929 446 2963 ι
483 2912 620 2984 Περὶ
648 2913 704 2967 δὲ
736 2917 994 2988 κρίσεως,
1025 2920 1107 2973 ὅτι
1130 2921 1157 2974 ὁ
1181 2922 1366 2995 ἄρχων
1389 2925 1484 2979 τοῦ
1512 2926 1721 2998 κόσμου
1742 2929 1930 2985 τούτου

2112 2920 2277 2975 Vens.
2310 2921 2398 2975 ll.
2446 2938 2466 2972 ι
2497 2921 2572 2975 De
2591 2918 2801 2991 judicio
2843 2930 3048 2986 autem,
3083 2917 3210 2990 quia
3236 2917 3492 2990 princeps
3527 2918 3627 2973 liu-

350 3004 619 3077 κέκριται.
663 3026 680 3059 ι

2030 3010 2120 3079 jus
2158 3013 2338 3068 mundi
2365 3011 2477 3080 jam
2502 3011 2777 3079 judicatus
2802 3020 2906 3067 est.
2940 3029 2959 3062 ι

422 3096 737 3168 Κατεκρίθη
783 3097 860 3161 ὡς
887 3098 1221 3167 ἀποκτείνας
1249 3103 1338 3158 διὰ
1369 3105 1479 3161 τῶν
1533 3109 1802 3167 Ἰουδαίων
1839 3130 1931 3167 τον

2103 3103 2512 3158 Condenmatus
2542 3112 2646 3166 est,
2683 3112 2742 3156 ut
2770 3104 2858 3173 qui
2886 3102 3161 3157 Christum
3194 3103 3398 3171 peccati
3424 3117 3620 3173 exper-

348 3186 582 3255 Χριστδν
613 3189 1000 3260 ἀναμάρτητον
1038 3193 1189 3259 ὅντα,
1224 3196 1413 3269 ἐπειδὴ
1454 3205 1931 3276 προφασιζόμενος

2037 3202 2143 3247 tem
2169 3208 2265 3263 per
2288 3191 2505 3248 Judmos
2529 3192 2816 3259 occiderit,
2843 3192 3283 3263 quandoquidem
3308 3194 3621 3247 excusando

346 3276 555 3345 ἔλεγεν,
591 3279 674 3333 ὅτι
709 3280 881 3352 ’Λδάμ
897 3282 957 3335 οὐ
980 3283 1045 3336 δι’
1064 3286 1164 3356 ἐμὲ
1190 3286 1483 3355 ἀπέθανεν,
1508 3292 1624 3345 ἀλλ’
1642 3295 1723 3347 ὅτι
1746 3295 1929 3368 ἦμαρ-
1955 3292 1977 3353 (

1986 3295 1999 3351 ζ
2034 3286 2234 3340 dixerit
2257 3286 2524 3339 Adamum
2562 3301 2668 3339 non
2714 3285 2800 3339 sui
2834 3300 3023 3351 causa,
3074 3286 3167 3340 sed
3195 3285 3321 3354 quia
3355 3301 3617 3353 peccave-

342 3384 454 3423 τεν.
500 3370 721 3443 Ἐπειδὴ
750 3371 809 3425 δὲ
842 3373 982 3442 μετὰ
1007 3374 1069 3426 τὸ
1097 3376 1289 3444 πάθος,
1320 3378 1408 3432 διὰ
1436 3380 1532 3434 τοῦ
1562 3384 1719 3451 ἁγίου
1755 3386 1929 3440 Πνεύ-

2034 3387 2135 3440 rat,
2167 3388 2439 3431 mortuum
2473 3393 2614 3432 esse.
2645 3378 2779 3432 Cum
2816 3389 2997 3433 autem
3033 3388 3151 3448 post
3184 3379 3490 3449 passionem
3523 3397 3617 3449 per

347 3475 517 3529 ματος
538 3460 789 3528 ἐγένοντο
814 3463 869 3515 αἱ
897 3463 1088 3529 ίάσεις,
1112 3466 1203 3520 διά
1223 3468 1326 3522 τῶν
1348 3472 1692 3543 πραγμάτων
1718 3474 1929 3530 δείκνυ-

2031 3465 2292 3536 Spiritum
2325 3472 2580 3521 sanctum
2610 3469 2919 3525 curationes
2947 3469 3099 3524 facta:
3122 3471 3253 3535 sint,
3282 3471 3442 3527 rebus
3474 3471 3608 3541 ipsis

340 3567 434 3603 ται
454 3551 547 3605 τοῦ
573 3552 825 3607 διαϐόλου
853 3555 887 3625 ἡ
917 3555 1237 3622 κατάλυσις.

2027 3557 2334 3613 ostenditur
2361 3558 2633 3613 diabolum
2664 3575 2784 3615 esse
2817 3574 3159 3618 enervatum.

414 3684 435 3717 ι
479 3665 650 3727 Ὅταν
678 3666 736 3721 δὲ
760 3667 890 3742 ἔλθῃ
914 3670 1143 3736 ἐκεῖνος,
1172 3672 1233 3726 τὸ
1263 3674 1488 3748 Πνεῦμα
1517 3677 1619 3749 τῆς
1640 3681 1922 3753 ἀληθείας,

2098 3670 2264 3727 Vens.
2319 3674 2407 3729 l3.
2465 3674 2647 3729 «Cum
2699 3686 2881 3731 autem
2923 3676 3137 3731 venerit
3189 3676 3316 3742 ille,
3373 3675 3618 3746 Spiritus

338 3754 594 3827 ὁδηγήσει
624 3757 768 3829 ὑμᾶς
801 3760 881 3823 είς
915 3761 1095 3815 πᾶσαν
1125 3762 1222 3832 τὴν
1251 3764 1531 3836 ἀλήθειαν.
1574 3789 1593 3821 ι

2027 3767 2295 3835 veritatis,
2324 3768 2538 3823 docebit
2570 3784 2666 3824 vos
2699 3786 2917 3825 onmem
2942 3771 3253 3825 veritatem.
3288 3789 3306 3823 ι

408 3848 579 3911 Ὅταν
598 3851 659 3904 τὸ
678 3851 911 3924 Πνεῦμα
934 3852 1123 3929 διδάξῃ
1146 3857 1312 3927 ὑμᾶς,
1346 3861 1467 3915 τότε
1491 3862 1787 3934 δυνήσεσθε
1810 3868 1921 3922 τῶν

2093 3858 2319 3924 Quando
2363 3858 2601 3931 Spiritus
2647 3878 2742 3917 vos
2784 3863 3021 3927 erudiet,
3070 3873 3198 3921 tunc
3242 3863 3490 3932 poteritis
3537 3863 3605 3914 ah

336 3941 576 4008 νομικῶν
604 3944 910 4015 ἀποστῆναι
941 3948 1151 4015 τύπων,
1181 3953 1276 4005 καὶ
1310 3954 1411 4025 τὴν
1436 3957 1496 4009 ὲν
1528 3958 1799 4030 πνεύματι
1826 3962 1919 4015 καὶ

2024 3954 2231 4007 umbris
2267 3963 2321 4006 et
2352 3953 2537 4023 ﬁguris
2580 3955 2839 4023 legalibus
2874 3957 3169 4021 abstinere,
3203 3965 3367 4025 atque
3404 3956 3456 4010 in
3491 3956 3608 4025 spi-

332 4031 560 4105 ἀληθείᾳ
593 4035 821 4104 ποιῆσαι
850 4038 1127 4111 λατρείαν.

2023 4045 2130 4098 ritu
2161 4059 2225 4099 ac
2250 4046 2482 4100 veritate
2515 4046 2679 4101 Deum
2709 4049 2958 4102 adorare.

408 4141 427 4214 ι
467 4123 714 4214 ῖἘκεῖνος
745 4128 846 4199 ἐμὲ
876 4128 1112 4199 δοξάσει,
1144 4133 1227 4188 ὅτι
1258 4137 1323 4190 ἐκ
1362 4137 1458 4191 τοῦ
1492 4139 1627 4211 ἐμοῦ
1659 4141 1914 4214 λήψεται,

2094 4138 2254 4192 Vens.
2309 4138 2397 4192 14.
2444 4157 2462 4190 ι
2493 4139 2586 4192 lllc
2639 4155 2724 4193 me
2771 4138 3088 4199 clariﬁcabit
3131 4159 3146 4198 ε
3189 4143 3315 4213 quia
3364 4143 3431 4197 de
3479 4156 3600 4197 meo

330 4211 426 4265 καὶ
454 4213 746 4283 ἀναγγελεῖ
773 4217 919 4288 ὑμῖν.
966 4240 986 4272 ι
1713 4211 1752 4214 Π
1900 4211 1904 4212 7

1713 4211 1752 4214 Π
1900 4211 1904 4212 ί
2015 4230 2267 4299 accipiet,
2298 4241 2351 4285 et
2373 4232 2721 4285 auttuntiabit
2751 4232 2927 4287 vobis.
2962 4251 2980 4284 ι

399 4325 475 4417 Τδ
509 4327 733 4399 Πνεῦμα
764 4328 1007 4385 διδάσκει
1054 4334 1184 4398 τοὺς
1225 4336 1551 4409 ἀνθρώπους
1582 4341 1651 4397 τὰ
1685 4344 1783 4415 τῆς
1815 4347 1911 4401 τοῦ

2083 4343 2326 4409 Spiritus
2350 4344 2507 4399 docet
2538 4346 2784 4401 homines
2812 4361 2872 4401 ea
2911 4362 3031 4417 qua:
3061 4348 3127 4404 ad
3160 4349 3499 4404 divinitatum
3532 4367 3596 4406 at:

328 4416 466 4511 βερῦ
512 4419 765 4491 θεότητος
814 4424 909 4511 καὶ
961 4423 1159 4495 δόξης,
1196 4428 1291 4482 καὶ
1342 4430 1444 4500 τῆς
1494 4434 1635 4504 πρὸς
1686 4438 1910 4510 Πατέρα

2013 4438 2245 4508 gloriam
2283 4438 2399 4506 Dei,
2428 4449 2483 4494 et
2514 4443 2581 4494 ad
2622 4438 2799 4494 Patris
2841 4441 3204 4509 aequalitatem
3235 4452 3504 4511 spectant.
3543 4442 3598 4498 id

331 4509 597 4578 ἰσότητος,
621 4511 742 4565 ἀντὶ
772 4510 892 4580 τοῦ,
919 4514 1143 4585 Συνῳδά
1166 4534 1256 4587 μοι
1284 4518 1459 4577 λαλεῖ.
1491 4524 1567 4578 Οὐ
1597 4525 1706 4596 γάρ
1732 4509 1908 4594 ἐνδεὲς

2009 4540 2111 4596 est,
2164 4532 2434 4587 consentit
2488 4546 2722 4586 mecum.
2769 4531 2979 4588 Nullius
3034 4534 3177 4587 enim
3232 4536 3442 4604 indigus
3487 4547 3586 4596 est.

324 4600 653 4695 τὸλΠνεῦμαο
682 4603 1051 4695 ίδιοσύστατον
1070 4608 1179 4680 γάρ
1200 4609 1259 4663 ὂν
1286 4611 1360 4676 ὡς
1387 4613 1673 4684 ὁμοούσιον
1694 4620 1906 4692 Πατρός
1939 4639 1955 4694 ι

1958 4640 1981 4693 )
2012 4640 2133 4679 cum
2178 4640 2272 4695 per
2299 4640 2357 4679 se
2390 4626 2678 4690 subsistat,
2707 4635 2762 4679 et
2790 4626 3029 4695 ejusdem
3065 4626 3137 4680 sit
3164 4642 3285 4682 cum
3314 4600 3472 4682 Patre
3499 4626 3589 4681 Εἰ-

322 4693 417 4746 καὶ
452 4694 618 4760 Υῐοῦ,
655 4695 833 4751 πάντα
859 4692 970 4753 οἶδε
1005 4700 1101 4755 καὶ
1145 4703 1321 4773 ίσχύει
1348 4705 1442 4760 ἀφ’
1472 4709 1668 4767 ἑαυτοῦ
1700 4717 1900 4772 ποιεῖν.
1942 4692 1953 4694 ξ

2010 4715 2195 4785 lioque
2236 4718 2583 4781 substantiae,
2629 4727 2791 4784 atque
2824 4718 3005 4772 omnia
3039 4732 3135 4786 per
3174 4732 3233 4799 se
3263 4719 3365 4773 scit
3400 4733 3464 4772 ac
3494 4734 3588 4787 po-

2006 4818 2112 4863 test
2144 4807 2349 4862 facere.

396 4893 414 4924 ι
450 4873 695 4945 Μικρὸν,
730 4876 824 4931 καὶ
853 4877 914 4931 ού
950 4877 1209 4951 θεωρεῖτέ
1245 4900 1333 4953 με.
1378 4903 1396 4936 ι

2080 4900 2245 4953 Vens.
2277 4898 2366 4953 16.
2411 4914 2429 4949 ι
2464 4898 2754 4964 Modicum,
2789 4900 2975 4969 etjam
3006 4912 3113 4954 non
3144 4899 3396 4959 videbitis
3422 4916 3525 4956 mc.
3560 4921 3586 4954 ι

392 4966 507 5063 Τίνα
542 4966 617 5036 μὴ
641 4966 859 5063 λυπήσῃ
878 4971 1005 5035 τοὺς
1028 4972 1299 5045 μαθητάς,
1322 4977 1424 5041 οὐκ
1446 4972 1621 5045 εἶπεν,
1642 4981 1723 5034 ὄτι
1740 4982 1901 5036 ’Λπο-
2014 5058 2021 5063 .

2014 5058 2021 5063 η
2081 4989 2159 5046 Ne
2187 4988 2482 5058 discipulos
2507 4966 2877 5056 contristarct,
2897 5006 3001 5046 non
3020 4990 3192 5047 dixit:
3224 4990 3443 5058 Morior,
3464 4996 3582 5060 sed,

321 5057 557 5128 θνήσκω,
588 5058 743 5124 ἀλλὰ,
774 5063 857 5115 Οὐ
890 5064 1158 5131 θεωρεῖτέ
1186 5083 1283 5136 με.

900 5064 1158 5131 θεωρεῖτέ
1186 5083 1283 5136 με.
2005 5058 2129 5137 Non
2163 5057 2405 5137 videbitis
2432 5098 2531 5136 me.

395 5167 414 5246 ι
450 5147 622 5246 Τοῦτο
658 5147 709 5201 τί
735 5150 885 5205 ἐστιν
912 5152 940 5206 ὂ
976 5152 1124 5223 λέγει
1152 5157 1236 5224 τὸ,
1272 5158 1522 5232 Μικρόν;
1559 5162 1660 5217 ούκ
1679 5164 1897 5237 οἴδαμεν

2079 5175 2240 5231 Vens.
2278 5174 2367 5229 18.
2416 5194 2435 5227 ι
2467 5173 2605 5241 Quid
2640 5183 2726 5229 est
2765 5175 2889 5243 hoc,
2915 5178 3058 5246 quod
3087 5178 3239 5243 dicit,
3270 5177 3582 5235 Modicum?

312 5239 366 5293 τί
397 5238 567 5293 λαλεῖ.
611 5258 629 5291 ι

2000 5265 2273 5319 nescimus
2303 5263 2431 5333 quid
2465 5238 2725 5332 loquitur.
2764 5283 2781 5316 ι

395 5332 531 5386 Ὑπὸ
582 5334 685 5404 τῆς
723 5336 898 5405 λύπης
944 5336 1043 5389 οὐκ
1093 5338 1296 5407 ἐνόουν,
1337 5343 1432 5397 καλ⁹
1457 5346 1539 5399 ὅτι
1585 5348 1684 5418 μὲν
1728 5350 1895 5423 ἀπῄει

2070 5357 2188 5413 Pra:
2215 5332 2362 5413 luctu
2398 5372 2507 5411 non
2540 5356 2934 5428 intelligebant.
2962 5359 3028 5413 Et
3062 5359 3320 5429 quoniam
3352 5362 3573 5430 quidem

311 5422 541 5493 ᾔδεσαν,
576 5426 693 5489 πῶς
727 5427 783 5480 δὲ
825 5426 943 5497 ἥξει
968 5428 1073 5481 οὐκ
1103 5429 1323 5501 ᾔδεσαν.
1363 5435 1619 5505 Ἠγνόουν
1649 5442 1756 5513 γάρ

1994 5452 2171 5508 abiret
2203 5462 2486 5517 noverant,
2519 5453 2792 5521 quomodo
2823 5467 2953 5507 vero
2994 5453 3196 5508 rediret
3224 5454 3570 5525 ignorabant.

310 5516 607 5571 ἀνάστασιν
642 5520 746 5591 πρὸ
775 5520 875 5590 τῆς
904 5520 1205 5588 ἐκϐάσεως.

1991 5542 2315 5600 Nesciebant
2353 5544 2496 5599 enim
2532 5543 2824 5615 quidquam
2873 5544 2937 5600 (lc
2988 5547 3384 5601 resurrectione
3421 5558 3567 5601 antc-

545 5700 568 5709 -
677 5702 689 5714 ,
994 5702 1004 5717 ,
1134 5703 1149 5717 η
1197 5706 1209 5717 ,
1243 5708 1279 5717 η
1990 5654 2149 5707 quam
2180 5640 2539 5709 contingeret.

383 5715 400 5747 ι
456 5700 640 5754 Ταῦτα
674 5702 731 5754 ἐν
772 5702 1096 5774 παροιμίαις
1134 5703 1405 5782 λελάληκα
1449 5716 1594 5788 ὑμῖν,
1627 5723 1885 5795 νεργεται
2009 5700 2014 5707 Ι

2062 5729 2230 5783 Vsss.
2262 5729 2352 5785 9-5.
2400 5748 2418 5783 ι
2456 5730 2579 5787 llaec
2632 5734 2681 5785 in
2718 5734 3019 5802 proverbiis
3051 5733 3263 5790 locutus
3306 5750 3423 5791 sum
3471 5749 3560 5790 νου

374 5886 399 5914 η
428 5877 519 5933 (1r.
555 5878 757 5943 ἄδικος.
837 5898 856 5919 θ
888 5883 977 5937 (Ir.
1010 5884 1261 5955 ἠθέλησε.
