4130 6556
512 398 535 463 1
547 399 647 463 499

1656 394 1995 455 AMMONII
2039 397 2571 459 ALEXANDRINI

3582 371 3593 380 '
3662 382 3814 452 1590

509 519 614 572 bis.
658 513 825 570 Venit
854 513 1009 579 liora,
1041 525 1164 567 cum
1202 510 1313 580 jam
1348 526 1456 564 non
1501 510 1553 564 in
1591 509 1896 580 proverbiis
1923 513 2109 583 loquar

2214 512 2351 585 ὥρα,
2382 515 2473 568 ὅτε
2514 512 2703 567 οὐκέτι
2742 512 2801 564 ἐν
2854 504 3180 580 παροιμίαις
3218 503 3444 576 λαλήσω
3485 502 3636 574 ὑμῖν,
3673 502 3828 556 ἀλλὰ

516 608 690 674 vobis,
717 606 810 660 sed
838 603 1015 673 palam
1044 603 1111 656 de
1137 600 1301 656 Patre
1325 603 1661 675 annuutiabo
1691 604 1866 657 vobis.
1904 622 1924 655 ι

582 697 740 753 Sicut
761 698 814 750 in
849 693 1155 764 proverbiis
1184 703 1235 748 et
1277 707 1373 763 per
1404 696 1967 749 accommodationem
1993 696 2133 750 hch-

511 791 645 845 dicit
684 789 971 851 Christus,
1019 799 1124 840 non
1170 786 1317 840 enim
1371 795 1599 856 possunt
1636 788 1703 841 ad
1753 789 1975 842 verbum
2012 803 2109 842 ac-

510 882 617 950 cipi
653 898 667 935 :
700 880 789 934 ille
828 877 965 946 petit
1006 887 1064 930 et
1102 877 1302 946 accipit
1333 876 1596 945 quiutilia
1623 880 1691 932 ad
1715 877 2104 949 perfectionem

513 973 708 1026 aniaum
753 976 911 1038 pi-tit.
1141 1027 1146 1032 ,

582 1063 718 1118 Cum
764 1063 1072 1129 creveritis,
1118 1072 1247 1118 tunc
1291 1062 1519 1125 gloriam
1554 1060 1734 1114 Patris
1764 1060 1917 1114 vobis
1962 1075 2102 1115 reve-

516 1156 685 1210 labo:
725 1161 846 1223 post
894 1155 1348 1210 resurrectionem
1382 1154 1529 1208 clare
1572 1154 1727 1207 vobis
1773 1153 1953 1207 dicam
1984 1169 2106 1223 quae

514 1254 643 1299 sunt
671 1244 870 1298 Patris.
903 1244 976 1298 De
1000 1259 1237 1314 quanam
1270 1246 1401 1298 liora
1426 1243 1557 1297 dicit
1591 1262 1604 1297 :
1649 1242 1798 1297 Venit
1824 1245 1960 1297 liora
1985 1261 2105 1297 cum

510 1335 622 1405 jam
663 1353 767 1391 nou
814 1337 869 1389 in
902 1337 1190 1403 proverbiis
1234 1335 1426 1405 loquar
1452 1335 1615 1399 vobis,
1661 1344 1805 1400 clc.;
1847 1337 1912 1390 de
1966 1345 2099 1390 tem-

516 1444 650 1499 pore
688 1428 1111 1483 resurrectionis
1138 1427 1293 1483 dicit.
1342 1426 1476 1481 Nam
1521 1427 1878 1497 quadraginta
1916 1428 2107 1483 diebus

504 1520 843 1576 'versabalur
883 1520 1319 1589 loquebaturque
1348 1535 1473 1574 cum
1511 1520 1641 1586 illis,
1680 1530 2105 1575 cenveseeus'et

506 1629 794 1684 exponens
822 1629 885 1670 ea
913 1628 1031 1684 quae
1054 1614 1121 1668 ad
1148 1629 1375 1683 regnum
1407 1612 1499 1668 Dei
1530 1614 1825 1682 pertinent.
1855 1613 2104 1680 Quando.

520 1708 718 1777 inquit,
757 1717 935 1762 vestra
969 1711 1034 1762 de
1066 1721 1152 1761 me
1188 1706 1324 1762 ﬁdes
1359 1707 1570 1762 ﬁrmior
1600 1709 1725 1773 erit,
1760 1707 1886 1762 Non
1915 1708 2107 1779 rogabo

524 1801 741 1855 Patrem
769 1816 864 1869 pro
912 1799 1093 1864 vobis;
1134 1799 1246 1868 ipse
1278 1799 1415 1852 enim
1445 1798 1609 1854 Pater
1633 1800 1807 1871 diligit
1854 1816 1965 1866 vos,
1996 1809 2104 1853 etc.

2212 606 2498 679 παρρησίᾳ
2533 605 2662 677 περὶ
2692 602 2789 658 τοῦ
2820 600 3039 676 ματρὸς
3068 596 3355 667 ἁναγγελῶ
3383 597 3534 666 ὑμῖν.
3570 614 3590 648 ι

2296 698 2387 761 Ὠς
2414 698 2524 769 γὰρ
2555 700 2613 751 ὲν
2646 694 2971 767 παροιμίαις
3004 690 3154 744 λαλεῖ
3184 689 3355 742 ταῦτα
3389 691 3416 742 ὁ
3444 689 3704 757 Χριστὸς,
3732 688 3823 749 ὡς

2212 790 2569 860 παρακατιὼν
2595 789 2776 857 λέγει·
2826 788 2887 840 οὐ
2924 785 3032 856 γὰρ
3061 784 3286 838 δύναται
3310 780 3455 835 κατὰ
3484 780 3545 834 τὸ
3571 782 3820 853 γράμμα

2210 882 2479 935 νοεῖσθαι·
2506 882 2712 944 ἐκεῖνος
2737 881 2792 934 δὲ
2819 880 2961 932 αἰτεῖ
2986 878 3081 931 καὶ
3110 874 3382 942 λαμϐάνει
3406 876 3433 926 ὁ
3460 873 3527 926 τὰ
3549 873 3823 943 λυσιτελῆ

2209 974 2377 1027 αἰτῶν
2411 974 2549 1043 πρὸς
2580 972 2861 1043 βελτίωσιν
2894 969 3095 1040 ψυχῆς.
3129 968 3354 1041 [Cum]

2214 1096 2217 1101 α
2283 1066 2454 1120 Ὅταν
2485 1064 2823 1135 προκὸψητε,
2856 1064 2978 1117 τότε
3012 1060 3390 1115 ἀποκαλύπτω
3417 1059 3546 1129 ὑμῖν
3580 1060 3677 1129 τὴν
3713 1056 3815 1112 τοῦ

2212 1158 2425 1229 Πατρδς
2453 1158 2633 1223 δόξαν·
2673 1155 2814 1225 μετὰ
2842 1155 2941 1226 τὴν
2974 1154 3274 1209 ἀνάστασιν
3306 1150 3494 1220 σαφῶς
3528 1152 3662 1220 ὑμῖν
3694 1150 3817 1220 ἐρῶ

2207 1254 2277 1306 τὰ
2302 1256 2315 1274 ”
2348 1253 2480 1321 περὶ
2514 1249 2610 1302 τοῦ
2655 1248 2891 1319 Πατρός.
2932 1246 3068 1317 Περὶ
3101 1245 3260 1309 ποίας
3301 1244 3453 1317 ὠρας
3507 1243 3679 1312 λέγει,
3725 1244 3817 1296 ὅτι

2214 1346 2494 1414 Ἔρχεται
2522 1342 2663 1412 ὥρα,
2698 1341 2796 1395 ὅτε
2829 1338 3033 1394 οὐκέτι
3069 1339 3139 1393 ἐν
3171 1339 3514 1406 παροιμίαις
3553 1334 3817 1401 λαλήσω

2207 1437 2371 1508 ὑμῖν,
2391 1438 2484 1491 καὶ
2506 1436 2575 1489 τὰ
2595 1433 2721 1503 έξῆς
2738 1434 2873 1499 ;Τὸν
2896 1434 2998 1504 τῆς
3019 1433 3374 1494 ἀναστάσεως
3393 1428 3561 1483 αὐτοῦ
3589 1429 3816 1499 χρόνον·

2210 1532 2304 1585 καὶ
2331 1530 2440 1601 γὰρ
2468 1529 2561 1582 ἐπὶ
2593 1528 3009 1599 τεσσαράκοντα
3045 1526 3262 1597 ἡμέρας
3298 1525 3395 1578 σὺν
3440 1524 3626 1586 αὐτοῖς
3648 1522 3684 1542 ⁶⁶
3733 1522 3820 1575 δι-

2212 1622 2428 1692 ελέχθη,
2463 1619 2919 1689 συναυλιζόμενος
2946 1619 3040 1673 καὶ
3062 1618 3238 1685 λέγων
3259 1616 3329 1670 τὰ
3356 1615 3484 1686 περὶ
3514 1614 3617 1685 τῆς
3649 1613 3814 1684 βασι-

2210 1715 2359 1779 λείας
2400 1714 2492 1768 τοῦ
2519 1711 2654 1767 Θεοῦ
2687 1713 2823 1783 (ιι).
2859 1713 2969 1764 Καὶ
2998 1711 3188 1781 ἐπειδὴ
3214 1750 3228 1772 ,
3257 1709 3391 1781 φησι
3416 1750 3431 1774 ,
3462 1708 3563 1777 τὴν
3592 1710 3673 1770 εἰς
3706 1706 3814 1775 ἐμὲ

2211 1806 2395 1861 πίστιν
2438 1804 2667 1875 βεῆαίαν
2721 1804 2872 1870 ἕξετε
2896 1841 2911 1865 ,
2947 1805 3069 1855 Οὐκ
3102 1799 3382 1868 ἐρωτήσω
3431 1798 3538 1851 τὸν
3577 1796 3815 1864 Πατέρα

520 1894 728 1949 Sufﬁcit
760 1904 939 1948 vestra
985 1893 1039 1947 in
1091 1907 1174 1947 me
1205 1892 1526 1953 dilectioIad
1558 1892 1945 1961 patrocinium.
1974 1890 2109 1946 Cum

2217 1896 2351 1965 περὶ
2380 1893 2565 1964 ὑμῶν·
2595 1893 2779 1959 αὐτὸς
2805 1892 2915 1962 γὰρ
2937 1895 2969 1945 ὀ
2994 1890 3198 1958 Πατὴρ
3227 1888 3392 1958 φιλεῖ
3411 1886 3589 1957 ὑμᾶς,
3615 1888 3711 1940 καὶ
3744 1888 3816 1939 τὰ

524 2000 710 2043 autem
746 2004 854 2042 non
887 2003 1078 2057 parum
1128 2001 1225 2041 eos
1274 1984 1649 2041 consolaretur
1682 1986 1825 2054 quod
1861 1984 2111 2039 audirent

522 2082 670 2135 illum
709 2098 741 2134 a
793 2079 950 2134 Patre
991 2080 1211 2135 exivisse
1259 2089 1305 2133 et
1342 2079 1526 2132 eodem
1560 2079 1753 2145 redire,
1793 2078 2110 2148 frequenter

521 2175 613 2229 illa
646 2183 858 2229 versat.
895 2171 1011 2226 Hoc
1055 2173 1290 2227 maxime
1329 2172 1435 2226 illis
1485 2172 1680 2225 bonam
1715 2185 1863 2239 spem
1895 2169 2107 2234 indidit,

520 2265 664 2335 quod
697 2265 947 2318 audirent
969 2263 1180 2318 futuros
1209 2278 1267 2327 se
1293 2261 1441 2317 Patri
1473 2263 1701 2343 amicos.
1728 2261 1853 2318 Ideo
1884 2264 2107 2318 dicunt:

530 2353 684 2408 Nunc
726 2355 921 2409 scimus
970 2355 1095 2424 quia
1143 2352 1280 2407 nosti
1313 2354 1515 2416 omnia,
1562 2366 1608 2406 et
1660 2370 1692 2406 a
1740 2352 1848 2406 Deo
1899 2353 2057 2406 existi
2089 2367 2110 2408 ε

521 2448 674 2515 quasi
706 2448 951 2502 dicerent
982 2463 995 2497 :
1028 2448 1335 2514 Antequam
1384 2445 1598 2509 audias,
1647 2445 1797 2499 vides
1853 2454 1914 2500 ut
1968 2445 2111 2500 Dens

448 2554 465 2561 -
520 2540 649 2608 quid
702 2554 801 2594 nos
849 2538 1128 2608 perturbet
1175 2548 1230 2593 et
1290 2553 1388 2592 nos
1426 2537 1709 2593 recreasti.
1756 2537 1890 2591 Tam
1948 2538 2110 2592 rudes

522 2633 700 2688 adlme
743 2643 919 2689 erant.
967 2630 1033 2686 Et
1066 2646 1191 2686 cum
1229 2646 1326 2684 ceu
1366 2630 1571 2698 gratias
1618 2638 1843 2700 agentes
1880 2630 1996 2685 haec
2027 2631 2110 2685 di-

522 2740 647 2778 cere
681 2724 1018 2787 viderentur,
1063 2723 1139 2777 ait
1173 2723 1317 2778 illis:
1347 2721 1508 2776 Modo
1534 2723 1782 2797 creditis?
1814 2720 1950 2776 Ecce
1974 2725 2109 2778 venit

522 2819 654 2872 liora
705 2829 756 2871 et
805 2834 941 2870 nunc
990 2826 1089 2878 est,
1144 2828 1198 2869 ut
1237 2816 1615 2885 dispergamiui
1658 2819 2015 2887 unusquisque
2058 2821 2111 2870 iu

521 2910 738 2978 propria
774 2920 820 2962 et
863 2925 944 2962 me
984 2907 1152 2961 solum
1189 2906 1525 2975 relinquatis,
1559 2917 1663 2960 etc.
1699 2906 1834 2960 Cum
1870 2908 2113 2962 dicerent

524 3001 684 3054 Nunc
718 3002 938 3060 scimus.
960 3000 1201 3054 ostendit
1236 3000 1370 3055 nihil
1393 3001 1568 3054 adlme
1602 3001 1669 3052 ab
1701 2999 1806 3054 illis
1838 3016 1957 3055 esse
1987 3016 2110 3069 per-

523 3094 749 3146 fectum.
792 3090 949 3147 Nune
976 3092 1144 3161 igitur
1169 3107 1253 3145 me
1279 3092 1514 3146 inimicis
1545 3091 1790 3159 tradetis,
1823 3092 2023 3162 inquit,
2058 3104 2113 3148 et

526 3194 674 3237 tanta
707 3200 803 3238 vos
855 3184 1075 3237 invadet
1108 3183 1365 3250 formido,
1409 3195 1467 3238 ut
1497 3198 1676 3254 neque
1718 3185 1878 3239 simul
1921 3186 2111 3239 absce-

2216 1987 2365 2056 ἑξῆς·
2395 1986 2558 2057 ἀρκεῖ
2584 1985 2692 2056 γὰρ
2722 1986 2755 2056 ἡ
2788 1985 2867 2047 εἱς
2896 1983 2997 2054 ἐμὲ
3028 1982 3222 2053 ἀγάπη
3257 1980 3393 2052 πρὸς
3421 1981 3521 2051 τὴν
3553 1977 3813 2049 ὑμῶν⁶“·

2215 2080 2310 2135 καὶ
2346 2075 2538 2149 ἐπειδὴ
2592 2077 2690 2147 οὐχ
2734 2077 2810 2141 ὡς
2864 2076 3054 2147 ἔτυχεν
3100 2075 3299 2137 αὐτοὺς
3339 2072 3713 2145 παρεμυθεῖτο
3755 2070 3818 2122 τὸ

2194 2169 2457 2235 ἀκούειν,
2500 2171 2580 2222 ὅτι
2614 2167 2779 2235 Παρὰ
2810 2167 2958 2221 Θεοῦ
2986 2165 3253 2234 ἐξῆλθον
3274 2163 3375 2217 καὶ
3411 2162 3542 2217 ἐκεῖ
3568 2160 3779 2231 ὑπάγω
3802 2200 3820 2223 ,

2216 2263 2457 2334 συνεχῶς
2488 2262 2621 2315 αὐτὸ
2656 2262 3051 2332 περιστρέφει·
3086 2259 3209 2313 ὅθεν
3248 2256 3406 2312 τοῦτο
3440 2256 3814 2319 ἀκούσαντες,

2214 2359 2308 2411 καὶ
2335 2358 2417 2410 ὅτι
2441 2355 2520 2426 τῷ
2551 2357 2728 2425 Πατρὶ
2759 2355 2976 2407 ἔσονται
3006 2353 3174 2422 φίλοι,
3201 2351 3408 2422 σφόδρα
3441 2350 3813 2403 ἀνέπνευσαν·

2211 2449 2293 2502 διὸ
2329 2449 2421 2502 καὶ
2451 2443 2635 2500 εἷπον·
2673 2446 2803 2501 Νῦν
2831 2446 3084 2513 οἴδαμεν
3119 2444 3208 2497 ὅτι
3247 2443 3414 2510 οἶδας
3451 2440 3673 2503 πάντα,
3711 2439 3815 2493 καὶ

2213 2542 2301 2595 ὅτι
2334 2541 2452 2595 ἀπὸ
2487 2539 2637 2595 Θεοῦ
2670 2538 2957 2608 ἐξῆλθες·
2993 2539 3021 2591 ὃ
3050 2538 3107 2591 δὲ
3152 2538 3375 2605 λέγουσι
3401 2534 3610 2596 ,οτοῦτό
3658 2535 3811 2586 ἐστι·

2216 2635 2354 2706 Πρὶν
2382 2634 2413 2706 ἦ
2443 2633 2677 2689 ἀκοῦσαί
2712 2651 2791 2699 σε,
2825 2629 2965 2696 εἶδες
2992 2631 3060 2685 τὰ
3098 2629 3521 2695 σκανδαλίζοντα
3557 2629 3708 2705 ἡμᾶς
3737 2626 3817 2688 ὠς

2214 2724 2382 2789 Θεὸς,
2417 2725 2515 2778 καὶ
2562 2725 2881 2787 ἁνέπαυσας
2922 2724 3070 2793 ἡμᾶς
3123 2723 3204 2786 εἰς
3237 2721 3436 2775 ταῦτα.
3479 2718 3673 2782 Οὕτως
3730 2719 3816 2770 ἔτι

2215 2814 2422 2878 ἀτελῶς
2453 2815 2626 2885 εἶχον,
2663 2815 2757 2868 καὶ
2793 2815 2982 2885 ἐπειδὴ
3022 2813 3243 2867 ἐδόκουν
3274 2812 3464 2882 ὥσπερ
3491 2810 3610 2865 τινὰ
3647 2812 3817 2881 χάριν

2215 2906 2364 2978 αὐτῷ
2402 2907 2765 2979 προσέχοντες
2801 2907 2983 2976 λέγειν
3015 2906 3210 2969 ταῦτα,
3245 2905 3379 2976 φησὶ
3414 2904 3553 2976 πρὸς
3576 2902 3809 2966 αὐτούς·

2218 3002 2374 3069 Ἄρτι
2401 3000 2751 3065 πιστεύετε;
2776 2999 2907 3053 ἰδοὺ
2929 2999 3167 3069 ἔρχεται
3185 2997 3327 3065 ὥρα,
3352 2998 3449 3050 καὶ
3475 2996 3592 3050 νῦν
3610 2996 3815 3059 ἔστιν,

2214 3094 2316 3147 ἵνα
2342 3091 2756 3161 σκορπισθῆτε
2776 3092 3036 3157 ἕκαστος
3064 3094 3150 3157 εις
3172 3093 3244 3144 τὰ
3274 3091 3416 3153 ἴδια,
3444 3087 3541 3143 καὶ
3569 3088 3676 3158 ἐμὲ
3700 3090 3813 3157 μό-

2216 3203 2329 3240 νον
2357 3185 2583 3255 ἀφῆτε,
2615 3185 2712 3239 καὶ
2739 3184 2808 3238 τὰ
2859 3184 3009 3256 ἑξῆς.
3060 3184 3283 3253 Ἐπειδὴ
3314 3184 3423 3254 γὰρ
3457 3178 3647 3249 εἷπον,
3679 3181 3817 3235 Νῦν

522 3277 652 3330 dere
689 3276 927 3345 possitis.
963 3276 1069 3331 Sed
1100 3275 1234 3331 nihil
1266 3243 1391 3329 hinc
1422 3291 1522 3348 ego
1550 3243 1732 3330 damni
1766 3278 1963 3347 patior.
1998 3276 2109 3331 Pu-

2214 3279 2510 3348 ἔγνωμεν,
2537 3279 2810 3332 δείκνυσιν
2845 3279 2927 3331 ὃτι
2957 3276 3111 3330 οὐδὲν
3155 3276 3369 3330 οὐδέπω
3412 3272 3814 3345 κατώρθωσαν.

522 3370 778 3422 ιετνοιιίιιι
812 3385 1016 3422 mecum
1069 3380 1182 3435 est;
1230 3368 1360 3423 illud
1394 3379 1615 3438 propter
1654 3384 1746 3424 eos
1791 3371 1984 3425 iterum
2021 3389 2109 3442 pu-

522 3463 649 3516 suit.
677 3460 793 3515 lloc
824 3461 970 3516 enim
1006 3462 1217 3517 discere
1250 3477 1468 3531 semper
1501 3463 1708 3517 volunt.
1744 3463 1894 3530 Quod
1931 3476 2110 3520 autem

523 3554 701 3607 dixit:
738 3552 867 3607 llam
892 3553 1099 3608 locutus
1141 3572 1256 3608 sum
1304 3555 1467 3619 vobis,
1499 3566 1552 3609 ut
1585 3557 1639 3609 iu
1680 3572 1759 3610 me
1801 3572 1984 3624 pacem
2015 3558 2111 3610 lm-

525 3645 713 3711 beatis,
772 3648 823 3700 id
877 3658 959 3702 est
1008 3659 1067 3702 ut
1123 3664 1228 3702 non
1251 3649 1521 3715 excidam,
1559 3650 1752 3720 inquit,
1803 3665 1871 3705 ex
1928 3651 2111 3707 animo

525 3748 727 3805 vestro,
763 3739 859 3793 sed
891 3755 975 3794 me
1009 3742 1179 3810 magis
1218 3741 1516 3810 recipiatis.

2219 3371 2537 3442 Προδὼσετε
2578 3372 2687 3442 γάρ
2720 3388 2788 3442 με
2817 3373 2931 3433 τοῖς
2974 3370 3212 3441 ἐχθροῖς,
3248 3367 3403 3439 φησι,
3440 3368 3537 3421 καὶ
3582 3365 3816 3420 τοσοῦτο

2220 3464 2377 3535 ὑμῶν
2412 3464 2680 3537 κρατήσει
2716 3464 2900 3533 φόϐος,
2936 3462 3012 3525 ὼς
3055 3461 3190 3533 μηδὲ
3224 3461 3343 3532 μετ’
3370 3459 3618 3530 ἀλλήλων
3648 3459 3816 3528 δυνη-

2219 3556 2378 3627 θῆναι
2408 3554 2788 3627 ἀναχωρῆσαι,
2814 3553 2933 3607 ἀλλ’
2956 3553 3110 3606 οὐδὲν
3134 3553 3196 3604 έκ
3224 3551 3414 3604 τούτου
3437 3550 3593 3604 πάθω
3611 3549 3813 3604 δεινόν.

2231 3647 2293 3702 Ὀ
2323 3647 2431 3719 γὰρ
2473 3648 2677 3717 Πατὴρ
2703 3648 2829 3719 μετ’
2868 3645 3017 3716 ἐμοῦ
3044 3646 3196 3710 ἐστι,
3229 3646 3325 3698 καὶ
3352 3643 3511 3698 τοῦτο
3557 3643 3615 3698 δὲ
3646 3641 3819 3696 πάλιν

2214 3743 2280 3796 δι’
2305 3743 2504 3807 αὐτοὺς
2529 3742 2766 3796 τέθεικε·
2798 3740 2958 3794 τοῦτο
2988 3742 3099 3810 γὰρ
3144 3740 3257 3795 ἄνω
3286 3740 3381 3791 καὶ
3417 3737 3569 3791 κάτω
3592 3736 3818 3806 βούλον-

522 3848 612 3883 ται
648 3832 860 3900 μαθεῖν.
895 3833 1074 3904 Ὅπερ
1116 3834 1173 3886 δὲ
1217 3829 1391 3899 εἶπεν,
1440 3836 1570 3889 "Ott
1645 3836 1961 3905 λελάληκα
1999 3837 2143 3908 ὑμῖν
2179 3838 2281 3892 ἵνα
2325 3838 2396 3891 ἐν
2432 3836 2563 3907 ἐμοὶ
2606 3835 2859 3905 εἰρήνην
2926 3834 3131 3905 ἔχητε,
3184 3831 3345 3886 τοῦτό
3376 3834 3544 3899 ἐστιν,
3586 3830 3703 3885 Ἵνα
3737 3829 3818 3901 μὴ

524 3924 794 3996 ὲκϐάλητέ
850 3944 937 3997 με,
974 3928 1159 3999 φησὶν,
1198 3929 1307 3982 ἀπὸ
1338 3930 1440 4000 τῆς
1472 3932 1712 3996 διανοίας
1746 3934 1925 4004 ὑμῶν,
1974 3934 2110 3989 ἀλλὰ
2152 3932 2536 4007 παραδέξησθε
2565 3934 2649 3955 ““
2678 3932 2770 3985 ἐπὶ
2798 3931 3005 3985 πλεῖον.
3038 3926 3274 4003 [Clum]

598 4017 826 4089 Propter
859 4021 1147 4075 ruditatem
1174 4037 1361 4076 eorum
1395 4024 1627 4080 obscure
1672 4026 1930 4095 loquitur.
1970 4028 2107 4081 Pro-

527 4110 771 4164 verbium
819 4122 998 4167 autem
1056 4124 1211 4167 vocat
1246 4114 1539 4172 obseurqu
1577 4133 1886 4174 sermOnem
1932 4130 1989 4175 et
2024 4121 2108 4175 iu-

527 4201 791 4256 volutum.

608 4291 770 4346 Vens.
799 4293 888 4347 26.
938 4312 956 4344 ι
986 4294 1045 4348 In
1098 4293 1191 4348 illo
1237 4295 1324 4352 die
1368 4296 1419 4351 in
1457 4300 1676 4353 nomine
1714 4317 1836 4356 meo
1869 4304 2063 4371 petelis
2094 4322 2107 4358 :

528 4392 585 4436 et
641 4399 745 4437 non
795 4386 915 4439 dico
967 4385 1119 4441 vobis
1168 4389 1292 4456 quia
1345 4405 1443 4459 ego
1502 4393 1704 4463 rogabo
1769 4394 1981 4449 Patrem
2042 4395 2110 4451 de

532 4476 708 4529 vobis.
748 4494 765 4527 ι

603 4568 789 4623 Potest
823 4569 1067 4639 quidem,
1101 4571 1155 4625 in
1186 4580 1450 4642 quantum
1488 4574 1627 4630 Deus
1664 4584 1772 4639 est,
1807 4577 1975 4641 dare;
2010 4594 2107 4632 vo-

531 4677 650 4714 rum
698 4677 843 4725 cum,
896 4672 951 4716 ut
1013 4663 1194 4726 homo,
1239 4675 1399 4719 antea
1444 4666 1841 4737 dispensatorie
1884 4669 2105 4735 dixerit,

533 4750 768 4823 Rogabo,
801 4754 975 4809 adhuc
1001 4755 1174 4810 eidem
1202 4757 1452 4825 loquendi
1493 4759 1651 4812 modo
1678 4760 1899 4816 insistit.

606 4841 768 4898 Vens.
802 4848 891 4899 ‘28.
936 4865 955 4897 ι
990 4846 1143 4900 Exivi
1176 4862 1204 4900 a
1236 4846 1421 4914 Patre,
1458 4860 1511 4904 et
1539 4853 1657 4905 veni
1713 4853 1763 4906 in
1816 4856 2109 4911 mundum:

535 4939 731 4991 iterum
765 4937 1011 5007 relinquo
1039 4940 1319 5007 mundum,
1354 4952 1410 4996 et
1442 4944 1577 4997 vado
1608 4945 1672 4997 ad
1709 4944 1946 5001 Patrem.
1983 4967 2002 5000 ι

602 5114 780 5179 Exivi,
828 5116 1027 5185 inquit,
1076 5133 1139 5174 ex
1172 5121 1475 5175 substantia
1517 5120 1720 5187 Patris,
1762 5127 1985 5183 minime
2023 5143 2114 5186 se-

534 5219 758 5277 paratus
811 5224 839 5263 a
894 5210 1076 5276 Patre,
1131 5221 1187 5267 et
1219 5213 1271 5267 in
1310 5202 1536 5285 propria
1588 5232 1705 5272 mea
1754 5220 2108 5277 subsistentia

536 5303 822 5357 continens
865 5303 918 5356 iu
957 5319 1042 5359 me
1071 5303 1308 5360 Patrem.
1358 5306 1543 5376 Neque
1585 5323 1736 5377 vero,
1780 5312 2004 5381 quando
2028 5314 2112 5367 l'a-

534 5406 654 5449 etus
688 5405 774 5450 est
814 5395 998 5465 homo,
1030 5397 1185 5467 quasi
1232 5397 1449 5453 Patrem
1486 5400 1834 5467 deseruisset,
1874 5403 1927 5458 in
1968 5404 2115 5461 hunc

2288 4026 2387 4079 Διὰ
2426 4025 2525 4097 τὴν
2570 4025 2844 4095 ἡπιότητα
2869 4036 2895 4075 P
2930 4024 3110 4077 αὐτῶν
3151 4020 3600 4091 ὲπεσκιασμένως
3638 4019 3812 4073 λαλεῖζ

2221 4116 2528 4188 Παροιμίαν
2551 4115 2605 4169 δὲ
2630 4116 2778 4185 λέγει
2807 4115 2900 4168 τὸν
2926 4113 3111 4184 ἀσαφῆ
3148 4112 3307 4181 λόγον
3336 4111 3430 4165 καὶ
3460 4110 3815 4179 ἐγκεκαλυμ-

2224 4205 2384 4275 μένον
2401 4216 2451 4259 (ι.
2502 4206 2513 4215 ’
3701 4188 3717 4195 ’ν

2296 4315 2316 4350 ι
2370 4299 2458 4351 Ἐν
2505 4297 2690 4371 ἐκείνῃ
2727 4300 2791 4368 τῇ
2831 4298 3017 4368 ἡμέρᾳ
3047 4297 3106 4349 ἐν
3133 4294 3219 4367 τῷ
3240 4291 3468 4365 ὀνόματί
3518 4309 3622 4361 μου
3643 4292 3815 4361 αἰτή-

2226 4392 2404 4445 σεσθε·
2456 4392 2553 4445 καὶ
2599 4390 2662 4444 οὐ
2711 4391 2856 4459 λέγω
2902 4392 3032 4460 ὑμῖν
3084 4391 3169 4443 ὅτι
3222 4387 3334 4457 ἐγὼ
3388 4386 3652 4458 ἐρωτήσω
3715 4388 3814 4437 τὸν

2149 4479 2192 4534 Ι)
2219 4485 2436 4557 Πατέρα
2467 4486 2599 4557 περὶ
2634 4486 2810 4556 ὑμῶν.
2854 4502 2877 4539 ι

2288 4579 2521 4631 Δύναται
2550 4578 2647 4649 μὲν
2674 4578 2751 4642 ὡς
2781 4578 2914 4642 Θεὸς
2949 4577 3171 4641 δοῦναι,
3196 4577 3338 4647 πλὴν
3368 4575 3446 4639 ὡς
3488 4575 3596 4646 ἤδη
3632 4572 3808 4627 εἰπὼν

2214 4670 2294 4733 τὸ,
2322 4667 2508 4737 Atri),
2542 4670 2909 4742 οἰκονομικῶς
2958 4670 3035 4735 ὡς
3088 4670 3376 4742 ἄνθρωπος
3429 4669 3675 4739 ἐνέμεινε
3726 4667 3808 4738 τῷ

2218 4761 2381 4833 λόγῳ.

2295 4873 2313 4905 ι
2359 4853 2612 4926 Ἐξῆλθον
2647 4854 2798 4925 παρὰ
2825 4853 2919 4908 τοῦ
2946 4854 3183 4924 Πατρδς,
3210 4854 3305 4907 καὶ
3336 4851 3572 4925 ἐλήλυθα
3600 4852 3682 4912 εἰς
3713 4865 3808 4902 τον

2219 4946 2451 5017 κόσμον·
2502 4947 2666 5000 πάλιν
2701 4948 2905 5018 ἀφίημι
2934 4947 3042 5017 ,τὸν
3079 4946 3318 5017 κόσμον,
3367 4946 3461 4999 καλ⁸
3501 4943 3809 5013 πορεύομαι

2219 5040 2352 5111 πρὸς
2387 5039 2478 5093 τὸν
2511 5040 2752 5111 Πατέρα.
2794 5059 2812 5092 ι

2300 5132 2517 5203 Ἐκπῆς
2540 5132 2749 5197 οὐσίας,
2782 5131 2969 5202 φησὶν,
2996 5130 3223 5201 ὲεῆλθον
3245 5130 3338 5184 τοῦ
3368 5131 3604 5201 Πατρος,
3631 5129 3811 5182 ἀδιαι-

2220 5226 2389 5297 ρέτως
2420 5225 2496 5279 ὢν
2525 5227 2585 5279 ἐν
2621 5226 2817 5296 Πατρὶ.
2849 5226 2940 5280 καὶ
2968 5225 3357 5287 ἰδιοσυστάτως
3386 5223 3525 5293 ἔχων
3548 5223 3606 5274 ὲν
3637 5223 3813 5290 simo-

2215 5317 2293 5387 τῷ
2330 5319 2423 5371 τὸν
2461 5319 2705 5392 Πατέρα.
2745 5317 2906 5378 Οὔτε.
2946 5319 3041 5371 ὅτε
3088 5318 3311 5386 γέγονεν
3353 5314 3678 5385 ἄνθρωπος.
3733 5312 3813 5375 ὡς

2223 5409 2570 5479 ἀπολειφθεὶς
2596 5408 2691 5463 τοῦ
2723 5410 2936 5483 Πατρὸς
2957 5449 2971 5476 ,
2999 5408 3314 5480 ἐληλυθέναι
3355 5405 3571 5474 λέγεται
3608 5404 3689 5465 εἰς
3719 5403 3812 5454 τὸν

587 5575 598 5642 ὲ
654 5550 1031 5642 (Ζοάινὲρωτᾷ.
1069 5624 1080 5639 ι
1109 5555 1150 5576 ⁴⁹
1184 5553 1321 5610 Cod.
1350 5553 1503 5642 Bodl.
1537 5556 1704 5639 συνῇν
1731 5558 1937 5642 αὐτοῖς.
2013 5564 2069 5582 ’“
2099 5567 2109 5616 l

2218 5605 2231 5619 .
2252 5564 2404 5623 Bodl.
2437 5568 2743 5641 προστῆναι
2767 5569 2945 5642 ὑμῶν.
3026 5568 3111 5590 ⁸⁸⁸·
3147 5566 3284 5623 Cod.
3312 5565 3464 5621 Bold.
3496 5559 3808 5633 παραδέξαο

536 5623 651 5677 σθε.
725 5633 752 5672 ι’
792 5626 883 5678 Cr.
918 5623 1244 5694 νηπιότητα.
1323 5636 1349 5675 τι
1374 5624 1465 5680 Cr.
1497 5623 1934 5699 κεκαλυμμένον.

607 5765 736 5864 (
760 5765 1003 5864 Illyrii:
1034 5766 1207 5823 Θεοῦ.
1244 5767 1367 5827 llaec
1400 5769 1532 5827 Cod.
1568 5771 1717 5828 Bodl.
1761 5773 2042 5846 Cbryscsi.
2082 5774 2172 5831 dat
2212 5787 2263 5833 ct
2309 5776 2505 5850 rcipsa,
2535 5779 2720 5851 paucis
2770 5780 2991 5838 mutatis
3039 5776 3388 5864 reperiuntur
3427 5774 3571 5846 apud
3606 5771 3821 5840 Chrys.

534 5842 605 5892 (ι’.
642 5847 679 5891 l.
712 5835 843 5903 \lll,
884 5837 1005 5895 6:8.
