4130 6584
270 431 428 500 1501

1352 450 1817 515 FRAGMENTA
1857 451 1938 513 IN
1981 455 2040 519 S.
2081 458 2456 527 JOANNEM.

3428 445 3565 530 1302
3615 479 3619 484 ·

264 548 555 644 ιιιῦςιμον*Δ
591 544 733 644 οὕτε*
786 548 875 602 ὅτε
929 550 1208 625 ἀνελήφθη
1268 557 1408 627 μετά
1463 560 1564 630 τῆς
1639 563 1880 633 σαρκὸς,

1988 575 2249 628 mundum
2279 573 2494 629 venisse
2519 571 2721 628 dicitur
2755 591 2769 628 :
2799 587 2974 643 neque
3005 590 3128 644 qua:
3154 576 3220 628 de
3247 590 3370 630 cum
3394 591 3562 631 carne

263 636 598 709 ἀπελείφθη
639 637 736 693 τοῦ
770 640 1007 712 κόσμου·
1059 643 1193 708 Θεὸς
1227 646 1336 718 γάρ
1386 649 1502 702 ἐστι
1539 650 1764 720 πληρῶν
1805 653 1877 707 τὰ

272 729 500 785 πάντα.
1135 758 1147 767 ~
1785 741 1798 750 ’

363 841 386 874 ι
442 822 569 877 Ἰδοὺ
602 822 830 897 ἔρχεται
855 825 991 899 ὥρα.
1026 827 1118 881 καὶ
1153 828 1248 883 νῦν
1278 829 1560 902 ἐλήλυθεν,
1594 832 1678 887 ἵνα
1711 851 1876 907 σκορ-

267 915 530 985 πισθῆτε
561 916 792 982 ἕκαστος
825 921 906 983 είς
942 920 1010 974 τὰ
1051 921 1178 987 ι’δια,
1207 924 1304 977 καὶ
1340 924 1441 994 ἐμὲ
1477 926 1636 996 μόνον
1675 929 1874 1000 ἀφῆτε·

271 1008 390 1062 καὶ
425 1009 525 1063 οὐκ
563 1011 678 1081 εἰμὶ
708 1011 902 1081 μόνος,
937 1013 1020 1066 ὅτι
1062 1015 1090 1067 6
1123 1014 1313 1087 Πατὴρ
1350 1017 1473 1086 μετ’
1502 1017 1636 1091 ἐμοῦ
1675 1020 1812 1075 ἔστι.
1852 1039 1872 1074 ι

360 1186 476 1251 Τὸ,
529 1186 658 1256 ἄρτι
724 1190 1039 1245 πιστεύετε
1091 1189 1340 1264 [Cum]
1385 1192 1879 1267 ἀνθρωπινώτερον

275 1275 454 1331 τοῦτο
478 1278 645 1346 λέγει.
676 1281 814 1334 Καθ’
833 1281 867 1336 ὅ,
891 1292 912 1320 ι’
942 1283 1049 1354 γὰρ
1074 1284 1206 1347 Θεὸς
1229 1284 1464 1356 ὑπάρχει
1489 1295 1535 1348 ⁸,
1564 1288 1623 1340 ὲν
1652 1288 1730 1358 τῷ
1758 1289 1878 1359 Θεῴ

279 1371 394 1424 καὶ
423 1372 598 1442 Πατρί
628 1375 744 1429 ἐστι
777 1377 795 1412 ί
828 1375 1074 1445 φυσικῶς
1107 1377 1200 1430 καὶ
1229 1378 1602 1442 ἀδιαστάτως·
1632 1380 1721 1434 διά
1749 1398 1879 1452 συγ-

279 1465 601 1520 κατάὸασιν
653 1463 773 1521 εἷπε
821 1470 1013 1535 τοῦτο,
1065 1459 1256 1542 ἐπειδὴ
1306 1472 1358 1526 oi.
1407 1472 1649 1542 μαθηταὶ
1689 1474 1880 1545 ήθελον

283 1558 522 1612 ἀκούειν
544 1561 730 1617 τοῦτο.

367 1653 482 1724 Οὐχ
531 1654 618 1707 ὅτε
663 1656 1060 1728 παραδίδομαι,
1110 1659 1246 1714 ἀλλά
1295 1660 1437 1730 μετά
1482 1660 1657 1716 ταῦτα
1699 1661 1880 1731 θλίψιν

285 1745 472 1811 ἕξετε.
528 1747 691 1800 Ἀλλά
733 1748 1053 1818 διανάστητε
1107 1751 1186 1820 τῷ
1233 1751 1510 1824 λογισμῷ·
1562 1754 1714 1807 οὐδὲν
1767 1755 1877 1826 γὰρ

289 1837 556 1892 πείσεσθε
591 1839 762 1893 δεινόν
788 1856 800 1869 ·
835 1841 929 1894 τοῦ
960 1841 1284 1898 διδασκάλου
1313 1845 1738 1917 περιγενομένου
1769 1847 1878 1901 τῶν

288 1929 535 2001 ἐχθρῶν,
566 1931 627 1984 οὐ
652 1932 758 2004 χρὴ
783 1934 910 1994 τοὺς
941 1934 1191 2005 μαθητὰς
1219 1935 1424 1990 ἀλύειν.

377 2041 397 2073 ι
433 2023 620 2076 Ταῦτα
639 2013 910 2094 λελάληκα
934 2026 1086 2094 ὑμῖν,
1112 2025 1198 2078 ἵνα
1223 2027 1281 2079 ἐν
1301 2027 1424 2096 ἐμοὶ
1446 2027 1672 2098 εἰρήνην
1691 2026 1873 2097 ἔχητε.

306 2113 402 2166 Ἐν
425 2113 502 2184 τῷ
529 2115 719 2186 κόσμῳ
747 2115 925 2186 Θλίψιν
959 2117 1131 2183 ἕξετεο
1167 2117 1304 2172 ἀλλά
1329 2118 1581 2191 θαρσεῖτε
1600 2158 1618 2186 ,
1651 2118 1761 2188 ἐγὼ
1789 2137 1877 2172 νε·-

293 2205 502 2277 νίκηκα
531 2206 621 2260 τὸν
652 2207 874 2278 κόσμον.
902 2227 924 2262 ι

371 2296 654 2367 Κρείττων
685 2299 777 2351 καὶ
799 2297 1168 2370 δυνατώτερος
1197 2299 1355 2373 ὤφθη
1379 2302 1408 2354 6
1436 2300 1672 2372 Χριστὸς
1697 2300 1877 2372 πάσης

293 2390 571 2458 κοσμικῆς
599 2389 892 2461 ἁμαρτίας,
926 2394 1021 2445 καὶ
1060 2392 1245 2446 δίδωσι
1277 2394 1374 2447 καὶ
1413 2395 1530 2458 τοῖς
1565 2395 1778 2457 πιστοῖς
1813 2393 1876 2447 τὸ

296 2483 477 2550 νικᾷν.
505 2481 635 2535 Ὅτε
669 2479 762 2536 οὖν
799 2484 826 2536 6
848 2493 875 2521 ιι
900 2484 1136 2556 Χριστὸς
1178 2484 1238 2550 ἐξ
1268 2484 1427 2556 ἡμῶν
1456 2485 1717 2556 γεγονὼς,
1754 2484 1875 2539 καθ’

298 2572 328 2625 ὂ
361 2582 384 2604 '
426 2573 733 2646 ἄνθρωπος,
773 2575 1040 2648 κρείττων
1066 2591 1093 2618 ι
1122 2577 1297 2649 ἐφάνη
1341 2578 1572 2633 θανάτου
1607 2578 1704 2632 καὶ
1740 2576 1874 2646 φθο-

299 2666 423 2733 ρᾶς,
459 2666 554 2718 καὶ
588 2668 670 2730 είς
716 2667 862 2738 ἡμᾶς
905 2670 939 2739 ἡ
985 2669 1146 2741 χάρις
1198 2670 1492 2724 διαϐαίνειο
1525 2670 1619 2724 καὶ
1651 2668 1822 2734 οὕτως
1845 2677 1875 2718 y

296 2759 590 2830 ὀφείλομεν
633 2759 875 2834 θαρρεῖν,
912 2762 993 2816 ὅτι
1029 2763 1367 2834 νικησόμεθα
1389 2773 1435 2830 ι,
1459 2761 1646 2834 ἐπειδὴ
1672 2761 1748 2828 ὡς
1782 2761 1876 2816 ἀν-

299 2851 518 2922 θρωπος
551 2853 825 2924 νενίκηκε,
858 2855 952 2908 καὶ
992 2856 1152 2927 ἡμεῖς
1195 2855 1458 2927 δοκοῦμεν
1499 2857 1557 2909 ὲν
1595 2855 1746 2927 αὑτῷ
1785 2873 1876 2909 νε-

298 2946 606 3017 νικηκέναι.
635 2947 698 3000 Ei
721 2947 828 3018 γάρ
854 2947 928 3011 ὡς
949 2947 1078 3011 Θεὸς
1105 2948 1348 3018 ἐνίκησε,
1374 2948 1510 3020 πρὸς
1527 2950 1677 3021 ἡμᾶς
1699 2949 1872 3003 οὐδέν.

865 3034 871 3042 ’
894 3040 1143 3095 ΚΕΦΑΛ.
1191 3042 1285 3096 ΙΖ’.

377 3147 398 3181 ι
437 3128 624 3183 Ταῦτα
671 3129 932 3200 ἐλάλησεν
983 3132 1012 3184 6
1069 3132 1306 3203 Ἰησοῦς·
1371 3134 1468 3186 καὶ
1519 3133 1692 3204 ἐπῆρε
1749 3133 1873 3198 τοὺς

1983 666 2248 730 ascendit,
2285 666 2546 720 mundum
2577 665 2899 736 dereliquit;
2939 667 3082 720 Dens
3131 666 3277 721 enim
3322 677 3427 735 est,
3459 669 3562 737 qui

1981 757 2164 826 implet
2195 758 2397 810 omnia.

2044 849 2208 905 Vsus.
2241 848 2330 902 σε.
2378 865 2398 900 ι
2429 847 2566 903 Ecce
2594 847 2741 902 venit
2787 847 2942 914 hora,
2987 846 3098 915 iam
3142 849 3316 916 venit,
3366 860 3428 905 ut
3471 852 3562 908 di-

1979 941 2308 1012 Spergamini
2355 941 2728 1010 unusquisque
2774 939 2828 994 in
2863 940 3104 1010 propria,
3147 952 3202 995 et
3256 957 3340 996 me
3385 943 3558 998 solum

1979 1035 2302 1105 relinquatis
2342 1043 2442 1089 :et
2489 1048 2594 1088 non
2637 1048 2758 1088 sum
2811 1031 3002 1098 solus,
3055 1035 3182 1100 quia
3231 1033 3396 1090 Pater
3443 1051 3560 1090 me-

1979 1143 2100 1182 cum
2131 1136 2236 1181 €51.
2271 1146 2290 1179 l

2049 1217 2161 1274 lloc
2205 1218 2360 1272 modo
2391 1216 2606 1272 creditis
2655 1215 2891 1271 humano
2939 1231 3092 1271 more
3119 1216 3273 1272 dicit.
3324 1216 3458 1272 Nam
3503 1217 3558 1272 in

1980 1320 2239 1379 quantum
2285 1309 2448 1374 Deus,
2499 1309 2551 1363 in
2589 1309 2698 1364 Deo
2727 1307 2889 1364 Patre
2920 1317 3101 1362 manet
3145 1307 3467 1361 naturaliter
3500 1317 3558 1362 et

1979 1411 2337 1458 constanter:
2381 1416 2506 1456 nam
2563 1401 2664 1456 hoc
2705 1400 2844 1455 dixit
2887 1400 2996 1456 illis
3049 1399 3556 1465 condescendendo,

1979 1493 2105 1564 quia
2134 1493 2391 1548 nimirqu
2420 1491 2608 1547 audire
2634 1490 2763 1546 illud
2788 1490 3194 1547 desiderabant.

2051 1667 2170 1722 Non
2204 1676 2312 1720 tam
2336 1666 2552 1736 quando
2580 1664 2785 1728 trador,
2814 1678 2976 1734 quam
3003 1670 3187 1731 postea
3219 1659 3554 1731 aﬂligemini.

1981 1761 2089 1837 Sed
2146 1759 2421 1829 exsurgite
2469 1759 2686 1825 animo;
2735 1772 2856 1810 nam
2904 1755 3166 1822 magistro
3200 1753 3268 1809 ab
3319 1752 3555 1807 inimicis

1986 1860 2166 1921 capto,
2202 1849 2336 1904 nihil
2374 1849 2524 1903 vobis
2557 1848 2681 1902 mali
2727 1847 2840 1912 ﬁet,
2871 1860 3040 1917 quare
3077 1859 3184 1900 non
3226 1851 3440 1914 Oportet
3473 1842 3557 1896 di-

1908 1919 1951 1973 B
1987 1942 2224 2008 scipnlos
2257 1941 2442 1996 animo
2471 1941 2776 1994 concidere.

2059 2033 2226 2088 Vens.
2262 2030 2353 2088 53.
2400 2050 2418 2083 ι
2453 2030 2575 2084 llaec
2620 2015 2829 2084 iocntus
2883 2041 3001 2082 sum
3059 2024 3230 2091 vobis,
3277 2034 3337 2079 ut
3383 2024 3437 2078 in
3471 2038 3557 2079 me

1979 2141 2166 2197 pacem
2222 2124 2488 2178 habeatis.
2543 2121 2598 2176 ln
2653 2119 2854 2176 mundo
2897 2132 3206 2188 pressuram
3239 2116 3552 2172 habebitis:

1980 2219 2073 2271 sed
2103 2215 2382 2281 conﬁdite,
2415 2228 2514 2284 ego
2541 2212 2645 2266 vici
2675 2212 2950 2265 mundum.
2984 2227 3003 2262 ι

2056 2310 2306 2365 Christus
2333 2307 2583 2379 superior
2609 2319 2673 2360 ac
2695 2303 2886 2358 fortior
2906 2301 3155 2372 apparuit
3181 2300 3344 2356 totius
3370 2299 3555 2353 mundi

1980 2408 2228 2471 peccato,
2276 2407 2330 2452 et
2377 2395 2624 2451 concedit
2654 2407 2872 2465 quoque
2915 2391 3162 2446 ﬁdelibus
3196 2390 3308 2444 suis
3338 2396 3397 2442 ut
3437 2388 3528 2466 vin

1977 2504 2126 2549 cant.
2164 2492 2297 2547 Cum
2346 2490 2528 2558 itaque
2567 2486 2836 2550 Christus,
2879 2485 2932 2539 in
2977 2492 3235 2554 quantnnt
3272 2483 3456 2545 homo,
3487 2495 3552 2535 ex

1978 2586 2132 2640 nobis
2177 2591 2353 2646 natus,
2397 2590 2624 2635 mortem
2651 2588 2707 2634 et
2738 2577 3017 2631 interitum
3046 2574 3340 2643 superarit,
3385 2572 3551 2625 etiam

1978 2679 2031 2734 in
2072 2693 2169 2733 nos
2198 2677 2298 2731 ista
2329 2674 2505 2746 gratia
2534 2671 2845 2730 derivatur;
2890 2669 3120 2736 ideoque
3153 2663 3430 2720 conlidere
3458 2662 3554 2716 de-

1979 2773 2171 2826 bemus
2232 2783 2332 2823 nos
2387 2779 2600 2837 quoque
2663 2764 2948 2828 victuros,
3007 2756 3441 2828 quandoquidem
3500 2755 3552 2807 in

1976 2871 2242 2933 quantum
2278 2860 2440 2915 homo
2469 2855 2681 2923 vicerit,
2729 2855 2782 2910 in
2821 2854 2938 2924 ipso
2981 2865 3079 2906 nos
3116 2862 3330 2919 quoque
3356 2843 3555 2900 vicisse

1975 2955 2281 3010 videamur.
2317 2950 2454 3005 Nam
2509 2949 2552 3005 si
2604 2956 2662 3002 ut
2698 2947 2838 3000 Dens
2868 2943 3113 2998 vicisset.
3142 2939 3275 2995 nihil
3322 2937 3389 2993 ad
3431 2952 3549 2992 nos.

2577 3035 2731 3094 CAP.
2766 3033 2932 3090 XVII.

2023 3136 2190 3192 Vsus.
2218 3136 2270 3190 1.
2304 3153 2322 3186 ι
2360 3131 2488 3187 Haec
2530 3130 2742 3185 locutus
2800 3134 2885 3180 est
2930 3123 3110 3189 Iesus,
3158 3129 3212 3176 et
3261 3115 3554 3174 sublevatis

297 3222 609 3294 ὀφθαλμοὺς
650 3226 813 3279 αὑτοῦ
838 3227 914 3290 είς
946 3226 1035 3280 τὸν
1069 3228 1320 3300 οὐρανὸν,
1348 3229 1441 3281 καὶ
1481 3223 1634 3281 εἷπε·
1667 3228 1872 3298 Πάτερ,

1978 3232 2150 3288 oculis
2190 3231 2244 3284 in
2272 3227 2496 3291 caelum,
2527 3221 2660 3277 dixit
2695 3237 2709 3274 :
2739 3218 2920 3280 Pater,
2948 3214 3094 3269 venit
3120 3213 3276 3276 hora,
3316 3206 3551 3264 clariﬁca

300 3316 560 3388 ἐλήλυθεν
594 3319 626 3389 ἡ
675 3317 816 3388 ὥρα,
863 3319 1086 3386 δόξασόν
1140 3338 1234 3374 σου
1276 3320 1366 3374 τὸν
1409 3321 1558 3386 Tib-1,
1608 3321 1696 3374 ἴνα
1725 3321 1818 3374 καὶ
1844 3322 1874 3375 6

1981 3322 2175 3378 Filium
2208 3329 2379 3384 tuum,
2421 3326 2480 3370 ut
2511 3313 2683 3371 Filius
2716 3323 2838 3365 tuus
2872 3306 3138 3398 cluriticet
3172 3315 3243 3358 te.
3285 3320 3305 3354 ι

301 3409 426 3471 Υἱός
456 3426 549 3461 σου
579 3409 780 3481 δοξάσῃ
810 3427 892 3464 σε.
945 3431 962 3463 ι

371 3502 470 3554 Διά
523 3500 616 3555 τοῦ
672 3503 949 3572 σχήματος
989 3502 1088 3573 τῆς
1129 3502 1296 3574 εὐχῆς
1336 3503 1582 3559 παιδεύει
1627 3506 1777 3576 ἡμᾶς
1817 3506 1874 3559 ἒν

300 3595 411 3655 τοῖς
456 3597 784 3666 πειρασμοῖς
832 3593 1092 3665 εὔχεσθαι
1118 3637 1133 3662 ,
1169 3598 1262 3650 καὶ
1289 3599 1366 3661 είς
1398 3597 1491 3650 τὸν
1528 3597 1662 3651 Θεὸν
1704 3615 1875 3652 κατα-

304 3684 542 3755 φεύγειν.

379 3797 396 3828 ι
432 3778 627 3843 Καθὼς
677 3779 884 3844 ἔδωκας
918 3779 1067 3850 αὑτῷ
1118 3779 1368 3848 ἐξουσίαν
1416 3781 1598 3854 πάσης
1633 3781 1870 3852 σαρκὸς,

305 3869 387 3925 ἵνα
412 3873 539 3935 πᾶν,
564 3870 819 3936 δέδωκας
841 3871 1012 3943 αὐτῷ,
1033 3871 1178 3945 δὼση
1201 3873 1404 3938 αὐτοῖς,
1431 3872 1577 3945 ζωὴν
1600 3875 1834 3928 αίὼνιον.
1849 3893 1868 3926 ι

373 3965 472 4016 Διὰ
503 3964 564 4016 τὸ
595 3963 670 4035 μὴ
700 3964 1156 4035 σκανδαλισθῆναι
1203 3967 1328 4032 τοὺς
1373 3965 1671 4030 ἀκούοντας
1723 3967 1873 4020 οἰκο-

305 4055 541 4126 νομικῶς
575 4074 739 4127 φησιν
759 4097 773 4121 ,
816 4059 886 4110 Ὃ
917 4056 1179 4123 δέδωκάς
1211 4075 1334 4127 μοι.

381 4165 398 4198 ι
430 4147 582 4217 Αὕτη
602 4148 659 4200 δέ
692 4150 839 4200 ἐστιν
865 4149 898 4218 ἡ
921 4147 1134 4211 αἰώνιος
1159 4147 1271 4218 ζωή
1290 4189 1305 4212 ,
1337 4148 1424 4203 ἴνα
1447 4149 1758 4218 γινώσκωσί
1787 4165 1870 4215 σε,

306 4238 393 4292 τὸν
425 4238 586 4307 μόνον
617 4238 872 4308 ἀληθινὸν
900 4239 1054 4306 Θεὸν,
1076 4241 1172 4295 καὶ
1201 4241 1262 4296 ὃν
1291 4241 1620 4304 ἀπέστειλας
1663 4241 1872 4312 Ἰησοῦν

309 4327 559 4399 Χριστόν.
601 4347 620 4378 ι

375 4416 712 4487 Σημειωτέον
740 4416 856 4480 οὖν,
897 4417 980 4470 ὅτι
1011 4418 1044 4488 ἡ
1075 4416 1208 4488 ὀρθὴ
1238 4416 1422 4482 πίστις
1461 4418 1612 4473 ἐστὶν
1643 4420 1676 4490 ἡ
1703 4418 1872 4483 ὅντως

309 4507 444 4578 ζωὴ,
473 4509 506 4579 ἠ
539 4509 609 4561 τὰ
640 4509 747 4562 ἴδια
789 4508 1106 4580 δωρουμένη
1140 4508 1325 4576 ἀγαθά
1351 4510 1464 4573 τοῖς
1494 4509 1866 4566 πιστεύουσιν.

320 4596 673 4651 Ἀπεστάλθαι
733 4597 877 4666 λέγει
937 4598 1152 4663 ἑαυτὸν,
1209 4600 1308 4670 οὐχ
1364 4599 1441 4662 ὡς
1503 4599 1561 4667 ἐξ
1626 4600 1871 4671 ἀνάγκης

1979 4615 2038 4653 se
2070 4599 2293 4651 missum
2340 4608 2480 4657 esse,
2524 4605 2630 4645 non
2685 4585 2836 4658 quasi
2889 4595 2959 4672 ex

309 4689 652 4760 ὑπουργήσας
699 4691 768 4760 τῇ
818 4688 914 4742 τοῦ
959 4688 1174 4759 Πατρὺς
1221 4681 1503 4761 βουλήσει,
1558 4691 1635 4755 ὡς
1679 4693 1729 4746 οἱ
1774 4695 1872 4761 ἄγ-

309 4777 466 4844 γελοι,
494 4777 609 4831 ἀλλ’
638 4779 713 4843 ὡς
746 4779 978 4850 δύναμις
1005 4779 1172 4834 αὑτοῦ
1202 4780 1299 4834 ὧν.

376 4889 392 4921 ι
429 4871 538 4923 Καὶ
568 4875 663 4926 νῦν
693 4871 917 4939 δόξασόν
940 4889 1008 4942 με
1035 4873 1120 4937 σὺ,
1151 4873 1354 4944 Πάτερ,
1384 4874 1536 4945 παρά
1553 4873 1782 4944 σεαυτῷ,
1801 4876 1867 4944 τῇ

309 4960 423 5030 δόξῃ
509 4955 674 5032 εἶχον,
719 4963 826 5034 πρὸ
864 4963 959 5018 τοῦ
985 4963 1076 5018 τὸν
1106 4963 1311 5034 κόσμον
1335 4961 1497 5032 εἶναι,
1525 4965 1673 5035 παρά
1705 4965 1807 5019 σοί.
1846 4985 1864 5019 ι

383 5139 470 5193 Ἐν
507 5139 658 5206 τάξει
693 5142 1002 5213 προσευχῆς
1040 5144 1402 5216 οἰκονομικῶς
1453 5144 1603 5214 λέγει
1626 5145 1785 5200 τοῦτο
1811 5159 1861 5211 ο,

311 5233 582 5298 τουτέστι,
615 5231 794 5298 Δεῖξόν
844 5251 912 5305 με
958 5234 1044 5300 τίς
1087 5237 1203 5306 εἰμι
1246 5240 1362 5302 τοῖς
1406 5237 1735 5309 ἀνθρώποις,
1778 5239 1867 5292 ἵνα

317 5325 380 5398 μή
408 5325 497 5379 διὰ
541 5324 635 5379 τοῦ
680 5324 887 5387 πάθους
935 5324 1035 5396 τῆς
1087 5328 1229 5398 ἐμῆς
1272 5331 1476 5401 σαρκὸς
1535 5330 1789 5401 μείνωσιν
1817 5331 1868 5385 οἱ

314 5420 600 5492 ἂνθρωποι,
638 5420 806 5492 μηδὲν
835 5419 987 5484 ἄξιον
1017 5420 1190 5490 Λόγου
1218 5423 1245 5462 b
1271 5422 1634 5495 λογιζόμενοι.

375 5619 392 5654 ι
417 5603 523 5656 Καὶ
552 5601 620 5656 τά
653 5601 762 5673 ἐμὰ
795 5602 973 5656 πάντα
1011 5601 1082 5657 σά
1103 5603 1353 5671 sesami.
1376 5603 1446 5658 τά
1494 5606 1561 5660 σὰ
1602 5605 1742 5675 ἐμά·
1774 5605 1869 5659 καὶ

313 5691 617 5765 δεδόξασμαι
642 5696 699 5747 ἐν
727 5694 932 5759 αὐτοῖς.
976 5713 995 5748 ι

378 5828 514 5902 ξος.
545 5825 708 5902 κιιθόἱ
782 5839 802 5866 ³
833 5828 935 5902 Cr1
953 5829 1206 5902 ὑπάρχω.
1236 5899 1255 5902 _
1280 5831 1295 5867 ί
1322 5829 1413 5885 Cr.
1469 5828 1605 5902 εἰμί.
1680 5839 1706 5867 ιι
1732 5830 1823 5886 Cr.
1875 5831 1907 5902 ἢ
1965 5834 2043 5887 ὃτι

851 5909 867 5929 ⁸
899 5900 986 5956 Cr.
1019 5899 1137 5959 sine
1166 5899 1344 5955 τοῦτο.
1425 5902 1451 5939 ι)
1485 5901 1577 5955 Cr.
1620 5917 1728 5957 0m.
1764 5899 1957 5971 Λόγου.

320 5909 335 5934 ι
363 5895 444 5951 Cr.
473 5895 773 5969 ληψόμεθα.

2050 3503 2154 3557 Per
2182 3503 2319 3556 hanc
2352 3495 2544 3554 orandi
2588 3492 2878 3549 formulam
2921 3491 3076 3544 docet
3110 3499 3208 3540 nos
3261 3481 3316 3535 in
3372 3485 3548 3532 tenta-

1983 3593 2220 3653 tionibus
2242 3605 2422 3655 orare,
2457 3599 2512 3644 et
2537 3587 2603 3642 ad
2632 3587 2798 3641 Deum
2834 3581 3147 3652 confugere.

2054 3769 2220 3824 Vens.
2246 3767 2302 3821 2.
2352 3784 2370 3818 ι
2405 3763 2556 3820 Sicut
2589 3759 2780 3816 dedisti
2807 3758 2854 3812 ci
2880 3761 3201 3826 potestatem
3228 3744 3405 3802 omnis
3428 3755 3553 3796 car-

1982 3863 2083 3922 nis.
2107 3871 2162 3915 ut
2185 3873 2344 3914 omne
2367 3856 2506 3927 quod
2527 3854 2718 3909 dedisti
2747 3851 2820 3913 ei,
2842 3851 2930 3928 det
2953 3847 3030 3900 eis
3047 3844 3208 3898 vitant
3227 3848 3502 3928 aeternam.
3521 3847 3547 3887 ο

2043 3956 2118 4010 Ne
2144 3950 2641 4008 scandalizarentur
2663 3945 2964 4005 audientes,
2980 3952 3074 4008 per
3097 3927 3552 4002 dispensationem

1981 4049 2138 4112 dixit,
2175 4043 2328 4112 Quod
2359 4041 2552 4097 dedisti
2585 4037 2736 4093 mihi.

2034 4141 2196 4194 Vens.
2226 4137 2282 4195 5.
2317 4155 2335 4189 ι
2369 4133 2494 4189 Haec
2517 4141 2600 4188 est
2628 4141 2807 4184 autem
2831 4121 2939 4178 vita
2963 4131 3164 4176 aeterna
3196 4134 3209 4171 :
3247 4127 3309 4169 ut
3349 4121 3548 4178 cognoa

1977 4240 2134 4288 scant
2178 4240 2252 4295 te,
2292 4227 2463 4284 solum
2525 4223 2689 4278 Deum
2761 4231 2986 4280 verum,
3028 4221 3085 4268 et
3141 4221 3300 4280 quem
3357 4195 3548 4256 misisti

1976 4324 2158 4380 Jesum
2179 4319 2477 4375 Christum.
2510 4334 2528 4366 ι
3503 4377 3514 4390 ο

2037 4401 2402 4468 Ριοίίιειιάιιιιι
2425 4409 2628 4477 itaque,
2652 4408 2852 4458 rectam
2886 4397 3065 4460 ﬁdem,
3109 4401 3294 4444 veram
3317 4395 3436 4438 esse
3468 4394 3548 4432 νιο

1979 4517 2110 4572 lant,
2141 4520 2260 4573 quae
2281 4517 2408 4558 vera
2431 4502 2568 4556 bona
2594 4494 2940 4553 credentibus
2964 4486 3139 4540 aﬂ‘ert.
3183 4479 3322 4534 Dicit
3367 4481 3546 4573 autem

3009 4573 3330 4631 necessitate
3370 4563 3549 4617 Patris

1975 4687 2280 4744 subserviat
2306 4653 2594 4744 voluntati,
2618 4653 3070 4749 quemadmodum
3114 4659 3313 4729 angeli,
3367 4653 3461 4708 sed
3488 4659 3544 4701 ut

1973 4790 2056 4836 est
2081 4781 2251 4832 virtus
2279 4775 2420 4844 ejus.

2041 4851 2202 4924 Vens.
2223 4869 2275 4923 5.
2308 4833 2331 4918 ἒ
2369 4863 2435 4918 Et
2465 4877 2606 4917 nunc
2629 4855 2866 4916 clariﬁca
2904 4865 3010 4912 me,
3033 4857 3086 4902 tu
3103 4843 3288 4903 Pater,
3311 4833 3450 4905 apud
3479 4839 3551 4884 tc-

1975 4962 2284 5030 metipsum,
2319 4957 2586 5016 claritate,
2609 4964 2770 5023 quam
2799 4944 2984 5011 habui.
3020 4941 3170 5012 ῐπίυε
3206 4941 3545 5004 quantum”

1977 5056 2076 5108 dus
2101 5061 2263 5114 esset,
2291 5050 2429 5119 apud
2467 5059 2536 5102 te.
2575 5065 2592 5098 ι

2036 5143 2222 5200 Utitur
2250 5143 2420 5197 forma
2445 5137 2709 5192 orationis
2740 5150 2835 5204 per
2877 5126 3358 5202 dispensationem,
3413 5129 3476 5168 ac
3501 5125 3544 5162 9|

1974 5239 2151 5294 dicat:
2184 5235 2420 5293 Ostende
2449 5248 2536 5286 me
2583 5229 2915 5292 hominibus,
2949 5233 3006 5278 ut
3047 5219 3348 5286 intelligant
3395 5208 3543 5278 quis-

1977 5346 2102 5386 nam
2137 5330 2261 5393 sim,
2300 5342 2365 5380 ne
2415 5334 2635 5395 propter
2663 5321 2842 5374 carnis
2881 5331 3015 5371 mea:
3045 5313 3348 5384 passionem
3381 5317 3543 5357 scan-

1971 5392 2274 5473 dalizentur
2305 5392 2576 5480 homines,
2611 5410 2742 5466 nihil
2773 5408 2954 5464 Verbo
3007 5403 3102 5459 Dei
3151 5401 3368 5470 dignum
3392 5392 3542 5460 cogi-

1969 5518 2163 5566 tantes.

2029 5605 2192 5658 Vens.
2223 5601 2312 5656 l0.
2344 5619 2361 5651 ι
2402 5599 2464 5654 Et
2497 5613 2615 5654 mea
2641 5596 2818 5653 omnia
2874 5605 2960 5649 tua
2995 5602 3142 5655 sunt,
3188 5594 3241 5645 et
3279 5601 3365 5642 tua
3411 5597 3538 5672 inea

1968 5706 2130 5752 sunt:
2166 5703 2219 5749 et
2248 5692 2581 5765 elarilicatus
2608 5704 2726 5746 sum
2760 5689 2810 5742 in
2843 5687 2946 5742 eis.
2985 5704 3004 5737 ι

2107 5834 2134 5884 ὁ
2213 5839 2236 5866 τ
2267 5830 2356 5886 Cr.
2385 5827 2538 5883 καθό.
2621 5841 2646 5869 x
2671 5827 2760 5882 Cr.
2823 5825 3084 5898 κρεῖττον.
3158 5828 3191 5870 7
3219 5817 3310 5876 Cr.
3338 5811 3512 5884 τούτῳ
