4130 6610
567 457 590 523 1
603 461 708 528 503

1702 454 1744 512 Α
1757 449 2042 512 ΜΜΟΝΙΙ
2086 446 2585 510 ALEXANDRIN
2595 447 2620 505 Ι

3710 426 3732 492 i
3745 423 3846 492 5⁸34

621 574 769 630 Nihil
819 581 904 629 est
959 571 1160 639 Patris,
1201 571 1347 640 quod
1396 585 1503 624 non
1559 568 1629 624 sit
1662 565 1807 630 Filii,
1853 575 1908 620 et
1941 574 2148 620 contra.

2327 557 2493 611 Οὐδέν
2533 557 2652 608 ἐστι
2701 551 2796 607 τοῦ
2839 550 3086 620 Πατρδς,
3114 548 3143 602 ὃ
3175 549 3249 620 μή
3283 547 3398 601 ἐστι
3426 543 3521 598 τοῦ
3550 541 3719 608 Υίοῦ,
3754 544 3846 596 καὶ

627 756 858 825 Propter
887 768 1064 809 meam
1089 767 1154 808 ac
1197 759 1344 807 tuam
1401 748 1767 821 aequalitatem
1797 747 2150 820 glorificabor

561 861 805 926 semper;

616 940 782 996 Vens.
818 939 905 994 il.
943 956 965 990 ι
999 938 1064 992 Et
1093 937 1204 1007 jam
1231 953 1337 992 non
1377 952 1496 992 sum
1549 936 1602 991 in
1633 936 1856 999 mundo,
1904 943 1959 990 et
2010 934 2062 988 hi
2097 933 2150 988 in

564 1032 772 1085 mundo
827 1040 973 1094 sunt,
1034 1039 1089 1084 et
1132 1045 1236 1100 ego
1289 1030 1355 1083 ad
1387 1037 1441 1083 te
1498 1028 1678 1082 venio.
1728 1026 1892 1083 Pater
1934 1036 2147 1088 sancte,

562 1136 723 1175 serva
754 1135 850 1176 eos
881 1119 934 1174 in
965 1119 1184 1174 nomine
1209 1128 1322 1184 tuo,
1361 1132 1500 1189 quos
1529 1116 1725 1172 dedisti
1759 1118 1927 1172 mihi:
1963 1128 2020 1173 ut
2043 1118 2154 1172 siut

565 1226 756 1273 unum,
787 1210 932 1264 sicut
957 1217 1010 1263 et
1039 1224 1154 1263 nos.
1189 1227 1208 1260 ι

636 1300 796 1356 Juxta
827 1301 1116 1354 verborum
1155 1299 1542 1368 proprietatem
1577 1298 1861 1369 Scriptura
1910 1298 2001 1353 hic
2032 1299 2147 1363 illa,

569 1409 694 1464 quae
726 1409 792 1448 ex
820 1402 1015 1447 eventu
1050 1391 1421 1462 contigerunt,
1449 1391 1605 1460 quasi
1628 1405 1851 1446 causam
1883 1391 2148 1462 assignat.

570 1485 869 1554 Oportebat
900 1499 1030 1554 ergo
1055 1482 1084 1537 J
1093 1483 1273 1545 udam,
1308 1497 1431 1537 cum
1468 1483 1570 1537 hoc
1592 1483 1906 1551 praedictum
1935 1493 2143 1547 nosset,

569 1579 843 1634 Christum
883 1592 989 1631 n0n
1026 1577 1274 1645 prodere.
1304 1575 1368 1630 Si
1401 1577 1522 1644 quis
1568 1585 1748 1629 autem
1795 1584 1962 1644 petat,
2010 1591 2152 1644 quo-

570 1671 730 1724 modo
759 1668 979 1725 Christo
1013 1669 1352 1724 custodiente
1379 1668 1623 1737 perierit,
1682 1667 1970 1722 dicendum
2033 1683 2150 1720 ma-

569 1765 650 1818 los
682 1779 803 1816 eum
843 1778 950 1816 non
994 1761 1287 1824 custodire,
1332 1761 1423 1814 sed
1483 1775 1576 1814 eos
1609 1775 1706 1830 pro
1761 1760 2013 1816 libertate
2047 1775 2142 1814 sua

569 1855 714 1922 quod
741 1853 923 1908 volunt
958 1852 1158 1908 facere.
1195 1852 1402 1908 Probus
1426 1863 1604 1908 autem
1634 1854 1871 1907 custodit
1906 1863 1958 1908 et
1991 1856 2150 1914 τοι)οτ

2253 650 2318 704 τὸ
2347 646 2639 702 ἀνάπαλιν.

2326 713 2425 793 Atat
2473 739 2574 807 τὴν
2627 733 2762 808 ἐμοῦ
2802 734 2898 790 καὶ
2930 731 3025 787 σοῦ
3062 732 3286 804 ἰσότητα
3315 729 3616 802 δοξάσομαι
3669 746 3848 800 παρα·

2254 830 2478 893 παντός.

2329 943 2348 978 ι
2398 923 2511 979 Καὶ
2547 922 2649 978 οὐκ
2683 922 2764 975 ἔτι
2812 918 2930 992 εἰμὶ
2953 921 3010 974 ἐν
3037 917 3116 990 τῷ
3146 917 3361 990 κόσμῳ,
3389 917 3486 972 καὶ
3509 908 3662 971 οὗτοι
3685 915 3746 967 ἐν
3772 916 3849 984 τῇ

2254 1019 2447 1090 κόσμῳ
2479 1015 2587 1070 εἰσὶ
2607 1057 2621 1080 ,
2651 1013 2745 1068 καὶ
2776 1011 2889 1081 ἐγὼ
2917 1010 3054 1083 πρὸς
3086 1008 3146 1065 σὲ
3175 1009 3430 1082 ἔρχομαι.
3471 1008 3660 1079 Πάτερ
3690 1007 3812 1076 ἅγιε
3832 1047 3847 1068 ,

2252 1112 2494 1182 τήρησον
2515 1108 2714 1170 αὐτοὺς
2735 1109 2793 1159 ἐν
2814 1105 2892 1177 τῷ
2920 1103 3147 1176 ὀνόματί
3171 1121 3288 1169 σου,
3309 1101 3403 1168 οὓς
3433 1100 3684 1164 δέδωκάς
3715 1117 3807 1170 μοι
3832 1119 3844 1130 ·

2256 1205 2342 1258 ἵνα
2365 1197 2498 1257 ὦσιν
2529 1189 2605 1264 ἓν,
2639 1199 2821 1264 καθὼς
2853 1201 3034 1270 ἡμεῖς.
3073 1217 3090 1250 ι
3261 1196 3268 1200 ’
3408 1271 3416 1280 ι

2324 1294 2482 1350 Κατά
2508 1311 2561 1346 τι
2587 1293 2789 1363 ἰδίωμα
2814 1292 2847 1361 ἡ
2873 1291 3068 1361 Γραφὴ
3091 1287 3167 1353 ὼς
3197 1285 3534 1354 αἰτιολογίαν
3567 1283 3753 1354 τίθησι
3781 1285 3851 1336 τά

2253 1389 2320 1442 ἐκ
2347 1389 2448 1459 τῆς
2479 1385 2758 1449 ἐκϐάσεως
2782 1382 3176 1453 συμϐαίνοντα.
3212 1380 3363 1434 Ἔδει
3392 1375 3487 1433 οὖν
3507 1383 3600 1432 τὸν
3639 1378 3853 1431 Ἰούδαν

2259 1479 2503 1552 μαθόντα
2525 1478 2586 1531 τὸ
2631 1473 3122 1548 προδιαγορευθὲν,
3159 1472 3234 1544 μὴ
3273 1470 3567 1541 προδοῦναι
3594 1469 3690 1522 τὸν
3717 1470 3854 1539 Χρι-

2255 1572 2398 1627 στόν.
2438 1571 2496 1623 Εἰ
2534 1568 2590 1622 δέ
2613 1585 2698 1630 τις
2727 1566 2871 1620 εἴποι
2898 1583 2911 1595 ·
2950 1566 3072 1629 [Ιῶς
3095 1564 3458 1633 φυλάσσοντος
3487 1559 3581 1614 τοῦ
3608 1560 3854 1631 Χριστοῦ

2256 1663 2536 1728 annalem;
2583 1660 2825 1725 λεκτέον,
2864 1660 2948 1712 ὅτι
2995 1659 3058 1711 οὐ
3103 1657 3231 1720 τοὺς
3262 1653 3501 1724 φαύλους
3552 1654 3852 1722 φυλάσσει,

2256 1755 2370 1810 ἀλλ’
2399 1755 2427 1808 ὃ
2473 1753 2567 1807 ἐὰν
2604 1750 2969 1817 αὐτεξουσίως
3007 1748 3208 1802 θέλωσι
3240 1745 3565 1816 πράττουσι.
3616 1744 3760 1807 Τοὺς
3791 1744 3853 1796 δὲ

2257 1851 2496 1919 ἀγαθοὺς
2543 1847 2808 1917 φυλάσσει
2855 1844 2952 1898 καὶ
2998 1842 3250 1912 δυναμοϊ,
3295 1839 3384 1891 διὰ
3424 1839 3486 1892 τὸ
3540 1841 3617 1909 μὴ
3655 1839 3852 1908 ἀρκεῖν

573 1955 680 2007 rat,
715 1946 839 2015 quia
875 1945 1342 1999 libertas‘arhitrii
1364 1959 1459 2014 per
1495 1959 1554 1999 se
1577 1959 1682 1998 non
1715 1943 1916 1999 suﬂicit
1946 1945 2149 2000 homini

2263 1945 2352 2016 τὴν
2382 1943 2476 1998 τοῦ
2508 1940 2795 2012 ἀνθρώπου
2828 1937 3150 2008 προαίρεσιν
3185 1932 3482 2007 φυλάσσειν
3511 1930 3703 1985 αὐτόν.

571 2038 948 2092 custodiendo.

634 2129 797 2184 Vens.
829 2130 916 2184 M.
947 2149 964 2181 ι
995 2128 1106 2200 Ego
1135 2129 1253 2183 dedi
1282 2129 1361 2183 eis
1381 2143 1684 2184 sermonem
1721 2137 1890 2193 utum,
1923 2138 1977 2184 et
2000 2146 2156 2183 mun-

569 2223 670 2278 dus
698 2238 791 2277 eos
822 2223 946 2278 odio
969 2221 1176 2287 habuit,
1205 2223 1331 2292 quia
1358 2236 1462 2276 non
1490 2231 1618 2277 sunt
1653 2222 1720 2277 de
1752 2223 1975 2290 mundo,
2011 2225 2150 2278 sicut

569 2323 624 2368 et
644 2329 745 2384 ego
775 2328 878 2367 non
912 2327 1030 2367 sum
1055 2312 1120 2366 de
1143 2311 1364 2366 mundo.
1401 2331 1421 2365 ι
1819 2341 1848 2378 ρ

623 2406 848 2474 Quando
880 2406 1034 2471 dicit,
1066 2405 1131 2459 de
1159 2405 1356 2460 mundo
1386 2415 1530 2471 sunt,
1562 2413 1814 2460 naturam
1853 2404 2105 2476 intelligit
2135 2423 2150 2473 ;

569 2514 692 2552 cum
728 2512 858 2552 vero
883 2497 1038 2562 dicit,
1062 2513 1166 2551 non
1188 2507 1335 2562 sunt,
1368 2513 1557 2553 eorum
1591 2499 1864 2564 signiﬁcat
1888 2499 2152 2554 innocen-

573 2591 725 2654 tiam,
756 2592 831 2644 uti
860 2599 915 2645 et
940 2591 1052 2660 ipse
1077 2599 1217 2645 erat.
1263 2589 1535 2645 Particula
1581 2605 1708 2646 vero
1746 2593 1886 2646 sicut
1935 2606 2041 2646 non
2073 2601 2155 2646 est

569 2683 894 2738 omnimodae
929 2683 1205 2752 puritatis;
1241 2683 1334 2738 sed
1373 2697 1437 2737 ac
1468 2682 1513 2738 si
1549 2682 1695 2738 dicat
1729 2700 1742 2736 :
1779 2680 1896 2737 lam
1924 2684 2044 2738 οωιί
2077 2683 2155 2737 εἰσ

571 2790 664 2828 ves
697 2773 820 2829 facti
849 2783 994 2838 sunt,
1027 2783 1081 2828 et
1107 2774 1455 2829 nihilhabeut
1477 2779 1599 2829 cum
1623 2775 1828 2828 mundo
1846 2788 2152 2828 commune.

571 2865 758 2935 Magna
825 2866 1093 2935 siquidem
1157 2875 1471 2920 naturarum
1534 2841 1822 2921 diversitas
1873 2875 2010 2920 est:
2067 2865 2157 2921 ille

569 2957 770 3025 quippe
796 2964 984 3010 natura
1021 2956 1188 3022 Deus,
1221 2956 1273 3011 hi
1307 2971 1436 3012 vero
1461 2957 1713 3013 homines
1743 2969 1921 3014 erant.

643 3046 804 3100 Vens.
843 3046 932 3099 15.
969 3065 988 3098 ι
1027 3047 1140 3101 Non
1175 3061 1304 3114 rogo
1327 3059 1386 3102 ut
1421 3048 1574 3104 tollas
1605 3064 1698 3104 eos
1726 3050 1793 3104 de
1823 3051 2043 3116 mundo,
2062 3053 2156 3108 sed

573 3143 629 3187 ut
660 3149 846 3190 serves
870 3149 963 3188 eos
989 3151 1016 3188 a
1048 3134 1209 3192 malo.
1253 3154 1272 3187 ι

627 3227 1071 3296 Quandoquidem
1101 3228 1347 3299 discipuli
1383 3229 1434 3284 in
1469 3229 1625 3286 factis
1650 3232 1764 3288 suis
1803 3232 1970 3288 etiam
1994 3234 2156 3288 Chri-
2186 3268 2233 3326 C

2334 2147 2351 2180 ι
2401 2127 2543 2196 Ἐγὼ
2568 2126 2777 2180 δέδωκα
2808 2127 2989 2190 αὐτοῖς
3018 2125 3108 2178 τὸν
3135 2124 3293 2193 λόγον
3317 2139 3435 2190 σου,
3464 2121 3562 2175 καὶ
3587 2120 3617 2172 ό
3641 2118 3849 2184 κόσμος

2257 2222 2522 2292 ἐμίσησεν
2558 2220 2778 2284 αὐτοὺς,
2812 2221 2894 2272 ὅτι
2915 2219 3014 2272 οὐκ
3045 2218 3184 2270 εἰσὶν
3224 2218 3288 2270 ἐκ
3314 2215 3408 2270 τοῦ
3443 2215 3677 2284 κόσμου,
3716 2210 3852 2264 καθ-

2255 2314 2330 2378 ὼς
2355 2314 2466 2380 ἐγὼ
2491 2313 2592 2367 οὐκ
2627 2313 2744 2385 εἰμὶ
2768 2314 2833 2365 ἐκ
2862 2311 2955 2364 τοῦ
2988 2310 3220 2380 κόσμου.
3266 2328 3284 2360 ι

2329 2405 2500 2459 Ὅταν
2529 2405 2688 2478 λέγῃ,
2727 2404 2796 2458 ἐκ
2839 2402 2946 2457 τοῦ
2971 2402 3205 2472 κόσμου
3231 2399 3351 2454 εισι
3373 2437 3388 2463 ,
3415 2397 3515 2469 τὴν
3555 2395 3722 2466 φύσιν
3761 2393 3851 2445 λέ-

2258 2491 2378 2568 γει·
2425 2498 2553 2552 ὅταν
2593 2497 2652 2550 δὲ
2696 2495 2856 2570 λέγῃ,
2891 2494 2982 2548 ὅτι
3022 2495 3136 2548 οὐκ
3179 2491 3323 2557 sici,
3355 2489 3442 2544 διὰ
3465 2489 3526 2542 τὸ
3570 2489 3850 2556 ἀπόνηρον

2258 2592 2430 2661 λέγει,
2463 2592 2541 2655 ὡς
2572 2591 2667 2645 καὶ
2695 2590 2858 2654 αὐτὸς
2895 2585 2986 2661 ἦν.
3017 2587 3092 2640 Τὸ
3119 2586 3175 2640 δὲ
3206 2584 3403 2652 καθὼς
3433 2576 3536 2638 ὧδε
3569 2581 3673 2635 οὐκ
3699 2581 3852 2632 ἔστιν

2257 2669 2545 2758 ἀκριϐείας
2588 2681 3009 2756 ἀπαραλλάκτου
3031 2698 3046 2713 ο
3089 2680 3118 2734 ὃ
3154 2679 3213 2733 δὲ
3252 2678 3436 2747 λέγει,
3466 2673 3630 2728 τοῦτό
3665 2676 3812 2725 ἐστιν
3833 2687 3848 2699 ο

2261 2777 2698 2852 Οὑρανοπολίται
2739 2776 3025 2846 γεγόνασι,
3050 2774 3147 2828 καὶ
3173 2771 3328 2826 οὐδὲν
3364 2768 3545 2841 έχουσι
3576 2765 3715 2838 πρὸς
3749 2766 3852 2833 τὴν

2257 2872 2364 2943 γῆν
2406 2871 2602 2926 κοινόν.
2657 2869 2803 2924 Πολὺ
2836 2868 2945 2942 γὰρ
2993 2867 3055 2921 τδ
3103 2866 3214 2920 τῶν
3260 2862 3475 2935 φύσεων
3501 2860 3798 2931 διάφορον·

2263 2966 2363 3038 μέν
2390 2966 2507 3018 ἐστι
2535 2961 2696 3033 φύσει
2721 2960 2885 3027 Θεδς,
2919 2961 2969 3014 οἱ
2997 2959 3052 3013 δὲ
3085 2956 3387 3029 ἄνθρωποι.

2337 3076 2356 3110 ι
2394 3058 2508 3112 Οὐκ
2556 3054 2746 3128 ἐρωτῶ
2782 3055 2870 3109 ἵνα
2923 3053 3066 3127 ἄρῃς
3111 3049 3313 3113 αὐτοὺς
3373 3049 3438 3100 ἐκ
3485 3043 3582 3099 τοῦ
3617 3041 3852 3113 κόσμου,

2259 3152 2375 3207 ἀλλ’
2405 3152 2495 3205 ἵνα
2522 3151 2770 3222 τηρήσῃς
2795 3148 2993 3211 αὐτοὺς
3021 3147 3086 3200 ἐκ
3111 3162 3204 3199 του
3237 3140 3502 3214 πονηροῦ.
3541 3159 3560 3192 ι

2345 3219 2794 3313 Ἐπειδὴνδμοιον
2839 3236 3076 3310 ἥμελλον
3127 3235 3303 3288 ποιεῖν
3362 3233 3411 3285 oi
3465 3225 3740 3301 μαθηταὶ,
3789 3219 3855 3280 οὗ

573 3331 661 3374 sto
681 3320 886 3376 similes
914 3320 1077 3377 futuri
1113 3331 1290 3389 erant,
1321 3324 1398 3378 ait
1449 3339 1544 3381 eos
1575 3341 1714 3396 opus
1752 3327 1950 3382 habere
1979 3326 2156 3397 Spiri-

2263 3336 2520 3404 ἐποίησεν
2551 3308 2595 3387 ⁷ό
2628 3308 2901 3404 Χριστὸς,
2932 3325 3158 3384 δεῖσθαι’
3189 3325 3388 3390 αὐτούς
3439 3341 3574 3395 φησι
3623 3320 3721 3374 τοῦ
3763 3320 3854 3372 διὰ

575 3422 662 3466 tus
685 3411 1136 3480 sanctiﬁcatione,
1173 3423 1234 3468 ut
1283 3414 1470 3469 orbem
1497 3418 1702 3486 absque
1746 3418 1874 3472 mali
1921 3417 2152 3490 alicujus

575 3501 964 3571 impedimento
1007 3505 1296 3575 peragrare
1323 3518 1562 3576 possent.
1785 3509 1790 3514 ’

639 3594 804 3650 Vens.
834 3595 920 3651 16.
961 3616 979 3649 ι
1016 3597 1077 3653 Et
1107 3615 1204 3668 pro
1240 3599 1321 3656 eis
1349 3615 1450 3669 ego
1485 3603 1769 3660 sanctiﬁco
1826 3606 2094 3676 meipsum
2135 3625 2151 3663 :

574 3701 635 3745 ut
665 3691 773 3744 sint
801 3701 856 3746 et
882 3691 978 3762 ipsi
1002 3693 1326 3749 sanctiﬁcati
1362 3695 1414 3748 in
1447 3697 1694 3753 veritate.
1727 3717 1748 3752 ο

660 3783 942 3839 Sacriﬁcia
999 3787 1188 3840 omnia
1237 3797 1424 3841 sancta
1478 3799 1761 3854 vocantur,
1836 3803 2021 3862 utpote
2053 3793 2163 3850 Deo

576 3875 775 3930 oblata.
807 3875 920 3932 Hoc
960 3885 1137 3931 autem
1169 3879 1222 3932 in
1259 3882 1478 3935 veritate
1524 3882 1676 3946 dixit,
1712 3885 1836 3953 quia
1880 3887 1929 3938 in
1991 3887 2158 3958 ﬁgura

577 3978 697 4021 erat
729 3985 846 4036 quae
879 3983 972 4037 per
1000 3985 1154 4024 ovem
1205 3972 1362 4026 fiebat
1415 3973 1798 4042 sanctificatio,
1861 3977 1943 4032 vel
1994 3982 2159 4033 etiam

577 4065 704 4130 quia
739 4063 836 4116 hos
881 4062 975 4120 tibi
1006 4062 1176 4118 offero
1210 4063 1260 4118 in
1287 4064 1611 4121 oblationem
1651 4087 1665 4136 ;
1702 4070 1784 4123 vel
1814 4071 1938 4138 quia
1972 4071 2076 4127 hoc
2105 4073 2159 4126 in

579 4155 773 4221 capitis
814 4155 1185 4212 immolatione
1240 4155 1446 4212 factum
1488 4168 1613 4223 est;
1669 4161 1750 4215 vel
1799 4163 1984 4231 etiam,
2034 4155 2158 4235 quiti

581 4248 679 4316 ipsi
702 4249 1015 4303 obtulerunt
1069 4265 1300 4320 corpora
1329 4267 1425 4306 sua
1458 4253 1690 4308 hostiam
1721 4256 1990 4312 viventem
2027 4275 2045 4327 ;
2081 4260 2162 4315 vel

529 4347 532 4350 '
581 4339 836 4407 denique,
869 4339 996 4409 quia
1053 4340 1175 4397 sine
1207 4350 1383 4397 morte
1439 4359 1650 4411 eorum,
1710 4346 1826 4415 ipse
1879 4347 2005 4404 fecit
2042 4349 2162 4406 illos

581 4429 937 4497 sacriﬁcium,
971 4447 1069 4501 pro
1100 4431 1210 4487 illis
1241 4434 1477 4490 occisus.

636 4517 800 4576 Vens.
833 4519 926 4578 20.
971 4541 988 4574 ι
1018 4521 1135 4578 Non
1167 4537 1266 4591 pro
1294 4526 1374 4580 eis
1410 4535 1592 4581 autem
1638 4543 1768 4599 rogo
1807 4539 2038 4600 tantum,
2069 4534 2161 4587 sed

2263 3427 2578 3497 Πνεῦματος
2626 3423 2934 3496 ἁγιασμοῦ,
2973 3424 3060 3476 ἵνα
3089 3418 3360 3491 δυνηθῶσι
3397 3417 3720 3488 διαδραμεῖν
3753 3413 3856 3483 τὴν

2261 3521 2611 3592 οἴκουμένην,
2641 3518 2715 3592 μὴ
2740 3517 3158 3590 ἐμποδιζόμενοι
3188 3513 3292 3567 ὑπὸ
3319 3510 3414 3565 τοῦ
3445 3508 3708 3580 πονηροῦ.

2340 3633 2358 3665 ι
2402 3615 2514 3668 Κοιί
2548 3613 2690 3686 ὑπερ
2720 3611 2902 3666 αὐτῶν
2933 3608 3043 3678 ἐγὼ
3093 3605 3307 3676 ἁγιάζω
3338 3603 3609 3676 ἐμαυτόνο
3643 3603 3734 3654 ἵνα
3759 3601 3858 3653 καὶ

2264 3707 2417 3762 αὐτοὶ
2443 3701 2576 3760 ὦσιν
2610 3704 2936 3778 ἡγιασμένοι
2972 3705 3030 3757 ἐν
3054 3701 3299 3772 ἀληθείᾳ.
3344 3718 3364 3753 ι

2336 3801 2402 3854 Ai
2433 3799 2618 3853 θυσίαι
2672 3798 2845 3852 πᾶσαι
2890 3796 3044 3864 ἅγιαι
3073 3793 3384 3856 καλοῦνται,
3424 3789 3499 3856 ὡς
3525 3788 3645 3860 Θεῷ
3674 3805 3855 3860 προ-σ-

2265 3893 2552 3963 αγόμεναι.
2587 3890 2660 3944 Τὸ
2695 3889 2752 3943 δὲ
2778 3890 2848 3942 ἐν
2875 3886 3133 3958 ἀληθείᾳ
3159 3882 3331 3948 εἶπεν,
3362 3884 3444 3938 ὃτι
3465 3884 3524 3937 ἐν
3547 3883 3710 3951 τύπῳ
3731 3877 3800 3953 ἦν
3829 3882 3859 3932 ό

2264 3985 2350 4040 διὰ
2380 3983 2472 4038 τοῦ
2511 3982 2784 4054 προϐάτου
2819 3982 3117 4051 ἁγιασμὸς·
3138 3980 3256 4050 ἦτοι
3281 3977 3344 4031 τὸ
3376 3975 3488 4030 Καὶ
3534 3973 3737 4036 αὐτούς
3771 3990 3859 4024 σοι

2265 4075 2560 4145 ἀνατίθημι
2594 4075 2947 4147 προσφοράν·
2994 4071 3028 4144 ἣ
3059 4070 3140 4137 τὸ,
3175 4071 3274 4140 τῆς
3311 4067 3554 4137 κεφαλῆς
3580 4065 3861 4137 θυομένης

2265 4168 2424 4223 τοῦτο
2452 4169 2662 4237 ἐγίνετο
2684 4185 2697 4199 ·
2733 4167 2792 4240 ἢ,
2821 4167 2904 4221 ὅτι
2930 4165 3025 4219 παλ⁷
3043 4165 3196 4218 αὐτοὶ
3221 4162 3497 4232 παρίστων
3527 4159 3595 4212 τὰ
3627 4157 3860 4227 σώματα

2265 4261 2472 4316 ἐαυτῶν
2502 4261 2696 4314 θυσίαν
2732 4259 2914 4322 ζῶσαν
2938 4275 2950 4287 ’
2977 4258 3010 4330 ἢ
3036 4257 3152 4319 καὶ,
3188 4256 3270 4310 ὅτι
3301 4254 3470 4325 χωρὶς
3500 4251 3736 4304 θανάτου
3762 4250 3862 4303 θυ-

2267 4358 2390 4410 σίαν
2417 4355 2616 4418 αὐτοὺς
2646 4354 2842 4420 ἐποίει,
2875 4353 3016 4424 ὑπὲρ
3041 4349 3222 4405 αὐτῶν
3248 4343 3717 4420 σφαγιαζόμενος.

2342 4545 2360 4577 ι
2400 4527 2474 4580 Οὐ
2507 4527 2635 4597 περὶ
2665 4525 2872 4580 τούτων
2899 4526 2956 4580 δὲ
2989 4525 3180 4598 ἐρωτῶ
3213 4524 3395 4596 μόνον,
3426 4521 3564 4576 ἀλλὰ
3593 4522 3689 4573 καὶ
3722 4521 3854 4590 περὶ

580 4615 755 4682 elpio
795 4613 876 4670 eis
924 4616 1014 4685 qui
1055 4615 1320 4672 creditttri
1355 4627 1484 4673 sunt
1539 4633 1636 4690 per
1697 4622 1920 4678 verbum
1971 4641 2159 4681 eorum

2268 4617 2376 4671 τῶν
2406 4618 2770 4673 πιστευόντων
2799 4618 2887 4673 διὰ
2915 4619 3010 4673 τοῦ
3042 4618 3202 4689 λόγου
3233 4616 3412 4672 αὐτῶν
3440 4617 3516 4680 εἰς
3553 4615 3679 4685 ἐμέ.
3718 4634 3737 4664 ι

580 4707 634 4761 in
651 4723 761 4762 me.
795 4727 814 4758 ι

633 4798 751 4855 Νοιι
781 4799 914 4856 solis
944 4801 1246 4872 discipulis,
1275 4803 1370 4860 sed
1401 4811 1456 4860 et
1485 4803 1738 4860 omnibus
1785 4805 2034 4861 ﬁdelibus
2064 4824 2162 4875 po-

582 4891 744 4947 stulat
796 4893 1046 4949 Christus
1097 4894 1334 4964 Spiritus
1389 4896 1564 4951 sancti
1621 4897 1855 4968 gratiam
1915 4899 2164 4964 concedi,

582 4984 985 5054 qumnimirum
1027 4986 1298 5041 hominem
1326 4991 1393 5042 ad
1429 4989 1669 5044 divinam
1727 4990 2020 5058 imaginem
2081 5009 2167 5048 re-

584 5076 799 5130 format.
831 5077 924 5131 llla
953 5089 1132 5133 autem
1158 5081 1471 5151 conjunctio
1496 5097 1599 5137 non
1627 5082 1683 5136 ﬁt
1716 5087 2012 5140 secundum
2040 5089 2166 5141 suh-

582 5169 860 5234 stantiam,
888 5169 970 5223 vel
1005 5170 1346 5242 hypostasiu,
1375 5174 1468 5228 sed
1505 5189 1598 5242 per
1637 5173 1758 5228 fidei
1785 5177 2161 5244 concordiam,

583 5273 690 5325 qua
715 5269 979 5314 noverunt
1001 5259 1181 5316 fideles
1205 5261 1399 5316 Filittm
1431 5263 1769 5333 beneplacito
1791 5262 1970 5321 Patris
1991 5266 2168 5322 incar-

584 5359 769 5406 natum
801 5364 942 5407 esse.
986 5349 1103 5408 Hoc
1133 5353 1278 5408 enim
1303 5364 1387 5410 est
1412 5369 1536 5411 esse
1559 5354 1810 5412 missum.

644 5533 806 5592 Vens.
836 5535 928 5592 2'2.
967 5557 986 5592 ι
1017 5539 1086 5593 Ει
1115 5553 1214 5609 ego
1243 5539 1568 5608 claritatem,
1601 5557 1762 5613 quam
1791 5543 1984 5600 dedisti
2015 5543 2168 5612 mihi,

574 5626 707 5681 dedi
731 5630 844 5683 eis:
876 5641 935 5684 ut
958 5631 1277 5698 sintuuum,
1304 5633 1445 5689 sicut
1471 5642 1524 5689 et
1576 5650 1675 5690 nos
1704 5652 1871 5692 unum
1897 5652 2104 5692 sumus.
2146 5656 2163 5689 ι

649 5717 965 5777 Claritatem
993 5723 1124 5778 dicit
1154 5739 1272 5780 eam
1301 5741 1422 5795 qua:
1467 5741 1536 5781 ex
1568 5727 1759 5798 signis,
1796 5739 1851 5784 et
1885 5730 2168 5794 doctrinis,

593 5816 758 5878 atque
794 5811 1097 5868 animorum
1117 5817 1475 5872 consensione
1500 5819 1817 5874 exsistebat.
1849 5819 1965 5890 Ipse
1995 5832 2171 5877 autem

607 5917 732 5958 cum
764 5905 929 5962 etiam
963 5905 1272 5978 largiretur,
1310 5921 1532 5982 propter
1580 5913 1854 5968 att-liturcs
1896 5925 2072 5970 tamen
2117 5917 2167 5972 in

2339 4798 2414 4853 Οὐ
2442 4799 2628 4872 μόνοις
2670 4802 2782 4863 τοῖς
2815 4799 3108 4871 μαθηταῖς,
3150 4796 3287 4852 ἀλλᾶ
3323 4798 3416 4852 καὶ
3441 4799 3577 4850 πᾶσι
3615 4797 3731 4860 τοῖς
3766 4815 3860 4849 m-

2271 4895 2415 4956 στοίς
2462 4894 2606 4947 αἰτεῖ
2641 4894 2669 4947 ὁ
2698 4893 2934 4964 Χριστὸς
2961 4892 3062 4963 τὴν
3087 4891 3176 4945 διὰ
3211 4890 3306 4944 τοῦ
3341 4890 3497 4961 άγίου
3533 4890 3861 4962 Πνεῦματος

2268 4986 2488 5056 δοθῆναι
2531 4986 2711 5058 χάριν,
2739 4987 2838 5056 τὴν
2877 4986 2958 5048 εἰς
3000 4983 3150 5038 θείαν
3194 4984 3380 5037 εἰκόνα
3423 4983 3515 5036 τὸν
3563 4983 3858 5054 ἄνθρωπον

2270 5079 2686 5151 ἀκθαμορφοῦσα.
2740 5077 2889 5150 Αὕτη
2915 5079 2973 5132 δὲ
3007 5080 3040 5150 ἡ
3065 5077 3262 5141 ἐνωσις
3291 5077 3353 5130 οὐ
3401 5078 3524 5133 κατ’
3551 5078 3745 5131 οὐσίαν
3776 5079 3862 5146 γί-

2271 5189 2456 5237 νεται,
2499 5171 2690 5242 ἢκαθ’
2736 5171 3059 5238 ὑπόστασιν,
3117 5171 3252 5225 ἀλλᾶ
3302 5172 3443 5226 κατὰ
3480 5171 3580 5242 τὴν
3624 5171 3727 5240 τῆς
3774 5171 3864 5222 πί-

2273 5281 2443 5328 στεως
2475 5262 2816 5334 συμφωνίαν,
2858 5264 2981 5318 καθ’
3013 5265 3082 5336 ἢν
3128 5264 3376 5332 ἔγνωσαν
3406 5265 3455 5317 οἱ
3485 5265 3690 5326 πιστοὶ,
3721 5264 3805 5317 ὅτι
3835 5266 3863 5316 ό

2272 5359 2402 5422 Υἱὸς
2444 5358 2664 5429 εὐδοκία
2703 5357 2917 5427 Πατρὺς
2962 5356 3276 5429 ἐσαρκὼθη.
3306 5357 3476 5411 Τοῦτο
3507 5357 3616 5428 γάρ
3656 5359 3774 5408 ἐστι
3805 5354 3864 5409 τὸ

2273 5452 2648 5524 ἀποσταλῆναι
2659 5491 2673 5504 .

2351 5565 2368 5598 ι
2410 5545 2520 5599 Καὶ
2569 5542 2680 5614 ἐγὼ
2715 5543 2814 5615 τὴν
2858 5545 3040 5610 δόξαν,
3095 5545 3162 5616 ἢν
3215 5543 3456 5609 δέδωκάς
3494 5562 3614 5611 μοι,
3651 5542 3863 5596 δέδωκα

2275 5641 2485 5704 αὐτοῖς,
2523 5639 2607 5692 ἵνα
2631 5631 2764 5692 ὦσιν
2789 5637 2869 5702 ἓν,
2899 5637 3082 5701 καθὼς
3113 5639 3272 5710 ἡμεῖς
3303 5637 3362 5690 ἓν
3393 5639 3581 5706 ἐσμεν.
3622 5655 3640 5687 ι

2345 5729 2514 5794 Δόξαν
2543 5729 2691 5799 λέγει
2725 5728 2824 5801 τὴν
2866 5728 2976 5782 τῶν
3011 5716 3258 5799 σημείων
3303 5729 3397 5782 καὶ
3437 5728 3724 5797 δογμάτων
3771 5728 3864 5780 καὶ

2274 5821 2600 5893 όμοψυχίας.
2633 5821 2805 5885 Αὐτὸς
2826 5820 2880 5874 δὲ
2911 5821 2986 5875 ῶν
3010 5823 3038 5874 ὁ
3061 5821 3258 5890 διδοὺς,
3286 5818 3375 5873 διὰ
3405 5820 3532 5884 τοὺς
3561 5818 3861 5883 ἀκούοντας

2288 5916 2682 5988 σχηματίζεται
2707 5914 2806 5989 τὴν
2837 5915 3074 5987 αἴτησιν,
3107 5915 3200 5971 καὶ
3224 5913 3298 5982 ὡς
3331 5912 3618 5985 ἄνθρωπος
3642 5912 3861 5985 λέγεται

1069 6561 1078 6564 ,,
1109 6560 1136 6564 __
1173 6559 1196 6562 _..
1971 6563 1995 6565 _
2017 6547 2296 6563 ΑΜ

349 6572 646 6594 __———-—_:—.:
653 6569 680 6586 :
