4130 6524
208 427 349 494 15οπ5

1270 411 1731 477 FRAGMENTA
1773 411 1851 473 IN
1892 414 1953 476 S.
1995 414 2374 478 JOANNEM.

3348 406 3521 475 1506'

203 535 509 611 λαμϐάνειν
549 534 619 590 τὰ
670 534 831 604 φύσει
881 532 1153 606 προσόντα
1200 531 1371 601 αὐτῷ.
1421 529 1584 597 Λέγει
1612 527 1669 581 δὲ
1697 526 1796 599 τὴν

1911 528 2075 585 forma
2102 531 2369 585 orationis
2407 538 2583 601 rogat,
2619 529 2751 586 etin
2791 534 3056 596 quantum
3088 524 3253 580 homo
3285 524 3489 581 dicitur

204 634 304 687 τοῦ
340 629 658 702 Πνεῦματος
685 628 866 699 χάριν.

296 826 316 861 ι
354 806 564 878 Πάτερ,
612 803 705 868 οὒς
734 800 976 865 δέδωκάς
1015 817 1136 872 μοι,
1179 798 1351 865 θέλω,
1402 798 1488 852 ἴνα
1515 796 1650 852 ὅπου
1681 797 1797 870 εἰμὶ

209 903 345 971 ἐγὼ,
384 902 629 955 κάκεῖνοι
652 891 756 951 ῶσι
781 896 900 968 μετ’
935 894 1095 967 ἐμοῦ.
1138 912 1157 945 ι

283 991 361 1045 Δι’
390 984 465 1044 ὧν
497 988 645 1056 λέγει
673 985 765 1040 τὸν
811 983 1084 1038 δεδωκότα
1127 982 1223 1035 καὶ
1253 980 1346 1035 τὸν
1379 978 1619 1034 λαϐόντα
1638 1021 1655 1049 ,
1699 978 1799 1043 τὰς

212 1083 545 1145 ὑποστάσεις
570 1080 721 1151 δηλοῖ
746 1077 959 1149 Πατρὸς
982 1075 1078 1130 καὶ
1110 1073 1262 1128 Υἰοῦ.
1301 1074 1414 1127 Καὶ
1434 1073 1598 1128 πάλιν
1622 1071 1797 1126 εἰπὼν

212 1174 356 1231 εἶναι
402 1172 595 1229 ἑαυτὸν
623 1170 733 1243 πρὸ
758 1170 969 1241 κόσμου
995 1206 1012 1233 ,
1054 1166 1265 1238 ἐλέγχει
1306 1166 1433 1229 τοὺς
1463 1165 1797 1237 αἰρετικοὺς,

209 1270 341 1333 τοὺς
373 1267 629 1337 λέγοντας
674 1264 757 1319 ὅτι
786 1264 851 1317 ἐκ
877 1260 985 1316 τῶν
1028 1258 1239 1331 χρόνων
1268 1258 1490 1329 Μαρίας
1535 1256 1664 1328 ἔσχε
1698 1255 1798 1328 τὴν

212 1360 390 1434 ἀρχὴν
421 1360 451 1414 6
479 1346 733 1432 Χριστός.

802 1464 1055 1520 ΚΕΦΔΛ.
1097 1463 1207 1518 ΙΗ’.

291 1608 314 1645 ι
362 1586 567 1659 Ἰησοῦς
595 1580 689 1641 οὖν
716 1582 871 1646 εἰδὼς
900 1583 1078 1638 πάντα
1105 1579 1177 1635 τά
1198 1579 1471 1652 ἐρχόμενα
1500 1578 1587 1633 ἐπ’
1614 1576 1797 1643 αὑτὸν,
1842 1622 1847 1625 .

214 1682 471 1751 ἐξελθὼν,
498 1676 651 1734 εἶπεν
677 1678 860 1741 αὐτοῖς
878 1694 893 1709 ’
920 1674 1056 1731 Τίνα
1087 1673 1337 1745 (meite;
1378 1691 1398 1724 ι

291 1869 406 1939 Οὐχ
439 1866 515 1928 ὡς
545 1861 759 1933 ἀγνοῶν
793 1859 1005 1931 ἐρωτᾷ,
1037 1855 1152 1911 ἀλλ’
1191 1855 1279 1908 ἵνα
1311 1852 1551 1924 γνῶμεν,
1593 1853 1674 1906 ὅτι
1705 1850 1800 1905 καὶ

215 1959 412 2033 παρὼν
441 1958 540 2028 οὐχ
567 1956 803 2026 ἑωρᾶτο,
835 1951 868 2023 ἢ
895 1948 1242 2021 ἐγνωρίζετο,
1281 1948 1330 1999 εἰ
1357 1946 1432 2017 μὴ
1454 1946 1543 1998 ὅτε
1566 1943 1726 2016 ἤθελε
1750 1953 1797 1999 ε.

298 2147 388 2209 Ὠς
416 2143 570 2205 εἰδὼς
600 2140 798 2207 πάντα,
830 2139 1120 2209 ἀταράχως
1149 2134 1245 2188 ὃλα
1275 2132 1448 2187 ἐποίει
1479 2130 1574 2186 καὶ
1599 2130 1801 2198 ἐλάλει,

216 2242 311 2294 καὶ
337 2238 462 2292 οὔτε
489 2236 596 2290 ἀπὸ
623 2234 725 2304 τῆς
756 2234 964 2302 φωνῆς,
997 2228 1125 2283 οὔτε
1155 2230 1183 2281 6
1223 2227 1427 2291 Ἰούδας
1458 2224 1583 2278 οὔτε
1617 2226 1668 2278 οἱ
1697 2224 1805 2276 λοι-

222 2334 307 2386 ποὶ
338 2329 747 2399 ἐπεγίγνωσκον
780 2323 965 2390 αὑτὸν,
996 2324 1046 2375 εἰ
1074 2320 1149 2392 μὴ
1182 2320 1270 2373 ὅτε
1293 2318 1546 2389 ἠθέλησε.
1580 2313 1804 2386 [Cum]

296 2444 315 2475 ι
367 2423 485 2476 Ἵνα
531 2416 793 2492 πληρωθῇ
824 2415 852 2467 6
899 2414 1056 2482 λόγος
1075 2454 1090 2476 ,
1138 2411 1198 2465 δν
1227 2406 1383 2464 εἶπεν
1402 2427 1419 2455 ι
1450 2408 1573 2462 Ὅτι
1602 2406 1694 2470 οὓς
1724 2406 1802 2459 δέο

215 2515 395 2578 δυκάς
429 2528 538 2583 μοι,
574 2510 675 2562 οὐκ
703 2505 964 2561 ἀπώλεσα
987 2504 1046 2571 ἐξ
1073 2501 1250 2556 αὐτῶν
1281 2500 1493 2555 οὐδένα.
1534 2517 1553 2551 ι

290 2606 389 2659 Διά
413 2604 512 2668 τὰς
539 2600 648 2654 τῶν
686 2594 941 2670 μαθητῶν
986 2592 1269 2655 ἀσθενείας
1300 2590 1408 2655 ἔξω
1438 2589 1671 2641 ποιεῖται
1705 2586 1806 2639 αὐ-

218 2699 347 2760 τοὺς
376 2688 720 2766 πειρασμῶν,
748 2686 824 2751 ῶς
857 2685 989 2749 Θεὸς
1030 2683 1117 2737 ἀεὶ
1157 2676 1493 2751 φυλάσσωνά
1528 2677 1655 2740 τοὺς
1684 2692 1807 2766 ⁸μα-

222 2787 410 2859 θητὰς,
440 2762 599 2853 μόνον
618 2779 710 2832 τὸν
744 2774 946 2831 Ἰούδαν
966 2775 1032 2844 τῇ
1057 2770 1419 2844 προαιρετικῇ
1450 2766 1619 2837 κακία
1640 2762 1807 2828 ἐάσας

222 2875 543 2932 ἀπολέσθαι.

299 2990 318 3023 ι
363 2970 427 3021 Ἠ
459 2962 551 3021 οὖν
580 2963 796 3032 σπεῖρα,
825 2959 923 3013 καὶ
949 2958 976 3010 6
1005 2954 1307 3027 χιλίαρχος,
1330 2951 1426 3005 καί
1451 2951 1499 3003 οἱ
1533 2948 1806 3021 ὑπηρέται

220 3064 337 3117 τῶν
394 3057 663 3115 Ἰουδαίων
708 3052 1003 3124 συνέλαϐον
1042 3050 1133 3104 τὸν
1193 3044 1424 3115 Ἰησοῦν,
1477 3046 1572 3098 καὶ
1608 3044 1806 3115 ἔδησαν

220 3159 406 3216 αὐτόν.
449 3176 468 3208 ι

1896 625 2144 693 accipere
2197 638 2319 694 quae
2350 623 2673 678 naturaliter
2720 620 2979 677 habebat.
3018 617 3259 689 Spiritus
3294 628 3479 674 autem

1895 714 2027 769 dicit
2054 716 2305 784 gratiam.
3337 776 3347 789 η

1947 806 2113 863 Vens.
2136 808 2229 862 24.
2260 823 2280 860 ‹
2315 806 2497 875 Pater,
2527 820 2668 877 quos
2689 802 2885 860 dedisti
2922 801 3079 867 mihi,
3119 799 3242 857 volo
3278 809 3337 855 ut
3393 800 3484 855 ubi

1899 914 2021 955 sum
2048 915 2171 971 ego,
2210 908 2265 955 et
2300 900 2376 955 illi
2406 900 2516 957 sint
2549 913 2785 955 mecum.
2817 915 2839 950 ο

1949 991 2084 1046 Dum
2118 992 2333 1047 dantem
2358 1000 2414 1048 et
2461 991 2815 1061 accipientem
2863 990 3126 1060 assignat,
3170 987 3353 1043 Patris
3392 987 3490 1042 Fi-

1898 1080 2064 1151 liique
2088 1095 2355 1150 personas
2407 1080 2696 1152 significat.
2731 1079 2799 1133 Et
2839 1093 3056 1151 rursus,
3106 1090 3229 1132 cum
3262 1090 3322 1131 se
3362 1086 3491 1130 ante

1898 1174 2157 1225 mundum
2180 1183 2301 1225 esse
2328 1172 2541 1233 asserit,
2575 1170 2864 1225 haereticos
2896 1168 3273 1239 reprehendit,
3299 1168 3491 1222 dicen-

1902 1273 1980 1317 tes
2013 1261 2289 1318 Christum
2321 1262 2375 1318 in
2420 1271 2662 1333 tempore
2698 1277 2766 1318 ex
2819 1258 2989 1316 Maria
3021 1261 3349 1331 principium
3382 1263 3483 1315 ha-

1897 1354 2100 1411 buisse.

2499 1469 2654 1526 CAP.
2688 1465 2880 1525 XVIII.

1958 1582 2120 1640 Vens.
2151 1583 2208 1639 4.
2237 1600 2258 1637 ι
2290 1581 2448 1640 Jesus
2480 1586 2667 1655 itaque
2687 1584 2866 1639 sciens
2887 1582 3093 1649 omnia,
3121 1596 3241 1652 quae
3260 1590 3492 1637 ventura

1900 1684 2056 1731 erant
2084 1691 2249 1747 super
2286 1692 2434 1742 eum,
2488 1678 2778 1747 processit,
2833 1686 2888 1733 et
2941 1676 3078 1733 dixit
3142 1660 3253 1731 εἰὲς
3312 1676 3486 1744 Quem

1902 1770 2194 1841 qumritis?
2230 1788 2249 1821 ι

1955 1858 2072 1915 Non
2106 1860 2263 1931 quasi
2288 1859 2508 1915 nescius
2543 1859 2863 1929 interrogat,
2885 1856 2979 1913 sed
3001 1866 3059 1911 ut
3098 1856 3338 1913 sciamus
3365 1856 3493 1927 quia

1907 1966 2145 2023 przesens
2198 1968 2307 2008 non
2367 1952 2676 2019 videbatur,
2742 1965 2842 2008 nec
2888 1951 3341 2023 cognoscebatur,
3389 1950 3491 2006 uisi

1908 2047 2127 2114 quando
2145 2046 2384 2101 volebat.

1960 2136 2095 2191 Cum
2114 2147 2321 2211 cuncta
2369 2137 2498 2205 scit,
2535 2136 2718 2193 omnia
2746 2135 2933 2207 quiete
2966 2147 3022 2192 et
3071 2135 3204 2192 facit
3243 2144 3297 2193 et
3317 2136 3496 2208 loqui-

1910 2239 2018 2295 tur,
2055 2238 2110 2285 et
2151 2243 2334 2300 neque
2376 2228 2543 2285 ludas
2573 2243 2748 2298 neque
2793 2229 2975 2285 cazteri
3008 2229 3258 2301 discipuli
3308 2244 3431 2285 eum
3460 2245 3492 2285 a

1909 2322 2091 2376 sonitu
2122 2323 2272 2379 vocis
2295 2322 2700 2393 cognoscebant
2728 2322 2774 2377 si
2811 2336 2918 2377 non
2950 2322 3132 2379 vellet.

1943 2415 2107 2469 Vsus.
2133 2413 2186 2468 9.
2224 2431 2243 2464 ι
2279 2413 2347 2468 Ut
2369 2412 2687 2483 impleretur
2722 2427 2922 2479 sermo,
2949 2428 3111 2484 quem
3146 2413 3315 2470 dixit:
3357 2414 3496 2484 Quia

1909 2518 2045 2572 quos
2076 2503 2274 2559 dedisti
2304 2504 2458 2569 mihi,
2492 2518 2598 2559 non
2636 2503 2845 2574 perdidi
2874 2519 2940 2559 ex
2970 2504 3051 2560 eis
3076 2520 3427 2576 quemquam.
3460 2525 3481 2559 ι

1954 2594 2186 2665 Propter
2225 2595 2618 2666 discipulorum
2665 2595 3114 2663 imbecillitatem,
3170 2612 3265 2654 eos
3320 2608 3497 2657 tenta—

1912 2688 2150 2745 tionibus
2198 2688 2471 2756 subducit,
2505 2698 2563 2742 ut
2594 2687 2737 2744 Deus
2783 2703 3001 2760 semper
3030 2703 3124 2745 eos
3156 2689 3494 2757 custodiens,

1909 2782 2084 2836 solum
2133 2779 2326 2835 Judam
2382 2782 2452 2837 ob
2508 2793 2868 2850 spontaueam
2938 2784 3266 2851 pravitatem
3339 2785 3496 2858 perdi

1910 2886 2117 2926 smens.

1973 2963 2131 3017 Vens.
2161 2962 2248 3017 12.
2284 2981 2301 3013 ι
2338 2962 2551 3018 Cohors
2574 2976 2726 3033 ergo.
2758 2971 2814 3019 et
2844 2964 3116 3031 tribunus,
3173 2975 3231 3022 et
3261 2965 3496 3022 ministri

1906 3052 2219 3110 Iudaeorum
2252 3055 2790 3125 cortipreltenderunt
2823 3053 3034 3123 Jesum,
3069 3065 3125 3112 et
3189 3058 3498 3130 ligaverunt

1910 3161 2055 3202 eum.
2090 3166 2111 3199 ι

292 3252 564 3321 Δήσαντες
596 3244 760 3299 αὑτὸν
797 3239 1123 3311 ἐπλήρωσαν
1146 3235 1205 3288 τὸ
1234 3230 1524 3305 εἰρημένον
1549 3230 1796 3283 Ἡσαΐου·

1969 3238 2223 3312 Ligantes
2248 3255 2372 3295 eum
2405 3238 2770 3311 impleverunt
2822 3242 2967 3311 quod
3019 3242 3223 3298 dictum
3268 3255 3355 3301 est
3399 3261 3501 3317 per

223 3341 512 3411 Δήσωμεν
545 3338 653 3392 τὸν
684 3334 940 3388 δίκαιον.
996 3325 1332 3398 Ἐδεσμεῦθη
1376 3325 1406 3376 6
1449 3320 1679 3392 Κύριος,
1718 3322 1804 3374 ἴνα

221 3432 440 3504 δεσμῶν
467 3430 614 3502 ἡμᾶς
642 3424 927 3495 ἀπαλλάξῃ
949 3418 1290 3475 διαδολικῶν.

300 3500 336 3577 ι’
369 3500 621 3594 Ἐξῆλθεν
649 3515 740 3573 οὖν
778 3520 806 3572 ὁ
836 3514 1083 3588 μαθητὴς
1114 3512 1143 3567 ὁ
1170 3510 1351 3573 ἄλλος,
1381 3508 1439 3573 ὃς
1464 3500 1533 3578 ἦν
1562 3506 1804 3575 γνωστὸς

223 3619 302 3689 τῷ
325 3617 604 3687 ἀρχιερεῖ,
635 3614 728 3667 καί
755 3607 878 3665 εἰπε
914 3612 981 3681 τῇ
1019 3604 1274 3679 θυρωρῷ,
1299 3603 1397 3657 καὶ
1425 3603 1687 3672 εἰσήγαγε
1716 3601 1808 3653 τὸν

227 3713 457 3782 Πέτρον.
492 3727 511 3760 r

299 3799 653 3873 Συνεισῆλθεν
704 3797 956 3868 Ἰωάννης
996 3792 1073 3864 τῷ
1135 3788 1312 3863 Ἰησοῦ
1349 3789 1486 3860 μετά
1518 3786 1609 3841 τοῦ
1648 3785 1806 3856 ὄχλου

226 3896 541 3966 ἀγνώστως.
569 3893 662 3947 καὶ
684 3892 803 3945 τότε
827 3888 904 3953 ὠς
932 3885 1172 3957 γνωστὸς
1191 3877 1315 3937 εἶπε
1342 3884 1408 3954 τῇ
1435 3879 1689 3953 θυρωρῷ,
1715 3879 1808 3932 καὶ

227 3990 490 4060 εἰσήγαγε
514 3996 536 4025 θ
567 3984 657 4038 τὸν
682 3983 909 4052 Πέτρον.
1198 4038 1217 4057 νη

309 4100 329 4132 ι
378 4082 437 4134 Ὀ
483 4073 577 4132 οὖν
624 4073 913 4146 ἀρχιερεὺς
967 4068 1219 4142 ἠρώτησε
1270 4067 1362 4121 τὸν
1418 4062 1625 4135 Ἰησοῦν
1678 4062 1807 4132 περὶ

226 4174 335 4228 τῶν
362 4167 617 4243 μαθητῶν
642 4163 830 4226 αὐτοῦ,
859 4163 956 4217 καί⁸
980 4161 1226 4233 περὶτῆς
1246 4158 1465 4228 διδαχῆς
1493 4155 1677 4210 αὐτοῦ.
1710 4175 1729 4208 ι

309 4264 398 4327 Ὠς
434 4256 761 4328 στασιαστὴν
782 4255 874 4309 καὶ
899 4251 1287 4322 νεωτεροποιὸν
1310 4249 1498 4321 ἠρώτα
1524 4247 1706 4311 αὐτὸν,
1733 4246 1808 4310 ὡς

234 4357 395 4428 μόνον
424 4353 532 4407 τῶν
575 4348 831 4421 μαθητῶν
876 4344 1041 4400 αὑτοῦ
1072 4342 1485 4415 προσερχόντων
1514 4337 1685 4408 αὐτῷ,
1715 4338 1809 4391 καὶ

228 4450 441 4511 οὐδενὸς
468 4443 663 4509 ἄλλου,
695 4440 771 4505 ὡς
801 4436 1165 4517 ἐργαστηρίου
1200 4431 1459 4506 πονηροῦ.
1513 4432 1572 4484 Ἦ
1585 4430 1729 4502 ρώτα
1756 4430 1808 4483 τί

229 4542 475 4597 ἐδίδασκε
495 4540 624 4602 τοὺς
662 4532 858 4589 ἐαυτοῦ
891 4529 1160 4604 μαθητὰς,
1188 4526 1373 4600 ἠρώτα
1405 4526 1567 4580 αὑτὸν
1600 4525 1649 4577 εἰ
1680 4540 1807 4577 συν-

1913 3332 2109 3387 lsaiam
2140 3347 2154 3384 :
2190 3329 2434 3399 Ligemus
2471 3328 2702 3399 justum.
2732 3330 2958 3400 Ligatus
2987 3342 3071 3388 est
3117 3333 3378 3393 Dominus
3400 3376 3415 3403 ,
3442 3348 3499 3393 ut

1914 3437 2016 3478 nos
2039 3437 2070 3477 a
2101 3420 2388 3477 diabolicis
2408 3420 2645 3476 vinculis
2682 3421 2965 3477 liberaret.

1968 3514 2241 3570 Vsus.16.
2283 3531 2302 3566 ι
2341 3513 2518 3569 Exivit
2543 3529 2673 3584 ergo
2695 3514 2998 3585 discipulus
3020 3516 3180 3584 alius,
3240 3519 3329 3589 qui
3364 3531 3499 3576 erat

1916 3618 2084 3663 notus.
2107 3606 2370 3678 pontiﬁci,
2418 3615 2473 3662 et
2502 3607 2640 3661 dixit
2669 3607 2936 3674 ostiaria),
2983 3619 3037 3664 et
3067 3608 3369 3666 introduxit
3395 3611 3499 3666 Pe-

1916 3713 2080 3758 trum.
2121 3719 2141 3753 r
2314 3758 2317 3763 ι

1966 3793 2246 3865 Ingressus
2271 3800 2355 3847 est
2379 3790 2618 3847 Joannes
2672 3807 2776 3846 una
2807 3806 2931 3848 cum
2978 3791 3132 3848 tucba
3161 3794 3497 3868 incognitus,

1914 3896 1963 3941 et
1986 3896 2112 3941 tunc
2158 3896 2218 3939 ut
2242 3894 2403 3941 notus
2417 3884 2554 3939 dixit
2577 3884 2835 3952 ostiarius,
2864 3895 2917 3940 et
2936 3884 3235 3943 introduxit
3256 3887 3497 3946 Petrum.

1971 4066 2140 4121 Vens.
2173 4064 2261 4119 19.
2310 4082 2327 4115 ι
2361 4062 2610 4118 Pontifex
2658 4077 2789 4134 ergo
2817 4066 3175 4136 interrogavit
3217 4065 3400 4124 Iesum
3433 4070 3503 4126 de

1914 4157 2196 4225 discipulis
2221 4156 2356 4221 suis,
2382 4164 2436 4210 et
2467 4156 2533 4210 de
2565 4156 2813 4211 doctrina
2846 4156 2987 4226 ejus.
3017 4174 3037 4207 ι

1968 4249 2251 4319 Tanquam
2281 4246 2595 4303 seditiosum
2627 4262 2691 4303 ac
2740 4258 3057 4304 novatoretu
3098 4250 3500 4322 interrogabat,

1917 4341 2070 4412 quasi
2099 4340 2349 4410 discipuli
2393 4337 2492 4394 soli
2527 4339 2703 4406 ipsum
2736 4340 3096 4408 audivissent,
3124 4352 3179 4397 et
3220 4344 3349 4398 nulli
3376 4344 3492 4411 alii,

1919 4443 2102 4503 utpote
2152 4432 2481 4489 maleﬁcum.
2531 4431 2672 4487 Petit
2719 4441 2899 4487 autem
2944 4434 3071 4501 quid
3124 4434 3371 4489 docuerit
3413 4436 3502 4490 di-

1916 4524 2155 4594 scipulos
2209 4538 2361 4590 suos,
2411 4534 2464 4578 et
2503 4536 2633 4576 num
2669 4520 2837 4592 Moysi
2889 4523 3216 4589 consentiat,
3263 4540 3332 4577 an
3366 4538 3499 4578 vero

231 4637 370 4690 αινεί
397 4636 510 4696 τοίς
534 4630 622 4685 διὰ
644 4626 926 4688 Μωῦσέως
957 4624 1002 4690 ί,
1026 4623 1059 4695 ἢ
1083 4621 1300 4677 ἀλλοίαν
1320 4617 1670 4673 διδασκαλίαν
1696 4617 1807 4669 εἰσ-

1918 4616 2078 4670 aliatn
2108 4616 2422 4686 quampiam
2455 4615 2757 4671 doctrinam
2812 4611 3156 4675 introducm,
3215 4623 3267 4667 et
3314 4614 3498 4682 qualia

234 4729 387 4797 άγει,
420 4726 514 4779 καὶ
554 4724 684 4777 ποῖα
710 4718 988 4773 πείθονται
1017 4717 1065 4770 οἱ
1095 4712 1261 4770 αὑτοῦ
1303 4710 1568 4783 μαθηταὶ,
1596 4709 1683 4763 ἵνα
1717 4708 1812 4762 ἐὰν

233 4820 368 4891 εὕρῃ
407 4817 568 4872 αὐτὸν
618 4818 731 4877 τοῖς
756 4810 1037 4873 Μωῦσέως
1093 4804 1525 4873 ἐναντιούμενον,
1583 4798 1812 4871 παραδῷ

232 4915 325 4968 καὶ
346 4911 544 4974 αὐτοὺς
568 4909 643 4972 ὡς
673 4906 978 4976 θεομάχους
1004 4903 1120 4965 τοῖς
1153 4897 1452 4957 Ἰουδαίοις.

308 5024 325 5054 ι
380 5000 679 5071 Ἀπεκρίθη
738 4997 890 5069 αὐτῷ
939 4996 969 5049 6
1032 4992 1271 5065 Ἰησοῦςο
1339 4986 1484 5058 Ἐγὼ
1529 4980 1813 5057 παρρησίᾳ

231 5095 470 5167 ἐλάλησα
509 5092 585 5164 τῷ
617 5092 833 5162 κόσμῳ’
867 5087 978 5159 ἐγὼ
1004 5088 1234 5142 πάντοτε
1255 5081 1468 5146 ἐδίδαξα
1500 5080 1557 5132 ἐν
1584 5079 1649 5147 τῇ
1680 5092 1809 5167 συν-

229 5166 441 5261 αγωγῇ,
486 5187 581 5241 καὶ
616 5187 673 5239 ἐν
711 5183 791 5253 τῷ
826 5179 978 5253 ἱερῷ,
1022 5180 1158 5233 ὄπου
1203 5176 1407 5237 πάντες
1460 5172 1512 5224 οἰ
1564 5166 1809 5222 Ἰουδαῖοι

230 5284 581 5353 συνέρχονται
606 5295 619 5310 ·
653 5274 749 5330 καὶ
788 5275 845 5327 ἐν
867 5269 1095 5343 κρυπτῷ
1117 5267 1358 5339 ἐλάλησα
1382 5261 1558 5320 οὐδέν.
1593 5280 1613 5313 ι

310 5352 515 5444 Ἰησοῦς
554 5370 611 5423 δὲ
645 5366 857 5435 ἐλέγχει
896 5361 1059 5416 αὐτὸν
1085 5356 1551 5430 προσποιούμενον
1590 5352 1807 5444 ἀγνοεῖν

225 5464 292 5518 τὰ
320 5443 378 5515 ἐν
421 5458 643 5531 φανερῷ
690 5446 978 5527 εἰρημένα.
1016 5451 1079 5505 Εἰ
1114 5450 1171 5502 δὲ
1207 5449 1387 5502 πάντα
1419 5443 1673 5515 φανερῶς
1699 5444 1807 5497 ἐδί-

225 5554 371 5619 δαξε,
401 5552 470 5606 τὰ
508 5550 779 5620 λεγόμενα
803 5547 871 5600 τὰ
892 5548 916 5587 ⁸
945 5542 1100 5615 παρά
1130 5559 1241 5595 τισι
1268 5540 1399 5611 περί
1427 5536 1637 5592 αὑτοῦὶι
1669 5536 1807 5589 ἀπό-

226 5662 435 5718 κρνφα,
464 5643 564 5697 οὐκ
589 5642 697 5696 εἰσὶ
726 5639 913 5694 δεκτά.

299 5810 320 5836 ⁶
347 5801 441 5857 Cr.
472 5802 521 5853 εἰ
555 5797 628 5871 μὴ
658 5794 869 5871 ἢθελεν.
936 5792 1093 5871 d_Ct‘_._
1121 5789 1407 5871 φυλασσει.

253 5874 447 5936 αὐτοὺς
474 5862 880 5938 ὡς’θεομάχους
910 5866 1021 5926 τοῖς
1061 5862 1355 5923 Ἰουδαίοις.

1913 4707 2196 4777 discipulis
2250 4706 2597 4776 persuadeat,
2631 4716 2690 4759 ut
2739 4704 2783 4758 si
2828 4702 2883 4757 in
2913 4703 3094 4774 aliquo
3124 4703 3295 4774 Moysi
3357 4720 3494 4760 con-

1914 4799 2143 4854 trarium
2176 4797 2632 4867 deprehenderet,
2683 4793 2978 4863 discipulos
3022 4809 3242 4865 quoque
3293 4804 3350 4849 ut
3381 4794 3497 4852 Deo

1910 4889 2215 4944 contrarios
2243 4888 2447 4943 ludatis
2481 4887 2741 4941 traderet.

1967 4980 2130 5035 Vsus.
2165 4979 2258 5035 20.
2296 4999 2314 5032 ι
2358 4978 2726 5051 Responditei
2749 4977 2905 5035 Jesus
2936 4995 2949 5031 :
2991 4978 3103 5050 Ego
3140 4977 3316 5050 palam
3347 4980 3499 5039 locu-

1918 5080 2004 5129 tus
2032 5088 2151 5127 sum
2185 5072 2386 5127 mundo
2413 5091 2427 5127 :
2459 5087 2559 5143 ego
2581 5085 2799 5142 semper
2835 5071 2996 5127 docui
3024 5073 3076 5126 in
3113 5086 3412 5143 synagoga,
3438 5080 3494 5126 ct

1917 5166 1971 5221 in
2006 5164 2225 5235 templo,
2283 5178 2392 5234 quo
2440 5178 2631 5219 omnes
2684 5162 2856 5219 Judaei
2914 5147 3291 5221 conveniunt:
3333 5175 3388 5221 et
3439 5167 3493 5220 in

1909 5256 2123 5314 occulto
2155 5256 2369 5314 locutus
2398 5272 2517 5311 sum
2542 5256 2695 5312 nihil.
2738 5275 2761 5309 ι

1965 5351 2122 5407 Jesus
2160 5362 2341 5407 autem
2377 5351 2552 5420 ipsum
2581 5352 2780 5421 arguit.
2815 5360 2878 5407 ut
2913 5351 3005 5421 qui
3029 5366 3091 5406 ea
3126 5366 3249 5423 qua:
3274 5350 3490 5422 publice

1912 5444 2054 5501 dicta
2097 5453 2243 5509 sunt,
2272 5446 2489 5500 nescire
2534 5458 2597 5499 se
2626 5442 2867 5499 simulat.
2912 5441 3068 5510 Quod
3104 5444 3151 5498 si
3174 5452 3361 5499 autem
3388 5458 3490 5514 pu—

1911 5537 2053 5592 blice
2093 5551 2157 5591 ac
2210 5536 2386 5605 palam
2432 5536 2698 5598 docuerit,
2726 5551 2791 5591 ea
2838 5553 2959 5607 qua:
2991 5552 3019 5591 a
3061 5536 3387 5606 quibusdam
3421 5535 3491 5589 ab

1910 5630 2031 5700 ipso
2068 5628 2284 5685 occulte
2326 5629 2473 5683 dicta
2508 5627 2779 5697 feruntur,
2814 5644 2920 5685 non
2955 5637 3081 5686 sunt
3126 5625 3487 5685 admittenda.

1512 5797 1535 5860 ξ
1562 5786 1652 5860 Cr.
1694 5786 2007 5860 εἰσήνεγκεζ
2140 5780 2231 5860 εἰς.
2266 5779 2353 5855 διὰ
2384 5782 2483 5848 Μ.,
2521 5782 2607 5836 ἴνα
2659 5785 3105 5855 ἐναντιουμένους
3138 5779 3365 5855 παραδῷ
3392 5779 3489 5836 καί

1433 5858 1458 5898 ⁸
1490 5856 1580 5912 Cr.
1613 5858 1729 5909 sine
1752 5858 1839 5911 τά.
1916 5856 1943 5896 \t
1969 5853 2062 5909 Cr.
2094 5853 2250 5923 ἐμοῦ.
