4130 6528
634 407 768 472 1507

1747 401 2017 462 AMMON
2026 400 2082 459 ΙΙ
2123 393 2652 457 ALEXANDRINI

3748 380 3888 446 1508

684 522 851 577 ιω.
878 518 972 573 21.
1016 536 1034 570 ι
1073 517 1212 585 Quid
1262 529 1348 571 me
1379 516 1734 587 interrogas?
1772 516 2049 584 interroga
2086 529 2202 573 eos.

2386 529 2403 561 ι
2432 508 2497 562 Τί
2525 525 2594 579 με
2628 510 2723 561 ἐπε
2736 505 2946 577 ρωτᾷς;
2975 502 3325 575 ἐπερώτησον
3344 500 3472 562 τοὺς
3494 499 3803 570 ἀκηκοότας
3836 498 3890 551 τί

629 614 721 683 qui
752 611 1047 667 audierunt
1066 611 1197 677 quid
1218 608 1431 664 locutus
1457 608 1561 669 sim
1586 607 1717 678 ipsis
1747 624 1763 661 :
1790 620 1921 662 ecce
1944 605 1995 660 hi
2025 604 2206 660 sciunt

635 722 755 775 qua:
783 705 1012 759 dixerim
1046 716 1163 770 ego.
1206 718 1225 752 ι

700 796 847 864 Ruga
865 794 1145 848 ministros
1175 801 1319 855 tuos,
1343 790 1435 860 qni
1469 803 1641 858 nuper
1670 789 1889 859 quidem
1905 785 2206 842 doctrinam

641 902 813 941 meam
840 883 1095 940 admirati
1125 881 1364 947 luerunt,
1391 881 1551 935 modo
1584 894 1712 935 vero
1743 893 1830 934 me
1855 878 2100 947 capiunt.

707 1064 868 1120 νεεδ.
897 1063 989 1117 ⁸29.
1025 1081 1043 1113 ι
1088 1061 1212 1115 ιιωε
1237 1070 1415 1115 autem
1446 1076 1570 1115 cum
1597 1059 1842 1123 dixisset,
1888 1070 2029 1111 unus
2074 1053 2211 1109 assi-

640 1168 787 1211 stens
818 1154 1187 1209 ministrorum
1215 1137 1361 1206 dedit
1386 1151 1594 1220 alapam
1628 1148 1779 1214 Jesu,
1825 1149 2010 1203 dicens
2050 1165 2065 1202 :
2118 1144 2210 1201 Sic

643 1250 944 1321 respondes
978 1245 1221 1315 pontiﬁci
1254 1244 1279 1297 ἳ
1308 1262 1327 1296 ι

698 1345 902 1399 Servus
943 1339 1110 1396 etiam
1160 1351 1269 1391 non
1326 1334 1510 1403 jussus
1548 1330 1825 1388 Christum
1878 1326 2209 1393 verberavit,

641 1437 783 1505 quod
818 1433 1074 1489 nimirum
1106 1428 1356 1483 Christus
1377 1425 1707 1479 insinuasset
1734 1435 1793 1476 se
1821 1433 2211 1488 nonnunquam

641 1530 710 1585 ab
743 1529 808 1582 iis
834 1525 1073 1580 auditum
1103 1529 1158 1576 et
1187 1520 1460 1574 laudatum
1491 1517 1678 1581 fuisse,
1715 1531 1744 1568 a
1770 1529 1875 1585 qua
1906 1512 2215 1581 suSpicione

644 1638 702 1676 se
742 1632 972 1690 purgare
1027 1613 1218 1670 volens
1263 1611 1366 1665 hoc
1408 1608 1558 1665 fecit.
1627 1606 1771 1661 Nihil
1820 1606 1964 1660 enim
2010 1603 2213 1673 alioqui

642 1714 856 1767 dixerat
884 1708 1024 1763 unde
1057 1703 1257 1759 moveri
1290 1702 1554 1772 potuisset
1591 1702 1656 1753 ad
1701 1698 1978 1754 Christum
2015 1711 2213 1767 percu-

644 1805 907 1858 tiendum.
935 1798 1124 1867 Arguit
1156 1798 1339 1863 itaque
1369 1793 1676 1847 ministrum
1702 1790 1954 1845 maximae
1985 1790 2212 1857 injuriae,

2312 600 2551 673 ἐλάλησα
2573 599 2755 662 αὑτοῖς
2774 614 2789 630 ’
2821 597 2897 650 ίδε
2924 591 3068 651 οὑτοι
3093 595 3300 649 οἴδασιν
3335 592 3371 648 ἃ
3397 587 3554 645 εἷπον
3583 591 3715 659 ἐγώ.
3750 610 3769 643 ι

2383 779 2524 842 Τοὺς
2564 778 2843 849 ὑπηρέτας
2885 776 3160 848 ἐρώτησον
3207 781 3332 839 τοὺς
3377 774 3568 847 πρώην
3626 774 3727 845 μέν
3787 789 3895 844 μου

2315 872 2703 942 θαυμάσαντας
2734 871 2834 943 τὴν
2882 870 3259 936 διδασκαλίαν,
3299 868 3393 923 νῦν
3424 868 3483 923 δέ
3520 885 3589 939 με
3636 866 3899 921 συλλαϐο-

2318 962 2535 1033 μένους.

2394 1074 2412 1107 ι
2453 1054 2642 1109 Ταῦτα
2687 1053 2744 1108 δὲ
2794 1053 2961 1108 αὑτοῦ
3000 1054 3272 1119 εἰπόντος,
3322 1046 3404 1117 εἷς
3454 1051 3564 1106 τῶν
3604 1051 3897 1124 ὑπηρετῶν

2316 1144 2684 1217 παρεστηκὼς
2714 1145 2883 1199 ἔδωκε
2915 1146 3170 1217 ῥάπισμα
3202 1144 3281 1216 τῷ
3319 1144 3517 1215 Ἰησοῦ,
3552 1144 3754 1198 εἰπών’
3788 1144 3898 1198 Οὖ-

2317 1256 2424 1301 τως
2449 1234 2725 1311 ἀποκρίνῃ
2752 1238 2829 1310 τῷ
2855 1239 3133 1309 ἀρχιερεῖ;
3172 1256 3192 1289 ι

2389 1331 2496 1384 Καὶ
2526 1330 2600 1402 μὴ
2616 1330 2979 1401 προσταχθεὶς
2995 1332 3022 1384 ὁ
3047 1330 3157 1401 ὑπη
3169 1329 3328 1400 ρέτης
3348 1327 3510 1397 ἔτυψε
3527 1326 3618 1381 τὸν
3636 1327 3895 1397 Χριστὸν,

2320 1422 2509 1492 ἐπειδὴ
2543 1422 2739 1487 αὑτοὺς
2769 1423 2787 1463 ί
2832 1421 3108 1486 ὑπέδειξεν
3142 1423 3170 1475 ὁ
3199 1420 3435 1492 Χριστὸς
3462 1418 3474 1469 i
3507 1419 3724 1473 ὄτιποτὲ
3754 1413 3902 1489 ἦσαν

2321 1512 2651 1576 ἀκούσαντες
2672 1513 2765 1565 καὶ
2780 1512 3171 1574 ἐπαινέσαντες
3187 1512 3373 1576 αὑτὸν,
3389 1511 3485 1564 καὶ
3509 1509 3678 1563 θέλων
3700 1508 3900 1562 ἑαυτὸν

2320 1605 2629 1670 ἀπαλλάξαι
2668 1605 2766 1676 τῆς
2805 1604 3061 1673 ὑποψίας,
3108 1606 3189 1658 ὅτι
3222 1605 3330 1658 τῶν
3372 1602 3761 1674 θαυμαζόντων
3807 1596 3899 1669 ἦν,

2322 1698 2547 1768 ἐποίησε
2590 1697 2767 1751 τοῦτο.
2799 1697 2873 1750 Οὑ
2920 1698 3028 1767 γὰρ
3077 1696 3456 1760 ἀνακολούθως
3500 1714 3551 1749 τι
3611 1695 3898 1766 ἐλάλησεν,

2324 1786 2411 1839 ἵνα
2443 1787 2518 1849 ὡς
2551 1787 2617 1840 ἐκ
2655 1785 2847 1839 τούτου
2891 1786 3135 1856 κινηθεὶς
3178 1785 3320 1857 τύψῃ
3364 1786 3527 1840 αὑτόν
3557 1785 3604 1840 ιι.
3654 1785 3901 1854 Ἐλέγχει

645 1914 750 1952 non
787 1896 956 1949 solum
989 1906 1055 1946 eo
1094 1889 1236 1957 quod
1274 1884 1595 1955 simpliciter
1628 1883 1837 1951 alapam
1876 1879 2095 1945 inﬂixit,
2121 1881 2213 1934 sed

2318 1873 2408 1930 οῦν
2450 1877 2542 1929 τὸν
2599 1877 2880 1948 ὑπηρέτην
2926 1876 3220 1930 ἀδικοῦντα
3243 1918 3256 1941 ,
3290 1877 3349 1930 οὑ
3382 1877 3544 1945 μόνον
3591 1877 3674 1930 ὅτι
3706 1876 3902 1938 ἁπλῶς

645 1988 789 2058 quod
844 1985 994 2056 prius
1036 1996 1160 2035 eum
1197 1977 1514 2042 admiratus,
1565 1973 1725 2029 modo
1748 1973 1868 2029 sine
1894 1988 2057 2027 causa
2090 1988 2219 2026 con-

648 2079 922 2141 tumeliam
966 2073 1215 2129 inferret.

705 2169 868 2224 Vens.
910 2167 1002 2221 25.
1046 2183 1064 2216 ι
1100 2164 1431 2217 Eratautem
1482 2158 1672 2213 Simon
1707 2156 1905 2211 Petrus
1931 2164 2106 2219 stans,
2165 2162 2221 2207 et

644 2261 967 2319 calefacicns
1006 2272 1085 2312 se.
1142 2257 1403 2310 Dixerunt
1456 2267 1586 2321 ergo
1614 2251 1662 2305 ei
1704 2266 1717 2303 :
1770 2246 2027 2315 Nunquid
2070 2258 2125 2300 et
2163 2253 2219 2307 tu

644 2370 711 2409 ex
763 2350 1040 2421 discipulis
1074 2348 1192 2418 ejus
1232 2346 1337 2402 cs?
1374 2344 1601 2416 Negavit
1652 2342 1763 2406 ille,
1806 2351 1862 2396 et
1885 2341 2061 2395 dixit:
2104 2336 2218 2392 Non

645 2462 785 2502 sunt.
817 2463 837 2496 ι
1934 2504 1943 2516 ,

708 2537 955 2607 Ρειτιιειι
981 2531 1222 2602 maligno
1243 2536 1502 2595 tentatus,
1543 2525 1825 2596 promissis
1868 2539 1973 2579 non
2015 2522 2217 2578 stetit:

650 2645 823 2699 neque
861 2629 1048 2682 hortus
1069 2626 1144 2679 illi
1171 2625 1311 2678 dicta
1342 2624 1395 2676 in
1427 2620 1745 2675 memoriam
1776 2618 2016 2682 reduxit,
2043 2630 2221 2685 neque

652 2734 875 2789 magnus
902 2732 1075 2780 amor,
1104 2730 1264 2785 quem
1290 2713 1362 2768 ibi
1397 2711 1580 2766 verbis
1603 2725 1710 2780 pra:
1745 2723 1804 2764 se
1830 2707 1951 2762 tulit
1985 2724 2000 2774 ;
2032 2722 2218 2762 verum

648 2812 829 2867 omnia
863 2812 968 2866 ista
1000 2808 1075 2862 illi
1123 2822 1234 2877 prae
1279 2805 1554 2873 anxietate
1598 2801 1937 2858 exciderunt.
1982 2799 2061 2853 Ad
2091 2797 2219 2867 quid

647 2912 829 2957 autem
853 2913 1042 2955 omnes
1094 2896 1425 2952 unanimiter
1451 2892 1794 2963 evangelista?
1833 2891 2001 2959 ipsius
2031 2888 2221 2944 memi-

650 2989 897 3048 nerunt?
925 2990 1039 3044 Non
1084 3000 1191 3042 tam
1223 2999 1283 3042 ut
1319 2985 1638 3056 discipulum
1679 2990 2020 3044 accusarent,
2058 2996 2220 3051 quam

649 3093 709 3136 ut
750 3096 849 3136 nos
874 3081 1178 3145 erudirent,
1205 3086 1465 3147 quantum
1498 3075 1624 3129 mali
1675 3074 1745 3129 sit
1774 3088 1881 3127 non
1906 3081 2076 3126 totum
2110 3070 2222 3126 Deo

647 3173 1010 3237 committere,
1040 3171 1135 3226 sed
1170 3170 1273 3226 sibi
1317 3169 1417 3238 ipsi
1447 3168 1739 3223 conlidere.
1773 3164 1970 3221 Verum
1996 3165 2081 3219 hic
2104 3179 2221 3217 ma-

648 3265 805 3335 gistri
835 3263 1253 3319 sollicitudinem
1286 3260 1579 3322 admirare,
1629 3257 1773 3328 quod
1821 3267 2011 3325 captus
2055 3271 2118 3310 ac
2157 3255 2223 3310 li-

2322 1967 2484 2021 αὑτὸν
2514 1967 2734 2037 ἔτυψεν,
2770 1968 2888 2022 ἀλλ’
2923 1970 3006 2022 ὅτι
3036 1966 3226 2040 πρώην
3260 1969 3581 2041 θαυμάσας,
3615 1968 3713 2023 νῦν
3746 1967 3764 2007 ι
3808 1967 3898 2022 ἐπ’

2319 2059 2495 2112 οὐδενὶ
2525 2060 2809 2128 καταγνὼς
2830 2069 2868 2096 ω
2894 2061 3163 2130 ἠτίμασεν
3192 2062 3375 2117 αὑτόν.

2398 2170 2416 2203 ι
2452 2145 2560 2204 Ἦν
2592 2150 2650 2204 δὲ
2677 2150 2857 2221 Σίμων
2879 2152 3083 2223 Πέτρος
3119 2152 3290 2214 ἑστὼς
3318 2155 3414 2207 καὶ
3441 2153 3894 2225 θερμαινόμενος.

2320 2239 2486 2295 Εἶπον
2518 2237 2611 2295 οὖν
2645 2241 2823 2308 αὐτῷ’
2852 2242 2945 2312 Μὴ
2976 2244 3072 2296 καὶ
3107 2244 3171 2296 σὺ
3197 2246 3259 2297 ἐκ
3292 2246 3402 2297 τῶν
3436 2245 3698 2317 μαθητῶν
3731 2246 3897 2301 αὑτοῦ

2321 2327 2404 2400 ei;
2457 2334 2763 2404 Ἦρνήσατο
2783 2336 3011 2399 ἐκεῖνος,
3039 2332 3135 2388 καὶ
3161 2331 3314 2388 εἶπεν
3337 2352 3349 2366 ·
3383 2338 3497 2391 Οὑκ
3528 2338 3666 2407 εἰμί.
3702 2357 3724 2391 ι

2391 2515 2499 2569 Τοῦ
2547 2514 2788 2586 πονηροῦ
2828 2514 3107 2580 σείσαντος
3144 2516 3237 2569 τὸν
3286 2516 3512 2586 Πέτρον,
3550 2517 3761 2588 ἡττήθη
3798 2516 3899 2585 τῆς

2321 2607 2671 2678 ὑποσχέσεως
2690 2624 2704 2639 ·
2741 2607 2864 2660 οὐδὲ
2892 2608 2920 2660 ὁ
2952 2608 3129 2678 κῆπος
3161 2608 3326 2661 αὑτὸν
3356 2610 3435 2672 εἰς
3469 2610 3691 2679 μνήμην
3722 2610 3900 2679 ἤγαγε

2321 2698 2428 2753 τῶν
2467 2699 2801 2771 εἰρημένων,
2833 2698 2955 2752 οὑδὲ
3003 2702 3036 2770 ἡ
3082 2699 3254 2772 πολλὴ
3288 2700 3642 2773 φιλοστοργία
3671 2703 3737 2773 ἢν
3782 2703 3904 2754 ἐκεῖ

2320 2790 2411 2845 διὰ
2452 2790 2561 2845 τῶν
2591 2794 2857 2862 ῥημάτων
2899 2791 3216 2859 ἐπεδείξατο
3262 2794 3505 2859 ἐκείνων,
3540 2794 3677 2848 ἀλλὰ
3726 2794 3904 2849 ταῦτα

2323 2885 2504 2939 πάντα
2529 2885 2634 2939 ὑπὸ
2670 2888 2769 2957 τῆς
2797 2885 3042 2954 ἀγωνίας
3071 2886 3313 2950 ἐξέϐαλε.
3346 2888 3410 2941 Τί
3430 2888 3630 2959 δὴποτε
3656 2889 3703 2940 οἱ
3734 2890 3903 2956 εὑαγ-

2322 2977 2568 3048 γελισταὶ
2615 2977 2911 3048 ὁμοφώνως
2960 2980 3089 3050 περὶ
3144 2979 3310 3033 αὑτοῦ
3363 2981 3711 3052 ἀνέγραψαν;
3766 2982 3904 3051 Οὐχί¹

2322 3070 2416 3124 τοῦ
2450 3070 2697 3140 μαθητοῦ
2742 3072 3214 3144 κατηγοροῦντες,
3262 3073 3377 3128 ἀλλ’
3426 3075 3573 3143 ἡμᾶς
3606 3072 3905 3125 παιδεῦσαι

2328 3162 2679 3234 βουλόμενοι,
2716 3163 2885 3217 πόσον
2916 3163 3085 3217 κακὸν
3110 3164 3171 3217 τὸ
3198 3163 3273 3235 μὴ
3303 3164 3381 3235 τῷ
3410 3163 3527 3235 Θεῷ
3557 3165 3618 3217 τὸ
3647 3167 3757 3217 πᾶν
3783 3166 3903 3216 έπι-

2324 3255 2569 3326 τρέπειν,
2610 3255 2728 3309 ἀλλ’
2780 3256 2958 3327 ἐαυτῷ
3001 3256 3244 3329 θαρρεῖν.
3279 3259 3351 3311 Σὺ
3398 3258 3455 3311 δὲ
3494 3258 3776 3329 θαύμασον
3807 3260 3903 3312 τοῦ

649 3365 825 3426 guttis,
899 3356 1075 3409 adhuc
1122 3351 1369 3422 discipuli
1419 3365 1667 3421 magnam
1723 3364 1907 3403 curam
1957 3359 2130 3419 gerat,
2171 3356 2213 3402 el

2322 3346 2646 3401 διδασκάλου
2696 3348 2796 3419 τὴν
2846 3349 3195 3420 κηδεμονίαν,
3253 3350 3336 3403 ὅτι
3390 3352 3759 3421 κατεχόμενος
3806 3353 3899 3405 καὶ

643 3449 757 3516 jam
794 3446 1090 3515 collapsum
1147 3444 1290 3501 oculi
1330 3453 1463 3498 nutu
1515 3443 1712 3512 erigat,
1754 3451 1810 3497 et
1857 3441 1925 3495 ad
1956 3440 2213 3511 lacrymas

2322 3438 2637 3509 δεδεμένος,
2688 3441 2887 3512 πολλὴν
2935 3444 3172 3495 ἐποιεῖτο
3218 3442 3313 3495 τοῦ
3354 3442 3598 3513 μαθητοῦ
3633 3444 3731 3513 τὴν
3764 3446 3900 3515 πρό-

647 3528 1006 3593 conttnoveat.
2321 3546 2489 3594 νοιαν,
2532 3530 2620 3584 διὰ
2657 3530 2750 3584 τοῦ
2790 3531 3101 3603 βλέμματος
3152 3533 3317 3585 αὑτοῦ
3369 3535 3621 3604 κείμενον
3671 3537 3899 3601 ἀνιστάς

2322 3620 2417 3674 καὶ⁵
2448 3625 2527 3685 είς
2554 3622 2766 3694 δάκρυα
2795 3624 3101 3679 καθέλκων.

707 3711 873 3768 Vsus.
904 3712 995 3767 28.
1045 3728 1064 3761 ι
1107 3710 1393 3765 Adducunt
1448 3722 1576 3777 ergo
1618 3706 1803 3762 Jesum
1835 3722 1863 3761 a
1899 3707 2104 3778 Caipha
2164 3707 2213 3761 in

2399 3732 2418 3766 ι
2458 3715 2717 3782 Ἀγουσιν
2760 3711 2853 3769 οῦν
2895 3716 2987 3770 τὸν
3030 3715 3237 3786 Ἰησοῦν
3266 3715 3376 3770 ἀπὸ
3416 3717 3510 3771 τοῦ
3562 3719 3790 3790 Καῖάφα
3819 3722 3900 3785 είς

646 3806 979 3875 pra-torium.
1018 3802 1147 3856 Erat
1182 3809 1359 3854 autem
1416 3815 1573 3854 mane
1602 3817 1614 3853 :
1648 3808 1702 3854 et
1727 3800 1828 3870 ipsi
1860 3815 1964 3853 non
1998 3800 2213 3855 introie-

2320 3805 2380 3858 τὸ
2411 3806 2769 3876 πραιτώριον.
2802 3804 2912 3861 Ἦν
2941 3807 2998 3861 δὲ
3029 3809 3213 3878 πρωῖα
3235 3824 3249 3837 ⁸
3285 3810 3377 3864 καὶ
3398 3810 3551 3863 αὑτοὶ
3577 3813 3680 3865 οὑκ
3706 3813 3895 3881 sici}.-

650 3904 775 3949 ruttt
812 3894 863 3947 in
893 3891 1227 3962 praetorium,
1265 3899 1322 3943 ut
1349 3905 1455 3943 non
1477 3891 2006 3955 contaminarentur,
2042 3890 2136 3944 sed
2163 3899 2213 3943 ut

2321 3896 2412 3950 θον
2445 3898 2525 3961 είς
2562 3898 2623 3951 τὸ
2656 3898 3014 3971 πραιτώριον,
3052 3900 3139 3955 ἴνα
3182 3901 3258 3972 μὴ
3309 3902 3632 3973 μιανθῶσιν.
3663 3905 3780 3958 ἀλλ’
3810 3907 3897 3959 ἵνα

649 3985 1039 4039 manducarent
1066 3979 1295 4034 Pascha.
1334 3997 1353 4031 ι

707 4077 810 4145 Ipsi
850 4073 1326 4138 nonoccidebant,
1352 4080 1411 4125 ut
1452 4068 1544 4139 qui
1589 4069 1688 4124 sub
1732 4068 1991 4125 Romanis
2041 4078 2215 4135 erant,

647 4183 714 4224 ne
739 4184 768 4222 a
800 4167 976 4220 Pilato
1007 4165 1391 4220 multarentur.

716 4258 783 4313 Et
828 4272 1095 4327 quaenam,
1125 4271 1330 4325 quaeso,
1371 4254 1779 4321 contaminatio,
1822 4254 2031 4324 ingredi
2084 4270 2218 4325 pra:-

648 4348 867 4415 torium,
903 4347 992 4400 ubi
1018 4346 1188 4416 iniqui
1210 4361 1397 4414 paauas
1417 4345 1665 4401 dabant?
1705 4344 2213 4400 Decimantesmen-

646 4441 796 4496 tham
823 4447 879 4493 et
897 4439 1180 4503 anethum,
1205 4454 1329 4493 cum
1361 4437 1559 4505 injuste
1588 4437 2010 4504 interliciebant,
2058 4438 2218 4491 mini-

2319 3990 2535 4061 φάγωσι
2565 3990 2624 4043 τὸ
2657 3990 2868 4062 Πάσχα.
2908 4010 2927 4043 ι

2388 4079 2551 4131 Αὐτοὶ
2599 4079 2700 4133 οὑκ
2733 4080 2945 4134 ἀνεῖλον
2997 4080 3073 4144 ὡς
3116 4081 3222 4136 ὑπὸ
3272 4083 3575 4156 Ῥωμαίους
3600 4088 3777 4157 ὄντες,
3810 4091 3896 4144 [va

2323 4169 2398 4240 μὴ
2433 4171 2828 4241 τιμωρηθῶσιν
2852 4172 2957 4225 ὑπὸ
2988 4173 3244 4229 Πιλάτου.

2387 4261 2581 4315 Καίτοι
2631 4265 2784 4327 ποῖος
2819 4264 3131 4335 μολυσμὸς,
3183 4266 3308 4319 είπέ
3351 4285 3476 4338 μοι,
3514 4270 3779 4341 ὲπισῆναι
3814 4274 3896 4326 διο

2318 4354 2639 4425 καστηρίου,
2684 4354 2814 4410 ἔνθα
2858 4356 3015 4425 δίκην
3058 4359 3110 4411 of.
3152 4358 3468 4421 ἀδικοῦντες
3507 4361 3781 4428 διδόασινς
3830 4366 3894 4416 Οί

2317 4446 2780 4511 άποδεκατοῦντες
2828 4448 2891 4501 τὸ
2921 4447 3192 4521 ἡδύοσμον
3225 4452 3319 4504 καὶ
3345 4452 3403 4505 τὸ
3435 4452 3653 4523 ἄνηθον,
3688 4455 3893 4522 φονῶνο

647 4545 732 4585 me
758 4544 817 4587 se
845 4530 1205 4584 contaminari
1236 4529 1623 4584 existimabant
1654 4528 1788 4596 ;sed
1813 4544 1935 4584 cum
1977 4530 2045 4585 ad
2080 4546 2213 4600 pra:-

2318 4554 2407 4601 τες
2440 4538 2538 4607 μὲν
2570 4538 2771 4601 ἀδίκως
2792 4581 2806 4604 ,
2839 4539 2940 4593 οὑκ
2975 4539 3224 4612 ἐνόμιζον
3266 4544 3603 4613 μιαίνεσθαι,
3632 4545 3897 4617 δικαστη-

644 4624 839 4679 torium
866 4623 1173 4689 veniebant,
1201 4622 1459 4691 putabant
1484 4636 1544 4677 se
1575 4621 1938 4690 coinquinari.
1981 4622 2087 4676 Sed
2116 4638 2213 4675 cur

643 4717 743 4785 ipsi
779 4731 882 4771 non
940 4716 1322 4770 iuterimebant
1360 4728 1509 4778 eum,
1552 4714 1645 4768 sed
1674 4713 1741 4767 ad
1783 4711 2018 4768 Pilatttm
2045 4714 2210 4768 duce-

644 4808 771 4860 baut
800 4807 823 4860 τ
857 4804 1080 4860 Multqu
1134 4805 1385 4860 videlicet
1431 4809 1498 4860 de
1539 4804 1755 4859 illorum
1810 4805 2038 4875 imperio
2089 4805 2201 4876 jam

640 4903 947 4967 ademptum
977 4905 1096 4952 erat
1141 4912 1169 4949 a
1214 4897 1493 4963 Romanis,
1546 4900 1645 4954 sub
1671 4913 1898 4967 quorum
1930 4908 2090 4953 erant
2115 4912 2212 4969 p0-

644 4999 835 5045 testate
867 5008 880 5045 :
913 5000 1173 5059 praeterea
1232 4990 1494 5045 timebant
1546 5006 1613 5045 ne
1649 5007 1680 5045 a
1729 4991 1901 5046 Pilato
1951 4992 2209 5058 accusati,

640 5096 830 5152 pinnas
881 5083 1221 5151 postmodum
1267 5082 1479 5137 darent.
1511 5082 1618 5137 Sed
1672 5085 1800 5153 quid
1833 5084 2128 5155 signiﬁcat,
2154 5094 2210 5138 ut

640 5172 1018 5227 manducarent
1046 5174 1250 5228 Pascha
1279 5177 1304 5229 γ
1343 5174 1503 5246 Atqui
1538 5174 1698 5231 Jesus
1750 5178 1862 5247 jam
1910 5178 1961 5231 id
2008 5178 2212 5233 fecerat

641 5284 742 5320 una
769 5269 856 5321 die
902 5283 1237 5338 azymorum.
1275 5265 1373 5323 Vel
1409 5269 1577 5339 igitur
1615 5269 1825 5323 Pascha
1855 5280 2018 5325 vocat
2042 5280 2207 5325 totam

638 5357 1053 5423 Solemnitatcm,
1092 5362 1173 5413 vel
1201 5358 1325 5426 quia
1385 5360 1487 5427 ipsi
1515 5370 1643 5414 tunc
1671 5360 1875 5415 Pascha
1914 5360 2204 5417 faciebant.

596 5520 599 5523 _
636 5448 887 5503 Christus
915 5460 1095 5504 autem
1130 5451 1302 5521 pridie
1351 5451 1405 5505 id
1465 5450 1684 5519 fecerat,
1723 5452 1925 5508 easdem
1963 5468 2115 5509 suam
2154 5455 2205 5508 in

707 5602 722 5641 ί
768 5600 1055 5679 ϐικαὺτᾴς.
1136 5603 1535 5679 ιϐιδλέγων,
1587 5604 1611 5644 ι
1641 5605 2013 5678 cumras...
2045 5608 2154 5679 τὺψ

2320 4629 2438 4699 ρίου
2467 4628 2523 4681 δὲ
2552 4628 2925 4695 ἐπιϐαίνοντες
2973 4633 3207 4703 μιαίνειν
3236 4635 3465 4698 ἑαυτοὺς
3490 4636 3745 4707 ἡγοῦντο.
3784 4640 3895 4693 Καὶ

2314 4719 2458 4782 τίνος
2497 4719 2684 4774 ἕνεκεν
2733 4722 2895 4776 αὑτὸν
2929 4725 3027 4778 οὐκ
3062 4726 3296 4793 ἀνεῖλον,
3348 4728 3464 4781 ἀλλ’
3508 4730 3604 4784 ἐπὶ
3651 4732 3748 4783 τὸν
3799 4733 3895 4784 Πι-

2310 4811 2472 4866 λάτον
2502 4813 2745 4884 ἧγαγον;
2777 4816 3031 4870 Μάλιστα
3063 4819 3163 4888 μὲν
3183 4819 3244 4872 τδ
3284 4820 3430 4875 πολὺ
3464 4826 3565 4892 τῆς
3586 4823 3763 4896 ἀρχῆς
3791 4827 3892 4877 αὑ-

2314 4903 2420 4957 τῶν
2454 4906 2547 4958 καὶ
2576 4906 2675 4975 τῆς
2699 4906 2948 4973 ἐξουσίας
2988 4910 3325 4983 ὑπετέμνετο
3358 4914 3565 4981 λοιπὸν,
3605 4916 3712 4969 ὑπὸ
3756 4917 3891 4971 Ῥω·-

2317 4997 2512 5067 μαίους
2553 4998 2664 5051 τῶν
2712 5002 3057 5072 πραγμάτων
3110 5007 3415 5076 κειμένων’
3476 5009 3571 5062 καὶ
3614 5010 3795 5074 ἄλλως
3835 5012 3889 5065 δὲ

2313 5078 2669 5141 ἐδεδοίκεισαν
2728 5093 2803 5162 μὴ
2852 5091 3010 5162 δίκην
3063 5096 3297 5168 ὑστέραν
3344 5098 3522 5164 δῶσι,
3572 5118 3887 5174 κατηγορη-

2312 5178 2496 5244 θέντες
2541 5182 2672 5254 παρ’
2727 5186 2912 5240 αὑτοῦ.
2967 5188 3033 5240 Τί
3081 5188 3126 5242 δ’
3171 5190 3342 5255 ἐστὶν,
3376 5192 3511 5246 Ἵνα
3541 5192 3777 5264 φάγωσι
3822 5196 3887 5248 τὸ

2311 5273 2561 5342 Πάσχα;
2610 5279 2719 5331 Καὶ
2769 5279 2875 5351 μὴν
2923 5280 3086 5346 αὑτδς
3150 5279 3218 5355 ἦν
3259 5285 3392 5338 αὑτὸ
3447 5287 3768 5357 πεποιηκὼς
3822 5292 3884 5360 τῇ

2314 5368 2415 5438 μιᾷ
2457 5370 2566 5422 τῶν
2608 5370 2855 5442 ἀζύμων.
2896 5374 3054 5428 Ἤτοι
3090 5372 3183 5429 οὖν
3213 5377 3273 5429 τὸ
3307 5379 3641 5451 Πάσχα.τὴν
3696 5383 3886 5454 ἑορτὴν

2311 5460 2493 5513 πᾶσαν
2521 5461 2700 5529 λέγει,
2735 5462 2767 5532 ἢ
2806 5463 2887 5517 ὅτι
2933 5467 3052 5520 τότε
3101 5466 3319 5521 ἐποίουν
3354 5469 3415 5522 τὸ
3448 5470 3670 5542 Πάσχα,
3722 5474 3887 5533 αὑτὸς

2157 5626 2190 5693 ῃ
2225 5611 2405 5693 ςιὺτᾴν.
2422 5613 2617 5693 φιτ-ἐπ
2644 5619 2807 5693 αὑτὸς
2837 5620 3113 5693 ὑπέδειξεν
3141 5627 3169 5677 ὁ
3193 5626 3499 5693 λέγων,Ἵδε
3525 5618 3672 5679 οῦτοι
3706 5625 3882 5679 ἴσασιν

638 5670 2625 5767 E‘.fffiii‘?.°ff‘1’ff§f°§i.Eff‘_“§f’°:i’3i‘In“?‘fé’ri‘ff‘tibvﬁﬁaktdim
2656 5689 2753 5767 τεῆς
2789 5690 3047 5767 ρποειίας.
3080 5696 3165 5767 βτι
3364 5670 3753 5767 ὀαυμαςάντων
3792 5693 3856 5766 ῆν

637 5741 1050 5838 ῗῇξξνιξτξοξησε
1067 5745 1242 5838 τοῦτο.
1262 5746 1347 5838 ΔΟῌὺ
1366 5748 1472 5816 γὰρ
1494 5745 1558 5829 av
1584 5746 1892 5811 ἀκολούθως
1923 5765 1975 5802 τι
2003 5749 2256 5820 ἐποίησεν
2292 5751 2325 5821 ἢ
2359 5735 2641 5827 ἐλάληὲέν,
2789 5735 3195 5824 ἰύζέἶέὂῐτίἶυ

644 5806 662 5848 ι
688 5809 780 5865 Cr.
808 5809 902 5864 νῦν
928 5806 1004 5867 δέ.
1083 5825 1120 5851 ω
1149 5817 1234 5869 Cr.
1262 5806 1587 5883 καταγνούς.
