4130 6558
287 375 477 490 -1509

1402 428 1863 489 FRAGMENTA
1912 427 1992 488 ΙΝ
2034 428 2093 486 S.
2135 429 2511 496 ΙΟΛΝΝΕΜ.

3489 431 3626 527 into

327 534 392 588 δὲ
425 535 533 604 πρὸ
581 534 712 605 μιᾶς
744 532 878 588 αὐτὸ
929 532 1282 605 παραδέδωκε
1307 574 1322 599 ,
1379 539 1560 606 τηρῶν
1597 540 1697 609 τὴν
1735 541 1909 596 ὲαυτοῐ

2048 536 2383 593 Parasceven
2426 553 2732 606 reservans,
2792 545 3011 614 quando
3064 547 3356 619 antiquitus
3408 551 3618 610 l‘asrha

260 682 269 693 ,
331 625 553 696 σφαγὴν
583 628 649 696 τῇ
687 628 1043 698 Παρασκευῇ,
1093 628 1181 680 ὅτε
1217 628 1311 681 καὶ
1342 626 1401 680 τδ
1431 627 1665 681 παλαιὸν
1710 628 1924 697 ἐγίνετο

329 720 547 789 Πάσχα.
590 719 757 772 Αὐτοὶ
790 720 846 773 δὲ
877 719 1018 772 ὅπλα
1048 718 1439 790 βαστάζοντες,
1476 721 1614 793 ὅπερ
1662 723 1763 776 οὐκ
1802 722 1925 789 ἐξὸν

324 807 419 881 ἦν,
454 812 548 863 καὶ
583 805 724 882 αἷμα
755 812 1070 883 ἐκχέοντες,
1099 811 1241 884 ὑπὲρ
1282 812 1378 867 τοῦ
1406 812 1572 868 τόπου
1616 810 1912 887 ἀκριϐολο-

326 920 581 971 γουνται.

402 995 506 1049 Τὸν
543 995 715 1051 τύπον
766 997 1069 1069 τιμῶντες,
1118 998 1221 1052 οὐκ
1242 998 1521 1069 εἰσῆλθον,
1572 1001 1601 1053 ὃ
1630 1001 1747 1055 ἐστι
1787 1001 1924 1072 πρόο

327 1086 521 1143 ϐατον.

406 1201 424 1232 ι
485 1180 913 1253 Ἀπεκρίθησαν,
964 1182 1060 1235 καὶ
1106 1178 1259 1236 εἶπον
1291 1181 1472 1255 αὐτῷ·
1508 1184 1569 1237 Ei
1617 1184 1692 1256 μὴ
1727 1180 1793 1257 ἦν
1826 1180 1918 1240 οὗ-

324 1289 419 1337 τος
447 1275 761 1342 κακοποιὸς,
794 1276 897 1330 οὐκ
929 1276 994 1331 ἄν
1030 1292 1113 1329 σοι
1145 1275 1546 1348 παρεδώκαμεν
1579 1279 1763 1333 αὐτόν.
1798 1297 1817 1332 ι

399 1450 564 1508 ’Λνευ
599 1455 780 1520 αἰτίας
820 1457 1173 1528 ἀπεφήναντο
1197 1468 1225 1496 η
1257 1458 1484 1523 δικαίως
1524 1458 1686 1513 αὐτὸν
1730 1474 1913 1535 παραέ

320 1549 602 1615 δεδόσθαι,
661 1549 844 1603 αἰτίαν
910 1548 1135 1619 εΰλογον
1175 1550 1430 1619 λέγουσι,
1482 1549 1544 1603 τὸ
1594 1551 1684 1604 ὑπ’
1731 1549 1912 1602 αὐτῶν

323 1640 732 1711 συλληφθῆναι,
790 1641 868 1705 ὡς
916 1637 1280 1712 πλαττόμενοι
1337 1640 1507 1712 μηδὲν
1569 1643 1744 1695 ποιεῖν
1796 1640 1913 1696 ἄδι-

325 1750 424 1787 κον
450 1741 497 1787 ο.

402 1842 420 1875 ι
464 1821 631 1878 Εἶπεν
681 1823 774 1879 οὖν
826 1825 1009 1889 αὐτοῖς
1057 1826 1086 1878 6
1142 1825 1413 1890 Πιλάτος·
1469 1824 1684 1880 Λάϐετε
1740 1825 1908 1879 αὐτὸν

2034 629 2432 685 celebrabatur.
2469 630 2575 702 Ipsi
2607 647 2736 690 vero
2765 638 2984 699 armati,
3008 639 3149 707 quod
3197 641 3349 698 nefas
3389 653 3529 710 erat,
3565 656 3623 701 et

2034 718 2320 778 fundentes
2347 724 2695 796 sanguinem,
2736 727 2913 783 locum
2943 739 3157 785 carent.

2098 990 2352 1062 Figuram
2391 993 2771 1065 observantes,
2819 1013 2926 1055 non
2988 999 3286 1070 intrarunt,
3327 1021 3451 1077 qua:
3496 1022 3619 1067 erat

2026 1098 2166 1140 OVIS.

2099 1176 2263 1233 Vens.
2305 1179 2398 1233 50.
2460 1199 2478 1232 ι
2520 1179 2958 1251 Responderunt,
3015 1195 3070 1240 et
3121 1188 3377 1246 dixerunt
3419 1194 3467 1248 ei
3505 1212 3520 1249 :
3555 1194 3613 1250 Si

2026 1282 2134 1321 nou
2169 1276 2314 1323 esset
2353 1268 2457 1325 hic.
2488 1271 2825 1340 malefactor,
2878 1289 2987 1330 non
3044 1277 3141 1332 tibi
3201 1282 3615 1342 tradidissemus

2023 1374 2167 1414 eum.
2204 1379 2225 1412 ι

2094 1451 2225 1509 Sine
2271 1454 2429 1525 culpa
2468 1456 2612 1541 iuste
2672 1458 2842 1514 videri
2885 1461 3075 1517 volunt
3121 1478 3245 1519 eum
3297 1467 3610 1536 tradidisse,

2021 1546 2376 1601 sullicientem
2406 1563 2626 1604 causam
2678 1550 2914 1620 allegant
2963 1556 3109 1623 quod
3157 1557 3224 1612 ab
3258 1557 3394 1627 ipsis
3420 1573 3613 1632 captus

2019 1638 2111 1705 sit,
2140 1642 2297 1709 quasi
2326 1642 2457 1697 nihil
2491 1644 2560 1699 ab
2592 1644 2703 1700 illis
2744 1645 2944 1717 injuste
2978 1650 3163 1721 peragi
3198 1638 3407 1718 possit.

2079 1818 2244 1875 Vens.
2271 1820 2362 1875 '61.
2400 1839 2418 1873 ι
2456 1819 2607 1875 Dixit
2635 1836 2764 1893 ergo
2790 1823 2871 1878 eis
2899 1822 3104 1881 Pilatus
3138 1844 3153 1881 :
3192 1826 3442 1900 Accipite
3482 1846 3606 1886 eum

320 1916 515 1985 ὑμεῖς,
561 1918 657 1971 καὶ
705 1917 847 1971 κατὰ
894 1920 987 1971 τὸν
1033 1917 1199 1987 νόμον
1242 1918 1398 1987 ὑμῶν
1447 1918 1668 1988 κρίνετε
1725 1918 1908 1972 αὐτόν.

2016 1925 2138 1977 vos,
2168 1921 2223 1966 et
2252 1913 2553 1967 secundum
2582 1912 2754 1982 legem
2784 1926 3019 1969 vestram
3040 1915 3284 1984 judicate
3326 1936 3474 1977 eum.
3513 1922 3606 1978 Di-

320 2005 490 2063 Εἷπον
539 2006 632 2063 οὖν
679 2009 829 2081 αὐτῷ
870 2010 920 2063 οἱ
985 2009 1268 2064 Ἰουδαῖοι·
1331 2010 1495 2080 Ἦμῖν
1543 2010 1645 2065 οὐκ
1701 2010 1912 2075 ἔξεστιν

319 2081 645 2156 ἀποκτεῖναι
674 2103 890 2157 οὐδένα.
940 2121 959 2155 ι

332 2262 335 2267 γ
393 2193 454 2245 Ei
485 2194 583 2263 μὲν
619 2194 837 2256 ἑαυτοῖς
868 2192 1198 2263 ἐπιτρέπετε
1232 2193 1334 2264 τὴν
1374 2190 1583 2264 κρίσιν,
1611 2190 1768 2244 αὐτοὶ
1806 2190 1912 2243 ’καὶ

315 2283 418 2353 τὴν
446 2283 696 2349 ἐξέτασιν
721 2284 798 2346 ὡς
823 2283 1080 2354 βούλεσθε
1125 2293 1235 2337 Ρριι.
1261 2284 1325 2338 Εἰ
1346 2283 1403 2338 δὲ
1436 2282 1521 2335 ἐπ’
1555 2283 1655 2353 ἐμὲ
1677 2292 1699 2319 τ
1731 2280 1913 2351 βούλε-

320 2374 414 2428 σθε
441 2377 624 2447 κρῖναι
649 2374 742 2429 τὸν
785 2373 1092 2449 ἄνδρα,τὴν
1118 2375 1301 2430 αἰτίαν
1357 2375 1503 2447 ὑμᾶς
1536 2375 1712 2428 εἰπεῖν
1743 2374 1911 2442 ἀναγ-

315 2470 470 2521 καῖον
497 2479 519 2507 ³
549 2467 685 2540 (15).

299 2573 302 2576 ’
387 2561 451 2614 El
484 2563 512 2614 6
553 2559 720 2631 νόμος
751 2559 909 2632 ὑμῶν
960 2557 1177 2613 καὶτὸν
1224 2559 1467 2614 ἀναίτιον
1502 2559 1753 2626 κολάζει,
1787 2559 1908 2632 κρί-

315 2669 445 2707 νατε
474 2652 655 2708 αὐτοί.

397 2743 573 2814 ἰιμῖν
631 2745 742 2799 οὐκ
794 2743 1039 2809 ἔξεστιν
1092 2743 1445 2798 ἀποκτεῖναι
1498 2744 1741 2800 οὐδένα.
1817 2744 1905 2809 Ὠς

315 2836 643 2900 ἐκπεσόντες
679 2837 780 2907 τῆς
814 2836 990 2907 ἀρχῆς
1038 2830 1211 2908 (ἦσαν
1259 2836 1370 2907 γὰρ
1401 2836 1507 2889 ὑπὸ
1553 2834 1899 2907 Ῥωμαίους)

239 2966 245 2975 ε
313 2926 469 2983 εἷπον
512 2920 689 2984 τοῦτο.
729 2930 925 2993 Ἤτοι,
984 2929 1085 2982 οὐκ
1131 2928 1311 2995 ἔξεστι
1338 2928 1654 3001 σταυρῶσαι
1701 2929 1899 2984 αὐτόν’

313 3021 459 3076 οὕτω
501 3021 612 3092 γὰρ
639 3020 852 3093 ἡθελον,
889 3021 977 3074 ἵνα
1006 3022 1101 3075 καὶ
1135 3021 1227 3074 τὸν
1249 3021 1452 3093 τρόπον
1481 3022 1581 3092 τῆς
1608 3021 1775 3075 αὑτοῦ
1811 3038 1900 3075 τε·

313 3114 510 3186 λευτῆς
551 3112 1006 3185 ὲκπομπεύσωσι.
1044 3114 1117 3165 ’Ἡ
1146 3113 1226 3166 ὅτι
1256 3112 1483 3183 βασιλέα
1504 3115 1699 3168 ἑαυτὸν
1722 3113 1896 3182 λέγει,

314 3208 408 3260 καὶ
436 3206 553 3260 ἐστι
596 3204 857 3276 δημόσιον
900 3203 1288 3275 τδ,ἐγκλημα,
1325 3205 1421 3258 καὶ
1467 3205 1552 3258 σοὶ
1598 3205 1770 3275 άνῆκε
1801 3204 1902 3259 θα-

313 3298 555 3354 νατῶσαι
579 3296 764 3353 αὐτόν.

387 3411 407 3444 ι
450 3390 717 3461 Εἰσῆλθεν
763 3384 858 3443 οὖν
906 3390 987 3453 είς
1036 3388 1098 3443 τὸ
1156 3386 1492 3458 πραιτώριον
1531 3386 1693 3441 πάλιν
1739 3388 1768 3440 6
1799 3390 1899 3442 Πι-

311 3484 501 3549 λάτος,
552 3483 648 3537 καὶ
679 3481 930 3553 ὲφὼνησε
973 3480 1065 3534 τὸν
1106 3479 1338 3552 Ἰησοῦν,
1384 3480 1479 3534 καὶ
1507 3476 1662 3533 εἶπεν
1710 3480 1895 3552 αὐτῷ*

312 3577 384 3630 Σὺ
416 3572 469 3637 εί
495 3578 524 3630 6
560 3575 818 3647 βασιλεὺς
845 3573 954 3629 τῶν
996 3573 1302 3637 Ἰουδαίων;
1346 3591 1364 3624 ι

381 3669 558 3738 Σαφὲς
590 3669 891 3739 τεκμήριον
934 3668 1017 3721 ὃτι
1049 3665 1191 3720 ἑκὼν
1225 3668 1253 3718 6
1281 3664 1487 3736 Κύριος
1533 3664 1794 3737 ἔπασχεν,
1841 3665 1902 3732 ἐξ

311 3752 384 3813 ὧν
414 3758 572 3823 εἰδὼς
616 3761 880 3830 προεῖπεν
921 3758 1005 3812 ὅτι
1040 3756 1245 3829 ἤμελλε
1289 3758 1403 3820 τοῖς
1429 3756 1612 3811 ἔθνεσι
1663 3758 1902 3829 παραδο-

313 3850 471 3922 θῆναι
497 3848 593 3903 ἐπὶ
620 3849 697 3920 τῷ
730 3848 1141 3921 σταυρωθῆναι.

385 3960 405 3993 σ
448 3937 614 3995 Εἶπεν
648 3939 741 3995 οὖν
770 3939 920 4011 αὐτῷ
947 3942 976 3995 6
1009 3940 1243 4005 Πιλάτος
1265 3959 1280 3975 σ
1316 3938 1531 3995 Οὐκοῦν
1562 3939 1819 4011 βασιλεὺς
1851 3934 1904 3994 εί

314 4033 413 4102 uti;
453 4032 761 4106 ’Δπεκρίθη
811 4034 841 4087 6
900 4032 1138 4104 Ἰησοῦς*
1191 4035 1265 4088 Σὺ
1309 4034 1493 4103 λέγεις
1521 4036 1604 4088 ὅτι
1642 4033 1902 4105 βασιλεύς

315 4132 429 4200 εἰμι
459 4127 596 4197 ἐγώ.
643 4148 663 4183 ι

383 4219 518 4273 Adet
547 4218 646 4291 την
691 4217 933 4287 ἀγωνίαν
971 4217 1231 4283 Πιλάτου,
1278 4218 1483 4272 πείθων
1511 4219 1595 4272 ὃτι
1622 4218 1722 4272 οὐκ
1752 4218 1902 4273 ἔστιν
2006 4268 2011 4272 .

2001 4305 2123 4346 esse
2147 4292 2480 4362 quempiam,
2516 4292 2611 4345 sed
2661 4291 2780 4346 caeli
2810 4306 2874 4346 ac
2925 4300 3084 4346 terrae
3123 4305 3326 4357 regem.
3384 4288 3590 4344 Idcirco

314 4311 619 4382 ἀντάρτης,
663 4310 802 4365 ἀλλὰ
838 4311 1094 4382 βασιλεὺς
1125 4310 1360 4382 οὐρανοῦ
1393 4312 1487 4365 καὶ
1513 4312 1636 4382 γῆς.
1676 4311 1769 4365 Διδ
1803 4313 1900 4365 ἀν-

313 4401 650 4474 απολόγητος
695 4405 725 4457 6
768 4402 1036 4470 Πιλάτος,
1090 4404 1190 4474 οὐχ
1239 4403 1316 4467 ὡς
1369 4402 1693 4475 βλάσφημον
1736 4403 1902 4457 αὑτὸν

313 4494 600 4564 φονεύσας,
632 4494 769 4550 ἀλλὰ
796 4495 933 4567 πρὸς
964 4497 1126 4568 χάριν
1168 4495 1465 4549 Ἰουδαίων.

1994 2013 2218 2065 ,χοι-υηι
2254 2018 2384 2072 ergo
2426 2005 2476 2059 ei
2534 2003 2707 2061 Judaei
2742 2004 2954 2063 :Nobis
2998 2024 3103 2064 non
3134 2009 3265 2081 licet
3296 2011 3608 2071 interﬁcere

2018 2109 2370 2165 quemquam.
2411 2116 2430 2150 ι

2017 2204 2033 2254 3
2080 2189 2136 2244 Si
2166 2190 2381 2259 quidem
2406 2189 2559 2246 vobis
2583 2190 2682 2261 ipsi
2704 2190 2970 2261 judicium
3006 2196 3293 2266 arrogatis,
3324 2197 3426 2267 ipsi
3468 2212 3607 2268 quo-

2016 2293 2122 2350 que
2184 2280 2440 2350 inquirite
2492 2293 2652 2351 prout
2727 2284 2911 2339 vultis.
2965 2284 3059 2340 Sin
3120 2302 3247 2343 vero
3303 2304 3390 2346 me
3444 2290 3608 2345 vultis

2016 2372 2193 2425 virum
2213 2371 2482 2443 judicare,
2506 2374 2671 2429 etiam
2695 2391 2917 2432 causam
2938 2376 3229 2446 proferatis
3259 2395 3481 2437 necesse
3498 2392 3602 2440 est.

2088 2551 2144 2606 Si
2177 2551 2263 2607 lex
2293 2563 2476 2610 vestra
2529 2557 2697 2613 etiam
2753 2558 3102 2616 innocentem
3140 2563 3318 2632 punit,
3370 2578 3466 2620 vos
3501 2565 3603 2636 ipsi

2007 2645 2273 2716 judicate.

2074 2735 2241 2793 Nabis
2296 2756 2399 2795 non
2446 2740 2571 2796 licet
2641 2744 2936 2813 interﬁcere
2986 2764 3327 2817 quemquam.
3384 2747 3455 2805 Ut
3506 2750 3599 2820 (ιιιὶ

2011 2829 2371 2901 principatum
2401 2834 2699 2889 amiserant
2739 2838 2939 2907 (erant
2969 2840 3112 2893 enim
3147 2841 3250 2895 sub
3279 2841 3596 2912 Romanis),

2011 2922 2114 2976 hoc
2176 2923 2452 2979 dicebant.
2496 2924 2593 2981 Vel
2646 2928 2774 2997 quia
2825 2946 2930 2984 non
2977 2942 3233 3000 poterant
3277 2948 3400 2988 eum
3450 2936 3597 2989 cruci

2008 3012 2250 3081 aﬂigere,
2281 3016 2423 3082 quod
2453 3018 2761 3088 cupiebant,
2788 3030 2846 3074 ut
2869 3030 2923 3074 et
2956 3022 3146 3077 infami
3176 3025 3365 3079 mortis
3398 3040 3599 3095 genere

2008 3103 2110 3173 ipsi
2158 3105 2505 3164 insultarent.
2558 3109 2656 3164 Vel
2684 3112 2810 3181 quia
2859 3128 3040 3183 regem
3092 3130 3152 3170 se
3186 3115 3417 3183 diceret,
3449 3120 3597 3186 quod

2008 3205 2090 3252 est
2112 3198 2317 3255 crimen
2341 3202 2618 3271 populare,
2646 3204 2887 3276 adeoque
2920 3215 2971 3262 te
2996 3207 3154 3263 decet
3176 3223 3298 3263 eum
3322 3210 3593 3266 occidere.

2067 3374 2233 3430 Vens.
2260 3377 2351 3433 55.
2391 3395 2410 3429 ι
2454 3376 2704 3434 Introivit
2751 3395 2884 3451 ergo
2918 3380 3112 3435 iterum
3168 3382 3223 3437 in
3275 3386 3593 3453 praetorium

2002 3465 2235 3532 Pilatus,
2270 3475 2322 3521 et
2346 3470 2556 3523 vocavit
2594 3467 2804 3535 Iesum,
2855 3480 2911 3526 et
2940 3471 3078 3526 dixit
3119 3472 3220 3537 ei:
3254 3474 3334 3527 Tu
3387 3491 3448 3530 es
3493 3492 3589 3530 rex

2003 3559 2308 3615 Judaaorum
2338 3562 2362 3617 ?
2398 3580 2418 3614 ι

2074 3651 2415 3707 Manifestum
2463 3664 2839 3724 argumentum
2912 3665 2996 3710 est
3052 3656 3336 3711 Dominum
3392 3667 3591 3727 sponte

2004 3760 2222 3815 passum
2258 3760 2397 3812 esse,
2444 3746 2589 3816 quod
2633 3748 2968 3817 praesciendo
3003 3748 3322 3819 pratdixerit
3364 3763 3424 3803 se
3453 3766 3590 3819 geu-

2000 3838 2148 3909 iibus
2171 3838 2427 3893 traditum
2470 3839 2535 3893 iri
2568 3841 2635 3893 ad
2663 3839 3118 3909 eruciligendum.

2069 3926 2238 3985 Vens.
2271 3929 2361 3984 57.
2402 3947 2422 3981 ι
2458 3927 2602 3984 Dixit
2640 3930 2827 3999 itaque
2881 3929 3092 3985 Pilatus
3126 3948 3139 3985 :
3178 3930 3319 4000 Ergo
3375 3946 3469 3986 rex
3528 3948 3588 3987 es

2005 4028 2059 4075 tu
2086 4019 2109 4075 ‘l
2137 4018 2436 4088 ReSpondit
2463 4018 2627 4075 Jesus
2656 4034 2672 4073 :
2700 4018 2778 4073 Tu
2807 4019 2943 4075 dicis
2977 4019 3103 4089 quia
3137 4034 3235 4085 rex
3260 4033 3377 4073 sum
3411 4034 3532 4090 ego.
3562 4039 3583 4072 ι

2066 4199 2239 4255 Solvit
2289 4198 2508 4253 dubium
2548 4199 2730 4263 Pilati,
2785 4197 2994 4254 docens
3047 4213 3107 4253 se
3140 4213 3245 4252 non
3299 4208 3588 4270 tyrannum

2002 4382 2165 4437 etiam
2214 4382 2597 4437 inexcusabilis
2633 4390 2717 4436 est
2743 4380 2971 4443 Pilatus,
3001 4382 3144 4451 quod
3188 4396 3294 4434 non
3327 4390 3585 4449 tanquam

2000 4473 2375 4544 blaspliemum
2401 4474 2634 4545 aliquem
2682 4472 2967 4541 occiderit,
3005 4473 3100 4527 sed
3136 4472 3187 4525 in
3221 4472 3453 4543 gratiam
3491 4468 3589 4526 Ju-

2001 4568 2261 4623 dznorum.
3374 4573 3383 4589 ⁴

378 4675 441 4727 Οί
493 4672 715 4743 ἄγγελοι
765 4673 825 4727 δὲ
856 4676 873 4711 ί
929 4673 1209 4745 ἡσύχαζον
1258 4671 1355 4726 τοῦ
1414 4670 1683 4743 βασιλέως
1719 4669 1899 4737 αὐτῶν

2051 4662 2263 4734 ,Augeli
2299 4671 2479 4718 autem
2509 4660 2653 4731 passi
2690 4668 2817 4715 sunt
2857 4673 3036 4729 regem
3071 4672 3229 4711 suum
3283 4654 3422 4709 aiitci
3455 4668 3588 4708 con-

312 4766 693 4839 ὑϐριζομένου,
724 4765 1035 4831 ἐννοοῦντες
1062 4764 1163 4837 τὴν
1189 4763 1503 4837 οἰκονομίαν
1530 4764 1630 4835 τῆς
1656 4762 1895 4833 Χριστοῦ

312 4859 633 4930 παρουσίας.
1884 4921 1893 4928 .

391 4949 533 5019 Ἐγὼ
561 4950 651 5006 διά
692 4950 853 5005 τοῦτο
891 4950 1094 5021 γέγονα
1123 4949 1415 5021 ἄνθρωπος
1434 4990 1450 5013 ,
1480 4948 1575 5003 καὶ
1599 4946 1896 5019 ἐγεννήθην

313 5042 373 5094 ὲκ
421 5042 639 5114 Μαρίας
659 5084 675 5109 ,
721 5043 809 5098 ἵνα
849 5042 911 5097 τὸ
937 5043 1134 5114 ψεῦδος
1164 5044 1259 5097 καὶ
1296 5041 1390 5096 τὸν
1420 5041 1669 5096 διάϐολον
1706 5042 1770 5093 ὲκ
1796 5038 1891 5094 τοῦ

2006 4756 2267 4817 tumeliis,
2301 4755 2709 4810 considerantes
2740 4754 2842 4809 boc
2875 4766 3001 4807 esse
3031 4748 3452 4820 dispensationis
3494 4747 3589 4801 ad-

2005 4859 2197 4902 ventus
2224 4846 2447 4903 Christi.

2077 4951 2189 5020 Ego
2240 4958 2524 5020 propterea
2566 4948 2743 5003 factus
2803 4961 2924 5003 sum
2969 4945 3158 5008 homo,
3217 4949 3272 4996 et
3303 4955 3369 4995 ex
3416 4938 3586 4994 Maria

2004 5050 2165 5096 natus
2217 5056 2359 5105 sum,
2397 5051 2456 5095 ut
2491 5041 2833 5096 mendacium
2885 5052 2950 5093 ac
3005 5032 3278 5091 diabolum
3324 5046 3355 5087 e
3383 5034 3586 5086 mtme

312 5134 517 5205 κόσμου
542 5134 844 5201 ἀπελάσας,
871 5135 1266 5207 βασιλεύουσαν
1292 5134 1562 5199 ἀποδείξω
1578 5141 1608 5171 ιι
1630 5133 1728 5205 τὴν
1751 5132 1902 5187 θείαν

2009 5135 2397 5201 “terminans,
2448 5148 2680 5205 regnare
2723 5130 3004 5187 ostendam
3040 5128 3278 5185 divinam
3310 5134 3581 5180 naturam.

314 5224 497 5297 φύσιν.

915 5353 1169 5421 ΚΕΦΛΛ.
1193 5365 1299 5419 ιθι.

384 5499 401 5532 ι
442 5479 855 5552 ’Λπεκρίθησαν
888 5477 1038 5549 αὐτῷ
1059 5463 1129 5531 oi.
1159 5477 1438 5531 Ἰουδαῖοι·
1488 5476 1682 5548 Ἡμεῖς
1726 5475 1891 5546 νόμον

2642 5357 2794 5414 CAP.
2816 5354 2960 5412 XIX.
3025 5390 3028 5393 λ

2062 5475 2226 5533 Vens.
2290 5475 2344 5529 7.
2381 5493 2398 5526 ι
2452 5472 2872 5544 Responderunt
2898 5469 2947 5525 ei
2980 5466 3148 5524 Judaei
3189 5485 3202 5521 :
3245 5464 3354 5520 Nos
3407 5463 3576 5532 legem

378 5667 405 5696 υ
429 5659 520 5714 Cr.
550 5658 887 5727 ἀπεφήνατο.
960 5664 987 5693 ο
1018 5657 1110 5712 Cr.
1142 5656 1265 5712 add.
1312 5656 1498 5712 αὐτόν.
1569 5664 1662 5707 1³ης
1691 5653 1782 5711 Cr.
1807 5653 1909 5710 add

2009 5650 2300 5725 ;οιήσασθε.
2380 5661 2402 5689 ι’
2431 5650 2520 5706 Cr.
2549 5647 2637 5703 ἐπ’
2678 5645 2834 5718 ἐμοῦ.
2913 5656 2935 5685 ι
2964 5642 3054 5703 Cr.
3088 5641 3367 5715 κριθῆναι,
3401 5638 3575 5692 εἰπεῖν

312 5732 624 5800 ἀναγκαῖον.
678 5726 842 5784 TCr.
880 5729 998 5785 sine
1030 5727 1110 5783 δέ.
1186 5736 1212 5764 ιι
1245 5727 1337 5783 Cr.
1366 5728 1490 5784 add.
1516 5726 1755 5782 πάντων.

388 5885 497 5958 (l5)
559 5884 671 5943 iloc
722 5885 988 5945 scholium
1042 5896 1238 5944 catena
1304 5882 1553 5941 Crameri
1608 5878 1898 5938 Ammonio
1940 5878 2156 5948 tribuit,
2188 5879 2482 5938 Corderius
2508 5891 2637 5934 vero
2667 5876 2956 5935 Theodoro
2989 5869 3397 5943 Mopsuesteno.
