4130 6530
560 421 693 489 1511

1663 419 2000 480 ΑΜΜΟΝΙΙ
2037 416 2571 482 ALEXANDRINI

3688 422 3823 490 1512

557 537 819 589 habemus
859 551 871 587 :
904 541 960 587 et
986 532 1284 587 secundum
1314 532 1484 603 legem
1525 531 1683 586 debet
1712 534 1872 599 mori,
1905 533 2031 603 quia
2069 536 2130 586 li-

2239 532 2456 603 εχομεν,
2491 532 2586 585 καὶ
2613 530 2758 586 κατά
2780 533 2875 586 τὸν
2894 534 3059 605 νόμον
3078 534 3238 605 ἡμῶν
3260 534 3468 604 ὀφείλει
3498 537 3815 607 ἀποθανεῖν,

558 629 687 680 lium
720 625 809 678 Dei
838 639 897 677 se
934 622 1082 677 fecit.
1118 641 1136 674 ι

612 716 725 770 Non
747 715 941 769 Filium
964 714 1053 767 Dei
1078 723 1242 768 semet
1266 713 1377 783 ipse
1395 714 1542 781 fecit,
1562 717 1655 772 sed
1674 732 1795 771 cum
1814 728 1954 773 esset
1972 716 2137 772 Filius

560 808 676 871 hei,
728 806 1002 860 hominem
1046 806 1394 875 semetipsum
1440 807 1588 871 fecit,
1648 823 1776 863 vere
1822 808 2138 863 immutatus

562 915 806 963 tuauens,
834 899 908 952 uti
936 908 1075 963 erat,
1110 898 1272 955 Deus.
1300 901 1453 967 Quod
1504 902 1648 955 enim
1678 901 2010 971 objiciebant
2035 899 2136 954 Ju-

558 989 680 1055 ιΙίΒῘ,
708 1000 761 1043 ct
787 987 902 1043 lteri
932 1002 1035 1042 non
1064 997 1299 1058 poterat,
1334 1000 1390 1042 ut
1423 990 1505 1044 vel
1537 990 1662 1045 hinc
1694 989 1918 1045 minime
1950 991 2132 1045 subsi-

558 1090 701 1134 stere
728 1079 1069 1148 probaretur,
1096 1088 1149 1133 et
1186 1078 1379 1134 falsum
1414 1090 1555 1135 erat.
1585 1082 1935 1150 Quapropter
1963 1081 2135 1135 etiam

560 1172 765 1227 Pilatus
792 1180 849 1226 ut
879 1183 1057 1226 mutus
1097 1170 1379 1227 idololatra
1428 1172 1587 1242 quasi
1636 1182 2021 1227 consternatus
2063 1173 2135 1227 ti-

561 1266 714 1318 nmil.

638 1354 796 1409 Vens.
832 1355 919 1435 tl.
950 1374 968 1407 ι
1008 1354 1305 1424 Respondit
1338 1353 1511 1410 ’Jesus
1542 1370 1556 1408 :
1590 1352 1707 1409 Non
1769 1354 2001 1412 haberes
2048 1371 2136 1428 po-

564 1457 812 1503 testatem
846 1450 1138 1504 adversum
1172 1463 1258 1504 me
1283 1446 1473 1516 ullam,
1504 1447 1610 1504 nisi
1648 1448 1747 1505 tibi
1767 1448 1951 1505 datum
1980 1458 2128 1506 esset

562 1541 813 1609 desuper.
845 1558 865 1591 ι

638 1630 873 1685 Tametsi
897 1629 1151 1697 princeps
1193 1628 1291 1694 sis,
1321 1629 1529 1686 nullum
1562 1639 1744 1685 tamen
1778 1645 1832 1684 in
1866 1644 1953 1685 me
1982 1629 2123 1686 deli-

558 1739 703 1781 ctum
733 1721 1022 1778 iuveuieus
1070 1736 1175 1775 non
1202 1721 1471 1791 potuisses
1500 1735 1585 1776 me
1609 1722 1997 1787 condemnare,
2026 1722 2131 1779 nisi

2240 624 2322 677 ὅτι
2353 624 2545 677 ἑαυτὸν
2576 623 2692 678 υίδν
2715 624 2851 679 Θεοῦ
2876 624 3155 693 ἐποίησεν.
3206 644 3226 677 ι
3278 636 3281 639 ·

2310 716 2424 787 Οὐχ
2441 716 2576 770 Υίδν
2598 718 2736 771 θεοῦ
2758 717 2951 772 ἑαυτὸν
2974 717 3255 791 ἐποίησεν,
3273 720 3391 774 ἀλλ’
3425 720 3503 775 ὣν
3519 723 3648 788 Υίδς
3662 724 3820 790 Θεοῦ,

2237 807 2527 880 ἄνθρωπον
2555 809 2750 863 ἑαυτὸν
2772 809 3055 881 ἐποίησεν,
3074 811 3362 884 ἀτρέπτως
3382 815 3596 885 μείνας,
3627 817 3703 879 ὡς
3727 813 3823 888 ἦν,

2237 898 2390 963 Θεός.
2429 900 2494 953 Ὃ
2523 900 2633 972 γὰρ
2666 894 2824 955 εἶπον
2885 903 3158 970 Ἰουδαῖοι,
3207 906 3303 957 καί⁸
3347 906 3614 960 ἀδύνατον
3631 902 3721 979 ἧν,
3745 908 3824 972 ὼς

2237 991 2333 1045 καὶ
2362 993 2427 1044 ὲκ
2472 992 2666 1045 τούτου
2709 993 2991 1065 δειχθῆναι
3038 995 3219 1049 αὐτῶν
3259 996 3322 1050 τὸ
3363 996 3690 1065 ἀσύστατον,
3726 1000 3825 1052 καὶ

2234 1084 2451 1155 ψευδές.
2487 1085 2582 1138 Διὸ
2632 1086 2728 1140 καὶ
2772 1087 2849 1150 ὡς
2878 1087 3276 1160 εἰδωλολάτρης
3304 1088 3508 1160 κοῦφος
3536 1092 3565 1145 6
3590 1091 3825 1155 Πιλᾶτος

2239 1176 2632 1246 συναρπαγεὶς,
2670 1176 3002 1248 ἀδιακρίτως
3041 1179 3307 1251 ἐφοϐήθη.

2312 1368 2332 1403 ι
2390 1351 2689 1424 ’Δπεκρίθη
2719 1354 2747 1405 6
2788 1352 2994 1424 Ἰησοῦς
3015 1369 3030 1384 ⁸
3064 1354 3178 1407 Οὐκ
3204 1350 3352 1426 εἶχες
3383 1355 3635 1422 ἐξουσίαν
3666 1356 3822 1410 οὐδε-

2239 1442 2368 1514 μίαν
2398 1444 2520 1497 κατ’
2551 1445 2709 1516 ἐμοῦ,
2734 1447 2783 1499 εί
2816 1445 2891 1517 μὴ
2912 1442 2979 1519 ἦν
3011 1462 3095 1500 σοι
3118 1447 3404 1520 δεδομένον
3437 1448 3669 1505 ἀνωθεν.
3704 1470 3723 1503 ο

2306 1621 2425 1676 Κᾶν
2457 1620 2642 1692 ἄρχων
2679 1616 2737 1693 ᾖ,
2776 1622 2892 1675 ἀλλ’
2931 1618 3026 1678 οὖν
3060 1624 3137 1695 μὴ
3187 1624 3462 1696 εὑρίσκων
3514 1624 3637 1680 κατ’
3667 1627 3812 1697 ἐμοῦ

2237 1716 2506 1783 πταῖσμα,
2536 1714 2637 1766 οὐκ
2666 1714 2862 1784 ὴδύνου
2902 1731 3004 1785 μου
3046 1715 3538 1786 καταψηφίσασθαι
3574 1727 3623 1784 ν,
3659 1720 3708 1772 εί
3739 1719 3821 1789 μὴ

556 1834 655 1889 ego
685 1824 876 1886 sponte
908 1812 1172 1883 meipsum
1203 1828 1269 1869 ex
1291 1812 1474 1868 Patris
1508 1813 1851 1885 beneplacito
1891 1814 1958 1869 ad
1994 1829 2130 1885 pas-

2236 1803 2379 1858 ἑκὼν
2408 1805 2520 1874 ἐγὼ
2544 1805 2767 1877 εὐδοκία
2791 1806 3007 1877 Πατρὸς
3025 1808 3238 1879 ἤγαγον
3258 1809 3497 1880 ἐμαυτὸν
3521 1810 3603 1874 εἰς
3622 1810 3684 1865 τὸ
3709 1828 3821 1863 πα-

558 1912 767 1964 sionetn
802 1904 1145 1960 obtulissem.

631 2002 793 2055 Vsus.
830 1997 919 2054 ta.
958 2017 976 2048 ι
1005 1998 1131 2052 Erat
1161 2007 1342 2053 autem
1374 2010 1671 2068 parasceve
1723 1998 1970 2064 Paschaa,
2001 1999 2133 2054 hora

557 2094 710 2163 quasi
741 2102 916 2156 sexta,
944 2101 999 2146 et
1029 2090 1161 2144 dicit
1188 2088 1446 2145 Iudaeis!
1467 2090 1609 2146 Ecce
1642 2100 1735 2145 rex
1763 2100 1964 2145 vester.
2000 2109 2019 2142 ι

630 2178 830 2233 lloram
878 2176 1217 2246 |eVangelista
1274 2176 1555 2230 denotavit
1618 2186 1838 2247 propter
1882 2190 2131 2231 resurre-

556 2270 789 2325 ctionem
834 2268 994 2322 tertio
1050 2268 1135 2321 die
1188 2265 1411 2321 factam.
1452 2268 1687 2337 Insignis
1728 2278 1909 2322 autem
1951 2267 2132 2322 scriba

558 2377 654 2429 pro
712 2361 939 2415 Gamma
973 2359 1266 2425 elemento,
1304 2358 1447 2427 quod
1486 2360 1709 2413 tertiam
1741 2359 1943 2429 signat,
1984 2360 2132 2413 aliud

557 2456 770 2521 signum
806 2454 1007 2521 posuit,
1046 2450 1190 2520 quod
1221 2449 1407 2506 Gabex
1436 2449 1789 2506 Alexandrini
1824 2461 2042 2518 vocant,
2076 2461 2130 2505 et

558 2556 766 2599 sextam
797 2546 1039 2609 denotat,
1068 2556 1432 2612 magnamque
1459 2543 1604 2597 inter
1639 2557 1700 2598 se
1733 2543 1937 2597 habent
1973 2544 2125 2599 simi-

557 2638 837 2693 litudinem
869 2654 882 2690 :
919 2647 974 2691 et
1019 2650 1086 2690 ex
1137 2648 1328 2688 errore
1367 2633 1688 2705 scriptionis
1748 2635 1851 2689 ista
1908 2636 2132 2706 irrepsit

557 2730 849 2786 diversitas
898 2728 1168 2784 lectionis.
1198 2724 1333 2782 Nam
1383 2741 1481 2798 pro
1543 2727 1703 2783 tertia
1742 2728 1878 2783 hora
1912 2739 2123 2783 sextam

554 2824 798 2892 scripsit.

624 2933 909 2990 Vsn3.18.
945 2951 963 2984 ‹
998 2931 1513 2988 Ubicrucilixerunt
1567 2938 1716 2998 eum,
1770 2941 1828 2987 et
1882 2948 2004 2989 cum
2059 2949 2129 2990 eo

556 3029 692 3083 alios
715 3029 871 3093 duos,
901 3026 1029 3080 hinc
1052 3035 1105 3080 et
1137 3026 1283 3094 hinc,
1311 3025 1549 3081 medium
1583 3035 1761 3081 autem
1785 3024 1996 3082 Jesum.
2032 3047 2051 3080 ι

623 3120 725 3175 Per
754 3120 857 3173 hoc
880 3120 1023 3187 quod
1058 3118 1201 3171 inter
1236 3120 1370 3173 duos
1405 3118 1648 3175 latrones
1686 3119 1983 3175 cruciﬁxus
2016 3129 2125 3185 est,

2166 1882 2209 1939 Β
2239 1892 2374 1947 θεῖν.

2313 2004 2333 2038 ι
2367 1981 2477 2041 Ἦν
2493 1985 2549 2040 δὲ
2565 1988 2893 2062 παρασκευὴ
2913 1988 3009 2043 τοῦ
3031 1988 3246 2060 Πάσχα,
3267 1987 3387 2060 ὥρα
3411 1989 3470 2043 δὲ
3496 1989 3629 2043 ὡσεὶ
3654 1988 3816 2060 ἕκτη,

2236 2077 2329 2130 καὶ
2361 2077 2510 2146 λέγει
2538 2081 2651 2142 τοῖς
2689 2080 2967 2144 Ἰουδαίοις
2990 2098 3005 2112 ·
3038 2081 3145 2135 Ἴδε
3180 2084 3209 2135 6
3238 2081 3494 2152 βασιλεὺς
3516 2082 3697 2152 ὑμῶν.
3740 2100 3762 2134 ι

2307 2168 2418 2239 Τὴν
2451 2167 2601 2240 ὥραν
2628 2171 3018 2243 ἐπεσημήνατο
3048 2173 3077 2226 6
3120 2172 3538 2244 εὐαγγελιστὴς,
3593 2173 3684 2227 διά
3716 2174 3818 2243 τὴν

2232 2259 2534 2314 ἀνάστασιν
2565 2261 2663 2333 τὴν
2687 2263 2746 2315 ὲν
2774 2266 2841 2335 τῇ
2870 2264 3034 2336 τρίτη
3078 2268 3370 2333 γεγονυῖαν
3420 2266 3627 2338 ἡμέρᾳ.
3672 2268 3733 2320 '0
3755 2252 3825 2319 δέ

2234 2352 2608 2426 καλλιγράφος
2638 2356 2761 2410 ἀντὶ
2778 2356 2871 2410 τοῦ
2893 2356 3101 2428 Γάμμα
3132 2358 3421 2430 στοιχείου,
3441 2360 3579 2430 ὅπερ
3612 2361 3821 2431 σημαί·

2233 2462 2314 2498 νει
2342 2446 2403 2499 τὸ
2459 2448 2673 2519 τρίτην,
2731 2448 2937 2520 ἔγραψε
2977 2451 3039 2502 τὸ
3069 2451 3341 2522 ἐπίσημον
3388 2451 3417 2504 ὃ
3451 2451 3717 2505 καλοῦσιν
3763 2453 3816 2506 oi

2245 2536 2616 2610 Ἀλεξανδρεῖς
2630 2541 2824 2608 Γασὲε,
2845 2542 2872 2595 6
2888 2542 3043 2613 δηλοῖ
3056 2544 3158 2614 τὴν
3174 2543 3361 2615 ἕκτην,
3388 2543 3592 2615 πολλὴν
3619 2544 3816 2614 ἔχοντα

2234 2630 2369 2700 πρὸς
2402 2632 2572 2686 ἑαυτᾶ
2617 2636 2716 2704 τὴν
2760 2634 3058 2705 ὁμοιότητα
3083 2652 3097 2668 ·
3131 2636 3226 2690 καὶ
3271 2636 3359 2689 διὰ
3388 2636 3479 2689 τοῦ
3531 2637 3813 2709 γραφικοῦ

2235 2721 2555 2793 σφάλματος
2600 2724 2828 2794 γέγονεν
2873 2728 2907 2797 ή
2961 2727 3253 2797 διαφωνία.
3310 2729 3457 2783 ’Λντὶ
3482 2728 3597 2802 γὰρ
3622 2730 3817 2802 τρίτης

2230 2812 2381 2885 ὥρας
2398 2855 2413 2877 ,
2442 2816 2610 2885 ἕκτην
2640 2816 2871 2887 ἔγραψε.

2310 2947 2327 2979 ι
2364 2928 2541 2981 Ὅπου
2570 2929 2732 2983 αὐτὸν
2751 2930 3131 3000 ἐσταύρωσαν,
3158 2931 3252 2985 καὶ
3277 2931 3394 3003 μετ’
3420 2931 3588 2986 αὐτοῦ
3616 2932 3815 2995 ἄλλους

2229 3018 2345 3080 δύο,
2380 3020 2630 3073 ἐντεῦθεν
2659 3022 2754 3074 καὶ
2783 3021 3053 3085 ἐντεῦθεν,
3085 3022 3251 3092 μέσον
3280 3023 3336 3077 δὲ
3367 3023 3463 3077 τὸν
3508 3024 3746 3095 Ἰησοῦν.
3785 3044 3806 3076 ι

2299 3112 2398 3165 Διά
2436 3111 2530 3165 τοῦ
2586 3114 2972 3185 σταυρωθῆναι
3018 3114 3077 3165 ὲν
3110 3114 3263 3185 μέσῳ
3299 3116 3412 3169 τῶν
3443 3116 3537 3170 δύο
3570 3116 3813 3189 λῃστῶν,

554 3211 770 3282 impleta
798 3218 881 3265 est.
911 3207 1214 3278 Scriptura,
1247 3225 1365 3278 qua:
1386 3210 1515 3265 dicit
1538 3228 1551 3265 :
1572 3210 1636 3264 Et
1678 3227 1794 3265 cum
1817 3211 2016 3283 iniquis
2039 3230 2122 3267 re-

2235 3201 2530 3275 ἐπληρώθη
2558 3206 2591 3275 ἡ
2616 3204 2806 3277 Γραφὴ
2834 3204 3092 3273 λέγουσα,
3114 3206 3224 3259 Καί
3238 3206 3390 3276 μετὰ
3411 3207 3657 3278 ἀνόμων
3678 3208 3820 3263 ἐλο-

551 3313 767 3371 putatus
805 3313 877 3357 est
908 3301 975 3356 ’°.
1014 3301 1211 3370 Figura
1245 3303 1296 3356 bi
1324 3302 1547 3357 fuerunt
1610 3303 1839 3358 duorum
1901 3305 2128 3375 populo-

2234 3298 2433 3367 γίσθη.
2458 3298 2638 3363 Τύπος
2664 3300 2802 3352 εἰσὶν
2831 3294 2978 3353 οὗτοι
3012 3300 3123 3353 τῶν
3152 3300 3245 3354 δύο
3274 3301 3421 3354 λαῶν
3440 3301 3613 3357 ὄντων
3636 3320 3816 3357 καταο

555 3412 696 3460 rum,
726 3395 817 3463 qui
877 3404 1097 3465 propter
1124 3406 1347 3465 peccata
1396 3411 1495 3451 sua
1533 3396 1613 3452 rei
1648 3407 1829 3452 erant.
1869 3394 1966 3454 Vel
1996 3399 2125 3469 quia

2234 3391 2445 3463 κρίτων
2475 3390 2567 3445 διά
2605 3391 2705 3455 τάς
2742 3392 2923 3446 αὐτῶν
2964 3393 3258 3464 ἁμαρτίας.
3292 3395 3367 3447 Ἢ
3391 3395 3472 3449 ὅτι
3503 3398 3553 3449 οί
3581 3396 3815 3467 Χριστῷ

549 3488 641 3558 qui
667 3487 885 3542 Christo
911 3487 1229 3556 agglutinati
1282 3497 1430 3554 sunt,
1456 3490 1737 3560 semetipsi
1800 3491 2124 3561 cruciligere

2234 3484 2566 3555 κολλώμενοι
2617 3484 2892 3553 ὀφείλουσι
2955 3486 3225 3557 σταυροῦν
3287 3488 3547 3553 ἑαυτοὺς,
3602 3489 3815 3542 ὡσανεὶ

550 3582 769 3645 debent,
804 3577 971 3649 priori
1006 3580 1403 3634 conversationi
1433 3581 1838 3652 quodammodo
1874 3584 2119 3640 morien-

2234 3578 2667 3648 ἀποθνήσκοντες
2714 3581 2781 3651 τῇ
2834 3580 3027 3653 πρώτῃ
3077 3579 3359 3652 διαγωγῇ,
3397 3581 3601 3647 ζῶντες
3632 3582 3690 3636 δὲ
3750 3584 3813 3635 ὲν

553 3686 655 3736 tes,
675 3682 729 3727 et
760 3672 814 3726 in
851 3671 1090 3728 novitate
1112 3675 1235 3727 vitae
1264 3673 1420 3743 juxta
1456 3672 1811 3745 Evangelium
1845 3674 2125 3730 ambulan-

2234 3670 2509 3740 καινότητι
2535 3668 2675 3723 κατά
2708 3669 2770 3723 τὸ
2804 3669 3163 3740 Εὐαγγὲλιον.

550 3776 651 3819 tes.

618 3855 785 3911 Vens.
816 3856 904 3911 19.
939 3874 957 3908 ι
997 3853 1228 3925 Scripsit
1279 3862 1458 3909 autem
1510 3863 1565 3909 et.
1604 3853 1820 3911 titulum
1854 3854 2066 3913 Pilatus
2098 3877 2112 3914 :

547 3957 604 4000 et
656 3948 839 4018 posuit
892 3963 1053 4016 super
1112 3960 1353 4000 crucem.
1386 3946 1515 4000 Erat
1582 3956 1761 4002 autem
1794 3948 2058 4021 scriptum
2100 3970 2114 4006 :

546 4040 703 4095 Jesus
737 4038 1073 4102 Nazarenus,
1105 4037 1217 4091 Rex
1247 4037 1578 4095 Iudaeorum.
1618 4059 1638 4093 ι

618 4129 753 4183 Cum
781 4128 1099 4198 nihil,quod
1134 4128 1208 4182 illi
1242 4129 1527 4198 objiceret,
1563 4128 1769 4187 Pilatus
1802 4135 2118 4203 reperisset,

2302 3870 2321 3903 ι
2366 3850 2613 3921 Ἔγραψε
2645 3850 2702 3904 δὲ
2739 3852 2832 3906 καὶ
2872 3851 3051 3906 τίτλον
3092 3853 3120 3906 6
3164 3852 3420 3917 Πιλάτεις,
3472 3851 3569 3907 καὶ
3603 3848 3809 3923 ἔθηκεν

2228 3941 2319 3993 ἐπὶ
2340 3939 2435 3993 τοῦ
2485 3939 2744 4011 σταυροῦ.
2780 3936 2888 3993 Ἦν
2925 3940 2981 3993 δὲ
3028 3941 3419 4012 γεγραμμένον
3447 3956 3462 3973 ⁶
3534 3942 3748 4012 Ἰησοῦς
3779 3946 3811 3997 6
3854 4014 3857 4017 _

2226 4034 2569 4106 Ναζωραῖος,
2601 4036 2630 4086 6
2662 4034 2915 4104 βασιλεὺς
2937 4035 3045 4088 τῶν
3090 4035 3383 4090 Ἰουδαίων.
3422 4053 3444 4088 ι

2296 4126 2388 4196 Μὴ
2419 4126 2595 4197 εὑρὼν
2620 4128 2673 4179 τί
2722 4126 2852 4199 εἴπῃ
2880 4126 3002 4180 κατ’
3052 4127 3217 4181 αὑτοῦ
3241 4127 3269 4179 6
3307 4127 3562 4193 Πιλᾶτος,
3590 4128 3806 4200 ἔγραψε

550 4222 653 4274 hoc
714 4221 953 4287 scripsit,
995 4237 1061 4274 ne
1112 4228 1166 4273 et
1206 4219 1320 4289 ipse
1366 4220 1509 4275 latro
1553 4232 1860 4290 putaretur.
1911 4224 2113 4297 Regem

2234 4220 2401 4286 τοῦτο,
2437 4222 2523 4275 ίνα
2564 4222 2639 4294 μὴ
2672 4224 2903 4293 νομισθῇ
2932 4223 3027 4276 καὶ
3056 4223 3221 4287 αὐτὸς
3250 4221 3395 4277 εἶναι
3420 4224 3652 4295 λῃστής.
3686 4223 3801 4277 Βα-

548 4325 671 4362 eum
702 4309 929 4379 populus
966 4308 1433 4377 proclamavcrat:
1471 4321 1526 4367 et
1556 4313 1681 4383 quia
1718 4313 1890 4371 Judzni
1918 4333 2099 4390 regem

2234 4314 2378 4369 σιλέα
2399 4315 2561 4370 αὐτὸν
2590 4314 2822 4387 δημοσίᾳ
2844 4317 3234 4388 αάνηγόρευσε,
3254 4317 3347 4372 καὶ
3364 4318 3447 4371 ὅτι
3474 4318 3524 4371 οῑ
3555 4318 3805 4371 Ἰουδαῖοι

548 4416 708 4455 suum
740 4391 770 4455 ο
801 4400 978 4457 medio
1011 4402 1288 4469 tulissent,
1325 4417 1419 4459 eos
1457 4406 1834 4477 perstringens
1859 4410 1959 4465 hoc
1984 4414 2114 4467 scri-

2234 4405 2566 4477 τὸνβασιλέα
2617 4405 2799 4460 αὐτῶν
2858 4406 3095 4474 ἀνεῖλον,
3157 4407 3431 4479 διασύρων
3483 4407 3800 4470 Ἰουδαίους,

549 4495 677 4563 psit.
711 4494 842 4549 Illud
875 4507 957 4549 est
985 4496 1426 4566 chirographum,
1451 4499 1595 4568 quod
1632 4498 1822 4554 Adami
1856 4505 2116 4560 condem-

2234 4498 2449 4571 ἔγραψε.
2481 4499 2652 4553 Τοῦτό
2680 4502 2795 4555 ἐστι
2820 4500 2880 4553 τὸ
2915 4500 3281 4572 χειρόγραφον
3310 4500 3339 4553 6
3369 4502 3693 4572 προσήλωσε
3717 4500 3804 4570 τῷ

549 4589 695 4641 natio
725 4588 871 4642 cruci
910 4589 1162 4658 prmiixit,
1199 4589 1473 4659 quodjam
1511 4592 1758 4647 diabolus
1784 4596 2097 4663 possidens,

2234 4592 2494 4665 τταυρῷὴ
2528 4592 2669 4646 κατά
2704 4592 2798 4646 τοῦ
2830 4593 3005 4664 Ἀδὰμ
3038 4593 3337 4661 ἀπόφασις,
3379 4593 3518 4663 ὅπερ
3552 4593 3581 4645 6
3612 4591 3802 4645 6:660-

545 4695 734 4736 omues
764 4682 1029 4765 ~homines
1068 4683 1229 4737 morti
1263 4684 1444 4738 dabat.
1480 4684 1677 4740 Verum
1717 4685 1970 4743 Salvator
2014 4691 2107 4745 ubi

2234 4705 2307 4753 to;
2352 4687 2617 4757 κατέχων,
2648 4687 2856 4751 πάντας
2895 4685 3220 4758 ἀνθρώπους
3269 4686 3548 4758 ἀπέφερεν
3584 4687 3666 4750 είς
3696 4685 3797 4739 θά-

547 4788 645 4841 pro
671 4766 901 4827 nobisin
927 4773 1072 4843 ligno
1114 4785 1360 4830 mortuus
1390 4776 1511 4840 fuit,
1551 4792 1649 4832 nos
1678 4775 1950 4835 liberavit.

2234 4798 2398 4835 ρατον.
2452 4780 2593 4833 Ἀλλ’
2632 4781 2659 4833 ὀ
2690 4779 2882 4851 Σωτὴρ
2912 4779 3051 4851 ὑπὲρ
3082 4779 3241 4851 ήμῶν
3274 4778 3333 4833 ἐν
3368 4777 3445 4849 τῷ
3477 4777 3620 4849 ξύλῳ
3651 4778 3797 4831 ἀποο

2219 4872 2416 4937 θανὼν,
2450 4870 2829 4942 ἠλευθέρωσεν
2858 4872 3027 4941 ἡμᾶς.

2295 4983 2313 5014 ι
2388 4965 2499 5017 Καὶ
2574 4963 2759 5027 κλίνας
2844 4962 2943 5033 τὴν
3017 4962 3281 5035 κεφαλὴν,
3364 4960 3653 5033 παρέδωκε
3730 4962 3795 5014 τὸ

2215 5054 2457 5124 πνεῦμα.
2493 5072 2514 5105 ι

619 5145 797 5217 Caput
838 5147 1142 5214 inclinavit,
1180 5150 1280 5205 hoc
1312 5150 1458 5206 enim
1498 5166 1602 5206 non
1635 5161 1751 5207 erat
1784 5152 2025 5218 aﬂixum,
2057 5164 2114 5209 et

2285 5147 2396 5217 Τὴν
2425 5146 2672 5218 κεφαλὴν
2706 5144 2943 5198 ἔκλινενθ
3001 5142 3139 5214 αὕτη
3162 5218 3166 5223 Α
3188 5144 3299 5215 γάρ
3339 5144 3403 5196 οὐ
3438 5142 3789 5213 προσήλωτο,

544 5249 671 5295 tunc
729 5240 1041 5309 exspiravit.
1084 5240 1300 5297 Etenim
1354 5243 1591 5300 universi
1645 5254 1764 5301 erat
1819 5245 2112 5313 Dominus;

2234 5240 2305 5293 ιαὶ
2336 5238 2457 5291 τότε
2486 5237 2802 5301 ἐξέπνευσε.
2838 5236 2950 5289 Καὶ
2965 5234 3074 5305 γὰρ
3106 5234 3200 5289 τοῦ
3232 5234 3433 5298 παντὸς
3457 5229 3526 5305 ἦν
3553 5233 3789 5303 Κύριος,

543 5345 667 5384 cum
720 5329 857 5384 alias
912 5332 1147 5401 primum
1203 5333 1489 5404 exspirare
1520 5335 1646 5405 quis
1681 5334 1876 5401 soleat,
1906 5350 1968 5390 ac
2000 5346 2111 5390 tum

2234 5331 2413 5399 εαίπερ
2440 5327 2535 5381 τοῦ
2576 5328 2731 5391 ἔθους
2762 5326 2979 5399 ἔχοντος
3016 5326 3231 5399 πρῶτον
3259 5328 3503 5393 ἐκπνεῖν,
3536 5327 3631 5380 καὶ
3656 5326 3783 5379 τότε

541 5424 757 5478 demum
778 5434 941 5492 caput
974 5424 1258 5481 inclinare.

2234 5424 2306 5496 τὴν
2338 5419 2579 5491 κεφαλὴν
2615 5419 2839 5474 κλίνειν.

540 5580 543 5583 _
614 5513 780 5570 Vrsas.
809 5516 901 5570 3i.
934 5535 953 5568 ι
981 5515 1152 5572 Judaei
1184 5533 1317 5579 ergo
1343 5519 1620 5588 (quoniam
1646 5519 1951 5575 Parasccve
1969 5514 2111 5587 erat)

2285 5534 2304 5568 ι
2347 5515 2407 5568 Οἱ
2433 5508 2524 5567 οὖν
2580 5508 2825 5566 Ἰουδαῖοι
2863 5510 3007 5583 (ἐπεὶ
3052 5509 3384 5582 Παρασκευὴ
3409 5504 3476 5581 ἦν
3495 5509 3538 5581 ),
3579 5508 3673 5562 ἶνα
3701 5506 3780 5580 μὴ

620 4960 785 5015 \‘sns.
806 4959 896 5014 '50.
921 4978 940 5012 ι
965 4960 1030 5016 Ει
1062 4959 1318 5018 inclinato
1350 4963 1527 5034 capite
1555 4964 1781 5020 tradidit
1811 4964 2114 5037 Spil’llttm.)

608 5695 653 5727 “
681 5694 787 5749 lsa.
814 5711 933 5759 uti,
968 5696 1053 5751 12.

605 5882 629 5907 '
657 5873 750 5930 Cr.
784 5874 881 5926 οὐκ
910 5874 1069 5944 ἠδύνα
1086 5893 1139 5927 σο
1173 5873 1371 5943 zamia.
