4130 6552
369 412 504 475 1513

1419 416 1876 476 FRAGMENTA
1912 417 1994 479 IN
2034 419 2094 478 S.
2135 420 2508 484 JOANNEM.

3457 426 3593 493 1511!.

369 524 532 596 μείνῃ
571 524 663 575 ἐπὶ
692 523 787 575 τοῦ
822 523 1058 595 σταυροῦ
1102 524 1169 576 τά
1214 524 1438 594 σώματα
1471 528 1529 579 ἐν
1554 527 1633 597 τῷ
1669 529 1926 599 Σαϐϐάτῳ

2033 541 2089 585 ut
2124 549 2228 587 non
2263 544 2608 589 remanerent
2640 536 2690 589 in
2723 550 2885 591 cruce
2930 550 3159 606 corpora
3192 536 3430 593 Sabbato
3452 542 3594 607 (erat

367 606 453 681 (ἦν
482 612 588 682 γὰρ
619 611 827 680 μεγάλη
862 612 1043 681 ἡμέρα
1092 613 1274 681 ἐκείνη
1306 611 1403 664 τοῦ
1430 614 1753 686 Σαϐϐἀτου),
1782 617 1928 688 ἡρώ-

363 718 537 770 τησαν
557 701 646 752 τὸν
680 701 907 754 [Ιιλάτον
930 701 1017 753 ἴνα
1045 701 1387 770 κατεαγῶσιν
1418 703 1598 757 αὐτῶν
1633 707 1699 758 τὰ
1740 706 1927 778 σκέλη,

364 791 458 843 καὶ
480 788 737 861 ἀρθῶσιν.
776 810 796 844 ι

434 882 864 951 Προσποιοῦνται
911 885 1077 955 τιμᾷν
1122 884 1219 954 τὴν
1276 884 1518 954 ἡμέραν,
1572 887 1668 938 καὶ
1710 887 1929 941 αἰτοῦσι

364 976 524 1045 χάριν
562 972 701 1025 ὥστε
738 973 1037 1044 ταχύτερον
1096 974 1391 1027 ἀποθανεῖν
1422 977 1550 1039 τοὺς
1577 977 1925 1046 ἀνθρώπουςο

364 1064 625 1129 αἰτοῦσιν,
652 1066 738 1117 ἵνα
770 1066 1031 1136 πληρωθῇ
1062 1066 1226 1119 πάλιν
1256 1069 1389 1139 ἄλλη
1421 1069 1637 1139 Γραφὴ,
1669 1072 1702 1141 ἡ
1732 1069 1929 1139 λέγου-

365 1172 433 1208 σα
453 1171 466 1184 ·
501 1156 757 1209 Ὀστοῦν
778 1160 848 1209 οὐ
877 1157 1337 1225 συντριϐήσεται
1376 1158 1583 1212 αὑτοῦ.

438 1263 457 1296 ι
530 1244 777 1313 Ἐγένετο
818 1247 926 1315 γάρ
953 1245 1149 1308 ταῦτα,
1202 1247 1290 1298 ἱνα
1331 1249 1363 1314 ἡ
1399 1246 1590 1317 Γραφὴ
1623 1247 1925 1319 πληρωθῇ·

378 1336 601 1388 Ὀστοῦν
637 1338 697 1389 οῦ
732 1337 1154 1406 συντριϐήσεται
1182 1338 1275 1389 ἀπ’
1317 1337 1505 1391 αὐτοῦ.
1543 1358 1562 1389 ι

438 1428 729 1480 Πιστοῦται
784 1430 812 1479 6
865 1428 1297 1498 εὐαγγελιστὴς,
1345 1430 1426 1481 ὅτι
1482 1430 1643 1494 αὐτός
1703 1432 1851 1484 ἐστιν
1901 1433 1931 1485 6

365 1518 616 1589 Χριστὸς,
666 1522 694 1571 ὀ
722 1518 809 1571 διὰ
837 1519 946 1571 τῶν
990 1519 1220 1589 Γραφῶν
1250 1522 1735 1591 προαναφωνηθείς
1755 1538 1769 1552 ⁸
1808 1538 1930 1575 aw-

365 1610 477 1679 ῳδὰ
514 1611 623 1681 γὰρ
650 1614 762 1673 τοῖς
800 1610 929 1681 περὶ
980 1610 1147 1663 αὑτοῦ
1178 1610 1451 1679 λεχθεῖσιν
1482 1610 1639 1681 ἐξέϐη
1684 1612 1753 1665 τὰ
1781 1613 1927 1683 πράο

364 1715 569 1767 γματα.
591 1697 885 1769 [CRAM.J—
900 1697 1120 1750 Ὀστοῦν
1156 1698 1472 1752 δεινοεῖται
1506 1699 1567 1752 τὸ
1597 1700 1809 1753 εὔτονον
1837 1702 1931 1755 καὶ

364 1791 667 1859 ἄθραυστον
696 1790 790 1841 τοῦ
850 1788 1113 1859 μυστικοῦ
1162 1789 1347 1857 λόγου.
1397 1790 1615 1862 Ἐπειδὴ
1660 1792 1717 1845 δὲ
1746 1793 1929 1846 εἰκόνα

2031 624 2175 678 enim
2213 640 2439 695 magnus
2469 628 2584 681 dies
2617 627 2710 680 ille
2758 628 3006 697 Sabbati)
3037 645 3051 695 ;
3086 640 3413 699 rogaverunt
3445 632 3588 685 Pila-

2034 726 2141 768 tum
2169 725 2226 769 ut
2257 715 2638 787 frangerentur
2669 734 2856 774 eorum
2886 737 3048 775 crura
3069 762 3083 785 ,
3119 732 3172 775 et
3212 722 3542 776 tollerentur.
3566 741 3585 773 ι

2105 884 2415 941 Ρηειοχιιηι
2450 903 2509 942 se
2528 889 2666 942 diem
2698 889 2968 944 honorare
3015 890 3233 956 festum,
3267 902 3319 947 et
3349 894 3578 961 gratiam

2030 974 2433 1043 postulantquo
2466 978 2625 1031 citius
2689 979 2935 1034 homines
2995 994 3359 1035 morerentur.
3390 983 3587 1035 Petunt

2030 1068 2150 1127 hoc,
2193 1075 2250 1118 ut
2277 1067 2593 1134 impleretur
2626 1069 2820 1123 iterum
2875 1070 2978 1124 alia
3020 1071 3324 1142 Scriptura,
3358 1089 3478 1141 quas
3508 1075 3591 1128 (li-

2029 1154 2104 1208 cit
2142 1177 2153 1210 :
2187 1156 2260 1209 0:
2301 1174 2404 1211 non
2435 1160 2800 1213 comminuelis
2822 1177 2886 1213 ea:
2914 1178 2972 1214 eo
3014 1163 3079 1215 ³¹.

2102 1246 2268 1301 Vsus.
2304 1248 2393 1302 56.
2434 1268 2450 1298 ι
2489 1248 2653 1303 Facta
2684 1262 2811 1304 sunt
2864 1252 3008 1305 enim
3044 1254 3177 1316 haec,
3215 1262 3272 1306 ut
3301 1253 3582 1323 Scriptura

2030 1336 2347 1405 impleretur
2380 1356 2393 1392 :
2433 1338 2507 1394 Os
2542 1356 2645 1394 non
2673 1344 3053 1396 comminuetis
3074 1359 3138 1395 ex
3172 1357 3257 1397 eo.
3301 1362 3320 1394 ι

2119 1429 2374 1483 Testatur
2416 1430 2757 1500 Evangelista
2784 1434 2955 1500 ipsum
2982 1447 3104 1486 esse
3136 1432 3595 1499 Christum,Scri-

2028 1517 2203 1586 pluris
2231 1521 2566 1588 prmdictum,
2588 1522 2711 1590 quia
2737 1532 3035 1575 consonant
3060 1522 3197 1576 facta
3222 1523 3597 1590 praenuntiatis

2031 1609 2095 1663 de
2111 1609 2283 1662 illo.--
2297 1610 2368 1666 Os
2382 1619 2556 1665 autem
2575 1613 2887 1681 intelligitur
2900 1614 3122 1666 firmitas
3142 1628 3205 1667 ac
3219 1614 3460 1667 soliditas
3478 1630 3596 1684 my-

2032 1702 2151 1755 stici
2188 1703 2476 1758 sermonis.
2504 1702 2771 1769 QuOniam
2804 1719 2929 1757 vero
2951 1704 3067 1757 ovis
3093 1704 3216 1773 agni
3245 1704 3336 1757 Dei
3371 1705 3594 1773 figuram

2032 1791 2235 1854 retulit,
2277 1792 2514 1845 nutritur
2542 1792 2666 1860 quis
2696 1793 2871 1859 capite
2897 1792 3120 1855 Christi,
3149 1794 3239 1860 qui
3275 1795 3475 1862 excipit
3503 1796 3594 1848 illa

363 1881 523 1953 ἔφερε
544 1882 605 1935 τὸ
630 1882 897 1953 πρόϐατον
925 1883 1021 1935 τοῦ
1056 1881 1231 1952 ἀμνοῦ
1262 1881 1357 1934 τοῦ
1387 1880 1546 1947 Θεοῦ,
1570 1884 1825 1953 τρέφεταί
1848 1901 1926 1948 τις

2032 1893 2153 1947 quae
2210 1881 2276 1933 de
2330 1881 2448 1949 ejus
2498 1885 2787 1934 traduntur
2840 1880 3155 1946 divinitate;
3190 1882 3412 1951 pedibus
3441 1899 3594 1942 vero.

362 1974 462 2042 τὴν
500 1973 743 2043 κεφαλὴν
782 1973 875 2024 τοῦ
932 1972 1191 2043 Χριστοῦ,
1226 1974 1293 2027 τά
1331 1973 1461 2043 περὶ
1514 1973 1611 2043 τῆς
1647 1973 1929 2039 θεολογίας

364 2064 531 2117 αὐτοῦ
566 2063 922 2133 ἐκλαμϐάνων
946 2080 960 2095 ·
1006 2064 1134 2126 τοὺς
1162 2065 1219 2116 δὲ
1253 2063 1440 2127 πόδας,
1489 2063 1870 2133 διδασκόμενος
1900 2072 1928 2112 γ

363 2156 494 2225 περὶ
519 2157 615 2225 τῆς
637 2156 903 2225 ὲνσάρκου
931 2156 1094 2209 αὑτοῦ
1123 2155 1433 2224 οἰκονομίας
1450 2170 1464 2185 ’
1492 2155 1560 2207 τά
1581 2155 1637 2208 δὲ
1662 2155 1926 2219 ὲνδόσθια,

362 2245 430 2297 τὰ
477 2245 771 2316 ἀπόκρυφα
827 2246 1093 2316 δόγματα.
1160 2245 1434 2299 Ἔκαστον
1489 2246 1600 2317 γὰρ
1651 2246 1762 2299 τῶν
1800 2246 1931 2314 περὶ

362 2336 600 2408 Χριστοῦ
639 2337 926 2407 δογμάτων
994 2337 1313 2407 ἀπόκρυφον
1356 2336 1470 2406 ἔχει
1519 2337 1613 2389 καὶ
1666 2336 1929 2406 μυστικὸν

362 2427 540 2495 λόγον.
585 2426 739 2479 Ἐπεὶ
766 2423 859 2480 οῦν
889 2427 1081 2481 ὀστοῦν
1112 2431 1313 2481 νοεῖται
1347 2427 1409 2481 τὸ
1438 2426 1653 2482 εὔτονον
1693 2428 1787 2483 τοῦ
1830 2447 1931 2501 μυ-

365 2518 605 2588 στηρίου,
646 2520 693 2570 οἱ
729 2518 1001 2588 ἁρμοδίως
1044 2519 1139 2571 καὶ
1168 2518 1479 2588 συμφώνως
1516 2519 1838 2589 κατέχοντες
1866 2518 1928 2573 τὸ

364 2610 491 2679 περὶ
516 2607 751 2678 Χριστοῦ
790 2608 1115 2677 μυστήριον,
1151 2607 1344 2660 ὀστοῦν
1388 2607 1556 2661 αὐτοῦ
1592 2609 1654 2661 οὑ
1714 2608 1930 2677 συντρί-

362 2698 515 2750 ϐουσι
549 2707 594 2751 ι.
629 2697 761 2751 Ὅτε
789 2696 847 2748 δὲ
872 2709 899 2737 α
932 2697 1153 2768 ἔρχεται
1177 2700 1383 2767 κρῖναι,
1425 2698 1545 2749 τότε
1574 2696 1795 2766 ὄψονται
1827 2699 1925 2749 αὐ-

358 2790 473 2855 τὸν,
501 2792 594 2843 καὶ
619 2790 966 2861 θρηνήσουσι.

437 2900 456 2933 ι
491 2881 731 2941 Μετάηδὲ
768 2881 941 2934 ταῦτα
978 2879 1230 2953 ἠρώτησε
1270 2880 1360 2933 τὸν
1384 2881 1617 2935 Πιλᾶτον
1649 2884 1677 2934 ὀ
1728 2881 1922 2953 Ἰωσὴφ

358 2972 390 3023 6
412 2970 518 3024 ἀπὸ
546 2969 902 3040 Ἁριμαθαίας
923 2970 1019 3040 (ὢν
1049 2969 1299 3042 μαθητὴς
1331 2970 1425 3023 τοῦ
1459 2971 1655 3041 Ἰησοῦ,
1680 2988 1927 3041 κεκρυμ-

365 3062 523 3132 μένος
549 3062 607 3115 es
643 3062 729 3114 διὰ
762 3062 853 3114 τὸν
885 3062 1049 3131 φόϐον
1082 3062 1190 3115 τῶν
1230 3062 1548 3131 Ἰουδαίων),
1592 3064 1677 3117 ἵνα
1703 3064 1812 3137 ἄρῃ
1866 3064 1927 3116 τὸ

363 3154 521 3224 σῶμα
552 3154 648 3206 τοῦ
692 3153 892 3223 Ἰησοῦ.
922 3154 1034 3206 Καὶ
1064 3153 1361 3223 ἐπέτρεψεν
1389 3156 1418 3206 ὀ
1440 3154 1691 3217 Πιλᾶτος.
1719 3151 1924 3208 Ἦλθεν

360 3241 473 3309 οὖν,
501 3246 595 3298 καὶ
628 3240 731 3316 ἦρε
764 3245 825 3297 τὸ
858 3244 1015 3313 σῶμα
1040 3243 1136 3296 τοῦ
1185 3242 1382 3313 Ἰησοῦ.
1412 3262 1431 3293 ι

429 3338 493 3391 Οί
537 3338 767 3400 δεδιότες
823 3334 1072 3404 φανερῶς
1128 3334 1429 3402 πλησιᾶσαι
1466 3334 1547 3404 τῷ
1593 3334 1793 3404 Ἰησοῦ,
1829 3334 1925 3388 νῦν

358 3426 610 3499 ὁρώντων
635 3425 744 3477 τῶν
792 3425 1057 3477 Ἰουδαίων
1086 3423 1299 3476 αἰτοῦσι
1330 3423 1391 3474 τὸ
1420 3423 1602 3477 σῶμα.
1636 3419 1795 3477 Οὗτοι
1820 3424 1847 3463 ι)
1865 3425 1925 3476 οὐ

357 3536 467 3572 των
503 3518 712 3571 δώδεκα
738 3514 827 3589 ἦν,
862 3516 998 3571 ἀλλά
1031 3515 1139 3568 τῶν
1162 3516 1554 3586 ἑϐδομήκοντα,
1582 3516 1676 3568 καὶ
1696 3516 1770 3578 ὡς
1799 3515 1926 3567 σϐε-

362 3609 583 3670 σθέντος
620 3608 717 3659 τοῦ
774 3605 949 3675 θυμοῦ
1002 3606 1113 3658 τῶν
1172 3605 1466 3669 Ἰουδαίων,
1532 3604 1704 3667 ἀδεῶς
1754 3623 1925 3675 προσ-

358 3700 527 3771 ῄεσαν
555 3708 603 3751 ο.
631 3697 789 3751 Οὕτω
831 3697 887 3750 δὲ
929 3696 1071 3767 ὠμοὶ
1114 3692 1257 3767 ἦσαν
1285 3698 1334 3749 οἰ
1378 3697 1640 3763 Ἰουδαῖοι,
1685 3698 1766 3750 ὅτι
1796 3696 1927 3750 οὔτε

361 3791 527 3861 θάψαι
590 3790 757 3844 αὐτοῦ
819 3790 881 3842 τὸ
934 3789 1097 3860 σῶμα
1158 3788 1450 3860 ἠνέσχοντο
1501 3790 1553 3841 οἱ
1614 3788 1924 3860 ἐπιχώριοι,

358 3882 475 3937 ἀλλ’
503 3884 532 3935 ὀ
559 3882 668 3935 ἀπὸ
700 3880 1061 3952 Ἁριμαθαίας
1084 3879 1254 3945 ξένος.

434 3990 455 4023 ‹
494 3968 601 4024 Ἦν
623 3971 682 4023 δὲ
717 3973 775 4023 ἐν
810 3971 897 4041 τῷ
946 3972 1123 4041 τόπῳ,
1177 3972 1311 4023 ὅπου
1345 3970 1691 4041 ἐσταυρώθη,
1722 3972 1923 4041 κῆπος,

361 4068 456 4121 καὶ
484 4068 541 4119 ὲν
580 4066 658 4136 τῷ
683 4069 846 4137 κήπῳ
881 4068 1147 4137 μνημεῖον
1197 4066 1407 4130 καινὸν,
1436 4067 1494 4119 ὲν
1519 4058 1564 4132 ᾧ
1593 4066 1805 4119 οὐδέπω
1836 4067 1927 4119 οὐ·

359 4161 471 4222 δεὶς
497 4159 678 4228 ἐτέθη.
720 4176 738 4209 ι
1214 4196 1217 4199 -

431 4254 495 4304 Εἰ
530 4249 600 4321 ἦν
628 4250 744 4321 μετ’
767 4250 963 4316 ἄλλων,
990 4250 1225 4319 ἤμελλον
1256 4250 1366 4303 τῶν
1394 4250 1640 4303 ἀπίστων
1666 4249 1811 4312 τινὲς
1848 4249 1927 4302 λέ-

363 4360 502 4410 γειν,
538 4343 617 4394 ὅτι
643 4344 703 4394 οὺ
728 4342 791 4393 τὸ
818 4344 912 4411 τοῦ
950 4341 1128 4410 Ἰησοῦ
1154 4341 1354 4411 ἀνέστη
1378 4342 1560 4411 σῶμα,
1587 4340 1722 4394 ἀλλά
1739 4339 1922 4395 ἄλλου.

363 4431 456 4492 Εἰς
479 4431 659 4483 καινὸν
687 4429 845 4500 ἐτέθη
889 4433 1174 4501 μνημεῖον,
1215 4430 1304 4483 διὰ
1332 4432 1391 4483 τὸ
1436 4430 1585 4495 ξένον
1614 4432 1713 4501 τῆς
1742 4433 1806 4484 ἐκ
1834 4431 1927 4483 θα-

2028 1971 2122 2039 qui
2148 1971 2370 2025 docetur
2405 1974 2660 2042 mysteria
2709 1972 3104 2027 incarnationis
3144 1990 3156 2025 :
3207 1972 3413 2027 viscera
3462 1989 3594 2029 vero

2030 2072 2154 2114 sunt
2175 2062 2423 2130 dogmata
2462 2077 2678 2116 arcana.
2704 2062 2939 2129 Singula:
2962 2062 3106 2116 enim
3126 2077 3247 2130 qua:
3268 2064 3334 2117 de
3365 2063 3594 2117 Christo

2030 2167 2157 2209 sunt
2183 2156 2466 2222 doctrinae,
2494 2154 3076 2225 arcanam'quamdam
3115 2158 3314 2211 habent
3368 2172 3433 2211 ac
3479 2172 3595 2226 my-

2030 2248 2221 2302 sticam
2255 2249 2543 2302 rationem.
2575 2248 2707 2302 Cum
2741 2249 2921 2316 itaque
2945 2262 3039 2315 per
3075 2263 3138 2302 os
3178 2249 3420 2318 mysterii
3451 2250 3585 2302 soli-

2030 2339 2171 2392 ditas
2202 2338 2550 2408 intelligatur,
2577 2338 2670 2407 qui
2706 2346 3068 2408 congruenter
3114 2352 3177 2393 ac
3227 2350 3597 2392 consentanea

2029 2430 2230 2483 Christi
2278 2430 2595 2499 mysterium
2624 2428 3115 2497 comprehendunt,
3138 2443 3201 2483 os
3218 2428 3335 2498 ejus
3364 2428 3591 2483 minime

2031 2525 2336 2570 conterunt.
2383 2516 2609 2583 Quando
2662 2526 2843 2571 autem
2908 2518 3091 2573 veniet
3143 2518 3410 2588 judicare,
3461 2527 3590 2573 tunc

2030 2606 2205 2676 ipsum
2240 2608 2515 2675 videbunt,
2542 2617 2599 2664 et
2624 2608 2899 2678 plangant.

2094 2868 2257 2922 Vens.
2285 2869 2381 2923 58.
2426 2888 2444 2919 ί
2475 2869 2720 2923 Ροειὶιρεο
2769 2878 2948 2922 autem
3007 2870 3215 2938 rogavit
3238 2868 3467 2923 Pilatum
3496 2866 3594 2922 Jo-

2027 2959 2158 3027 seph
2188 2960 2254 3013 ab
2284 2959 2612 3011 Arimathaca
2660 2958 2747 3027 (eo
2787 2958 2930 3027 quod
2949 2966 3095 3011 esset
3119 2956 3414 3025 discipulus
3437 2954 3588 3016 Jesn,

2026 3050 2271 3106 occultus
2294 3059 2473 3103 autem
2508 3058 2725 3117 prapter
2747 3058 2947 3101 metum
2969 3046 3324 3113 Judaeurum),
3348 3056 3407 3100 ut
3434 3047 3593 3101 tolle-

2032 3150 2114 3195 ret
2169 3155 2365 3208 corpus
2408 3138 2560 3193 Jesu.
2597 3140 2664 3191 Et
2696 3139 2946 3208 permisit
2979 3138 3208 3191 Pilatus.
3232 3134 3396 3191 Venit
3427 3150 3581 3207 ergo,

2029 3242 2083 3285 et
2111 3232 2230 3285 tulit
2254 3247 2450 3298 corpus
2471 3230 2621 3285 Jesu.
2662 3249 2681 3279 ι

2101 3322 2201 3387 Qui
2247 3322 2461 3389 publice
2525 3322 2591 3374 ad
2648 3319 2829 3375 Iesum
2890 3319 3150 3374 accedere
3208 3317 3592 3382 formidabant,

2029 3427 2171 3466 nunc
2217 3412 2380 3466 etiam
2432 3412 2735 3466 videntibus
2778 3410 2981 3464 Judaais
3028 3423 3225 3478 corpus
3280 3417 3489 3477 petunt.
3528 3407 3594 3463 Hi

2030 3512 2208 3557 autem
2242 3517 2346 3557 non
2387 3511 2545 3556 erant
2579 3517 2642 3556 ex
2668 3501 2974 3562 duodecim,
3006 3502 3101 3552 sed
3126 3514 3190 3552 ex
3226 3499 3587 3568 septuaginta,

2029 3601 2084 3646 et
2103 3593 2211 3659 jam
2238 3591 2392 3660 quasi
2436 3592 2622 3645 sedato
2643 3591 2825 3644 furore
2856 3589 3188 3653 Iudaeorum,
3221 3589 3587 3656 imperterrite

2030 3684 2319 3740 accedunt.
2355 3683 2487 3736 Tam
2541 3692 2719 3735 autem
2771 3690 2928 3735 erant
2991 3679 3237 3734 crudeles
3282 3677 3472 3742 Judazi,
3536 3688 3596 3732 ut

2026 3790 2213 3830 eorum
2241 3774 2429 3828 incola:
2448 3787 2643 3841 corpus
2670 3769 3118 3841 Christisepclire
3144 3768 3589 3839 dedignarentur,

2029 3867 2120 3921 sed
2154 3865 2205 3918 id
2237 3865 2423 3919 fecerit
2442 3864 2755 3934 peregrinus
2777 3864 2845 3917 ab
2879 3861 3231 3916 Arimathaea.

2104 3957 2275 4012 γωδ.
2312 3956 2402 4009 41.
2430 3973 2447 4005 ι
2489 3953 2619 4008 Erat
2666 3963 2842 4007 autem
2879 3954 2932 4006 in
2988 3951 3105 4004 loco
3130 3988 3145 4014 ,
3176 3950 3263 4003 ubi
3293 3948 3591 4004 cruciﬁxus

2028 4058 2131 4111 est,
2162 4048 2354 4103 hortus
2392 4065 2408 4101 :
2453 4057 2507 4099 et
2550 4046 2604 4099 in
2638 4045 2797 4098 horto
2833 4052 3243 4097 monumentum
3287 4056 3509 4106 novum,
3536 4042 3589 4095 in

2028 4156 2135 4209 quo
2164 4140 2401 4194 nondum
2422 4143 2707 4209 quisquam
2737 4136 2945 4204 positus
2981 4145 3121 4189 erat.
3152 4152 3171 4187 ι

2096 4232 2152 4287 Si
2205 4233 2560 4287 fuissetcum
2615 4232 2757 4292 aliis,
2801 4227 3022 4296 quidam
3084 4225 3334 4280 inﬁdeles
3393 4225 3584 4293 utique

2029 4322 2310 4386 dixissent,
2337 4336 2439 4375 non
2469 4318 2596 4375 Jesu
2624 4332 2824 4387 corpus
2855 4315 3182 4377 surrexisse,
3218 4315 3312 4368 sed
3341 4314 3586 4368 alterius.

2028 4415 2087 4471 in
2120 4432 2317 4471 novum
2344 4416 2527 4470 illatus
2556 4423 2641 4469 est
2693 4418 3128 4474 monumentum,
3166 4417 3385 4477 pr0pter
3416 4406 3592 4458 inusi-

361 4522 523 4573 νάτου
551 4521 631 4581 εἰς
664 4518 810 4579 ζωὴν
838 4520 1173 4593 ἀναδρομῆς,
1208 4523 1301 4575 καὶ
1320 4520 1418 4592 τὴν
1450 4522 1798 4592 καινοτομίαν
1826 4524 1923 4595 τὴν

2032 4518 2201 4563 latum
2226 4524 2297 4563 ex
2324 4519 2499 4563 morte
2548 4508 2615 4561 ad
2646 4506 2808 4558 vitam
2866 4500 3127 4565 reditum,
3154 4508 3207 4553 et
3227 4513 3346 4551 eam
3365 4512 3484 4567 quae
3515 4512 3598 4549 se-

361 4612 744 4681 ὲπινοηθεισαν
796 4612 938 4665 κατά
968 4614 1066 4683 τῆς
1133 4613 1359 4684 φθορᾶς.
1422 4613 1767 4685 Οἰκονομήθη
1819 4616 1925 4669 δὲά

361 4705 527 4773 ἐγγὺς
554 4700 694 4756 εἰναι
727 4703 818 4755 τὸν
836 4704 1020 4769 τόπον,
1056 4705 1143 4758 ἵνα
1172 4707 1267 4759 καὶ
1291 4704 1494 4776 ψευδὴς
1518 4706 1702 4777 δειχθῇ
1735 4709 1762 4759 6
1796 4709 1925 4779 περὶ

358 4796 458 4862 τῆς
486 4795 689 4869 κλοπῆς
716 4812 902 4865 Λογος.

947 4997 1194 5051 ΚΕΦΑΛ.
1251 4998 1327 5049 Κ.

437 5126 456 5159 ι
496 5108 575 5178 Τῇ
604 5106 661 5160 δὲ
692 5109 789 5177 μιᾷ
835 5108 944 5160 τῶν
984 5106 1278 5161 Σαϐϐἀτων
1308 5106 1497 5176 Μαρία
1526 5109 1559 5177 ἡ
1585 5082 1921 5184 Μαγδαληνῆ

361 5199 578 5271 ἔρχεται
610 5198 777 5269 πρωῒ,
817 5199 1035 5260 σκοτίας
1070 5199 1148 5250 ἔτι
1196 5198 1385 5266 οὔσης,
1414 5200 1495 5260 εἰς
1530 5200 1590 5250 τὸ
1617 5204 1879 5271 μνημεῖον
1908 5219 1921 5231 ·

350 5290 452 5343 ’καὶ
489 5289 677 5359 βλέπει
696 5288 788 5341 τὸν
814 5288 963 5340 λίθον
992 5290 1229 5358 1ἰγρμένον
1259 5293 1321 5343 ἐκ
1357 5284 1451 5341 τοῦ
1479 5291 1768 5360 μνημείου.
1812 5312 1830 5343 ι

429 5547 470 5578 ³¹
509 5546 680 5600 Exod.
724 5563 821 5612 xu,
854 5547 969 5614 46;
1004 5544 1157 5599 Joan.
1191 5561 1303 5612 xxx,
1332 5546 1421 5601 56.

430 5714 457 5742 ι
483 5705 571 5759 Cr.
599 5703 716 5759 sine
738 5703 817 5758 δέ.
894 5712 923 5752 γ
949 5701 1043 5755 Cr.
1070 5700 1196 5756 add.
1222 5700 1311 5755 τά.

357 5790 380 5814 ο
409 5774 499 5829 Cr.
532 5773 840 5845 προσίεσαν.
914 5771 939 5810 ἀ
964 5770 1054 5825 Cr.
1086 5786 1196 5825 om.
1224 5770 1300 5824 δέ.

668 5865 933 5925 Parnm.
977 5865 1090 5923 Gn.
1136 5864 1413 5923 LXXXV.

1394 5710 1417 5737 ι
1443 5702 1533 5756 Cr.
1564 5702 1757 5757 ὀστοῦν
1792 5703 1851 5757 οὐ
1889 5701 2310 5774 συντριϐήσεται
2339 5704 2433 5757 ἀπ’
2466 5703 2659 5757 αὐτοῦ.
2728 5712 2752 5740 ⁸
2792 5702 2884 5758 Cr.
2918 5701 3035 5757 sine
3067 5698 3144 5752 δέ.

2028 4602 2263 4655 cundum
2325 4601 2729 4667 corruptionem
2775 4594 3093 4661 intelligitur
3159 4587 3588 4643 inuovationem.

2028 4695 2103 4749 Ita
2132 4703 2309 4748 autem
2336 4692 2437 4746 fuit
2460 4691 2853 4758 dispensatum,
2880 4694 2936 4738 ut
2969 4684 3177 4737 vicinus
3216 4691 3365 4735 esset
3408 4679 3581 4741 locus,

2027 4792 2087 4839 ut
2114 4784 2254 4853 quod
2282 4784 2347 4844 de
2376 4783 2523 4837 furto
2545 4778 3278 4847 olijiciebant,commentum
3311 4785 3431 4825 esse
3464 4784 3591 4839 pro-

2028 4877 2267 4931 baretur.

2652 4979 2807 5037 CAP.
2844 4976 2965 5032 XX.

2100 5098 2259 5153 Vsus.
2302 5099 2356 5151 1.
2393 5116 2411 5149 ι
2456 5094 2574 5150 Una
2606 5102 2787 5147 autem
2831 5089 3076 5153 Sabbatt,
3108 5084 3279 5140 Maria
3316 5084 3591 5150 Magdale—

2024 5205 2095 5245 nc
2116 5190 2268 5246 venit
2293 5203 2470 5256 mane,
2490 5203 2615 5243 cum
2643 5186 2819 5240 adhuc
2853 5181 3092 5238 tenebrat
3132 5186 3336 5241 essent,
3374 5177 3439 5230 ad
3475 5192 3591 5229 mo—

2025 5291 2385 5337 numentum:
2426 5288 2482 5335 et
2528 5278 2667 5334 vidit
2716 5274 2951 5346 lapidem
3016 5270 3289 5328 sublatum
3333 5285 3364 5322 a
3396 5282 3589 5322 monu-

2023 5382 2231 5428 mento.
2261 5391 2279 5424 ι

3234 5696 3263 5735 ιι
3292 5693 3387 5749 Cr.
3413 5683 3589 5754 οὗτος.

3157 5857 3229 5919 48
