4130 6536
585 328 722 393 1515

1670 320 2003 382 ΑΜΜΟΝΙΙ
2038 319 2571 380 ALEXANDRINI

3691 308 3829 372 1516

653 436 785 499 Cum
811 431 1098 495 Mattlmus
1136 438 1267 494 dicit
1288 430 1396 493 alta
1430 436 1541 508 jam
1569 447 1725 492 nocte
1754 438 1953 491 factam
1983 435 2148 489 fuisse

2321 433 2428 487 Τοῦ
2457 432 2740 487 Ματθαίου
2768 431 3036 495 εἰπόντος,
3077 427 3286 499 ἑσπέρᾳ
3323 426 3513 497 βαθείᾳ
3540 426 3828 493 γεγονέναι

581 532 1067 596 resurrectionem,
1101 538 1156 583 et
1186 528 1426 585 Joannes
1459 542 1671 582 summo
1700 542 1860 581 mane
1888 527 2015 579 dum
2052 524 2148 578 ad-

585 628 689 681 huc
709 624 943 678 tenebrae
972 632 1178 686 essent,
1215 635 1320 674 non
1362 628 1541 674 tamen
1594 615 2005 672 dissentiuntde
2033 628 2150 687 mo-

582 722 766 765 mento
826 710 1266 775 resurrectionis,
1302 709 1399 763 sed
1428 709 1589 762 ambo
1616 707 1669 760 in
1702 706 1845 761 idem
1888 705 2148 758 horarum

583 802 1097 871 tempus,nempein
1127 801 1357 855 mediam
1390 808 1602 855 noctem
1628 803 1984 860 concurrunt,
2012 806 2151 847 unus

580 913 610 952 α
641 896 931 967 principio,
957 894 1096 947 alter
1127 908 1155 945 a
1178 892 1356 946 noctis
1384 892 1491 945 fine
1520 890 1884 945 narrationem
1909 886 2148 940 ordiens.

654 990 817 1045 Vens.
852 991 903 1043 7.
940 1006 959 1041 ι
992 988 1057 1041 Et
1090 986 1387 1050 sudarium,
1420 983 1563 1052 quod
1593 982 1770 1036 fuerat
1795 993 1956 1048 super
1987 982 2152 1043 caput

577 1079 717 1149 ejus,
771 1092 877 1130 non
908 1092 1028 1131 cum
1064 1073 1467 1129 linteaminibus
1502 1072 1752 1141 positum,
1804 1069 1896 1122 sed
1925 1080 2149 1135 separa-

578 1172 674 1224 tim
708 1167 1003 1222 involnlum
1036 1167 1087 1220 in
1121 1180 1282 1218 unum
1318 1164 1513 1219 locum.
1553 1180 1573 1213 ι

646 1260 905 1315 lndieinm
934 1260 1034 1314 hoc
1056 1266 1179 1313 erat
1212 1254 1645 1311 resurrectionis.
1695 1251 1828 1305 Nam
1865 1250 1909 1304 si
1942 1248 2009 1304 ab
2040 1247 2148 1301 iui-

578 1350 735 1405 micis
768 1349 1010 1404 sublatus
1060 1345 1250 1400 fuisset
1303 1344 1437 1398 lucri
1470 1342 1661 1412 gratia,
1695 1342 2013 1395 vestimenta
2043 1337 2148 1391 mi-

577 1440 722 1494 nime
757 1439 1135 1506 reliquissent:
1168 1434 1249 1489 sin
1285 1435 1352 1488 ab
1385 1433 1597 1495 amicis,
1630 1431 1827 1484 nudum
1861 1442 1993 1483 sane
2023 1440 2149 1480 cor-

577 1547 677 1602 pus
709 1546 809 1585 non
839 1529 1208 1599 permisissent
1241 1527 1501 1581 dedecore
1534 1522 1691 1577 affici.
1723 1521 1874 1588 Quod
1904 1519 1948 1573 si
1983 1517 2148 1572 disci-

577 1623 683 1691 puli
718 1622 942 1675 l'uissent
974 1630 1235 1687 raptores,
1272 1616 1530 1685 fugissent
1579 1614 1763 1681 utique
1797 1620 2016 1680 propter
2047 1606 2153 1661 mi-

577 1713 697 1767 lites
723 1726 787 1766 ac
819 1711 1031 1766 Iudaeos
1059 1708 1329 1773 custodes,
1379 1720 1479 1761 nec
1529 1703 1897 1759 substitissent
1932 1710 1987 1753 ut
2027 1713 2149 1754 cor-

578 1820 677 1874 pus
707 1789 999 1867 solverent,
1054 1809 1107 1856 et
1160 1799 1386 1855 seorsim
1439 1796 1748 1851 linteamina
1782 1792 2135 1859 collocarent,
2173 1786 2216 1842 B

576 1906 631 1951 et
659 1895 946 1964 separatim
976 1894 1275 1949 sudarium.
1322 1888 1568 1945 Ostendit
1620 1888 1821 1955 itaque,
1878 1899 1983 1938 non
2015 1897 2147 1935 am-

576 1988 719 2056 plius
764 1985 1093 2040 vestimentis
1142 1997 1277 2051 opus
1324 1995 1442 2035 esse
1490 1979 1704 2048 corpori
1778 1978 1845 2031 ad
1899 1977 2146 2047 incorru-

576 2080 812 2150 ptionem
851 2074 1272 2144 transmigranti.
1308 2072 1421 2128 Non
1457 2078 1853 2140 conspexerunt
1897 2084 2018 2123 eum
2056 2083 2144 2121 re-

573 2178 904 2237 surgentem,
932 2166 1027 2222 sed
1072 2182 1134 2221 ex
1164 2166 1392 2221 vestium
1420 2165 1813 2233 compositione
1842 2161 2145 2230 intelligunt

572 2260 1049 2322 resurrectionem,
1103 2272 1330 2327 eamque
1394 2256 1640 2320 credunt,
1694 2268 1849 2309 sacra
1899 2252 1951 2307 id
2016 2261 2146 2305 atte-

573 2359 752 2407 staute
786 2350 1084 2417 Scriptura.
1112 2348 1334 2415 Quando
1367 2346 1587 2417 angelus
1615 2344 1924 2415 apparebat,
1970 2340 2143 2396 territi

572 2442 822 2498 custodes
851 2440 1196 2509 aufugerunt,
1249 2439 1450 2493 idcirco
1484 2439 1576 2507 qui
1605 2452 1729 2492 cum
1775 2434 1937 2492 Petro
1964 2442 2142 2499 erant,

572 2534 938 2603 imperterrite
964 2531 1029 2586 ad
1060 2532 1368 2602 sepulcrum
1403 2540 1771 2587 accesserunt.

642 2621 808 2679 Vsus.
845 2622 898 2679 8.
952 2640 972 2673 α
1002 2622 1154 2676 Tunc
1186 2636 1316 2690 ergo
1347 2622 1592 2676 introivit
1625 2629 1677 2674 et
1714 2619 1802 2673 ille
1846 2616 2144 2687 discipulus

579 2714 668 2787 qui
703 2720 925 2768 venerat
955 2710 1166 2782 primus
1210 2712 1275 2766 ad
1312 2719 1722 2766 monumentum
1751 2726 1765 2765 :
1817 2718 1873 2764 et
1907 2708 2061 2773 vidit,
2094 2715 2148 2760 et

574 2806 822 2863 credidit.
854 2822 874 2857 ι

647 2897 763 2952 Non
812 2900 916 2954 lioc
972 2904 1293 2952 adversatur
1348 2894 1509 2950 Luca:
1538 2894 1758 2959 dicenti,
1820 2895 1945 2963 quia
1998 2892 2147 2949 solus

575 2988 768 3043 Petrus
789 2988 920 3042 abiit
942 2988 1007 3041 ad
1041 2985 1619 3040 monumentum.Cum
1640 2986 1783 3039 enim
1811 2985 1941 3039 visis
1963 2984 2149 3038 lintea-

578 3076 814 3130 minibus
866 3075 1183 3141 abivissent,
1217 3074 1552 3142 postmodum
1598 3082 1861 3127 venerunt
1892 3071 2148 3126 mulieres

580 3167 720 3233 apud
746 3165 1011 3219 Joannem
1044 3164 1304 3229 dicentes,
1336 3164 1588 3232 quoniam
1611 3165 1843 3218 surrexit
1868 3162 2137 3218 Dominus.
2172 3143 2219 3205 (ἶ

578 3257 644 3311 Et
674 3256 911 3311 accurrit
968 3256 1114 3310 solus
1141 3254 1334 3310 Petrus
1365 3255 1555 3309 iterum
1605 3257 1671 3309 ad
1721 3267 2145 3319 monumentum,

576 3363 805 3404 suerans
844 3348 1112 3412 fortassis,
1154 3346 1271 3401 fore
1301 3355 1358 3400 ut
1384 3357 1438 3401 et
1468 3347 1589 3417 ipse
1624 3347 1885 3402 visionem
1919 3346 2146 3400 videret.

644 3438 901 3494 “3115.9.
958 3456 978 3489 ι
1008 3436 1258 3493 Nondum
1305 3438 1449 3492 enim
1498 3439 1740 3493 sciebant
1790 3439 2147 3508 Scripturam,

576 3530 700 3601 quia
736 3530 1019 3600 oportebat
1049 3545 1172 3585 eum
1203 3546 1232 3585 a
1264 3532 1493 3585 mortuis
1527 3546 1828 3602 resurgere.
1859 3550 1877 3583 ι

642 3621 1022 3689 Cognoverunt
1069 3621 1252 3691 itaque
1302 3631 1356 3676 et
1410 3622 1757 3677 crediderunt
1805 3624 2031 3678 verbum
2065 3639 2151 3680 re-

575 3714 951 3781 surrectionis,
1008 3714 1152 3783 quod
1208 3715 1358 3783 prius
1404 3714 1729 3784 ignorabant
1776 3715 2049 3785 discipuli,
2099 3727 2154 3771 et

575 3808 686 3863 Deo
740 3809 813 3861 ita
857 3808 1178 3876 disponente
1206 3807 1273 3860 ad
1322 3807 1641 3876 semetipsos
1691 3806 2039 3877 aufugerunt,
2086 3823 2152 3862 ne

579 3902 872 3970 quidquam
920 3899 1029 3953 illis
1058 3908 1183 3952 ante
1230 3898 1665 3967 praedicationem
1698 3898 1822 3952 mali
1857 3899 2153 3955 accideret.

580 3992 751 4046 Maria
786 4005 913 4046 vero
948 3989 1077 4044 nihil
1109 3988 1332 4058 perfecti
1362 3990 1627 4058 cogitans,
1654 3990 1907 4043 manebat
1934 3990 2151 4059 plorans

579 4086 633 4137 in
664 4092 1034 4146 monumento,
1069 4097 1175 4135 non
1207 4082 1379 4136 solum
1429 4082 1555 4151 quia
1585 4092 1829 4137 mortuus
1874 4092 2013 4144 erat,
2057 4097 2152 4136 ve-

583 4191 700 4227 rum
730 4174 895 4228 etiam
930 4173 1053 4241 quia
1105 4173 1328 4240 putabat
1375 4186 1573 4241 corpus
1621 4174 1830 4227 Domini
1879 4174 2152 4229 sublatum

578 4280 717 4320 esse.
775 4264 912 4330 Quia
967 4276 1143 4317 tamen
1191 4264 1392 4317 amoris
1417 4266 1590 4332 gratia
1618 4266 1955 4334 remanebat,
1985 4282 2151 4335 ange-

581 4358 754 4411 lorum
793 4353 1134 4424 apparitione
1162 4354 1319 4422 digna
1356 4354 1474 4408 fuit.

652 4448 816 4504 Vens.
849 4446 937 4501 Η.
990 4465 1007 4497 i
1038 4446 1203 4500 Maria
1234 4454 1411 4500 autem
1441 4449 1620 4503 stabat
1648 4450 1712 4503 ad
1746 4460 2147 4505 monumentum
2180 4476 2226 4531 ι)

575 4542 737 4610 'foris,
784 4544 1024 4615 plorans.
1062 4538 1199 4593 Dum
1247 4556 1376 4610 ergo
1428 4541 1600 4609 ﬂeret,
1657 4543 1935 4599 inclinavit
1966 4559 2046 4611 se,
2093 4553 2149 4599 et

578 4638 855 4709 prospexit
883 4639 935 4691 in
968 4643 1397 4692 monumentum.
1425 4654 1443 4686 ι

651 4731 721 4786 lit
751 4732 982 4786 ubertim
1014 4732 1187 4798 fleret,
1227 4728 1476 4784 incubuit
1509 4729 1562 4783 in
1598 4737 2032 4783 monumentum.
2066 4728 2148 4782 Ad

575 4838 735 4891 quam
770 4823 968 4877 blande
996 4823 1170 4891 angeli
1198 4838 1211 4873 :
1244 4821 1380 4887 Quid
1410 4819 1527 4886 ﬂes,
1564 4820 1862 4889 inquiunt?
1910 4819 2151 4875 allicien-

580 4927 661 4971 tes
692 4929 809 4968 eain
843 4915 908 4967 ad
944 4914 1219 4982 quidpiam
1254 4911 1723 4981 interrogandum,
1752 4921 1807 4966 et
1835 4912 2148 4966 discendum

582 5005 659 5058 de
690 5004 1113 5067 resurrectione,
1171 5011 1392 5073 propter
1421 5017 1582 5071 quam
1637 5003 1799 5056 etiam
1854 5002 2150 5057 albicantes

579 5101 966 5164 apparuerunt.
1036 5090 1139 5145 Per
1196 5090 1486 5145 candorem
1536 5089 1775 5158 intellige
1838 5091 2149 5159 angelorum

577 5186 888 5255 puritatem.
922 5185 1262 5252 lnterrogant
1288 5191 1493 5248 autent,
1522 5197 1625 5237 non
1660 5190 1715 5235 ut
1744 5182 1955 5236 discant
1982 5197 2152 5251 quare

578 5277 755 5341 ﬂeret,
789 5277 880 5329 sed
904 5284 959 5327 ut
994 5283 1170 5328 cesset
1199 5290 1227 5327 a
1261 5273 1384 5326 fletu
1412 5290 1426 5327 :
1468 5287 1574 5327 non
1607 5273 1829 5327 decebat
1858 5275 2001 5327 enim
2032 5289 2152 5329 eam

580 5369 669 5423 tali
703 5379 941 5435 tempore
970 5364 1116 5429 flere,
1164 5375 1218 5418 et
1255 5364 1557 5419 celebritati
1606 5363 1745 5419 lianc
1782 5364 2034 5433 injuriam
2067 5365 2139 5418 iii-

582 5456 746 5511 ferre.
797 5454 909 5509 Hoc
959 5456 1075 5524 ipso
1127 5465 1305 5508 autem
1351 5453 1493 5523 quod
1525 5453 1855 5524 apparebant
1907 5454 2009 5507 isto
2036 5453 2154 5510 loco

541 5526 780 5618 ’angeli,
832 5547 1208 5619 significabant
1279 5545 1573 5611 neminem,
1630 5547 1806 5616 angeli
1872 5546 2033 5601 istum
2078 5546 2155 5602 lo-

584 5656 706 5695 cum
746 5638 1234 5709 frequentantibns,
1291 5640 1530 5693 divinum
1561 5653 1758 5706 corpus
1808 5638 2024 5695 auferre
2053 5654 2153 5709 po-

589 5734 798 5800 tuisse;
848 5742 901 5787 et
950 5733 1264 5805 mysterium
1295 5734 1737 5788 'resurrectionis
1787 5731 1861 5786 illi
1916 5734 2153 5805 explica-

2252 525 2350 596 τὴν
2368 526 2689 589 ἀνάστασιν,
2713 522 2806 576 τοῦ
2835 523 2892 575 δὲ
2924 522 3174 575 Ἰωάννου
3206 518 3349 589 πρωῒ
3385 517 3608 579 σκοτίας
3635 512 3827 586 οὔσης,

2253 616 2324 682 ού,
2344 614 2673 684 διαφωνοῦσι
2705 631 2769 666 πε
2781 614 2832 683 pl
2857 613 2951 665 τὸν
2973 613 3070 683 τῆς
3091 611 3441 672 ἀναστάσεως
3472 608 3687 678 καιρὸν,
3712 606 3829 659 ἀλλ’

2254 708 2333 770 εἰς
2366 708 2455 760 τὸν
2488 708 2649 760 αὑτὸν
2701 706 2807 758 τῶν
2842 705 3000 775 ὠρων
3038 704 3374 773 συνέδραμον
3409 700 3624 770 καιρὸν,
3652 699 3679 749 ὁ
3725 698 3826 766 μὲν

2252 799 2361 869 γὰρ
2395 799 2502 851 ἀπὸ
2538 797 2634 851 τοῦ
2665 797 2869 862 τέλους,
2897 797 2925 848 ὁ
2953 796 3009 849 δὲ
3030 794 3138 848 ἀπὸ
3165 794 3266 862 τῆς
3301 792 3477 861 ἀρχῆς
3504 792 3585 851 είς
3609 790 3741 844 αὐτὸ
3764 788 3826 842 τὸ

2255 887 2552 957 μεσότατον
2580 888 2680 959 τῆς
2704 888 2897 950 νυκτὸς
2928 888 3115 957 χωρεῖ.
3149 881 3370 957 [Clum]

2329 998 2347 1029 ι
2384 979 2494 1032 Καὶ
2526 962 2921 1049 τδσουδάριον,
2957 976 2985 1028 ὃ
3013 972 3081 1046 ἦν
3114 976 3207 1028 ἐπὶ
3233 974 3332 1043 τῆς
3363 972 3604 1041 κεφαλῆς
3636 969 3826 1035 αὐτοῦ,

2250 1070 2310 1122 ού
2333 1070 2471 1139 μετὰ
2496 1070 2603 1123 τῶν
2625 1069 2845 1123 ὀθονίων
2873 1069 3147 1139 κείμενον,
3171 1067 3307 1120 ἀλλά
3334 1067 3501 1137 χωρὶς
3525 1064 3831 1131 ἐντετυλιγ-

2254 1163 2416 1233 μένον
2449 1164 2529 1226 είς
2550 1163 2650 1215 ἕνα
2676 1162 2861 1216 τόπον.
2904 1180 2922 1213 ο

2322 1255 2617 1323 Γνώρισμα
2674 1249 2743 1324 ἦν
2799 1252 2961 1306 τοῦτο
3014 1252 3113 1322 τῆς
3169 1251 3542 1313 ἀναστάσεως.
3597 1250 3659 1302 Εἰ
3717 1249 3829 1319 γὰρ

2250 1346 2463 1416 ὲκλάπη
2496 1346 2600 1397 ὑπὸ
2626 1344 2859 1414 ἐχθρῶν,
2892 1344 2993 1395 οὑκ
3022 1344 3088 1397 ἂν
3116 1342 3240 1395 εἴων
3268 1342 3337 1395 τά
3369 1342 3557 1411 ἱμάτια
3578 1340 3664 1393 διὰ
3696 1340 3828 1410 κέρ⁹

2250 1438 2338 1500 δος
2357 1454 2371 1468 ·
2392 1439 2456 1489 ¹εί
2481 1438 2538 1490 δὲ
2566 1437 2712 1505 φίλοι
2735 1432 2899 1507 ἦσαν,
2930 1436 3032 1488 οὐκ
3076 1434 3354 1505 ἠνείχοντο
3380 1433 3583 1502 γυμνὸν
3610 1431 3829 1502 ἐνυϐρί-

2253 1546 2341 1581 σαι
2369 1529 2431 1580 τὺ
2460 1529 2637 1598 σῶμα.
2671 1529 2733 1581 Εί
2766 1527 2873 1600 γὰρ
2909 1524 3050 1599 ἦσαν
3084 1528 3134 1579 οί
3174 1526 3417 1597 μαθηταὶ
3449 1526 3825 1595 ἁρπάσαντες,

2250 1621 2451 1690 ἔφυγον
2484 1620 2592 1693 [ἂν]
2623 1621 2709 1674 διὰ
2751 1622 2880 1683 τοὺς
2922 1619 3298 1689 φυλάσσοντας
3351 1616 3688 1689 στρατιώτας
3737 1614 3832 1668 καὶ

2265 1714 2575 1776 Ἰουδαίους,
2601 1712 2694 1766 καὶ
2720 1713 2822 1766 οῦκ
2860 1712 2928 1765 ἂν
2957 1712 3177 1765 ἵσταντο
3207 1711 3531 1773 ἀποδύοντες
3558 1709 3619 1762 τὸ
3643 1709 3825 1779 σῶμα,

2249 1806 2343 1859 καὶ
2371 1805 2477 1875 ἰδίᾳ
2501 1804 2739 1867 τιθέντες
2761 1803 2831 1856 τὰ
2857 1802 3061 1867 ὀθόνια,
3089 1803 3194 1874 ἰδίᾳ
3218 1802 3275 1856 δὲ
3300 1802 3363 1855 τὸ
3387 1801 3689 1870 σουδάριον.
3709 1799 3829 1850 Δεί-

2248 1911 2405 1950 κνυσι
2433 1895 2511 1959 δὲ,
2528 1895 2608 1947 ὃτι
2627 1893 2750 1947 οὔτε
2772 1894 3003 1964 ἱματίων
3027 1893 3215 1947 λοιπὸν
3236 1896 3397 1967 χρεία
3417 1893 3494 1964 τῷ
3512 1894 3593 1955 είς
3615 1891 3825 1961 ἀφθαρ-

2249 1987 2368 2041 σίαν
2402 1988 2852 2058 μεταχωρήσαντι
2887 1986 3126 2057 σώματι.
3170 1988 3283 2039 Ούκ
3314 1983 3454 2039 εἶδον
3493 1984 3661 2038 αὑτὸν
3689 1984 3826 2036 ἀνα-

2248 2081 2467 2146 στάντα,
2501 2063 2608 2133 ἀπὸ
2651 2079 2707 2132 δὲ
2733 2079 2833 2148 τῆς
2868 2078 2977 2132 τῶν
3012 2079 3243 2149 ἱματίων
3276 2079 3542 2149 συλλογῆς
3576 2076 3819 2131 ἐννοοῦσι

2244 2174 2343 2244 τὴν
2382 2173 2702 2236 ἀνάστασιν,
2756 2172 2852 2224 καὶ
2894 2170 3208 2224 πιστεύουσι
3249 2170 3440 2235 τοῦτο,
3479 2169 3692 2239 βοώσης
3725 2168 3826 2238 τῆς

2245 2267 2409 2335 ἀγίας
2462 2266 2707 2336 Γραφῆς.
2749 2265 2879 2318 Ὅτε
2913 2264 3070 2335 ὤφθη
3114 2265 3143 2316 ό
3193 2264 3454 2333 ἄγγελος,
3497 2262 3827 2331 πτοηθέντες

2245 2361 2294 2412 οἱ
2326 2359 2563 2427 φύλακες
2587 2358 2807 2427 ἔφυγον,
2844 2358 2939 2410 καὶ
2966 2356 3055 2410 διὰ
3082 2357 3241 2411 τοῦτο
3271 2358 3319 2409 oi
3346 2357 3474 2426 περὶ
3499 2354 3592 2409 τὸν
3619 2354 3827 2426 Πέτρον

2246 2444 2408 2521 ἦλθον
2433 2451 2513 2513 εἰς
2536 2449 2624 2502 τὸν
2650 2449 2819 2517 τάφον
2848 2448 3043 2512 ἀδεῶς.

2326 2643 2343 2675 ι
2384 2624 2517 2676 Τότε
2545 2619 2636 2678 οὖν
2658 2623 2877 2693 εἰσῆλθε
2905 2623 3000 2676 καὶ
3032 2623 3059 2674 ό
3092 2622 3251 2686 ἄλλος
3289 2624 3560 2695 μαθητὴς,
3595 2626 3623 2677 ὀ
3654 2623 3829 2678 ἐλθὼν

2248 2715 2464 2787 πρῶτος
2494 2718 2573 2780 είς
2595 2715 2655 2769 τὸ
2687 2718 2972 2786 μνημεῖον,
3000 2716 3093 2767 καὶ
3125 2710 3253 2780 εἶδε,
3282 2717 3375 2768 καὶ
3412 2715 3759 2770 ἐπίστευσεν.
3802 2736 3823 2766 ο

2322 2894 2434 2949 Οὐκ
2480 2894 2596 2947 ἐστι
2646 2893 2805 2946 τοῦτο
2853 2892 3095 2947 ἐναντίον
3140 2891 3216 2962 τῷ
3272 2893 3477 2962 Λουκᾷ,
3530 2893 3613 2945 ὅτι
3667 2891 3830 2961 μόνος

2250 2988 2455 3060 Πέτρος
2482 2986 2723 3057 ἀπῆλθεν
2762 2987 2842 3046 είς
2871 2984 2932 3036 τὸ
2968 2986 3257 3054 μνημεῖον.
3297 2983 3428 3035 Ὅτε
3459 2982 3568 3053 γὰρ
3600 2982 3739 3052 μετά
3770 2982 3833 3032 τὸ

2254 3081 2380 3134 ἰδεῖν
2395 3079 2465 3133 τά
2486 3078 2669 3132 ὀθόνια
2685 3076 2949 3146 ἀπῆλθον,
2970 3072 3141 3148 ἦλθον
3167 3075 3395 3146 ὕστερον
3413 3076 3469 3128 αἱ
3497 3075 3625 3146 περὶ
3654 3073 3833 3127 Ἰωάν-

2252 3189 2351 3243 νην
2377 3171 2653 3238 λέγουσαι,
2685 3170 2766 3222 ὅτι
2796 3168 2996 3238 ἀνέστη
3031 3169 3059 3220 ὁ
3094 3166 3322 3238 Κύριος.
3358 3165 3469 3219 Καὶ
3496 3165 3700 3236 ἔδραμε
3739 3168 3835 3235 μό·

2253 3281 2340 3326 νος
2367 3262 2530 3315 πάλιν
2559 3264 2639 3325 εἰς
2678 3262 2739 3314 τὸ
2788 3262 3054 3332 μνημεῖον
3084 3260 3113 3311 ὁ
3143 3258 3351 3330 Πέτρος
3376 3298 3391 3320 ,
3422 3258 3661 3321 ἐλπίζων
3694 3258 3827 3319 ἴσως

2252 3352 2347 3408 καὶ
2372 3354 2533 3415 αύτός
2553 3369 2677 3406 τινα
2700 3351 2967 3405 ὀπτασίαν
2988 3351 3143 3421 ὁρᾷν.

2328 3463 2346 3496 ι
2387 3443 2612 3497 Οὐδέπω
2640 3442 2748 3513 γὰρ
2781 3442 2997 3512 ᾔδεισαν
3026 3443 3125 3514 τὴν
3155 3440 3380 3515 Γραφὴν
3406 3482 3422 3508 ,
3446 3441 3528 3495 δτι
3555 3441 3637 3494 δεῖ
3666 3442 3835 3494 αὐτὸν

2251 3538 2316 3590 ὲκ
2340 3535 2550 3605 νεκρῶν
2580 3536 2900 3604 ἀναστῆναι.
2944 3552 2963 3585 ι

2323 3628 2568 3697 Σωνῆκαν
2604 3623 2697 3681 οῦν
2725 3627 2820 3679 καὶ
2865 3625 3193 3678 ἐπίστευσαν
3218 3623 3296 3694 τῷ
3341 3623 3441 3693 τῆς
3474 3623 3835 3685 ἀναστάσεως

2250 3720 2416 3791 λόγῳ,
2451 3720 2509 3773 ὃν
2540 3718 2731 3790 πρώην
2765 3718 2994 3788 ἠγνόουν
3032 3720 3081 3770 οἱ
3116 3717 3379 3788 μαθηταὶ,
3409 3718 3505 3770 καὶ
3531 3718 3671 3787 πρὸς
3703 3718 3837 3768 ἑαυ-

2251 3812 2377 3874 τοὺς
2407 3810 2608 3879 ἔφυγον
2645 3811 2711 3864 δι’
2755 3810 3067 3880 οἰκονομίαν
3110 3810 3269 3876 Θεοῦ,
3296 3809 3385 3863 ἵνα
3416 3810 3491 3881 μή
3521 3826 3573 3862 τι
3616 3806 3835 3861 πάθωσι

2253 3902 2359 3972 πρὸ
2394 3900 2488 3955 τοῦ
2524 3899 2901 3971 κηρύγματος.
2938 3902 3004 3954 Ἠ
3022 3900 3080 3954 δὲ
3111 3901 3301 3971 Μαρία
3329 3900 3495 3972 μηδὲν
3526 3901 3836 3969 ὲννοήσασα

2253 3994 2478 4057 τέλειον,
2521 3992 2706 4063 ἔμεινε
2735 3993 3046 4063 δακρύουσα
3084 3995 3141 4046 ἐν
3162 3993 3240 4064 τῷ
3268 3992 3540 4063 μνημείῳ,
3574 3992 3637 4043 οὐ
3668 3991 3834 4061 μόνον

2253 4084 2334 4137 ὅτι
2365 4082 2640 4154 τεθνήκει,
2674 4082 2887 4136 ἀλλ’ὅτι
2919 4085 3009 4145 καὶ
3036 4083 3174 4154 ῷετο
3204 4080 3621 4153 μετατεθεῖσθαι
3649 4082 3712 4135 τὸ
3733 4082 3832 4134 τοῦ

2253 4176 2459 4247 Κυρίου
2486 4176 2667 4245 σῶμα.
2709 4173 2807 4227 Διὰ
2834 4176 3218 4248 φιλοστοργίαν
3239 4176 3295 4229 δὲ
3332 4175 3562 4245 μείνασα
3579 4214 3593 4238 ,
3620 4174 3833 4244 ἠξιώθη

2255 4273 2349 4323 καὶ
2387 4268 2486 4337 τῆς
2518 4267 2627 4320 τῶν
2664 4266 2912 4334 ἀγγέλων
2941 4267 3231 4330 ὀπτασίας.

2331 4466 2349 4498 r
2390 4446 2582 4517 Μαρία
2610 4444 2669 4497 δὲ
2715 4444 2962 4515 εἱστήκει
3006 4445 3145 4514 πρὸς
3178 4443 3243 4497 τὸ
3273 4446 3538 4515 μνημεῖον
3566 4443 3837 4498 κλαίουσα

2255 4536 2380 4603 ἔξω.
2425 4536 2511 4598 Ὠς
2535 4529 2628 4589 οὖν
2651 4533 2859 4597 ἔκλαιε,
2888 4534 3173 4605 παρέκυψε
3199 4536 3280 4597 είς
3303 4534 3364 4587 τὸ
3396 4536 3683 4605 μνημεῖον.
3717 4553 3735 4585 ι

2322 4727 2443 4780 Ἵνα
2460 4724 2735 4779 ὲπιπλεῖον
2749 4725 3017 4799 δακρύσῃ,
3036 4724 3353 4797 παρέκυψεν
3368 4726 3448 4786 είς
3464 4724 3524 4777 τδ
3537 4724 3833 4794 μνημεῖον·

2253 4820 2390 4890 πρὸς
2440 4819 2507 4890 ῆν
2570 4819 2977 4888 ψυχαγωγικῶς
3033 4820 3082 4871 οἱ
3136 4818 3361 4887 ἄγγελοι
3416 4810 3835 4887 διαλεγόμενοι,

2256 4910 2427 4981 φασί·
2463 4909 2529 4963 Τί
2558 4909 2801 4972 κλαίεις;
2833 4908 3267 4978 προτρεπόμενοι
3300 4906 3470 4979 αὐτὴν
3499 4909 3579 4970 είς
3612 4909 3673 4960 τὸ
3699 4910 3840 4977 ἐρω-

2252 5002 2416 5072 τῆσαί
2451 5019 2521 5065 τι,
2563 5002 2658 5053 καὶ
2706 5000 2899 5070 μαθεῖν
2932 5002 3064 5071 περὶ
3087 5001 3190 5069 τῆς
3233 5001 3608 5066 ἀναστάσεως,
3652 5001 3723 5054 δι’
3771 5001 3839 5070 ἢν

2257 5097 2353 5149 καλ⁸
2375 5093 2847 5163 λευχειμονοῦντες
2868 5093 3169 5161 ἐφαίνοντο.
3193 5092 3292 5145 Διά
3311 5086 3404 5145 τοῦ
3424 5092 3621 5145 λευκοῦ
3641 5092 3839 5162 θεώρει

2254 5185 2317 5238 τὸ
2366 5183 2475 5237 τῶν
2519 5182 2769 5252 ἀγγέλων
2829 5183 3089 5249 καθαρόν.
3148 5184 3425 5253 Ἐρωτῶσι
3474 5183 3552 5247 δὲ,
3594 5186 3693 5253 οὐχ
3754 5185 3839 5236 ἵνα

2260 5277 2474 5347 μάθωσι
2510 5276 2565 5328 τί
2600 5275 2796 5342 κλαίει,
2825 5276 2940 5330 ἀλλ’
2970 5277 3056 5329 ἵνα
3087 5278 3362 5348 παύσηται
3388 5292 3402 5307 ·
3432 5278 3493 5329 οὐ
3529 5277 3637 5347 γὰρ
3668 5277 3837 5347 ἐπρε-

2257 5387 2356 5423 πεν
2392 5368 2562 5438 αὐτὴν
2599 5368 2657 5419 ὲν
2686 5368 2913 5439 τοιούτῳ
2938 5367 3195 5438 δακρύειν
3222 5368 3419 5439 καιρῷ,
3451 5370 3545 5423 καὶ
3565 5369 3664 5439 τὴν
3702 5386 3839 5421 παν-

2256 5460 2454 5532 ήγυριν
2510 5458 2839 5530 ἐνυϐρίζειν.
2897 5461 2975 5511 Δι’
3022 5453 3098 5512 ὧν
3141 5459 3198 5512 δὲ
3243 5462 3523 5532 ἐφάνησαν
3578 5464 3638 5516 ὲν
3685 5462 3837 5531 τόπῳ

2260 5552 2452 5623 ἐκείνῳ
2487 5552 2535 5605 οἱ
2569 5551 2811 5620 ἄγγελοι,
2860 5552 3219 5623 σημαίνουσιν
3272 5553 3354 5606 ὅτι
3390 5553 3639 5620 ἀγγέλων
3672 5569 3840 5622 προσ-

2260 5647 2583 5716 εδρευόντων
2613 5644 2691 5716 τῷ
2728 5644 2878 5715 τόπῳ
2921 5645 3097 5710 οὐδεὶς
3127 5645 3358 5715 ἠδύνατο
3405 5647 3465 5699 τὸ
3498 5647 3640 5698 θεῖον
3680 5645 3835 5713 σῶμα

2264 5742 2642 5811 μετακινῆσαι,
2677 5740 2771 5793 καὶ
2804 5740 3259 5811 μυσταγωγοῦσιν
3290 5739 3427 5808 αὐτῇ
3459 5738 3519 5791 τὸ
3559 5737 3661 5807 τῆς
3703 5736 3833 5789 ἀνα-
