4130 6534
260 378 392 443 1517

1260 366 1263 367 ⁷
1310 373 1768 433 FRAGMENTA
1813 374 1897 433 ῘΝ
1933 376 1993 435 S.
2034 376 2412 438 JOANNEM.

3375 368 3527 433 1518.

212 493 221 503 ’
256 500 499 558 στάσεως
533 494 851 564 μυστήριον,
882 488 956 553 ὡς
994 488 1069 560 μὴ
1098 488 1297 541 εἰδυῖαν
1319 490 1417 555 τὴν
1447 489 1482 539 Γ
1488 487 1664 557 ραφὴν
1690 484 1827 538 κατὰ

1932 485 2083 551 bant,
2144 498 2329 559 utpote
2382 501 2502 557 qua:
2580 486 2913 558 Scripturam
2971 485 3277 555 ignorabat.
3326 482 3401 533 uti
3455 492 3512 537 ct

251 594 381 653 τοὺς
415 587 681 659 μαθητάς.

333 700 351 731 ι
400 679 510 733 Καὶ
538 676 712 729 ταῦτα
747 674 976 727 εἰποῦσα
1007 670 1251 743 ἐστράφη
1295 671 1373 732 είς
1403 668 1471 719 τὰ
1508 667 1699 725 ὀπίσω.
1736 669 1828 720 καὶ

253 769 454 839 θεωρεῖ
493 768 584 819 τὸν
626 762 831 833 Ἰησοῦν
864 764 1097 823 ἑστῶτα,
1135 760 1229 812 καὶ
1260 759 1359 811 οὐκ
1400 757 1517 827 ᾔδει
1549 758 1686 810 ὅτιὸ
1732 757 1829 828 Ἰη-

255 860 384 923 σοῦς
415 862 550 912 ἐστι.
597 876 615 908 ι

338 951 598 1013 Ἐκείνοις
623 948 721 1018 μὲν
748 944 901 1015 ὤφθη
928 926 1397 1013 θαυμασιὼτερος,
1430 944 1497 1011 τῇ
1526 941 1581 992 δὲ
1609 938 1827 1007 γυναικὶ

249 1044 311 1095 ὲν
326 1039 564 1109 ταπεινῷ
577 1040 671 1091 καὶ
692 1036 852 1105 κοινῷ
876 1036 1133 1105 σχήματι,
1159 1032 1249 1084 ἴνα
1266 1032 1339 1100 μὴ
1362 1030 1530 1099 αὐτὴν
1558 1030 1823 1098 ἐκπλήξῃ·

250 1133 334 1185 διὸ
373 1133 467 1185 καὶ
501 1127 775 1200 κηπουρὸν
810 1123 949 1177 εἶναι
983 1122 1146 1176 αὑτὸν
1184 1121 1360 1190 ᾠήθη.
1408 1118 1539 1189 Ὀρᾷ
1574 1117 1666 1169 τὸν
1717 1117 1829 1167 Κύ-

256 1242 394 1294 ριον,
431 1224 524 1276 καὶ
557 1223 658 1272 οὐκ
679 1219 915 1285 ἐπέγνω,
950 1215 983 1284 ἢ
1013 1215 1100 1267 διά
1130 1212 1229 1283 τὴν
1268 1211 1507 1273 σκοτίαν,
1544 1209 1577 1277 ἢ
1612 1210 1695 1262 ὅτι
1717 1208 1831 1259 θεο-

251 1316 458 1387 πρεπεῖ
487 1312 712 1381 δυνάμει
742 1309 1045 1361 ἐκάλυπτεν
1096 1303 1309 1357 ἑαυτόν.
1344 1302 1481 1355 Κατ’
1514 1298 1827 1368 οἰκονομίαν

253 1407 525 1476 ἐστράφη,
550 1404 644 1456 καὶ
668 1399 775 1454 εἶδε
806 1400 896 1453 τὸν
919 1397 1143 1468 Κύριον,
1169 1395 1311 1464 πλὴν
1336 1394 1437 1445 οὐκ
1466 1392 1703 1459 ἐπέγνω,
1738 1390 1827 1443 ἴνα

256 1500 336 1570 μὴ
367 1496 640 1568 θορυϐηθῇ
681 1495 756 1556 ὡς
786 1490 1090 1560 φαντασίαν
1117 1486 1300 1558 ὁρῶσα
1342 1482 1671 1555 δαιμονιώδη
1696 1499 1708 1512 ·
1746 1482 1825 1534 ἔτι

248 1588 364 1659 γὰρ
390 1586 710 1640 ὑπώπτευεν
738 1584 820 1636 ὅτι
854 1580 1044 1651 νεκρὸς
1073 1574 1160 1649 ἦν.

337 1781 355 1814 ι
406 1761 515 1814 Καὶ
542 1758 697 1813 τοῦτο
718 1756 906 1818 εἰπὼν,
937 1752 1133 1818 ἔδειξεν
1163 1752 1343 1813 αὐτοῖς
1373 1750 1470 1812 τάς
1498 1749 1708 1819 χεῖρας,
1730 1748 1825 1799 καὶ

1935 579 2181 642 apostoli.

2014 670 2168 724 Vens.
2225 671 2310 725 M.
2354 690 2372 723 ι
2405 656 2528 726 llaec
2556 686 2675 727 cum
2708 672 2954 737 dmsset,
3001 682 3266 730 conversa
3296 682 3377 728 est
3418 685 3508 728 re-

1938 772 2190 830 trorsum,
2239 774 2293 818 et
2327 765 2459 819 vidit
2486 764 2667 818 Jesum
2719 772 2993 817 stantem:
3043 773 3098 817 et
3145 776 3253 816 non
3302 762 3510 815 sciebat

1937 853 2061 923 quia
2095 853 2250 909 Jesus
2279 864 2382 910 est.
2414 874 2432 906 ι

2007 943 2114 999 lllis
2145 945 2358 1014 quidem
2392 942 2781 1007 admirabilior,
2834 941 3044 995 femina:
3076 953 3202 995 vero
3234 941 3510 998 humiliori

1948 1049 2011 1089 ac
2043 1036 2312 1090 communi
2363 1036 2542 1105 specie
2587 1034 2851 1104 apparuit,
2892 1048 2956 1087 ne
2988 1032 3128 1085 illam
3161 1032 3507 1101 percellcret;

1936 1139 2105 1193 quare
2164 1126 2329 1179 etiam
2385 1124 2727 1178 hortulanum
2790 1138 2916 1175 enm
2983 1136 3100 1175 esse
3153 1122 3504 1177 existimavit.

1937 1215 2100 1270 Videt
2131 1216 2437 1282 Dominum,
2477 1227 2529 1271 et
2563 1232 2668 1269 non
2693 1215 2944 1284 cognovit
2973 1228 3117 1277 eum,
3147 1214 3229 1266 vel
3262 1214 3385 1282 quia
3426 1224 3494 1267 te-

1938 1309 2115 1362 nebrae
2149 1317 2325 1370 erant,
2375 1307 2457 1359 vel
2497 1308 2621 1375 quia
2649 1305 2829 1359 divina
2892 1305 3091 1357 virtute
3120 1316 3235 1356 sese
3270 1303 3509 1357 occulta-

1935 1394 2042 1449 bat.
2080 1396 2484 1466 Dispensatorie
2513 1409 2775 1449 conversa
2808 1402 2894 1447 est
2934 1402 2985 1445 et
3025 1392 3157 1445 vidit
3194 1392 3504 1455 Dominum,

1935 1488 2027 1540 sed
2061 1503 2166 1541 non
2204 1490 2477 1558 cognovit,
2528 1500 2594 1540 ne
2629 1487 3057 1555 perturbaretur,
3112 1484 3265 1552 quasi
3306 1486 3509 1537 daemo-

1937 1577 2150 1631 niacum
2184 1590 2454 1647 spei-trum
2490 1579 2725 1643 videns;
2768 1577 2876 1646 jam
2914 1577 3117 1644 pridem
3165 1575 3308 1628 enim
3358 1588 3505 1629 mor-

1936 1680 2083 1724 tuum
2113 1670 2507 1738 suspicabatur.

2008 1760 2170 1815 Vaas.
2221 1760 2313 1815 20.
2366 1760 2487 1813 «Et
2535 1774 2655 1813 cum
2692 1758 2794 1812 hoc
2844 1758 3089 1819 dixisset,
3135 1759 3373 1813 ostendit
3426 1762 3506 1815 eis

250 1853 353 1919 τὴν
387 1834 626 1923 πλευρὰν
665 1848 850 1903 αὑτοῦ.
881 1846 1190 1916 Ἐχάρησαν
1220 1838 1312 1895 οῦν
1342 1842 1391 1892 οἱ
1422 1838 1663 1909 μαθηταὶ
1692 1837 1827 1889 ίδόν-

1935 1869 2148 1917 manus,
2200 1862 2253 1907 et
2303 1853 2464 1907 latus.
2514 1851 2698 1907 Gavisi
2752 1860 2880 1904 sunt
2910 1865 3039 1914 ergo
3082 1850 3355 1917 discipuli,
3393 1854 3505 1909 viso

930 1951 965 1959 -—.

249 1962 348 2007 τες
373 1944 465 1996 τὸν
496 1942 723 2013 Κύριον.
765 1958 784 1991 ι

329 2036 569 2101 Ἔδειξεν
603 2036 785 2095 αὐτοῖς
823 2031 921 2092 τὰς
951 2031 1139 2099 χεῖρας
1164 2069 1179 2092 ,
1210 2024 1508 2085 τουτέστιν,
1541 2020 1709 2085 ἔδειξε
1735 2018 1829 2072 τοῦ

248 2127 469 2188 πάθους
514 2126 582 2178 τά
612 2124 974 2194 γνωρίσματα
1004 2163 1018 2185 ,
1073 2120 1158 2171 ἵνα
1190 2114 1706 2187 πληροφορηθῶσιν,
1748 2113 1829 2165 ὅτι

246 2216 387 2268 αὐτὸ
417 2212 484 2286 ἦν
515 2216 574 2266 1:6
610 2211 901 2274 πεπονθὸς,
938 2212 985 2262 εἰ
1033 2208 1125 2261 καὶ
1164 2204 1536 2275 πνευματικὸν
1570 2199 1637 2273 ἦν
1672 2218 1830 2270 γεγο-

245 2305 362 2370 νὸς,
390 2306 483 2357 καὶ
512 2306 592 2366 εἰς
620 2302 929 2371 ἀφθαρσίαν
964 2297 1388 2368 μεταχωρῆσαν.
1417 2295 1513 2347 Διὰ
1547 2294 1704 2346 τοῦτο
1729 2294 1830 2346 αύ-

244 2400 367 2457 τοῖς
424 2395 648 2460 ἔδειξεν,
702 2394 792 2446 ἴνα
839 2394 1022 2444 πᾶσαν
1070 2388 1250 2443 αὐτῶν
1288 2385 1533 2457 ταραχὴν
1580 2402 1830 2437 κατακοιο

250 2488 413 2559 μίσῃ.

324 2579 423 2632 Διὰ
444 2577 635 2631 τούτου
665 2574 954 2645 ἐπληρώθη
987 2573 1079 2626 καὶ
1108 2576 1135 2625 6
1163 2571 1344 2639 λόγος,
1377 2569 1435 2621 ὃν
1468 2564 1620 2621 εἶπεν
1648 2570 1674 2619 6
1714 2566 1830 2618 Κύ-

250 2690 371 2745 ριος
391 2690 404 2703 ·
426 2671 677 2739 Μικρὸν,
700 2669 796 2723 καὶ
823 2667 1048 2735 ὄψεσθέ
1064 2681 1158 2734 με,
1186 2664 1283 2717 καὶ
1305 2660 1634 2732 χαρήσεται
1654 2658 1821 2726 ὑμῶν

246 2768 287 2832 ἠ
313 2763 543 2831 καρδία.
578 2762 675 2815 Διά
702 2758 796 2812 τοῦ
830 2759 1069 2829 ῥήματος
1089 2755 1190 2825 τῆς
1221 2754 1467 2824 εἰρήνης,
1502 2751 1619 2803 λύει
1650 2748 1827 2802 αὐτῶν

232 2856 352 2926 τὴν
385 2854 615 2907 δειλίανθ
651 2852 813 2913 αὐτὸς
860 2849 959 2919 μέν
996 2850 1145 2900 ἐστιν
1193 2846 1221 2897 6
1271 2843 1537 2913 Χριστὸς,
1570 2844 1602 2910 ἡ
1636 2842 1825 2911 εἰρήνη

245 2946 433 3017 ἡμῶν.
490 2944 635 3015 Πλὴν
685 2944 773 2997 διὰ
806 2943 997 2994 τούτου
1042 2940 1139 2992 καὶ
1189 2938 1351 3007 ήμεῖς
1381 2934 1740 3003 ἐδιδάχθημεν
1771 2934 1827 2983 ἐν

244 3041 373 3102 ταῖς
421 3039 709 3108 μυστικαῖς
755 3034 993 3095 συνόδοις
1040 3028 1473 3099 ἐπιφθέγγεσθαι
1524 3026 1735 3089 ἑαυτοῖς
1768 3023 1826 3076 τὸ

246 3130 352 3197 τῆς
388 3128 609 3199 εἰρήνης
641 3126 811 3196 ῥῆμα-

329 3184 349 3273 ί
696 3184 885 3277 ἀὐτοῖς
918 3216 947 3267 6
982 3210 1187 3283 Ἰησοῦς
1212 3208 1403 3262 πάλιν·
1436 3206 1641 3277 Εἰρήνη
1671 3205 1822 3273 ὑμῖν.
1854 3184 1896 3244 C

246 3313 451 3375 Καθὼς
469 3307 779 3365 ἀπέσταλκε
804 3322 869 3376 με
889 3307 918 3358 6
944 3302 1154 3373 Πατὴρ,
1185 3299 1342 3368 κάγὼ
1370 3298 1574 3368 πέμπω
1602 3297 1767 3365 ὑμᾶς.
1800 3314 1819 3345 ι

324 3404 597 3475 Οὐδεμίαν
629 3401 785 3471 ἔχετε
822 3397 1131 3459 δυσκολίαν,
1164 3393 1273 3447 ἀπό
1300 3410 1357 3445 τε
1394 3390 1503 3445 τῶν
1535 3390 1635 3460 ’ήδη
1671 3405 1830 3457 γεγε-

246 3498 526 3569 νημένων,
557 3495 666 3547 ἀπό
689 3510 747 3545 τε
776 3493 874 3560 τῆς
895 3490 1054 3556 ἀξίας
1085 3486 1219 3557 ἐμοῦ
1249 3485 1342 3538 τοῦ
1372 3484 1702 3553 πέμποντος.
1726 3481 1830 3533 Διὰ

246 3592 305 3642 τί
339 3602 546 3657 (pacm;
587 3582 851 3636 Ἐνταῦθα
889 3579 1106 3648 ἐπαίρει
1140 3576 1320 3630 αὐτῶν
1358 3577 1456 3645 τὴν
1487 3574 1691 3643 ψυχὴν,
1728 3572 1827 3625 καὶ

247 3682 493 3736 δείκνυσι
535 3677 670 3730 πολὺ
706 3675 768 3727 τὸ
811 3672 1122 3738 ἀξιόπιστον
1147 3685 1163 3702 ο
1207 3668 1321 3738 εἴγε
1379 3667 1625 3737 μέλλοιεν
1677 3665 1830 3718 αὐτοὶ

248 3776 313 3829 τὸ
340 3774 500 3845 ἔργον
524 3768 874 3838 ἀναδέχεσθαι
902 3781 916 3795 ⁸
949 3765 1044 3818 καὶ
1084 3763 1268 3817 οὐκέτι
1300 3761 1649 3831 παράκλησις
1688 3756 1827 3829 πρὸς

248 3866 343 3919 τὸν
380 3864 595 3934 Πατέρα
633 3862 903 3930 γίγνεται,
955 3856 1071 3910 ἀλλ’
1108 3853 1367 3923 αὐθεντία
1392 3852 1606 3905 δίδωσιν
1638 3850 1828 3912 αὐτοῖς

247 3958 349 4025 τὴν
377 3954 627 4023 δύναμιν.
683 3948 924 4016 Ἐπειδὴ,
950 3945 1108 4015 φησὶ,
1138 3942 1227 3997 διὰ
1255 3942 1347 3996 τοῦ
1386 3940 1621 4011 σταυροῦ
1649 3942 1827 3995 πάντα

254 4045 456 4098 εθκολα
500 4044 713 4111 γέγονε,
760 4039 963 4107 πέμπω
1006 4036 1151 4105 ὑμᾶς
1202 4036 1424 4103 ποιῆσαι
1476 4032 1535 4085 τὸ
1595 4031 1756 4101 ἔργον
1798 4030 1826 4083 ὃ

250 4134 504 4203 ἐποίησα.

328 4246 345 4277 ι
390 4224 502 4277 Καὶ
538 4220 697 4275 τοῦτο
726 4218 914 4281 εἰπὼν,
944 4216 1267 4285 ἐνεφύσησε,
1298 4214 1391 4267 καὶ
1412 4213 1561 4281 λέγει
1601 4212 1783 4275 αὐτοῖς
1805 4226 1817 4239 ·

251 4316 460 4369 Λάϐετε
489 4313 714 4382 Πνεῦμα
736 4311 912 4377 ἅγιον.
948 4328 966 4360 ι

327 4426 345 4458 ι
395 4407 495 4458 "Av
543 4421 703 4457 τινων
742 4402 917 4470 ἀφῆτε
958 4400 1056 4461 τὰς
1098 4396 1395 4468 ἁμαρτίας,
1430 4395 1682 4465 ἀφίενται
1729 4394 1825 4446 αὐ-

250 4502 359 4559 τοῖς
382 4513 396 4528 ’
429 4498 495 4551 ἄν
523 4513 683 4549 τινων
709 4494 969 4565 κρατῆτε,
1008 4490 1395 4560 κεκράτηνται.
1436 4507 1455 4539 ι

324 4582 698 4654 Πνευματικὸν
740 4582 921 4642 αὐτοῖς
971 4579 1170 4632 δέδωκε
1217 4579 1463 4647 χάρισμα
1490 4616 1504 4640 ,
1536 4577 1630 4631 τοῦ
1677 4575 1823 4629 λύειν

251 4676 526 4745 ἁμαρτίας
570 4674 664 4727 καὶ
705 4670 1077 4742 κατακρίνειν.
1113 4666 1297 4722 Ἄλλοι
1341 4668 1397 4720 δὲ
1438 4668 1706 4736 λέγουσιν,
1740 4670 1822 4722 ὅτι

255 4765 593 4836 ἐπιτηδείους
667 4763 864 4825 αὐτοὺς
921 4761 1148 4831 ἐποίησε
1210 4759 1346 4830 πρὸς
1402 4759 1669 4828 ὑποδοχὴν
1730 4760 1824 4811 τοῦ

255 4858 569 4929 Πνεύματος
596 4898 609 4922 ,
643 4852 703 4909 οῦ
754 4854 985 4926 ἤμελλον
1019 4851 1319 4924 λαμϐάνειν
1369 4851 1505 4921 μετὰ
1554 4850 1653 4921 τὴν
1694 4850 1827 4904 ἀνά-

255 4948 433 5002 ϐασιν·
463 4948 529 4999 δι’
548 4948 577 5000 ὂ
604 4948 705 5000 οὐκ
731 4945 903 5010 εἶπεν,
923 4944 1176 4999 Ἐλάόετε
1205 4942 1429 5013 Πνεῦμα
1457 4943 1636 5010 ἅγιον,
1666 4943 1822 5003 ἀλλὰ,

251 5041 493 5097 Λάϐετε.
544 5041 690 5111 Πλὴν
731 5040 955 5093 δυνατὸν
1003 5042 1200 5101 εἰπεῖν,
1246 5038 1327 5090 ὃτι
1360 5038 1441 5100 εἰς
1476 5038 1572 5107 μὲν
1616 5033 1709 5089 οῦν
1766 5036 1825 5089 τὸ

250 5136 469 5201 ἀφεῖναι.
509 5132 783 5203 ἁμαρτίας
808 5130 1000 5184 έλαὸον
1049 5131 1110 5183 τὸ
1142 5131 1412 5201 χάρισμα,
1456 5130 1595 5197 μετᾶ
1638 5128 1693 5180 δὲ
1726 5128 1821 5198 τὴν

250 5225 631 5297 Πεντηκοστὴν
669 5225 729 5277 τὸ
762 5226 971 5293 ἐγεῖραι
1012 5223 1137 5286 τοῦς
1167 5224 1417 5294 νεκροὺς,
1467 5222 1560 5273 καὶ
1602 5222 1702 5274 ὅσα
1735 5238 1823 5271 τε-

250 5317 516 5387 λειότερα,
546 5317 624 5369 Δι’
656 5309 730 5369 ὧν
759 5316 1102 5385 ἐμφυσήσας,
1137 5315 1305 5368 ἔδωκε
1336 5314 1395 5365 τὸ
1422 5312 1665 5383 Πνεῦμα,
1690 5313 1823 5366 ἔδει·

252 5406 339 5469 ξεν
369 5387 458 5458 δτι
504 5405 793 5475 ὁμοούσιον
840 5404 1004 5457 αὑτοῦ
1044 5406 1193 5465 ἐστιι,
1230 5405 1326 5456 καὶ
1372 5405 1473 5456 οὐκ
1516 5404 1819 5475 ἁλλῦτριον,

250 5500 342 5550 καὶ
369 5498 433 5550 δι’
467 5497 634 5551 αὑτοῦ
676 5498 880 5567 προῖὼν
907 5498 971 5548 ἐκ
1004 5496 1239 5563 Πατρὸς,
1275 5496 1411 5564 ὅπερ
1440 5496 1638 5559 αὐτοὺς
1667 5496 1822 5550 ἐνεύ-

254 5606 427 5657 ρωσεν
457 5592 536 5651 εἰς
566 5590 629 5640 τὸ
666 5588 891 5657 ποιῆσαι
936 5588 1005 5639 τὰ
1045 5585 1163 5655 Θεῷ
1212 5587 1442 5655 ἀρεστὰ,
1488 5589 1580 5640 καὶ
1621 5589 1821 5658 γνῶναι

248 5677 343 5729 τοῦ
384 5678 525 5731 κατὰ
578 5678 812 5748 Χριστὸν
863 5675 1164 5747 μυστηρίου
1204 5676 1301 5745 τὴν
1352 5674 1599 5746 δύναμιν.
1655 5678 1727 5730 Τὸ
1765 5679 1820 5731 δὲ

250 5768 555 5840 ἐμφύσημα
596 5770 819 5841 ἐποίησε
864 5769 955 5822 τὸν
996 5768 1387 5838 ἁνακαινισμὸν
1423 5772 1488 5840 τῇ
1536 5770 1818 5843 ἀνθρωπό-

1932 1944 2181 1998 Domino.
2220 1964 2237 1996 ν

2000 2035 2247 2089 Ostendit
2277 2034 2356 2088 eis
2384 2050 2594 2098 manus,
2629 2035 2730 2087 hoc
2760 2042 2866 2097 est,
2893 2036 3129 2089 ostendit
3162 2038 3243 2091 eis
3271 2038 3498 2106 vestigia

1932 2125 2221 2193 passionis,
2277 2132 2335 2175 ut
2383 2125 2643 2177 certiores
2693 2123 2943 2177 redderet
2987 2124 3088 2177 hoc
3142 2127 3317 2194 ipsum
3384 2141 3509 2181 esse

1932 2229 2127 2280 corpus
2154 2215 2293 2280 quod
2326 2229 2543 2282 passum
2572 2211 2766 2277 fuerat,
2827 2213 2927 2266 etsi
2962 2229 3103 2268 nunc
3136 2224 3279 2269 esset
3307 2214 3507 2269 factum

1933 2305 2201 2374 spiritale,
2240 2315 2402 2373 atque
2432 2318 2626 2373 expers
2658 2304 3050 2373 corruptionis.
3105 2305 3317 2361 Idcirco
3348 2308 3398 2361 id
3427 2308 3509 2362 eis

1933 2396 2184 2462 ostendit,
2216 2403 2271 2448 ut
2300 2410 2513 2449 omnem
2546 2394 2755 2449 illorum
2783 2393 2994 2449 sedaret
3023 2398 3509 2466 perturbationem.

2005 2574 2104 2628 Per
2147 2575 2247 2628 hoc
2298 2575 2464 2629 etiam
2520 2574 2773 2644 impletus
2821 2584 2907 2630 est
2950 2590 3130 2631 sermo
3160 2592 3318 2646 quem
3370 2577 3508 2632 dixit

1936 2666 2193 2721 Dominus
2220 2682 2233 2719 :
2274 2666 2541 2719 Modicum
2574 2679 2623 2719 et
2647 2668 2888 2721 videbitis
2923 2684 3026 2731 me,
3063 2677 3112 2721 et
3143 2668 3389 2737 gaudebit
3418 2686 3510 2724 cor

1932 2766 2180 2811 vestrum.
2243 2757 2421 2813 Verbo
2457 2759 2605 2828 pacis
2665 2758 2825 2813 solvit
2857 2774 3042 2814 eorum
3094 2770 3339 2815 metum:
3395 2762 3511 2832 ipse

1931 2850 2195 2918 siquidem
2231 2849 2483 2904 Christus
2526 2862 2609 2904 est
2651 2867 2755 2920 pax
2790 2863 2994 2907 nostra.
3047 2851 3428 2907 Verumtamen
3456 2864 3513 2908 et

1932 2957 2031 2995 nos
2059 2948 2275 3010 quoque
2304 2956 2398 3009 per
2428 2942 2528 2996 hoc
2562 2943 2739 2997 edocti
2775 2958 2963 2997 sumus
2991 2944 3044 2996 in
3075 2945 3248 2999 sacris
3282 2960 3511 3015 congre-

1930 3032 2235 3101 gationibus
2266 3032 2420 3086 nobis
2448 3033 2678 3087 invicem
2714 3047 2900 3102 pacein
2940 3034 3245 3103 apprecari.

1999 3210 2161 3267 Vens.
2192 3212 2283 3265 21.
2334 3230 2351 3263 ι
2383 3212 2528 3267 Dixit
2576 3228 2706 3283 ergo
2760 3216 2840 3268 eis
2883 3214 3116 3267 iterum:
3177 3212 3284 3266 Pax
3332 3213 3505 3268 vobis.

1933 3301 2084 3356 Sicut
2112 3304 2257 3357 misit
2292 3320 2375 3357 tne
2401 3304 2580 3369 Pater,
2608 3314 2664 3358 et
2692 3320 2791 3373 ego
2822 3305 2974 3357 mitto
3003 3319 3118 3359 vos.
3156 3322 3175 3354 ι

2004 3390 2217 3443 Nullum
2263 3392 2471 3447 habetis
2523 3392 2989 3460 impedimentum,
3059 3401 3115 3445 et
3162 3403 3385 3462 propter
3439 3409 3503 3449 ea

1932 3502 2053 3557 qua:
2081 3487 2195 3554 jam
2231 3486 2373 3541 facta
2404 3496 2552 3552 sunt,
2606 3498 2658 3542 et
2692 3497 2912 3556 propter
2946 3504 3117 3543 meam
3156 3505 3250 3544 vos
3283 3490 3507 3544 mitten-

1934 3580 2002 3633 tis
2032 3579 2370 3647 dignitatem.
2424 3577 2603 3642 Quare
2659 3578 2760 3631 hoc
2815 3578 2993 3632 dixit?
3046 3577 3246 3633 Eorum
3298 3580 3509 3634 animos

1934 3671 2022 3725 hic
2047 3670 2228 3735 erigit,
2252 3678 2306 3722 et
2335 3684 2483 3722 suam
2515 3668 2769 3737 proponit
2802 3669 3211 3733 auctoritatem,
3239 3670 3505 3738 siquidem

1931 3775 2085 3815 suum
2132 3760 2209 3812 eis
2259 3759 2547 3812 relicturus
2624 3765 2741 3811 erat
2788 3757 3186 3811 ministerium:
3250 3772 3350 3813 nec
3392 3757 3506 3826 jam

1932 3852 2165 3921 amplius
2214 3848 2520 3919 interpellat
2544 3848 2781 3913 Patrem,
2818 3847 2909 3903 sed
2939 3863 3036 3903 sua
3070 3849 3150 3903 eis
3183 3849 3509 3903 auctoritate

1930 3952 2249 4014 potestatem
2286 3943 2506 4010 praebet.
2535 3942 2694 4004 Cum,
2722 3940 2915 4007 inquit,
2951 3943 3135 3993 omnia
3162 3954 3258 4008 per
3287 3954 3503 3995 crucem

1930 4050 2105 4091 meam
2136 4033 2276 4087 facta
2313 4033 2421 4086 sint
2448 4031 2651 4096 facilia,
2682 4032 2838 4085 mitto
2873 4044 2986 4094 vos,
3024 4038 3082 4083 ut
3128 4028 3343 4084 faciatis
3368 4042 3505 4098 opus

1930 4128 2069 4197 quod
2101 4140 2201 4193 ego
2234 4124 2357 4179 feci.
2854 4108 2860 4114 ’

1999 4221 2163 4275 Vsus.
2218 4218 2309 4271 22.
2366 4234 2384 4267 ‹
2416 4218 2543 4271 Ηωο
2592 4231 2715 4271 cum
2761 4216 3011 4280 dixisset,
3062 4215 3394 4272 insumavit:
3450 4228 3506 4273 ct

1929 4311 2065 4365 dixit
2093 4309 2208 4362 eis:
2242 4307 2479 4377 Accipite
2509 4306 2770 4375 Spiritum
2803 4316 3072 4361 sanctum.
3112 4325 3132 4358 ι

1999 4402 2162 4456 Vsus.
2192 4400 2283 4455 25.
2340 4419 2358 4451 ι
2388 4399 2628 4465 Quorum
2667 4398 2988 4453 remiseritis
3022 4410 3267 4467 peccata,
3316 4403 3505 4455 remit-

1856 4518 1903 4577 υ
1930 4502 2119 4551 tnntnr
2142 4492 2262 4546 eis:
2304 4499 2360 4545 et
2389 4506 2618 4560 quorum
2657 4490 3015 4557 retinneritis,
3050 4501 3257 4546 retenta
3294 4503 3442 4547 sunt.
3477 4513 3497 4543 ι

1998 4584 2253 4652 Spiritale
2285 4582 2389 4636 illis
2434 4584 2630 4637 donum
2681 4583 2829 4635 dedit
2880 4582 3124 4636 solvendi
3162 4595 3407 4652 peccata,
3452 4595 3505 4638 et

1931 4678 2281 4745 diiudicandi.
2332 4677 2433 4729 Alii
2474 4686 2655 4729 autem
2711 4674 2922 4735 dicunt,
2974 4674 3115 4742 quod
3148 4675 3237 4729 hic
3280 4676 3503 4731 idoneos

1932 4768 2051 4822 illos
2108 4765 2299 4821 fecerit
2349 4767 2413 4818 ad
2445 4764 2703 4834 Spiritum
2736 4763 3165 4832 suscipiendum,
3223 4780 3382 4833 quem
3414 4782 3505 4820 ac-

1930 4858 2139 4927 cepturi
2166 4866 2321 4910 erant
2340 4868 2458 4923 post
2481 4854 2853 4910 ascensionem
2880 4872 2891 4907 :
2920 4856 3173 4922 quocirca
3201 4870 3306 4911 non
3331 4856 3501 4911 dixit:

1930 4948 2230 5017 Accepistis
2265 4945 2527 5014 Spiritum
2558 4955 2827 5008 sanetum,
2864 4945 2958 4999 sed
2989 4945 3247 5012 Accipite.
3304 4945 3503 5001 Verum

1930 5042 2035 5096 dici
2090 5049 2285 5109 potest,
2338 5054 2432 5093 eos
2471 5039 2628 5093 modo
2680 5039 2878 5091 donum
2924 5047 3140 5105 peccata
3197 5038 3504 5092 remittendi

1935 5130 2233 5197 accepisse,
2270 5137 2389 5196 post
2414 5127 2769 5181 Pentecosten
2802 5140 2931 5179 vero
2962 5136 3203 5179 mortuos
3232 5128 3505 5181 suscitan-

1929 5222 2003 5285 di,
2039 5232 2092 5275 et
2145 5235 2330 5273 eorum
2363 5234 2481 5286 quae
2525 5220 2849 5287 perfectiora
2896 5228 3040 5285 sunt,
3076 5222 3355 5288 accepisse
3404 5236 3504 5289 po-

1929 5321 2203 5367 testatem.
2258 5311 2411 5378 Quod
2465 5320 2644 5364 autem
2688 5309 3030 5375 insufﬂamlo,
3065 5312 3326 5381 Spiritum
3358 5328 3500 5382 pra:-

1928 5406 2127 5469 liuerit,
2156 5405 2395 5460 ostendit
2428 5404 2532 5459 sibi
2568 5405 3081 5459 consubstantialem
3114 5421 3257 5471 esse,
3306 5417 3361 5460 et
3403 5422 3501 5460 ne-

1926 5514 2198 5569 quaquam
2227 5514 2256 5552 a
2288 5513 2345 5551 se
2374 5497 2609 5551 alienum
2640 5516 2653 5564 ;
2708 5507 2764 5551 nt
2794 5500 2882 5567 qui
2940 5514 3035 5566 per
3065 5514 3187 5553 eum
3243 5500 3501 5567 procedat

1925 5608 1991 5647 ex
2037 5591 2218 5657 Patre,
2257 5590 2400 5660 quod
2433 5605 2526 5644 eos
2575 5590 2929 5644 confirmabat
2979 5602 3036 5644 ut
3089 5590 3332 5645 facerent
3381 5605 3502 5661 quae

1926 5683 2119 5755 placita
2151 5681 2433 5745 suntDeo,
2480 5670 2821 5737 etvirtutem
2847 5682 3049 5738 Christi
3106 5683 3346 5755 mysterii
3412 5698 3502 5735 co-

1929 5786 2273 5846 gnoscerent.
2319 5773 2615 5832 lusumatio
2662 5787 2839 5833 autem
2895 5777 3184 5831 humanam
3251 5785 3498 5831 naturam
