4130 6528
638 337 771 401 1519

1726 345 2058 407 AMMONU
2102 347 2633 414 ALEXANDRINI

3768 371 3900 434 i524)

636 452 762 502 fecit
792 449 1062 511 innovari,
1093 455 1146 503 et
1174 463 1291 502 eam
1322 464 1484 518 quam
1519 460 1646 506 ante
1679 454 1880 509 Adami
1909 466 2218 527 transgres-

2320 477 2463 530 τητι,
2497 463 2592 515 καὶ
2622 462 2917 521 ἀναλαϐεῖν
2940 467 3004 519 τὸ
3025 468 3146 521 κατ’
3176 470 3370 525 εἰκόνα
3389 467 3528 545 ὅπερ
3550 463 3697 547 εἶχεν
3734 479 3902 549 ’Λυδιμ

635 543 845 595 sionem
875 542 1129 607 habebat,
1154 556 1433 598 resumere
1462 544 1895 601 similitudinem.
1939 549 2085 605 Dixit
2118 567 2214 605 au-

639 642 746 686 tem
800 632 1039 697 mittere,
1072 642 1130 687 ut
1163 634 1481 689 crederetur
1515 636 1618 690 hoc
1653 638 1706 690 in
1756 640 2014 695 omnibus
2070 640 2216 696 futu—

634 740 755 778 rum
790 734 1031 793 tempore
1061 724 1305 781 delinito.

710 814 869 869 Vcns.
895 813 993 869 24.
1047 832 1066 865 ι
1101 813 1338 871 Thomas
1395 827 1573 871 autem
1608 834 1747 874 unus
1798 835 1865 874 ex
1908 820 2213 888 duodecim,

635 906 726 973 qui
756 905 954 959 dicitur
980 903 1265 975 Didymus,
1310 921 1419 961 non
1456 917 1578 962 erat
1604 923 1727 963 cum
1762 910 1845 965 eis
1876 912 2095 980 quando
2126 926 2218 966 vc-

637 998 716 1051 nit
738 997 919 1052 Jesus.
955 1014 973 1047 ι

711 1088 826 1142 Etsi
867 1088 1064 1142 absens
1094 1095 1240 1141 esset
1268 1085 1527 1155 Thomas,
1568 1086 1807 1159 Spiritus
1855 1099 2033 1146 tamen
2086 1108 2215 1161 gra-

645 1180 773 1234 tiam
797 1193 894 1246 per
924 1176 1338 1232 insumationem
1370 1180 1600 1248 accepit,
1625 1180 1877 1248 quoniam
1909 1181 1963 1234 in
1998 1182 2217 1236 univer-

641 1285 760 1324 sum
793 1268 1161 1338 apostolorum
1211 1268 1434 1322 chorum
1489 1270 1749 1326 Dominus
1798 1273 1937 1327 hanc
1982 1273 2213 1343 gratiam

638 1359 920 1416 eﬂ'uderat.
1624 1396 1627 1399 ‹

711 1451 872 1506 Vens.
906 1450 999 1505 ‘27.
1053 1468 1071 1502 ι
1103 1449 1306 1505 Deinde
1332 1450 1465 1507 dicit
1490 1450 1745 1506 Thomas:
1801 1453 1945 1509 infer
1988 1455 2213 1525 digitum

638 1553 786 1597 tuum
835 1544 963 1607 huc,
1011 1550 1067 1596 et
1100 1544 1222 1597 vide
1255 1557 1450 1598 manus
1498 1558 1669 1607 meas,
1707 1553 1763 1600 et
1814 1545 1946 1601 all‘er
1996 1563 2213 1603 manum

640 1644 808 1698 tuam,
838 1644 893 1688 et
930 1633 1086 1687 mitte
1115 1633 1171 1687 in
1207 1633 1348 1689 latus
1377 1650 1597 1689 meum:
1636 1646 1691 1691 et
1730 1637 1837 1692 noli
1884 1655 2006 1695 esse
2036 1641 2215 1697 incre-

637 1724 816 1788 dulus,
851 1723 945 1778 sed
979 1722 1174 1778 ﬁdelis.
1210 1740 1230 1776 ι

707 1814 883 1884 Supra
934 1814 1152 1869 modum
1189 1814 1428 1869 Thomas
1469 1829 1699 1884 operose
1747 1818 2019 1885 curiosus,
2068 1820 2213 1890 quod
2245 1804 2291 1865 Β

637 1923 753 1963 rem
780 1905 1172 1975 impossibilem
1203 1906 1563 1971 existimaret,
1617 1910 2055 1978 reprehenditur,
2089 1913 2217 1981 quia

635 2014 745 2055 non
776 1998 912 2054 dixit
940 1997 1118 2053 solum
1155 2010 1170 2050 :
1201 2016 1219 2049 ‹
1248 1994 1363 2052 Nisi
1386 1998 1589 2065 videro,
1623 2018 1641 2051 ι
1681 2015 1869 2055 verum
1901 2002 2084 2068 etiam,
2105 2001 2216 2058 Nisi

634 2090 947 2162 palpavero,
1000 2104 1068 2144 ne
1119 2089 1259 2145 forte
1290 2091 1614 2159 phantasma
1665 2092 1739 2146 sit
1786 2094 1931 2161 quod
1980 2093 2214 2149 videtur.

634 2184 770 2240 Cum
819 2183 985 2254 igitur
1029 2181 1271 2238 audisset
1316 2196 1384 2237 ex
1416 2182 1722 2252 discipulis,
1758 2183 1947 2240 lancea
1996 2185 2216 2242 confos-

634 2292 779 2344 sum,
817 2277 980 2331 iidem
1012 2275 1285 2341 adhibuit,
1316 2275 1420 2330 etsi
1456 2291 1565 2330 non
1594 2276 1862 2345 vidisset;
1902 2281 1997 2332 sed
2029 2292 2216 2335 resur-

634 2370 960 2433 rectionem,
990 2377 1050 2423 ut
1083 2383 1205 2437 quas
1235 2367 1502 2422 rationem
1536 2366 1846 2435 excederet,
1882 2383 1988 2423 non
2036 2371 2215 2425 credi-

634 2461 755 2517 dit:
805 2459 951 2531 quod
981 2466 1229 2514 nontam
1262 2472 1327 2512 ex
1364 2456 1767 2524 incredulitate,
1822 2472 1984 2528 quam
2018 2474 2085 2514 ex
2116 2461 2215 2514 do-

644 2553 763 2609 lore
790 2552 1015 2617 dictum,
1045 2550 1190 2620 quod
1216 2563 1323 2603 non
1354 2556 1409 2603 et
1439 2548 1555 2617 ipse
1575 2564 1790 2619 quoque
1818 2551 2013 2607 visioni
2048 2552 2215 2607 inter-

637 2646 851 2703 fuisset.
875 2642 981 2698 Per
1000 2641 1463 2712 dispensationem
1494 2649 1674 2695 autem
1701 2642 1940 2699 Thomas
1964 2658 2068 2699 non
2096 2658 2214 2699 cre-

636 2739 794 2804 didit,
846 2746 905 2791 ut
940 2750 1038 2791 nos
1058 2748 1249 2790 omnes
1300 2749 1397 2804 per
1439 2733 1616 2804 ipsum
1643 2734 1897 2791 ﬁeremus
1925 2736 2211 2801 certiores,

639 2831 691 2884 id
721 2830 897 2900 ipsum
928 2827 1069 2899 quod
1118 2827 1264 2881 cruci
1313 2824 1527 2881 allixum
1573 2825 1754 2883 fuerat
1780 2842 1981 2897 corpus
2028 2842 2217 2883 resur-

638 2920 870 2975 rexisse.
903 2915 1208 2983 Quaerendo
1255 2915 1399 2968 enim
1428 2916 1620 2971 videre
1673 2919 1853 2972 carnis
1904 2918 2215 2988 cicatrices,

639 3026 769 3065 num
804 3010 919 3076 ipsa
951 3005 1139 3061 eadem
1169 3020 1298 3061 caro
1326 3008 1737 3075 resurrexisset,
1763 3008 2066 3079 inquisivit.

712 3097 963 3155 Ostendit
996 3111 1057 3151 se
1099 3097 1384 3152 cicatrices
1436 3098 1656 3164 habere,
1708 3102 2087 3172 permittitque
2136 3103 2212 3158 illi

640 3286 839 3356 paruit,
890 3283 1103 3338 tametsi
1133 3296 1329 3352 corpus
1380 3281 1496 3353 ejus
1543 3284 1724 3339 omnis
1762 3294 1908 3339 esset
1948 3287 2215 3344 crassitiei

640 3389 856 3446 expers,
887 3384 943 3429 et
988 3372 1209 3429 omnino
1258 3372 1402 3443 agile
1451 3373 1743 3441 redditum,
1796 3384 1855 3428 ut
1903 3378 2217 3434 crederetur

642 3467 785 3522 idem
816 3478 937 3522 esse
968 3465 1112 3535 quod
1158 3462 1334 3519 fuerat
1379 3466 1724 3521 cruciﬁxum.
1776 3465 1987 3524 Exinde
2036 3478 2214 3525 autem

641 3559 867 3614 Thomas
899 3558 1078 3614 verbis
1113 3572 1264 3623 usus,
1311 3558 1549 3614 ostendit
1597 3558 1896 3627 Christum,
1944 3577 2067 3617 cum
2105 3563 2218 3619 haec

641 3651 881 3707 Thomas
912 3649 1140 3714 diceret,
1169 3648 1426 3704 adfuisse.
1477 3648 1683 3705 Verum
1713 3666 1781 3708 ne
1810 3666 1933 3722 qua:
1962 3653 2217 3735 incredu-

643 3743 781 3799 litati
813 3741 1020 3811 reliqua
1056 3749 1203 3795 esset
1232 3739 1393 3803 ratio,
1424 3740 1887 3810 quemadmodum
1911 3744 2101 3812 petivit
2136 3746 2217 3799 vi-

644 3838 773 3892 dere
797 3834 1057 3896 Thomas,
1088 3831 1170 3886 sic
1197 3831 1437 3886 ostendit
1463 3846 1569 3886 non
1606 3832 1869 3888 Thomam
1930 3837 2216 3904 duntaxat,

646 3930 742 3985 sed
770 3935 826 3984 et
861 3925 1083 3995 angelos
1124 3924 1514 3980 incarnationis
1563 3925 2020 3995 dispensationem
2069 3930 2220 3997 igno-

646 4033 797 4074 rasse
820 4032 881 4072 ac
904 4011 1193 4087 petivisse:
1217 4015 1347 4081 Quis
1370 4027 1445 4070 est
1467 4018 1565 4071 iste
1598 4018 1686 4088 qui
1713 4021 1847 4074 venit
1872 4022 1936 4075 de
1962 4020 2221 4105 Edom'f?

645 4112 714 4165 Et
740 4109 868 4165 alibi
900 4125 915 4163 :
972 4107 1242 4172 Quidnam
1288 4117 1409 4161 sunt
1456 4109 1627 4179 plaga:
1668 4112 1786 4165 ista:
1815 4113 1870 4166 in
1903 4116 2071 4168 medio
2103 4131 2219 4170 ma-

646 4215 810 4255 nuum
859 4200 1125 4253 tuarum?
1182 4199 1251 4252 Et
1282 4200 1534 4254 docendo
1586 4202 1758 4258 dicit:
1821 4202 1922 4259 His
1977 4205 2220 4276 plagulas

645 4306 763 4345 sum
794 4292 853 4344 in
887 4288 1041 4344 domo
1068 4282 1257 4343 eorum'
1282 4290 1371 4359 qui
1400 4290 1686 4361 diligebant
1719 4309 1800 4348 me
1824 4294 1887 4348 ³³.
1972 4308 1977 4313 ‘

708 4380 846 4437 Cum
875 4389 1053 4436 autem
1082 4380 1281 4436 clausis
1305 4382 1489 4449 januis
1520 4382 1796 4453 ingressus
1820 4396 1985 4453 esset,
2031 4403 2219 4446 ansam

2232 3149 2285 3211 C

640 3201 700 3248 ut
729 3206 789 3247 se
817 3197 1021 3260 tangat.
1062 3186 1154 3243 Sic
1182 3188 1327 3242 enim
1350 3189 1836 3247 condescendendo
1867 3190 2089 3250 Thomas
2119 3211 2214 3265 ap-
2242 3186 2315 3227 υ·

2319 552 2427 622 πρὸ
2456 555 2847 624 παραϐάσεως.
2886 554 3054 612 Εἶπεν
3090 561 3148 614 δὲ
3183 563 3441 631 πέμπειν,
3483 568 3573 622 ἵνα
3616 570 3888 643 πιστώση-

2317 660 2408 696 ται
2435 645 2517 697 ὅτι
2545 645 2697 700 ἔσται
2729 647 2888 702 τοῦτο
2917 651 3013 703 ἐπὶ
3051 653 3191 705 πᾶσι
3226 655 3304 723 τῷ
3336 657 3611 727 ὁρισθέντι
3631 662 3831 731 καιρῷ.

2394 839 2413 872 ‹
2448 820 2651 891 Θωμᾶς
2684 823 2742 875 δὲ
2769 840 2851 888 εις
2883 829 2946 878 ἐκ
2973 825 3084 880 τῶν
3115 826 3345 897 δώδεκα,
3374 834 3403 885 ὁ
3427 832 3725 905 λεγόμενος
3745 840 3903 894 Δίδυ-

2321 930 2444 982 μος,
2476 915 2579 967 ούκ
2607 910 2676 985 ἦν
2712 915 2833 985 μετ’
2865 916 3066 984 αὐτῶν,
3107 920 3198 974 ὅτε
3232 917 3394 993 ἦλθεν
3418 927 3449 978 ὁ
3498 926 3731 998 Ἰησοῦς.
3770 951 3789 983 ο

2387 1096 2500 1149 Καὶ
2542 1095 2701 1150 ἀπὼν
2755 1098 2783 1151 ὁ
2826 1099 3029 1172 Θωμᾶς
3073 1102 3233 1177 ἔτυχε
3291 1104 3393 1179 τῆς
3448 1109 3545 1165 τοῦ
3583 1113 3906 1187 Πνεύματος

2318 1188 2542 1257 χάριτος
2583 1189 2673 1243 διὰ
2723 1192 2823 1262 τῆς
2865 1195 3267 1267 ὲμφυσὴσεως·
3319 1202 3408 1270 ἐφ’
3457 1204 3580 1259 ὅλον
3623 1206 3736 1276 γὰρ
3792 1208 3904 1261 τῶν

2317 1276 2628 1331 ἀποστόλων
2659 1280 2751 1334 τὸν
2782 1280 2939 1353 χορὸν
2975 1285 3005 1337 ὁ
3051 1286 3255 1359 Κύριος
3309 1291 3409 1363 τὴν
3458 1295 3618 1366 χάριν
3665 1298 3899 1368 ἐξέχεεν.

2391 1473 2410 1507 ι
2450 1453 2584 1511 Εἶτα
2627 1458 2776 1528 λέγει
2805 1461 2886 1531 τῷ
2930 1462 3136 1536 Θωμᾷ’
3174 1467 3317 1539 Φέρε
3360 1469 3452 1523 τὸν
3505 1471 3774 1527 δάκτυλόν
3803 1492 3900 1528 σου

2317 1542 2446 1616 ὦδε,
2481 1552 2578 1605 καὶ
2610 1552 2686 1605 ἴδε
2739 1555 2839 1619 τὰς
2872 1560 3063 1628 χεῖράς
3112 1577 3215 1629 μου
3242 1604 3259 1627 ,
3303 1564 3399 1617 καὶ
3434 1567 3565 1636 φέρε
3598 1568 3699 1637 τὴν
3742 1573 3903 1640 χεῖρά

2319 1657 2413 1693 σου
2435 1682 2450 1706 ,
2500 1642 2596 1695 καὶ
2627 1642 2757 1712 βάλε
2794 1647 2874 1708 εἰς
2907 1646 3007 1717 τὴν
3040 1648 3283 1720 πλευράν
3335 1669 3463 1722 μου,
3499 1657 3595 1709 καὶ
3642 1658 3719 1727 μὴ
3748 1660 3900 1725 γίνου

2317 1731 2570 1799 ἄπιστος,
2602 1734 2741 1790 ἀλλὰ
2771 1739 2982 1803 πιστός.
3028 1759 3047 1792 s

2401 1821 2575 1895 ’Υπὲρ
2608 1826 2808 1897 μέτρον
2836 1829 2865 1880 ὁ
2890 1828 3095 1900 Θωμᾶς
3122 1833 3687 1909 πολυπραγμονήσας,
3717 1842 3805 1894 διὰ
3836 1845 3904 1895 τὸ

2319 1914 2564 1984 νομίζειν
2598 1917 2881 1984 ἀδύνατον,
2910 1923 3247 1991 ἐγκαλεῖται,
3269 1928 3351 1981 διὸ
3380 1930 3483 1983 οὐκ
3516 1927 3674 1986 εἶπεν
3714 1934 3898 2005 μόνον,

2324 2023 2344 2058 ι
2381 2005 2505 2061 Ἐὰν
2538 2008 2615 2079 μὴ
2646 2011 2760 2078 ἴδω,
2783 2030 2803 2063 ι
2837 2013 2997 2079 ἀλλὰ,
3034 2016 3158 2070 Ἐὰν
3191 2020 3266 2090 μὴ
3294 2020 3603 2093 ψηλαφήσω
3624 2041 3639 2055 ο
3665 2026 3741 2096 μή
3784 2044 3901 2089 πως

2319 2099 2616 2170 φάντασμά
2647 2101 2765 2155 ἐστι
2807 2102 2870 2156 τὸ
2912 2104 3212 2176 ὁρώμενον.
3272 2110 3540 2175 Ἀκούσας
3582 2114 3685 2183 μὲν
3712 2110 3808 2167 οὖν
3836 2117 3904 2169 ὲκ

2316 2190 2425 2244 τῶν
2463 2191 2744 2264 μαθητῶν,
2774 2195 2871 2249 rem
2908 2195 3077 2269 λόγχῃ
3126 2198 3352 2269 ἔλαϐεν,
3382 2204 3612 2275 ἐπείσθη
3640 2245 3657 2271 ,
3689 2207 3789 2258 καὶ⁵
3823 2207 3899 2277 μὴ

2318 2282 2603 2354 ἑωρακὼς,
2634 2286 2695 2339 τὸ
2745 2286 2804 2340 δὲ
2851 2291 2953 2359 τῆς
3001 2291 3391 2359 ἀναστάσεως,
3435 2296 3513 2361 ὠς
3541 2297 3685 2369 ὑπὲρ
3718 2298 3899 2367 λόγον,

2321 2376 2655 2447 ἠπίστησεν
2716 2379 2779 2432 ού
2835 2381 3092 2438 τοσοῦτον
3141 2386 3218 2449 ὡς
3252 2387 3500 2443 ἀπιστῶν
3542 2388 3717 2457 εἶπεν,
3774 2394 3900 2446 ὅσον

2319 2467 2692 2539 λυπούμενος,
2732 2472 2814 2526 ὅτι
2861 2476 2936 2546 μὴ
2983 2477 3079 2530 καὶ
3118 2479 3282 2543 αὐτὸς
3323 2481 3529 2555 ἠξιώθη
3589 2484 3692 2555 τῆς
3745 2485 3897 2549 θέας.

2318 2561 2695 2633 Οἰκονομικῶς
2728 2565 2787 2618 δὲ
2814 2567 3122 2640 ἠπίστησεν
3152 2573 3181 2625 ὁ
3216 2572 3442 2645 Θωμᾶς,
3475 2576 3561 2631 ἵνα
3588 2580 3797 2642 πάντες
3824 2580 3899 2633 δι’

2316 2654 2483 2709 αὐτοῦ
2508 2647 2749 2729 γνῶμεηῖ
2780 2660 2865 2714 ὅτι
2893 2650 2965 2715 ⁸τὸ
2985 2652 3315 2737 ’σταυρωθὲν
3346 2669 3544 2742 ἀνέστη
3583 2670 3769 2744 σῶμα.
3801 2676 3900 2728 Διὰ

2316 2749 2423 2817 γὰρ
2450 2748 2544 2802 τοῦ
2571 2750 2778 2820 ζητεῖν,
2808 2753 2939 2807 ἰδεῖν
2964 2753 3034 2809 τὰ
3074 2759 3204 2828 περὶ
3224 2759 3326 2833 τὴν
3363 2762 3545 2832 σάρκα
3576 2764 3897 2836 τραύματα,

2317 2839 2485 2912 αὐτὴν
2513 2841 2612 2913 τὴν
2643 2844 2842 2915 σάρκα,
2863 2848 2911 2899 εἰ
2937 2847 3160 2920 ἀνέστη,
3184 2850 3387 2922 ἐζήτει.

2387 3107 2673 3162 Δείκνυσιν
2698 3109 2892 3165 ἑαυτὸν
2913 3114 3209 3185 τραύματα
3239 3116 3455 3187 ἔχοντα,
3491 3122 3588 3175 καὶ
3619 3130 3903 3197 συγχωρεῖ

2317 3197 2468 3269 αὺτῷ
2490 3198 2816 3272 ψηλαφῆσαι
2840 3203 3027 3259 αὐτόν.
3073 3207 3174 3262 Διὰ
3210 3210 3323 3279 γὰρ
3357 3215 3776 3280 συγκατάὸασιν
3808 3219 3901 3271 οὖ-

2316 3307 2425 3354 τως
2451 3289 2606 3362 ὤφθη
2639 3293 2718 3363 τῷ
2754 3293 2955 3367 Θωμᾷ,
2989 3296 3195 3370 καίπερ
3238 3301 3423 3373 πάσης
3456 3306 3771 3377 παχύτητος
3803 3310 3899 3363 τοῦ

2320 3377 2573 3449 σώματος
2598 3380 3044 3455 ἀπηλλαγμένου,
3082 3390 3177 3442 καὶ
3215 3391 3423 3462 κούφου
3452 3398 3768 3464 γεγονότος,
3816 3402 3900 3455 ἴνα

2318 3470 2544 3541 πεισθῇ,
2572 3472 2656 3525 ὅτι
2687 3473 2821 3526 αὐτὸ
2856 3471 2925 3547 ἧν
2959 3476 3020 3529 τὸ
3049 3480 3365 3551 σταυρωθὲν
3395 3485 3577 3555 σῶμα.
3619 3487 3712 3552 Ἐξ
3734 3484 3811 3544 ὧν
3842 3492 3899 3545 δὲ

2318 3564 2432 3625 τοῖς
2466 3562 2562 3616 τοῦ
2605 3555 2787 3634 Θωμᾶ
2830 3566 3099 3639 κέχρηται
3128 3566 3333 3639 λόγοις,
3365 3558 3901 3636 δείκνυσινῖτίκαὶ

2317 3656 2410 3711 ὅτε
2438 3657 2467 3709 ὁ
2498 3655 2704 3727 Θωμᾶς
2739 3658 2922 3712 ὲλὰλει
2949 3660 3149 3725 ταῦτα,
3185 3667 3391 3737 παρῆν.
3409 3666 3556 3722 Ἀλλ’
3587 3672 3675 3725 ἴνα
3712 3675 3901 3744 μηδεὶς

2319 3748 2577 3812 ἀπιστίας
2608 3750 2994 3822 περιλειπηται
3035 3753 3222 3824 λόγος,
3275 3759 3353 3822 ὼς
3395 3760 3665 3834 ἐζήτησεν
3703 3766 3838 3821 ἰδεῖν
3864 3773 3893 3823 ὀ

2320 3841 2558 3912 Θωμᾶς,
2591 3840 2767 3906 οὕτως
2800 3844 3104 3913 ὑπέδειξεν,
3140 3850 3203 3902 οὐ
3246 3852 3408 3921 μόνον
3446 3854 3505 3907 δὲ
3542 3857 3633 3912 τὸν
3674 3859 3901 3931 Θωμᾶν,

2322 3932 2459 3986 ἀλλὰ
2490 3933 2585 3986 καὶ
2609 3934 2739 3997 τοὺς
2767 3935 3037 4004 ἀγγέλους
3071 3942 3408 4009 ἀγνοοῦντας
3431 3947 3534 4018 τῆς
3567 3952 3904 4022 σαρκώσεως

2322 4023 2422 4095 τὴν
2450 4025 2791 4096 οἰκονομίαν,
2824 4030 2920 4082 καὶ
2942 4029 3207 4099 λεγόντας
3226 4051 3239 4064 ·
3282 4038 3381 4103 Τις
3423 4036 3605 4108 οὗτος
3633 4046 3667 4097 ό
3703 4061 3900 4115 παρα-

2321 4114 2646 4185 γενόμενος
2691 4116 2763 4182 ἐξ
2827 4118 3051 4190 Ἐὃώμ;
3101 4124 3215 4178 Καὶ
3267 4127 3450 4183 πάλιν.
3509 4133 3571 4187 Τί
3613 4132 3791 4190 αὗται
3843 4142 3902 4193 ai

2322 4202 2550 4278 suam:
2574 4209 2884 4279 ἀναμέσογ
2908 4213 3028 4268 τῶν
3055 4212 3271 4285 χειρῶν
3308 4236 3456 4287 σου;
3488 4220 3597 4279 Καὶ
3632 4229 3904 4287 διδάσκων

2325 4297 2962 4392 λέγωέπέήγην·
2987 4306 3057 4392 ἐν
3079 4307 3160 4373 τῷ
3184 4310 3327 4379 οἴκῳ
3347 4312 3426 4379 τῷ
3449 4316 3736 4388 ἀγαπητῷ
3758 4342 3903 4392 μου,

2408 4383 3189 4469 Ἐτῖἆδὴ“’δὲ”κέκλέι“σ”εἷένων
3236 4404 3347 4459 τῶν
3393 4383 3575 4480 θυρῶν
3620 4383 3907 4480 έεςέεῑῐθὼν,

647 4473 793 4529 dedit
842 4472 949 4528 illis
980 4471 1289 4543 ambigendi
1337 4489 1467 4528 num
1519 4490 1647 4531 vere
1677 4492 1875 4547 corpus
1905 4491 2049 4537 esset
2081 4485 2223 4553 quod

2331 4484 2554 4555 ἐποίησε
2577 4483 2827 4539 διστάσαι
2854 4490 2982 4554 τοὺς
3016 4492 3291 4563 μαθητὰς,
3318 4471 3517 4571 μήπως
3536 4504 3637 4559 οὐκ
3653 4501 3722 4577 ἦν
3745 4471 3910 4579 σῶμα

645 4566 981 4634 apparebat,
1068 4563 1173 4618 hoc
1226 4564 1509 4620 declarans
1564 4567 1705 4637 apud
1765 4569 1966 4625 Lucam
2044 4573 2223 4630 dixit:

645 4653 873 4723 Palpate
903 4670 1004 4720 me,
1033 4663 1085 4708 et
1117 4654 1305 4719 videte,
1351 4657 1474 4724 quia
1517 4660 1735 4727 spiritus
1768 4678 1980 4718 carnem
2022 4676 2073 4720 et
2107 4682 2226 4722 ossa

645 4762 750 4801 non
781 4746 932 4803 habet
958 4746 1041 4813 ";
1095 4758 1146 4803 et
1192 4749 1450 4813 comedit,
1483 4764 1547 4805 ac
1590 4754 1771 4810 carnis
1801 4771 1912 4812 suae
1940 4757 2227 4815 cicatrices

644 4838 902 4894 ostendit.

1266 4953 1423 5012 CAP.
1454 4954 1597 5013 XXI.

716 5080 885 5142 Vsus.
914 5085 1002 5141 il.
1044 5105 1062 5140 ι
1092 5089 1347 5146 Ascendit
1382 5091 1569 5148 Simon
1598 5093 1811 5162 Petrus,
1844 5106 1898 5153 et
1925 5098 2091 5154 traxit
2116 5109 2232 5157 rete

656 5176 707 5230 in
742 5188 961 5245 terram,
1019 5178 1231 5249 plenum
1279 5185 1493 5253 magnis
1549 5187 1790 5255 piscibus
1817 5197 2033 5245 centum
2069 5192 2232 5261 quin-

650 5268 910 5339 quaginta
942 5270 1131 5326 tribus.
1166 5273 1235 5328 Et
1260 5288 1385 5329 enm
1419 5277 1554 5333 tanti
1580 5288 1785 5345 essent,
1834 5295 1941 5335 non
1977 5292 2065 5338 est
2091 5283 2229 5341 scis-

652 5371 772 5412 sum
808 5364 942 5413 rete.
978 5376 999 5410 ι

720 5448 915 5505 Petrus
946 5466 1052 5507 una
1078 5466 1199 5529 cum
1236 5455 1398 5511 sociis
1432 5467 1547 5513 rete
1580 5458 1820 5529 spiritale
1860 5462 2106 5529 attrahit,
2160 5466 2227 5520 ad

578 5604 581 5607 _
652 5543 928 5599 Christum
976 5551 1252 5615 capturum
1311 5548 1604 5607 adducens.
1660 5544 2010 5610 Per-centum
2045 5564 2223 5612 autem

2324 4574 2388 4627 τὸ
2410 4574 2757 4646 φαινόμενον,
2790 4578 2952 4633 τοῦτο
2979 4585 3293 4654 σαφηνὶζων
3323 4594 3467 4645 κατά
3495 4574 3714 4651 Λουκᾶνν
3744 4574 3870 4654 εἷπε
3891 4619 3906 4631 ’

2330 4667 2749 4737 Ψηλαφήσατέ
2771 4688 2849 4739 με
2871 4712 2887 4736 ,
2935 4673 3036 4727 καὶ
3076 4676 3259 4744 were,
3316 4681 3406 4737 ὅτι
3439 4687 3677 4758 πνεῦμα
3706 4693 3910 4763 σάρκα

2327 4758 2427 4811 καὶ
2450 4758 2634 4814 ὀστέα
2662 4763 2774 4816 οὐκ
2803 4763 2929 4832 ἔχει
2954 4782 2969 4797 ·
3002 4768 3097 4821 καὶ
3130 4771 3322 4842 ἔφαγε,
3359 4780 3453 4833 καὶ
3474 4781 3543 4834 τὰ
3571 4782 3672 4853 τῆς
3700 4758 3907 4857 σαρκὸς

2326 4848 2497 4916 ἔδειξε
2527 4853 2845 4925 τραύματα.

2891 4970 3141 5026 ΚΕΦΔΛ.
3174 4976 3311 5032 KA'.

2403 5116 2423 5150 ι
2474 5098 2669 5171 Ἀνέὸη
2698 5102 2885 5173 Σίμων
2926 5104 3157 5179 Πέτρος,
3199 5114 3295 5167 καὶ
3335 5116 3553 5175 εἵλκυσε
3604 5124 3666 5177 τὸ
3695 5126 3910 5182 δικτυσν

2327 5188 2423 5241 ὲπὶ
2450 5190 2551 5260 τῆς
2594 5194 2728 5261 γῆς,
2767 5197 2966 5264 μεστὸν
3014 5200 3217 5270 ἰχθύων
3259 5209 3514 5277 μεγάλων
3544 5215 3747 5270 ἑκατὸν
3777 5239 3907 5275 nev-

2326 5284 2754 5354 τηκοντατριῶν.
2783 5289 2895 5342 Καὶ
2926 5294 3199 5352 τοσούτων
3228 5299 3421 5370 ὄντων,
3453 5307 3554 5362 οὐκ
3586 5312 3819 5382 ἐσχίσθη
3849 5316 3911 5368 τὸ

2336 5371 2574 5428 δίκτυον.
2612 5392 2631 5426 ι

2410 5464 2599 5567 Ἐλκει
2647 5466 2747 5539 τὴν
2793 5479 3175 5552 πνευματικὴν
3222 5488 3467 5561 σαγήνην
3497 5493 3526 5545 ὁ
3564 5496 3775 5567 Πέτρος
3814 5510 3913 5557 σὺν

2336 5558 2449 5621 τοῖς
2478 5557 2679 5629 ἄλλοις,
2708 5566 3002 5634 προσάγων
3023 5571 3098 5642 τῷ
3114 5574 3336 5650 Χριστῷ
3354 5557 3462 5654 ἢν
3482 5557 3690 5657 ἄγραν..
3704 5557 3912 5647 Νοοῦν-

690 5731 735 5763 “
764 5728 868 5787 lsa.
892 5746 1049 5800 LXIII,
1086 5734 1133 5788 1.
1204 5735 1247 5768 ³³
1283 5736 1514 5793 Zachar.
1548 5754 1668 5807 xm,
1698 5742 1751 5796 6.
1817 5744 1863 5775 ³⁸
1889 5742 2022 5801 Luc.
2057 5763 2207 5814 xxiv,
2234 5749 2322 5805 39.
