4130 6534
295 429 426 495 1521

1348 435 1809 493 FRAGMENTA
1841 432 1921 492 IN
1965 434 2025 492 S.
2067 431 2439 491 JOANNEM.

3403 417 3553 483 15ἓέ

3434 457 3533 486 οιΑ-ἱ

291 556 379 591 ται
407 540 463 591 δὲ
491 541 537 589 oi
560 538 754 591 ἐκατὸν
785 540 845 592 τὸ
866 540 972 593 τῶν
998 539 1168 593 ἐθνῶν
1194 541 1490 611 πλήρωμα,
1525 544 1573 594 οἱ
1592 542 1649 594 δὲ
1684 554 1707 581 θ
1736 560 1860 595 πεν-

1968 541 2279 608 intelligitur
2328 538 2600 606 plenitudo
2651 536 2930 606 gentium;
2982 548 3076 604 per
3120 532 3538 603 quinquaginta,

291 632 557 699 τήκοντα,
592 630 654 681 τὸ
688 632 807 683 κατ’
855 632 1085 702 ἐκλογὴν
1128 633 1190 684 τὸ
1242 630 1261 670 ί
1304 631 1363 695 ἐξ
1423 633 1642 703 Ἰσραὴλ
1688 633 1860 686 σωθὲν

289 722 445 787 γένος
470 737 485 751 ·
522 721 572 772 οί
600 720 656 773 δέ
692 724 841 791 τρεῖς
869 763 884 786 ,
912 726 1011 786 τῆς
1041 723 1203 791 ἀγίας
1230 724 1461 794 Τριάδος
1500 723 1593 794 τὴν
1623 724 1860 793 δήλωσιν

292 808 667 877 σημαίνουσιν,
702 803 768 882 ἧς
802 812 883 874 είς
910 811 1067 879 δόξαν
1101 814 1134 883 ἡ
1164 813 1272 866 τῶν
1304 813 1551 867 ἀπίστων
1587 813 1700 884 ζωὴ
1738 814 1849 866 τῶν

292 898 738 967 σαγηνευθέντων
776 904 977 956 νοεῖται
1006 903 1479 975 συνεζευγμένως.

359 991 451 1056 T6,
479 991 669 1058 δεῦτε,
690 993 1106 1062 ἀριστεύσατε,
1135 994 1366 1066 αἴνιγμα
1385 995 1497 1066 ἔχει
1520 998 1549 1049 6
1570 996 1727 1064 λόγος
1745 1036 1760 1060 ,
1780 997 1863 1050 ὅτι

294 1084 431 1151 μετά
456 1084 583 1147 τοὺς
611 1086 808 1149 πόνους
831 1086 1132 1151 διαδέξεται
1162 1090 1289 1151 τοὺς
1328 1090 1518 1157 ἁγίους
1552 1088 1862 1147 ἀνάπαυσις

290 1177 384 1230 καὶ
417 1177 596 1249 τρυφὴ
625 1178 719 1231 καὶ
751 1178 1072 1242 ἀπόλαυσις.
1100 1178 1332 1251 [αλιι]

366 1310 386 1344 ι
425 1292 681 1363 Ἔρχεται
709 1293 803 1346 οὖν
830 1295 857 1346 6
893 1293 1103 1364 Ἰησοῦς
1125 1336 1139 1361 ,
1188 1296 1283 1348 καὶ
1315 1295 1583 1364 λαμϐάνει
1614 1294 1725 1364 τδνῙ
1755 1294 1856 1366 ἀρ-

290 1398 400 1446 τον,
436 1383 529 1435 καὶ
558 1382 774 1436 δίδωσιν
815 1384 1025 1449 αὐτοῖς,
1066 1385 1161 1437 καὶ
1204 1384 1267 1437 τὺ
1303 1383 1531 1454 ὀψάριον
1571 1386 1797 1454 ὁμοίως.
1835 1403 1853 1436 ι

357 1471 471 1523 οὐκ
500 1469 704 1539 ηὔξατο
742 1471 836 1525 νῦν
869 1472 1011 1526 κλῶν
1032 1473 1123 1528 τὸν
1154 1476 1339 1545 ἄρτον,
1370 1475 1585 1538 δεικνὺς
1612 1476 1693 1528 ὃτι
1729 1491 1862 1543 συγ-

291 1558 647 1623 καταὸάσεως
676 1556 744 1631 ἦν
773 1561 843 1614 τὰ
879 1563 1073 1632 πρῶτα
1098 1580 1111 1593 ’
1164 1565 1233 1619 τὰ
1265 1564 1589 1635 ἀνθρώπινα
1626 1566 1682 1618 δέ
1714 1568 1863 1619 ποιεῖ

291 1648 398 1717 πρὸ
430 1647 525 1701 τοῦ
559 1648 757 1702 παθεῖν
790 1652 835 1703 8.
874 1652 936 1705 Ei
960 1652 1017 1703 δὲ
1057 1653 1151 1705 καὶ
1192 1654 1221 1692 ιι
1251 1656 1278 1706 6
1308 1654 1523 1717 Λουκᾶς
1568 1651 1746 1719 εἶπεν,
1777 1655 1860 1708 ὅτι

290 1737 385 1790 καὶ
417 1737 580 1801 αὐτὸς
608 1738 829 1808 ἔφαγεν,
860 1743 959 1812 οὐχ
993 1742 1067 1805 ὡς
1101 1742 1180 1796 ἐτι
1210 1744 1310 1813 τῆς
1340 1744 1544 1815 σαρκὸς
1575 1745 1861 1815 δεομένης,

289 1827 424 1893 ἀλλά
451 1828 587 1899 πρὸς
618 1829 895 1895 ἀπόδειξιν
944 1835 956 1872 i
993 1833 1094 1904 τῆς
1128 1834 1504 1898 ἀναστάσεως.

366 2050 384 2080 ι
418 2031 578 2096 Λέγει
606 2030 752 2101 αὐτῷ
780 2032 837 2084 τὸ
868 2026 1051 2103 τρίτον
1072 2050 1084 2064 ο
1109 2035 1291 2104 Σίμων
1334 2035 1506 2099 Ἰωνᾶ,
1537 2033 1713 2101 φιλεῖς
1742 2048 1807 2101 με
1838 2047 1852 2095 ἶ

300 2122 576 2194 Ἐλυπήθη
605 2125 634 2176 6
675 2124 908 2193 Πέτρος,
951 2126 1034 2177 ὅτι
1062 2120 1215 2178 εἶπεν
1250 2124 1397 2197 αὐτῷ
1432 2125 1494 2178 τὸ
1523 2126 1723 2197 τρίτον,
1764 2126 1861 2176 Φι-

286 2210 399 2273 λεῖς
423 2229 489 2280 με
512 2229 526 2277 ;
558 2212 651 2265 καὶ
676 2209 829 2266 εἶπεν
849 2213 999 2282 αὑτῷ
1024 2231 1037 2245 ·
1072 2214 1267 2283 Κύριε,
1288 2218 1352 2269 σὺ
1381 2216 1559 2269 πάντα
1580 2210 1729 2278 οῖδας
1746 2232 1759 2246 ο
1793 2215 1857 2268 σὺ
1906 2254 1919 2267 .

287 2300 579 2368 γινώσκεις
605 2303 687 2354 ὅτι
718 2302 856 2369 φιλῶ
881 2321 959 2356 σε.
994 2304 1153 2373 Λέγει
1188 2306 1338 2376 αὑτῷ
1358 2308 1386 2359 6
1425 2306 1653 2377 Ἰησοῦς.
1687 2305 1858 2358 Βόσκε

286 2390 356 2445 τὰ
382 2390 635 2460 πρόϐατά
668 2410 791 2461 μου.
834 2413 852 2444 ι

371 2481 825 2553 Ἀναζωπυρῆσαι
848 2484 1010 2538 αὐτὸν
1042 2485 1365 2557 βουλόμενος
1387 2489 1450 2541 ἐκ
1472 2486 1571 2556 τῆς
1593 2487 1732 2541 κατά
1761 2486 1859 2555 τὴν

284 2575 514 2643 ἀρνησιν
545 2573 839 2644 ῥᾳθυμίας,
865 2576 1045 2646 ἐρωτᾷ
1084 2577 1266 2637 αὐτὸν,
1298 2577 1391 2631 καὶ
1419 2578 1507 2630 διὰ
1537 2577 1644 2629 τῶν
1686 2577 1857 2646 τριῶν

286 2665 635 2735 ἐρωτήσεων,
680 2667 776 2719 καὶ
816 2665 1187 2730 καταθέσεων,
1236 2666 1508 2736 ἐξαλείφει
1562 2667 1661 2730 τὰς
1710 2670 1857 2734 τρεῖς

218 2817 224 2821 φ
288 2752 474 2820 φωνάς
512 2754 609 2823 τῆς
640 2755 953 2825 ἀρνήσεως,
985 2758 1078 2808 καὶ
1107 2756 1197 2809 διὰ
1242 2757 1415 2823 λόγων
1447 2754 1744 2825 ἐπανορθοῖ
1790 2757 1860 2810 τὰ

287 2844 344 2894 ἐν
376 2841 551 2910 λόγοις
586 2844 851 2913 γενόμενα
887 2845 1226 2915 πταίσματα.
1260 2845 1421 2908 Ἔθος
1459 2845 1514 2898 δὲ
1544 2846 1767 2913 γέγονεν
1795 2847 1858 2899 ἐκ

287 2933 501 2997 τούτου,
533 2937 681 3003 τρεῖς
714 2934 1006 3003 ὁμολογίας
1035 2934 1385 2988 ἀπαιτεῖσθαι
1414 2936 1540 2997 τοὺς
1566 2933 1858 3003 μέλλοντας

290 3022 672 3093 βαπτισθῆναι.

372 3114 580 3185 Ἐρωτᾷ
614 3114 776 3169 αὑτὸν
805 3115 1009 3185 τρίτον,
1041 3115 1138 3184 οὐχ
1186 3130 1263 3178 ως
1308 3113 1518 3181 ἀγνοῶν
1555 3114 1711 3185 (πῶς
1750 3114 1859 3185 γὰρ

288 3206 383 3260 καὶ
404 3206 433 3258 6
468 3205 747 3276 προειπὼν
773 3205 868 3257 τοῦ
894 3204 1057 3257 αὑτοῦ
1095 3203 1333 3270 πάθους;
1355 3203 1397 3273 ),
1418 3202 1533 3257 ἀλλ’
1572 3204 1659 3259 ἵνα
1687 3205 1857 3276 δείξῃ,

287 3298 371 3351 ὅτι
430 3297 573 3350 πάνυ
629 3296 785 3365 μέλει
829 3294 995 3367 αὑτῷξ
1025 3295 1127 3365 τῆς
1164 3295 1499 3365 προστασίας
1549 3295 1661 3348 τῶν
1695 3294 1859 3349 αὑτοῦ

290 3389 604 3463 προϐάτων,
640 3389 734 3442 καὶ
762 3391 845 3441 ὅτι
879 3389 1021 3442 πάνυ
1053 3386 1213 3441 αὐτὸν
1241 3387 1434 3457 ἠγάπα
1455 3389 1483 3439 6
1507 3385 1731 3457 Πέτρος.

363 3519 385 3553 ι
432 3499 625 3571 ’Δμὴν,
662 3500 810 3570 ἀμὴν
841 3499 985 3568 λέγω
1014 3515 1095 3552 σοι
1118 3511 1132 3527 ⁸
1162 3499 1249 3553 ὅτε
1278 3492 1347 3569 ἦς
1375 3496 1665 3567 νεώτερος,
1696 3493 1864 3557 ἐζών-

287 3606 415 3654 νυες
454 3590 702 3655 σεαυτὸν,
760 3590 853 3642 καὶ
889 3588 1241 3660 περιεπάτεις
1284 3590 1419 3642 ὅπου
1459 3587 1653 3657 ἤθελες
1678 3601 1693 3617 ·
1734 3586 1863 3638 ὅταν

293 3679 351 3735 δὲ
385 3680 638 3752 γηράσῃς
658 3720 672 3744 ,
706 3681 942 3741 ἐκτενεῖς
978 3678 1077 3741 τὰς
1103 3678 1292 3749 χεῖράς
1323 3694 1417 3729 σου
1444 3718 1458 3743 ,
1491 3678 1587 3729 καὶ
1616 3676 1774 3739 ἀλλος
1803 3692 1862 3728 σε

291 3773 474 3838 ζώσει.
506 3775 598 3827 καὶ
621 3774 758 3826 οἴσει
789 3774 923 3827 ὅπου
952 3772 1013 3826 οὐ
1046 3772 1240 3836 θέλεις.
1280 3790 1301 3824 ι

361 3864 534 3917 Τοῦτο
559 3864 651 3916 τὸν
680 3863 768 3916 διά
800 3866 1032 3933 σταυροῦ
1057 3863 1287 3919 θάνατον
1323 3862 1597 3935 σημαίνει,
1627 3862 1685 3916 ὃν
1715 3861 1862 3916 ἄκων

291 3953 522 4023 ὑπέστη,
561 3954 609 4006 εί
650 3953 745 4007 καὶ
769 3953 858 4007 διὰ
887 3954 955 4007 τά
989 3952 1322 4023 ἐλπιζόμενα
1351 3953 1493 4007 ἑκὼν
1523 3952 1860 4022 ἐθανατώθη.

292 4045 448 4109 Τινὲς
476 4047 540 4097 ἐκ
561 4045 752 4098 τούτου
780 4045 1039 4116 ᾠήθησαν
1065 4046 1144 4098 ὅτι
1166 4046 1315 4099 ἄκων
1343 4046 1371 4098 6
1398 4046 1605 4115 Πέτρος
1634 4043 1856 4096 ἔπαθεν·

290 4136 351 4189 τὸ
386 4136 442 4189 δὲ
469 4137 567 4204 οὐχ
611 4136 784 4198 οὕτως
830 4136 966 4205 ἔχει,
998 4135 1112 4188 ἀλλ’
1154 4135 1312 4204 ἤθελε
1357 4134 1455 4203 μὲν
1498 4134 1713 4199 παθεῖν,
1763 4134 1863 4186 οὐκ

291 4228 450 4297 ἤθελε
476 4227 530 4279 δὲ
557 4227 948 4295 σταυρωθῆναι,
974 4227 1059 4278 ἵνα
1089 4228 1163 4297 μὴ
1186 4227 1313 4298 δόξῃ
1343 4225 1496 4292 παρά
1518 4228 1632 4288 τοῖς
1656 4224 1854 4279 ἁπλου-

295 4317 508 4386 στέροις
533 4316 629 4386 τῆς
660 4318 829 4386 αὐτῆς
865 4317 942 4387 τῷ
971 4316 1216 4386 Δεσπότῃ
1248 4315 1512 4385 ἠξιῶσθαι
1542 4315 1736 4385 τιμῆς.
1774 4316 1863 4367 Δι-

292 4405 483 4459 δάσκει
509 4406 604 4461 οὖν
637 4406 799 4459 αὑτὸν
836 4405 910 4476 μὴ
937 4405 1333 4476 ταράττεσθαι·
1373 4405 1433 4459 οὐ
1464 4405 1572 4476 γάρ
1603 4421 1863 4475 προαιρεο

290 4495 440 4549 τικὸν
465 4496 527 4549 τὸ
557 4496 743 4567 σχῆμα
767 4496 859 4549 τοῦ
886 4496 1111 4563 πάθους,
1142 4495 1278 4549 ἀλλά
1317 4497 1421 4549 ὑπὸ
1451 4496 1626 4550 ἄλλων
1655 4496 1860 4563 ἐπαγό-

292 4602 475 4657 μενον.

367 4725 386 4757 ‹
423 4707 582 4774 Λέγει
612 4708 762 4777 αὐτῴ
795 4708 823 4760 6
861 4708 1090 4778 Ἰησοῦς
1137 4709 1263 4761 Ἐὰν
1303 4707 1464 4761 αὐτὸν
1504 4706 1643 4760 θέλω
1678 4708 1862 4778 μένειν

289 4797 392 4860 ἕως
419 4796 668 4867 ἔρχομαι,
700 4798 752 4850 τί
777 4798 914 4869 πρὸς
955 4797 1045 4862 σέ;
1072 4799 1135 4850 σὺ
1165 4797 1446 4852 ἀκολούθει
1469 4815 1580 4868 μοι.
1619 4817 1637 4849 ι

362 4887 534 4939 Τοῦτο
577 4884 753 4951 εἶπεν,
795 4888 1025 4957 ἐκκόψαι
1069 4887 1240 4942 θέλων
1267 4890 1367 4956 τὴν
1402 4888 1538 4959 πρὸς
1568 4887 1763 4950 αὐτοὺς
1792 4889 1858 4958 ἢν

292 4972 436 5044 εἶχον
476 4975 703 5047 ἄκαιρον
753 4979 1118 5049 συμπάθειαν.
1168 4980 1230 5032 Εἰ
1264 4982 1375 5050 γὰρ
1422 4979 1496 5049 μὴ
1533 4978 1857 5049 ἐχωρίζοντσ

294 5065 560 5135 ἀλλήλων,
580 5067 647 5119 τὰ
679 5068 912 5137 μέγιστα
932 5066 1076 5139 εἶχεν
1096 5072 1130 5140 ἡ
1164 5069 1459 5140 οἰκουμένη
1490 5068 1855 5137 ζημιωθῆναι.

295 5156 409 5209 Οὐκ
446 5152 567 5208 εἶπε
599 5156 675 5223 δὲ,
711 5158 825 5211 Οὐκ
864 5160 1235 5231 ἀποθνήσκει,
1286 5160 1421 5213 άλλά
1445 5200 1461 5223 ,
1502 5160 1643 5215 Ἐὰν
1672 5159 1858 5213 αὐτόν

293 5250 444 5305 θέλω
461 5252 667 5320 μένειν
686 5268 698 5281 ·
723 5254 1227 5327 τουτέστιν.Ἔργον
1248 5256 1276 5309 ὃ
1306 5255 1679 5327 ἐνεχειρίσθης
1699 5256 1858 5310 τοῦτο

291 5341 457 5408 ποίει,
488 5344 556 5395 τά
591 5344 788 5396 σαυτοῦ
835 5347 1093 5416 μερίμνα.
1128 5348 1192 5401 Τί
1239 5349 1349 5418 γὰρ
1382 5348 1445 5401 σὺ
1477 5347 1671 5413 θέλεις,
1699 5349 1746 5401 εί
1779 5347 1855 5417 μὴ

294 5432 552 5504 βούλομαι
606 5435 767 5488 αὐτὸν
812 5438 1127 5491 ἀποστεῖλαι
1167 5441 1265 5493 σὺν
1319 5439 1436 5501 σοὶ,
1486 5438 1622 5493 ἀλλά
1677 5441 1857 5508 μεῖναι

292 5517 393 5575 ὧδε
422 5539 435 5587 ;

369 5630 389 5665 ι
432 5607 599 5677 Οὗτός
621 5617 736 5669 ἐστι
770 5618 796 5669 ό
824 5616 1071 5687 μαθητὴς
1104 5619 1129 5671 6
1150 5619 1443 5689 μαρτυρῶν
1476 5619 1602 5687 περὶ
1632 5617 1856 5682 τούτων,

371 5794 399 5826 ε
425 5785 515 5843 Cr.
553 5788 691 5842 οὐδὲ.
763 5790 778 5827 τ
813 5792 903 5845 Cr.
938 5792 1065 5846 τῶν,

1963 630 2193 683 electum
2245 642 2416 695 genus
2466 624 2701 688 lsraelts,
2747 624 2888 694 quod
2933 624 3197 677 salvatum
3250 622 3384 689 fuit;
3438 636 3534 693 per

1964 718 2065 770 tria
2099 716 2349 785 denique,
2409 714 2750 771 sanctissima
2796 712 3039 766 Trinitas
3085 709 3417 775 declaratur,
3476 712 3531 766 in

1962 810 2117 880 cujus
2147 809 2393 879 gloriam,
2424 816 2704 877 captorum
2735 803 3031 860 inﬁdelium
3062 804 3171 858 vita
3202 801 3539 871 coniunctim

1962 904 2156 957 cedere
2180 899 2521 969 intelligitur.

2033 988 2160 1043 Haec
2187 988 2371 1054 verba,
2404 989 2589 1051 venite,
2630 986 2916 1057 prandete,
2969 984 3367 1054 enigmaticum
3416 996 3534 1037 sen-

1962 1096 2079 1135 sum
2115 1080 2314 1134 habent
2342 1098 2355 1133 :
2395 1080 2705 1149 significant
2732 1086 2853 1147 post
2882 1077 3093 1131 labores
3121 1076 3378 1145 quietem,
3405 1071 3535 1126 deli-

1962 1172 2076 1226 cias
2101 1181 2157 1226 et
2178 1170 2372 1241 gaudia
2402 1180 2620 1225 sanctos
2648 1183 2891 1224 manere.

2029 1282 2191 1336 Vens.
2221 1281 2309 1336 l5.
2370 1299 2389 1332 ι
2420 1282 2484 1335 Ει
2514 1283 2661 1335 venit
2687 1279 2867 1346 Jesus,
2916 1288 2971 1336 et
2998 1278 3205 1347 accepit
3237 1289 3451 1346 panem,
3478 1282 3537 1328 et-

1963 1373 2054 1426 dat
2082 1373 2182 1437 eis,
2207 1381 2260 1426 et
2289 1371 2491 1441 piscem
2520 1370 2791 1426 similiter.
2826 1389 2845 1423 ι

2029 1460 2145 1515 Non
2174 1460 2347 1516 oravit
2382 1460 2565 1526 modo,
2596 1475 2790 1529 panem
2820 1459 3096 1528 frangens,
3139 1465 3197 1511 ut
3222 1454 3535 1511 ostenderet

1963 1553 2149 1623 priora
2187 1550 2358 1606 fuisse
2408 1548 2819 1620 permissionis;
2870 1565 2969 1620 pro
3018 1548 3294 1606 hominum
3348 1555 3533 1599 autem

1964 1655 2113 1696 more
2162 1643 2272 1710 agit
2326 1651 2452 1695 ante
2506 1640 2829 1711 passionem.
2880 1640 3118 1694 Tametsi
3175 1651 3303 1691 vero
3354 1636 3533 1690 Lucas

1962 1729 2163 1783 dixerit
2187 1745 2310 1784 eum
2341 1745 2555 1799 quoque
2602 1730 2923 1796 comedisse,
2956 1744 3066 1783 non
3099 1738 3279 1782 tamen
3314 1727 3367 1780 id
3404 1726 3537 1779 fecit

1963 1831 2187 1891 propter
2235 1822 2418 1876 carnis
2468 1821 2841 1892 indigentiam,
2891 1822 2985 1877 sed
3032 1821 3096 1874 ad
3149 1816 3527 1875 declarandam

1892 1928 1934 1979 Β
1967 1911 2447 1968 resurrectionem.

2028 2022 2193 2078 Vsns.
2233 2023 2319 2077 Π.
2358 2042 2377 2074 ι
2406 2023 2544 2077 Dicit
2570 2023 2619 2077 ei
2653 2023 2852 2078 tertio:
2889 2022 3076 2078 Simon
3107 2022 3352 2085 Joannis,
3383 2035 3537 2074 amas

1962 2128 2046 2167 me
2075 2115 2099 2166 ?
2152 2114 2517 2169 Contristatus
2550 2124 2633 2169 est
2670 2113 2880 2181 Petrus,
2931 2114 3055 2184 quia
3088 2114 3221 2167 dixit
3254 2113 3303 2166 ei
3351 2112 3529 2174 tertio,

1962 2205 2124 2257 Amas
2155 2204 2281 2257 me?
2313 2214 2368 2258 et
2398 2204 2532 2258 dixit
2563 2204 2610 2257 ei
2640 2218 2654 2256 :
2704 2204 2952 2266 Domine,
2988 2213 3041 2255 tu
3077 2203 3256 2255 omnia
3290 2202 3436 2255 scis:
3475 2209 3545 2253 tu.

1961 2294 2067 2347 scis
2100 2294 2222 2362 quia
2255 2307 2376 2372 amo
2411 2304 2479 2347 te.
2514 2294 2655 2347 Dixit
2690 2294 2736 2348 ei
2765 2313 2778 2348 :
2816 2294 2983 2349 Pasce
3016 2308 3144 2348 oves
3183 2308 3352 2345 meas.
3388 2310 3407 2342 ι

2031 2479 2229 2533 Veiens
2259 2480 2335 2533 illi
2370 2490 2641 2549 torporem
2688 2481 2990 2552 negationis
3033 2489 3310 2545 excutere,
3361 2480 3532 2533 inter-

1963 2581 2111 2641 rogat
2142 2586 2293 2637 eunt;
2340 2581 2394 2624 et
2439 2587 2534 2641 per
2584 2572 2777 2625 trinam
2834 2573 3341 2641 interrogationem,
3371 2579 3533 2639 atque

1962 2658 2125 2711 animi
2155 2659 2561 2725 demissionem,
2612 2659 2808 2713 trinam
2842 2657 3118 2713 oblitterat
3168 2657 3537 2727 negationem,

1962 2760 2015 2804 et
2044 2750 2223 2803 verbis
2269 2750 2519 2803 emendat
2551 2764 2670 2817 qua:
2716 2748 2901 2803 verbis
2944 2758 3215 2817 peccarat.
3270 2746 3404 2801 llinc
3439 2762 3535 2801 au-

1963 2848 2068 2895 tem
2097 2848 2216 2893 orta
2250 2819 2608 2906 consuetudo,
2634 2836 2828 2892 trinam
2860 2852 2889 2891 a
2914 2835 3258 2905 baptizandis
3287 2835 3535 2905 exigendi

1961 2929 2381 2985 confessionem.

2033 3105 2336 3177 lnterrogat
2361 3120 2485 3161 eum
2533 3107 2715 3172 tertio,
2756 3122 2863 3162 non
2913 3118 2973 3162 ut
3014 3108 3271 3178 ignorans
3323 3103 3539 3175 (utpote

1963 3198 2053 3266 qui
2089 3198 2141 3252 id
2176 3208 2300 3253 ante
2346 3199 2654 3268 passionem
2686 3198 3062 3270 praedixerat),
3112 3198 3209 3253 sed
3259 3207 3316 3251 ut
3351 3208 3539 3251 osten-

1965 3291 2056 3343 dat
2082 3288 2183 3343 sibi
2216 3289 2370 3343 valde
2403 3304 2547 3344 curae
2572 3304 2694 3343 esse
2738 3289 2919 3343 ovium
2972 3305 3192 3345 suarum
3245 3288 3536 3357 prmfectu-

1964 3394 2102 3443 ram,
2133 3386 2187 3433 et
2212 3379 2465 3447 quoniam
2494 3377 2689 3433 Petrus
2713 3394 2838 3435 eum
2874 3380 3029 3436 valde
3053 3380 3294 3433 amabat.

2028 3490 2195 3543 Vens.
2229 3489 2316 3543 18.
2375 3507 2393 3540 ι
2424 3489 2615 3555 Amen,
2652 3506 2807 3545 amen
2860 3492 2985 3544 dico
3027 3491 3168 3546 tibi:
3221 3505 3342 3545 cum
3389 3504 3544 3544 esses

1956 3577 2161 3646 junior,
2211 3577 2464 3648 cingebas
2520 3587 2594 3642 te,
2645 3586 2699 3633 et
2755 3579 3072 3633 ambulabas
3120 3580 3212 3634 ubi
3273 3579 3531 3634 volebas:

1962 3684 2083 3725 cum
2113 3678 2293 3725 autem
2326 3669 2594 3734 senueris,
2624 3670 2883 3726 extendes
2919 3686 3112 3725 manus
3142 3682 3283 3736 tuas,
3320 3681 3373 3725 et
3399 3669 3538 3723 alius

1964 3770 2018 3814 te
2047 3760 2251 3829 cinget,
2286 3767 2339 3815 et
2364 3760 2525 3813 ducet
2553 3774 2657 3827 quo
2690 3769 2745 3813 tu
2781 3776 2888 3816 non
2920 3762 3021 3816 vis.
3060 3780 3085 3814 ι
3400 3770 3405 3775 ‘

2037 3850 2149 3905 Hoc
2171 3852 2352 3906 crucis
2379 3860 2607 3905 mortem
2639 3852 2931 3921 signiﬁcat,
2959 3867 3118 3922 quam
3148 3853 3345 3907 invitus
3372 3854 3533 3908 susti-

1965 3943 2101 4005 nuit,
2134 3942 2342 3995 tametsi
2375 3950 2594 4011 propter
2620 3956 2682 3995 ea
2710 3956 2829 4010 qua:
2869 3942 3124 4009 sperabat
3175 3943 3350 3998 libens
3382 3958 3533 3998 mor~

1966 4044 2089 4088 tuus
2117 4034 2211 4087 sit.
2250 4032 2479 4099 Quidam
2509 4032 2638 4086 hinc
2678 4042 2939 4101 putarunt
2972 4035 3192 4090 Petrum
3222 4035 3385 4088 invite
3417 4048 3557 4102 pas-7

1963 4138 2085 4177 sum
2115 4123 2150 4178 ι’
2175 4133 2550 4177 verumtamen
2606 4137 2713 4178 non
2764 4124 2835 4177 ita
2866 4123 2965 4178 fuit
2995 4143 3010 4190 ;
3063 4126 3156 4179 sed
3190 4125 3272 4179 vel
3303 4124 3537 4177 maxime

1962 4218 2071 4285 pati
2102 4215 2467 4280 desiderabat,
2502 4231 2608 4269 non
2642 4224 2819 4269 tamen
2852 4215 3064 4269 volebat
3097 4215 3358 4283 crucifigi,
3412 4229 3477 4267 ne
3505 4230 3531 4266 ιι

1964 4307 2387 4376 simplicioribus
2418 4307 2534 4375 pari
2565 4322 2686 4361 cum
2726 4306 2951 4360 Domino
2982 4305 3183 4358 honore
3214 4302 3538 4358 afﬁceretur.

1966 4400 2230 4454 Securum
2272 4414 2399 4467 ergo
2453 4412 2573 4453 esse
2614 4398 2788 4469 jubet,
2844 4406 2901 4449 ut
2954 4395 3044 4464 qui
3076 4411 3180 4450 non
3217 4395 3316 4451 hoc
3368 4410 3534 4463 genus

1964 4490 2231 4559 passionis
2259 4498 2451 4558 sponte
2483 4504 2579 4543 sua
2615 4488 2912 4543 electurus.
2966 4489 3059 4541 sed
3092 4488 3157 4541 ab
3187 4487 3306 4540 aliis
3342 4501 3407 4540 eo
3452 4487 3535 4539 af-

1888 4593 1932 4648 ι)
1964 4584 2224 4637 ticiendus
2259 4592 2424 4636 esset.

2037 4697 2204 4754 Vens.
2233 4698 2322 4752 22.
2377 4716 2396 4750 ι
2427 4697 2567 4753 Dicit
2614 4698 2663 4753 ei
2721 4696 2882 4753 Iesus
2923 4714 2935 4750 :
2986 4696 3042 4749 Si
3094 4710 3215 4749 eum
3252 4692 3373 4745 volo
3418 4706 3536 4743 ina-

1968 4806 2099 4846 nere
2130 4792 2299 4845 donec
2330 4791 2567 4855 veniam,
2617 4790 2743 4860 quid
2783 4790 2847 4843 ad
2886 4788 2983 4842 te?
3029 4797 3081 4840 tu
3114 4801 3201 4839 me
3230 4798 3477 4852 sequere.
3514 4802 3531 4834 ι

2035 4878 2149 4933 lIoc
2179 4878 2332 4941 dixit,
2385 4888 2443 4931 ut
2474 4877 2937 4945 intempestivam,
2974 4890 3135 4946 quam
3183 4876 3249 4929 ad
3302 4875 3530 4927 invicem

1968 4970 2261 5033 habebant,
2292 4969 2693 5023 condolentiam
2731 4968 3085 5023 rescinderet.
3119 4964 3253 5019 Nam
3286 4964 3388 5018 nisi
3419 4980 3446 5015 ιι
3478 4979 3536 5017 se

1969 5071 2153 5114 mutuo
2187 5059 2413 5114 fuissent
2460 5060 2717 5127 separati,
2769 5059 3063 5113 maximum
3104 5057 3346 5126 profecto
3378 5055 3532 5108 dam-

1972 5168 2095 5204 num
2147 5161 2288 5205 totus
2340 5152 2488 5204 orbis
2537 5153 2856 5220 accepisset.
2927 5149 3039 5203 Non
3114 5149 3249 5202 dixit
3306 5156 3528 5200 autem:

1943 5242 2086 5297 Non
2127 5243 2375 5309 moritur,
2430 5244 2549 5309 sed,
2582 5242 2640 5297 Si
2684 5259 2801 5296 eum
2850 5242 2962 5296 volo
3010 5257 3242 5302 manere,
3297 5239 3396 5291 hoc
3428 5246 3530 5300 est,

1962 5351 2098 5405 opus
2129 5336 2272 5405 quod
2308 5336 2540 5405 cmpisti,
2596 5335 2819 5403 perlice,
2868 5350 2980 5388 rem
3018 5344 3163 5387 tuam
3201 5345 3350 5385 cura.
3395 5327 3532 5395 Quid

1962 5432 2103 5483 enim
2156 5430 2221 5481 ad
2272 5438 2342 5492 te,
2400 5428 2441 5481 si
2482 5444 2584 5482 non
2623 5427 2748 5481 volo
2780 5442 2900 5480 eum
2940 5436 3113 5480 tecum
3165 5425 3401 5485 mittere,
3437 5420 3532 5475 sed

1964 5523 2047 5575 hic
2086 5520 2349 5575 inanere?

2033 5614 2191 5669 Vens.
2225 5614 2313 5668 26.
2377 5634 2393 5666 ι
2422 5613 2522 5669 llic
2571 5623 2651 5669 est
2683 5610 2976 5683 discipulus
3012 5611 3118 5679 ille,
3155 5611 3246 5686 qui
3287 5608 3531 5664 testimo-

1154 5800 1179 5839 ς
1207 5791 1296 5844 Cr.
1332 5791 1554 5854 πάθους.
1623 5791 1648 5831 h
1685 5790 1775 5843 Cr.
1799 5805 1906 5845 om.
1938 5790 2049 5843 καί.
2130 5792 2142 5830 ί
2189 5789 2576 5854 Οι’.ἐπίδειξιν.
