4130 6532
697 417 797 479 523

1746 411 2081 480 ᾼΜΜΟΝΙΙ
2123 409 2646 470 ALEXANDRINI

3766 394 3902 460 1525

661 526 805 579 nium
840 524 1090 594 perhibet
1121 527 1185 576 de
1214 525 1320 584 his,
1357 530 1411 574 et
1445 521 1660 589 scripsit
1692 521 1846 575 haec:
1901 532 1954 575 et
2002 522 2223 583 scimus,

2334 520 2422 572 καὶ
2457 518 2672 588 γράψας
2701 514 2872 568 ταῦτα
2895 552 2910 578 ,
2944 511 3039 563 καὶ
3063 508 3282 577 οἴδαμεν
3320 507 3400 560 ὅτι
3439 506 3646 576 ἀληθής
3675 505 3824 557 ἐστιν
3868 507 3902 573 ή

659 617 784 686 quia
821 629 1002 669 verum
1038 613 1516 669 esttestimonium
1550 613 1682 679 eius.
1718 632 1738 665 ι

726 705 889 771 Quasi
922 703 1194 757 veraciter
1220 703 1404 757 locuto
1427 703 1530 756 sibi
1563 703 1664 771 ipsi
1698 703 1943 771 perhibet
1980 702 2226 755 testimo-

659 794 809 848 nium
839 793 1106 847 veritatis.
1138 790 1346 845 Idcirco
1377 806 1497 844 cum
1531 807 1903 860 smpenumero
1950 791 2226 844 indeﬁnite

660 883 946 950 semetipso
976 881 1327 947 nominasset,
1355 882 1442 935 hic
1463 897 1520 934 se
1552 880 1837 935 manifeste
1866 883 2040 950 signat
2068 900 2081 936 :
2115 883 2227 950 ipse

597 1027 606 1030 _
659 974 924 1042 siquidem
977 983 1061 1028 est
1095 974 1329 1042 scriptor
1360 971 1519 1040 hujus
1564 973 1857 1042 Evangelii.
1905 972 2020 1026 Non
2073 987 2225 1039 ergo,

663 1077 787 1117 cum
820 1077 848 1114 a
879 1061 988 1116 Deo
1019 1070 1315 1125 amaretur,
1349 1061 1607 1114 mentitus
1639 1061 1841 1124 fuerit;
1876 1061 2226 1130 quamobrem

662 1151 831 1205 nolite
859 1150 1125 1204 dubitare.
1168 1148 1281 1204 Non
1327 1149 1469 1203 enim
1522 1151 1694 1219 ipsum
1730 1150 1940 1206 Veritas
1970 1160 2224 1217 amasset,

663 1242 710 1297 si
740 1242 1021 1295 veritatem
1052 1241 1320 1294 violasset.

730 1332 896 1387 Vens.
925 1333 1016 1386 25.
1073 1351 1091 1384 ι
1121 1332 1260 1386 Sunt
1288 1339 1468 1386 autem
1502 1341 1557 1385 et
1593 1331 1694 1385 alia
1733 1331 1922 1397 multa,
1956 1346 2072 1399 quae
2102 1331 2229 1386 fecit

661 1417 863 1479 Jesus:
913 1438 1032 1493 qua:
1079 1423 1123 1476 si
1176 1422 1484 1476 scribantur
1529 1437 1624 1491 per
1653 1421 1880 1492 singula,
1916 1437 2016 1476 nec
2048 1423 2222 1490 ipsum

665 1515 904 1568 arbitror
935 1513 1193 1567 mundum
1224 1529 1418 1584 capere
1446 1528 1606 1583 posse
1651 1527 1764 1579 eos,
1818 1517 1907 1584 qui
1958 1514 2227 1569 scribendi

673 1615 822 1667 sunt,
855 1603 1043 1658 libros.
1079 1621 1097 1652 ι

732 1692 906 1747 Tanta
937 1702 1116 1746 autem
1167 1701 1294 1746 sunt
1325 1692 1466 1747 dicta
1494 1701 1547 1748 et
1580 1693 1719 1749 facta
1765 1709 1796 1748 a
1833 1693 2133 1758 Salvatore,
2171 1704 2228 1749 ut

663 1783 869 1848 omnia,
907 1783 1102 1849 inquit,
1138 1782 1394 1837 librorum
1427 1783 1810 1846 loculamenta,
1861 1785 2018 1854 plena
2050 1785 2228 1842 futura

665 1883 845 1942 putem
895 1873 1048 1926 libris
1095 1874 1458 1940 historiarum,
1512 1889 1598 1929 res
1640 1884 1817 1942 gestas
1847 1885 1899 1929 et
1949 1890 2227 1931 sermones

667 1967 876 2021 Domini
909 1967 1331 2030 continentibus,
1365 1968 1410 2021 si
1458 1969 1637 2022 omnia
1686 1972 1802 2036 ejus
1857 1969 1997 2023 dicta
2028 1970 2230 2039 sigilla-

669 2059 760 2112 tim
795 2058 1059 2126 quispiam
1090 2058 1481 2124 descripsisset.

732 2146 1013 2201 Diversum
1066 2146 1412 2217 intelligimus
1460 2146 1644 2201 mundi
1701 2163 1932 2204 nomen:
1994 2157 2048 2202 et
2104 2149 2223 2203 ﬁeri

666 2235 857 2305 possit,
893 2244 948 2288 ut
980 2239 1272 2290 secundum
1320 2251 1479 2290 unam
1527 2236 1977 2305 significationem
2011 2238 2230 2292 denotet

667 2325 815 2380 verbi
845 2327 1154 2388 veritatem,
1187 2335 1346 2394 atque
1375 2338 1563 2396 arguat
1595 2328 1921 2396 proterviam
1971 2344 2229 2397 quorum-

665 2417 809 2480 dam,
841 2417 1181 2485 impudenter
1228 2417 1490 2470 divinitus
1535 2419 1824 2486 inspiratos
1869 2421 2232 2490 evangelista-

666 2523 783 2562 rum
816 2521 1094 2561 sermones
1126 2506 1547 2561 traducentium.

736 2595 851 2652 Non
883 2597 1207 2665 proferenda
1239 2605 1363 2650 sunt
1392 2597 1581 2649 altiora
1620 2613 1780 2666 quam
1812 2614 1931 2667 quae
1969 2600 2023 2654 in
2054 2600 2228 2654 sacris

663 2687 887 2749 Litteris
916 2687 1290 2757 perhibentur,
1323 2694 1506 2755 utpote
1532 2703 1653 2741 cum
1681 2704 1741 2742 ea
1776 2690 2007 2744 mundus
2036 2705 2232 2759 capere

665 2794 770 2831 non
804 2778 998 2842 valeat,
1056 2792 1165 2846 pra:
1198 2777 1571 2846 magnitudine
1618 2780 2025 2848 mysteriorum.
2079 2765 2230 2847 QIIOtI

665 2869 709 2921 si
746 2867 927 2920 omnia
959 2868 1161 2935 scripta
1195 2877 1402 2932 essent,
1450 2867 1632 2921 nullus
1683 2870 1993 2923 mortalium
2042 2871 2232 2927 Bibliis

664 2957 943 3026 capiendis
969 2956 1238 3012 sufﬁceret
1262 2977 1275 3012 :
1307 2959 1506 3013 idcirco
1527 2970 1703 3014 autem
1731 2975 1832 3014 non
1856 2971 1981 3015 sunt
2007 2964 2228 3031 scripta,

667 3061 735 3100 ne
784 3047 1093 3100 auditorum
1141 3048 1455 3102 memoriam
1500 3049 1827 3103 excederent
1852 3065 1873 3117 ;_
1921 3051 1964 3103 si
2014 3051 2228 3119 quidem

2331 607 2604 678 μαρτυρία
2632 607 2820 658 αὐτοῦ.
2862 624 2880 656 ι

2407 700 2494 762 Ὠς
2526 698 2772 767 ἀψευδῶς
2807 697 3046 765 λαλήσας
3087 693 3269 764 ἑαυτῷ
3313 693 3585 761 μαρτυρεῖ
3618 689 3718 758 τὴν
3765 689 3906 757 ἀλή-

2329 791 2504 844 θειαν.
2552 789 2642 842 Διὸ
2679 792 2739 842 ὲν
2784 789 3000 850 πολλοῖς
3042 789 3309 857 ἀορίστως
3362 783 3556 836 ἑαυτὸν
3592 782 3904 848 ὀνομάσας,

2328 876 2430 935 ὧδε
2473 882 2723 952 φανερῶς
2765 881 3022 950 σημαίνει
3056 878 3248 932 ἑαυτόν
3274 893 3287 904 ·
3345 874 3508 936 αὐτὸς
3539 875 3650 941 γάρ
3684 875 3836 924 ἐστιν
3877 873 3906 924 6

2328 973 2546 1043 γράψας
2577 975 2637 1026 τὸ
2665 972 3018 1039 Εὐαγγέλιον.
3055 971 3169 1022 Οὐκ
3199 968 3264 1021 ἂν
3305 967 3411 1020 ὑπὸ
3435 965 3572 1019 Θεοῦ
3599 965 3904 1033 ἀγαπώμεο

2329 1067 2457 1125 νος,⁴
2477 1059 2590 1131 εἶχε
2618 1061 2961 1130 ψεύσασθαι,
2992 1059 3071 1112 διὸ
3119 1057 3194 1127 μὴ
3225 1056 3545 1124 ενδυάσητε.
3577 1056 3652 1108 Οὐ
3688 1056 3800 1125 γὰρ
3838 1057 3905 1108 ἂν

2330 1154 2490 1208 αὐτὸν
2528 1154 2815 1224 ἠγάπησεν
2855 1154 2888 1224 ἡ
2933 1149 3200 1222 ἀλήθεια,
3239 1147 3587 1217 παραλύοντα
3637 1148 3736 1217 τὴν
3771 1147 3905 1217 ἁλή-

2331 1244 2387 1298 θε
2398 1262 2501 1299 ιαν.

2405 1355 2423 1387 ι
2467 1335 2623 1388 Ἔστι
2653 1336 2709 1388 δὲ
2736 1334 2829 1388 καὶ
2853 1334 2989 1388 ἄλλα
3019 1333 3186 1386 πολλὰ
3209 1335 3308 1388 ὅσα
3333 1333 3585 1402 ἐποίησεν
3606 1334 3634 1383 ὀ
3672 1331 3900 1400 Ἰησοῦς.

2330 1430 2488 1483 ἆτινα
2519 1428 2612 1482 ἐὰν
2650 1428 2931 1498 γράφηται
2971 1425 3093 1479 καθ’
3141 1426 3220 1489 ἓν,
3264 1426 3384 1478 οὐδὲ
3428 1425 3589 1476 αὑτὸν
3629 1423 3782 1493 οἴμαι
3812 1425 3904 1475 τον

2331 1521 2533 1591 κόσμον
2559 1519 2804 1590 χωρῆσαι
2826 1520 2894 1570 τὰ
2921 1518 3246 1587 γραφόμενα
3280 1515 3478 1585 βιϐλία.
3512 1534 3531 1566 ι

2401 1698 2653 1754 Τοσαῦτα
2688 1698 2744 1752 δέ
2797 1700 2913 1752 ἐστι
2957 1697 3027 1751 τὰ
3059 1697 3329 1766 γενόμενα
3355 1694 3449 1748 καὶ
3487 1693 3758 1763 εἰρημένα
3797 1693 3904 1744 ὑπῦ

2331 1789 2425 1842 τοῦ
2449 1791 2722 1860 Σωτῆρος,
2757 1789 2898 1842 ὥστε
2925 1791 3104 1842 πάντα
3132 1786 3577 1857 βιϐλιοφυλάχεια
3600 1783 3787 1853 πλήρη
3811 1783 3899 1843 ἂν.

2333 1884 2520 1951 φησὶν,
2557 1876 2712 1950 οἴμαι
2762 1879 3018 1948 γενέσθαι
3074 1878 3326 1948 βιϐλίων,
3369 1877 3466 1938 τὰς
3514 1875 3757 1944 ἱστορίας
3808 1872 3906 1925 τοῦ

2331 1973 2539 2043 Κυρίου
2576 1971 2933 2042 περιεχούσας
2953 1971 2973 1989 ⁶
3006 1971 3183 2039 ἔργων
3221 1967 3315 2020 καὶ⁸
3349 1966 3457 2019 τῶν
3489 1965 3576 2018 ἐπ’
3602 1965 3783 2026 αὐτοῖς
3813 1963 3906 2014 λό-

2331 2079 2469 2131 γων,
2503 2063 2551 2113 εί
2584 2061 2703 2115 καθ’
2737 2059 2969 2113 ἕκαστόν
3002 2077 3084 2120 τις
3117 2058 3293 2110 πάντα
3327 2056 3507 2127 μέλλει
3547 2054 3905 2123 συγγράφειν.

2354 2199 2359 2204 .
2404 2153 2668 2222 Διάφορον
2689 2151 2916 2220 νοοῦμεν
2943 2151 3003 2202 τὸ
3029 2147 3122 2200 τοῦ
3156 2147 3359 2216 κόσμου
3387 2145 3557 2215 ὄνομα
3583 2162 3598 2176 ο
3626 2144 3722 2196 καὶ
3745 2143 3908 2194 δυνα-

2331 2244 2422 2297 τὸν
2454 2242 2595 2295 κατὰ
2630 2243 2760 2312 μίαν
2792 2239 3067 2309 σημασῐαν
3094 2237 3445 2308 παραστῆσαι
3473 2235 3530 2288 τὸ
3558 2234 3791 2303 ἀψευδὲς
3815 2232 3907 2284 τοῦ

2330 2335 2489 2403 λόγου
2517 2377 2529 2396 ,
2575 2333 2668 2385 καὶ
2715 2331 2928 2398 ἐλέγξαι
2979 2332 3076 2398 τὴν
3116 2327 3447 2398 προπέτειαν
3477 2326 3586 2377 τῶν
3628 2324 3908 2384 ἀσυνέτως

2330 2423 2693 2494 διασυρόντων
2731 2423 2857 2485 τοὺς
2896 2418 3287 2482 θεοπνεύστους
3341 2416 3450 2470 τῶν
3495 2412 3905 2483 εὐαγγελιστῶν

2330 2516 2544 2583 λόγους.

2402 2605 2770 2677 Παραιτητέον
2803 2605 2982 2660 λαλεῖν
3027 2603 3093 2656 τὰ
3143 2601 3432 2672 κρείττονα
3483 2597 3667 2666 πάσης
3706 2596 3809 2664 τῆς
3851 2596 3909 2646 ὲν

2332 2699 2547 2760 Βίελοις
2571 2699 2807 2768 γραφῆς,
2848 2697 2992 2766 ἅπερ
3019 2694 3142 2748 οὔτε
3178 2693 3339 2754 αὐτὸς
3368 2692 3395 2743 6
3422 2690 3626 2759 κόσμος
3651 2687 3910 2758 χωρῆσαι

2330 2789 2575 2850 δύναται,
2623 2788 2710 2841 διὰ
2744 2787 2972 2857 μέγεθος
3004 2784 3402 2855 θεωρημάτων.
3440 2782 3502 2833 Et
3533 2781 3712 2833 πάντα
3739 2779 3914 2846 ἐγρά-

2337 2897 2488 2948 φετο,
2521 2879 2698 2941 οὐδεὶς
2730 2878 3036 2948 ἀνθρώπιον
3064 2877 3222 2946 ἤρκει
3253 2875 3389 2944 πρὸς
3417 2873 3514 2941 τὴν
3539 2871 3646 2924 τῶν
3684 2869 3914 2939 βιϐλίων

2332 2969 2564 3038 κτῆσιν
2602 2970 2690 3022 διὰ
2731 2969 2890 3022 τοῦτο
2927 2969 3028 3021 οὐκ
3055 2968 3292 3038 ἐγράφη,
3325 2966 3412 3018 ἵνα
3441 2965 3514 3034 μὴ
3554 2962 3770 3032 ὑπερϐῇ
3811 2960 3916 3031 τὴν

2335 3059 2554 3129 μνήμην
2586 3061 2694 3112 τῶν
2725 3059 3048 3111 ἀκουόντων.
3082 3058 3238 3109 Ἤτοι
3289 3057 3504 3124 ἐγράφη
3540 3053 3740 3116 πάντα,
3777 3053 3917 3105 ἀνα-

665 3139 849 3192 omnia
899 3140 1102 3210 scripto
1135 3141 1328 3194 tradita
1374 3150 1576 3206 essent,
1633 3143 2053 3198 innumerabiles
2105 3144 2225 3198 libri

2338 3147 2579 3218 ρίθμητα
2608 3147 2841 3218 ἤμελλον
2870 3141 3092 3198 εἶναιτὰ
3122 3144 3320 3214 βιϐλία,
3355 3144 3449 3194 καὶ
3481 3141 3655 3202 οὐδεὶς
3679 3139 3918 3208 ἠδύνατο

666 3228 861 3293 [οι-ειη,
895 3237 947 3282 et
979 3243 1137 3283 nemo
1167 3244 1354 3284 omnes
1384 3245 1542 3285 nosse
1573 3231 1856 3298 potuisset.
1906 3232 2116 3288 Etenim
2179 3235 2224 3290 si

665 3317 787 3387 quis
820 3333 999 3372 rerum
1025 3318 1153 3373 velit
1181 3331 1452 3390 gestarum
1489 3335 1760 3389 exponere
1787 3323 2229 3392 magnitudinem,

665 3421 1006 3477 nequaquam
1053 3409 1228 3478 capiet
1275 3411 1525 3474 mundus,
1561 3427 1660 3466 nec
1694 3412 1960 3467 humanus
1994 3416 2229 3470 auditus.

665 3499 898 3564 Quidam
955 3500 1122 3554 etiam
1179 3502 1383 3568 dicunt,
1439 3503 1773 3557 saeculariter
1824 3505 2069 3560 viventes
2122 3521 2226 3559 non

665 3601 824 3662 posse
872 3587 1055 3642 divina
1110 3590 1261 3658 signa
1310 3591 1634 3660 intelligere,
1683 3591 1834 3659 juxta
1886 3593 2024 3660 quod
2077 3594 2230 3647 initio

663 3675 898 3734 dictum'
931 3691 1068 3736 est:
1142 3681 1213 3734 Et
1263 3683 1492 3734 mundus
1547 3697 1666 3734 eum
1733 3698 1834 3733 non
1897 3684 2133 3750 cognovit
2161 3683 2226 3736 ³⁵.

665 3768 1130 3835 Quemadmodum
1192 3770 1408 3840 quoque
1463 3773 1576 3840 ipse
1618 3770 1879 3826 Dominus
1930 3772 2044 3825 ait:
2106 3770 2231 3826 Non

664 3876 841 3917 autne:
873 3864 1085 3928 capiunt
1121 3863 1327 3916 verbum
1362 3857 1543 3916 Itoc'“.

2335 3239 2509 3291 πάντα
2543 3239 2765 3306 γνῶναι·
2816 3238 2954 3307 ἦτοι,
2991 3235 3086 3288 ἐὰν
3133 3233 3261 3304 θέλῃ
3307 3251 3389 3294 τις
3431 3233 3491 3284 τὸ
3523 3230 3754 3299 μέγεθος
3803 3229 3917 3282 τῶν

2337 3327 2639 3395 γεγονότων
2686 3330 3070 3397 παραστῆσαι,
3119 3325 3178 3376 οὺ
3215 3325 3384 3393 χωρεῖ
3420 3323 3560 3375 αὐτὰ
3609 3322 3638 3372 6
3677 3321 3909 3387 κόσμος,

2338 3417 2459 3471 οὔτε
2492 3421 2524 3488 ἠ
2568 3418 2883 3488 ἀνθρωπίνη
2923 3419 3082 3487 ἀκοή.
3119 3417 3274 3477 Τινὲς
3303 3415 3575 3484 λέγουσιν,
3612 3415 3697 3466 ὅτι
3735 3413 3786 3464 οἱ
3825 3428 3914 3463 κο-

2340 3509 2552 3578 σμικῶς
2588 3509 2789 3573 ζῶντες
2816 3510 2876 3561 οὐ
2900 3508 3136 3578 χωροῦσι
3165 3506 3264 3569 τὰς
3293 3506 3624 3577 θεοσημείας
3651 3505 3909 3566 ἀκοῦσαι,

2336 3600 2478 3651 κατὰ
2507 3600 2565 3651 τὸ
2608 3601 2664 3651 ὲν
2697 3601 2840 3669 ἀρχῇ
2874 3597 3161 3668 εἰρημένον
3191 3603 3205 3617 ·
3241 3597 3349 3650 Καὶ
3389 3600 3421 3650 ὀ
3457 3599 3688 3664 κόσμος
3722 3597 3914 3649 αὐτὸν

2337 3691 2449 3742 οὐκ
2493 3688 2644 3757 ἔγνω
2669 3707 2682 3720 ·
2717 3690 2792 3750 ὡς
2836 3689 2930 3740 καὶ
2974 3687 3130 3748 αὐτὸς
3171 3686 3200 3736 ὁ
3236 3684 3440 3754 Κύριος
3478 3681 3654 3750 εἶπεν,
3695 3686 3779 3739 ὅτι
3830 3685 3912 3737 Οὐ

2337 3779 2558 3842 πάντες
2579 3777 2837 3847 χωροῦσι
2867 3775 2974 3831 τὸν
2999 3776 3184 3844 λόγον
3203 3773 3436 3826 τοῦτον.

667 4058 2986 4085 ᾑ-ε--η-ᾠ--ι-ᾑ--ψ-η

1151 4221 1869 4310 FRAGMENTA
1945 4224 2065 4311 IN
2142 4221 2428 4311 ACTA
2502 4219 3430 4312 APOSTOLORUM.

907 4412 1171 4474 (Excerpta
1205 4424 1233 4459 e
1265 4418 1436 4462 catena
1468 4415 1516 4461 in
1547 4414 1665 4463 Acta
1691 4415 2027 4475 apostolorum
2052 4429 2196 4478 quam
2220 4428 2249 4465 e
2274 4417 2392 4468 Cod.
2428 4417 2551 4468 Nov.
2573 4416 2698 4468 Coll.
2720 4413 2981 4476 descripsit
3003 4418 3056 4463 et
3087 4412 3246 4463 edidit
3264 4413 3311 4462 J.
3346 4377 3408 4460 Δί
3432 4408 3671 4470 Cramer.)

1197 4715 1424 4771 CAPUT
1487 4711 1781 4767 PRIMUM.

739 4815 905 4892 Vens.
945 4828 1033 4886 I2.
1094 4822 1294 4886 (Tunc
1346 4842 1546 4881 reverSI
1601 4836 1726 4880 sunt
1774 4824 2162 4893 Jerosolymam
2202 4839 2232 4880 a

668 4931 853 4974 monte
880 4919 971 4989 qui
995 4929 1218 4974 vocatur
1241 4918 1460 4983 Oliveti,
1494 4917 1585 4986 qui
1623 4927 1704 4970 est
1725 4915 1879 4983 juxta
1908 4914 2232 4980 Jerusalem,

669 5010 890 5065 Sabbati
913 5012 1115 5065 habens
1147 5011 1267 5065 iter.
1297 5028 1316 5060 ι

734 5102 900 5157 Forte
928 5113 1133 5172 septem
1162 5102 1334 5157 stadia
1358 5100 1508 5164 dicit,
1528 5099 1726 5168 quibus
1747 5097 1982 5152 distabat
2006 5100 2072 5152 ab
2100 5099 2234 5155 urbe

665 5194 962 5254 Jerusalem
1014 5211 1166 5251 mons
1190 5193 1487 5259 Olivarum,
1508 5207 1614 5246 non
1641 5204 1768 5243 sane
1792 5201 1997 5259 septem
2021 5191 2229 5245 dierum

667 5287 828 5350 viam,
859 5286 1288 5355 quandoquidem
1321 5285 1459 5338 intra
1493 5283 1605 5336 fere
1646 5281 1834 5336 horam
1869 5297 2025 5334 unam
2058 5293 2234 5353 potest

665 5380 860 5449 aliquis
881 5395 909 5432 a
935 5389 1115 5432 monte
1141 5379 1192 5431 in
1216 5375 1512 5440 Jerusalem
1537 5375 1881 5429 descendere.
1910 5375 2079 5428 Distat
2103 5391 2232 5446 ergo

665 5471 816 5540 quasi
844 5470 1094 5524 tnilliario
1118 5485 1224 5522 uno
1248 5469 1389 5537 quod
1415 5468 1710 5522 stadiorum
1739 5477 1942 5536 septem
1962 5470 2120 5536 dicit;
2155 5471 2234 5525 sic

568 5587 572 5590 ·
665 5573 817 5618 extra
877 5575 1060 5615 muros
1110 5567 1260 5612 tanto
1303 5557 1538 5612 distabat
1586 5560 1871 5615 intervallo
1905 5571 2104 5630 quanto
2131 5561 2232 5616 Ju-

745 5671 1152 5736 "Joan.t,10.
1214 5669 1259 5700 ³⁶
1285 5668 1473 5724 Matth.
1553 5686 1668 5734 xu,
1697 5669 1785 5724 II.

762 5797 780 5813 '
809 5789 949 5866 Lege
978 5790 1352 5861 περιεχόντων,
1379 5799 1433 5844 (Α
1459 5805 1578 5846 mox
1616 5789 1813 5861 μέλλοι.
1847 5788 2000 5844 Eutr.

2743 4712 3138 4765 ΚΕΦΑΛΑῙΟΝ
3191 4708 3463 4764 ΠΡΩΤΟΝ
3468 4747 3484 4763 .

2419 4857 2437 4888 ι
2479 4837 2610 4890 Τότε
2662 4832 3006 4903 ὑπέστρεψαν
3049 4833 3128 4892 είς
3186 4824 3539 4906 Ἰερουσαλὴμ
3585 4825 3692 4878 ἀπὸ
3753 4825 3912 4893 ὄρους

2336 4927 2431 4978 τοῦ
2455 4925 2787 4995 καλουμένου
2822 4920 3173 4987 Ἐλαιῶνος,ὄ
3191 4920 3336 4971 ἐστιν
3356 4919 3520 4986 ἐγγὺς
3551 4915 3909 4985 Ἰερουσαλὴμ⁵

2337 5018 2613 5071 Σαϐϐἀτου
2645 5016 2764 5087 ἔχον
2791 5016 2927 5068 ὀδόν.
2962 5034 2980 5066 ι

2408 5109 2562 5178 Τάχα
2599 5107 2736 5161 ἑπτὰ
2761 5107 3004 5169 σταδίους
3035 5104 3202 5171 λέγει,
3233 5104 3314 5156 ὅτι
3347 5102 3537 5171 ἀπεῖχε
3570 5101 3668 5172 τῆς
3702 5101 3907 5162 πόλεως

2350 5199 2704 5270 Ἰερουσαλὴμ
2748 5197 2810 5250 τὸ
2850 5198 2975 5268 ὅρος
3025 5195 3131 5248 τῶν
3193 5192 3436 5256 Ἐλαιῶν,
3489 5192 3550 5244 οὐ
3607 5192 3714 5263 μὴν
3773 5191 3906 5244 ἑπτὰ

2339 5291 2560 5361 ἡμερῶν
2589 5291 2726 5353 ὁδὸν,
2761 5291 2893 5346 ὅπου
2924 5287 3108 5360 σχεδὸν
3145 5288 3223 5348 είς
3251 5287 3379 5355 μίαν
3405 5285 3550 5355 ὤραν
3575 5284 3801 5337 δύναταί
3826 5300 3906 5345 τις

2338 5383 2446 5439 ἀπὸ
2483 5383 2576 5436 τοῦ
2625 5384 2785 5452 ὅρους
2824 5381 3112 5440 κατελθεῖν
3139 5383 3218 5446 είς
3257 5379 3629 5450 Ἰερουσαλήμ.
3685 5377 3903 5447 Ἀπέχει

2339 5469 2432 5527 οὖν
2463 5475 2538 5538 ὡς
2580 5475 2752 5544 μίλιον
2796 5473 2872 5538 ἓν,
2907 5474 2935 5526 ὃ
2973 5467 3396 5534 ποιεῖ’σταδίους
3435 5471 3610 5524 ἐπτάο
3639 5469 3775 5539 ,ἦτοι
3815 5485 3901 5520 το-

2342 5564 2528 5618 σοῦτον
2559 5567 2780 5636 ἀπεῖχεν
2811 5564 2914 5632 ἔξω
2945 5564 3051 5618 τῶν
3085 5562 3277 5634 τειχῶν
3305 5563 3601 5633 διάστημα,
3631 5561 3755 5614 ὅσον
3782 5558 3902 5628 ἐξῆν
