4130 6584
421 437 555 500 1525

1330 439 1795 500 FRAGMENTA
1838 421 1923 496 ἸΝ
1964 438 2149 496 ACTA
2191 436 2771 498 APOSTOLORUM.

3548 428 3681 492 1526

374 583 381 588 ι
427 550 665 619 Ἰουδαίῳ
692 549 749 601 ὲν
777 538 1041 620 Σαϐϐάτῳ
1073 553 1419 621 περιπατεῖν,
1452 551 1589 621 πρὸς
1616 550 1678 603 τὸ
1703 549 1963 619 ἀδολεσχῆ

2101 547 2231 601 dacis
2273 548 2467 602 licebat
2515 548 2751 601 Sabbalo
2813 544 3141 609 ambulare,
3181 543 3247 598 ad
3299 542 3681 602 oblectandum

368 782 389 833 s’

366 835 388 877 ἰ

416 642 504 694 σαι
535 640 738 693 ὡσανεὶ
768 640 1130 695 διακινοῦντα.

1021 754 1272 809 ΚΕΦΑΛ.
1308 751 1382 808 B'.

488 891 506 924 ι
547 871 656 926 Καὶ
692 870 760 925 τά
790 869 1044 942 κτήματα
1075 871 1170 924 καὶ
1202 870 1301 933 τὰς
1333 870 1596 940 ὑπάρξεις
1629 870 1993 943 ἐπίπρασκον,

410 963 507 1017 καὶ
551 960 863 1033 διεμέριζον
914 962 1055 1016 αὐτά
1100 963 1267 1027 πᾶσι,
1320 962 1510 1016 καθότι
1564 961 1631 1016 ἄν
1665 980 1750 1026 τις
1806 961 1995 1034 χρείαν

408 1051 546 1109 εἴγε.
581 1073 599 1106 ι

462 1075 475 1087 -
500 1075 546 1109 ε.
581 1075 599 1106 ι
1830 1076 1837 1084 ·

462 1075 840 1217 ἒημειωτέον,
879 1146 962 1199 ὅτι
989 1148 1065 1210 ὡς
1102 1146 1196 1200 ἐπὶ
1238 1147 1365 1217 μιᾶς
1405 1146 1583 1217 ψυχῆς
1621 1146 1718 1200 καὶ
1746 1145 1840 1199 ἐπὶ
1877 1145 1995 1209 ἑνὸς

408 1239 685 1309 σώματος,
714 1239 858 1293 οὕτω
894 1239 979 1292 δεῖ
1007 1241 1225 1310 φρονεῖν
1257 1240 1386 1311 περὶ
1416 1239 1617 1303 παντὸς
1641 1236 1835 1291 πιστοῦ
1856 1253 1869 1268 ⁸
1899 1238 1993 1292 καὶ

405 1333 435 1383 6
479 1332 578 1401 τῆς
638 1330 967 1402 Ἐκκλησίας
1017 1331 1217 1403 θεσμὸς
1262 1331 1441 1386 κοινὸν
1499 1331 1612 1403 βίον
1658 1331 1803 1387 θέλει
1847 1329 1991 1401 ἔχειν

407 1423 652 1486 ἅπαντας
682 1423 803 1495 μεθ’
839 1424 1067 1477 ἑαυτῶν.

1037 1536 1288 1590 ΚΕΦΑΛ.
1316 1537 1391 1589 Γ’.

479 1665 499 1698 ο
532 1647 757 1715 Ἀνδρες
792 1646 1145 1718 Ἰσραηλῖται,
1170 1649 1225 1702 τί
1255 1648 1563 1720 θαυμάζετε
1593 1649 1684 1703 ἐπὶ
1713 1648 1921 1721 τούτῳ;
1963 1669 1982 1703 ι

472 1823 815 1893 Σημειωτέον
854 1825 935 1878 ὅτι
966 1828 1071 1878 κᾶν
1104 1827 1307 1897 σημεῖά
1334 1845 1419 1892 τις
1457 1832 1609 1900 ποιῇ,
1640 1831 1741 1884 οὐκ
1781 1831 1987 1901 ὀφείλει

401 1915 749 1986 ἐπαίρεσθαι.
793 1952 806 1962 .

480 2026 498 2058 ι
538 2009 648 2061 Καὶ
676 2009 710 2078 ή
740 2008 924 2073 πίστις
958 2010 990 2079 ἡ
1016 2009 1083 2063 δι’
1113 2010 1279 2064 αὑτοῦ
1310 2012 1508 2067 ἔδωκεν
1546 2014 1698 2085 αὐτῷ
1725 2015 1823 2087 τὴν
1863 2014 1982 2070 ὁλο-

401 2098 632 2170 κληρίαν
668 2098 874 2170 ταύτην
903 2100 1160 2155 ἀπέναντι
1196 2103 1414 2158 πάντων
1442 2105 1619 2175 ὑμῶν.
1660 2124 1679 2157 ι

466 2268 575 2323 Kal
614 2269 650 2335 ἡ
687 2270 890 2337 πίστις
933 2272 972 2340 ἡ
1011 2271 1084 2325 δι’
1119 2275 1341 2329 αὑτοῦ·
1375 2277 1455 2329 ὅτι
1487 2276 1575 2330 διά
1615 2276 1851 2341 πίστεως
1879 2278 1979 2348 τῆς

395 2360 474 2422 είς
503 2360 739 2430 Χριστὸν
768 2360 1052 2430 ὑγιάζεταί
1092 2383 1210 2430 τις·
1257 2367 1339 2420 δεῖ
1379 2363 1472 2421 οὖν
1516 2369 1842 2440 ἀμφοτέρων
1880 2370 1977 2440 τὴν

394 2451 576 2505 πίστιν
627 2453 985 2524 συνδραμεῖν,
1038 2458 1133 2510 καὶ
1190 2459 1286 2512 τοῦ
1325 2460 1689 2530 ὑγιαζομένου
1738 2462 1832 2514 καὶ
1882 2460 1976 2514 τοῦ

392 2543 863 2615 ὐπερευχομένουο
899 2547 1086 2618 ὅμοιον
1130 2551 1225 2603 ἐπὶ
1254 2549 1351 2603 τοῦ
1398 2550 1709 2620 παραλύτου
1755 2553 1977 2624 καὶτῆς

391 2636 812 2709 αἱμορῤοὺσης.

993 2753 1250 2807 ΚΕΦΑΛ.
1285 2754 1359 2810 E'.

338 2933 355 2955 Ι
406 2892 415 2900 -
464 2882 481 2913 ι
529 2862 687 2934 Ἀνὴρ
717 2864 775 2917 δέ
816 2882 899 2929 τις
937 2866 1161 2937 όνόματι
1214 2868 1490 2934 Ἀνανίας,
1540 2870 1637 2923 σὺν
1681 2870 1971 2941 Σαπφείρᾳ

385 2956 453 3024 τῇ
487 2956 705 3021 γυναικὶ
736 2956 930 3021 αὑτοῦ,
957 2958 1208 3031 ὲπώλησε
1252 2961 1467 3031 κτῆμα,
1514 2961 1607 3014 καὶ
1652 2963 1970 3032 ὲνοσφὶσατο

385 3045 491 3097 ἀπὸ
528 3046 624 3116 τῆς
655 3048 840 3117 τιμῆς.
873 3067 890 3099 ι

456 3136 518 3187 El
544 3138 706 3207 μέρος
736 3139 1001 3209 ἀργυρίου
1027 3153 1052 3180 α
1089 3144 1555 3214 σφετερισάμενος
1577 3146 1641 3199 ἐκ
1662 3145 1771 3202 τῶν
1796 3147 1961 3213 ίδίων,

2100 640 2255 708 quasi
2290 649 2617 699 moventem.

2758 747 2909 803 CAP.
2951 746 3027 809 Il.

2168 863 2330 917 Vens.
2380 863 2469 918 65.
2531 880 2549 915 ι
2582 862 2964 919 Possessiones
3008 868 3061 916 et
3104 860 3435 917 substantias
3478 860 3681 915 vende-

2096 956 2263 1021 bant,
2328 963 2385 1009 et
2436 955 2752 1010 dividebant
2807 953 2897 1009 illa
2952 952 3201 1008 omnibus
3266 959 3426 1022 prout
3481 952 3679 1020 cuique

2096 1060 2231 1113 opus
2259 1055 2403 1107 erat.
2430 1064 2448 1098 ι

2166 1136 2473 1193 Notandum
2515 1137 2660 1207 quod
2688 1138 2842 1205 quasi
2888 1137 2956 1193 de
3005 1151 3110 1191 una
3146 1136 3325 1190 anima
3371 1143 3424 1189 et
3464 1135 3530 1190 de
3568 1148 3681 1193 uno

2096 1246 2329 1300 corpore
2353 1232 2432 1285 sic
2460 1238 2677 1301 Oportet
2723 1230 2965 1301 cogitare
3000 1231 3067 1286 de
3108 1229 3254 1285 omni
3285 1228 3466 1295 ﬁdeli;
3499 1234 3551 1280 et
3575 1227 3675 1280 Plc-

2094 1321 2271 1377 clesiae
2309 1321 2391 1375 lex
2421 1322 2535 1374 vult
2572 1330 2629 1375 ut
2655 1336 2844 1375 onmes
2880 1333 3223 1375 communem
3249 1318 3391 1373 inter
3436 1330 3496 1371 se
3536 1314 3675 1376 invi;

2094 1427 2209 1470 cem
2239 1420 2402 1483 agant
2432 1412 2615 1470 vitam.

2733 1522 2891 1578 CAP.
2935 1522 3024 1578 111.

2161 1638 2325 1694 Vnus.
2381 1635 2471 1691 12.
2511 1637 2550 1687 ἰ
2588 1634 2697 1691 Viri
2748 1635 3053 1713 Israelitae,
3098 1632 3227 1705 quid
3293 1630 3566 1686 miramini
3615 1629 3667 1683 in

2266 1750 2283 1784 ι

2091 1732 2466 1878 llagitandum
2491 1822 2633 1902 quod
2662 1820 2763 1876 etsi
2792 1820 2945 1889 signa
2971 1818 3093 1888 quis
3124 1817 3314 1886 faciat,
3346 1815 3663 1888 superbien-

2012 1905 2060 1965 Β
2089 1918 2214 1973 dum
2250 1931 2353 1969 non
2382 1924 2483 1970 est.

2154 2005 2322 2062 Vens.
2351 2006 2439 2061 16.
2470 2024 2488 2056 ι
2522 2005 2585 2059 Ει
2615 2005 2767 2071 ﬁdes,
2796 2019 2916 2073 qua:
2942 2019 3037 2073 per
3068 2018 3190 2060 eum
3218 2010 3322 2067 est,
3353 2000 3500 2056 dedit
3524 1999 3667 2055 inte-

2084 2112 2236 2169 gram
2283 2097 2573 2153 sanitatem
2623 2100 2782 2153 istam
2816 2092 2881 2152 "in
2933 2103 3226 2167 conspectu
3274 2094 3517 2150 omnium
3569 2107 3663 2147 ve—

2082 2200 2278 2247 strum.

2155 2281 2221 2335 Et
2252 2282 2387 2351 ﬁdes
2408 2300 2525 2351 qua:
2555 2298 2648 2351 per
2668 2299 2786 2337 eum
2812 2294 2884 2337 est
2911 2299 2929 2339 :
2959 2282 3087 2351 quia
3119 2293 3217 2350 per
3237 2279 3396 2333 ﬁdem
3424 2290 3545 2347 quae
3568 2290 3665 2345 per

2081 2374 2361 2430 Christum
2403 2385 2487 2429 est
2532 2383 2759 2430 sanatur
2794 2375 2990 2443 aliquis
3019 2377 3273 2441 :oportet
3305 2383 3437 2438 ergo
3464 2376 3523 2420 ut
3546 2381 3664 2418 am—

2082 2470 2269 2524 borum
2304 2468 2436 2524 ﬁdes
2476 2476 2786 2533 concurrat,
2838 2477 2891 2522 et
2935 2466 3105 2521 sanati
3148 2475 3204 2520 et
3246 2462 3453 2518 orantis
3497 2472 3661 2527 super

2080 2558 2393 2625 inﬁrmum;
2436 2557 2517 2613 sic
2560 2568 2613 2614 et
2643 2559 2710 2613 de
2750 2556 3048 2627 paralytico
3090 2564 3147 2610 et
3177 2556 3243 2609 de
3273 2551 3502 2607 muliere
3538 2562 3659 2618 qua:

2079 2648 2362 2719 sanguinis
2388 2646 2590 2702 ﬂuxum
2621 2647 2947 2723 patiebatur.
3562 2672 3563 2675 η

2739 2757 2892 2813 CAP.
2934 2757 2999 2812 ν.

2154 2871 2314 2926 Vens.
2350 2872 2467 2925 1-2.
2513 2888 2531 2922 ι
2563 2869 2658 2923 Vir
2690 2876 2872 2924 autem
2897 2866 3115 2937 quidam
3143 2865 3362 2920 nomine
3393 2862 3655 2927 Ananias,

2072 2979 2195 3018 cum
2244 2961 2475 3032 Saphira
2512 2977 2684 3017 uxore
2716 2976 2839 3027 sua,
2878 2958 3124 3016 vendidit
3164 2972 3377 3029 agrum,
3420 2963 3476 3011 et
3503 2955 3655 3021 frau-

2072 3052 2220 3108 davit
2245 3052 2313 3108 de
2344 3053 2521 3122 pretio
2544 3051 2682 3123 agri.
2717 3070 2735 3103 ι

2144 3144 2202 3200 Si
2236 3154 2446 3212 partem
2481 3145 2689 3215 argenti
2722 3158 2754 3201 e
2789 3143 3026 3214 propriis
3073 3155 3371 3209 reservans
3396 3138 3522 3206 sibi,
3554 3153 3663 3194 nec-

384 3227 534 3321 stall-1’
568 3227 642 3299 μὴ
684 3228 747 3282 τὸ
794 3231 901 3283 πᾶν
951 3230 1102 3300 παρὰ
1135 3235 1265 3296 τοὺς
1303 3235 1469 3299 πόδας
1503 3237 1611 3290 τῶν
1654 3238 1963 3292 ἀποστόλων

2076 3246 2245 3291 totum
2296 3238 2363 3293 ad
2394 3236 2766 3306 apostolorum
2809 3236 2975 3307 pedes
3006 3249 3219 3306 ponens
3252 3219 3520 3299 mortuus
3546 3239 3648 3290 est.

380 3314 598 3380 τιθεὶςο
648 3317 920 3385 ἀπέθανε,
957 3319 1009 3372 τί
1042 3320 1105 3390 δὴ
1146 3324 1241 3376 καὶ
1277 3326 1521 3396 φήσομεν
1560 3327 1692 3397 περὶ
1730 3327 1838 3380 τῶν
1889 3328 1963 3399 μὴ

2071 3326 2200 3395 quid
2233 3328 2478 3383 dicemus
2510 3329 2575 3382 de
2618 3329 2686 3382 iis
2734 3329 2825 3396 qui
2866 3328 3075 3397 seipsos
3108 3341 3214 3387 non
3260 3323 3499 3380 totaliter
3542 3320 3652 3376 Deo

380 3405 686 3477 ὁλοσχερῶς
718 3408 948 3472 ἑαυτοὺς
980 3413 1366 3481 προσαγόντων
1397 3414 1474 3484 τῷ
1512 3414 1631 3485 Θεῷ
1651 3456 1664 3481 ,
1697 3415 1834 3469 ἁλλά
1870 3434 1965 3486 με·

384 3495 554 3565 ρικῶς
586 3497 683 3566 μὲν
714 3498 783 3550 τά
805 3498 898 3551 τοῦ
927 3499 1063 3552 Θεοῦ
1087 3501 1408 3566 ποιούντων,
1441 3506 1489 3557 εί
1513 3504 1689 3575 τύχοι,
1722 3508 1965 3577 μερικῶς

379 3586 437 3638 δὲ
459 3588 577 3651 ταῖς
611 3586 769 3652 ἰδίαις
792 3589 1111 3661 ἐπιθυμίαις
1139 3592 1532 3661 δουλευόντων;
1558 3592 1639 3660 οἷς
1664 3597 1965 3669 ἀπαντήσει

379 3676 515 3731 πολὺ
558 3680 760 3749 μείζων
802 3682 1073 3753 τιμωρίαο
1107 3682 1182 3746 ὡς
1228 3684 1455 3738 δυνατοῦ
1497 3686 1649 3752 ὄντος
1684 3688 1779 3742 τοῦ
1828 3689 1962 3743 Θεοῦ

380 3769 475 3821 καὶ
503 3768 681 3841 ψυχὴν
710 3771 805 3825 καὶ
838 3771 999 3842 σῶμα
1039 3773 1097 3826 ὲν
1132 3773 1325 3846 γεέννῃ
1362 3776 1653 3831 ἀπολέσαι’
1698 3778 1871 3832 ταῦτα
1902 3779 1960 3833 δὲ

378 3858 543 3927 λέγω,
571 3860 660 3915 διά
688 3863 816 3927 τοὺς
836 3864 922 3935 μὴ
948 3863 1167 3937 θερμῶς
1192 3866 1560 3932 ἀπαιτοῦντας
1583 3868 1710 3933 τοὺς
1735 3871 1960 3935 πιστοὺς

378 3950 498 4024 ζῇν.

453 4062 472 4094 ι
509 4044 819 4110 Συνειδυίας
848 4047 943 4100 καὶ
970 4049 1069 4118 τῆς
1096 4049 1375 4115 γυναικὸς,
1401 4051 1496 4104 καὶ
1528 4051 1759 4120 ἐνέγκας
1794 4052 1959 4125 μέρος

375 4152 429 4187 τι
460 4135 610 4205 παρά
637 4137 761 4200 τοὺς
795 4138 960 4200 πόδας
990 4138 1099 4192 τῶν
1133 4139 1446 4194 ἀποστόλων
1480 4142 1695 4213 έθηκεν.
1734 4163 1753 4196 ι

448 4227 792 4295 Σημειωτέον
846 4230 928 4282 ὅτι
976 4231 1072 4284 καὶ
1112 4231 1175 4284 τὸ
1228 4233 1525 4286 συνειδέναι
1569 4252 1623 4288 τι
1671 4235 1955 4307 γινόμενον

377 4317 507 4387 παρ’
540 4317 698 4371 ἄλλου
732 4320 920 4383 κακὸν,
953 4325 1047 4375 καὶ
1086 4325 1296 4394 σιωπᾷν
1316 4365 1331 4386 ,
1358 4326 1604 4395 ἁμαρτία
1644 4328 1811 4382 ἐστίν.

452 4430 470 4461 ι
520 4406 655 4463 Εῐπε
697 4401 762 4463 δὲ
796 4413 823 4464 ό
856 4412 1091 4485 Πέτρος·
1143 4416 1384 4480 Ἀνανία,
1409 4416 1549 4470 διατί
1580 4418 1899 4489 ἐπλήρωσεν
1928 4435 1957 4473 ο

376 4502 616 4565 Σατανᾶς
645 4502 743 4572 τὴν
776 4503 1006 4575 καρδίαν
1038 4520 1154 4569 σου,
1193 4506 1498 4575 ψεύσασθαί
1532 4526 1590 4562 σε
1622 4510 1681 4563 τὸ
1728 4511 1954 4581 Πνεῦμα

2066 3417 2333 3481 ollerunt,
2384 3418 2480 3472 sed
2525 3418 2722 3486 partim
2767 3418 2908 3471 forte
2956 3431 3076 3485 quae
3114 3415 3210 3469 Dei
3246 3423 3384 3488 sunt
3425 3411 3648 3474 faciunt,

2067 3517 2276 3578 partem
2307 3508 2543 3576 propriis
2574 3507 3035 3577 concupiscentiis
3070 3503 3411 3559 inserviunt?
3441 3501 3651 3568 Quibus

2066 3597 2336 3668 intligetur
2376 3600 2547 3652 multo
2588 3599 2762 3668 major
2802 3611 2985 3667 paena,
3034 3610 3156 3649 cum
3218 3592 3389 3664 possit
3417 3592 3559 3647 Deus
3594 3599 3650 3645 et

2065 3689 2300 3743 animam
2346 3698 2401 3743 et
2429 3704 2625 3758 corpus
2669 3689 2722 3744 in
2759 3689 3060 3757 gehennam
3088 3684 3356 3755 perdere:
3386 3683 3502 3736 lucc
3543 3697 3645 3735 au-

2064 3788 2172 3835 tem
2215 3780 2358 3847 dico,
2391 3792 2613 3851 pmpter
2652 3794 2746 3844 eos
2796 3778 2890 3850 qui
2940 3791 3048 3833 non
3088 3776 3311 3851 exigunt
3353 3781 3412 3829 ut
3454 3772 3657 3829 ﬁdeles

2065 3887 2185 3927 cum
2212 3871 2422 3928 fervore
2448 3872 2651 3937 vivant.

2141 4072 2158 4106 ι
2192 4053 2419 4113 Conscia
2444 4068 2612 4110 uxore
2637 4068 2732 4108 sua
2761 4062 2815 4108 et
2837 4052 3068 4109 aﬂ’erens
3090 4058 3297 4122 partem
3327 4048 3657 4119 quamdam,

2062 4146 2130 4202 ad
2174 4147 2342 4216 pedes
2361 4144 2737 4215 .apostolorum
2775 4145 2971 4215 posuit.
3010 4163 3029 4194 ι

2134 4235 2439 4301 Notandum
2476 4237 2617 4304 quod
2655 4237 2932 4291 conscium
2975 4249 3094 4290 esse
3128 4235 3192 4289 de
3232 4233 3375 4288 malo
3416 4229 3654 4292 alterius.

2062 4336 2115 4383 et
2140 4328 2300 4382 silere
2326 4335 2606 4396 peccatum
2637 4338 2743 4383 est.

2134 4419 2301 4475 Vsus.
2330 4421 2385 4474 5.
2436 4440 2453 4471 ι
2486 4418 2634 4474 Dixit
2659 4429 2837 4475 autem
2877 4421 3110 4478 Petrus:
3142 4419 3373 4487 Anania,
3414 4435 3512 4474 cur
3556 4434 3642 4473 re-

2062 4513 2232 4583 plevit
2260 4512 2493 4568 Satanas
2524 4527 2620 4567 cor
2648 4522 2799 4573 tuum
2828 4514 3042 4571 mentiri
3076 4522 3128 4573 te
3167 4513 3393 4582 Spiritui
3423 4522 3645 4576 sancto,

372 4594 434 4645 τὸ
475 4592 796 4662 artam-xui.
830 4595 1188 4664 νοσφίσασθαι
1220 4598 1327 4652 ἀπὸ
1369 4599 1469 4670 τῆς
1517 4602 1683 4673 τιμῆς
1716 4602 1812 4667 τοῦ
1855 4620 1955 4673 χω-

2071 4614 2115 4660 et
2144 4604 2405 4660 fraudare
2431 4606 2495 4663 de
2526 4606 2701 4675 pretio
2728 4604 2873 4671 agri?
2906 4624 2924 4656 ι

415 4699 572 4747 ιου;›

415 4700 491 4735 ιου
514 4700 528 4747 ;
553 4702 572 4736 ι

375 4700 408 4754 ρ
446 4775 521 4845 (1)
554 4775 615 4828 Εἰ
644 4778 671 4829 6
702 4776 946 4841 Σατανᾶς
976 4777 1135 4833 τοῦτο
1181 4782 1448 4853 ἐποίησε,
1478 4782 1531 4836 τί
1568 4783 1731 4847 αὐτὸς
1780 4783 1951 4849 αἴτιος

373 4866 595 4935 γέγονεν
616 4906 631 4933 ,
660 4870 687 4922 6
713 4869 1007 4940 δεξάμενος
1044 4871 1208 4925 αὐτοῦ
1239 4872 1338 4943 τὴν
1354 4924 1363 4941 ην
1376 4873 1654 4944 ἐνέργειαν
1685 4876 1779 4927 καὶ
1815 4875 1953 4945 πλη-

320 4960 321 4963 “
377 4960 599 5031 ρωθείς;
662 4961 800 5014 Ἀλλ’
831 4962 936 5015 ἔδει
972 4962 1295 5032 διορθῶσαι.
1344 4965 1527 5036 φησίν·
1576 4965 1692 5018 ἀλλ’
1739 4966 1840 5018 οὐκ
1886 4965 1951 5019 ἂν

371 5050 676 5122 διωρθὼθησ
725 5056 753 5106 6
787 5054 895 5125 γὰρ
937 5055 1177 5119 τοιαῦτα,
1208 5056 1353 5127 όρῶν
1395 5058 1490 5110 καὶ
1531 5057 1607 5127 μὴ
1661 5058 1950 5129 κερδάνας,

374 5142 554 5213 πολλῴ
588 5144 788 5213 μᾶλλον
827 5147 926 5199 οὐκ
966 5146 1031 5200 ἂν
1071 5148 1276 5218 ἑτέρως
1320 5148 1632 5220 ἐκέρδανεν.
1683 5151 1798 5204 Οὐκ
1841 5150 1950 5204 ἔδει

369 5235 549 5288 τοίνυν
572 5235 761 5299 ἁπλῶς
784 5238 1074 5307 παρελθεῖν
1095 5240 1155 5292 τὸ
1176 5239 1418 5309 γεγονὸς,
1442 5240 1559 5294 ἀλλ’
1579 5241 1653 5305 ὡς
1677 5242 1949 5312 σηπεδόνα

369 5326 752 5397 ἐκτμηθῆναι,
785 5328 872 5382 ἵνα
910 5330 985 5402 μὴ
1018 5330 1095 5400 τῷ
1138 5331 1311 5401 λοιπῷ
1358 5331 1669 5403 λυμήνηται
1710 5331 1945 5402 σώματι.

368 5417 484 5470 Νῦν
513 5420 610 5489 μὲν
636 5420 745 5489 γὰρ
766 5420 860 5475 καὶ
878 5416 1033 5486 οὗτος
1056 5422 1333 5491 ὠφέληται
1358 5425 1430 5493 μὴ
1456 5423 1736 5493 προελθὼν
1761 5441 1952 5495 περαι-

367 5507 513 5578 τέρω
543 5511 742 5575 κακίας
762 5551 776 5576 ,
806 5512 900 5565 καὶ
933 5515 981 5567 οἱ
1009 5513 1185 5566 λοιποὶ
1221 5515 1629 5586 σπουδαιότεροι
1663 5515 1946 5584 γεγόνασι·

440 5695 467 5723 ι
494 5684 554 5737 C.
582 5684 643 5738 C.
669 5685 937 5756 ἀργύρου.
1015 5688 1044 5728 ιι
1083 5688 1147 5743 C.
1175 5688 1237 5743 C.
1265 5691 1359 5742 καὶ
1389 5691 1437 5744 6.
1518 5698 1540 5729 ε
1574 5688 1635 5744 C.
1673 5690 1737 5745 C.
1774 5691 1909 5755 θείς.

2133 4780 2193 4835 Si
2226 4778 2354 4836 illud
2382 4779 2510 4839 fecit
2551 4778 2805 4845 Satanas,
2835 4780 3104 4849 quomodo
3160 4794 3285 4837 reus
3327 4778 3416 4834 ille
3458 4779 3636 4833 lactus

2059 4881 2169 4936 est,
2194 4871 2284 4941 qui
2313 4870 2481 4939 ipsius
2510 4871 2884 4939 operationem
2917 4870 3142 4940 recepit,
3169 4871 3395 4940 ipsoque
3426 4879 3512 4924 est
3550 4886 3638 4924 re-

2063 4962 2281 5033 pletus?
2323 4960 2430 5016 Sed
2466 4962 2754 5031 oportebat
2782 4972 2841 5017 ut
2881 4961 3267 5031 corrigeretur,
3310 4960 3509 5031 inquit,
3543 4960 3636 5015 sed

2066 5068 2169 5109 non
2197 5061 2475 5109 correctus
2503 5062 2620 5117 est;
2650 5052 2776 5107 talia
2795 5053 2938 5107 enim
2960 5053 3169 5117 videns,
3198 5066 3297 5106 nec
3321 5051 3633 5122 proﬁciens,

2061 5146 2234 5202 multo
2268 5146 2440 5217 magis
2467 5160 2566 5200 nec
2594 5145 2749 5201 aliter
2775 5145 3023 5216 profecit.
3051 5144 3170 5199 Non
3198 5160 3331 5215 ergo
3352 5143 3636 5213 oportebat

2057 5239 2381 5311 simpliciter
2426 5238 2699 5293 dimittere
2732 5238 2875 5307 quod
2906 5236 3107 5293 factum
3159 5246 3267 5303 est,
3305 5237 3398 5292 sed
3440 5246 3500 5291 ut
3543 5252 3635 5305 pu-

2058 5332 2213 5387 tredo
2235 5331 2407 5387 secari
2434 5331 2686 5397 debebat,
2718 5345 2786 5385 ne
2831 5330 3095 5400 reliquum
3126 5344 3324 5400 corpus
3366 5329 3631 5384 inﬁceret.

2059 5422 2211 5478 Nunc
2244 5422 2388 5477 enim
2420 5431 2474 5476 et
2499 5422 2585 5477 isti
2618 5420 2938 5486 consulitur,
2978 5422 3029 5476 in
3055 5437 3119 5476 eo
3145 5421 3287 5493 quod
3312 5421 3378 5475 ad
3407 5421 3633 5475 ulterio-

2060 5530 2173 5571 rem
2219 5514 2481 5569 malitiam
2528 5528 2632 5569 non
2664 5514 3046 5586 progreditur;
3086 5523 3142 5571 et
3181 5512 3377 5583 reliqui
3409 5512 3632 5585 diligen-

447 5842 517 5916 (Ι)
553 5837 665 5913 Hoc
717 5843 979 5902 scbolium
1013 5848 1295 5917 Cbrysost.
1342 5849 1433 5907 dat
1477 5850 1598 5908 cod.
1651 5851 1818 5914 (loisl.
1851 5851 1937 5909 Cf.
1979 5851 2173 5913 Cbrvs.
2209 5852 2347 5922 Opp.
2388 5860 2427 5907 t.
2461 5848 2549 5916 lX,
2585 5849 2670 5907 99.
