4130 6556
559 366 581 430 Ῑ
594 371 696 434 5’27

1648 374 1983 435 AMMONII
2024 375 2559 439 ALEXANDRINI

3688 377 3829 443 1523

556 482 724 535 tiores
753 480 910 535 liunt.
947 482 1101 540 Tunc
1136 501 1264 542 vero
1299 483 1479 537 evenit
1520 492 1854 537 contrarium
1887 503 1900 539 :
1936 500 2133 539 secun-

2261 485 2357 537 :6ts
2382 485 2437 538 δὲ
2462 485 2528 539 ἂν
2558 484 2870 539 τούναντίον
2902 485 3121 558 συνέϐτγ
3147 486 3402 559 δεύτερον
3432 486 3696 557 ἠλέγχθη,
3732 491 3831 542 καὶ

557 572 686 624 dum
717 582 946 641 argutus
988 585 1094 639 est,
1139 586 1193 630 et
1222 574 1456 630 ostendit
1490 576 1630 641 quod
1663 573 1810 626 illum
1846 589 1949 626 non
1984 574 2139 628 latuit

557 665 702 734 quod
737 661 938 718 factum
968 674 1082 729 est;
1123 676 1176 719 et
1212 675 1339 720 tunc
1365 665 1627 734 judicium
1660 664 1768 718 fert
1796 682 1809 718 :
1843 664 1977 717 cur?
2008 679 2142 733 qua-

559 771 685 809 nam
722 757 1021 811 intentione
1057 757 1107 810 id
1160 757 1376 813 fecisti?
1416 756 1616 812 habere
1660 756 1912 823 volebas;
1946 758 2143 812 habere

560 844 793 899 debebas
828 844 895 898 ab
944 846 1097 899 initio
1138 862 1238 901 nec
1288 845 1563 915 polliceri;
1601 844 1888 897 exitiosum
1924 842 2143 896 sacrile-

560 936 726 1005 gium,
754 951 786 990 ο
810 938 1043 1007 Optime!
1070 937 1173 993 llic
1213 939 1356 993 enim
1390 938 1641 991 fortassis
1682 937 1856 989 aliena
1886 934 2144 1003 concupi-

560 1029 655 1094 vit,
706 1030 800 1083 tibi
837 1039 922 1083 tua
963 1034 1241 1100 possidere
1292 1031 1521 1096 licebat;
1569 1044 1669 1083 cur
1706 1030 1873 1098 igitur
1916 1042 1977 1082 ea
2022 1034 2145 1097 quae

520 1126 790 1175 ‘voveras
832 1120 983 1185 Deo,
1035 1121 1390 1190 subripuisti?
1458 1119 1627 1172 multo
1687 1126 1997 1184 contemptu
2062 1115 2145 1171 sic

562 1212 750 1278 egisti;
780 1211 992 1265 veniam
1036 1227 1141 1266 non
1190 1221 1432 1266 meretur
1456 1211 1693 1274 factum;
1738 1208 2144 1263 excusationem

565 1316 671 1354 non
696 1300 880 1356 habet.
909 1302 987 1358 Ne
1013 1318 1142 1372 ergo
1169 1302 1613 1357 scandalizemini
1635 1303 1681 1356 si
1710 1302 1801 1371 qui
1831 1316 1972 1355 nunc
2004 1316 2144 1370 quo-

567 1406 672 1460 que
710 1401 840 1446 sunt
888 1394 1138 1464 sacrilegi
1175 1412 1187 1447 :
1225 1396 1269 1449 si
1322 1395 1465 1448 enim
1516 1402 1644 1447 tunc
1684 1393 1934 1459 aderant,
1980 1393 2149 1447 multo

570 1485 742 1553 magis
790 1501 968 1550 nunc,
1009 1485 1228 1556 quando
1287 1486 1455 1539 multa
1504 1484 1641 1537 mala
1689 1483 1989 1553 pullulant;
2055 1483 2148 1538 sed

571 1577 716 1646 ipsos
735 1593 1028 1649 arguamus
1055 1594 1238 1635 coram
1268 1578 1541 1641 omnibus,
1576 1586 1632 1630 ut
1673 1586 1727 1630 et
1752 1574 1945 1646 reliqui
1988 1578 2149 1630 timo-

573 1686 685 1724 rem
715 1671 968 1726 habeant.

642 1762 805 1817 Vsas.
844 1764 896 1818 8.
946 1781 965 1815 ι
994 1762 1139 1819 Dixit
1162 1773 1341 1817 autem
1371 1761 1419 1816 ci
1456 1760 1648 1814 Petrus
1682 1777 1695 1814 :
1727 1759 1821 1814 Dic
1854 1758 2011 1823 milii,
2039 1773 2152 1812 mu-

2241 574 2512 629 δείκνυσιν
2542 578 2622 630 ὅτι
2651 576 2751 629 ούκ
2780 576 2972 629 ἔλαθεν
3001 577 3164 630 αὑτὸν
3194 576 3256 629 τὸ
3287 577 3541 645 γεγονός·
3579 578 3673 629 καὶ
3707 578 3831 631 τότε

2242 666 2619 732 καταδικάζει.
2656 668 2808 721 Διατί
2836 668 2927 735 δέ;
2964 670 3028 722 ὲκ
3069 667 3231 731 ποίας
3263 668 3647 738 προαιρέσεως
3674 668 3834 721 τοῦτο

2246 758 2586 827 πεποίηκας;
2612 759 2841 822 Ἤθελες
2866 759 3031 829 ἔχειν·
3056 758 3163 811 ἔδει
3182 758 3326 828 ἔχειν
3346 758 3405 825 ἐξ
3425 758 3624 830 ἀρχῆς,
3640 758 3735 810 καὶ⁵
3756 756 3832 829 μὴ

2247 850 2599 919 ὑποσχέσθαι*
2628 850 2839 922 χαλεπή
2863 852 2949 913 τίς
2976 852 3125 903 ἐστιν
3146 852 3179 920 ὴ
3215 848 3522 920 ἱεροσυλία,
3552 848 3829 918 ἀγαπητέ·

2243 942 2273 993 ὁ
2306 942 2403 1010 μὲν
2433 941 2541 1013 γὰρ
2574 942 2922 1012 ἐπεθύμησεν
2953 942 3086 1005 ἴσως
3126 940 3449 1011 ἀλλοτρίων,
3488 942 3573 993 σοὶ
3608 940 3667 992 δὲ
3706 940 3833 1010 ὲξῆν

2246 1032 2392 1103 ἔχειν
2415 1032 2482 1087 τὰ
2524 1033 2612 1086 σά·
2640 1034 2693 1086 τί
2722 1034 2902 1086 τοίνυν
2932 1033 3197 1102 ἐποίησας
3227 1030 3369 1085 αύτά
3411 1032 3549 1102 ίερά,
3587 1031 3685 1084 καὶ
3710 1030 3833 1082 τότε

2246 1117 2438 1182 ἔλαϐες
2468 1120 2636 1186 αὐτάς
2671 1120 2780 1174 ἀπὸ
2809 1119 3012 1191 πολλῆς
3043 1120 3509 1191 καταφρονήσεως
3540 1118 3701 1172 τοῦτο
3737 1136 3834 1171 πε-

2247 1210 2502 1281 ποίηκας’
2546 1213 2647 1266 οὐκ
2683 1210 2798 1281 ἔχει
2830 1212 2890 1266 τὸ
2926 1212 3224 1279 γενόμενον
3268 1209 3646 1281 συγγνώμην·
3678 1210 3833 1273 ἐκτός

2248 1306 2397 1360 ἐστιν
2430 1306 2743 1373 ἀπολογίας.
2786 1305 2878 1377 Μὴ
2920 1304 3345 1369 σκανδαλίζεσθε
3374 1304 3580 1367 τοίνυν,
3610 1303 3666 1355 ετ
3690 1319 3836 1362 τινες

2249 1399 2342 1450 καὶ
2383 1397 2477 1449 νῦν
2520 1398 2658 1450 εἰσὶν
2703 1398 3004 1468 ἱερόσυλοι·
3047 1399 3097 1449 εί
3141 1396 3253 1466 γὰρ
3290 1395 3411 1449 τότε
3438 1392 3616 1466 ἦσαν,
3655 1394 3836 1464 πολλῷ

2254 1490 2451 1561 μᾶλλον
2484 1488 2602 1553 νῦν,
2637 1492 2724 1543 ὅτε
2756 1490 2926 1543 πολλά
2950 1489 3018 1543 τά
3043 1489 3212 1543 κακά’
3252 1488 3368 1542 ἀλλ’
3396 1488 3715 1557 ὲλέγχωμεν
3742 1488 3836 1539 ati-

2249 1585 2377 1646 τοὺς
2410 1584 2502 1636 ἐπὶ
2535 1582 2775 1646 πάντων,
2804 1583 2890 1636 ἵνα
2919 1584 3013 1636 καὶ
3045 1583 3095 1635 οἱ
3133 1580 3315 1634 λοιποὶ
3345 1580 3509 1648 φόϐον
3540 1581 3731 1650 ἔχωσι.

2330 1778 2349 1812 ‹
2394 1761 2694 1830 ’Λπεκρίθη
2721 1759 2778 1812 δὲ
2813 1760 3023 1830 Πέτρος
3058 1760 3193 1833 πρὸς
3222 1758 3425 1826 αύτήνο
3462 1755 3600 1809 Εἰπέ
3634 1772 3747 1826 μοι,
3787 1756 3836 1806 εί

571 1852 711 1918 licr,
765 1856 808 1908 si
868 1855 1005 1908 tanti
1054 1870 1239 1924 agrum
1298 1853 1656 1907 vendidislis?
1702 1853 1773 1906 At
1825 1852 1913 1906 illa
1965 1851 2147 1908 dixit:

2261 1851 2510 1905 τοσούτου
2539 1850 2600 1904 τὸ
2629 1852 2828 1922 χωρίον
2856 1831 3149 1917 ἀπέδοσθε;
3181 1851 3243 1903 Ἢ
3261 1849 3316 1903 δὲ
3334 1843 3474 1901 εἷπε*
3494 1847 3623 1913 Ναὶ,
3652 1844 3838 1899 τοσού-

571 1944 747 2000 Etlam
787 1946 942 2001 tanti.
978 1965 996 1996 ι

641 2038 1011 2109 lnterrogari,
1064 2052 1166 2093 nec
1218 2036 1491 2107 propriam
1543 2035 1756 2106 culpam
1809 2033 2005 2100 fateri,
2057 2033 2153 2091 sed

573 2144 604 2185 e
630 2138 817 2184 contra
861 2143 1106 2198 quaerere
1142 2131 1415 2198 quomodo
1450 2129 1694 2197 ignotum
1740 2136 2021 2183 remaneat
2060 2141 2156 2194 per

574 2220 1017 2297 denegationem,
1066 2221 1224 2274 venia
1279 2220 1560 2289 indignum
1596 2219 1831 2286 malum;
1870 2220 2052 2289 itaque
2101 2226 2156 2273 et

572 2310 860 2368 confestim
910 2312 1112 2381 ingruit
1142 2326 1323 2379 prima.
1370 2310 1463 2365 Sic
1494 2311 1803 2366 invenimus
1834 2320 1887 2365 et
1916 2311 1982 2365 de
2022 2310 2153 2365 Cain

573 2405 665 2473 qui
688 2404 912 2459 audiens
936 2421 950 2457 :
978 2402 1078 2457 Ubi
1103 2412 1179 2457 est
1202 2404 1330 2458 Abel
1352 2403 1519 2472 frater
1545 2404 1707 2456 tuus?
1732 2403 1865 2457 dixit
1893 2420 1905 2455 :
1937 2402 2153 2466 Nescio,

575 2506 633 2553 et
656 2498 837 2553 statim
868 2505 991 2569 post
1016 2498 1133 2552 haec
1161 2497 1473 2551 maledictio
1498 2495 1871 2565 subsequitur.

649 2681 814 2736 Vsus.
849 2681 934 2734 l7.
977 2678 1106 2745 Quae
1138 2688 1221 2734 est
1250 2678 1475 2733 haeresis
1508 2676 1954 2731 Sadducaeorum.
1988 2694 2007 2726 ι

651 2772 963 2827 Notandum
997 2771 1140 2842 quod
1169 2770 1411 2825 haeretici
1449 2779 1576 2823 sunt
1605 2768 1908 2822 Sadducaei.

650 2864 818 2918 Vsus.
854 2862 942 2917 l8.
989 2880 1007 2913 ι
1037 2861 1102 2915 Et
1130 2859 1433 2925 iniecerunt
1473 2873 1664 2912 manus
1692 2857 1745 2910 in
1781 2856 2073 2923 aposmlos,
2109 2867 2164 2909 et

583 2962 881 3021 posuerunt
910 2967 1005 3007 eos
1044 2952 1095 3005 in
1121 2951 1368 3005 custodia
1402 2948 1637 3019 publica.
1674 2967 1692 2997 ι

655 3044 809 3098 Nunc
837 3043 1208 3099 vehementius
1240 3056 1334 3094 eos
1374 3039 1794 3110 aggrediuntur;
1844 3054 1949 3092 non
1982 3038 2162 3093 statim

584 3138 732 3209 ipsos
757 3138 1041 3207 judicavit,
1093 3150 1320 3203 sperans
1358 3137 1501 3205 quod
1544 3135 1702 3191 mites
1747 3133 1911 3188 futuri
1956 3143 2165 3201 essent,

586 3239 642 3287 et
662 3230 1040 3285 vehementius
1065 3245 1158 3284 eos
1189 3229 1453 3283 adoritur.

658 3320 824 3376 Vens.
864 3321 953 3387 19,
984 3320 1076 3375 20.
1123 3339 1142 3372 ι
1175 3319 1413 3390 Angelus
1455 3328 1636 3374 autem
1669 3318 1882 3373 Domini
1923 3335 2020 3387 per
2064 3335 2165 3374 no—

589 3421 730 3466 ctem
759 3412 967 3481 aperuit
992 3411 1187 3481 januas
1210 3411 1474 3475 carceris,
1512 3418 1567 3463 et
1596 3411 1833 3464 educens
1863 3425 1957 3464 eos
1985 3410 2166 3467 dixit:

589 3503 706 3567 lle,
755 3512 809 3557 et
856 3512 1065 3557 stantes
1120 3501 1399 3572 loquimini
1445 3502 1498 3556 in
1550 3501 1748 3570 templo
1792 3501 1932 3570 plebi
1986 3503 2169 3557 omnia

589 3594 753 3651 verba
780 3595 903 3650 vita;
933 3595 1112 3665 hujus.
1146 3614 1163 3646 ι

661 3685 719 3743 Id
758 3698 813 3744 et
856 3688 910 3743 in
968 3688 1182 3742 illorum
1235 3685 1667 3742 consolationem
1716 3684 1916 3739 factum
1960 3692 2079 3748 cst,
2120 3694 2175 3739 et

498 3772 503 3775 i
594 3780 787 3834 horum
827 3780 1032 3835 utilitas
1075 3781 1585 3846 documentumque.
1614 3774 1681 3828 Et
1720 3776 1877 3844 paulo
1906 3785 2021 3843 post
2050 3774 2174 3828 :ln—

593 3869 915 3938 quirendum
957 3884 1086 3939 ergo
1122 3870 1358 3936 primum
1396 3875 1537 3929 erat,
1577 3865 1857 3930 Quomodo
1886 3863 2174 3918 exivistis?

593 3958 634 4012 Ii
687 3973 818 4012 vero
851 3959 1004 4027 quasi
1055 3956 1189 4009 nihil
1227 3957 1518 4021 evenisset,
1567 3955 1903 4020 interrogant
1935 3971 1948 4006 :
1985 3952 2175 4008 Nonne

592 4049 948 4118 prwcipiendo
976 4048 1319 4117 praecepimus
1351 4047 1494 4100 vobis
1526 4062 1587 4099 ne
1619 4045 1873 4098 doreretis
1893 4046 1919 4099 ?
1951 4043 2019 4097 Et.
2047 4060 2176 4099 ecce

596 4153 695 4211 per
721 4140 856 4195 alios
896 4140 1123 4192 audiunt
1155 4138 1334 4191 omnia
1363 4154 1376 4190 :
1408 4136 1593 4189 vident
1627 4134 1869 4188 clausum
1898 4148 2173 4188 carcerem

598 4245 721 4284 cum
744 4229 1044 4299 diligentia,
1076 4238 1131 4283 et
1159 4232 1411 4282 custodes
1435 4234 1645 4281 stantes
1666 4235 1791 4280 ante
1810 4224 2030 4294 januas.

674 4406 838 4460 Vens.
882 4406 974 4461 ‘22.
1021 4425 1039 4457 ι
1067 4406 1201 4460 Cum
1234 4414 1414 4461 autem
1457 4404 1733 4460 venissent
1771 4406 2029 4473 ministri,
2070 4425 2175 4464 non

599 4499 922 4553 invenerunt
961 4500 1082 4553 illos
1121 4499 1173 4553 in
1208 4499 1477 4554 custodia.
1514 4516 1534 4551 ι

668 4590 724 4646 Si
761 4591 883 4646 illos
911 4592 1231 4645 eduxissent
1278 4591 1555 4657 custodes,
1590 4590 1731 4643 sicut
1762 4590 1848 4645 isti
1894 4595 2176 4663 putabant,

600 4683 959 4754 aufugissent,
986 4685 1030 4740 si
1067 4685 1235 4739 etiam
1262 4684 1535 4738 conciliati
1563 4684 1849 4751 abiissent,
1889 4698 1942 4739 et
1970 4687 2015 4740 si
2061 4687 2180 4742 illos

598 4774 918 4828 eduxissent
961 4775 1073 4840 isti,
1132 4790 1235 4828 non
1285 4787 1414 4827 sane
1460 4775 1511 4827 in
1549 4773 1747 4843 templo
1789 4776 2179 4842 constitissent,

601 4867 694 4920 sed
727 4867 1098 4937 aufugissent;
1134 4867 1187 4922 id
1220 4877 1401 4921 autem
1443 4880 1599 4921 nemo
1629 4876 1737 4920 tam
1769 4876 1950 4919 mente
1991 4875 2182 4937 captus

598 4958 690 5026 qui
727 4974 831 5012 non
862 4959 1145 5030 intelligat.
2066 4946 2075 4955 ⁴

672 5044 837 5101 Vsus.
891 5049 982 5104 56.
1033 5049 1303 5105 «Ειιειῑιίι
1354 5048 1641 5115 Theodas,
1702 5049 1889 5105 dicens
1935 5065 1995 5105 se
2054 5064 2177 5105 esse

601 5134 861 5204 aliquem.
892 5156 911 5189 ι

673 5225 926 5283 'l‘heodas
961 5232 1321 5287 hmresiarclia
1367 5242 1421 5287 et
1444 5232 1610 5289 Judas
1640 5233 1895 5290 Galilmus
1942 5234 1995 5289 in
2044 5243 2180 5289 tem-

603 5332 735 5387 pore
775 5322 1109 5377 recensionis
1141 5325 1337 5378 mortui
1368 5337 1510 5379 sunt.

676 5470 700 5511 ά
726 5471 789 5525 C.
826 5472 893 5530 C.
917 5488 1026 5527 om.
1057 5476 1085 5527 ὁ
1108 5474 1334 5544 ἁδελφός
1364 5493 1480 5531 σου.

584 5635 588 5639 ’
680 5631 752 5702 (2)
787 5632 908 5689 llzcc
930 5644 983 5688 et
1003 5637 1268 5709 scholium
1296 5654 1527 5709 sequens
1546 5639 1679 5694 Cod.
1706 5639 1871 5694 Coisl.
1897 5637 1988 5692 dat
2010 5637 2183 5709 Cliry-

604 5713 864 5784 sos-tonio,
889 5707 1150 5784 etreipsa
1170 5711 1355 5777 paucis
1375 5707 1601 5766 mutatis
1622 5719 1838 5766 exstant
1873 5709 2013 5765 inter
2043 5707 2179 5779 Opp.

606 5772 889 5845 Chrysosl.
926 5773 1017 5841 IX,
1054 5772 1176 5835 105.

2256 1959 2369 1996 του.
2400 1959 2419 1991 ι

2327 2033 2400 2088 Τὸ
2469 2034 2811 2107 ἐρωτηθῆναι
2882 2036 2977 2089 καὶ
3055 2033 3130 2105 μὴ
3183 2032 3517 2103 ὁμολογῆσαι
3582 2030 3643 2083 τὸ
3708 2031 3838 2083 ίδιον

2257 2130 2540 2199 πταῖσμα,
2598 2129 2737 2182 ἀλλὰ
2781 2130 2876 2183 καὶ
2928 2129 2987 2182 τὸ
3030 2127 3269 2181 ἐναντίον
3319 2127 3503 2198 ζητεῖν
3548 2126 3736 2179 λαθεῖν
3773 2125 3839 2178 δι’

2255 2221 2581 2292 ἀρνήσεως,
2628 2220 3018 2291 ἀσύγγνωστον
3053 2219 3255 2273 κακόν’
3292 2218 3373 2271 διὸ
3414 2218 3509 2272 καὶ
3549 2217 3839 2284 ἑπιφθάνει

2257 2314 2422 2378 εὐθὺς
2463 2316 2498 2385 ἡ
2541 2314 2808 2385 τιμωρία.
2861 2312 3051 2375 Οὕτως
3099 2310 3429 2383 εὑρίσκομεν
3480 2311 3575 2363 καὶ
3607 2309 3704 2362 ἐπὶ
3746 2308 3838 2363 τοῦ

2258 2408 2423 2472 Κάῖν,
2469 2407 2527 2468 ὃς
2570 2406 2850 2473 ἀκούσας,
2885 2407 3009 2461 Ποῦ
3059 2406 3231 2460 ἐστιν
3288 2406 3460 2460 Ἅϐελ
3505 2408 3538 2458 ὁ
3577 2403 3843 2473 ἀδελφός

2259 2514 2374 2551 σου
2397 2496 2443 2565 ἀ,
2476 2493 2651 2565 εἶπεν,
2679 2500 2803 2551 Οὐκ
2838 2494 2990 2552 οἶδεν
3017 2496 3112 2551 atati.
3155 2496 3340 2550 λοιπὸν
3373 2499 3406 2567 ἡ
3448 2496 3663 2569 κατάρα
3706 2494 3844 2565 μετά

2259 2590 2433 2643 ταῦτα
2463 2589 2771 2658 ἐπιφθὰνει.

2339 2701 2358 2733 t
2400 2683 2465 2739 Ἡ
2488 2678 2622 2736 οὖσα
2653 2682 2866 2753 αἵρεσις
2895 2681 3005 2733 τῶν
3047 2679 3441 2734 Σαδδουκαίων.
3478 2699 3498 2730 ι

2333 2774 2674 2845 Σημειωτέον
2700 2775 2781 2825 ὅτι
2808 2772 3073 2841 αἱρετικοί
3115 2772 3257 2823 εἰσιν
3286 2773 3334 2825 οἱ
3366 2770 3737 2823 Σαδδουκαῖοι.

2342 2885 2359 2917 ι
2397 2866 2507 2919 Καὶ
2544 2862 2811 2917 ἐπέϐαλον
2843 2862 2942 2924 τὰς
2977 2863 3168 2933 χεῖρας
3202 2862 3298 2915 ἐπὶ
3332 2862 3460 2923 τοὺς
3493 2861 3845 2927 ἀποστολους,

2267 2955 2361 3009 καὶ
2392 2954 2576 3006 ἔθεντο
2604 2953 2800 3015 αὐτοὺς
2826 2954 2884 3004 ὲν
2917 2956 3148 3020 τηρήσει
3175 2948 3432 3019 δημοσίᾳ.
3472 2966 3492 2999 ι

2336 3045 2453 3099 Νῦν
2491 3044 2847 3116 σφοδρότερον
2877 3043 3061 3103 αὐτοῖς
3103 3040 3473 3093 ἐπιτίθενταιο
3515 3039 3616 3091 οὐκ
3648 3036 3850 3098 εὐθέως

2270 3138 2465 3200 αὐτοὺς
2488 3135 2690 3207 ἔκρινε,
2719 3135 3036 3205 προσδοκῶν
3062 3133 3225 3186 πάλιν
3250 3131 3462 3201 πράους
3490 3127 3734 3191 ἔσεσθαι,
3758 3128 3853 3179 καὶ

2272 3227 2628 3298 σφοδρότερον
2656 3227 2839 3290 αὐτοῖς
2870 3226 3176 3281 ἐπιτίθεται
3209 3224 3311 3295 (2).

2347 3340 2365 3372 ι
2406 3319 2670 3389 ’Ἄγγελος
2703 3320 2760 3373 δὲ
2797 3321 3005 3389 Κυρίου
3034 3318 3124 3371 διά
3155 3318 3254 3387 τῆς
3284 3315 3478 3378 νυκτὸς
3504 3314 3726 3380 ἀνοίξας
3756 3314 3853 3375 τὰς

2270 3413 2441 3484 θύρας
2472 3414 2575 3481 τῆς
2605 3412 2875 3481 φυλακῆς,
2901 3408 3189 3478 ἐξαγαγών
3225 3425 3284 3460 τε
3345 3407 3543 3465 αὐτοὺς
3575 3400 3717 3456 εἷπε·
3749 3404 3854 3455 Πο-

2275 3503 2519 3576 ρεύεσθε,
2543 3503 2636 3555 καὶ
2662 3502 2948 3565 σταθέντες
2986 3500 3201 3554 λαλεῖτε
3237 3500 3294 3553 ὲν
3332 3497 3411 3568 τῷ
3450 3494 3583 3567 ἱερῷ
3626 3494 3705 3564 τῷ
3740 3492 3855 3563 λαῷ

2274 3594 2449 3647 πάντα
2482 3593 2549 3646 τὰ
2581 3594 2802 3664 ῥήματα
2833 3592 2933 3662 τῆς
2969 3591 3114 3662 ζωῆς
3153 3588 3378 3659 ταύτης.
3418 3608 3436 3639 1

2344 3684 2516 3739 Τοῦτο
2556 3685 2648 3739 καὶ
2688 3685 2768 3747 είς
2803 3684 3028 3737 ἐκείνων
3068 3680 3421 3753 παραμυθίαν
3456 3679 3717 3748 γέγονεν’
3763 3676 3857 3729 καὶ

2274 3777 2477 3831 τούτων
2511 3777 2751 3846 ὠφέλεια
2796 3776 2889 3828 καὶ
2924 3773 3265 3828 διδασκαλία.
3314 3770 3424 3825 Kal
3468 3769 3596 3839 μετ’
3642 3768 3855 3833 όλίτα’

2276 3869 2404 3923 Δέον
2437 3869 2616 3921 τοίνυν
2646 3870 2918 3939 ἐρωτῆσαι
2949 3864 3167 3936 πρῶτον
3190 3905 3204 3928 ,
3233 3862 3359 3925 Πῶς
3391 3860 3644 3930 ἐξήλθετε
3671 3877 3685 3926 ;
3725 3860 3776 3912 οἱ
3802 3858 3861 3911 δὲ

2276 3963 2351 4021 ὼς
2416 3960 2630 4022 οὐδενὸς
2686 3958 2978 4029 γενομένου
3037 3955 3287 4027 ἐρωτῶσι
3357 3954 3630 4021 λέγοντες,
3711 3949 3861 4019 Οὐχὶ

2278 4052 2640 4122 παραγγελίᾳ
2661 4049 3145 4120 παρηγγείλαμεν
3175 4045 3318 4115 ὑμῖν
3351 4044 3436 4113 μὴ
3463 4043 3715 4107 λαιεῖνς
3749 4040 3866 4095 Καὶ

2279 4145 2381 4215 ὅρα
2420 4145 2489 4197 δι’
2544 4142 2747 4213 ἑτέρων
2809 4140 3172 4213 μανθάνουσιν
3226 4136 3483 4191 ἀπανταο
3542 4134 3709 4205 ὁρῶσι
3766 4149 3865 4184 κε-

2279 4233 2609 4304 κλεισμένην
2651 4233 2753 4303 τὴν
2801 4230 3050 4302 φυλακὴν
3098 4230 3215 4301 μετ’
3246 4227 3549 4298 ἀσφαλείας
3592 4226 3686 4280 καὶ
3734 4225 3867 4286 τοὺς

2281 4323 2528 4398 φύλακας
2553 4326 2792 4388 ἑστῶτας
2822 4325 2927 4395 προ
2950 4323 3058 4376 τῶν
3095 4322 3296 4394 θυρῶν.

2357 4439 2376 4471 ‹
2416 4420 2478 4472 Ol
2509 4418 2565 4471 δὲ
2589 4416 2861 4487 ὑπηρέται
2886 4414 3325 4486 παραγενόμενοι
3357 4412 3455 4482 οὐχ
3481 4405 3639 4482 εὗρον
3666 4408 3871 4472 αὐτοὺς

2211 4507 2256 4562 D
2285 4514 2342 4566 ὲν
2375 4512 2441 4579 τῇ
2483 4509 2723 4579 φυλακῇ.
2764 4526 2782 4557 ι

2347 4601 2409 4653 Εἰ
2452 4598 2708 4663 ἐξέϐαλον
2743 4595 2941 4660 αὐτοὺς
2985 4596 3033 4648 oi
3078 4594 3344 4663 φύλακες,
3385 4592 3461 4655 ὡς
3504 4591 3703 4644 ἐκεῖνος.
3751 4591 3873 4643 ἐνόσ-

2282 4688 2469 4758 μιζον,
2504 4688 2705 4757 έφυγον
2740 4686 2828 4752 ἂν,
2870 4686 2988 4753 εἴγε
3032 4683 3346 4746 πεισθέντες
3392 4682 3617 4751 ἐξῆλθον
3642 4699 3655 4711 '
3685 4681 3785 4733 καὶ
3821 4683 3872 4733 εἰ

2280 4777 2537 4843 ἐξέϐαλον
2559 4775 2755 4837 αὐτοὺς
2778 4776 2997 4837 ἐκεῖνοι,
3022 4774 3122 4827 οὐκ
3149 4773 3216 4833 ἂν
3347 4773 3408 4825 τὸ
3431 4771 3576 4842 ἱερὸν
3597 4771 3867 4839 ἔστησαν,

2282 4871 2397 4923 ἀλλ’
2434 4870 2751 4941 ἀπέδρασαν
2783 4868 2848 4922 ἄν
2875 4883 2888 4896 ’
2924 4866 3081 4920 τοῦτο
3107 4866 3163 4919 δὲ
3195 4866 3370 4927 οὐδεὶς
3407 4862 3582 4927 οὕτως
3612 4863 3868 4933 ἀνόητος,

2284 4959 2425 5013 ὥστε
2456 4958 2529 5029 μὴ
2561 4956 2810 5010 συνιδεῖν.

2361 5068 2381 5103 t
2432 5050 2657 5118 Ἀνέστη
2695 5046 2899 5109 Θευδᾶς
2941 5045 3118 5114 λέγων
3159 5040 3298 5099 εἶναί
3352 5061 3474 5097 τινα
3525 5043 3719 5096 ἑαυτὸν
3773 5042 3868 5112 μέ-

2287 5159 2410 5210 γαν.
2456 5159 2476 5192 ›

2358 5234 2563 5298 Θευδᾶς
2616 5237 2691 5305 (5)
2747 5234 3104 5305 αἱρεσιὰρχης
3162 5233 3257 5286 ml.
3329 5230 3529 5293 Ἰούδας
3580 5229 3873 5292 Γαλιλαῖος

2288 5327 2381 5379 ἐπὶ
2405 5324 2513 5379 τῶν
2541 5327 2752 5397 χρόνων
2792 5326 2894 5396 τῆς
2923 5323 3250 5396 ἀπογραφῆς
3282 5322 3682 5390 κατελύθησαν.

2368 5642 2439 5713 (5)
2470 5641 2593 5698 llaec
2621 5643 2761 5700 inter
2782 5657 3053 5714 anonyma
3076 5642 3238 5697 liabet
3259 5650 3448 5697 catena
3476 5636 3749 5702 Crameri,
3775 5637 3875 5695 sed

2291 5712 2427 5771 Cod.
2459 5715 2624 5770 Coisl.
2656 5712 2947 5770 Atnmonio
2986 5714 3196 5768 tribuit.
