4130 6534
271 423 407 488 1529

201 653 205 656 λ
272 627 369 681 τοῦ
403 625 704 696 συνεδρίου.
739 643 758 675 ι

358 717 528 784 ’Υπὲρ
555 716 662 769 τοῦ
696 697 989 784 όνίόματος
1030 711 1429 782 ἀτιμασθῆναιο
1469 710 1548 782 τῷ
1585 708 1858 778 καθολικῷ

275 811 627 882 χρησάμενος
655 808 950 877 ἐδήλωσεν,
977 807 1058 859 ὅτι
1079 806 1211 870 Θεὸς
1232 801 1298 876 ἦν
1327 808 1356 859 ὁ
1391 804 1619 874 Ἰησοῦς.
1645 804 1858 872 Ὥσπερ

279 903 385 973 γάρ
413 918 498 964 τις
543 899 740 966 λέγων,
778 898 948 960 Αὐτὸς
985 893 1161 960 εἶπεν,
1205 897 1265 950 Ὀ
1295 896 1370 950 ῶν
1403 892 1549 963 εἷπε,
1588 895 1681 948 τὸν
1727 893 1862 947 Θεὸν

284 989 562 1062 σημαίνειο
594 987 770 1051 οὕτως
799 988 893 1040 καὶ
923 989 953 1040 ὁ
980 987 1250 1056 ἀορίστως
1279 985 1340 1039 τὸ
1379 985 1551 1056 θνομα
1587 985 1748 1056 μόνον
1780 984 1862 1036 εἰς

281 1081 420 1146 πὼν,
451 1077 652 1150 ὁμοίως
682 1080 784 1148 τὴν
813 1078 961 1132 θείαν
994 1078 1092 1131 τοῦ
1129 1074 1306 1148 Ἰησοῦ
1335 1077 1526 1130 οὐσίαν
1556 1077 1856 1148 ἐσήμανεν.

858 1252 1112 1306 una.
1157 1255 1248 1321 cr.

422 1367 532 1419 Καὶ
570 1361 1002 1435 προσευξάμενοι
1038 1359 1314 1432 ἐπέθηκαν
1365 1360 1551 1421 αὐτοῖς
1598 1359 1697 1423 τὰς
1748 1360 1866 1429 χεῖ-

329 1474 411 1522 ας.
459 1477 478 1510 ι

329 1479 411 1522 ας.
459 1479 478 1510 ι

295 1479 324 1532 ρ
359 1545 705 1618 Σημειωτέον
740 1543 822 1597 ὅτι
859 1542 926 1596 δι’
957 1543 1126 1613 εὐχῆς
1162 1542 1257 1595 καὶ⁸
1291 1540 1588 1605 ἐπιθέσεως
1608 1539 1720 1593 τῶν
1754 1556 1872 1610 χει-

295 1640 403 1713 ρῶν
423 1638 532 1693 τῶν
557 1636 878 1709 ἡγουμένων
903 1634 979 1706 τῷ
1010 1635 1153 1704 λόγῳ
1177 1635 1211 1706 ή
1232 1634 1554 1706 χειροτονία,
1581 1633 1673 1686 καὶ
1692 1635 1726 1702 ἡ
1755 1630 1879 1692 ἀξία

293 1736 390 1803 τῆς
431 1731 708 1794 διακονίας
751 1729 908 1799 ὲδὸθη
957 1729 1014 1794 ἐξ
1048 1727 1223 1798 ἀρχῆς
1267 1724 1694 1789 τοῖς’διακόνοις
1719 1765 1733 1789 ,
1781 1723 1877 1776 καὶ

295 1825 451 1878 τοῦτο
478 1835 504 1864 ο
533 1823 653 1885 ἔθος
683 1820 844 1891 μέχρι
874 1820 970 1873 καὶ
1007 1817 1102 1872 νῦν
1131 1816 1387 1882 σώζεται.

1179 417 1639 492 FRAGMENTA
1681 417 1762 475 IN
1802 415 1989 475 ACTA
2031 411 2607 473 APOSTOLORUM.

347 555 365 587 ι
407 535 470 589 Οἱ
505 534 603 606 μὲν
628 528 721 587 οὖν
749 530 1076 602 ἐπορεύοντο
1096 530 1382 600 χαίροντες
1414 529 1526 583 ἀπὸ
1553 527 1848 599 προσώπου
1882 531 1929 586 Α

3397 399 3553 465 1530·

2046 527 2205 581 Vens.
2256 527 2345 579 41.
2392 544 2410 576 ι
2445 521 2511 576 Ει
2560 521 2633 576 illi
2680 519 2894 591 quidem
2952 517 3104 573 ibant
3151 514 3451 587 gaudentes
3519 525 3548 560 a

1961 627 2256 688 conspectu
2293 614 2538 672 concilii.
2580 631 2600 665 ι

2023 709 2145 777 ,Ρνο
2193 706 2401 760 nomine
2446 701 2626 775 [Iesu]
2671 697 3055 755 contumeliam
3102 695 3249 766 pati;
3299 692 3542 764 generali

1965 810 2126 854 utens
2168 796 2557 852 demonstravit
2596 791 2738 863 quod
2772 792 2918 846 Dens
2961 797 3084 844 erat
3119 785 3278 841 Jesus
3307 798 3322 838 :
3353 796 3549 852 quem-

1965 890 2254 948 admodum
2279 889 2463 942 dicens
2495 886 2752 955 quidam;
2784 883 2902 952 ipse
2929 880 3088 946 dixit,
3128 876 3233 944 Qui
3266 883 3352 931 est
3380 871 3545 936 dixit;

1967 988 2136 1042 Deum
2183 980 2479 1053 signiﬁcat,
2515 979 2596 1034 sic
2633 987 2688 1033 et
2717 977 2810 1046 qui
2843 975 3050 1043 absque
3089 967 3406 1026 deﬁnitione
3450 977 3549 1018 no-

1969 1092 2089 1132 men
2123 1084 2333 1129 tantum
2366 1071 2515 1127 dicit.
2545 1067 2797 1124 similiter
2823 1065 3058 1121 divinam
3089 1061 3214 1118 Jesu
3243 1054 3541 1115 essentiam

1969 1163 2318 1236 signiﬁcavit.

2611 1248 2768 1305 CAP.
2810 1246 2899 1304 Vl.

2047 1370 2210 1426 Vens.
2243 1369 2296 1424 5.
2346 1386 2363 1419 ι
2405 1367 2470 1421 Ει
2499 1373 2738 1421 orantes-
2760 1363 3134 1433 imposuerunt
3165 1357 3246 1414 eis
3273 1367 3492 1410 manus.
3528 1368 3548 1403 ι

2048 1545 2352 1603 Notandum
2397 1540 2543 1612 quod
2574 1553 2670 1610 per
2699 1551 2890 1608 preces
2943 1543 2996 1591 et
3041 1547 3297 1588 manuum
3339 1529 3406 1585 ad
3436 1543 3557 1583 ver-

1978 1641 2105 1695 bum
2144 1632 2520 1691 accedentium
2565 1625 2966 1696 impositionem
2993 1620 3300 1683 ordinatio,
3347 1626 3404 1672 et
3441 1616 3560 1670 dia-

1979 1735 2208 1784 conatus
2232 1723 2468 1794 dignitas
2492 1717 2737 1775 diaconis
2776 1715 2846 1770 ab
2868 1713 3023 1769 initio
3050 1712 3175 1767 data
3207 1716 3322 1775 est;
3361 1716 3416 1762 et
3445 1720 3564 1761 mos

1981 1818 2070 1872 ille
2099 1831 2268 1886 usque
2295 1813 2360 1869 ad
2386 1827 2484 1868 nos
2511 1815 2850 1879 perseverat.

372 1936 389 1969 ι
437 1917 496 1969 '0
523 1914 542 1953 ί
577 1877 861 1986 ἄπιθρωὲος
893 1907 1046 1974 οὗτος
1083 1911 1143 1964 οὐ
1188 1877 1422 1963 παύεται
1452 1907 1630 1962 λαλῶν
1657 1909 1880 1978 ῥήματα

2067 1908 2235 1962 Vens.
2281 1905 2370 1960 l5.
2412 1921 2432 1954 ‹
2484 1900 2659 1956 Homo
2699 1899 2806 1954 iste
2844 1911 2951 1951 non
2991 1902 3169 1950 cessat
3212 1891 3359 1961 loqui
3405 1889 3568 1944 verba

301 2006 599 2077 βλάσφημα
630 2004 770 2058 κατὰ
802 2002 898 2056 τοῦ
925 2002 1090 2056 τόπου
1123 2001 1217 2055 τοῦ
1254 2001 1410 2069 ἁγίου
1440 2000 1633 2054 τούτου
1662 1999 1756 2052 καὶ
1788 1997 1883 2051 τοῦ

299 2095 488 2164 νόμον·
520 2091 840 2162 ἀκηκόαμεν
877 2091 986 2161 γὰρ
1021 2089 1189 2143 αὑτοῦ
1221 2089 1496 2158 λέγοντος.
1541 2108 1559 2140 ›

370 2181 714 2254 Σημειωτέον
770 2183 853 2236 ὅτι
903 2181 1056 2235 αὑτοὶ
1109 2182 1158 2235 οἱ
1211 2180 1660 2252 ψευδομάρτυρες
1712 2177 1886 2249 άληθῆ

302 2275 696 2344 προεφήτευον,
737 2273 834 2326 καὶ
867 2272 940 2343 μὴ
978 2271 1318 2343 βουλόμενοι,
1346 2271 1478 2345 περὶ
1505 2271 1606 2341 τῆς
1627 2269 1722 2324 τοῦ
1760 2268 1889 2322 ναοῦ

301 2365 579 2429 ἀπωλείας
619 2366 714 2418 καὶ
763 2365 865 2435 τῆς
908 2365 1218 2435 ὲναλλαγῆς
1256 2363 1359 2434 τῆς
1405 2363 1546 2416 κατά
1591 2362 1685 2416 τὸν
1726 2361 1894 2433 νόμον

306 2475 374 2510 σα
381 2457 579 2528 ρκικῆς
607 2455 886 2527 λατρείας.

379 2566 400 2600 ι
433 2549 544 2602 Καὶ
577 2547 944 2617 μετετέθησαν
979 2549 1060 2611 εἰς
1095 2547 1300 2618 Συχὲμ,
1333 2547 1427 2600 καὶ
1456 2546 1720 2615 ἐτέθησαν
1740 2542 1896 2615 ἐντῷ

310 2641 554 2710 μνήματι
581 2632 626 2707 ᾧ
653 2639 906 2709 ὠνήσατο
950 2638 1203 2708 Ἀϐραὰμ
1223 2637 1389 2708 τιμῆς
1414 2636 1705 2708 ἀργυρίου,
1742 2635 1896 2706 παρὰ

306 2732 416 2785 τῶν
455 2730 588 2784 υἱῶν
629 2727 862 2800 Ἑμμὼρ
893 2730 952 2781 ὲν
977 2728 1186 2798 Συχέμ.
1231 2747 1251 2780 ι

379 2823 725 2894 Σημειωτέον
755 2820 833 2892 (4)
884 2822 966 2874 ὄτι
1009 2823 1091 2884 είς
1124 2820 1310 2889 Συχὲμ
1346 2818 1631 2888 ἐτάφησαν
1675 2819 1726 2872 οἱ
1765 2819 1897 2887 περὶ

307 2912 405 2966 τὸν
440 2910 694 2982 Ἀϐραὰμ
727 2910 822 2964 καὶ
847 2910 897 2963 οἱ
927 2909 1290 2981 πατριάρχαι·
1316 2909 1440 2978 ἥτις
1475 2905 1723 2961 ἐκαλεῖτο
1753 2905 1896 2975 τάχα

314 3001 536 3071 Σίκιμω
555 3001 724 3071 αὐτὴν
739 2999 848 3070 γάρ
869 2999 1117 3070 ὠνήσατο
1133 2997 1289 3069 παρὰ
1319 2995 1550 3067 Ἑμμὼρ
1565 2998 1594 3054 ὁ
1621 2994 1894 3065 Ἀϐραὰμ,

317 3091 404 3144 ινα
429 3089 576 3163 θάψῃ
601 3091 719 3144 ἐκεῖ
741 3090 980 3162 Σάρραν.

791 3206 796 3212 ’
930 3202 1185 3256 ΚΕΦΑΛ.
1223 3203 1296 3256 Ζ’.

395 3333 414 3366 ι
452 3315 561 3370 Καὶ
589 3312 930 3384 ἀνεθρέψατο
959 3311 1120 3364 αὐτὸν
1147 3313 1314 3380 ἑαυτῇ
1340 3311 1420 3373 εἰς
1455 3310 1592 3363 υἱόν.
1633 3328 1651 3361 ι

391 3405 530 3460 Οὔτε
565 3404 834 3473 Μωῦσῆς,
862 3400 986 3455 οὔτε
1017 3403 1066 3454 oi
1095 3402 1226 3470 napi.
1271 3401 1525 3455 ’Δνανίαν
1571 3400 1668 3453 καὶ
1710 3398 1909 3470 Δανιὴλ

1988 1998 2338 2068 blasphemiae
2369 1995 2634 2049 adversus
2670 1991 2847 2045 locum
2887 1995 3134 2041 sanctum
3172 1993 3227 2038 et
3264 1982 3433 2053 legem
3469 1977 3568 2050 (4).

1990 2092 2306 2148 Andivimus
2339 2087 2483 2143 enim
2514 2098 2638 2139 eum
2672 2082 2963 2137 dicentem.
2995 2096 3014 2128 ›

2058 2181 2368 2236 Notandum
2419 2177 2562 2247 quod
2602 2175 2704 2245 ipsi
2737 2171 2858 2228 falsi
2894 2179 3061 2226 testes
3106 2182 3234 2221 vera
3279 2163 3574 2236 propheta-

1991 2276 2124 2329 bant
2152 2283 2207 2327 et
2235 2271 2414 2335 inviti,
2443 2269 2511 2323 de
2541 2266 2724 2335 templi
2755 2265 2910 2319 ruina
2950 2269 3005 2314 et
3039 2257 3420 2314 immutatione
3451 2268 3572 2310 car-

1995 2368 2135 2423 nalis
2161 2365 2315 2434 juxta
2340 2362 2515 2432 legem
2549 2359 2742 2414 latri-aa.

2068 2542 2236 2598 Vens.
2277 2537 2366 2594 16.
2431 2554 2451 2588 ι
2489 2536 2554 2591 Et
2608 2531 2855 2588 translati
2907 2530 2959 2584 in
3017 2526 3262 2589 Sichem.
3310 2530 3365 2578 et
3416 2517 3578 2591 positi

1997 2640 2123 2688 sunt
2169 2634 2224 2683 in
2272 2620 2521 2696 sepulcro
2554 2623 2697 2692 quod
2755 2620 2888 2674 emit
2934 2616 3210 2671 Abraham
3267 2608 3442 2681 pretio
3493 2617 3582 2660 ar-

1998 2721 2145 2792 genti
2179 2734 2211 2774 a
2239 2717 2364 2772 ﬁliis
2401 2714 2602 2770 Hemor
2627 2711 2721 2766 ﬁlii
2756 2709 2995 2764 Sichem.
3028 2725 3048 2758 ι
3303 2767 3309 2772 ν

2071 2810 2376 2868 Notandum
2407 2806 2562 2862 estin
2610 2802 2828 2858 Sichem
2857 2797 3127 2854 Abraham
3161 2802 3216 2848 et
3247 2788 3585 2863 patriarchas

1999 2902 2240 2973 sepultos
2270 2899 2464 2954 fuisse.
2517 2894 2738 2950 Sichem
2791 2889 2980 2945 eadem
3033 2884 3174 2940 forte
3211 2898 3274 2938 ac
3320 2878 3583 2935 Sichima.

2002 2995 2151 3051 Hanc
2194 2991 2338 3047 enim
2380 2989 2451 3044 ab
2483 2987 2682 3044 llemor
2722 2982 2856 3040 emit
2888 2977 3163 3034 Abraham
3215 2973 3283 3028 ad
3319 2967 3588 3040 sepelien-

2003 3086 2129 3142 dum
2157 3096 2355 3154 corpus
2379 3081 2447 3136 Sa
2458 3094 2552 3134 rae.

2648 3184 2802 3242 CAP.
2851 3182 2959 3237 VII.

2077 3307 2242 3362 Vens.
2277 3305 2372 3360 21.
2419 3323 2436 3355 ι
2466 3303 2532 3356 Ει
2570 3299 2796 3354 nutr'ivit
2825 3311 2948 3351 eum
2979 3295 3082 3348 sibi
3103 3293 3165 3346 .in
3195 3292 3384 3345 lilium.
3426 3307 3444 3340 ι

2078 3399 2192 3454 Nec
2223 3397 2461 3467 Moyses,
2491 3407 2588 3446 nec
2620 3389 2860 3444 Ananias
2888 3398 2942 3442 et
2976 3383 3161 3440 Daniel
3195 3391 3251 3436 et
3287 3379 3420 3435 socii
3453 3377 3593 3431 didi-

323 3497 528 3568 ἑμαθον
555 3495 620 3549 ἂν
649 3494 748 3563 τὴν
767 3468 935 3562 ’ξένην
961 3468 1234 3554 παιδείαν,
1265 3493 1312 3542 εἰ
1345 3491 1419 3561 μὴ
1444 3489 1662 3562 ἀνάγκῃ
1691 3489 1787 3542 καὶ
1817 3468 1881 3558 βία

2010 3493 2216 3547 cissent
2254 3501 2394 3541 vana
2424 3485 2770 3544 documenta,
2813 3479 2919 3533 nisi
2965 3491 3031 3531 ex
3064 3472 3388 3529 necessitate
3413 3477 3468 3522 et
3498 3468 3601 3521 im-

324 3556 624 3642 δεσποτῶν·
671 3556 764 3639 καὶ
791 3556 904 3656 *γάρ
941 3584 998 3638 ὲν
1026 3583 1204 3636 οὐδενὶ
1231 3556 1369 3653 αὑτῇ
1398 3556 1716 3651 κέχρηνται·
1746 3580 1795 3631 εί
1818 3556 1881 3648 -μπ

2011 3583 2161 3655 perio
2185 3576 2614 3639 dominantium;
2665 3570 2869 3626 ctenim
2911 3565 3108 3621 talibus
3151 3558 3494 3618 documentis
3523 3556 3592 3610 ad

328 3696 432 3732 που
475 3679 618 3731 εἴποι
643 3674 759 3742 τις,
791 3644 888 3729 ἐτι,
908 3675 1071 3729 καλὸν
1104 3673 1298 3745 μαθεῖν
1337 3644 1574 3744 ἑψιζτδ
1611 3644 1881 3741 ἀνατρέψαι

2012 3644 2239 3726 nihilum
2281 3666 2362 3721 usi
2393 3673 2540 3727 sunt,
2590 3662 2641 3715 ni
2679 3660 2820 3714 forte
2847 3657 2990 3711 dicat
3022 3654 3243 3724 quidam
3282 3649 3424 3718 quod
3475 3644 3598 3712 pul-

328 3773 426 3835 τὰς
454 3770 680 3823 ἐκείνων
708 3767 946 3830 ἀπάτας.

793 3883 826 3909 ο

2015 3763 2205 3818 chrum
2270 3759 2340 3811 sit
2383 3756 2597 3809 discere
2650 3751 2715 3805 ad
2778 3745 3137 3803 coniutandas
3199 3742 3389 3794 borum
3441 3732 3602 3789 vani-

2019 3864 2178 3909 tates.

2087 3963 2255 4016 Vens.
2292 3957 2382 4014 55.
2429 3976 2447 4009 ι
2481 3955 2618 4011 Ecce
2649 3952 2806 4007 video
2838 3948 3009 4005 caelos
3043 3954 3282 4019 apertos,
3320 3948 3374 3996 et
3405 3936 3606 3994 Filium

2020 4055 2252 4110 hominis
2281 4059 2512 4106 stantem
2542 4062 2573 4100 a
2596 4045 2802 4101 dextris
2825 4043 2938 4097 Dei.
2970 4061 2988 4094 ι

409 3989 427 4022 ι
468 3963 830 4038 Ὶδοὺ,θεωρῶ
846 3964 972 4026 τοὺς
991 3962 1254 4033 οὐρανοὺς
1282 3958 1686 4030 ἀνεῳγμένους,
1715 3957 1916 4011 καὶτὸν

335 4060 463 4115 Υίὸν
489 4059 585 4112 τοῦ
619 4055 906 4126 ἀνθρώπου
933 4053 1145 4105 ἑστῶτα
1176 4053 1239 4104 ὲκ
1271 4051 1459 4115 δεξιῶν
1488 4049 1584 4102 τοῦ
1616 4048 1772 4105 Θεοῦ.
1814 4067 1832 4098 ι

403 4149 536 4203 Θεὸν
569 4147 696 4200 ίδεῖν
724 4121 1004 4199 άδύνατον·
1037 4141 1117 4195 διὸ
1143 4137 1287 4204 εἷπε,
1317 4139 1690 4204 δόξαι-Θεοῦο
1714 4135 1881 4206 ταύτη

2092 4145 2262 4199 Deum
2289 4143 2472 4196 videre
2495 4136 2831 4207 impossibile
2861 4153 2875 4189 :
2901 4134 3021 4188 ideo
3053 4132 3128 4185 ait
3157 4147 3172 4185 :
3200 4125 3437 4183 Gloriam
3470 4121 3606 4185 Dei;

334 4239 434 4311 τὴν
471 4237 628 4303 δόξαν
672 4231 830 4286 καλεῖ
859 4231 992 4284 Θεὸν
1033 4227 1508 4298 καταχρηστικῶς.
1555 4225 1645 4277 Διὸ
1686 4240 1881 4294 σημεια

2024 4241 2163 4296 hanc
2193 4235 2424 4306 gloriam
2453 4239 2612 4286 vocat
2641 4229 2831 4294 Deum,
2866 4242 2965 4296 per
3002 4219 3361 4280 catacltresim
3383 4236 3399 4284 ;
3425 4217 3611 4281 itaque

337 4307 460 4384 τέον
491 4328 573 4381 ὅτι
607 4325 658 4378 οἱ
686 4323 972 4392 λεγόμενοι
1010 4321 1317 4390 ἑωρακέναι
1344 4317 1497 4383 Θεὸν,
1537 4315 1692 4380 δόξαν
1719 4313 1881 4385 ὲώροι

2030 4329 2327 4386 notandum
2353 4324 2499 4396 quod
2533 4325 2624 4395 qni
2650 4323 2853 4378 vidisse
2886 4319 3053 4373 Deum
3084 4317 3355 4379 dicuntur,
3379 4307 3607 4380 gloriam

341 4423 512 4484 θείαν,
541 4420 572 4491 ἢ
614 4420 671 4471 ὲν
694 4414 905 4487 πυρὶ,ἢ
939 4415 998 4466 ὲν
1033 4412 1211 4483 στύλῳ
1242 4411 1495 4481 νεφέλης,
1532 4408 1564 4480 ἢ
1597 4411 1653 4461 ὲν
1679 4411 1874 4476 ζσαπφε

2028 4427 2430 4492 conspexerunt
2454 4417 2693 4472 divinam
2719 4457 2734 4482 ,
2770 4422 2863 4468 attt
2895 4412 2948 4465 in
2982 4410 3124 4480 igne,
3153 4414 3245 4460 aut
3280 4404 3332 4457 in
3359 4401 3612 4456 columna

344 4512 538 4585 ροειὸεἰ
561 4503 884 4578 ὁράματαῆ
914 4504 1303 4575 ὴλεκτροειδεί.

1988 4545 2007 4598 ι
2033 4512 2210 4579 nubis,
2236 4520 2329 4565 aut
2354 4509 2406 4563 in
2439 4509 2647 4566 visione
2677 4504 2829 4574 quasi
2857 4499 3093 4572 sapphiri
3120 4506 3214 4555 aut
3237 4492 3445 4551 electri.

943 4617 1199 4672 ΚΕΦΑΛ.
1235 4616 1320 4669 H'.
1732 4664 1735 4668 .

2657 4617 2809 4674 CAP.
2849 4613 2988 4671 Vlll.

418 4759 438 4792 ι
493 4741 791 4810 Προσείχον
834 4735 893 4789 δὲ
928 4731 1099 4802 αὐτῷ,
1131 4729 1221 4785 διὰ
1261 4729 1324 4782 τὸ
1372 4727 1544 4798 ἱκανῷ
1579 4727 1760 4798 χρόνῳ
1809 4728 1881 4779 τα

2102 4738 2269 4793 Vens.
2294 4736 2382 4789 ll.
2429 4752 2448 4784 ι
2480 4729 2848 4786 Attendebant
2871 4734 3048 4784 autem
3074 4737 3196 4776 eum
3225 4727 3448 4790 propter
3469 4715 3617 4785 quod

347 4830 603 4902 μαγείαις
633 4827 987 4896 ἐξεστακέναι
1015 4822 1234 4886 αὐτούς.
1276 4843 1294 4874 ι

2029 4839 2185 4886 σοι-ιο
2215 4837 2461 4893 tempore
2503 4821 2696 4890 magiis
2728 4819 3096 4871 dementasset
3123 4825 3239 4866 eos.
3280 4829 3301 4861 ι

416 4921 760 4992 Σημειωτέον
779 4917 942 4971 ὅτιού
965 4916 1048 4970 δεῖ
1067 4914 1167 4985 μὲν
1197 4913 1519 4984 πλησιάζειν
1543 4913 1760 4984 μάγοις·
1792 4909 1881 4963 πλί

2113 4915 2417 4973 Notandum
2452 4911 2596 4980 quod
2643 4907 2883 4976 magicos
2916 4902 3268 4970 frequentare
3310 4911 3416 4951 non
3455 4907 3615 4964 opor-

349 5015 397 5066 εί
423 4985 724 5080 ἀττατηθείς
750 5027 833 5072 τις
854 5007 1132 5078 ἐποίησεν,
1159 5006 1479 5076 ἀφιστάσθω
1505 5007 1736 5076 ταχέως·
1767 5005 1800 5073 ἡ
1821 5003 1881 5073 γὸ

2043 5019 2156 5074 tet;
2203 5016 2440 5058 attamen
2489 5001 2532 5056 si
2586 4999 2850 5065 deceptus
2889 4993 3109 5062 quidam
3154 4989 3286 5052 fuit,
3329 4985 3616 5040 confeSIim

349 5079 649 5173 ὲπιμονὴίὴ
683 5103 741 5154 ἐν
772 5103 887 5163 τοῖς
919 5101 1110 5162 κακοῖς
1142 5101 1222 5163 είς
1249 5098 1506 5154 ἔκστασιν
1537 5098 1660 5166 ἄγει
1690 5095 1881 5166 φρενῶ

2045 5098 2300 5160 recedat;
2357 5107 2592 5162 namque
2641 5102 2790 5144 mora
2836 5085 2978 5156 apud
3035 5081 3226 5144 malos,
3282 5079 3336 5135 in
3374 5090 3616 5137 errorem

349 5197 494 5251 ὥστε
527 5196 602 5264 μὴ
634 5191 867 5244 συνιέναι
897 5191 966 5244 τὰ
992 5193 1256 5262 γινόμενα
1283 5191 1582 5260 διακρῖναι.

2036 5185 2245 5244 inducit
2290 5182 2570 5244 mentium,
2619 5179 2690 5237 ita
2741 5187 2798 5231 ut
2850 5190 2957 5232 non
2987 5171 3324 5240 intelligatur
3368 5175 3427 5224 ut
3473 5163 3619 5224 facta

2037 5280 2371 5335 iudicentur-

2058 5297 2343 5335 natcentur
2365 5302 2371 5308 ·

2032 5297 2049 5352 1
2115 5368 2278 5424 Vens.
2312 5365 2401 5420 l7.
2443 5382 2461 5415 ι
2494 5362 2646 5417 Tunc
2679 5357 3036 5431 imponebant
3059 5369 3252 5412 manus
3278 5366 3440 5420 super
3473 5349 3622 5410 illos,

2044 5474 2099 5520 et
2122 5458 2458 5530 accipiebant
2490 5454 2750 5530 Spiritum
2782 5459 3051 5510 sanctum.
3089 5467 3110 5503 ι

432 5395 456 5427 ι
485 5374 622 5427 Τότε
669 5372 1004 5426 ἐπετίθεσαν
1049 5373 1149 5435 τὰς
1183 5374 1373 5442 χεῖρας
1422 5372 1510 5424 ἐπ’
1559 5371 1790 5437 αὐτοὺς,
1844 5371 1937 5423 καὶ

357 5465 663 5536 ἐλάμϐανον
697 5462 926 5535 Πνεῦμα
958 5462 1132 5532 ἅγιον.
1170 5483 1189 5515 ι

435 5681 460 5710 ο
484 5669 546 5723 C.
579 5667 640 5722 C.
675 5665 835 5720 τοῦτο
855 5665 936 5718 τό.
1021 5662 1038 5701 ί
1078 5662 1210 5716 Cod.
1236 5663 1316 5714 ὅτι
1350 5664 1397 5714 ὁ.

437 5848 512 5917 (li)
547 5847 663 5903 lloc
701 5845 967 5902 scholium
998 5844 1236 5912 assignat
1274 5838 1560 5896 Ammonio
1602 5837 1737 5896 Cod.
1767 5838 1936 5895 Coisl.
