4130 6532
665 393 790 457 1531

659 599 889 666 ptisatus
940 599 1006 651 ab
1054 597 1170 665 ipso
1228 611 1332 650 non
1380 596 1602 666 Spiritui
1660 610 1846 653 Sancto
1894 602 2219 671 participare

660 690 821 743 fecit?
849 690 914 743 ad
941 703 1101 758 quem
1129 697 1339 757 oportet
1362 691 1710 756 respondere,
1744 690 1832 742 Dei
1858 692 2031 759 gratia
2066 691 2218 761 adju—

656 792 835 845 vante,
868 781 989 847 quia
1025 782 1067 833 si
1103 780 1155 833 in
1186 779 1454 848 principio
1498 793 1620 832 cum
1650 780 1939 848 baptizavit
1973 780 2220 836 Samari-

660 884 818 928 tanus
846 872 1149 941 Philippus,
1195 886 1353 925 nemo
1388 870 1646 939 Spiritum
1685 883 1930 927 sanctum
1977 876 2216 943 accepit;

658 965 750 1017 sed
794 965 989 1017 deinde
1037 962 1196 1017 simul
1254 971 1416 1031 atque
1466 963 1666 1029 precati
1710 974 1835 1016 sunt
1878 961 2113 1019 Joannes
2164 974 2219 1019 et

658 1054 870 1116 Petrus,
898 1052 1043 1105 dedit
1076 1066 1170 1120 per
1193 1065 1445 1119 manuum
1474 1051 1642 1119 ipsius
1679 1051 2071 1119 impositionem
2098 1069 2220 1108 san-

655 1156 801 1198 ctum
840 1143 1097 1212 Spiritum
1135 1142 1459 1211 baptizatis;
1504 1144 1772 1196 communi
1824 1144 1965 1197 enim
2000 1148 2217 1200 nomine

651 1232 709 1288 Et
737 1249 841 1288 non
878 1233 1099 1287 definito
1132 1233 1265 1287 dixit
1301 1232 1601 1300 Scriptura,
1631 1233 1753 1301 quia
1801 1233 2045 1288 manibus
2085 1250 2215 1302 apo-

655 1324 919 1379 stolorum
954 1338 1116 1393 super
1168 1323 1355 1377 fideles
1389 1323 1654 1392 impositis
1685 1324 1934 1391 apparuit
1980 1324 2214 1393 Spiritus

653 1415 861 1485 gratia;
901 1429 1003 1466 non
1048 1414 1183 1466 dixit
1213 1412 1337 1481 quia
1372 1426 1466 1480 per
1498 1412 1669 1466 solum
1708 1412 1924 1466 Petrum
1978 1423 2031 1468 et
2061 1413 2219 1468 Joan-

654 1523 802 1570 nem,
841 1508 934 1561 sed
963 1505 1165 1574 absque
1190 1505 1528 1559 restrictione
1560 1505 1785 1573 loquens
1817 1504 2124 1576 Philippum
2161 1517 2217 1563 et

652 1594 1101 1665 rounprchendit;
1159 1593 1350 1648 deinde
1405 1608 1508 1647 non
1567 1602 1748 1662 utpOte
1797 1595 2079 1663 imperitus
2136 1598 2215 1651 vel

654 1689 905 1755 indignus
953 1687 1232 1755 Philippus
1274 1686 1533 1754 Spiritum
1581 1702 1684 1740 non
1724 1701 1886 1755 super
1915 1688 2217 1756 baptizatos

650 1779 717 1831 ab
745 1778 859 1844 ipso
889 1778 1220 1830 descendere
1251 1775 1398 1840 fecit,
1434 1776 1649 1844 quando
1683 1784 1739 1830 et
1775 1778 1885 1844 ipse
1923 1777 2213 1847 inseriptus

647 1876 731 1922 est
774 1870 924 1937 signa
961 1868 1187 1931 faciens,
1242 1868 1295 1920 in
1343 1868 1654 1920 morborum
1699 1868 2012 1922 sanationes
2058 1879 2109 1923 et
2150 1870 2216 1924 ad
2251 1855 2290 1912 Β

649 1959 923 2011 dzetnones
957 1956 1339 2024 expellendos;
1370 1958 1463 2011 sed
1492 1956 1617 2024 quia
1656 1956 1759 2011 illis
1786 1958 1835 2011 id
1868 1960 2085 2013 evenire
2110 1975 2213 2013 non

650 2060 903 2116 precatus
932 2056 1035 2110 est,
1069 2048 1147 2101 sic
1178 2062 1318 2115 sarpe
1366 2057 1623 2116 reputans
1667 2048 1772 2102 illis
1805 2057 2011 2104 tantum
2051 2067 2218 2120 usque

648 2140 713 2192 ad
741 2140 840 2193 hoc
865 2140 1118 2207 expedire
1173 2149 1423 2207 tanquam
1459 2139 1548 2207 qui
1582 2140 1755 2194 adhuc
1782 2142 1957 2197 idonei
1998 2158 2100 2197 non
2132 2158 2218 2198 es-

646 2240 767 2285 sent
797 2231 886 2300 qui
918 2229 1177 2300 Spiritum
1210 2232 1533 2299 reciperent.

1286 2345 1436 2401 CA1»
1478 2344 1577 2419 ix.

723 2454 879 2507 Vens.
907 2456 959 2509 5.
1008 2474 1025 2506 ι
1056 2455 1246 2509 Subito
1291 2455 1654 2511 circumfulsit
1693 2471 1813 2511 eum
1844 2456 1933 2510 lux
1962 2458 2027 2512 de
2057 2459 2212 2515 cmlo.

645 2544 710 2597 Et
745 2546 946 2599 cadens
975 2547 1025 2598 in
1056 2555 1252 2599 terram
1284 2544 1489 2598 audivit
1514 2560 1703 2600 vocem
1738 2547 2001 2602 dicentem
2034 2550 2157 2604 sibi.
2190 2568 2210 2603 ι

719 2716 861 2772 Vidit
888 2720 1069 2774 .lesum
1117 2734 1213 2774 nec
1242 2720 1461 2774 luminis
1492 2720 1878 2775 abundantiam
1918 2721 2211 2787 sustinens,

644 2809 821 2875 quoad
853 2810 1048 2863 mentis
1091 2810 1500 2881 intelligentiam
1534 2822 1587 2866 et
1613 2812 1997 2867 animationem
2040 2820 2214 2881 stupe-

645 2898 823 2953 factus
852 2908 970 2965 est;
1011 2901 1193 2970 itaque
1225 2911 1279 2956 et
1326 2905 1512 2958 oculos
1543 2904 1742 2959 habere
1784 2905 1878 2974 qui
1920 2906 2213 2974 apparebat

641 3002 749 3043 non
781 2989 1015 3056 videbat,
1050 3001 1103 3044 et
1130 3006 1189 3045 os
1215 2992 1416 3047 habens
1443 3009 1550 3047 non
1584 2994 1973 3059 manducabat;
2008 3010 2210 3064 usque-

641 3094 749 3147 quo
800 3080 1024 3135 Anania:
1074 3082 1173 3149 ipsi
1222 3083 1445 3137 verbum
1491 3084 1728 3154 loquenti
1783 3088 2205 3156 obtemperans,

1716 404 2051 465 ΑΜΜΟΝΙΙ
2090 406 2618 465 ALEXANDRLNI

735 505 870 559 Illud
915 508 1226 561 sciscitatus
1272 514 1355 561 est
1382 506 1596 575 quidam
1628 526 1639 560 :
1666 507 1773 562 Cur
1820 510 2093 580 Philippus
2126 513 2215 565 ba-
2246 517 2292 569 A

3751 398 3886 460 151ἰὲ

2400 510 2661 581 Ἐζήτησὲ
2693 526 2777 572 τις
2804 506 2984 561 τοῦτο·
3015 506 3165 559 Διατί
3191 509 3218 559 ὁ
3246 505 3509 575 dif/nmo;
3542 505 3644 556 οὐκ
3668 507 3891 574 ἐποίησε

2324 601 2449 660 τοὺς
2494 600 2582 653 ὑπ’
2621 598 2783 652 αὑτοῦ
2818 598 3209 668 βαπτισθέντας
3248 597 3538 665 μετασχεῖν
3574 594 3893 663 Πνεύματος

2325 692 2509 758 ἀγίου;
2536 692 2676 760 Πρὸς
2698 690 2756 743 ὃν
2780 699 2806 738 8
2838 691 2920 743 δεῖ
2946 680 3387 756 ἀπολογήσασθαι
3411 685 3545 737 Θεοῦ
3573 686 3792 755 λάριτι·
3814 686 3893 738 ὅτι

2321 786 2369 836 εἱ
2399 785 2493 835 καὶ
2529 784 2626 851 τὴν
2664 781 2838 851 ἀρχὴν
2880 782 2967 834 ὅτε
2999 779 3259 833 ἐϐἀπτισε
3287 778 3413 839 τοὺς
3452 777 3510 828 ὲν
3555 776 3840 844 Σαμαρείᾳ
3865 778 3895 829 ὁ

2319 873 2600 935 Φίλιππος,
2634 871 2809 933 οὐδεὶς
2840 869 2997 922 ἔλαϐε
3023 868 3245 936 Πνεῦμα
3270 867 3442 935 ἅγιον·
3470 865 3584 918 ἀλλ’
3612 866 3706 919 οῦν
3740 866 3897 917 ῦστε-

2324 981 2415 1034 ρον
2442 963 2579 1033 μετὰ
2620 962 2680 1015 τὸ
2708 960 2968 1025 εὔξασθαι
2998 959 3249 1024 Ἰωάννην
3285 958 3379 1012 καὶ
3418 957 3649 1026 Πέτρον,
3692 957 3893 1008 δέδωκε

2318 1052 2405 1106 διὰ
2455 1054 2553 1123 τῆς
2602 1052 2710 1104 τῶν
2750 1050 2947 1121 χειρῶν
2994 1048 3161 1102 αὑτοῦ
3197 1050 3226 1088 ιι
3283 1047 3585 1111 ἐπιθέσεως
3622 1048 3684 1101 τὺ
3737 1048 3895 1114 am»

2319 1142 2544 1211 Πνεῦμα
2585 1144 2697 1203 τοῖς
2745 1138 3107 1207 βαπτισθεῖσι·
3156 1137 3321 1205 κοινῷ
3376 1136 3488 1206 γὰρ
3527 1136 3757 1206 ὀνόματι
3803 1138 3899 1189 καὶ

2318 1233 2554 1303 ἀορίστῳ
2603 1227 2753 1283 εἶπεν
2783 1232 2816 1300 ὴ
2867 1228 3094 1297 Γραφὴτ,
3138 1229 3221 1280 ὅτι
3266 1227 3355 1279 διὰ
3394 1227 3504 1280 τῶν
3549 1226 3753 1297 χειρῶν
3786 1227 3897 1279 τῶν

2319 1323 2630 1376 ἀποστόλων
2670 1319 3059 1390 ἐπιτιθεμένων
3089 1319 3181 1369 ἐπὶ
3222 1319 3334 1381 τοῖς
3366 1320 3580 1380 πιστοῖς
3600 1359 3615 1383 ,
3649 1317 3896 1386 ἐπέλαμ-

2317 1416 2417 1484 ψεν
2451 1415 2467 1454 ἱ
2507 1416 2540 1483 ἡ
2572 1414 2661 1465 τοῦ
2690 1410 3008 1481 Πνεύματος
3042 1410 3222 1479 χάρις.
3250 1408 3366 1462 Οὐκ
3396 1404 3548 1461 εἶπεν
3579 1409 3662 1460 ὅτι
3690 1408 3779 1460 διά
3807 1408 3897 1476 μό-

2318 1522 2410 1558 νου
2442 1504 2648 1574 Πέτρου
2683 1503 2775 1555 καὶ
2821 1500 3092 1563 Ἰωάννου,
3128 1498 3242 1551 ἀλλ’
3274 1494 3773 1568 ἅπροσδιορίστωςὶ
3810 1498 3894 1548 εξ-

2319 1595 2437 1650 πὼν
2472 1592 2874 1665 συμπεριέλαϐε
2904 1591 2996 1645 καὶ
3035 1590 3127 1643 τὸν
3159 1590 3449 1643 Φίλιππον·
3483 1590 3675 1641 ἔπειτα
3708 1588 3765 1641 δὲ
3793 1589 3894 1657 οὐχ

2317 1686 2392 1749 ὡς
2427 1686 2648 1755 εὐτελὴς
2696 1685 2728 1753 ἢ
2765 1683 2982 1747 ἀνάξιος
3021 1684 3048 1735 ό
3091 1682 3359 1744 Φίλιππος
3402 1680 3464 1733 οὑ
3511 1680 3797 1749 κατήγαγε
3830 1680 3894 1730 τὸ

2318 1777 2542 1846 Πνεῦμα
2582 1777 2675 1828 ἐπὶ
2724 1776 2851 1838 τοὺς
2902 1775 2993 1826 ὑπ’
3046 1772 3209 1825 αὑτοῦ
3254 1770 3695 1841 βαπτισθέντας,
3731 1769 3895 1821 ὁπότε

2320 1868 2415 1920 καὶ
2461 1866 2624 1929 αὐτὸς
2669 1865 2952 1934 ἀνεγράφη
3002 1864 3203 1931 σημεῖα
3248 1858 3569 1928 πεποιηκὼς
3612 1860 3672 1909 ὲν
3719 1858 3893 1909 ίάσεσι

2322 1955 2490 2008 νόσων
2523 1956 2617 2008 καὶ
2647 1953 2896 2014 ἐκϐολαῖς
2924 1951 3215 2020 δαιμόνων·
3267 1945 3385 2000 ἀλλ’
3418 1947 3499 1999 ὅτι
3543 1944 3644 1997 οὐκ
3690 1942 3896 2013 ηὔξατο

2319 2046 2474 2099 τοῦτο
2519 2046 2701 2107 αὐτοῖς
2739 2042 3018 2111 ὑπάρξαι,
3055 2040 3194 2094 οὕτω
3239 2037 3499 2100 πολλάκις
3531 2035 3893 2104 λογισάμενος

2320 2133 2458 2189 εῖναι
2488 2133 2625 2197 τέως
2654 2134 2836 2195 αὐτοῖς
2862 2130 3159 2201 συμφέρον,
3183 2128 3257 2192 ὡς
3285 2127 3467 2197 ἀκμὴν
3492 2127 3568 2196 μὴ
3595 2121 3745 2178 οὖσιν
3771 2126 3891 2176 ἑπι-

2316 2225 2548 2296 τηδείοις
2580 2224 2714 2295 πρὸς
2738 2223 2834 2293 τὴν
2865 2222 2959 2275 τοῦ
2990 2219 3310 2291 Πνεύματος
3341 2218 3631 2287 ὑποδοχήν.

2921 2338 3176 2397 ΚΕΦΑΛ.
3215 2336 3293 2388 Θ¹.

2395 2468 2413 2501 ι
2458 2447 2744 2519 Ἐξαίφνης
2781 2464 2839 2501 τε
2873 2446 3035 2500 αὐτὸν
3081 2418 3457 2515 περιῆστραψε
3501 2438 3614 2508 φῶς
3671 2439 3735 2491 ὲκ
3795 2438 3888 2491 τοῦ

2317 2541 2569 2610 οὐρανοῦ,
2620 2540 2715 2593 καὶ
2782 2537 2964 2591 πεσὼν
3008 2537 3101 2589 ἐπὶ
3146 2536 3244 2606 τὴν
3295 2534 3398 2604 γῆν
3449 2532 3651 2599 ἢκουσε
3703 2531 3888 2599 φωνὴν

2318 2631 2586 2699 λέγουσαν
2610 2632 2779 2701 αὐτῷ.
2812 2649 2831 2681 ι

2403 2722 2698 2793 Ἐωρακὼς
2727 2722 2817 2775 τὸν
2856 2719 3083 2791 Ἰησοῦν,
3118 2717 3211 2771 καὶ
3244 2716 3318 2787 μὴ
3344 2715 3522 2786 φέρων
3543 2714 3604 2767 τὸ
3629 2714 3764 2767 πολὺ
3794 2711 3889 2765 τοῦ

2317 2812 2517 2882 φωτὸς,
2548 2811 2861 2882 ἀπελιθώθη
2892 2811 2953 2864 τὸ
2982 2810 3293 2880 διορατικὸν
3343 2807 3443 2876 τῆς
3471 2806 3653 2875 ψυχῆς
3684 2806 3781 2858 καὶ
3826 2802 3886 2855 τὸ

2316 2903 2544 2968 ζωτικόν
2568 2920 2582 2934 ο
2618 2904 2699 2957 διὸ
2729 2902 2824 2956 καὶ
2848 2902 3021 2956 δοκῶν
3054 2901 3197 2970 ἔχειν
3228 2898 3541 2967 ὀφθαλμοὺς
3570 2898 3669 2965 οὐχ
3711 2895 3882 2965 ἐώρα,

2315 2996 2408 3048 καὶ
2439 2994 2577 3065 ἔχων
2606 2994 2778 3063 στόμα
2826 2994 2927 3047 οὐκ
2958 2993 3176 3063 ἧσθιενο
3221 2991 3325 3053 ἕως
3367 2982 3428 3042 οὗ
3472 2988 3774 3048 πιστεύσας
3807 2985 3885 3054 τῷ

2326 3084 2545 3156 Ἀνανίᾳ
2589 3084 2795 3152 λέγοντι
2834 3083 2983 3153 αὐτῷ
3033 3083 3121 3135 τὸν
3152 3081 3333 3148 λόγον,
3400 3079 3560 3149 ίάθηο
3603 3077 3741 3146 μετά
3774 3077 3885 3147 γὰρ

641 3181 865 3225 sanatus
904 3181 1021 3238 est;
1074 3188 1194 3227 cum
1235 3175 1339 3228 lide
1381 3178 1524 3229 enim
1568 3178 1752 3231 videre
1792 3178 1988 3245 coepit;
2025 3191 2204 3248 postea

2315 3176 2410 3246 τὴν
2439 3178 2622 3229 πίστιν
2669 3176 2872 3246 ἤρξατο
2899 3174 3117 3243 βλέπειν
3142 3190 3158 3205 ο
3189 3172 3377 3225 λοιπὸν
3415 3168 3743 3238 ἐϐαπτίσθη,
3788 3169 3886 3222 καὶ

641 3258 948 3328 baptizatus
981 3272 1098 3318 est:
1132 3264 1317 3333 sicque
1358 3266 1529 3335 magis
1571 3267 1677 3321 cibi
1714 3269 2008 3337 spiritualis
2035 3271 2205 3337 parti-

640 3367 767 3422 ceps
792 3368 957 3409 sanus
982 3358 1252 3423 surrexit;
1283 3360 1578 3412 notandum
1605 3374 1732 3413 vero
1762 3361 1901 3426 quod
1933 3362 2208 3429 baptizare

639 3442 815 3510 primo
845 3453 1077 3510 oportet,
1111 3454 1166 3499 et
1208 3449 1285 3500 sic
1321 3448 1636 3516 participem
1678 3449 1783 3503 cibi
1831 3450 2041 3516 facere;
2088 3453 2208 3507 ideo

640 3532 779 3585 male
801 3543 963 3603 agunt
991 3535 1080 3603 qui
1114 3546 1233 3603 post
1255 3537 1431 3590 cibum
1463 3539 1672 3593 adultos
1696 3540 1990 3608 baptizaut.

710 3622 877 3676 VERS.
916 3624 1001 3677 10.
1048 3644 1065 3674 ι
1096 3625 1226 3678 Erat
1274 3635 1451 3680 autem
1496 3629 1712 3695 quidam
1763 3629 2056 3698 discipulus
2110 3629 2209 3684 Da.

639 3714 830 3777 masci,
861 3716 1079 3770 nomine
1104 3716 1361 3770 Ananias.
1396 3737 1415 3767 ι

709 3803 847 3869 Quia
899 3814 947 3860 cl
1002 3805 1240 3861 Ananias
1291 3807 1549 3862 diaconus
1594 3818 1743 3875 erat;
1798 3810 1939 3864 sicut
1988 3820 2040 3866 et
2092 3812 2207 3880 ipse

641 3895 839 3951 Paulus
874 3905 1108 3951 testatur
1142 3898 1193 3952 in
1242 3899 1541 3953 canonibus
1577 3902 1829 3967 quoniam
1859 3904 2205 3972 presbytero-

640 4001 756 4037 rum
792 3986 843 4038 in
875 3986 1117 4039 Samaria
1149 3987 1329 4056 inopia
1375 3997 1494 4043 erat
1526 3998 1747 4058 propter
1776 3988 1973 4044 factam
2020 4007 2205 4060 perse-

636 4076 931 4129 cutionem.

708 4162 870 4218 Vens.
923 4166 1007 4218 l2.
1052 4185 1069 4217 ι
1104 4164 1242 4220 Ecce
1285 4167 1426 4220 enim
1458 4178 1595 4230 orat,
1643 4179 1697 4223 et
1746 4169 1879 4223 vidit
1915 4171 1965 4224 in
2000 4172 2208 4229 visione

638 4253 811 4306 virum
844 4255 1058 4308 nomine
1098 4256 1383 4322 Ananiam,
1429 4256 1791 4312 introeuntem
1830 4269 1884 4314 et
1918 4261 2203 4331 imponen—

641 4354 743 4397 Iem
772 4344 874 4398 sibi
902 4362 1090 4401 manus
1126 4359 1181 4399 ut
1214 4350 1384 4403 visum
1418 4351 1667 4419 recipiat.
1703 4371 1721 4403 ι

706 4434 1011 4491 Notandum
1047 4442 1188 4508 quod
1222 4441 1333 4495 haec
1384 4442 1543 4495 verba
1591 4442 1841 4497 dicuntur
1886 4460 2005 4514 quae
2051 4462 2202 4501 com-

2311 3268 2452 3321 οὕτω
2487 3268 2695 3338 τροφῆς
2728 3267 2924 3337 μᾶλλον
2990 3268 3090 3336 τῆς
3141 3262 3521 3334 πνευματικῆς
3562 3258 3880 3330 μετασχὼν,

2310 3358 2628 3428 ἀνέσφηλεν.
2672 3356 3012 3427 Σημειωτέον
3062 3356 3141 3418 δὲ,
3173 3355 3255 3407 ὅτι
3292 3354 3373 3405 δεῖ
3420 3352 3639 3422 πρῶτον
3686 3350 3883 3419 βαπτί-

2312 3450 2447 3512 ζειν,
2505 3449 2600 3500 καὶ
2652 3446 2792 3500 οὕτω
2857 3445 3198 3517 μεταδιδόναι
3256 3444 3497 3515 τροφῆς·
3556 3440 3637 3495 διὸ
3693 3441 3883 3503 κακῶς

2310 3538 2563 3595 ποιοῦσιν
2591 3544 2640 3594 οἱ
2663 3541 2802 3607 μετὰ
2826 3539 3030 3611 τροφὴν
3052 3538 3179 3601 τοὺς
3222 3536 3462 3599 τελείους
3498 3535 3885 3605 βαπτίζοντες.

2387 3654 2405 3686 ί
2449 3628 2557 3687 ἾΙν
2579 3634 2635 3687 δέ
2662 3651 2742 3697 τις
2767 3631 3016 3701 μαθητὴς
3050 3631 3109 3682 ὲν
3141 3627 3416 3699 Δαμασκῷ
3442 3626 3667 3696 ὀνόματι
3726 3625 3885 3677 Ἀνα-

2310 3731 2450 3793 νίας.
2492 3750 2510 3781 ι

2383 3823 2505 3874 Ὅτι
2544 3822 2636 3873 καὶ
2677 3820 2926 3883 Ἀνανίας
2960 3820 3206 3879 διάκονος
3251 3812 3369 3894 ﬁ";
3394 3816 3469 3878 ὡς
3518 3816 3612 3869 καὶ
3662 3815 3688 3853 ιε
3720 3814 3886 3875 αὐτὸς

2310 3913 2524 3977 Παῦλος
2581 3915 2847 3984 μαρτυρεῖ
2894 3914 2950 3965 ἐν
2998 3914 3109 3973 τοῖς
3161 3911 3349 3963 κανόσι
3386 3909 3474 3961 διὰ
3517 3908 3576 3959 τὸ
3623 3907 3823 3959 σπάνιν
3862 3903 3879 3942 ¹

2309 4001 2450 4057 εἶναι
2477 4004 2885 4089 ,πρεσϐυτέρων
2939 4006 2996 4056 ὲν
3030 4001 3315 4072 Σαμαρείᾳ
3352 4000 3443 4053 διά
3465 3999 3557 4052 τὸν
3610 4001 3879 4067 γεγονότα

2307 4092 2565 4162 διωγμόν.

2386 4205 2404 4237 ι
2454 4185 2584 4237 Ἰδοὺ
2617 4184 2726 4254 γὰρ
2775 4182 3163 4253 προσεύχεται,
3202 4183 3295 4235 καὶ
3350 4177 3489 4234 εἶδεν
3533 4182 3590 4233 ὲν
3639 4180 3884 4249 ὁράματι

2307 4275 2475 4345 ἄνδρα
2527 4275 2776 4327 Ἀνανίαν
2823 4274 3052 4343 ὀνόματι
3110 4272 3421 4325 εἰσελθόντα
3472 4272 3565 4323 καὶ
3621 4270 3883 4323 ἐπιθέντα

2310 4364 2455 4435 αὑτῷ
2492 4368 2685 4436 χεῖραι
2707 4367 2854 4427 ὅπως
2882 4363 3180 4436 ἀναϐλέψῃ.
3214 4381 3232 4412 ι
3752 4348 3755 4353 ’

2377 4456 2719 4525 Σημειωτέον
2775 4455 2857 4507 ὅτι
2921 4455 3103 4506 ἐκεῖνα
3151 4451 3219 4504 τὰ
3275 4452 3558 4521 ρήματαιιι
3623 4448 3881 4516 λέγεται,

638 4529 815 4583 munis
864 4530 1111 4585 utilitatis
1151 4542 1279 4586 sunt
1327 4541 1383 4586 et
1429 4534 1493 4588 ad
1555 4535 1807 4603 pietatem
1860 4536 2196 4606 inserviunt;

2315 4547 2450 4613 imp
2493 4544 2796 4615 κοινωφελῆ
2835 4547 2974 4608 ὲστι,
3022 4544 3117 4597 καὶ
3161 4542 3532 4613 συμϐάλλεται
3574 4542 3655 4603 εἰς
3686 4540 3881 4593 θεοσέσ

636 4635 757 4688 qua:
793 4620 956 4676 habet
996 4622 1045 4675 in
1084 4624 1289 4677 visione
1324 4623 1530 4677 Domini
1562 4636 1653 4678 aut
1686 4626 1896 4695 angeli;
1946 4628 1998 4681 in
2028 4644 2201 4697 quan-

640 4720 748 4764 tum
792 4727 918 4766 vero
960 4722 1086 4766 sunt
1140 4714 1414 4781 specialia,
1468 4730 1573 4771 non
1616 4716 1715 4770 fari
1763 4719 1893 4773 utile
1926 4720 2056 4786 fuit;
2098 4723 2201 4776 nisi

637 4802 774 4854 forte
813 4815 957 4858 esset
983 4806 1198 4873 propria
1231 4802 1380 4858 Sauli
1414 4805 1636 4860 utilitas.
1678 4804 1785 4862 Sed
1818 4810 2032 4864 sanatio
2064 4812 2197 4865 mira

637 4896 1028 4961 superveniens
1055 4898 1119 4950 ad
1149 4896 1402 4965 pietatem
1438 4899 1709 4953 hominem
1740 4899 1987 4954 advocat.

705 5075 871 5131 Vens.
904 5077 991 5130 l5.
1036 5096 1054 5129 ι
1085 5078 1385 5149 Respondit
1425 5091 1607 5136 autem
1639 5081 1877 5137 Auanias
1905 5101 1919 5137 :
1952 5083 2197 5150 Domine,

639 5167 815 5222 audivi
864 5186 893 5224 a
943 5170 1125 5226 multis
1157 5172 1226 5227 de
1252 5174 1369 5227 viro
1412 5175 1535 5238 hoc,
1583 5185 1783 5244 quanta
1832 5175 1968 5229 mala
2014 5174 2205 5230 fecerit

638 5258 841 5312 sanctis
865 5260 969 5313 tuis
996 5260 1045 5313 in
1071 5258 1392 5317 Jerusalem.
1432 5282 1449 5313 ι

713 5347 850 5414 Quid
895 5350 1065 5405 dicis?
1115 5352 1253 5406 Deus
1297 5354 1445 5417 dicit,
1478 5362 1531 5407 et
1575 5362 1628 5406 tu
1664 5353 1916 5407 dubitas?
1959 5352 2205 5410 Nondum

712 5492 816 5547 8C.
848 5495 907 5549 C.
941 5496 987 5549 ὅ.
1065 5495 1093 5532 ιι
1126 5496 1187 5551 C.
1220 5496 1281 5549 C.
1310 5497 1522 5551 ἑαυτοῦ.

2308 4638 2459 4691 ϐειαν
2485 4652 2499 4668 ο
2530 4638 2629 4689 ὅσα
2667 4636 2779 4705 ἔχει
2808 4636 2902 4687 τοῦ
2937 4634 3144 4705 Κυρίου
3178 4634 3278 4703 τὴν
3330 4632 3677 4701 παράστασιν
3707 4632 3740 4700 ἢ
3777 4632 3882 4698 ἀγ-

2306 4726 2470 4793 γέλου
2497 4743 2510 4756 ·
2546 4725 2665 4778 καθ’
2686 4726 2745 4777 ὃν
2774 4724 2841 4777 ἂν
2868 4725 2926 4776 δέ
2954 4726 3100 4777 ἐστιν
3133 4724 3297 4787 tam,
3330 4724 3431 4775 οὐκ
3455 4722 3662 4790 ὀφείλει
3690 4722 3879 4775 λαλεῖ-

2308 4818 2465 4870 σθαι·
2501 4818 2640 4887 πλὴν
2675 4818 2721 4869 εί
2753 4816 2851 4869 καὶ
2886 4816 3026 4885 ἰδικὴ
3060 4814 3153 4867 τοῦ
3183 4814 3390 4867 Σαύλου
3420 4810 3489 4883 ἦν
3532 4816 3566 4881 ή
3603 4812 3875 4881 ὠφέλεια,

2308 4911 2420 4963 ἀλλ’
2452 4910 2544 4963 οῦν
2581 4910 2723 4971 ἴασις
2746 4907 3046 4978 παράδοξος
3070 4907 3329 4976 συμϐᾶσα
3370 4905 3533 4959 πάλιν
3558 4908 3647 4983 είς
3686 4904 3878 4957 θεοσέ-

2305 5002 2456 5054 ϐειαν
2472 5002 2561 5053 τὴν
2594 5000 2884 5070 ἄνθρωπον
2920 5000 3343 5069 προσκαλεῖται.

2381 5109 2399 5141 ι
2464 5091 2758 5161 Ἀπεκρίθη
2799 5090 3193 5153 δὲ.Ἀνανίας,
3248 5089 3444 5159 Κύριε,
3499 5089 3709 5157 ἥκουσα
3768 5089 3881 5141 ἀπὸ

2306 5179 2515 5233 πολλῶν
2567 5180 2823 5250 περὶτοῦ
2882 5180 3073 5249 ἀνδρὸς
3138 5179 3353 5242 τούτου,
3421 5181 3522 5233 ὅσα
3568 5178 3717 5231 κακά
3767 5181 3882 5242 τοῖς

2308 5271 2481 5339 ἁγίοις
2505 5288 2597 5323 σου
2626 5272 2880 5341 ἐποίησεν
2914 5273 2970 5323 ὲν
3014 5270 3393 5341 Ἰερουσαλήμ.
3428 5288 3446 5321 ι

2378 5362 2441 5414 Τί
2473 5362 2650 5430 λέγεις
2678 5362 2786 5432 (5);
2827 5364 2854 5415 ὁ
2888 5362 3021 5425 Θεὸς
3039 5361 3208 5430 λέγει,
3233 5362 3328 5414 καὶ
3369 5362 3432 5414 σὺ
3464 5359 3837 5431 ἀμφιϐάλλεις
3863 5378 3880 5427 ;

1606 5495 1622 5536 ί
1652 5497 1709 5551 C.
1740 5497 1801 5552 C.
1830 5498 2164 5575 éarélapmv,

2315 5507 2337 5557 ῐ.
2372 5502 2430 5557 C.
2454 5504 2615 5575 γάλλὰῖ
2635 5503 2841 5575 προσδη
2882 5504 2929 5575 -κ
2958 5502 3015 5557 C.
3046 5503 3107 5557 C.
3135 5517 3244 5557 om.
3272 5501 3384 5555 καί.
3454 5497 3470 5565 ξ
3505 5499 3565 5553 C.
3600 5498 3664 5553 C.
3709 5500 3877 5552 κανό-

581 5605 586 5608 .
639 5578 723 5614 σι·
756 5563 910 5617 τοῦτο
942 5566 996 5618 δὲ
1022 5568 1241 5633 γέγονεν
1271 5567 1358 5619 διὰ
1387 5567 1445 5618 τὸ
1484 5567 1712 5638 σπάνην.
1791 5579 1827 5606 ω
1855 5569 1908 5622 1η
1936 5563 2103 5640 marg.
2130 5572 2216 5624 όνε

2315 5590 2405 5628 ητα.
2450 5568 2539 5627 Sic
2580 5563 2711 5629 Cod.
2750 5573 2915 5628 Coisl.

642 5781 659 5827 ι
706 5699 1268 5827 ἔξ)(ξρι1¹.5ςιοίῗ1ἑὲιωο
1298 5703 1664 5774 Chrysostumi
1703 5720 1820 5762 csse
1846 5707 1995 5775 dicit,
2022 5718 2074 5763 ct
2101 5710 2273 5779 rcipsa
2310 5710 2491 5781 paucis
2527 5710 3140 5793 mulatisrepcriuntur
3201 5708 3341 5765 inter
3404 5705 3539 5778 Opp.
3584 5706 3872 5777 Chryscst.

781 5806 795 5837 ,
831 5786 881 5839 ι».
913 5770 1032 5835 157,
1074 5772 1191 5827 l58.
