4130 6538
600 385 735 452 1535

1752 397 2086 457 AMMONII
2120 399 2643 461 ALEXANDRINI

3688 402 3826 468 1536

594 492 854 548 afferente
885 494 1119 549 divinam
1153 498 1449 554 sanationis
1486 500 1777 556 efﬁcaciam
1807 504 1975 557 forma
2005 506 2116 559 ordi

2218 546 2227 570 λ
2255 503 2331 566 ὡς
2357 507 2687 575 κατάγοντος
2717 509 2867 562 Θείαν
2898 507 3128 578 δύναμιν
3176 500 3388 580 ίατικῆν
3414 509 3509 563 τοῦ
3542 511 3823 581 σχήματος

593 584 844 648 nationis,
875 594 928 639 et
957 601 1210 641 manuum
1243 603 1406 658 super
1438 590 1737 659 baptizatos
1768 594 2149 664 impositionis.

659 756 825 812 Vens.
872 759 963 813 56.
1015 779 1034 811 ι
1065 760 1119 814 in
1155 761 1323 834 Joppe
1364 776 1544 822 autem
1587 769 1689 823 fuit
1716 772 1957 839 qumdam
1990 773 2151 828 disci-

2255 596 2345 647 ἐπὶ
2365 597 2462 665 τῆς
2492 598 2842 668 χειροτονίας,
2870 600 2966 651 καὶ
2998 598 3097 668 τῆς
3128 600 3221 652 ἐπὶ
3252 601 3360 652 τῶν
3407 599 3816 670 βαπτισθέντων

2253 685 2611 755 χειροθεσίας.

2329 795 2347 826 ι
2397 775 2485 828 Ἑν
2526 778 2718 850 Ἰόππῃ
2733 780 2791 833 δέ
2830 798 2915 844 τις
2941 777 3011 849 ἦν
3045 781 3340 852 ’μαθήτρια
3378 780 3607 849 ὀνόματι
3646 778 3821 833 Ταϐι-

586 845 741 911 pnla,
800 849 1023 904 nomine
1068 850 1300 907 Tabitha
1342 871 1508 925 :quae
1557 858 1906 929 interpretata
1953 863 2116 916 dicitu

2249 864 2348 919 θά·
2385 868 2418 938 ἢ
2450 845 2915 940 διερμηνεῦομένη
2938 845 3158 940 λέγεται
3186 845 3437 938 Δορκάς.

587 933 808 988 Dorcas.
843 955 861 987 ι

655 1023 957 1081 Notandum
1016 1038 1117 1107 est,
1148 1030 1288 1099 ipsas
1348 1033 1572 1091 feminas
1619 1038 1997 1107 discipularum
2049 1055 2147 1097 no-

580 1114 726 1168 mine
752 1124 807 1170 et
841 1105 1177 1187 cognominis
1202 1123 1403 1180 honore
1430 1126 1664 1196 dignari.
1696 1130 1959 1185 Miserum
1983 1147 2144 1201 porro

578 1204 684 1256 duo
734 1208 975 1262 homines
1010 1213 1075 1265 ad
1125 1207 1317 1267 illum:
1349 1216 1458 1269 imo
1511 1217 1643 1272 ﬁdes
1683 1232 1867 1274 eorum
1903 1221 1994 1289 qui
2044 1223 2143 1276 ali-

580 1293 705 1360 quid
742 1296 865 1349 mali
912 1300 1209 1366 patiuntur,
1257 1304 1564 1360 sanationes
1590 1306 1785 1374 efﬁcit;
1822 1323 1950 1364 ecce
1996 1312 2137 1365 enim

578 1391 632 1436 et
686 1384 776 1439 hic
833 1387 927 1456 qui
992 1390 1220 1445 credunt
1265 1392 1376 1447 sola
1438 1393 1584 1449 Petri
1636 1400 1919 1465 praesentia
1993 1415 2139 1455 mor-

579 1483 726 1527 tuum
762 1490 918 1544 posse
958 1482 1230 1548 suscitari,
1265 1487 1371 1540 voti
1409 1487 1539 1541 ﬁunt
1576 1501 1872 1559 compotes.
1913 1493 2138 1548 Verum-

576 1569 753 1617 tamen
791 1582 894 1620 non
939 1572 1328 1644 qualiscunque
1364 1576 1498 1632 ﬁdes
1525 1578 1710 1633 efﬁcax
1739 1588 1845 1646 est,
1881 1583 1973 1637 sed
2006 1584 2138 1639 ﬁdes

576 1664 629 1705 In
658 1666 897 1712 SDDCIOS.

643 1760 804 1821 Vens.
845 1766 935 1821 42.
983 1788 1003 1822 ι
1032 1770 1224 1828 Notum
1266 1786 1442 1833 autem
1490 1779 1695 1837 factum
1739 1796 1824 1840 est
1868 1803 1966 1857 per
2014 1792 2131 1845 uni-

570 1864 780 1907 versam
805 1853 1029 1928 Joppen,
1066 1874 1120 1915 et
1165 1866 1508 1921 crediderunt
1553 1872 1705 1925 multi
1738 1874 1789 1927 in
1831 1853 2078 1934 Domino.
2110 1901 2129 1933 ι

640 1940 941 2000 Notandum
988 1960 1091 2015 est,
1138 1967 1241 2007 non
1281 1957 1438 2011 modo
1461 1972 1585 2028 erga
1634 1961 1895 2029 inlideles,
1948 1983 2132 2024 verum

567 2033 731 2088 etiam
781 2051 906 2107 erga
956 2051 1174 2098 sanctos
1231 2046 1487 2102 miracula
1528 2054 1751 2118 patrari,
1803 2065 1860 2108 nt
1888 2057 2134 2114 videlicet

568 2123 658 2177 alii
718 2129 937 2183 credant
980 2148 1153 2188 :ecce
1204 2138 1368 2202 enim,
1419 2140 1523 2193 hoc
1576 2143 1837 2199 miraculo
1894 2158 2127 2215 patrato,

567 2215 717 2268 multi
766 2222 1027 2287 credunt;
1056 2226 1240 2294 sicque
1285 2227 1590 2287 inﬁdelibus
1632 2233 1720 2287 illa
1755 2250 1983 2303 prosunt
2026 2241 2130 2293 mi-

566 2307 768 2371 racula,
810 2326 912 2366 non
957 2314 1207 2371 videlicet
1250 2320 1561 2388 credituris,
1596 2327 1723 2393 quin
1760 2327 1910 2398 signa
1958 2331 2129 2385 vidis-

567 2408 712 2463 sent,
768 2416 889 2455 cum
938 2409 1110 2461 sancti
1168 2410 1252 2464 vel
1317 2412 1517 2481 absque
1568 2417 1826 2470 miraculo
1882 2421 2123 2483 credant,

563 2486 707 2550 quod
738 2489 831 2545 Dei
878 2507 1068 2551 servus
1113 2510 1381 2554 mortuum
1419 2502 1578 2557 facile
1621 2507 1885 2563 suscitare
1928 2510 2121 2578 possit.

558 2576 808 2649 Alioquin
837 2585 1053 2652 quinam
1078 2601 1200 2642 eum
1229 2592 1662 2648 arcessiverunt?

1208 2805 1360 2864 CAP.
1408 2810 1472 2864 X.
1527 2734 1541 2784 ὦ

632 2927 795 2985 Vens.
850 2931 904 2986 4.
948 2932 1282 2994 «Orationes
1331 2952 1435 2998 tuae
1498 2954 1554 3000 et
1605 2946 1963 3020 eleemosynre
2017 2959 2120 3008 tute

551 3022 917 3079 ascenderunt
948 3027 1001 3080 in
1032 3032 1348 3085 memoriam
1385 3037 1437 3087 in
1476 3048 1763 3107 conspectu
1800 3041 1915 3097 Dei.
1950 3061 1971 3095 ι

618 3110 922 3170 Notandum
971 3122 1112 3188 quod
1164 3124 1254 3191 qui
1307 3134 1419 3180 toto
1464 3131 1626 3183 corde
1674 3140 1730 3185 et
1782 3135 2112 3191 conscientia

2317 1042 2656 1111 Σημειωτέον
2682 1043 2757 1114 (9)
2789 1044 2872 1097 ὅτι
2898 1045 2993 1098 καί
3026 1046 3186 1116 μέχρι
3214 1042 3499 1113 γυναικῶν
3527 1042 3723 1111 φθάνει
3751 1042 3813 1097 τὺ

2244 1128 2354 1181 τῶν
2395 1130 2712 1201 μαθητριῶν
2748 1132 2919 1202 ὄνομα
2950 1133 3046 1187 καὶ
3073 1136 3107 1203 ἡ
3144 1133 3273 1200 ἀξία
3309 1134 3409 1203 τῆς
3448 1132 3767 1201 ἐπωνυμίας
3794 1148 3809 1162 ·

2242 1219 2568 1274 ἀπέστειλαν
2611 1222 2669 1275 δὲ
2724 1222 2817 1275 δύο
2848 1224 3051 1294 ἄνδρας
3103 1225 3243 1295 πρὸς
3299 1223 3464 1278 αὑτόν
3488 1239 3503 1252 ο
3542 1222 3744 1293 μᾶλλον
3773 1224 3809 1292 ἡ

2243 1309 2421 1373 πίστις
2450 1310 2560 1363 τῶν
2599 1313 2918 1381 πασχόντων
2970 1314 3069 1377 τὰς
3108 1315 3281 1379 ίάσεις
3332 1314 3658 1384 ὲργάζεται’
3697 1314 3808 1367 ἰδοὺ

2240 1398 2346 1469 γὰρ
2380 1400 2477 1453 καὶ
2504 1395 2605 1453 ὧδε
2639 1404 2687 1454 οἱ
2731 1404 3156 1468 πιστεύσαντες,
3188 1406 3268 1458 ὅτι
3315 1405 3403 1458 διὰ
3427 1406 3526 1474 τῆς
3572 1402 3667 1456 τοῦ
3698 1403 3804 1457 Πέ-

2235 1507 2365 1562 τρου
2398 1493 2699 1563 παρουσίας
2721 1494 2946 1548 δύναται
2971 1479 3269 1566 ἀναστῆναὶ
3293 1495 3507 1566 νεκρὸς,
3534 1494 3800 1562 ἐπέτυχον

2236 1582 2330 1633 τοῦ
2366 1582 2579 1636 σκοποῦ
2602 1600 2615 1612 ·
2647 1583 2786 1654 πλὴν
2818 1585 2915 1654 οὑχ
2967 1586 3255 1656 οἱαδήποτε
3279 1586 3462 1649 πίστις
3494 1584 3799 1655 συμϐάλλει

2234 1687 2344 1733 ται,
2372 1671 2483 1724 ἀλλ’
2504 1674 2536 1740 ή
2564 1673 2644 1735 εἰς
2669 1673 2796 1736 τοὺς
2823 1674 2983 1736 ὄντας
3014 1675 3230 1743 ἁγίους.

2313 1799 2330 1830 ι
2370 1781 2613 1834 Γνωστὸν
2649 1782 2705 1834 δὲ
2740 1784 2954 1851 ἐγένετο
2982 1783 3104 1837 καθ’
3135 1784 3261 1853 ὅλης
3282 1784 3380 1852 τῆς
3417 1782 3664 1850 Ἰόππης,
3698 1781 3794 1833 καὶ

2238 1870 2422 1922 πολλοὶ
2456 1870 2743 1924 ἐπίστευον
2773 1874 2865 1925 ἐπὶ
2887 1873 2976 1926 τὸν
3006 1875 3234 1943 Κύριον.
3273 1892 3292 1925 ι

2309 1958 2651 2028 Σημειωτέον
2683 1957 2793 2028 (l0)
2826 1959 2908 2011 ὅτι
2936 1959 2997 2011 οὐ
3024 1959 3207 2029 μόνοις
3233 1960 3346 2021 τοῖς
3379 1958 3628 2020 ἀπίστοις
3660 1955 3798 2009 ἀλλὰ

2236 2047 2331 2099 καὶ
2379 2050 2493 2110 τοῖς
2550 2048 2725 2115 ἁγίοις
2766 2049 2975 2116 ἐγίνετο
3010 2050 3212 2118 σημεῖα
3271 2048 3630 2115 οἰκονομικῶς
3657 2063 3671 2076 ·
3714 2046 3804 2100 ῖνα

2234 2140 2381 2195 ἄλλοι
2413 2142 2575 2194 πάλιν
2602 2142 2966 2201 πιστεύσωσιν
2987 2160 3003 2176 ο
3036 2142 3147 2194 ίδοὺ
3177 2141 3286 2212 γὰρ
3316 2145 3453 2211 μετά
3471 2141 3532 2194 τὸ
3568 2142 3800 2210 σημεῖον

2232 2230 2392 2284 τοῦτο
2434 2231 2595 2284 πάλιν
2644 2232 2830 2285 πολλοὶ
2874 2233 3235 2285 ἐπίστευσανο
3262 2232 3339 2292 ὡς
3371 2227 3511 2285 εἶναι
3537 2231 3700 2285 πάλιν
3731 2231 3801 2283 τὰ

2235 2324 2432 2393 σημεῖα
2451 2326 2562 2386 τοῖς
2586 2324 2851 2386 ἀπίστοις,
2870 2323 2918 2377 οῖ
2938 2324 3036 2376 οὐκ
3054 2322 3166 2395 [ἂν]
3186 2324 3359 2387 ἄλλως
3382 2324 3730 2387 ἐπίστευσαν,
3749 2325 3799 2376 εί

2233 2413 2306 2482 μὴ
2335 2413 2497 2465 πάλιν
2538 2408 2679 2465 εῖδον
2730 2416 2931 2483 σημεῖα
2961 2430 2976 2445 ’
3019 2413 3132 2467 τῶν
3181 2413 3352 2481 ἁγίων
3406 2414 3501 2467 καὶ
3549 2412 3672 2483 δίχα
3703 2412 3797 2465 τοῦ

2233 2502 2463 2571 σημείου
2509 2502 2896 2570 πιστευόντων,
2930 2505 3015 2556 ὅτι
3040 2503 3267 2567 δυνατός
3294 2504 3442 2557 ἐστιν
3475 2505 3504 2556 ὸ
3530 2502 3626 2556 τοῦ
3654 2503 3795 2556 Θεοῦ

2223 2592 2407 2656 δοῦλος
2437 2594 2737 2663 ἀναστῆσαι
2768 2594 3036 2663 ἀμελλητὶ
3067 2594 3263 2665 νεκρόν
3283 2608 3298 2624 ο
3330 2593 3452 2649 ἐπεὶ
3484 2591 3599 2654 πῶς
3628 2592 3796 2646 αὑτὸν

2237 2698 2367 2752 μετε
2376 2683 2653 2736 στείλαντο
2681 2699 2696 2747 ;

2834 2816 3085 2870 ΚΕΦΑΛ.
3122 2815 3178 2871 l'.

2298 2965 2315 2997 ι
2354 2947 2415 2998 Δί
2465 2948 2762 3019 προσευχαί
2797 2964 2889 3001 σου
2921 2946 3016 3001 καὶ
3053 2946 3109 2999 αἱ
3166 2944 3527 3014 ἐλεημοσύναι
3567 2959 3658 2996 σου
3697 2944 3795 2995 ἀν-

2221 3032 2426 3101 έϐησαν
2455 3037 2536 3097 είς
2567 3035 2908 3106 μνημόσυνον
2945 3033 3253 3105 ἔμπροσθεν
3283 3031 3375 3085 τοῦ
3415 3029 3574 3083 Θεοῦ.
3608 3049 3626 3080 ι

2290 3126 2633 3195 Σημειωτέον
2677 3129 2759 3181 ὅτι
2800 3126 3035 3189 ἐκτενῶς
3080 3126 3174 3178 καὶ
3218 3122 3471 3194 καθαρῶς
3505 3121 3788 3186 συνειδότι,

549 3217 680 3269 pura
718 3204 884 3261 Deum
923 3223 1176 3278 precatur
1217 3223 1273 3270 et
1310 3217 1707 3290 eleemosynam
1739 3223 1853 3289 dat,
1901 3240 2004 3281 non
2035 3226 2113 3282 sic

2222 3217 2473 3287 δεόμενος
2510 3217 2603 3270 τοῦ
2624 3217 2762 3271 Θεοῦ
2792 3218 2885 3272 καὶ
2911 3216 3080 3269 ποιῶν
3112 3210 3506 3284 ἐλεημοσύνας,
3537 3210 3597 3262 οὐ
3634 3210 3787 3279 μένει

547 3305 814 3362 remanet,
851 3301 944 3353 sed
975 3302 1115 3359 Deus
1162 3320 1259 3374 per
1306 3308 1480 3377 angeli
1514 3318 1607 3364 aut
1653 3313 1724 3379 pii
1758 3314 1991 3371 hominis
2032 3318 2113 3371 vi-

546 3383 751 3439 sionem
783 3388 881 3455 ipsi
910 3405 1091 3446 veram
1137 3398 1371 3451 ostendit
1402 3399 1557 3453 ﬁdem
1584 3416 1688 3470 qua
1717 3405 1837 3471 quis
1881 3406 2110 3463 salutem

545 3479 933 3548 consequitur;
968 3482 1147 3552 itaque
1179 3486 1232 3539 in
1262 3503 1367 3549 quo
1394 3490 1513 3557 quis
1547 3491 1650 3546 hoc
1684 3494 1763 3548 vel
1798 3495 1926 3549 illud
1955 3496 2110 3565 igno-

544 3574 651 3629 rat,
686 3570 732 3621 si
766 3569 877 3623 Deo
906 3573 1162 3640 placitum
1213 3588 1296 3632 est
1325 3579 1408 3633 vel
1436 3596 1564 3647 non,
1595 3592 1705 3638 toto
1738 3589 1901 3641 corde
1938 3586 2107 3644 Deum

542 3658 749 3720 precari
777 3662 1010 3729 expedit,
1042 3675 1095 3719 et
1121 3670 1375 3734 panditur
1417 3672 1514 3740 ipsi
1550 3675 1781 3742 veritas;
1810 3680 2106 3748 prazsertim

538 3758 668 3799 vero
696 3749 742 3802 si
787 3751 928 3804 circa
964 3753 1120 3809 ﬁdem
1157 3767 1334 3826 egeat,
1367 3763 1636 3829 quomodo
1669 3766 1911 3834 cogitare
1947 3783 2107 3837 opor-

541 3843 637 3900 tet,
668 3847 759 3892 ant
790 3840 842 3894 in
870 3857 1027 3910 quem
1059 3846 1307 3902 ﬁduciam
1344 3865 1576 3917 ponere;
1618 3853 1737 3908 ideo
1766 3856 1945 3912 multae
1980 3870 2108 3915 sunt

537 3926 771 3984 haereses
822 3932 874 3987 in
920 3935 1004 3990 liis
1050 3935 1142 4008 qui
1188 3937 1481 3995 Christiani
1531 3957 1652 3999 esse
1696 3946 1993 4002 videntur:
2028 3952 2105 4006 sic

534 4017 688 4072 aiunt
728 4030 783 4074 et
829 4022 972 4079 inter
1012 4035 1231 4083 sanctos
1264 4027 1479 4084 Patrem
1530 4042 1578 4086 el
1619 4035 1929 4108 episcOpum
1968 4039 2105 4097 Gre-

533 4109 783 4176 gorium,
833 4127 929 4180 per
982 4116 1245 4173 visionem
1299 4130 1456 4176 nocte
1515 4123 1770 4183 didicisse
1821 4127 2104 4188 Trinitatis

534 4201 848 4267 mysterium
880 4211 1151 4272 quomodo
1177 4211 1401 4266 credere
1431 4224 1663 4283 Oportet.

606 4306 767 4363 Vens.
816 4312 870 4365 8.
919 4334 937 4365 ‹
966 4315 1169 4381 Quibus
1220 4335 1343 4377 cum
1394 4337 1676 4383 narrasset
1704 4331 1909 4399 omnia,
1951 4334 2101 4390 misit

531 4396 652 4452 illos
683 4400 733 4453 in
765 4400 987 4472 Joppen.
1024 4426 1042 4458 ι

601 4488 902 4547 Notandum
926 4500 1067 4565 quod
1096 4515 1200 4555 non
1229 4502 1452 4572 impedit
1485 4509 1677 4566 militia
1707 4513 1968 4582 pietatem
1995 4536 2010 4587 ;
2045 4532 2098 4577 et
2128 4554 2172 4608 Β

604 4579 655 4608 nl
700 4583 839 4608 Iun“!
874 4598 970 4608 η..-
1002 4587 1220 4608 -ιε---ινμ-
1272 4606 1278 4608 .
1444 4596 1455 4607 ο
1557 4599 1567 4608 .
1769 4605 1780 4608 -
1847 4607 1853 4608 ,

526 4577 676 4642 illud,
699 4583 839 4649 quod
873 4598 971 4639 nec
997 4587 1289 4649 dissolutos
1320 4609 1420 4651 nec
1442 4596 1655 4667 impios,
1687 4577 1781 4658 sed
1804 4607 1921 4672 pios
1942 4577 2087 4663 misit

525 4669 591 4722 ad
631 4668 844 4726 Petrum
878 4672 1191 4743 Cornelius;
1223 4690 1277 4737 et
1304 4685 1446 4750 quod
1486 4696 1541 4740 et
1575 4689 1703 4745 illud
1740 4668 2081 4752 manifestam

524 4759 691 4827 ipsius
736 4766 1100 4835 sanctitatem,
1154 4786 1346 4843 nempe
1388 4779 1478 4845 qui
1512 4779 1614 4833 sibi
1658 4783 1987 4852 adjungebat
2032 4797 2086 4843 et

522 4848 831 4919 frequentes
885 4856 1117 4913 habebat
1155 4863 1271 4929 pios
1311 4866 1492 4933 viros,
1526 4869 1682 4938 juxta
1724 4848 1857 4927 illud
1898 4892 1911 4928 :
1952 4877 2085 4931 Cum

520 4947 704 4991 sancto
734 4951 947 4997 aanclm
975 4946 1103 5012 eris,
1127 4958 1180 5003 et
1202 4965 1321 5020 qua:
1346 4966 1663 5024 sequuntur.

588 5110 753 5169 Vens.
806 5117 890 5171 15.
938 5139 957 5171 ι
988 5120 1054 5175 Et
1093 5122 1235 5180 facta
1284 5137 1366 5183 est
1408 5144 1508 5185 vox
1556 5132 1622 5185 ad
1671 5148 1792 5188 eum
1828 5154 1841 5189 :
1875 5136 2077 5210 Surge,

508 5203 693 5268 Petre,
730 5208 935 5277 occide,
969 5221 1024 5267 et
1061 5216 1341 5272 manduca.
1374 5219 1462 5274 Ait
1490 5229 1668 5278 autem
1699 5223 1893 5282 Petrus
1926 5203 2077 5285 εᾸιιλ

584 5364 609 5389 ο
640 5357 771 5413 Cod.
796 5360 963 5417 Coisl.
994 5364 1050 5417 δὲ
1086 5366 1145 5435 ἡ.

584 5513 817 5600 (tiniae
854 5521 1118 5600 scholium
1165 5530 1356 5577 catena
1398 5524 1637 5581 Cramcri
1686 5527 1777 5581 dat
1827 5529 2074 5600 Didymo,

513 5580 650 5633 Cod.
678 5584 840 5641 Coisl.
868 5591 1171 5643 Ammonio.

588 5649 700 5721 (l0)
736 5654 843 5710 lloc
860 5660 1123 5711 scholium
1153 5662 1201 5713 in
1228 5671 1415 5716 catena
1446 5665 1687 5720 Gramerl
1721 5669 1820 5720 sub
1854 5670 2068 5722 nomine

517 5717 880 5789 Chrysbslouﬁ
936 5727 1281 5796 inscribitur;
1314 5734 1403 5787 sed
1449 5717 2069 5791 σοίέιζᾱοίὲιῗαᾷῐ’ζιῖίιῖ

2221 3304 2411 3371 οὕτως,
2442 3307 2557 3360 ἀλλ’
2588 3309 2615 3361 ὁ
2638 3308 2768 3371 Θεὸς
2790 3308 2859 3360 δι’
2890 3307 3157 3370 ὀπτασίας
3181 3304 3411 3373 ἀγγέλου
3438 3305 3469 3371 ἢ
3494 3300 3787 3371 ἀνθρώπου

2221 3400 2525 3467 θεοσεϐοῦς,
2594 3402 2838 3456 δείκνυσι
2884 3402 2984 3471 τὴν
3033 3399 3209 3470 ἀληθῆ
3250 3397 3453 3457 πίστιν,
3485 3394 3552 3447 δι’
3603 3388 3669 3462 ἦς
3700 3408 3789 3455 τις

2220 3490 2485 3554 σώζεται*
2528 3491 2667 3545 ὥστε
2695 3489 2787 3547 οῦν
2817 3497 2874 3548 ὲν
2920 3486 2965 3561 ᾧ
3013 3509 3097 3555 τις
3149 3490 3335 3558 ἀγνοεῖ
3362 3486 3478 3539 τόδε
3504 3484 3536 3555 ἢ
3564 3482 3681 3537 τόδε
3722 3482 3785 3536 τὸ

2216 3584 2468 3653 πρᾶγμα,
2501 3583 2687 3654 είΘεῷ
2725 3585 2960 3656 ἀρέσκον
2991 3584 3140 3636 ἐστὶν
3187 3581 3219 3651 ἦ
3258 3578 3344 3674 οῦ,
3379 3576 3780 3674 ὀφείλει-ἐπτε-

2215 3670 2318 3733 νῶς
2346 3672 2603 3743 δεηθῆναι
2632 3673 2724 3726 τοῦ
2754 3672 2912 3738 Θεοῦ,
2958 3673 3050 3725 καὶ
3081 3667 3521 3724 ἀποκαλύπτεται
3545 3664 3694 3733 αὐτῷ
3718 3664 3779 3715 τι

2212 3762 2427 3831 ἀληθές·
2462 3763 2695 3833 μάλιστα
2725 3764 2779 3816 δὲ
2813 3765 2860 3815 εί
2903 3770 2927 3798 ο
2954 3762 3084 3834 περὶ
3117 3762 3216 3830 τὴν
3254 3760 3441 3813 πίστιν
3468 3759 3683 3824 ἀπορεῖ,
3715 3756 3775 3807 τὸ

2214 3853 2329 3916 πῶς
2356 3854 2437 3907 δεῖ
2460 3857 2672 3925 φρονεῖν
2696 3856 2728 3924 ἢ
2748 3855 2853 3907 τίνι
2896 3854 3186 3907 πιστεῦσαι
3208 3869 3223 3883 ·
3247 3851 3381 3905 διότι
3407 3848 3600 3901 πολλαί
3632 3850 3773 3901 εἰσιν

2212 3945 2448 4015 αἱρέσεις
2502 3948 2559 3998 ὲν
2590 3947 2698 4008 τοῖς
2738 3944 2986 3999 δοκοῦσιν
3016 3940 3156 3998 εἶναι
3182 3942 3529 4013 Χριστιανοῖς
3560 3955 3573 3969 ⁸
3603 3938 3777 4002 οὕτως

2210 4034 2423 4102 λέγουσι
2462 4036 2557 4088 καὶ
2619 4036 2711 4089 τὸν
2741 4037 2800 4088 ὲν
2840 4036 3014 4104 ἁγίοις
3060 4034 3282 4103 Πατέρα
3340 4034 3434 4086 καὶ
3479 4032 3776 4084 ἐπίσκοπον

2209 4124 2529 4196 Γρηγόριον,
2587 4126 2653 4179 δι’
2703 4126 2972 4188 ὀπτασίας
3019 4126 3238 4194 νύκτωρ
3294 4122 3673 4192 κατηχηθῆναι
3714 4119 3775 4171 τὸ

2212 4217 2506 4285 μυστήριον
2541 4216 2643 4286 τῆς
2677 4217 2905 4287 Τριάδος
2940 4217 3089 4279 ὅπως
3112 4217 3195 4269 δεῖ
3231 4218 3467 4286 φρονεῖν.

2283 4346 2300 4377 ι
2335 4327 2443 4380 Καὶ
2490 4314 3401 4400 ἐξηγησάμενος»αὐτοῖςᾶπαντα.
3451 4324 3770 4379 ἀπέστειλεν

2205 4417 2401 4482 αὐτοὺς
2424 4422 2503 4482 εἰς
2522 4423 2622 4489 τὴν
2665 4420 2914 4492 Ἰόππην.
2948 4438 2967 4468 ι

2274 4510 2617 4581 Σημειωτέον
2645 4512 2725 4563 ὅτι
2776 4511 2877 4563 οὐκ
2926 4508 3276 4579 ὲμποδίζειή
3319 4508 3579 4577 στρατεία
3626 4505 3765 4576 πρὸο

2201 4601 2512 4654 θεοσέϐειαν
2540 4620 2553 4633 ·
2592 4604 2812 4655 κάκεῖνο
2840 4602 2916 4666 δὲ,
2955 4603 3037 4654 ὅτι
3076 4603 3176 4653 οὐκ
3194 4601 3463 4661 ἀτάκτους
3485 4598 3606 4651 οὐδὲ
3628 4599 3759 4650 ἀσε-

2194 4690 2327 4757 ϐεῖς,
2386 4690 2524 4743 ἀλλὰ
2579 4691 2850 4755 θεοσεϐεῖς
2898 4692 3111 4762 ἔπεμψε
3157 4691 3296 4763 πρὸς
3333 4691 3438 4744 τδν⁴
3478 4690 3683 4759 Πέτρον
3733 4690 3762 4741 ό

2193 4783 2519 4854 Κορνήλιος·
2558 4784 2653 4836 καὶ
2678 4784 2759 4838 ὅτι
2795 4785 2888 4837 καὶ
2922 4784 3082 4838 τοῦτο
3121 4785 3320 4854 δεῖγμα
3369 4779 3438 4853 ἦν
3469 4784 3568 4852 τῆς
3592 4782 3758 4835 αὑτοῦ

2189 4872 2482 4942 ὁσιότητος,
2517 4873 2577 4925 τὸ
2609 4873 3003 4940 συγκολλᾶσθαι
3040 4876 3130 4928 καὶ
3161 4875 3311 4944 ἔχειν
3352 4875 3521 4942 ἐγγὺς
3562 4874 3757 4925 ἑαυτοῦ

2192 4958 2461 5023 θεοσεϐεῖς
2484 4960 2701 5032 ἄνδρας,
2720 4962 2808 5015 διὰ
2832 4962 2912 5028 τὸ,
2928 4962 3086 5016 Μετὰ
3108 4967 3283 5017 ὁσίου
3305 4962 3473 5028 ὅσιος
3495 4964 3633 5031 ἔσῃ,
3665 4964 3759 5015 καὶ

2189 5049 2258 5103 τὰ
2294 5050 2417 5121 ἑξῆς
2443 5051 2575 5124 (ιι).
3240 5082 3246 5089 -

2266 5159 2284 5191 ι
2318 5143 2426 5194 Καὶ
2444 5142 2661 5209 ἐγένετο
2683 5142 2833 5213 φωνὴ
2860 5143 2996 5214 πρὸς
3022 5144 3183 5198 αὐτόν
3200 5161 3215 5177 ·
3246 5144 3530 5210 Ἀναστὰς,
3555 5144 3752 5214 Πέτρε,

2182 5233 2343 5287 θῦσον
2371 5234 2464 5287 καὶ
2492 5234 2653 5302 φάγε.
2700 5234 2757 5287 '0
2786 5235 2852 5301 se
2887 5237 3091 5308 Πέτρος
3112 5232 3231 5292 εἷπε
3251 5253 3264 5268 ⁸
3302 5236 3606 5309 Μηδαμῶς,
3633 5236 3751 5293 Κύ-

2243 5547 2329 5587 om
2373 5574 2386 5588 .

2188 5548 2367 5695 mm:
2384 5604 2663 5695 1:101?)le
2695 5610 2983 5695 ᾼιιιιῃρηίο
3010 5614 3233 5695 ascribit
3266 5625 3464 5695 catena
3491 5614 3741 5695 Crameri

2169 5688 2288 5755 qua:
2321 5674 2450 5755 Cod.
2477 5677 2639 5755 Coisl.
2688 5681 2779 5755 dat
2827 5683 3231 5754 Chrysostomo.
3263 5684 3387 5741 llnc
3429 5685 3547 5755 lege
3593 5685 3738 5740 inter

2169 5742 2361 5811 Chrys.
2395 5744 2527 5815 Opp.
2557 5745 2648 5813 IX,
2684 5748 2802 5804 I72.
