4130 6528
336 383 470 446 1537

1249 380 1706 477 FRAGMENTA
1752 384 1831 442 IN
1874 387 2057 446 ACTA
2105 388 2681 451 AFOSTOLORUM.

3464 389 3600 459 ιω

336 516 450 571 ριε’
491 498 573 552 ὅτι
606 496 863 551 οὐδέποτε
900 496 1103 566 ἔᾳαγον
1138 498 1243 549 πᾶν
1288 498 1464 551 κοινὸν
1516 500 1612 552 καὶ
1655 498 1900 568 ἀκάθαρα

2021 496 2097 561 sit,
2134 496 2374 560 Domine,
2409 498 2531 566 quia
2567 510 2839 564 nunquam
2887 496 3203 549 manducavi
3246 512 3407 551 omne
3445 515 3598 555 com-

330 610 443 645 τον.
487 609 506 642 ι

401 684 621 739 Μᾶλλον
673 684 706 755 ἢ
748 683 927 738 πάντα
982 683 1271 755 ἀκάθαρτα
1303 679 1372 754 ἦν
1404 684 1460 736 ἐν
1491 684 1568 754 τῷ
1619 684 1801 737 σκεύει
1834 687 1913 756 τῷ

330 776 619 831 ὀθονοειδεϊ
654 788 705 842 t‘,
737 776 769 845 ἦ
809 774 1095 838 δεικτικῶς
1130 776 1162 845 ἡ
1209 775 1360 844 φωνὴ
1402 774 1555 839 αὐτῷ
1581 786 1609 824 (ι
1637 778 1912 847 ἐσήμανεν

331 870 397 920 ὲκ
444 868 554 921 τῶν
601 866 931 936 ἀκαθάρτων
978 868 1211 933 φαγεῖνο
1249 866 1282 936 ἢ
1331 865 1428 917 καὶ
1472 864 1638 934 κοινῷ
1692 867 1913 934 ονόματι

331 962 596 1033 ἀορίστως
650 956 880 1010 εἰποῦσα
928 957 961 1025 ἡ
997 956 1148 1025 φωνή
1173 955 1503 1019 ·’Δναστὰς,
1546 956 1687 1023 φάγε
1710 955 1737 1007 ὃ
1769 955 1917 1009 δοκεῖ

333 1071 415 1106 σοι
467 1054 531 1104 ὲκ
555 1050 665 1103 τῶν
684 1047 1051 1118 φαινομένων,
1091 1046 1317 1115 ἐποίησε
1353 1048 1444 1100 τὸν
1473 1048 1682 1117 Πέτρον
1707 1050 1908 1101 εἰπεῖν’

332 1139 649 1210 Μηδαμῶς,
682 1139 880 1206 Κύριε,
915 1135 1004 1188 ὅτι
1044 1134 1332 1189 οὐδέποτε
1364 1136 1591 1205 ἔφαγον
1617 1134 1741 1192 πᾶν
1788 1154 1913 1190 κοι-

333 1236 462 1288 νόν.
490 1260 562 1272 -
597 1230 775 1285 Τοῦτο
797 1227 866 1281 δὲ
892 1226 1131 1296 ἐγένετο
1171 1226 1271 1279 ἐπὶ
1306 1226 1433 1295 τρίς
1462 1236 1506 1279 ι’.

411 1427 430 1458 ι
476 1406 651 1460 Τοῦτο
692 1405 756 1458 δὲ’
798 1404 1018 1472 ἐγένετο
1063 1401 1157 1456 ἐπὶ
1194 1402 1349 1472 τρίς·
1385 1402 1481 1455 καὶ
1532 1404 1813 1475 ἀνελήφθη
1851 1407 1915 1459 τὸ

336 1500 531 1561 σκεῦος
568 1501 647 1562 είς
673 1498 763 1551 τὸν
794 1495 1046 1565 οὐρανόν.
1081 1512 1099 1545 ι

403 1594 477 1645 Τὸ
506 1593 606 1662 τῆς
649 1589 881 1660 Τριάδος
926 1587 1201 1640 δείκνυσιν
1247 1583 1398 1653 αὐτῷ
1445 1585 1506 1637 τὸ
1560 1586 1763 1655 ἀληθὲς
1815 1590 1913 1659 τῆς

334 1685 637 1747 ὀπτασίαςο
694 1681 885 1751 ὥσπερ
919 1680 1013 1732 καὶ
1053 1679 1086 1747 ἡ
1144 1678 1225 1738 εἰς
1272 1687 1294 1713 ⁸
1350 1676 1556 1745 Τριάδα
1609 1678 1787 1743 πίστις
1815 1681 1913 1749 τὴν

333 1774 507 1845 ἀληθῆ
540 1772 855 1826 θεοσέϐειαν
890 1769 1237 1840 παρίστησιν.

2020 604 2179 643 mune
2210 598 2262 642 ct
2294 588 2649 641 intlnundmn.
2686 609 2703 635 ι

2089 679 2274 734 Potius
2305 688 2394 731 aut
2427 686 2621 731 cuncta
2669 677 2943 730 immunda
2986 686 3143 730 erant
3194 677 3245 730 in
3277 693 3401 733 vase
3444 681 3596 735 lintei

2016 768 2196 836 magni
2247 767 2483 835 speciem
2531 766 2825 835 praebente,
2880 774 2973 818 aut
3020 765 3452 821 demonstrativa
3495 784 3597 821 vox

2016 859 2091 912 illi
2130 858 2458 929 signiﬁcavit
2499 866 2556 909 ut
2580 856 2645 911 de
2680 855 2972 910 immundis
3003 855 3393 921 manducaret;
3424 870 3517 911 aut
3546 871 3601 912 ct

2014 948 2289 1002 communi
2347 944 2567 998 nomine
2629 954 2683 997 et
2745 959 2850 997 non
2912 944 3133 998 definite
3194 945 3383 999 dicens
3438 961 3595 999 vox:

2017 1041 2210 1111 Surge,
2258 1038 2526 1092 manduca
2571 1039 2712 1105 quod
2742 1038 2918 1107 placet
2959 1038 3051 1091 tibi
3086 1052 3150 1091 ex
3186 1039 3594 1106 apparentibus,

2015 1147 2177 1185 causa
2215 1130 2316 1183 fuit
2351 1146 2450 1185 cur
2479 1128 2676 1183 Petrus
2714 1128 2912 1183 dixerit
2942 1146 2958 1183 :
2985 1129 3157 1192 Absit,
3189 1128 3434 1192 Domine,
3470 1132 3595 1198 quia

2016 1238 2281 1289 nunquam
2318 1220 2639 1273 manducavi
2672 1236 2822 1273 omne
2844 1235 3139 1274 commune.
3184 1247 3255 1260 —
3280 1218 3395 1271 Iloc
3423 1230 3597 1274 autem

2014 1312 2210 1381 factum
2240 1320 2315 1365 est
2353 1327 2444 1378 per
2478 1322 2578 1366 ter.

2086 1403 2253 1459 Vens.
2302 1402 2389 1457 16.
2438 1421 2454 1452 ι
2491 1401 2602 1456 lloc
2655 1411 2835 1455 autem
2864 1399 3068 1455 factum
3124 1414 3205 1456 εει
3234 1416 3333 1471 per
3385 1410 3504 1469 ter;
3542 1412 3598 1456 et

2016 1507 2292 1567 receptum
2327 1508 2411 1550 eSt
2443 1510 2537 1549 vas
2567 1496 2617 1547 in
2653 1494 2873 1549 coelum.
2908 1512 2927 1545 ι

2087 1586 2373 1643 Trinitatis
2397 1586 2695 1640 assintilata
2722 1585 2924 1638 mentio
2948 1584 3045 1653 ipsi
3064 1584 3287 1640 visionis
3309 1586 3597 1640 veritatem

2013 1681 2238 1751 probat;
2273 1678 2415 1733 sicut
2442 1686 2495 1732 et
2530 1678 2581 1731 in
2608 1675 2927 1730 Trinitatem
2963 1675 3095 1729 lides
3116 1690 3300 1730 veram
3335 1676 3590 1745 pietatem

2014 1774 2238 1827 excitat.

412 1884 429 1915 ι
474 1864 585 1917 Καὶ
624 1862 977 1931 φωνήσαντες
1006 1856 1395 1918 ἐπυνθάνοντο,
1427 1856 1476 1907 εἰ
1521 1858 1703 1927 Σίμων
1732 1861 1759 1912 6
1790 1861 1911 1914 ἐπι-

2095 1863 2259 1919 Vsns.
2292 1862 2381 1915 i8.
2421 1879 2439 1911 ι
2477 1857 2539 1910 Et
2576 1873 2696 1910 cum
2739 1867 3050 1924 vocassent,
3113 1858 3523 1927 interrogabant
3552 1858 3597 1913 si

333 1954 667 2025 καλούμενος
702 1953 906 2021 Πέτρος
937 1950 1122 2004 ἐνθάδε
1158 1947 1444 2013 ξενίζεται.
1483 1948 1588 2000 Τοῦ
1620 1950 1677 2003 δὲ
1710 1952 1915 2024 Πέτρου

272 2114 278 2120 ,
332 2046 716 2116 διανοουμένου
757 2044 889 2114 περὶ
936 2041 1029 2095 τοῦ
1074 2043 1370 2113 ὁράματος,
1420 2033 1541 2092 εἶπε
1587 2041 1647 2094 τὸ
1694 2044 1918 2115 Πνεῦμα

334 2140 503 2210 αὐτῷ.
539 2158 558 2190 ι

404 2230 748 2301 Σημειωτέον
797 2231 878 2284 ὅτι
923 2229 982 2283 οὐ
1028 2230 1107 2283 δεῖ
1140 2247 1261 2283 τινα
1306 2232 1483 2304 ἐαυτῷ
1517 2232 1795 2287 αὐθεντεῖν
1823 2234 1916 2287 καὶ

333 2326 683 2395 καινοτομίας
719 2324 960 2392 εἰσάγειν
987 2325 1044 2375 ἐν
1073 2326 1136 2394 τῇ
1179 2325 1379 2378 πίστει·
1417 2328 1551 2380 ὅπου
1587 2326 1726 2391 μετὰ
1750 2328 1918 2381 ὀπτα-

335 2418 455 2471 σίαν
482 2420 509 2471 6
538 2418 744 2487 Πέτρος
770 2416 1022 2468 τοσοῦτον
1045 2415 1316 2485 διηπόρει,
1350 2416 1490 2471 ὥστε
1517 2421 1609 2473 καὶ
1637 2424 1653 2457 ι
1692 2419 1918 2490 Πνεῦμα

333 2508 494 2561 αὑτὸν
534 2504 974 2579 προτρέψασθαι⁶
1011 2505 1092 2557 δεῖ
1137 2505 1230 2559 οῦν
1261 2507 1353 2560 καὶ
1403 2508 1552 2573 θείας
1603 2510 1918 2580 προτροπῆς

333 2600 392 2651 ὲν
431 2601 544 2661 τοῖς
581 2596 800 2651 δοκοῦσι
832 2596 986 2667 παρὰ
1022 2596 1226 2650 κανόνα
1254 2598 1523 2666 γίνεσθαι,
1563 2599 1639 2663 ὡς
1667 2600 1761 2652 καὶ
1805 2599 1918 2653 ἄνω

332 2691 427 2743 ἐπὶ
452 2690 546 2743 τοῦ
574 2689 948 2760 βαπτίσματος
974 2687 1243 2741 Φιλίππου
1266 2690 1655 2759 σεσημείωται⁸
1680 2691 1739 2744 ὃν
1766 2687 1918 2745 εἷπον

333 2783 580 2837 διάκονον
611 2782 741 2835 ὄντα
772 2780 845 2852 μὴ
878 2780 1139 2834 δύνασθαι
1171 2781 1295 2851 δίχα
1326 2782 1572 2854 ἀνάγκης
1609 2783 1916 2853 βαπτίζειν.

409 2890 428 2924 ι
476 2873 535 2927 ’0
563 2871 620 2924 δὲ
660 2870 862 2939 Πέτρος
885 2870 1103 2940 ἤγειρεν
1132 2869 1295 2923 αὐτὸν
1324 2871 1498 2939 λέγων
1523 2888 1537 2903 ο
1588 2872 1915 2943 Ἀνάστηθι,

334 2962 427 3015 καὶ
456 2960 568 3030 ἐγὼ
595 2960 753 3024 αὐτὸς
786 2958 1070 3031 ἄνθρωπός
1110 2961 1247 3028 ειμι.
1286 2959 1396 3013 Καὶ
1431 2961 1732 3031 συνομιλῶν
1770 2962 1920 3032 αὐτῷ

334 3051 549 3123 εἰσῆλθε
569 3068 583 3083 ο
622 3052 715 3105 καὶ
738 3051 981 3120 εὑρίσκει
1014 3049 1440 3120 συνεληλυθότας
1469 3051 1719 3114 πολλούς.
1753 3072 1773 3106 ι

403 3145 465 3196 Εἰ
496 3145 525 3195 6
553 3144 760 3215 Πέτρος
791 3143 819 3195 6
847 3141 1095 3205 τοσοῦτος
1123 3144 1223 3195 οὐκ
1267 3142 1527 3212 ἠνέσχετο
1558 3144 1649 3198 τοῦ
1682 3162 1919 3216 προσπε-

336 3237 520 3300 σόντος
544 3234 715 3305 αὐτῷ.
759 3234 876 3287 ἴσον
910 3234 1103 3286 ἑαυτὸν
1145 3232 1318 3285 ποιῶν
1366 3232 1445 3304 τῷ
1479 3235 1786 3307 Κορνηλίῳ,
1823 3240 1915 3290 καὶ

333 3327 505 3379 ταῦτα
530 3325 609 3379 ἔτι
641 3325 756 3378 ὄντι
782 3322 1001 3393 ὲθνικῷ,
1027 3323 1079 3374 τί
1109 3322 1190 3375 δεῖ
1214 3324 1388 3375 εἰπεῖν
1420 3324 1547 3393 περὶ
1575 3325 1685 3377 τῶν
1714 3326 1919 3381 λοιπῶν

334 3417 433 3471 ἀνθ
443 3416 642 3488 ρώπων
657 3433 671 3483 ;

412 3549 432 3581 ι
468 3530 579 3585 Καί
616 3547 705 3601 μοι
735 3530 762 3583 6
790 3528 923 3589 Θεὸς
962 3525 1131 3591 ἔδειξε
1162 3526 1371 3599 μηδένα
1403 3526 1581 3580 κοινὸν
1612 3526 1644 3599 ἧ
1674 3527 1921 3599 ἀκάθαρ-

336 3638 428 3677 τον
459 3621 640 3690 λέγειν
672 3620 975 3692 ἄνθρωπον.
1010 3640 1029 3672 ι

410 3715 751 3785 Σημειωτέον
794 3715 875 3767 ὅτι
922 3712 1083 3775 αὐτὸς
1125 3712 1153 3764 6
1186 3711 1317 3775 Θεὸς
1363 3710 1631 3781 ἐπέτρεψε
1676 3711 1751 3781 τῷ
1783 3713 1919 3784 Χρι-

340 3807 540 3878 στιανῷ
574 3807 707 3876 λαῷ,
747 3806 949 3877 μηδένα
988 3804 1274 3877 ἄνθρωπον
1317 3804 1496 3857 κοινὸν
1535 3805 1566 3875 ἢ
1610 3803 1921 3875 ἀκάθαρτον

338 3901 539 3969 λέγειν,
570 3898 703 3953 ἀλλὰ
727 3899 963 3951 συνεῖναι
988 3897 1169 3958 αὐτοῖς
1190 3911 1202 3927 ·
1238 3896 1333 3949 ἆτε
1365 3894 1555 3948 ἐλπίδα
1588 3895 1801 3966 ἔχοντες
1824 3893 1918 3948 τοῦ

340 3990 619 4045 πιστεύειν
650 3988 884 4060 μάλιστα
911 3988 989 4050 είς
1020 3987 1111 4039 τὸν
1140 3986 1399 4057 Χριστόν.

415 4121 435 4155 ε
494 4101 636 4154 Ἀλλ’
678 4100 737 4153 ὲν
776 4100 939 4151 παντὶ
990 4099 1130 4151 ἔθνει
1171 4100 1198 4151 ὁ
1244 4098 1578 4169 φοϐούμενος
1625 4099 1787 4154 αὐτὸν
1826 4101 1921 4154 καὶ

342 4193 706 4266 ἐργαζόμενος
733 4189 1101 4259 δικαιοσύνην,
1131 4190 1319 4253 δεκτὸς
1350 4190 1499 4261 αύτῴ
1532 4192 1670 4245 ἐστι.
1709 4212 1726 4243 ι

413 4284 529 4354 Πρὸ
570 4280 664 4335 τοῦ
709 4276 801 4335 οὖν
833 4279 1086 4346 δέξασθαι
1110 4288 1137 4315 ιι
1172 4279 1264 4333 τὸν
1292 4281 1790 4350 δικαιοπραγοῦντα
1833 4283 1922 4338 διὰ

340 4377 441 4446 τῆς
466 4377 545 4438 εἰς
584 4372 776 4426 ἑαυτὸν
816 4370 1054 4435 πίστεως
1085 4372 1113 4423 6
1149 4371 1382 4442 Χριστὸς
1432 4375 1513 4435 εἰς
1544 4374 1645 4445 τὴν
1690 4375 1915 4447 Ἑκκλη-

339 4469 484 4532 σίαν,
532 4466 625 4518 καὶ
655 4464 924 4534 πιστεύσῃ
948 4471 975 4497 ν
1016 4464 1131 4521 τοῖς
1170 4462 1335 4525 θείοις
1375 4464 1469 4514 καὶ
1515 4464 1791 4534 ἀληθινοῖς
1830 4467 1920 4519 δό-

336 4576 562 4631 γμασιν,
586 4555 955 4627 άπρόσδεκτος
987 4554 1083 4619 ὢν,
1111 4554 1211 4607 οῦκ
1241 4552 1548 4624 εἰσέρχεται
1580 4556 1661 4619 εἰς
1688 4558 1784 4627 τὴν
1809 4558 1917 4613 τῶν

337 4649 583 4723 οὐρανῶν
617 4648 919 4719 βασιλείαν.

415 4762 433 4795 ι
472 4742 593 4795 Ἔτι
633 4739 925 4802 λαλοῦντος
960 4738 1056 4791 τοῦ
1084 4737 1295 4808 Πέτρου
1332 4737 1401 4791 τὰ
1442 4739 1666 4810 ῥήματα
1713 4741 1916 4808 ταῦτα,

338 4837 499 4889 ἔπεσε
527 4834 589 4888 τὸ
613 4833 840 4906 Πνεῦμα
865 4832 925 4885 τὸ
947 4832 1100 4901 διγιον
1128 4830 1218 4883 ἐπὶ
1244 4830 1451 4895 πάντας
1474 4834 1599 4897 τοὺς
1624 4834 1918 4900 ἀκούοντας

338 4929 429 4981 τὸν
454 4927 631 4994 λόγον.
676 4944 694 4977 ι

410 5018 752 5088 Σημειωτέον
777 5015 977 5070 ὅτιούκ
998 5014 1114 5089 [ἂν]
1134 5015 1307 5079 ἄλλως
1336 5016 1571 5069 ἐπέπεσε
1602 5017 1659 5070 τὸ
1692 5019 1917 5090 Πνεῦμα

338 5110 400 5164 τὸ
425 5110 579 5178 ἆγιον
606 5108 697 5160 ἐπὶ
717 5107 808 5161 τὸν
828 5107 1128 5178 Κορνήλιον
1154 5109 1246 5160 καὶ
1272 5108 1398 5171 τοὺς
1427 5110 1523 5161 σὺν
1552 5108 1720 5180 αὐτῷ,
1742 5112 1917 5165 καίτοι

343 5198 795 5273 μαρτυρηθέντας
837 5194 976 5249 εἶναι
1014 5195 1285 5260 θεοσεϐεῖς
1318 5199 1414 5251 καὶ
1441 5199 1716 5264 δικαίους,
1761 5203 1809 5254 εἰ
1842 5203 1916 5273 μὴ

340 5288 859 5362 προκατηχηθὲντας
895 5287 988 5341 τὸν
1030 5288 1129 5358 τῆς
1169 5288 1406 5350 πίστεως
1456 5288 1636 5357 λόγον,
1679 5291 1917 5362 ἥκουσαν
1971 5353 1976 5357 ,

340 5383 433 5437 καὶ
464 5381 812 5436 ἐπίστευσαν·
834 5378 912 5442 ὡς
940 5378 1035 5431 καὶ
1063 5376 1214 5431 ἔνθεν
1238 5378 1395 5447 δῆλον
1426 5375 1587 5445 εἶναι,
1618 5380 1701 5432 ὄτι
1726 5382 1754 5433 6
1777 5381 1919 5436 ἐθνι-

341 5471 456 5538 κὸς,
484 5472 589 5526 κᾶν
618 5471 761 5523 πάνυ
790 5464 1074 5538 δίκαιοςῇ,
1105 5467 1361 5521 οὐδέποτε
1389 5469 1797 5540 μεταλαμϐάνει
1821 5472 1920 5543 τῆς

418 5658 447 5699 P
464 5648 596 5705 Cod.
620 5648 786 5704 Coisl.
818 5645 1107 5715 ὀθονοειδῆ.

1188 5643 1300 5723 ‘I_C.
1336 5644 1500 5699 Coisl.
1536 5648 1742 5721 αύτῷὴ
1773 5652 1974 5723 φωνή.Δ
2002 5661 2048 5723 ξ
2070 5651 2135 5723 C.
2157 5651 2603 5723 Οοί81.ἐπιτρεῖς.

2022 1958 2208 2011 Simon
2236 1955 2324 2025 qui
2373 1949 2790 2021 cognominatur
2818 1950 3033 2013 Petrus,
3073 1950 3183 2005 illic
3217 1952 3442 2004 haberet
3494 1951 3596 2003 IIO-

2018 2053 2263 2120 spitium.
2314 2049 2476 2103 Petro
2519 2054 2699 2100 autem
2743 2044 3019 2114 cogitante
3064 2045 3131 2098 de
3184 2044 3413 2109 visione,
3465 2045 3601 2099 dixit

2019 2144 2257 2215 Spiritus
2288 2142 2359 2196 ei.
2396 2159 2415 2193 ι

2090 2237 2395 2290 Notandum
2421 2232 2564 2303 quod
2600 2230 2893 2301 quemdam
2927 2229 3308 2283 auctoritatem
3341 2228 3443 2283 sibi
3469 2230 3601 2281 dare

2021 2344 2127 2383 non
2148 2336 2381 2397 oportet,
2410 2336 2464 2381 et
2489 2330 2762 2380 novitates
2781 2322 3038 2377 inducere
3066 2322 3131 2375 ad
3152 2321 3309 2375 (idem
3338 2338 3353 2385 ;
3388 2320 3601 2389 quando

2020 2429 2139 2490 post
2176 2420 2441 2474 visionem
2468 2416 2662 2472 Petrus
2692 2416 2771 2470 sic
2800 2414 3039 2477 lmsitat,
3075 2428 3235 2479 quem
3276 2422 3331 2467 et
3367 2412 3601 2482 Spiritus

2020 2513 2255 2567 incitare
2293 2510 2471 2566 debet.
2504 2510 2728 2578 Oportet
2771 2522 2901 2575 ergo
2961 2516 3013 2560 et
3053 2506 3231 2559 divina
3281 2505 3602 2559 incitatione

2022 2602 2139 2655 ﬁeri
2169 2601 2312 2671 quod
2361 2608 2551 2654 contra
2603 2597 2845 2667 regulam
2888 2594 3121 2659 videtur,
3150 2592 3293 2648 sicut
3332 2608 3493 2661 supra
3535 2592 3602 2644 de

2020 2690 2251 2759 Philippi
2288 2690 2618 2759 baptismate
2666 2697 2919 2750 notatur;
2978 2699 3137 2755 quem
3188 2684 3434 2739 dicebam
3482 2684 3601 2737 dia-

2020 2799 2214 2838 conum
2244 2797 2347 2836 non
2382 2796 2539 2852 posse
2566 2782 2771 2847 absque
2802 2778 3126 2831 necessitate
3161 2777 3464 2844 baptizare.

2095 2874 2256 2927 \‘Itns.
2286 2870 2379 2927 9.6.
2414 2890 2431 2923 ι
2469 2872 2661 2926 Petrus
2700 2884 2831 2922 vero
2886 2868 3120 2921 elevavit
3173 2882 3298 2920 eum
3356 2867 3549 2921 dicens
3584 2883 3600 2919 :

2023 2964 2219 3035 Surge,
2253 2974 2308 3019 et
2333 2979 2432 3032 ego
2464 2964 2577 3032 ipse
2609 2963 2768 3016 homo
2797 2977 2914 3013 sum
2949 2977 2965 3026 ;
3002 2970 3057 3012 et
3094 2959 3322 3028 loquens
3354 2974 3475 3012 cum
3513 2958 3604 3013 illo

2023 3058 2270 3119 intravit,
2293 3067 2343 3110 et
2388 3055 2595 3109 invenit
2621 3055 2821 3108 multos
2854 3051 2947 3121 qui
2987 3061 3381 3104 convenerant.
3422 3069 3439 3102 ι

2096 3147 2151 3201 Si
2183 3145 2375 3200 Petrus
2417 3145 2540 3199 talis
2584 3161 2689 3198 non
2736 3144 2956 3197 sinebat
2998 3150 3057 3194 ul
3084 3154 3206 3194 ante
3252 3142 3423 3209 ipsum
3477 3156 3604 3211 pro-

2022 3248 2382 3302 sterneretur,
2414 3252 2597 3305 paretn
2625 3252 2683 3291 se
2709 3234 2988 3288 mstimans
3017 3231 3288 3297 Cornelio,
3324 3244 3379 3286 et
3410 3232 3459 3286 id
3480 3247 3601 3285 cum

2020 3331 2200 3384 adhuc
2219 3330 2469 3383 etlmicus
2500 3337 2667 3390 esset,
2696 3326 2822 3396 quid
2848 3326 3029 3379 dicere
3053 3335 3269 3395 Oportet
3295 3326 3359 3378 de
3389 3325 3604 3379 cmteris

2022 3418 2332 3473 hominibus
2359 3417 2382 3469 ?

2099 3530 2257 3585 Vens.
2290 3530 2377 3585 28.
2424 3550 2442 3582 ι
2479 3528 2544 3583 Ει
2575 3530 2703 3583 mihi
2737 3527 2973 3584 ostendit
3005 3526 3148 3580 Dens
3170 3526 3435 3579 neminem
3457 3538 3605 3579 com-

2024 3639 2238 3676 munem
2280 3632 2371 3675 aut
2403 3622 2735 3677 immundum
2763 3621 2942 3674 dicere
2976 3619 3270 3673 hominem.
3317 3634 3334 3666 ι

2092 3714 2396 3769 Notandum
2426 3714 2567 3785 quod
2593 3713 2735 3767 Deus
2761 3712 2873 3781 ipse
2905 3710 3099 3780 pepqu
3118 3707 3428 3763 Christiano
3453 3720 3605 3758 man-

2024 3814 2191 3873 davit,
2250 3812 2524 3865 neminem
2578 3823 2919 3864 communem
2973 3814 3064 3859 aut
3101 3804 3437 3857 immundum
3479 3814 3606 3868 pro-

2025 3905 2298 3970 nuntiare,
2323 3904 2417 3958 sed
2465 3901 2767 3955 consociari
2815 3898 2983 3966 ipsis;
3024 3904 3277 3965 tanquam
3324 3906 3473 3961 spent
3505 3891 3602 3945 ha~

2022 3999 2210 4053 bentes
2240 3995 2540 4066 praesertim
2575 3994 2677 4049 {ide
2708 3992 2760 4045 in
2789 3988 3093 4044 Christum.

2093 4108 2269 4164 Vens-
2292 4108 2382 4163 55.
2418 4126 2436 4159 ι
2478 4107 2585 4162 Sed
2610 4106 2663 4161 in
2698 4104 2844 4161 omni
2897 4112 3059 4172 gente
3091 4101 3181 4171 qui
3216 4101 3371 4154 timet
3401 4113 3525 4155 eum
3553 4106 3607 4152 et

2023 4199 2577 4272 operaturjnstitiam
2614 4204 2868 4265 acceptus
2899 4204 2982 4249 est
3024 4192 3119 4247 illi.
3162 4211 3182 4243 ι

2091 4294 2400 4361 Antequam
2448 4289 2702 4343 admittat
2744 4286 2837 4356 qui
2880 4296 3141 4355 operatur
3188 4281 3457 4351 justitiam
3510 4295 3606 4349 per

2026 4385 2184 4439 [idem
2224 4385 2276 4437 in
2328 4383 2502 4451 ipsum
2562 4380 2811 4434 Christus
2852 4378 2905 4433 in
2940 4375 3259 4441 Ecclesiam,
3312 4383 3365 4427 et
3406 4372 3607 4428 divinis

2024 4476 2278 4546 verisque
2307 4473 2655 4544 dogmatibus
2697 4470 2854 4524 [idem
2903 4468 3121 4531 haheat,
3175 4482 3279 4520 non
3322 4476 3405 4520 est
3456 4480 3607 4519 acce-

2026 4580 2177 4639 ptus,
2212 4582 2319 4622 non
2355 4565 2524 4619 intrat
2549 4565 2601 4617 in
2633 4561 2899 4617 ctelorum
2933 4574 3180 4630 regnum.

2099 4740 2269 4795 Vens.
2303 4740 2394 4795 44.
2439 4758 2457 4790 ι
2488 4739 2682 4794 Adhuc
2732 4738 2987 4808 loquente
3027 4736 3187 4791 Petro
3243 4735 3406 4789 verba
3468 4735 3602 4801 haec,

2025 4831 2222 4887 cecidit
2251 4832 2491 4899 Spiritus
2518 4841 2741 4886 sanctus
2778 4845 2941 4901 super
2966 4844 3157 4885 onmes
3189 4828 3280 4898 qui
3313 4828 3607 4883 audiebant

2026 4922 2273 4977 verbum.
2315 4941 2334 4973 ι

2102 5014 2410 5069 Notandum
2440 5015 2583 5082 quod
2620 5028 2727 5067 non
2770 5012 2929 5067 aliter
2971 5010 3168 5068 cecidit
3204 5010 3443 5082 Spiritus
3472 5027 3607 5066 san-

2025 5118 2149 5162 ctus
2183 5120 2350 5175 super
2387 5104 2700 5160 Cornelium
2738 5114 2794 5158 et
2832 5120 2927 5159 eos
2970 5105 3061 5173 qui
3112 5120 3235 5159 cum
3272 5105 3391 5175 ipso
3424 5118 3604 5169 erant,

2024 5215 2157 5255 sane
2188 5198 2556 5253 testimonium
2579 5198 2722 5267 quod
2752 5198 2823 5267 pii
2858 5204 2914 5251 et
2934 5196 3065 5265 justi
3108 5208 3292 5252 essent
3320 5199 3602 5264 habentes,

2036 5290 2143 5345 nisi
2175 5290 2317 5359 quod
2369 5289 2492 5343 ﬁdei
2538 5303 2846 5344 sermonem
2902 5290 3127 5343 auribus
3184 5290 3601 5359 percepissent;

2026 5382 2316 5436 audierunt
2340 5391 2396 5435 et
2426 5381 2793 5436 crediderunt.
2837 5382 2963 5437 Inde
2985 5390 3130 5451 patet
3160 5383 3301 5451 quod
3331 5380 3602 5442 ethnicus,

2029 5474 2157 5530 licet
2180 5475 2402 5531 omnino
2442 5474 2625 5545 justus
2658 5476 2747 5540 sit,
2800 5489 3142 5544 nequaquam
3196 5472 3434 5543 Spiritus
3475 5472 3604 5526 doni

2684 5660 2704 5688 ⁸
2731 5651 2866 5707 Cod.
2908 5648 3078 5721 Coisl.
3102 5652 3184 5714 είς
3210 5650 3331 5721 τήν.
3414 5650 3432 5686 ⁸
3468 5648 3601 5721 God.

343 5721 531 5794 Coisl._
575 5721 704 5794 xai._
738 5721 814 5772 τό.
890 5716 1089 5794 ιξδὲξαι
1156 5716 1316 5794 prim.
1376 5731 1522 5775 man.
1558 5716 1702 5774 corr.
1730 5716 1918 5789 postea

2021 5720 2230 5785 ξασθαι.
2307 5731 2334 5761 ν
2376 5716 2542 5777 Priin.
2585 5739 2727 5777 man.
2780 5720 3049 5794 πιστεύσῃ
3099 5722 3221 5775 dein
3264 5716 3431 5775 'corr.
3471 5720 3601 5787 alii].

344 5789 643 5847 πιστεύσει.
688 5789 811 5859 Leg.
850 5788 952 5842 κᾶν
984 5784 1265 5857 πιστεύσῃ.
