4130 6530
549 332 686 395 1539

1715 327 2054 388 AMMONII
2099 327 2669 390 ALEXANDRINI‘

3691 328 3830 394 1510

545 443 820 512 particeps
872 439 1162 510 accipitur,
1209 438 1301 507 qtti
1347 453 1488 494 vera:
1533 437 1653 492 ﬁdei
1710 454 1814 493 non
1852 441 2113 510 particeps

2229 440 2322 493 τοῦ
2358 440 2678 512 Πνεύματος
2718 441 2963 510 δωρεᾶς,
3001 441 3274 512 ἀμέτοχος
3314 439 3392 494 ὥν
3421 439 3516 495 καὶ
3548 441 3830 508 ἄγνωστος

545 542 600 587 et
638 533 874 587 nescius.

1191 641 1347 697 CAP.
1386 642 1476 696 XI.

643 756 807 811 Vens.
871 755 956 809 18.
1011 773 1030 805 ι
1095 754 1552 808 Glorilicaverunt
1619 755 1786 810 Deum
1845 759 2126 811 dicentes:

548 848 690 916 Ergo
716 855 768 899 et
787 845 1038 914 gentibus
1055 839 1428 911 paenitentiam
1455 846 1600 899 dedit
1626 847 1764 900 Deus
1793 847 1856 899 ad
1889 848 2074 900 vitam.
2105 866 2124 898 ι

611 937 746 1003 Quia
781 936 913 990 tides
942 937 993 988 in
1027 935 1305 989 Christum
1355 939 1730 1005 ptenitentiam
1773 940 1998 1002 habens,
2035 954 2129 1007 pro

545 1033 629 1084 his
655 1030 741 1098 qui
776 1043 964 1082 recens
995 1030 1167 1098 parati
1200 1038 1329 1082 sunt
1359 1038 1412 1083 et
1442 1029 1691 1098 dogmata
1721 1031 2031 1095 audierunt,
2061 1031 2128 1083 ad

545 1121 981 1176 vﬂautadduch.

604 1205 782 1266 Vens.
840 1211 933 1266 ‘26.
986 1230 1003 1263 ι
1038 1210 1103 1264 Ει
1139 1209 1604 1279 eognominavisse
1654 1211 1887 1280 primum
1937 1211 2128 1266 Antio-

542 1305 677 1360 Chiae
705 1302 999 1372 discipulos
1035 1301 1394 1356 Christianos.
1433 1320 1451 1352 ι

602 1393 909 1447 Notandum
952 1391 1092 1460 quod
1126 1391 1424 1459 praesertim
1455 1390 1523 1444 ob
1557 1390 1658 1444 hoc
1685 1393 1815 1446 sede
1868 1394 2125 1462 primaria

542 1487 763 1555 dignata
796 1484 869 1537 sit
910 1482 1224 1547 Antiochia,
1273 1481 1455 1549 inqua
1486 1481 1718 1549 primum
1757 1484 2122 1552 cognominati

542 1587 666 1631 sunt
701 1576 882 1629 lideles
907 1572 1221 1627 Christiani.

603 1667 762 1722 Vens.
797 1666 883 1720 50.
917 1683 936 1716 ι
972 1663 1248 1718 lllittentes
1276 1664 1342 1718 ad
1374 1664 1614 1720 seniores
1645 1681 1741 1734 per
1773 1681 1965 1722 manus
1987 1666 2121 1721 Bar-

541 1763 694 1814 nabze
731 1769 785 1812 et
809 1758 978 1812 Sauli.
1017 1776 1034 1808 ›
1566 1751 1572 1758 ”

596 1854 785 1920 Itaque
829 1850 1106 1904 seniorum
1157 1848 1432 1903 habebant
1478 1848 1802 1918 dignitatem
1861 1851 2118 1920 apostoli,

539 1943 681 2014 quod
715 1952 767 1996 et
799 1940 850 1994 itt
888 1939 992 1994 alio
1022 1948 1265 1993 notatum
1299 1948 1380 1993 est
1415 1940 1616 2009 capite.

1162 2051 1316 2105 CAP.
1360 2051 1477 2106 ΧΙΙ.

597 2170 762 2224 Vens.
801 2169 848 2224 1.
891 2187 908 2218 ‹
950 2167 1147 2221 Eodem
1175 2178 1355 2222 autem
1387 2175 1637 2238 tempore
1696 2171 1844 2226 misit
1884 2172 2122 2229 llerodes

538 2281 635 2318 rex
671 2278 862 2317 manus
901 2271 958 2314 ut
990 2258 1254 2331 allligeret
1291 2260 1556 2328 quosdam
1593 2260 1661 2315 de
1690 2261 1950 2317 Ecclesia.
1990 2284 2008 2315 ›
2107 2257 2111 2260 ⁴

596 2443 729 2497 Vide
759 2441 901 2512 quod
942 2440 1127 2494 lideles
1156 2440 1405 2494 homines
1436 2448 1489 2494 et
1522 2439 1737 2494 illorum
1768 2445 2122 2513 congregatio

536 2535 776 2590 Ecclesia
802 2541 1047 2588 vocatur.

589 2625 754 2680 Vens.
784 2625 840 2679 2.
879 2643 897 2675 ι
941 2621 1152 2677 Occidit
1184 2631 1360 2675 autem
1389 2621 1649 2678 Jacobum
1688 2621 1910 2679 fratrem
1947 2624 2116 2680 Joan-

534 2721 619 2775 nis
656 2718 853 2788 gladio.
896 2735 914 2768 ι
947 2769 950 2774 .

595 2810 900 2864 Notandum
960 2790 1102 2876 quad
1161 2804 1393 2859 Jacobus
1457 2806 1662 2875 primus
1716 2790 1922 2877 martyr
1953 2807 2051 2861 fuit
2090 2825 2120 2863 e

533 2903 814 2959 duodecim
869 2899 1150 2968 discipulis
1201 2899 1271 2952 ab
1332 2897 1545 2952 llerode
1590 2910 1684 2950 aut
1720 2910 1989 2953 mactatus
2024 2913 2119 2955 aut

533 2997 707 3064 capite
737 3002 1041 3049 trum'atus.
1818 3033 1826 3039 .
2071 2999 2086 3004 “

601 3088 768 3143 Vens.
797 3087 884 3139 12.
928 3103 946 3136 ι
988 3085 1144 3139 Vertit
1175 3083 1241 3136 ad
1269 3082 1488 3136 domum
1529 3080 1710 3135 Maria:
1745 3084 1934 3136 matris
1955 3083 2118 3138 Joan-

2234 533 2336 602 τῆς
2365 533 2630 604 ἀληθινῆς
2667 534 2925 596 πίστεως.

2827 646 3079 700 ΚΕΦΑΛ.
3117 643 3196 698 lA'
3207 687 3219 698 .

2310 775 2328 808 ‹
2377 755 2657 821 Ἐδόξαζον
2685 754 2775 816 τὸν
2814 754 2967 819 Θεὸν,
2997 754 3247 822 λέγοντες
3276 771 3290 785 ο
3328 755 3470 824 ’Λρα
3492 772 3554 822 γε
3590 753 3684 807 καὶ
3717 756 3834 814 τοῖς

2233 849 2445 904 ἔθνεσιν
2474 851 2502 902 6
2533 849 2664 910 Θεὸς
2691 848 2789 919 τὴν
2825 848 3114 918 μετάνοιαν
3153 850 3234 910 είς
3263 847 3407 919 ζωὴν
3437 848 3658 900 ἔδωκεν.
3696 865 3715 896 ›

2306 942 2429 994 Ὀτι
2463 942 2496 1012 ἡ
2528 943 2607 1003 εἰς
2640 939 2876 1010 Χριστὸν
2906 939 3113 1004 πίστις,
3165 940 3458 1010 μετάνοιαν
3493 940 3696 1008 ἔχουσα
3737 939 3832 989 ἐπὶ

2232 1036 2346 1096 τοῖς
2383 1033 2576 1104 πρώην
2604 1032 2927 1104 πραχθεῖσιν
2959 1032 3144 1096 αὐτοῖς
3174 1032 3206 1102 ἢ
3246 1031 3710 1101 δογματισθείσιν,
3751 1032 3832 1092 εἰς

2233 1122 2380 1192 ζωὴν
2409 1123 2558 1193 ἄγει.

2307 1235 2326 1267 ι
2364 1217 2717 1286 Χρηματίσαι
2760 1231 2819 1268 τε
2857 1213 3088 1285 πρώτως
3124 1216 3182 1267 έν
3225 1213 3529 1284 Ἀντιοχείᾳ
3554 1213 3681 1275 τοὺς
3721 1229 3824 1282 μα-

2231 1307 2400 1379 θητὰς
2430 1305 2814 1378 Χριστιανούς.
2852 1326 2870 1357 ι

2301 1398 2643 1470 Σημειωτέον
2705 1400 2786 1452 ὅτι
2839 1399 3040 1468 μᾶλλον
3091 1399 3179 1453 διὰ
3224 1400 3381 1453 τοῦτο
3430 1401 3464 1471 ἡ
3527 1397 3826 1469 Ἀντιόχεια

2231 1491 2421 1562 θρόνου
2451 1490 2656 1562 ﬂgitiqu
2684 1492 3033 1562 ἁρχοντικοῦ⁶
3062 1492 3247 1564 ἐπειδὴ
3270 1495 3390 1546 ἐκεῖ
3413 1492 3629 1564 πρῶτον
3662 1492 3826 1562 ἐχρη-

2232 1585 2465 1653 μάτισαν
2495 1582 2545 1634 οἱ
2583 1581 2766 1634 πιστοὶ
2794 1582 3134 1650 Χριστιανοί.

2329 1698 2345 1724 ι
2391 1672 2838 1736 Ἀποστείλαντες
2895 1672 3033 1744 πρὸς
3090 1673 3220 1737 τοὺς
3277 1672 3688 1744 πρεσϐυτέρους
3735 1667 3824 1721 διὰ

2229 1766 2409 1838 χειρὸς
2443 1764 2699 1836 Βαρνάϐα
2726 1765 2822 1817 καὶ
2846 1763 3073 1818 Σαύλου.
3114 1783 3133 1814 ι

2302 1860 2463 1913 Ὥστε
2501 1855 2594 1912 οὖν
2641 1858 2737 1910 καὶ
2775 1856 3163 1928 πρεσϐυτέρων
3203 1851 3347 1928 εἶχον
3386 1858 3541 1925 ἀξίαν
3577 1859 3625 1911 οἱ
3683 1855 3823 1912 ἀπό-

2227 1951 2424 2004 στολοι·
2464 1951 2559 2002 καὶ
2587 1950 2644 2002 ἐν
2674 1948 2820 2019 ἄλλῳ
2850 1948 2908 2000 δὲ
2929 1948 3214 2020 κεφαλαίῳ
3242 1950 3639 2021 σεσημείωται.

2811 2062 3072 2116 ’ΚΕΦΑΛ.
3115 2060 3215 2115 lB’.

2299 2190 2318 2222 ‹
2355 2170 2492 2223 Κατ’
2519 2170 2726 2222 ἐκεῖνον
2757 2167 2814 2220 δὲ
2848 2165 2938 2219 τὸν
2973 2165 3166 2236 καιρὸν
3205 2165 3472 2220 ἐπέϐαλεν
3514 2164 3762 2237 Ἡρώδης
3792 2164 3822 2216 6

2224 2256 2476 2326 βασιλεὺς
2517 2257 2615 2318 τὰς
2651 2257 2841 2327 χεῖρας
2897 2253 3150 2308 κακῶσαί
3191 2271 3345 2318 τινας
3399 2255 3508 2307 τῶν
3557 2253 3667 2308 ἀπὸ
3714 2254 3820 2322 τῆς

2235 2349 2586 2420 Ἐκκλησίας.
2624 2366 2642 2399 ι

2291 2440 2401 2493 Θέα
2429 2442 2511 2512 ὅτι
2529 2441 2577 2491 οἱ
2597 2436 2780 2490 πιστοὶ
2803 2437 3013 2508 ἄνδρες,
3045 2439 3140 2490 καὶ
3162 2438 3222 2490 τὸ
3246 2438 3305 2503 ἐξ
3333 2437 3511 2492 αὐτῶν
3536 2438 3817 2507 σύστημα,

2235 2526 2534 2605 Ἐκκλησία
2570 2533 2843 2587 καλεῖται.
3161 2517 3170 2524 ”

2298 2649 2316 2679 ι
2373 2628 2577 2680 Ἀνεῖλε
2609 2627 2667 2678 δὲ
2710 2625 2969 2680 Ἰάκωϐον
3021 2626 3114 2679 τὸν
3154 2624 3385 2694 ἀδελφὸν
3424 2623 3674 2680 Ἰωάννου
3709 2643 3818 2694 μα-

2219 2721 2406 2791 χαίρᾳ.
2449 2739 2466 2772 ι

2293 2812 2635 2883 Σημειωτέον
2691 2812 2775 2865 ὅτι
2841 2811 3098 2874 Ἰάκωϐος
3149 2808 3369 2880 πρῶτος
3427 2808 3818 2880 ἐμαρτύρησεν

2219 2905 2328 2959 ἀπὸ
2354 2905 2462 2958 τῶν
2492 2904 2702 2958 δώδεκα
2727 2902 3008 2975 μαθητῶν,
3044 2902 3150 2956 ὑπὸ
3185 2902 3481 2973 Ἡρώδουῆ
3517 2901 3750 2970 σφαγεὶς
3780 2899 3814 2970 ἦ

2226 2997 2568 3068 ἀποτμηθεὶς
2592 2997 2691 3068 τὴν
2719 2998 2988 3068 κεφαλήν.

2297 3111 2315 3142 ι
2341 3087 2544 3143 ’Ἦλθεν
2575 3091 2666 3142 ἐπὶ
2693 3089 2792 3160 τὴν
2816 3089 2995 3162 οἰκίαν
3018 3087 3238 3157 Μαρίας
3260 3087 3358 3156 τῆς
3384 3086 3589 3159 μητρὸς
3628 3084 3818 3138 Ἰωάν-

534 3183 616 3236 nis
669 3181 760 3250 qui
823 3177 1235 3248 cognominatus
1267 3184 1348 3228 est
1384 3173 1619 3239 Marcus,
1651 3175 1738 3228 ubi
1771 3185 1928 3229 erant
1964 3177 2113 3230 multi

2221 3201 2312 3237 νου
2347 3182 2444 3236 τοῦ
2476 3181 2912 3251 ἐπικαλουμένου
2941 3181 3192 3250 Μάρκου,
3227 3173 3288 3233 οὗ
3316 3173 3459 3249 ἦσαν
3487 3178 3665 3230 ἱκανοὶ
3691 3193 3818 3228 συν-

532 3272 845 3342 congregati
869 3279 922 3325 et
955 3279 1195 3322 orantes.
1238 3285 1258 3317 ι

590 3363 796 3416 Forsan
824 3361 928 3413 iste
959 3368 1044 3414 est
1077 3356 1294 3414 Marcus
1335 3356 1672 3434 evangelista
1696 3373 1792 3426 per
1820 3374 1978 3426 quem
2032 3360 2116 3414 di-

533 3463 662 3508 cunt
684 3452 901 3506 Petrum
934 3448 1286 3519 Evangelium
1322 3448 1734 3504 disseminasse.
1778 3449 1913 3504 Nam
1945 3451 2112 3506 Marci

535 3543 904 3613 Evangelium,
929 3543 1086 3609 .Petri
1117 3541 1318 3594 dicitur
1345 3555 1469 3594 esse
1500 3557 1514 3606 ;
1550 3543 1691 3608 quod
1717 3544 2009 3598 verisimile
2032 3556 2116 3600 est

531 3654 596 3692 ex
623 3651 687 3691 eo
721 3636 866 3705 quod
897 3642 951 3688 et
996 3633 1135 3701 apud
1162 3632 1334 3699 ipsum
1367 3644 1712 3688 remanerent
1745 3644 1799 3688 et
1837 3634 2034 3691 Petrus
2062 3648 2117 3692 et

532 3728 744 3800 reliqui.

584 3816 750 3874 Vens.
770 3817 852 3872 l5.
889 3833 906 3866 ι
944 3814 1019 3868 11ιί
1051 3821 1233 3866 autem
1263 3813 1541 3866 dicebant:
1564 3812 1804 3884 Angelus
1821 3815 1936 3884 ejus
1961 3823 2062 3870 est.
2090 3835 2108 3866 ι

594 3909 846 3962 Attamen
917 3903 1214 3958 notandum
1277 3905 1329 3957 iu
1389 3905 1584 3973 primis
1637 3905 1776 3972 quod
1834 3906 2111 3960 hominum

530 4000 900 4070 unusquisque
926 3998 1023 4050 viae
1069 3995 1345 4049 custodem
1402 3996 1584 4059 hubt'l,
1614 4006 1669 4050 et
1718 3999 1858 4064 quod
1911 3998 2114 4052 indesi-

532 4104 728 4148 nenter
769 4089 992 4159 angelos
1016 4085 1441 4142 considerabant
1491 4088 1699 4149 ﬁdeles,
1734 4089 1875 4142 sicut
1904 4088 2112 4158 Philip-

529 4202 632 4256 pus
681 4195 736 4236 et
785 4182 927 4236 Petri
982 4193 1035 4235 et
1085 4177 1312 4232 Joannis
1360 4179 1514 4246 socii,
1569 4191 1623 4234 et
1673 4181 1812 4247 alii;
1869 4182 2112 4240 inlideles

530 4278 674 4330 enim
703 4291 806 4328 non
837 4273 1036 4339 vident,
1071 4271 1196 4326 licet
1220 4286 1324 4326 non
1357 4271 1513 4344 longe
1559 4274 1666 4328 sint
1695 4275 1763 4328 ab
1807 4276 1928 4330 illis.
1954 4276 2114 4332 Certe

533 4385 640 4423 non
670 4367 800 4419 vidit
832 4366 1003 4433 ipsum
1034 4365 1430 4434 percutientem
1451 4366 1699 4435 angelum
1729 4366 1986 4432 Herodes,
2015 4373 2109 4424 sed

2223 3272 2578 3344 ηθροισμένοι
2611 3274 2705 3326 καὶ
2731 3269 3184 3341 προσευχόμενοι.
3223 3289 3241 3321 ι

2292 3365 2448 3436 Τάχα
2495 3359 2652 3428 οὗτός
2696 3366 2814 3418 ἐστι
2847 3364 3076 3435 Μάρκος
3117 3364 3144 3416 6
3191 3361 3616 3433 εὑαγγελιστὴς,
3655 3361 3726 3415 δι’
3749 3354 3814 3415 οὗ

2219 3455 2467 3525 λέγουσιν
2495 3457 2575 3508 ὅτι
2612 3455 2818 3526 Πέτρος
2850 3454 3246 3524 εὐαγγελίσατο
3270 3462 3317 3489 ι’
3349 3455 3410 3506 τδ
3438 3453 3548 3524 γὰρ
3574 3452 3811 3522 Μάρκου

2218 3551 2570 3620 Εὑαγγέλιον,
2597 3551 2808 3622 Πέτρου
2830 3549 3050 3618 λέγεται
3081 3543 3243 3602 εἶναι·
3270 3548 3496 3610 πιθανὸς
3511 3549 3566 3602 δὲ
3595 3549 3623 3600 6
3652 3547 3815 3615 λόγος

2217 3644 2276 3711 ἐξ
2304 3637 2379 3698 ὧν
2408 3645 2503 3698 καὶ
2539 3644 2676 3715 πρὸς
2703 3644 2865 3697 αὑτὸν
2900 3643 3205 3712 κατέμενον
3233 3644 3260 3696 ὅ
3299 3661 3355 3697 τε
3391 3642 3603 3715 Πέτρος
3626 3642 3723 3694 καὶ
3761 3643 3814 3694 οἱ

2216 3737 2393 3791 λοιποί
2402 3778 2415 3791 .

2292 3848 2311 3882 ι
2351 3833 2413 3883 Ui
2441 3830 2497 3884 δὲ
2525 3829 2708 3896 ἔλεγον
2727 3843 2740 3858 ⁸
2772 3828 2830 3881 '0
2863 3829 3091 3897 ἄγγελος
3125 3825 3292 3880 αὑτοῦ
3320 3827 3519 3882 ἐστιν.»

2288 3922 2438 3985 Τέως
2476 3921 2812 3991 σημειωτέον
2863 3921 2920 3972 ὲν
2968 3920 3242 3989 πρώτοις,
3292 3921 3372 3974 ὅτι
3415 3921 3649 3983 ἕκαστος
3697 3920 3811 3974 τῶν

2215 4013 2520 4084 ἀνθρώπων
2551 4012 2664 4082 ἕχει
2686 3996 2897 4083 ὁδηγόν·
2930 4013 3026 4066 καὶ
3047 4013 3128 4065 ὅτι
3154 4012 3398 4084 συνεχῶς
3428 4013 3615 4084 ἐώρων
3639 4014 3811 4081 ἀγγέ-

2214 4106 2340 4169 λους
2369 4107 2416 4159 οἱ
2449 4104 2649 4158 πιστοί-
2679 4104 2754 4168 ὡς
2791 4107 2820 4157 6
2847 4104 3114 4167 Φίλιππος
3143 4107 3238 4158 καὶ
3265 4106 3311 4157 οἱ
3355 4106 3483 4174 περὶ
3514 4113 3539 4152 1
3597 4105 3809 4174 Πέτρον

2215 4200 2310 4254 καί
2352 4199 2604 4270 Ἰωάννην
2630 4200 2726 4252 καὶ
2755 4199 2803 4251 οἱ
2833 4197 3005 4253 ἄλλοι·
3029 4198 3078 4250 οί
3101 4197 3213 4268 γὰρ
3239 4197 3461 4252 ἄπιστοι
3486 4197 3584 4268 οὐχ
3609 4197 3805 4267 ὁρῶσι,

2215 4293 2317 4346 κᾶν
2357 4291 2586 4361 πλησίον
2613 4285 2745 4344 ὦσιν
2772 4289 2972 4344 αὐτῶν·
3005 4289 3197 4360 ἀμέλει
3221 4291 3249 4342 6
3291 4288 3538 4359 Ἡρώδης
3569 4290 3668 4342 οὐκ
3693 4285 3807 4342 εἶδε

2215 4385 2306 4437 τὸν
2338 4382 2660 4446 πατάξαντα
2683 4382 2845 4434 αὑτὸν
2871 4381 3105 4450 ἄγγελον
3126 4396 3141 4412 ο
3175 4380 3310 4434 ἀλλὰ
3333 4380 3432 4452 τῆς
3463 4381 3562 4452 μὲν
3586 4381 3806 4452 πληγῆς

531 4463 746 4530 plagam
781 4458 971 4524 sensit;
1004 4457 1128 4527 quis
1151 4471 1278 4513 vero
1299 4459 1610 4529 percutiens
1636 4470 1776 4524 erat,
1811 4464 1954 4518 hunc
2004 4479 2109 4518 non

2220 4475 2438 4547 ᾔσθετο,
2475 4474 2560 4537 τίς
2583 4473 2636 4526 δὲ
2662 4473 2690 4525 6
2714 4472 2922 4544 πλήξας
2947 4472 3049 4526 οὐκ
3081 4470 3366 4525 ἐθεάσατο.

531 4553 666 4608 vidit
696 4551 953 4605 Herodes.

1169 4662 1320 4718 CAP.
1366 4663 1504 4720 Xlll.

586 4782 755 4838 Vens.
794 4782 845 4835 1.
878 4799 896 4831 ι
934 4780 1101 4834 Erant
1128 4790 1307 4834 autem
1340 4780 1394 4833 in
1436 4780 1676 4835 Ecclesia
1717 4797 1837 4851 quae
1862 4792 1978 4837 erat
2000 4783 2115 4836 An-

533 4878 746 4932 tiochia;
777 4875 1055 4944 propheta:
1080 4881 1134 4927 et
1155 4873 1406 4927 doctores
1434 4874 1486 4927 in
1509 4875 1726 4943 quibus,
1755 4874 2026 4930 Barnabas
2059 4887 2117 4931 et

533 4972 723 5025 Simon
759 4967 850 5037 qui
897 4966 1193 5021 vocabatur
1237 4965 1421 5036 Niger,
1473 4976 1528 5020 et
1574 4965 1775 5022 Lucius
1828 4967 2110 5037 Cyrenen-

530 5063 630 5124 sis,
669 5080 687 5112 ι
728 5071 835 5114 etc.

594 5155 898 5210 Notandum
927 5155 1069 5222 quod
1100 5163 1156 5206 et
1191 5151 1390 5205 Pau.us
1414 5160 1467 5205 et
1506 5150 1783 5206 Barnabas
1823 5168 1945 5206 cum
1989 5170 2108 5223 pro-

532 5247 710 5318 phetis
750 5245 1120 5299 includuntur.

581 5360 600 5390 ‹
635 5339 696 5392 Ει
725 5337 1013 5401 Manahen,
1057 5336 1147 5405 qui
1184 5344 1302 5390 erat.
1338 5333 1566 5388 Herodis
1613 5335 1898 5390 tetrarelue
1945 5336 2114 5391 colla-

530 5442 772 5487 ειτιιιευε.
810 5449 830 5481 1

567 5522 724 5576 Ecce
769 5517 1190 5587 uniuscujusque
1233 5531 1434 5583 mores,
1479 5531 1577 5571 nec
1628 5514 1817 5586 prima:
1866 5515 2113 5571 infantiae

2825 4669 3076 4723 ΚΕΦΑΛ.
3111 4668 3214 4723 Il".

2297 4805 2315 4838 ι
2353 4781 2535 4840 *Πσαν
2567 4784 2625 4838 δέ
2670 4800 2814 4846 τινες
2857 4783 2916 4836 ἐν
2965 4781 3266 4854 Ἀντιοχείᾳ
3312 4780 3453 4835 κατὰ
3501 4779 3601 4850 τὴν
3638 4774 3808 4833 οὖσαν

2233 4875 2561 4944 Ἐκκλησίαν
2593 4874 2868 4944 προφῆται
2901 4873 2994 4924 καὶ
3012 4870 3347 4936 διδάσκαλοι,
3377 4870 3404 4923 ὅ
3430 4886 3488 4922 τε
3513 4869 3806 4940 Βαρνάϐας

2223 4967 2320 5020 καὶ
2366 4965 2590 5034 Συμεὼν
2642 4965 2670 5014 6
2721 4962 3050 5032 καλούμενος
3101 4961 3298 5032 Νίγερ,
3352 4960 3446 5013 καὶ
3496 4957 3731 5020 Λούκιος
3781 4959 3810 5009 ὁ

2222 5060 2549 5128 Κυρηναῖος.
2594 5074 2613 5106 ι

2294 5149 2639 5220 Σημειωτέον
2687 5149 2770 5200 ὅτι
2818 5149 2911 5200 καὶ
2955 5145 3167 5208 Παῦλος
3197 5144 3290 5198 καὶ
3338 5141 3625 5214 Βαρνάϐας
3669 5137 3810 5209 μετᾶ

2219 5241 2326 5294 τῶν
2360 5238 2655 5310 προφητῶν
2689 5238 3096 5308 κατετάγησαν.

2299 5352 2316 5383 ι
2349 5333 2580 5401 Μαναήν
2611 5347 2667 5383 τε
2714 5330 2954 5400 Ἡρώδου
2981 5327 3076 5382 τοῦ
3108 5326 3408 5399 τετράρχου
3431 5323 3750 5394 σύντροεςος.
3785 5340 3802 5371 ι

2309 5523 2440 5577 Ἰδοὺ
2470 5525 2499 5576 6
2521 5524 2720 5598 τρόπος
2750 5523 3008 5591 ἑκάστου,
3049 5524 3144 5577 καὶ
3167 5522 3269 5576 οὐκ
3300 5521 3364 5575 ὲκ
3390 5530 3412 5558 ι
3445 5518 3637 5582 παιδὸς
3670 5518 3804 5575 ἁνα-

604 5668 625 5694 ι
658 5653 792 5718 Cod,
824 5653 990 5708 Coisl.
1026 5653 1181 5724 εὺηγ.
1259 5661 1288 5700 1
1328 5651 1461 5707 Cod.
1492 5649 1655 5706 Coisl.
1698 5651 1726 5702 6
1753 5647 1902 5720 περί.
1981 5660 2003 5686 ι
2032 5649 2113 5706 Co

2220 5653 2366 5712 Ioisl.
2402 5658 2554 5730 οὑχή
2588 5661 2676 5731 ὲκ.

605 5767 717 5839 (12)
745 5767 876 5823 Cod.
906 5765 1072 5822 Coisl.
1105 5768 1216 5821 lucc
1247 5765 1535 5821 Ammonio
1566 5764 1827 5834 assignat.
