4130 6522
257 337 386 402 1541

1160 341 1620 400 FRAGMENTA
1665 341 1747 399 IN
1793 343 1983 402 ACTA
2020 346 2601 408 APOSTOLORUM.

3387 343 3524 409 1542
3571 433 3574 438 _

245 454 420 524 τροφὴ
453 454 618 519 σώζει
638 469 654 485 ⁶
693 454 856 526 βλέπε
885 454 993 525 γάρ
1021 453 1139 518 πῶς
1171 457 1200 507 6
1247 456 1346 524 μὲν
1395 453 1644 526 Ἡρώδης
1675 457 1826 510 κάκι-

1939 459 2188 513 educatio
2217 460 2408 513 salvat.
2481 458 2610 512 Vide
2640 470 2800 526 quant
2824 457 3094 525 pessimus
3126 465 3241 510 erat
3273 456 3374 512 iste
3415 458 3524 511 Ile-

248 565 373 610 στος
400 543 488 616 ἦν,
532 547 608 616 μὴ
646 547 927 617 βουληθεὶς
957 545 1315 616 μετανοῆσαι’
1351 545 1379 597 6
1399 545 1454 598 δὲ
1486 546 1677 599 τούτου
1711 546 1836 599 σύν-

246 655 444 708 τροφος
474 638 723 708 Μαναὴν,
753 636 1010 690 τοσοῦτον
1057 635 1400 706 μετεϐλήθη,
1443 637 1525 689 ὅτι
1566 637 1660 691 καὶ
1701 655 1834 709 προ-

249 729 475 798 φητείας
499 726 728 797 ἠξιώθη.

324 837 342 870 ι
388 817 866 888 Λειτουργούντων
897 819 954 872 δὲ
996 818 1176 872 αὐτῶν
1242 817 1318 888 τῷ
1365 817 1556 889 Κυρίῳ
1601 818 1693 872 καὶ
1736 836 1834 888 νη-

248 910 569 973 στευόντων,
601 906 722 962 εἷπε
752 913 814 963 τὸ
845 910 1071 980 Πνεῦμα
1095 911 1154 962 τὸ
1193 909 1404 978 ἅγιον.»

318 1001 663 1072 Σημειωτέον
699 1002 782 1054 ὅτι
819 1002 879 1054 ού
909 1004 1022 1064 τοῖς
1055 1001 1285 1072 τυχοῦσι
1317 1001 1469 1055 λαλεῖ
1505 1001 1565 1054 τὸ
1606 1000 1836 1071 Πνεῦμα

243 1092 308 1144 τὸ
346 1091 524 1160 ἅγιον,
574 1091 712 1145 ἀλλὰ
766 1096 880 1156 τοῖς
929 1092 1340 1164 λειτουργοῦσιν
1391 1092 1540 1164 αὐτῷ
1598 1094 1694 1146 καὶ
1741 1109 1835 1164 νη-

249 1181 517 1236 στευύοσι·
549 1185 642 1236 καὶ
688 1183 851 1237 πάλιν
885 1185 1242 1254 σημειωτέον,
1269 1185 1349 1236 ὅτι
1379 1185 1478 1253 οὐχ
1528 1183 1602 1247 ὡς
1644 1182 1834 1252 ἔτυχεν

244 1274 612 1346 ἐχειροτόνουν
654 1276 780 1338 τοὺς
823 1274 1142 1340 διακόνους,
1178 1274 1318 1327 ἀλλά
1369 1274 1834 1345 προνηστεύοντες

247 1366 344 1419 καλ⁹
373 1366 678 1436 εὐχόμενον
719 1366 814 1420 καὶ
861 1365 970 1420 ίδοὺ
1005 1365 1167 1419 πάλιν
1209 1365 1488 1435 ἐπέθηκαν
1515 1365 1613 1427 τὰς
1645 1367 1835 1434 χεῖρας

243 1461 359 1520 τοῖς
385 1458 513 1528 περὶ
541 1457 766 1511 Σαῦλον·
796 1457 872 1522 ὡς
903 1459 966 1511 ἐκ
999 1457 1192 1511 τούτου
1217 1456 1600 1526 στοχάζεσθαι,
1631 1457 1713 1508 ὅτι
1743 1455 1834 1508 τὸν

243 1545 339 1599 τοῦ
379 1546 626 1600 διακόνου
675 1547 882 1618 βαθμὸν
921 1548 1011 1602 διὰ
1037 1550 1137 1620 τῆς
1166 1548 1561 1618 ἐπιγενομένης
1590 1547 1833 1619 χειροθε-

246 1639 370 1701 σίας
397 1639 766 1712 ὑπερέϐησαν.

325 1772 344 1804 ι
380 1754 536 1806 Μετὰ
566 1753 622 1806 δὲ
653 1752 750 1824 τὴν
773 1754 1083 1822 ἀνάγνωσιν
1109 1751 1204 1806 τοῦ
1227 1753 1394 1824 νόμου
1421 1752 1514 1806 καὶ¹
1546 1751 1658 1804 τῶν
1698 1767 1833 1822 προ-

244 1843 456 1913 φητῶν,
497 1843 825 1897 ἀπέστειλαν
873 1846 922 1896 οί
971 1845 1414 1915 ἀρχισυνάγωγοι
1461 1843 1598 1913 πρὸς
1636 1843 1832 1906 αὐτοὺς

241 1933 523 2002 λέγοντες·
554 1935 778 2006 ’Ἄνδρες
805 1936 1044 2006 ἀδελφοὶ,
1079 1937 1132 1989 εί
1159 1939 1242 2002 τίς
1267 1939 1415 1991 ἐστιν
1437 1937 1495 1988 ὲν
1518 1935 1647 2007 ύμῖν
1680 1935 1832 2002 λόγος

240 2028 649 2098 παρακλήσεως
681 2030 818 2098 πρὸς
853 2029 945 2082 τὸν
974 2029 1122 2093 λαὸν,
1159 2031 1368 2098 λέγετε.
1410 2053 1429 2086 ι

319 2120 482 2184 Ἐθος
509 2123 622 2184 τοῖς
681 2121 958 2185 Ἰουδαίοις
1006 2124 1066 2176 ἐν
1095 2125 1207 2186 τοῖς
1245 2125 1520 2186 Σάϐϐασιν
1560 2133 1831 2204 ἀναγινώ-

239 2230 399 2266 σκειν
431 2213 523 2267 τὸν
547 2213 711 2280 νόμον
753 2215 1042 2280 Μωῦσέως
1081 2217 1177 2270 καὶ
1216 2217 1342 2282 τοὺς
1373 2224 1661 2295 προφήτας
1682 2245 1696 2258 ο
1738 2229 1832 2282 καὶ

239 2304 384 2376 μετὰ
414 2303 518 2376 τὴν
539 2305 747 2359 τούτων
777 2307 1083 2375 ἀνάγνωσιν
1116 2310 1474 2380 προσομιλεῖν
1505 2317 1598 2368 καὶ
1623 2318 1833 2390 ἐξηγεῖο

238 2396 367 2451 σθαι
391 2411 405 2428 ⁸
437 2397 520 2451 διὸ
549 2402 644 2452 καὶ
670 2401 719 2452 οἱ
762 2399 1034 2453 Ἰουδαίων
1065 2403 1507 2472 ἀρχισυνάγωγοι
1547 2410 1688 2477 μετά
1733 2411 1830 2483 τὴν

235 2488 550 2560 ἀνάγνωσιν
588 2492 994 2564 προετρέποντο
1031 2495 1159 2558 τοὺς
1189 2494 1319 2563 περὶ
1353 2496 1566 2554 Παῦλον
1597 2501 1829 2572 λαλῆσαι

236 2584 666 2654 παραινετικοὺς
694 2585 888 2654 λόγους
919 2588 986 2657 τῇ
1022 2591 1342 2660 συναγωγῇ.

317 2713 337 2747 ι
377 2695 475 2749 Διά
505 2695 662 2750 τοῦτο
691 2697 818 2769 ύμῖν
842 2697 1037 2767 ἄφεσις
1062 2700 1349 2770 ἁμαρτιῶν
1374 2705 1824 2774 καταγγέλλεται·

235 2789 334 2842 καὶ
356 2789 464 2842 ἀπὸ
500 2789 740 2856 πάντων,
775 2783 849 2844 ὧν
894 2791 996 2844 οὐκ
1027 2791 1334 2864 ἠδυνήθητε
1373 2796 1432 2849 ὲν
1469 2796 1621 2868 νόμῳ
1658 2799 1827 2852 Μωῦ-

237 2881 380 2945 σέως
402 2881 781 2954 δικαιωθῆναι,
811 2884 868 2936 ἐν
897 2883 1074 2953 τούτῳ
1099 2887 1206 2950 πᾶς
1231 2887 1258 2938 6
1284 2886 1560 2942 πιστεύων
1585 2888 1828 2943 δικαιοῦ-

233 2991 351 3030 ται.
391 2993 411 3026 ι

307 3090 651 3163 Σημειωτέον
697 3091 778 3144 ὅτι
809 3093 838 3144 6
881 3094 960 3156 είς
989 3093 1083 3147 τὸν
1115 3095 1354 3167 Χριστὸν
1397 3097 1691 3164 πιστεύων,
1729 3101 1824 3154 καὶ

232 3185 565 3249 δικαιοῦται,
607 3185 704 3238 καὶ
741 3187 934 3254 ἄφεσιν
984 3187 1270 3258 ἁμαρτιῶν
1303 3188 1602 3258 λαμϐάνει·
1638 3194 1665 3245 ὁ
1715 3193 1824 3264 γάρ

231 3277 397 3347 νόμος
430 3277 709 3340 Μωῦσέως
735 3268 834 3331 οὖκ
867 3279 1070 3342 ἄδικος,
1096 3279 1233 3333 ἀλλὰ
1265 3282 1524 3352 σκληρὸς,
1546 3284 1641 3336 καὶ
1669 3283 1825 3336 δυνά-

235 3386 398 3440 μενος
427 3369 484 3422 δὲ
511 3369 802 3422 δικαιῶσαι
835 3370 926 3422 τὸν
955 3371 1260 3440 ἀμέμπτως
1296 3372 1476 3425 πάντα
1505 3373 1574 3425 τὰ
1615 3373 1708 3426 τοῦ
1738 3375 1827 3427 νό-

237 3481 342 3534 μου
401 3463 728 3517 τελέσαντα·
785 3462 865 3514 διὸ
899 3462 1161 3524 ἀδύνατος
1195 3462 1274 3526 είς
1322 3463 1667 3534 κατόρθωσιν
1712 3469 1824 3528 τοῖς

230 3553 546 3624 ἀνθρώποις
575 3555 751 3623 ἐφάνη
773 3595 786 3618 ,
825 3552 912 3606 διὰ
957 3553 1018 3604 τὸ
1046 3552 1136 3604 τὸν
1165 3553 1246 3605 ὲνὶ
1285 3554 1545 3606 πταίοντα
1577 3554 1823 3623 γίνεσθαι

230 3646 455 3698 πάντων
490 3646 690 3715 ἔνοχον·
721 3645 820 3715 οὐχ
848 3646 875 3696 6
906 3645 1068 3714 νόμος
1093 3644 1186 3697 οῦν
1215 3645 1313 3697 ούκ
1336 3644 1566 3715 ἠδύνατο
1596 3645 1820 3700 δικαιῶ-

235 3756 354 3801 σαι,
386 3737 521 3790 ἀλλὰ
571 3737 632 3790 τὸ
678 3736 1071 3807 ἀκατόρθωτον
1120 3735 1287 3789 αὑτοῦ
1324 3737 1621 3801 ἀδυνάτους
1650 3739 1822 3791 ὲποίει

230 3832 360 3893 τοὺς
397 3829 714 3901 ἀνθρώπους
755 3830 844 3882 διὰ
873 3829 981 3882 τῶν
1011 3829 1241 3883 ἐντολῶν
1269 3829 1364 3882 τοῦ
1395 3829 1564 3901 νόμου
1593 3832 1818 3885 δικαιω-

234 3923 392 3992 θῆναι,
415 3939 428 3952 ο
470 3923 656 3987 καθὼς
693 3924 787 3976 καὶ⁵
813 3923 873 3976 τὸ
905 3922 1058 3994 ῥῆμά
1087 3939 1274 3992 φησιν.
1308 3916 1426 3976 Ὧν
1454 3924 1566 3976 οὐκ
1593 3923 1820 3992 ἠδυνή-

233 4018 374 4081 θητε
398 4014 467 4067 ἐν
497 4015 660 4084 νόμῳ
687 4013 985 4079 Μωῢσέως
1013 4013 1429 4083 δικαιωθῆναι.

311 4124 331 4157 ι
383 4105 667 4170 Ἐξιόντων
716 4105 774 4158 δὲ
822 4104 998 4158 αὐτῶν
1053 4106 1132 4167 εἰς
1170 4104 1230 4156 τὸ
1284 4104 1489 4173 μεταξὺ
1538 4104 1818 4159 Σάϐϐατόν

233 4197 579 4268 παρεκάλουν
606 4195 905 4265 λαληθῆναι
934 4195 1120 4256 αὐτοῖς
1147 4194 1215 4246 τά
1248 4197 1471 4266 ῥήματα
1495 4195 1689 4248 ταῦτα.
1723 4215 1740 4247 ι

299 4290 403 4350 Είς
427 4288 495 4340 τὸ
520 4287 750 4356 μεταξὺ
777 4285 1112 4341 Σάϐϐατονο
1140 4287 1262 4339 ἀντὶ⁹
1299 4285 1418 4352 τοῦ,
1455 4287 1515 4339 τὸ
1539 4299 1565 4326 α
1619 4289 1815 4358 ἐσόμε-

232 4394 344 4442 νον,
375 4377 451 4440 ὡς
485 4377 773 4447 σαφηνίζει
806 4376 957 4428 κάτω
983 4374 1115 4446 (15).
1486 4386 1493 4392 ’

309 4510 328 4543 ι
366 4491 478 4544 Καὶ
500 4489 600 4543 οὐκ
636 4489 819 4555 ἀξίους
849 4489 1068 4560 κρίνετε
1107 4487 1358 4552 ἑαυτούς.
1407 4507 1424 4540 ι

306 4606 469 4659 Ὥστε
509 4606 602 4660 οῦν
627 4608 655 4659 6
684 4607 814 4670 Θεὸς
844 4605 998 4658 οὐδὲν
1030 4604 1248 4670 ἀνάξιον
1278 4604 1426 4673 λέγει
1453 4605 1546 4657 τοῦ
1577 4605 1819 4675 σωθῆναι

231 4704 264 4772 ἢ
292 4702 370 4765 εἰς
402 4702 500 4772 τὴν
528 4700 808 4771 βασιλείαν
834 4699 996 4753 αὑτοῦ
1025 4700 1308 4762 εἰσελθεῖν,
1328 4698 1451 4753 οὔτε
1491 4703 1550 4753 τὸ
1576 4701 1818 4753 ἐναντίον

230 4792 438 4861 κρίνειν
480 4792 508 4831 δ
537 4792 627 4845 τὸν
657 4791 942 4862 ἄνθρωπον
971 4789 1121 4855 ἄξιον
1166 4786 1303 4842 εἶναι
1352 4790 1659 4853 κολάσεως·
1697 4790 1814 4842 ἀλλ’

232 4886 392 4956 ἡμεῖς
434 4885 659 4947 ἑαυτοὺς
699 4885 958 4956 κρίνομεν
1015 4883 1158 4936 κατὰ
1203 4881 1300 4952 τὴν
1354 4883 1602 4935 ἑκούσιον
1657 4881 1815 4952 ἡμῶν

231 4976 452 5040 κακίαν,
473 4975 724 5040 ἀναξίους
753 4976 849 5046 μὲν
874 4976 974 5044 τῆς
1003 4974 1224 5028 αἰωνίου
1253 4973 1419 5042 ζωῆς,
1444 4973 1628 5037 ἀξίους
1646 4972 1700 5024 δὲ
1717 4973 1816 5042 τῆς

231 5068 451 5123 αἰωνίου
472 5068 744 5130 κολάσεως
767 5084 781 5098 °
819 5068 959 5121 ὥστε
999 5064 1090 5120 οῦν
1115 5069 1174 5120 ἐν
1203 5068 1336 5137 ἡμῖν
1365 5068 1398 5135 ή
1427 5065 1631 5137 κρίσις,
1658 5066 1718 5118 τό
1749 5083 1807 5118 τε

229 5161 329 5231 τῆς
359 5159 657 5229 μελλούσης
688 5160 1076 5222 καταστάσεως
1100 5161 1388 5230 κλήρωμα.

308 5272 327 5304 ι
363 5239 852 5316 Καιὲπίστευσαν,
883 5254 998 5306 ὅσοι
1033 5248 1172 5322 ἦσαν
1203 5250 1526 5321 τεταγμένοι
1559 5253 1638 5314 είς
1669 5248 1814 5322 ζωὴν

233 5342 470 5400 αἰώνιον.
508 5364 527 5397 ›

307 5533 332 5561 ³
364 5523 496 5579 Cod.
532 5522 698 5582 Cois].
739 5537 849 5575 om.
880 5518 962 5572 τό.
1041 5518 1068 5557 δ
1095 5516 1231 5572 Co].
1260 5516 1426 5580 Coisl.
1463 5516 1667 5586 κρίνει.

234 5773 324 5837 IX,
355 5779 482 5831 νει.

1940 551 2101 604 rodes
2141 551 2231 619 qui
2267 550 2507 604 converti
2537 549 2776 603 nolebat.
2826 549 3211 603 Collactaneus
3245 548 3360 616 ejus
3410 549 3524 604 Ma-

1938 643 2117 696 nalten
2178 651 2441 710 quantum
2486 650 2728 695 mutatus
2778 640 2869 694 aui
2921 640 3059 693 dono
3105 640 3401 710 prophetia:
3444 642 3525 694 di-

1937 748 2074 802 gnus
2108 733 2416 788 haberetur.

1997 827 2158 880 Vens.
2190 826 2245 879 2.
2290 843 2308 876 ι
2339 824 2764 878 Ministrantibus
2801 824 2982 877 autem
3029 821 3135 877 illis
3180 821 3411 880 Domino
3464 834 3520 880 et

1933 917 2325 987 jejunantibns,
2353 918 2485 971 dixit
2516 915 2750 985 Spiritus
2783 924 3020 970 sanctus.
3061 931 3080 965 ι

2015 1009 2317 1064 Notandum
2352 1010 2494 1080 quod
2531 1024 2635 1061 non
2675 1007 2722 1062 ei
2751 1007 2841 1074 qui
2882 1008 3090 1075 primus
3117 1007 3337 1062 obvenit
3375 1007 3522 1063 fatur

1940 1103 2173 1171 Spiritus
2206 1113 2446 1163 sanctus,
2470 1101 2562 1154 sed
2592 1099 3024 1153 ministrantibus
3050 1107 3104 1152 et
3131 1099 3519 1170 jejunantihns.

1937 1192 2003 1246 Et
2028 1193 2218 1248 iterum
2245 1192 2537 1246 notandum
2560 1190 2822 1260 quodnon
2845 1190 2983 1244 sicut
3013 1189 3062 1243 in
3090 1205 3246 1242 manu
3271 1200 3522 1244 eratma-

1938 1301 2038 1339 nns
2071 1283 2441 1353 imposuerunt
2468 1298 2629 1351 super
2649 1280 2927 1345 diaconos,
2965 1280 3056 1332 sed
3087 1281 3234 1348 prius
3253 1295 3416 1348 super
3439 1281 3522 1349 je-

1931 1377 2186 1445 junantes
2209 1383 2495 1427 etorantes
2519 1389 2533 1435 ;
2559 1373 2651 1426 sed
2673 1386 2798 1426 ecce
2823 1372 2999 1426 adhuc
3033 1387 3222 1425 manus
3251 1372 3498 1440 imposne

1937 1476 2064 1521 rttnt
2092 1482 2253 1536 super
2281 1466 2525 1520 Saulum.
2560 1463 2839 1532 Tanquam
2894 1463 3087 1516 exinde
3143 1477 3360 1517 onmem
3409 1463 3524 1532 pie-

1939 1569 2103 1613 tatem
2148 1558 2465 1622 inlerentes,
2520 1559 2645 1625 quia
2704 1556 2914 1610 diaconi
2942 1555 3167 1625 gradum
3195 1570 3293 1624 per
3327 1570 3522 1626 super-

1937 1652 2246 1707 venientem
2275 1650 2672 1705 ordinationem
2708 1649 3064 1703 excedebant.

2002 1767 2167 1832 Vens.
2201 1766 2288 1822 15.
2327 1784 2344 1817 ι
2380 1765 2511 1820 Post
2531 1764 2821 1818 lectionem
2849 1770 3033 1816 autem
3062 1759 3195 1831 legis
3217 1771 3269 1817 et
3291 1761 3523 1830 prophe-

1940 1866 2137 1921 tarum,
2171 1857 2436 1910 miserunt
2480 1853 2751 1925 principes
2785 1867 3070 1922 synagoga:
3105 1851 3172 1904 ad
3213 1866 3306 1905 eos
3333 1851 3521 1904 dicen-

1939 1958 2018 2002 tes
2053 1965 2067 2002 :
2110 1948 2220 2002 Viri
2251 1949 2470 2012 fratres,
2501 1948 2543 2001 si
2569 1947 2690 2015 quis
2720 1953 2803 2000 est
2841 1945 2895 1999 in
2929 1943 3082 2000 vobis
3122 1959 3303 1998 sermo
3325 1944 3521 2000 exhor-

1938 2036 2159 2091 tationis
2185 2036 2252 2090 ad
2288 2036 2500 2106 plebem
2529 2035 2712 2090 dicite.
2757 2052 2776 2086 ι

1993 2127 2108 2183 Mos
2141 2129 2280 2196 apud
2331 2142 2423 2183 eos
2453 2126 2715 2182 Sahbatis
2742 2125 2956 2194 legendi
3010 2125 3211 2195 Moysis
3265 2124 3434 2194 legem
3465 2132 3520 2179 et

1933 2221 2227 2288 prophetas
2264 2235 2278 2281 ;
2314 2229 2366 2271 et
2393 2228 2512 2286 post
2549 2218 2764 2271 illorum
2801 2215 2997 2286 legem,
3048 2217 3363 2270 concionem
3417 2220 3518 2270 ha-

1936 2310 2063 2362 bere
2087 2319 2141 2363 et
2167 2307 2460 2375 explanare
2491 2324 2505 2372 ;
2544 2309 2727 2375 itaque
2753 2316 2806 2361 et
2838 2304 3143 2361 Judzeorum
3208 2307 3520 2378 archisyna-

1934 2401 2052 2471 gogi
2089 2411 2209 2470 post
2257 2400 2546 2455 lectionem
2599 2399 2824 2452 Paulum
2873 2407 2926 2453 et
2961 2413 3055 2453 eos
3111 2399 3202 2467 qui
3249 2414 3373 2453 cum
3428 2399 3518 2452 illo

1934 2503 2089 2545 erant
2124 2493 2426 2546 invitabant
2475 2500 2532 2544 ιιι
2563 2491 2960 2546 exhortationis
3012 2504 3290 2545 sermones
3323 2490 3389 2544 ad
3437 2503 3520 2562 sy-

1935 2597 2197 2653 nagogam
2239 2593 2599 2653 exponerent.

1983 2697 2149 2752 Vnus.
2180 2698 2269 2753 59.
2309 2717 2327 2748 ι
2363 2696 2464 2751 Per
2514 2697 2614 2750 hoc
2656 2696 2810 2751 vobis
2873 2693 3122 2750 remissio
3157 2701 3508 2762 peccatorum

1932 2791 2287 2845 annuutiatur
2318 2807 2332 2856 ;
2369 2797 2424 2844 et
2445 2789 2512 2842 ah
2541 2791 2792 2844 omnibus
2843 2790 3042 2858 quibus
3096 2801 3204 2842 non
3255 2786 3514 2856 potuistis

1933 2885 1984 2937 in
2016 2884 2130 2952 lege
2178 2881 2345 2953 Moysi
2368 2880 2696 2952 justiticare.
2738 2879 2794 2934 ln
2833 2882 2935 2934 hoc
2986 2878 3164 2934 omnis
3199 2877 3291 2946 qui
3341 2877 3516 2931 credit

1926 2974 2280 3045 justiﬁcatur.
2319 2995 2338 3028 ι

1977 3087 2285 3144 Notandum
2313 3087 2455 3158 quod
2487 3087 2578 3157 qui
2619 3087 2672 3141 in
2704 3084 2986 3140 Christum
3028 3085 3225 3150 credit,
3262 3095 3320 3140 et
3351 3083 3512 3152 justi-

1932 3182 2124 3234 ticatnr
2176 3191 2230 3233 et
2284 3179 2660 3234 remissionem
2723 3189 3069 3246 peccatorum
3137 3178 3508 3248 consequitur.

1928 3271 2061 3324 Nam
2089 3271 2286 3342 Moysis
2310 3272 2390 3326 lex
2424 3288 2529 3326 non
2564 3269 2764 3340 iujusta
2799 3273 2912 3336 sed,
2941 3272 3096 3337 dura,
3129 3282 3184 3325 et
3209 3272 3512 3341 justilicare

1928 3364 2110 3417 valens
2142 3379 2265 3417 eum
2297 3364 2387 3432 qui
2445 3365 2655 3433 integre
2691 3363 2824 3434 legis
2861 3369 3055 3417 cuncta
3084 3363 3298 3430 perlicit
3337 3381 3351 3429 ;
3384 3363 3510 3417 ideo

1930 3456 2105 3524 impar
2139 3457 2254 3509 visa
2281 3465 2364 3509 est
2396 3471 2514 3524 qua:
2543 3457 2790 3510 homines
2827 3456 3107 3508 reduceret
3140 3456 3298 3522 quia:
3331 3456 3422 3522 qui
3455 3458 3507 3508 in

1927 3562 2033 3600 uno
2069 3547 2267 3600 cecidit
2303 3545 2476 3600 factus
2499 3557 2585 3600 est
2634 3546 2872 3600 omnium
2906 3561 3029 3598 reus
3061 3562 3078 3611 ;
3111 3560 3215 3598 non
3245 3560 3374 3614 ergo
3423 3545 3509 3606 lex
3566 3616 3567 3619 η

1920 3638 2222 3708 justiticare
2257 3638 2443 3705 valuit,
2487 3640 2579 3694 sed
2611 3637 2757 3706 quod
2800 3645 2919 3690 erat
2961 3637 3137 3703 impar
3173 3637 3225 3689 in
3264 3636 3398 3704 ipsa,
3429 3636 3510 3688 in-

1925 3748 2158 3802 capaces
2203 3730 2436 3786 faciebat
2491 3730 2742 3785 homines
2781 3728 2872 3799 qui
2908 3743 3004 3797 per
3034 3727 3166 3797 legis
3193 3727 3506 3796 praescripta

1919 3826 2371 3896 juslilicarentur,
2415 3824 2559 3878 sicut
2607 3833 2790 3877 textus
2822 3822 2952 3876 dicit
2985 3838 3000 3875 :
3033 3821 3219 3890 quibus
3263 3836 3366 3874 non
3408 3835 3507 3889 po-

1925 3917 2100 3970 tuistis
2135 3916 2189 3968 in
2213 3915 2322 3985 lege
2351 3911 2858 3983 Moysijuuiﬁcari.

1980 4101 2139 4154 \‘Ens.
2179 4099 2267 4151 4‘2.
2307 4117 2325 4149 ί
2369 4095 2716 4151 Exeuntihus
2749 4101 2930 4148 autem
2987 4092 3092 4147 illis
3141 4091 3402 4162 rogabant
3449 4098 3508 4144 ut

1920 4193 2244 4246 intermutlio
2277 4191 2516 4245 Sabbato
2553 4189 2903 4258 loquerentur
2948 4185 3050 4238 sihi
3101 4186 3259 4238 verba
3309 4185 3439 4238 haec.
3481 4201 3500 4234 ι

1968 4285 2291 4339 Intermedio
2346 4282 2574 4339 Sabbato
2617 4298 2714 4353 pro
2767 4282 2977 4342 futuro,
3030 4287 3087 4332 ιιι
3140 4287 3362 4348 apparet
3421 4279 3505 4332 in-

1918 4379 2021 4433 ira.

1851 4484 1894 4538 ι)
1979 4495 2142 4548 Vens.
2180 4494 2270 4548 46.
2301 4515 2316 4543 ι
2357 4491 2425 4546 Ει
2458 4468 2708 4561 indignos
2739 4486 3132 4556 vosjudicatis.
3177 4505 3196 4536 ›

1983 4606 2111 4660 lude
2143 4621 2274 4673 ergo
2310 4605 2448 4658 Deus
2481 4603 2751 4656 neminem
2786 4597 3060 4665 indignum
3111 4594 3241 4646 dicit
3270 4590 3359 4660 qui
3400 4590 3507 4641 sal-

1928 4709 2082 4752 retur
2109 4706 2202 4750 aut
2245 4697 2297 4750 in
2334 4711 2554 4762 regnum
2587 4691 2704 4758 eius
2740 4691 2924 4753 intret,
2954 4702 3054 4740 nec
3086 4701 3115 4739 e
3142 4694 3328 4738 contra
3360 4681 3506 4748 judi-

1922 4799 2011 4845 cat
2039 4788 2311 4842 hominem
2333 4787 2677 4839 damnatione
2700 4782 2919 4850 dignum
2947 4793 3070 4832 esse
3105 4793 3118 4841 ;
3155 4775 3248 4829 sed
3273 4783 3508 4826 nosmet-

1923 4883 2072 4950 ipsos
2095 4879 2404 4947 iudicamus
2435 4893 2530 4947 per
2573 4875 2799 4928 liberant
2834 4880 3073 4926 nostram
3106 4865 3390 4927 malitiam,
3423 4867 3528 4916 in-'

1923 4974 2114 5044 dignos
2139 4970 2354 5041 quidem
2385 4976 2584 5021 arterna
2620 4965 2754 5026 vita,
2783 4973 2984 5016 aeterna
3015 4973 3140 5012 vero
3162 4956 3507 5010 damnatione

1917 5065 2106 5132 dignos
2141 5079 2155 5127 ;
2192 5060 2372 5128 itaque
2405 5071 2532 5126 ergo
2573 5065 2753 5108 nostra
2776 5049 3068 5113 sententia,
3117 5055 3296 5101 nostra
3325 5045 3496 5098 hcati-

1919 5155 2118 5208 tudinis
2143 5151 2331 5204 futura:
2357 5165 2496 5203 sors.

1976 5247 2139 5301 Vens.
2173 5246 2264 5300 48.
2303 5261 2321 5294 ι
2360 5242 2421 5296 Et
2468 5240 2815 5295 crediderunt
2861 5238 3125 5305 quotquot
3163 5236 3317 5283 erant
3366 5239 3504 5294 prm-

1925 5340 2160 5396 ordinati
2197 5339 2263 5392 ad
2293 5339 2454 5391 vitam
2498 5347 2779 5390 aeternam.
2827 5349 2846 5382 ι

306 5705 416 5776 (15)
450 5705 578 5770 Qum
616 5704 701 5759 hic
731 5703 782 5757 in
814 5711 1004 5757 catena
1031 5698 1270 5756 Crameri
1331 5699 1428 5752 sub
1498 5697 1714 5752 nomine
1782 5693 2051 5750 Ammonii
2110 5689 2508 5757 inscribuntur,
2571 5686 2749 5758 legere
2783 5693 2864 5743 est
2915 5685 3053 5742 inter
3122 5679 3314 5752 Chrys.
3358 5675 3498 5744 0,9.

355 5779 384 5810 ι)
391 5779 420 5812 υ)
