4130 6582
647 367 782 434 1543

642 579 801 632 vitam
847 575 934 633 isti
976 571 1345 633 crediderunt,
1413 571 1626 639 propria
1695 570 2050 625 nihilominus
2103 586 2228 624 sen-

643 671 812 725 tentia
847 677 902 722 et
954 665 1262 719 delectione
1289 682 1304 728 ;
1335 664 1427 718 Dei
1469 664 1614 717 enim
1653 664 2231 733 praescientia-volun-

643 762 771 815 tatis
810 767 1012 814 nostra:
1065 771 1169 808 non
1209 755 1346 808 tollit
1399 755 1630 809 liberum
1683 755 1972 809 arbitrium
2005 772 2020 820 ;
2059 756 2232 825 siqui-

637 854 760 908 dem
792 860 920 904 ante
949 848 1134 902 tnundi
1169 846 1616 901 constitutionem
1643 847 2062 916 praedestinatus
2088 848 2230 902 Pau-

639 945 720 999 lus
741 943 896 1012 juxta
919 940 1013 994 Dei
1034 938 1433 1008 praescieutiam
1461 938 1552 1007 qui
1583 954 1679 992 vas
1701 939 1981 994 electionis
2012 939 2228 995 futurus

633 1044 799 1100 esset,
831 1047 936 1087 non
969 1031 1022 1085 in
1075 1040 1230 1084 utero
1264 1031 1453 1084 matris
1509 1031 1636 1085 illud
1668 1041 1950 1087 assecutus
1981 1041 2086 1096 est,
2128 1047 2227 1086 nec

636 1141 823 1188 tenera
859 1124 912 1178 in
943 1132 1124 1187 aetate,
1154 1123 1248 1177 sed
1280 1122 1332 1174 in
1362 1124 1620 1191 temporis
1657 1123 1888 1178 decursu
1915 1125 2134 1192 quando
2160 1125 2226 1177 ad

631 1218 846 1288 pulchri
875 1227 932 1271 et
975 1216 1100 1270 boni
1166 1214 1411 1268 notitiam
1449 1215 1666 1269 devenit
1697 1231 1711 1281 ;
1739 1224 1793 1269 et
1842 1214 1994 1285 juxta
2057 1216 2226 1284 ipsius

631 1308 826 1377 agendi
857 1306 1123 1360 rationem
1150 1303 1264 1358 heri
1293 1304 1640 1373 blasphemus
1673 1314 1727 1359 et
1746 1316 2081 1376 persecutor,
2106 1317 2224 1375 post

634 1399 750 1451 inec
781 1395 908 1451 Jesu
936 1395 1110 1464 gratia
1165 1409 1466 1449 conversus
1508 1395 1862 1452 tremefactus
1915 1397 1969 1451 in
2013 1400 2222 1453 visione

631 1504 730 1558 per
756 1491 922 1552 viam,
953 1496 1007 1541 et
1033 1487 1264 1540 libenter
1286 1487 1337 1540 in
1365 1485 1548 1541 Jesum
1573 1492 1820 1544 credens.
1864 1489 2013 1546 Dicat
2040 1501 2219 1547 autem

633 1581 860 1649 quilibet
892 1600 905 1634 :
942 1577 1052 1634 Cur
1077 1595 1208 1649 ergo
1252 1595 1350 1633 nec
1382 1577 1526 1635 nunc
1563 1581 1806 1636 fittimor
1830 1583 2122 1638 infidelium
2164 1595 2222 1638 ut

631 1682 1022 1726 convertantur
1051 1672 1074 1724 ?
1114 1671 1569 1740 respondendum,
1604 1676 1745 1743 quod
1780 1692 1886 1730 non
1919 1676 2082 1731 homo
2101 1693 2218 1730 om-

629 1766 716 1818 nis
773 1764 827 1816 in
863 1763 1152 1816 formidine
1222 1763 1578 1830 convertitur,
1624 1765 1721 1820 sed
1768 1767 1859 1836 qui
1889 1768 2031 1821 bona
2065 1769 2214 1824 dele-

1811 369 2149 431 AMMONII
2188 371 2720 437 ALEXANDRINI

694 485 884 551 Itaque
930 479 1226 535 secundum
1273 477 1673 547 prazscientiam
1743 479 2092 546 pt‘wordinati
2157 479 2225 532 ad
2257 487 2302 540 Α

3788 386 3811 451 1
3821 388 3919 451 ὀμ

2399 482 2561 536 Ὥστε
2618 484 2762 538 κατὰ
2813 485 2912 557 μὲν
2963 488 3274 558 πρόγνωσιν
3320 493 3368 544 οἱ
3418 497 3770 563 τεταγμένοι
3831 504 3919 565 εις

2337 573 2510 642 ζωὴν,
2565 568 2715 629 οὗτοι
2764 577 3114 644 ἐπίστευσαν,
3168 580 3310 652 πλὴν
3355 584 3534 655 οἰκείᾳ
3591 587 3784 658 γνώμῃ
3826 591 3919 641 καὶ

2336 668 2654 741 προαιρέσει
2677 685 2690 699 ο
2723 671 2756 739 ἡ
2787 669 2899 740 γὰρ
2926 670 3017 724 τοῦ
3051 672 3186 726 Θεοῦ
3233 674 3544 744 πρόγνωσις
3571 677 3675 731 ούκ
3707 680 3920 745 ἀναιρεῖ

2333 759 2433 828 τῆς
2477 760 2753 830 ἡμετέρας
2783 761 3095 831 βουλήσεως
3123 765 3186 817 τὸ
3218 767 3565 831 αὐτεξούσιον
3590 786 3606 799 ο
3647 771 3781 825 ὅπου
3815 773 3917 843 πρὸ

2334 850 2643 920 καταϐολῆς
2687 852 2891 922 κόσμου
2924 853 3274 924 προορισθεὶς
3307 860 3334 911 ό
3364 860 3602 927 Παῦλος,
3639 865 3785 918 κατὰ
3823 867 3936 944 τὴνι

2331 941 2425 995 τοῦ
2467 943 2620 995 Θείου
2651 956 2672 984 ε
2721 945 3054 1015 πρόγνωσιν,
3103 949 3299 1014 σκεῦος
3350 952 3612 1007 ἐκλεκτὸν
3661 955 3912 1021 ἔσεσθαι,

2330 1034 2430 1087 οὐκ
2477 1035 2540 1086 ἐκ
2591 1034 2800 1099 κοιλίας
2847 1039 3053 1109 μητρὸς
3084 1038 3243 1112 ἔτυχε
3291 1043 3519 1110 τούτου,
3567 1047 3688 1100 οὐδὲ
3726 1051 3784 1102 ἐν
3823 1051 3914 1120 νέᾳ

2331 1125 2516 1197 ἡλικίᾳ
2536 1165 2549 1188 ,
2583 1124 2720 1180 ἀλλὰ
2751 1127 2893 1197 μετὰ
2928 1132 3211 1202 προκοπὴν
3245 1135 3462 1204 χρόνου,
3494 1139 3583 1190 ὅτε
3612 1135 3762 1209 εἶχεν
3788 1143 3913 1194 ἐαυ-

2327 1213 2425 1266 τοῦ
2461 1216 2664 1284 γνῶσιν
2697 1219 2864 1272 καλοῦ
2895 1221 2990 1272 καὶ
3022 1222 3232 1291 ἀγαθοῦ
3255 1239 3269 1253 ·
3300 1229 3394 1279 καὶ
3423 1230 3565 1283 κατὰ
3592 1232 3687 1300 τὴν
3721 1233 3912 1284 ἑαυτοῦ

2327 1304 2552 1378 γνώμην
2581 1309 2774 1380 πρώην
2807 1311 3129 1384 βλάσφημος
3166 1315 3242 1370 ὢν
3274 1320 3369 1371 καὶ
3399 1320 3655 1392 διώκτης,
3687 1323 3912 1396 ὕστερον

2325 1398 2413 1452 διὰ
2466 1401 2567 1470 τῆς
2609 1401 2702 1454 τοῦ
2769 1404 2995 1475 Ἰησοῦά
3037 1407 3259 1479 χάριτος
3315 1413 3595 1482 μετέγνω,
3655 1417 3914 1488 φοϐηθεὶς

2322 1489 2422 1560 τὴν
2463 1492 2520 1543 ἐν
2562 1495 2627 1564 τῇ
2669 1495 2774 1565 ὁδῷ
2812 1496 3102 1564 ὀπτασίαν,
3151 1503 3244 1555 καὶ
3295 1504 3436 1558 ἑκὼν
3482 1509 3783 1574 πιστεύσας
3835 1512 3913 1581 τῷ

2337 1581 2533 1652 Ἰησοῦ.
2567 1586 2628 1639 ΕΞ
2656 1587 2712 1638 δέ
2744 1588 2826 1652 τίς
2861 1606 2994 1659 φησι
3015 1635 3029 1658 ,
3062 1595 3215 1647 Διατί
3240 1592 3336 1649 οῦν
3362 1600 3457 1651 καὶ
3489 1600 3584 1653 νῦν
3608 1603 3669 1653 ού
3703 1603 3912 1670 γίνεται

2323 1676 2486 1744 φόϐος
2537 1680 2647 1741 τοῖς
2707 1681 3033 1736 ἀπιστοῦσιν
3082 1685 3170 1740 ἵνα
3210 1691 3574 1758 μεταγνῶσιν,
3612 1695 3793 1748 ἐκεῖνο
3823 1697 3911 1750 λε-

2321 1767 2499 1821 κτέον·
2525 1770 2605 1822 ὃτι
2631 1771 2691 1822 οὑ
2720 1774 2828 1834 πᾶς
2851 1773 3139 1845 ἄνθρωπος
3168 1779 3403 1846 ὲκφόϐος
3430 1793 3454 1821 ε
3489 1789 3762 1852 μετανοεῖ·
3788 1788 3906 1840 ἀλλ’

629 1857 812 1910 etione
843 1855 932 1924 pia
967 1867 1274 1924 Operatur;
1315 1870 1410 1924 per
1455 1856 1614 1911 fidem
1665 1872 1695 1910 a
1746 1859 1996 1926 patribus
2041 1861 2210 1912 tradi-

2314 1859 2341 1910 ὁ
2367 1858 2546 1929 ἀγαθῇ
2583 1862 2904 1932 προαιρέσει
2933 1839 3102 1920 ποιῶν
3129 1839 3402 1935 θεοσεϐεῖς
3437 1839 3685 1943 πράξεις·
3715 1839 3821 1932 ὑπο
3847 1839 3907 1933 δὲ

631 1959 739 2000 tam
769 1947 820 1999 in
878 1961 1117 2000 errorem
1151 1946 1400 2001 inductus
1444 1949 1588 2001 circa
1636 1947 1882 2002 veritatis
1940 1950 2207 2019 cognitio-

631 2054 778 2101 nem,
813 2035 1001 2106 quales
1044 2035 1334 2090 Cornelius
1379 2047 1435 2090 et
1467 2035 1666 2092 Paulus
1719 2047 1773 2092 et
1811 2038 2083 2102 Clemens,
2115 2041 2205 2108 qui

628 2130 830 2197 absque
858 2127 1243 2198 disputationis
1265 2144 1404 2183 vano
1431 2143 1618 2184 amore
1639 2131 1926 2186 credentes
1955 2132 2207 2202 Scriptu-

628 2235 810 2272 rarum
856 2219 994 2276 veris
1017 2220 1358 2274 documentis
1388 2219 1579 2274 salvati
1624 2229 1770 2286 sunt,
1827 2223 2052 2292 lucoque
2081 2239 2204 2279 cmn

625 2311 692 2363 de
714 2309 1054 2363 institutione
1093 2309 1269 2362 aliena
1298 2326 1326 2362 a
1363 2310 1467 2366 fide
1501 2310 1686 2365 divina
1719 2323 1922 2366 essent.

697 2397 860 2453 Vens.
895 2399 986 2454 50.
1019 2416 1038 2449 ι
1077 2399 1248 2453 Judaei
1283 2411 1462 2455 autem
1503 2402 1918 2457 concitaverunt
1950 2405 2206 2460 mulieres

624 2491 906 2560 religiosas
943 2501 998 2545 et
1030 2492 1309 2556 honestas,
1353 2503 1409 2547 et
1435 2494 1640 2559 primos
1663 2495 1920 2562 civitatis,
1949 2508 2008 2551 et
2048 2499 2203 2553 exci-

622 2594 871 2638 taverunt
902 2585 1334 2654 persecutionem
1362 2586 1412 2637 in
1447 2584 1669 2640 Paulum
1695 2595 1749 2641 et
1778 2586 2106 2654 Barnaham,
2149 2599 2204 2645 et

619 2671 894 2739 ejecerunt
917 2688 1010 2728 eos
1039 2674 1104 2728 de
1125 2672 1320 2729 finibus
1341 2673 1475 2728 suis.
1508 2692 1527 2724 ι

677 2849 944 2905 Honestas
996 2850 1130 2906 dicit
1183 2850 1377 2906 divites
1405 2853 1700 2924 religiosas,
1724 2871 1829 2912 non
1877 2858 2200 2924 fideles,sed

617 2941 833 2997 Grzecas
860 2943 1074 2998 Judazas
1106 2960 1120 3008 ;
1152 2953 1395 2999 attamen
1435 2956 1691 3016 tanquam
1727 2951 1946 3018 pessimi
1991 2961 2046 3005 et
2073 2954 2200 3007 imi--

620 3043 824 3087 tatores
859 3033 1120 3088 daemonis
1142 3037 1314 3104 patris
1353 3037 1480 3090 mali
1517 3047 1572 3092 et
1631 3044 2054 3110 transgressnris
2105 3062 2200 3114 per

546 3169 548 3172 .
620 3124 876 3181 mulieres
908 3125 1276 3181 intercludere
1319 3130 1630 3185 hominibus
1677 3133 1866 3188 salutis
1892 3136 2030 3190 viam
2068 3154 2198 3192 con-

619 3221 847 3276 tendunt
877 3237 892 3275 :
918 3221 1373 3290 quemadmodum
1410 3226 1514 3280 iste
1549 3240 1648 3296 per
1681 3227 1846 3281 Evam
1881 3230 2197 3288 intercludit
2224 3198 2265 3255 C

617 3312 684 3365 ad
714 3323 925 3382 tempus
955 3314 1262 3369 hominibus
1289 3317 1622 3383 paradisum,
1661 3334 1819 3388 quem
1864 3313 2006 3376 Deus
2043 3323 2199 3380 Jesus

616 3405 965 3459 credentibus
997 3405 1048 3459 in
1075 3409 1293 3462 nomine
1318 3409 1434 3479 ejus
1463 3410 1659 3464 iterum
1693 3413 1899 3480 pandit,
1947 3415 2199 3488 ipsosque

615 3495 728 3551 illic
762 3496 992 3552 introire
1033 3497 1182 3563 fecit,
1214 3514 1444 3568 quorum
1475 3501 1685 3570 primus
1716 3519 1841 3558 cum
1868 3495 1986 3574 ipso
2020 3506 2195 3563 intra-

612 3591 692 3644 vit
714 3589 875 3644 latro.

1245 3790 1398 3849 CAP.
1426 3790 1566 3848 XIV.

664 3903 830 3959 Vens.
855 3901 912 3957 2.
945 3920 964 3954 ι
1005 3903 1105 3970 Qui
1136 3918 1266 3958 vero
1318 3907 1580 3962 increduli
1621 3908 1842 3966 luerunt
1866 3912 2039 3971 Judaei
2070 3933 2195 3973 sus-

607 3990 916 4044 citaverunt
943 3999 999 4043 et
1040 3994 1107 4045 ad
1158 3991 1931 4058 iracundiamconcitaverunt
1979 4008 2192 4063 animas

608 4081 854 4150 gentium
887 4082 1152 4137 adversus
1191 4082 1408 4140 fratres.
1446 4104 1466 4138 ι

712 4170 1130 4226 Suscitaverunt
1179 4175 1439 4233 adversus
1496 4179 1705 4238 ﬁdeles.
1757 4185 1927 4244 Judaei
1984 4189 2190 4250 Graecis

605 4264 1013 4335 consociantur,
1053 4275 1112 4318 ut
1160 4278 1215 4320 et
1263 4268 1316 4322 in
1379 4271 1482 4326 hoc
1534 4273 1814 4344 impietmn
1852 4279 2185 4354 fueritquod

604 4352 813 4406 dictum
841 4362 925 4407 est
963 4355 1016 4408 in
1042 4355 1277 4414 Psalmis
1307 4377 1320 4414 :
1351 4359 1528 4426 Quare
1558 4365 1885 4433 fremuerunt
1909 4352 2105 4443 gentes,
2137 4390 2186 4433 et

601 4441 781 4507 populi
807 4446 1047 4499 meditati
1074 4457 1195 4502 sunt
1221 4449 1405 4506 inania
1436 4454 1452 4484 ¹
1476 4453 1498 4506 ἲ
1525 4455 1744 4514 Scilicet
1798 4441 2044 4523 ﬁdelibus
2069 4471 2185 4524 fra-

605 4541 713 4588 tres
746 4534 889 4605 ipsos
926 4541 1245 4597 vocantibus
1271 4545 1471 4615 ubique
1527 4549 1578 4602 in
1612 4551 2082 4616 exhortationibus
2130 4573 2185 4617 et
2219 4561 2260 4615 D

605 4626 912 4682 dicentibus
945 4645 959 4682 :
1007 4629 1122 4684 Viri
1150 4633 1366 4702 fratres.
1409 4637 1498 4694 Sic
1522 4642 1664 4695 enim
1691 4655 1745 4698 et
1773 4643 2020 4705 Psalmus
2066 4667 2186 4719 pro-

599 4718 845 4786 phetarit
883 4723 956 4775 de
997 4721 1228 4777 Domino
1265 4727 1404 4782 idem
1435 4730 1667 4788 faciente
1696 4746 1751 4789 et
1774 4738 1988 4793 dicente
2025 4718 2182 4812 quasi

597 4810 649 4862 in
673 4809 879 4870 Christi
912 4811 1040 4869 Jesu
1069 4831 1300 4886 persona
1337 4837 1350 4875 :
1387 4822 1671 4881 Nuntiabo
1699 4845 1882 4885 nomen
1905 4809 2182 4904 tituntfra-

595 4903 764 4956 tribus
799 4907 926 4960 meis
950 4909 970 4938 ³
999 4947 1014 4962 .

669 4988 832 5044 Vens.
868 4991 921 5046 6.
955 5013 973 5044 ι
1006 4994 1394 5071 lntelligentes.
1445 5010 1802 5079 confugerunt
1835 5016 1900 5068 ad
1934 5018 2180 5076 civitates

594 5079 900 5151 Lycaouize,
932 5084 1180 5156 Lystram
1215 5106 1270 5148 et
1313 5097 1546 5164 Derben,
1577 5114 1632 5156 et
1653 5105 1964 5163 universam
1997 5112 2047 5166 in
2071 5115 2179 5168 cir-

594 5172 741 5226 cuitu
772 5177 1047 5246 regionem
1075 5196 1090 5234 :
1117 5196 1173 5238 et
1194 5185 1263 5240 ibi
1296 5191 1734 5260 evangelizantes
1755 5211 1932 5256 erant.
1974 5221 1993 5254 ι

666 5261 1098 5340 Haudquaquam
1143 5276 1295 5333 nefas
1332 5293 1415 5336 est
1471 5295 1690 5343 sanctos
1731 5289 1854 5358 fuga
1888 5309 1946 5347 se
1976 5298 2176 5353 subdu-

594 5366 718 5408 cere
742 5359 994 5416 manibus
1025 5364 1437 5436 insidiantium;
1475 5391 1649 5444 neque
1692 5380 1813 5434 ideo
1853 5385 2175 5443 existimau-

667 5535 684 5565 ¹
721 5537 865 5594 Psal.
896 5557 954 5606 ιι,
992 5545 1039 5596 l.
1119 5547 1138 5576 ²
1168 5544 1315 5602 Psal.
1345 5551 1581 5616 “1,25.

663 5707 684 5736 ο
717 5695 1036 5788 C9d.LCp‘isl‘.
1069 5704 1225 5788 ξλεοῦἲ
1302 5709 1326 5748 ι¹
1360 5710 1492 5788 Cod.
1517 5714 1681 5780 Coisl.
1716 5719 1977 5788 Χριστοῦ.

589 5781 700 5822 om.
731 5769 780 5821 οἱ
865 5771 888 5810 δ
916 5771 1045 5827 God.
1079 5776 1244 5833 Coisl.
1283 5778 1558 5850 φεύγωσι,
1618 5789 1629 5826 ί
1663 5769 1792 5843 eod.
1825 5793 1887 5846 ρ.
1927 5795 2127 5859 αὐτοῖς.

2062 5727 2217 5807 fCod
2271 5733 2433 5789 (Ioisl.
2476 5739 2538 5790 ἐκ
2568 5740 2753 5807 φόϐου.

2314 1949 2413 2018 τῆς
2455 1955 2945 2026 πατροπαραδότου
2996 1959 3232 2025 πίστεως
3282 1963 3637 2034 πλανώμενος
3695 1967 3852 2038 παρὰ
3880 1966 3900 2005 ί

2312 2040 2411 2110 τὴν
2441 2041 2537 2094 τοῦ
2579 2043 2750 2110 ὅντως
2785 2046 3022 2118 ἀληθοῦς
3051 2052 3276 2120 γνῶσιν·
3311 2051 3423 2119 οἷος
3465 2052 3536 2127 ἦν
3571 2058 3900 2129 Κορνήλιος,

2314 2133 2408 2185 καὶ
2434 2133 2667 2200 Παῦλος,
2693 2139 2787 2191 καὶ
2806 2140 3062 2213 Κλήμηςο
3085 2145 3281 2210 οἵτινες
3303 2149 3660 2216 ἀφιλονείκως
3681 2153 3902 2206 πιστεύ·

2317 2243 2514 2291 σαντες
2541 2232 2607 2301 τῇ
2629 2230 2828 2302 ἀληθεῖ
2849 2235 2954 2288 τῶν
2984 2237 3217 2308 Γραφῶν
3241 2240 3563 2316 διδασκαλία
3590 2243 3899 2316 ὲσώθησαν’

2313 2321 2406 2373 καὶ
2441 2321 2616 2376 ταῦτα
2637 2323 2789 2388 ὄντες
2816 2327 2880 2380 ὲκ
2907 2329 3004 2399 τῆς
3027 2331 3228 2395 ἔξωθεν
3258 2337 3478 2390 παιδεία
3490 2356 3528 2400 ς.

2390 2429 2408 2461 ι
2447 2410 2513 2465 Οἱ
2547 2412 2606 2466 δὲ
2646 2415 2890 2469 Ἰουδαῖοι
2928 2419 3296 2492 παρώτρυναν
3325 2425 3426 2488 τὰς
3465 2428 3773 2499 σεϐομένας
3799 2448 3898 2498 γυ-

2311 2504 2502 2568 ναῖκας
2547 2505 2646 2568 τὰς
2679 2506 3047 2579 εὐσχήμονας,
3091 2516 3185 2566 καὶ⁵
3217 2517 3342 2580 τοὺς
3380 2517 3635 2590 πρώτους
3672 2521 3772 2591 τῆς
3802 2521 3900 2574 πόα

2310 2593 2476 2660 λεως,
2508 2597 2604 2648 καὶ
2650 2598 2956 2671 ἐπήγειραν
2997 2602 3239 2675 διωγμὸν
3277 2609 3373 2661 ἐπὶ
3407 2608 3500 2662 τὸν
3547 2611 3761 2664 Παῦλον
3801 2614 3896 2666 καὶ

2311 2683 2618 2754 Βαρνάϐαν,
2686 2689 2779 2742 καὶ
2826 2690 3079 2757 ἐξέϐαλον
3142 2697 3341 2764 αὐτοὺς
3398 2700 3506 2754 ἀπὸ
3553 2701 3665 2754 τῶν
3729 2704 3895 2773 ὁρίων

2311 2775 2510 2832 αὐτῶν.
2548 2798 2566 2831 ι

2384 2870 2792 2941 Εὺσχήμονας
2819 2875 2968 2944 λέγει
3005 2877 3103 2940 τὰς
3136 2878 3415 2944 πλουσίαςο
3451 2882 3783 2952 σεϐομένας
3812 2884 3894 2948 δὲ,

2309 2960 2369 3012 ού
2395 2961 2493 3025 τὰς
2526 2964 2725 3028 πιστὰς
2752 2966 2920 3036 λέγει,
2960 2970 3097 3023 ἀλλὰ
3129 2971 3226 3035 τάς
3267 2972 3576 3044 Ἑλληνίδας
3606 2977 3723 3045 ἦτοι
3767 2977 3898 3030 Ἰου-

2307 3053 2481 3119 δαίας·
2517 3058 2655 3126 πλὴν
2684 3059 2760 3120 th;
2787 3062 3041 3115 κάκιστοι
3068 3067 3162 3117 καὶ
3195 3066 3432 3136 μιμηταὶ
3455 3066 3550 3119 τοῦ
3576 3069 3892 3138 ἁρχεκάκου

2307 3147 2560 3219 δαίμονος
2591 3154 2686 3204 καὶ
2716 3155 3058 3224 παραϐάτου,
3090 3157 3177 3210 διὰ
3201 3157 3309 3211 τῶν
3337 3159 3612 3227 γυναικῶν
3635 3159 3893 3213 aenum-

2302 3259 2394 3294 σαι
2445 3245 2809 3310 σπουδάζουσι
2839 3251 2953 3312 τοῖς
2995 3251 3304 3319 ἀνθρώποις
3343 3253 3442 3324 τὴν
3484 3253 3602 3306 ὁδὸν
3632 3256 3732 3324 τῆς
3779 3270 3890 3307 σω-

2301 3339 2529 3409 τηρίαςο
2569 3340 2757 3414 ὥσπερ
2803 3344 3058 3408 κάκεῖνος
3111 3345 3202 3400 διὰ
3248 3347 3348 3417 τῆς
3397 3345 3544 3411 Εὔας
3593 3347 3887 3401 ἀπέκλεισε

2299 3431 2436 3501 πρὸς
2484 3432 2676 3503 καιρὸν
2724 3436 2838 3497 τοῖς
2878 3435 3190 3505 ἀνθρώποις
3218 3437 3310 3492 τὸν
3362 3438 3712 3510 παράδεισον,
3758 3438 3817 3490 ὃν
3860 3440 3891 3490 ὁ

2299 3522 2432 3586 Θεὸς
2473 3523 2677 3594 Ἰησοῦς
2717 3527 2919 3596 ἀνέῳξε
2952 3529 3114 3581 πάλιν
3160 3537 3272 3593 τοῖς
3315 3533 3667 3584 πιστεύουσιν
3707 3532 3799 3584 ἐπὶ
3826 3531 3888 3583 τὺ

2298 3613 2472 3681 δνομα
2510 3616 2700 3681 αὐτοῦ,
2736 3617 2832 3670 καὶ
2864 3621 3162 3690 εἰσήγαγεν
3192 3623 3390 3688 αὐτοὺς
3425 3625 3578 3677 ἐκεῖο
3624 3617 3699 3677 ὧν
3733 3623 3887 3695 πρῶο

2296 3722 2389 3769 τος
2417 3705 2635 3776 εἰσῆλθε
2671 3708 2768 3763 σὺν
2799 3710 2949 3782 αὐτῷ
2978 3714 3006 3764 ὁ
3036 3713 3262 3785 λῃστής.

2891 3825 3144 3879 ΚΕΦΑΛ.
3188 3829 3284 3880 lA'.

2371 3951 2390 3984 ι
2455 3935 2517 3987 Ol
2564 3935 2622 3989 δὲ
2662 3935 3067 4008 ἀπειθήσαντες
3122 3939 3368 3993 Ἰουδαῖοι
3433 3941 3739 4011 ἐπήγειραν
3787 3945 3883 3996 καὶ

2293 4023 2584 4078 ἐκάκωσαν
2610 4028 2706 4091 τὰς
2733 4027 2911 4099 ψυχάς
2927 4029 3036 4084 τῶν
3058 4029 3229 4085 ἐθνῶν
3251 4031 3395 4085 κατὰ
3422 4032 3531 4085 τῶν
3552 4033 3820 4102 ἀδελφῶν.
3856 4053 3877 4085 ι

2373 4116 2707 4189 Ἐπήγειραν
2755 4121 2899 4174 κατὰ
2926 4121 3038 4175 τῶν
3084 4123 3318 4178 πιστῶνο
3354 4126 3404 4176 οἱ
3457 4125 3699 4178 Ἰουδαῖοι
3751 4143 3880 4180 συν-

2291 4207 2548 4272 δυάζουσι
2576 4211 2948 4281 [συνδιάζουσι
2981 4212 3130 4286 cod.]
3166 4216 3305 4285 μετὰ
3343 4216 3636 4288 Ἑλλήνων,
3668 4219 3756 4272 ἴνα
3785 4220 3882 4272 καὶ

2289 4301 2348 4354 ὲν
2376 4301 2553 4370 τούτῳ
2590 4301 2852 4375 πληρωθῇ
2903 4306 2965 4356 τὸ
2993 4307 3282 4377 εἰρημένον
3307 4310 3366 4361 ἐν
3388 4309 3658 4380 Ψαλμοῖς
3695 4309 3883 4365 Ἰνατί

2287 4393 2598 4461 ἐφρύαξαν
2653 4395 2838 4464 ἔθνη,
2886 4397 2986 4450 καὶ
3038 4399 3175 4452 λαοὶ
3226 4399 3605 4469 ἐμελέτησαν
3677 4401 3878 4464 κενά;

2288 4485 2482 4538 Καίτοι
2508 4491 2618 4539 τῶν
2639 4490 2846 4542 πιστῶν
2876 4489 3140 4560 ἀδελφοὺς
3172 4494 3370 4557 αύτούς
3393 4494 3708 4547 καλούντων
3735 4512 3878 4548 παν-

2288 4577 2455 4646 ταχοῦ
2503 4581 2560 4630 ὲν
2593 4583 2714 4643 ταῖς
2746 4583 3139 4652 παραινέσεσι,
3171 4587 3265 4638 καὶ
3297 4585 3595 4654 λεγόντων,
3622 4589 3872 4655 ’Ἄνδρες

2282 4669 2554 4739 ἀδελφοί.
2579 4671 2736 4725 Οὕτω
2762 4673 2873 4745 γάρ
2893 4677 2986 4728 καὶ
3015 4679 3044 4729 ὁ
3085 4675 3298 4748 ψαλμὸς
3329 4681 3711 4750 προεφήτευσε
3747 4683 3877 4749 περὶ

2282 4763 2376 4817 τοῦ
2423 4766 2664 4837 Κυρίου,
2719 4767 2782 4820 τὸ
2837 4769 2968 4822 αὐτὸ
3020 4769 3304 4846 ποιοῦντος
3349 4772 3443 4825 καὶ
3493 4773 3747 4841 λέγοντος
3800 4775 3872 4835 ὼς

2282 4857 2345 4909 ἐκ
2386 4856 2679 4927 προσώπου
2724 4859 2820 4912 τοῦ
2869 4861 3110 4931 Χριστοῦ
3159 4864 3370 4932 Ἰησοῦο
3422 4866 3763 4936 Ἀπαγγελῶ
3808 4869 3871 4920 τὸ

2284 4947 2474 5016 ὄνομά
2508 4967 2629 5003 σου
2657 4951 2781 5017 τοῖς
2808 4953 3094 5024 ἀδελφοῖς
3113 4975 3252 5024 μου.

2361 5058 2378 5088 ι
2419 5039 2731 5105 Συνιδόντες
2761 5047 3068 5114 κατέφυγον
3113 5051 3195 5112 εἰς
3241 5049 3350 5120 τὰςέ
3381 5050 3564 5115 πόλεις
3600 5053 3700 5122 τῆς
3764 5057 3865 5107 Λυ-

2285 5129 2791 5205 καονίας,Λύστραν
2813 5139 2908 5189 καὶ
2929 5139 3137 5211 Δέρϐην
3169 5142 3264 5195 καὶ
3292 5143 3387 5213 τὴν
3411 5144 3744 5216 περίχωρον,
3768 5147 3863 5201 κά-

2283 5219 2371 5269 κεῖ
2399 5215 2539 5289 ἦσαν
2574 5221 3074 5296 εὐαγγελιζόμενοι.
3108 5249 3125 5281 ι

2350 5311 2516 5364 Οὺῦὲν
2564 5309 2657 5366 οὖν
2713 5316 2913 5371 ἄτοπον
2954 5323 3003 5374 εί
3055 5325 3154 5375 οἰκ
3204 5324 3350 5394 ἅγιοι
3399 5328 3712 5396 φεύγουσιιι
3743 5330 3859 5390 τοὺς

2284 5401 2656 5458 ἐπιϐουλεύειν
2680 5408 2914 5474 αύτοῦςί
2957 5413 3284 5482 μέλλοντας·
3309 5418 3403 5471 καὶ
3429 5420 3489 5471 ού
3520 5419 3770 5473 δοκοῦσιν
3800 5422 3860 5473 ἐκ

2841 5745 2858 5784 ί
2892 5747 3022 5803 Cod.
3056 5751 3220 5810 Coisl.
3256 5757 3400 5827 περί.
3479 5767 3504 5806 ι
3537 5758 3850 5816 C0d.Coial.
