4130 6574
381 360 520 425 1545

1300 339 1757 428 FRAGMENTA
1799 367 1878 427 IN
1916 367 2100 426 ACTA
2148 365 2722 426 APOS'I‘OLORUM.

3492 366 3626 431 1546

377 477 567 530 τούτου
597 477 952 550 δραπετεύειν
980 480 1070 532 τὸν
1100 479 1212 534 ἀπὸ
1237 479 1332 534 τοῦ
1377 481 1674 550 μαρτυρίου
1712 481 1938 549 πόλεμον

2050 477 2174 531 dum
2225 491 2321 532 eos
2360 473 2678 533 detrectare
2723 476 2967 544 martyrii
3019 490 3253 548 pugnam
3298 473 3631 536 cruciatibus

374 568 672 623 ὲνὸἁσανον
721 569 858 638 (sic).
889 570 1060 624 Τοῦτο
1089 571 1149 625 δέ
1192 588 1281 642 μοι
1313 570 1678 639 σεσημείωται
1707 571 1795 625 διὰ
1827 571 1952 633 τοὺς

375 657 765 728 μεμψαμένους
799 660 1109 730 Ἀρειανοὺς
1129 661 1223 715 τὸν
1261 660 1436 730 μέγαν
1467 659 1780 714 Ἀθανάσιον
1804 663 1860 713 ὲν
1883 663 1950 732 τῇ

375 747 558 801 πίστει
621 749 923 818 φεύγοντα,
985 749 1081 805 καὶ
1136 751 1210 821 μὴ
1264 750 1544 805 ἐκδιδόντα
1597 753 1789 806 ἑαυτὸν
1839 754 1951 816 τοῖς

385 840 720 910 ’Δρειανοῖςι
764 843 845 905 είς
867 842 927 894 τὸ
961 841 1274 896 θανατῶσαι
1307 841 1493 896 αὐτόν.

447 948 466 982 ι
511 932 574 985 Ol
607 933 719 986 θεοὶ
752 933 1112 1003 ὁμοιωθέντες
1135 933 1447 1008 ἀνθρώποις
1475 935 1786 1006 κατέδησαν
1815 935 1948 1006 πρὸς

380 1023 526 1092 ἡμᾶς
549 1039 563 1053 ·
591 1023 818 1078 ἐκάλουν
842 1042 899 1077 τε
925 1024 1016 1079 τὸν
1041 1025 1348 1098 Βαρνάϐαν,
1378 1026 1496 1090 Δία,
1517 1026 1608 1080 τὸν
1623 1027 1680 1080 δὲ
1705 1027 1940 1094 Παῦλον,

335 1173 344 1182 .
380 1111 608 1184 Ἑρμῆν·
653 1133 671 1166 ι

353 1251 355 1254 ι
450 1206 538 1258 Ἐν
563 1208 678 1269 τοῖς
707 1207 1188 1278 ἀναγραψαμένοις
1212 1207 1311 1271 τὰς
1339 1208 1569 1272 παλαιὰς
1595 1209 1834 1281 ἱστορίας
1861 1211 1951 1264 εὐ-

368 1296 597 1366 ρίσκεις,
627 1298 709 1350 ὃτι
740 1298 768 1350 ὁ
798 1300 936 1362 Ζεὺς
975 1299 1257 1370 ἄνθρωπος
1277 1298 1351 1370 ᾣν
1381 1299 1574 1354 ἑαυτὸν
1605 1300 1944 1372 ὲθεοποίησε,

365 1390 536 1459 λέγων
583 1389 774 1442 ἑαυτὸν
801 1384 942 1442 εἶναι
983 1390 1150 1442 Θεόν·
1185 1389 1262 1453 ὼς
1292 1392 1387 1444 καὶ
1424 1390 1607 1444 πολλοὶ
1653 1391 1761 1445 τῶν
1814 1392 1949 1446 Ῥω-

367 1480 542 1550 μαίων
578 1478 821 1549 βασιλεῖς
867 1479 961 1533 καὶ
1009 1480 1338 1534 Μακεδόνων
1384 1482 1753 1552 ἐχρημάτιζον
1801 1481 1942 1536 θεοε’

362 1571 439 1624 διὸ
465 1572 526 1624 ού
563 1570 669 1642 χρὴ
695 1572 946 1625 ἀπιστεῖν
967 1573 1083 1636 τοῖς
1109 1572 1280 1626 πάλαι
1298 1573 1537 1644 λεχθεῖσι
1567 1575 1697 1645 περὶ
1727 1573 1944 1638 τούτου,

2055 566 2375 621 horribilem
2402 583 2415 618 :
2452 567 2595 637 quod
2627 569 2920 623 notandum
2950 569 3130 638 putavi
3162 579 3377 639 propter
3400 571 3630 628 Ariauos

2053 671 2250 727 magno
2276 657 2578 718 Athanasio
2605 657 2785 728 fugam
2809 673 2960 714 suam
2992 661 3212 715 crimini
3243 672 3535 732 vertentes,
3566 680 3631 721 eo

2052 753 2194 820 quod
2215 766 2274 807 se
2300 751 2381 806 eis
2411 751 2766 808 occidendum
2801 768 2906 808 non
2933 753 3240 810 tradiderit.
3635 740 3642 748 ’

2123 928 2290 986 Vens.
2326 930 2416 993 10,
2455 929 2540 984 11.
2578 946 2598 981 ι
2647 929 2727 985 Dii
2761 930 2966 986 similes
3003 930 3127 986 facti
3172 933 3482 991 hominibus
3531 938 3630 993 de-

2050 1023 2381 1092 scenderunt
2411 1021 2477 1075 ad
2519 1037 2639 1076 nos.
2668 1022 2734 1076 Et
2761 1023 3028 1077 vocabant
3057 1023 3361 1079 Barnabaut
3401 1025 3586 1083 Jovem
3611 1068 3628 1092 ,

2045 1109 2273 1166 Paulum
2300 1129 2428 1169 vero
2467 1113 2816 1168 Mercurium.
2852 1132 2869 1164 ι

2117 1205 2271 1274 Apud
2333 1216 2574 1260 veterum
2639 1205 2988 1258 historiarum
3046 1207 3343 1277 scriptores
3394 1212 3630 1280 reperies

2043 1293 2253 1362 Jovem,
2287 1310 2408 1350 cum
2439 1297 2599 1351 homo
2623 1306 2791 1359 esset,
2837 1311 2894 1350 se
2925 1296 3099 1350 Dcum'
3120 1299 3332 1368 fecisse,
3381 1314 3440 1356 se
3465 1299 3628 1355 Deum

2044 1399 2164 1438 esse
2197 1385 2488 1451 dicentem,
2522 1401 2632 1440 non
2671 1401 2827 1442 secus
2855 1404 2916 1442 ac
2951 1389 3101 1441 inulti
3126 1389 3239 1444 sive
3262 1388 3625 1446 Romanorum

2043 1475 2161 1529 sive
2191 1475 2540 1532 Macedonum
2571 1493 2723 1548 reges
2765 1493 2823 1532 se
2861 1478 2992 1532 deos
3045 1491 3172 1534 sunt
3219 1482 3464 1549 mentiti;
3495 1499 3630 1546 qua-

2045 1574 2264 1636 propter
2293 1583 2398 1622 uon
2424 1569 2735 1639 deneganda
2774 1570 2904 1624 ﬁdes
2944 1572 3007 1624 iis
3033 1587 3152 1642 qute
3179 1588 3242 1626 ea
3276 1575 3340 1626 de
3385 1589 3442 1628 re
3481 1574 3628 1629 dice-

361 1665 441 1717 ὃτι
473 1663 837 1734 ἠπατήθησαν
873 1681 1017 1729 τινες
1050 1665 1144 1718 καὶ
1179 1665 1470 1736 ώνόμασάν
1497 1664 1525 1704 ¹ι
1554 1684 1705 1730 τινας
1747 1666 1903 1732 θεούς
1925 1683 1938 1698 ⁸

2046 1659 2261 1726 bantur,
2285 1662 2468 1731 plures
2502 1663 2706 1718 scilicet
2735 1663 2902 1718 fuisse
2937 1665 3282 1734 deceptos,el
3309 1667 3627 1736 quibusdam

361 1773 494 1809 οπου
525 1772 587 1824 γε
610 1756 704 1810 καὶ
733 1750 876 1810 οὗτοι
904 1756 1268 1828 ἠπατήθησαν
1301 1758 1381 1822 εἰς
1411 1757 1502 1811 τὸν
1530 1758 1818 1829 Βαρνάϐαν
1848 1759 1943 1812 καὶ

363 1847 572 1902 Παῦλον
597 1863 610 1877 ·
648 1848 742 1900 καὶ¹
788 1847 963 1900 ὀπίσω
1013 1847 1072 1901 δὲ
1119 1848 1237 1902 ἔστι
1289 1849 1449 1902 τοῦτο
1480 1849 1495 1887 ι
1532 1849 1945 1920 σημειώσασθαι

359 1941 452 1995 ἐπὶ
483 1942 725 2012 Σίμωνος
749 1940 845 1995 τοῦ
873 1941 1088 2010 Μάγου,
1112 1942 1171 1995 δν
1199 1954 1239 1982 ω
1261 1944 1319 1995 ὲν
1347 1945 1416 2014 τῇ
1448 1944 1733 2016 Σαμαρείᾳ
1758 1944 1944 2013 ἔλεγον

359 2031 455 2103 τήν
477 2032 570 2087 τοῦ
599 2031 735 2085 Θεοῦ
758 2032 986 2103 δύναμιν
1010 2033 1109 2104 τὴν
1135 2033 1380 2104 μεγάλην
1401 2048 1413 2062 °
1445 2032 1540 2098 οὓς
1570 2036 1945 2106 ἐπιστομίζον-

359 2142 468 2186 τες.
502 2125 620 2194 ἅμα
643 2125 697 2177 δὲ
720 2125 814 2178 καὶ
839 2125 1021 2196 ήρὲμα
1041 2125 1406 2189 διδάσκοντες,
1436 2127 1485 2179 oi
1508 2127 1637 2198 περὶ
1657 2127 1944 2198 Βαρνάϐαν

357 2213 565 2282 ἔλεγον,
596 2218 746 2269 Θεὸν
779 2215 980 2283 οὐδεὶς
1021 2216 1243 2285 ἑώρακε
1289 2217 1559 2272 πώποτέ·
1606 2217 1634 2270 ὃ
1682 2214 1774 2271 οὖν
1816 2236 1944 2288 φαι-

359 2305 565 2374 νόμεθα
605 2307 700 2358 καὶ
729 2306 1132 2378 ψηλαφώμεθα,
1174 2309 1275 2362 οὐκ
1323 2310 1491 2378 ἐσμὲν
1516 2309 1646 2374 θεοὶ,
1683 2310 1818 2364 ἀλλὰ
1850 2312 1944 2366 ἄν-

353 2395 564 2466 θρωποι
591 2413 604 2425 ·
641 2398 801 2468 μόνον
832 2400 889 2453 δὲ
925 2401 1017 2452 ἐπὶ
1063 2401 1156 2454 τοῦ
1195 2400 1372 2470 Ἰησοῦ
1407 2401 1564 2456 τοῦτο
1599 2404 1853 2472 γέγονεν·
1886 2405 1944 2468 ὃς

359 2481 421 2556 ἦν
450 2486 583 2548 Θεὸς
616 2486 710 2539 καὶ
738 2486 1024 2558 ἄνθρωπος
1055 2491 1113 2541 ὲν
1139 2487 1346 2560 ταυτῷ,
1381 2491 1525 2544 κατά
1556 2493 1648 2545 τὸν
1671 2494 1771 2564 τῆς
1803 2493 1939 2546 ἐνώ-

357 2592 493 2639 οεως
525 2576 684 2645 λόγον
703 2594 716 2606 ·
748 2572 850 2632 ὧδε
880 2578 936 2631 δὲ
960 2579 1106 2650 ψιλοὶ
1134 2575 1276 2652 ἦσαν
1306 2580 1606 2654 ἄνθρωποι,
1635 2583 1726 2636 διὰ
1769 2585 1941 2638 Πνεύ-

360 2684 527 2738 ματος
563 2667 712 2742 θείου
746 2687 801 2722 τε
811 2671 1265 2742 ρατουργοῦντες.

432 2777 450 2810 ι
481 2760 592 2831 (14)
625 2734 734 2814 Καὶ
761 2734 934 2815 ταῦτα
952 2734 1221 2830 λέγοντες,
1249 2763 1403 2834 μόλις
1431 2767 1788 2820 κατέπαυσαν
1817 2769 1943 2830 τοὺς

295 2915 298 2917 λ
355 2849 547 2920 δχλους
576 2851 669 2904 τοῦ
716 2853 791 2924 μὴ
833 2852 985 2908 θύειν
1020 2855 1224 2919 αὐτοῖς,
1261 2856 1398 2909 ἀλλὰ
1441 2859 1775 2928 πορεύεσθαι
1813 2858 1941 2910 ἔκα-

357 2958 482 2995 στον
507 2943 586 3005 είς
613 2942 681 2995 τὰ
714 2944 841 2997 ἴδια.
884 2963 904 2996 ι
1492 2942 1497 2954 “

2047 1751 2240 1806 nomen
2288 1753 2529 1808 divinum
2582 1755 2934 1821 attribuisse;
2969 1758 3237 1827 siquidem
3290 1759 3380 1813 isti
3412 1759 3630 1815 fuerunt
3695 1759 3698 1762 ’

2045 1841 2254 1912 decepti
2285 1844 2352 1900 de
2378 1843 2624 1901 Barnaba
2685 1856 2737 1900 et
2783 1845 2986 1914 Paulo;
3045 1848 3192 1918 quod
3248 1859 3405 1904 antea
3445 1851 3631 1908 videre

2045 1933 2221 1989 fuerat
2249 1936 2302 1991 in
2333 1938 2554 1993 Simone
2583 1938 2756 2008 Mago,
2788 1955 2948 2008 quem
2992 1941 3044 1994 in
3091 1941 3336 1997 Samaria
3382 1960 3628 2014 magnam

2045 2023 2140 2081 Dei
2167 2025 2431 2082 Virtutem
2471 2029 2754 2086 vocabant.
2807 2031 3044 2100 Apostoli
3073 2043 3274 2098 autem,
3312 2051 3418 2104 quo
3443 2051 3628 2090 eorum

2044 2133 2138 2171 ora
2189 2119 2528 2186 obturarent,
2573 2123 2844 2193 simulque
2891 2141 2986 2181 eos
3039 2139 3323 2182 mansuete
3353 2129 3627 2193 docerent,

2045 2209 2331 2266 dicebant:
2366 2213 2527 2267 Deum
2569 2231 2717 2270 nemo
2763 2218 2890 2270 vidit
2941 2235 3173 2289 unquam
3217 2221 3263 2283 ις
3306 2221 3449 2291 quod
3483 2222 3628 2276 vidc~

2047 2317 2165 2356 mur
2195 2320 2332 2370 esse,
2357 2305 2461 2360 hoc
2503 2322 2722 2362 sumus:
2747 2323 2852 2363 non
2878 2309 2976 2372 dii,
3002 2313 3095 2365 sed
3132 2312 3396 2368 homines.
3431 2313 3486 2368 ln
3510 2315 3626 2369 solo

2042 2391 2165 2447 .lesu
2194 2395 2390 2450 factum
2437 2408 2518 2452 est
2546 2398 2596 2453 id
2632 2401 2773 2471 quod
2807 2399 2965 2455 fuerit
2997 2388 3137 2457 Deus
3177 2403 3333 2457 simul
3363 2416 3415 2460 et
3446 2406 3625 2469 homo,

2044 2483 2160 2553 lege
2191 2487 2436 2554 uuiouis;
2465 2490 2552 2544 hic
2575 2505 2681 2545 n0n
2714 2501 2871 2545 erant
2894 2492 2998 2548 nisi
3033 2495 3302 2560 homines,
3333 2510 3429 2566 per
3459 2495 3630 2567 Spiri-

2043 2585 2158 2630 tum
2183 2588 2434 2634 sanctum
2468 2580 2736 2636 mirabilia
2769 2592 3080 2652 operantes.

2113 2756 2278 2815 Vens.
2313 2758 2402 2813 17.
2439 2777 2459 2812 ι
2498 2759 2560 2815 Et
2596 2760 2710 2816 haec
2736 2761 2998 2829 dicentes,
3032 2764 3122 2818 vix
3157 2766 3485 2820 sedaverunt
3513 2776 3628 2822 tur-

2043 2848 2138 2903 bas
2165 2865 2232 2904 ue
2250 2849 2354 2904 sibi
2388 2851 2748 2920 lmmolarent,
2770 2856 2863 2910 sed
2904 2855 3043 2911 irent
3069 2857 3298 2927 quisque
3329 2858 3380 2911 in
3403 2859 3625 2913 domum

2041 2951 2220 2992 suam.
2256 2958 2276 2992 ι

431 3035 571 3107 Ὅρα
601 3035 662 3088 τὸ
699 3037 904 3104 ἄτυφον
938 3037 1032 3092 καὶ
1071 3039 1386 3106 ἀκενόδοξον
1417 3042 1572 3094 τῶνι⁵
1607 3041 1778 3110 ἁγίων
1802 3059 1817 3074 ο
1853 3044 1934 3095 ὅτι

2117 3029 2249 3086 Vide
2300 3033 2622 3089 modestiam
2680 3045 3019 3104 sanctorum,
3053 3047 3107 3093 et
3138 3053 3304 3109 quam
3361 3042 3628 3099 immunes

239 3191 250 3200 ἢ
352 3127 474 3181 οὔτε
506 3129 615 3181 θεοὶ
648 3128 961 3201 ἠξιώθησαν
995 3130 1261 3202 κληθῆναι
1292 3133 1400 3185 τῶν
1435 3134 1624 3197 ἐθνῶν,
1665 3135 1780 3187 ἀλλ’
1810 3136 1935 3187 ἐαυ-

354 3220 478 3284 τοὺς
516 3221 830 3274 ὲταπείνουν
856 3221 1110 3290 λέγοντες
1137 3240 1151 3254 ο
1197 3223 1307 3277 Kal
1339 3224 1511 3291 ἡμεῖς
1559 3227 1935 3293 ὁμοιοπαθεῖς

353 3312 540 3381 ἐσμεν
578 3311 722 3380 ὑμῖν
768 3312 1069 3380 ἅνθρωποι
1097 3330 1110 3342 ·
1159 3315 1249 3368 διὰ
1291 3315 1392 3384 τῆς
1434 3319 1937 3388 ταπεινοφροσύνης

357 3404 622 3475 ὖψοῦντες
657 3405 908 3468 ἑαυτούς.

434 3516 452 3547 ι
491 3497 966 3567 Ἐπιστηρίζοντες
995 3499 1094 3562 τὰς
1119 3497 1300 3568 ψυχὰς
1323 3498 1434 3550 τῶν
1459 3498 1742 3569 μαθητῶν,
1768 3515 1939 3568 παρα-

355 3587 648 3652 καλοῦντες
697 3589 957 3660 ἐμμένειν
985 3593 1048 3661 τῇ
1095 3591 1299 3650 πίστει.
1333 3593 1444 3654 καὶ,
1479 3592 1559 3643 ὅτι
1595 3589 1685 3642 διὰ
1725 3590 1936 3643 πολλῶν

354 3678 587 3748 θλίψεων
631 3679 713 3732 δεῖ
750 3680 898 3751 ήμᾶς
937 3679 1202 3734 εἰσελθεῖν
1251 3683 1330 3743 εἰς
1372 3682 1470 3751 τήν
1518 3675 1799 3751 βασιλείαν
1840 3680 1935 3735 τοῦ

353 3773 512 3825 Θεοῦ.
558 3792 575 3823 ι

423 3865 562 3933 Ὅρα
593 3865 672 3916 ὅτι
690 3865 816 3918 ἄνευ
846 3864 1015 3916 κόπου
1046 3863 1140 3917 καὶ
1163 3863 1364 3934 μόχθου
1393 3863 1590 3918 πολλοῦ
1609 3865 1668 3917 ού
1693 3864 1936 3917 δικαιοῦ-

351 3955 439 4006 ταί
486 3969 607 4016 τις·
664 3953 856 4024 στενήν
905 3955 1014 4025 γὰρ
1071 3953 1161 4007 διὰ
1208 3954 1367 4006 τοῦτο
1410 3954 1505 4008 καὶ
1542 3954 1932 4026 τεθλιμμένην,

351 4047 472 4099 ἀντὶ
508 4044 602 4098 τοῦ
645 4044 878 4114 θλίψεως
919 4046 1160 4118 μεστὴν,
1207 4047 1470 4100 ἐκάλεσεν
1518 4049 1546 4100 ό
1587 4047 1788 4117 Κύριος
1833 4047 1934 4118 τήν

353 4135 529 4204 πύλην
565 4136 666 4204 τῆς
703 4135 909 4188 εἰσόδου
951 4135 1052 4205 τῆς
1101 4139 1180 4200 εἰς
1211 4135 1493 4206 βασιλείαν
1523 4137 1765 4207 ἀγούσης
1789 4157 1800 4168 ~
1835 4139 1934 4208 οὐχ

352 4223 539 4286 ἁπλῶς
564 4223 620 4275 δὲ
642 4223 931 4294 οίαδήποτε
963 4221 1141 4293 θλίψις
1167 4225 1290 4292 ἄγει
1321 4225 1402 4288 είς
1432 4225 1731 4295 βασιλείαν,
1757 4225 1873 4278 ἀλλ’
1899 4228 1931 4296 ή

352 4312 442 4366 διὰ
471 4311 570 4384 τήν
599 4315 676 4376 είς
707 4311 841 4367 Θεὸν
884 4313 1090 4367 πίστιν.
1127 4313 1268 4384 Ὅρα
1298 4318 1408 4386 γὰρ
1441 4314 1558 4376 πῶς
1592 4316 1642 4368 οἱ
1687 4315 1931 4386 μαθηταὶ

2045 3122 2152 3178 sint
2176 3139 2328 3178 vana:
2356 3125 2540 3194 gloria!
2569 3143 2583 3180 :
2612 3129 2811 3198 quippe
2855 3130 2944 3200 qui
2987 3129 3277 3186 noluerunt
3326 3135 3622 3189 existimari

2045 3215 2116 3268 dii
2139 3217 2402 3285 gentium,
2434 3221 2527 3273 sed
2557 3222 2878 3291 semetipsos
2902 3221 3322 3278 humiliaveruut
3342 3227 3620 3282 dicentes:

2047 3307 2305 3364 Homines
2338 3326 2515 3363 sumus
2548 3312 2685 3366 sicut
2715 3324 2762 3366 et
2794 3329 2881 3368 vos
2911 3313 3204 3380 mortales;
3227 3331 3284 3372 se
3309 3328 3488 3373 autem
3528 3323 3626 3375 ltu-

2045 3399 2317 3453 miliantes
2344 3415 2403 3454 se
2429 3401 2758 3456 exaltabant.

2115 3487 2280 3543 Vens.
2316 3489 2406 3544 2i.
2444 3509 2463 3541 ι
2510 3490 2912 3547 Confirmantes
2955 3481 3619 3564 animasdiscipulorum,

2043 3581 2504 3652 cxhortantesque
2536 3593 2591 3636 ut
2620 3584 3004 3652 permanerent
3037 3588 3086 3640 in
3124 3587 3248 3651 ﬁde,
3285 3599 3336 3641 et
3361 3592 3618 3658 quoniam

2043 3675 2362 3743 permultas
2417 3675 2794 3731 tribulationes
2821 3686 3033 3744 oportet
3078 3693 3176 3733 nos
3211 3680 3416 3734 intrare
3447 3681 3498 3734 in
3538 3697 3622 3737 re-

2043 3778 2206 3832 gnum
2240 3764 2352 3817 Dei.
2392 3781 2410 3814 ι
3435 3819 3437 3822 ι

2121 3854 2250 3909 Vide
2301 3856 2569 3909 neminem
2623 3857 2827 3925 absque
2855 3857 3107 3914 laboreet
3139 3860 3622 3930 molestiisjustill—

2042 3948 2153 4002 cari
2191 3966 2203 4002 :
2241 3959 2521 4017 augustam
2545 3949 2687 4003 enim
2714 3959 2766 4003 et
2790 3961 3018 4013 arctam,
3045 3953 3194 4019 quasi
3226 3953 3484 4009 molestia:
3508 3956 3620 4026 ple-

2043 4055 2190 4104 nam,
2235 4054 2444 4109 portam
2481 4040 2580 4093 viae
2613 4056 2732 4108 qua:
2762 4040 2908 4093 ducit
2961 4043 3024 4093 ad
3062 4058 3282 4111 regnum
3333 4043 3614 4111 malorum,

2041 4145 2102 4186 ea
2133 4133 2200 4186 de
2235 4147 2392 4186 causa
2422 4131 2556 4184 dixit
2583 4130 2844 4185 Dominus
2886 4150 2898 4185 :
2929 4131 3044 4186 Non
3065 4142 3253 4188 .autem
3286 4151 3618 4205 quacunque

2041 4224 2316 4278 tribulatio
2342 4223 2489 4277 ducit
2518 4223 2582 4276 ad
2616 4237 2864 4290 regnum,
2919 4224 3013 4277 sed
3053 4240 3173 4293 quae
3211 4236 3431 4295 propter
3456 4227 3614 4282 ﬁdem

2041 4317 2093 4372 in
2126 4319 2310 4372 Deum.
2334 4317 2464 4371 Vide
2485 4317 2685 4371 etenim
2705 4317 2972 4385 quomodo
2989 4318 3233 4387 discipuli
3256 4320 3307 4372 in
3331 4320 3519 4388 primis
3549 4323 3615 4374 ad

353 4405 413 4458 ὲν
456 4404 695 4474 πρώτοις
732 4406 1114 4478 παρήγγελλον
1156 4407 1438 4478 ἐπιμένειν
1467 4409 1535 4479 τῇ
1583 4409 1664 4470 εἰς
1705 4409 1938 4479 Χριστὸν

2047 4411 2468 4476 permanendum
2514 4406 2567 4459 in
2593 4407 2697 4461 lide
2721 4407 2924 4461 Christi
2957 4409 3332 4475 exltorteutur,
3363 4411 3480 4465 sine
3509 4427 3613 4479 qua

355 4494 556 4559 πίστει,
589 4491 658 4568 ἧς
691 4497 819 4551 ἄνευ
854 4497 1092 4568 σωθῆναι
1132 4497 1398 4550 ἀδύνατον
1419 4536 1434 4560 ,
1468 4496 1571 4549 κᾶν
1609 4497 1697 4552 διὰ
1726 4497 1939 4552 πολλῶν

349 4589 433 4650 τις
454 4586 690 4657 θλίψεων
709 4588 976 4660 παρέλθῃ.
994 4589 1055 4668 Et
1073 4591 1182 4660 γὰρ
1201 4589 1360 4643 τοῦτο
1382 4587 1472 4662 ἦν,
1502 4593 1609 4654 πᾶς
1628 4591 1934 4663 ἄνθρωπος,

354 4679 539 4748 σχεδὸν
561 4683 734 4735 εἰπεῖν
758 4721 772 4746 ,
804 4681 1112 4736 ἐδικαιοῦτο
1132 4698 1145 4711 °
1176 4684 1257 4736 ὄτι
1287 4683 1350 4735 τὺ
1376 4686 1628 4736 πλεῖστον
1657 4683 1758 4753 τῆς
1789 4683 1938 4754 ζωῆς

350 4771 515 4824 αὐτοῦ
563 4773 732 4837 κόπος
776 4777 871 4828 καὶ
911 4775 1112 4840 πόνοςο
1152 4776 1250 4829 καὶ
1282 4776 1358 4840 ὡς
1385 4777 1479 4829 ἐπὶ
1511 4777 1571 4830 τὸ
1611 4776 1746 4828 πολὺ
1783 4779 1934 4830 πᾶσα

349 4861 498 4934 ψυχὴ
517 4867 595 4927 εἰς
622 4867 806 4933 πόνον,
831 4869 926 4921 καὶ
948 4869 1098 4922 πᾶσα
1115 4867 1327 4938 κεφαλή
1346 4870 1426 4931 εἰς
1447 4868 1643 4939 λύπην·
1665 4867 1928 4921 ἀδύνατον

351 4953 461 5023 γὰρ
501 4956 574 5024 μὴ
606 4954 894 5012 λυπεῖσθαι
926 4956 1238 5030 ἄνθρωπον,
1275 4958 1308 5029 ἢ
1344 4957 1434 5012 διὰ
1477 4957 1548 5010 τὰ
1593 4957 1798 5027 μάταια
1835 4955 1928 5010 τοῦ

353 5044 574 5113 κόσμου,
602 5048 634 5100 il
658 5047 744 5102 διὰ
765 5049 856 5102 τὸν
875 5050 1008 5105 Θεόν
1030 5066 1042 5080 '
1062 5049 1200 5104 ἀλλὰ
1220 5051 1320 5117 τὴν
1345 5050 1443 5120 μὲν
1468 5048 1562 5102 τοῦ
1589 5050 1702 5120 βίου
1731 5048 1929 5119 λύπην,

426 5203 440 5233 ⁸
478 5201 640 5256 Joau.
675 5217 711 5266 t,
750 5203 837 5258 18.
924 5209 931 5212 ”

423 5347 436 5386 1
477 5335 610 5392 Cod.
669 5336 731 5392 C.
780 5338 1067 5406 Ἀριανοῖς.

347 5405 513 5462 Coisl.
541 5408 640 5479 τῷ.

1183 5337 1209 5376 ι
1239 5332 1370 5391 Cod.
1409 5335 1576 5390 Coisl.
1635 5335 1787 5405 όνόμ.

425 5564 537 5633 (14)
575 5564 703 5618 Post
749 5564 1071 5619 versiculum
1111 5565 1176 5619 15
1201 5567 1322 5620 cod.
1358 5565 1524 5620 Coisl.
1567 5567 1680 5620 lure
1726 5566 1880 5619 habet
1911 5583 1922 5617 :

360 5635 688 5706 Ἀμμωνίου
727 5635 1158 5706 πρεσϐυτέρου.
1189 5635 1387 5705 Γνώμη
1426 5637 1530 5689 ἰδία
1557 5637 1722 5706 φησὶν
1752 5635 1926 5698 ὁθεδς

345 5704 538 5777 Λόγος.
559 5705 692 5777 ’Ὀτεν
721 5704 989 5775 ἐϐουλήθη
1017 5706 1240 5776 εὐδοκία
1267 5704 1479 5776 napo;
1515 5704 1804 5777 ἐσαρκηέιθη
1836 5707 1926 5759 τὸν

346 5774 564 5844 πρῶτον
598 5776 791 5845 χρόνον
819 5774 1170 5846 διαλογισμὸν
1199 5774 1256 5830 ὃν
1297 5774 1457 5840 αὐτὸς
1493 5774 1633 5831 οἶδεν
1661 5774 1804 5830 κατᾶ
1827 5780 1923 5848 τὴν

626 5870 894 5932 ΡΑτιιοι..
948 5872 1064 5933 ΟΡ..
1102 5870 1382 5932 LXXXV.

1913 5333 1928 5372 ι
1966 5334 2100 5390 Cod.
2134 5333 2297 5390 Coisl.
2333 5334 2564 5390 τοιοῦτο.

2037 4513 2196 4552 nemo
2228 4507 2404 4567 potest
2429 4497 2651 4563 salvari,
2679 4498 2895 4551 etiamsi
2941 4513 3036 4565 per
3077 4500 3272 4554 multas
3313 4500 3613 4554 tribulatio-

2036 4605 2133 4643 nes
2165 4587 2328 4642 fuerit
2349 4599 2624 4658 expertus.
2661 4589 2754 4643 Sin
2789 4589 2965 4654 aliter,
2995 4605 3184 4645 omnes
3215 4592 3384 4646 ferme
3413 4590 3611 4660 justiti-

2035 4693 2322 4748 carcntur;
2348 4681 2520 4749 major
2538 4682 2682 4736 enim
2717 4697 2840 4751 pars
2875 4683 3126 4737 humana:
3157 4684 3301 4749 vitae,
3349 4682 3502 4737 labor
3528 4694 3610 4738 est

2035 4785 2088 4828 et
2134 4772 2400 4840 molestia,
2431 4783 2487 4826 et
2523 4783 2580 4826 ut
2632 4773 2949 4843 plerumque
2996 4775 3177 4829 omnis
3225 4773 3405 4828 anima
3439 4773 3608 4828 labori

2035 4863 2240 4926 dedita,
2280 4876 2441 4916 omne
2464 4875 2624 4932 caput
2655 4864 2864 4928 dolori;
2901 4881 3002 4918 nou
3035 4865 3180 4918 enim
3233 4872 3409 4933 potest
3449 4865 3610 4918 homo

2038 4970 2144 5010 non
2181 4953 2364 5009 dolore
2393 4953 2554 5018 allici,
2577 4955 2690 5010 sive
2719 4957 2786 5010 ob
2820 4957 3001 5010 mundi
3043 4958 3310 5012 vanitates
3340 4956 3454 5012 sive
3481 4971 3608 5026 pro-

2041 5058 2159 5119 pter
2190 5045 2394 5111 Deum;
2449 5046 2542 5100 sed
2573 5063 2690 5116 quae
2736 5062 2801 5102 ex
2852 5048 3048 5101 mundo
3099 5057 3181 5102 est
3209 5048 3455 5113 tristitia,
3487 5061 3607 5102 eam

2671 5343 2709 5370 ιη
2741 5335 2878 5390 Cod.
2933 5337 3096 5392 Coisl.
3127 5338 3187 5391 ὃν
3215 5341 3286 5394 οί.
3396 5350 3422 5378 ι’
3458 5340 3596 5399 Cctl.

2035 5564 2290 5640 enarrasti}
2322 5563 2487 5640 αὐτοῦ
2518 5566 2624 5640 atat
2668 5565 2962 5640 φιλάγαθον
2999 5568 3208 5639 κρίσιν’
3241 5570 3606 5640 συγχωρήσας

2032 5638 2147 5756 got;
2171 5634 2481 5706 ἀνθρώποις
2512 5635 2786 5691 δουλεύειν
2814 5639 2906 5691 καὶ
2951 5634 3270 5710 προσκυνεῖν
3309 5634 3604 5704 τοῗςἐἱδώο

2052 5721 2163 5768 mg.
2850 5720 2854 5724 '

3211 5871 3285 5942 49
