4130 6542
563 305 700 370 1547

564 514 796 573 cundum
831 510 1023 578 Deum,
1075 526 1194 566 eam
1245 510 1450 580 excipit
1502 510 1688 567 l:ctitia
1742 522 1796 566 et
1836 514 2138 584 gaudium:

563 607 827 679 siquidem
853 604 1070 674 aliquod
1101 605 1152 658 in
1188 604 1287 659 hac
1312 605 1417 659 vita
1457 606 1588 660 tanti
1625 607 1750 660 doni
1779 606 1970 676 pignus
2001 608 2141 660 acci-

562 701 793 770 pientes,
823 695 1168 752 inenarrabili
1203 695 1386 749 ltctitia
1412 695 1808 766 perfundnntttr
1835 697 2144 768 quicunque

561 795 639 850 sic
667 793 976 855 tristantur,
1012 799 1065 844 et
1096 788 1189 857 qui
1227 803 1369 842 nunc
1399 788 1450 841 in
1483 787 1738 859 lacrymis
1774 789 1980 844 semina
2014 789 2140 843 util.-

564 896 704 950 tnnt,
730 883 767 938 ii
796 897 919 938 cum
956 880 1318 936 exsultatione
1352 879 1561 934 fructus
1591 881 1714 935 hinc
1743 881 2003 935 abeuntes
2026 881 2138 936 col-

561 980 762 1048 ligeut:
793 976 911 1031 haec
941 982 1024 1030 εει
1051 973 1337 1027 exsultatio
1362 988 1482 1027 cum
1511 983 1745 1028 tremore
1773 973 1826 1028 in
1866 973 2043 1028 anima
2071 990 2134 1028 ex

558 1069 652 1125 Dei
679 1067 872 1123 timore
909 1073 1090 1120 enata.

624 1157 794 1214 Vens.
824 1156 916 1211 22.
949 1174 968 1209 ι
999 1155 1065 1209 Et
1097 1171 1220 1209 cum
1252 1155 1667 1210 constituissent
1694 1155 1803 1212 illis
1833 1171 1928 1226 per
1952 1157 2137 1226 singu-

557 1253 635 1306 las
661 1250 931 1306 Ecclesias
958 1247 1327 1318 presbyteros,
1355 1255 1408 1302 ct
1431 1257 1680 1301 orassent
1708 1262 1828 1300 cum
1851 1247 2138 1317 jejunatio-

563 1347 744 1406 nibus,
776 1341 1292 1397 commendavcrunt
1320 1354 1412 1393 eos
1444 1337 1669 1392 Domino
1699 1338 1750 1391 in
1773 1353 1929 1406 quem
1962 1338 2136 1393 credi-

558 1437 768 1487 derunt.
805 1451 822 1483 ι

627 1526 705 1580 Ex
737 1527 837 1580 hoc
863 1525 1032 1595 liquet
1058 1523 1361 1577 Barnabam
1395 1531 1448 1576 et
1486 1520 1706 1575 Paulum
1738 1519 2029 1590 epiSCOpali
2055 1519 2136 1572 di-

558 1620 763 1688 gnitate
786 1631 906 1672 esse
945 1615 1171 1669 donatos
1199 1652 1215 1679 ,
1271 1613 1413 1683 quod
1450 1610 1783 1666 instituerint
1818 1625 1920 1664 non
1955 1609 2130 1676 solum

558 1712 834 1774 diaconos,
864 1707 956 1762 sed
988 1706 1151 1762 etiam
1184 1706 1552 1776 presbyteros.
1582 1703 1702 1758 Jam
1735 1713 1913 1757 autem
1947 1701 2130 1758 notavi

557 1798 1131 1871 cumjejunationibus
1161 1807 1216 1852 et
1235 1797 1573 1852 orationibus
1615 1795 1910 1864 discipulos
1937 1809 2131 1851 manus
2169 1779 2209 1833 Β

558 1899 871 1967 imponere;
923 1893 1024 1948 hoc
1056 1903 1270 1962 quoque
1305 1889 1508 1955 notavi,
1541 1889 1749 1945 scilicet
1787 1889 2048 1945 Barnabte
2078 1899 2132 1946 et

558 1989 722 2043 Paulo
746 2000 937 2042 manus
959 1985 1124 2040 fuisse
1155 1983 1436 2054 impositas
1465 1981 1520 2036 in
1546 1981 1746 2048 Mileto,
1775 1996 1976 2052 eosque
2009 1983 2132 2038 inde

555 2090 815 2137 exeuntes
860 2077 1189 2151 praedicasse
1235 2075 1288 2130 in
1329 2072 1640 2130 civitatibus
1691 2085 1864 2144 usque
1885 2073 1952 2128 ad
1992 2073 2132 2129 Pisi-

556 2174 788 2229 diam‘et
813 2172 865 2226 in
905 2169 1158 2227 omnibus
1194 2169 1260 2224 iis
1299 2183 1418 2238 quae
1449 2168 1734 2237 hucusque
1782 2173 1908 2222 sunt
1944 2181 2132 2221 recen-

554 2267 711 2331 sitae;
743 2263 956 2318 cuidam
999 2276 1128 2317 vero
1168 2259 1465 2331 exemplari
1511 2257 1726 2315 occurri
1783 2257 2130 2312 Antiochiam

555 2370 650 2426 pro
676 2353 859 2409 Mileto
885 2353 1128 2420 habenti,
1154 2350 1298 2421 quod
1342 2348 1470 2405 mihi
1493 2347 1831 2420 probabilius
1859 2347 2092 2402 videtur.

1179 2537 1332 2594 CAP.
1377 2535 1497 2594 XV.

625 2657 784 2714 Vens.
826 2659 881 2712 ι.
922 2673 942 2708 ι
973 2656 1040 2710 Ει
1070 2653 1292 2725 quidam
1311 2649 1709 2709 descendentes
1736 2649 1803 2705 de
1824 2647 2009 2704 Judaea
2038 2647 2131 2703 do-

554 2755 747 2810 cebant
773 2752 1008 2808 fratres:
1039 2748 1172 2818 Quia
1205 2747 1306 2804 nisi
1339 2743 1800 2802 circumcidamiui
1833 2743 2130 2800 secundum

557 2863 759 2902 morem
794 2843 984 2916 Moysi,
1017 2859 1122 2899 non
1159 2841 1386 2912 potestis
1414 2838 1637 2896 salvari.
1678 2855 1700 2890 s

625 2939 764 3003 Quia
787 2937 892 2993 nisi
911 2932 1362 2991 circumcidamini
1399 2931 1683 2987 secundum
1709 2945 1904 2984 morem
1932 2924 2128 2997 Moysi,

555 3050 657 3086 non
694 3030 910 3100 potestis
970 3028 1188 3083 salvari.
1224 3023 1632 3082 Observandum
1669 3030 1753 3078 est
1795 3021 1926 3078 illud
1961 3020 2132 3076 fuisse

557 3123 690 3194 legis
720 3131 1046 3192 praeceptum
1073 3119 1218 3190 quod
1252 3117 1531 3187 Scriptura
1563 3131 1767 3172 morem
1807 3114 1940 3169 dicit
1971 3131 1984 3167 :
2024 3128 2127 3168 non
2160 3147 2203 3204 ο

555 3215 698 3270 cnim
725 3229 822 3284 per
858 3227 1072 3278 manus,
1103 3210 1194 3266 sed
1239 3224 1334 3280 per
1355 3209 1696 3278 Scripturam
1746 3208 1861 3261 ιιωο
1909 3204 2133 3260 tradidit

556 3307 784 3380 Moyses.
838 3306 948 3361 Ant
980 3303 1162 3360 forsan
1203 3304 1488 3358 solverunt
1529 3299 1779 3372 apostoli,
1836 3299 1962 3370 quia
1992 3313 2129 3362 mos,

557 3417 661 3455 non
705 3412 888 3456 autem
945 3399 1080 3470 legis
1131 3405 1430 3462 statutum;
1487 3395 1631 3467 quod
1675 3405 1852 3448 tamen
1917 3392 2132 3448 nonnisi

557 3509 836 3566 perperam
861 3493 966 3548 dici
1000 3501 1195 3563 potest,
1228 3490 1354 3560 quia
1380 3488 1636 3545 Ecclesiae
1663 3500 1841 3541 mores
1873 3500 1976 3540 non
2010 3494 2157 3541 sunt.

555 3587 952 3644 contemnendi.

623 3679 790 3737 Vsus.
824 3681 877 3736 5.
917 3699 935 3733 ι
970 3681 1341 3735 Surrexerunt
1365 3687 1545 3733 autem
1584 3677 1802 3747 quidam
1842 3675 1910 3729 de
1942 3672 2132 3729 haeresi

556 3774 952 3830 Pharisazorum
981 3773 1071 3842 qui
1104 3771 1474 3835 crediderunt,
1504 3772 1749 3826 dicentes
1775 3787 1789 3823 :
1815 3768 1948 3836 Quia
1974 3784 2136 3836 upor-

555 3878 632 3923 tet
654 3865 967 3922 circumcidi
990 3881 1104 3928 eos,
1133 3865 1428 3934 praecipere
1452 3877 1668 3933 quoque
1694 3876 1914 3917 servare
1963 3859 2134 3931 legem

554 3961 746 4033 Moysi.
791 3979 811 4013 ι

623 4054 830 4108 Nones
860 4049 1115 4120 gentibus
1148 4049 1354 4114 ﬁdeles,
1400 4048 1494 4104 sed
1531 4065 1594 4103 es
1624 4046 1852 4112 Judaeis,
1900 4047 2135 4102 circum-

555 4144 660 4199 cidi
688 4144 978 4197 credentes
1013 4149 1070 4194 et
1099 4140 1304 4193 servari
1347 4139 1526 4192 omnia
1556 4138 1688 4210 legis
1718 4137 1958 4193 carnalia
1995 4152 2134 4207 pra:-

553 4245 709 4306 cepta
778 4233 1233 4304 expostulabant;
1287 4233 1505 4301 quibus,
1565 4241 1750 4302 utpote
1801 4230 2133 4300 antiquatam

557 4330 728 4399 legem
760 4324 1096 4396 sapientibus
1142 4334 1197 4379 et
1251 4325 1484 4393 propria:
1536 4324 1922 4378 ostentationis
1963 4323 2134 4391 gratia

558 4414 741 4469 tldeles
776 4413 1168 4468 circumcidere
1195 4412 1528 4478 volentibus,
1570 4413 1848 4479 discipuli,
1881 4412 2007 4466 licet
2034 4412 2134 4480 ipsi

1699 304 2046 368 AMMONII
2090 304 2623 368 ALEXANDRINI

563 421 762 494 excipit
793 419 970 476 luctus
999 416 1488 489 inexstinguibilis;
1525 433 1641 488 qum
1692 431 1874 476 autem
1924 432 2006 478 est
2054 437 2132 478 se-

2243 421 2548 492 διαδέχεται
2598 421 2832 492 δάκρυον
2884 421 3306 475 ἀκατάπαυστον
3332 429 3352 449 ”
3377 439 3389 450 ο

3686 307 3829 374 154⁵3

3432 420 3532 491 τὴν
3581 420 3636 474 δέ
3685 423 3828 476 κατά

2246 509 2405 577 Θεὸν,
2451 511 2762 582 εὐφροσύνη
2809 513 2903 564 καὶ
2933 511 3078 581 χαρά
3100 527 3112 541 ·
3151 511 3352 579 ὃπουγε
3399 513 3495 565 καὶ
3529 513 3588 565 ἐν
3617 513 3695 582 τῷ
3730 511 3827 567 νῖν

2247 602 2346 675 βίῳ
2386 603 2678 675 ἀρραϐῶνα
2731 605 2829 674 τῆς
2878 587 3134 675 τοιαύτης
3173 603 3382 675 δωρεᾶς
3415 603 3823 674 λαμϐάνοντες.

2243 687 2634 770 ἀνεκδιὴγητον
2673 698 2848 769 χαράν
2889 698 3107 768 ἔχουσιν
3156 699 3204 750 οί
3245 697 3419 761 οὕτως
3457 697 3824 769 λυπούμενοι·

2245 791 2335 844 καὶ
2366 790 2459 844 νῦν
2490 791 2558 844 τά
2597 791 2891 862 σπέρματα
2939 793 2999 844 ἐν
3048 790 3314 862 κλαυθμῷ
3350 788 3783 856 καταϐάλλοντες
3807 835 3822 857 ,

2241 883 2369 946 τοὺς
2391 884 2635 954 καρποὺς
2659 885 2718 938 ἐν
2743 885 3063 953 ἀγαλλιάσει
3088 884 3227 955 μετὰ
3249 885 3348 956 τὴν
3375 883 3530 938 ἐνθεν
3557 885 3826 955 ἐκδημίαν

2241 975 2720 1046 ἀπολαμϐάνουσιν
2744 991 2758 1004 ·
2787 975 2928 1048 αὕτη
2961 977 3108 1030 ἐστὶν
3130 978 3163 1048 ἡ
3197 977 3457 1048 ἔντρομος
3481 976 3824 1047 ἀγαλλίασις.

2239 1069 2272 1139 ἡ
2308 1066 2449 1121 κατά
2473 1067 2564 1145 τὸν
2592 1068 2686 1122 τοῦ
2719 1068 2857 1123 Θεοῦ
2890 1070 3054 1139 φόϐον
3085 1070 3348 1140 γινομένη
3378 1073 3446 1142 τῇ
3476 1071 3643 1141 ψυχῇ.
3745 1123 3762 1142 ,

2315 1176 2336 1209 ι
2404 1159 2901 1230 Χειροτονήσαντες
2950 1161 3008 1214 δὲ
3067 1162 3252 1224 αὐτοῖς
3307 1161 3430 1216 κατ’
3496 1162 3826 1232 Ἐκκλησίαν

2241 1249 2645 1321 πρεσϐυτέρους
2670 1291 2686 1314 ,
2717 1250 3149 1322 προσευξάμενοι
3197 1252 3334 1322 μετὰ
3355 1253 3651 1322 νηστειῶν,
3680 1270 3826 1320 παρα

2239 1340 2421 1392 ἐθεντο
2451 1340 2644 1404 αὐτοὺς
2674 1339 2753 1412 τῷ
2783 1341 2972 1411 Κυρίῳ
3001 1342 3081 1404 είς
3110 1340 3171 1393 ὃν
3204 1342 3689 1395 πεπιστεύκεισαν.
3729 1361 3748 1393 s

2312 1519 2454 1590 Ὅρα
2492 1519 2574 1573 ὅτι
2601 1520 2694 1573 καὶ
2732 1521 2780 1571 οί
2834 1521 2966 1592 περὶ
3006 1520 3219 1574 Παῦλον
3260 1524 3352 1574 καὶ
3384 1523 3666 1594 Βαρνάϐαν
3706 1525 3819 1576 ἐπι-

2241 1609 2461 1664 σκόπων
2496 1605 2643 1681 εἶχον
2692 1611 2874 1678 ἀξίαν,
2924 1613 2982 1680 ἐξ
3015 1606 3090 1666 ὧν
3135 1615 3514 1685 ἐχειροτόνουν
3559 1617 3621 1669 ού
3663 1617 3828 1687 μόνον

2237 1704 2517 1770 διακόνους
2565 1705 2703 1760 ἀλλά
2763 1708 2858 1760 καὶ
2915 1708 3344 1781 πρεσϐυτέρους.
3398 1710 3508 1763 Καὶ
3544 1710 3724 1762 ὀπίσω
3766 1712 3827 1763 δὲ

2239 1798 2694 1870 ἐσημειωσάμην,
2724 1799 2806 1852 ὅτι
2829 1800 2974 1871 μετά
3001 1800 3266 1872 νηστειῶν
3288 1803 3382 1855 καὶ
3405 1801 3580 1872 εὐχῶν
3602 1803 3828 1855 ἐποίουν

2237 1893 2286 1944 οί
2321 1891 2558 1964 μαθηταὶ
2586 1891 2684 1956 τὰς
2699 1893 3038 1964 χειροτονίας
3057 1895 3403 1966 ’ἐσημείωτα
3432 1895 3490 1948 δέ
3519 1895 3614 1948 καὶ
3643 1895 3824 1955 τοῦτο,

2237 1985 2320 2038 ὅτι
2361 1984 2442 2048 είς
2483 1984 2723 2057 Μίλητον
2759 1984 3250 2058 ἐχειροτονήθησαν
3293 1987 3343 2039 οί
3376 1987 3504 2058 περὶ
3535 1987 3826 2057 Βαρνάϐαν

2239 2078 2332 2132 καὶ
2355 2077 2587 2131 Παῦλον·
2615 2077 2709 2156 καὶ
2736 2077 2797 2142 ἐξ
2827 2078 2998 2149 αὐτῆς
3031 2077 3364 2146 ἐξελθόντες,
3397 2078 3826 2149 εὐηγγελίσαντο

2237 2170 2336 2234 τάς
2382 2169 2542 2242 μέχρι
2581 2170 2683 2241 τῆς
2717 2169 2966 2233 Πισιδίας
3017 2169 3232 2233 πόλεις,
3271 2170 3367 2224 καὶ
3409 2171 3542 2233 ὅσας
3576 2170 3746 2234 ἄλλας
3793 2173 3826 2222 ὁ

2238 2261 2395 2331 λόγος
2422 2263 2662 2334 ἐσήμανε
2690 2261 2828 2326 τέως
2848 2278 2862 2293 ·
2898 2261 3026 2315 ἀλλο
3054 2261 3112 2315 δὲ
3143 2262 3481 2334 ἀντίγραφον
3509 2259 3668 2334 εὖρον
3700 2263 3826 2334 ἕχον

2238 2356 2358 2410 ἀντὶ
2389 2355 2635 2426 Μιλήτου
2678 2355 3011 2428 Ἀντιόχειαν
3032 2396 3046 2421 ,
3077 2355 3108 2408 ὃ
3133 2357 3231 2410 καὶ
3264 2355 3640 2429 πιθανώτερόν
3672 2369 3699 2407 P
3734 2377 3823 2428 μοι

2242 2450 2441 2520 μᾶλλον
2475 2449 2671 2521 ἐφάνη.

2839 2543 3098 2600 ΚΕΦΑΛ.
3152 2545 3251 2600 lE'.

2315 2676 2332 2709 ι
2369 2657 2478 2710 Καί
2501 2675 2646 2722 τινες
2669 2659 3022 2722 κατελθόντες
3049 2660 3156 2714 ἀπὸ
3183 2661 3299 2729 τῆς
3329 2659 3612 2724 Ἰουδαίας,
3648 2660 3821 2714 ἐδίδα-

2241 2767 2370 2804 σκον
2396 2751 2521 2815 τοὺς
2547 2750 2808 2821 ἀδελφούς
2835 2767 2849 2781 ·
2885 2751 3007 2804 Ὅτι
3047 2751 3143 2805 ἐὰν
3201 2751 3276 2822 μὴ
3326 2751 3703 2822 περιτμηθῆτε
3746 2753 3823 2822 τῷ

2239 2843 2349 2896 ἔθει
2385 2843 2480 2898 τοῦ
2512 2845 2819 2909 Μωῦσέως,
2847 2845 2907 2898 ού
2938 2845 3233 2916 δυνήσεσθε
3281 2845 3544 2916 σωθῆναι.
3585 2865 3603 2897 ι

2313 2935 2434 2990 Ὅτι
2471 2935 2582 2989 ἐὰν
2604 2935 2690 3006 μὴ
2742 2937 3178 3006 περιτέμνησθε
3216 2935 3298 3002 τῷ
3332 2938 3453 2992 ἔθει
3500 2940 3822 3005 Μωῢσέως,

2239 3029 2309 3081 οὺ
2343 3026 2607 3082 δύνασθε
2637 3026 2924 3096 σωθῆναι.
2956 3029 3299 3097 Σημειωτέον
3327 3029 3408 3081 ὅτι
3438 3029 3558 3090 ἔθος
3582 3030 3734 3082 καλεῖ
3765 3031 3827 3082 τὸ

2237 3121 2460 3192 ἔννομον
2497 3121 2826 3190 πρόσταγμα
2871 3123 2905 3192 ἡ
2944 3121 3171 3193 Γραφήο
3216 3122 3339 3175 οὐδὲ
3379 3123 3487 3194 γὰρ
3531 3123 3822 3195 ἀγράφως.

2235 3216 2351 3270 ἀλλ’
2378 3215 2673 3287 ἐγγράφως
2709 3215 2802 3268 καὶ
2835 3214 2994 3267 τοῦτο
3028 3210 3145 3267 εἶπε
3175 3215 3420 3287 Μωῦσῆς
3446 3231 3460 3244 ’
3493 3216 3692 3289 ἣτάχα
3731 3218 3827 3269 καὶ

2235 3309 2326 3363 διὰ
2351 3308 2510 3363 τοῦτο
2538 3307 2704 3380 ἐλύθη
2744 3307 2854 3361 ἀπὸ
2879 3307 2987 3360 τῶν
3027 3292 3345 3363 άποστόλῶν
3372 3308 3534 3363 τοῦτο
3553 3351 3568 3375 ,
3599 3309 3674 3372 ὼς
3704 3311 3827 3372 ἔθος

2235 3398 2295 3453 ὃν
2327 3401 2422 3454 καὶ
2446 3400 2547 3470 οὐχ
2577 3399 2652 3463 ὡς
2672 3400 2905 3470 νόμιμον
2933 3413 2947 3426 '
2981 3399 3122 3468 πλὴν
3153 3400 3311 3453 τοῦτο
3345 3400 3426 3454 δεῖ
3458 3418 3831 3472 καταχρηστιο

2237 3493 2348 3557 κῶς
2378 3503 2407 3545 1
2439 3494 2634 3558 εἰπεῖν,
2665 3491 2747 3546 ὅτι
2781 3492 2904 3546 οὐδὲ
2939 3491 3007 3546 τὰ
3049 3493 3149 3563 τῆς
3202 3492 3534 3564 Ἐκκλησίας
3571 3493 3668 3566 ἔθη
3713 3495 3824 3566 χρὴ

2238 3585 2708 3656 παραχαράττειν.

2316 3696 2333 3730 ι
2385 3676 2781 3746 Ἐξανέστησαν
2814 3674 2872 3729 δέ
2915 3692 3060 3740 τινες
3101 3675 3210 3729 τῶν
3247 3675 3359 3728 ἀπὸ
3408 3675 3510 3745 τῆς
3555 3675 3826 3745 αἱρέσεως

2235 3769 2344 3822 τῶν
2391 3767 2704 3840 Φαρισαίων
2756 3767 3222 3831 πεπιστευκότες,
3273 3767 3564 3836 λέγοντες,
3614 3769 3696 3820 ὅτι
3744 3767 3827 3820 δεῖ

2238 3861 2592 3931 περιτέμνειν
2637 3859 2876 3928 αὐτοὺς,
2921 3859 3330 3931 παραγγέλλειν
3380 3877 3440 3913 τε
3491 3863 3681 3931 τηρεῖν
3729 3862 3825 3913 τὶν

2237 3953 2400 4024 νόμον
2427 3951 2710 4016 Μωῦσέως
2731 3992 2744 4006 .
2778 3970 2797 4004 s

2309 4045 2422 4115 υύχ
2465 4045 2514 4098 oi
2543 4045 2652 4098 ἀπὸ
2689 4043 2861 4100 ἐθνῶν
2907 4045 3128 4111 πιστοὶ,
3167 4045 3283 4101 ἀλλ’
3313 4048 3360 4100 οἱ
3389 4046 3496 4100 ἀπὸ
3551 4045 3828 4100 Ἰουδαίων

2237 4138 2478 4210 ἀπῄτουν
2515 4138 2641 4201 τοὺς
2677 4137 2905 4202 πιστοὺς
2942 4137 3410 4211 περιτέμνεσθαι,
3445 4139 3537 4192 καὶ
3570 4137 3639 4192 τά
3685 4137 3827 4191 ἀλλα

2236 4229 2331 4284 τοῦ
2359 4232 2526 4302 νόμου
2565 4229 2807 4300 σαρκικὰ
2837 4231 3012 4283 ποιεῖν
3031 4245 3046 4260 ⁸
3079 4229 3195 4297 οὓς,
3219 4229 3294 4296 ὡς
3321 4229 3403 4284 ἐτι
3435 4231 3504 4284 τὰ
3527 4228 3623 4283 τοῦ
3652 4230 3823 4299 νόμου

2236 4323 2330 4376 τοῦ
2378 4322 2610 4376 παλαιοῦ
2658 4321 3028 4394 φρονοῦντας,
3075 4321 3172 4376 καὶ
3217 4324 3299 4386 εἰς
3354 4322 3489 4376 ίδίαν
3545 4320 3825 4391 καύχησιν

2239 4415 2493 4479 θέλοντας
2535 4418 2854 4488 περιτεμεῖν
2883 4416 3010 4480 τοὺς
3047 4416 3308 4480 πιστοὺς,
3357 4415 3456 4468 οὐκ
3491 4413 3826 4480 ἀπεδέξαντο

557 4512 622 4562 de
673 4506 1086 4563 circumcisione
1142 4504 1377 4572 fuerint,
1433 4522 1539 4559 non
1597 4509 2129 4573 olttempermerunt,

2239 4511 2286 4561 οἱ
2314 4507 2557 4580 μαθηταί
2579 4526 2592 4539 ο
2624 4509 2804 4562 καίτοι
2828 4508 2922 4562 καὶ
2951 4508 3107 4562 αὐτοὶ
3136 4510 3200 4562 ἐκ
3229 4507 3528 4578 περιτομῆς
3554 4506 3735 4568 ὅντες·
3758 4505 3824 4558 ού

554 4601 680 4672 quia
711 4598 940 4672 prOpriae
973 4598 1236 4651 voluntati
1268 4597 1488 4651 minime
1521 4598 1892 4668 indulgebant,
1921 4600 2013 4652 sed
2054 4611 2133 4649 to-

2239 4601 2345 4672 γάρ
2385 4601 2445 4654 τὸ
2496 4601 2626 4655 ἴδιον
2670 4601 2882 4672 Θέλημα
2917 4601 3144 4672 ἐζήτουν
3175 4601 3405 4672 στῆσαι,
3437 4600 3574 4653 ἀλλὰ
3613 4601 3677 4651 τό
3710 4615 3826 4651 κοι-

558 4695 664 4746 tius
705 4690 888 4744 mundi
941 4690 1140 4744 bonum
1174 4689 1513 4759 quaerebant.
1552 4687 1855 4745 Notandum
1893 4705 2018 4744 vero
2052 4699 2136 4745 est

2239 4692 2476 4761 νωερελὲς
2527 4692 2620 4745 τοῦ
2665 4694 2891 4765 κόσμου.
2944 4693 3292 4765 Σημειωτέον
3330 4692 3389 4747 δὲ
3424 4694 3507 4747 ὅτι
3551 4693 3827 4761 αἱρετικοὶ

557 4783 858 4837 l’barismos
913 4781 1081 4836 fuisse
1154 4782 1460 4846 ltmreticos,
1496 4791 1552 4836 et
1587 4797 1681 4836 eos
1707 4781 1795 4849 qui
1851 4796 1954 4834 non
1992 4791 2136 4836 recte

2239 4781 2378 4858 ἦσαν
2402 4787 2452 4840 οί
2484 4787 2802 4858 Φαρισαῖοι·
2842 4788 2938 4841 καὶ
2967 4788 3051 4841 ὅτι
3081 4787 3142 4840 τὸ
3167 4785 3275 4840 τῶν
3302 4785 3593 4857 αἱρετικῶν
3623 4784 3821 4855 ὄνομα,

556 4874 863 4930 sentiebant
885 4875 1059 4931 dictos
1089 4874 1278 4940 fuisse,
1319 4875 1485 4929 etiam
1515 4884 1642 4928 ante
1683 4873 1962 4928 Christum
1985 4913 1998 4933 ,
2029 4874 2138 4927 Inc-

559 4965 780 5020 reticos.

629 5057 793 5113 Vens.
827 5058 880 5112 6.
921 5076 941 5110 ι
981 5056 1479 5129 Conveneruntque
1515 5058 1746 5128 apostoli
1804 5067 1860 5112 et
1893 5057 2139 5112 seniores

559 5152 742 5205 videre
761 5150 827 5205 de
855 5149 1022 5205 verbo
1049 5150 1168 5206 hoc.
1195 5168 1213 5202 ι

630 5247 768 5303 Hinc
799 5247 962 5303 etiam
1009 5248 1385 5318 conjecturare
1407 5245 1531 5300 licet
1564 5243 1853 5316 quamdam
1881 5245 2140 5314 apostolis

563 5339 726 5395 fuisse
753 5341 1090 5411 dignitatem,
1117 5340 1558 5411 presbyterorum
1583 5336 1844 5406 dignitate
1876 5340 2134 5407 praestan-

567 5433 754 5486 tiorem
779 5447 796 5497 ;
824 5446 889 5485 eo
921 5431 1066 5501 quod
1103 5448 1207 5486 non
1253 5429 1527 5484 communi
1582 5429 1801 5484 nomine
1833 5445 1957 5483 cum
2009 5432 2138 5500 ipsis

552 5522 934 5594 designantur.

640 5683 663 5710 °
695 5673 829 5729 Cod.
859 5671 1028 5727 Coisl.
1053 5669 1478 5726 ἀκατάπαυστον
1499 5689 1515 5704 ο
1539 5671 1816 5744 gratiosa-:3;
1848 5673 1944 5725 ἐπὶ
1970 5671 2134 5744 λύπῃ.

2240 4879 2336 4933 καὶ
2366 4879 2471 4950 πρὸ
2505 4879 2616 4933 τῶν
2645 4879 3013 4952 Χριστιανῶν,
3048 4881 3160 4944 τοῖς
3195 4879 3296 4932 οὐκ
3322 4877 3498 4951 ὀρθῶς
3531 4877 3826 4949 φρονοῦσιν

2239 4972 2543 5028 ἐπετίθετο.

2318 5083 2334 5116 ι
2372 5063 2728 5136 Συνήχθησαν
2762 5064 2818 5117 δὲ
2849 5064 2897 5117 οί
2927 5063 3216 5117 ἀπόστολοι
3248 5063 3344 5117 καὶ
3381 5064 3428 5116 οί
3459 5062 3826 5136 πρεσϐύτεροι

2245 5155 2372 5211 ίδεῖν
2395 5142 2536 5228 περὶ
2565 5156 2658 5211 τοῦ
2687 5156 2849 5226 λόγου
2879 5157 3092 5212 τούτου.
3128 5175 3148 5208 ι

2314 5248 2486 5303 Πάλιν
2535 5251 2632 5304 καὶ
2665 5250 2818 5304 ἐνθεν
2850 5249 3352 5322 ἐπιστοχάσασθαι,
3389 5250 3472 5302 ὅτι
3501 5246 3668 5316 ἄλλην
3703 5246 3828 5300 τινα

2245 5341 2402 5406 ἀξίαν
2435 5342 2909 5396 ἐπαναϐαίνουσαν
2941 5343 3068 5405 τοὺς
3093 5341 3501 5413 πρεσϐυτέρους
3530 5335 3675 5408 εἶχον
3703 5340 3822 5392 οίει⁹

2245 5434 2531 5488 ἀπόστολοι
2549 5452 2561 5465 ·
2578 5436 2658 5489 διὸ
2679 5437 2741 5491 οὐ
2769 5421 3206 5508 ωμπεριέλαϐον
3228 5436 3425 5497 αὐτοὺς
3448 5436 3558 5498 τοῖς
3583 5432 3820 5505 πρεσϐυο

2244 5523 2425 5596 τέροις
2453 5527 2616 5597 κοινῷ
2647 5527 2872 5598 ὀνόματι
2903 5527 3112 5592 πάντας
3154 5528 3418 5598 σημᾶναι.

2240 5686 2267 5727 Ρ
2293 5677 2428 5754 Cod.
2457 5676 2624 5754 Coisl.
2668 5679 3044 5754 πιθανότερον.
3079 5734 3088 5742 ,
3157 5690 3186 5732 ει
3213 5681 3344 5737 Cod.
3380 5682 3822 5754 καταχριστικῶς

562 5746 696 5802 Cod.
719 5744 884 5800 Coisl.
927 5744 1383 5814 καταχρηστικόν.
1460 5747 1510 5793 ει·
1538 5741 1711 5800 Verba
1746 5739 1888 5816 εἶχον
1912 5745 1962 5797 οί
1998 5739 2118 5800 ’Δπζ

2239 5763 2316 5817 1⁸³0
2345 5750 2408 5801 ³⁴¹
2439 5749 2832 5822 πρεσϐυτέροις
2871 5739 3045 5823 δυἰιιιι.
3079 5739 3192 5808 rec.
3232 5771 3302 5809 In.
3332 5771 3381 5807 ιιι
3433 5739 3602 5822 utar}.
