4130 6576
322 493 457 558 ιὸὶθ

398 628 416 659 ι
466 607 672 681 Πολλῆς
706 609 763 664 δὲ
800 611 1079 682 ζητήσεως
1117 612 1436 684 γενομένης.
1479 632 1496 664 ι

392 702 514 753 Ὅτι
560 701 685 764 τοὺς
737 707 865 774 περὶ
919 703 1207 774 δογμάτων
1259 706 1451 774 λόγους
1509 722 1648 774 μετα
1695 705 1897 776 πολλῆς

318 793 599 863 ζητήσεως
632 792 912 870 ἐποιοῦντο
947 797 994 848 0i
1037 795 1202 850 πάλαι
1235 797 1446 862 πιστοὶ,
1482 796 1575 848 καὶ
1607 793 1743 865 μετὰ
1771 794 1899 847 πολ-

316 885 412 953 λῆς
442 885 677 954 σπουδῆς
698 901 712 915 ο
744 886 837 938 καὶ
868 886 949 938 ὅτι
972 887 1225 964 τοσοῦτον
1249 883 1318 958 ἦν
1345 889 1526 951 αὐτοῖς
1548 887 1898 958 ὠφεληθῆναι

313 977 402 1029 διὰ
440 976 610 1043 λόγων
633 987 677 1040 τ,
722 977 803 1030 ὅτι
837 978 935 1030 οὐκ
965 976 1300 1049 ἀπώκνησαν
1337 981 1385 1032 οἱ
1419 978 1526 1031 ἀπὸ
1567 978 1899 1049 Ἀντιοχείας

317 1067 534 1137 πέμψαι
565 1069 643 1131 είς
687 1068 1048 1139 Ἰερουσαλὴμ
1079 1071 1173 1124 και)⁸
1201 1072 1479 1142 ἐρωτῆσαι
1524 1071 1586 1124 τὸ
1613 1055 1901 1142 ¹ἀμφιϐαλ-

315 1161 541 1230 λόμενον
575 1175 588 1190 ·
642 1161 817 1214 καίτοι
866 1163 941 1234 μὴ
973 1163 1348 1234 πρωτοτύπως
1396 1165 1528 1236 περὶ
1569 1163 1822 1237 θεότητος
1865 1163 1899 1235 ἢ

316 1253 415 1323 τῆς
453 1243 548 1308 τοῦ
582 1254 710 1308 Υἱοῦ
746 1256 1100 1326 οἰκονομικῆς
1129 1266 1150 1294 ⁸
1201 1255 1533 1328 σαρκώσεως
1573 1257 1606 1328 ἢ
1649 1259 1776 1329 περὶ
1806 1256 1900 1310 τοῦ

318 1346 650 1417 Πνεῦματος,
671 1347 703 1418 ἢ
731 1343 1049 1418 ἀῨγέλων,ἤ
1075 1348 1333 1419 ἀρχῶν,ἢ
1358 1349 1612 1422 οὐρανοῦ,
1636 1349 1670 1419 ἢ
1695 1348 1854 1403 ἄλλου
1881 1351 1895 1385 ⁸

314 1439 559 1493 τοιούτου
631 1440 962 1512 ζητηθέντος
986 1453 1033 1505 υ,
1082 1441 1219 1494 ἀλλὰ
1296 1443 1636 1514 περιτομῆς,
1703 1443 1901 1512 μέρους

317 1529 604 1600 ἐλαχίστου
639 1529 749 1583 τῶν
795 1531 1122 1601 ἀσχημόνων
1155 1531 1248 1584 τοῦ
1283 1533 1534 1602 σώματος
1565 1535 1660 1587 τοῦ
1688 1533 1899 1604 ἀνθρώ-

317 1637 421 1674 που
444 1637 458 1651 ο
487 1622 708 1693 ᾔδεισαν
733 1624 841 1694 γὰρ
865 1624 946 1676 ὄτι
975 1623 1114 1676 liora
1137 1622 1206 1677 ἒν
1232 1626 1268 1692 ἢ
1299 1625 1408 1694 μία
1436 1626 1641 1694 κεραμέα
1665 1625 1771 1680 τοῦ
1799 1628 1900 1679 νό-

310 1729 430 1780 μου
517 1715 895 1784 πνευματικῆς
963 1715 1161 1784 ἔγεμεν
1220 1715 1352 1787 (sic)
1416 1717 1741 1787 ἐμφάσεωςσ
1806 1717 1902 1770 καὶ

316 1801 618 1855 ὲδειλίαοαν
660 1805 710 1856 oi
767 1805 825 1857 ὲν
887 1806 1188 1876 Ἀντιοχείᾳ
1244 1807 1486 1878 μαθηταὶ
1519 1807 1850 1878 αὑθεντῆσαι
1885 1822 1898 1836 ’

317 1891 454 1945 ἀλλὰ
489 1892 743 1946 τοσοῦτον
774 1893 1087 1965 ἐφρόντιζον
1118 1897 1212 1949 καὶ
1249 1895 1356 1950 τῶν
1396 1895 1696 1950 δοκούντων
1730 1896 1902 1966 ψιλῶν

1229 499 1690 560 FRAGMENTA
1739 497 1820 559 IN
1863 501 2049 560 ACTA
2086 501 2669 563 APOSTOLORUM.

1926 623 1971 677 Α
2085 613 2249 670 Vsus.
2275 615 2326 670 7.
2361 635 2378 667 ι
2405 614 2540 670 Cum
2572 623 2750 669 autem
2785 628 2977 685 magna
3001 612 3325 685 conquisitio
3346 612 3522 668 ﬁeret.
3551 633 3569 666 ι

3441 476 3576 565 ιἐιδο

2071 705 2274 776 Nempe
2310 721 2433 760 cum
2468 720 2664 776 magna
2687 705 3088 776 conquisitione
3115 712 3170 761 et
3215 720 3409 776 magna
3449 706 3573 761 dilio

2001 798 2178 867 gentia
2217 799 2283 853 de
2306 797 2651 869 dogmatibus
2693 797 3060 853 decernebant
3103 807 3321 854 veteres
3349 797 3574 864 ﬁdeles;

2003 891 2247 960 adeoque
2273 905 2369 945 sua
2393 890 2660 945 interesse
2685 888 3113 954 arbitrabantur,
3143 897 3201 944 ut
3233 904 3338 944 non
3369 889 3580 944 dubita-

2001 981 2178 1034 verint
2206 980 2525 1036 Antiocheni
2560 981 2780 1036 mittere
2801 981 2851 1035 in
2883 979 3180 1036 Jerusalem
3212 984 3278 1037 ad
3300 980 3580 1050 inquiren-

2000 1072 2129 1126 dum
2159 1071 2227 1126 de
2247 1071 2645 1140 controversis;
2669 1071 2916 1142 quamvis
2939 1086 3044 1125 non
3071 1071 3137 1128 de
3161 1071 3466 1135 divinitate,
3485 1081 3581 1125 aut

2003 1163 2068 1216 de
2105 1162 2227 1217 Filii
2262 1162 2661 1227 incarnatione,
2695 1170 2788 1216 aut
2814 1163 2880 1216 de
2914 1161 3122 1232 Spiritu
3163 1171 3373 1229 sancto,
3400 1168 3493 1216 aut
3513 1162 3582 1216 de

2003 1253 2230 1324 angelis,
2262 1263 2352 1307 aut
2393 1253 2459 1308 de
2505 1252 2917 1324 principatibus,
2972 1263 3063 1306 aut
3093 1254 3158 1308 de
3201 1253 3363 1317 c0310,
3393 1262 3487 1306 aut
3512 1253 3582 1306 de

2003 1343 2307 1411 huiusmodi
2333 1355 2478 1399 esset
2505 1343 2910 1412 inquirendum,
2935 1345 3028 1399 sed
3052 1343 3118 1398 de
3145 1343 3581 1406 circumcisione,

2003 1433 2054 1485 id
2089 1441 2194 1497 est,
2236 1432 2304 1487 de
2333 1425 2554 1486 minima
2596 1440 2752 1504 parte
2794 1433 3168 1502 pudendorum
3204 1432 3453 1502 corporis
3483 1432 3585 1487 htt-

2005 1525 2177 1592 mani;
2233 1539 2340 1579 non
2388 1525 2533 1578 enim
2579 1539 2673 1580 eos
2716 1524 2917 1580 latebat
2949 1526 3063 1579 iota
3100 1540 3264 1578 unum
3290 1537 3382 1579 aut
3416 1541 3581 1580 unum

2001 1616 2130 1685 legis
2171 1619 2367 1685 apicem
2412 1616 2582 1672 multo
2639 1616 2909 1688 spirituali
2961 1632 3123 1673 sensu
3153 1632 3273 1673 esse
3301 1617 3581 1674 refertum.

2003 1707 2313 1763 Metuebant
2359 1709 2684 1764 Antiocheni
2725 1710 2976 1780 discipuli
3014 1721 3220 1768 temere
3269 1727 3330 1766 se
3354 1726 3582 1782 gerere;

2003 1800 2189 1870 sicque
2221 1800 2289 1856 de
2335 1799 2532 1869 dubiis,
2559 1802 2721 1857 etiam
2756 1802 2823 1857 iis
2867 1817 2988 1873 quae
3033 1805 3257 1858 minima
3285 1819 3408 1860 esse
3431 1805 3589 1860 vide-
3671 1875 3680 1884 _

2005 1895 2224 1960 bantur,
2263 1893 2496 1949 sollicite
2532 1895 2796 1949 curabant
2832 1906 2889 1949 ut
2923 1896 2991 1950 ab
3019 1896 3306 1952 Antiochia
3332 1896 3586 1953 Hieroso-

315 1977 456 2036 εἶναι
501 1985 866 2055 ζητημάτων,
895 1987 976 2039 ὅτι
1019 1985 1082 2058 δὴ
1107 1996 1129 2022 '
1169 1988 1219 2041 οἱ
1262 1988 1359 2058 μὲν
1406 1987 1514 2042 ἀπὸ
1572 1989 1898 2058 Ἀντιοχείας

2007 1987 2202 2060 lymam
2235 1986 2484 2042 miserint
2511 1985 2813 2040 Barnabam
2845 1996 2900 2040 et
2941 1987 3168 2042 Paulum
3202 1989 3270 2043 ad
3305 1989 3586 2059 inquiren-

315 2075 646 2129 ἀπέστειλαν
701 2077 989 2148 Βαρνάϐαν
1046 2081 1141 2132 καὶ
1198 2079 1413 2133 Παῦλον
1473 2081 1899 2152 ὲρωτήσοντας¹

315 2171 443 2232 τοὺς
470 2171 527 2222 ἐν
561 2169 957 2242 Ἱεροσολύμοις
982 2187 996 2202 ο
1029 2171 1077 2224 οἱ
1107 2171 1163 2228 δὲ
1187 2171 1296 2224 ἀπὸ
1336 2170 1692 2243 Ἰερουσαλὴμ
1723 2172 1902 2242 μαθη-

315 2265 407 2316 ταὶ
442 2264 567 2326 τοὺς
596 2265 726 2335 περὶ
775 2263 976 2317 Ἰούδαν
1015 2263 1111 2316 καὶ
1153 2261 1313 2318 Σίλαν
1341 2263 1592 2334 ἔπεμψαν
1627 2262 1768 2332 μετὰ
1793 2261 1901 2315 τῶν

318 2355 466 2406 ἰδίων
491 2357 837 2426 γραμμάτων
857 2357 935 2419 είς
977 2354 1329 2427 Ἀντιόχειαν.

393 2489 410 2520 ι
450 2469 560 2522 Καὶ
591 2469 742 2522 οὐδὲν
764 2469 1001 2540 διέκρινε
1037 2468 1245 2538 μεταξὺ
1271 2469 1430 2540 ἡμῶν
1456 2487 1516 2522 τε
1548 2471 1642 2524 καὶ
1681 2469 1859 2523 αὐτῶν
1883 2511 1898 2535 ,

316 2563 382 2633 τῇ
411 2561 587 2614 πίστει
625 2561 932 2631 καθαρίσας
967 2562 1067 2624 τὰς
1099 2561 1325 2632 καρδίας
1357 2561 1559 2617 αὐτῶν.
1612 2581 1631 2614 ι

388 2651 648 2721 Οὐδεμία,
677 2652 831 2721 φησὶ,
855 2650 1091 2720 διαφορὰ
1120 2651 1328 2704 πιστῶν
1352 2667 1364 2680 ·
1393 2651 1502 2704 εἴτε
1544 2651 1786 2705 Ἰουδαῖοί
1821 2653 1899 2704 εί-

320 2761 426 2807 σιν,
466 2743 576 2797 εἴτε
609 2742 891 2813 Ἕλληνες,
925 2743 1060 2797 ὃπου
1098 2745 1130 2813 ὴ
1171 2742 1354 2806 πίστις
1388 2743 1732 2814 καθαρισμὸν
1761 2747 1902 2798 ποιεί

317 2832 426 2886 τῶν
464 2831 752 2904 ἁμαρτιῶν
787 2833 896 2886 τῶν
929 2830 1038 2885 ἀπὸ
1081 2832 1182 2902 τῆς
1215 2832 1444 2903 καρδίας
1484 2832 1758 2896 ἐξιόντων.
1794 2827 1900 2887 0'5-
1931 2861 1936 2864 -

260 2931 269 2942 '
317 2941 408 2984 τος
434 2924 489 2978 δὲ
517 2927 545 2978 6
571 2925 914 2995 καθαρισμδς
939 2925 1086 2979 ἔοικε
1111 2928 1384 2997 περιτομῇ
1406 2941 1418 2954 ·
1449 2927 1541 2980 καὶ⁵
1567 2927 1688 2979 ἀντὶ
1714 2926 1812 2997 τῆς
1841 2927 1900 2982 ὲν

321 3017 484 3089 σαρκὶ
515 3018 821 3089 περιτομῆς
853 3017 1054 3071 δίδοται
1087 3019 1121 3089 ἠ
1166 3020 1224 3072 ὲν
1271 3017 1554 3090 Πνεύματι
1601 3021 1896 3091 περιτομὴ,

318 3108 690 3180 καθαρίζουσα
723 3113 788 3180 τῇ
823 3109 1002 3163 πίστει
1033 3111 1102 3180 τῇ
1146 3111 1227 3174 είς
1271 3110 1511 3181 Χριστὸν
1540 3111 1607 3166 τὰ
1646 3112 1896 3184 κρυπτά·

319 3200 460 3255 οὕτω
496 3203 552 3256 δὲ
593 3203 695 3256 οὐκ
735 3197 803 3273 ἦν
853 3201 1187 3272 κοινωφελὴς
1234 3203 1267 3272 ἡ
1307 3204 1541 3273 σαρκικὴ
1593 3203 1898 3275 περιτομὴ,

2003 2079 2163 2144 dum;
2192 2077 2439 2149 discipuli
2467 2087 2646 2132 autem
2674 2078 2764 2147 qui
2797 2087 2955 2132 erant
2985 2079 3037 2134 in
3063 2078 3362 2136 Jerusalem
3385 2079 3583 2138 .ludam

2002 2179 2058 2226 et
2091 2169 2261 2225 Silam
2283 2184 2402 2226 cum
2433 2171 2548 2225 suis
2577 2170 2780 2226 litteris
2828 2170 3173 2228 Antiochiam
3212 2175 3545 2232 remiseriut.

2083 2463 2250 2520 νεεδ.
2278 2466 2332 2521 9.
2371 2484 2388 2517 ι
2425 2463 2495 2519 Ει
2541 2465 2674 2519 nihil
2719 2466 2976 2521 discrevit
3033 2466 3176 2522 inter
3208 2479 3308 2522 nos
3355 2473 3411 2522 et
3439 2465 3579 2534 illos,

2009 2559 2114 2615 ﬁde
2143 2560 2432 2628 puriﬁcans
2461 2560 2626 2614 corda
2650 2573 2858 2614 eorum.
2896 2578 2914 2612 ι

2077 2650 2257 2718 Nulla,
2306 2652 2507 2722 inquit,
2542 2651 2782 2708 ﬁdelium
2812 2651 3098 2718 discretio,
3129 2651 3246 2708 sive
3273 2651 3442 2707 Judaei
3473 2651 3585 2708 sint

2003 2745 2117 2799 sive
2145 2741 2344 2807 στερεῖ,
2377 2756 2500 2797 cum
2536 2742 2670 2797 ﬁdes
2697 2751 2917 2813 peccata
2942 2759 3008 2798 ex
3031 2740 3290 2797 cordibus
3328 2741 3584 2796 exeuntia

2003 2836 2272 2908 puriﬁcet.
2297 2834 2427 2902 Quae
2449 2834 2759 2904 puriﬁcatio
2785 2834 3190 2891 circumcisioni
3218 2833 3414 2890 similis
3432 2844 3584 2900 erat;

2002 2929 2096 2984 sed
2141 2944 2240 2999 pro
2290 2928 2496 2983 carnali
2557 2927 2996 2994 circumcisione,
3035 2927 3198 2982 datur
3235 2927 3584 2983 circumcisio

2000 3017 2299 3090 spiritualis
2323 3017 2537 3073 occulta
2573 3029 2797 3087 peccata
2838 3018 2942 3074 ﬁde
2987 3019 3040 3073 in
3079 3018 3358 3073 Christum
3397 3018 3586 3087 puriﬁ-

2000 3128 2151 3168 cans.
2190 3111 2306 3166 Non
2339 3119 2518 3166 autem
2554 3109 2808 3166 omnibus
2835 3109 2984 3164 utilis
3026 3119 3146 3165 erat
3192 3109 3430 3166 carnalis
3467 3110 3584 3166 eir-

2002 3205 2263 3261 cumcisio
2286 3244 2301 3269 ,
2343 3219 2464 3275 quae
2494 3203 2625 3260 solis
2663 3203 2922 3260 masculis
2969 3205 3192 3259 daretur
3227 3219 3243 3258 :
3280 3219 3424 3259 nunc
3452 3219 3584 3260 vero

317 3293 400 3344 ὅτι
433 3292 581 3362 μόνῳ
614 3291 689 3360 τῷ
731 3292 922 3362 άρρενι
951 3291 1109 3363 ἐδόθη
1134 3308 1148 3323 ο
1187 3294 1339 3346 οὐδὲν
1381 3294 1436 3346 δὲ
1473 3291 1584 3346 τῶν
1634 3294 1898 3366 ἀληθινῶν

2008 3297 2186 3352 nullus
2214 3296 2543 3362 excluditur,
2588 3311 2712 3350 nam
2747 3297 2798 3350 in
2831 3311 2957 3350 vera
2995 3295 3098 3350 ﬁde
3128 3312 3233 3351 non
3262 3307 3346 3353 est
3368 3313 3584 3353 mascu-

319 3384 626 3456 προσώπων
661 3384 1044 3437 συστέλλεταιο
1079 3385 1139 3438 ἐν
1176 3385 1284 3456 γὰρ
1311 3389 1376 3456 τῇ
1412 3384 1691 3458 ἀληθ[ιν]ῇ
1723 3387 1902 3440 πίστει

317 3477 420 3530 οὐκ
469 3476 549 3528 ενι
581 3477 749 3547 ἄρρεν
789 3477 884 3529 καὶ
931 3476 1065 3547 θῆλυ
1089 3493 1101 3507 ο
1133 3477 1232 3531 οὐκ
1269 3477 1348 3530 ἔνι
1380 3477 1580 3549 Ἕλλην
1621 3478 1654 3550 ἢ
1685 3478 1902 3550 Βαρϐα-

309 3552 410 3639 ’ρος
431 3576 487 3615 7-
523 3567 656 3622 ἀλλὰ
688 3569 888 3632 πάντες
913 3568 974 3622 ἓν
999 3572 1186 3642 ἐσμεν.

396 3701 414 3733 ι
458 3681 572 3737 Νῦν
597 3679 690 3738 οὖν
719 3684 771 3736 τί
803 3684 1096 3756 πειράζετε
1128 3685 1218 3738 τὸν
1248 3685 1402 3753 Θεὸν,
1436 3686 1704 3742 ἐπιθεῖναι
1735 3688 1900 3758 ζυγὸν

319 3775 418 3828 ἐπὶ
443 3775 535 3829 τὸν
564 3775 838 3845 τράχηλον
865 3776 972 3829 τῶν
1007 3776 1286 3847 μαθητῶν.
1324 3796 1342 3829 ι

391 3863 598 3919 Οὐκοῦν
624 3867 672 3918 εί
704 3866 867 3934 ζυγὸς
887 3867 916 3918 ό
939 3867 1123 3936 νόμος,
1158 3867 1240 3919 δεῖ
1271 3867 1348 3938 τῷ
1383 3870 1639 3942 προφήτῃ
1669 3870 1899 3943 πειθαρ-

322 3961 434 4026 χεῖν
473 3957 682 4027 λέγοντι
714 3974 725 3986 ·
759 3959 1202 4027 Ἀπορῤίψωμεν
1228 3959 1328 4028 ἀφ’
1359 3959 1528 4028 ἡμῶν
1567 3963 1676 4015 τὸν
1724 3962 1900 4032 ζυγὸν

319 4049 520 4102 αὐτῶν
547 4068 561 4081 ·
594 4054 662 4103 τὰ
693 4051 935 4122 σαρκικὰ
966 4050 1064 4104 τοῦ
1104 4053 1267 4122 νόμου
1297 4051 1470 4120 λέγων
1505 4055 1655 4124 ἡμᾶς
1678 4056 1897 4109 ἀποσεί-

322 4143 520 4198 σασθαι
542 4184 555 4207 ,
594 4144 844 4198 τουτέστι
867 4143 961 4196 τοῦ
987 4145 1279 4214 φυλάττειν
1297 4144 1388 4198 τὸν
1411 4146 1572 4217 νόμον
1599 4147 1895 4216 Μωῦσέως,

319 4233 456 4304 ὅπερ
494 4229 562 4304 ἦν
599 4234 1053 4304 δυσχερέστατον.
1091 4234 1334 4305 Δύναμις
1377 4222 1484 4308 γὰρ
1521 4230 1760 4310 ὑπάρχει
1797 4240 1899 4310 τῆς

319 4325 636 4394 ἁμαρτίας,
672 4325 817 4378 καθά
867 4342 1030 4398 φησιν
1077 4329 1104 4379 6
1149 4326 1437 4389 θεσπέσιος
1481 4327 1710 4390 Παῦλος
1747 4329 1898 4398 λέγει

320 4417 429 4487 γὰρ
459 4418 517 4468 ὲν
546 4417 613 4486 τῇ
648 4416 783 4487 πρὸς
810 4417 1129 4488 Κορινθίους
1168 4417 1483 4489 Ἐπιστολῇ·
1524 4420 1595 4472 Τὸ
1623 4421 1734 4488 γὰρ
1763 4419 1897 4474 κέν-

318 4524 460 4576 ερον
496 4508 601 4563 τοῦ
631 4508 890 4563 θανάτου
934 4511 972 4578 ἡ
1011 4509 1266 4580 ἁμαρτία
1285 4526 1299 4541 °
1340 4513 1378 4579 ἡ
1409 4512 1476 4564 δὲ
1505 4511 1758 4582 δύναμις
1786 4511 1898 4580 τῆς

319 4600 608 4668 ἁμαρτίας
637 4604 670 4653 ό
692 4603 895 4669 νόμος.
922 4602 1030 4655 Καὶ
1053 4603 1210 4656 τοῦτο
1233 4603 1293 4656 τὸ
1318 4603 1516 4675 χωρίον
1531 4593 1896 4675 ἐξηγούμενος

2007 3386 2088 3441 lus
2122 3401 2298 3454 neque
2342 3387 2540 3440 femina
2569 3425 2586 3450 ,
2639 3402 2746 3440 non
2778 3394 2859 3442 est
2885 3384 3107 3442 Graecus
3161 3402 3261 3442 nec
3292 3386 3578 3450 Barbarus.

2003 3477 2098 3532 sed
2118 3489 2309 3532 omnes
2337 3492 2502 3531 unum
2533 3491 2741 3530 sumus.

2072 3674 2235 3731 Vnus.
2272 3675 2358 3729 l0.
2419 3694 2438 3727 ι
2478 3675 2629 3730 Nunc
2663 3690 2791 3746 ergo
2841 3675 2969 3746 quid
3015 3676 3237 3732 tentatis
3265 3677 3451 3742 Deum,
3479 3677 3582 3732 im-

2001 3767 2402 3839 pouerejugum
2426 3782 2591 3838 super
2615 3769 2856 3824 cervices
2890 3767 3310 3838 discipulorum?
3343 3786 3362 3821 ι

2073 3861 2228 3928 Quod
2253 3863 2298 3916 si
2315 3865 2503 3932 jugum
2523 3860 2631 3926 lex,
2656 3861 2934 3931 prophetae
2957 3861 3315 3918 obedientium
3343 3863 3578 3918 dicenti:

2002 3952 2360 4022 Projiciamus
2391 3969 2424 4006 α
2455 3954 2602 4008 nobis
2623 3953 2813 4024 jugum
2839 3955 3074 4022 ipsorum
3097 3954 3154 4020 ¹;
3181 3953 3378 4026 quibus
3401 3957 3581 4011 verbis

2001 4060 2100 4100 nos
2135 4055 2320 4101 monet
2372 4054 2433 4100 ut
2478 4045 2720 4101 carnalia
2763 4045 2900 4116 legis
2943 4060 2973 4100 a
3016 4046 3172 4102 nobis
3206 4045 3578 4117 projiciamus.

2001 4137 2053 4194 id
2083 4148 2185 4203 est,
2225 4138 2360 4208 legis
2391 4137 2642 4194 Mosaicai
2675 4137 3074 4192 observantiam
3115 4138 3233 4210 plus
3256 4153 3410 4209 atquo
3444 4138 3581 4194 diﬁi-

2001 4230 2180 4287 cilem.
2213 4228 2401 4286 Virtus
2434 4230 2580 4285 enim
2606 4231 2816 4302 peccati
2843 4238 2950 4295 est,
2989 4240 3047 4285 ut
3077 4231 3155 4285 ait
3187 4231 3407 4287 divinus
3438 4231 3576 4286 Pan-

1999 4325 2084 4378 lus
2135 4323 2201 4377 ad
2243 4321 2601 4378 Corinthios:
2658 4321 2916 4376 Stimula:
2943 4324 3125 4377 mortis
3173 4333 3444 4390 peccatum
3478 4333 3576 4392 est,

2000 4421 2162 4474 virtus
2195 4433 2312 4471 vero
2343 4416 2545 4486 peccati
2585 4414 2669 4470 lea:
2696 4415 2752 4481 ³;
2785 4429 2944 4486 quem
2985 4414 3162 4471 locum
3214 4416 3577 4485 interpretans

1999 4507 2376 4562 sanctissimus
2426 4505 2667 4560 Joannes
2699 4502 3332 4573 Constantinopolitanus
3366 4505 3576 4575 episco-

2001 4616 2098 4670 pus
2133 4617 2146 4653 :
2189 4617 2208 4651 ι
2246 4598 2548 4666 Quomodo,
2603 4597 2800 4667 inquit,
2842 4598 3007 4652 virtus
3036 4598 3239 4663 peccati
3289 4596 3420 4651 (ex?
3449 4599 3572 4666 quia

318 4693 346 4744 6
389 4692 695 4758 ἁγιώτατος
749 4693 998 4764 Ἰωάννης
1024 4696 1052 4748 6
1087 4696 1495 4749 Κωνσταντίνου
1538 4697 1747 4760 πόλεως
1780 4698 1892 4750 ἐπί-

2002 4695 2186 4748 mortis
2221 4694 2467 4748 stimulus
2529 4699 2823 4763 peccatum,
2857 4689 3140 4760 majorque
3188 4689 3240 4743 in
3297 4703 3362 4741 eo
3416 4691 3573 4742 morti

317 4798 518 4846 σκοπις
570 4781 710 4835 οὕτω
744 4783 909 4852 φησί’
950 4802 970 4835 ι
1013 4782 1143 4850 Πῶς
1173 4785 1426 4854 δύναμις
1465 4784 1574 4854 τῆς
1602 4788 1893 4856 ἁμαρτίας

316 4879 348 4929 ό
382 4877 607 4944 νόμος;
645 4895 662 4926 ι
702 4876 783 4928 ὅτι
820 4875 920 4945 μὲν
959 4877 1065 4948 γὰρ
1104 4879 1355 4946 κέντρον
1394 4879 1499 4934 τοῦ
1543 4882 1804 4935 θανάτου
1851 4883 1890 4949 ἡ

314 4963 590 5032 ἁμαρτία,
625 4964 720 5016 καὶ
746 4965 1136 5038 χαλεπωτέραν
1181 4969 1274 5021 καὶ
1317 4969 1374 5020 ἑν
1421 4969 1558 5040 αὐτῇ
1594 4971 1690 5041 τὴν
1740 4973 1890 5040 ἰσχὺν

313 5055 487 5118 οὕτως
524 5064 544 5092 ³
578 5054 724 5125 ἔχει,
765 5059 958 5126 δῆλον⁹
995 5060 1112 5124 πῶς
1133 5061 1188 5114 δὲ
1214 5061 1309 5114 κα)⁸
1342 5062 1544 5132 ταύτης
1595 5063 1824 5132 δύναμις
1863 5066 1890 5115 6
1920 5097 1923 5100 -

313 5147 474 5213 νόμος
498 5145 640 5209 ςὈτι
657 5148 825 5216 χωρὶς
844 5149 1009 5201 αὑτοῦ
1031 5150 1260 5223 ἀσθενὴς
1285 5150 1373 5224 ἦν,
1392 5154 1739 5226 πραττομένη
1764 5155 1886 5226 μὲν,

312 5236 373 5288 οὐ
405 5235 676 5306 δυναμένη
698 5237 755 5289 δὲ
786 5237 957 5302 οὓτως
988 5244 1346 5298 καταδικάσαι
1375 5262 1391 5276 ·
1427 5245 1487 5298 τὸ
1518 5244 1618 5315 μὲν
1646 5248 1753 5317 γὰρ
1786 5263 1886 5300 και

313 5327 408 5379 κὺν
437 5329 680 5396 ἐγίνετοσ
724 5328 914 5396 σαφῶς
947 5329 1004 5383 δὲ
1038 5332 1140 5385 οὐκ
1178 5334 1453 5388 ἐδείκνυτο
1493 5336 1664 5400 οὕτως
1687 5354 1700 5370 ο
1751 5339 1889 5392 ὥστε

310 5421 375 5473 οὐ
410 5420 604 5503 μικρὸν
637 5421 954 5492 εἰσήνεγκεν
997 5426 1024 5477 ό
1071 5426 1233 5496 νόμος
1261 5427 1322 5480 τὸ
1360 5429 1753 5504 καὶὶγνωρίσαι
1789 5431 1888 5499 τὴν

310 5512 588 5584 ἁμαρτίαν
631 5514 853 5585 μᾶλλον,
893 5516 991 5569 καὶ
1032 5519 1294 5573 ἐπιτεῖναι
1325 5522 1424 5591 τὴν
1455 5521 1697 5576 κόλασιν.
1736 5524 1795 5575 Εἰ
1830 5523 1883 5575 δὲ

377 5693 398 5723 ¹
434 5689 573 5748 Psal.
611 5708 671 5760 tt,
703 5694 757 5747 ὅ.
826 5691 846 5722 ³
878 5693 897 5745 l
925 5691 1056 5748 Cor.
1092 5709 1180 5758 xv,
1215 5693 1305 5748 56.

382 5859 404 5887 τ
436 5847 568 5922 Cod.
596 5850 658 5906 C.
702 5849 946 5922 διαλόγον
979 5851 1125 5922 (sic).

1208 5850 1322 5904 ιϐ.
1350 5849 1410 5906 C.
1442 5851 1889 5921 οίκονομιατκῆς.

304 5938 413 5975 om.
442 5919 528 5992 δή.
609 5932 631 5960 ⁸
660 5922 721 5977 C.
757 5920 816 5976 C.
845 5919 1235 5995 ἔρωτήσοντος.

1315 5931 1340 5970 Υ
1379 5921 1441 5977 C.
1475 5922 1535 5978 C.
1568 5923 1698 5993 θῆλυ
1726 5940 1737 5954 ·
1779 5924 1876 5976 οὐκ
1902 5924 1978 5977 ἔνι
2003 5923 2185 5985 δοῦλο;
2215 5926 2244 5996 ἢ
2280 5926 2586 5998 ἐλεύθερος.

1995 4785 2098 4849 vis,
2130 4784 2272 4853 quod
2295 4783 2518 4839 evidens
2539 4793 2656 4847 est;
2683 4782 2775 4836 sed
2800 4781 3072 4850 quomodo
3108 4780 3224 4850 ejus
3251 4781 3426 4834 virtus
3456 4779 3575 4835 lex?

1996 4877 2098 4931 nisi
2125 4877 2249 4946 quia
2285 4877 2401 4933 sine
2433 4877 2548 4946 lege
2577 4876 2854 4930 inﬁrmum
2895 4883 3039 4938 erat,
3083 4873 3431 4928 commissum
3455 4872 3574 4944 qui-

1994 4969 2140 5034 dem,
2171 4969 2263 5024 sed
2289 4984 2392 5022 non
2425 4967 2803 5037 dijudicatum.
2836 4965 3124 5022 Peccatum
3149 4966 3294 5021 enim
3323 4967 3576 5020 commit-

1994 5061 2227 5126 tebatur,
2252 5062 2344 5115 sed
2375 5076 2479 5114 non
2511 5061 2646 5115 satis
2673 5057 2962 5114 manifeste
2989 5057 3402 5124 declarabatur;
3429 5060 3572 5114 unde

1996 5170 2103 5209 non
2139 5154 2408 5209 modicum
2439 5150 2616 5208 effecit
2647 5151 2754 5218 lex,
2786 5160 3068 5220 peccatum
3099 5149 3443 5206 manifestius
3477 5151 3573 5204 de-

1997 5249 2274 5314 clarando,
2319 5260 2644 5318 patriamque
2675 5245 3000 5310 statuendo;
3038 5245 3132 5299 sed
3178 5245 3224 5298 si
3275 5241 3570 5313 reprimere

1992 5340 2198 5404 volens,
2230 5340 2360 5394 illud
2395 5338 2563 5409 magis
2606 5337 2825 5392 noxium
2867 5334 3078 5399 effecit,
3115 5334 3414 5405 culpandus
3461 5349 3566 5388 non

1991 5441 2075 5487 est
2098 5435 2362 5496 medicus,
2387 5431 2481 5487 sed
2509 5434 2552 5486 is
2579 5431 2666 5500 qui
2702 5429 2971 5484 medicina
3005 5427 3143 5483 male
3165 5427 3331 5482 utitur
3353 5442 3370 5491 ;
3394 5426 3568 5497 siqui-

1992 5525 2112 5580 dem
2138 5526 2248 5594 ipsa
2278 5525 2479 5578 Christi
2508 5522 2797 5592 praesentia
2831 5519 3047 5579 Judteos
3077 5519 3249 5592 magis
3279 5520 3562 5592 oneravit;

3358 5859 3388 5894 τ
3409 5848 3473 5910 C.
3496 5850 3563 5908 (ἰ.

2003 5852 2020 5887 ¹
2053 5853 2111 5906 (ἶ.
2143 5851 2201 5906 C.
2237 5854 2265 5906 ὕ
2301 5871 2444 5918 τινος
2497 5851 2682 5907 ἄλλον.
2775 5860 2802 5888 ι
2828 5852 2887 5906 (ἶ.
2927 5851 2985 5907 C.
3028 5851 3261 5922 430610;.

2003 5923 2185 5978 ὄοῦλοξ
2215 5926 2242 5978 ἦ
2280 5926 2586 5978 ἐλεύθερος.
2669 5933 2690 5960 ι
2727 5923 2786 5978 C.
2822 5924 2882 5978 (ὲ.
2909 5917 3082 5978 οὗτολ.

2669 5933 2690 5960 ι
2727 5923 2786 5978 C.
2822 5924 2882 5978 (ὲ.
2909 5923 3082 5986 οὗτολ.
