4130 6556
586 443 719 510 1551
1744 447 2075 509 ΛΜΜΟΝΙΙ
2112 449 2203 507 AL

2303 440 2641 505 LANDRINI
3710 419 3845 481 15:32

584 558 727 613 unde
762 565 944 613 tamen
978 570 1097 612 eam
1137 571 1242 612 non
1270 555 1555 626 culpamus
1576 598 1593 624 ,
1644 556 1815 626 magis
1844 564 2022 626 autem
2064 557 2162 611 mi-
2192 584 2203 614 λ

2303 553 2589 621 ουλόμενος
2640 544 2921 605 κωλῦσαι,
2972 537 3362 611 χαλεπωτέραν
3416 532 3715 599 ἐποίησεν,
3780 530 3841 579 οὐ

585 664 806 714 ramur;
834 662 931 704 eos
966 663 1097 703 vero
1140 647 1330 717 majori
1365 647 1490 702 odio
1520 625 1933 717 prosequemur,
1967 648 2059 717 qui
2087 663 2153 702 ex

2310 644 2415 715 αρὰ
2444 642 2536 695 τὸν
2571 637 2757 708 ίατρδν
2787 636 2847 689 τὸ
2886 633 3156 703 ἔγκλημα,
3186 628 3322 682 ἀλλὰ
3350 626 3499 697 παρὰ
3537 624 3628 676 τὸν
3659 621 3843 717 σωκῶ,

583 756 694 811 quo
720 740 916 797 salvari
949 740 1303 808 oportuisset,
1345 740 1597 794 damnum
1648 740 1792 808 passi
1825 749 1989 793 sunt:
2027 738 2155 807 quia

2378 733 2655 805 φαρμάκῳ
2687 729 3031 800 χρησάμενον
3061 739 3075 752 ⁸
3112 720 3235 774 ἐπεὶ
3255 718 3350 773 καὶ
3379 720 3411 786 ἡ
3446 713 3721 784 παρουσία
3752 710 3845 763 τοῦ

584 833 757 907 legem
790 831 935 886 illam
965 805 1086 901 quae
1109 839 1388 901 peccatum
1409 847 1514 886 non
1535 805 1713 901 potuit
1732 833 1976 896 domare,
1998 805 2156 886 Chri-

2303 805 2502 897 ζριστοῦ
2545 823 2743 894 μᾶλλον
2792 819 3030 887 ὲῦὰρησε
3077 816 3204 875 τοὺς
3250 808 3578 870 Ἰουδαίους-⁸
3622 805 3736 858 ἀλλ’
3786 805 3847 854 ού

585 897 702 980 stus
739 933 909 979 totam
945 897 1205 994 implevit.
1231 925 1361 994 quin
1397 897 1621 993 peccato
1658 923 1929 979 servierit.
1965 941 1983 972 ι

2303 918 2351 971 ιὰ
2374 915 2531 970 τοῦτο
2562 914 2699 985 αὐτῇ
2729 908 3101 980 ὲγκαλέσομεν
3124 922 3138 935 ⁸
3172 903 3310 957 ἀλλὰ
3353 900 3557 969 ταύτην
3608 898 3707 967 μὲν
3754 897 3849 947 καὶ

586 1016 983 1087 θαυμασόμεθα
1001 989 1036 1048 ⁸-
1050 989 1291 1080 ἐκείνους
1317 1016 1374 1070 δὲ
1398 989 1500 1071 διαὶ
1532 1016 1796 1087 μειζόνως
1859 1016 2184 1087 μισήσομεν,
2226 1010 2527 1082 βλαϐέντας
2553 1017 2573 1038 ⁸
2601 1006 2670 1061 δι’
2701 999 2775 1058 ὧν
2847 998 3178 1072 ὠφελεῖσθαι
3219 995 3363 1087 ἕδει⁸
3406 993 3489 1087 ὅτι
3525 989 3635 1087 γαρ
3655 989 3779 1087 ὀὐχ
3822 997 3852 1046 ὸ

587 1076 749 1181 νόμος
776 1076 931 1175 οὗτος
976 1111 1075 1183 τὴν
1119 1076 1392 1182 ἁμαρτίαν
1434 1076 1817 1183 ἐδυνάμωσενν,
1927 1076 2177 1180 Χριστὸς
2199 1076 2364 1159 αὐτὸν
2410 1101 2733 1171 ἐπλήρωσεν
2759 1095 2997 1154 ἅπαντα,
3029 1091 3122 1144 καὶ
3155 1086 3427 1183 ἁμαρτίας
3468 1082 3625 1183 si:ch
3654 1076 3743 1183 ᾖν·

666 1224 685 1258 ι
724 1206 877 1273 Quod
909 1220 1082 1277 neque
1114 1215 1294 1275 patres
1329 1205 1520 1271 nostri,
1581 1180 1901 1275 neque-nos
1945 1211 2164 1274 portare

2344 1214 2364 1248 ι
2403 1198 2500 1248 Ὃν
2526 1165 2648 1246 abte
2672 1193 2721 1244 οί
2748 1188 2985 1259 πατέρες
3005 1183 3184 1257 ἡμῶν,
3207 1181 3332 1235 οὔτε
3360 1181 3520 1249 ἡμεῖς
3553 1165 3853 1247 ἰσχύσαμῖεν

591 1299 906 1370 potuimus?
935 1319 955 1351 ι

2304 1287 2540 1341 αστάσαι
2559 1303 2575 1353 ;

662 1387 970 1444 Notandum
1004 1397 1090 1445 est
1118 1387 1359 1444 carnalia
1402 1394 1673 1457 praecepta
1703 1388 1995 1444 observatu
2026 1385 2165 1439 ditii-

2340 1376 2686 1451 Σημειωτέον
2718 1375 2801 1429 ὅτι
2826 1373 2896 1426 τὰ
2921 1365 3345 1437 δυσκατόρθωτα
3372 1360 3728 1429 ἐπιτάγματα
3754 1358 3851 1426 τῆς

592 1481 718 1537 cilia
748 1498 853 1536 non
881 1495 1001 1537 esse
1026 1481 1280 1537 onmibus
1313 1479 1658 1549 imponenda,
1688 1486 1748 1532 ut
1793 1486 1921 1547 puta
1975 1478 2166 1532 duram

2306 1471 2475 1544 αρκὸς
2500 1469 2559 1522 οὐ
2600 1469 2682 1522 δεῖ
2706 1464 2934 1536 ὲπικλᾷν
2969 1479 3112 1515 τισιν
3141 1476 3154 1489 ⁸
3183 1454 3296 1511 οἷον
3327 1456 3503 1526 ἄκραν
3530 1452 3785 1522 νηστείαν
3817 1451 3855 1521 ἦ

589 1568 1010 1639 jejuuationem,
1073 1542 1487 1625 nuditatem-ct
1535 1542 1836 1634 silentium,
1891 1567 1994 1621 nisi
2043 1566 2169 1636 quis

2307 1542 2606 1635 υμνότητα,
2640 1559 2675 1631 ἢ
2719 1558 2961 1639 σιωπήν⁸
3001 1555 3049 1605 εί
3089 1551 3164 1622 μή
3204 1550 3269 1618 γέ
3298 1565 3383 1609 τις
3420 1544 3593 1599 ταῦτα
3625 1542 3803 1611 ἐαυτῷ
3828 1542 3859 1579 δ

594 1636 789 1733 sponte
843 1680 939 1719 sua
979 1679 1042 1719 ea
1078 1664 1178 1719 sibi
1212 1665 1462 1734 imperet,
1522 1678 1676 1734 quae,
1720 1662 1822 1717 ctsi
1867 1660 2168 1717 dilliciliora

2303 1658 2547 1722 πιτάξει·
2584 1657 2631 1708 εί
2653 1636 2761 1724 γὰρ
2793 1651 2889 1705 καὶ
2927 1649 3201 1718 δυσχερῆ,
3235 1643 3374 1699 ἀλλὰ
3415 1642 3522 1734 μην
3556 1640 3657 1692 οὐκ
3689 1640 3857 1690 ἀκατ-

595 1731 725 1824 sint,
753 1771 858 1810 non
884 1763 1063 1811 tamen
1096 1731 1475 1825 impossibilia,
1504 1731 1559 1810 et
1588 1770 1617 1809 a
1660 1754 1845 1809 multis
1874 1755 2047 1823 reipsa
2074 1755 2170 1809 ob-

2303 1753 2514 1823 ρθωτα,
2561 1747 2699 1801 ἀλλὰ
2736 1745 2831 1799 καὶ
2867 1742 3138 1813 γενόμενα
3173 1737 3279 1791 ὑπὸ
3318 1732 3527 1787 πολλῶν
3574 1733 3671 1785 καὶ
3707 1731 3856 1797 γινὸ-

597 1854 902 1902 servantur.
948 1844 1134 1900 Gratia
1176 1824 1411 1915 namque
1454 1844 1663 1900 Domini
1718 1843 1848 1899 Jesu
1899 1845 2172 1899 credimus

2303 1860 2414 1895 ιενα
2441 1859 2455 1872 ·
2485 1839 2622 1895 ἀλλὰ
2652 1839 2741 1891 διὰ
2768 1836 2866 1907 τῆς
2900 1836 3125 1906 χάριτος
3155 1830 3249 1884 τοῦ
3282 1826 3488 1897 Κυρίου
3539 1824 3718 1894 Ἰησοῦ
3768 1841 3859 1874 πι-

600 1939 824 2006 salvari,
849 1940 990 1996 sicut
1016 1938 1219 1993 dictum
1264 1949 1351 1992 est
1381 1956 1395 1991 :
1440 1936 1631 1992 Gratia
1669 1936 1799 1991 salvi
1827 1937 1955 2006 facti
1978 1938 2101 1991 estis
2127 1935 2170 1990 ⁸.

2303 1935 2541 2003 ιτεύομεν
2577 1931 2844 1999 σωθῆναι⁸
2877 1929 3064 1997 ὅμοιον
3098 1922 3192 1978 τοῦ
3212 1964 3225 1987 ,
3263 1920 3467 1990 Χάριτί
3493 1919 3634 1972 ἐστε
3664 1933 3860 1970 σεσω-

602 2033 789 2103 ltaque
813 2032 898 2087 lex
927 2046 1021 2088 eos
1039 2031 1167 2087 olim
1191 2029 1371 2085 salvos
1403 2028 1529 2085 fecit
1550 2029 1641 2099 qui
1669 2030 1802 2100 legis
1845 2030 2029 2084 omnia
2071 2030 2173 2083 int-

2303 2029 2491 2097 ψέγοι
2512 2041 2527 2056 ⁸
2553 2024 2695 2077 ὥστε
2733 2018 2827 2075 οὖν
2863 2019 3033 2073 πάλαι
3071 2017 3169 2089 μὲν
3200 2018 3249 2068 οἱ
3285 2014 3439 2084 νόμοι
3471 2023 3491 2050 ο
3524 2012 3652 2073 τοὺς
3684 2009 3864 2061 πάντα

600 2101 842 2193 plebant,
891 2139 1037 2178 nunc
1083 2133 1265 2177 autem
1316 2120 1521 2176 Christi
1569 2122 1743 2191 gratia
1788 2136 1886 2190 per
1930 2120 2090 2176 ﬁdem
2124 2131 2177 2176 et

2303 2118 2738 2188 tatpuitéttzovmc;
2768 2112 2835 2167 τὰ
2863 2111 3132 2181 εἰρημένα
3164 2108 3243 2177 τῷ
3268 2106 3419 2176 νόμῳ
3450 2102 3645 2166 ἔσωζε,
3675 2101 3772 2154 νῦν
3806 2102 3863 2152 δὲ

600 2216 805 2287 absque
838 2215 973 2287 legis
998 2214 1381 2271 observatione
1409 2228 1509 2270 nos
1544 2212 1674 2267 facit
1706 2211 1903 2267 salvos.

2303 2230 2312 2281 ι
2347 2210 2509 2279 χάρις
2547 2207 2639 2260 τοῦ
2677 2204 2907 2275 Κυρίου,
2945 2201 3039 2254 καὶ
3072 2200 3199 2269 δίχα
3226 2198 3324 2265 τῆς
3353 2194 3447 2248 τοῦ
3481 2193 3648 2266 νόμου
3683 2208 3864 2262 παρα-

2280 2299 2549 2369 φυλακῆς,
2585 2296 2676 2349 διὰ
2708 2295 2806 2361 τῆς
2838 2292 3076 2353 πίστεως
3113 2285 3298 2350 σώζει.

670 2394 841 2454 Vens.
877 2394 975 2452 25.
1007 2415 1026 2449 ι
1063 2395 1277 2451 Placuit
1308 2395 1465 2452 nobis
1497 2393 1740 2450 collectis
1769 2393 1819 2447 in
1853 2408 2036 2447 unum.
2084 2412 2101 2444 ι

2356 2409 2375 2442 ι
2418 2388 2640 2455 Ἔδοξεν
2673 2388 2805 2458 ἡμῖν
2836 2383 3150 2453 γενομένοις
3180 2378 3552 2449 όμοθυμαδόν.
3592 2394 3610 2426 ι

674 2486 983 2543 Notandum
1014 2497 1096 2544 est
1123 2502 1298 2558 neque
1328 2485 1591 2541 Iacobum
1616 2500 1792 2554 neque
1822 2483 2038 2539 Petrum
2060 2498 2181 2540 esse

2352 2476 2702 2551 Σημειωτέον
2732 2476 2813 2529 ὅτι
2844 2473 2969 2527 οὔτε
3022 2469 3280 2532 Ἰάκωϐος
3312 2466 3437 2521 οὔτε
3479 2466 3683 2537 Πέτρος
3717 2462 3869 2519 ἐτόλ-

606 2596 789 2647 ausos,
811 2594 1120 2651 quanquam
1150 2594 1272 2634 esse
1306 2579 1505 2634 bonum
1526 2578 1855 2650 judicarent,
1888 2577 2006 2632 sine
2033 2578 2179 2632 omni

2303 2587 2498 2641 ιησαν,
2532 2567 2711 2621 καίτοι
2744 2564 3030 2637 κρίναντες
3058 2562 3189 2616 αὐτὸ
3224 2559 3392 2613 καλὸν
3414 2554 3574 2623 εἶναι,
3603 2558 3730 2628 δίχα
3766 2556 3868 2611 πά-

607 2671 854 2727 Ecclesia
884 2669 1090 2742 aliquid
1121 2670 1187 2725 de
1213 2669 1631 2725 circumcisione
1674 2679 1913 2724 statuere
1945 2686 1958 2722 :
1992 2684 2181 2738 quem-

2303 2681 2385 2735 της
2419 2662 2518 2733 τῆς
2557 2659 2884 2731 Ἐκκλησίας
2914 2656 3243 2728 δογματίσαι
3269 2653 3338 2707 τὰ
3369 2652 3498 2723 περὶ
3521 2652 3621 2723 τῆς
3651 2667 3871 2722 περιτο-

607 2761 900 2819 admodum
962 2776 1061 2818 nec
1106 2763 1345 2817 universi
1392 2762 1731 2828 statuissent,
1772 2762 1872 2815 nisi
1900 2760 2182 2830 cognovis-

2303 2755 2395 2825 ιῆς
2416 2752 2465 2793 ἀ·
2525 2753 2727 2820 ὅπουγε
2783 2748 2911 2803 οὕτε
2973 2748 3175 2810 πάντες
3240 2744 3622 2818 ηύθέντησαν,
3700 2746 3749 2795 εἰ
3797 2742 3872 2814 μὴ

608 2862 731 2909 sent
754 2853 925 2910 videri
952 2851 1179 2921 Spiritui
1217 2861 1428 2917 sancto,
1465 2852 1621 2923 cujus
1657 2853 2032 2906 auctoritatem
2074 2864 2183 2905 sua:

2303 2845 2619 2915 ιπείσθησαν
2651 2844 2733 2897 ὅτι
2766 2839 2927 2895 τοῦτο
2959 2841 3107 2894 δοκεί
3137 2838 3235 2892 καὶ
3266 2837 3346 2907 τῷ
3380 2836 3522 2908 ἁγίῳ
3562 2834 3867 2907 Πνεύματυ

608 2946 855 3017 epistola:
876 2950 1234 3016 pramittunt,
1270 2947 1562 3001 dicentes:
1604 2944 1787 2999 Visum
1836 2956 1911 2998 est
1953 2943 2182 3013 Spiritui

2303 2934 2344 2994 ὦ
2380 2941 2475 2993 καὶ
2508 2936 2819 3010 προέταξαν
2842 2934 2941 3004 τὴν
2971 2932 3290 2986 αὖθεντείαν
3321 2931 3378 2983 ἐν
3403 2930 3471 3000 τῇ
3503 2927 3759 2997 ἐπιστολῇ
3795 2930 3872 2979 εί-

610 3049 794 3093 sancto
820 3049 864 3092 et
896 3037 1066 3104 nobis,
1110 3037 1367 3093 Barnabae
1396 3048 1452 3092 et
1485 3036 1649 3093 Paulo
1696 3036 1789 3108 qui
1820 3038 2029 3091 animas
2060 3051 2185 3091 suas

2303 3032 2479 3095 τόντες
2498 3047 2511 3061 ⁸
2550 3028 2765 3094 Ἔδοξε
2793 3026 2872 3093 τῷ
2902 3026 3046 3096 ἁγίῳ
3069 3025 3364 3093 Πνεύματι
3405 3020 3503 3075 καὶ
3532 3019 3697 3089 ἡμῖν,
3730 3019 3875 3089 Bap-

611 3142 834 3200 propter
878 3128 1090 3184 Domini
1150 3145 1342 3185 nomen
1400 3130 1784 3185 tradiderunt:
1836 3128 1971 3183 tanti
2023 3139 2182 3184 erant

2303 3122 2425 3195 ιᾶϐᾳ
2452 3122 2546 3177 καὶ
2588 3120 2790 3191 Παύλῳ
2812 3159 2826 3185 ,
2864 3116 3174 3188 ἀνθρώποις
3205 3113 3616 3185 παραδεδωκόσι
3646 3113 3748 3174 τὰς
3775 3110 3877 3180 ψυ-

614 3222 691 3278 illi
731 3231 844 3278 uta
877 3222 1158 3293 discipulis
1175 3224 1353 3296 magni
1381 3223 1585 3280 fuerint
1622 3223 1775 3280 dicti.

2303 3217 2392 3287 (ὰς
2425 3213 2605 3268 αὐτῶν
2627 3214 2767 3284 ὑπὲρ
2796 3211 2893 3266 τοῦ
2924 3210 3189 3281 ὀνόματος
3214 3207 3309 3261 τοῦ
3340 3206 3547 3278 Κυρίου
3568 3222 3580 3237 ⁸
3619 3201 3849 3275 τηλικοῦ

688 3494 857 3550 Vens.
879 3495 969 3551 52.
999 3513 1017 3547 ι
1048 3493 1211 3550 ludas
1237 3502 1418 3548 autem
1447 3503 1501 3548 et
1526 3493 1697 3559 Silas,
1730 3502 1784 3546 et
1818 3492 1918 3561 ipsi
1952 3507 2072 3545 cum
2101 3506 2191 3545 es-

616 3599 739 3649 sent
788 3590 1086 3663 pr0phetac,
1119 3586 1289 3642 verbo
1320 3584 1553 3655 plurimo
1602 3583 1867 3640 consolati
1920 3593 2046 3636 sunt
2086 3582 2196 3633 l'ra-

620 3697 751 3752 tres,
777 3684 1330 3741 etconlirmaverunt.
1364 3700 1384 3733 ι

687 3778 829 3834 Ecce
860 3786 914 3832 et
935 3776 1034 3847 ipsi
1067 3777 1343 3845 prophetat
1368 3779 1524 3827 erant
1560 3787 1573 3824 :
1603 3768 1690 3823 lex
1716 3766 1861 3822 enim
1886 3781 2046 3830 nova,
2088 3780 2193 3819 non

617 3879 798 3927 autem
829 3869 945 3925 sola
976 3869 1063 3923 lex
1094 3876 1250 3923 vetus
1280 3864 1479 3920 multos
1528 3862 1716 3917 habuit
1750 3861 2064 3933 prophetas.

690 4047 861 4103 Vens.
893 4043 984 4100 58.
1017 4062 1037 4096 ι
1073 4041 1270 4097 Paulus
1309 4052 1486 4096 autem
1535 4040 1759 4111 rogabat
1809 4054 1931 4094 eum
1976 4039 2073 4109 (ut
2104 4039 2194 4106 qui

622 4139 966 4195 discessisset
1005 4134 1073 4189 ab
1100 4134 1181 4189 eis
1208 4134 1273 4190 de
1320 4133 1655 4203 Pamphylia,
1682 4142 1737 4188 et
1766 4148 1870 4188 non
1910 4133 2040 4187 isset
2072 4147 2195 4186 cum

622 4232 703 4287 eis
736 4232 791 4285 in
820 4227 977 4300 opus)
1002 4242 1110 4283 non
1141 4227 1341 4282 debere
1374 4226 1567 4293 recipi.
1604 4243 1623 4277 ›

692 4321 1006 4378 Notandum
1027 4336 1162 4390 opus
1201 4334 1321 4375 esse
1343 4318 1685 4389 praelalorum
1713 4304 1741 4372 ά
1774 4332 1833 4373 se
1869 4318 2198 4375 illuminatos

625 4413 870 4477 visitare,
906 4421 1090 4466 utrum
1117 4412 1169 4465 in
1221 4409 1324 4465 llde
1363 4410 1475 4464 sint
1506 4410 1645 4477 sani,
1671 4425 1738 4465 an
1773 4409 2100 4477 claudicent,
2147 4421 2200 4466 et

624 4520 719 4561 eos
740 4506 1049 4561 emendare.

698 4681 863 4738 Vens.
897 4680 987 4738 59.
1022 4698 1043 4732 ι
1075 4676 1240 4735 Facta
1264 4690 1347 4735 est
1367 4691 1548 4737 autem
1575 4682 1861 4749 dissensio,
1895 4685 1967 4740 ita
2008 4694 2064 4740 ut
2098 4686 2207 4741 dis-

627 4773 881 4830 ccderent
904 4774 972 4829 ab
996 4773 1244 4828 invicem.
1283 4792 1303 4825 ι

697 4884 928 4955 Propter
954 4883 1308 4939 cauteriatam
1347 4881 1611 4939 habentes
1638 4884 2047 4951 conscientiam,
2072 4899 2205 4955 pau—

629 4976 708 5032 cis
732 4976 1018 5031 dicendum
1043 4990 1141 5045 pro
1166 4976 1426 5045 apostolis
1464 4974 1715 5032 Barnaba
1742 4987 1795 5031 et
1826 4977 1991 5031 Paulo
2019 4976 2207 5033 defen-

632 5068 840 5133 dendis,
876 5067 965 5136 qui
1002 5066 1079 5121 sic
1102 5067 1244 5121 inter
1268 5082 1348 5132 se,
1389 5076 1449 5122 ut
1481 5068 1700 5135 dicitur,
1730 5069 2126 5133 dissenserunt,
2151 5080 2207 5122 ut

631 5157 697 5210 ab
733 5156 965 5212 invicem
1001 5158 1365 5213 discederent.
1391 5158 1630 5214 Marcum
1667 5160 1881 5228 quidem
1908 5175 2001 5216 eos
2034 5162 2200 5215 relin-

630 5249 845 5317 quendo
888 5247 1183 5318 deliquisse
1214 5249 1498 5305 constabat
1528 5263 1545 5303 :
1572 5265 1731 5321 quem
1763 5260 1819 5303 ut
1863 5246 2223 5319 emendaret,

631 5340 804 5394 iratus
826 5352 909 5394 est
957 5339 1181 5407 Paulus,
1230 5356 1464 5413 eumque
1514 5346 1580 5397 ad
1630 5351 1843 5412 tempus
1879 5345 2205 5401 contristare

630 5431 818 5499 voluit,
852 5444 1114 5504 quatenus
1149 5436 1361 5492 veniret
1412 5439 1478 5491 ad
1512 5436 1910 5506 paenitentiam,
1940 5445 2103 5508 atque
2150 5438 2202 5492 in

520 5559 524 5563 ε
628 5536 909 5597 posuerunt
946 5544 1058 5583 sua:
1082 5530 1344 5585 voluntati
1374 5546 1480 5584 non
1515 5528 1817 5601 indulgeret
1845 5570 1862 5596 ,
1918 5532 2010 5585 sed
2042 5532 2201 5585 mini-

703 5710 725 5736 ⁸
759 5705 919 5759 Rom.
960 5719 1043 5767 ιιι,
1079 5704 1184 5770 24;
1218 5704 1415 5776 Ephes.
1447 5722 1509 5770 ιι,
1544 5706 1599 5762 8.

2291 3304 2530 3379 τοιῆσαν
2551 3301 2717 3373 οὗτοι,
2744 3307 2826 3360 ὅτι
2856 3299 3321 3375 ἐμαρτυρήθησαν
3354 3298 3459 3351 ὑπὸ
3485 3297 3594 3351 τῶν
3619 3293 3877 3367 μαθητῶν

2297 3399 2525 3472 μεγάλοι
2553 3395 2719 3454 εῖναι.

2370 3513 2389 3545 ι
2435 3491 2640 3554 Ἰούδας
2666 3508 2728 3543 τε
2755 3490 2849 3543 καῖ⁹
2876 3487 3058 3552 Σίλας,
3091 3484 3188 3539 καὶ
3214 3484 3368 3539 αὐτοὶ
3398 3481 3677 3555 προφῆται
3700 3480 3877 3541 ὄντες,

2293 3582 2382 3635 διὰ
2423 3580 2580 3649 λόγου
2620 3578 2817 3633 πολλοῦ
2853 3576 3243 3649 παρεκάλεσαν
3283 3575 3411 3638 τοὺς
3446 3571 3747 3641 ἀδελφοὺς,
3786 3571 3879 3622 καὶ

2295 3667 2684 3741 ἐπεστήριξαν.
2725 3686 2745 3720 ι

2377 3763 2508 3818 Ἰδοὺ
2554 3763 2649 3816 καὶ
2704 3752 2852 3814 οὗτοι
2896 3758 3175 3830 προφῆται
3226 3751 3396 3828 ἦσαν·
3427 3753 3766 3825 σημειωτέον
3813 3752 3872 3805 δὲ

2296 3856 2378 3909 ὅτι
2412 3855 2505 3907 καὶ
2534 3856 2565 3925 ἡ
2589 3854 2688 3908 νέα
2709 3849 3030 3905 διδασκαλία
3058 3850 3184 3922 ἔσχε
3214 3852 3505 3920 προφήτας
3531 3845 3787 3909 πολλοὺς,
3814 3845 3875 3898 ού

2300 3947 2461 4016 μόνον
2494 3949 2525 4018 ἠ
2561 3945 2776 4000 Παλαιὰ
2803 3944 3019 4015 Γραφὴ.

2374 4058 2392 4092 ι
2432 4040 2644 4103 Παῦλος
2706 4038 2764 4091 δὲ
2813 4036 2968 4108 ἠξίου
2993 4077 3009 4101 ,
3079 4035 3171 4088 τὸν
3217 4033 3530 4089 ἀποστάντα
3566 4030 3665 4084 ἀπ’
3702 4030 3882 4084 αὐτῶν

2296 4131 2407 4185 ἀπὸ
2439 4130 2803 4202 Παμφυλίας,
2836 4130 2932 4183 καὶ
2970 4129 3043 4199 μὴ
3092 4126 3418 4181 συνελθόντα
3464 4125 3649 4187 αὐτοῖς
3690 4124 3772 4186 είς
3821 4123 3884 4175 τὸ

2298 4222 2460 4295 ἔργον
2483 4263 2498 4288 ,
2535 4223 2611 4295 μὴ
2642 4220 3208 4293 συμπαραλαμϐάνειν
3247 4218 3455 4272 τοῦτον.
3505 4235 3523 4267 ι

2375 4313 2719 4387 Σημειωτέον
2754 4314 2837 4366 ὅτι
2871 4312 3032 4383 ἔργον
3069 4311 3178 4364 τῶν
3219 4311 3539 4381 ἡγουμένων
3582 4305 3883 4377 περιεργὰ-

2302 4407 2493 4472 ζεσθαι
2536 4406 2662 4470 τοὺς
2703 4406 2793 4459 ὑπ’
2829 4404 3009 4459 αὐτῶν
3053 4403 3425 4474 φωτισθέντας
3452 4419 3466 4431 ⁸
3524 4402 3725 4471 μήπως
3775 4400 3883 4469 ἄρα

2302 4500 2402 4570 οὐχ
2435 4499 2743 4567 ὑγιαίνουσι
2783 4500 2849 4569 τῇ
2885 4496 3085 4562 πίστει,
3120 4495 3256 4551 ἀλλὰ
3303 4494 3636 4567 χωλεύουσι⁸
3676 4493 3770 4545 καὶ
3806 4493 3884 4543 δεῖ

2305 4593 2501 4656 αὐτοὺς
2534 4590 2914 4662 διορθωθῆναι.

2382 4704 2400 4737 ι
2449 4684 2698 4753 Ἐγένετο
2728 4678 2820 4737 οὖν
2853 4680 3224 4752 παροξυσμὸς,
3256 4681 3397 4733 ὥστε
3432 4677 3882 4750 ἀποχωρισθῆναι

2304 4780 2502 4841 αὐτοὺς
2533 4777 2627 4830 dm?
2662 4776 2926 4847 ἀλλήλων.
2969 4793 2988 4826 ι

2376 4892 2473 4943 Διὰ
2504 4890 2631 4953 τοὺς
2670 4888 3249 4961 κεκαυτηριασμένους
3294 4886 3392 4958 τὴν
3426 4886 3771 4955 συνείδησιν,
3812 4886 3885 4948 ὡς

2304 4982 2393 5036 διὰ
2452 4982 2722 5050 συντόμου
2782 4980 3150 5051 ἀπολογητέον
3208 4978 3339 5051 περῒ⁹
3397 4978 3507 5031 τῶν
3571 4978 3885 5031 ἀποστόλων

2305 5074 2562 5146 Βαρνάϐα
2586 5076 2681 5129 καὶ
2714 5073 2932 5128 Παύλου
2952 5089 2967 5104 ⁸
3000 5072 3049 5125 οἳ
3079 5073 3171 5126 ἐπὶ
3198 5070 3453 5126 τοσοῦτον
3480 5070 3765 5124 ὲπέτειναν
3794 5069 3883 5139 τὴν

2308 5167 2661 5237 φιλονεικίαν,
2693 5167 2776 5221 ὅτι
2801 5167 2895 5219 καὶ
2918 5164 3321 5237 ἐχωρίσθησαν,
3350 5165 3536 5234 φησίν.
3575 5164 3633 5216 Ὁ
3664 5162 3885 5231 Μάρκος

2309 5259 2486 5325 ἔδοξεν
2544 5258 2924 5331 ἡμαρτηκέναι
2980 5256 3266 5312 ἀπολιπὼν
3302 5254 3541 5319 αὐτούς’
3591 5256 3619 5308 ό
3681 5253 3881 5314 Παῦλος

2312 5354 2445 5422 πρὸς
2470 5353 2530 5405 τὸ
2568 5352 3009 5426 σωφρονισθῆναι
3044 5350 3209 5405 αὑτὸν
3245 5348 3535 5421 ὠργίζετο,
3577 5349 3671 5402 καὶ
3702 5348 3884 5418 ἠθελεν

2311 5446 2471 5500 αὐτὸν
2507 5446 2641 5517 πρὸς
2670 5446 2848 5513 ὀλίγον
2874 5445 3114 5518 λυπῆσαι
3138 5461 3152 5475 ⁸
3191 5446 3283 5500 ἵνα
3327 5442 3653 5513 αἰσθόμενος
3686 5444 3883 5501 ἐκεῖνος

2317 5537 2648 5609 μετανοήσῃ,
2699 5538 2793 5589 καὶ
2841 5536 3026 5590 λοιπὸν
3060 5538 3309 5607 ὑποταγῇ
3332 5546 3355 5573 ο
3390 5533 3468 5605 τῷ
3509 5534 3584 5605 μὴ
3622 5534 3791 5585 ποιεῖν
3829 5531 3886 5581 τὸ

637 5867 643 5871 ’
704 5872 734 5901 ι
764 5860 830 5917 C.
862 5860 923 5915 C.
951 5859 1261 5932 βλέποντας.
1344 5862 1374 5902 ι’
1407 5865 1467 5920 C.
1500 5863 1563 5921 C.
1640 5863 1819 5934 ἑαυτῷ
1851 5864 2043 5920 ταῦτα.
2128 5876 2149 5904 ε
2178 5867 2203 5923 (

2303 5872 2326 5925 ἰ.
2352 5870 2379 5923 ὁ
2403 5871 2587 5942 νόμος.
2665 5872 2692 5913 ἀ
2718 5872 2778 5929 C.
2809 5872 2871 5928 C.
2905 5876 3100 5946 τομῆς.
3181 5885 3203 5913 ο
3235 5875 3303 5931 C.
3336 5871 3397 5927 C.
3431 5872 3713 5943 ἁποταγῇ.
