4130 6540
350 418 487 488 1553

1251 431 1704 490 FRAFMENTA
1748 430 1827 488 IN
1870 430 2061 488 ACTA
2099 430 2676 491 APOSTOLORUM.

3461 409 3597 489 ιδει

346 539 558 606 θέλημα
600 540 662 591 τὸ
688 538 903 603 ἑαυτοῦ,
942 541 1076 593 ἀλλὰ
1128 543 1277 609 παρὰ
1322 543 1420 610 τὴν
1462 544 1656 595 ἑαυτοῦ
1701 543 1919 612 θέλησιν

2032 543 2175 596 sterii
2216 543 2495 608 operibus,
2532 542 2897 611 praetermissa
2928 538 3223 605 voluntate,
3264 541 3591 593 inbmrerct:

346 626 658 679 ἀκολουθεῖν
713 629 848 697 πρὸς
911 629 971 681 τὸ
1024 629 1184 701 ἔργον
1228 631 1328 698 τῆς
1386 632 1690 693 διακονίας·
1744 631 1916 693 οὕτως

347 720 571 786 ἐποίησε
602 723 696 773 καὶ
726 722 819 773 ἐπὶ
854 722 948 775 τοῦ
982 722 1266 793 Κορινθίου
1294 739 1306 751 ·
1349 723 1595 777 ἐκϐαλὼν
1622 723 1785 778 αὑτὸν
1815 724 1917 792 τῆς

360 808 722 877 Ἑκκλησίας,
776 812 872 865 καὶ
924 813 1083 876 αὐτὸς
1138 812 1279 881 ὑπὲρ
1327 813 1492 867 αὑτοῦ
1545 813 1913 881 παρακαλῶν,

344 899 509 966 ἡνίκα
535 900 902 972 μετεμελήθη·
924 901 1097 966 οὕτως
1116 899 1209 957 οὖν
1238 903 1257 940 τ
1286 903 1443 973 ἡθελε
1466 904 1671 957 καὶτὸν
1690 906 1918 976 Μάρκον

344 988 606 1057 δαμάσαι.
648 990 708 1042 Ὃ
735 991 789 1042 δὲ
825 991 1108 1063 Βαρνάϐας
1154 992 1523 1063 ἁπλούστερος
1549 993 1645 1057 ὢν,
1679 995 1917 1065 συνεχώ-

350 1098 517 1150 ρησεν
549 1082 698 1152 αὐτῷ
730 1083 933 1153 μᾶλλον
968 1085 1060 1140 καὶ
1085 1084 1209 1154 δίχα
1248 1085 1562 1155 ἐκπλήξεως
1593 1088 1617 1126 ε
1643 1087 1704 1139 τὸ
1735 1089 1915 1159 ἁμάρ-

344 1172 494 1241 τῆμα
518 1189 531 1203 ·
564 1172 620 1225 δν
651 1174 679 1226 ὁ
719 1173 933 1238 Παῦλος
968 1176 1269 1246 παρεκάλει
1297 1176 1492 1244 λέγων,
1526 1177 1600 1247 μὴ
1632 1176 1805 1241 οὕτως
1841 1177 1917 1241 ὡς

344 1262 500 1331 ἔτυχε
536 1262 626 1316 τὸν
663 1264 1112 1334 δραπετεύσαντα
1140 1271 1241 1338 τῆς
1276 1271 1524 1331 συνοδίας
1560 1269 1913 1339 προσλαϐεῖν,

343 1352 458 1404 ἀλλ’
489 1354 906 1425 ἀποστραφῆναι
932 1357 1115 1417 αὑτὸν,
1145 1357 1280 1411 διότι
1304 1360 1407 1413 οὐκ
1438 1359 1637 1422 αὐτοὺς
1663 1360 1915 1429 ἐνύϐρισε

342 1442 498 1495 τοῦτο
532 1446 790 1514 ποιήσας,
824 1446 960 1500 ἀλλὰ
995 1448 1093 1517 τῆς
1126 1448 1406 1512 διακονίας
1454 1452 1875 1523 καταφρονήσας
1900 1490 1915 1515 ,

343 1535 433 1587 τὸν
462 1535 594 1588 Θεὸν
614 1537 965 1603 ἐξουδένωσε.
992 1537 1178 1609 Τούτῳ
1202 1536 1295 1593 οῦν
1314 1541 1391 1611 τῷ
1415 1542 1603 1612 σκοπῷ
1628 1544 1919 1610 ἀντέλεγεν

341 1629 369 1679 ὁ
395 1626 605 1690 Παῦλος
633 1628 712 1698 τῷ
747 1629 1003 1701 Βαρνάϐᾳ
1033 1647 1044 1659 ·
1082 1630 1277 1700 ἀμέλει
1312 1633 1431 1685 οὐδὲ
1461 1632 1751 1703 ὠργίζετο,
1784 1634 1920 1687 ἀλλὰ

344 1721 644 1790 παρεκάλει
678 1721 860 1783 αὐτὸν,
897 1721 973 1784 ὣς
1013 1740 1174 1792 φησιν
1212 1724 1244 1793 ἡ
1288 1723 1477 1795 Γραφή
1506 1739 1520 1753 ⁸
1561 1724 1804 1789 Παῦλος
1850 1726 1918 1779 δὲ

342 1812 519 1879 ἠξίου
544 1828 556 1841 ·
586 1814 779 1866 οὐκοῦν
800 1817 830 1867 ὀ
855 1816 950 1884 μὲν
974 1814 1259 1884 Βαρνάϐας
1282 1816 1621 1886 χρηστότητα
1646 1813 1758 1887 εἶχε
1784 1818 1918 1888 πρὸς

2025 635 2167 689 haud
2197 635 2356 689 aliter
2382 635 2434 689 in
2458 633 2802 691 Corinthium
2838 650 2897 690 se
2931 634 3135 705 gessit,
3168 650 3289 687 enm
3323 633 3391 685 ab
3416 632 3596 685 Eccle-

2023 724 2101 777 sia
2129 739 2392 793 separans
2422 734 2478 781 et
2528 725 2643 795 ipse
2693 739 2791 793 pro
2815 739 2880 780 eo
2916 733 3165 792 precatus
3190 764 3204 787 ,
3242 732 3592 790 posteaquam

2024 817 2399 886 pmnitentiam
2437 818 2665 886 egisset;
2704 817 2783 873 sic
2815 832 3029 889 qttoqne
3080 815 3319 869 Marcum
3374 814 3595 866 domare

2024 905 2253 959 volebat.
2313 904 2585 962 Barnabas
2634 917 2842 973 autem,
2895 922 3017 961 cmn
3076 904 3373 973 simpiicior
3422 910 3593 965 esset,

2024 1009 2299 1064 peceatum
2334 998 2539 1066 absque
2569 1012 2726 1067 poena
2756 1000 2805 1052 ei
2835 998 3194 1062 condonavit;
3249 1010 3409 1066 quem
3451 994 3603 1049 Pau-

2025 1086 2108 1141 lus
2133 1090 2376 1158 rogabat,
2398 1088 2583 1144 dieens
2599 1104 2707 1143 non
2735 1100 2987 1158 oportere
3008 1090 3084 1144 ita
3114 1099 3323 1144 temere
3348 1104 3473 1145 eum
3510 1103 3597 1142 re-

2026 1180 2207 1248 cipere
2258 1180 2348 1249 qui
2382 1195 2441 1235 se
2486 1180 2553 1233 ab
2587 1195 2772 1233 eorum
2802 1182 3066 1236 societate
3096 1180 3464 1242 subtraxerat,
3499 1178 3593 1231 sed

2029 1269 2312 1338 repellere,
2338 1284 2403 1324 eo
2427 1270 2569 1338 quod
2597 1286 2703 1324 non
2732 1286 2827 1325 eos
2852 1270 3047 1337 injuria
3088 1268 3360 1327 affecisset
3398 1270 3480 1324 sic
3508 1269 3596 1322 ia-

2025 1362 2194 1424 ciens,
2232 1362 2325 1414 sed
2352 1360 2541 1427 Deum,
2581 1362 2841 1432 despecto
2878 1362 3204 1428 ministerio,
3238 1362 3599 1429 contempsis—

2025 1460 2128 1505 set.
2158 1449 2229 1504 Ea
2267 1452 2331 1506 de
2361 1467 2522 1506 causa
2548 1451 2805 1506 Barnabae
2833 1452 3035 1508 Paulus
3077 1453 3310 1520 restitit;
3354 1467 3454 1506 nec
3486 1452 3597 1504 ira-

2026 1544 2301 1609 scebatur,
2337 1546 2430 1599 sed
2453 1545 2843 1612 rogabateum,
2864 1552 2920 1598 ut
2945 1544 3076 1599 dicit
3109 1544 3389 1613 Scriptura
3422 1542 3601 1599 :Pau-

2025 1633 2108 1687 ius
2142 1645 2317 1687 autem
2343 1638 2582 1704 rogabat.
2620 1635 2899 1689 Barnabas
2924 1634 3091 1704 igitur
3119 1634 3295 1704 magis
3335 1635 3403 1688 ad
3444 1649 3599 1687 man-

2025 1725 2365 1780 suetudinem
2398 1735 2517 1780 erat
2544 1741 2765 1794 pronus,
2802 1725 3001 1780 Paulus
3032 1734 3211 1779 autem
3239 1724 3304 1779 ad
3335 1723 3600 1779 severita-

2028 1825 2156 1880 tem,
2184 1827 2497 1888 pcccatores
2533 1816 2602 1872 ad
2646 1826 2855 1885 tempus
2880 1816 3094 1869 diabolo
3124 1815 3349 1871 tradens
3378 1815 3430 1869 in
3460 1816 3602 1869 inte-

344 1908 467 1968 τοὺς
491 1908 761 1976 ὑπηκόους
788 1909 1029 1976 ἕτοιμον,
1057 1909 1084 1959 ὁ
1107 1908 1162 1960 δὲ
1190 1908 1403 1971 Παῦλος
1426 1910 1752 1978 ἀποτομίαν,
1787 1910 1921 1981 πρὸς

2032 1909 2188 1963 ritum
2216 1910 2400 1963 carnis
2430 1916 2489 1962 ut
2513 1909 2580 1962 ad
2616 1908 2994 1977 paenitentiam
3033 1907 3304 1963 venirent.
3364 1905 3603 1977 Uterque

345 2000 536 2071 καιρὸν
567 2001 856 2063 ἀποδιδοὺς
877 2001 1005 2065 τοὺς
1032 2003 1455 2073 καταφρονητάς
1484 2003 1561 2073 τῷ
1581 2002 1816 2072 διαϐόλῳ
1840 2005 1921 2067 είς

344 2091 566 2162 ὄλεθρον
610 2096 709 2159 τῆς
764 2093 994 2163 σαρκὸς,
1047 2095 1132 2148 ἴνα
1188 2096 1661 2165 μεταμεληθῶσιν.
1712 2094 1924 2151 Οὐκοῦν

344 2186 645 2255 ἀμφότεροι
677 2187 818 2239 κατὰ
847 2187 939 2239 τὸν
964 2187 1167 2240 οἰκεῖον
1200 2188 1401 2242 σκοπὸν
1432 2188 1617 2251 καλῶς
1645 2186 1919 2259 ἔπραξανο

344 2275 799 2347 ἀπεχωρίσθησαν
817 2277 873 2330 δὲ
898 2278 992 2331 καὶ
1012 2278 1102 2331 διὰ
1117 2277 1278 2332 τοῦτο
1298 2279 1392 2333 ἀπ’
1409 2279 1673 2350 ἀλλήλων*
1695 2280 1924 2352 ἐπείπερ

345 2371 444 2422 οὐκ
472 2365 612 2439 ἦσαν
644 2372 773 2439 μιᾶς
792 2369 958 2436 ἕξεως
980 2372 1281 2443 ἀμφότεροι
1298 2388 1313 2403 ’
1337 2373 1432 2426 καὶ
1461 2372 1694 2443 ἠδύνατο
1721 2374 1815 2427 καὶ
1842 2373 1927 2428 οὖ-

346 2479 472 2525 τως,
498 2461 591 2515 διὰ
615 2464 715 2532 τῆς
746 2463 886 2531 ἄγαν
913 2465 1267 2531 ἀνεξικακίας
1294 2466 1372 2537 μὴ
1403 2466 1574 2520 θέλων
1602 2467 1811 2538 κρίνειν
1836 2469 1929 2523 ἆλ-

346 2553 455 2618 λον,
484 2553 803 2621 δυσωπῆσαι
829 2555 956 2617 τοὺς
990 2556 1249 2620 πιστούς·
1283 2558 1379 2611 καὶ
1408 2560 1436 2611 ὁ
1470 2558 1681 2622 Παῦλος
1711 2559 1800 2613 διὰ
1830 2559 1924 2613 τοῦ

348 2643 698 2696 ὲπιστατικοῦ
720 2643 921 2697 ἑαυτοῦ
946 2646 1042 2697 καὶ
1071 2642 1459 2714 ζηλοτυπικοῦ,
1491 2646 1663 2699 σῶσαι
1693 2646 1788 2701 καὶ
1819 2664 1926 2699 σω-

349 2735 601 2805 φρονίσαι
636 2737 764 2799 τοὺς
800 2735 1026 2805 ἀμελεῖς
1048 2752 1061 2766 ’
1100 2734 1244 2790 οὕτω
1278 2735 1387 2805 γὰρ
1419 2735 1664 2789 διδάσκει
1714 2734 1888 2803 λέγων
1909 2750 1923 2765 '

353 2826 665 2897 "EJeyt‘fav,
700 2827 1078 2897 ἐπιτίμησον,
1115 2826 1543 2895 παρακάλεσον
1563 2844 1576 2860 ·
1612 2827 1711 2897 οὐχ
1739 2826 1817 2890 ὡς
1850 2826 1927 2897 μὴ

348 2919 635 2990 δυνάμενοι
653 2919 708 2973 δὲ
724 2920 911 2990 φέρειν
934 2920 1179 2985 ἀλλήλων
1204 2921 1274 2974 τὰ
1297 2919 1657 2992 ἐλαττώματα
1681 2920 1929 2990 ἀπέστη-

351 3030 486 3066 σανο
517 3012 722 3081 δπουγε
764 3012 933 3066 πολὺν
968 3012 1269 3083 συνέζησαν
1304 3013 1525 3084 χρόνον,
1554 3013 1930 3084 συγκαμόντες

351 3104 607 3174 ἀλλήλοις
639 3105 735 3158 καὶ¹
772 3104 1312 3173 συγκινδυνεύοντες·
1347 3106 1463 3159 ἀλλ’
1503 3105 1592 3159 ἵνα
1627 3106 1700 3175 μή
1747 3122 1831 3167 τις
1868 3104 1929 3158 τὸ

2024 1998 2192 2070 igitur
2216 2013 2314 2069 pro
2340 1998 2443 2052 [ine
2469 1998 2680 2052 intento
2715 2006 2866 2052 recte
2916 1997 3076 2062 fecit;
3109 1996 3481 2052 discesserunt
3508 2010 3603 2049 au-

2026 2099 2132 2144 tem
2164 2090 2231 2143 ab
2263 2090 2517 2155 invicem,
2552 2096 2838 2160 propterea
2869 2090 3012 2159 quod
3044 2104 3149 2144 non
3176 2089 3417 2158 ejusdem
3449 2096 3605 2142 erant

2024 2182 2309 2238 sententia:
2334 2183 2517 2237 ambo.
2538 2180 2645 2248 Qui
2673 2190 2890 2250 propter
2912 2181 3136 2237 nimiam
3162 2180 3484 2250 patientiam
3511 2194 3603 2235 ue-

2027 2275 2227 2329 minem
2256 2274 2476 2331 volebat
2498 2274 2769 2345 judicare,
2797 2276 2845 2331 is
2880 2274 3057 2345 potuit
3086 2272 3270 2328 ﬁdeles
3296 2271 3605 2342 persuasio-

2026 2381 2096 2422 ne
2123 2366 2380 2432 ﬂectere;
2414 2365 2613 2422 Paulus
2657 2381 2786 2422 vero
2816 2381 2913 2421 sua
2962 2364 3239 2434 vigilantia
3269 2373 3324 2418 et
3360 2377 3459 2418 suo
3487 2362 3612 2416 zelo

2026 2468 2345 2531 peccatores
2389 2460 2719 2515 emendare:
2758 2447 2951 2527 sicque
3003 2458 3119 2527 ipse
3146 2457 3330 2521 docet,
3362 2456 3553 2510 dicens
3586 2470 3602 2507 :

2026 2550 2224 2621 Argue,
2257 2552 2487 2620 increpa,
2521 2551 2734 2606 obsecra
2756 2552 2800 2603 ⁸.
2841 2548 2957 2605 Non
2984 2563 3114 2603 vero
3143 2548 3213 2601 ab
3241 2546 3472 2601 invicem
3493 2545 3609 2599 dis-

2028 2654 2307 2699 cesserunt
2356 2644 2559 2699 idcirco
2592 2642 2721 2713 quia
2768 2658 2875 2698 non
2919 2651 3169 2711 poterant
3208 2639 3348 2693 alter
3378 2637 3608 2693 alterius

2027 2734 2171 2790 ferre
2215 2735 2366 2800 vitia,
2416 2735 2508 2805 qui
2561 2735 2653 2789 ditt
2700 2734 2858 2789 simul
2893 2734 3160 2797 vixerant,
3200 2730 3612 2791 laboraverant,

2030 2829 2285 2899 periculis
2310 2828 2695 2894 interfuerant;
2724 2828 2819 2884 sed
2850 2844 2920 2884 ne
2947 2828 3096 2897 quis,
3121 2825 3311 2880 videns
3333 2824 3607 2880 diversam

2029 2937 2217 2976 eorum
2249 2922 2441 2991 agendi
2478 2923 2767 2987 rationem,
2805 2922 2860 2975 in
2902 2920 3170 2973 alterutro
3208 2916 3611 2972 scandalizare-

2032 3025 2140 3080 ιω,
2172 3015 2289 3069 sive
2318 3013 2541 3069 Paulmn
2576 3013 2897 3069 iracundum
2916 3011 3132 3074 dicens,
3159 3010 3275 3064 sive
3298 3007 3608 3063 Barnabam

2032 3108 2113 3161 sui
2145 3110 3051 3177 immemorem,utpotepeccantes
3070 3119 3175 3157 nou
3206 3100 3614 3170 reprehenden-

351 3197 638 3268 ἀνώμαλον
666 3198 766 3267 τῆς
800 3197 982 3249 αὐτῶν
1012 3197 1155 3266 ὁρῶν
1175 3199 1201 3236 h
1235 3197 1523 3259 πολιτείας
1556 3196 1924 3268 σκανδαλισθῇ

2038 3209 2169 3264 tem,
2204 3200 2297 3253 sed
2325 3214 2420 3253 eos
2457 3198 2844 3268 despicientem
2901 3197 2992 3267 qui
3046 3197 3322 3265 propriam
3380 3193 3611 3247 salutem

354 3290 489 3359 πρὸς
519 3290 633 3353 ἕνα,
663 3287 695 3357 ἢ
728 3288 819 3340 τὸν
850 3286 1064 3341 Παῦλον
1107 3287 1328 3357 ὀργίλον
1351 3287 1555 3347 καλῶν,
1593 3286 1625 3357 ἢ
1666 3288 1758 3340 τὸν
1792 3288 1934 3358 Bap-

352 3377 524 3430 νάϐαν
584 3375 1002 3447 καταφρονητὴν
1062 3375 1158 3428 καὶ
1212 3374 1407 3428 ἑαυτοῦ
1471 3376 1794 3444 γινόμενον·
1857 3377 1973 3447 μὴ⁷

353 3469 577 3522 θέλοντα
611 3467 668 3521 δὲ
709 3468 839 3531 τοὺς
885 3467 1304 3539 ἁμαρτάνοντας
1336 3466 1748 3536 ἐπιστομίζειν,
1798 3468 1936 3522 ἀλλὰ

357 3560 686 3630 παρορῶντα
716 3560 844 3622 τοὺς
875 3560 971 3629 τῆς
1011 3558 1220 3612 ἑαυτῶν
1250 3557 1585 3628 ἀμελοῦντας
1618 3560 1927 3631 σωτηρίας·

352 3649 588 3712 ἑθνικοῖς
639 3650 877 3720 μάλιστα
933 3649 1225 3720 μέλλοντες
1273 3649 1767 3718 εὐαγγελίζεσθαι,
1822 3652 1935 3714 τοῖς

360 3740 631 3811 μηδεμίαν
674 3740 857 3811 ἔχουσι
913 3740 1186 3814 διάκρισιν
1229 3741 1397 3796 καλοῦ
1447 3743 1541 3796 καὶ
1590 3743 1797 3796 κακοῦ’
1839 3743 1934 3797 καὶ

357 3831 618 3895 πολλάκις
655 3834 719 3886 ἐκ
750 3831 846 3886 τοῦ
876 3833 1138 3902 διαφόρου
1172 3833 1275 3904 τῆς
1302 3833 1479 3886 αὐτῶν
1515 3834 1792 3898 πολιτείας
1813 3875 1826 3895 ,
1860 3834 1935 3898 ὡς

356 3921 688 3993 ἀσύμφωνον
730 3924 962 3993 ἐχόντων
995 3922 1142 3989 ἕξιν,
1184 3922 1514 3993 ἀσύμφωνον
1552 3924 1645 3976 καὶ
1692 3923 1752 3977 τὸ
1803 3926 1935 3996 παρ’

358 4016 534 4069 αὐτῶν
608 4015 1094 4087 εὐαγγελιζόμενον
1166 4018 1465 4089 μυστήριον
1534 4019 1933 4087 ὑποπτεύοντες
1972 4016 2147 4075 εἶναι·
2187 4022 2325 4093 ὅπερ
2366 4020 2567 4093 μᾶλλον
2640 4019 3080 4090 ὑπονοήσαντες,

2037 3291 2469 3345 contemnebant
2498 3306 2515 3345 :
2546 3290 2689 3357 quod
2716 3298 2844 3342 tunc
2882 3287 3185 3355 praesertim
3217 3293 3339 3338 erat
3370 3293 3613 3338 metuen-

2036 3379 2167 3433 dum
2205 3394 2325 3433 cum
2357 3380 2422 3433 ad
2447 3388 2636 3449 gentes
2660 3392 2783 3433 mox
2812 3385 2993 3432 essent
3031 3376 3185 3438 ituri,
3220 3390 3345 3443 qua:
3366 3390 3477 3429 non
3513 3375 3613 3429 ba-

2042 3471 2231 3525 bentes
2270 3484 2377 3538 quo
2417 3470 2617 3524 bonum
2667 3484 2697 3521 a
2730 3467 2873 3522 malo
2907 3467 3309 3528 discernerent,
3346 3480 3511 3533 stepa,
3545 3464 3617 3517 ob

2043 3574 2228 3613 eorum
2254 3558 2521 3612 diversam
2552 3556 2742 3626 agendi
2785 3554 3049 3609 rationem
3081 3569 3111 3607 e
3134 3553 3350 3607 diversa
3396 3562 3616 3608 senten-

2039 3652 2113 3707 tia
2147 3662 2350 3715 ortam,
2377 3649 2650 3705 diversum
2674 3662 2891 3718 quoque
2914 3660 3034 3701 esse
3069 3643 3390 3717 mysterium
3418 3644 3485 3698 ab
3511 3641 3618 3695 illis

2038 3742 2384 3812 praedicatum
2405 3741 2828 3811 suspicarentur.
2846 3738 2962 3795 Hoc
2984 3738 3362 3807 praeﬁdentes,
3379 3736 3445 3790 ab
3476 3734 3614 3787 ἰιινίρ

2038 3847 2155 3887 cem
2192 3831 2575 3897 discesserunt,
2625 3845 2689 3885 co
2721 3828 2880 3885 modo
2925 3828 3029 3883 rati
3061 3827 3253 3883 melius
3286 3824 3616 3895 implendum

2036 3940 2158 3981 esse
2190 3924 2574 3981 ministerium.

3163 4015 3479 4085 ἀπέστησαν
3523 4013 3616 4065 ἀπ’

358 4107 603 4177 ἀλλήλων
630 4122 643 4134 ·
669 4106 840 4169 οὕτως
862 4102 921 4160 εὖ
949 4106 1095 4177 ἔχειν
1120 4108 1403 4178 κρίναντες
1436 4109 1572 4181 πρὸς
1604 4111 1702 4181 τὴν
1720 4110 1825 4164 ,τοῦ
1854 4111 2015 4183 λόγου
2039 4114 2334 4169 διακονίαν.

943 4220 1197 4276 ΚΕΦΑΛ.
1238 4221 1354 4288 ις’.

442 4354 460 4385 ι
494 4335 603 4388 Καὶ
641 4333 823 4389 λαϐὼν
858 4334 1178 4407 περιέτεμεν
1206 4336 1390 4400 αὐτὸν,
1425 4354 1444 4388 ι
1480 4353 1534 4390 κ.
1567 4354 1619 4390 τ.
1656 4340 1705 4393 λ.

435 4425 545 4494 Τὴν
576 4426 753 4478 αἰτίαν
784 4423 952 4479 εἰπὼν
987 4426 1056 4477 δι’
1090 4425 1159 4495 ἣν
1190 4427 1203 4466 ἱ
1237 4418 1525 4497 περιέτεμε
1556 4428 1649 4481 τὸν
1673 4427 1939 4497 Τιμόθεον

2658 4228 2810 4285 CAP.
2858 4227 3000 4284 XVI.

2117 4343 2286 4400 Vens.
2320 4345 2373 4401 5.
2416 4363 2434 4396 ι
2469 4343 2534 4397 Et
2562 4357 2844 4398 assumens
2877 4340 3216 4396 circumcidit
3263 4354 3409 4404 emn,
3448 4324 3613 4393 n'etc.

2118 4430 2310 4490 Dicens
2344 4434 2540 4489 Paulus
2575 4448 2736 4502 quam
2769 4432 2836 4487 ob
2866 4445 3085 4485 causam
3131 4428 3476 4484 Timotheum
3504 4430 3613 4483 cir-

363 4519 392 4569 ό
418 4516 645 4581 Παῦλος,
671 4518 901 4586 ἐξέφυγε
920 4518 986 4571 τὰ
1001 4517 1108 4570 τῶν
1130 4517 1546 4591 μεμψιμοίρωνὶ
1584 4521 1927 4593 ἐγκλήματα·

2035 4526 2314 4590 cmncidit,
2341 4524 2569 4580 crimina
2596 4524 2947 4594 querulorum
2973 4520 3189 4591 ell‘ugit;
3216 4508 3383 4585 (ilius,
3414 4521 3609 4589 inquit,

377 4609 673 4676 Ἰουδαίας
697 4608 921 4677 πιστῆς
955 4610 1061 4663 ἀπὸ
1101 4610 1370 4665 Ἰουδαίων
1414 4611 1565 4682 φησί’
1604 4613 1939 4685 σημειωτέον

364 4701 421 4753 δὲ
460 4702 539 4753 ὅτι
573 4700 826 4755 τοσοῦτον
858 4697 997 4773 ἦσαν
1045 4702 1287 4755 Ἰουδαῖοι
1318 4702 1412 4757 τοῦ
1448 4704 1614 4775 νόμου
1657 4722 1912 4775 καταφρο

367 4795 650 4859 νήσαντες,
686 4792 767 4844 ὅτι
802 4795 897 4845 καὶ
933 4790 1189 4862 Ἕλλησιν
1221 4793 1533 4865 ⁵ὲγαμοῦντο
1557 4834 1571 4860 ,
1615 4795 1711 4848 καὶ
1750 4793 1909 4864 Ἕλλη

368 4879 513 4943 νίδας
550 4882 808 4951 ἐγάμουν.

441 4987 459 5020 ι
511 4970 597 5032 Ὡς
630 4971 683 5024 δὲ
725 4971 1100 5042 διεπορεύοντο
1128 4974 1227 5037 τὰς
1254 4973 1453 5036 πόλεις,
1484 4975 1807 5045 παρεδίδουν
1841 4975 1939 5028 αύ-

370 5061 481 5123 τιῖς
528 5060 821 5130 φυλάσσειν
854 5064 922 5117 τὰ
964 5064 1212 5134 δόγματα
1250 5064 1317 5117 τὰ
1362 5067 1666 5135 κεκριμένα
1699 5067 1807 5119 ὑπὸ
1838 5066 1946 5119 τῶν

373 5153 685 5207 ἀποστόλων
715 5156 805 5208 καὶ
834 5156 1220 5227 πρεσϐυτέρων
1244 5156 1351 5210 τῶν
1374 5158 1430 5210 ὲν
1471 5158 1882 5229 Ἰεροσολύμοις.
1928 5179 1946 5210 ι

436 5245 692 5316 Δόγμα-ια
718 5246 743 5285 Ιι
774 5246 954 5314 λέγει,
976 5249 1036 5300 οὐ
1066 5248 1125 5298 τὸ
1154 5246 1171 5286 1
1213 5250 1310 5319 τῆς
1338 5249 1604 5319 ὲνσάρκου
1638 5251 1948 5321 οἰκονομίας

380 5339 683 5408 μυστήριον
708 5354 722 5369 ο
751 5338 887 5409 ὅπερ
918 5341 1207 5411 κηρύσσων
1241 5341 1422 5409 ἕλεγε”
1454 5342 1603 5407 Μηδ¹
1632 5341 1708 5394 ἂν
1754 5342 1868 5412 ἐγὼ
1908 5342 1947 5411 ἦ

375 5428 567 5493 ἄλλος
602 5447 721 5496 τις,
752 5429 790 5499 ἢ
832 5431 1085 5503 ἅγγελος
1106 5432 1174 5497 ἐξ
1198 5434 1458 5503 οὐρανοῦ
1491 5435 1949 5505 εὐαγγελίσηται

445 5606 467 5637 ⁸
495 5606 540 5661 ll
573 5606 715 5663 Tim.
754 5624 830 5677 tv,
858 5612 913 5664 2.

454 5761 470 5801 ί
507 5762 571 5817 C.
599 5759 659 5813 C.
710 5756 791 5817 οῦ.

378 5829 397 5873 ι
434 5832 494 5887 C.
522 5831 585 5888 C.
615 5829 775 5886 οὕτω.

2048 4616 2286 4670 mulieris
2319 4615 2525 4671 Judwa:
2562 4613 2755 4683 ﬁdelis,
2817 4613 2869 4668 id
2925 4621 3007 4667 cst
3058 4628 3124 4668 ex
3155 4610 3374 4666 Iudaeis.
3414 4608 3617 4665 Obser-

2046 4707 2275 4760 vandum
2326 4715 2409 4763 est
2462 4715 2644 4759 autem
2674 4703 2887 4760 Judaaos
2927 4705 2998 4758 ita
3041 4704 3173 4773 legis
3215 4710 3621 4771 contemptores

2044 4798 2214 4855 fuisse
2236 4797 2432 4863 factos,
2449 4808 2506 4853 ut
2529 4813 2648 4854 cum
2678 4796 2880 4853 Grazcis
2908 4796 3173 4852 connubia
3195 4796 3509 4866 jungercnt.

2127 4973 2293 5030 Vens.
2326 4973 2378 5032 ό.
2422 4994 2439 5026 ι
2486 4974 2619 5029 Cum
2680 4982 2856 5029 autem
2904 4971 3304 5042 pertransirent
3349 4969 3632 5035 civitates,

2057 5066 2341 5119 tradebant
2370 5066 2450 5119 eis
2481 5064 2756 5119 custodire
2779 5063 3054 5132 dogmata,
3073 5077 3191 5132 quae
3222 5070 3379 5116 erant
3399 5060 3619 5116 decreta

2051 5159 2118 5212 ab
2150 5158 2406 5227 apostolis
2433 5167 2487 5211 et
2512 5156 2842 5227 presbyteris
2864 5156 2954 5225 qui
2980 5166 3134 5210 erant
3159 5153 3565 5224 Hierosolymis.
3596 5173 3614 5204 ι

2127 5251 2382 5320 Dogmata
2412 5249 2623 5315 dicens,
2649 5262 2753 5303 non
2783 5248 3018 5317 loquitur
3043 5246 3109 5300 de
3134 5245 3391 5315 mysterio
3427 5245 3621 5298 divina:

2049 5342 2469 5407 incarnationis,
2503 5340 2572 5395 de
2608 5354 2717 5409 quo
2770 5340 2976 5393 dixerat
3007 5354 3019 5391 :
3057 5335 3119 5392 Si
3177 5354 3290 5407 ego,
3325 5346 3417 5389 aut
3454 5337 3629 5405 quivis-

2056 5437 2214 5504 alius,
2240 5446 2330 5489 aut
2365 5435 2584 5507 angeius
2608 5435 2671 5488 de
2697 5432 2825 5488 certo
2864 5431 3295 5503 evangeliaaverit
3320 5432 3460 5486 vobis
3485 5447 3620 5500 pra:-

876 5765 900 5802 ε
928 5761 1189 5831 ὲπιπλήξ.
1294 5761 1320 5799 δ
1352 5763 1417 5820 G.
1449 5763 1509 5819 C.
1591 5779 1696 5820 om.
1731 5763 1895 5835 ὁρῶν.

2048 5764 2109 5821 C.
2140 5762 2198 5818 C.
2230 5758 2317 5834 ἧς.
2431 5763 2450 5814 l
2492 5760 2552 5817 C.
2586 5757 2648 5815 C.
2682 5759 3070 5832 μεμψιμύρων.
3184 5759 3211 5799 lt
3241 5756 3303 5813 6.
3330 5756 3395 5812 C.
3426 5754 3627 5827 δόγμα.
