4130 6542
522 420 657 486 1555

1683 421 1954 484 AMMON
1959 424 2020 484 II
2057 423 2588 490 ALEXANDle

3627 393 3778 480 1556

521 545 754 604 terquem
814 530 1108 601 accepistis,
1159 547 1222 586 ne
1274 531 1583 599 credatis“;
1615 534 1710 588 sed
1758 535 1997 603 loquitur
2027 535 2090 590 de

2201 540 2336 609 ὑμῖν
2364 542 2500 609 παρ’
2531 540 2561 595 ὃ
2589 538 2980 609 παρελάϐετε,
3007 530 3473 606 μεταπεισθῆτε.
3517 528 3680 581 Ἀλλὰ
3707 531 3777 580 τα

520 641 624 680 non
654 623 918 680 servanda
947 621 1364 677 circumcisione
1388 664 1404 688 ,
1437 634 1529 676 aut
1566 623 1688 680 aliis
1733 641 1855 693 quae
1889 626 1941 679 ln
1981 626 2095 695 lege

521 724 698 780 erant,
736 725 791 770 et
825 731 856 770 e
895 725 1084 770 contra
1117 716 1183 768 de
1215 712 1543 768 abstinentia
1587 717 1654 768 ab
1692 716 2027 787 idolothytis,
2063 734 2094 772 a

519 808 804 878 sanguine,
845 822 877 861 a
905 805 1180 861 suffocatis
1205 813 1262 860 et
1311 820 1340 858 a
1378 804 1765 873 fornicatione;
1802 808 1917 862 haec
1949 808 2094 863 enim

522 902 736 954 fuerant
776 899 888 952 visa
945 897 1174 967 Spiritui
1199 907 1390 953 sancto
1416 907 1471 951 et
1502 900 1718 953 decreta
1748 916 1776 952 a
1814 900 2095 968 discipulis

521 993 610 1062 qui
646 1001 801 1047 erant
827 989 1305 1060 Hierosolymis,et
1335 991 1676 1055 confirmata,
1709 999 1765 1046 et
1788 992 2019 1058 sancita,
2042 1000 2098 1047 et

521 1085 588 1139 ab
616 1083 972 1140 Antiocltenis
1003 1090 1240 1152 recepta.

591 1265 759 1324 Vens.
786 1265 844 1331 7,
873 1266 928 1322 8.
965 1281 982 1316 t
1015 1265 1077 1319 Et
1105 1279 1209 1319 non
1251 1263 1501 1334 permisit
1544 1279 1637 1318 ens
1678 1261 1913 1331 Spiritus
1944 1261 2096 1318 Jesu.

522 1359 659 1412 Cum
699 1369 882 1413 autem
916 1357 1342 1426 pertransissent
1385 1354 1653 1427 Mysiam,
1703 1354 2103 1410 descenderunt

523 1450 812 1506 Troadem.
855 1469 874 1504 ι

595 1539 900 1597 Notandum
930 1551 1014 1596 est
1043 1540 1175 1596 nihil
1206 1556 1270 1596 ex
1310 1543 1529 1612 proprio
1559 1558 1720 1598 sensu
1757 1543 1950 1600 fecisse
1973 1560 2103 1614 apo-

523 1633 708 1696 stolos,
742 1633 836 1687 sed
867 1632 1102 1702 Spiritus
1133 1634 1309 1689 sancti
1353 1635 1582 1704 impulsu
1627 1634 1821 1690 fecisse
1872 1646 1965 1688 aut
1996 1651 2099 1691 non

525 1723 737 1779 fecisse.
773 1722 962 1793 Itaque
991 1740 1094 1778 non
1117 1724 1234 1780 sine
1261 1725 1502 1794 periculo
1533 1727 1933 1795 vituperaretur
1960 1726 2102 1796 quod

2198 636 2327 705 περὶ
2363 633 2457 686 τοῦ
2507 633 2582 704 μὴ
2611 629 2976 702 φυλάττεσθαι
3021 628 3120 697 τὴν
3160 621 3486 696 περιτομὴν,
3536 622 3632 674 καὶ
3675 619 3778 672 ὅσα

2196 728 2409 789 τούτοις
2432 728 2613 796 ὅμοια,
2635 724 2670 779 ἃ.
2703 725 2761 780 ἐν
2790 722 2869 794 τῷ
2895 723 3046 791 νόμῳ
3073 715 3142 788 ἦν
3161 734 3174 746 ·
3211 715 3347 770 ἀλλὰ
3380 715 3438 767 τὸ
3473 709 3779 781 ἀπέχεσθαι

2197 815 2585 878 εἰδωλοθύτων,
2622 814 2714 868 καὶ
2761 813 2996 883 αἵματος
3023 849 3036 872 ,
3073 806 3169 860 καὶ
3201 802 3428 858 πνικτοῦ
3453 843 3467 864 ,
3517 801 3612 855 καὶ
3642 816 3780 869 πορ-

2198 908 2368 972 νείαςο
2392 906 2564 960 ταῦτα
2590 906 2700 976 γὰρ
2726 901 2794 976 ἦν
2823 903 3053 970 δόξαντα
3081 899 3158 969 τῷ
3183 895 3322 966 ἁγίῳ
3353 894 3655 963 Πνεύματι,
3684 889 3784 944 καὶ

2199 999 2563 1054 θεσπισθέντα
2581 997 2670 1051 διὰ
2691 996 2802 1050 τῶν
2833 997 2892 1048 ἐν
2940 989 3340 1064 Ἱεροσολύμοις
3373 983 3655 1056 μαθητῶν,
3684 983 3784 1034 καὶ

2202 1090 2590 1162 βεϐαιωθέντα,
2626 1091 2720 1143 καὶ
2751 1086 3143 1160 κρατυνθέντα,
3179 1083 3274 1135 καὶ
3323 1077 3582 1148 δεχθέντα
3630 1074 3717 1127 διὰ
3741 1084 3782 1110 ι·

2201 1187 2308 1238 τῶν
2338 1188 2396 1238 ἐν
2447 1185 2772 1253 Ἀντιοχείᾳ.
3731 1167 3747 1182 ι

2277 1297 2295 1328 ‹
2330 1277 2437 1330 Kal
2469 1277 2567 1330 οὐκ
2599 1277 2781 1328 εῖασεν
2814 1272 3010 1335 αὐτοὺς
3048 1269 3108 1323 τὸ
3141 1268 3367 1337 Πνεῦμα
3395 1264 3570 1334 Ἰησοῦ
3595 1281 3608 1295 ο
3639 1278 3786 1332 παρ-

2201 1370 2446 1432 ελθόντες
2475 1367 2532 1421 δέ
2562 1367 2661 1438 τὴν
2708 1364 2947 1430 Μυσίαν,
3007 1362 3322 1432 κατέδησαν
3353 1361 3432 1422 εἰς
3464 1355 3720 1427 Τρωάδα.
3759 1373 3776 1404 ι

2272 1549 2616 1626 Σημειωτέον
2655 1551 2738 1604 ὅτι
2775 1548 2928 1604 οὐδὲν
2977 1545 3195 1600 ἐποίουν
3239 1541 3345 1611 ἰδίᾳ
3381 1536 3641 1608 αὐθεντίᾳ
3673 1545 3697 1572 η
3729 1534 3783 1587 oi

2205 1647 2521 1702 ἀπόστολον
2556 1644 2693 1699 ἀλλὰ
2726 1643 2904 1696 πάντα
2933 1641 2968 1696 ἃ
3001 1640 3241 1701 ἐποίουν,
3265 1635 3372 1689 ὑπὸ
3403 1632 3498 1687 τοῦ
3531 1629 3786 1698 Πνεύμαο

2203 1757 2293 1803 τος
2320 1739 2632 1807 νυττόμενοι
2661 1735 2903 1799 ἐποίουν,
2937 1732 2971 1802 ἢ
3001 1733 3102 1784 οὐκ
3123 1729 3361 1782 ἐποίουν·
3391 1723 3650 1807 ὥστε-οῦν
3679 1722 3784 1773 οῦκ

525 1815 592 1866 ab
621 1814 884 1882 apostolis
923 1814 1205 1885 agebatur,
1239 1831 1413 1885 neque
1443 1827 1648 1870 temere
1680 1817 2098 1887 investigaretur

2206 1830 2490 1884 ἀκίνδυνον
2537 1823 2852 1898 μέμφεσθαι
2897 1823 2966 1876 τὰ
2997 1822 3102 1875 ὑπὸ
3143 1820 3252 1873 τῶν
3283 1816 3594 1871 ἀποστόλων
3628 1813 3784 1880 γινο-

523 1906 664 1971 qnod
700 1919 732 1960 a
772 1915 967 1960 sancto
1009 1905 1215 1975 Spiritu
1265 1907 1710 1977 praecipiebatur;
1763 1923 2098 1976 nequaquam

2207 1941 2364 1992 μενα,
2403 1922 2435 1992 ἦ
2468 1919 2946 1989 πολυπραγμονεῖν
2970 1917 3037 1968 τὰ
3063 1914 3169 1966 ὑπὸ
3198 1911 3291 1964 τοῦ
3321 1911 3640 1978 Πνεύματος
3663 1905 3782 1957 διας

525 1998 693 2064 igitur
711 2007 794 2050 est
823 1998 1206 2066 inquirendum
1236 2014 1333 2052 cur
1374 1999 1613 2069 Spiritus
1642 1999 1810 2053 Paulo
1841 2017 1943 2053 non
1979 2016 2101 2070 per-

523 2089 735 2143 miserit
765 2089 818 2142 in
847 2089 974 2142 Asia
1009 2091 1321 2158 praedicare.

583 2179 752 2236 Vens.
783 2182 840 2238 9.
881 2202 898 2234 t
934 2183 998 2238 Et
1025 2184 1161 2237 visio
1189 2199 1286 2254 per
1318 2194 1528 2240 noctem
1559 2184 1726 2239 Paulo
1752 2195 1969 2242 ostensa
1996 2196 2098 2241 est.

522 2273 621 2328 Vir
651 2273 872 2330 Macedo
905 2276 1122 2345 quidam
1153 2285 1270 2330 erat
1296 2289 1470 2338 stans,
1493 2289 1544 2331 et
1574 2277 1873 2344 deprecans
1901 2295 2022 2334 eunt
2045 2290 2101 2334 et

518 2365 706 2420 dicens
747 2377 764 2418 :
803 2363 1100 2420 Trausiens
1123 2366 1175 2419 in
1207 2366 1612 2432 Macedoniam,
1639 2369 1833 2437 adjuva
1868 2386 1986 2425 nos.
2027 2388 2045 2422 ο

590 2456 704 2512 Non
725 2457 836 2528 jam
862 2473 959 2526 per
977 2457 1251 2528 angelum,
1285 2466 1344 2512 ut
1375 2459 1680 2530 Philipp-us,
1708 2469 1768 2516 ut
1789 2461 2098 2526 Cornelius,

518 2558 771 2603 monetur
803 2565 817 2602 :
848 2548 945 2604 sed
982 2550 1152 2620 quid?
1199 2550 1250 2604 in
1301 2550 1515 2607 visione
1552 2562 1778 2622 apparet
1809 2552 1858 2606 ei
1897 2553 2098 2622 aliquid

519 2639 764 2704 ltumani,
805 2654 912 2693 non
940 2639 1053 2707 jam
1083 2640 1296 2695 divini:
1337 2642 1425 2695 ubi
1459 2643 1604 2697 enim
1656 2643 1811 2696 facile
1849 2653 1932 2698 est
1980 2659 2101 2714 per-

431 2719 446 2730 ’
515 2730 770 2796 euadere,
830 2732 1161 2798 humanum;
1202 2733 1294 2788 ttbi
1348 2743 1528 2788 autem
1565 2750 1666 2788 non
1709 2734 1810 2789 nisi
1855 2750 1951 2804 per
1993 2737 2098 2790 vim

517 2823 771 2889 multam,
793 2823 1037 2879 divinum
1075 2844 1089 2880 :
1123 2827 1380 2895 quoniam
1422 2842 1551 2896 ergo
1602 2829 1670 2880 ad
1698 2829 2098 2896 praedicandum

517 2915 826 2971 incitandus
859 2928 1042 2980 esset,
1076 2917 1350 2972 somnium
1402 2919 1453 2973 ei
1505 2919 1882 2974 tantummodo
1930 2920 2101 2974 mitti-

517 3016 644 3072 tur;
678 3022 785 3061 non
819 3007 966 3062 enim
993 3009 1290 3077 praedicare
1340 3024 1448 3062 non
1489 3009 1731 3073 tulisset;
1768 3009 1819 3062 in
1867 3023 1988 3064 eunt
2033 3010 2096 3064 fi-

515 3113 637 3152 nem
664 3100 864 3153 revelat
889 3097 1124 3168 Spiritus
1159 3110 1408 3166 sanetus,
1448 3101 1592 3155 sicut
1643 3110 1697 3154 et
1729 3101 1856 3154 alibi
1889 3102 1957 3155 ad
1995 3103 2097 3156 l’e-

2203 2017 2374 2070 τυπού
2385 2032 2518 2085 μενα
2537 2031 2548 2044 ·
2567 2015 2624 2067 ού
2649 2013 2728 2065 δεῖ
2751 2006 2844 2064 οὖν
2871 2010 3076 2078 ζητεῖν,
3095 2005 3239 2072 διατί
3258 2005 3366 2073 ἄρα
3385 2002 3484 2055 οὐκ
3511 1997 3786 2068 ἐπέτρεψε

2201 2109 2262 2162 τὸ
2293 2107 2518 2176 Πνεῦμα
2544 2106 2622 2176 τῷ
2653 2102 2852 2173 Παύλῳ
2883 2100 3120 2170 κηρύξαι
3153 2100 3210 2150 ἐν
3253 2096 3426 2166 Ἀσίᾳ.

2281 2220 2296 2252 t
2339 2200 2449 2254 Καὶ
2475 2199 2658 2269 ὅραμα
2689 2196 2777 2249 διὰ
2820 2194 3014 2256 νυκτὸς
3045 2192 3200 2261 ὤφθη
3253 2189 3328 2259 τῷ
3375 2187 3593 2255 Παύλῳ·
3645 2183 3790 2254 ἀνὴρ

2201 2291 2469 2348 Μακεδών
2497 2308 2582 2353 τις
2610 2285 2678 2360 ἦν
2735 2286 2905 2350 ἐστὼς
2929 2326 2943 2348 ,
2983 2287 3077 2337 καὶ
3113 2282 3449 2352 παρακαλῶν
3498 2277 3660 2331 αὑτὸν
3693 2277 3790 2330 καὶ

2201 2384 2377 2452 λέγων
2411 2399 2424 2411 ⁸
2456 2378 2659 2442 Διαϐὰς
2686 2380 2766 2438 εἰς
2797 2374 3154 2430 Μακεδονίαν,
3192 2371 3460 2442 βοήθησον
3488 2371 3675 2438 ἡμῖν.)

2273 2468 2476 2522 Οὐκέτι
2509 2467 2622 2536 (15)
2655 2464 2723 2517 δι’
2744 2465 2981 2532 ἀγγέλου
3008 2462 3262 2530 καθάπερ
3292 2459 3580 2522 Φίλιππος,
3614 2455 3789 2511 καθά-

2204 2575 2309 2630 περ
2339 2556 2654 2629 Κορνήλιος·
2685 2553 2819 2630 ἀλλὰ
2852 2553 2936 2618 τί;
2961 2552 3028 2604 δι’
3056 2551 3332 2621 ὁράματος
3357 2547 3608 2616 φαίνεται
3639 2543 3791 2615 αὐτῷ

2202 2629 2390 2705 λοιπὸν
2421 2629 2928 2719 ἀνθρωπινώτερον,
2958 2643 3145 2696 οὐκέτι
3176 2640 3449 2710 θειότερον
3470 2655 3484 2669 ·
3514 2636 3644 2690 ἔνθα
3676 2637 3790 2704 γὰρ

2203 2743 2424 2798 εῦκολον
2493 2741 2553 2794 τὸ
2605 2737 2918 2807 πεισθῆναι,
2975 2731 3468 2805 ἀνθρωπινώτερον
3497 2745 3511 2761 ο
3549 2727 3678 2781 ἔνθα
3727 2726 3790 2779 δὲ

2203 2837 2370 2906 πολλῇ
2406 2834 2517 2905 βίᾳ,
2542 2831 2836 2900 θειότερον·
2871 2828 3056 2898 ἐπειδὴ
3087 2826 3192 2895 γὰρ
3223 2823 3462 2895 κηρύξαι
3497 2822 3595 2893 μὲν
3626 2819 3789 2889 ἠπείο

2198 2947 2349 2999 γετο,
2379 2927 2538 2998 μόνον
2563 2927 2641 2988 εἰς
2679 2923 2840 2978 τοῦτο
2867 2922 3002 2990 ὄναρ
3029 2919 3280 2988 φαίνεται
3309 2916 3478 2985 αὐτῷ·
3513 2915 3585 2984 μὴ
3612 2911 3789 2984 κηρύο

2204 3022 2291 3087 ξαι
2307 3022 2363 3073 δέ
2386 3020 2483 3071 οὐκ
2512 3017 2577 3071 ἂν
2602 3014 2862 3086 ἠνέσχετο
2883 3030 2895 3044 ο
2929 3012 3009 3074 είς
3033 3009 3191 3062 τοῦτο
3224 3007 3447 3076 Πνεῦμα
3467 3007 3622 3072 ἅγιον
3651 3004 3788 3054 ἁπο-

2203 3113 2498 3166 καλύπτει·
2529 3109 2672 3162 οὕτω
2703 3107 2798 3159 καὶ
2827 3106 2945 3158 ἐκεῖ
2977 3103 3055 3174 τῷ
3085 3102 3296 3172 Πέτρῳ,
3342 3096 3638 3160 Ἀναστὰς
3673 3111 3785 3147 κα-

515 3201 658 3244 trum
693 3207 708 3247 :
734 3190 986 3261 Pergam,
1015 3192 1211 3262 inquit,
1239 3192 1492 3248 descende
1517 3195 1536 3225 ⁷
1565 3210 1581 3250 :
1617 3193 1790 3248 facilia
1821 3195 1964 3248 enim
1992 3210 2098 3250 non

2203 3204 2442 3272 τὰὄηθι·
2473 3201 2536 3254 οὐ
2567 3199 2676 3270 γὰρ
2705 3199 2769 3269 δὴ
2802 3197 2894 3250 καὶ
2926 3196 2996 3248 τὰ
3025 3193 3224 3246 εὔκολα
3252 3192 3312 3244 τδ
3339 3188 3570 3258 Πνεῦμα
3597 3185 3788 3256 εἰργά-

518 3283 754 3339 faciebat
781 3281 1040 3353 Spiritus,
1083 3284 1178 3339 sed
1215 3286 1350 3340 satis
1373 3297 1493 3339 erat
1522 3286 1812 3341 somnium.
1835 3285 2102 3352 Qumcnn-

517 3391 625 3445 que
655 3377 866 3432 somnia
893 3377 1186 3432 utilitatem
1221 3383 1275 3432 et
1297 3380 1554 3447 pietatem
1579 3394 1688 3447 pra:
1718 3393 1778 3432 se
1810 3378 2009 3442 ferunt,
2034 3379 2102 3435 iis

520 3485 714 3536 parere
732 3479 946 3540 oportet
967 3489 980 3538 ;
1005 3471 1302 3529 illiusmodi
1321 3471 1464 3527 enim
1491 3481 1701 3527 tantum
1732 3472 1785 3526 in
1815 3471 2097 3542 Scriptura

521 3558 854 3615 referuntur.

590 3650 875 3709 Vsnsdl.
910 3672 928 3706 ι
966 3651 1294 3726 Navigantes
1339 3663 1520 3710 autem
1571 3671 1601 3710 a
1649 3655 1893 3720 Troade,
1949 3666 2100 3712 recte

518 3762 680 3801 cursu
708 3747 960 3803 venimus
991 3747 1455 3806 Samothraciam.
1479 3759 1535 3804 et
1561 3749 1809 3819 sequenti
1843 3750 1929 3804 die
1956 3748 2098 3804 Nea-

517 3841 701 3909 polim.
744 3859 765 3894 ι

587 3931 720 3986 Cum
756 3932 924 3987 Paulo
956 3933 1008 3988 itt
1048 3934 1304 3990 omnibus
1351 3935 1462 3991 illis
1498 3935 1813 3990 civitatibus
1843 3949 1946 3988 una
1981 3945 2101 3988 erat

516 4025 693 4079 Lucas
717 4043 730 4076 :
763 4026 1032 4096 siquidem
1057 4028 1298 4095 seipsum
1321 4027 1736 4095 comprehendit
1767 4043 1892 4081 eum
1922 4027 2053 4081 dicit
2082 4044 2096 4080 :

519 4117 893 4184 Quwsivimus,
929 4129 1067 4172 recto
1085 4135 1245 4174 cursu
1273 4121 1526 4173 venimus.

586 4298 752 4354 Vens.
783 4300 870 4356 15.
915 4319 933 4352 t
975 4301 1068 4356 Die
1120 4311 1300 4355 autem
1351 4302 1712 4358 Sabbatorum
1747 4303 1952 4373 egressi
2003 4319 2097 4358 su-

516 4405 638 4444 mus
669 4391 812 4446 foras
844 4392 1032 4447 urbem
1065 4392 1220 4464 juxta
1256 4393 1482 4460 ﬂumen,
1528 4395 1620 4450 ubi
1653 4394 1938 4450 videbatur
1968 4411 2097 4451 ora-

519 4484 593 4535 tio
630 4496 771 4537 esse.
805 4500 825 4534 ι

2207 3296 2349 3362 ζετο,
2389 3293 2506 3347 ἀλλ’
2530 3293 2692 3364 ἢρκει
2726 3291 2822 3345 καὶ
2855 3289 3011 3360 ὄναρ.

2277 3388 2420 3440 Ὅσα
2470 3385 2589 3437 ἐστὶ
2646 3381 2953 3451 κοινωφελῆ
3014 3379 3268 3450 ὁράματα
3320 3373 3417 3429 καὶ
3471 3370 3788 3432 θεοσεϐείας

2203 3480 2463 3551 ἐχόμενα,
2487 3476 2698 3540 τούτοις
2727 3475 2809 3529 δεῖ
2836 3473 3156 3544 πειθαρχεῖν
3185 3488 3200 3503 °
3229 3467 3406 3522 ταῦτα
3429 3467 3539 3538 γὰρ
3568 3466 3659 3518 καὶ
3685 3465 3786 3517 ἀν-

2203 3573 2524 3644 εγράφησαν
2551 3570 2690 3640 μόνα
2721 3569 2780 3621 ἐν
2809 3570 2874 3638 τῇ
2900 3567 3114 3637 Γραφῇ.

2280 3682 2298 3714 t
2357 3662 2710 3730 Ἀναχθέντες
2731 3653 2825 3711 οὖν
2853 3656 2962 3709 ἀπὸ
2984 3654 3259 3725 Τρωάδος,
3293 3649 3789 3720 εὐθυδρομήσαμεν

2204 3758 2284 3821 εἰς
2309 3755 2693 3828 Σαμοθρᾴκην,
2730 3754 2797 3824 τῇ
2827 3751 2884 3804 δέ
2915 3747 3146 3820 ἐπιούσῃ
3177 3748 3256 3810 είς
3283 3744 3577 3813 Νεάπολιν.
3616 3761 3634 3792 ο

2275 3933 2619 4007 Σημειωτέον
2646 3935 2731 3988 ὄτι
2765 3934 2863 3986 σῦν
2894 3932 2971 4003 τῷ
3006 3930 3206 4000 Παύλῳ
3232 3924 3300 4000 ἦν
3339 3928 3398 3980 ἐν
3429 3929 3546 3988 ταῖς
3592 3925 3783 3977 πόλεσι

2201 4029 2427 4092 ταύταις
2461 4031 2492 4082 ὁ
2523 4029 2740 4091 Λουκᾶς
2767 4043 2781 4058 ⁸
2804 4025 2879 4089 ὡς
2911 4025 2971 4088 ἐξ
2999 4018 3073 4078 ὧν
3109 4023 3204 4077 καὶ
3241 4021 3300 4074 τὸ
3333 4022 3626 4090 πρόσωπον
3656 4020 3786 4070 ἐαυο

2200 4121 2295 4174 τοῦ
2333 4119 2866 4191 συμπεριλαμϐάνει,
2898 4117 3074 4184 λέγων
3095 4133 3107 4146 ·
3156 4113 3576 4182 Ἑζητήσαμεν,
3607 4112 3783 4163 εὐθυ-

2201 4211 2610 4282 δρομήσαμεν.

2279 4323 2297 4355 t
2331 4304 2414 4375 Τῇ
2448 4321 2508 4356 τε
2535 4302 2721 4375 ἡμέρᾳ
2748 4301 2858 4355 τῶν
2890 4299 3188 4354 Σαϐὁὰτων
3216 4297 3511 4368 ἐξήλθομεν
3547 4295 3650 4361 ἔξω
3681 4295 3782 4363 τῆς

2203 4395 2414 4457 πόλεως
2458 4393 2610 4463 παρὰ
2658 4390 2926 4462 ποταμὸν,
2977 4381 3039 4442 οῦ
3101 4387 3382 4457 ἐνομίζετο
3441 4385 3718 4456 προσευχὴ
3754 4393 3782 4420 ⁸

2201 4483 2366 4541 εἶναι.
2394 4505 2412 4537 ι

582 4573 753 4628 Juxta
781 4575 976 4644 ﬂumen
1007 4577 1096 4629 ubi
1126 4575 1403 4631 videbatur
1437 4579 1606 4632 oratio
1646 4594 1776 4632 esse.
1824 4579 1961 4645 Quia
1987 4595 2089 4634 non

2268 4575 2434 4644 Παρὰ
2463 4575 2729 4644 ποταμὸν
2754 4567 2824 4628 οὗ
2856 4569 3150 4639 ἐνομίζετο
3204 4566 3516 4637 προσευχῆ
3562 4567 3678 4638 (sic)
3706 4563 3784 4620 εἷ-

516 4672 635 4717 crat
662 4664 733 4719 ibi
762 4679 1035 4736 synagoga
1065 4677 1286 4735 propter
1308 4667 1659 4736 paucitatem,
1683 4666 1836 4737 juxta
1873 4667 2092 4734 flumen,

519 4766 672 4813 extra
701 4757 911 4824 urbem,
945 4758 1082 4814 clam
1111 4759 1182 4832 pii
1214 4759 1709 4831 congregabantur.

591 4933 761 4992 Vxns.
795 4934 884 4991 ιι.
917 4955 936 4987 ι
967 4934 1034 4989 Ει
1081 4935 1326 5006 quaedam
1377 4935 1573 4990 mulier
1637 4938 1853 4991 nomine
1907 4936 2093 5007 Lydia,

523 5026 848 5094 purpuraria
890 5025 1130 5080 civitatis
1178 5022 1656 5098 Tltyatirenorum,
1688 5025 1873 5081 colens
1903 5023 2095 5091 Deum,

523 5115 751 5169 audivit.
791 5134 811 5168 ›

596 5204 902 5262 Notandum
945 5206 1252 5278 praecedere
1303 5208 1624 5263 catecheses
1650 5251 1664 5272 ,
1707 5216 1782 5270 et,
1817 5221 2100 5278 postquam

531 5295 804 5351 auditores
831 5298 1058 5353 verbum
1096 5299 1428 5370 receperint,
1453 5297 1708 5368 subsequi
1744 5299 2098 5366 baptismum.

595 5455 615 5484 ‘
637 5451 813 5507 Galat.
844 5469 883 5521 ι,
910 5453 964 5508 8.
1039 5455 1061 5488 ⁷
1091 5453 1212 5509 Act.
1243 5471 1298 5519 ι,
1330 5452 1423 5508 20.

2201 4684 2317 4722 ναι·
2348 4665 2551 4737 μᾶλλον
2573 4666 2648 4735 μὴ
2672 4662 2839 4730 οῦσης
2858 4664 2973 4715 ἐκεῖ
2995 4661 3317 4729 συναγωγῆς
3337 4660 3425 4714 διὰ
3441 4660 3501 4712 τὸ
3533 4657 3778 4723 σπάνιον,

2203 4761 2356 4830 παρὰ
2381 4759 2473 4812 τὸν
2504 4755 2750 4827 ποταμὸν
2780 4753 2885 4820 ἔξω
2909 4755 3007 4824 τῆς
3043 4752 3248 4816 πόλεως
3278 4752 3452 4822 λάθρα
3484 4751 3782 4821 συνήγοντο

2201 4853 2249 4905 οἱ
2287 4851 2450 4920 δῆθεν
2485 4846 2782 4908 θεοσεϐεῖς.

2279 4960 2296 4992 t
2334 4939 2440 4993 Καί
2466 4957 2550 5003 τις
2581 4936 2719 5008 γυνὴ
2747 4936 2972 5006 ὀνέματι
3001 4934 3191 4998 Λυδία,
3227 4932 3648 5004 πορφυρόπωλις
3678 4933 3780 4990 πό-

2199 5035 2338 5098 λεως
2367 5033 2705 5104 Θυατείρων,
2743 5031 3012 5101 σεϐομένη
3044 5031 3134 5084 τὸν
3173 5029 3327 5091 Θεὸν,
3362 5030 3577 5099 ηκουεν.
3615 5045 3633 5078 ι

2270 5206 2618 5278 Σημειωτέον
2652 5209 2735 5260 ὅτι
2764 5206 2844 5258 δεῖ
2876 5205 3093 5277 πρῶτον
3134 5204 3230 5267 τὰς
3262 5204 3593 5274 κατηχήσεις
3625 5203 3778 5272 γίνε-

2201 5299 2323 5354 σθαι
2358 5302 2455 5355 καὶ
2482 5303 2608 5355 ὅταν
2641 5301 2898 5366 δέξωνται
2924 5299 3014 5352 τὸν
3040 5297 3196 5366 λόγον
3219 5299 3267 5350 οἱ
3298 5297 3590 5360 ἀκούοντες
3611 5336 3624 5361 ,
3655 5298 3777 5350 τότε

611 5615 652 5650 τι
675 5583 914 5682 ’κρατυθ.
947 5613 1042 5666 καὶ
1073 5611 1222 5683 δεχθ.
1257 5611 1345 5664 διὰ
1371 5612 1495 5666 add.
1525 5626 1632 5667 rec.
1675 5629 1754 5666 nt.
1824 5619 1852 5648 η
1884 5613 1923 5666 G
1973 5611 2036 5666 C.
2071 5629 2098 5664 α

2207 5612 2380 5683 ντείᾳ.
2452 5620 2473 5644 °
2497 5610 2632 5668 Cod.
2671 5615 2973 5687 προσευχῆ.

532 5796 534 5798 τ
594 5766 1354 5842 (13)Cod.C9isl.__'_1‘06Xp.
1387 5768 1598 5828 Revera
1667 5769 1778 5824 haec
1808 5769 1991 5838 paucis
2057 5767 2276 5824 mutatis
2318 5767 2496 5839 legere
2543 5779 2625 5825 est
2696 5768 2982 5842 Cbrysost.
3032 5772 3218 5827 bomil.
3279 5774 3330 5827 in
3399 5773 3533 5826 Acta
3589 5784 3775 5835 xxxiv,

531 5849 727 5896 nostra:
757 5841 887 5895 edit.
918 5839 1008 5905 IX,
1035 5839 1162 5894 250.
