4130 6538
260 5950 269 5953 ν
348 5904 456 5962 Ἴ).
498 5904 557 5961 C.
588 5923 610 5957 ε

318 468 319 471 η
382 442 513 510 1557

1290 458 1747 523 FRAGMENTA
1795 463 1877 523 ΙΝ
1918 466 2102 526 ACTA
2146 466 2720 529 APOSTOLORUM.

3488 462 3624 531 1558
3666 442 3668 446 “

374 571 657 642 ἰπιφέρειν
704 573 799 626 καὶ
848 573 909 629 τὸ
940 574 1241 649 βάπτισμα.
1289 580 1353 633 Ei
1396 580 1454 634 δέ
1500 599 1584 645 τις
1623 582 1935 653 τολμήσειεν

2053 582 2157 638 Sed
2190 586 2232 638 si
2265 586 2388 655 quis
2420 587 2617 640 audeat
2667 585 2885 639 dicere:
2937 582 3077 637 Ecce
3128 596 3288 653 quem
3339 582 3453 639 vult
3482 583 3624 637 Deus

372 666 569 729 εἰπεῖν,
609 666 691 719 δτι
734 664 863 721 Ἰδοὺ
885 667 943 721 δν
980 669 1228 740 βούλεται
1270 673 1299 725 6
1344 671 1475 737 Θεὸς
1513 673 1710 740 σώζειο
1740 674 1797 727 δν
1842 673 1949 747 γὰρ

2052 675 2261 731 salvum
2314 674 2477 742 facit;
2510 676 2668 746 cujus
2701 676 2843 730 enim
2873 674 2984 730 vult
3042 676 3350 742 miseretur,
3384 682 3439 732 et
3471 675 3626 745 cujus

373 752 712 809 θέλειὲλεεῖ·
747 760 840 810 καὶ
869 753 930 813 οὗ
961 758 1141 827 θέλει,
1170 761 1433 833 διανοίγει
1466 763 1563 833 τὴν
1599 764 1845 836 καρδίανε
1875 765 1935 827 ὠς

2052 764 2169 819 vult
2194 780 2290 820 cor
2316 766 2527 835 aperit;
2578 765 2704 834 quia
2736 765 2791 820 in
2822 766 2987 820 Deum
3018 780 3240 820 causam
3271 767 3388 822 vult
3423 764 3629 821 referre

372 843 554 915 ζητῶν
582 846 731 918 αὐτῷ
758 847 856 919 τὴν
878 850 1058 905 αἰτίαν
1089 854 1355 925 περιάψαι
1383 854 1473 908 τοῦ
1502 854 1771 920 σώζεσθαι
1805 857 1949 927 ἡμᾶς

373 934 404 1004 ἢ
441 934 515 1006 μὴ
552 934 851 999 σώζεσθαι*
886 938 972 993 ῐνα
1008 940 1184 995 αίτιον
1212 938 1354 1000 εἶναι
1378 943 1471 996 τὸν
1503 944 1636 996 Θεὸν
1679 947 1945 1015 φήσωσιν.

373 1024 515 1096 Ὀρα
544 1027 673 1098 γὰρ,
706 1029 861 1098 φησὶ,
895 1030 1013 1095 πῶς
1042 1032 1276 1104 διήνοιξε
1309 1033 1408 1104 τὴν
1444 1035 1673 1106 καρδίαν
1706 1036 1806 1106 τῆς
1836 1038 1947 1090 Λυ-

370 1116 490 1182 δίας
514 1134 527 1148 ·
558 1120 693 1190 πρὸς
729 1120 789 1175 δν
821 1122 903 1175 δεῖ
926 1124 1099 1177 εἰπεῖν
1122 1141 1135 1155 ·
1177 1125 1485 1194 Ἐρευνᾶτε
1521 1128 1629 1193 τὰς
1662 1129 1908 1197 Γραφάς
1930 1146 1944 1160 ⁶

370 1218 399 1268 6
428 1215 535 1286 γὰρ
574 1216 647 1287 μὴ
682 1218 919 1289 ἐρευνῶν
948 1220 1045 1292 οὐχ
1085 1221 1330 1293 εὑρίσκει
1369 1223 1430 1275 τὸ
1475 1223 1832 1293 ζητούμενον.
1884 1226 1948 1278 Τί

370 1305 462 1362 οὖν
484 1326 668 1380 φαμεν
690 1310 828 1364 Θεοῦ
853 1312 1057 1384 χάριτι,
1090 1314 1118 1366 δ
1142 1316 1233 1368 ἐπὶ
1262 1315 1356 1368 τοῦ
1383 1318 1684 1387 Κορνηλίου
1715 1316 1908 1388 ἐλέχθη
1931 1335 1946 1384 ;

368 1402 449 1452 δτι
473 1401 709 1465 ἐκείνοις
741 1402 948 1471 ἀνοίγει
980 1404 1152 1475 θύραν
1182 1408 1209 1459 6
1238 1404 1371 1470 Θεὸς
1408 1410 1519 1470 τοῖς
1553 1408 1821 1471 θεοσεϐῶς
1849 1409 1948 1478 μὲν

369 1489 521 1557 ζῶσι,
555 1492 931 1565 πλανωμένοις
973 1497 1029 1550 δὲ
1067 1498 1198 1568 περὶ
1229 1498 1325 1569 τὴν
1357 1500 1563 1566 πίστιν,
1590 1500 1677 1553 διὰ
1711 1503 1811 1570 τὴν
1847 1520 1948 1555 πα-

367 1586 772 1657 τροπαράδοτον
794 1590 1191 1642 κακοπιστίανο
1228 1591 1338 1644 ἰδοὺ
1369 1592 1479 1666 γὰρ
1502 1594 1596 1646 καὶ
1627 1594 1763 1663 αὑτὴ
1793 1594 1945 1646 ἕσεὸε

370 1675 467 1743 μὲν
480 1676 569 1729 τὸν
591 1677 742 1741 Θεὸν,
764 1681 949 1751 ἠγνόει
970 1680 1024 1732 δὲ
1055 1681 1114 1735 τὸ
1136 1683 1251 1746 πῶς
1268 1685 1349 1737 δεῖ
1364 1686 1625 1755 σωθῆναι,
1646 1689 1782 1757 ὅπερ
1808 1689 1942 1759 αὐτῇ

363 1768 392 1817 6
431 1768 634 1838 Κύριος
662 1771 1019 1843 ἀνεπλήρωσε
1056 1774 1145 1826 διὰ
1177 1775 1279 1845 τῆς
1312 1776 1547 1847 ἀληθοῦς
1572 1779 1941 1841 διδασκαλίας·

363 1856 437 1920 ὡς
471 1857 531 1910 τὸ
561 1861 724 1929 ῥητόν
753 1878 885 1930 φησι
910 1879 925 1894 ·
964 1864 1257 1933 Σεϐομένη
1292 1866 1396 1919 τὸν
1430 1870 1597 1921 Θεόν.
1640 1870 1731 1922 Ἐκ
1763 1870 1819 1923 δὲ
1846 1870 1942 1923 τοῦ

2051 871 2150 909 cur
2170 855 2442 909 salvemur
2462 866 2556 909 aut
2580 871 2683 910 non
2712 855 3018 922 salvemnr;
3044 856 3085 910 si
3123 857 3189 909 ad
3252 856 3302 911 id
3339 856 3629 925 perlicien-

2051 948 2178 1001 dum
2209 948 2395 1002 dicat:
2440 947 2573 1002 Vide
2617 945 2887 1016 quomodo
2943 961 3041 1000 cor
3090 945 3273 1017 Lydiae
3314 949 3626 1015 aperuerit;

2053 1037 2124 1091 illi
2179 1036 2612 1105 respondendum
2655 1051 2670 1087 :
2730 1034 3058 1091 Scrutamini
3094 1035 3402 1105 Scriptura:
3428 1038 3488 1104 ';
3533 1040 3628 1109 qui

2048 1130 2192 1185 enim
2229 1143 2335 1185 non
2386 1138 2678 1193 scrutatur,
2728 1129 3011 1199 quaesitum
3063 1145 3167 1185 non
3220 1130 3446 1186 invenit.
3478 1131 3627 1198 Quo-

2051 1219 2209 1273 modo
2244 1218 2411 1287 igitur
2440 1217 2530 1272 Dei
2563 1219 2750 1287 gratize
2794 1218 3084 1273 tribuimus
3108 1219 3251 1286 quod
3286 1221 3350 1273 de
3374 1220 3627 1275 Cornelio

2050 1309 2440 1374 dicitur?Quia
2469 1309 2610 1363 Deus
2633 1318 2843 1379 portam
2874 1310 2940 1364 iis
2966 1312 3137 1378 aperit
3158 1312 3249 1379 qui
3286 1312 3426 1377 piam
3461 1313 3623 1367 vitam

2049 1401 2269 1471 degunt,
2296 1401 2392 1456 sed
2421 1403 2561 1454 circa
2595 1402 2774 1467 fidem,
2808 1402 2877 1455 ob
2903 1416 3145 1457 errorem
3180 1419 3208 1457 a
3242 1404 3484 1471 patribus
3513 1414 3627 1459 tra-

2049 1494 2244 1558 ditum,
2280 1505 2492 1548 errant.
2521 1494 2661 1549 Ecce
2699 1496 2843 1549 enim
2869 1496 3036 1567 Lydia
3089 1511 3305 1566 quoque
3342 1496 3505 1551 Deum
3533 1513 3627 1552 εοε-

2049 1586 2213 1649 lebat,
2245 1589 2339 1640 sed
2360 1587 2640 1641 nesciebat
2671 1589 2943 1656 quomodo
2968 1587 3170 1642 salvari
3192 1598 3460 1657 oporteat,
3481 1591 3626 1657 quod

2049 1680 2308 1734 Dominus
2344 1694 2439 1747 per
2469 1695 2650 1733 veram
2691 1680 2993 1735 doctrinam
3039 1680 3089 1734 in
3120 1696 3181 1734 ea
3232 1681 3474 1749 perfecte
3504 1697 3635 1755 ope;

2048 1781 2199 1824 ratus
2228 1779 2312 1826 est
2348 1787 2363 1823 :
2398 1770 2597 1825 dicitur
2624 1770 2798 1824 colens
2829 1768 3019 1824 Deum.
3067 1771 3323 1837 Econtra,
3370 1773 3414 1825 si
3470 1774 3625 1840 cujus

2052 1864 2190 1919 Deus
2215 1878 2313 1917 cor
2338 1878 2441 1917 non
2468 1863 2663 1933 aperit,
2691 1864 2809 1919 ideo
2835 1878 2939 1916 non
2962 1865 3154 1932 aperit,
3174 1863 3300 1933 quia
3326 1864 3522 1933 impius
3542 1875 3626 1937 est

366 1952 628 2015 ἐναντίου,
667 1953 794 2007 ὅταν
822 1957 850 2008 6
880 1954 1012 2018 Θεὸς
1046 1957 1143 2009 οὐκ
1176 1958 1367 2029 ἀνοίγῃ
1390 1960 1619 2031 καρδίαν
1650 1962 1816 2026 τινὸς,
1851 1962 1935 2016 διὰ

2043 1967 2098 2010 et
2124 1958 2321 2010 frustra
2348 1957 2512 2011 verba
2538 1956 2687 2009 audit
2722 1970 2736 2007 :
2779 1956 3028 2025 quamvis
3079 1956 3222 2011 enim
3272 1956 3625 2011 validissimis

362 2042 519 2097 τοῦτο
547 2045 647 2097 οὐκ
674 2046 903 2114 ἀνοίγει.
938 2048 1102 2100 ensi?
1135 2048 1293 2111 ἀθεός
1344 2052 1494 2114 ἐστι,
1526 2051 1617 2104 καὶ
1647 2054 1727 2110 είς
1761 2053 1938 2123 μάτην

359 2132 574 2202 δέχεται
611 2138 733 2199 τοὺς
758 2136 951 2205 λόγους
970 2154 983 2167 ·
1017 2138 1122 2192 κᾶν
1152 2139 1260 2211 γάρ
1286 2139 1353 2192 δι’
1382 2142 1631 2211 ἐναργῶν
1661 2152 1689 2191 (ι
1708 2143 1931 2196 ἀποδεί-

361 2224 495 2288 ξεων
541 2228 786 2302 συστήσῃ
826 2248 911 2295 τις
960 2231 1052 2286 τὸν
1100 2232 1244 2286 θεῖον
1298 2232 1476 2302 λόγον,
1531 2234 1718 2306 ὥσπερ
1765 2238 1860 2290 καὶ
1888 2237 1938 2289 oi

358 2317 644 2373 ἀπόστολοι
680 2321 767 2375 διὰ
816 2324 1060 2394 σημείων
1094 2325 1191 2380 καὶ¹
1222 2328 1467 2399 τεράτων
1491 2341 1502 2355 ⁸
1533 2327 1649 2380 ἀλλ’
1691 2323 1783 2381 οὖν
1813 2329 1935 2382 δου-

357 2412 534 2467 λεύειν
564 2414 734 2469 θέλων
762 2420 873 2483 τοῖς
908 2420 1103 2473 ἑαυτοῦ
1140 2421 1337 2475 πάθεσι
1372 2422 1465 2474 καὶ
1499 2432 1522 2459 ι’
1556 2424 1726 2494 κακίᾳ⁴
1748 2466 1763 2488 ,
1800 2423 1935 2477 ἁπο-

358 2506 615 2575 τρὲπεται
640 2508 732 2562 τὸν
760 2510 918 2577 λόγον
936 2526 949 2540 °
973 2512 1135 2576 αὐτὸς
1168 2512 1347 2585 ἑαυτῷ
1374 2513 1547 2579 αίτιος
1576 2516 1868 2583 γενόμενος
1886 2525 1932 2554 ³ο

356 2598 612 2653 οὐδέποτε
640 2600 749 2672 γὰρ
781 2604 809 2656 6
851 2603 984 2669 Θεὸς
1018 2608 1274 2676 συνεργεῖ
1318 2624 1427 2660 τινι
1458 2608 1539 2670 είς
1572 2608 1742 2660 κακόν
1769 2624 1780 2634 ·
1816 2606 1931 2660 ἀλλ’

2041 2047 2396 2116 argumentis,
2436 2055 2495 2099 ut
2540 2046 2765 2116 apostoli
2790 2046 2961 2116 signis
2986 2056 3041 2101 et
3071 2046 3329 2116 prodigiis
3371 2046 3465 2102 Dei
3500 2062 3624 2101 vere

2037 2139 2163 2194 bum
2183 2141 2554 2205 confirmares,
2578 2140 2690 2195 suis
2707 2140 3116 2211 cupiditatibus,
3136 2156 3249 2196 suae
3281 2140 3625 2210 perversitati

2046 2235 2256 2288 servire
2314 2234 2519 2299 volens,
2584 2234 2808 2288 verbum
2863 2234 3107 2304 repellet,
3169 2234 3271 2289 sibi
3319 2235 3422 2304 ipsi
3461 2250 3624 2289 causa

2045 2325 2241 2390 factus,
2270 2342 2545 2395 nunquam
2574 2327 2718 2380 enim
2755 2327 2896 2381 Deus
2943 2328 2992 2380 in
3025 2326 3224 2379 malum
3260 2325 3492 2395 adjutori
3518 2337 3625 2391 est,

2046 2419 2138 2473 sed
2170 2420 2222 2473 in
2247 2420 2468 2481 bonum,
2497 2428 2719 2489 propter
2738 2434 2887 2473 suam
2914 2420 3239 2481 bonitatem;
3268 2432 3625 2488 unumquem-

2044 2525 2148 2580 que
2173 2520 2351 2566 autem
2381 2520 2501 2581 post
2530 2527 2655 2567 suas
2685 2511 3010 2581 cupiditates
3034 2511 3113 2566 ire
3137 2512 3299 2578 sinit;
3332 2514 3624 2582 unusquis-

2042 2619 2169 2673 que,
2210 2613 2368 2672 prout
2394 2605 2524 2671 vult,
2558 2606 2713 2663 vivit.
3500 2616 3503 2621 λ

356 2692 436 2755 είς
466 2692 565 2761 μὲν
599 2693 666 2748 τὰ
702 2695 842 2749 καλά
870 2696 956 2750 διὰ
986 2698 1087 2769 τὴν
1142 2699 1307 2752 αὐτοῦ
1372 2700 1702 2769 φιλαγαθίαν
1771 2702 2105 2757 συνευδοκεῖ’
2136 2702 2229 2755 ἐπὶ
2262 2702 2319 2755 δὲ
2383 2702 2593 2769 κακῶν,
2630 2706 2907 2777 συγχωρεῖ
2952 2702 3277 2778 πορεύεσθαι
3304 2703 3536 2756 ἕκαστον
3566 2704 3622 2755 ὲν

358 2790 467 2851 τοῖς
500 2789 902 2863 ὲπιθυμήσασιν
938 2794 1124 2849 αὐτοῦ·
1154 2796 1289 2869 πρὸς
1314 2797 1342 2851 6
1370 2794 1463 2853 οὖν
1493 2798 1641 2853 θέλει
1671 2818 1756 2865 τις
1792 2804 1809 2838 ί
1841 2799 1930 2871 ζῇ.

433 2898 451 2931 ι
508 2880 656 2950 Αὕτη
710 2885 1185 2942 κατακολουθοῦσα
1235 2890 1313 2961 τῷ
1384 2894 1583 2963 Παύλῳ
1634 2898 1727 2949 καὶ
1773 2898 1931 2967 ἡμῖν.

2105 2894 2269 2950 Vens.
2304 2897 2390 2951 i7.
2428 2897 2581 2953 «Haec
2605 2898 2892 2955 subsecuta
2918 2880 3144 2953 Paulum
3174 2906 3229 2953 et
3260 2913 3381 2962 nos,
3414 2898 3617 2952 clama-

356 2971 552 3043 ἔκραξε
580 2974 832 3044 λέγουσα,
869 2973 1029 3036 Οὗτοι
1065 2983 1115 3035 οἱ
1151 2983 1433 3056 ἄνθρωποι
1463 2986 1642 3041 δοῦλοι
1676 2988 1770 3043 τοῦ
1797 2988 1932 3043 Θεοῦ

2040 2986 2125 3041 hat
2160 2988 2349 3043 dicens
2385 3006 2399 3043 :
2456 2989 2548 3043 lsti
2589 2990 2839 3045 homines
2870 2991 3016 3045 servi
3069 2989 3161 3045 Dei
3211 2988 3431 3047 excelsi.
3469 2997 3614 3055 sunt,

354 3064 449 3116 τοῦ
480 3065 702 3135 ὑψίστου
740 3063 899 3139 είσὶΰ,
932 3074 1126 3140 οἵτινες
1164 3077 1630 3146 καταγγέλλουσιν
1659 3080 1787 3152 ὑμῖν
1818 3082 1933 3135 ὁδὸν

2040 3083 2121 3151 qui
2145 3081 2476 3137 aununtiant
2511 3082 2661 3138 vobis
2682 3082 2825 3137 viam
2859 3081 3073 3140 salutis.
3112 3102 3149 3135 ι,

357 3159 652 3230 σωτηρίας.
700 3180 718 3213 ι

424 3250 497 3352 :1‘6
683 3236 895 3320 Πυθοῦς
922 3258 1152 3352 πνεῦμα
1187 3260 1447 3330 μαντείας
1482 3262 1655 3318 ὲποίει
1681 3278 1693 3294 ⁸
1742 3263 1831 3319 διὰ
1876 3265 1931 3319 δὲ
1960 3298 2001 3352 c

351 3343 511 3397 τοῦτο
536 3345 788 3410 Πύθωνος
818 3347 1035 3420 πνεῦμα
1076 3351 1323 3406 ἐκαλεῖτο
1342 3370 1354 3382 ⁸
1389 3354 1575 3427 ἐπειδὴ
1607 3357 1639 3425 ή
1676 3355 1849 3409 Πυθία
1880 3368 1929 3420 ιι,

351 3434 473 3505 ἢτοι
497 3436 526 3487 6
561 3437 618 3489 ὲν
647 3438 712 3507 τῇ
749 3436 924 3510 Πυθίᾳ
951 3438 1182 3509 δαίμων,
1216 3442 1490 3496 Ἀπόλλων
1516 3451 1541 3479 ν
1577 3442 1931 3515 καλούμενος,

353 3526 701 3596 ἐμαντεύετοο
736 3528 831 3582 καὶ
858 3530 1045 3599 ἠπάτα
1076 3533 1197 3595 τοὺς
1236 3532 1578 3605 ἀνθρώπους,
1614 3535 1788 3603 λέγων
1832 3536 1932 3589 αὑο

351 3620 463 3683 τοῖς
495 3619 561 3672 τὰ
588 3621 931 3691 γεγενημένα
956 3638 968 3652 ·
1002 3624 1154 3676 οὐδὲν
1183 3626 1292 3695 γὰρ
1323 3621 1390 3696 ἦν
1415 3627 1672 3699 δυσχερὲς
1702 3628 1780 3699 τῷ
1815 3628 1933 3683 δαί-

355 3727 477 3780 μονι
510 3710 641 3764 ίδεῖν
668 3712 735 3766 τά
779 3713 1048 3785 γενόμενα
1080 3718 1136 3768 ἐν
1178 3718 1367 3788 Ῥώμῃ
1399 3719 1668 3789 σήμερον,
1714 3721 1808 3774 καὶ
1838 3721 1929 3775 εὑ·

350 3801 449 3865 θὺς
490 3804 818 3873 ἀπαγγεῖλαι
864 3805 1037 3861 αὑτά·
1089 3807 1116 3860 ὂ
1162 3810 1256 3861 καὶ
1291 3809 1515 3880 ἐποίησε
1550 3810 1628 3880 τῷ
1668 3811 1926 3882 Κροίσῳ,

349 3895 471 3966 ἦτοι
503 3899 614 3961 τοῖς
646 3897 785 3968 ὑπὲρ
819 3898 983 3952 αὐτοῦ
1023 3901 1469 3971 μαντευομένοις,
1505 3904 1670 3974 ἡνίκα
1700 3904 1929 3975 ἐπείραη

352 3988 444 4053 ξεν
474 3990 633 4044 αὑτὸν
669 3994 697 4045 6
743 3994 977 4063 Κροῖσος
1008 3993 1099 4048 διὰ
1125 3994 1233 4047 τῶν
1265 3996 1345 4062 εἰς
1374 3997 1473 4067 τὴν
1508 3996 1714 4049 Πυθίαν
1739 3998 1928 4061 δντων,

351 4078 405 4130 τί
439 4083 585 4133 ποιεῖ
609 4082 849 4153 σήμερον
873 4085 900 4137 6
927 4084 1194 4154 Κροῖσος;
1227 4086 1347 4141 Καὶν
1365 4086 1588 4152 ἀκόπως
1614 4089 1756 4159 ὁρῶν
1781 4090 1848 4142 τά
1874 4091 1930 4141 ὲν

352 4174 541 4244 Λυδίᾳ,
576 4176 776 4245 ἠρχετο
810 4176 972 4243 εὐθὺς
1000 4179 1058 4230 ὲν
1079 4181 1144 4250 τῇ
1178 4179 1374 4250 Πυθίᾳ,
1411 4182 1506 4234 καὶ
1532 4180 1878 4251 ἀπήγγελλεν
1904 4190 1931 4219 ι

353 4265 538 4328 αὐτοῖς
560 4281 574 4295 ·
603 4266 788 4331 ἔλεγεν
820 4264 916 4322 οὖν
955 4271 1085 4339 περὶ
1123 4270 1232 4324 τῶν
1259 4272 1638 4343 παρελθόντων
1669 4273 1926 4343 εὐχερῶς.

353 4356 618 4422 Πολλάκις
653 4358 708 4413 δὲ
744 4359 838 4412 καὶ
876 4361 1005 4433 περὶ
1033 4361 1143 4414 τῶν
1186 4362 1491 4431 μελλόντων
1524 4362 1677 4432 ἔλεγε
1735 4380 1930 4433 στοχα-

354 4451 506 4522 σμῷ,
559 4451 745 4525 ὥσπερ
781 4452 883 4506 τοῦ»
922 4455 1110 4526 Κύρου
1131 4495 1146 4520 ,
1195 4455 1338 4526 ὀρῶν
1365 4455 1530 4509 αὐτοῦ
1558 4456 1659 4527 τὴν
1693 4457 1930 4528 ἀρχικὴν

351 4544 484 4609 ἐξιν.
505 4546 597 4599 καὶ
619 4549 717 4618 τὴν
751 4548 1124 4617 μεγαλοφυῒαν
1150 4548 1221 4602 ὲκ
1238 4546 1430 4609 παιδός
1449 4562 1463 4578 ο
1497 4547 1649 4601 οὐδὲν
1679 4545 1773 4601 οὖν
1802 4547 1927 4600 6U:-

2108 3257 2446 3329 Pythonissa:
2493 3258 2731 3325 spiritus
2763 3255 3074 3319 divinabat,
3119 3264 3175 3310 et
3226 3256 3342 3309 ideo
3398 3254 3619 3323 spiritus

2039 3350 2303 3423 Pythonis
2332 3350 2618 3404 dicebatur
2647 3365 2661 3413 ;
2722 3347 2913 3417 Pythia
2942 3361 3093 3417 ergo,
3120 3354 3214 3399 aut
3245 3348 3455 3400 daemon
3506 3347 3615 3408 ille,

2037 3441 2229 3511 Apollo
2257 3441 2460 3503 dictus,
2492 3439 2665 3509 quiin
2700 3438 2788 3493 illa
2821 3446 2970 3501 erat,
3007 3437 3285 3491 divinabat
3335 3446 3389 3492 et
3441 3439 3617 3492 homi-

2038 3548 2133 3589 nes
2157 3530 2482 3603 decipiebat,
2536 3530 2945 3601 praeteritaillis
2992 3528 3281 3595 aperiens;
3335 3546 3438 3582 non
3472 3532 3614 3584 enim

2036 3624 2265 3680 (ιπηιοηί
2290 3621 2507 3678 diﬂicile
2530 3620 2844 3676 eratvidere
2865 3634 2984 3689 qua:
3004 3618 3188 3674 Romae
3210 3618 3369 3673 hodie
3392 3620 3613 3681 fiebant,

2036 3727 2095 3771 et
2124 3731 2185 3771 ea
2212 3715 2398 3771 statim
2427 3714 2671 3784 aperire;
2706 3711 2847 3781 quod
2874 3726 2969 3780 pro
3008 3709 3199 3766 Croeso
3222 3710 3351 3766 fecit
3394 3719 3489 3764 aut
3519 3725 3616 3779 pro

2036 3811 2102 3865 iis
2131 3809 2224 3879 qui
2261 3807 2329 3863 de
2368 3822 2435 3862 eo
2466 3804 2844 3871 consulebant,
2893 3804 3111 3874 quando
3146 3803 3370 3859 Croesus
3402 3818 3497 3870 per
3521 3820 3615 3857 eos

2034 3903 2122 3970 qui
2155 3900 2293 3969 apud
2326 3898 2573 3970 Pythiam
2597 3909 2774 3960 erant,
2804 3896 3088 3966 quaesivit:
3127 3894 3264 3963 Quid
3311 3911 3451 3950 nunc
3486 3894 3614 3950 facit

2034 3991 2299 4048 (ἔταξευεῖ
2330 3992 2551 4060 Absque
2602 3988 2913 4044 diilicultate
2946 3988 2997 4042 in
3041 3987 3209 4059 Lydia
3238 4003 3470 4043 cernens
3494 4003 3615 4057 qua:

2035 4087 2257 4148 fiebant,
2286 4087 2472 4141 statim
2525 4086 2578 4140 in
2611 4085 2860 4155 Pythiam
2911 4084 3136 4137 veniens
3185 4084 3265 4136 eis
3299 4081 3611 4145 nnmiavil;

2036 4177 2375 4245 fucileigitttr
2403 4179 2469 4231 de
2513 4176 2804 4245 praeteritis
2852 4173 3199 4243 loquebatur.
3239 4173 3392 4243 Saepe
3445 4174 3608 4227 etiam

2033 4271 2099 4322 de
2130 4269 2325 4324 futuris
2356 4284 2452 4339 per
2485 4268 2856 4339 conjecturam
2880 4266 3093 4322 locutus
3117 4276 3223 4332 est,
3253 4267 3611 4337 quemadmo-

2033 4360 2158 4412 dum
2199 4359 2268 4415 de
2300 4359 2467 4430 Cyro,
2510 4375 2671 4428 quem
2713 4374 2741 4412 a
2771 4358 3003 4427 pueritia
3034 4367 3313 4413 strenuum
3358 4366 3411 4411 et
3437 4357 3613 4413 domi-

2034 4451 2271 4505 nationis
2299 4452 2551 4521 cupidum
2593 4449 2807 4505 videbat
2830 4465 2853 4516 ;~
2878 4464 2986 4504 non
3021 4450 3167 4503 enim
3197 4450 3452 4509 daamoni.
3488 4465 3609 4504 cum

2035 4543 2107 4597 sit
2139 4544 2511 4612 incorporeus,
2566 4541 2783 4599 difﬁcile
2833 4552 2953 4597 erat
2980 4542 3166 4597 videre
3199 4542 3489 4611 longinqua
3513 4582 3529 4605 ,
3558 4552 3612 4596 et

352 4639 509 4709 χερὲς
574 4639 653 4709 τῷ
703 4639 919 4710 δαίμονι
968 4640 1250 4713 ἀσωμάτῳ
1295 4640 1410 4695 δντι
1445 4643 1577 4713 ὁρᾷν
1628 4640 1695 4695 τὰ
1734 4642 1926 4714 τιόρρω

2040 4634 2281 4689 homines
2317 4633 2569 4703 decipere
2595 4633 2647 4687 in
2676 4632 2876 4702 quibus
2906 4648 3027 4687 eum
3052 4632 3431 4687 consulebant.
3460 4630 3610 4703 Alio:

348 4732 513 4796 ὅντα,
563 4732 658 4785 καὶ
701 4732 916 4803 ἀπατᾷν
946 4731 1071 4794 τοὺς
1110 4730 1432 4802 ἀνθρώπους
1475 4732 1533 4784 ὲν
1573 4727 1655 4795 οἷς
1698 4732 1927 4801 ἐζήτουν

353 4824 749 4897 μαντεύεσθαι·
777 4825 979 4893 ὅπουγε
1011 4823 1087 4886 ὡς
1115 4824 1209 4877 ἐπὶ
1237 4825 1298 4878 τὸ
1344 4824 1601 4878 πλεῖστον
1641 4825 1771 4895 περὶ
1816 4826 1929 4879 τῶν

352 4916 729 4985 παρελθόντων
760 4916 793 4985 ἢ
825 4916 995 4969 δντων
1023 4915 1304 4986 ἐρωτῶσιν
1345 4917 1396 4969 οἱ
1426 4916 1758 4986 ἀφερέπονοι
1783 4956 1795 4978 ,
1830 4918 1927 4972 καὶ⁵

350 5009 528 5062 πάντα
555 5007 630 5070 ὼς
662 5007 758 5061 ὲάν
778 5016 807 5056 7
838 5011 1095 5079 παραστῇ
1124 5008 1425 5072 ποιοῦντες,
1459 5009 1770 5081 ἐρωτῶντες
1800 5010 1929 5079 περὶ

348 5099 730 5169 ἀπολλομένων
757 5108 778 5135 ²
809 5100 1155 5169 πραγμάτων
1179 5100 1213 5171 ἢ
1235 5099 1363 5168 περὶ
1392 5098 1640 5154 ἀπόντων
1663 5094 1829 5170 ’Ἄρα
1859 5100 1923 5170 ζῇ

348 5194 377 5245 6
400 5190 475 5245 ὢν
496 5192 554 5245 ὲν
580 5190 714 5260 τῇδε
739 5192 805 5259 τῇ
837 5192 991 5243 πόλει
1034 5191 1313 5259 ἀπόδημος
1337 5205 1352 5253 ;
1390 5190 1453 5242 Ὀ
1474 5229 1488 5253 ,
1523 5189 1599 5252 ὡς
1627 5186 1799 5251 εἷπον,
1836 5189 1926 5247 εὖ·

350 5284 506 5338 κολον
534 5296 559 5325 ιι
593 5278 662 5354 ἧν
692 5284 864 5336 εἰπεῖν
892 5281 967 5351 τῷ
993 5282 1231 5352 δαίμονι,
1261 5282 1294 5352 ἢ
1323 5280 1389 5335 δι’
1418 5281 1608 5353 ἀνδρὸς
1638 5280 1671 5351 ἢ
1717 5281 1805 5334 διὰ
1826 5298 1926 5349 γυ-

351 5376 534 5440 ναικὸς
574 5376 642 5429 δι’
685 5374 867 5430 αὐτῶν
910 5374 1120 5427 λαλῶν·
1166 5373 1359 5443 ἀμέλει
1391 5373 1521 5441 γοῦν
1555 5375 1647 5427 καὶ
1692 5374 1796 5437 ἕως
1832 5373 1925 5430 νῦν

348 5487 493 5535 τινες
520 5470 644 5534 τοὺς
677 5468 1077 5541 δαιμονῶντας.
1111 5468 1169 5521 ἐν
1201 5466 1281 5538 τῷ
1316 5466 1494 5538 καιρῷ
1522 5467 1642 5521 καθ’
1669 5467 1727 5521 ὃν
1756 5469 1781 5509 b
1810 5469 1926 5521 ὲπι-

422 5626 442 5658 ³
470 5624 628 5681 ιῐοηη.
667 5640 720 5692 v,
751 5625 840 5680 59.

421 5775 450 5815 Ρ
479 5764 541 5818 C.
580 5765 640 5819 (ἓ.
676 5765 885 5835 ἐπειδὴ.

965 5777 991 5818 ει
1036 5766 1098 5819 C.
1142 5766 1205 5819 (Ζ.
1242 5765 1514 5833 ἐναργῶν.
1595 5775 1617 5803 τ
1649 5766 1710 5817 (Σ.
1750 5766 1807 5817 (ἶ.
1840 5764 1932 5817 καὶ
1959 5767 2047 5833 τῇ.

2030 4726 2161 4797 quin
2196 4727 2262 4781 de
2295 4724 2592 4795 praeteritis
2637 4724 2960 4795 plerumque
3013 4732 3105 4778 aut
3136 4723 3202 4779 de
3252 4724 3611 4795 praesentibus

2031 4828 2283 4888 qurernut
2326 4818 2575 4872 homines
2613 4832 2779 4872 mora:
2813 4815 3183 4883 impatientes,
3220 4815 3520 4885 qui,omnia
3555 4825 3611 4868 ut

2032 4912 2205 4987 menti
2229 4920 2561 4975 occurrunt,
2582 4910 2812 4975 faciunt,
2840 4918 3145 4977 quaerentes
3172 4909 3237 4963 de
3266 4908 3493 4978 perditis
3520 4918 3615 4960 aut

2032 5007 2099 5061 de
2143 5004 2485 5069 absentibus,
2538 5013 2596 5059 ut
2644 5002 2878 5072 exempli
2926 5002 3143 5073 gratia:
3198 5000 3413 5057 Vivitur
3439 4999 3608 5071 quiin

2036 5097 2127 5151 tali
2153 5098 2289 5151 urbe
2319 5097 2525 5150 advena
2563 5097 2691 5152 est?
2721 5095 2887 5165 quod,
2915 5106 2973 5149 ut
3001 5095 3135 5157 dixi,
3161 5094 3344 5148 dicere
3379 5093 3610 5147 dzemoni

2028 5187 2192 5242 facile
2221 5195 2363 5250 erat,
2399 5186 2513 5239 sive
2548 5200 2643 5254 per
2691 5185 2902 5250 virum,
2938 5185 3050 5240 sive
3079 5200 3174 5254 per
3207 5184 3511 5248 mulierem,
3558 5182 3611 5236 in

2035 5280 2136 5343 eis,
2168 5279 2399 5345 scilicet,
2429 5278 2700 5349 loquendo
2725 5294 2739 5344 ;
2767 5292 2942 5347 usque
2972 5279 3128 5333 modo
3151 5279 3371 5348 quidam
3403 5285 3614 5333 tentant

2037 5374 2400 5428 dmmoniacos
2436 5372 2775 5441 interrogare
2795 5387 2861 5425 eo
2890 5381 3130 5441 tempore
3156 5387 3261 5442 quo
3286 5388 3313 5425 a
3348 5371 3614 5430 da‘ntoni-

2037 5465 2136 5518 bus
2187 5474 2507 5521 vexantur:
2563 5463 2709 5532 quod
2766 5472 2852 5519 est
2907 5461 3258 5533 impium.—-
3304 5462 3611 5519 Notandum

2132 5797 2147 5829 ι
2189 5763 2249 5818 (2.
2278 5763 2338 5817 (ἶ.
2381 5763 2681 5832 γινόμενος.
2764 5764 2783 5801 ⁸
2826 5764 2890 5822 C.
2918 5765 2980 5821 C.
3016 5782 3101 5828 τις
3127 5765 3289 5818 θέλει,
3404 5771 3435 5801 ιι
3462 5760 3626 5817 (1.8..

348 5838 381 5905 ἡ
414 5834 590 5889 Πυθία
618 5836 804 5938 sum.
852 5819 911 5873 ’ν
953 5838 1011 5892 e.
1050 5837 1112 5890 (ι.
1156 5819 1431 5891 Ἀπόλλων
1469 5838 1516 5888 ι.
1598 5850 1623 5876 ι
1656 5838 1714 5891 tz.
1751 5837 1809 5891 c.
1850 5838 1935 5890 61:

348 5906 434 5938 ιι*
498 5904 537 5938 l‘
589 5906 823 5938 ..u.-.‘.._..
922 5908 1009 5938 ὶιΓ
1062 5908 1100 5938 l‘
1152 5906 1180 5938 κ

2043 5819 2204 5889 ειλέν.
2283 5842 2311 5882 1
2329 5819 2479 5890 σία.
2505 5819 2610 5887 ’ἐὰν
2644 5819 2889 5901 ἀύτοῐςί
2934 5819 2955 5872 ί
2980 5819 3115 5892 (λέ.
3138 5832 3627 5906 ἀπολλοιμμένων.

622 5927 645 5958 υ

655 5906 843 5962 κωλον.
922 5908 949 5948 δ
972 5909 1029 5963 C.
1062 5908 1125 5963 Ο.
1152 5906 1199 5961 ὅ.
