4130 6540
556 432 694 499 ἰ559

1714 433 2050 494 ΑΜΜΟΝΠ
2091 435 2388 494 ALEXAN
2402 434 2618 494 DRlNI

3684 423 3830 491 1500

556 555 738 603 autem
768 552 852 598 est
900 542 1184 598 Christum
1228 556 1329 612 per
1369 541 1643 595 daemones
1677 556 1815 610 quos
1836 541 2130 596 credebant

2235 542 2476 594 τίθενται
2504 543 2617 604 τοῖς
2656 537 2990 609 ἀνθρώποις,
3026 535 3329 606 πειρῶνται
3362 535 3648 605 ἐπερωτᾷν
3677 552 3827 588 τινα.

555 644 764 705 gentes,
797 632 964 686 fuisse
993 631 1384 700 prmdicatum;
1435 645 1558 684 nam
1597 630 1966 685 testimonium
1994 644 2127 698 apo-

555 725 710 782 stolis
745 723 1109 793 per-bibebant
1144 721 1289 792 quod
1347 721 1486 776 servi
1537 730 1694 776 erant
1743 721 1858 785 Dei,
1903 730 1957 776 et
1985 719 2128 792 quod

556 817 811 873 salutaris
848 829 1034 870 eorum
1050 822 1180 873 .erat
1215 813 1557 882 prmdicatio,
1583 820 1636 867 et
1673 815 1817 881 quod
1848 812 1988 867 Deus
2013 820 2132 867 erat

556 909 728 974 J-csus,
779 923 882 962 non
920 921 1070 961 mere
1111 905 1272 959 homo
1297 945 1310 970 ,
1366 906 1801 974 quamloquidcm
1861 905 1974 959 haec
2014 913 2132 958 erat

557 1002 682 1058 Sila:
709 1009 766 1054 et
795 997 945 1053 Pauli
981 997 1335 1067 prmdicatio;
1373 997 1518 1065 quod
1562 1006 1764 1066 pugnat
1791 1005 1980 1051 contra
2028 997 2132 1049 Ne-

556 1093 828 1148 storiauos
850 1100 904 1146 et
939 1089 1326 1144 Paulianistas.
1382 1087 1676 1157 Postquam
1725 1099 1906 1144 autem
1963 1102 2132 1158 szepe-

558 1198 780 1237 nnmero
813 1191 1038 1236 testatus
1068 1191 1185 1235 erat
1213 1181 1418 1234 dmmon
1451 1178 1816 1248 apostolorum
1858 1179 2123 1249 prmdica-

560 1276 760 1330 tionem
790 1290 907 1330 esse
935 1274 1253 1336 salutarem,
1289 1280 1420 1325 tunc
1457 1269 1618 1338 ejecit
1657 1287 1777 1324 cum
1808 1271 2028 1335 Paulus,
2064 1273 2129 1324 ad

556 1368 948 1424 oetendcndum
973 1365 1324 1420 credentibus
1357 1365 1408 1416 in
1443 1381 1565 1418 eum
1600 1379 1665 1419 eo
1709 1365 1964 1420 fortiores
2013 1380 2133 1420 esse

557 1458 824 1527 quoslibet
851 1456 1054 1521 ﬁdeles,
1089 1471 1148 1510 se
1182 1469 1398 1524 quoque
1432 1464 1752 1524 potestatem
1791 1456 1992 1510 habere
2024 1457 2132 1510 da:-

558 1565 798 1616 monem,
827 1557 886 1603 ut
914 1549 1016 1603 sibi
1047 1547 1371 1616 subjectum,
1395 1547 1511 1603 sive
1543 1563 1763 1602 manere
1785 1549 1995 1603 sinendi
2019 1550 2133 1603 sive

557 1639 826 1706 ejiciendi.
887 1638 1022 1693 Vide
1071 1649 1249 1692 autem
1307 1649 1569 1706 quantum
1603 1639 1876 1693 valuerint
1928 1639 2129 1695 Christi

555 1747 840 1787 servorum
907 1731 1069 1785 verba
1102 1768 1116 1793 ,
1177 1730 1446 1798 siquidem
1494 1730 1658 1785 simul
1712 1746 1776 1785 ac
1826 1731 2127 1800 jusserant,

555 1821 778 1876 exibant
808 1821 1102 1876 dmmoues.

627 2089 792 2147 Vens.
817 2091 906 2145 23.
947 2108 964 2141 ι
991 2088 1371 2160 Ριίεοίρίεηιθε
1400 2091 1608 2148 custodi
1639 2099 1696 2146 ut
1735 2091 2020 2163 diligenter
2044 2109 2136 2148 cu-

555 2183 779 2238 stodiret
809 2198 921 2238 eos.
947 2202 965 2234 ι

632 2292 653 2327 ‹
691 2274 824 2330 Cum
859 2286 1241 2347 regnoscerent
1271 2293 1458 2333 eorum
1491 2277 1770 2344 virtutem,
1803 2279 2015 2347 seipsos
2048 2277 2134 2333 fe-

553 2361 799 2418 fellerunt
828 2366 1068 2421 dicentes
1101 2386 1115 2420 :
1157 2367 1299 2423 Tuto
1348 2382 1440 2421 eos
1500 2368 1736 2422 custodit
1768 2385 1784 2432 ;
1820 2371 1912 2423 sed
1947 2379 2000 2422 et
2033 2369 2134 2438 ipsi

558 2455 898 2513 testabantur
942 2473 1037 2512 eos
1085 2474 1204 2515 esse
1239 2460 1526 2528 ignobiles,
1563 2460 1654 2514 sed
1717 2476 1942 2529 magnos
1969 2477 2135 2529 quos-

556 2551 676 2602 dam
719 2550 864 2605 viros
906 2561 1226 2620 potestatem
1269 2553 1533 2608 habentes
1563 2554 1792 2608 faciendi
1831 2569 1926 2624 per
1951 2554 2134 2610 Domi-

555 2656 682 2695 num
706 2656 1042 2713 quaecunque
1066 2644 1284 2702 vellent.

625 2729 790 2788 Vno.
841 2733 934 2789 Q5.
989 2755 1006 2786 ι
1043 2735 1212 2789 Media
1272 2746 1452 2790 autem
1505 2747 1685 2800 nocte,
1744 2738 1938 2792 Paulus
1963 2747 2017 2793 et
2049 2736 2132 2791 Si-

556 2823 636 2878 las
698 2835 937 2889 orantes,
995 2827 1287 2881 laudabant
1346 2827 1643 2884 Deumzet
1692 2831 1980 2886 audiebant
2039 2845 2134 2885 eos

552 2916 643 2986 qui
681 2918 732 2969 in
765 2919 1005 2973 custodia
1050 2929 1223 2973 erant.
1264 2939 1282 2971 ι

629 3027 650 3060 ι
684 3007 1029 3064 Psalmistam
1074 3012 1246 3066 secuti
1270 3011 1540 3065 dicentem
1574 3030 1586 3064 :
1619 3012 1793 3066 Media
1837 3024 1984 3068 nocte
2013 3031 2134 3068 attr-

552 3097 732 3166 gebam
763 3098 831 3150 ad
851 3098 1200 3167 conﬁtendum
1228 3099 1320 3153 (ibi
1342 3101 1416 3153 ’.ι

627 3273 796 3330 Vens.
827 3276 918 3339 29,
977 3275 1066 3331 50.
1100 3297 1118 3328 ι
1161 3277 1444 3347 Petitoque
1503 3277 1708 3334 lumine
1771 3280 2133 3352 introgressus

555 3377 638 3424 est
673 3385 688 3422 :
733 3378 788 3422 et
818 3366 1170 3424 tremefactus
1221 3371 1454 3440 procidit
1483 3369 1653 3427 Paulo
1680 3381 1734 3426 et
1790 3372 1914 3428 Sila)
1945 3376 2010 3427 ad
2041 3389 2136 3444 ρει

557 3462 674 3515 des.
700 3461 764 3514 Et
796 3461 1096 3532 produccns
1125 3477 1217 3516 eos
1249 3461 1395 3519 [oras
1428 3465 1504 3518 ait
1539 3482 1552 3516 :
1586 3464 1830 3532 Domini,
1861 3465 1991 3536 quid
2050 3483 2136 3523 me

555 3560 768 3621 Oportet
799 3549 976 3606 facere
1007 3559 1066 3604 ut
1094 3551 1273 3607 salvus
1300 3554 1421 3608 tiam
1441 3555 1494 3608 7»

628 3639 764 3696 llinc
791 3658 1009 3711 quoque
1038 3641 1220 3697 videre
1244 3654 1324 3698 est
1357 3661 1517 3714 quam
1572 3645 1738 3701 libera
1770 3647 1844 3702 sit
1913 3648 2047 3703 tides
2078 3648 2130 3702 in

554 3733 885 3789 hominibus.
918 3733 1056 3789 Ecce
1086 3735 1228 3789 enim
1279 3746 1400 3805 post
1445 3744 1651 3792 tantum
1688 3753 1940 3808 pavorem
1985 3739 2133 3793 solus

557 3835 742 3880 custos
767 3825 1004 3882 carceris
1031 3826 1264 3881 credidit
1294 3843 1307 3881 :
1341 3843 1464 3884 cum
1501 3838 1676 3886 tamen
1705 3831 1886 3900 potius
1917 3831 2134 3886 debuis-

556 3929 677 3974 sent
703 3919 769 3973 ad
795 3920 952 3974 [idem
980 3919 1108 3973 ferri
1135 3919 1226 3989 qui
1251 3929 1410 3974 erant
1431 3921 1483 3975 in
1524 3922 1786 3988 custodia,
1819 3922 2014 3993 quippe
2038 3924 2130 3993 qui

554 4009 858 4078 prodigium
894 4009 1062 4077 magis
1093 4017 1253 4062 erant
1278 4010 1507 4078 experti,
1545 4020 1600 4064 et
1631 4010 1836 4066 ferreas
1891 4011 2133 4067 manicas

553 4100 731 4155 subito
761 4111 1043 4168 perruptas
1071 4099 1314 4154 viderant
1346 4117 1362 4165 ;
1394 4103 1488 4155 sed
1511 4101 1639 4170 quia
1671 4104 1932 4157 vecordes
1953 4115 2128 4167 erant,

555 4193 606 4244 in
638 4190 888 4260 praesenti
928 4190 1144 4246 fuerunt
1193 4193 1386 4256 territi,
1421 4193 1709 4247 commotis
1744 4194 1978 4248 carceris
2010 4194 2131 4248 run-

553 4281 823 4336 damentis
850 4282 1120 4350 etapertis
1141 4276 1350 4352 januis;
1378 4290 1778 4353 contemptores
1807 4292 1983 4338 autem
2015 4285 2129 4352 Dei,

554 4381 671 4443 post
709 4381 913 4426 tantum
948 4373 1181 4442 signum,
1208 4375 1515 4430 nescierunt
1550 4377 1676 4444 quid
1704 4376 1866 4431 fuerit
1898 4377 2127 4444 factum,

553 4464 688 4519 adeo
721 4473 780 4517 ut
810 4480 908 4520 nec
935 4467 1172 4522 carceris
1201 4468 1432 4531 custodi,
1461 4482 1559 4522 nec
1575 4469 1745 4522 cuivis
1777 4469 1927 4524 alteri
1967 4471 2128 4525 locuti

2230 633 2367 701 ὅπερ
2415 632 2566 684 ἐστὶν
2611 630 2791 684 ἄθεον.
2830 628 3174 700 Σημειωτέον
3219 628 3275 681 δὲ
3317 628 3401 680 ὅτι
3449 627 3544 679 καὶ
3575 627 3664 679 διὰ
3713 625 3834 678 τῶν

2230 721 2500 792 δαιμόνων
2545 715 2627 783 οἷς
2676 719 2963 772 ἐπίστευον
3007 717 3057 770 οἱ
3109 717 3374 790 ’Έλληνες
3413 715 3744 786 ἐκηρύττετο
3801 716 3835 766 6

2230 812 2467 882 Χριστός
2500 828 2513 842 ο
2578 811 2672 864 καὶ
2707 809 2888 863 αὐτῶν
2920 807 3478 878 διαμαρτυρουμένων
3510 806 3605 861 καὶ
3634 807 3834 870 λεγόν-

2229 922 2359 970 των,
2385 905 2466 957 ὅτι
2500 906 2549 955 oi
2584 903 2875 956 ἀπόστολοι
2916 901 3097 956 δοῦλοί
3124 901 3232 953 εἰσι
3262 899 3356 952 τοῦ
3400 900 3560 952 Θεοῦ·
3587 901 3684 953 καὶ
3713 916 3832 952 σωο

2229 995 2419 1064 τήριόν
2462 995 2578 1048 ἐστι
2622 993 2684 1046 τὸ
2735 992 2867 1064 παρ’
2899 992 3080 1047 αὐτῶν
3120 992 3406 1063 κήρυγμαο
3443 991 3535 1044 καὶ
3565 993 3651 1046 ὅτι
3686 991 3829 1054 Θεὸς

2230 1088 2258 1140 6
2297 1083 2524 1155 Ἰησοῦς,
2568 1084 2629 1136 ού
2677 1083 2833 1154 ψιλὸς
2866 1082 3192 1154 ἄνθρωπος’
3223 1081 3387 1137 τοῦτο
3437 1083 3546 1154 γὰρ
3575 1094 3596 1122 ε
3643 1078 3713 1153 ἦν
3761 1082 3835 1141 τὸ

2232 1180 2493 1249 κήρυγμα
2527 1176 2636 1230 τῶν
2669 1177 2798 1248 περὶ
2839 1177 3003 1230 Σίλαν
3050 1176 3146 1229 καὶ
3179 1176 3394 1229 Παῦλον
3417 1189 3431 1204 ⁸
3489 1177 3722 1246 ἁρμόζει
3764 1177 3831 1228 δὲ

2231 1268 2372 1321 κατὰ
2405 1266 2788 1339 Νεστοριανῶν
2823 1269 2920 1322 καὶ
2965 1266 3405 1321 Παυλΐανιστῶν.
3443 1269 3574 1320 Ὀτε
3636 1268 3693 1320 δὲ
3741 1269 3832 1320 δι-

2232 1360 2580 1432 εμαρτύρατο
2613 1360 2875 1424 πολλάκις
2899 1363 2928 1414 6
2957 1361 3190 1431 δαίμων.
3216 1360 3388 1414 ὅτιτὸ
3418 1363 3683 1431 κήρυγμα
3713 1361 3830 1413 τῶν

2231 1453 2545 1506 ἀποστόλων
2576 1452 2739 1516 σώζει
2761 1467 2774 1481 ·
2797 1453 2920 1505 τότε
2947 1454 3042 1506 καὶ
3063 1455 3090 1506 ὁ
3117 1442 3328 1516 Παῦλος
3351 1448 3606 1517 ἐξέϐαλεν
3636 1454 3825 1506 αὐτόν*

2234 1548 2321 1600 ἵνα
2351 1546 2501 1616 δείξῃ
2557 1548 2669 1609 τοῖς
2693 1544 2722 1585 ἀ
2772 1547 2931 1600 αὐτὸν
2967 1546 3084 1616 (sic)
3128 1547 3499 1612 πιστεύουσιν,
3533 1549 3615 1600 ὅτι
3666 1549 3827 1618 ἰσχυ-

2235 1637 2455 1710 ρότερος
2486 1636 2652 1690 αὑτοῦ
2687 1633 2754 1708 ἦν
2786 1649 2809 1676 ε
2859 1639 2967 1700 πᾶς
2998 1637 3221 1701 πιστὸς,
3255 1639 3352 1690 καὶ
3389 1637 3638 1703 ἐξουσίαν
3676 1637 3829 1709 εἶχεν

2230 1729 2306 1793 ὡς
2331 1729 2680 1796 ὑποταγέντα
2703 1727 2854 1799 αὐτῷ
2881 1728 2972 1781 τὸν
2996 1728 3226 1798 δαίμονα
3251 1729 3608 1799 συγχωρῆσαι
3641 1733 3829 1798 μένειν

2233 1821 2328 1874 καὶ
2373 1818 2646 1875 ἀπολῦσαι
2672 1836 2686 1850 ο
2727 1820 2829 1889 ὄρα
2870 1818 2926 1872 δὲ
2963 1817 3080 1881 πῶς
3123 1818 3398 1889 ἐνήργησε
3429 1819 3537 1871 τῶν
3580 1819 3827 1890 Χριστοῦ

2162 1894 2206 1948 Β
2235 1910 2438 1964 δούλων
2467 1913 2494 1965 6
2515 1910 2669 1980 λόγος
2695 1926 2707 1938 ·
2741 1911 2822 1964 ὅτι
2853 1911 3014 1973 εὐθὺς
3041 1909 3156 1980 ἅμα
3181 1913 3249 1980 τῇ
3277 1910 3522 1964 κελεύσει
3553 1912 3732 1966 αὐτῶν
3756 1913 3828 1964 τὰ

2237 2004 2489 2074 δαιμόνια
2518 2003 2688 2074 ἐξῄει.

2314 2117 2331 2149 ι
2363 2096 2840 2167 Παραγγείλαντες
2859 2093 2936 2166 τῷ
2955 2094 3329 2166 δεσμοφύλακι
3353 2095 3614 2164 ἀσφαλῶς
3633 2098 3828 2168 τηρεῖν

2239 2190 2460 2253 αὐτούς.
2498 2208 2514 2238 ι

2310 2282 2472 2334 Ὥστε
2506 2277 2603 2333 οὖν
2647 2280 2847 2342 εἰδότες
2884 2277 3067 2331 αὐτῶν
3100 2278 3200 2349 τὴν
3243 2277 3476 2350 δύναμιν
3509 2279 3826 2350 ἐφρεναπά-

2235 2393 2361 2429 τουν
2392 2375 2617 2436 ἑαυτοὺς
2647 2373 2930 2441 λέγοντες,
2978 2371 3060 2423 ὅτι
3092 2370 3352 2440 ἀσφαλῶς
3391 2373 3588 2435 αὐτοὺς
3622 2374 3820 2442 τηρεῖ·

2237 2468 2332 2522 καὶ
2359 2466 2708 2538 ἐμαρτύρουν
2741 2465 2836 2517 καὶ
2866 2463 3045 2531 αὐτοὶ,
3078 2464 3160 2516 ὅτι
3189 2463 3290 2516 οὐκ
3317 2457 3458 2532 ἦσαν
3483 2465 3530 2516 οἱ
3566 2465 3825 2533 τυχόντες

2235 2561 2550 2628 ἄνθρωποι,
2600 2558 2738 2612 ἀλλὰ
2791 2555 3021 2628 μεγάλοι
3070 2557 3249 2619 τινὲς.
3296 2555 3550 2622 ἐξουσίαν
3604 2556 3825 2627 ἔχοντες

2237 2655 2412 2707 ποιεῖν
2441 2652 2468 2704 6
2499 2652 2712 2705 θέλουσι
2738 2650 2827 2704 διὰ
2864 2647 2960 2702 τοῦ
2990 2649 3221 2719 Κυρίου.

2313 2766 2332 2799 ι
2370 2746 2526 2800 Κατὰ
2551 2745 2606 2798 δὲ
2633 2745 2695 2796 τό
2727 2741 3082 2814 μεσονύκτιον
3110 2743 3322 2808 Παῦλος
3345 2745 3440 2798 καὶ
3470 2743 3632 2807 Σίλας
3654 2760 3826 2811 προσ-

2235 2840 2519 2912 ευχόμενοι
2551 2837 2753 2908 ὕμνουν
2779 2833 2871 2889 τὸν
2894 2833 3027 2888 Θεόν
3057 2850 3072 2865 ⁶
3105 2835 3456 2907 ἐπηκροῶντο
3486 2836 3542 2890 δὲ
3568 2834 3751 2888 αὐτῶν
3774 2837 3822 2887 οἱ

2235 2935 2469 3005 δέσμιοι.
2513 2952 2531 2984 ι

2305 3026 2396 3098 Τῷ
2442 3023 2736 3097 Ψαλμῳδῷ
2763 3023 3076 3097 πειθόμενοι
3121 3024 3338 3093 λέγουσι
3364 3041 3377 3053 °
3406 3021 3826 3076 Μεσονύκτιον

2197 3119 2638 3188 ,ἐξεγειρόμην,
2702 3117 2809 3171 τοῦ
2865 3115 3362 3187 ἐξομολογεῖσθαι
3418 3131 3518 3168 σοι
3571 3113 3827 3170 ἐποίουν

2167 3231 2213 3293 c
2244 3226 2443 3263 τουτο.

2315 3322 2333 3353 ι
2371 3299 2612 3370 Αἰτήσας
2637 3299 2694 3353 δὲ
2725 3299 2880 3369 φῶτα
2905 3299 3231 3371 είσεπήδησε
3251 3340 3266 3366 ,
3307 3300 3403 3354 καὶ
3430 3299 3692 3370 ἔντρομος
3722 3314 3822 3368 γε·

2237 3393 2461 3464 νόμενος
2515 3392 2824 3464 προσέπεσε
2875 3392 2952 3463 τῷ
3003 3391 3200 3463 Παύλῳ
3249 3392 3343 3445 καὶ
3393 3390 3472 3461 τῷ
3507 3390 3659 3460 Σίλα.
3707 3390 3822 3443 Καὶ

2240 3483 2570 3557 προαγαγὼν
2607 3483 2804 3547 αὐτοὺς
2854 3483 2999 3551 ἔξω,
3043 3479 3166 3538 εἷπε
3192 3497 3209 3514 ο
3248 3482 3479 3554 Κύριοι,
3531 3480 3584 3534 τί
3622 3481 3706 3536 δεῖ
3749 3499 3820 3552 με

2237 3578 2414 3630 ποιεῖν
2447 3576 2534 3628 ἵνα
2568 3573 2760 3640 σωθῶ;
2801 3595 2820 3628 ι

2306 3665 2477 3720 Πάλιν
2504 3664 2654 3718 ἔνθεν
2681 3665 2794 3719 ἐστι
2827 3665 3198 3737 στοχάσασθαι
3224 3667 3285 3720 τὺ
3326 3665 3679 3731 αὐτεξούσιον
3718 3666 3823 3736 τῆς

2236 3754 2346 3808 τῶν
2369 3755 2673 3823 ἀνθρώπων
2703 3757 2960 3820 πίστεως.
3009 3757 3140 3811 Ἰδοὺ
3171 3757 3281 3827 γάρ
3309 3755 3564 3811 τοσούτου
3592 3757 3821 3826 γενομέ-

2242 3863 2333 3899 νου
2360 3844 2526 3913 φόὸου
2561 3845 2719 3915 μόνος
2745 3845 2774 3896 6
2797 3844 3141 3916 δεσμοφύλαξ
3169 3847 3461 3901 ἐπίστευσε
3487 3863 3500 3875 ⁸
3539 3847 3718 3901 καίτοι
3751 3864 3818 3915 γε

2236 3937 2342 3991 ἔδει
2387 3938 2622 4008 μάλιστα
2666 3938 2790 4000 τοὺς
2837 3935 3121 4007 δεσμώτας
3152 3936 3172 3976 τ
3228 3938 3520 4008 κινηθῆναι
3568 3938 3706 4008 πρὸς
3757 3938 3821 3990 τὸ

2236 4028 2547 4083 πιστεῦσαι·
2583 4029 2717 4088 ὅπου
2753 4044 2817 4096 γε
2861 4028 2955 4082 καὶ
2983 4029 3228 4093 πλείονος
3276 4029 3687 4100 ἐπειράσθησαν
3716 4028 3818 4097 τῆς

2237 4117 2686 4190 θαυματουργίας
2707 4133 2720 4146 ·
2758 4117 2912 4187 ἄφνω
2953 4119 3053 4182 τὰς
3085 4118 3315 4190 σιδηρᾶς
3344 4119 3524 4172 αὐτῶν
3556 4118 3817 4188 χειροπέ-

2234 4211 2330 4275 δας
2360 4212 2662 4282 ἑωρακότες
2693 4209 3116 4280 διαρρηχθείσας
3160 4213 3206 4251 ⁸·
3237 4209 3354 4264 ἀλλ’
3387 4210 3583 4280 ἠλίθιοι
3620 4209 3773 4271 ὄντες
3799 4250 3814 4272 ,

2235 4303 2369 4376 πρὸς
2416 4305 2512 4374 μὲν
2544 4305 2604 4356 τὸ
2653 4304 2827 4375 παρὸν
2869 4303 3197 4366 ἐδειλίασαν,
3252 4301 3362 4356 τῶν
3407 4303 3674 4374 θεμελίων
3715 4303 3818 4370 τῆς

2235 4413 2270 4464 φ
2278 4412 2370 4465 ρου
2379 4398 2476 4464 ρᾶς
2496 4393 2930 4464 ἀνακινηθέντων
2949 4392 3044 4446 καὶ
3065 4392 3172 4446 τῶν
3195 4391 3373 4462 θυρῶν
3396 4389 3816 4462 ἀνεῳχθεισῶν“·

2236 4487 2646 4558 καταφρονηταὶ
2683 4487 2741 4539 δὲ
2781 4485 2935 4549 ὄντες
2977 4485 3072 4538 τοῦ
3103 4483 3238 4538 Θεοῦ
3259 4526 3274 4550 ,
3321 4483 3459 4554 μετὰ
3489 4484 3548 4537 τὸ
3579 4485 3816 4553 πρᾶγμα

553 4552 754 4608 fuerint
780 4556 844 4610 de
879 4566 1027 4611 tanto
1047 4557 1272 4625 timore;
1307 4575 1426 4612 cum
1454 4567 1599 4615 certe
1620 4573 1711 4614 eos
1743 4563 2073 4631 oportuisset
2097 4581 2124 4616 a

2235 4575 2488 4629 τοσοῦτον
2522 4575 2849 4628 ἐπελάθοντο
2876 4570 2971 4627 τοῦ
3005 4575 3327 4641 γεγονότος,
3370 4571 3511 4626 ὥστε
3545 4571 3678 4642 μηδὲ
3707 4570 3810 4623 λα·-

552 4647 790 4700 carceris
839 4649 1062 4702 custode
1103 4659 1196 4702 aut
1241 4665 1268 4702 a
1316 4648 1482 4705 Paulo
1526 4665 1747 4706 causam
1779 4654 1967 4707 audire
2004 4669 2129 4723 pro-

555 4740 705 4809 digii,
743 4751 798 4795 et
825 4741 1098 4797 multoties
1122 4759 1188 4798 ex
1219 4744 1416 4814 pietate
1473 4747 1638 4802 corde
1685 4749 1990 4820 compungi.
2022 4749 2125 4803 Ar-

533 4832 724 4888 bitror
755 4843 936 4889 autem
979 4850 1079 4905 ego
1108 4836 1307 4905 aliquid
1345 4837 1449 4892 tale
1499 4837 1696 4893 factum
1761 4839 1930 4894 fuisse
1962 4841 2012 4894 in
2047 4842 2129 4894 in-

503 4945 506 4948 ·
555 4929 730 4990 terno,
770 4943 890 4981 cum
955 4928 1216 4985 Dominus
1278 4940 1464 4986 noster
1520 4930 1684 4987 Jesus
1731 4933 2002 4998 Christus,
2035 4935 2125 4987 Dei

554 5017 815 5083 Verbum,
842 5021 946 5074 huc
981 5021 1259 5076 descendit
1285 5032 1495 5093 gustata
1525 5025 1911 5094 aliquantisper
1935 5036 2126 5080 morte.

551 5107 834 5164 Commota
882 5121 1005 5165 sunt
1056 5112 1400 5169 fumlan'tcnta
1439 5124 1629 5179 teme,
1665 5128 1718 5170 et
1753 5118 2124 5172 universorum

553 5199 728 5254 soluta
762 5211 889 5255 sunt
919 5203 1168 5269 vincula;
1197 5207 1396 5277 quique
1449 5207 1720 5262 Salvatori
1751 5209 1962 5262 obviam
2013 5185 2128 5264 ive-

555 5300 679 5344 runt
708 5303 761 5346 et
789 5293 842 5347 in
872 5311 993 5348 eum
1053 5297 1418 5359 crediderunt,
1447 5315 1637 5354 omnes
1664 5300 1795 5353 salvi
1823 5298 1947 5353 facti
1977 5311 2127 5366 sunt,

555 5381 698 5436 sicut
754 5386 989 5440 carceris
1048 5397 1232 5443 custos
1284 5401 1338 5444 ct
1384 5391 1574 5446 domus
1618 5392 1772 5462 ejus;
1827 5393 2132 5461 quicunque

555 5485 732 5530 autem
760 5490 884 5531 eum
911 5494 1014 5531 non
1050 5480 1458 5545 invocaverunt,
1503 5498 1677 5553 neque
1708 5484 2034 5539 studuerunt
2069 5486 2132 5539 de

622 5631 644 5662 ε’
682 5623 825 5686 Psal.
852 5647 1046 5698 Cum,
1080 5635 1169 5688 ϐξ.

630 5798 655 5862 εξ
783 5786 932 5862 (Ergo
962 5791 1092 5862 γάρ.
1168 5788 1192 5828 δ
1224 5789 1283 5850 C.
1317 5792 1376 5847 C.
1411 5794 1520 5855 τοῖς
1581 5794 1679 5856 είς.

554 5856 584 5899 ι
611 5855 680 5913 Ο.
702 5856 763 5912 C.
792 5855 940 5914 ἄλλο.

1800 5805 1820 5832 ⁸
1860 5795 2009 5850 (1.0.
2073 5790 2138 5865 ἦν
2203 5794 2388 5849 αὑτοῦ.

2224 4666 2388 4738 λῆσαι
2432 4666 2510 4737 τῷ
2553 4665 2924 4738 δεσμοφύλακι
2956 4665 2989 4738 ἢ
3037 4665 3182 4736 ᾶλλῳ
3214 4666 3244 4705 ιι
3270 4665 3377 4718 τινὶ
3407 4666 3500 4718 τὸν
3539 4663 3806 4733 γεγονότα

2229 4758 2394 4826 φόδον
2427 4773 2440 4788 .
2469 4755 2505 4830 ἦ
2546 4759 2656 4829 γὰρ
2704 4757 2772 4812 ἂν
2812 4757 3048 4830 ἤμελλον
3075 4756 3179 4810 ὑπὸ
3211 4757 3306 4809 τοῦ
3337 4755 3746 4827 δεσμοφύλακας
3774 4755 3811 4825 ἢ

2228 4848 2334 4902 ὑπὸ
2358 4849 2467 4902 τῶν
2493 4849 2619 4920 περὶ
2642 4846 2852 4902 Παῦλον
2884 4848 3116 4901 ἀκοῦσαι
3143 4847 3203 4900 τὸ
3226 4847 3400 4900 αἴτιον
3433 4847 3535 4914 τῆς
3559 4845 3800 4915 θαύματι

2230 4939 2478 5008 ουργὶας,
2528 4936 2620 4990 καὶ
2668 4936 2931 5000 πολλάκις
2959 4936 3335 5004 κατανυγῆναι
3365 4937 3446 4998 εἰς
3473 4933 3806 4986 θεοσέϐειαν.

2247 5029 2518 5098 Ἦγοῦμαι
2545 5029 2600 5081 δὲ
2626 5029 2721 5082 καί
2749 5046 2802 5080 τι
2830 5026 3071 5081 τοιοῦτον
3100 5025 3434 5096 γεγενῆσθαι
3461 5025 3554 5078 καὶ
3577 5026 3634 5078 ἐν
3658 5025 3808 5096 ᾅδου,

2236 5120 2376 5173 κατά
2410 5121 2502 5173 τὸν
2531 5122 2722 5193 καιρὸν
2751 5121 2959 5174 ἐκεῖνον
2993 5119 3120 5173 καθ’
3146 5120 3206 5173 δν
3233 5119 3508 5190 κατῆλθεν
3547 5121 3576 5172 ὀ
3606 5119 3811 5188 Κύριος

2236 5213 2394 5282 ἡμῶν
2427 5213 2635 5285 Ἰησοῦς
2661 5215 2918 5284 Ἰ(ριστὸς.
2947 5214 2975 5266 ὁ
2998 5213 3090 5267 τοῦ
3125 5211 3259 5266 Θεοῦ
3280 5212 3452 5280 Λόγος
3475 5212 3647 5274 κάτω,
3673 5211 3814 5281 11:96;

2237 5304 2414 5372 ὀλίγον
2451 5305 2545 5359 τοῦ
2590 5307 2820 5360 θανάτου
2850 5305 3188 5375 γευσάμενος
3209 5321 3222 5335 ·
3264 5305 3359 5357 καὶ
3391 5303 3716 5373 ἐσείσθησαν
3743 5307 3812 5355 τὰ

2239 5396 2464 5466 θεμέλια
2498 5400 2598 5468 τῆς
2647 5397 2751 5468 γῆς
2773 5440 2787 5463 ,
2819 5401 2914 5452 καὶ
2956 5397 3175 5451 πάντων
3203 5397 3274 5450 τὰ
3301 5395 3476 5466 δεσμὰ
3517 5395 3810 5465 ἐλύθησαν·

2237 5489 2332 5542 καὶ⁸
2361 5489 2474 5542 ὅσοι
2519 5490 2616 5561 μέν
2646 5491 3023 5562 προσέδραμον
3063 5489 3141 5560 τῷ
3173 5487 3390 5560 Σωτῆρι
3431 5489 3525 5541 καὶ
3557 5487 3814 5542 ἐπίστευ-

3139 5799 3163 5840 ε
3195 5799 3257 5854 ε.
3287 5799 3347 5854 (3.
3377 5796 3810 5870 διαρρηχθήσας.

2500 5795 2519 5834 τ
2550 5799 2604 5852 (Ζ.
2642 5799 2701 5852 C.
2737 5798 3018 5869 δεσμότας.
