4130 6574
319 395 342 402 ”
396 429 531 500 ιδει

1305 443 1766 503 FARGMENTA
1812 442 1890 501 [Ν
1932 399 2120 503 ΑείιΑ
2157 442 2739 505 APOSTOLORUM.

3537 445 3672 514 1562
3723 495 3726 500 -

395 559 496 596 σαν
528 544 607 604 εἰς
640 543 820 607 αὐτδν,
871 544 1176 616 ἐσώθησαν,
1208 547 1284 611 ὡς
1321 550 1350 601 ὁ
1392 549 1738 618 δεσμοφύλαξ
1788 549 1881 602 καὶ
1927 551 1975 601 ot

2081 549 2385 606 incredibili
2418 551 2681 606 miraculo
2717 550 3062 622 investigare,
3100 551 3132 606 ii
3157 567 3350 609 omnes
3374 555 3426 609 in
3457 555 3671 612 inferno

395 634 559 687 αὑτοῦ
595 651 606 662 ’
645 636 758 688 ὅσοι
784 638 840 690 δὲ
888 638 1511 710 ἁποπροσεποιήσαντοί
1547 643 1641 695 καὶ
1701 643 1804 695 οὐκ
1848 644 1977 696 ἀντ-

397 727 724 796 εποιήσαντο
747 724 761 775 i
800 726 896 780 τοῦ
921 729 1450 800 πολυπραγμονῆσαι
1473 733 1536 785 τὸ
1558 732 1860 805 παράδοξον
1883 733 1976 786 τοῦ

397 815 696 886 θαύματος.
731 812 874 872 οὗτοι
904 819 1125 890 ἔμειναν
1149 822 1310 877 πάλιν
1363 825 1421 877 ἐν
1447 825 1598 895 ᾁδου⁹
1641 825 1834 896 ὥσπερ
1866 826 1975 896 γὰρ

396 907 446 961 oi
481 910 608 980 περὶ
635 910 848 965 Παῦλον
888 911 1112 983 ἐξῆλθον
1156 914 1523 980 ἀπολυθέντες,
1569 918 1643 971 ἕω
1687 918 1715 958 k
1747 919 1854 971 ἀπὸ
1881 920 1979 988 τῆς

396 1000 665 1071 φυλακῆς,
693 1001 838 1058 οὓτω
861 1004 956 1058 καὶ
983 1006 1010 1057 ό
1032 1005 1266 1076 Χριστὸς
1291 1007 1512 1078 ἔννυχος
1542 1008 1560 1048 ι
1587 1011 1797 1080 πρωῖας
1825 1009 1980 1063 ἀνελο

398 1088 508 1142 θὼν
521 1091 626 1144 ἀπὸ
651 1091 744 1145 τοῦ
769 1092 950 1164 ᾇδου,¹¹¹
977 1094 1072 1148 καὶ
1093 1095 1404 1161 ἀπολυθεὶς,
1435 1100 1518 1170 (οὐ
1543 1101 1652 1170 γὰρ
1674 1095 1742 1171 ἦν
1765 1109 1791 1136 η
1815 1100 1979 1154 αὐτὸν

398 1183 546 1246 εἰκὸς
565 1225 579 1248 ,
607 1183 740 1238 Θεὸν
767 1185 916 1253 ὄντα,
948 1187 1264 1258 κρατεῖσθαι
1289 1189 1395 1241 ὑπὸ
1433 1191 1526 1243 τοῦ
1555 1190 1833 1259 θανάτου),
1885 1192 1980 1244 ἀν-

398 1275 551 1348 έστη,
587 1278 681 1331 καὶ
731 1278 1009 1350 συντυχὼν
1056 1283 1170 1344 τοῖς
1211 1286 1425 1345 πιστοῖς
1469 1282 1638 1336 αὐτοῦ
1685 1283 1976 1354 μαθηταῖς,

400 1371 491 1422 καὶ
517 1373 637 1432 ταῖς
675 1371 804 1441 περὶ
837 1371 1056 1442 Μαρίαν
1082 1373 1330 1441 γυναιξὶν
1362 1375 1418 1427 ὲν
1452 1373 1713 1445 πρώτοις,
1747 1376 1841 1428 καὶ
1870 1393 1978 1428 πα-

403 1461 710 1531 ρακαλέσας
744 1462 941 1526 αὐτοὺς
983 1465 1075 1517 καὶ
1114 1465 1544 1536 παραθαρσύνας
1583 1467 1718 1537 πρὸς
1751 1467 1850 1536 τὴν
1890 1468 1979 1520 πί-

401 1567 538 1613 στιν,
575 1553 668 1604 καὶ
687 1553 862 1619 λέγων
890 1570 904 1585 ’
941 1555 1248 1622 Θαρσεῖτε,
1267 1557 1542 1628 ἀνελήφθη
1575 1558 1655 1620 είς
1686 1557 1976 1628 οὐρανοὺς,

401 1644 711 1716 ὲνδημήσας
742 1646 879 1719 πρὸς
906 1647 999 1700 τὸν
1035 1648 1256 1718 Πατέρα
1283 1649 1476 1702 ἑαυτοῦ
1512 1649 1603 1704 τὸν
1634 1649 1767 1703 Θεόν
1791 1664 1807 1680 ο
1835 1648 1979 1702 οὕτω

401 1736 510 1808 γὰρ
540 1741 636 1790 καὶ
666 1740 714 1791 oi
745 1739 874 1809 περὶ
898 1738 1060 1793 Σίλαν
1098 1739 1408 1804 ἐξελθόντες
1437 1741 1543 1795 ἀπὸ
1576 1741 1670 1794 τοῦ
1699 1741 1980 1812 δεσμωτη-

401 1825 554 1892 ρίου,
601 1830 695 1880 καὶ
739 1828 1096 1898 συντυχόντες
1129 1833 1250 1892 ταῖς
1292 1829 1423 1900 περὶ
1465 1829 1688 1910 Λυδίαν,
1732 1830 1828 1883 καὶ
1865 1833 1977 1896 τοῖς

2081 652 2486 700 remanserunt.
2533 642 3000 709 Quemadmodum
3035 643 3258 710 Paulus,
3299 645 3492 701 solutis
3547 648 3667 701 viu-

2079 735 2240 799 culis,
2266 749 2726 791 maneecarcere
2781 736 2976 802 exivit,
3017 736 3092 790 ita
3151 737 3404 795 Christus
3459 755 3670 793 summu

2080 841 2238 882 mane
2279 841 2347 882 ex
2394 825 2609 882 inferno
2643 837 2924 884 revertens
2975 837 3030 882 et
3079 829 3292 884 solutus
3318 870 3338 889 ,
3383 845 3488 883 non
3521 829 3665 884 enim

2080 917 2302 972 decebat
2332 931 2476 984 eum,
2511 925 2696 985 utpOte
2753 918 2946 984 Demu,
2997 926 3173 974 morte
3219 920 3502 987 superari,
3552 934 3671 973 sur-

2081 1011 2244 1076 rexit,
2273 1018 2328 1065 et
2358 1009 2607 1065 fidelibus
2654 1009 2934 1080 discipulis
2966 1010 3103 1076 suis,
3136 1021 3190 1065 et
3219 1010 3404 1064 Maria:
3440 1012 3670 1079 primum

2080 1118 2370 1174 apparens,
2399 1119 2493 1158 eos
2523 1104 2838 1159 consolatus
2862 1115 2965 1172 est,
3002 1111 3056 1159 ct
3082 1105 3426 1160 conﬁrmavit
3458 1105 3509 1158 in
3545 1103 3670 1168 ﬁde,

2083 1208 2140 1252 et
2189 1197 2426 1253 dicens:
2466 1196 2657 1253 Fortes
2713 1207 2898 1266 estote,
2959 1208 3271 1267 assumptus
3321 1207 3409 1254 est
3472 1197 3523 1252 in
3557 1213 3672 1252 (ιωο

2079 1289 2188 1343 lum
2213 1329 2229 1354 ,
2259 1291 2324 1345 ad
2358 1291 2520 1346 Deum
2555 1291 2770 1346 Patrem
2813 1307 2968 1346 suum
3001 1307 3060 1346 se
3089 1291 3376 1360 recipiens.
3407 1288 3675 1343 Similiter

2079 1380 2278 1435 Paulus
2309 1393 2362 1435 et
2392 1382 2533 1436 Silas
2561 1400 2591 1436 e
2615 1397 2839 1438 carcere
2879 1393 3143 1437 exeuntes
3171 1422 3186 1447 ,
3218 1392 3271 1436 et
3296 1381 3460 1451 Lydia
3489 1379 3672 1434 fratri-

2079 1472 2288 1542 bttsque
2311 1473 2702 1544 visis,prolecti
2725 1483 2871 1530 sunt.
2901 1473 3205 1529 Notandum
3241 1483 3326 1529 est
3381 1481 3562 1528 autem
3598 1472 3675 1527 si.

2082 1579 2152 1616 ne
2183 1563 2289 1618 ﬁde
2323 1563 2376 1617 in
2405 1563 2680 1618 Christum
2727 1564 3062 1633 impossibile
3125 1578 3247 1619 esse
3278 1563 3490 1618 salvum
3521 1561 3670 1626 ﬁeri,

2081 1668 2180 1706 nec
2202 1661 2432 1719 castum,
2468 1667 2567 1708 nec
2602 1652 2858 1708 humilem
2893 1693 2909 1718 ,
2967 1668 3066 1709 nec
3133 1661 3475 1706 mansuetum
3502 1689 3517 1714 ,
3573 1663 3674 1703 nec

2079 1743 2121 1796 si
2159 1757 2318 1813 quem
2375 1741 2524 1796 dicas
2584 1755 2960 1811 quamcunque
3018 1741 3312 1806 virtutem,
3375 1739 3670 1794 secundum

2079 1835 2630 1902 pseudophilosophos
2662 1843 2716 1889 et
2742 1833 2957 1890 Judzeos
2979 1831 3421 1902 ampleCtentem.

399 1924 610 1984 πιστοίς
650 1921 900 1990 ἀδελφοῖς
926 1961 940 1983 ,
977 1923 1369 1994 νάπεδήμησαν.
1413 1923 1760 1995 Σημειωτέον
1811 1923 1867 1978 δὲ
1900 1925 1981 1979 ὅτι
2017 1924 2147 1982 ἄνευ
2175 1926 2269 1979 τοῦ
2300 1926 2589 1980 πιστεῦσαι
2649 1929 2728 1990 εἰς
2783 1927 2876 1980 τὸν
2917 1925 3145 1998 Ἰησοῦν,
3194 1925 3457 1980 ἀδύνατον
3493 1919 3672 1992 σωθῆ-

397 2030 514 2066 ναι·
548 2013 653 2066 κᾶν
685 2012 916 2084 σώφρων
938 2031 1022 2076 τις
1047 2009 1104 2088 ᾖ,
1139 2014 1243 2068 κᾶν
1274 2015 1549 2080 κενόδοξος
1573 2023 1618 2081 ο,
1653 2017 1758 2070 κᾶν
1778 2015 1980 2087 πραῢς,
2021 2019 2126 2072 κᾶν
2158 2021 2261 2072 εἴτι
2297 2019 2497 2090 δήποτε
2555 2019 2744 2089 ἓτερον
2771 2030 2800 2069 ι)
2851 2018 3014 2090 εἴπῃς
3071 2017 3274 2090 ἀρετῆς
3323 2015 3582 2086 ἐχόμενον
3609 2023 3671 2080 τι,

391 2104 480 2158 διὰ
508 2106 635 2168 τοὺς
662 2106 1155 2174 ψευδοφιλοσόφους
1183 2107 1278 2162 καὶ
1309 2110 1437 2172 τοὺς
1469 2109 1782 2173 Ἰουδαίους.

470 2219 490 2252 ι
528 2201 639 2254 Καὶ
670 2202 941 2270 ἐλάλησαν
975 2204 1123 2275 αὐτῷ
1162 2205 1254 2258 τὸν
1287 2204 1446 2274 λόγον
1480 2205 1574 2259 τοῦ
1607 2205 1837 2277 Κυρίου,
1870 2208 1971 2262 σὺν

2148 2212 2314 2269 Vens.
2354 2214 2448 2268 52.
2479 2233 2498 2266 ι
2533 2215 2596 2268 Et
2625 2212 2787 2267 locuti
2818 2222 2946 2267 sunt
2972 2210 3021 2264 ei
3052 2210 3274 2264 verhum
3299 2205 3532 2271 Domini,
3552 2221 3671 2261 cum

396 2293 527 2345 πᾶσι
561 2295 674 2356 τοῖς
701 2295 758 2345 ὲν
785 2296 848 2364 τῇ
881 2295 1032 2365 οἰκίᾳ
1064 2296 1252 2350 αὑτοῦ.
1294 2315 1311 2347 ι

475 2383 605 2436 Ἰδοὺ
649 2383 812 2437 πάλιν
867 2384 965 2439 καὶ
1009 2379 1123 2439 ὦδε
1164 2387 1544 2456 προλαμϐάνει
1595 2389 1627 2458 ἡ
1678 2391 1984 2462 κατήχησις

389 2476 452 2528 τὸ
481 2475 785 2546 βάπτισμα·
819 2476 912 2531 διὰ
969 2479 1059 2531 τὸν
1097 2478 1306 2534 τέλειον
1339 2480 1507 2552 ἄνδρα
1528 2521 1541 2544 ,
1577 2475 1810 2553 ’Ἕλληνα
1855 2483 1982 2538 ὄντα

391 2567 484 2620 καὶ
509 2567 615 2634 ἔξω
651 2567 866 2638 ἔχοντα,
898 2571 1001 2624 οὐκ
1031 2571 1237 2638 ὀφείλει
1274 2571 1563 2641 βαπτίζειν
1595 2590 1699 2636 τις,
1733 2575 1792 2626 ἐν
1823 2566 1867 2640 ᾧ
1907 2574 1981 2646 μὴ

387 2659 612 2713 δύναται
650 2659 884 2714 ἀκοῦσαι
911 2662 1070 2731 λόγον
1120 2664 1494 2734 κατηχητικὸν
1546 2667 1642 2718 καὶ
1682 2666 1981 2733 καταδέξα-

392 2751 553 2816 σθαι,
593 2752 831 2822 μάλιστα
875 2754 928 2806 εί
981 2754 1258 2825 μηδέποτε
1306 2757 1524 2828 ἐμυήθη
1570 2757 1746 2826 λόγων
1795 2757 1978 2812 θείωνο

387 2845 556 2912 βλέπε
580 2846 639 2899 δὲ
667 2847 748 2898 ὅτι
779 2845 870 2900 διὰ
898 2847 998 2918 τὴν
1023 2849 1274 2919 ἀνάγκην
1306 2849 1470 2913 εὐθὺς
1503 2850 1642 2918 μετὰ
1686 2849 1785 2921 τὴν
1843 2868 1978 2904 κατ-

391 2936 586 3006 ήχησιν
617 2934 1030 3006 ἐπηκολούθησε
1052 2936 1114 2989 τὸ
1150 2937 1435 3008 βάπτισμα
1468 2954 1481 2968 ·
1502 2939 1623 3002 δέος
1650 2938 1760 3010 γὰρ
1778 2935 1868 3009 ἦν,
1903 2940 1979 3012 μὴ

387 3027 715 3098 διωχθέντας
742 3029 838 3082 τοῦ
887 3029 1187 3099 δυναμένου
1243 3030 1506 3100 βαπτίσαι
1528 3070 1544 3095 ,
1577 3032 1743 3103 μείνῃ
1778 3033 1977 3102 ἀμέτοο

392 3137 485 3188 χος
523 3122 623 3192 τῆς
660 3121 806 3192 ζωῆς
843 3122 873 3174 ό
909 3121 1269 3194 βουλόμενος,
1311 3124 1403 3177 διὰ
1453 3125 1514 3178 τὸ
1570 3124 1646 3196 μὴ
1697 3119 1841 3178 εἶναι
1863 3125 1979 3178 ιτὸν

391 3230 549 3266 τουτο
587 3230 874 3267 ποιουντα.

466 3324 486 3357 ι
535 3305 876 3371 Ἐξελθόντες
909 3307 968 3361 δὲ
1000 3309 1066 3362 ὲκ
1099 3308 1202 3379 τῆς
1242 3309 1492 3380 φυλακῆς
1531 3310 1784 3381 εἰσῆλθον
1837 3311 1976 3384 πρὸς

390 3399 490 3467 τὴν
508 3398 710 3452 Λυδίαν
733 3415 746 3427 ο
768 3399 864 3451 καὶ
897 3399 1096 3462 ἰδόντες
1120 3400 1247 3462 τοὺς
1274 3401 1562 3470 ἀδελφοὺς,
1593 3402 1979 3475 παρεκάλεσαν

392 3489 611 3553 αὐτοὺς,
650 3492 744 3544 καὶ
774 3491 1022 3560 ἐξῆλθον.
1077 3509 1094 3543 ι

2086 2307 2340 2361 erunibus
2380 2307 2468 2375 qui
2502 2316 2660 2361 erant
2688 2305 2740 2358 in
2775 2307 2938 2359 domo
2971 2302 3110 2386 eius.
3153 2319 3172 2352 ι

2155 2399 2296 2454 Ecce
2332 2398 2419 2454 hic
2441 2398 2606 2453 etiam
2658 2395 2960 2452 catechesis
3000 2393 3329 2464 baptismum
3383 2391 3671 2461 praecedit;

2085 2493 2266 2560 itaque
2287 2493 2457 2546 virum
2483 2490 2771 2554 Gentilem,
2790 2491 3139 2560 quantumvis
3161 2485 3495 2556 perlectum,
3515 2499 3674 2538 nemo

2084 2585 2245 2640 debet
2293 2585 2595 2654 baptizare,
2639 2585 2685 2636 si
2722 2597 2826 2636 non
2885 2580 3058 2650 potuit
3086 2576 3416 2640 catecheshn
3462 2575 3673 2634 audire.

2085 2679 2386 2746 praesertim
2419 2678 2464 2732 si
2502 2676 2741 2731 nomium
2773 2672 2976 2728 divinis
3005 2672 3186 2726 verbis
3217 2668 3382 2724 fuerit
3406 2668 3669 2723 initiatus.

2084 2769 2217 2825 Vide
2239 2780 2445 2834 autem,
2485 2777 2708 2838 propter
2742 2765 3143 2828 necessitatem,
3178 2762 3504 2830 baptismum
3547 2771 3673 2814 sta-

2086 2863 2177 2916 tim
2237 2861 2509 2916 catcchesi
2564 2858 2976 2924 succedentem;
3016 2855 3366 2910 metuendum
3437 2867 3676 2922 namque

2081 2960 2201 3007 erat
2279 2967 2370 3017 ne,
2401 2967 2524 3006 cum
2569 2964 2692 3005 eum
2726 2954 3184 3020 persequerentur
3248 2945 3340 3015 qui
3396 2944 3675 3014 baptizare

2077 3053 2312 3117 poterat,
2367 3044 2492 3100 vitae
2557 3058 2752 3114 expers
2799 3050 3084 3105 maneret.
3147 3038 3417 3109 baptizari
3461 3038 3671 3101 volens,

2079 3153 2187 3193 non
2211 3146 2392 3192 autem
2417 3138 2622 3193 habens
2645 3137 3034 3206 baptizaatem.

2152 3312 2320 3370 Vens.
2345 3313 2436 3367 40.
2475 3331 2496 3365 ι
2535 3312 2810 3368 Exeuntes
2856 3319 3036 3365 autem
3078 3308 3144 3364 de
3187 3322 3410 3363 carcere
3434 3348 3451 3371 ,
3503 3305 3675 3360 iutrn-

2089 3407 2274 3462 ierunt
2295 3408 2363 3460 ad
2393 3406 2614 3476 Lydiam
2648 3416 2736 3460 :et
2767 3405 2900 3458 visis
2927 3402 3186 3458 fratribus
3243 3400 3504 3456 consolati
3549 3408 3675 3454 sunt

2084 3514 2200 3562 eos,
2222 3510 2278 3553 et
2308 3497 2534 3566 proiecti
2571 3506 2720 3552 sunt.
2760 3515 2778 3550 ι

467 3584 529 3636 Ὠ
584 3584 758 3653 πόσην
807 3579 954 3654 εἶχον
1005 3583 1241 3651 ἀτυφίαν
1298 3582 1394 3637 καὶ
1443 3583 1699 3653 ἀγάπηνῐ
1743 3585 1827 3637 ὅτι
1878 3585 1977 3639 οὐκ

2154 3590 2423 3660 Oquanta
2476 3590 2567 3644 eis
2616 3599 2735 3644 erat
2791 3587 3058 3644 modestia
3110 3593 3164 3642 et
3213 3579 3509 3639 cbaritasl
3565 3577 3671 3646 Qui

365 3677 569 3746 ﬁlled;
599 3677 894 3747 ἠνέσχοντο
933 3676 1244 3746 ἐκδημῆσαι
1266 3717 1280 3742 ,
1329 3677 1424 3729 καὶ
1470 3677 1646 3730 ταῦτα
1679 3676 1834 3749 παρὰ
1870 3678 1978 3732 τῶν

396 3771 720 3839 στρατηγῶν
752 3770 1280 3839 κατασπευδόμενοι,
1329 3770 1379 3821 εί
1431 3769 1508 3841 μὴ
1539 3770 1793 3839 εἰσῆλθον
1839 3771 1978 3842 πρὸς

395 3862 491 3932 τὴν
519 3861 714 3931 εὐτελῆ
743 3864 982 3930 γυναῖκα
1008 3861 1100 3914 καὶ
1130 3862 1258 3925 τοὺς
1293 3861 1546 3929 λοιποὺς,
1578 3861 1673 3926 οὓς
1703 3864 1799 3917 καὶ
1821 3863 1980 3919 ἁδελ-

391 3957 525 4025 φοὺς
558 3955 813 4021 ἐκάλουν,
845 3955 941 4009 καὶ
969 3955 1330 4020 συνετάξαντο
1356 3958 1542 4020 αὐτοῖς
1573 3965 1618 4011 ι’.

987 4094 1237 4148 ΚΕΦΑΛ.
1271 4094 1370 4146 lZ'.

465 4225 482 4256 ι
532 4205 886 4276 Ζηλώσαντες
936 4206 994 4260 δὲ
1062 4207 1349 4271 Ἰουδαῖοι,
1401 4208 1496 4261 καὶ
1544 4207 1976 4279 προσλαϐόμενοι

392 4299 500 4351 τῶν
529 4300 807 4370 ἀγοραίων
831 4299 1031 4369 ἄνδρας
1058 4299 1211 4362 τινὰς
1241 4302 1535 4371 πονηροὺς,
1560 4302 1656 4354 καὶ
1685 4300 1975 4370 ὀχλοποιή-

395 4407 604 4454 σαντες,
633 4390 922 4462 ὲθορύΰουν
953 4391 1051 4462 τὴν
1087 4392 1260 4446 πόλιν.
1303 4411 1322 4443 ο

462 4483 653 4537 Διττοῦ
696 4483 846 4546 όντος
875 4482 970 4535 τοῦ
1019 4483 1185 4552 ζήλου
1213 4524 1228 4548 ,
1267 4485 1358 4537 τὸν
1397 4484 1618 4555 χείρονα
1652 4482 1975 4553 ἐπετήδευον

408 4575 654 4628 Ἰουδαῖοι
679 4589 690 4601 °
719 4573 880 4644 ζῆλον
909 4568 1003 4626 οὖν
1035 4567 1136 4626 ὦδε
1167 4573 1257 4626 τὸν
1288 4574 1482 4642 φθόνον
1514 4573 1689 4628 καλεῖ.

472 4686 490 4715 σ
529 4667 640 4720 Καὶ
666 4661 815 4719 οὗτοι
845 4666 1048 4730 πάντες
1078 4666 1342 4732 ἀπέναντι
1378 4665 1488 4720 τῶν
1516 4664 1804 4736 δογμάτων
1832 4665 1975 4720 Καί-

396 4776 561 4831 σαρος
609 4761 952 4831 πράσσουσι,
991 4758 1217 4828 βασιλέα
1263 4758 1452 4829 ἕτερον
1493 4756 1747 4826 λέγοντες
1795 4750 1971 4820 εἶναι,

407 4851 633 4920 Ἰησοῦν.
691 4850 992 4922 Ἐτάραξαν
1019 4851 1076 4904 δὲ
1103 4851 1196 4904 τδν
1230 4850 1388 4921 ὄχλον
1428 4839 1525 4904 καὶ
1554 4850 1680 4913 τοὺς
1712 4846 1973 4920 πολιτάρ-

394 4959 494 5011 χας
523 4943 822 5005 ἀκούοντας
848 4942 1042 4998 ταῦτα.
1083 4961 1102 4993 ι

465 5031 622 5087 Οὕτω
667 5034 765 5102 μὲν
801 5041 822 5070 ³
871 5037 965 5088 καὶ
999 5036 1050 5088 οί
1087 5035 1292 5088 τούτων
1323 5033 1570 5104 πατέρες
1621 5033 1970 5103 κατηγόρουν

395 5126 488 5179 τοῦ
525 5125 721 5196 Ἰησοῦ,
750 5127 1000 5194 λέγοντες
1021 5129 1104 5181 ὅτι
1134 5127 1361 5197 βασιλέα
1383 5126 1576 5181 ἑαυτὸν
1603 5123 1760 5179 καλεῖ
1781 5141 1796 5156 ⁸
1831 5124 1973 5193 πλὴν

403 5217 621 5280 ἐκεῖνοι,
664 5216 765 5271 κᾶν
792 5214 937 5291 εἶχόν
980 5237 1102 5273 τινα
1133 5219 1276 5273 κατὰ
1304 5219 1364 5272 τὸ
1406 5219 1737 5290 φαινόμενον
1765 5216 1977 5271 εὐαπά-

402 5325 568 5379 τητον
621 5309 799 5378 λόγον,
849 5295 983 5364 δίότι
1013 5311 1106 5382 ἔζη
1142 5313 1170 5363 ὁ
1204 5311 1716 5382 κατηγορούμενος,
1767 5304 1914 5365 οὗτοι
1959 5311 1976 5346 ι

399 5401 560 5456 ποίαν
607 5398 753 5474 εἶχον
781 5403 1069 5473 ἀποφυγὴν
1113 5403 1206 5456 τοῦ
1253 5403 1488 5473 ψεύδους
1511 5444 1526 5468 ,
1562 5403 1816 5473 λέγοντες
1841 5442 1856 5468 ,
1893 5403 1976 5456 δτι

409 5495 618 5560 Ἰησοῦν
661 5495 1092 5564 καταγγέλλουσι
1121 5507 1146 5534 ι
1179 5483 1571 5564 βασιλέα,τὸν
1610 5496 1733 5550 κατ’
1773 5495 1972 5560 αὐτοὺς

474 5673 488 5712 ί
528 5671 590 5726 C.
649 5669 711 5724 C.
757 5671 966 5745 ἀᾲπεπρ.
1029 5669 1062 5745 _i
1106 5671 1167 5724 (ἰ.
1198 5672 1658 5745 (Ζ.ἁντεποίησαν.

394 5810 949 5879 r-tnm_supplevimus.

395 5875 610 5943 αὐτούς.
634 5875 645 5878 ⁷
670 5875 709 5919 ’τ
743 5879 804 5936 C.
836 5879 895 5936 C.
932 5883 1020 5952 μέ.
1103 5886 1120 5918 τ
1159 5883 1222 5939 (1.
1251 5882 1312 5938 C.
1344 5879 1488 5939 οὗτοι
1515 5885 1588 5938 δέ.

474 5673 488 5712 ί
528 5671 590 5726 C.
649 5671 711 5724 C.
757 5671 966 5742 ἀπεπρ.
1047 5671 1062 5721 i
1106 5671 1167 5724 (ἰ.
1198 5672 1658 5745 (Ζ.ἁντεποίησαν.
1767 5674 1792 5714 ιι
1823 5674 1884 5728 C.
1917 5673 1977 5728 C.

394 5753 420 5779 η
451 5742 506 5794 lu
543 5756 716 5813 marg.
754 5743 994 5813 abscissa
1029 5742 1133 5808 leg.
1181 5745 1305 5797 add.
1333 5759 1440 5797 rec.
1471 5762 1542 5798 m.
1579 5751 1623 5796 σ¹
1654 5743 1826 5813 ἕννυχ’
1864 5760 1961 5812 ρωι

2079 5671 2200 5726 νθεν.
2316 5671 2421 5725 lC.
2454 5673 2494 5726 C.
2547 5671 2630 5725 Κύ

2079 5742 2169 5794 ελθ¹
2201 5742 2262 5794 τὸ
2283 5743 2378 5795 τοῦ
2407 5742 2532 5796 ἆδου
2562 5759 2633 5795 κα

1039 5822 1058 5843 ⁸
1083 5804 1397 5886 Callaico);
1419 5815 1630 5886 ἀκενόδ.
1713 5825 1738 5864 P
1767 5804 1917 5886 (ill.
1951 5813 1977 5866 δ

2079 5813 2273 5886 ντε-οὖν
2303 5813 2512 5883 ἕτερον.
2589 5823 2617 5864 (ι
2644 5814 2701 5871 C.
2735 5812 2793 5868 C.
2829 5804 3088 5886 ἐχόμενον
3120 5804 3341 5884 ἀρετῆς,
3423 5811 3471 5847 ἰ’
3497 5805 3564 5864 C.
3586 5804 3649 5862 C.

1670 5893 1693 5922 ε
1732 5886 1788 5941 C.
1825 5885 1885 5940 C.
1923 5883 2356 5952 καταγγέλλωσι.
2808 5919 2813 5926 ,

2082 3679 2349 3751 proﬁcisci
2407 3679 2714 3742 noluerunt,
2767 3678 2952 3733 liceta
2999 3675 3408 3747 magistratibus
3436 3669 3671 3731 dimissi,

2081 3773 2210 3841 quin
2268 3773 2583 3827 introissent
2621 3772 2686 3824 ad
2728 3770 3016 3842 ignobilem
3058 3769 3338 3823 mulierem
3368 3776 3423 3820 et
3447 3761 3673 3816 adalios

2081 3878 2216 3932 quos
2269 3863 2465 3918 fratres
2515 3861 2894 3932 appellabant,
2922 3870 2977 3916 et
3025 3875 3084 3915 se
3129 3859 3208 3914 eis
3249 3871 3406 3927 pares
3445 3851 3668 3909 cll‘ccis~

2079 3969 2224 4014 sent.

2685 4088 2838 4144 CAP.
2867 4084 3031 4142 XVII.

2157 4204 2324 4257 Vens.
2360 4201 2449 4256 l5.
2487 4219 2504 4252 ι
2535 4199 2782 4256 Zelantcs
2833 4209 3011 4255 autem
3050 4198 3245 4266 Judaei,
3305 4203 3669 4252 assumcutes-

2079 4313 2184 4367 que
2217 4299 2280 4350 de
2313 4294 2470 4366 vulgo
2513 4293 2660 4352 viros
2699 4292 2961 4362 quosdam
2998 4291 3189 4356 malos,
3223 4301 3276 4345 et
3307 4291 3462 4346 turba
3498 4286 3671 4355 facta,

2077 4387 2491 4442 concitaverunt
2523 4385 2816 4438 civitatem.
2859 4403 2878 4436 ι

2154 4478 2354 4546 Duplex
2393 4477 2538 4532 zelus
2580 4493 2593 4531 :
2639 4479 2878 4547 pejorcm
2941 4487 3243 4542 sequuntur
3289 4470 3459 4528 Judmi
3497 4490 3669 4540 ;nam

2079 4571 2168 4626 hic.
2193 4587 2288 4640 pro
2325 4571 2522 4624 invidia
2549 4571 2699 4624 zelus
2727 4569 2941 4622 dicitur.

2155 4663 2320 4718 Vens.
2343 4662 2394 4728 7,
2429 4659 2483 4716 8.
2519 4681 2537 4713 ι
2587 4662 2649 4716 lli
2708 4677 2897 4715 omnes
2926 4668 3115 4715 contra
3173 4659 3387 4716 decreta
3435 4658 3666 4715 Caesaris

2079 4758 2305 4822 faciunt,
2331 4770 2511 4824 regem
2547 4754 2710 4808 alium
2737 4753 2980 4807 dicentes
3001 4767 3122 4808 esse
3167 4748 3373 4807 Jesum.
3417 4751 3666 4806 Concita-

2079 4859 2278 4906 verunt
2306 4856 2487 4923 autem
2513 4848 2726 4919 plebem
2755 4855 2808 4902 ct
2826 4846 3101 4916 principes
3123 4843 3360 4900 civitatis
3381 4843 3668 4898 audientes

2004 4937 2048 4990 ι)
2080 4944 2216 4998 hac.
2257 4959 2276 4993 ι

2141 5031 2345 5087 Eodem
2380 5031 2540 5087 modo
2566 5029 2748 5086 Jesum
2774 5035 2959 5100 patres
2983 5043 3172 5084 eorum
3205 5026 3663 5092 criminabantur,

2074 5123 2320 5180 dicentes
2374 5137 2498 5176 eum
2523 5136 2584 5176 se
2622 5135 2799 5190 regem
2833 5119 3058 5186 facere;
3097 5118 3187 5188 qni
3249 5118 3442 5172 saltem
3511 5116 3662 5170 vide-

2031 5226 2046 5241 ‘
2081 5216 2280 5271 bantur
2312 5213 2670 5284 probabiliter
2699 5211 2898 5280 decipi,
2918 5211 3143 5280 ecquod
3175 5211 3382 5263 viveret
3405 5207 3662 5262 crimina-

2081 5319 2208 5376 tus;
2237 5307 2357 5364 istis
2386 5316 2566 5362 autem
2601 5306 2871 5375 quodnam
2923 5303 3174 5360 falsitatis
3223 5302 3506 5373 elfugium,
3537 5316 3659 5355 cum

2087 5401 2277 5456 dicunt
2322 5399 2484 5452 istum
2511 5397 2794 5470 prmdicari
2863 5411 3068 5468 regem,
3101 5411 3260 5466 quem
3287 5393 3385 5464 ipsi
3438 5392 3658 5449 occide-

2091 5500 2218 5547 runt
2243 5490 2486 5547 YVivens
2508 5492 2723 5563 quidem
2756 5506 2890 5548 sane
2919 5498 3061 5557 crat,
3082 5488 3177 5546 sed
3207 5503 3312 5543 non
3337 5485 3654 5558 apparebat;

2316 5669 2421 5725 lC.
2454 5673 2494 5726 C.
2547 5669 2753 5794 Κύριος
2774 5671 3012 5741 ἔννυχον.
3113 5678 3152 5706 ω
3181 5669 3240 5724 C.
3288 5668 3351 5722 C.
3398 5668 3456 5736 ἐξ
3500 5665 3650 5740 ᾅδου.

2317 5743 2378 5794 οὓ
2407 5742 2532 5794 ἆδου
2562 5759 2633 5794 κα
2689 5741 2934 5794 τολυθεὶς
2963 5742 3023 5794 οὐ
3062 5740 3172 5794 γὰρ
3203 5737 3290 5794 ἦν.
3323 5739 3462 5792 Hine
3503 5737 3650 5790 defe-

2689 5737 2934 5822 roztuQsi'g'
2963 5742 3023 5795 οὐ
3062 5740 3172 5822 γὰρ
3203 5737 3290 5822 ἦν.
3323 5739 3471 5822 ἤειδε
3502 5737 3652 5822 «lele-
