4130 6542
593 399 728 465 1563

1747 408 2083 470 AMMONII
2123 411 2659 473 ALEXANDRINI

3716 417 3860 484 1564

587 530 687 568 nec
738 520 959 584 propter
1000 527 1123 568 eum
1184 531 1281 567 cur
1337 516 1638 579 timerent,
1692 519 1954 574 habebant
2013 536 2116 591 regi

2222 540 2237 585 ι
2269 523 2628 576 αποθανόνταο
2651 525 2767 593 ἤτοι
2794 523 2976 589 ζῶντα
3010 525 3128 595 μὶν,
3156 525 3217 580 ού
3246 526 3574 599 φαινόμενον
3603 530 3698 594 δίς
3726 542 3857 602 περι.

587 617 767 671 ιρι-ταν,
798 621 922 660 eum
979 623 1082 660 non
1136 608 1381 662 videntes
1431 609 1696 664 omnino:
1745 612 1932 667 deliria
1998 614 2111 682 igitr

2263 606 2325 665 οὗ
2359 612 2616 664 οὐδέποτε
2644 609 2790 682 εἶχον
2823 615 2871 665 οἱ
2896 614 2987 666 ἐπὶ
3010 614 3112 685 γῆς
3138 615 3381 685 βασιλεῖς
3411 617 3741 688 φοϐηθῆναι,
3778 621 3855 690 μὴ

584 699 1014 753 criminationes.
1071 697 1451 755 Verumtamen
1508 717 1668 757 nosse
1737 706 1992 759 credendi
2030 716 2158 760 sunt

582 788 837 858 apostoli,
872 804 1017 853 eum,
1055 790 1284 855 scilicet,
1312 792 1410 845 etsi
1459 808 1565 846 non
1614 806 1927 864 appareret,
1978 797 2154 867 reipsa

583 897 759 952 regem
783 896 923 947 esse,
950 882 1103 952 cujus
1126 884 1275 953 regni
1307 901 1413 939 non
1450 887 1548 940 erit
1585 887 1730 954 ﬁnis.

650 1152 814 1210 Vens.
848 1155 934 1220 10,
962 1155 1049 1209 Η.
1084 1174 1104 1207 ι
1129 1155 1231 1224 Qui
1265 1170 1384 1210 cum
1418 1159 1709 1225 venissent,
1738 1161 1787 1214 in
1823 1177 2150 1233 synagogam

572 1245 881 1301 Judzeornm
942 1248 1289 1313 introierunt.
1320 1248 1384 1302 Hi
1424 1261 1606 1306 autem
1653 1265 1809 1307 erant
1854 1255 2149 1313 nobiliores

571 1354 759 1393 eorum
786 1340 877 1407 qui
909 1350 1035 1394 sunt
1059 1339 1480 1398 Thessalonicae.
1512 1364 1530 1395 ι

645 1431 755 1487 Hoc
802 1434 1032 1502 augebat
1062 1432 1297 1501 Judmos,
1333 1436 1475 1491 sicut
1539 1454 1702 1508 supra
1763 1443 1963 1497 dictum
2016 1455 2143 1501 est:

569 1523 847 1576 mulierum
925 1524 1247 1579 nobiliarum
1306 1544 1499 1598 magna
1542 1531 1852 1591 multitudo.
1908 1535 2144 1593 Ditiorcs

568 1617 713 1668 enim
745 1615 1003 1673 mulieres
1065 1633 1251 1673 secum
1307 1620 1506 1676 habere
1560 1626 1897 1683 Volebautad
1934 1629 2141 1684 lucrum

566 1725 632 1762 ex
663 1710 741 1762 eis
768 1710 1111 1779 capiendum,
1144 1715 1360 1780 quando
1399 1717 1640 1770 avaritiae
1690 1728 1746 1772 et
1783 1723 1863 1775 sui
1897 1722 2141 1790 ipsorum

563 1815 741 1864 amor,
774 1817 867 1855 seu
899 1805 1077 1871 potius
1104 1805 1336 1871 dmum",
1366 1823 1460 1862 eos
1514 1811 1733 1867 tenebat
1762 1830 1777 1879 ;
1820 1815 1961 1870 unde
1978 1817 2140 1873 satis-

564 1893 796 1950 factione
823 1909 1043 1966 accepta
1072 1896 1271 1956 Iasone
1296 1921 1325 1954 ιι
1354 1912 1405 1955 et
1433 1914 1662 1962 caeteros
1688 1907 2037 1966 dimiserunt.

646 2094 665 2128 ι
695 2077 794 2141 Qui
827 2091 1188 2148 susceperunt
1221 2084 1442 2138 verbum
1493 2102 1616 2141 cmn
1665 2089 1811 2143 omni
1860 2090 2145 2158 aviditate,

557 2170 800 2235 qumidic
860 2182 1165 2229 scrutantes
1199 2175 1530 2246 Scripturas,
1563 2181 1608 2233 si
1637 2181 1750 2236 haec
1780 2182 1854 2236 ita
1887 2198 1947 2238 se
1981 2184 2145 2241 babe-

559 2272 698 2316 rent.
722 2282 741 2314 ι

629 2353 741 2408 Νοιι
766 2365 822 2409 ut
840 2357 1104 2413 increduli
1142 2361 1546 2433 inveStigabant
1572 2409 1586 2430 ,
1624 2367 1891 2438 siquidem
1910 2371 2134 2440 jamjam

555 2445 916 2511 crediderant,
949 2451 1043 2504 sed
1074 2462 1128 2505 ιιι
1162 2453 1336 2522 ignari
1366 2458 1602 2526 antiqua:
1634 2462 2017 2529 prophetarum
2048 2465 2139 2519 do-

552 2536 739 2591 ctrina:
764 2555 777 2591 :
800 2539 879 2593 vel
911 2542 1086 2610 potius
1107 2558 1171 2598 eo
1202 2547 1373 2617 magis
1390 2550 1684 2605 credebant
1700 2554 1863 2621 quod,
1889 2552 2104 2626 Scriptu
2124 2586 2138 2597 -

555 2641 641 2680 ras
670 2639 996 2695 scrutantes,
1024 2642 1265 2688 veterum
1297 2641 1682 2707 pmphetarum
1714 2645 1874 2700 dictis
1904 2660 2135 2709 consen-

553 2719 653 2772 tire
689 2721 1071 2780 incarnationis
1098 2726 1305 2783 Domini
1361 2732 1797 2791 circumstantias
1864 2738 2127 2794 viderent.

879 2838 921 2855 ο

632 2979 795 3039 Vens.
833 2985 918 3040 Η.
958 2986 1303 3063 «Statimque
1352 3004 1479 3051 tunc
1531 2998 1752 3055 Paulum
1804 3004 2127 3064 dimiserunt

547 3069 744 3127 fratres
771 3088 829 3130 ut
856 3079 960 3133 iret
989 3096 1163 3151 usque
1192 3087 1261 3140 ad
1305 3102 1456 3143 mare
1486 3107 1499 3144 :
1541 3089 1682 3147 Silas
1742 3105 1921 3151 autem
1946 3109 2001 3154 et
2027 3099 2122 3156 Ti-

546 3166 794 3222 motheus
827 3183 1205 3231 remanserunt
1234 3177 1329 3233 ibi.
1358 3199 1377 3232 ο

615 3257 782 3314 Paulo
811 3263 955 3317 enim
979 3265 1098 3335 plus
1126 3283 1286 3339 quam
1310 3274 1431 3331 aliis
1453 3279 1819 3349 adhaerebant,
1851 3288 1973 3355 quia
2005 3289 2121 3359 ipse

543 3356 660 3401 erat
682 3352 784 3404 dux
815 3352 990 3419 verbi,
1017 3365 1075 3410 ut
1096 3372 1257 3428 supra
1290 3364 1573 3423 manifeste
1604 3352 1934 3431 declaratum
1988 3352 2071 3434 est
2101 3400 2116 3436 :

542 3452 663 3491 nam
700 3455 762 3495 ex
787 3441 997 3514 Lystris
1027 3451 1258 3518 gentiles
1304 3470 1426 3510 eum
1470 3463 1738 3519 vocabant
1767 3465 2115 3540 Mercurium,

540 3530 664 3595 quia
705 3532 836 3601 ipse,
867 3536 1062 3607 inquit,
1093 3554 1203 3597 erat
1224 3545 1336 3601 dux
1357 3552 1495 3604 verbi
1515 3567 1535 3615 ;
1574 3570 1683 3624 quo
1724 3567 1903 3614 autem
1938 3530 2116 3620 minus

539 3623 768 3681 remisse
796 3638 1002 3698 ageret,
1030 3648 1096 3689 eo
1120 3638 1290 3706 magis
1319 3656 1442 3696 eum
1466 3623 1699 3704 oderant
1725 3647 1917 3708 Judaei.

615 3886 784 3949 Vsus.
820 3895 908 3951 16.
943 3916 962 3950 ι
989 3897 1189 3958 Paulus
1207 3916 1385 3961 autem
1421 3926 1540 3965 cum
1567 3914 1797 3973 Athenis
1825 3935 1918 3977 eos
1950 3939 2113 3995 expe-

529 3996 727 4051 ctaret,
760 3988 1088 4048 incitabatur
1113 3998 1336 4065 spiritus
1367 4001 1485 4069 ejus
1521 4006 1572 4058 in
1612 4007 1747 4076 ipso,
1772 4012 1960 4071 videns
1991 3988 2108 4072 ido-

531 4076 758 4133 lolatriae
786 4082 1025 4137 deditam
1053 4087 1354 4147 civitatem.
1398 4114 1416 4146 ι

599 4170 1043 4232 Contristabatur
1072 4180 1263 4238 videns
1299 4184 1623 4246 idololatriae
1653 4193 1889 4252 deditam
1916 4200 2109 4256 civita-

430 4284 433 4291 -
531 4271 662 4327 tem,
692 4273 747 4318 et
790 4266 1123 4325 incitabatur
1152 4274 1220 4328 ad
1266 4276 1595 4348 loquendum
1624 4287 1690 4340 ad
1721 4302 1817 4345 eos
1837 4328 1853 4354 ,
1919 4307 2017 4347 nec
2048 4310 2107 4351 se

530 4354 811 4412 continere
839 4369 1095 4433 poterat;
1127 4368 1221 4421 sed
1251 4368 1564 4441 disputabat
1586 4394 1705 4433 cum
1740 4380 1806 4437 iis
1835 4385 1925 4452 qui
1963 4390 2103 4455 apud

529 4446 890 4508 Athenienses
944 4457 1218 4524 sapientes
1269 4477 1394 4520 esse
1445 4468 1789 4539 videbantur,
1832 4446 2103 4547 inprimis

526 4553 656 4595 vero
675 4557 795 4597 cum
828 4544 1132 4619 Epicureis,
1160 4554 1251 4624 qui
1276 4559 1457 4613 omnia
1478 4576 1599 4617 esse
1628 4564 1846 4620 fortuita
1875 4544 2099 4625 contena

523 4632 726 4688 debant
752 4652 768 4703 ;
798 4637 850 4692 in
887 4655 1024 4711 quos
1069 4649 1373 4714 praesertim
1412 4654 1719 4709 orationem
1765 4658 2095 4729 intendebat,

528 4725 738 4793 dicens,
769 4741 1057 4802 postquam
1084 4752 1248 4793 unum
1281 4741 1447 4796 Deum
1480 4758 1601 4800 esse
1626 4750 1879 4805 onmibus
1911 4754 2095 4808 coleu-

518 4818 645 4873 tlum
673 4823 1057 4890 prtedicaverat
1083 4847 1099 4885 :
1121 4830 1262 4886 Dom
1291 4834 1530 4891 omnibus
1548 4839 1705 4894 vitam
1724 4850 1772 4894 et
1789 4844 2095 4911 inspiratio-

514 4911 913 4978 nem,de/iniens
935 4927 1134 4973 statuta
1159 4930 1414 4992 tempora,
1433 4934 1481 4980 et
1505 4933 1755 4985 terminos
1804 4932 2091 4989 habitatio-

520 4998 602 5054 nis
634 5016 837 5071 eorum,
866 5005 946 5063 sic
983 5011 1277 5069 ostendens
1310 5014 1479 5072 Deum
1504 5021 1756 5076 omnibus
1787 5024 2088 5091 providere.

579 5270 744 5329 Vsus.
761 5274 1074 5339 99.nGenus
1098 5298 1227 5355 ergo
1251 5302 1371 5342 cum
1391 5289 1559 5345 simus
1580 5289 1693 5353 Dei,
1712 5306 1816 5345 non
1836 5294 2093 5351 debemus

512 5367 787 5423 testimare
837 5385 989 5438 auro,
1018 5383 1111 5429 aut
1158 5386 1404 5445 argento,
1433 5389 1526 5432 aut
1581 5382 1769 5451 lapidi,
1793 5385 2088 5454 sculptura:

511 5454 647 5509 artis
669 5464 723 5510 et
752 5461 1096 5531 cogitationis
1140 5465 1392 5547 hominis,
1417 5471 1653 5527 divinum
1678 5489 1800 5529 esse
1828 5477 2024 5534 simile.
2060 5499 2078 5532 ›

581 5660 625 5691 ¹⁶
656 5662 778 5720 Act.
814 5681 948 5730 xvn,
978 5668 1068 5725 25.

574 5776 690 5859 ξϐ.
807 5777 874 5851 ἦν
905 5784 1129 5867 αύτρῖςτ.
1188 5796 1212 5825 ³
1334 5792 1392 5867 C.
1422 5795 1775 5867 κερδανιιισιν.

505 5846 647 5916 ὑμῶν
685 5846 867 5905 οὖσαν.
946 5864 967 5891 ε
997 5846 1149 5913 οξυ.
1189 5846 1517 5936 συζητήσηξ.
1595 5867 1618 5906 ἀ
1653 5872 1710 5927 (Δ.
1746 5870 1809 5925 ί).
1847 5873 2062 5927 ἑαυτοῦ.

1858 5801 2065 5856 γορ.
2096 5805 2159 5858 αὖ

2170 5808 2296 5869 τοῖς.

2261 705 2498 775 ὁρῶντες
2543 707 2707 760 αὑτὸν
2740 708 2875 771 ὅλως
2910 709 3273 780 φαινόμενον·
3306 709 3471 781 λῆρος
3499 707 3592 765 οὖν
3616 712 3689 765 τὰ
3715 714 3849 784 παρ’

2262 797 2439 851 αὐτῶν
2472 798 2925 870 κατηγορούμενα
2948 815 2962 829 ·
2991 800 3105 853 ἀλλ’
3139 799 3217 863 ὡς
3248 799 3397 855 ἔοικε
3427 801 3488 853 τὺ
3511 800 3713 871 ἀληθὲς
3744 819 3851 872 κη-

2261 891 2551 961 ρύσσοντες
2586 892 2807 963 ᾔδεισαν
2828 908 2841 921 ·
2878 894 2960 945 ὅτι
2987 894 3035 945 εἰ
3066 894 3161 947 καὶ
3194 893 3408 964 ἀφανὴς
3432 889 3500 966 ἦν
3520 903 3570 961 ν,
3604 894 3721 950 ἀλλ’
3754 894 3851 949 οὖν

2258 984 2426 1048 ὅντως
2460 985 2714 1055 βασιλεὺς
2749 983 2818 1059 ἦν
2839 1005 2853 1018 ·
2895 988 2991 1042 καὶ
3022 988 3132 1056 τῆς
3155 988 3480 1056 βασιλείας
3506 992 3698 1046 αὐτοῦ
3730 994 3847 1046 οὐκ

2257 1078 2430 1133 ἔσται
2462 1078 2662 1146 τέλος.

2332 1191 2349 1222 ι
2388 1172 2599 1237 Οῖτινες
2638 1173 3098 1241 παραγενόμενοι,
3138 1176 3219 1238 είς
3245 1174 3346 1245 τὴν
3372 1177 3699 1248 συναγωγὴν
3734 1178 3845 1231 τῶν

2270 1263 2538 1316 Ἰουδαίων
2566 1264 2838 1336 ἀπῄεσαν.
2872 1258 3034 1319 Οὗτοι
3065 1264 3125 1318 δὲ
3147 1260 3290 1336 ἦσαν
3324 1254 3709 1341 εὐγενέστεροι
3732 1271 3845 1323 τῶν

2253 1356 2311 1406 ἐν
2343 1354 2737 1429 Θεσσαλονίκῃ.
2770 1376 2788 1406 ι

2323 1445 2365 1496 Τ
2369 1444 2492 1498 οὗτο
2515 1446 2624 1515 γὰρ
2649 1447 2839 1499 ἔδακνε
2859 1448 2986 1511 τοὺς
3025 1447 3314 1514 Ἰουδαίους
3340 1450 3525 1514 καθὼς
3549 1453 3644 1505 καὶ
3667 1453 3844 1505 ὀπίσω

2252 1538 2385 1607 φησί
2409 1554 2423 1570 ·
2462 1536 2781 1593 Γυναικῶν
2799 1557 2863 1593 τε
2893 1539 3013 1594 τῶν
3033 1542 3277 1608 πρώτων
3309 1544 3543 1611 πλῆθος
3570 1547 3683 1599 οὐκ
3709 1547 3839 1599 ὀλί-

2247 1646 2355 1695 γον
2373 1648 2385 1660 ·
2408 1629 2597 1699 ἤθελον
2627 1619 2735 1703 γὰρ
2765 1632 2912 1702 ἔχειν
2944 1632 3064 1702 μεθ’
3091 1634 3302 1687 ἑαυτῶν
3322 1635 3422 1698 τὰς
3449 1637 3712 1699 πλουσίας
3736 1653 3839 1704 γυο

2246 1719 2462 1782 ναῖκας,
2506 1719 2592 1774 ἵνα
2636 1721 2995 1791 κερδαίνωσιν
3020 1731 3045 1759 ι
3084 1723 3145 1787 ἐξ
3174 1724 3376 1776 αύτῶνο
3408 1726 3503 1779 καὶ
3530 1726 3641 1796 γὰρ
3672 1729 3700 1779 ὁ
3734 1731 3837 1795 τῆς

2246 1811 2686 1883 φιλοχρηματίας
2721 1814 2819 1867 καὶ
2852 1816 3254 1885 αὑταρεσκείας
3292 1817 3433 1888 ἔρως
3460 1819 3583 1888 ἦτοι
3622 1819 3838 1889 δαίμων

2177 1891 2222 1952 Β
2251 1904 2471 1974 ἐπεῖχεν
2504 1906 2703 1969 αὐτούς
2731 1915 2781 1955 7·
2808 1907 2889 1961 διὸ
2926 1910 3022 1961 καὶ
3051 1909 3310 1973 λαθόντες
3340 1912 3599 1981 χρήματα
3628 1913 3836 1965 ἀπέλυε

2256 2014 2355 2049 σαν
2380 1997 2471 2050 τὸν
2518 1998 2743 2051 Ἰάσωνα
2776 1998 2873 2052 καὶ
2902 2000 3026 2061 τοὺς
3055 1999 3298 2062 λοιπούς.

2328 2109 2345 2141 ι
2384 2090 2595 2154 Οἵτινες
2627 2088 2877 2154 ἐδέξαντο
2912 2090 3006 2143 τὸν
3035 2090 3192 2159 λόγον
3230 2092 3366 2163 μετὰ
3404 2093 3586 2165 πάσης
3630 2094 3837 2161 προθυα

2252 2182 2411 2251 μίας,
2438 2182 2560 2235 καθ’
2580 2183 2793 2253 ἡμέραν
2822 2183 3204 2253 ἀνακρίνοντες
3232 2184 3331 2247 τὰς
3358 2185 3607 2256 Γραφὰς,
3642 2189 3691 2239 εί
3719 2185 3834 2256 ἔχει

2246 2273 2418 2327 ταῦτα
2451 2274 2643 2338 οὕτως.
2685 2294 2703 2327 ι

2318 2367 2429 2435 Οὐχ
2470 2365 2545 2440 ὡς
2572 2367 2792 2420 ἄπιστοι
2820 2365 3115 2437 ἀνεζήτουν
3139 2385 3152 2398 ο
3186 2368 3285 2437 ἥδη
3326 2369 3437 2440 γὰρ
3472 2364 3614 2440 ἦσαν
3664 2387 3834 2423 πεπρ

2244 2435 2562 2521 στευκότεξ·
2617 2457 2732 2511 ἀλλ’
2765 2458 2843 2522 ὡς
2881 2459 3102 2530 ἄμοιροι
3136 2461 3235 2530 τῆς
3263 2460 3373 2514 τῶν
3406 2462 3655 2516 παλαιῶν
3691 2481 3832 2532 προ-

2242 2549 2428 2618 φητῶν
2456 2550 2841 2622 παραδόσεως’
2892 2552 3098 2621 ὅπουγε
3145 2553 3347 2622 μᾶλλον
3377 2554 3467 2608 διὰ
3493 2555 3692 2608 τούτου
3738 2573 3833 2607 πι⁹

2242 2643 2485 2714 στότεροι
2517 2644 2757 2713 ἐγίνοντο
2780 2686 2795 2709 ,
2827 2645 3161 2715 ἐρευνῶντες
3191 2645 3287 2709 τὰς
3317 2647 3559 2717 Γραφὰς,
3594 2649 3693 2701 καὶ
3734 2652 3829 2699 £3-

2239 2735 2522 2805 ρῧινιοντες
2554 2738 2668 2801 τοῖς
2707 2737 2814 2790 τῶν
2856 2737 3106 2792 παλαιῶν
3140 2738 3440 2809 προφητῶν
3474 2738 3651 2807 λόγοις
3699 2756 3830 2792 συνο

2233 2826 2426 2896 ᾁδοντα
2448 2827 2515 2879 τὰ
2544 2829 2670 2898 περὶ
2700 2827 2797 2897 τῆς
2823 2828 3065 2899 ἐνσάρκα
3091 2836 3113 2864 ι
3136 2827 3233 2881 τοῦ
3263 2828 3474 2900 Κυρίου
3503 2830 3824 2900 οἰκονομίας

2184 2990 2199 3002 ⁸
2232 2918 2559 2988 πράγματα.

2304 3029 2322 3062 ι
2356 3010 2574 3075 Εὐθέως
2598 3012 2654 3065 δὲ
2682 3012 2775 3065 τόν
2807 3028 2867 3065 τε
2908 3010 3120 3066 Παῦλον
3163 3011 3556 3076 ἐξαπέστειλαν
3585 3015 3635 3067 οί
3663 3014 3826 3068 ἀδελ-

2228 3103 2318 3173 φοὶ
2346 3105 2678 3173 πορεύεσθαι
2707 3105 2782 3168 ὡς
2813 3105 2906 3158 ἐπὶ
2936 3107 3035 3176 τὴν
3061 3105 3339 3161 Θάλασσαν
3357 3122 3371 3137 ο
3398 3107 3669 3177 ὑπέμενὸν
3708 3124 3769 3161 τε
3792 3107 3823 3159 ὅ

2226 3212 2286 3247 τε
2315 3195 2474 3259 Σίλας
2496 3196 2593 3249 καὶ⁸
2625 3198 2653 3250 ὁ
2682 3197 2945 3266 Τιμόθεος
2973 3199 3112 3253 ἐκεῖ.
3155 3218 3172 3251 ι

2218 3296 2229 3311 ‘
2296 3287 2386 3357 Τῷ
2414 3288 2523 3359 γὰρ
2544 3287 2753 3359 Παύλῳ
2785 3289 2987 3359 ἐνεῖχον
3020 3290 3221 3359 μᾶλλον
3265 3291 3412 3362 ἥπερ
3440 3293 3553 3355 τοῖς
3574 3291 3761 3354 ἄλλοις
3798 3307 3814 3322 ·

2219 3377 2356 3430 διότι
2385 3377 2550 3440 αὐτὸς
2574 3372 2643 3449 ἦν
2670 3380 2698 3431 ὁ
2729 3378 2824 3432 τοῦ
2854 3378 3016 3446 λόγου
3048 3380 3392 3451 καθηγητὴς·
3422 3381 3498 3445 ὡς
3522 3382 3617 3435 καὶ
3634 3382 3819 3438 ὀπίσω

2219 3470 2375 3523 τοῦτο
2405 3469 2588 3539 σαφῶς
2623 3468 2863 3542 ἐδηλώθη
2891 3487 2904 3501 ·
2937 3471 2994 3523 οἵ
3026 3488 3085 3525 τε
3110 3470 3217 3525 ἀπὸ
3257 3471 3363 3525 τῶν
3395 3472 3565 3527 ἐθνῶν
3611 3476 3669 3527 ὲν
3703 3474 3816 3528 Λύ-

2221 3574 2448 3630 στροιςιυι
2501 3563 2733 3616 ἐκάλουν
2790 3564 2952 3617 αὑτὸν
2990 3564 3198 3636 Ἑρμῆν
3226 3580 3239 3594 ⁶
3267 3566 3462 3632 Αὐτὸς
3511 3566 3622 3636 γὰρ
3655 3562 3737 3637 ἦν
3778 3580 3814 3621 ο

2216 3654 2551 3723 ἡγούμενος
2573 3655 2678 3709 τοῦ
2703 3656 2910 3724 λόγου,
2942 3658 3107 3727 φησίν
3147 3672 3163 3687 °
3192 3658 3303 3711 ὅσω
3323 3658 3381 3710 δὲ
3407 3658 3568 3723 αὐτὸς
3594 3659 3697 3712 οὐκ
3725 3660 3812 3712 ἑν-

2215 3745 2407 3809 εδίδου,
2458 3745 2712 3799 τοσοῦτον
2761 3748 2970 3816 ὲγίνετο
3027 3750 3088 3802 τὸ
3136 3752 3256 3804 κατ’
3298 3750 3470 3804 αὑτοῦ
3496 3752 3651 3824 παρὰ
3697 3754 3813 3806 τῶν

2228 3837 2500 3890 Ἰουδαίων
2538 3842 2716 3907 μῖσος.

2287 3945 2305 3978 ι
2356 3930 2447 3984 Ἐν
2492 3930 2550 3982 δὲ
2595 3934 2717 3996 ταῖς
2765 3933 3023 4005 Ἀθήναις
3063 3936 3427 4007 ἐκδεχομένου
3460 3939 3659 4004 αὐτοὺς
3704 3939 3802 3993 τοῦ

2213 4017 2465 4084 Παύλου,
2522 4022 2875 4092 παρωξύνετο
2928 4025 2987 4078 τὸ
3034 4027 3253 4097 πνεῦμα
3288 4029 3452 4082 αὑτοῦ
3504 4032 3564 4083 ἐν
3611 4030 3797 4100 αὐτῷ,

2211 4109 2545 4181 θεωροῦντος
2578 4115 2905 4169 κατείδωλον
2929 4112 3096 4171 οὖσαν
3125 4120 3225 4190 τὴν
3257 4121 3436 4173 πόλιν.
3470 4140 3488 4172 ι

2292 4203 2574 4258 Ἐλυπεῖτο
2602 4207 2742 4276 ὀρῶν
2774 4208 2803 4248 b
2838 4210 3166 4264 κατείδωλον
3211 4212 3309 4283 τὴν
3350 4213 3504 4266 πόλιν
3558 4214 3656 4268 καὶ
3714 4216 3797 4269 δι-

2206 4294 2489 4364 ηρεθίζετο
2517 4297 2698 4351 λαλεῖν
2728 4298 2863 4369 πρὸς
2888 4300 3109 4365 αὐτοὺς,
3133 4304 3228 4356 καὶ
3262 4304 3363 4356 οὐκ
3388 4305 3623 4375 ἠδύνατο
3657 4324 3797 4378 καρ-

2203 4389 2382 4457 τερεῖν
2431 4389 2522 4441 ἐπὶ
2558 4390 2751 4463 τούτῳ·
2789 4392 2923 4446 ἀλλὰ
2962 4395 3056 4448 καὶ
3111 4398 3443 4467 συζητήσεις
3479 4412 3501 4437 ε
3552 4402 3796 4454 ἐποιεῖτο

2206 4478 2346 4546 μετὰ
2391 4478 2498 4531 τῶν
2550 4480 2856 4536 δοκούντων
2906 4480 3046 4537 εἶναι
3097 4485 3251 4557 παρὰ
3302 4490 3417 4551 τοῖς
3483 4489 3792 4560 ’Δθηναίοις

2131 4612 2176 4669 D
2205 4568 2404 4637 σοφῶν,
2456 4570 2690 4638 μάλιστα
2714 4574 2851 4643 μετὰ
2885 4576 2994 4628 τῶν
3025 4578 3440 4650 Ἐπικουρείων,
3467 4581 3575 4635 τῶν
3608 4585 3789 4654 ἀπρο-

2205 4660 2373 4730 νόητα
2413 4661 2683 4731 λεγόντων
2728 4662 2866 4722 εἶναι
2897 4670 2963 4723 τὰ
3000 4672 3175 4724 πάντα
3196 4689 3210 4703 ·
3240 4675 3378 4744 πρὸς
3420 4674 3516 4738 οὒς
3549 4677 3789 4745 μάλιστα

2202 4750 2294 4803 τὸν
2331 4752 2488 4820 λόγον
2517 4755 2958 4827 ἀποτεινόμενος,
2998 4762 3056 4813 ὲν
3084 4764 3149 4832 τῇ
3181 4763 3347 4833 αὑτοῦ
3377 4763 3402 4803 ἀ
3434 4764 3782 4838 διδασκαλίᾳ,

2205 4842 2345 4909 μετὰ
2371 4843 2432 4895 τὸ
2458 4846 2695 4915 κηρύξαι
2731 4849 2794 4900 τὸ
2834 4849 3012 4903 σέϐειν
3056 4852 3154 4905 ’ἐνα
3182 4853 3319 4907 Θεὸν
3351 4859 3466 4918 τοῖς
3502 4860 3688 4920 πᾶσιν,
3723 4862 3783 4911 ἐν

2200 4927 2282 4995 οἷς
2312 4951 2479 5003 φησι.
2511 4938 2705 5002 Αὐτὸς
2751 4938 2957 5006 διδοὺς
3009 4942 3159 4996 πᾶσι
3197 4944 3351 5012 ζῖυὴν
3396 4947 3495 5001 καὶ
3546 4949 3777 5016 πνοὴν,

2193 5026 2402 5092 ὁρίσας
2433 5028 3010 5099 προστεταγμένους
3037 5036 3278 5103 καιροὺς
3301 5077 3316 5098 .
3373 5040 3470 5093 καί
3507 5040 3613 5107 τὰς
3647 5045 3781 5110 ὁρο-

2193 5115 2401 5180 θεσίας
2437 5116 2548 5184 τῆς
2572 5121 2874 5187 κατοικίας
2898 5122 3115 5189 αὐτῶν,
3149 5125 3364 5191 δεικνὺς
3388 5128 3482 5181 τοῦ
3510 5129 3645 5183 Θεοῦ
3674 5132 3778 5203 τὴν

2194 5204 2483 5273 πρόνοιαν.

2269 5314 2286 5347 ι
2327 5298 2487 5362 Γένος
2513 5295 2606 5354 οὖν
2645 5303 2983 5375 ὑπάρχοντες
3015 5306 3109 5361 τοῦ
3142 5308 3301 5373 Θεοῦ,
3338 5314 3439 5366 οὐκ
3467 5314 3761 5385 ὀφείλομεν

2191 5387 2458 5457 νομίζειν,
2490 5391 2673 5464 χρυσῷ
2701 5394 2733 5464 ἦ
2765 5397 3013 5469 ἀργυρίῳ
3044 5399 3076 5469 ἢ
3111 5399 3264 5470 λίθτρ,
3298 5403 3617 5476 χαράγματι
3673 5408 3769 5460 τέ-

2192 5499 2333 5553 χνης
2387 5484 2483 5537 καὶ
2545 5486 2894 5559 ἐνθυμήσεως
2932 5491 3257 5563 ἀνθρώπου,
3312 5496 3374 5547 τὸ
3403 5496 3559 5551 Θεῖον
3622 5493 3773 5555 εῖναι

2189 5573 2391 5641 ὅμοιον.
2416 5597 2432 5627 ι

2384 5818 2402 5843 ί
2436 5809 2494 5865 l2.
2526 5812 2582 5866 (Σ.
2619 5814 2902 5884 Ξνςάρκου.
2983 5829 3005 5855 ι
3033 5816 3093 5871 (1.
3131 5816 3192 5873 (ὲ.
3233 5818 3452 5884 λύπαις.
3533 5820 3559 5859 δ
3589 5818 3650 5875 (ᾧ.
3684 5821 3750 5877 C.
