4130 6562
331 437 466 505 1565

1238 441 1703 502 FRAGMENTA
1743 441 1825 500 1N
1864 439 2055 500 ACTA
2093 438 2671 518 ABOSTOLORUM.

394 550 706 622 Σημείωσαι
731 553 815 607 ὅτι
843 553 905 606 οὐ
938 553 1159 606 δύναται
1192 552 1318 616 νοῦς
1339 551 1631 621 ἀνθρώπου
1664 552 1898 605 καταλα-

2082 551 2244 604 Docet
2293 567 2398 605 non
2431 565 2590 619 posse
2624 560 2858 605 mentem
2906 552 3141 606 hominis
3172 552 3363 619 Deum,
3424 556 3585 611 sicuti

326 644 442 697 ϐεἴν
470 644 564 696 τὸν
587 642 743 710 Θεὸν,
778 644 854 708 ὡς
879 644 997 698 ἐστι
1029 647 1189 713 φύσει
1224 656 1273 676 ⁸ο
1312 648 1405 698 καί
1432 646 1557 707 τοὺς
1588 645 1838 714 λέγοντες
1882 644 1899 684 ί

327 733 796 805 ἀνθρωπόμορφον
836 734 898 787 τὸ
929 734 1108 797 Θεῖον,
1162 736 1244 788 δεῖ
1273 735 1654 803 ἐπιστομίζειν
1701 737 1764 787 ἐκ
1793 735 1905 788 τῶν

326 826 706 896 προκειμένων
742 824 953 896 ῥητῶν·
990 828 1038 878 εἰ
1072 826 1181 894 γὰρ
1206 824 1431 878 δύναται
1455 824 1741 895 ἄνθρωπος
1770 824 1907 877 πλά-

327 933 437 978 σαι,
473 915 817 986 ἢγλύψαι,ἦ
864 916 1068 986 γράψαι
1099 915 1407 985 ἄνθρωπον,
1444 915 1565 985 ἦτοι
1611 912 1902 984 ἀνθρώπου

323 1005 592 1075 ὁμοίωμα,
620 1006 653 1077 ἢ
696 1005 859 1060 ἄλλου
895 1005 1281 1077 οἱουδηποτοῦν
1312 1006 1404 1058 ἐπὶ
1438 1006 1541 1075 γῆς
1573 1005 1902 1075 φαινομένου

324 1097 507 1151 εἰκόνα
533 1098 849 1151 ἐκτυπῶσαι
871 1115 885 1129 ·
906 1098 1084 1151 οὐδενί
1104 1099 1160 1151 δὲ
1193 1097 1338 1151 ἔοικε
1368 1098 1478 1150 τῶν
1506 1100 1903 1169 χειροποιήτων

322 1193 351 1244 ὁ
381 1190 533 1253 Θεὸς,
563 1190 704 1245 κατά
733 1189 794 1243 τὸ
822 1190 1111 1260 εἰρημένον
1141 1189 1219 1259 τῷ
1266 1190 1588 1260 Ἀποστόλῳ,
1622 1190 1731 1259 ἄρα
1761 1192 1901 1244 ἀπε-

326 1280 611 1354 ρίγραφον,
670 1281 1054 1350 ἀκατάληπτον
1077 1322 1089 1342 ,
1117 1281 1378 1341 ἀνείδεον.
1416 1280 1730 1350 ἀσώματον.
1766 1280 1895 1349 δέδηε

324 1373 412 1426 λον
434 1373 494 1426 τὸ
510 1373 683 1426 Θείον·
706 1374 843 1443 μήτε
865 1371 1153 1442 ἀνθρώπου
1171 1374 1352 1443 μορφῇ
1374 1371 1404 1442 ἢ
1431 1372 1558 1425 ἀλλο
1581 1370 1701 1439 (sic)
1733 1373 1756 1410 ⁸
1792 1372 1899 1423 τινὶ

325 1464 534 1528 ἐοικός·
573 1464 719 1527 εἰκὸς
755 1465 863 1535 γὰρ
893 1464 1021 1527 τοὺς
1060 1464 1332 1533 Ἕλληνας
1386 1463 1459 1534 μὴ
1514 1464 1673 1533 μόνον
1704 1463 1772 1516 τὰ
1804 1463 1901 1515 ἀν-

324 1553 702 1625 θρωπόμορφα
750 1555 914 1618 ξόανα
959 1554 1159 1617 σέϐειν,
1195 1554 1334 1609 ἀλλά
1379 1555 1472 1607 καὶ
1511 1556 1637 1617 τοὺς
1681 1554 1901 1616 ἀλλοίας

322 1647 482 1711 ὄντας
507 1647 540 1687 δ
582 1648 799 1719 μορφῆς
829 1647 904 1711 ὡς
942 1647 1122 1712 θεοὺς,
1165 1642 1299 1712 οἷον,
1339 1646 1476 1708 ἴϐεις
1513 1648 1556 1711 ἱ,
1588 1646 1684 1700 καὶ
1709 1646 1898 1699 αἰλού-

324 1756 485 1809 ρους,
541 1741 638 1794 καὶ
692 1741 962 1812 πιθήκους
1010 1740 1063 1805 1,
1107 1741 1202 1793 καὶ
1257 1740 1394 1795 ἄλλα
1446 1738 1659 1804 τούτοις
1718 1756 1898 1810 παρα-

324 1832 550 1901 πλήσια.

397 1943 417 1977 ι
459 1926 599 1989 Τοὺς
635 1925 735 1997 μὲν
763 1920 857 1980 οὖν
884 1926 1113 1996 χρόνους
1154 1927 1258 1994 τῆς
1310 1926 1533 1995 ἀγνοίας
1569 1928 1838 1999 ὑπεριδὼν
1873 1933 1902 1983 ὁ
1936 1913 1975 1966 Β

319 2014 473 2083 Θεὸς,
502 2017 666 2072 τανῦν
695 2018 1036 2090 παραγέλλει
1067 2024 1183 2084 τοῖς
1218 2019 1554 2092 ἀνθρώποις.
1594 2039 1612 2071 ι

387 2197 597 2251 Οὐκοῦν
613 2200 661 2251 εἰ
691 2198 1021 2270 ὑπερεῖδε.νὸ
1043 2197 1176 2262 Θεὸς
1199 2197 1267 2252 τὰ
1291 2197 1350 2262 ἐξ
1374 2198 1602 2267 ἀγνοίας
1632 2198 1898 2267 γενόμενα

316 2288 430 2351 τοῖς
456 2286 769 2359 ἀνθρώποις
801 2288 1229 2361 παραπτώματα
1294 2290 1404 2342 ἀπὸ
1454 2289 1766 2359 καταϐολῆς
1811 2290 1903 2343 κό-

318 2395 496 2450 σμου,
551 2380 645 2433 καί
687 2381 855 2434 παντὶ
885 2381 1075 2435 δίδωσι
1118 2382 1228 2435 τῶν
1284 2382 1748 2452 παραπτωμάτων
1800 2382 1903 2450 ἀφο

314 2495 452 2541 εσιν,
481 2479 710 2543 εἰκότως
755 2480 844 2532 ἐπ’
875 2480 1109 2549 ὲσχάτου
1139 2479 1248 2533 τῶν
1281 2480 1492 2550 καιρῶν
1514 2481 1899 2550 ἐπεδήμησεν

316 2570 407 2623 ἵνα
441 2570 524 2638 ἐφ’
558 2571 684 2622 ὅσον
727 2570 1095 2623 ἀναϐάλλεται
1151 2570 1250 2641 τὴν
1295 2572 1492 2623 ἑαυτοῦ
1546 2570 1887 2639 παρουσίαν,

313 2660 407 2713 ἐπὶ
439 2662 697 2714 τοσοῦτον
730 2661 918 2732 δειχθῇ
966 2660 1133 2713 αὑτοῦ
1170 2663 1203 2732 ἡ
1239 2661 1550 2732 ἀμέτρητος
1594 2660 1902 2731 φιλανθρω-

314 2752 445 2805 πία*
494 2752 552 2818 ἐξ
584 2746 659 2805 ὧν
708 2751 1267 2821 πολυπλασιαζόμενα
1301 2752 1366 2804 τὰ
1414 2751 1562 2803 κακά
1603 2752 1897 2821 συγχωρεῖ,

312 2844 407 2896 καὶ
440 2842 550 2895 τῶν
584 2841 892 2912 μελλόντων
928 2841 1223 2909 συσφίγγει
1251 2838 1342 2891 τὸν
1371 2838 1569 2908 χρόνον
1596 2854 1608 2866 '
1639 2837 1724 2889 ἵνα
1750 2839 1809 2889 ὲν
1829 2840 1897 2908 τῇ

312 2935 587 3005 ὀλιγότητι
615 2933 709 2987 τοῦ
744 2933 937 3004 χρόνου
970 2932 1214 3001 διασωθῇ
1258 2933 1288 3000 ὴ
1328 2930 1510 2993 πίστις
1531 2943 1544 2958 ·
1576 2928 1657 2981 διὸ
1686 2926 1751 2999 δὴ
1781 2927 1901 2980 ἕλε-

312 3042 408 3096 γεν
451 3027 633 3089 αὐτοῖς
668 3026 716 3065 ιε’
752 3020 904 3093 *Αριι
948 3023 1141 3078 ἐλθὼν
1168 3025 1199 3076 ό
1256 3022 1389 3087 Υἱὸς
1424 3021 1531 3075 τοῦ
1582 3018 1900 3089 ἀνθρώπου

312 3121 558 3190 εὑρήσει
595 3119 713 3188 τὴν
748 3118 768 3158 ι
804 3120 1015 3172 πίστιν
1057 3118 1157 3171 ἐπὶ
1190 3117 1302 3185 τῆς
1350 3116 1507 3186 γῆς;
1548 3114 1662 3169 Καὶ
1699 3116 1773 3184 μή
1808 3130 1897 3183 μοι

312 3215 436 3283 λέγε
462 3255 476 3276 ,
512 3213 579 3266 Τί
620 3211 758 3285 πρὸς
793 3212 919 3273 τοὺς
970 3208 1468 3279 τετελευτηκότας;
1522 3208 1769 3274 ’Ὀπουγε
1803 3207 1898 3259 καὶ

2010 655 2200 699 natura
2248 654 2364 707 est,
2393 644 2860 711 comprehendere
2888 661 2905 708 ;
2943 644 3131 712 hisque
3164 648 3345 700 verbis
3376 659 3591 716 oportet

2008 738 2087 792 eis
2108 752 2170 790 os
2192 735 2481 812 occliidere
2538 737 2629 804 qui
2656 735 2896 788 divinum
2923 736 2972 788 in
3008 736 3243 789 hominis
3266 737 3438 791 fni-ina
3467 753 3589 795 esse

2007 827 2209 880 dicunt.
2241 825 2297 879 Si
2319 825 2461 880 enim
2493 836 2671 892 potest
2706 827 2867 879 homo
2922 828 3143 893 lingere.
3194 828 3279 879 vel
3338 829 3589 897 sculpere

2005 919 2090 971 vel
2112 918 2388 971 deliueare
2418 918 2537 971 sive
2583 917 2881 978 hominem,
2935 917 3049 971 sive
3093 917 3336 972 hominis
3396 919 3588 989 inungi.

2008 1025 2151 1072 natu,
2182 1009 2264 1062 vel
2289 1011 2663 1077 cujuscunque
2695 1008 2770 1061 rei
2803 1016 3032 1061 terrente
3051 1009 3459 1063 similitudinem
3495 1012 3591 1065 deo

2006 1103 2248 1171 pingere,
2278 1101 2406 1155 nulli
2434 1112 2609 1155 tamen
2668 1101 2945 1155 hominum
2994 1102 3142 1169 Operi
3196 1103 3389 1156 similis
3423 1104 3585 1165 Deus.

1999 1198 2151 1268 juxta
2181 1198 2420 1268 Apostoli
2464 1198 2689 1263 dictum,
2722 1197 2976 1250 nimirum
3037 1198 3585 1265 ittcircuutscriptuttt,

2005 1291 2570 1360 incomprehensibile,
2621 1290 2823 1357 abSque
2880 1291 3047 1358 ligura
3087 1331 3101 1353 ,
3164 1291 3579 1357 incorporeum,

2004 1382 2275 1436 invisibile
2317 1398 2442 1437 esse
2476 1382 2745 1443 divinum,
2805 1397 2905 1432 nec
2945 1382 3177 1435 hominis
3224 1380 3432 1446 formae,
3483 1396 3587 1435 nec

2004 1473 2175 1527 cuivis
2222 1473 2296 1526 rei
2340 1486 2458 1527 esse
2506 1470 2941 1539 simile:liquet
2980 1480 3156 1523 autem
3206 1471 3428 1523 (Enetos
3477 1485 3581 1522 nou

2004 1564 2175 1619 solum
2200 1566 2489 1618 simulacra
2540 1550 2820 1617 hominum
2879 1563 3153 1625 adorasse,
3207 1562 3299 1615 sed
3353 1563 3583 1616 diversa:

2004 1657 2189 1726 ﬁgura:
2220 1658 2369 1721 deos,
2402 1665 2458 1708 ut
2486 1665 2635 1726 puta,
2673 1655 2807 1719 ibes,
2834 1653 2986 1717 feles,
3016 1653 3225 1717 simias,
3260 1654 3414 1706 ethis
3432 1654 3583 1706 simi-

2027 1749 2035 1759 .

2005 1747 2093 1803 Ita.

2076 1926 2243 1980 Vens.
2276 1925 2366 1979 50.
2419 1944 2436 1975 ι
2462 1924 2525 1978 Ει
2557 1932 2798 1993 tempora
2851 1923 3067 1993 quidem
3109 1920 3268 1988 hujus
3328 1922 3585 1989 ignoran-

2009 2018 2095 2070 tia:
2137 2016 2440 2085 despiciens
2472 2016 2635 2078 Deus,
2688 2029 2830 2069 nunc
2869 2015 3155 2068 annuntiat
3188 2014 3498 2069 hominibus
3527 2025 3584 2065 ut

2006 2124 2195 2162 omnes
2220 2108 2417 2175 ubique
2441 2107 2816 2175 paenitentiam
2850 2114 3030 2174 agant.
3063 2126 3080 2159 ι

2086 2199 2143 2254 Si
2177 2199 2340 2270 igitur
2371 2200 2508 2252 Deus
2531 2199 2723 2251 delicta
2760 2199 2827 2252 ab
2862 2198 3194 2263 hominibus,
3225 2212 3288 2251 ex
3313 2198 3573 2266 ignorau-

2006 2288 2077 2343 tia
2107 2329 2122 2353 ,
2160 2306 2187 2341 a
2228 2290 2413 2342 mundi
2466 2289 2869 2353 constitutione,
2924 2289 3171 2358 despicit,
3227 2290 3584 2356 omnibusque

2003 2382 2301 2447 condonat,
2342 2391 2485 2435 recte
2511 2382 2562 2435 in
2594 2381 2698 2436 line
2729 2391 3032 2452 temporum
3088 2384 3267 2445 venit;
3307 2383 3581 2452 quueuim

2001 2472 2215 2541 longius
2267 2470 2445 2528 didert
2500 2488 2655 2527 suum
2708 2476 3023 2539 adventum,
3054 2489 3118 2527 eo
3142 2474 3264 2544 plus
3298 2490 3451 2526 suam
3482 2476 3583 2527 im-

2005 2578 2245 2617 mensam
2307 2554 2629 2619 charitateut
2713 2565 3069 2626 manifestat.
3135 2565 3580 2635 quandoquidem

2005 2655 2355 2723 multiplicata
2414 2655 2610 2713 delicta
2674 2658 2905 2713 remittit
2955 2668 3009 2713 et
3056 2658 3295 2712 futurum
3362 2669 3579 2726 tempus

2002 2748 2384 2813 abbreviat,ut
2442 2750 2703 2819 temporis
2742 2750 3041 2819 exiguitate
3098 2758 3347 2805 servetur
3408 2749 3576 2814 ﬁdes;

2004 2838 2235 2910 ideoque
2259 2841 2392 2895 dicit
2423 2859 2438 2896 :
2474 2840 2701 2895 Veniens
2747 2841 2923 2895 Filius
2987 2843 3216 2895 hominis
3253 2842 3477 2896 inveniet
3517 2843 3583 2910 ﬁ-

2001 2937 2116 2986 dem
2134 2949 2288 3001 super
2309 2940 2505 2987 terram
2538 2933 2625 2987 “?
2654 2932 2765 2989 Nec
2798 2935 2928 2988 inihi
2956 2935 3106 2988 dicas
3132 2952 3145 2989 :
3169 2932 3308 2999 Quid
3332 2935 3397 2986 ad
3434 2949 3581 2987 mor-

2003 3027 2166 3079 tuos?
2209 3025 2342 3083 Nam
2399 3027 2479 3081 eis
2532 3041 2749 3096 quoque
2809 3026 3164 3095 praedicatum
3222 3036 3308 3081 est
3365 3027 3582 3094 pietatis

2002 3117 2321 3186 mysterium
2344 3159 2359 3183 ,
2387 3128 2442 3173 et
2469 3118 2560 3187 qui
2594 3117 2949 3183 crediderint,
2979 3132 3216 3173 omnese
3243 3118 3432 3172 mortis
3467 3118 3583 3171 viu-

2001 3210 2138 3263 culis
2164 3212 2336 3278 erepti
2371 3222 2519 3275 sunt,
2539 3220 2592 3265 et
2618 3227 2684 3266 ex
2713 3210 2927 3265 inferno
2947 3211 3151 3277 egressi
3188 3209 3239 3264 in
3272 3210 3580 3277 paradisuut

313 3270 492 3369 αὐτοῖς
523 3270 805 3376 ἐκηρύχθη
834 3270 1017 3371 το-τῆς
1043 3270 1304 3369 ἀληθείας
1325 3270 1550 3362 εὐσεϐὲς
1570 3270 1892 3369 μυστῆριοψ

2003 3303 2351 3356 introierunt.
2392 3302 2548 3368 Quod
2604 3302 2732 3357 inde
2767 3302 2993 3357 facilius
3044 3303 3332 3371 roujectari
3365 3311 3577 3369 potest:

313 3399 408 3453 καὶ
438 3399 641 3460 πάντες
676 3398 726 3449 οἱ
768 3395 1166 3456 πιστεύσαντες
1217 3392 1492 3463 ἐλύθησαν
1545 3393 1610 3444 ἐκ
1640 3390 1750 3443 τῶν
1795 3389 1893 3443 τοῦ

314 3491 546 3544 Θανάτου
574 3488 788 3559 δεσμῶν
813 3504 829 3521 ο
867 3488 962 3541 καὶ
985 3486 1301 3549 ἀνελθόντες
1329 3485 1387 3550 ἐξ
1416 3484 1541 3557 ᾅδου
1568 3484 1896 3554 μετῴκησαν

312 3587 392 3647 είς
425 3584 517 3636 τὸν
550 3582 882 3654 παράδεισον
904 3595 917 3609 ⁸
956 3579 1052 3632 καὶ
1099 3580 1184 3632 ὅτι
1212 3578 1370 3631 τοῦτο
1405 3576 1626 3647 ἀληθὲς,
1671 3575 1895 3628 δυνατὸν

316 3674 519 3746 μᾶλλον
552 3674 649 3726 καὶ
681 3672 740 3737 ἐξ
766 3672 979 3726 ἐκείνου
1020 3669 1389 3741 στοχάσασθαι
1409 3685 1422 3699 ⁶
1449 3669 1689 3737 Οἴδαμεν
1716 3668 1799 3720 ὅτι
1836 3668 1894 3719 ἐν

313 3771 377 3838 τῇ
410 3767 530 3838 ὥρᾳ
638 3765 909 3819 ἀπέθανεν
956 3762 1188 3835 Ἰησοῦς,
1228 3764 1256 3815 ὁ
1305 3762 1441 3825 Θεὸς
1489 3761 1670 3831 ἡμῶν,
1708 3760 1894 3813 πολλοὶ

312 3860 497 3930 νεκροὶ
533 3859 840 3929 ἀνέστησαν
874 3857 972 3911 καὶ
1004 3855 1273 3927 ὤφθησαν
1308 3864 1343 3885 ’⁸
1378 3856 1438 3907 ὲν
1491 3852 1893 3924 Ἱεροσολύμοις

313 3952 454 4004 κατά
483 3951 543 4016 τὸ
570 3948 956 4021 προφητευθέν
977 3964 992 3979 ’
1048 3947 1527 4016 Ἀναστήσονται
1568 3947 1618 3999 οἱ
1668 3944 1889 4012 νεκροὶ,

312 4042 413 4095 καὶ
460 4041 894 4111 ἐγερθήσονται
932 4041 989 4094 οί
1061 4039 1130 4092 ἐν
1163 4039 1288 4106 τοῖς
1334 4040 1667 4107 μνημείοις.
1710 4038 1797 4101 Ὠς
1828 4038 1891 4089 ἐκ

317 4135 501 4189 τούτου
520 4135 724 4202 γνῶναι
755 4134 923 4203 ἡμᾶς,
949 4132 1030 4184 ὅτι
1054 4132 1332 4183 κατελθὼν
1359 4135 1437 4193 είς
1469 4131 1595 4201 ᾅδου
1614 4134 1641 4182 ὁ
1665 4130 1889 4200 Κύριος,

312 4227 409 4278 καί
451 4223 701 4294 κηρύξας
735 4223 932 4292 ἄφεσιν
963 4223 1073 4284 τοῖς
1102 4223 1179 4285 εἰς
1203 4221 1367 4274 αὑτὸν
1384 4221 1756 4284 πιστεύουσιν,
1788 4222 1892 4273 ἀπ-

312 4316 399 4368 έλυ
408 4332 465 4367 σε
478 4317 574 4379 τὰς
590 4314 763 4385 ψυχὰς
776 4314 881 4367 τῶν
895 4315 974 4377 είς
990 4313 1150 4367 αὐτὸν
1168 4314 1593 4366 πιστευσάντων·
1612 4313 1847 4375 ἅπαντες
1865 4321 1890 4348 τι

310 4409 365 4462 δὲ
394 4408 495 4462 οὐκ
528 4415 553 4441 °
575 4407 923 4472 ἐπίστευσαν,
955 4407 1035 4461 διὸ
1065 4407 1189 4460 οὐδὲ
1222 4406 1400 4459 πάντα
1425 4408 1493 4460 τά
1523 4405 1753 4475 σώματα
1781 4404 1891 4456 τῶν

309 4500 728 4571 κεκοιμημένων
746 4500 947 4570 ἀνέστη
981 4501 1124 4566 τότε,
1153 4500 1291 4554 ἀλλά
1313 4516 1439 4553 τινα
1456 4514 1469 4527 °
1490 4500 1591 4552 οὐκ
1618 4493 1738 4551 εἷπε
1756 4498 1891 4550 δὲτὸ

310 4594 665 4662 Εὐαγγέλιον,
692 4594 775 4647 ὅτι
808 4593 1079 4647 Ἰουδαίων
1110 4593 1270 4663 μόνον
1289 4602 1317 4643 P
1338 4591 1608 4662 ἀνέστησε
1637 4588 1888 4658 σώματα,

310 4647 485 4736 ἀλλ”σί
537 4647 809 4754 ἀορίστως
838 4685 1035 4746 εἰπὼν,
1079 4647 1324 4749 πολλοὶ,
1366 4647 1636 4753 ἐδήλωσεν
1688 4647 1770 4735 ὅτι
1802 4647 1896 4735 καί
1930 4647 1971 4701 D

319 4776 588 4846 Ἑλλήνων
609 4793 623 4806 '
657 4773 800 4848 ἦσαν
832 4777 941 4847 γὰρ
975 4777 1083 4829 ἀπὸ
1114 4777 1323 4847 χρόνων
1365 4776 1624 4840 αἰωνίων,
1657 4776 1751 4827 καὶ
1789 4772 1893 4826 σώ-

311 4886 456 4939 ματα
485 4872 600 4922 ἐκεῖ
626 4869 875 4933 ἐθνικῶν,
904 4869 993 4923 διὰ
1021 4870 1081 4922 τὸ
1114 4868 1306 4940 πρώην
1335 4868 1443 4921 ὑπὸ
1495 4867 1766 4938 Ἐλλήνων
1790 4868 1890 4935 τὴν

308 4960 494 5031 χώραν
526 4962 793 5015 οἰκεῖσθαι
820 4978 834 4992 ⁸
872 4962 965 5031 καί
1002 4960 1232 5032 ὕστερον
1270 4960 1433 5013 πάλιν
1463 4959 1743 5012 λαϐόντων
1784 4958 1895 5011 τῶν

322 5051 592 5105 Ἰουδαίων
634 5054 732 5125 τὴν
766 5054 923 5107 πόλιν
973 5063 1020 5117 ι’,
1060 5054 1143 5123 μὴ’
1168 5052 1621 5121 ἐξολοθρευθῆναι
1652 5050 1744 5103 τὸν
1796 5050 1896 5102 Ἰε-

305 5143 560 5197 ϐουσαῖον
589 5142 714 5196 λαὸν
748 5144 1028 5208 εἰςτέλος,
1060 5144 1197 5197 ἀλλά
1234 5142 1565 5211 κατοικῆσαι
1595 5144 1651 5193 ὲν
1686 5140 1837 5212 μέσῳ
1861 5152 1881 5178 ⁸

305 5233 405 5304 τῆς
442 5234 639 5287 Ἰούδα.
684 5236 793 5287 Καὶ
823 5236 895 5304 μή
928 5236 1021 5303 μοί
1066 5252 1151 5298 τις
1180 5234 1389 5303 λεγέτω
1423 5251 1436 5264 ·
1477 5235 1589 5287 Καὶ
1624 5231 1743 5295 πῶς
1802 5250 1871 5302 με

307 5326 513 5390 πείθεις
556 5328 649 5379 καί
701 5328 832 5397 περί
866 5327 974 5379 τῶν
1008 5327 1213 5380 λοιπῶν
1239 5326 1466 5399 ψυχῶν;
1509 5327 1618 5379 ἀπὸ
1654 5327 1763 5397 γὰρ
1791 5326 1885 5380 τοῦ

258 5448 271 5456 -
307 5417 511 5489 μέρους
536 5419 598 5472 τὸ
629 5421 737 5471 πᾶν
780 5419 1297 5489 καταλαμϐάνομεν.
1333 5421 1394 5473 El
1430 5420 1530 5490 μὲν
1559 5419 1668 5493 γὰρ
1688 5415 1800 5474 οἷόν
1828 5438 1888 5474 τε

387 5573 427 5604 ¹¹
467 5573 600 5630 Luc.
636 5591 789 5639 mu,
820 5577 871 5631 8.
956 5576 997 5606 ¹²
1030 5574 1189 5630 Joau.
1222 5591 1275 5641 ν,
1318 5576 1407 5629 28.

380 5739 405 5802 9
443 5730 504 5783 (3.
533 5731 593 5786 (Β.
630 5732 865 5802 φύσεως.

308 5798 595 5875 πιθήκους,
627 5798 928 5875 αἰλούρους.

306 5885 414 5924 om.
442 5873 560 5926 οὐκ.
657 5885 684 5924 ρ
710 5873 854 5930 (3ft).
886 5880 1084 5948 μόνων.

952 5734 971 5774 ί
1000 5739 1061 5790 C.
1101 5739 1160 5793 (Ι.
1192 5738 1478 5805 λέγοντας.

1010 5806 1031 5844 lt
1070 5810 1131 5863 (ἰ.
1166 5811 1227 5863 (3.
1257 5812 1441 5873 αὑτός.

1165 5890 1191 5930 1
1249 5883 1308 5936 C.
1341 5881 1400 5937 (ἶ.
1436 5883 1594 5938 ἀλλὰ.

1562 5746 1602 5816 ε,
1620 5744 1690 5816 (2.,
1716 5745 1776 5800 ι).
1811 5747 1953 5816 ἄλλῳ

1527 5810 1634 5888 lC.
1670 5815 1878 5888 C._om.
1909 5810 2029 5888 τήν.
2106 5827 2143 5853 ω
2168 5818 2229 5872 C.
2262 5818 2322 5871 Ο.
2351 5816 2484 5883 ὥφθ.
2531 5818 2666 5879 τοῖς.

1678 5896 1697 5923 τ
1730 5886 1789 5941 C.
1818 5890 1876 5944 (Σ.
1904 5886 2000 5957 τὴν
2030 5888 2181 5943 πόλιν
2212 5888 2320 5942 τῶν
2366 5888 2656 5943 Ἰουδαίων.

1998 3409 2100 3461 qua
2132 3395 2265 3449 hora
2315 3406 2561 3448 mortuus
2615 3402 2699 3449 est
2766 3394 2943 3458 Jesus,
2997 3394 3140 3449 Deus
3193 3406 3397 3457 uoster,
3431 3394 3581 3447 multi

1994 3501 2183 3539 eorum
2207 3486 2300 3554 qui
2340 3486 2685 3541 dormiebant
2712 3495 3150 3548 resurrexeruut,
3177 3496 3232 3539 et
3270 3486 3320 3539 in
3353 3486 3580 3539 Jerusa-

1998 3576 2099 3631 lem
2142 3578 2239 3632 visi
2271 3587 2416 3641 sunt,
2438 3577 2593 3644 juxta
2620 3579 2747 3632 illud
2778 3594 2791 3632 :
2822 3577 3117 3645 Ilesurgent
3159 3577 3379 3641 mortui,
3414 3580 3586 3630 etevi-

1994 3670 2235 3739 gilabnnt
2288 3671 2378 3740 qui
2424 3672 2479 3724 in
2534 3673 2887 3725 monumentis
2945 3680 3067 3724 sunt
3109 3671 3175 3727 “.
3234 3668 3389 3725 Unde
3436 3670 3583 3722 scire

1995 3780 2282 3834 posuimus
2307 3764 2513 3829 Jesum,
2550 3766 2602 3819 in
2636 3764 2908 3827 infernum
2956 3780 3077 3819 cum
3102 3763 3580 3825 descendisset,ibi

1996 3859 2320 3928 praedicasse
2350 3858 2718 3914 remissionem
2742 3852 3091 3927 peccatorum
3115 3864 3170 3907 et
3196 3854 3436 3907 omnium
3456 3853 3508 3904 in
3527 3868 3584 3906 se

1993 3951 2331 4006 credentium
2376 3949 2588 4005 animas
2616 3949 2906 4011 liberasse,
2943 3962 3048 4001 non
3102 3955 3279 3999 autem
3305 3944 3584 3997 universos

1993 4043 2324 4097 credidisse:
2360 4057 2527 4111 quare
2557 4056 2661 4095 non
2696 4041 2945 4095 universa
2983 4046 3317 4093 mortuorum
3352 4051 3583 4101 corpora

1993 4143 2366 4202 surrexerunt,
2391 4135 2482 4189 sed
2502 4133 2681 4205 aliqua
2714 4141 2947 4197 tantum;
2981 4146 3085 4184 non
3115 4130 3312 4185 veroin
3338 4128 3585 4197 Evange-

1993 4227 2065 4282 lio
2093 4226 2620 4282 diciturJudanorum
2662 4226 2837 4281 solum
2882 4224 3117 4279 excitata
3157 4236 3278 4277 esse
3327 4236 3576 4290 corpora.

1993 4321 2085 4375 sed
2118 4321 2531 4375 indeterminate
2564 4320 2749 4374 dicens
2788 4318 2967 4381 multi,
2994 4316 3235 4371 ostendit
3290 4317 3573 4385 gentilium

1993 4427 2238 4482 quoque;
2282 4411 2352 4465 ibi
2373 4411 2516 4465 enim
2546 4410 2801 4466 aszeculis
2829 4418 2982 4465 erant
3006 4409 3290 4478 gentilium
3317 4422 3571 4476 corpora,

1995 4504 2261 4574 siquidem
2289 4503 2438 4574 prius
2472 4504 2747 4572 regionem
2784 4501 2928 4557 illam
2951 4501 3296 4555 incoluerunt
3325 4500 3574 4569 gentiles,

1996 4604 2051 4652 et
2081 4606 2267 4665 postea
2303 4611 2407 4649 non
2439 4595 2662 4648 omnino
2689 4593 2859 4648 deleta
2893 4604 2974 4648 est
3000 4591 3373 4647 Jcbusacorum
3426 4606 3578 4660 gens,

2000 4689 2132 4744 urbe
2161 4706 2190 4742 a
2221 4687 2422 4743 Judmis
2456 4698 2635 4755 capta,
2660 4688 2772 4741 sed
2809 4687 2859 4739 iu
2893 4688 3069 4739 medio
3091 4683 3399 4740 Iuda-orum
3430 4683 3581 4737 habi-

2001 4789 2268 4834 taverunt.
2300 4777 2406 4831 Nec
2439 4778 2570 4831 mihi
2600 4779 2745 4831 dicat
2779 4775 3015 4843 aliquis:
3049 4772 3333 4841 Quomodo
3362 4773 3427 4825 de
3458 4772 3581 4824 aliis

1999 4872 2280 4925 animabus
2303 4870 2431 4925 mihi
2476 4868 2869 4935 persuadebis?
2900 4867 2953 4920 lu
2989 4877 3142 4937 parte
3206 4867 3353 4921 enim
3409 4873 3577 4917 totum

2000 4962 2535 5032 comprehendimus.
2560 4961 2709 5029 Quod
2742 4961 2786 5015 si
2820 4960 2899 5015 fus
2952 4971 3097 5015 esset
3147 4961 3360 5013 animas
3394 4958 3446 5011 in
3481 4957 3576 5011 ho-

2002 5055 2204 5107 miuum
2254 5054 2576 5122 corporibus
2628 5054 2886 5121 degentes
2943 5066 3195 5114 cernere,
3255 5047 3577 5102 vidissemus

1995 5160 2185 5200 omnes
2220 5144 2405 5199 ﬁdeles
2429 5158 2496 5200 ex
2526 5144 2737 5199 inferno
2777 5146 2829 5198 in
2867 5144 3200 5214 paradisum,
3257 5156 3353 5196 seu
3383 5140 3436 5194 iu
3468 5152 3578 5192 cte-

1996 5238 2096 5303 los,
2154 5239 2483 5305 avolantes;
2541 5238 2796 5307 quoniam
2862 5252 2989 5291 vero
3043 5235 3273 5291 hominis
3345 5245 3571 5295 natura,

1997 5328 2385 5384 subtilissimus
2418 5328 2662 5398 spiritus,
2697 5327 2746 5381 id
2775 5337 2859 5382 est
2881 5366 2896 5390 ,
2925 5329 3129 5389 anima,
3200 5325 3372 5380 oculis
3428 5324 3575 5379 cerui

1999 5434 2105 5476 non
2135 5430 2336 5491 potest,
2364 5436 2470 5476 non
2503 5420 2796 5482 immerito,
2828 5421 2893 5472 ad
2921 5420 3373 5489 persuadendum,
3412 5434 3575 5488 quas-

3237 5754 3252 5795 t
3288 5741 3350 5796 (ἶ.
3389 5741 3448 5794 ιῖ.
3476 5740 3569 5793 καὶ

2049 5745 2073 5784 ³³
2105 5746 2167 5802 C.
2198 5746 2256 5801 C.
2291 5745 2622 5809 ἀλλοίοντας-
2704 5745 2720 5784 ί
2758 5747 2818 5801 C.
2851 5746 2912 5801 C.
2944 5745 3131 5807 εἴϐεις.
3237 5754 3252 5795 t
3288 5745 3350 5796 (ἰ.
3389 5745 3448 5794 ιζ.
3476 5757 3541 5793 κα

2106 5827 2143 5853 ω
2168 5818 2229 5867 C.
2262 5818 2322 5867 (ἶ.
2351 5816 2484 5867 ὥωθ.
2531 5818 2666 5867 τοῖς.
2745 5828 2773 5856 ιι
2797 5818 2857 5867 (Σ.
2889 5818 2949 5867 (3.
2978 5817 3039 5867 ού
3068 5814 3286 5867 πάντες.
3365 5819 3389 5847 ο
3413 5812 3472 5867 C.
3500 5810 3541 5865 (ὲ

2704 5743 2720 5784 ί
2758 5747 2818 5801 C.
2851 5746 2912 5801 C.
2944 5744 3131 5807 εἴϐεις.

2745 5828 2773 5856 ιι
2797 5818 2857 5872 (Σ.
2889 5818 2949 5872 C.
2978 5817 3039 5869 ού
3068 5814 3286 5878 πάντες.

2738 5899 2758 5927 ⁸
2792 5888 2851 5943 Γ.
2893 5891 2951 5944 (ὲ.
2981 5886 3207 5956 ἐμμέσω
3244 5882 3359 5937 τοῦ.

3457 440 3665 506 1566'
