4130 6584
280 349 411 412 1573

1194 364 1648 427 FRAGMENTA
1697 361 1771 421 1N
1813 359 2000 418 ACTA
2040 359 2616 420 APOSTOLORUM.

278 468 426 530 παῖς,
462 468 554 519 καὶ
584 467 870 522 συνίστατο
906 467 1016 522 ἀπὸ
1053 467 1155 538 τῆς
1196 469 1452 541 Γραφῆς·
1485 468 1624 541 πλὴν
1664 467 1860 538 ἀτελὴς

1962 481 2049 526 tur
2101 482 2157 528 et
2207 475 2690 540 decernebantur;
2745 490 2967 547 propter
3031 477 3174 547 quod
3231 484 3540 537 accuratius

273 557 363 629 ἦν,
399 558 474 629 μὴ
503 557 656 623 εἰδὼς
687 558 758 613 τά
787 559 874 614 διά
902 559 998 613 τοῦ
1029 559 1352 632 ηνεύματος
1384 563 1496 625 τοῖς
1535 559 1858 626 ἀποστόλοις

274 651 582 722 λαληθέντα
632 655 726 706 καὶ
775 653 1164 708 θεσπισθέντα·
1201 653 1281 708 διὸ
1328 653 1424 708 καὶ
1465 653 1860 726 ἀκριϐέστερον

274 743 422 814 αὐτῷ
448 745 496 796 oi
527 747 654 813 περὶ
677 744 933 811 Ἀκύλαν,
966 745 1041 808 ὡς
1067 744 1536 818 ἀκολουθήσαντες
1559 746 1637 818 τῷ
1662 747 1861 820 Παύλῳ

275 835 522 900 ἐξέθεντο
551 835 650 908 τὴν
687 838 810 890 ὁδὸν
841 837 937 892 τοῦ
968 837 1105 891 Θεοῦ
1129 857 1144 872 ο
1182 834 1314 905 οἷον,
1346 839 1448 909 τὴν
1477 841 1536 894 ὲν
1581 839 1860 912 Πνεύματι

275 927 554 999 λατρείαν,
586 929 681 982 καὶ
715 930 812 1000 τὴν
844 929 1266 1004 ἀχειροποίητον
1285 933 1611 1006 περιτομὴν,
1640 933 1738 987 καὶ
1762 937 1861 989 ὅσα

273 1019 407 1074 ἄλλα
439 1021 577 1092 πρὸς
610 1023 988 1094 καταρτισμὸν
1014 1028 1114 1094 τῆς
1153 1025 1483 1096 Ἐκκλησίας
1511 1025 1750 1094 ἐλέγετο.

350 1135 369 1166 ι
430 1117 679 1180 Εύτόνως
747 1117 856 1188 γὰρ
906 1121 1018 1182 τοῖς
1069 1118 1352 1184 Ἰουδαίοις
1404 1119 1861 1192 διακατηλέγχετο

271 1207 540 1280 δημοσίᾳ,
575 1208 885 1271 ἐπιδεικνὺς
936 1210 1045 1263 ἀπὸ
1098 1210 1209 1263 τῶν
1256 1210 1521 1282 Γραφῶν,
1578 1206 1718 1266 εἶναι
1767 1210 1860 1265 τὸν

270 1301 505 1366 Χριστὸν
537 1301 764 1370 Ἰησοῦν.
805 1321 821 1353 ι

337 1392 428 1443 Δεῖ
457 1390 566 1461 γάρ
592 1389 808 1443 εὔτονον
843 1385 983 1443 εἶναι
1018 1390 1110 1444 τὸν
1143 1392 1335 1445 πιστὸν
1381 1393 1476 1445 καὶ
1511 1393 1586 1464 μὴ
1619 1391 1850 1446 καταλε-

266 1480 519 1551 λυμένον,
552 1481 694 1534 κατά
733 1483 842 1534 τῶν
876 1481 1293 1551 ἀνθισταμένων
1318 1485 1433 1547 τοῖς
1469 1483 1568 1554 τῆς
1615 1483 1849 1554 Ἐκκλη-

268 1572 387 1635 σίας
418 1571 661 1642 θεσμοῖς,
689 1571 782 1624 καὶ
802 1575 867 1642 τῇ
905 1571 1276 1644 ἀκαπηλεύτῳ
1310 1573 1515 1627 πίστει.

875 1681 1128 1734 ΚΕΦΛΛ.
1162 1681 1264 1736 ΙΘ’.

1955 579 2077 619 eum
2105 567 2244 618 viam
2281 565 2372 620 Dei
2404 566 2596 636 Aquila
2627 578 2680 621 et
2718 567 2985 636 Priscilla,
3011 569 3163 626 Pauli
3219 574 3378 638 socii,
3405 575 3539 630 edo-

1954 657 2171 724 cebant,
2205 658 2412 712 scilicet
2449 661 2820 717 adorationem
2857 664 2908 716 in
2958 665 3174 734 spiritu,
3247 669 3536 723 circumci-

1953 747 2159 804 sionem
2188 765 2293 804 non
2319 750 2706 820 manufactani,
2743 765 2794 808 et
2823 770 3157 825 qua-cunque
3189 758 3256 812 ad
3287 756 3540 818 Ecclesia

1953 841 2370 899 aediﬁcationem
2393 843 2741 900 dicebantur.

2038 1106 2208 1163 Vens.
2248 1107 2340 1163 28.
2384 1128 2400 1161 ι
2438 1107 2802 1164 Vehementer
2845 1109 2990 1165 enim
3047 1108 3259 1170 Judaeos
3289 1115 3538 1172 revince-

1955 1197 2045 1262 hat
2076 1199 2311 1267 publice,
2371 1199 2664 1254 ostendens
2708 1213 2803 1268 per
2851 1197 3170 1272 Scripturas
3205 1219 3327 1260 esse
3373 1205 3536 1262 Chri-

1952 1300 2095 1344 8tuni
2130 1288 2336 1343 Jesum.
2389 1308 2407 1340 ι
2878 1283 2884 1292 ’
3621 1285 3624 1288 ’

2033 1379 2258 1449 Oportet
2283 1383 2426 1435 enim
2455 1380 2669 1435 {irinum
2703 1398 2822 1437 esse
2847 1384 3056 1440 fidelem
3087 1396 3141 1440 et
3168 1403 3270 1441 non
3292 1403 3532 1458 segnem,

1950 1479 2138 1525 contra
2167 1487 2378 1526 morum
2406 1472 2661 1527 Ecclesiae
2685 1475 3087 1547 etincorruptte
3118 1479 3239 1533 lidei
3271 1482 3534 1537 adversa-

1955 1577 2086 1618 ιιοε.

2586 1678 2720 1734 CAP
2767 1679 2908 1735 XIX.

343 1831 361 1863 ι
416 1812 774 1877 Ἀκούσαντες
810 1813 866 1866 δὲ
897 1812 1310 1884 ἐϐαπτίσθησαν
1336 1815 1418 1878 είς
1450 1813 1510 1868 τὸ
1539 1813 1710 1885 ὄνομα
1752 1814 1846 1869 τοῦ

2031 1808 2200 1865 Vens.
2236 1811 2288 1865 5.
2333 1829 2350 1862 ι
2383 1811 2476 1868 llis
2509 1814 2705 1870 auditis
2738 1855 2752 1880 ,
2781 1815 3041 1887 baptizati
3077 1829 3206 1876 sunt
3234 1822 3286 1876 in
3317 1825 3535 1882 nomino

263 1907 471 1978 Κυρίου
512 1905 709 1976 Ἰησοῦ.
746 1925 764 1956 ι

337 1998 504 2050 ’Ὠστε
538 1994 630 2052 οὖν
661 1998 720 2052 τὸ
761 1999 1010 2052 Ἰωάννου
1045 1997 1333 2069 βάπτισμα
1378 1999 1694 2071 προτροπὴν
1733 1995 1845 2070 εἶχε

220 2070 229 2076 ’
263 2087 556 2156 μετανοίας
591 2088 770 2158 μόνον,
802 2089 864 2140 ού
899 2088 1004 2160 μὴν
1029 2091 1124 2142 καὶ
1152 2089 1498 2160 καθαρισμοῦ
1536 2091 1808 2162 ἁμαρτίας
1829 2107 1841 2122 θ

258 2178 340 2240 ὡς
371 2173 511 2230 εἶναι
540 2179 746 2248 ταύτην
775 2179 1041 2249 διαφορὰν
1062 2178 1154 2232 τοῦ
1197 2180 1444 2234 Ἰωάννου
1469 2179 1846 2251 βαπτίσματος

259 2270 358 2321 καὶ
386 2267 481 2320 τοῦ
505 2268 615 2321 τῶν
649 2268 860 2321 πιστῶν
881 2287 894 2301 ο
927 2270 1008 2322 ὅτι
1041 2270 1102 2322 τὸ
1133 2269 1242 2322 τῶν
1277 2271 1488 2324 πιστῶν
1520 2273 1613 2325 καὶ
1653 2272 1846 2342 ἄφεσιν

258 2361 546 2430 ἁμαρτιῶν
567 2361 870 2433 χαρίζεται’
897 2363 928 2414 6
954 2361 1052 2430 μὲν
1085 2362 1335 2432 Ἰωάννης
1364 2361 1640 2433 βαπτίζων
1657 2364 1808 2432 ἔλεγε
1830 2403 1845 2426 ,

261 2453 520 2517 Βαπτίζω
544 2469 602 2505 σε
627 2455 705 2516 είς
723 2452 814 2504 τὸν
838 2453 1132 2523 ἐρχόμενον
1159 2453 1416 2523 μετ’ἐμὲ,
1442 2455 1536 2506 καὶ
1561 2454 1780 2508 ἀπαιτῶ
1807 2464 1844 2485 ⁸³

262 2563 325 2598 σε
355 2545 632 2599 πιστεύειν
669 2547 748 2609 εἰς
770 2545 956 2609 αὑτὸν,
990 2545 1074 2597 ὅτι
1103 2540 1256 2608 οὗτός
1288 2547 1439 2599 ἐστιν
1466 2547 1495 2598 6
1531 2547 1727 2616 Ἀμνὸς
1751 2546 1846 2600 τοῦ

259 2639 400 2692 θεοῦ
421 2655 434 2669 ·
474 2637 503 2690 6
536 2637 594 2690 δὲ
639 2636 850 2701 πιστῶς
883 2648 910 2675 η
948 2635 1230 2706 βαπτίζων
1278 2636 1443 2709 φησί·
1475 2637 1740 2698 Βαπτίζω
1773 2655 1847 2692 σε

259 2736 350 2798 εὶς
376 2731 443 2785 τὸ
458 2731 645 2801 ὄνομα
667 2730 772 2786 τοῦ
784 2731 1013 2800 llatde
1030 2731 1246 2785 καὶτοῦ
1268 2733 1403 2786 Υἰοῦ
1424 2731 1650 2786 καὶτοῦ
1675 2733 1846 2804 ἁγίου

262 2826 632 2895 Uir-stipatae,
648 2826 728 2890 είς
755 2825 852 2895 τὴν
874 2807 1381 2894 ὀμοούσιονΤριάδα
1406 2825 1687 2878 πιστεύειν
1712 2844 1726 2858 ο
1753 2827 1848 2878 καὶ

261 2917 593 2971 ἁποπλύνων
623 2918 716 2970 καὶ
739 2917 1029 2970 ἀπεκδύων
1050 2917 1214 2969 αὑτὸν
1239 2917 1347 2970 ἀπὸ
1372 2919 1469 2987 τῆς
1494 2919 1847 2989 προῡπούσης

263 3011 418 3082 αὐτῷ
447 3010 766 3084 θρησκείας,
788 3010 883 3064 καὶ
912 3008 1215 3081 μετενδύων
1237 3010 1403 3063 αὐτὸν
1435 3013 1514 3074 εἰς
1538 3017 1562 3046 ο
1590 3011 1844 3080 Χριστὸν,

265 3101 365 3154 καὶ
391 3100 645 3172 καθαρῶς
669 3102 770 3172 τὴν
796 3097 962 3154 οὖσαν
987 3100 1332 3168 διαγγέλλων
1371 3102 1574 3156 πίστιν.
1602 3086 1876 3174 Σημειω-⁵

1955 1903 2165 1956 Domini
2191 1901 2340 1959 Jesu.
2377 1923 2395 1956 ι

2031 1993 2260 2052 Joannis
2283 1997 2448 2066 igitur
2470 1997 2770 2067 baptismus
2802 2003 2868 2057 ad
2915 2007 3287 2074 paenitentiam
3338 2013 3537 2072 exhor-

1958 2088 2090 2140 tatio
2118 2093 2256 2151 erat,
2281 2089 2520 2167 sethon
2550 2100 2770 2159 peccata
2800 2095 3049 2162 delebat;
3078 2101 3220 2153 unde
3275 2101 3389 2157 haec
3421 2115 3538 2159 erat

1955 2176 2261 2232 dilIerentia
2318 2181 2465 2234 inter
2491 2183 2817 2250 baptismum
2865 2186 3096 2244 Joannis
3125 2203 3178 2245 ct
3211 2194 3534 2264 baptismum:

1956 2267 2378 2338 lidelium,quod
2399 2272 2702 2342 baptismus
2730 2275 2966 2333 fidelium
2997 2284 3373 2341 remissionem
3399 2304 3537 2357 pec-

1955 2371 2200 2413 catorum
2222 2366 2479 2430 operatur
2501 2364 2773 2430 ;Joanncs
2807 2371 3089 2440 baptizans
3121 2374 3336 2432 dicebat
3370 2392 3387 2432 :
3421 2379 3534 2449 Ego

1958 2458 2009 2503 te
2043 2451 2329 2522 baptizoin
2364 2473 2486 2511 eum
2543 2459 2636 2530 qui
2679 2471 2800 2530 post
2857 2478 2944 2518 tne
2981 2475 3241 2524 venturus
3288 2481 3392 2537 est,
3426 2487 3452 2524 a
3487 2481 3539 2527 te

1955 2556 2079 2614 peto
2128 2556 2186 2601 ut
2231 2550 2421 2604 credas
2469 2551 2521 2606 in
2566 2567 2714 2619 eum,
2777 2556 2903 2624 quia
2939 2557 3054 2628 ipse
3083 2571 3164 2614 est
3200 2562 3382 2632 Agnus
3409 2565 3536 2632 Dei;

1956 2633 2128 2688 fidelis
2188 2647 2390 2704 autem,
2444 2657 2564 2696 cum
2629 2646 2885 2714 baptizat,
2955 2649 3126 2707 dicit:
3167 2651 3277 2722 Ego
3328 2665 3377 2708 te
3418 2656 3539 2710 γόα-

1951 2727 2096 2793 mizo
2119 2749 2126 2753 ·
2149 2729 2204 2783 in
2252 2732 2462 2787 nomine
2494 2731 2674 2790 Patris
2709 2746 2758 2792 et
2795 2735 2925 2792 Filii
2959 2749 3009 2794 et
3052 2741 3288 2811 Spiritus
3345 2748 3538 2817 sancti,

1957 2830 2015 2873 ut
2055 2822 2108 2874 in
2139 2827 2660 2882 consubstantialem
2685 2827 3006 2886 Trinitatem
3041 2834 3230 2887 credas
3255 2853 3268 2888 :
3289 2835 3540 2893 lavatba-

1955 2913 2238 2982 ptizatnm,
2258 2926 2312 2971 et
2340 2919 2564 2987 pristina
2599 2923 2992 2990 superstitione
3025 2928 3194 2994 exuit,
3216 2927 3540 3000 Christoque

1957 3004 2152 3078 induit,
2203 3021 2386 3062 veram
2447 3026 2571 3064 eum
2621 3012 2827 3068 docens
2879 3015 3058 3070 fidem.
3111 3016 3321 3075 Rursus
3357 3032 3536 3076 autem

1956 3096 2060 3152 hoc
2115 3103 2412 3156 notandum
2475 3105 2642 3173 quod,
2704 3117 2828 3176 post
2859 3108 2912 3163 in
2939 3109 3158 3166 ChriSto
3189 3113 3535 3185 baptismum,

266 3193 390 3246 τέον
429 3192 484 3246 δὲ
517 3192 700 3256 πάλιν,
747 3192 830 3245 ὅτι
872 3191 1010 3262 μετὰ
1042 3192 1102 3244 τὸ
1135 3195 1214 3254 εἰς
1253 3176 1807 3265 Χριστὸκίβάπτισμα
1835 3236 1848 3258 ,

1958 3206 2052 3258 per
2109 3191 2510 3262 impositiouean
2574 3213 2832 3253 manuum
2885 3201 3217 3270 baptizantis
3237 3176 3272 3271 ,'
3302 3176 3537 3278 Spiritus

266 3285 359 3337 διὰ
403 3283 507 3353 τῆς
546 3282 850 3346 ἐπιθέσεως
908 3283 1019 3336 τῶν
1063 3283 1266 3356 χειρῶν
1311 3282 1407 3337 τοῦ
1460 3283 1854 3353 βαπτίζοντος,

269 3376 529 3445 ἐπιφοιτᾷ
563 3374 624 3427 τὸ
658 3373 886 3445 Πνεῦμα
921 3375 980 3427 τὸ
1005 3375 1159 3442 ἆγιον
1187 3377 1301 3437 τοῖς
1332 3374 1680 3444 βαπτισθεῖσι
1709 3393 1722 3406 ο
1765 3381 1857 3432 καὶ

267 3469 354 3520 ὃτι
389 3467 488 3519 οὐκ
530 3463 674 3536 εῐχον
722 3465 948 3535 Πνεῦμα
993 3465 1148 3533 ἆγιον
1197 3466 1244 3517 οἱ
1278 3464 1338 3517 τὸ
1387 3463 1632 3520 Ἰωάννου
1665 3466 1856 3536 βάπτιο

270 3579 387 3630 σμα
418 3559 809 3629 βαπτισθέντες
833 3569 859 3608 Ρ
883 3574 896 3588 ·
931 3558 1048 3622 πῶς
1109 3554 1202 3612 οὖν
1228 3569 1256 3609 ς
1304 3559 1566 3626 Ἀπελλῆς
1596 3564 1756 3630 μόνον
1779 3563 1858 3623 εἰς

267 3655 332 3706 τὸ
393 3653 641 3706 Ἰωάννου
689 3661 710 3688 ¹’
752 3651 1102 3722 βαπτισθεὶς,
1163 3651 1282 3715 ἔζεε
1325 3651 1401 3722 τῷ
1451 3652 1762 3723 Πνεύματι;
1797 3653 1859 3708 '0

285 3746 573 3815 Ἀπελλῆς,
603 3748 651 3798 εί
679 3747 772 3798 καὶ
795 3745 914 3810 ἔζεε
950 3745 1025 3815 τῷ
1059 3745 1358 3815 ΙΙνεύματι,
1381 3743 1496 3798 ἀλλ’
1528 3741 1620 3799 οὖν
1642 3746 1742 3798 οὐκ
1778 3747 1855 3798 εἴο

278 3856 439 3908 ρηται
467 3840 551 3892 ὅτι
597 3839 691 3891 καὶ
730 3849 750 3876 ³
801 3836 1024 3907 Πνεῦμα
1059 3837 1214 3906 ἅγιον
1261 3833 1445 3906 εἶχεν⁸
1488 3837 1684 3907 ἀμέλει
1725 3837 1857 3906 γοῦν

271 3931 396 3986 οὔτε
426 3931 706 4000 γλώσσαις
753 3930 932 3985 ἐλάλει
959 3971 972 3993 ,
1015 3929 1137 3983 οὕτε
1175 3932 1578 4003 ἐπροφήτευιεν⁹
1607 3931 1736 4016 ἄλλο
1763 3927 1857 3984 οὖν

272 4041 326 4076 τι
367 4023 485 4076 ἐστὶ
532 4024 593 4076 τὸ
639 4023 781 4088 ζέειν
837 4023 912 4093 τῷ
956 4023 1270 4092 Πνεύματι,
1313 4022 1408 4075 καὶ
1446 4021 1574 4076 ἄλλο
1621 4023 1684 4075 τὸ
1713 4023 1855 4092 ἔχειν

273 4117 494 4186 Πνεῦμα
515 4117 668 4184 ἆγιον
689 4133 704 4147 ο
735 4118 764 4168 6
804 4115 939 4184 ἔχων
965 4115 1190 4184 Πιεῦμα
1225 4115 1382 4183 άγιον
1418 4116 1434 4151 ⁸
1474 4111 1620 4185 εἶχεν
1671 4115 1804 4168 αὐτὸ
1826 4123 1852 4151 ιι

273 4209 514 4262 ἐνοικοῦν
560 4212 618 4262 ὲν
662 4207 810 4278 αὑτῷ
836 4249 850 4272 ,
884 4209 979 4260 καὶ
1013 4208 1195 4261 ἐλάλει
1235 4208 1367 4260 αὐτὸ
1405 4207 1466 4260 τὸ
1513 4206 1741 4278 Πνεῦμα
1788 4210 1851 4260 ἐκ

271 4299 378 4352 τῶν
422 4299 623 4352 ἔσωθεν
647 4315 661 4329 ⁸
697 4300 771 4362 ὡς
812 4299 982 4352 πολλὰ
1011 4299 1232 4352 τοιαῦτα
1280 4303 1457 4352 κεῖται
1498 4299 1694 4363 ὀπίσω,
1740 4299 1855 4364 πῶς

273 4391 502 4463 ὲλάλησε
537 4401 564 4430 ν
593 4391 670 4464 τῷ
698 4393 968 4463 Φιλίππῳ,
1012 4392 1089 4464 τῷ
1121 4394 1335 4464 Πέτρῳ,
1370 4395 1484 4457 τοῖς
1508 4393 1852 4460 ἀποστόλοις,

269 4483 382 4544 τοῖς
408 4482 536 4552 περὶ
566 4481 796 4548 Παῦλον,
825 4483 1034 4536 κωλύον
1058 4491 1082 4519 ι
1103 4484 1298 4548 αὐτοὺς
1335 4483 1518 4538 λαλεῖν
1541 4484 1635 4537 τὸν
1668 4484 1848 4554 λόγον,

270 4571 302 4640 ἢ
335 4570 408 4641 μὴ
439 4571 620 4624 λαλεῖν
654 4571 711 4625 ἐν
736 4590 846 4626 τισι
869 4574 980 4627 τῶν
1011 4575 1219 4627 πόλεων
1244 4590 1256 4602 ·
1283 4578 1310 4628 ὁ
1335 4574 1391 4627 δὲ
1416 4574 1552 4638 ζέων
1576 4575 1652 4646 τῷ
1679 4575 1851 4629 Πνεύο

276 4677 406 4731 ματι
448 4661 516 4713 δι’
561 4661 882 4733 ἐλλάμψεως
927 4674 957 4738 γ
1009 4667 1102 4717 καὶ
1153 4667 1472 4738 προτροπῆς
1515 4667 1616 4738 τῆς
1652 4667 1851 4732 ἔξωθεν

271 4753 508 4824 ἑπραττέ
544 4773 617 4820 τι,
652 4741 1018 4828 ὁδηγούμενος
1045 4759 1149 4812 ὑπὸ
1182 4760 1275 4811 τοῦ
1305 4758 1646 4830 Πνεύματος,
1673 4762 1749 4824 ὠς
1788 4762 1854 4815 ἂν

270 4849 319 4899 εί
350 4847 417 4900 δι’
453 4848 689 4916 ἀγγέλου
727 4865 812 4912 τις
851 4850 1146 4924 ὀδηγηθείη
1187 4852 1218 4921 ἦ
1258 4851 1580 4922 φυλαχθείη.
1624 4854 1733 4906 Καὶ
1778 4856 1852 4927 μή

275 4955 366 5008 μοι
387 4937 511 5006 λέγε
530 4956 543 4969 ·
570 4940 676 4992 Καὶ
699 4940 815 5004 πῶς
833 4935 944 4993 οἷόν
973 4959 1034 4995 τε
1057 4942 1200 5007 ζέειν
1234 4942 1312 5013 τῷ
1336 4944 1638 5014 Πνεύματι,
1662 4945 1754 4997 τὸν
1780 4946 1855 5017 μὴ

275 5031 502 5102 μέτοχον
541 5032 667 5086 ὄντα
705 5035 799 5087 τοῦ
841 5035 1199 5105 Πνεύματος;
1233 5037 1340 5090 ἀπὸ
1379 5037 1485 5108 γὰρ
1515 5037 1624 5090 τῶν
1655 5038 1848 5109 αἱσοη-

271 5118 380 5176 τῶν
405 5124 464 5176 τὸ
485 5125 716 5196 ἀόρατον
758 5135 779 5161 ²
803 5126 883 5178 δεῖ
909 5128 1262 5197 στοχάζεσθαι
1289 5143 1302 5158 ⁸
1337 5132 1384 5182 εἰ
1411 5130 1438 5181 ὁ
1475 5129 1625 5200 ἥλιος
1655 5129 1854 5195 ἔξωθεν

273 5215 369 5279 ῶν,
401 5217 495 5268 καὶ
523 5218 582 5270 τὸ
612 5217 750 5288 πῦρ,
789 5217 876 5270 διὰ
900 5219 992 5271 τοῦ
1023 5219 1345 5289 πλησιάζειν
1387 5225 1497 5285 τοῖς
1529 5222 1778 5292 σώμασιν
1816 5223 1850 5295 ἢ

216 5360 218 5362 τ
275 5306 369 5358 καὶ
393 5305 574 5374 ὀλίγον
599 5307 895 5374 ἀφεστάναι
923 5347 936 5371 ,
961 5307 988 5360 ὃ
1013 5309 1161 5363 ἐστιν
1190 5311 1282 5362 ἐπί
1311 5311 1479 5381 πυρὸς
1507 5312 1704 5376 εἰπεῖν,
1733 5313 1850 5385 θερ-

276 5397 456 5468 μαίνοι
488 5397 645 5466 ἡμῶν
673 5396 740 5450 τὰ
765 5397 1013 5466 σώματα.
1044 5399 1096 5450 τί
1115 5399 1198 5452 δεῖ
1235 5401 1408 5453 εἰπεῖν
1435 5404 1561 5473 περὶ
1585 5401 1678 5455 τοῦ
1704 5401 1848 5455 θείου

275 5488 588 5558 Πνεύματος
635 5487 727 5542 τοῦ
782 5488 954 5553 ὅντως
1003 5489 1337 5562 θερμοτάτου
1386 5494 1478 5546 καὶ
1527 5493 1846 5564 πορίζοντος

347 5655 383 5679 ω
411 5643 472 5697 C.
500 5645 562 5699 C.
597 5645 804 5698 ἁπετῶ.
909 5656 935 5683 η
969 5647 1028 5698 (ἶ.
1071 5645 1132 5701 C.
1166 5646 1374 5707 πιστός.

279 5724 294 5751 ι
343 5715 404 5786 (>2.
434 5715 805 5786 βηἸωάννου
849 5716 1157 5786 βάπτισμα.

273 5791 299 5825 ν
334 5783 465 5839 Gud.
498 5783 761 5839 ἐλάλεισε.

1275 5729 1296 5755 ⁸
1336 5718 1392 5770 C.
1427 5716 1486 5772 C.
1517 5736 1627 5772 ()Ill.
1681 5717 1796 5770 καί.

845 5799 869 5826 ι
901 5787 957 5840 C.
985 5787 1046 5845 (Σ.
1065 5785 1325 5842 κωλύων.

1478 5656 1498 5675 °
1536 5646 1598 5700 (Ζ.
1634 5646 1696 5700 C.
1748 5648 1829 5711 εἰς
1874 5646 1985 5700 τόν.

1960 3290 2180 3336 sanctus
2211 3298 2376 3352 super
2400 3285 2702 3352 baptizatos
2743 3290 3131 3360 descendebat,
3180 3311 3287 3350 non
3355 3309 3537 3354 autem

1963 3372 2226 3441 Spiritum
2291 3385 2540 3429 sanctum
2576 3377 2848 3434 habebant
2902 3383 2991 3450 qui
3014 3381 3236 3440 Joannis
3269 3387 3540 3456 baptismo

1961 3463 2183 3519 fuerant
2209 3466 2470 3534 haptizati
2497 3485 2511 3520 :
2542 3472 2816 3538 quomodo
2839 3487 2968 3542 ergo
2991 3475 3227 3542 Apelles,
3260 3479 3350 3546 qui
3379 3478 3542 3533 Joan-

1961 3560 2046 3614 nis
2080 3560 2350 3628 baptismo
2382 3570 2590 3614 tantum
2627 3572 2744 3615 erat
2772 3563 3107 3632 baptizatus,
3139 3569 3330 3636 spiritu
3361 3579 3538 3623 tamen

1961 3647 2249 3703 fervebat?
2282 3649 2338 3703 Si
2370 3649 2584 3716 Apelles
2632 3651 2830 3705 dicitur
2862 3654 3054 3721 spiritu
3117 3656 3335 3712 fervens
3359 3699 3374 3722 ,
3432 3675 3539 3713 non

1963 3751 2141 3794 tamen
2205 3758 2328 3796 eum
2388 3741 2587 3796 dicitur
2635 3743 2899 3814 Spiritum
2952 3758 3202 3802 sanctum
3243 3750 3536 3816 habuisse;

1959 3836 2202 3900 profecto
2230 3851 2334 3889 non
2363 3837 2560 3907 linguis
2588 3837 2932 3907 loquebatur,
2955 3855 3130 3909 neque
3156 3844 3533 3914 prophetabat;

1958 3925 2101 3980 aliud
2133 3927 2297 3995 igitur
2319 3928 2512 3998 spiritu
2537 3929 2770 3994 fervere,
2804 3930 2952 3985 aliud
2983 3931 3248 4002 Spiritum
3283 3949 3536 3990 sanctum

1959 4019 2196 4074 habere:
2225 4021 2314 4090 qui
2345 4021 2601 4090 Spiritum
2634 4022 3045 4092 habebat,!eum
3070 4026 3122 4080 in
3148 4041 3208 4083 se
3232 4039 3534 4084 manentem

1961 4112 2215 4177 habebat;
2246 4123 2300 4166 et
2325 4110 2561 4183 Spiritus
2587 4115 2702 4183 ipse
2735 4116 2965 4172 interius
2991 4117 3330 4187 loquebatur,
3362 4131 3422 4176 ut
3446 4138 3538 4177 su-

1960 4219 2053 4270 pra
2111 4217 2488 4272 saepenumero
2545 4204 2756 4260 dictum
2817 4215 2924 4271 est,
2971 4221 3078 4275 quo
3122 4209 3284 4262 modo
3332 4211 3538 4266 scilicet

1959 4294 2171 4351 locutus
2199 4298 2270 4351 sit
2294 4296 2562 4366 Philippo,
2625 4295 2808 4365 Petro,
2848 4299 3116 4368 apostolis
3139 4311 3193 4354 et
3219 4298 3407 4368 Paule,
3439 4318 3532 4358 seu

1959 4389 2279 4458 praecipiens
2322 4404 2416 4443 seu
2465 4389 2760 4459 prohibens
2796 4390 2850 4444 in
2897 4391 3171 4460 aliquibus
3219 4393 3536 4448 civitatibus

1959 4479 2140 4551 loqui;
2173 4481 2262 4549 qui
2319 4492 2500 4535 autem
2550 4482 2744 4549 spiritu
2778 4481 3045 4546 fervebat,
3087 4498 3182 4552 per
3204 4485 3530 4540 exteriorem

1957 4574 2415 4627 illumittutinnem
2482 4574 2562 4628 vel
2619 4574 3058 4629 exhortationem
3115 4575 3219 4631 hoc
3269 4577 3354 4630 vel
3405 4579 3532 4632 illud

1951 4666 2162 4735 agebat,
2198 4665 2400 4734 Spiritu
2463 4666 2596 4718 duce
2653 4675 2831 4728 utens,
2886 4679 2992 4718 non
3050 4681 3208 4720 secus
3247 4682 3310 4719 ac
3339 4667 3385 4720 si
3411 4668 3536 4735 quis

1951 4757 2201 4826 angelum
2263 4758 2487 4809 haberet
2533 4755 2721 4809 duceni
2745 4765 2798 4809 et
2826 4757 3129 4814 custodem.
3157 4757 3268 4812 Nec
3294 4758 3424 4812 mihi
3455 4758 3537 4812 di-

1953 4865 2089 4903 cas:
2125 4849 2410 4914 Quomodo
2460 4849 2651 4917 Spiritu
2706 4849 2900 4914 fervet,
2955 4851 3045 4921 qui
3111 4852 3361 4920 spiritum
3427 4865 3533 4906 ιιοιι

1957 4942 2165 4996 habet?
2194 4960 2221 4996 ο
2257 4941 2607 4996 sensibilibus
2645 4942 2713 4996 de
2763 4943 3019 4997 invisibili
3069 4945 3418 5011 cogitandum
3451 4944 3534 4999 :si

1957 5042 2112 5086 extra
2144 5047 2239 5086 nos
2278 5035 2483 5100 positus
2506 5031 2587 5087 sol
2621 5041 2715 5086 aut
2740 5032 2898 5103 ignis,
2926 5047 2990 5087 eo
3023 5034 3163 5102 quod
3186 5033 3388 5089 nostris
3411 5047 3536 5088 cor-

1957 5125 2184 5192 poribus
2209 5136 2294 5178 est
2353 5124 2638 5194 proximus
2667 5133 2760 5177 aut
2811 5139 3003 5194 parum
3062 5124 3248 5188 distat,
3311 5125 3536 5192 quodde

1954 5220 2074 5289 igne
2097 5217 2316 5284 dicitur,
2335 5233 2564 5289 corpora
2590 5226 2776 5272 nostra
2801 5216 3071 5282 calefacit,
3093 5219 3220 5287 quid
3248 5217 3534 5272 dicendum

1949 5312 2014 5364 de
2037 5309 2239 5378 Spiritu
2264 5319 2474 5373 sancto,
2497 5306 2638 5364 sane
2664 5309 3015 5374 calidissimo,
3045 5310 3135 5379 qui
3170 5320 3412 5364 nostrum
3451 5309 3536 5362 in-

1950 5402 2201 5455 teriorem
2235 5401 2504 5456 hominem
2528 5399 2845 5465 inﬂammat,
2865 5399 2990 5455 licet
3025 5416 3127 5454 non
3149 5401 3219 5454 sit
3241 5402 3406 5464 intus,
3441 5399 3536 5454 sed

1955 5493 2154 5548 extra?
2184 5491 2312 5548 Vult
2333 5509 2483 5563 ergo,
2515 5494 2774 5573 quoniam
2798 5494 2978 5549 omnia
3007 5493 3116 5548 Deo
3143 5503 3266 5550 sunt
3307 5492 3535 5562 possibi-

2099 5656 2126 5695 Ρ
2153 5647 2214 5701 C.
2250 5647 2311 5702 (Σ.
2356 5647 2638 5718 βάπτισμα
2669 5645 3005 5718 βαπτισθείς.
3118 5657 3144 5696 ιι
3175 5645 3237 5701 C.
3365 5638 3456 5718 οῦν
3480 5646 3532 5718 _6.

1912 5720 1926 5750 ‘
1965 5716 2024 5771 C.
2159 5733 2267 5790 om.
2321 5713 2364 5772 6'
2395 5720 2533 5788 ἔχων
2563 5713 2814 5790 ’Πνεῦμα
2845 5717 3019 5785 ἅγιον.
3125 5729 3150 5754 υ
3183 5719 3242 5770 t,'.
3272 5716 3332 5770 Ο.
3365 5713 3532 5784 αὐτῷ.
3560 5714 3568 5724 ’

1405 5797 1431 5835 γ
1460 5789 1590 5844 Cod.
1628 5787 1939 5858 ὲλόιμιμως.
2023 5796 2044 5823 ²
2071 5787 2130 5840 (ὲ.
2157 5787 2216 5844 C.
2248 5790 2315 5843 τὰ
2337 5787 2564 5858 ἀόρατα.
2742 5787 2775 5790 ﬂ
3028 5819 3030 5821 >

2023 5796 2044 5823 ²
2071 5787 2130 5840 C.
2157 5787 2216 5844 C.
2248 5790 2315 5843 τὰ
2337 5787 2564 5862 ἀόρατα.

3395 363 3532 432 1574
3613 420 3617 425 .
