4130 6538
610 341 743 407 35ἷ9

1769 339 2117 402 ΑΜΜΟΝΙΙ
2156 339 2686 403 ALEXANDRINI

3726 342 3867 408 1580

612 462 732 516 rat;
768 448 1063 506 scientibus
1085 447 1226 501 enim
1258 448 1450 504 dicere
1497 446 1790 503 absurdum
1825 449 2058 515 fuisset;
2093 449 2185 502 sed

2292 451 2600 522 προσούσας
2646 449 2797 520 αύτῷ
2845 449 3048 523 ἀρετὰς
3073 465 3087 482 ⁸
3119 451 3321 506 ἄτοπον
3351 449 3458 522 γὰρ
3493 451 3588 504 καὶ
3630 452 3871 522 μάλιστα

611 554 669 598 ut
701 541 818 613 ejus
867 539 1170 595 imitatores
1196 551 1376 594 essent
1415 540 1466 595 in
1503 539 1771 602 omnibus,
1813 542 1950 595 sicut
1991 543 2041 595 in
2077 542 2183 595 ﬁne

610 637 690 691 sui
720 635 987 690 sermonis
1016 633 1147 686 dicit
1185 655 1196 687 :
1240 631 1406 688 Vobis
1433 634 1612 687 omnia
1644 635 1873 699 osrendi,
1917 634 2186 705 quomodo

609 736 857 800 Oporteat
891 727 969 782 sic
996 726 1302 781 laborantes
1329 726 1607 797 suscipere
1630 727 1898 783 inﬁrmos.

567 899 585 929 ⁸
682 909 844 963 Vsas.
866 907 957 962 22.
981 925 998 958 ι
1017 905 1256 960 Et‘nuuc
1273 919 1398 960 ecce
1421 903 1668 973 alligatus
1688 917 1788 974 ego
1807 903 2021 973 Spiritu,
2049 904 2186 959 vado

611 1003 665 1056 in
698 999 1000 1056 Jerusalem
1032 1017 1046 1054 :
1079 1011 1198 1069 Quae
1238 997 1290 1051 in
1337 1013 1400 1052 ea
1444 1007 1674 1052 ventura
1713 999 1837 1052 sunt
1870 990 2184 1067 mihiigno-

611 1109 758 1149 rans.
793 1111 810 1144 ›
2169 1073 2171 1075 ’

682 1183 987 1240 Notandum
1039 1191 1126 1238 est
1185 1196 1288 1235 non
1339 1180 1518 1235 omnia
1550 1193 1710 1235 nosse
1743 1172 2056 1252 prophetas,
2091 1179 2186 1236 sed

610 1293 732 1348 quae
766 1285 1080 1348 suggereret
1143 1272 1375 1341 Spiritus
1405 1281 1668 1338 sanctus;
1711 1282 1840 1327 ecce
1875 1272 2016 1326 enim
2048 1288 2187 1341 prte-

608 1370 817 1432 rlicens,
864 1376 921 1420 ut
956 1365 1240 1434 propheta,
1274 1361 1490 1427 Paulus,
1526 1364 1651 1434 quia
1685 1363 1893 1417 vincula
1939 1371 1988 1418 et
2024 1357 2188 1416 tribu-

610 1461 829 1518 latione:
856 1475 935 1512 me
962 1467 1192 1521 manent,
1225 1463 1280 1510 et
1309 1457 1430 1525 quia
1455 1471 1575 1509 eum
1607 1470 1713 1510 non
1750 1451 1982 1524 amplius
2006 1462 2188 1510 essent

610 1551 777 1606 \isuri
825 1550 1070 1622 Ephesii,
1127 1548 1332 1604 addens
1384 1563 1599 1618 quoque
1644 1564 1705 1603 ea
1741 1563 1861 1617 qua:
1904 1547 1972 1599 ab
2011 1550 2189 1601 incre-

611 1645 754 1700 dulis
805 1652 859 1698 et
902 1640 1174 1698 hmreticis
1213 1650 1396 1694 essent
1434 1639 1698 1704 iacienda,
1733 1655 1894 1694 unum
1926 1648 2100 1694 tamen
2128 1653 2188 1694 se

612 1739 828 1793 nescire
865 1736 1017 1800 dicit,
1065 1737 1187 1805 quis
1219 1737 1426 1792 scilicet
1461 1734 1563 1788 erit
1597 1748 1781 1790 eorum
1832 1733 2002 1799 ﬁnis;
2035 1747 2188 1787 nam-

2291 541 2427 613 πρὸς
2465 543 2673 605 εἰδότας
2703 541 2904 610 λέγειν,
2942 542 3058 594 ἀλλ’
3085 542 3170 596 ενα
3202 543 3438 614 μιμηταὶ
3467 542 3634 597 αὑτοῦ
3663 545 3866 614 γένων-

2290 652 2379 688 ται
2409 636 2468 688 έν
2495 636 2667 688 πᾶσι·
2709 635 2894 700 καθὼς
2921 637 2978 689 ὲν
3012 635 3155 690 τέλει
3184 637 3284 707 τῆς
3327 636 3491 690 αὑτοῦ
3518 637 3870 710 δημηγορίας

2294 726 2660 797 φησί’Πόιντα
2716 727 2976 795 ὑπέδειξα
3023 730 3174 797 ὑμῖν.
3227 731 3311 782 δτι
3362 729 3510 783 οὕτω
3554 731 3873 793 κοπιῶντας

2292 819 2371 873 δεῖ
2398 819 2894 891 ἀντιλαμϐάνεσθαι
2931 821 3041 876 τῶν
3059 821 3456 877 ἀσθενούντων.

2371 931 2390 966 ι
2433 914 2543 966 Καὶ
2571 913 2666 967 νῦν
2709 913 2842 977 ίδοὺ,
2882 913 3168 986 δεδεμένος
3199 914 3310 985 ἐγὼ
3345 915 3728 988 τῷ-Πνεύματι
3771 937 3872 973 πο-

2296 994 2528 1073 ρεύομαι
2553 1004 2633 1066 εἰς
2674 1003 3060 1077 Ἰερουσαλὴμ,
3104 1007 3171 1060 τὰ
3198 1008 3257 1059 ἐν
3291 1005 3432 1077 αὐτῇ
3469 1009 3873 1081 συμϐησόμενα

2295 1115 2387 1168 μοι
2439 1098 2514 1169 μὴ
2541 1097 2718 1162 εἰδώς.
2771 1116 2790 1150 ι

2364 1189 2709 1260 Σημειωτέον
2746 1190 2834 1243 ὅτι
2863 1191 2924 1243 οὐ
2989 1189 3166 1246 πάντα
3226 1192 3416 1245 ἴσασιν
3458 1194 3508 1246 οἱ
3558 1195 3869 1264 προφῆται,

2293 1280 2408 1336 ἀλλ’
2443 1282 2544 1335 ὅσα
2597 1280 2891 1335 ὑποϐάλλει
2941 1282 3126 1346 αὐτοῖς
3155 1281 3215 1334 τὸ
3269 1283 3425 1349 am
3465 1285 3692 1356 Πνεῦμα
3721 1303 3733 1315 ·
3762 1286 3873 1338 ἰδοὺ

2292 1374 2401 1446 γάρ
2441 1373 2721 1443 προειπὼν
2762 1374 2839 1437 ὡς
2880 1375 3170 1448 προφήτης
3197 1375 3226 1428 ό
3259 1375 3639 1440 Παῦλος,”οτι
3667 1378 3874 1448 δεσμὰ

2293 1467 2394 1521 καὶ
2421 1468 2661 1535 θλίψεις
2675 1466 3049 1537 μειμένουσι,
3096 1467 3188 1519 καὶ
3214 1468 3296 1520 ὅτι
3331 1468 3515 1521 οὐκέτι
3559 1469 3796 1539 ἤμελλον
3821 1473 3873 1522 οἱ

2293 1561 2351 1613 ἐν
2389 1559 2600 1630 Ἐφέσῳ
2623 1559 2842 1630 βλέπειν
2867 1559 3052 1623 αὑτὸν,
3075 1561 3170 1613 καὶ
3194 1560 3326 1632 περὶ
3352 1561 3459 1614 τῶν
3484 1563 3874 1632 γενησομένων

2285 1658 2350 1710 ὲν
2381 1656 2564 1719 αὐτοῖς
2617 1654 2969 1708 κακοπίστων
3019 1654 3116 1708 καὶ
3160 1654 3475 1724 αἱρετικῶν,
3535 1657 3599 1709 τὸ
3624 1656 3692 1709 ἓν
3715 1653 3873 1711 εἶπεν

2293 1751 2512 1819 ἀγνοεῖν
2537 1765 2552 1780 ο
2586 1748 2646 1802 τὸ
2675 1747 2728 1801 τί
2755 1748 2868 1819 ἄρα
2901 1747 3055 1800 ἔσται
3099 1747 3303 1801 τούτων
3329 1747 3391 1800 τὸ
3441 1748 3612 1813 τέλος.
3679 1750 3873 1803 Πάντα

507 1825 510 1828 ’
605 1847 709 1899 quo
757 1829 850 1900 qui
905 1828 1089 1884 omnia
1139 1827 1579 1882 manifestaverat
1637 1825 1687 1880 ei
1736 1823 2015 1892 Dominus,
2057 1822 2185 1877 illud

2291 1812 2400 1912 γάρ
2433 1834 2758 1912 φανερῶσας
2787 1812 2938 1910 αύτῷ
2960 1839 2989 1892 ό
3022 1838 3250 1910 Κύριος,
3295 1841 3474 1894 ὲκείνο
3507 1842 3676 1911 μόνον
3708 1842 3874 1912 ἔκρυ-

607 1924 780 1979 solum
828 1921 1041 1984 celavit,
1104 1921 1232 1990 quid
1284 1919 1538 1974 nimirum
1586 1917 1633 1973 ei
1690 1929 1812 1988 post
1865 1917 2076 1973 vincula
2135 1924 2190 1973 et

608 2014 989 2070 tribulationes
1025 2010 1290 2076 eveniret,
1340 2027 1407 2065 ne
1459 2012 1511 2065 in
1550 2011 1858 2080 superbiam
1889 2011 2090 2075 elatus,
2129 2023 2188 2064 se

605 2107 722 2177 ejus
758 2104 1011 2160 omnibus
1057 2104 1289 2173 potitum
1327 2103 1538 2168 videns,
1583 2102 1834 2171 superbia
1866 2101 2183 2168 laberetur;

607 2200 735 2254 illud
767 2199 818 2253 in
849 2195 1101 2266 ambiguo
1118 2195 1340 2266 reliquit
1373 2193 1610 2264 Spiritus
1636 2203 1882 2258 sanctus,
1910 2202 1969 2247 ut
1994 2192 2186 2248 illein-

608 2291 921 2346 ﬁrmitatem
958 2286 1142 2344 carnis
1181 2288 1401 2350 timens,
1448 2301 1478 2340 a
1509 2285 1620 2342 Deo
1654 2302 1710 2342 se
1738 2302 1767 2341 a
1799 2287 2189 2341 tentationibus

609 2384 825 2439 liberari
858 2381 1179 2454 postularet.

678 2551 841 2607 Vens.
862 2550 963 2620 :25,
996 2548 1088 2602 24.
1113 2565 1132 2600 ι
1158 2546 1421 2615 Quoniam
1460 2541 1689 2606 vincula.
1723 2551 1778 2597 et
1813 2541 2188 2597 tribulationes

607 2661 694 2702 me
720 2652 964 2700 manent.
1003 2641 1110 2698 Sed
1158 2640 1310 2696 nihili
1355 2639 1533 2704 facio;
1587 2650 1689 2691 nec
1746 2635 1917 2690 habeo
1951 2636 2186 2689 animam

607 2751 782 2792 meam
805 2735 1185 2806 pretiosiorem
1203 2748 1365 2803 quam
1385 2747 1492 2796 me,
1510 2729 1801 2794 dummodo
1812 2741 2185 2783 consummem

605 2843 825 2884 cursum
854 2840 1031 2881 memn
1085 2833 1140 2880 et
1169 2822 1531 2878 ministerium
1563 2820 1737 2884 verbi,
1769 2820 1910 2889 quod
1945 2818 2127 2887 accepi
2156 2832 2187 2871 a

594 2920 838 2978 Domino
879 2916 1048 2984 -Jesu,
1105 2915 1387 2972 testiﬁcari
1421 2912 1769 2984 Evangelium
1799 2912 1984 2984 gratim
2010 2911 2128 2967 Dei.
2161 2930 2180 2966 ι

665 3093 775 3152 Ἠῑε
799 3103 988 3151 contra
1023 3104 1365 3147 communem
1399 3103 1553 3144 usum
1583 3085 1952 3156 accipiendum
1981 3091 2064 3138 est
2104 3082 2186 3150 [a-

2291 1933 2393 2003 ψεν
2419 1932 2519 1986 ἀπ’
2547 1930 2736 1992 αὐτοῦ,
2762 1930 2824 1983 τὸ
2853 1930 2906 1984 τί
2932 1931 3041 2002 ἄρα
3074 1932 3230 1983 ἔσται
3259 1930 3410 2001 αὐτῷ
3444 1931 3582 2001 μετά
3611 1932 3874 2003 τάδεσμά

2292 2026 2385 2081 καὶ
2406 2025 2505 2089 τὰς
2530 2025 2738 2095 θλίψεις
2759 2039 2774 2055 ο
2800 2025 2886 2077 ἵνα
2905 2025 2980 2096 μὴ
3008 2023 3272 2095 ἐπαρθεὶς
3291 2024 3387 2078 καὶ
3405 2023 3666 2088 είδὼςνότι
3695 2027 3873 2080 πάντα

2288 2116 2538 2186 τεύξεται
2562 2117 2777 2182 τούτου,
2809 2116 2897 2170 διὰ
2927 2115 3231 2188 ὑπεροψίας
3261 2117 3471 2188 ἐκπέσῃ
3497 2134 3512 2148 ·
3540 2117 3657 2170 ἀλλ’
3685 2118 3876 2172 εἴασεν

2289 2210 2423 2264 αὐτὸ
2442 2209 2742 2281 ἀμφίὸολον
2769 2207 2916 2278 αύτῷ
2946 2208 3006 2261 τὸ
3040 2208 3264 2279 Πνεῦμα
3282 2225 3296 2240 ο
3337 2207 3431 2262 ἴνα
3458 2207 3655 2272 δεδιὼς
3673 2209 3735 2263 τὸ
3769 2211 3872 2280 τῆς

2269 2303 2494 2376 σαρκὸς
2534 2302 2782 2367 ἀσθενὲς,
2812 2301 2981 2373 δεηθῇ
3011 2300 3106 2354 τοῦ
3141 2300 3276 2354 Θεοῦ
3316 2301 3583 2372 ρυσθῆναι
3620 2303 3689 2355 ὲκ
3744 2320 3871 2356 πει-

2296 2413 2543 2468 ρασμων.

2365 2530 2388 2563 ι
2433 2512 2556 2565 Ὅτι
2611 2508 2789 2579 δεσμά
2835 2510 2930 2562 καὶ
2970 2507 3180 2579 θλίψεις
3244 2525 3312 2578 με
3376 2507 3653 2578 μένουσιν.
3719 2508 3874 2560 Ἀλλ’

2290 2601 2502 2661 οὐδενὸς
2532 2599 2690 2669 λόγου
2716 2599 2998 2669 ποιοῦμαι,
3027 2599 3151 2652 ούδὲ
3181 2599 3290 2669 ἔχω
3335 2600 3434 2671 τὴν
3464 2599 3644 2671 ψυχὴν
3670 2599 3871 2672 τιμίαν

2291 2691 2537 2763 ἐμαυτῷ,
2562 2690 2638 2754 ὡς
2679 2689 2965 2743 τελειῶσαι
2998 2688 3092 2742 τὸν
3118 2688 3320 2760 δρόμον
3352 2707 3453 2760 μου
3492 2690 3634 2761 μετά
3665 2693 3873 2762 χαρᾶς.

2289 2786 2384 2838 καὶ
2405 2786 2502 2855 τὴν
2525 2783 2801 2838 διακονίαν
2821 2785 2886 2854 ἢν
2909 2782 3104 2837 ἔλαϐον
3127 2781 3278 2854 παρά
3293 2781 3388 2837 τοῦ
3419 2782 3626 2854 Κυρίου
3663 2783 3872 2856 Ἰησοῦ,

2288 2876 2763 2952 διαμαρτύρασθαι
2835 2876 2896 2930 τὸ
2938 2875 3273 2947 Εὑαγγέλιον
3341 2874 3444 2946 τῆς
3503 2875 3727 2947 χάριτος
3772 2875 3873 2931 τοῦ

2289 2975 2446 3029 Θεοῦ.
2483 2993 2501 3026 ι

2365 3070 2482 3122 ἰνα
2533 3066 2676 3121 κατὰ
2725 3066 2909 3122 κοινοῦ
2959 3066 3101 3139 λάϐῃ
3128 3078 3150 3105 τ
3182 3085 3268 3132 τις
3296 3066 3359 3120 τὸ
3388 3066 3673 3136 ποιοῦμαι
3699 3081 3714 3095 ·
3747 3064 3877 3118 ἀντὶ

605 3190 688 3244 cio
731 3202 832 3258 pro
873 3202 976 3240 non
1009 3194 1269 3254 antepono
1300 3182 1460 3237 vitam
1506 3197 1699 3245 meam,
1730 3179 1783 3233 id
1815 3188 1921 3244 est,
1964 3176 2100 3233 nihil
2132 3176 2184 3230 in

2290 3159 2404 3226 τοῦ,
2443 3159 2519 3215 Ού
2550 3160 2803 3232 προτιμῶ
2846 3159 2945 3230 τὴν
2990 3160 3137 3229 ζωήν
3177 3175 3317 3229 μου·
3375 3159 3492 3213 ἀλλ’
3549 3157 3670 3211 οὐδὲ
3705 3156 3873 3211 ἄλλου

609 3284 710 3339 hac
762 3282 873 3336 vita
924 3280 1107 3350 potius
1149 3278 1550 3346 habeo-quam
1603 3273 1970 3328 ministerium
2007 3284 2184 3325 meum

590 3373 856 3446 implere,
881 3370 1174 3428 et-Dominl
1196 3366 1463 3424 voluntati
1495 3381 1724 3436 parere;
1753 3380 1857 3419 non
1893 3378 2011 3418 sum
2038 3362 2189 3418 simi-

595 3467 677 3522 llis
717 3464 908 3531 deum,
956 3460 1498 3534 qni'pnrtiicationis
1553 3473 1752 3513 munus
1798 3455 2066 3520 deseruit;
2120 3469 2188 3509 ne

609 3557 818 3622 videar,
871 3552 1071 3624 inquit,
1111 3552 1365 3616 mendax,
1403 3551 1448 3606 si
1472 3565 1518 3604 -a
1552 3564 1638 3605 me
1662 3546 2038 3618 praenuntiata
2080 3559 2185 3599 non

605 3648 902 3713 eveniant;
941 3645 1244 3702 ministerio
1290 3661 1396 3700 non
1450 3655 1722 3712 antepono
1751 3640 2030 3696 hominum
2061 3639 2185 3710 opi-

607 3743 847 3806 nionem,
913 3753 1012 3794 nec
1058 3735 1303 3802 divitias,
1358 3750 1459 3791 nec
1511 3732 2011 3805 quidquid'aliud:
2055 3731 2185 3785 illud

609 3831 755 3887 enim
801 3827 1094 3900 signiﬁcat,
1139 3827 1192 3883 ni
1248 3825 1428 3891 fallor,
1467 3824 1571 3881 hoc
1617 3824 1845 3890 dictum,
1897 3821 2047 3876 nihili
2099 3821 2186 3891 [α-

606 3926 689 3981 cio

687 4042 849 4097 Vens.
899 4038 992 4094 26.
1035 4055 1054 4090 ι
1103 4035 1444 4104 Quapropler
1473 4039 1752 4088 contestor
1795 4046 1892 4086 vos
1923 4029 2187 4085 hodierna

592 4135 718 4199 die,
754 4131 880 4202 quia
913 4128 1145 4185 mundus
1191 4142 1310 4182 sum
1365 4141 1394 4180 a
1427 4125 1690 4194 sanguine
1718 4123 1984 4179 omnium.
2020 4139 2040 4174 ι

671 4246 822 4313 Quia
865 4245 1092 4297 mundus
1134 4258 1250 4294 sum
1288 4258 1320 4294 a
1354 4239 1612 4309 sanguine
1645 4238 1906 4292 omnium.
1938 4235 2058 4292 Jam
2091 4251 2186 4292 su-

593 4355 703 4408 pra
750 4338 1058 4393 notavimus
1108 4334 1315 4389 erroris
1351 4333 1671 4402 magistrum
1713 4343 1901 4400 pinnas
1932 4332 2061 4386 dare
2091 4343 2188 4400 pro

610 4432 896 4488 animabus
924 4428 1257 4483 attdientium
1291 4440 1576 4480 sermones
1603 4423 1742 4492 ejus,
1773 4423 1928 4493 quasi
1955 4421 2186 4477 fundens

609 4523 926 4597 sanguinem
967 4522 1205 4592 ipsorum
1235 4536 1249 4573 :
1283 4517 1508 4584 sanguis
1532 4516 1675 4571 enim
1705 4514 1814 4570 vita
1842 4513 1996 4570 nobis
2022 4533 2037 4572 :
2072 4517 2188 4573 inec

611 4616 776 4685 igitur
817 4612 981 4668 verba
1019 4627 1032 4664 :
1077 4608 1299 4662 mundus
1327 4623 1465 4672 sum,
1503 4605 1607 4661 boe
1632 4605 1805 4674 magis
1832 4606 2185 4676 signiﬁcant:

611 4719 827 4776 nempe,
851 4699 1110 4758 testiﬁcor
1135 4713 1252 4754 mea
1274 4697 1518 4752 doctrina
1546 4697 1817 4752 neminem
1842 4705 2047 4750 aeterna
2073 4695 2182 4750 vita

610 4814 732 4854 esse
761 4795 1161 4854 defraudatum,
1189 4789 1286 4845 sed
1317 4805 1349 4844 e
1373 4797 1564 4844 contra
1586 4803 1812 4859 regnum
1836 4788 2097 4843 crelorum
2119 4790 2189 4842 ob

607 4889 796 4944 oculos
819 4883 1081 4956 proponi;
1116 4880 1363 4950 quisquis
1385 4895 1517 4950 ergo
1537 4895 1623 4935 me
1656 4895 1763 4935 non
1795 4879 2051 4942 audierit.
2102 4895 2188 4935 se-

609 4985 783 5053 ipsum
814 4980 1031 5033 damnet
1051 4984 1109 5029 ut
1133 4973 1489 5040 homicidam;
1522 4987 1620 5043 ego
1640 4974 1782 5031 enim
1808 4989 1926 5029 sum
1955 4973 2185 5029 mundus

611 5091 643 5130 a
681 5069 946 5140 sanguine
971 5066 1210 5122 omnium
1243 5065 1357 5136 qui,
1391 5066 1632 5136 acceptis
1658 5065 2003 5125 sermonibus
2025 5065 2182 5132 meis,

611 5163 742 5221 mihi
771 5177 874 5217 nun
910 5157 1258 5214 crediderint.

685 5279 845 5334 Vens.
881 5277 973 5331 27.
1012 5293 1031 5328 ι
1071 5270 1188 5326 Non
1225 5270 1370 5324 enim
1397 5271 1698 5340 subterfugi
1751 5271 2042 5342 quominus
2079 5287 2181 5326 an-

611 5370 916 5426 nuntiarem
950 5383 1110 5423 omne
1143 5363 1428 5421 consilium
1465 5362 1559 5418 Dei
1595 5364 1768 5419 vobis.
1808 5382 1826 5415 ι

679 5460 988 5518 Notandum
1021 5475 1127 5515 non
1155 5460 1341 5516 utilem
1370 5473 1491 5513 esse
1520 5455 1838 5529 magistrum
1869 5454 1960 5524 qui
1993 5455 2184 5512 ﬁdeles

587 5554 812 5630 -aliquid
841 5553 982 5610 celat
1009 5566 1196 5609 eorum
1227 5567 1350 5624 quae
1371 5551 1438 5605 ad
1467 5551 1720 5621 pietatem
1749 5550 2072 5619 perducunt.

2287 3254 2434 3316 τινὸς
2472 3252 2858 3324 ἀντιποιοῦμαι
2893 3255 2952 3307 ὲν
2992 3252 3072 3324 τῷ
3102 3251 3199 3306 νῦν
3228 3251 3350 3323 βίῳ,
3384 3251 3418 3323 ἢ
3451 3250 3546 3305 τοῦ
3587 3248 3875 3304 ἐκτελέσαι

2288 3347 2386 3418 τὴν
2420 3347 2700 3404 διακονίαν
2750 3366 2874 3420 μου,
2904 3349 3000 3404 καὶ¹
3046 3349 3420 3422 πειθαρχῆσαι
3448 3351 3513 3418 τῇ
3538 3345 3632 3400 τοῦ
3663 3345 3873 3416 Κυρίου

2291 3439 2455 3512 βουλῇ
2485 3457 2499 3471 ο
2529 3440 2591 3494 ού
2628 3439 2848 3510 γίνομαι
2883 3441 3029 3496 κατὰ
3048 3440 3139 3494 τὸν
3181 3438 3366 3494 Ἰωνᾶν
3390 3440 3484 3494 τὸν
3521 3438 3868 3493 ἀπολιπόντα

2289 3532 2387 3604 τὴν
2409 3533 2689 3587 διακονίαν
2709 3534 2803 3587 τοῦ
2837 3533 3217 3605 κηρύγματος,
3250 3533 3338 3587 ἵνα
3378 3533 3452 3605 μὴ
3489 3531 3665 3603 φανῶ,
3703 3531 3868 3601 φησι,

2287 3625 2527 3696 ψεύστης
2549 3667 2562 3690 ,
2596 3627 2653 3678 ὲν
2682 3620 2726 3695 ᾧ
2758 3627 2833 3698 μὴ
2856 3625 3143 3680 ἀποϐαίνει
3183 3625 3250 3679 τὰ
3284 3627 3417 3697 παρ’
3459 3624 3628 3679 αὑτοῦ
3662 3641 3874 3695 κηρυτ-

2287 3720 2510 3790 τόμενα.
2540 3720 2615 3773 Ού
2646 3717 2902 3791 προτιμῶ
2926 3719 3083 3784 δόξαν
3113 3717 3421 3790 ἀνθρώπων
3446 3717 3546 3788 τῆς
3567 3717 3871 3782 διακονίας,

2287 3811 2349 3864 ού
2381 3811 2661 3883 χρήματα,
2715 3810 2815 3864 οὐκ
2846 3810 2972 3864 ἄλλο
3001 3827 3054 3863 τι
3090 3827 3103 3839 ·
3131 3809 3292 3863 τοῦτο
3326 3808 3438 3881 γὰρ
3477 3805 3632 3880 οἶμαι
3670 3809 3872 3879 σημαί-

2287 3919 2399 3957 νειν
2427 3902 2509 3968 τὸ,
2526 3902 2777 3968 οὐδενὸς
2799 3903 2986 3973 λόγου
3005 3903 3306 3971 ποιοῦμαι.

2367 4035 2384 4069 ι
2419 4017 2510 4070 Διὸ
2540 4016 2891 4089 μαρτύρομαι
2923 4017 3052 4088 ὑμῖν
3092 4017 3151 4069 ὲν
3177 4020 3241 4088 τῇ
3279 4017 3520 4088 σήμερον
3554 4016 3756 4088 ἡμέρᾳ,
3783 4016 3869 4070 ὅτι

2287 4110 2525 4183 καθαρός
2553 4113 2670 4182 εἰμι
2697 4111 2805 4166 ἀπὸ
2834 4109 2930 4164 τοῦ
2959 4110 3194 4182 αἵματος
3223 4110 3470 4168 πάντων.
3513 4129 3532 4163 ι

2362 4227 2492 4279 Ὅτι
2519 4226 2778 4294 καθαρός
2813 4222 2953 4294 εἰμι,
3003 4222 3124 4279 ἀπὸ
3157 4223 3266 4278 τοῦ
3307 4225 3553 4293 αἵματος
3597 4223 3864 4278 πάντων.

2288 4317 2398 4372 Καὶ
2421 4317 2599 4371 ὀπίσω
2641 4315 2885 4371 τοιοῦτόν
2916 4334 2966 4368 τι
3012 4315 3466 4386 ὲσημειωσὰμην,
3508 4314 3591 4367 ὅτι
3623 4316 3649 4366 ό
3673 4313 3870 4384 ψευδο-

2288 4409 2613 4473 διδάσκαλος
2643 4409 2800 4480 δίκην
2831 4409 3024 4478 ὑπέχει
3046 4408 3186 4480 ὑπὲρ
3225 4404 3334 4460 τῶν
3360 4405 3546 4476 ψυχῶν
3580 4407 3688 4459 τῶν
3714 4405 3872 4476 δεχο-

2294 4501 2472 4572 μένων
2509 4501 2599 4552 τὸν
2630 4499 2791 4566 λόγον
2818 4496 2989 4550 ἀὑτοῦ
3018 4513 3032 4527 °
3063 4495 3140 4558 ὼς
3171 4496 3233 4549 τὸ
3267 4489 3405 4565 αἷμα
3434 4495 3635 4559 αὐτῶν,
3658 4496 3686 4548 ὃ
3717 4497 3871 4549 ἐστιν

2289 4593 2324 4662 ἡ
2351 4590 2464 4660 ζωὴ
2490 4591 2622 4660 ἡμῖν
2647 4597 2694 4654 ⁸,
2729 4588 2939 4658 ἐκχέων
2960 4603 2975 4617 '
3015 4586 3078 4641 τὸ
3103 4583 3197 4640 οῦν
3231 4587 3488 4656 καθαρός
3511 4589 3626 4656 ειμι
3662 4588 3870 4658 μᾶλλον

2287 4683 2447 4737 τοῦτο
2477 4683 2737 4753 σημαίνει
2766 4699 2780 4714 ⁶
2810 4681 3196 4753 Μαρτύρομαι,
3227 4680 3310 4734 ὅτι
3338 4682 3370 4751 ή
3407 4681 3730 4734 διδασκαλία
3762 4699 3870 4751 μου

2287 4776 2478 4830 οὐδένα
2499 4776 2598 4845 τῆς
2619 4773 2839 4827 αἰωνίου
2865 4773 3010 4843 ζωῆς
3030 4772 3349 4843 ἀποστερεῖ,
3371 4772 3509 4825 ἀλλά
3527 4771 3822 4843 προτίθησι
3849 4776 3865 4808 ⁸

2289 4868 2386 4923 καὶ
2413 4866 2660 4938 οὐρανῶν
2713 4864 2995 4936 βασιλείαν
3019 4882 3033 4895 ·
3076 4867 3105 4918 ό
3148 4858 3241 4917 οῦν
3273 4863 3348 4934 μὴ
3400 4863 3717 4936 πειθαρχῶν
3751 4880 3867 4931 μοι,

2292 4960 2484 5015 ἑαυτὸν
2512 4957 2777 5013 αἰτιάσθω
2799 4957 2874 5020 ὡς
2903 4957 3070 5027 φονέα
3099 4973 3114 4989 ·
3143 4956 3320 5019 ἀθῶος
3345 4955 3454 5027 γάρ
3475 4957 3592 5026 είμι
3618 4954 3729 5023 ἐγὼ
3759 4956 3871 5008 ἀπὸ

2291 5051 2388 5107 τοῦ
2441 5050 2673 5120 αἵματος
2727 5047 2947 5102 πάντων
2994 5047 3102 5102 τῶν
3153 5047 3462 5101 ἀκουόντων
3489 5057 3514 5084 ιι
3549 5045 3657 5100 τῶν
3689 5046 3870 5116 λόγων

2293 5148 2390 5201 καὶ
2427 5147 2502 5218 μὴ
2535 5141 2921 5198 πιστευόντων.

2289 5251 2385 5317 ’Ἷ
2416 5264 2491 5338 (ξύ
2523 5264 2632 5333 γὰρ
2664 5257 3072 5328 ὑπεστειλάμην
3101 5254 3198 5308 τοῦ
3234 5253 3310 5325 μὴ
3332 5253 3656 5323 ἀναγγεῖλαι
3685 5255 3872 5308 πᾶσαν

2289 5358 2386 5429 τὴν
2410 5357 2608 5428 βουλὴν
2640 5354 2736 5408 τοῦ
2767 5351 2904 5406 Θεοῦ
2940 5352 3093 5420 ὑμῖν.
3133 5367 3153 5402 ι

2289 5438 2329 5452 ⁵
2357 5447 2726 5519 Σημειωτέον,
2759 5447 2842 5499 ὅτι
2887 5445 3041 5498 οὐδὲν
3082 5442 3286 5513 ὠφελεῖ
3321 5443 3350 5495 ό
3380 5439 3702 5502 διδάσκαλος
3734 5439 3878 5492 ἀπο-

2284 5544 2547 5615 κρύπτων
2587 5543 2716 5606 τοὺς
2771 5540 3000 5604 πιστοὺς
3053 5536 3165 5592 τῶν
3229 5535 3332 5590 ὅσα
3371 5535 3509 5608 πρὸς
3554 5531 3874 5589 θεοσέϐειαν

2288 5638 2432 5709 ἄγει.

692 5829 793 5888 «Ο,
819 5827 883 5886 C.
915 5824 1091 5884 λάϐοι.
1171 5834 1194 5866 ⁸
1223 5823 1284 5882 C.
1315 5822 1376 5893 C,
1402 5823 1580 5894 ἡμῶν.
1664 5825 1681 5861 ί
1713 5821 1776 5878 C.
1808 5821 1850 5879 C
1905 5822 2185 5896 προστίθης

2328 5833 2356 5862 ιι
2385 5818 2689 5878 ἀκουόντων
2719 5834 2842 5889 μου.
