4130 6586
319 446 450 517 1581

1214 443 1678 505 FRAGMENTA
1726 442 1808 505 IN
1848 442 2037 504 ACTA
2072 438 2644 503 APOSTOLORUM.

3445 434 3647 499 1582‘

392 578 414 614 ι
457 558 765 631 Προσέχετε
784 558 1007 622 ἑαυτοῖς.
1032 554 1321 611 minus!
1360 553 1440 625 τῷ
1471 554 1729 623 ποιμνίῳ,
1755 554 1814 609 ἓν
1850 544 1894 621 ᾧ

2072 551 2236 606 Vsus.
2267 550 2359 606 28.
2396 568 2416 601 ι
2457 547 2735 602 Attendite
2772 543 2926 602 vocis
2950 553 3006 601 et
3030 545 3285 600 universo
3320 547 3493 618 gregi,
3524 547 3576 601 in

323 656 471 726 ὑμᾶς
499 651 562 706 τὸ
590 650 817 723 Πνεῦμα
840 651 902 705 τὸ
933 650 1091 719 ἅγιον
1118 647 1276 700 ἔθετο
1306 646 1664 709 ἐπισκόπους.
1699 662 1719 696 ι

402 744 567 817 ’(ὶρᾷς
594 743 689 798 δύο
733 741 1091 816 προσέταξεψ
1129 738 1252 793 οὔτε
1288 737 1397 807 γὰρ
1426 736 1487 790 τὸ
1516 735 1736 807 ἐτέρους
1762 751 1896 789 κατ-

318 835 516 909 ορθοῦν
571 835 731 906 μόνον
784 836 899 904 ἔχει
944 832 1175 902 κέρδος-
1227 828 1529 897 Φοϐοῦμαι
1576 825 1707 897 γὰρ,
1741 825 1895 895 φησὶ,

316 930 532 1001 μήπως
554 929 768 993 ἄλλοις
791 925 1078 994 κηρύξας,
1104 923 1292 988 αὐτὸς
1304 920 1592 989 ἀδόκιμος
1612 918 1889 987 γένωμαι·

297 1011 447 1082 ξοῠτε
476 1020 540 1073 τὸ
567 1018 765 1074 ἑαυτοῦ
810 1015 1196 1088 ἐπιμελεῖσθαι
1244 1014 1360 1086 ἔχει
1388 1029 1403 1043 '
1436 1015 1466 1066 ὁ
1517 1012 1629 1082 γὰρ
1657 1009 1902 1073 τοιοῦτος

321 1112 605 1182 φίλαυτος,
635 1110 733 1163 καὶ
776 1108 837 1161 τδ
865 1105 1062 1161 ἑαυτοῦ
1110 1104 1266 1175 ζητεῖ
1293 1122 1304 1134 θ
1342 1104 1439 1158 καὶ
1485 1100 1581 1155 τοῦ
1620 1100 1683 1155 τὸ
1707 1098 1902 1153 τάλαν-

322 1216 415 1252 τον
445 1193 865 1267 καταχώσαντος
885 1189 1003 1257 ἷσός
1029 1192 1178 1245 ἐστιν
1196 1209 1210 1223 ο
1232 1190 1333 1243 οὐκ
1362 1187 1553 1258 ἐπειδὴ
1576 1183 1901 1258 προτιμοτέ-

327 1291 451 1362 ραή
490 1288 738 1359 ἡμετέρα
793 1284 1038 1356 σωτηρία
1093 1282 1189 1337 τοῦ
1228 1281 1505 1354 ποιμνίου,
1540 1278 1656 1334 ἀλλ’
1713 1275 1901 1347 δπειδὴ

323 1383 454 1436 ὅταν
507 1382 718 1443 ἑαυτοῖς
780 1374 1165 1450 προσέχωμεν,
1226 1374 1348 1427 τότε
1390 1372 1486 1426 καὶ
1527 1370 1590 1425 τὸ
1646 1368 1900 1441 ποίμνιον

325 1471 702 1544 κερδαίνομεν.
762 1470 865 1523 Ἐν
910 1460 959 1534 ᾧ
993 1464 1151 1531 ὑμᾶς
1192 1463 1277 1518 an)
1328 1461 1573 1532 Πνεῦμα
1622 1458 1689 1513 τὸ
1731 1458 1905 1529 ἅγιον

324 1565 492 1617 ἔθετο
506 1560 883 1624 ἐπισκόπους
900 1557 1241 1627 ποιμαίνειν
1263 1554 1378 1621 τὴν
1400 1550 1768 1618 Ἐκκλησίαν
1795 1547 1903 1602 τοῦ

325 1656 551 1726 Κυρίου
583 1670 599 1685 ο
635 1653 745 1707 ίδοὺ
777 1653 872 1707 καὶ
895 1649 1030 1721 άλλη
1065 1644 1279 1720 ἀνάγκη
1314 1645 1413 1701 τοῦ
1447 1644 1655 1717 Κυρίου
1692 1641 1842 1696 ἐστὶν
1868 1641 1903 1710 ἠ

339 1745 658 1818 Ἐκκλησία.
702 1744 868 1815 Ὁρᾷς
903 1742 1057 1813 παρὰ
1088 1739 1184 1795 τοῦ
1223 1738 1545 1810 Πνεῦματος
1591 1736 1690 1808 τὴν
1724 1750 1907 1805 χειρο-

325 1844 510 1893 τονίαν
558 1837 711 1908 ἔχετε
755 1833 1067 1907 ποιμαίνειν
1126 1832 1229 1905 τὴν
1291 1830 1624 1902 Ἐκκλησίαν
1654 1827 1751 1883 τοῦ
1790 1829 1906 1883 Κυ-

329 1929 450 2001 ρίου
493 1929 630 1999 (20).

417 2022 521 2078 Ἐν
545 2039 594 2089 φ
620 2021 776 2092 ὑμᾶς
808 2022 872 2076 τὸ
900 2020 1147 2091 Πνεῦμα
1176 2018 1241 2075 τὸ
1273 2018 1445 2089 ἅγιον
1475 2017 1643 2073 ἔθετο
1662 2014 1909 2070 ἐπισκό-

333 2128 513 2179 πους.
553 2113 901 2183 Σημειωτὲον
939 2111 1022 2164 ὅτι
1048 2109 1144 2174 οὓς
1183 2107 1361 2167 ὀπίσω
1394 2106 1622 2161 ἐκάλεσε
1658 2103 1908 2174 πρεσϐυς

329 2205 547 2276 τέρους,
572 2197 675 2258 ὧδε
712 2203 1048 2267 ἐπισκόπους
1073 2201 1233 2256 καλεῖ
1254 2217 1268 2231 ⁸
1298 2203 1419 2272 ἦτοι
1449 2200 1546 2254 καὶ
1566 2199 1657 2253 διὰ
1689 2198 1751 2252 τὸ
1780 2198 1909 2260 τοὺς

328 2293 739 2365 πρεσϐυτέρους
789 2293 1040 2364 ἀνάγκην
1103 2292 1251 2363 ἔχειν
1305 2291 1631 2346 ἐποπτεύειν
1687 2289 1759 2345 τὰ
1808 2290 1911 2361 τῆς

342 2383 675 2455 Ἐκκλησίας
737 2382 939 2453 λογικὰ
1013 2383 1278 2454 ποίμνια·
1344 2384 1509 2455 μήτις
1571 2382 1794 2437 ἀσθενεῖ
1841 2385 1908 2452 τῇ

329 2475 540 2539 πίστει,
567 2476 729 2546 μήτις
769 2473 1003 2547 πεινᾷῆ
1047 2473 1203 2545 διψᾷ,
1256 2473 1291 2544 ἢ
1352 2472 1580 2543 ἐλέγχου
1641 2476 1737 2527 καὶ
1788 2475 1911 2538 ἐπι-

332 2567 575 2639 στροφῆς
624 2566 821 2629 δεῖται,
855 2565 998 2620 κατά
1032 2565 1112 2631 τὸ,
1158 2566 1475 2635 Ἕλεγῇον,
1516 2564 1908 2635 ἐπιτίμησον,

327 2663 765 2728 παρακαλεσον
786 2675 803 2691 ⁸
836 2658 869 2730 ἢ
900 2661 993 2714 καὶ
1030 2658 1367 2723 ἐπισκόπους
1411 2652 1516 2713 ὦδε
1538 2657 1665 2721 τοὺς
1690 2657 1913 2711 ἐπισκό-

331 2768 469 2815 πους
494 2752 659 2821 λέγει.

415 2869 436 2903 ι
487 2847 629 2917 Ἐγὼ
673 2843 792 2904 οῖδα
837 2847 919 2902 ὅτι
956 2846 1098 2919 μετὰ
1144 2846 1245 2919 τὴν
1276 2845 1462 2916 ἄφιξίν
1502 2861 1627 2918 μου,
1671 2842 1913 2898 εἰσελεύ-

335 2960 520 2999 σονται
540 2940 696 2995 λύκοι
750 2940 938 3011 βαρεῖς
978 2939 1060 3001 εἰς
1119 2936 1298 3008 ὑμᾶς,
1344 2938 1420 3008 μὴ
1471 2936 1778 3007 φειδόμενοι
1816 2934 1912 2989 τοῦ

333 3038 620 3109 ποιμνίου·
662 3037 759 3089 καὶ
794 3032 852 3100 ἐξ
882 3031 1037 3103 ὐμῶν
1067 3030 1247 3086 αὐτῶν
1283 3030 1683 3101 ἀναστήσονται
1720 3026 1913 3100 ἄνδρες

334 3126 623 3187 λαλοῦντες
666 3122 1113 3195 διεστραμμένα,
1144 3119 1240 3174 τοῦ
1275 3121 1529 3190 ἀποσπᾷν
1573 3119 1702 3183 τοὺς
1733 3119 1913 3191 μαθη-

334 3220 433 3283 τὰς
456 3218 634 3273 ὀπίσω
657 3215 858 3270 αὐτῶν.
898 3235 917 3269 ι

410 3309 521 3365 τοῦ
556 3306 848 3376 ἀποσπᾷν
895 3305 1038 3372 τοὺς
1078 3301 1348 3376 Μθητᾶς
1385 3303 1579 3358 ὀπίσω
1614 3300 1851 3357 αὑτῶν’
1887 3301 1916 3354 ὁ

342 3404 442 3477 γὰρ
490 3404 600 3459 τῶν
641 3402 937 3474 αίρετικῶν
977 3400 1179 3464 σκοπὸς
1214 3396 1509 3461 σπουδάζει
1558 3395 1916 3469 περιποιῆσαι

335 3499 551 3562 ἑαυτοῖς
580 3498 730 3565 λαὸν,
759 3497 821 3550 οὐ
847 3495 925 3567 τῷ
956 3494 1177 3566 Κυρίῳ’
1211 3493 1299 3546 ἵνα
1330 3493 1547 3553 ἑαυτοῖς
1576 3487 1915 3560 καυχῶνται,

336 3590 716 3661 ὲμφερομένου
764 3588 949 3651 αὐτοῖς
1000 3586 1097 3641 τοῦ
1153 3585 1420 3655 ὀνόματος
1452 3581 1563 3636 τῶν
1596 3580 1915 3653 αἱρετικῶν,

337 3686 425 3739 ἵνα
466 3682 525 3748 ἐξ
562 3680 728 3735 αὑτοῦ
772 3679 1220 3752 χρηματίζωσινο
1268 3672 1379 3733 οἷον
1412 3677 1477 3730 ἐκ
1523 3674 1709 3746 Μάνη,
1745 3674 1921 3727 Μανι-

339 3773 884 3855 χαείσι-τὲξζὰρείου,
924 3772 1223 3847 Ἀρειανοί·
1256 3773 1320 3824 ὲκ
1354 3768 1685 3841 Νεστορίου,
1713 3767 1918 3820 Νεστο-

341 3874 546 3949 ριανοί·
580 3875 675 3926 καὶ
712 3870 850 3925 ἄλλα
879 3868 1146 3939 αἱρέσεων
1177 3864 1292 3936 εἴδη
1316 3880 1330 3893 ·
1358 3861 1520 3917 τοῦτο
1547 3857 1919 3932 προαναστέλ-

341 3975 448 4022 λων
481 3966 642 4029 αὐτὸς
670 3966 699 4019 ὁ
730 3963 940 4025 Παῦλος
967 3957 1332 4030 ἐπιστομίζει,
1364 3954 1460 4009 καὶ
1493 3954 1770 4026 μέμφεται
1793 3950 1922 4014 τοὺς

340 4063 631 4131 λέγονταςο
727 4056 876 4128 Ἐγὼ
934 4055 1051 4125 μέν
1123 4054 1240 4120 εἰμι
1315 4049 1598 4105 Παῦλον
1674 4045 1791 4117 ἐγὼ
1853 4042 1924 4098 δὲ

350 4153 665 4211 Ἀπολλώ*
715 4150 830 4220 ἐγὼ
880 4148 949 4201 δὲ
976 4145 1177 4215 Κηφᾶ·
1215 4144 1291 4217 μὴ
1327 4143 1498 4197 θέλων
1533 4140 1593 4207 ἐξ
1623 4138 1923 4211 ὀνομασίας

344 4246 637 4319 ἀνθρώπου
666 4240 960 4315 δηλοῦσθαι
987 4238 1168 4293 αὐτῶν
1191 4236 1253 4290 τδ
1280 4234 1558 4304 σύστημα,
1588 4230 1702 4285 ἀλλ’
1729 4232 1794 4283 ὲκ
1825 4227 1921 4282 τοῦ

345 4336 619 4410 Χριστοῦ,
654 4332 1018 4407 Χριστιανοὺς
1044 4330 1256 4391 πάντας
1301 4323 1671 4397 ὀνομάζεσθαι
1713 4320 1919 4374 θέλων

346 4433 450 4487 κᾶν
483 4428 632 4501 παρὰ
660 4425 931 4496 διαφόρων
953 4419 1292 4477 διδασκάλων
1315 4414 1728 4488 κατηχήθησαν.
1755 4413 1925 4467 Ὅταν

1996 658 2107 714 quo
2138 659 2232 698 vos
2265 642 2505 714 Spiritus
2542 651 2764 697 sanctus
2791 639 2971 711 posuit
2998 640 3302 710 episcopos.
3343 659 3361 691 ι

2073 733 2140 789 Ut
2165 734 2344 788 videre
2359 746 2464 798 est,
2481 735 2588 787 duo
2604 732 2831 788 statuit:
2859 747 2981 785 nam
3002 731 3231 785 aliorum
3256 732 3497 800 regimen
3517 748 3579 787 se
3617 783 3633 793 ,

1984 827 2116 883 solo
2163 843 2267 881 non
2321 826 2542 897 expedit
2590 847 2603 881 :
2651 840 2809 890 uane,
2862 826 3041 889 timeo,
3093 824 3288 893 inquit,
3347 841 3411 879 ne
3460 842 3577 879 cum

2001 917 2124 971 aliis
2163 917 2579 986 pradimverim,
2607 916 2716 986 ipse
2746 915 2999 984 reprobus
3024 916 3221 987 efﬁciur
3243 916 3307 969 ”.
3338 916 3442 970 Sed
3487 932 3582 971 ue-

2000 1024 2108 1081 que
2129 1009 2213 1063 sui
2251 1025 2419 1073 cura;
2469 1022 2594 1063 nam
2620 1008 2713 1077 qui
2762 1008 2864 1063 sibi
2915 1007 3090 1061 solum
3129 1009 3379 1073 attendit,
3416 1009 3461 1063 is
3491 1010 3577 1063 sui

2000 1111 2089 1156 est
2132 1111 2343 1156 amator
2369 1111 2424 1156 et
2470 1116 2565 1157 sua
2596 1100 2810 1170 quaerit,
2845 1110 2900 1155 et
2927 1099 2976 1154 ei
3005 1101 3338 1155 assimilatur
3376 1103 3467 1172 qui
3499 1113 3581 1157 ta-

2002 1193 2208 1249 lentum
2268 1192 2508 1259 inl‘odit;
2562 1209 2667 1248 non
2702 1192 2844 1263 quod
2878 1194 2949 1249 sit
2985 1194 3165 1263 gregis
3192 1194 3367 1248 salute
3395 1196 3584 1250 melior

2002 1286 2150 1342 salus
2182 1296 2392 1349 nostra,
2422 1285 2518 1340 sed
2562 1286 2731 1355 quod,
2776 1299 2902 1339 cum
2954 1286 3370 1355 nobismetipsis
3405 1298 3584 1342 atten-

2003 1378 2203 1441 dimus,
2239 1392 2457 1448 gregem
2492 1391 2707 1446 quoque
2744 1375 3170 1433 lucrifaciamus.
3211 1376 3278 1431 In
3315 1395 3419 1449 quo
3456 1378 3585 1448 Spi-

2004 1470 2140 1524 ritus
2178 1479 2391 1522 sanctus
2413 1468 2680 1538 episcopos
2706 1468 3129 1541 posuiqpascere
3150 1469 3443 1525 Ecclesium
3480 1471 3586 1526 Do-

2003 1564 2173 1626 mini;
2204 1576 2332 1617 ccce
2362 1562 2507 1616 aliud
2524 1562 2765 1617 ofticium
2791 1564 2936 1632 quod
2955 1564 3021 1617 ad
3042 1562 3340 1619 Ecclesiam
3371 1565 3585 1621 Domini

2003 1654 2259 1724 pertinet.
2312 1652 2489 1709 \‘ide:
2521 1668 2554 1708 a
2605 1653 2817 1724 Spiritu
2862 1662 3053 1711 sancto
3101 1656 3315 1713 habetis
3362 1674 3587 1728 pascere

2005 1746 2304 1804 Ecclesium
2340 1747 2590 1803 Domini-

2080 2017 2147 2071 In
2172 2031 2279 2087 quo
2312 2032 2401 2071 vos
2429 2015 2667 2086 Spiritus
2697 2027 2911 2074 sanctus
2952 2021 3128 2088 posuit
3172 2022 3458 2094 episcopos.
3486 2025 3592 2083 No—

2015 2106 2237 2161 tandum
2271 2107 2415 2177 quod
2446 2122 2585 2178 quos
2612 2122 2775 2178 supra
2806 2109 3154 2181 presbyteros
3182 2114 3341 2181 dixit,
3371 2118 3470 2173 itos
3504 2120 3592 2175 bic

2014 2202 2487 2271 vocatepiscopos,
2507 2201 2622 2257 sive
2646 2203 2770 2271 quia
2800 2205 3147 2275 presbyteros
3170 2221 3382 2278 Oportet
3400 2213 3593 2286 invigi-

2012 2294 2125 2349 lare
2149 2294 2521 2365 spiritualibus
2568 2294 2821 2350 Ecclesiae
2849 2297 3120 2367 gregibus.
3146 2317 3213 2355 an
3247 2303 3369 2372 quis
3407 2305 3460 2360 iu
3489 2309 3594 2364 lida

2011 2385 2335 2453 inlirmetur,
2357 2397 2449 2443 aut
2485 2388 2827 2453 esuriat,aut
2853 2388 3026 2455 sitiat,
3062 2404 3157 2447 aut
3200 2399 3595 2456 emendationis

2011 2480 2473 2536 exbortationisve
2514 2486 2689 2550 egeat,
2722 2478 2876 2550 juxta
2903 2481 3075 2539 illud:
3109 2482 3357 2557 Iucrepa,
3408 2509 3591 2563 argue,

2012 2574 2335 2640 obsecra“;
2390 2573 2507 2631 sive
2561 2578 2688 2647 quia
2757 2573 3039 2646 episcopos
3095 2578 3241 2651 ipsos
3301 2582 3389 2640 hic
3438 2599 3595 2643 vocat

2010 2679 2313 2738 episcopos.

2085 2852 2251 2911 Vens.
2281 2854 2373 2922 29,
2408 2854 2496 2911 30.
2534 2873 2555 2909 ι
2595 2856 2707 2928 Ego
2731 2857 2848 2914 scio
2880 2859 3138 2930 quoniam
3167 2860 3448 2919 intrabunt
3475 2874 3597 2935 post

2015 2947 2400 3009 discessionem
2438 2971 2615 3012 meam
2666 2959 2774 3028 lupi
2820 2973 3042 3028 rapaces
3086 2960 3138 3014 iu
3169 2976 3283 3026 vos,
3332 2978 3439 3017 non
3470 2979 3598 3033 par-

2015 3051 2204 3099 centes
2252 3046 2422 3117 gregi.
2459 3048 2526 3103 Et
2566 3064 2633 3103 ex
2673 3049 2826 3105 vobis
2872 3051 3003 3135 ipsis
3038 3065 3334 3124 exsurgent
3377 3055 3480 3109 viri
3510 3057 3595 3111 lo-

2014 3145 2245 3205 quentes
2282 3153 2562 3209 perversa,
2589 3140 2945 3198 utabducant
2969 3143 3266 3216 discipulos
3299 3158 3421 3216 post
3450 3163 3529 3204 se.
3569 3169 3589 3201 ι

2096 3310 2163 3366 Ut
2196 3314 2459 3370 abducant
2487 3318 2773 3388 discipulos
2795 3332 2910 3390 post
2926 3339 2980 3377 se
2995 3340 3017 3389 ;
3047 3324 3422 3382 haereticorum
3449 3329 3596 3384 enim

2019 3416 2217 3473 scopns
2252 3404 2320 3458 ad
2355 3405 2406 3458 id
2438 3406 2612 3476 vergit
2648 3416 2705 3461 ut
2735 3408 2835 3463 sibi
2874 3410 3006 3479 ipsis
3038 3412 3328 3467 concilient
3360 3414 3595 3483 plebem.

2021 3509 2126 3549 non
2172 3494 2439 3564 Domino;
2468 3510 2526 3551 ιιι
2556 3499 2663 3554 sibi
2713 3501 3031 3571 glorientur,
3066 3506 3286 3559 nomine
3314 3502 3601 3563 haeretico-

2022 3600 2140 3640 rum
2174 3586 2240 3640 ad
2272 3588 2564 3658 discipulos
2592 3590 2877 3657 translato,
2926 3592 3001 3648 ita
3037 3602 3095 3647 ut
3126 3609 3191 3650 eo
3222 3595 3596 3667 designentur,

2018 3688 2081 3732 ut
2120 3693 2151 3732 a
2202 3678 2359 3735 Mane
2406 3682 2717 3752 Manichasi,
2767 3685 2836 3740 ab
2872 3687 3003 3742 Ario
3034 3688 3244 3756 Ariani,
3283 3706 3311 3743 a
3345 3690 3599 3747 Nest'orio

2020 3769 2423 3839 Nestoriani,et
2448 3775 2529 3830 sic
2562 3777 2627 3830 de
2651 3776 2772 3831 aliis
2796 3778 3074 3833 haereseon
3096 3781 3401 3851 speciebus.
3431 3783 3589 3850 Quod

2021 3878 2331 3934 prmcavens
2360 3865 2581 3934 Paulus,
2613 3869 2861 3936 reprimit
2893 3880 2947 3925 et
2978 3871 3157 3941 arguit
3182 3874 3420 3930 ib'centes
3443 3894 3457 3930 :
3484 3873 3601 3948 Ego

2021 3973 2137 4012 sum
2168 3954 2354 4024 Pauli,
2389 3974 2483 4029 ego
2535 3970 2709 4014 autem
2741 3959 2953 4039 Apollo,
2980 3979 3074 4034 ego
3107 3980 3227 4019 vero
3256 3964 3466 4035 Cepluc,
3491 3984 3597 4025 non

2025 4051 2214 4107 volens
2240 4053 2477 4107 humano
2497 4054 2717 4110 nomine
2746 4055 3006 4126 publicari
3038 4073 3224 4114 eorum
3261 4064 3599 4129 societatem,

2024 4146 2118 4201 sed
2151 4145 2369 4202 nomine
2408 4145 2607 4202 Christi
2646 4163 2835 4204 omnes
2863 4148 3197 4207 Christianos
3226 4152 3355 4220 dici,
3386 4154 3600 4211 etiamsi

2025 4251 2055 4291 a
2089 4238 2317 4294 diversis
2379 4239 2657 4309 magistris
2716 4238 2948 4296 l'uissent
2995 4243 3197 4299 edocti.
3264 4244 3401 4300 Cum
3452 4248 3599 4303 enim

2025 4345 2193 4385 unum
2227 4330 2390 4385 linem
2441 4331 2731 4387 intendunt
2754 4347 2943 4389 onmes
2973 4334 3235 4406 magistri,
3278 4353 3461 4394 veram
3493 4340 3603 4395 sci-

2026 4421 2153 4478 licet
2186 4423 2343 4479 lidem
2387 4425 2729 4490 annuutiare,
2761 4440 2866 4481 non
2895 4441 2927 4480 a
2959 4428 3172 4496 privato
3215 4430 3470 4500 magistro
3502 4448 3602 4488 no-

346 4521 438 4581 οὖν
462 4534 486 4561 '
516 4524 566 4577 οί
610 4522 809 4583 πάντες
840 4519 937 4572 ἕνα
969 4513 1170 4569 σκοπὸν
1202 4512 1399 4583 ἔχωσιν
1427 4511 1478 4563 οἱ
1502 4507 1836 4569 διδάσκαλοι,
1864 4505 1911 4558 τί

2029 4518 2306 4572 minantur
2351 4519 2622 4589 discipuli,
2665 4519 2760 4575 sed
2790 4519 3010 4576 nomine
3048 4523 3321 4576 communi
3350 4524 3604 4579 dicuntur

345 4621 445 4694 τὴν
489 4616 663 4689 ἀληθῆ
695 4609 1054 4682 καταγγεῖλαι
1092 4608 1302 4670 πίστιν,
1336 4599 1824 4694 σϐεννυμένουῄτοῦ
1864 4598 1911 4694 et

2027 4608 2364 4679 Christiani;
2398 4611 2440 4694 si
2467 4622 2646 4668 autem
2687 4617 2740 4666 In
2771 4610 2954 4682 aliquo
2990 4610 3060 4667 ab
3094 4611 3349 4668 Ecclesia:
3381 4614 3602 4686 dOgma-

351 4690 517 4769 ίδικοῦ
565 4704 887 4763 διδασκάλου
937 4698 1299 4774 χρηματίζειν
1346 4697 1472 4759 τοὺς
1512 4692 1795 4767 μαθητάς,
1840 4690 1911 4760 τῷ

2030 4702 2171 4758 tibus
2209 4692 2496 4760 discedunt
2529 4704 2801 4771 docentes,
2840 4718 2940 4774 pro
2974 4704 3238 4761 catholica
3274 4706 3606 4761 denomina-

348 4801 513 4874 κοινῷ
539 4798 767 4870 ὀνόματι
792 4793 1086 4847 καλοῦνται
1106 4784 1425 4860 Χριστιανοί
1447 4800 1462 4816 ο
1488 4785 1537 4836 εἰ
1567 4781 1625 4835 δέ
1656 4798 1711 4833 τι
1742 4796 1911 4851 παρα-

2027 4794 2195 4861 tioue,
2238 4796 2306 4849 ad
2336 4796 2609 4867 privatum
2639 4795 2723 4853 sui
2754 4795 2996 4866 magistri
3024 4811 3219 4853 nomen
3263 4797 3604 4855 deducuntur

348 4870 617 4969 τρώσουσι
665 4888 775 4943 τῶν
825 4886 923 4959 τῆς
979 4881 1309 4953 Ἐκκλησίας
1355 4874 1646 4949 δογμάτων
1698 4873 1748 4927 oi
1794 4870 1911 4969 καθ-

2025 4883 2300 4957 discipuli.

350 4963 578 5058 ηγηταὶ,
614 4978 987 5049 σδεννυμένης
1030 4974 1130 5043 τῆς
1183 4970 1482 5040 καθολικῆς
1514 4963 1927 5037 προσηγορίας,

352 5078 448 5132 ἐπὶ
473 5074 536 5129 τὸ
566 5071 731 5127 tam
756 5068 849 5125 τοῦ
874 5064 1188 5131 διδάξαντος
1213 5062 1510 5130 ἀνάγονται
1540 5058 1736 5127 ὄνομα.

433 5187 452 5220 ι
494 5164 604 5220 Καὶ
622 5160 788 5215 τανῦν
820 5156 1191 5231 παρατίθεμαι
1218 5154 1385 5223 ὑμᾶς,
1426 5149 1670 5220 ἀδελφοὶ,
1700 5145 1779 5219 τῷ
1805 5146 1911 5219 Θεᾷ

2106 5138 2268 5196 Vsus.
2315 5140 2406 5195 5‘2.
2463 5158 2482 5194 ι
2534 5140 2602 5197 Ει
2659 5155 2805 5197 nunc
2846 5144 3165 5200 commendo
3217 5160 3332 5210 vos,
3384 5145 3603 5213 fratres,

353 5256 450 5314 καὶ
474 5254 553 5328 τῷ
586 5253 744 5321 Λόγῳ
777 5250 876 5321 τῆς
902 5248 1123 5321 χάριτος
1147 5244 1337 5306 αὐτοῦ,
1365 5242 1445 5314 τῷ
1468 5242 1751 5312 δυναμένῳ
1782 5242 1911 5295 uiuo

2034 5233 2145 5289 Deo
2184 5242 2239 5289 et
2288 5232 2465 5289 Verbo
2498 5234 2684 5305 gratia:
2734 5234 2926 5306 ipsius,
2971 5237 3062 5306 qui
3098 5245 3289 5308 potens
3318 5247 3402 5292 est
3429 5240 3604 5294 acditi-

350 5325 588 5419 δομῆσαι
636 5343 735 5396 καὶ
780 5338 965 5394 δοῦναι
993 5338 1123 5409 ὑμῖν
1147 5336 1246 5408 τὴν
1295 5334 1665 5407 κληρονομίαν
1705 5336 1764 5387 ὲν
1810 5335 1911 5399 τοῖς

2039 5338 2166 5383 cure
2210 5335 2268 5382 et
2294 5326 2425 5383 dare
2460 5325 2614 5383 vobis
2640 5326 3010 5385 haereditatem
3033 5328 3088 5385 in
3118 5328 3473 5386 sanetilicatis
3496 5349 3602 5387 υιιι-

354 5436 709 5512 ἡγιασμένοις
739 5434 925 5489 πᾶσιν.
963 5450 981 5484 ι

2032 5420 2212 5477 nibus.
2260 5439 2279 5472 ι
3412 5430 3417 5433 ·

427 5578 472 5612 ¹⁸
507 5576 527 5633 Ι
556 5575 681 5634 Cor.
707 5589 784 5640 ιι,
808 5570 899 5628 27.
1009 5567 1054 5598 ¹⁶
1090 5563 1129 5619 ll
1158 5563 1299 5622 Tim.
1336 5581 1387 5621 Iv
1426 5568 1485 5623 2.

426 5726 456 5758 ν
482 5717 611 5773 Cod.
638 5714 805 5771 Coisl.
842 5712 935 5767 οὖν
959 5711 1012 5766 in
1048 5709 1313 5779 margine.

433 5852 545 5922 (ευ)
573 5850 685 5906 iioc
725 5849 901 5922 schol.
925 5847 1058 5903 Cod.
1097 5846 1264 5922 coisl.
1312 5846 1401 5902 dat
1447 5845 1833 5922 Ciirysosjnrno
1876 5853 1934 5900 et
2041 5851 2191 5922 so_st._
2208 5844 2359 5922 item.
2427 5843 2497 5898 44
2541 5843 2593 5899 in
2636 5842 2768 5900 Acta
2805 5842 3027 5900 edition.
3081 5841 3295 5915 nostrai
3338 5851 3467 5899 tom.
3507 5843 3599 5912 lx,

361 5913 548 5983 revera
589 5923 723 5985 haec.
751 5921 937 5986 paucis
967 5920 1208 5986 mutatis,
1243 5918 1418 5989 legere
1458 5927 1542 5973 est
1561 5913 1627 5970 ἰιι
1665 5915 1721 5970 S.
1757 5916 1928 5987 ϐίη-γ·
2031 5915 2133 5970 col.
2164 5913 2289 5969 3w.
