4130 6528
593 411 727 479 158⁵1

1755 411 2093 478 ΑΜΜΟΝῙῙ
2131 415 2381 494 ALEXA
2392 416 2676 484 NDRINI

3719 425 3860 495 1588

587 543 734 591 esset
759 547 853 589 eos
889 532 1114 588 omnino
1142 538 1461 601 recepturos
1487 549 1504 588 :
1538 546 1691 588 eram
1722 531 1975 592 inimicus
2003 536 2148 594 Citri-

2271 540 2542 610 πτεῦσαι,
2582 544 2667 598 ὅτι
2702 543 2924 610 πάντως
2965 543 3297 614 δέξονταιιισ
3335 545 3489 618 ἔγὼί
3521 548 3673 620 ἥμην
3701 552 3731 604 ὀ
3756 567 3857 605 πο-

586 627 879 688 tiauorum,
905 625 1044 680 unde
1069 640 1166 680 eos
1193 624 1436 695 recipere
1462 624 1774 691 oportebat.
1801 624 1901 682 Hic
1924 628 2032 685 duo
2054 640 2168 686 sta-

584 719 692 782 tuit
721 736 735 773 :
767 719 946 790 primo
975 717 1392 774 inexcusabibes
1430 726 1609 784 erant,
1639 720 1732 790 qui
1771 722 1975 778 absone
2002 733 2058 779 et
2082 739 2167 780 re-

585 823 860 880 pugnante
893 810 1108 866 ratione
1137 825 1258 866 equ
1294 813 1564 873 persecuti
1591 821 1720 868 sunt
1745 831 1758 879 ;
1801 814 1996 871 deinde
2022 816 2164 874 Deus

581 913 663 958 est
719 903 987 966 Christus,
1023 904 1112 974 qui
1155 919 1218 958 ea
1250 921 1372 975 quin
1417 915 1606 962 contra
1634 920 1849 962 omnem
1881 918 2037 965 erant
2063 925 2164 966 ex-

582 994 970 1064 spectationem
1017 996 1398 1066 prophetabat,
1447 1014 1550 1054 non
1584 1000 1950 1069 praesentibus
1987 1009 2163 1057 atten-

578 1089 733 1153 dens,
761 1088 856 1142 sed
885 1087 1060 1142 futura
1084 1089 1402 1158 praevidens.
1424 1123 1495 1132 —
1513 1090 1579 1146 Et
1599 1104 1712 1161 post
1731 1107 1940 1163 pauca:
1966 1093 2161 1149 Oranti

577 1179 728 1243 mihi,
761 1180 956 1251 inquit,
988 1180 1045 1235 in
1087 1181 1276 1252 templo
1302 1198 1321 1235 :
1352 1182 1476 1251 quia
1512 1183 1831 1251 phantasma
1869 1199 1976 1239 non
2017 1193 2156 1252 erat,

575 1270 698 1326 ideo
751 1270 927 1325 oranti
981 1273 1176 1327 astitit.
1211 1271 1466 1329 Ostendit
1504 1288 1719 1344 quoque
1762 1290 1824 1332 se
1856 1291 1962 1330 non
2007 1285 2164 1332 metu

574 1362 945 1430 periculorum
994 1362 1218 1435 fugisse,
1269 1364 1364 1422 sed
1425 1367 1554 1426 quia
1601 1365 1732 1436 eius.
1783 1369 2152 1424 testimonium

575 1467 686 1508 non
712 1455 1049 1524 reciperent.

643 1663 805 1719 Vens.
859 1665 945 1722 l9.
989 1683 1009 1718 ι
1051 1667 1118 1722 Et
1159 1680 1260 1738 ego
1309 1668 1420 1724 dixi
1449 1687 1470 1723 :-
1515 1667 1765 1737 Domine,
1818 1669 1936 1741 ipsi-
1970 1670 2158 1727 sciunt

569 1757 696 1826 quia
727 1764 833 1826 ego
852 1751 1004 1813 eram
1029 1769 1034 1772 '
1057 1759 1398 1816 concludens
1426 1761 1479 1816 in
1506 1775 1804 1828 carcerem,
1843 1773 1900 1818 et
1937 1761 2151 1820 cadens

568 1861 667 1916 per
694 1862 991 1920 synagogas
1016 1865 1108 1906 eos
1137 1851 1227 1922 qui
1256 1851 1549 1908 credebant
1578 1854 1632 1908 in
1664 1864 1735 1910 te.
1768 1872 1796 1907 ι

639 1937 752 2008 Ipsi
778 1941 959 1994 sciunt»
975 1945 1102 2011 quia
1123 1958 1218 2011 ego
1240 1943 1302 1996 in-
1328 1943 1598 1998 carcerem
1632 1960 1784 1999 eram
1808 1945 2142 2004 concludens.

566 2029 683 2084 line
701 2032 834 2087 dicit
863 2031 1064 2089 Paulus
1089 2050 1104 2087 :
1138 2035 1196 2090 Si
1229 2035 1323 2089 tibi
1351 2049 1457 2091 non
1487 2031 1718 2092 credunt
1741 2035 1934 2104 J-udai,
1966 2054 2145 2096 meum

497 2112 502 2117 ’
569 2133 746 2178 tamen
797 2139 1103 2181 sermonem
1156 2127 1400 2197 recipere
1437 2127 1770 2193 debuissent,
1802 2129 2150 2200 quandoqui-

566 2215 696 2270 dem
723 2230 848 2271 cum
915 2217 997 2274 eis
1051 2231 1201 2274 eram
1259 2233 1591 2289 persequens
1643 2219 1986 2288 Ecclesiam;
2043 2222 2144 2290 ipsi

566 2321 780 2376 quoque
826 2308 1141 2366 debuissent
1170 2325 1488 2382 persuasqu
1543 2312 1782 2381 habere,
1842 2331 1927 2370 me
1955 2315 2146 2384 pristi-

564 2414 691 2454 nam
709 2399 1014 2470 opinionem
1048 2417 1153 2458 uou
1187 2404 1529 2460 deserturum
1561 2403 1750 2472 fuisse,
1784 2406 1886 2462 nisi
1921 2409 2147 2464 omnino

565 2505 858 2560 persuasus
900 2493 1125 2550 fuissem
1191 2510 1297 2552 non
1361 2511 1519 2568 posse
1573 2499 1784 2554 salvum
1815 2499 1932 2555 lieri
1973 2500 2148 2556 homi-

565 2598 692 2639 nem
731 2585 840 2640 nisi
894 2601 993 2656 per
1028 2586 1188 2644 ﬁdem
1245 2589 1298 2644 in
1332 2588 1649 2656 Christum;
1691 2593 2006 2648 admiranda
2027 2608 2144 2651 mea

563 2678 944 2734 immutatione
992 2679 1310 2738 debuissent
1361 2692 1419 2739 et
1465 2683 1566 2754 ipsi
1631 2685 1930 2740 immutari.

633 2885 799 2944 Vens.
830 2887 921 2945 20's
969 2907 990 2943 ι
1030 2888 1098 2945 Et
1121 2903 1246 2946 cum
1279 2890 1603 2948 funderetur
1629 2893 1853 2965 sanguis
1880 2892 2142 2964 Stephani

562 2981 716 3036 testis
751 2981 847 3046 tui,
884 2995 986 3049 ego
1011 2982 1280 3050 astabant,
1315 2992 1371 3038 et
1415 2984 1844 3053 eonsentiebam,
1879 2995 1934 3040 et
1963 2993 2146 3043 custo-

561 3071 772 3126 diebant
801 3073 1120 3128 vestimenta
1163 3072 1626 3133 interﬁeientium.
1650 3091 1796 3133 cum.
1835 3094 1860 3129 ι

629 3297 747 3357 Non
801 3301 1086 3372 ignorabat
1129 3304 1405 3362 hominem
1438 3307 1750 3363 conﬁtendo
1780 3318 2004 3378 peccata
2041 3323 2136 3362 sua

559 3405 745 3446 coram
773 3392 882 3449 Deo
905 3405 960 3449 et
982 3396 1223 3466 seipsum
1278 3399 1999 3470 reprehendendomundum
2023 3400 2140 3457 ﬁeri

559 3484 627 3538 ab
660 3483 918 3540 omnibus
949 3485 1324 3556 iniquitatibus
1351 3487 1465 3544 suis
1493 3503 1509 3553 ;
1549 3488 1732 3557 itaque
1766 3487 2060 3544 conﬁtetur
2086 3499 2142 3544 et

559 3576 674 3645 ipse
717 3591 814 3632 sua
855 3578 1078 3644 delicta,
1103 3588 1162 3633 ut
1199 3577 1528 3649 iustiﬁcetur
1559 3590 1614 3636 et
1641 3581 1692 3636 in
1725 3596 1920 3653 magno
1938 3581 2142 3652 iudicio

558 3665 875 3721 absolvatur
901 3682 918 3733 ;
944 3668 1086 3723 unde
1116 3668 1170 3723 in
1202 3668 1366 3723 terris
1387 3668 1625 3741 seipsum
1648 3669 1983 3742 iudicantem
2015 3686 2139 3728 eum

558 3756 835 3815 viderunt.

642 3865 808 3924 Vsus.
835 3866 928 3923 27.
976 3886 1004 3925 ι
1027 3869 1307 3927 Accedens
1335 3879 1512 3926 autem
1545 3871 1820 3938 tribunus,
1851 3871 1990 3928 dixit
2019 3871 2096 3928 illi
2122 3891 2138 3929 :

551 3944 656 4015 Dic
684 3961 812 4016 mihi
841 3961 885 4015 si
919 3972 974 4015 ιιι
1008 3960 1285 4019 Romanus
1307 3979 1366 4019 es
1388 3963 1419 4020 r-
1437 3963 1624 4020 Atille
1653 3965 1832 4021 dixit:
1869 3964 2070 4021 Etiam.
2106 3983 2134 4019 ι»

629 4051 729 4105 Dic
758 4053 888 4106 mihi
915 4063 1012 4108 tu:
1043 4052 1318 4109 Romanus
1351 4057 1444 4110 es?
1489 4066 1543 4110 at
1575 4056 1666 4111 itle
1707 4057 1842 4111 dixit
1866 4072 1885 4111 :
1913 4056 2092 4112 Etiam
2121 4075 2140 4112 :

556 4145 739 4200 sciens
789 4145 918 4213 quia
953 4153 1170 4215 oportet
1198 4147 1381 4218 regnis
1410 4155 1467 4202 et
1497 4149 1860 4218 potestatibus
1892 4149 2136 4216 obedire,

554 4249 610 4293 et
663 4240 793 4308 quia
826 4239 1192 4296 Romanorum
1234 4255 1392 4310 reges
1421 4242 1700 4305 universo,
1737 4251 1795 4296 ut
1829 4241 1902 4298 ita
1938 4243 2138 4309 dicam,

554 4323 673 4378 orbi
732 4323 1094 4395 imperabant,
1137 4336 1190 4381 et
1239 4327 1340 4398 ipsi
1392 4327 1615 4394 Iudaeae,
1663 4345 1786 4400 quae
1812 4330 2009 4387 (laniari
2040 4335 2140 4388 tri-

555 4418 683 4470 buta
724 4416 1013 4484 solvebat,
1059 4416 1350 4474 aﬂi’rmavit
1391 4435 1452 4476 se
1499 4433 1621 4477 esse
1665 4420 1996 4489 Romanum,
2032 4439 2137 4480 non

555 4505 623 4560 ad
658 4507 1034 4577 repellendum
1081 4511 1452 4568 Romanorum
1481 4514 1767 4584 imperium
1804 4523 1861 4570 et
1885 4516 2133 4572 domina-

555 4600 783 4664 tionem,
831 4601 974 4656 sicut
1000 4601 1271 4658 faciebant
1299 4607 1480 4660 exteri
1531 4605 1865 4677 Iudaeorum,
1895 4611 2012 4680 qui,
2051 4625 2137 4666 se-
2166 4615 2215 4674 D

556 4693 705 4761 ipsos
729 4692 1084 4764 deeipientes,
1116 4696 1287 4751 Deum
1324 4697 1499 4753 solum
1521 4699 1624 4754 sibi
1651 4716 1832 4774 regem
1854 4717 2000 4767 esse,
2028 4718 2135 4758 non

553 4792 736 4838 autem
770 4785 1066 4854 hominem,
1096 4787 1382 4856 dicebant;
1415 4790 1481 4844 de
1511 4788 1654 4846 facto
1683 4803 1886 4859 autem,
1919 4803 1977 4850 ut
2007 4795 2138 4852 viles

553 4879 719 4941 servi,
753 4879 955 4932 tributa
986 4878 1288 4947 solvebant,
1314 4885 1596 4942 servitutis
1625 4900 1822 4945 nomen
1845 4889 2138 4962 repudiau-

555 4979 659 5030 tes,
697 4983 886 5026 revera
917 4971 1300 5040 subiacentes;
1329 4988 1468 5044 quos
1501 4973 1892 5046 Vespasianus,
1913 4980 2138 5054 quintus

553 5061 919 5117 Romanorum
953 5078 1066 5131 rex,
1091 5066 1252 5136 quasi
1279 5082 1384 5123 nou
1415 5068 1748 5138 obedientes,
1779 5073 1997 5129 evertit.

627 5324 791 5380 Vens.
845 5323 938 5381 98.
983 5343 1002 5378 ι
1056 5325 1122 5381 Ει
1175 5330 1452 5399 respondit
1503 5330 1790 5388 tribunus:
1823 5333 1934 5406 Ego
1968 5336 2134 5392 multa

552 5431 764 5471 summa
809 5416 1127 5473 civiiitatem
1172 5418 1313 5475 hanc
1343 5433 1666 5479 consecutus
1697 5438 1817 5479 sum
1859 5444 1876 5483 ι
1913 5435 1970 5482 et
1997 5423 2137 5482 Pau-

553 5507 638 5562 lus
687 5509 763 5562 ait
792 5523 807 5563 :
838 5507 953 5580 Ego
981 5521 1161 5566 autem
1189 5521 1242 5568 et
1274 5523 1433 5569 natus
1462 5528 1604 5571 sum.
1647 5535 1666 5570 ι

623 5600 843 5668 Cilicia,
871 5611 1000 5659 ante
1052 5614 1233 5660 ortum
1290 5604 1466 5675 Pauli,
1533 5623 1562 5663 a
1593 5607 1855 5667 Romanis
1884 5614 2135 5684 subacta,

626 5783 652 5822 Ι·
679 5784 742 5840 C.
783 5785 846 5841 C.
881 5784 1160 5852 δέξωνται.

1276 5789 1292 5830 ⁸
1328 5793 1390 5849 C.
1422 5792 1484 5851 Ο.
1511 5792 1622 5864 ἐγὼ
1653 5794 1782 5868 γιῖρ.

557 5855 585 5897 κ
611 5856 672 5911 C.
693 5855 756 5912 C.
797 5858 1069 5929 Ῥωμαῖον
1099 5861 1211 5918 καί.

1905 5807 1924 5848 ι
1956 5795 2087 5856 Cod.
2121 5796 2420 5870 ὲξεχύνετο.

2269 635 2454 706 λεμῶν
2502 637 2853 708 Χριστιανοῖς
2874 675 2892 702 ,
2943 636 3086 691 ὥστε
3136 637 3228 692 διὰ
3278 639 3439 694 τοῦτο
3496 639 3603 695 ἔδει
3652 642 3858 709 αὐτοὺς

2264 728 2523 795 δέξασθαι
2541 743 2554 756 ·
2588 729 2824 783 ἐνταῦθα
2865 727 2961 784 δύο
2989 729 3418 798 κατασκευάζει,
3442 732 3525 786 ὅτι
3551 749 3612 786 τε
3637 733 3853 787 ἀναπο-

2265 818 2473 890 λόγητα
2517 819 2703 884 αὐτοῖς
2741 821 2916 872 ἔστιν·
2968 817 3030 872 ού
3071 818 3181 890 γὰρ
3229 819 3375 874 κατά
3404 819 3467 872 τὸ
3498 819 3649 884 εἰκὸς
3685 820 3858 875 αὐτὸν

2265 910 2511 974 ἐδίωκον,
2533 909 2657 964 οὐδὲ
2687 908 2831 965 κατά
2847 907 3110 981 λογισμόν
3128 925 3142 939 ⁸
3166 909 3261 963 καὶ
3286 910 3370 964 ὅτι
3408 909 3540 974 Θεὸς
3571 905 3642 982 ἦν
3665 911 3694 963 ὀ
3716 911 3858 981 Χρι-

2265 1002 2412 1069 στὸς,
2459 1001 2530 1056 τά
2576 1001 2732 1074 παρά
2776 1001 3110 1074 προσδοκίαν
3147 1000 3533 1072 προφητεύων,
3597 1001 3695 1056 καὶ
3747 1002 3854 1074 οὐχ

2259 1094 2404 1167 ὁρῶν
2428 1095 2509 1159 είς
2533 1095 2604 1148 τά
2640 1094 2930 1166 γενόμενα,
2972 1093 3110 1148 ἀλλὰ
3143 1094 3214 1148 τὰ
3259 1094 3531 1166 μέλλοντα·
3553 1094 3850 1166 προειδώς.

2258 1217 2329 1240 -_-
2357 1187 2466 1243 Kai
2489 1189 2617 1258 μετ’
2651 1188 2856 1258 ὀλίγα·
2901 1186 3409 1256 Προσευχομέγῳ,
3442 1189 3630 1260 φησὶν,
3661 1189 3736 1244 ἐν
3763 1189 3854 1256 τῷ

2259 1277 2417 1350 ιερῷο
2457 1280 2541 1334 ὃτι
2563 1280 2663 1350 οὐχ
2702 1279 2890 1344 ἁπλῶς
2920 1279 3192 1350 φαντασία
3219 1275 3290 1351 ἦν
3307 1297 3321 1312 ·
3371 1278 3464 1335 διὰ
3484 1280 3646 1336 τοῦτο
3667 1299 3848 1354 προσ-

2256 1371 2536 1442 ευχομένῳ
2582 1369 2790 1442 ἐπέστη
2811 1386 2826 1402 ·
2880 1371 2978 1424 καὶ
3028 1369 3302 1424 δείκνυσιν
3349 1370 3434 1424 ὅτι
3481 1372 3606 1442 ούχλ⁵
3642 1373 3848 1444 φοϐού-

2257 1481 2420 1536 μενος
2457 1463 2620 1518 αὑτὸν
2672 1465 2802 1528 τοὺς
2852 1461 3156 1527 κινδύνους·
3186 1462 3412 1534 ἔφυγεν,
3441 1462 3560 1518 ἀλλ’
3615 1464 3700 1520 ὅτι
3736 1465 3845 1520 οὒκ

2254 1556 2501 1629 ἐδέχοντο
2533 1556 2644 1628 τὴν
2667 1555 2973 1630 μαρτυρίαν
3001 1551 3193 1612 αὑτοῦ.

2329 1695 2349 1728 ι
2384 1675 2495 1729 Καὶ
2540 1672 2652 1743 ἐγὼ
2684 1669 2880 1730 εἵπονο
2927 1675 3131 1746 Κύριε,
3178 1673 3335 1728 αὐτοὶ
3379 1675 3722 1741 ἐπίστανται,
3751 1674 3841 1730 δτι

2253 1769 2365 1839 ἐγὼ
2393 1771 2554 1842 ήμην.
2580 1751 2895 1840 φυλακίζων
2923 1771 3020 1826 καί
3050 1771 3225 1844 δέρων
3264 1769 3411 1826 κατά
3445 1770 3546 1833 τὰς
3589 1784 3844 1839 συναγω-

2250 1861 2356 1931 γάς
2386 1863 2515 1925 τοὺς
2548 1861 2907 1927 πιστεύοντας
2933 1864 3025 1919 ἐπὶ
3067 1861 3149 1919 σὲ.
3191 1881 3212 1916 s

2321 1951 2503 2006 Αὐτοὶ
2555 1945 2909 2006 ἐπίστανται
2927 1992 2944 2018 ,
2993 1943 3083 2008 ὅτι
3115 1953 3233 2024 ἐγὼ
3268 1953 3433 2024 ἢμην
3470 1949 3839 2021 φυλακίζων.

2248 2042 2420 2097 Τοῦτό
2451 2060 2620 2115 φησιν
2649 2046 2677 2098 ὁ
2700 2043 2938 2110 Παῦλος,
2965 2045 3051 2098 ὅτι
3080 2045 3142 2098 Ei
3169 2046 3264 2099 καὶ
3305 2045 3382 2116 μὴ
3410 2041 3716 2098 πιστεύωσί
3749 2057 3840 2096 σοι

2247 2140 2298 2193 oi.
2342 2139 2605 2206 Ἰουδαῖοι,
2633 2138 2748 2194 ἀλλ’
2775 2134 2870 2194 οῦν
2898 2137 3132 2208 ὤφειλον
3153 2139 3246 2192 τδν
3275 2139 3410 2210 ὲμδν
3431 2137 3840 2204 καταδέξασθαι

2249 2231 2406 2302 λόγον
2429 2248 2444 2263 ·
2477 2233 2712 2305 ἐπείπερ
2736 2233 2836 2287 σὺν
2865 2233 3050 2296 αὐτοῖς
3074 2233 3229 2304 ἢμην
3261 2234 3290 2286 ὁ
3315 2227 3536 2286 διώκων
3564 2230 3663 2302 τὴν
3707 2230 3839 2283 Ἑκ-

2247 2328 2500 2400 κλησίαν,
2545 2331 2640 2383 καὶ
2666 2329 2774 2382 ἔδει
2823 2328 3022 2392 αὐτοὺς
3068 2325 3579 2398 πληροφορηθῆναι,
3612 2325 3698 2377 ὃτι
3729 2323 3837 2376 οὐκ

2247 2421 2426 2487 ἄλλως
2467 2421 2716 2493 ἀπέστην
2753 2421 2856 2492 τῆς
2907 2419 3134 2493 πρώτης
3161 2417 3342 2490 δόξης,
3387 2419 3435 2471 εί
3480 2415 3563 2488 μὴ
3580 2413 3845 2487 ἀκριϐῶς

2248 2513 2744 2587 ὲπληροφορήθηψ
2801 2516 2884 2569 ὃτι
2922 2515 3024 2568 ούκ
3067 2513 3216 2567 ἐστιν
3244 2511 3420 2574 ἄλλως
3450 2508 3692 2580 σωθῆναι
3738 2507 3837 2562 ἄν·

2248 2610 2469 2680 Θρωπον
2497 2611 2546 2663 εί
2584 2608 2660 2681 μὴ
2689 2609 2778 2663 διὰ
2805 2608 2906 2677 τῆς
2937 2609 3021 2672 είς
3049 2605 3287 2680 Χριστὸν
3323 2602 3534 2676 Ἰησοῦν
3562 2602 3837 2664 πίστεως

2245 2701 2309 2756 τὸ
2346 2696 2442 2756 οῦν
2473 2701 2780 2772 παράδοξον
2814 2701 2918 2772 τῆς
2961 2701 3103 2772 ἐμῆς
3143 2696 3452 2771 μεταϐολῆς
3504 2694 3679 2767 ἐχρῆν
3728 2693 3836 2749 κά-

2248 2795 2462 2860 κείνους
2491 2797 2842 2868 μεταπεῖσαι.

2323 2928 2344 2962 ο
2381 2909 2493 2964 Καὶ
2528 2911 2616 2966 ὅτε
2650 2909 2926 2981 ἐξεχεῖτοὶ
2968 2910 3031 2964 τὸ
3077 2904 3220 2980 αἷμα
3247 2905 3520 2978 Στεφάνου
3555 2903 3650 2959 τοῦ
3686 2903 3834 2976 μάρ-

2244 2998 2404 3070 τυρός
2442 3016 2562 3064 σου,
2591 3001 2688 3055 καὶ
2715 3000 2877 3064 αὐτὸς
2899 3000 3048 3071 ἢμην
3082 2998 3326 3070 ἐφεστὼς
3358 2997 3456 3053 καὶ
3485 2993 3834 3050 συνευδοκῶν

2245 3094 2312 3163 τῇ
2345 3092 2624 3164 ἀναιρέσει
2671 3092 2864 3158 αὐτοῦ,
2905 3093 3000 3148 καὶ
3042 3091 3336 3163 φυλάσσων
3375 3088 3445 3146 τὰ
3489 3088 3684 3161 ἱμάτια
3716 3085 3833 3142 τῶν

2245 3182 2616 3256 ἀναιρούντων
2634 3184 2819 3239 αὐτόν.
2856 3202 2876 3236 s

2322 3294 2482 3353 Οἶδεν
2505 3299 2588 3352 ὃτι
2616 3298 2678 3352 τὸ
2702 3298 2989 3370 ὁμολογεῖν
3011 3296 3104 3352 επὶ
3133 3295 3230 3352 τοῦ
3251 3295 3387 3350 Θεοῦ
3415 3296 3488 3349 τὰ
3514 3294 3622 3349 ἴδια
3643 3294 3836 3365 πλημ-

2249 3393 2573 3465 μελήματα,
2607 3393 2703 3447 καὶ
2739 3390 3092 3463 κατακρίνειν
3139 3388 3354 3454 ἑαυτὸν,
3406 3388 3556 3441 ποιεῖ
3597 3385 3834 3456 καθαρι-

2246 3483 2381 3556 σμδν
2417 3483 2703 3556 ἁμαρτιῶν
2725 3500 2739 3516 ·
2789 3483 2884 3537 καὶ
2928 3481 3185 3553 ὁμολογεῖ
3213 3482 3310 3536 καὶ
3357 3478 3520 3544 asia;
3567 3477 3636 3533 τὰ
3682 3493 3834 3550 πρα-

2242 3573 2441 3644 χθέντα
2469 3573 2620 3645 αὐτῷ
2652 3573 2852 3637 ἄτοπα,
2882 3573 2969 3626 ἵνα
2994 3571 3288 3642 δικαιωθῇ,
3325 3569 3422 3624 καὶ
3449 3567 3545 3624 τοῦ
3585 3567 3831 3639 μεγάλου

2243 3663 2531 3736 κριτηρίου
2561 3663 2740 3736 ἀφεθῇ
2759 3679 2774 3695 ’
2803 3663 2863 3731 ἐξ
2911 3653 2990 3720 ὧν
3019 3661 3183 3725 αὐτὸς
3220 3659 3414 3716 ἑαυτὸν
3462 3657 3699 3714 ἐνταῦθα
3726 3673 3832 3711 κα·

2241 3756 2518 3828 τακρίνων
2547 3755 2819 3825 ἐφαίνετο.

2319 3869 2340 3902 ι
2380 3847 2706 3919 Προσελοὼν
2741 3847 2800 3901 δὲ
2845 3847 2876 3900 ὁ
2929 3846 3211 3919 χιλίαρχος
3264 3841 3418 3901 εἶπεν
3457 3843 3610 3916 αὐτῷ
3637 3858 3655 3878 ο
3679 3840 3828 3912 Λέγε

2245 3958 2358 4012 μοι,
2396 3941 2460 3994 σὺ
2501 3941 2772 4012 Ῥωμαῖος
2817 3935 2906 4004 εἷς
2937 3941 2967 3992 ὁ
2993 3938 3050 3992 δὲ
3081 3937 3221 4009 ἔφη’
3247 3937 3376 3991 Ναί.
3421 3955 3442 3990 ι

2316 4032 2464 4102 Λέγε
2483 4048 2580 4100 μοι
2604 4032 2687 4087 σύ
2708 4049 2724 4063 ο
2764 4030 3046 4101 Ῥωμαῖος
3065 4027 3156 4095 et;
3182 4033 3217 4086 ὀ
3244 4029 3313 4084 δὲ
3338 4031 3476 4099 ἔφη,
3497 4027 3612 4084 Ναί
3628 4043 3642 4058 ο
3670 4025 3830 4092 εἰδὼς

2243 4126 2325 4181 ὅτι
2349 4127 2434 4181 δεῖ
2457 4126 2652 4198 ἀρχαῖς
2685 4126 2780 4180 καὶ
2799 4123 3070 4190 ἐξουσίαις
3091 4121 3522 4178 ύποτάττεσθαν
3548 4122 3644 4176 καὶ
3675 4121 3761 4175 ὃτι
3797 4122 3828 4175 ὁ

2255 4220 2544 4291 Ῥωμαίων
2606 4216 2863 4288 βασιλεὺς
2923 4215 3047 4270 κατ’
3107 4217 3285 4269 ἐκεῖνο
3339 4210 3537 4285 καιροῦ
3596 4213 3824 4283 ἐκράτει

2245 4306 2434 4378 σχεδὸν
2459 4306 2634 4360 εἰπεῖν
2673 4304 2858 4376 πάσης
2893 4303 3001 4374 γῆς
3027 4301 3099 4369 i',
3142 4301 3224 4356 ἔτι
3267 4302 3376 4374 μὴν
3407 4301 3502 4356 καὶ
3529 4291 3700 4370 αὒτῆς
3720 4301 3825 4373 τῆς

2255 4397 2555 4461 Ἰουδαίαςο
2615 4397 2814 4460 οἵτινες
2874 4397 2970 4450 καὶ
3026 4396 3192 4466 φόρον
3243 4394 3465 4450 ἐτέλουν
3537 4395 3821 4466 Καίσαρι·

2242 4490 2594 4562 ὡμολόγησεν
2621 4483 2762 4542 εἶναι
2799 4487 2996 4541 ἑαυτὸν
3031 4487 3351 4559 Ῥωμαῖονιι
3382 4487 3458 4560 μὴ
3487 4486 3824 4558 ἀποσειόμεο

2244 4597 2334 4646 νος
2362 4579 2461 4654 τὴν
2498 4581 2794 4652 ἀρχὴνκαῖ
2821 4579 3146 4635 δεσποτείαν
3168 4581 3272 4652 τὴν
3304 4579 3620 4651 Ῥωμαϊκήν
3640 4596 3653 4611 ·
3681 4580 3826 4651 ὅπερ

2239 4677 2290 4728 oi
2341 4673 2521 4728 λοιποὶ
2573 4673 2820 4728 Ἰουδαῖοι
2867 4673 3358 4745 φρεναπατῶντες,
3407 4674 3498 4728 τὸν
3545 4673 3646 4744 μὲν
3687 4672 3826 4727 Θεὸν

2241 4765 2453 4821 ἑαυτῶν
2475 4767 2636 4837 μόνον
2657 4765 2843 4835 ἔλεγον
2865 4765 2996 4820 ἴδιον
3016 4763 3268 4836 βασιλέα,
3289 4767 3353 4822 ού
3377 4764 3484 4838 μὴν
3504 4765 3791 4836 ἄνθρωπον
3804 4782 3822 4797 ·

2240 4860 2424 4932 ἔργοις
2445 4857 2503 4912 δὲ
2527 4858 2715 4922 αὐτοῖς
2741 4857 2816 4920 ὡς
2846 4855 3128 4920 ὑποτελεῖς
3153 4855 3364 4910 οἰκέται
3388 4854 3554 4927 φόρον
3578 4853 3822 4920 ὶτέλουν,

2239 4952 2300 5005 τὸ
2325 4950 2424 5022 μὲν
2450 4950 2623 5021 ὄνομα
2644 4947 2994 5020 ἀρνούμενοι,
3021 4947 3205 5020 ἔργοις
3227 4947 3284 5000 δὲ
3316 4947 3666 5016 ὑποκείμενοι
3686 4961 3704 4980 ο
3725 4944 3824 5009 οὓς

2241 5043 2335 5097 καὶ
2367 5041 2680 5113 ἐπόρθησεν
2725 5040 3160 5105 υύεσπασιανδς,
3203 5038 3280 5104 ὡς
3326 5039 3402 5110 μὴ
3443 5036 3826 5106 ὑποτασσομέ-

2237 5152 2392 5200 νουςο
2434 5133 2494 5199 ὃς
2539 5131 2680 5207 μετά
2717 5133 2996 5206 τέσσαρας
3040 5131 3282 5204 βασιλεῖς
3321 5130 3608 5202 Ῥωμαίων
3632 5128 3824 5183 ἐϐασί-

2237 5228 2449 5282 λευσεν.

2296 5362 2315 5395 ι
2336 5341 2634 5414 Ἀπεκρίθη
2658 5341 2716 5396 δὲ
2751 5343 2780 5396 ὁ
2813 5340 3111 5417 χιλίαρχος,
3142 5338 3284 5410 Ἐγὼ
3300 5338 3496 5394 πολλοῦ
3521 5337 3822 5409 κεφαλαίου

2233 5435 2334 5504 τὴν
2366 5434 2644 5488 πολιτείαν
2671 5431 2878 5508 ταύτην
2914 5433 3337 5505 ὲκτησάμην.⁹0
3370 5432 3426 5487 δὲ
3451 5429 3663 5498 Παῦλος
3690 5433 3819 5503 ἔφη.

2233 5523 2380 5593 Ἐγὼ
2410 5524 2503 5580 καὶ
2526 5524 2888 5596 γεγέννημαι.
2926 5543 2946 5576 ι

2307 5618 2423 5690 Πρὸ
2452 5619 2564 5690 γὰρ
2590 5619 2684 5674 τοῦ
2714 5619 3044 5693 γεννηθῆναι
3079 5619 3172 5676 τὸν
3201 5618 3415 5676 Παῦλον
3441 5617 3821 5691 γεγενημένης

2534 5800 2582 5852 i‘
2617 5801 2764 5875 σχεδ.
2798 5801 2927 5860 πάσ.
2967 5819 3023 5875 γ.
3055 5803 3166 5858 εξπ.
3204 5800 3361 5870 Cod.,
3419 5816 3562 5860 corr.
3595 5814 3703 5858 rec.
3737 5815 3815 5856 tn.
