4130 6574
518 463 654 529 1595

1684 454 2016 518 ΑΜΜΟΝΙΙ
2052 433 2581 515 ΑιΕΧΑΝοιιιΝι

3644 438 3780 505 1596

521 575 770 645 regisque
793 569 1044 627 mandata
1071 568 1392 642 praeterivit,
1414 577 1470 623 ut
1497 581 1812 639 sanguinem
1839 569 2088 624 innocen-

2214 562 2372 617 ιαίων
2401 560 2566 631 νόμον
2608 557 2992 628 κατεπάτησε,
3038 556 3134 611 καὶ
3181 555 3292 610 τῶν
3346 551 3574 626 θεσμῶν
3609 571 3784 625 υπερ-

520 675 627 719 tem
659 662 876 717 tradens
902 660 1101 717 Iudaeis
1132 659 1388 728 placeret,
1437 660 1684 728 quamvis
1711 658 1891 725 fuerit,
1935 669 1994 713 ut
2020 658 2097 714 lc-

522 766 649 826 gum
680 765 1085 822 transgressor,
1128 751 1458 820 iudicandus
1490 767 1519 805 a
1554 766 1678 821 rege
1706 767 1735 805 τι
1764 767 1871 820 quo
1903 753 2101 808 missus

523 845 702 901 fuerat
737 854 796 899 ut
829 841 1165 914 provinciam
1195 841 1495 898 Jerusalem
1525 852 1865 912 procuraret.

593 1114 759 1169 Vens.
784 1110 876 1166 21.
923 1128 941 1163 ι
968 1109 1137 1165 Paulo
1161 1118 1342 1166 autem
1367 1110 1675 1180 appellante
1705 1120 1764 1164 ut
1791 1119 2105 1166 servaretur

525 1207 594 1259 ad
637 1201 864 1274 Augusti
910 1202 1297 1272 cognitionem,
1342 1201 1477 1272 jussi
1512 1203 1716 1257 servari
1748 1218 1896 1267 eum,
1933 1204 2104 1257 donec

525 1296 740 1349 mittam
766 1310 890 1349 eum
924 1295 991 1349 ad
1014 1295 1303 1349 Caesarem.
1331 1312 1349 1346 ι

594 1388 896 1455 Augustum
949 1400 1234 1457 perperam
1283 1401 1463 1456 regem
1506 1397 1701 1452 vocat,
1736 1390 1880 1443 sicut
1911 1399 1962 1445 et
1990 1389 2106 1447 Ca:-

526 1494 728 1545 sarem,
761 1495 921 1551 quem
951 1480 1003 1535 in
1027 1479 1385 1550 sequentibus
1414 1481 1693 1536 dominum
1716 1491 1892 1537 vocat.

602 1658 871 1715 \‘sns.25.
913 1677 932 1711 ι
963 1658 1073 1729 Ego
1097 1673 1229 1715 vero
1255 1655 1495 1729 comperi
1523 1658 1658 1715 nihil
1689 1659 1908 1732 dignum
1934 1670 2108 1717 morte

528 1764 651 1808 eum
676 1751 888 1807 fecisse.
909 1751 1030 1820 Ipso
1051 1760 1231 1807 autem
1259 1753 1361 1808 hoc
1383 1752 1687 1822 appellante
1709 1754 1777 1808 ad
1795 1755 2096 1824 Augustum
2132 1784 2135 1787 »

526 1841 765 1910 judicavi
796 1842 1031 1898 mittere.
1062 1861 1083 1895 ι

2200 658 2471 729 εφρόνησε
2493 656 2587 710 τοῦ
2620 654 2904 726 βασιλέως
2932 654 3019 708 ἴνα
3047 647 3186 724 αἷμα
3208 650 3386 706 ἀθῶον
3403 648 3686 723 παραδοὺς
3704 650 3786 712 εἰς

2201 749 2432 803 θάνατον
2492 747 2666 821 ἀρέσῃ
2704 748 2825 810 τοῖς
2879 748 3209 816 φονευταῐς,
3268 743 3375 797 κᾶν
3426 740 3787 812 παρανομίας

2201 839 2407 912 ἤμελλε
2452 837 2738 911 κρίνεσθαι
2790 836 2946 909 παρά
2979 836 3074 890 τοῦ
3133 835 3436 906 Ῥωμαίων
3478 832 3785 903 βασιλέως·

2204 936 2337 1006 παρ’
2370 927 2431 989 οὗ
2463 931 2532 1006 ἦν
2571 934 2667 989 καὶ
2705 931 3051 1005 ἐκπεμφθεὶς
3084 929 3247 1002 ὧρξαι
3277 927 3389 983 τῶν
3427 926 3531 999 τῆς
3584 926 3791 997 Ἱερουο

2206 1025 2387 1097 σαλὴμ
2419 1026 2583 1096 ὅρων.

2280 1133 2300 1167 ι
2338 1115 2447 1169 Τοῦ
2468 1117 2523 1169 δὲ
2542 1116 2756 1171 Παύλου
2783 1115 3257 1184 ἐπικαλεσαμένου
3284 1110 3595 1183 τηρηθῆναι
3622 1106 3792 1161 αὐτὸν

2206 1208 2287 1271 είς
2310 1207 2408 1279 τὴν
2435 1208 2527 1261 τοῦ
2562 1208 2836 1262 Σεϐαστοῦ
2858 1208 3175 1277 διάγνωσιν,
3201 1204 3468 1257 ἐκέλευσα
3498 1198 3792 1272 τηρεῖσθαι

2207 1300 2390 1363 αὐτόν,
2426 1300 2529 1363 ἕως
2556 1292 2617 1353 οὗ
2644 1299 2956 1370 ἀναπέμψω
2982 1298 3153 1351 αὑτὸν
3190 1296 3331 1367 πρὸς
3362 1293 3645 1362 Καίσαρα.
3693 1309 3712 1340 ι

2278 1388 2545 1444 Σεϐαστὸν
2592 1387 3082 1460 καταχρηστικῶς
3144 1384 3238 1440 τὸν
3303 1382 3529 1453 βασιλέα
3597 1379 3789 1442 καλεῖ,

2208 1481 2397 1553 ὥσπερ
2425 1482 2521 1535 καὶ
2549 1482 2823 1554 Καίσαρα·
2854 1480 2911 1534 ὃν
2954 1479 3051 1535 καὶ
3081 1474 3445 1548 παρακατιὼν
3475 1474 3571 1559 και
3599 1471 3815 1543 κύριον.

2210 1572 2385 1626 καλεῖ.

2286 1683 2305 1716 ι
2366 1662 2509 1732 Ἐγὼ
2549 1662 2609 1717 δὲ
2647 1661 3096 1734 καταλαϐόμενος
3142 1659 3310 1732 μηδὲν
3358 1656 3507 1723 ἄξιον
3556 1654 3795 1709 θανάτου

2210 1755 2375 1809 αὐτὸν
2407 1754 2768 1827 πεπραχέναι,
2805 1755 2902 1810 καὶ
2936 1753 3101 1809 αὐτοῦ
3140 1754 3196 1807 δὲ
3230 1752 3421 1807 τούτου
3461 1751 3797 1804 ἐπικαλεσα-

2217 1848 2378 1919 μένου
2410 1847 2502 1901 τὸν
2532 1848 2825 1910 Σεϐαστὸν,
2861 1846 3055 1919 ἔκρινα
3095 1846 3359 1917 πέμπειν.
3401 1862 3420 1896 ι

602 1931 859 1989 Testatur
883 1934 1049 2003 judex
1086 1950 1211 1989 eum
1243 1934 1590 1991 innocentem
1618 1951 1762 2003 esse,
1799 1951 1899 1993 nec
1931 1948 2109 1995 tamen

2217 1909 2229 1919 '
2283 1939 2433 2003 Τέως
2474 1939 2634 2004 αὐτὸς
2667 1941 2695 1993 ό
2737 1909 3005 2011 ﬁrmati};
3041 1909 3314 2008 μαρτυρεῖ
3339 1936 3489 2007 αὑτῷ
3525 1936 3609 1989 ὃτι
3637 1934 3798 1987 ἀνεύ-

527 2024 773 2092 dimisit,
809 2026 880 2079 ita
911 2040 1044 2082 sane
1088 2026 1410 2094 disponente
1443 2028 1671 2083 Domino
1704 2039 1761 2083 ut
1788 2032 2109 2100 appellaret,

528 2124 585 2171 et
626 2132 692 2171 ex
749 2117 1124 2187 appellationis
1157 2120 1479 2175 necessitate
1528 2120 1753 2176 Romam
1780 2123 2108 2193 mitteretur,

530 2204 673 2260 unde
707 2206 1094 2276 adimpleretur
1124 2209 1266 2279 quod
1292 2211 1618 2280 prtedixerat
1669 2231 1683 2268 :
1734 2212 1873 2280 Quia
1908 2225 2109 2284 oportet

529 2312 611 2352 me
640 2295 862 2353 Romam
885 2298 1074 2356 ridere.

1088 2558 1093 2561 χ
1136 2505 1290 2565 CAP.
1316 2506 1511 2564 XXVI.

603 2620 767 2677 Vens.
786 2622 840 2686 4,
869 2622 923 2678 5.
970 2640 990 2676 ι
1021 2623 1085 2677 Et
1109 2624 1326 2694 quidem
1360 2626 1525 2680 vitam
1551 2640 1726 2681 meam
1757 2626 2111 2696 ajuventute,

533 2725 657 2781 quae
700 2712 768 2767 ab
810 2713 967 2767 initio
1009 2711 1112 2769 l‘uit
1164 2714 1220 2769 in
1264 2724 1423 2783 gente
1464 2714 1581 2769 mea
1636 2714 1689 2769 in
1734 2713 2112 2788 Jerosolymis,

531 2815 798 2860 noverunt
826 2820 1015 2862 omnes
1038 2805 1243 2874 Judaei;
1269 2836 1339 2850 —
1366 2808 1713 2877 praescientes
1744 2823 1829 2864 me
1851 2809 1919 2864 ab
1940 2809 2133 2873 initio,

535 2896 581 2950 si
606 2896 776 2952 velint
807 2898 1176 2953 testimonium
1201 2900 1512 2970 perhibere,
1537 2900 1793 2969 quoniam
1817 2901 2113 2956 secundum

533 2988 897 3045 certissimam
956 2999 1165 3046 sectam
1229 3001 1431 3048 nostra:
1480 2992 1765 3063 religionis
1812 2992 1921 3049 vixi
1968 2992 2115 3048 Pha-

535 3094 744 3135 rtsmns.
776 3099 795 3133 1

604 3169 731 3234 Pro.
786 3170 983 3227 Verum
1034 3172 1252 3239 sciunt,
1309 3190 1415 3231 non
1460 3187 1639 3232 autem
1674 3177 1856 3235 dicere
1900 3180 2111 3247 volunt,

2214 2396 2314 2451 καί
2349 2394 2582 2466 Ῥώμην
2607 2395 2777 2453 ίδεῒν.

2216 2028 2371 2094 θυνος
2397 2025 2485 2100 ἦν’
2525 2030 2668 2102 πλὴν
2698 2031 2847 2103 ὅμως
2877 2032 2983 2085 οὐκ
3008 2029 3283 2083 ἀπέλυσεν
3314 2028 3500 2093 αὑτὸν,
3530 2027 3676 2097 τάχα
3704 2025 3797 2080 οὖ-

2213 2138 2321 2185 τως
2350 2122 2812 2193 οίκονομήσαντος
2854 2121 2950 2175 τοῦ
2984 2122 3229 2192 Κυρίου,
3270 2120 3359 2174 ἵνα
3399 2118 3798 2189 ὲκκαλέσηται,

2213 2214 2310 2268 καὶ
2336 2213 2551 2285 ἀνάγκῃ
2587 2213 2691 2284 τῆς
2729 2214 2998 2286 ὲκκλήτου
3032 2212 3261 2285 πεμφθῇ
3293 2213 3374 2276 εἰς
3423 2210 3672 2280 Ῥώμην,
3704 2209 3801 2262 καὶ

2214 2304 2476 2376 πληρωθῇ
2512 2303 2572 2358 τὸ
2611 2304 2988 2376 προφητευθὲν
3014 2304 3107 2358 ὑπ’
3147 2303 3345 2359 αὑτοῦ·
3393 2302 3567 2357 "01'sh
3598 2300 3698 2356 δεῖ
3722 2317 3802 2372 με

2779 2509 3036 2566 nam.
3075 2472 3245 2579 ιιςο.

2291 2643 2309 2675 ι
2362 2622 2475 2695 Τὴν
2513 2623 2612 2695 μὲν
2644 2620 2736 2679 οὖν
2781 2624 2979 2695 βίωσίν
3000 2641 3111 2696 μου
3134 2625 3216 2678 νὲκ
3247 2622 3500 2695 νεότητος
3520 2664 3534 2689 ,
3567 2622 3672 2693 τὴν
3702 2624 3803 2679 ἀπ’

2214 2702 2389 2784 ἀρχῆς
2418 2715 2722 2786 γενομένην
2751 2717 2810 2769 ὲν
2843 2715 2922 2788 τῷ
2955 2716 3103 2770 ἔθνει
3134 2732 3236 2787 μου
3269 2717 3328 2768 ὲν
3370 2714 3802 2788 Ἱεροσολύμοις,

2216 2804 2366 2859 ίσασι
2390 2807 2593 2871 πάντες
2614 2809 2664 2861 οί
2691 2809 2959 2862 Ἰουδαῖοι*
2981 2804 3460 2879 προγινώσκοντές
3478 2824 3546 2877 με
3566 2807 3802 2872 ἀνωθεν,

2214 2897 2313 2951 ἐὰν
2343 2897 2541 2953 θέλωσι
2576 2903 2916 2971 μαρτυρεῖν,
2944 2901 3027 2954 ὅτι
3074 2899 3220 2954 κατά
3257 2901 3358 2972 τὴν
3391 2900 3805 2972 ἀκριϐεστάτην

2216 2991 2433 3063 αἵρεσιν
2462 2992 2564 3063 τῆς
2586 2993 2865 3066 ἡμετέρας
2896 2993 3196 3065 θρησκείας
3218 2992 3393 3065 ἔζησα
3419 2994 3738 3066 ⁴ιιαριστιῖίος.
3780 3013 3801 3048 ι

2304 3173 2452 3227 Ἀντὶ
2486 3174 2580 3228 τοῦ
2601 3215 2616 3239 ,
2653 3177 2832 3229 Ἰσασι
2864 3174 2926 3230 τὸ
2952 3175 3188 3247 ἀληθὲς,
3219 3173 3339 3228 ἀλλ’
3364 3173 3424 3228 οὐ
3455 3172 3703 3228 θέλουσιν
3728 3174 3810 3227 εί-

534 3260 842 3316 voluntarie
897 3263 1106 3334 decepti
1164 3273 1220 3319 et
1266 3263 1688 3336 delinquentes,
1752 3284 1858 3325 non
1918 3280 2109 3325 natura

2215 3267 2357 3329 πεῖν,
2389 3265 2617 3339 ἑκουσίᾳ
2645 3266 2838 3338 γνώμῃ
2870 3267 3195 3339 ψευδόμενοι
3226 3267 3324 3321 καὶ
3354 3265 3767 3338 ἁμαρτάνοντες
3788 3304 3806 3328 ,

536 3362 783 3423 cogente.
842 3353 996 3422 Quod
1042 3360 1247 3426 pugnat
1282 3358 1547 3415 adversus
1574 3359 1904 3418 Manichacus
1935 3369 1992 3417 et
2021 3378 2116 3419 eos

535 3445 627 3514 qui
672 3445 854 3500 omnia
886 3447 1028 3502 facta
1065 3449 1391 3520 astrologia,
1430 3452 1564 3507 sorti
1606 3462 1661 3507 et
1702 3452 1817 3509 l'ato
1851 3455 2113 3510 tribuunt.

538 3536 846 3593 Notandum
877 3555 1006 3596 vero
1029 3554 1113 3598 est
1142 3543 1444 3599 Pharisaeos
1468 3544 1635 3601 fuisse
1661 3545 1964 3613 haereticos,
1989 3547 2117 3603 licet

537 3643 648 3697 prae
674 3631 928 3687 onmibus
957 3623 1079 3689 aliis
1103 3632 1409 3690 Iudaeorum
1439 3637 1626 3704 sectis,
1648 3636 1959 3707 Scripturas
1987 3628 2145 3694 dili-'

538 3720 753 3789 gentius
786 3726 1203 3792 scrutarentur;
1244 3741 1350 3781 non
1377 3727 1509 3782 dicit
1537 3730 1738 3792 verius.
1761 3732 1855 3784 sed
1887 3731 2118 3801 diligen-

540 3811 701 3879 tius;
764 3829 870 3868 non
918 3816 1063 3870 enim
1131 3817 1407 3873 habebant
1466 3834 1651 3875 veram
1710 3819 2117 3892 Scripturarum

537 3903 821 3960 scientiam
871 3924 886 3962 :
935 3922 1173 3978 namque
1198 3910 1481 3981 diligentia
1515 3912 1781 3969 minutius
1807 3914 2033 3983 inquirit
2064 3923 2122 3970 et

540 3995 897 4051 ratiocinatur
919 4038 934 4062 ,
996 4015 1103 4053 non
1146 3996 1290 4070 quod
1324 4003 1547 4059 omnino
1584 4018 1768 4059 verum
1804 4016 2117 4076 cognoscat,

539 4085 635 4140 sed
663 4089 808 4156 quod
837 4102 981 4158 serpe
1012 4090 1248 4161 selpsam
1276 4091 1500 4161 decipit.

611 4266 779 4323 Vens.
811 4269 865 4325 9.
938 4289 957 4322 ι
1012 4270 1079 4325 Et
1130 4287 1230 4342 ego
1271 4274 1491 4344 quidem
1542 4275 1983 4332 existimaveram
2032 4291 2120 4333 me

490 4384 491 4389 π
541 4357 802 4412 adversus
830 4375 1023 4417 nomen
1043 4360 1171 4419 Jesu
1192 4365 1464 4422 Nazareni
1491 4367 1690 4425 debere
1714 4368 1880 4425 multa
1906 4378 2121 4426 contra-

541 4463 621 4503 ria
654 4463 830 4519 agere.
868 4469 887 4503 ι
938 4476 939 4479 η

614 4538 685 4594 Et
720 4558 813 4611 ego
838 4544 1048 4615 quidem
1078 4547 1525 4618 existimaveram,
1563 4551 1616 4607 id
1643 4562 1745 4621 est,
1773 4569 1893 4611 meo
1913 4555 2119 4627 judicio

2216 3358 2318 3411 οὐκ
2352 3359 2416 3411 ὲκ
2448 3357 2665 3427 φύσεως
2696 3356 2933 3430 ἔχοντες.
2967 3357 3140 3413 Τοῦτο
3170 3358 3403 3431 ἁρμόζει
3442 3356 3587 3411 κατά
3621 3358 3808 3412 Μανι-

2218 3448 2409 3520 χαίων,
2451 3450 2571 3522 ἦτοι
2602 3450 2715 3503 τῶν
2746 3450 3134 3521 ἀστρολογίαις
3165 3451 3263 3505 καὶ
3293 3449 3436 3522 τύχῃ
3467 3449 3563 3503 καὶ
3608 3450 3811 3519 είμαρυ

2225 3542 2364 3614 μένῃ
2386 3541 2454 3595 τά
2482 3542 2732 3614 πρακτέα
2757 3542 3145 3608 ἀνατιθέντων,
3163 3543 3346 3598 καὶτὸ
3364 3542 3474 3596 τῶν
3495 3539 3809 3611 ἀνθρώπων

2220 3630 2571 3697 αὐτεξούσιον
2600 3633 3011 3705 ἀναιροὸντων·
3048 3632 3388 3704 σημειωτέον
3419 3631 3477 3686 δὲ
3515 3633 3597 3685 ὅτι
3628 3633 3726 3685 καὶ
3753 3632 3809 3684 oi

2218 3726 2503 3796 Φαρισαῖοι
2533 3725 2825 3795 αίρετικοὶ,
2856 3727 2906 3779 εί
2934 3729 3031 3779 καὶ
3056 3724 3456 3796 ἀκριϐέστερον
3484 3724 3598 3777 τῶν
3624 3723 3809 3779 ἄλλων

2219 3804 2487 3887 αἱρέσεων
2520 3816 2630 3870 τῶν
2672 3817 2983 3873 Ἰουδαϊκῶν
3013 3817 3115 3881 τὰς
3141 3817 3368 3889 Γραφάς
3392 3816 3805 3888 ἀνακρίνουσιν·

2219 3907 2465 3977 ἀκριϐῶς
2490 3908 2547 3962 δὲ
2574 3903 2697 3963 εἶπε
2723 3909 2819 3963 καὶ
2848 3909 2947 3963 οὐκ
2975 3909 3193 3980 ἀληθῶς
3211 3924 3227 3939 ⁶
3269 3910 3329 3962 οὐ
3374 3908 3481 3981 γάρ
3523 3903 3671 3979 εἶχον
3701 3908 3808 3978 τὴν

2218 4000 2393 4072 ἀληθῆ
2423 3999 2536 4053 τῶν
2562 4001 2799 4072 Γραφῶν
2821 4001 3025 4072 γνῶσιν
3044 4018 3059 4032 ·
3084 4004 3118 4072 ὴ
3144 3997 3237 4055 οὖν
3262 4001 3524 4073 ἀκρίϐεια
3549 4001 3808 4055 λεπτολο-

2218 4094 2307 4161 γεί
2337 4091 2435 4145 καὶ
2475 4091 2887 4161 συλλογίζεταιο
2927 4094 2988 4147 οὐ
3025 4092 3131 4165 μὴν
3158 4094 3241 4147 ὅτι
3283 4093 3505 4157 πάντως
3538 4093 3805 4162 γινώσκει

2218 4182 2278 4235 τὸ
2302 4181 2383 4246 ὃν,
2418 4182 2536 4236 ἀλλ’
2562 4180 2713 4237 ἔστιν
2738 4168 2827 4238 ὅτε
2852 4184 2948 4238 καὶ
2977 4184 3302 4255 φρεναπατᾷ
3328 4200 3414 4247 τις
3441 4184 3654 4239 ἑαυτόν.

2296 4295 2315 4329 ι
2355 4276 2499 4346 Ἐγὼ
2531 4277 2629 4348 μὲν
2655 4277 2750 4330 οὖν
2781 4276 2933 4340 ἔδοξα
2968 4274 3194 4347 ἐμαυτῷ
3229 4274 3365 4346 πρὸς
3394 4277 3459 4329 τὸ
3491 4276 3663 4346 ὄνομα
3690 4276 3802 4349 Ἰη-

2221 4369 2317 4424 σοῦ
2346 4371 2439 4425 τοῦ
2468 4371 2795 4445 Ναζωραίου
2830 4371 2942 4424 δεῖν
2984 4366 3155 4441 πολλά
3182 4370 3404 4424 ἐναντία
3436 4369 3663 4441 πρᾶξαι.
3704 4390 3725 4423 ι

2301 4544 2443 4615 Ἐγὼ
2470 4543 2589 4615 μὲν
2621 4540 2735 4601 οὖν
2754 4534 2937 4610 ἔδοξα
2958 4542 3215 4612 ἐμαυτῷ,
3246 4542 3475 4614 ἐνόμισα
3503 4541 3563 4607 ἐξ
3590 4540 3803 4606 οἰκείας

542 4633 724 4702 putavi
761 4635 862 4691 hoc
896 4635 1011 4692 ﬁeri
1042 4638 1261 4695 debere.
1306 4642 1650 4716 Ampliusque
1675 4622 1963 4715 insaniens,
1994 4664 2116 4719 per-

2223 4635 2555 4707 ὲπικρίσεως
2574 4635 2733 4689 τοῦτο
2756 4633 2899 4689 οὕτω
2930 4634 3043 4688 δεῖν
3071 4622 3353 4704 γενέσθαι.
3391 4631 3699 4701 Περισσῶς
3736 4646 3803 4686 te

542 4738 701 4779 versa
730 4726 897 4782 multa
928 4729 1183 4800 agebam,
1216 4748 1336 4800 qua:
1364 4734 1571 4790 faciunt
1599 4737 1820 4795 omnino
1848 4740 2123 4796 insanien-

545 4827 664 4884 tes;
702 4818 786 4873 vel
816 4818 956 4874 forte
994 4823 1227 4893 amplius
1254 4824 1322 4881 iis
1349 4826 1686 4885 insaniebam
1710 4868 1727 4897 ,
1758 4832 2026 4904 siquidem
2058 4834 2123 4890 li-

547 4905 677 4962 bens
712 4907 852 4964 male
880 4910 1128 4978 agebam.
1192 4994 1201 5005 ‘

580 5084 886 5171 17333.15.
960 5113 979 5147 ι
1020 5095 1115 5151 Die
1143 5099 1317 5154 media
1352 5100 1406 5155 ln
1440 5101 1522 5156 via
1558 5102 1686 5169 vidi,
1726 5119 1845 5169 rex,
1881 5102 1948 5159 de
1978 5103 2117 5160 ctelo

544 5195 707 5251 supra
754 5182 1098 5254 splendorem
1142 5190 1274 5245 solis
1325 5189 1745 5251 circumfudisse
1782 5210 1869 5251 me
1910 5195 2117 5264 lumen,

544 5282 602 5330 et
628 5266 725 5328 eos
748 5276 836 5357 qui
868 5293 1077 5334 mecum
1108 5281 1269 5337 simul
1293 5294 1471 5340 erant.
1499 5305 1519 5340 ι

574 5384 581 5387 ·
629 5364 749 5419 Vidi
781 5383 938 5435 super
967 5371 1293 5438 splendorem
1329 5376 1499 5441 solis;
1557 5376 1901 5433 sensibilium
1932 5377 2117 5449 splen-

546 5456 887 5513 didissimum
931 5460 1232 5529 proferens,
1266 5479 1364 5521 nec
1407 5466 1595 5523 valens
1646 5468 1748 5523 hoc
1780 5468 1958 5524 lumen
1994 5484 2117 5524 cum

544 5544 674 5602 Iesu
710 5545 912 5604 lumine
946 5551 1229 5619 conferre,
1286 5563 1345 5609 ut
1394 5556 1630 5611 hominis
1655 5556 1951 5612 intellectui
1984 5573 2113 5628 pos-

546 5638 705 5696 sibile
724 5651 807 5698 est
828 5642 1047 5713 audire;
1063 5644 1195 5704 dicit
1212 5647 1314 5705 hoc
1331 5647 1535 5705 lumine
1550 5649 1691 5705 vinci
1710 5650 1841 5706 solis
1858 5650 2112 5722 splendo-

2217 4728 2651 4798 ἐμμαινόμενος
2670 4738 2719 4795 ο,
2753 4720 2933 4781 ἄτοπά
2957 4745 3083 4781 τινα
3117 4725 3357 4790 ἐποίουν,
3404 4725 3551 4796 ἅπερ
3575 4726 3627 4779 oi
3657 4725 3802 4781 πάνυ

2219 4821 2527 4893 μεμηνότες
2566 4819 2819 4874 ὲποίουνο
2863 4820 2896 4892 ἢ
2940 4821 3082 4891 τάχα
3118 4819 3217 4873 καὶ
3260 4818 3654 4889 περισσότερον
3687 4815 3803 4886 ἐγὼ

2214 4911 2442 4968 ἐκείνων
2474 4911 2819 4985 ἐμαινόμην,
2862 4911 3094 4983 ἐπείπερ
3124 4908 3269 4965 ἑκὼν
3311 4909 3584 4979 ἔπραττον
3608 4906 3672 4961 τὸ
3698 4924 3802 4962 κα·

2368 5096 2614 5168 Ἡμέρας
2646 5096 2853 5168 μέσης,
2883 5094 3026 5150 κατὰ
3053 5095 3154 5164 τὴν
3195 5093 3312 5148 ὁδὸν
3350 5087 3512 5158 εἶδον,
3549 5088 3800 5162 βασιλεῦ,

2224 5186 2515 5259 οὐρανόθεν
2538 5189 2678 5260 ὑπὲρ
2702 5188 2798 5260 τὴν
2821 5188 3188 5260 λαμπρότητα
3209 5186 3305 5239 τοῦ
3326 5184 3499 5257 ἡλίου,
3524 5182 3801 5255 περιλάμ-

2212 5281 2332 5352 ψαν
2365 5300 2433 5351 με
2463 5282 2603 5352 φῶς,
2626 5284 2722 5336 καὶ
2740 5283 2865 5346 τοὺς
2892 5283 2990 5336 σὺν
3018 5281 3143 5350 ἐμοὶ
3177 5277 3595 5351 πορευομένους.

2298 5370 2482 5429 Εἶδον
2500 5373 2661 5442 ὑπὲρ
2702 5373 2817 5442 τὴν
2855 5374 3247 5444 λαμπρότητα
3276 5369 3384 5425 τοῦ
3428 5370 3642 5439 ἡλίου,
3693 5369 3803 5423 τῶν

2224 5464 2498 5535 αἰσθητῶν
2526 5465 2585 5518 τὸ
2613 5465 3003 5536 φωτεινότερον
3027 5464 3318 5536 παράγων,
3347 5461 3445 5517 καὶ
3471 5462 3545 5532 μὴ
3572 5460 3806 5529 δυνάμε-

2222 5574 2311 5621 νος
2348 5557 2643 5611 ἀντισῶσαι
2684 5556 2761 5627 τῷ
2805 5558 2944 5626 φωτὶ
2985 5557 3180 5625 ἐκείνῳ
3220 5555 3282 5608 τὸ
3319 5553 3415 5608 τοῦ
3447 5551 3629 5623 Ἰησοῦ
3659 5552 3799 5620 φῶς,

2221 5638 2403 5717 καθὼς
2431 5652 2654 5707 δύναται
2684 5652 3095 5724 παραδέξασθαι
3120 5649 3258 5723 ἀκοὴ
3280 5649 3571 5722 ἀνθρώπου
3592 5646 3796 5701 λαϐεῖν’

621 5796 649 5881 ξ’
681 5795 744 5852 C.
775 5797 837 5854 C.
861 5799 962 5857 ὅτι.
1046 5811 1069 5842 ε
1103 5800 1240 5859 Cod.
1277 5798 1441 5861 Cois].
1477 5803 1901 5877 ἐμμαινόμενος,
1944 5804 2049 5861 ὑπὸ
2079 5805 2186 5877 γὰρ
2212 5804 2526 5881 διαϐολικῆς
2560 5806 2845 5879 ἐνεργείας
2904 5806 2994 5861 καὶ
3055 5804 3329 5878 δαιμόνων
3378 5800 3459 5871 οἷς
3499 5799 3796 5874 στρατηὶαο

546 5864 826 5935 τοόμενος.
