4130 6564
2938 62 3349 71 ῨἘῨ
3358 70 3381 71 7

308 448 445 515 1597

1213 446 1677 516 FRAGMENTA
1721 458 1804 518 IN
1843 459 2033 521 ACTA
2069 462 2649 529 APOSTOLORUM.

3444 472 3581 542 1538

304 562 607 634 ύπερνικᾷν
644 559 705 614 τὸ
744 558 972 629 ἡλιακὸν
1019 560 1136 630 φῶς
1181 563 1361 616 έκεῖνο
1411 566 1594 634 φήσας
1648 564 1884 631 ἀνοῖξαι

2000 586 2108 625 rem
2157 571 2223 624 ad
2270 573 2593 637 aperiendas
2635 575 2824 633 oculos
2860 591 3052 634 eorum
3085 576 3252 651 (quod
3281 583 3465 652 gentili
3505 586 3581 642 illi

303 654 652 726 ὀφθαλμοὺς
667 652 887 719 αὐτῶν,
909 653 987 722 τῷ
1009 654 1209 727 ἐθνικῷ
1227 655 1633 728 διαλεγόμενος,
1652 652 1895 731 κηρύξαι

302 765 366 802 τε
395 746 547 818 αὐτῷ
578 747 798 818 πρῶτον
823 746 1126 803 ἀνάστασιν
1156 747 1385 820 νεκρῶν,
1414 750 1689 823 ἐπιφέρει,
1713 752 1808 806 καὶ
1836 750 1907 807 τὸ

302 841 415 895 δεῖν
438 839 722 893 πιστεύειν
756 837 842 911 τῷ
886 839 1037 912 μόνῳ
1081 839 1222 912 Θεῷ,
1271 842 1588 897 ἀποστάντα
1633 843 1756 899 τινὰ
1797 847 1899 914 τῆς
1943 868 1947 873 ν

304 931 399 988 τοῦ
422 933 640 986 Σατανᾶ
668 931 900 1003 πλάνης·
925 932 1220 1002 ἀφίσταται
1250 934 1328 999 δὲ,
1365 936 1412 988 εί
1439 937 1553 1000 τοῖς
1579 935 1764 1005 λόγοις
1785 939 1898 1002 τοῖς

303 1024 416 1080 τῶν
446 1023 955 1095 εὐαγγελιζομένων
980 1025 1175 1097 πεισθῇ
1203 1044 1310 1091 τιςο
1338 1023 1456 1081 εἶτα
1484 1028 1778 1098 καταλέγει
1802 1031 1908 1087 καὶ.

304 1116 376 1171 τὰ
421 1116 532 1170 τῶν
578 1115 786 1171 πιστῶν
829 1119 1035 1187 ἀγαθά,
1080 1118 1182 1191 τὴν
1229 1121 1426 1188 ἄφεσιν
1466 1120 1574 1174 τῶν
1609 1122 1895 1194 ἁμαρτιῶν

306 1210 406 1266 καὶ
427 1210 455 1251 ἀ
483 1212 623 1281 μετά
651 1211 761 1266 τῶν
788 1210 962 1281 ἀγίων
988 1209 1459 1281 ὲγκαταλεγῆναι.

383 1323 402 1356 t
427 1303 610 1369 Ὅθεν,
651 1303 873 1375 βασιλεῦ
893 1302 1199 1374 Ἀγρίππα,
1237 1303 1339 1357 οὐκ
1368 1303 1637 1377 ἐγενόμην
1659 1304 1895 1378 ἀπειθὴς

306 1396 375 1467 τῇ
404 1395 641 1467 οὐρανίῳ
667 1395 926 1468 ὀπτασίᾳ.
963 1414 987 1448 s

389 1488 449 1543 '0
480 1488 693 1554 Παῦλος
723 1488 968 1559 κηρύξας
1002 1488 1070 1543 δι’
1115 1481 1190 1542 ὧν
1230 1488 1481 1559 κρίνεται
1529 1489 1628 1563 τὴν
1672 1490 1895 1555 πίστιν,

307 1580 404 1633 ἐπὶ
438 1579 582 1634 τέλει
624 1585 720 1635 τοῦ
748 1579 908 1649 λόγου
934 1582 1089 1654 φησὶ,
1133 1582 1224 1654 Τῷ
1253 1582 1369 1655 λαῷ
1396 1584 1489 1638 καὶ
1513 1587 1623 1649 τοῖς
1648 1584 1854 1641 ἔθνεσιν
1872 1601 1887 1616 °

309 1670 400 1725 ἴνα
426 1672 520 1725 καὶ
548 1670 640 1725 τὸν
671 1673 986 1745 ’Δγρίππαν
1015 1685 1038 1712 θ
1068 1675 1164 1729 καὶ
1191 1677 1318 1740 τοὺς
1341 1677 1439 1731 σὺν
1474 1677 1625 1748 αὐτῷ
1654 1678 1890 1749 προτρέ-

305 1762 481 1832 ψηται
528 1762 802 1831 ὲθνικοὸς,
852 1766 949 1819 καὶ
986 1767 1113 1831 τοὺς
1161 1768 1278 1821 ὅσοι
1325 1770 1584 1841 παρῆσαν
1622 1770 1886 1826 Ἰουδαῖοι.

308 1856 422 1910 Καὶ
439 1855 620 1911 πάλινο
644 1856 842 1924 Ὅθεν,
858 1858 1125 1923 ,ϐασιλεῦ
1150 1860 1578 1929 Ἁγφιππαβύκ
1596 1863 1893 1933 ἐγενόμην

309 1944 562 2014 ἀπειθὴς
590 1944 666 2014 τῇ
701 1948 960 2016 οὐρανίῳ
990 1949 1270 2017 ὀπτασάιο
1301 1949 1490 2024 ῶσπερ
1516 1947 1612 2006 οὖν
1641 1952 1753 2022 ἐγὼ
1771 1953 1892 2007 ἐπί·
1925 1935 1967 1995 Β

312 2054 537 2105 στευσα,
580 2037 725 2092 οὕτω
746 2039 829 2094 δεῖ
854 2040 874 2079 τ
903 2040 1000 2095 καὶ
1026 2041 1120 2094 τὸν
1145 2042 1415 2097 ἀκούοντά
1443 2061 1572 2116 μου,
1601 2046 1893 2101 πιστεῦσαί

313 2143 436 2197 μοι·
469 2128 529 2182 ού
576 2127 686 2201 γάρ
709 2130 882 2202 ἀκοὴν
926 2131 1259 2202 ἀπαγγέλλω
1298 2132 1472 2202 λόγων
1512 2135 1747 2207 ἑτέρων,
1776 2136 1892 2191 ἀλλ’

310 2213 385 2274 ὦν
414 2219 527 2289 ἐγὼ
551 2220 761 2293 ηκουσα
786 2223 882 2278 καὶ
907 2225 931 2264 8
957 2218 1099 2279 εἶδον
1131 2223 1192 2290 ἐξ
1220 2224 1451 2297 ούρανοῦ
1479 2244 1493 2257 ο
1543 2227 1686 2281 κατά
1721 2227 1893 2283 ὀπτα-

311 2310 433 2366 σίαν
452 2311 510 2366 δέ
527 2313 556 2354 ιι
579 2315 728 2369 ἐστιν
743 2317 777 2386 η
792 2315 1010 2388 καθαρά
1036 2316 1157 2383 θέα,
1184 2318 1217 2388 η
1248 2317 1659 2390 ὑπερϐαίνουσα
1682 2319 1895 2391 ἀνθρω-

308 2419 430 2457 πον’
462 2403 606 2477 άπερ
623 2422 708 2470 τις
729 2408 788 2461 ὲν
811 2410 977 2479 σαρκὶ
1006 2410 1021 2449 ί
1045 2408 1169 2481 δίχα
1196 2409 1291 2463 τοῦ
1312 2410 1769 2481 ἀποκαλυφθῆναι
1799 2411 1895 2465 αύ-

306 2497 402 2554 τοῦ
427 2498 554 2563 τοὺς
581 2499 918 2572 ὀφθαλμοὺς,
945 2502 1046 2556 οὐκ
1071 2500 1220 2557 ἔστιν
1245 2502 1375 2558 ὶδεῖν
1405 2503 1653 2569 δυνατός.

387 2608 407 2642 ‹
450 2590 513 2646 Εἰ
544 2590 786 2664 παθητὸς
825 2595 853 2647 ὁ
892 2593 1154 2665 Χριστὸς,
1206 2597 1256 2649 εί
1293 2595 1512 2667 πρῶτος
1551 2596 1612 2662 ἐξ
1655 2595 1895 2651 ἀναστά-

311 2698 451 2745 σεως
478 2683 688 2754 νεκρῶν
711 2723 730 2751 ,
761 2684 881 2755 φῶς
914 2686 1099 2758 μέλλει
1129 2687 1525 2758 καταγγέλλειν
1550 2689 1628 2761 τῷ
1659 2688 1774 2761 λαῷ
1799 2689 1894 2744 καὶ

308 2775 424 2838 τοῖς
445 2772 645 2828 ἔθνεσι.
682 2793 703 2826 ι

384 2868 451 2921 El
489 2867 761 2947 παθητὸς
801 2872 838 2925 ὁ
870 2872 1144 2941 Χριστόςο
1186 2872 1248 2928 τὸ
1292 2874 1388 2929 τοῦ
1437 2874 1677 2947 Χριστοῦ
1722 2874 1894 2947 ὸνομα

309 2957 443 3013 Θεὸν
472 2958 758 3032 ἐνσαρκον,
786 2963 885 3017 σὺν
901 2963 1048 3037 ψυχῇ
1078 2968 1242 3039 νοερᾷ
1266 2968 1505 3040 παρέχον
1530 2966 1544 3019 i
1574 2970 1715 3023 νοεῖν
1734 2971 1890 3041 ἡμῖν,

311 3049 412 3102 οὐκ
441 3047 551 3113 ἔξω
579 3047 762 3119 λόγου,
799 3051 896 3105 καὶ
926 3051 1170 3123 παθητὸν
1206 3054 1375 3109 αὑτὸν.
1410 3054 1579 3124 λέγει·
1607 3054 1780 3108 ταῦτα
1811 3054 1890 3122 δὲ,

312 3141 467 3212 φησὶ,
491 3143 730 3215 Μωυσῆς
757 3144 852 3198 καὶ
882 3145 932 3197 οἱ
961 3146 1241 3217 προφῆται
1269 3148 1535 3217 προεῖπον
1554 3163 1567 3176 ο
1596 3147 1653 3199 εί
1675 3147 1895 3216 πρῶτος

2000 659 2258 732 diccbat),
2284 674 2338 716 et
2371 674 2661 734 postquam
2709 667 2756 722 ei
2800 667 3035 737 primum
3077 670 3346 726 nuntiavit
3396 688 3582 735 resur-

2001 751 2298 817 rectionem
2331 765 2707 819 mortuorum,
2760 758 2911 811 addit
2952 767 3207 826 oportere
3259 775 3422 815 unum
3462 777 3583 819 cre-

1998 844 2126 897 dere
2162 844 2359 912 Deum,
2395 846 2611 902 deserto
2650 846 2921 902 diabolico
2951 865 3161 915 errore,
3185 865 3348 921 quem
3380 852 3583 923 deserit

1997 935 2311 1006 quicunque
2358 939 2848 1005 evangelizantimn
2892 942 3240 997 sermonibus
3276 941 3436 997 iidem
3485 944 3584 998 ad-

1998 1026 2182 1095 hibet;
2220 1028 2414 1083 deinde
2459 1029 2696 1084 ﬁdelium
2743 1029 2882 1087 bona
2931 1041 3251 1098 enumerat,
3303 1014 3583 1087 remissio-

2000 1133 2123 1173 nem
2158 1136 2349 1191 nempc
2383 1133 2729 1193 peccatorum
2759 1132 2814 1178 et
2861 1137 2986 1180 cum
3017 1122 3219 1179 sanctis
3249 1123 3580 1180 adnumera-

1998 1211 2224 1266 tionem.

2067 1302 2339 1361 Vens.l9.
2386 1325 2403 1359 ι
2437 1304 2613 1373 Unde,
2664 1322 2755 1363 rex
2796 1305 3058 1379 Agrippa,
3114 1319 3224 1361 non
3278 1304 3355 1361 lui
3398 1305 3580 1363 incre-

1993 1394 2152 1451 dulus
2181 1396 2387 1452 ctelesti
2417 1397 2635 1452 visioni.
2669 1417 2687 1452 s

2063 1486 2357 1559 Postquam
2381 1488 2581 1545 Paulus
2621 1491 2788 1547 tidem
2823 1505 3011 1546 eorum
3034 1489 3102 1545 de
3127 1489 3325 1561 quibus
3355 1489 3408 1546 in
3435 1489 3582 1560 judi-

1992 1564 2136 1635 cium
2195 1581 2362 1647 venit,
2412 1583 2745 1651 praedicavit,
2802 1597 2997 1637 versus
3045 1582 3205 1636 linem
3241 1582 3324 1636 sui
3379 1596 3582 1638 sermo~

1993 1673 2078 1727 nis
2118 1672 2521 1742 dicitzPopulo
2560 1681 2615 1729 et
2659 1672 2937 1743 gentibus,
2984 1670 3358 1743 utAgrippam
3402 1682 3455 1727 et
3485 1671 3580 1744 qui

1991 1780 2112 1820 cum
2140 1780 2205 1819 eo
2233 1773 2391 1820 erant
2420 1764 2746 1836 gentiles,et
2773 1764 3084 1835 quicunque
3107 1767 3334 1818 aderant
3364 1762 3580 1818 Judzeos

1991 1859 2330 1913 exhortelur.
2365 1855 2429 1910 Et
2460 1872 2654 1912 rursus
2699 1874 2714 1911 :
2752 1854 2927 1922 Unde,
2958 1872 3051 1911 rea:
3077 1856 3337 1928 Agrippa,
3368 1872 3472 1910 non
3499 1854 3584 1924 fui

1995 1948 2297 2003 incredulus
2341 1948 2538 2001 cmlrsli
2579 1947 2791 2001 visioni.
2852 1947 3004 2002 Sicut
3029 1946 3195 2017 igitur
3226 1960 3325 2016 ego
3348 1945 3579 2012 credidi,

1997 2043 2075 2097 ita
2121 2055 2177 2096 et
2224 2040 2386 2105 mihi,
2414 2040 2505 2111 qui
2557 2040 2710 2094 audit
2755 2055 2867 2105 me,
2893 2041 3115 2095 credere
3157 2054 3280 2094 emn
3323 2048 3580 2110 oportet;

1997 2149 2104 2189 non
2138 2133 2284 2187 enim
2334 2133 2438 2187 alia
2475 2131 2711 2203 pradico
2768 2147 2931 2202 quam
2985 2145 3105 2201 quae
3134 2131 3312 2184 audivi
3347 2131 3412 2184 de
3440 2131 3582 2186 ccelo

1995 2233 2050 2278 et
2095 2224 2225 2280 vidi.
2278 2223 2381 2279 l’er
2407 2224 2671 2279 visionem
2704 2233 2888 2277 autem
2938 2221 3087 2276 clare
3112 2228 3431 2291 spectantur
3459 2235 3582 2291 quae

1996 2332 2157 2387 supra
2214 2315 2490 2371 hominem
2538 2325 2667 2371 sunt
2692 2354 2719 2379 ,.
2763 2328 2886 2385 quas
2977 2313 3080 2369 nisi
3125 2311 3315 2368 oculus
3360 2322 3581 2380 apertus

1996 2409 2183 2477 fuerit,
2214 2423 2444 2466 cernere
2476 2424 2583 2464 non
2606 2416 2813 2479 potest.

2070 2584 2237 2641 Vens.
2269 2584 2361 2641 25.
2431 2602 2451 2637 ι
2511 2583 2570 2640 Si
2618 2581 2895 2655 passibilis
2941 2578 3228 2645 Christus,
3284 2578 3328 2635 si
3373 2579 3583 2650 primus

1996 2694 2060 2735 ex
2115 2677 2519 2734 resurrectione
2564 2686 2951 2740 mortuorum,
3004 2673 3185 2730 lumen
3226 2674 3581 2729 annuutiatu-

1997 2788 2091 2827 rus
2123 2781 2207 2827 est
2241 2771 2439 2841 populo
2467 2779 2522 2825 et
2549 2770 2830 2840 gentibus.
2852 2789 2871 2824 s

2070 2864 2133 2921 Si
2174 2864 2440 2935 passibilis
2486 2861 2749 2919 Christus.
2807 2863 3014 2920 Nomen
3040 2859 3243 2920 Christi
3274 2856 3584 2931 signiﬁcare

1998 2958 2165 3014 Deum
2195 2959 2565 3021 incarnatum,
2593 2972 2716 3011 cum
2740 2956 2993 3013 rationali
3022 2958 3229 3020 anima,
3262 2968 3368 3008 non
3392 2951 3586 3007 absura

1996 3053 2063 3107 de
2094 3053 2246 3117 dicit,
2283 3050 2676 3121 Christumque
2707 3058 2867 3105 vocat
2899 3048 3250 3121 passibilem;
3297 3059 3439 3117 quae,
3482 3041 3582 3108 ait,

1996 3145 2208 3217 Moyses
2225 3153 2280 3201 et
2296 3145 2572 3215 propheta:
2591 3143 2965 3214 praedixerunt
2986 3158 3000 3196 :
3021 3141 3065 3196 si
3088 3140 3298 3211 primus
3315 3153 3379 3193 ex
3402 3150 3585 3192 resur-

312 3234 373 3299 ὲξ
397 3235 745 3299 ἀναστάσεως
760 3235 994 3308 νεκρῶν,
1023 3238 1149 3307 φῶς
1173 3238 1361 3307 μέλλει
1400 3239 1797 3308 καταγγέλλειν
1815 3237 1894 3310 τῷ

2001 3239 2240 3295 rectione
2282 3248 2648 3303 mortuorum,
2688 3235 2874 3291 lumen
2906 3232 3332 3289 annuntiaturus
3362 3235 3446 3283 est
3482 3240 3585 3297 po-

312 3324 446 3397 λαῷ,
482 3327 578 3381 καὶ
608 3329 725 3392 τοῖς
753 3326 934 3382 ἔθνεσι
957 3316 1120 3393 τὸτί,
1154 3330 1277 3383 ἀντὶ
1310 3330 1428 3394 τοῦ,
1458 3330 1560 3386 ὅτι
1587 3331 1724 3387 ἐστι.
1762 3332 1895 3385 Μω-

315 3418 415 3489 σῆς
442 3419 471 3459 ιι
504 3436 564 3471 τε
594 3414 748 3473 εἶπεν
769 3436 784 3453 ο
807 3421 849 3476 Ε
857 3421 875 3476 ι
909 3420 1177 3489 παθητὸς
1200 3425 1234 3476 ὀ
1272 3422 1552 3492 Χριστὸς,
1586 3425 1638 3477 εί
1665 3422 1899 3491 πρῶτος

313 3511 383 3576 ἐξ
411 3496 833 3579 ἀναστάσεως’
867 3512 952 3567 ὃτι
990 3514 1234 3586 παθητὸς
1276 3517 1305 3570 ὁ
1351 3515 1611 3586 Χριστὸς,
1659 3514 1897 3586 πρῶτος.

316 3605 541 3677 Πρῶτος
566 3606 677 3679 γὰρ
709 3600 866 3671 οὗτος
893 3606 1096 3679 ἀνέστη
1120 3647 1137 3673 ,
1182 3608 1279 3663 καὶ
1311 3608 1497 3661 οὐκέτι
1524 3607 1862 3679 ἀποθνήσκει
1881 3622 1896 3636 °

314 3701 365 3754 οί
390 3701 499 3773 γὰρ
526 3701 861 3766 ἀναστάντες
894 3700 962 3775 δι’
987 3700 1174 3767 αὑτοῦ,
1214 3701 1248 3772 ἢ
1289 3699 1399 3754 τῶν
1427 3700 1711 3773 μαθητῶν,
1737 3700 1901 3755 πάλιν

317 3794 612 3860 ἀπέθανον,
647 3794 757 3857 ἕως
781 3794 882 3866 τῆς
912 3793 1211 3863 καθολικῆς
1233 3794 1587 3859 ἀναστάσεως
1620 3794 1895 3865 μένοντες.

393 3906 413 3940 ι
454 3888 513 3941 '0
555 3887 613 3945 δὲ
656 3886 867 3952 Παῦλος
894 3886 998 3959 ἔφη
1020 3904 1034 3917 °
1081 3884 1365 3957 Εὐξαίμην
1396 3885 1462 3940 ἂν
1497 3886 1576 3958 τῷ
1603 3885 1725 3957 Θεῴ
1750 3926 1765 3951 ,
1802 3887 1902 3940 καὶ

324 3981 381 4033 ὲν
411 3979 577 4050 ὀλίγῳ
606 3980 699 4033 καὶ
718 3981 777 4033 ὲν
799 3977 1000 4049 πολλῷ,
1036 3977 1098 4031 οὐ
1128 3977 1287 4047 μόνον
1325 3976 1384 4030 σε
1405 3976 1544 4030 ἀλλά
1562 3978 1660 4030 καὶ
1691 3977 1903 4041 πάντας

318 4072 448 4136 τοὺς
504 4070 802 4134 ἀκούοντάς
842 4086 947 4141 μου
998 4070 1239 4140 σήμερον
1284 4066 1539 4135 γενέσθαι
1580 4066 1856 4132 τοιούτους
1882 4108 1897 4134 ,

318 4167 498 4228 ὁποῖος
526 4162 682 4235 κάγώ
714 4165 851 4235 εἰμι,
881 4162 1155 4235 παρεκτὸς
1181 4161 1292 4216 τῶν
1324 4160 1545 4231 δεσμῶν
1582 4160 1810 4217 τούτων.
1845 4178 1869 4213 s

391 4257 497 4312 Τὸν
547 4258 762 4313 ὲθνικὸν
809 4260 891 4323 είς
938 4258 1124 4313 πίστιν
1169 4257 1338 4312 θέλων
1394 4255 1623 4311 ὲλκῦσαι
1653 4294 1669 4319 ,
1708 4253 1902 4326 ἦθελεν

322 4351 487 4407 αὑτὸν
519 4351 867 4423 μαρτυρῆσαι
903 4354 1014 4415 τοῖς
1045 4351 1138 4405 ὑπ’
1164 4349 1332 4419 αὐτοῦ
1360 4346 1697 4419 λεγομένοις,
1731 4346 1799 4402 δι’
1828 4340 1905 4400 ὧν

323 4461 511 4515 φησιν,
545 4444 606 4500 Τί
634 4443 897 4503 ἄπιστον
920 4444 1185 4513 κρίνεται
1212 4441 1348 4515 παρ’
1372 4440 1519 4509 ὑμῖν
1532 4455 1554 4505 ;_
1578 4438 1689 4505 ἴνα,
1725 4436 1792 4491 δι’
1826 4429 1903 4492 ὧν

321 4536 484 4601 αὐτὸς
530 4535 800 4608 ὡμολόγει
837 4533 851 4575 ¹
904 4533 1051 4607 σωθῇ
1076 4551 1090 4567 ο
1121 4533 1201 4605 τῷ
1234 4532 1291 4587 δὲ
1318 4531 1439 4602 Θεῷ
1484 4529 1586 4600 τὴν
1616 4529 1717 4601 τῆς
1770 4528 1904 4582 ἀνα-

1970 3329 2127 3402 'pulo
2159 3341 2211 3385 et
2241 3328 2512 3399 gentibus,
2552 3326 2683 3397 quid
2712 3327 2816 3389 sit,
2854 3325 2906 3380 id
2942 3333 3057 3390 est,
3083 3323 3210 3393 quia
3232 3330 3338 3376 est.
3375 3318 3586 3390 Moyses

2001 3432 2182 3477 autem
2235 3420 2375 3475 dixit
2434 3435 2450 3473 :
2508 3417 2599 3479 Si.
2624 3415 2895 3487 passibilis
2944 3413 3232 3479 Christus,
3286 3411 3334 3464 si
3383 3411 3590 3480 primus

2000 3531 2066 3572 ea:
2094 3513 2471 3568 resurrectione
2510 3527 2530 3565 :
2557 3508 2831 3581 passibilis
2859 3506 3005 3563 enim
3028 3504 3303 3567 Christus,
3337 3501 3590 3572 primus;
3658 3539 3665 3550 .

2003 3606 2215 3678 primus
2241 3601 2519 3666 surrexit,
2542 3616 2643 3655 nec
2663 3599 2788 3669 jam.
2807 3595 3076 3662 moritur;
3107 3594 3197 3663 qui
3220 3602 3401 3648 autem
3431 3591 3500 3646 ab
3520 3605 3587 3644 eo

2000 3699 2089 3756 vel
2134 3714 2164 3753 a
2203 3694 2483 3767 discipulis
2520 3693 2642 3764 ejus
2686 3687 2993 3747 resuscitati
3024 3696 3183 3753 sunt,
3220 3699 3413 3741 rursus
3437 3698 3590 3738 mor-

2005 3792 2079 3848 tui
2118 3796 2281 3853 sunt,
2334 3785 2646 3858 generalem
2679 3777 3133 3836 resurrectionem
3177 3782 3593 3845 exspectantes.

2074 3881 2351 3939 “233.29.
2397 3896 2417 3932 ι
2464 3878 2532 3934 Ει
2574 3875 2779 3932 Paulus
2822 3892 2836 3929 :
2881 3871 3024 3940 Opto
3051 3869 3193 3941 apud
3225 3871 3413 3933 Deum,
3450 3877 3505 3922 et
3532 3869 3593 3923 iu

2005 3976 2224 4031 modico
2253 3983 2307 4029 et
2337 3973 2390 4027 in
2415 3986 2635 4042 magno,
2671 3982 2778 4023 non
2813 3975 3023 4020 tantmn
3051 3971 3125 4027 te,
3157 3963 3252 4016 sed
3272 3961 3440 4027 etiam
3468 3975 3595 4015 οιιι-

2005 4082 2104 4122 nes
2129 4065 2220 4136 qui
2249 4063 2503 4126 audiunt,
2528 4059 2690 4117 hodie
2721 4055 3003 4128 ﬁeriﬁles
3036 4052 3215 4124 qualis
3245 4061 3301 4121 et
3320 4066 3421 4123 ego
3442 4066 3595 4117 sum,

2006 4157 2249 4226 exceptis
2283 4152 2510 4230 vinculis
2535 4152 2641 4207 his.
2675 4168 2695 4204 s

2076 4248 2347 4307 Gentilem
2396 4247 2466 4302 ad
2508 4244 2669 4300 lldem
2720 4243 2937 4298 trahere
2976 4239 3199 4307 volens,
3251 4250 3373 4293 eum
3418 4230 3593 4287 voluit

2013 4341 2383 4398 testimonium
2416 4337 2709 4408 perhibere
2737 4335 2911 4391 dehis
2937 4349 3058 4403 qua:
3083 4332 3151 4387 ab
3174 4346 3241 4386 eo
3266 4330 3407 4399 dicta
3432 4332 3592 4381 erant

2008 4434 2276 4508 (prOpter
2318 4430 2463 4503 quod
2505 4428 2637 4486 dicit
2687 4446 2705 4484 :
2752 4426 2893 4494 Quid
2958 4422 3262 4480 incredibile
3305 4417 3589 4489 judicalur

2007 4526 2148 4598 apud
2176 4543 2266 4581 vos
2280 4518 2508 4591 ?),'utex
2537 4536 2634 4579 sua
2657 4518 2997 4574 confessione
3018 4517 3201 4572 salvus
3219 4515 3339 4580 ﬁat;
3370 4513 3479 4567 Deo
3494 4525 3593 4564 au-

323 4604 596 4692 στάσεως
617 4604 735 4683 τῶν
754 4627 969 4702 νεκρῶν
1002 4604 1341 4698 κατόρθωσιν
1382 4621 1634 4696 ἀφορίζει
1664 4620 1800 4693 πρὸς
1825 4619 1904 4691 τῷ

2009 4632 2117 4678 tem
2181 4628 2517 4675 mortuorum
2579 4609 3040 4669 resurrectionem
3096 4604 3387 4667 attribuit,
3447 4614 3591 4670 prae-

324 4721 530 4793 μηδένα
571 4724 684 4786 τοῖς
715 4721 1033 4793 λεγομένοις
1061 4720 1337 4775 ἀντειπεῖν
1361 4733 1377 4750 ο
1409 4717 1495 4777 τίς
1526 4713 1637 4786 γάρ
1670 4728 1824 4781 ουτος
1859 4723 1900 4751 ω

322 4811 530 4885 ἠλίθιος
569 4812 603 4885 ἢ
640 4813 957 4883 βλάσφημος
984 4852 1001 4876 ,
1046 4811 1105 4875 ὃς
1135 4809 1459 4880 τολμήσειεν
1489 4806 1688 4869 εἰπεῖν,
1718 4803 1799 4856 ὅτι
1841 4801 1903 4855 οὐ

320 4904 546 4961 δύναται
574 4906 603 4959 ὁ
627 4904 762 4970 Θεὸς
811 4915 839 4944 ιι
873 4904 1101 4975 ποιῆσαι
1134 4904 1235 4958 ὅσα
1264 4902 1443 4969 θέλει;
1476 4899 1512 4970 ἢ
1554 4896 1650 4952 οὖν
1677 4894 1909 4959 ἑκόντας

322 4998 627 5059 διαπιστεῖν
656 4998 849 5071 ἤθελεν
872 4998 1114 5062 ἐκείνους
1155 4994 1450 5050 συνθέσθαι
1502 4989 1582 5063 τῷ
1627 4990 1729 5061 τῆς
1770 4990 1906 5044 ἀνα-

325 5090 567 5153 στάσεως
600 5089 766 5160 λόγῳ,
797 5088 832 5160 ἢ
862 5088 952 5144 διὰ
999 5088 1093 5143 τὸν
1140 5086 1304 5157 φόϐον
1332 5083 1438 5155 ’τοῦ
1491 5082 1568 5155 μὴ
1602 5077 1907 5152 θεομάχους

316 5172 734 5252 ’ὑποπτευθῆναι
759 5179 979 5244 αὐτούς.
1132 5240 1135 5241 ν

396 5275 651 5336 Δείκνυσι
672 5274 736 5328 τὸ
760 5274 858 5345 τῆς
892 5272 1181 5337 θεοσεϐοῦς
1208 5270 1377 5326 αὑτοῦ
1408 5269 1631 5341 ἀγάπης
1655 5266 1684 5321 ὁ
1712 5264 1901 5336 λόγος·

326 5370 404 5433 εἰς
434 5368 534 5441 μὲν
561 5367 632 5428 τὰ
673 5366 816 5422 καλά
847 5365 1059 5430 πάντας
1085 5364 1257 5419 θέλων
1282 5363 1574 5427 κοινωνοὺς
1600 5357 1759 5426 εἶναι,
1797 5376 1904 5432 μη-

324 5461 454 5518 δένα
476 5462 533 5516 δὲ
557 5459 709 5533 αὖτῷ
741 5459 1068 5532 κοινωνῆσαι
1091 5460 1172 5523 είς
1196 5457 1429 5529 βάσανον
1454 5456 1490 5528 ἢ
1524 5454 1722 5526 θλίψιν.
1824 5500 1827 5502 .

2013 4723 2259 4785 terquam
2318 4721 2479 4762 nemo
2528 4702 2691 4758 dictis
2738 4698 3155 4757 contradicebat
3208 4713 3225 4751 :
3276 4693 3400 4764 quis
3444 4690 3590 4785 enim

2011 4781 2131 4860 tam
2154 4799 2380 4857 stolidus
2434 4803 2529 4850 aut
2573 4793 2963 4861 bIaSphemus,
3022 4789 3114 4858 qui
3170 4786 3354 4840 dicere
3393 4781 3594 4836 audeat

2010 4894 2178 4951 Deum
2209 4901 2548 4962 quzecunque
2570 4885 2702 4941 velit
2728 4882 2911 4940 facere
2932 4896 3044 4936 non
3068 4877 3261 4952 posse?
3296 4874 3403 4930 Eos
3425 4872 3594 4946 igitur

2010 4984 2375 5044 iucredulitati
2409 4990 2629 5052 paratos
2661 4978 2778 5034 vult
2810 4976 2913 5033 sibi
2948 4972 3245 5031 conciliare
3290 4970 3375 5025 vel
3404 4982 3591 5023 resur-

2012 5077 2272 5135 rectionis
2301 5074 2579 5140 doctrina,
2611 5071 2695 5126 vel
2725 5078 2892 5135 metu,
2925 5083 2995 5123 ne
3022 5067 3077 5121 in
3107 5062 3473 5133 suspicionem
3503 5057 3593 5112 in-

2011 5168 2266 5241 surgendi
2295 5166 2353 5222 in
2381 5164 2550 5220 Deum
2579 5162 2849 5219 venirent.
2872 5190 2944 5201 —
2969 5158 3256 5213 Declarant
3285 5154 3399 5209 haec
3425 5149 3590 5205 verba

2010 5264 2127 5333 ejus
2151 5261 2289 5331 piam
2316 5258 2661 5321 charitatem,
2688 5268 2884 5324 quippe
2908 5252 2998 5324 qui
3022 5258 3173 5319 optat
3193 5259 3385 5304 omnes
3418 5243 3595 5315 parti-

2013 5359 2163 5428 cipes
2192 5354 2309 5411 ﬁeri
2338 5366 2557 5409 suorum
2590 5351 2851 5405 bonorum
2876 5385 2893 5412 ,
2952 5345 3224 5400 neminem
3251 5351 3432 5396 autem
3462 5353 3591 5394 sua~

2014 5465 2134 5506 rum
2165 5446 2537 5505 molestiarum
2569 5450 2661 5499 aut
2690 5438 3125 5497 tribulationum.
3366 5432 3371 5437 ’

393 5625 421 5660 ά
451 5619 514 5676 C.
537 5620 601 5677 C.
634 5619 730 5673 stat
754 5617 835 5673 τό.
917 5630 941 5659 ο
974 5617 1037 5673 C.
1066 5616 1129 5688 Ο.
1177 5615 1476 5688 Ἀγρίππα⁸
1556 5613 1578 5655 ί
1710 5613 1773 5669 C.
1806 5611 1893 5688 δῇ.

2000 5609 2097 5688 ‘C._
2112 5605 2297 5688 _C._xa:t
2325 5605 2378 5661 ἃ.
2419 5675 2429 5688 ⁸
2456 5602 2666 5688 ξρετε.
2692 5590 3589 5688 ούρανούικατάκὸεξτασπὶανζκξπῖ-

323 5691 457 5746 ασία
482 5692 563 5748 δέ.
646 5692 667 5732 ι
694 5691 757 5745 C.
788 5689 850 5746 (Σ.
879 5689 1048 5760 σαρκὶ
1080 5687 1178 5745 ῶν.
1251 5679 1290 5738 ἰ’
1314 5686 1378 5745 C.
1406 5686 1469 5744 C.
1499 5684 1776 5759 παρέχων.
1844 5679 1871 5724 ἱ
1898 5682 1958 5738 (ἶ.
1981 5679 2045 5737 C.
2076 5679 2335 5750 Μωῡτῆς.

326 5771 358 5801 ιι
389 5764 450 5818 C.
473 5762 537 5817 (Σ.
566 5760 793 5833 ποιῆσαι
820 5762 849 5815 ὁ
876 5761 1029 5825 Θεὸς.

2419 5675 2529 5731 ‘C.
2562 5674 2622 5730 C.
2678 5659 2774 5743 ομῖ
2830 5671 2973 5742 (sic).
3077 5667 3211 5723 InC.
3259 5666 3320 5723 ο.
3387 5659 3587 5725 οὕτως.

402 5919 517 5993 (ll)
558 5918 798 5977 Crameri
841 5930 1031 5977 catena
1058 5921 1161 5978 hoc
1209 5916 1470 5975 scholium
1497 5981 1503 5990 ν
1531 5911 1623 5975 dat
1676 5913 2078 5986 Chrysosltulm.
