4130 6536
322 404 456 473 1601
1250 390 1708 455 FRAGMENTA
1752 386 1829 447 [N
1869 386 2055 445 ACTA
2090 382 2671 444 APOSTOLORUM.
3445 385 3583 454 1002
3669 465 3673 469 γ

324 517 589 579 πεσόντας
636 512 889 584 πτώματι
943 504 1318 579 ἀναιμςρίϐολον
1373 504 1593 575 φέροντι
1643 501 1893 569 θάνατον,

2028 495 2071 549 is
2117 493 2356 561 periculo
2406 509 2511 547 una
2556 492 2846 558 obnoxios,
2903 506 3008 547 una
3062 493 3231 560 mori;
3285 511 3317 554 e
3366 508 3583 563 contra,

322 609 617 667 ἀποθανεῖν
640 623 654 639 ·
686 583 824 657 ἀλλά
872 602 933 655 τὸ
964 600 1205 654 ἐναντίον
1238 594 1449 666 εἶπενὴ
1498 591 1714 665 Γραφὴ,
1758 591 1840 644 ὅτι
1870 591 1897 643 ὁ

2026 599 2203 649 amen,
2254 584 2387 639 dicit
2415 583 2691 655 Scriptura
2738 585 2942 655 justum
2981 602 3047 641 ex
3082 587 3316 641 evidenti
3346 589 3588 657 periculo

319 704 531 765 δίκαιος
561 696 798 762 ἐσώζετο
830 694 891 760 ἐξ
928 691 1358 764 ὼμολογημένου
1406 687 1679 749 κινδύνου.
1721 683 1898 737 καίτοι

2026 694 2120 734 :sse
2149 677 2414 733 salvatqu
2439 716 2455 741 ,
2510 677 2762 746 quamvis
2793 694 2983 732 otunes
3020 679 3070 731 in
3101 694 3168 734 eo
3198 686 3581 744 morerentur;

320 794 545 849 πάντων
584 789 695 844 τῶν
721 790 779 841 ὲν
805 785 956 857 αὐτῷ
982 781 1444 855 ἀποθνησκόντων
1471 795 1486 810 ⁸
1518 777 1661 833 οὕτω
1693 775 1803 848 γὰρ
1832 770 1901 843 ἦν

2026 772 2081 833 ie
2128 771 2302 825 visum
2351 769 2463 825 Deo
2509 770 2687 829 fuerat
2727 785 2849 825 eum
2884 769 3111 825 [laruam
3136 770 3248 836 ire;
3287 780 3341 825 et
3370 780 3587 840 poterat

323 884 403 957 τῷ
432 881 552 954 Θεῷ
592 879 751 946 δόξαν
779 877 1035 932 ἀπελθεῖν
1075 874 1241 928 αὐτὸν
1271 875 1330 927 ἐν
1375 868 1568 943 Ῥώμῃ
1596 885 1609 898 °
1644 868 1742 922 καὶ
1770 866 1900 937 ἡδύ-

2026 866 2179 936 )eus,
2233 862 2470 932 eripiens
2521 878 2644 917 eum
2699 876 2766 917 ex
2814 859 3139 928 Jerusalem,
3193 876 3295 934 per
3335 863 3585 934 angelum

288 1034 293 1038 ,
324 953 455 1043 vago
486 953 584 1047 μὲν
608 977 636 1028 δ
661 973 797 1036 Θεὸς
829 972 921 1024 καὶ
952 968 1210 1041 ἀρπάσας
1236 978 1264 1005 ιι
1295 964 1403 1019 ἀπὸ
1447 960 1809 1034 Ἰερουσαλὴμ
1834 959 1902 1012 δι’

2026 957 2496 1025 ὶυιικελεισιυετε.
2546 953 3000 1027 quemadmodum
3029 953 3285 1009 liabacue
3318 953 3375 1011 in
3401 954 3585 1011 Judaea

324 1045 561 1137 ἀγγέλου
604 1066 802 1135 στῆσαι
834 1064 891 1115 ἐν
945 1057 1170 1131 Ῥώμῃ,
1206 1054 1390 1119 καθὼς
1442 1054 1536 1108 τὸν
1577 1051 1905 1122 Ἀμϐακούμ

2026 1062 2307 1112 ιεευιηειιε,
2351 1045 2622 1116 Babylone
2664 1045 2731 1099 ad
2771 1045 2944 1099 lacum
2981 1045 3215 1105 Dauieiis
3269 1046 3585 1103 constituit:

324 1163 384 1229 ἐξ
430 1157 692 1222 Ἰουδαίας
723 1154 981 1228 ἀρπάσας
1024 1150 1376 1221 παρέστησεν
1426 1149 1484 1199 ἐν
1514 1142 1794 1199 Βαϐυλῶνι
1827 1141 1905 1213 τῷ

325 1256 512 1323 λάκκῳ
563 1248 658 1303 τοῦ
706 1244 951 1316 Δανιὴλ·
1011 1243 1128 1298 ἀλλ’
1168 1241 1270 1295 οὐκ
1311 1237 1573 1309 ἐποίησε·
1608 1236 1703 1288 καὶ
1747 1232 1906 1288 τοῦτο

325 1338 773 1414 θαυματουργίας
793 1345 822 1376 ν
851 1338 1012 1407 ἔργον
1036 1331 1176 1388 εἶναι
1197 1330 1397 1397 δείξας,
1422 1328 1485 1382 τὸ
1507 1327 1565 1393 ἐξ
1584 1324 1905 1380 ἀνελπίστου

326 1436 572 1490 κινδύνου
606 1433 777 1486 σῶσαι
804 1430 896 1483 τὸν
923 1427 1138 1483 Παῦλον
1167 1425 1261 1479 καὶ
1285 1424 1414 1485 τοὺς
1444 1422 1541 1474 σὺν
1564 1415 1713 1489 αύτῷ
1737 1433 1752 1450 ο
1779 1417 1909 1488 ἐχα-

329 1529 519 1600 ρίσατο
565 1526 623 1579 δὲ
677 1523 775 1586 τὰς
825 1522 926 1593 μὲν
970 1517 1150 1590 ψυχὰς
1186 1514 1264 1586 τῷ
1302 1512 1498 1584 Παύλῳ
1536 1510 1910 1583 (φιλόστοργος

329 1621 438 1692 γὰρ
470 1616 539 1691 ἦν
588 1617 683 1671 καὶ
726 1611 1074 1685 φιλάδελφος)
1101 1627 1114 1641 ⁸
1151 1610 1212 1664 τὸ
1236 1608 1294 1663 δὲ
1339 1606 1523 1662 πλοῖον
1553 1604 1649 1658 καὶ
1689 1602 1759 1657 τὰ
1813 1603 1910 1656 σὺν

332 1691 503 1782 αὐτῷ,
527 1710 602 1774 ὼς
644 1709 719 1779 μὴ
751 1702 1203 1775 ἀντιποιουμένου
1234 1700 1328 1754 τοῦ
1362 1695 1652 1768 θεοφιλοῦς
1680 1693 1791 1749 τῶν
1816 1691 1912 1782 επὶ

330 1777 616 1871 γῆςξμηδὲ
648 1777 958 1867 ἀχθομένου
996 1793 1090 1845 ἐπὶ
1123 1793 1189 1862 τῇ
1233 1789 1444 1843 τούτων
1478 1785 1731 1858 ἀπωλείᾳ
1752 1801 1767 1816 ·
1808 1777 1912 1839 ὧδε

2008 1139 2110 1194 hoc
2130 1148 2316 1194 autem
2351 1153 2456 1193 non
2485 1136 2616 1192 fecit
2641 1152 2658 1204 ;
2692 1137 2792 1192 sed
2816 1146 2997 1191 tamen
3026 1138 3267 1194 ostendit
3299 1139 3589 1197 miraculo.

2006 1246 2124 1285 smn
2149 1245 2270 1285 esse
2293 1229 2519 1294 factum,
2540 1228 2768 1283 Paulum
2792 1244 2915 1284 cum
2936 1230 3103 1286 sociis
3122 1231 3331 1284 salvum
3350 1230 3586 1295 faciens;

2007 1324 2166 1392 eique
2212 1322 2421 1377 animas
2458 1336 2645 1377 eorum
2689 1321 2931 1386 donavit,
2967 1337 3032 1377 eo
3075 1322 3221 1392 quod
3269 1310 3589 1379 citaritatem

2012 1410 2063 1463 iu
2092 1410 2287 1463 fratres
2321 1409 2568 1477 haberet,
2603 1424 2708 1463 nou
2737 1419 2919 1464 autem
2955 1410 3137 1464 navim
3173 1425 3273 1464 nec
3301 1425 3420 1479 quae
3445 1411 3498 1466 in
3525 1427 3588 1466 ea

2010 1501 2326 1571 erant,quia
2358 1500 2442 1555 vir
2472 1500 2591 1570 pius
2621 1516 2727 1556 non
2756 1502 2932 1573 magni
2963 1501 3095 1556 facit
3115 1511 3354 1567 terrena,
3382 1516 3479 1558 nec
3500 1518 3593 1565 eo-

2015 1609 2131 1648 rum
2162 1593 2376 1662 jactura
2426 1594 2806 1649 contristatur.
2865 1593 2962 1649 ilic
2998 1594 3164 1664 igitur
3197 1605 3418 1663 prapter
3446 1596 3590 1665 pium

2015 1686 2199 1740 vivunt
2227 1686 2415 1756 impii;
2468 1686 2759 1756 aliquando
2799 1701 2924 1741 vero
2968 1702 3000 1742 e
3044 1687 3325 1741 contrario
3352 1688 3587 1753 accidit,

2015 1795 2113 1851 pro
2138 1795 2233 1835 sua
2261 1781 2407 1835 enim
2438 1780 2797 1849 perversitate
2831 1789 2955 1834 ante
2984 1789 3199 1849 tempus
3230 1781 3464 1834 moritur
3488 1782 3594 1837 iur

331 1870 424 1947 οὖν
451 1870 539 1945 διὰ
571 1891 663 1944 τὸν
689 1890 900 1943 δίκαιον
930 1900 954 1927 ι
994 1884 1164 1950 ζῶσιν
1193 1884 1240 1937 οἱ
1274 1881 1495 1945 ἀσεϐεῖς
1520 1895 1536 1911 ·
1581 1878 1699 1935 ἔστι
1737 1878 1794 1931 δὲ
1820 1877 1910 1932 ὅτε

2026 1872 2132 1940 pius
2154 1913 2170 1937 ,
2229 1872 2307 1926 sic
2334 1872 2560 1942 jubeute
2591 1871 2731 1937 Deo,
2768 1871 2912 1926 sicut
2937 1870 3014 1924 ait
3043 1871 3399 1928 Ecclesiastes
3445 1890 3473 1945 :p
3510 1872 3596 1941 Ne

331 1986 392 2039 τὸ
426 1984 667 2037 ἐναντίον
688 1997 703 2013 ο
739 1981 834 2036 καὶ
865 1976 972 2049 πρὸ
1019 1978 1168 2048 ὥρας
1194 1976 1223 2027 ὁ
1261 1974 1466 2041 ἀσεϐὴς
1490 1971 1791 2028 ἀπόλλυται
1819 1969 1910 2025 διὰ

332 2077 432 2149 τὴν
456 2074 650 2129 ἑαυτοῦ
684 2073 885 2128 κακίαν
910 2088 926 2104 ·
952 2069 1047 2124 τοῦ
1092 2068 1229 2121 Θεοῦ
1255 2065 1428 2130 οὕτως
1457 2064 1620 2119 πάλιν
1649 2060 1909 2134 βουλομέ-

334 2187 445 2235 νου,
480 2164 663 2229 καθὼς
710 2167 737 2218 ὁ
781 2161 1214 2232 Ἐκκλησιαστής
1261 2173 1430 2229 φησι,
1460 2156 1557 2223 Μὴ
1597 2152 1913 2223 ἀσεϐήσῃς

334 2258 517 2322 πολὺ,
553 2255 708 2327 μηδὲ
738 2255 909 2325 γίνου
944 2250 1244 2319 σκληρὸςξ,
1266 2250 1368 2304 ἵνα
1393 2247 1473 2316 μὴ
1503 2244 1814 2314 ἀποθάνῃς
1843 2244 1915 2299 ἐν

334 2354 406 2406 οὺ
436 2348 617 2420 καιρῷ
646 2365 800 2403 σου·
826 2345 1070 2401 πιστεύω
1101 2343 1213 2415 γάρ
1239 2342 1320 2413 τῷ
1350 2340 1472 2412 Θεῷ
1499 2342 1580 2394 ὄτι
1611 2338 1788 2403 οὕτως
1822 2337 1914 2391 εσ-

332 2462 425 2499 ται
450 2460 465 2474 '
502 2444 681 2498 πάντα
721 2440 821 2511 μὲν
861 2436 1067 2492 δυνατὰ
1097 2435 1174 2506 τῷ
1200 2433 1553 2488 πιστεύοντι·
1584 2431 1728 2502 πλὴν
1764 2424 1917 2492 οὗτος

2015 1962 2174 2030 impie
2200 1979 2351 2032 agas,
2389 1978 2479 2016 nec
2512 1978 2789 2032 perversus
2815 1961 2938 2029 ﬁas,
2977 1978 3039 2015 ne
3069 1973 3189 2016 ante
3218 1974 3419 2029 tempus
3446 1974 3596 2019 tuum

2013 2052 2348 2108 moriaris“.
2399 2054 2510 2108 Deo
2572 2063 2750 2109 autem
2790 2056 2954 2109 credo
3006 2054 3121 2110 haec
3170 2056 3243 2109 ita
3292 2056 3431 2112 ﬁeri.
3468 2055 3598 2112 0m-

2014 2149 2102 2203 nia
2130 2149 2346 2219 quidem
2369 2149 2639 2217 possibilia
2659 2154 2786 2203 sunt
2813 2148 3087 2215 credenti;
3111 2159 3348 2205 attamen
3381 2150 3468 2204 ille
3499 2165 3597 2207 nec

2012 2255 2112 2311 per
2137 2242 2293 2297 fidem
2337 2254 2437 2297 nec
2470 2255 2567 2308 per
2593 2242 2867 2297 orationes
2909 2252 3128 2296 suarum
3154 2242 3422 2297 sociorum
3448 2224 3597 2299 salu-

2019 2346 2125 2389 tem
2162 2334 2501 2403 impetravit,
2550 2333 2647 2389 sed
2702 2333 2829 2405 quia
2876 2335 3105 2390 credidit
3156 2349 3219 2389 ta
3268 2336 3443 2389 futura
3477 2334 3602 2391 esse

2019 2441 2139 2496 quae
2163 2426 2265 2482 sibi
2299 2426 2443 2482 dicta
2469 2433 2644 2481 erant.

334 2539 398 2591 οὐ
425 2537 516 2591 διὰ
559 2536 798 2597 πίστεως
842 2531 937 2587 καὶ
969 2529 1133 2601 εὐχῆς
1166 2529 1331 2600 ἤνυσε
1362 2527 1463 2599 τὴν
1494 2524 1774 2596 σωτηρίαν
1802 2521 1911 2575 τῶν
1948 2518 2340 2591 συμπλεόντων
2363 2557 2381 2586 ,
2422 2517 2560 2573 ἀλλά
2628 2517 2932 2583 πιστεύσας
2992 2520 3074 2575 δτι
3110 2519 3285 2584 οὕτως
3318 2519 3497 2589 ἔσται,
3526 2519 3604 2584 ὥς

335 2633 575 2706 ἐλαλήθη
605 2630 775 2703 αὐτῷ.

413 2747 432 2781 ι
469 2722 635 2781 Εἶπεν
664 2726 693 2778 ὁ
729 2722 940 2786 Παῦλος
968 2719 1045 2792 τῷ
1073 2718 1446 2790 ἑκατοντάρχῃ
1476 2716 1571 2770 καὶ
1600 2718 1715 2780 τοῖς
1748 2732 1915 2787 στρα-

336 2821 588 2884 τιώταις·
617 2817 743 2871 Ἐὰν
777 2815 851 2887 μὴ
878 2810 1024 2869 οὗτοι
1065 2814 1323 2884 μείνωσιν
1345 2812 1404 2864 ἐν
1436 2810 1515 2882 τῷ
1536 2809 1724 2880 πλοίῳ,
1758 2809 1920 2880 ὑμεῖς

340 2912 578 2984 σωθῆναι
596 2911 655 2964 οὐ
685 2906 1150 2964 δύνασθε.-Τότε
1176 2904 1461 2974 ἀπέκοψαν
1493 2903 1542 2956 oi
1582 2902 1917 2973 στρατιῶται

338 3005 406 3059 τὰ
436 3001 645 3075 σχοινία
683 3000 785 3071 τῆς
821 2999 1036 3069 σκάφης
1062 3038 1077 3061 .
1107 2998 1206 3050 καὶ
1238 2996 1432 3050 εἴασαν
1461 2995 1737 3047 ἐκπεσεῖν.
1785 3009 1804 3043 ι

408 3102 539 3154 Ὅτε
580 3094 720 3152 εἶδον
744 3098 825 3150 ὅτι
852 3097 888 3166 ἡ
930 3091 1156 3149 ἀϐουλία
1206 3088 1389 3146 αὐτῶν
1426 3088 1686 3158 ἐποίησεν
1718 3084 1918 3148 αὐτοὺς

2103 2711 2266 2771 Vens.
2293 2712 2384 2781 3i,
2410 2710 2500 2770 32.
2566 2733 2585 2768 ι
2629 2708 2775 2770 Dixit
2800 2710 3004 2770 Paulus
3041 2714 3343 2769 centurioni
3377 2722 3429 2769 et
3462 2714 3573 2769 mili
3602 2742 3608 2755 ι

2021 2802 2164 2860 tibus
2213 2822 2227 2859 :
2279 2803 2393 2860 Nisi
2440 2805 2495 2859 Μ
2550 2803 2606 2858 in
2653 2806 2777 2859 navi
2819 2804 3148 2867 manserint,
3188 2818 3284 2858 vos
3321 2803 3452 2859 salvi
3486 2803 3603 2859 fieri

2021 2912 2126 2951 non
2152 2897 2399 2967 potestis.
2420 2894 2659 2951 —Tnnc
2700 2896 3055 2951 absciderunt
3086 2894 3284 2950 milites
3313 2893 3471 2952 funes
3491 2908 3607 2952 sca-

2019 2988 2160 3059 phae,
2199 2996 2251 3041 et
2280 2988 2423 3057 passi
2452 2996 2583 3042 sunt
2612 2996 2731 3041 eam
2755 2987 3024 3042 excidere.
3049 3004 3069 3037 ι

2090 3080 2381 3151 Postquam
2405 3080 2658 3135 viderunt
2678 3092 2775 3134 sua
2803 3078 2943 3134 maia
2968 3077 3246 3133 voluntate
3276 3090 3338 3134 se
3376 3078 3429 3132 in
3463 3077 3605 3149 peri-

341 3189 700 3255 κινδυνεῦσαι,
726 3189 847 3241 τότε
880 3185 1120 3257 ἦρξαντο
1150 3182 1228 3252 τῷ
1260 3179 1461 3251 Παύλῳ
1498 3177 1812 3240 πείθεσθαι,
1841 3176 1917 3238 ὼς

2026 3171 2199 3226 cuium
2234 3172 2513 3235 incidisse,
2549 3180 2682 3226 tunc
2713 3167 2880 3224 Paulo
2909 3178 3197 3239 creperum
3221 3170 3470 3235 credere,
3502 3170 3607 3225 rati

343 3284 545 3355 μᾶλλον
584 3281 685 3351 τῆς
727 3277 985 3349 εὐκαίρου
1040 3272 1356 3345 συμϐουλῆς
1401 3273 1501 3343 τῆς
1547 3270 1701 3341 παρὰ
1760 3269 1918 3336 ἁγίου

341 3375 534 3449 ἀνδῷς
562 3370 860 3442 γινομένης
883 3410 897 3433 ν
935 3365 1245 3438 δυναμένης
1283 3365 1479 3431 σῶσαι,
1512 3363 1544 3434 ἢ
1575 3360 1923 3432 εἱμαρμένης

341 3469 439 3539 τῆς
473 3470 532 3520 ὲν
562 3463 816 3533 κινδύνῳ,
852 3460 986 3531 μηδὲ
1009 3458 1186 3529 ὄνομα
1218 3455 1450 3527 ἐχούσης
1471 3470 1486 3485 ⁸
1520 3456 1569 3507 εί
1598 3453 1708 3523 γὰρ
1735 3453 1928 3522 εἱμαρ-

346 3559 484 3630 μένῃ
514 3555 794 3610 ιπείθοντο
827 3553 1049 3615 ἐκεῖνοι,
1092 3549 1275 3604 καίτοι
1301 3547 1457 3611 ὄντες
1486 3545 1713 3611 ἐθνικοὶ,
1778 3559 1924 3613 παρ-

349 3651 551 3713 ιδόντες
579 3648 679 3719 τὴν
713 3644 807 3700 τοῦ
835 3641 1125 3706 θεοσεϐοῦς
1149 3639 1482 3712 συμϐουλὴν,
1512 3637 1640 3691 εἴων
1667 3633 1925 3690 ἀπελθεῖν

344 3744 473 3807 τοὺς
504 3741 708 3804 ναύτας
748 3738 1001 3808 λέγοντες
1023 3777 1038 3802 ,
1074 3735 1158 3788 ὅτι
1180 3734 1299 3787 Οὐκ
1340 3731 1407 3786 ἂν
1437 3723 1585 3783 οὗτοι
1621 3725 1922 3788 ἀπέλθωσι.

350 3836 425 3910 μὴ
452 3836 593 3907 ’ρέρῃ
622 3832 677 3887 δὲ
705 3819 853 3903 ἡμᾶς
879 3829 1172 3884 ἀποθανεῖν
1200 3825 1357 3879 οὐδὲν
1386 3821 1548 3877 τοῦτο
1578 3822 1743 3875 ποιεῖ.
1784 3816 1925 3871 Ἀλλ’

348 3909 448 3984 οὐκ
481 3924 633 3982 εἷπον
657 3924 780 3979 οὕτε
808 3921 1071 3992 ἐποίησαν
1105 3918 1164 3972 τὸ
1185 3916 1395 3987 ἠλίθιον
1417 3914 1600 3978 τοῦτο,
1624 3913 1719 3965 καὶ
1745 3909 1927 3977 πάσης

349 4023 516 4094 γέμον
546 4015 897 4090 ψευδαπάτης
948 4012 1045 4067 κα).
1076 4009 1297 4078 ἀγνοίας
1338 4012 1421 4045 νο
1457 4006 1524 4059 δι’
1554 4004 1589 4059 ἀ
1618 4006 1683 4057 ἐκ
1715 4000 1928 4056 πολλῶν

350 4111 645 4185 ἐκϐλητέος
667 4112 694 4163 ὁ
727 4108 858 4179 περὶ
885 4103 1233 4176 εἱμαρμένης
1262 4102 1295 4173 ἢ
1329 4099 1506 4170 τύχης
1533 4097 1715 4167 λόγος.

440 4236 461 4269 δ
483 4225 668 4281 Εἰπὼν
698 4224 754 4277 δὲ
784 4221 975 4283 ταῦτα,
1014 4218 1108 4272 καὶ
1130 4216 1311 4270 λαϐὼν
1343 4214 1527 4287 ἄρτον,
1559 4208 1929 4281 εὐχαρίστησε

353 4318 430 4389 τῷ
458 4318 577 4388 Θεῷ
607 4314 840 4369 ἐνώπιον
868 4311 1111 4377 πάντων,
1134 4307 1230 4363 καὶ
1253 4307 1455 4370 κλάσας
1480 4303 1682 4376 ἤρξατο
1706 4299 1928 4353 ἐσθίειν.

356 4411 596 4483 Εὐθυμοι
624 4408 682 4461 δὲ
722 4404 1007 4477 γενόμενοι
1057 4402 1260 4464 πάντες
1282 4440 1297 4464 ,
1352 4398 1445 4452 καὶ⁸
1476 4396 1631 4451 αὐτοὶ
1664 4389 1933 4481 προσελά-

353 4504 510 4559 ϐοντο
539 4499 771 4573 τροφῆς.
809 4518 826 4550 ι

425 4612 534 4668 Καὶ
559 4609 762 4667 λαϐὼν
796 4608 998 4678 ἄρτον,
1043 4599 1543 4674 εὐχαριστήσαςγ
1568 4594 1643 4660 τῷ
1677 4591 1798 4659 Θεῷ
1836 4591 1933 4646 ἐν·
1969 4629 2012 4685 D

353 4707 541 4762 ώπιον
565 4703 811 4758 πάντων
829 4702 928 4755 καὶ
957 4698 1196 4764 κλάσας
1224 4694 1448 4765 ἤρξατο
1478 4691 1725 4745 ἐσθίειν*
1752 4689 1931 4757 ἑωρα-

359 4800 469 4865 κὼς
501 4809 523 4836 ⁸
553 4799 582 4851 ὁ
620 4795 845 4859 Παῦλος
877 4795 960 4848 ὅτι
1004 4792 1094 4847 διὰ
1125 4790 1226 4860 τὴν
1259 4785 1506 4856 ἀνάγκην
1537 4780 1814 4837 ἐπείθοντο
1857 4777 1937 4849 τῷ

361 4892 557 4964 Παύλῳ
602 4898 653 4944 οι
710 4887 1003 4949 συνόντες·
1045 4881 1240 4954 καιρὸς
1277 4880 1335 4933 δὲ
1377 4878 1478 4932 οὐκ
1514 4870 1583 4947 ἦν
1634 4870 1938 4944 ἀθυμοῦσιν

361 4986 544 5047 αὐτοῖς
590 4983 685 5038 καὶ
723 4980 1135 5035 κινδυνεύουσιν
1186 4968 1644 5042 εὐαγγελίζεσθαι
1677 4966 1768 5019 τὸν
1803 4964 1940 5035 Χρι-

363 5078 519 5131 στόν·
567 5077 703 5138 τέως
750 5076 814 5126 ἐκ
856 5072 1055 5143 μέρους
1091 5068 1335 5122 διδάσκει
1370 5061 1570 5124 αὐτοὺς
1615 5059 1716 5128 τὴν
1752 5055 1936 5111 θεοσέ-

364 5167 539 5232 ϐειαν,
565 5165 627 5219 τὸ
662 5164 738 5235 μὴ
773 5162 946 5225 ἄλλως
977 5160 1113 5232 κλᾷν
1143 5158 1308 5229 ἄρτον
1338 5157 1387 5209 εί
1426 5152 1503 5225 μὴ
1527 5150 1743 5224 πρῶτον
1774 5149 1941 5218 εὐχα-

370 5260 729 5331 ριστήσαντας
770 5254 846 5324 τῷ
880 5254 1029 5325 μόνῳ
1067 5250 1208 5322 Θεῷ,
1239 5248 1334 5303 καὶ
1365 5246 1538 5309 οὕτως
1570 5242 1793 5298 ἐσθίειν.
1829 5239 1944 5295 Καὶ

367 5352 513 5421 ἡμᾶς
557 5348 616 5403 δὲ
659 5349 721 5401 τὸ
760 5346 893 5400 αὐτὸ
938 5344 1220 5398 διδάσκειο
1262 5342 1291 5394 ὁ
1341 5338 1397 5392 δὲ
1429 5336 1530 5407 τῆς
1583 5332 1941 5421 εὐχαριστίας

368 5443 573 5513 τρόπος
600 5440 756 5496 τοῦτο
771 5439 919 5492 δοκεῖ
944 5436 1111 5507 ἔχειν,
1143 5434 1225 5488 ὅτι
1251 5425 1702 5501 Εὐχαριστοῦμέν
1728 5417 1940 5491 conata
1994 5494 1995 5497 η

442 5624 488 5659 ⁸⁸
520 5623 725 5680 Eccies.
759 5636 854 5687 vn,
890 5612 974 5675 i8.

450 5795 478 5822 ιι
502 5780 753 5842 ἀρπάσας
785 5777 965 5832 αὐτόν.

382 5860 410 5897 ς
441 5798 591 5909 ὃ.αὲ

622 5784 753 5842 ἀσας
785 5784 965 5832 αὐτόν.
1041 5784 1068 5811 '

622 5850 887 5920 ὲωρακός.
966 5845 1085 5900 ιο.

2027 3271 2387 3333 opportunam
2418 3262 2518 3317 viri
2539 3261 2675 3331 justi
2698 3261 3002 3316 orationem
3031 3258 3153 3330 plus
3170 3260 3355 3316 valere
3380 3262 3445 3315 ad
3463 3261 3607 3316 salu-

2026 3361 2137 3408 tem
2164 3367 2321 3408 suam
2357 3366 2518 3422 quam
2553 3351 2720 3406 fatum
2750 3351 3000 3422 periculi,
3030 3350 3116 3405 cui
3150 3366 3250 3406 nec
3277 3366 3470 3406 nomen
3494 3361 3605 3417 est;

2030 3447 2075 3500 si
2097 3445 2239 3501 enim
2260 3442 2317 3498 in
2339 3441 2526 3507 fatum,
2545 3450 2726 3512 utpote
2744 3442 2988 3509 gentiles,
3004 3441 3378 3503 credidissent,
3406 3443 3611 3498 monito

2028 3537 2104 3607 pii
2134 3536 2235 3589 viri
2264 3542 2597 3602 contempto,
2632 3532 2889 3588 sivlsseut
2922 3541 3114 3587 nautas
3139 3531 3291 3587 abire
3320 3532 3565 3587 dit-entes
3591 3550 3607 3587 :

2031 3629 2184 3696 Quod
2235 3628 2271 3681 ii
2312 3627 2544 3690 abeant,
2582 3625 2717 3680 nihil
2753 3626 2818 3679 ad
2855 3635 3096 3679 nostram
3122 3624 3353 3680 salutem
3379 3624 3608 3691 attinet;

2032 3736 2143 3778 non
2201 3729 2382 3773 autem
2441 3718 2513 3771 ita
2571 3715 2763 3772 stolide
2832 3715 2991 3769 locuti
3044 3724 3170 3770 sunt
3214 3724 3308 3769 aut
3358 3722 3608 3784 egerunt,

2035 3828 2132 3867 nec
2162 3813 2241 3866 sic
2276 3810 2481 3879 decepti
2528 3817 2675 3871 sunt,
2712 3822 2810 3861 uec
2838 3798 3138 3878 ignorantia
3188 3807 3383 3863 irretiti
3435 3817 3559 3863 sunt
3590 3825 3607 3864 :

2032 3914 2087 3959 et
2122 3919 2186 3958 ex
2237 3904 2341 3957 hoc
2378 3915 2407 3955 a
2459 3900 2641 3955 multis
2682 3899 2970 3968 rejicienda
3017 3908 3102 3956 est
3127 3900 3195 3956 de
3232 3899 3344 3955 fato
3371 3906 3425 3955 et
3460 3907 3611 3955 sorte

2034 4013 2233 4068 optuto.

2111 4200 2274 4257 Vsus.
2299 4197 2498 4265 55,56.
2545 4216 2563 4249 ι
2590 4194 2657 4250 Et
2688 4210 2809 4251 cum
2841 4196 2958 4251 inec
2984 4194 3236 4259 dixisset,
3270 4206 3491 4248 sumens
3518 4209 3616 4263 pa-

2039 4313 2160 4352 nem
2195 4292 2395 4365 gratias
2425 4290 2534 4362 egit
2559 4291 2668 4345 Deo
2702 4289 2755 4343 iu
2785 4298 3076 4357 conspectu
3100 4286 3343 4342 omnimn
3374 4304 3388 4341 :
3413 4297 3614 4342 etcum

2040 4387 2288 4457 fregisset
2345 4384 2508 4452 erepit
2562 4381 2905 4435 manducare.
2950 4378 3373 4449 Animaequiores
3436 4388 3615 4434 autem

2014 4479 2170 4535 'facli
2199 4486 2411 4542 otunes,
2444 4482 2499 4530 et
2526 4475 2643 4546 ipsi'
2659 4481 3013 4545 sumpserunt
3041 4473 3242 4528 cibum.
3274 4489 3295 4524 ι

2116 4588 2180 4643 Et
2228 4604 2348 4642 cum
2389 4587 2501 4639 ha'c
2538 4584 2789 4648 dixisset,
2840 4599 3051 4637 sumens
3073 4598 3260 4652 panem
3285 4582 3488 4651 gratias
3511 4564 3618 4654 egit

2041 4681 2149 4736 Deo
2201 4681 2256 4736 in
2290 4688 2563 4747 conspectu
2600 4677 2867 4740 omnium;
2921 4685 2968 4728 et
3012 4690 3131 4727 cum
3157 4673 3433 4743 fregisset,
3465 4674 3617 4741 capit

2045 4771 2390 4830 manducare.
2412 4770 2613 4825 Videtis
2632 4767 2825 4823 Paulus
2849 4766 2992 4837 quod
3012 4765 3339 4823 necessitate
3355 4763 3621 4835 compulsi

2046 4866 2152 4937 ipsi
2202 4863 2582 4930 credidissent,
2616 4870 2670 4917 et
2720 4859 2865 4944 quod
2912 4870 3124 4930 tempus
3179 4872 3287 4913 non
3335 4865 3456 4913 erat
3516 4855 3623 4910 illis

2048 4958 2229 5014 animo
2260 4956 2448 5012 fractis
2498 4964 2554 5011 et
2597 4952 3031 5025 periclitantibus
3074 4951 3351 5007 Christum
3386 4961 3621 5025 evange—

2043 5049 2239 5106 lizaudi
2259 5087 2276 5115 ,
2311 5048 2503 5104 saltem
2538 5062 2605 5103 ex
2637 5056 2792 5118 parte
2820 5060 2914 5102 eos
2938 5045 3095 5100 docet
3118 5045 3401 5115 pietatem,
3438 5042 3488 5096 id
3512 5053 3618 5106 εει,

2045 5158 2150 5199 nou
2194 5142 2351 5213 prius
2399 5154 2592 5211 partem
2634 5137 2888 5210 frangere
2933 5151 3097 5207 quam
3141 5135 3230 5190 uni
3272 5135 3380 5190 Deo
3420 5133 3622 5211 gratias

2044 5235 2276 5305 egerint,
2302 5244 2357 5289 et
2390 5234 2461 5287 ita
2491 5232 2852 5297 manducare;
2889 5230 3029 5285 idem
3058 5243 3275 5299 quoque
3306 5243 3405 5282 nos
3435 5229 3618 5293 docet;

2018 5341 2209 5403 porro
2260 5326 2363 5381 hoc
2408 5324 2568 5383 modo
2616 5332 2798 5396 grates
2840 5322 3089 5377 videntur
3137 5320 3245 5375 Deo
3274 5331 3409 5374 actae
3445 5334 3460 5372 :
3499 5318 3618 5372 Tilzi

2049 5430 2231 5490 grates
2257 5418 2487 5489 agimus,
2522 5417 2680 5483 Deus,
2726 5415 2872 5486 quod
2905 5429 3004 5470 uos
3035 5427 3208 5491 usque
3237 5412 3397 5467 modo
3432 5409 3623 5480 digua~
3668 5406 3679 5417 '

1096 5774 1157 5899 (ii
1277 5772 1791 5844 θαυματουργήσκς.
1875 5771 1926 5801 ⁸η

2026 5761 2071 5818 3.
2104 5760 2272 5816 6txzi.
2349 5766 2375 5796 ι
2431 5757 2491 5815 C.
2525 5756 2585 5814 C.
2615 5757 2855 5828 ἀγνοίας.
2936 5762 2963 5805 1
2996 5749 3165 5821 C._C.
3196 5748 3619 5819 εὐχαριστησεν.
