4130 6560
560 400 699 466 1603

1726 393 2064 457 ΑΜΜΟΝΙΙ
2100 388 2643 456 ALEXANDRINI

3710 390 3845 458 163i

557 526 646 573 tus
695 529 755 571 es
809 512 994 569 vivere
1033 510 1250 574 sinere,
1308 523 1414 564 non
1456 521 1653 578 panem
1689 507 2083 563 manducantes
2129 525 2145 563 :

2256 501 2384 567 θεὸς
2406 544 2421 569 ,
2452 503 2537 556 ὅτι
2588 500 2832 570 ἠξίωσας
2875 503 3027 574 ἡμᾶς
3070 500 3237 574 ζῆσαι
3269 503 3380 568 ἕως
3422 504 3551 577 ἄρτι
3572 546 3591 574 ,
3619 506 3844 573 ἀσίτους

556 609 742 679 itaque
761 606 857 661 tibi
876 604 1103 676 gloriam
1121 602 1423 668 reddentes,
1444 614 1638 672 panem
1658 600 1724 656 ad
1743 600 2064 656 sumendum
2077 596 2157 654 ci-

554 702 683 758 bum
721 698 1042 767 frangimus.

633 788 796 846 Vens.
826 788 921 853 42,
951 789 1047 843 43.
1114 804 1135 838 ι
1164 783 1399 840 Ifilitum
1423 794 1607 839 autem
1643 782 1933 839 consilium
1962 782 2066 837 fuit
2094 789 2157 836 ut

555 883 834 939 custodias
862 880 1178 936 occiderent
1207 895 1223 933 :
1258 893 1327 933 ne
1353 878 1501 947 quis,
1535 891 1659 932 cum
1687 885 1989 940 enatasset,
2013 873 2151 930 eﬂ’u—

555 983 731 1050 geret.
792 971 1053 1028 Centurio
1106 979 1326 1037 autem,
1378 967 1574 1024 volens
1629 982 1854 1024 servare
1906 965 2152 1033 Paulum,

555 1066 836 1142 prohibuit
872 1064 1010 1120 ﬁeri.
1041 1083 1060 1117 ι

630 1160 844 1215 Rursus
873 1157 1173 1212 notandum
1217 1153 1363 1224 quod
1393 1150 1585 1206 volens
1619 1150 1822 1207 occidit
1854 1148 2151 1216 homicida,

556 1268 669 1308 non
725 1260 921 1305 autem'
960 1247 1074 1302 fato
1132 1246 1220 1300 vel
1268 1243 1594 1315 prohibente
1652 1243 1737 1299 vel
1791 1242 2150 1312 impellente:

557 1357 687 1399 ecce
737 1341 883 1397 enim
910 1380 926 1405 ,
974 1338 1207 1395 consilio
1252 1336 1429 1403 inito,
1490 1337 1557 1390 ad
1599 1336 1923 1405 patrandam
1950 1335 2152 1391 ctedem

567 1446 763 1508 sponte
781 1450 878 1490 sua
903 1434 1262 1499 devenerunt,
1295 1440 1373 1493 et,
1398 1430 1585 1485 audito
1603 1429 1944 1493 centurione,
1963 1436 2155 1499 sponte

560 1528 726 1583 etiam
751 1543 848 1582 sua
879 1531 1265 1587 cessaverunt,
1299 1522 1425 1593 quia
1458 1536 1646 1577 eorum
1674 1530 1793 1576 erat
1816 1536 1925 1575 non
1945 1520 2154 1575 obtem-

559 1634 785 1687 perare,
839 1632 963 1673 cum
999 1616 1153 1671 multi
1180 1624 1371 1671 essent
1404 1623 1459 1672 et
1488 1614 1663 1671 fortes
1698 1625 1754 1669 et
1782 1616 2014 1681 armati;
2055 1612 2152 1668 sed

562 1709 813 1765 voluntas
847 1720 907 1764 et
933 1708 1013 1764 sui
1044 1707 1251 1763 arbitra
1279 1708 1421 1762 ratio
1464 1721 1583 1778 qua:
1606 1704 1720 1760 vult
1750 1704 1917 1774 facit,
1952 1713 2007 1760 et
2031 1719 2153 1776 quae

562 1817 671 1857 non
718 1800 835 1855 vult
890 1815 996 1856 non
1050 1798 1224 1867 facit;
1296 1799 1565 1856 insulsum
1609 1797 1774 1870 igitur
1815 1806 1899 1855 est
1946 1796 2150 1869 aliquid

562 1894 631 1953 de
660 1893 916 1950 inanibus
940 1891 1126 1948 verbis
1156 1891 1423 1964 cogitare.

1150 2099 1305 2157 CAP.
1336 2097 1576 2155 XXVIII.

635 2220 804 2276 Vsus.
835 2218 891 2274 5.
952 2235 973 2270 ι
1025 2217 1093 2273 Ει
1144 2216 1235 2273 ille
1273 2215 1535 2286 quidem,
1587 2215 1875 2270 excutiens
1923 2212 2151 2270 bestiam

562 2315 619 2369 in
653 2312 856 2382 ignem,
892 2309 1029 2367 nihil
1059 2309 1185 2365 mali
1222 2324 1414 2381 passus
1441 2318 1549 2365 est.
1576 2328 1596 2362 ι

620 2404 742 2463 .Ille
775 2405 988 2478 quidem
1032 2405 1298 2458 excutiens
1338 2402 1554 2457 bestiam
1608 2402 1662 2457 in
1694 2402 1866 2473 ignem
1908 2415 1927 2455 :
1970 2399 2155 2456 ﬁdeles

564 2502 710 2558 enim
743 2501 1005 2557 omnibus
1035 2497 1541 2569 impugnationibus
1572 2494 1812 2565 majores
1836 2503 1960 2547 sunt
1987 2532 2003 2561 ,
2039 2493 2156 2549 sive

563 2597 631 2651 ab
657 2594 963 2651 hominibus
994 2592 1109 2649 sive
1142 2609 1173 2648 a
1203 2590 1388 2648 bestiis
1405 2589 1537 2656 sint,
1567 2598 1624 2644 et
1647 2595 1774 2645 sunt
1802 2584 1907 2642 diis
1929 2585 2154 2651 similes,

563 2684 708 2740 sicut
732 2684 869 2740 dicit
893 2680 1181 2751 Scriptura
1229 2694 1247 2734 :
1292 2677 1404 2746 Ego
1434 2678 1548 2732 diti
1575 2689 1597 2732 :
1630 2676 1721 2731 Dii
1748 2679 1914 2731 estis:
1942 2690 2033 2730 vos
2060 2691 2159 2729 au-

565 2790 693 2841 tem,
716 2785 941 2849 pr0pler
956 2774 1413 2838 incredulitatem,
1437 2782 1492 2824 ut
1514 2771 1752 2825 homines
1770 2768 2067 2824 moriemini
2088 2769 2153 2824 ".

565 2868 752 2940 Itaque
805 2867 1033 2923 Barbari
1068 2866 1314 2921 videntes
1346 2864 1476 2936 quia
1511 2878 1616 2918 non
1655 2871 1963 2918 moreretur
1984 2899 2001 2924 ,
2059 2860 2157 2915 sed

563 2972 771 3018 certam
803 2970 1036 3016 mortem
1067 2957 1354 3028 eﬁ‘ugeret,
1400 2969 1524 3010 eum
1562 2969 1660 3024 pro
1688 2951 1800 3008 Deo
1827 2952 2155 3017 habuerunt,

563 3070 781 3111 omnem
808 3053 1115 3125 quicunque
1140 3049 1405 3107 mirabilia
1427 3047 1632 3104 faceret
1660 3045 1829 3101 Deum
1856 3056 2046 3115 putare
2067 3060 2159 3101 so-

566 3147 686 3214 liti;
712 3160 820 3215 quo
849 3144 1015 3200 etiam
1043 3142 1204 3199 modo
1235 3140 1496 3211 antiquos
1522 3140 1654 3195 deos
1674 3138 2149 3205 existimaverunt,

2260 594 2556 666 μείναντας
2584 613 2598 627 ο
2626 596 2708 650 διό
2739 612 2823 649 σοι
2849 595 3009 661 δόξαν
3032 596 3476 669 ἀναπέμποντες,
3504 597 3733 671 κλῶμεν
3753 598 3845 656 τὸν

2255 690 2420 762 ἄρτον
2442 690 2535 744 ἐπὶ
2567 690 2646 761 τῷ
2675 692 2971 761 μετασχεῖν
2999 690 3232 763 τροφῆς.

2333 802 2355 836 s
2394 782 2518 837 Τῶν
2544 784 2602 838 δὲ
2653 783 3007 856 στρατιωτῶν
3036 786 3072 858 ή
3121 782 3290 856 βουλὴ
3338 784 3556 854 ἐγένετο
3597 784 3688 839 τνα
3719 786 3845 851 τοῦς

2255 875 2544 948 δεσμώτας
2581 876 2954 931 ἀποκτείνωσι
2977 918 2994 944 ,
3041 878 3117 949 μή
3146 894 3232 942 τις
3263 877 3691 949 ἐκκολυμϐήσας
3731 878 3842 933 δια-

2255 970 2426 1044 φύγῃ.
2474 971 2533 1025 '0
2561 970 2615 1024 δὲ
2641 971 3052 1043 ἑκατοντάρχης
3084 970 3414 1042 βουλόμενος
3452 970 3728 1026 διασῶσαι
3754 972 3844 1026 τὸν

2257 1063 2494 1130 Παῦλον,
2527 1062 2808 1118 ἐκώλυσεν
2832 1063 3035 1127 αὐτοὺς
3069 1065 3169 1119 τοῦ
3201 1062 3568 1135 βουλήματος.
3605 1082 3626 1115 ι

2328 1156 2672 1229 Σημειωτέον
2703 1155 2867 1211 πάλιν
2908 1155 2993 1209 ὅτι
3041 1153 3185 1208 ἑκών
3214 1171 3299 1218 τις
3330 1152 3547 1222 φονεύει
3593 1154 3718 1209 τινὰ
3742 1193 3759 1218 ,
3782 1156 3843 1210 οὐ

2255 1248 2355 1320 τῆς
2386 1248 2735 1321 εἱμαρμένης
2765 1246 3085 1318 κωλυούσης
3114 1245 3275 1300 τοῦτο
3314 1246 3608 1316 γενέσθαι,
3643 1247 3679 1317 ῆ
3711 1263 3841 1319 προ-

2253 1338 2636 1410 τρεπομένηςο
2666 1338 2794 1407 ξίδοὺ
2825 1339 2935 1409 γὰρ
2979 1336 3336 1409 βουληθέντες
3386 1337 3636 1407 πρᾶξαι,
3679 1332 3841 1410 ἦλθον

2254 1431 2350 1484 ἐπὶ
2380 1430 2442 1484 τὸ
2474 1430 2634 1502 ἔργον
2668 1430 2765 1484 τοῦ
2805 1430 2969 1502 φόνου
3011 1429 3351 1494 αὑτόϐουλοι,
3379 1432 3477 1484 καὶ
3506 1431 3843 1495 ἀκούσαντες

2252 1522 2350 1576 τοῦ
2402 1523 2843 1595 ἑκατοντάρχου,
2904 1522 3070 1577 πάλιν
3119 1523 3340 1586 ἑκόντες
3387 1522 3723 1587 ἐπαύσαντο,
3768 1522 3842 1587 ὼς

2253 1612 2383 1687 ἐξῆν
2408 1614 2625 1679 αὐτοὺς
2643 1615 2720 1686 μὴ
2750 1613 3067 1685 πεισθῆναι,
3101 1614 3332 1678 πολλοὺς
3362 1615 3523 1680 ὂντας
3556 1616 3658 1669 καὶ
3688 1618 3843 1687 ίσχυ-

2255 1709 2385 1781 poi);
2409 1708 2505 1762 καὶ
2530 1708 2898 1779 ξιφηφόρους·
2920 1706 3105 1779 ’ἀλλ’ἢ
3136 1706 3303 1779 βουλὴ
3333 1714 3427 1762 καὶ
3449 1710 3484 1780 ἡ
3516 1708 3842 1779 αὐθαίρετος

2253 1800 2447 1872 γνώμη
2478 1800 2587 1855 καὶ
2625 1802 2857 1872 πράττει
2888 1799 2924 1854 ἅ.
2958 1799 3126 1864 θέλει,
3175 1801 3270 1853 καὶ
3304 1800 3363 1853 οὐ
3424 1801 3661 1867 πράττει
3698 1799 3735 1853 ἃ
3768 1800 3842 1869 μὴ

2258 1892 2546 1966 βούλεταν
2596 1891 2784 1963 μωρὸν
2829 1886 2924 1946 οῦν
2952 1891 3013 1945 τὸ
3042 1890 3397 1964 ἐνθυμεῖσθαί
3428 1910 3483 1947 τι
3534 1892 3667 1966 περὶ
3715 1893 3843 1947 ἁσυ-

2256 1985 2470 2040 στάτων
2490 1983 2794 2057 ὀνομάτων.

2824 2098 3082 2157 ΚΕΦΑΛ.
3127 2099 3238 2155 ΚΠ¹
3254 2140 3270 2156 .

2330 2238 2351 2271 ι
2404 2218 2464 2272 '0
2523 2216 2623 2289 μὶν
2669 2211 2765 2272 οῦν
2807 2216 3281 2288 ἀποτιναξάμενος
3326 2215 3389 2271 τὸ
3422 2215 3613 2289 θηρίον
3662 2216 3745 2281 είς
3780 2216 3843 2271 τὸ

2255 2312 2390 2384 πῦρ,
2422 2310 2628 2366 ἔπαθεν
2659 2310 2815 2365 οὐδὲν
2841 2310 3033 2365 κακόν.
3070 2329 3090 2362 ι

2336 2406 2402 2459 '0
2425 2403 2557 2476 ξμὲν
2595 2399 2711 2461 οὖν
2757 2403 3280 2473 ἀποτιναεάμενος
3308 2406 3374 2458 τὸ
3412 2404 3627 2472 θηρίον
3653 2405 3743 2470 εἰς
3772 2403 3842 2458 τὸ

2256 2500 2408 2569 πῦρο
2460 2498 2512 2552 οἱ
2541 2498 2652 2570 γάρ
2683 2497 2866 2551 πιστοὶ⁵
2911 2496 3201 2569 κρείττους
3234 2496 3345 2550 είσὶ
3377 2496 3564 2566 πάσης
3616 2495 3843 2549 επιϐου-

2256 2590 2377 2661 λῆς,
2400 2588 2516 2643 εἴτε
2538 2587 2646 2643 ὑπὸ
2672 2587 3001 2660 ἀνθρώπων,
3023 2587 3137 2640 είτε
3163 2585 3270 2641 ὑπὸ
3293 2586 3501 2659 θηρίων
3522 2586 3843 2657 γινομένης.

2258 2684 2353 2740 καὶ
2401 2682 2581 2755 ὅμοιοί
2616 2680 2724 2736 είσι
2755 2679 2935 2744 θεοῖς,
2968 2678 3155 2745 καθὼς
3185 2680 3282 2734 καλ⁸
3327 2681 3362 2751 ἡ
3413 2679 3605 2751 Γραφή
3628 2693 3644 2707 ⁸
3700 2677 3845 2747 Ἐγὼ

2257 2772 2397 2831 εἶπα
2418 2791 2434 2808 ο
2469 2774 2604 2829 Θεοί
2627 2774 2789 2828 ἐστιν
2815 2773 2975 2843 ὑμεῖς
2997 2772 3055 2826 δὲ
3076 2772 3106 2812 δ
3125 2771 3195 2825 δι’
3222 2771 3506 2836 ἀπιστίαν,
3533 2772 3610 2834 ὡς
3630 2769 3846 2841 ivlith

2259 2886 2352 2922 ποι
2371 2866 2637 2933 θνήσκετε
2659 2876 2708 2920 ο.
2725 2864 2818 2919 Διδ
2837 2866 2934 2919 καὶ
2950 2865 3000 2917 οί
3025 2865 3299 2937 Βαρσαροι
3324 2863 3631 2935 ἑωρακότες
3652 2861 3846 2918 τοῦτον

2263 2959 2338 3032 μὴ
2371 2956 2753 3023 ἀποθανόντα,
2786 2956 2904 3012 ἀλλ’
2936 2956 3247 3027 ἐκφυγόντα
3274 2956 3367 3010 τὸν
3398 2954 3705 3027 ἀμφίϐολον
3746 2953 3817 3009 id

2259 3067 2444 3116 νατον,
2486 3050 2622 3104 Θεὸν
2669 3048 2836 3105 αὐτὸν
2865 3046 3128 3117 ἐνόμισαν
3174 3041 3340 3110 εἶναι,
3370 3045 3445 3111 ὼς
3476 3045 3596 3110 Ξθος
3625 3046 3849 3117 ἔχοντες

2262 3142 2444 3197 πάντα
2490 3140 2584 3195 τὸν
2635 3138 2898 3195 ποιοῦντά
2950 3156 3005 3192 τι
3052 3138 3361 3211 παράδοξον
3394 3138 3530 3191 Θεδν
3559 3138 3846 3209 νομίζειν⁶

566 3209 683 3292 sive
714 3209 935 3307 propter
963 3233 1159 3288 virium
1190 3209 1566 3305 praestantiam
1612 3229 1812 3301 quibus
1854 3229 1975 3286 ﬁeri
2000 3229 2149 3285 vide-

2256 3235 2446 3307 ὦσπερ
2498 3234 2594 3288 καὶ
2637 3234 2764 3297 τοὺς
2804 3230 3075 3295 παλαιοὺς
3123 3209 3282 3296 θεοὺς
3333 3229 3642 3302 ὠνόμαζον,
3683 3230 3719 3301 ἦ
3777 3229 3847 3282 δι’

567 3330 698 3383 bant
740 3341 905 3396 supra
950 3325 1202 3396 proprias
1244 3324 1411 3389 vires,
1458 3332 1518 3379 ut
1554 3331 1685 3395 puta
1715 3320 2001 3379 Herculem
2050 3322 2153 3378 Se-

567 3419 737 3475 meles
786 3417 977 3483 ﬁlium,
1010 3416 1092 3473 vel
1120 3432 1216 3488 per
1267 3416 1498 3488 magiam
1557 3416 1930 3486 spectantibus
1978 3417 2154 3472 admi-

569 3511 831 3567 rationem
878 3510 1124 3574 cientes,
1182 3508 1361 3579 qualis
1400 3507 1503 3563 fuit
1551 3507 1606 3563 in
1651 3506 1899 3564 Samaria
1936 3507 2151 3566 Simon.

568 3600 962 3657 Existimabam
993 3617 1113 3655 eum
1145 3601 1198 3654 in
1221 3612 1482 3655 tumorem
1505 3603 1937 3657 convertendum.

643 3693 809 3751 Vsus.
827 3692 883 3748 8.
927 3710 948 3746 ι
980 3693 1224 3764 Coutigit
1245 3704 1428 3748 autent
1463 3692 1642 3749 Publii
1674 3703 1881 3765 patrem
1910 3693 2155 3752 febribus

569 3796 627 3843 ct
653 3786 957 3859 dysenteria
982 3795 1241 3842 vexatum
1265 3783 1473 3853 jacere,
1492 3786 1559 3840 ad
1578 3801 1739 3856 quem
1761 3785 1962 3842 Paulus
1981 3787 2153 3841 intra-

568 3880 652 3936 vit
680 3898 695 3935 :
724 3890 778 3936 et
807 3895 929 3935 cum
955 3887 1190 3943 orasset,
1224 3888 1281 3933 et
1305 3877 1657 3949 imposuisset
1680 3879 1731 3934 ci
1756 3895 1966 3945 manus,
1996 3895 2157 3935 sana-

568 3972 649 4026 vit
673 3986 819 4027 eum.
846 3988 867 4023 ι

642 4061 967 4133 Dysenteria
1004 4071 1200 4119 sanatu
1226 4060 1463 4118 diﬁicilis
1488 4062 1737 4131 morbus;
1775 4063 1865 4135 qui
1895 4079 1991 4134 per
2011 4062 2155 4119 Pau-

570 4154 681 4209 lum
704 4154 1045 4210 sanationem
1068 4163 1383 4226 acceperat,
1414 4154 1461 4209 is
1485 4154 1686 4211 multos
1703 4156 1771 4210 ad
1790 4155 1949 4211 ﬁdem
1967 4157 2152 4223 duxit;

572 4246 758 4317 itaque
805 4246 922 4301 fere
957 4261 1173 4318 semper
1219 4246 1479 4303 miracula
1517 4246 1573 4303 in
1604 4247 1911 4304 inﬁdelibus
1943 4257 1999 4305 et
2026 4264 2154 4320 pro-

572 4343 694 4405 pter
722 4334 964 4390 inﬁdeles
991 4345 1304 4405 patrantur.

642 4425 811 4483 Vsus.
832 4426 922 4483 13.
982 4445 1002 4480 ι
1038 4427 1105 4483 Et
1156 4438 1279 4500 post
1320 4430 1464 4487 diem
1510 4445 1704 4498 unum,
1749 4429 1915 4489 flante
1944 4443 2153 4503 austro,

572 4517 810 4576 secunda
840 4519 926 4574 die
957 4519 1200 4575 venimus
1224 4520 1496 4580 Puteolos.
1525 4542 1545 4576 ι

644 4610 720 4665 Ita
748 4610 997 4667 celeriter
1015 4614 1269 4669 currebat
1292 4614 1415 4671 ﬁdei
1443 4617 1495 4671 in
1519 4616 1803 4676 Christum
1826 4622 2159 4695 praedicatio,

574 4713 634 4759 ut
666 4700 893 4758 Romam
919 4719 1091 4775 usque
1114 4706 1227 4773 jam
1261 4709 1576 4775 pervenerit
1605 4718 1661 4764 et
1683 4709 1929 4768 ﬂoruerit
1948 4752 1964 4777 ,
1994 4716 2161 4772 etiam

573 4806 699 4849 ante
747 4794 1039 4850 adventum
1066 4793 1261 4863 Pauli;
1322 4812 1515 4868 magna
1548 4809 1730 4855 autem
1774 4801 1943 4859 Paulo
1972 4803 2161 4862 Iustitia

577 4885 791 4941 ﬁdelem
813 4887 1020 4954 videre,
1040 4896 1096 4943 et
1121 4886 1232 4944 Deo
1259 4890 1467 4957 gratias
1488 4891 1685 4962 agebat
1711 4903 1996 4964 pronterea
2017 4899 2162 4969 quod

576 4978 631 5034 in
661 4994 784 5035 eum
805 4981 1144 5050 pervenisset
1174 4977 1271 5037 Dei
1297 4982 1559 5055 dignatio.

651 5154 925 5215 νωθής).
971 5177 991 5212 ι
1031 5158 1544 5219 Contradicentibus
1590 5173 1769 5220 autem
1799 5163 2023 5237 Iudaeis,
2060 5183 2156 5226 co-

574 5254 730 5304 actus
750 5263 870 5303 sum
906 5252 1176 5329 appellare
1205 5255 1500 5312 Czcsarem.
1525 5272 1545 5307 ι

642 5340 949 5399 Notandum
990 5346 1169 5402 denuo
1205 5358 1290 5404 est
1335 5364 1441 5404 non
1474 5348 1649 5405 solum
1690 5349 1910 5423 scriptis
1948 5351 2160 5424 legibus

574 5442 669 5490 aut
716 5435 988 5493 mandatis
1022 5436 1206 5495 ﬁdeles
1237 5450 1490 5512 oportere
1510 5456 1738 5513 parere,
1774 5444 2080 5515 quicunque
2102 5445 2158 5501 in

571 5525 850 5584 Christum
876 5529 1126 5600 credunt,
1143 5532 1240 5589 sed
1268 5532 1432 5591 etiam
1454 5535 1698 5592 moribus
1723 5551 1737 5589 :
1761 5536 1903 5605 quod
1932 5537 2151 5608 proprie

648 5688 694 5720 ⁸⁹
721 5685 868 5743 Psal.
900 5704 1092 5758 Lust,
1120 5690 1177 5762 6,
1206 5693 1262 5749 7.

644 5842 763 5946 ξε.
795 5846 965 5923 (λδή.
1005 5859 1066 5927 ,ε
1096 5848 1160 5909 C.
1190 5847 1254 5909 C.
1280 5849 1691 5924 ἀποθνήσκετε.
1732 5849 1799 5930 n‘
1826 5849 1890 5912 Co
1914 5849 1977 5912 Co
2004 5852 2229 5925 μαγίαις.

2259 3328 2415 3399 ἰσχὺν
2443 3325 2707 3398 περισσόν
2732 3342 2785 3379 τι
2823 3324 2932 3378 τῶν
2968 3323 3091 3377 καθ’
3111 3324 3342 3387 ἑαυτοὺς
3375 3322 3694 3386 ποιοῦντας,
3727 3316 3841 3385 οἷος

2254 3415 2323 3493 ἦν
2352 3421 2381 3474 6
2420 3417 2696 3491 Ἡρακλῆς
2725 3419 2754 3472 6
2778 3418 2843 3471 ὲκ
2885 3416 3161 3487 Σεμέλης·
3216 3418 3250 3489 ἢ
3290 3417 3380 3472 διὰ
3424 3416 3661 3489 μαγείαν
3685 3414 3718 3454 ἀ
3757 3414 3847 3479 EE-

2259 3512 2492 3568 ιστάνων
2521 3512 2649 3576 τοὺς
2676 3510 2944 3582 ὁρῶντας*
2965 3505 3076 3576 οἷος
3090 3507 3160 3583 ἦν
3180 3512 3209 3565 6
3237 3510 3422 3583 Σίμων
3452 3511 3512 3564 ὲν
3534 3510 3840 3581 Σαμαρείᾳ..

2254 3604 2649 3675 Προσεδόκων
2679 3602 2935 3673 μέλλειν
2962 3602 3392 3673 ἐμπιπρασθαι.

2240 3760 2241 3763 η
2333 3716 2352 3750 ι
2404 3694 2660 3765 Ἐγένετο
2696 3696 2755 3749 δὲ
2795 3694 2891 3749 τὸν
2921 3695 3137 3767 πατέρα
3172 3693 3266 3749 τοῦ
3307 3694 3543 3749 Ποπλίου
3582 3698 3847 3768 πυρετοῖς

2255 3788 2354 3843 καὶ
2380 3786 2701 3858 δυσεντερίᾳ
2733 3785 3103 3857 κατεχόμενον
3133 3785 3495 3839 κατακεῖσθαι
3512 3803 3527 3817 ο
3561 3786 3701 3858 πρὸς
3729 3786 3789 3841 δν
3816 3788 3847 3841 6

2258 3881 2472 3945 Παῦλος
2518 3878 2800 3946 εἰσελθὼν,
2844 3880 2940 3933 καὶ
2970 3877 3437 3951 προσευξάμενος,
3478 3880 3696 3946 ἐπιθεὶς
3743 3881 3846 3945 τὰς

2256 3974 2449 4046 χεῖρας
2479 3970 2674 4035 αὑτοῦ,
2706 3971 2897 4025 ίάσατο
2922 3972 3109 4026 αὐτόν.
3148 3990 3167 4024 ι

2328 4062 2664 4134 Δυσεντερία
2699 4063 2760 4116 τὸ
2792 4061 3044 4117 δυσίατον
3077 4062 3174 4117 τοῦ
3202 4062 3440 4127 πάθως’
3477 4064 3626 4117 ίασιν
3654 4062 3843 4117 λαϐὼν

2255 4154 2344 4210 διὰ
2383 4154 2478 4208 τοῦ
2521 4154 2739 4209 Παύλου
2795 4154 3027 4221 πολλοὺς
3058 4158 3139 4220 είς
3192 4157 3378 4211 πίστιν
3425 4157 3665 4228 ἧγαγενο
3699 4156 3844 4211 ὥστε

2256 4242 2352 4303 οῦν
2376 4247 2466 4304 ἀεὶ
2496 4248 2565 4301 τὰ
2590 4250 2793 4319 σημεῖα
2823 4250 2882 4303 ὲν
2910 4251 3023 4313 τοῖς
3051 4249 3305 4314 ἀπίστοις
3332 4250 3424 4303 καὶ
3447 4249 3538 4303 διά
3561 4249 3690 4314 τοὺς
3714 4249 3821 4303 άπί

2259 4357 2419 4404 στους
2458 4338 2535 4403 ὼς
2569 4340 2865 4395 ἔπιτοπολὺ
2886 4340 3132 4410 γίνεται.

2337 4450 2355 4483 ι
2395 4431 2507 4485 Καὶ
2537 4429 2680 4501 μετὰ
2708 4432 2837 4503 μίαν
2859 4434 3073 4505 ἡμέραν
3096 4434 3488 4506 ἐπιγενομένου
3512 4436 3691 4504 νότου,
3717 4435 3813 4489 δευ

2185 4556 2233 4614 ι)
2258 4527 2465 4595 τεραῖοι
2495 4525 2732 4614 ἤλθομεν
2762 4528 2843 4590 είς
2862 4527 3172 4591 Ποτιόλους.
3212 4546 3232 4580 ι

2334 4615 2607 4670 Τοσοῦτον
2647 4613 2714 4689 ἦν
2760 4617 3062 4690 διαδραμὸν
3107 4620 3170 4673 τὸ
3208 4620 3307 4691 τῆς
3345 4620 3582 4684 πίστεως
3625 4620 3727 4691 τῆς
3765 4624 3841 4686 είς

2259 4706 2497 4779 Χριστὸν
2529 4707 2813 4779 κήρυγμα,
2843 4710 2926 4763 ὅτι
2957 4710 3021 4782 δὴ
3057 4712 3152 4765 καὶ
3177 4711 3306 4784 ἄχρι
3347 4711 3567 4784 Ῥώμης
3594 4709 3664 4785 ἦν
3703 4713 3839 4785 φθάο

2264 4816 2365 4854 σαν
2404 4799 2501 4855 καὶ
2535 4802 2860 4873 ὲνεργῆσαν,
2890 4803 2985 4857 καλ⁸
3016 4803 3125 4875 πρὸ
3148 4804 3254 4875 τῆς
3277 4804 3373 4858 τοῦ
3400 4804 3620 4859 Παύλου
3653 4806 3843 4876 ἐπιδηο

2263 4892 2425 4964 μίας·
2478 4892 2624 4965 χαρά
2654 4888 2721 4961 ἦν
2760 4893 2838 4964 τῷ
2886 4893 3083 4965 Παύλῳ
3117 4896 3329 4967 μεγάλη
3362 4895 3425 4950 τὸ
3451 4898 3587 4968 όρᾷν
3624 4897 3843 4961 πιστὸν,

2261 4984 2362 5041 καὶ
2404 4984 2480 5050 ὼς
2514 4986 2595 5053 είς
2635 4985 2800 5040 αὐτὸν
2844 4986 3155 5059 φθανούσης
3183 4989 3279 5059 τῆς
3317 4988 3641 5062 εὐεργεσίας
3665 4988 3844 5062 ηὐχα-

2262 5077 2459 5148 ρίστει.
2927 5087 2931 5091 ’

2338 5188 2358 5223 ι
2415 5168 2837 5237 ’Δντιλεγόντων
2879 5168 2938 5223 δὲ
2986 5169 3095 5224 τῶν
3148 5169 3440 5237 Ἰουδαίων,
3486 5170 3845 5243 ἠναγκάσθην

2256 5261 2693 5317 ἱπικαλέσασθαι
2728 5260 3004 5332 Καίσαρα.
3038 5280 3057 5313 ι

2331 5352 2677 5425 Σημειωτέον
2706 5352 2869 5408 πάλιν
2902 5354 2985 5407 ὅτι
3020 5354 3080 5407 οὐ
3116 5353 3278 5422 μόνον
3313 5354 3618 5427 ἐγγράφοις
3651 5355 3842 5426 νόμοις

2257 5445 2377 5517 ἦτοι
2408 5443 2809 5517 παραγγελίαις
2836 5444 2921 5499 δεῖ
2947 5445 3097 5516 ἡμᾶς
3145 5444 3461 5516 πειθαρχεῖν
3493 5445 3622 5508 τοὺς
3648 5446 3715 5516 τῇ
3746 5446 3842 5499 πί·

2263 5552 2381 5591 στει
2414 5536 2482 5608 τῇ
2515 5536 2597 5601 είς
2630 5534 2868 5607 Χριστὸν
2894 5534 3275 5604 πιστεύοντας,
3315 5535 3452 5591 ἀλλὰ
3477 5534 3703 5601 καὶτοῖς
3722 5533 3841 5589 ιϐι-
