4130 6530
318 359 456 425 1505
1211 359 1673 423 FRAGMENTA
1712 363 1793 425 IN
1833 365 2020 425 ACTA
2061 363 2642 426 APOSTOLORUM.
3453 365 3592 430 1008

317 491 435 530 σιν’
468 475 608 549 ὅπερ
637 477 844 550 κυρίως
882 479 1032 534 ἐστὶν
1065 479 1345 554 ἔγγραφος
1378 496 1400 524 ο
1431 483 1592 554 νόμος
1620 498 1633 511 °
1666 481 1898 552 ἁρμόζει

2003 490 2085 534 est
2123 480 2203 535 lex
2263 497 2368 534 non
2419 481 2640 550 scripta.
2678 478 2889 549 Pugnat
2933 494 3096 551 porro
3154 490 3344 537 contra
3371 496 3468 539 eos
3496 483 3589 553 qui
3654 465 3658 469 ’

315 568 460 624 κατὰ
501 568 612 623 τῶν
641 570 710 625 τὰ
758 571 856 643 ἔθη
890 573 990 643 τῆς
1029 573 1355 645 Ἐκκλησίας
1382 573 1898 645 πολυπραγμονοῦν·

2011 571 2272 629 Ecclesia:
2297 586 2477 625 mores
2509 572 2782 627 curiosius
2804 583 3120 629 scrutantur
3151 584 3209 630 et
3241 573 3591 643 uniuscujus-

314 681 425 717 των
455 665 549 718 καὶ
579 662 842 736 λογισμὸν
870 664 966 736 ἀφ’
998 665 1233 720 ἑκάστου
1264 664 1595 738 ζητούντων,
1635 666 1670 738 ἢ
1698 665 1898 736 ἔγγρα-

2008 680 2114 735 que
2150 666 2417 721 rationem
2451 666 2824 736 expostulent,
2854 676 2950 720 aut
2978 667 3250 722 novitates
3282 667 3427 722 inter
3456 668 3593 723 scri-

316 771 415 825 φον
480 755 781 827 παράδοσιν
825 756 1174 828 καινοτομίας
1230 759 1476 829 εἰσάγειν
1540 758 1904 827 πειρωμένων

313 847 457 901 κατὰ
514 845 615 919 τὴν
663 847 890 920 ἄκριτον
939 846 1120 901 αὐτῶν
1169 847 1386 919 βουλήν.
1444 848 1897 917 Ἀντιλεγόντων

326 938 633 993 Ἰουδαίων
652 937 1051 1009 ἠναγκάσθην
1076 938 1558 995 ἐπικαλέσασθαι
1588 939 1859 1007 Καίσαρα
1876 953 1893 969 θ

313 1027 469 1092 εἰδὼς
507 1030 536 1082 6
578 1029 790 1095 Παῦλος
834 1032 917 1085 ὃτι
947 1030 1150 1085 ἄτοπον
1185 1025 1254 1102 ἦν
1297 1029 1433 1095 ὅλως
1480 1030 1500 1069 ί
1529 1030 1896 1095 δικάσασθαι,

315 1123 411 1175 καὶ
447 1121 684 1192 μάλιστα
716 1122 868 1194 παρὰ
896 1122 1134 1194 ἀπίστῳ,
1167 1122 1300 1193 περὶ
1338 1122 1669 1193 ἀμφοτέρων
1700 1121 1899 1176 ἀπολο-

314 1215 514 1282 γεῖται,
542 1214 625 1267 ὅτι
651 1212 777 1267 οῦτε
806 1214 957 1281 παρὰ
975 1214 1066 1267 τὸν
1092 1216 1482 1286 νενομισμένον
1499 1212 1737 1285 πράξας,
1766 1212 1905 1269 ἀλλὰ

318 1304 753 1375 συκοφαντηθεὶς
782 1304 1091 1378 ἁνεκλήθην
1125 1306 1232 1359 ὑπὸ
1269 1304 1563 1369 Ἰουδαίων,
1598 1305 1723 1360 οὔτε
1759 1304 1901 1360 ἑκὼν

314 1396 742 1469 ιπεκαλεσάμην
776 1397 1055 1469 Καίσαρα,
1086 1396 1204 1453 ἀλλ’
1251 1398 1434 1453 αὐτῶν
1460 1398 1771 1454 δεδωκότων
1798 1399 1900 1473 τὴν

313 1490 529 1546 αἰτίαν
561 1490 678 1545 ἀνθ’
721 1482 796 1543 ὧν
828 1490 930 1544 οὐκ
968 1490 1251 1561 ἠνείχοντο
1273 1530 1289 1556 ,
1328 1488 1453 1544 οῦτε
1490 1490 1633 1545 κατὰ
1675 1490 1769 1545 τὸν
1798 1490 1901 1558 τῆς

329 1581 658 1654 Ἐκκλησίας
687 1582 852 1653 νόμον
877 1582 1101 1637 δικάσαι
1135 1601 1248 1655 μοι,
1292 1582 1414 1637 οὔτε
1437 1587 1556 1647 ταῖς
1583 1583 1692 1637 τῶν
1711 1584 1902 1656 ἀρχόν-

314 1692 424 1729 των
455 1674 827 1746 πειθαρχῆσαι
869 1675 1120 1746 ἐννόμοις
1169 1675 1528 1745 ἀποφάσεσι·
1561 1675 1750 1730 εἵνεκα
1792 1676 1900 1748 γὰρ

313 1766 415 1836 τῆς
459 1766 674 1830 ἐλπίδος
702 1767 799 1820 τοῦ
847 1765 1104 1839 Ἰσραὴλ,
1148 1767 1248 1838 μία
1282 1766 1393 1840 γὰρ
1427 1763 1499 1839 ἦν
1538 1767 1695 1833 ἐλπὶς
1728 1786 1900 1840 σωτη-

2007 766 2126 827 ptas
2154 758 2479 813 traditiones
2507 773 2729 827 ponere,
2768 758 3064 813 secundum
3097 759 3465 823 inordinatam
3496 774 3590 815 vos

2005 847 2298 905 luntatetn.
2362 849 2858 905 Contradicentibus
2910 850 3156 918 luditis,
3212 862 3427 908 coactus
3474 867 3580 907 sunt

2004 942 2270 1012 appellare
2305 940 2591 997 Caesarem.
2658 942 2851 998 Sciens
2891 941 3093 998 Paulus
3135 944 3431 999 absurdum
3469 958 3592 999 esse

2003 1049 2064 1090 se
2087 1032 2344 1104 judicari,
2377 1034 2675 1104 praesertim
2698 1045 2878 1090 autem
2908 1038 2976 1089 ab
3006 1035 3235 1099 infideli,
3270 1036 3339 1090 de
3363 1046 3594 1106 utroque

2004 1140 2066 1180 se
2098 1124 2338 1181 defendit
2371 1143 2385 1180 :
2418 1140 2524 1179 non
2560 1123 2694 1194 legis
2718 1126 3177 1195 transgressione,
3210 1128 3304 1183 sed
3330 1143 3362 1183 a
3389 1126 3595 1193 Judaei;

2010 1217 2374 1271 calumniatus
2402 1217 2694 1288 appellavi,
2732 1232 2906 1288 neque
2935 1218 3167 1275 libenter
3196 1219 3465 1276 Caesarem
3492 1236 3591 1290 ap-

2009 1309 2248 1379 pellavi;
2299 1309 2398 1363 sed
2434 1308 2507 1362 illi
2553 1322 2639 1363 me
2663 1321 2991 1379 coegerunt,
3040 1311 3297 1381 quoniam
3328 1327 3432 1366 non
3461 1329 3590 1384 pas-

2008 1399 2052 1454 si
2099 1411 2227 1455 sunt
2269 1415 2355 1455 me
2390 1397 2539 1468 juxta
2565 1399 3011 1455 consuetudinem
3050 1401 3302 1458 Ecclesice
3327 1402 3588 1474 iudicari,

2006 1502 2060 1547 et
2100 1492 2352 1564 legitimis
2388 1491 2691 1563 principum
2719 1492 3006 1547 sententiis
3033 1493 3288 1559 obedire;
3340 1510 3459 1565 qua:
3486 1497 3588 1553 feci

2005 1587 2075 1644 ob
2103 1603 2251 1656 spem
2285 1584 2454 1641 Israel
2483 1603 2498 1639 :
2535 1600 2638 1638 una
2661 1584 2806 1638 enim
2838 1585 3029 1640 salutis
3052 1601 3176 1656 spes
3200 1585 3401 1643 Judaeis
3426 1588 3592 1645 relin-

2006 1675 2192 1743 quitur
2219 1675 2272 1728 in
2298 1671 2614 1743 Scripturis,
2629 1670 2883 1728 Christus
2905 1674 3132 1736 scilicet.
3149 1690 3308 1746 quem
3330 1692 3431 1749 ego
3452 1660 3593 1749 prte-

2008 1768 2200 1821 dicans
2234 1765 2285 1820 in
2320 1764 2527 1819 hancce
2554 1764 2927 1834 captivitatem
2951 1765 3097 1821 veni.

319 1859 411 1931 ρία
427 1862 567 1923 ⁸’τοῖς
589 1859 866 1924 Ἰουδαίοις
886 1858 1405 1933 περιλιμπανομένη
1426 1864 1493 1916 ὲκ
1513 1861 1624 1917 τῶν
1645 1862 1908 1935 Γραφῶν,
1950 1862 1979 1915 ό
2011 1857 2271 1930 Χριστὸς,
2301 1857 2362 1912 ὃν
2409 1856 2523 1926 ἐγὼ
2586 1856 2880 1929 κηρύσσων
2924 1858 3005 1922 είς
3044 1857 3252 1930 ταύτην
3290 1855 3454 1931 ἦλθον
3492 1862 3593 1935 τὴν

316 1953 652 2008 κατάστασιν
680 1952 787 2007 τῶν
815 1953 1049 2024 δεσμῶν.

394 2065 413 2097 ι
454 2045 594 2116 Περὶ
644 2046 747 2116 μὲν
777 2046 888 2117 γὰρ
932 2044 1033 2116 τῆς
1071 2045 1339 2118 αἱρέσεως
1365 2046 1597 2120 ταύτης,
1656 2048 1898 2118 γνωστὸν

2074 2044 2351 2099 “£33.22.
2401 2060 2421 2096 ι
2449 2042 2584 2098 Nam
2625 2043 2694 2099 de
2720 2043 2914 2101 hazresi
2941 2045 3046 2101 hac
3083 2054 3273 2100 notum
3300 2053 3385 2101 est
3407 2047 3589 2118 nobis,

315 2138 450 2209 ἡμῖν
479 2139 649 2192 ἐστιν.
698 2155 718 2189 ι

388 2229 611 2298 Αἶρεσιν
668 2227 929 2284 καλοῦσιν
994 2227 1247 2297 Ἰουδαῖοι
1283 2230 1384 2302 τὴν
1417 2233 1499 2295 εἰς
1540 2231 1780 2304 Χριστὸν
1809 2232 1901 2286 πί-

320 2341 438 2378 στιν
466 2340 480 2354 ·
535 2322 627 2377 ὅτι
668 2321 985 2391 πανταχοῦ
1019 2322 1430 2393 ἀντιλέγεται·
1474 2324 1582 2378 ἰδοὺ
1628 2325 1728 2378 καὶ
1760 2324 1899 2378 ἰου-

316 2417 459 2471 δαίοι
478 2415 858 2489 μαρτυροῦσιν
880 2418 963 2471 ὅτι
982 2418 1267 2487 πανταχοῦ
1286 2417 1565 2489 ἐκηρύχθη
1592 2418 1622 2470 6
1638 2417 1896 2490 Χριστός·

319 2507 461 2578 πλὴν
499 2509 559 2561 οὐ
592 2508 817 2572 πάντες,
870 2507 1029 2579 φησὶ,
1066 2507 1468 2579 καταδέχονται
1510 2509 1574 2562 τὸ
1611 2492 1899 2580 κήρυγμα,

316 2600 458 2656 ἀλλὰ
481 2599 825 2669 ἀντιλέγουσι
872 2616 1020 2663 τινες
1073 2599 1322 2655 Ἰουδαῖοι
1360 2600 1394 2672 ἦ
1420 2599 1708 2672 Ἕλληνες,
1739 2602 1773 2674 ἢ
1804 2603 1900 2656 καὶ⁹

317 2693 492 2756 ἄλλως
515 2693 807 2764 αἱρετικοὶ,
833 2691 909 2764 μὴ
931 2692 1354 2763 συμφωνοῦντες
1369 2696 1435 2763 τῇ
1452 2692 1629 2765 ἀληθῆ
1650 2694 1678 2734 ιι
1693 2693 1896 2748 πίστει’

317 2784 424 2838 ἔδει
453 2783 563 2855 γὰρ
590 2783 686 2837 καὶ
725 2783 969 2854 αἱρέσεις
1002 2778 1169 2848 εῐναι,
1203 2784 1291 2837 ἵνα
1321 2784 1374 2838 οί
1402 2784 1622 2856 δόκιμοι
1652 2785 1894 2856 φανῶσι,

242 2906 247 2911 -
317 2879 413 2931 καὶ
461 2876 724 2950 πληρωθῇ
763 2877 1109 2933 διάνπάντων
1137 2877 1199 2932 τὸ
1251 2878 1634 2950 προφητευθὲν
1684 2882 1767 2944 εἰς
1806 2881 1899 2934 τὸν

316 2966 554 3037 Χριστὸν
584 2969 674 3023 διὰ
720 2968 947 3042 Συμεὼν
988 2969 1087 3024 τοῦ
1134 2972 1426 3043 προφήτου
1479 2972 1732 3037 εἰπόντος
1767 2974 1900 3045 περὶ

316 3058 503 3114 αὐτοῦ·
544 3058 691 3116 Ἰδοὺ
710 3056 890 3128 οὗτος
919 3062 1105 3117 κεῖται
1126 3064 1214 3129 είς
1241 3064 1478 3120 πτῶσιν
1514 3066 1616 3121 καί
1634 3066 1899 3122 ἀνάστα-

318 3168 424 3206 σιν
447 3152 696 3208 πολλῶν
723 3152 794 3207 ἐν
818 3152 900 3220 τῷ
945 3154 1219 3225 Ἰσραὴλ,
1243 3155 1343 3210 καὶ
1372 3157 1462 3223 είς
1490 3156 1749 3227 σημεῖον
1788 3160 1897 3214 ἀν-

317 3244 732 3315 τιλεγόμενον.

394 3354 413 3388 ι
450 3336 761 3407 ’Ταξάμενοι
793 3335 852 3389 δὲ
908 3336 1149 3407 ἡμέραν.
1206 3333 1375 3409 ἦλθον
1429 3340 1510 3404 είς
1563 3340 1665 3411 τὴν
1710 3339 1894 3407 ξενίαν

2008 2139 2135 2208 quia
2173 2138 2373 2208 ubique
2400 2137 2450 2192 ei
2482 2137 2897 2193 contradicitur.
2927 2156 2948 2192 ι

2075 2230 2333 2286 ιιιιποείιιι
2380 2238 2579 2286 vocant
2613 2227 2782 2285 Judaei
2831 2230 2884 2284 in
2922 2230 3204 2286 Christum
3240 2232 3423 2295 ﬁdem,
3460 2236 3591 2305 quia

2000 2323 2191 2396 ubique
2238 2327 2287 2378 ei
2333 2322 2745 2379 contradicitur.
2810 2325 2955 2377 Ecce
3010 2323 3110 2393 ipsi
3158 2339 3374 2393 quoque
3418 2323 3589 2379 Judazi

2000 2416 2367 2472 testiﬁcantur
2425 2415 2629 2486 ubique
2683 2414 2959 2492 Christum
3013 2429 3138 2470 esse
3189 2416 3587 2486 praedicatum;

2001 2509 2128 2565 licet
2175 2524 2281 2563 non
2319 2525 2535 2574 onmes,
2573 2507 2774 2576 inquit,
2826 2506 3266 2578 praedicationem
3298 2508 3589 2580 recipiant,

2000 2606 2094 2659 sed
2118 2603 2501 2658 eontradicant
2529 2601 2696 2673 aliqui
2718 2600 2891 2656 Judaei
2923 2610 3018 2654 aut
3040 2600 3295 2671 gentiles,
3327 2610 3383 2657 et
3407 2601 3603 2663 diver-V

2000 2710 2062 2751 so
2093 2696 2312 2765 quidem
2347 2696 2508 2750 modo
2531 2693 2772 2749 lueretici
2802 2707 2944 2748 verre
2967 2693 3090 2748 ﬁdei
3117 2708 3223 2747 non
3247 2693 3594 2749 consentien-

2002 2794 2125 2851 tes;
2179 2785 2466 2855 oportebat
2495 2784 2653 2841 enim,
2694 2796 2820 2837 esse
2847 2783 3082 2837 haereses
3102 2823 3119 2849 ,
3174 2791 3231 2836 ιιι
3262 2792 3588 2851 apparerent

1999 2877 2181 2944 electi,
2207 2888 2263 2933 et
2286 2877 2604 2947 impleretur
2616 2876 2690 2949 ab
2706 2876 2961 2930 omnibus
2978 2875 3123 2946 quod
3140 2875 3455 2945 prmdictum
3473 2885 3594 2931 erat

1999 2971 2068 3027 de
2087 2970 2310 3027 Christo
2343 2986 2373 3025 a
2406 2969 2665 3025 Simeone
2690 2968 2956 3039 propheta
2995 2967 3213 3022 dicente
3264 2985 3279 3022 :
3330 2966 3464 3023 Ecce
3504 2969 3590 3024 hic

1998 3067 2204 3133 positus
2229 3075 2311 3117 est
2341 3062 2395 3117 in
2422 3064 2633 3115 ruinam
2665 3068 2716 3115 et
2744 3060 2804 3113 in
2831 3060 3273 3114 resurrectionem
3296 3060 3588 3114 multorum

1999 3154 2056 3207 in
2089 3151 2281 3221 Israel,
2317 3162 2365 3207 et
2400 3153 2454 3207 itt
2476 3152 2684 3222 signum
2712 3151 2798 3205 cui
2818 3152 3213 3205 contradicetur
3235 3151 3303 3205 ".
3330 3168 3350 3203 ι

2072 3333 2351 3389 Vens.23.
2399 3349 2419 3384 ι
2468 3331 2605 3387 Cum
2633 3332 3049 3387 constituissent
3094 3332 3169 3386 illi
3230 3331 3399 3399 diem,
3424 3347 3589 3390 vene-

319 3427 457 3500 πρὸς
490 3428 655 3482 αὐτὸν
688 3428 964 3492 πλείονες·
998 3428 1080 3494 οἷς
1109 3430 1385 3498 ἐξετίθετο
1412 3431 1898 3503 διαμαρτυρούμε-

2003 3436 2130 3482 rtmt
2157 3428 2223 3481 ad
2247 3442 2371 3480 eum
2398 3425 2451 3479 in
2479 3421 2772 3494 hospitium
2800 3422 3040 3493 plurimi,
3067 3424 3266 3490 quibus
3280 3428 3590 3494 exponebat

317 3539 409 3585 νος
447 3522 549 3594 τὴν
585 3521 869 3593 βασιλείαν
898 3523 996 3577 τοῦ
1023 3523 1184 3589 Θεοῦ,
1216 3524 1423 3577 πείθων
1443 3540 1504 3576 τε
1542 3524 1741 3588 αὐτοὺς
1769 3525 1900 3595 περὶ

317 3613 412 3669 τοῦ
458 3614 658 3686 Ἰησοῦ,
709 3615 819 3670 άπό
864 3632 927 3670 τε
985 3615 1080 3670 τοῦ
1134 3615 1305 3687 νόμου
1332 3616 1614 3680 Μωῦσέως
1659 3617 1757 3669 καὶ
1789 3616 1900 3671 τῶν

317 3706 642 3778 προφητῶν,
674 3707 786 3761 ἀπὸ
814 3706 960 3779 πρωῒ
999 3707 1106 3773 ἕως
1132 3707 1397 3781 ἑσπέρας.
1437 3725 1461 3761 s

402 3798 491 3865 Ἐξ
525 3799 825 3870 ἐγγράφων
875 3800 1211 3869 ἀποδείξεων
1246 3803 1478 3874 συνιστᾷ
1536 3802 1666 3866 τοὺς
1701 3802 1899 3857 ἑαυτοῦ

317 3892 512 3962 λόγους
538 3895 568 3947 6
604 3895 815 3959 Παῦλος
838 3910 853 3926 ⁸
892 3899 985 3951 καὶ
1032 3898 1153 3952 οὐδὲ
1202 3898 1263 3965 ἐξ
1310 3899 1542 3971 ἀσήμων
1572 3899 1669 3954 καὶ
1701 3900 1902 3953 ἁκανο-

319 3987 516 4042 νίστων
548 3986 791 4057 βιϐλίων,
842 3988 966 4043 οὐδὲ
993 3990 1053 4057 ἐξ
1095 3990 1390 4063 ἀλλοτρίας
1428 3991 1755 4063 θρηυκείας,
1781 3990 1898 4046 ἀλλ’

320 4081 383 4147 ἔξ
406 4080 618 4136 ἑαυτῶν
640 4100 657 4116 ο
685 4081 768 4136 διό
796 4098 955 4153 φησι,
988 4082 1202 4151 Καλῶς
1253 4085 1323 4138 τὸ
1356 4085 1603 4155 Πνεῦμα
1626 4085 1695 4139 τὸ
1727 4085 1899 4154 ἅγιον

316 4175 588 4242 ἐλάλησεν
629 4176 729 4231 διὰ
773 4176 1017 4230 Ἡσαΐου
1047 4176 1153 4231 τοῦ
1211 4180 1526 4250 προφήτου
1557 4180 1709 4248 πρὸς
1756 4179 1899 4245 τοὺς

206 4280 210 4285 ‘
314 4270 579 4337 πατέρας
629 4268 819 4338 ὑμῶν.
849 4302 921 4312 -
958 4272 1070 4328 Καὶ
1120 4273 1244 4333 μετ’
1282 4273 1481 4341 ὀλίγω
1512 4302 1584 4312 -
1638 4273 1801 4327 Ἀλλ’
1829 4271 1898 4325 ἐκ

316 4361 577 4428 Μωσέως
609 4363 708 4416 καὶ
744 4362 863 4417 τῶν
890 4360 1216 4432 προφητῶν
1244 4377 1259 4395 ο
1289 4360 1369 4414 διὸ
1403 4362 1416 4402 ἱ
1480 4359 1619 4431 πρὸς
1653 4361 1782 4422 τοὺς
1823 4357 1898 4430 μὴ

321 4452 670 4520 πεισθέντας,
695 4455 788 4520 ’ὡς
818 4455 1109 4525 κακοήθως
1157 4451 1255 4506 καὶ
1282 4452 1413 4506 ἄνευ
1450 4450 1617 4517 λόγου
1658 4452 1897 4525 ἀποτρε-

318 4543 611 4613 πομένους,
638 4545 808 4615 αὐτὴν
843 4524 1141 4616 παρήγαγε
1172 4544 1273 4614 τὴν
1320 4542 1545 4595 Ἡσαΐου
1563 4524 1761 4612 χρῆσιν
1791 4554 1805 4568 ’
1838 4541 1897 4593 ὲν

313 4632 398 4702 οἷς
427 4652 586 4707 φησι,
613 4641 723 4693 Καὶ
752 4657 875 4705 τοις
905 4635 1265 4705 ὠσὶβαρέως
1284 4634 1585 4704 ἤκουσαν,
1614 4632 1715 4685 καὶ
1754 4630 1898 4697 τοὺς

316 4733 668 4802 ὀφθαλμοὺς
706 4733 907 4788 αὐτῶν
954 4732 1312 4802 ἐκάμμυσαν
1337 4746 1355 4762 ’
1423 4729 1642 4792 δεικνὺς
1696 4729 1780 4781 ὅτι
1835 4729 1895 4781 ἐν

315 4823 520 4893 ιίδήσει
548 4823 703 4885 ὄντες
756 4822 851 4876 τοῦ
885 4822 1144 4895 ἀληθοῦς,
1202 4818 1769 4891 άποπροσποιοῦνται,
1814 4817 1890 4889 μὴ

316 4914 563 4980 θέλοντες
592 4917 886 4986 πεισθῆναι
908 4932 924 4947 ο
951 4915 1051 4970 καὶ
1075 4917 1130 4969 οι
1149 4914 1269 4984 μὲν
1292 4912 1611 4967 ἐπείθοντο
1640 4910 1766 4973 τοῖς
1791 4913 1893 4963 ,ιε-

315 5009 612 5079 τομένοις,
645 5015 699 5065 οι
730 5010 798 5064 δὲ
828 5009 1136 5078 ἠπίστουν
1160 5024 1173 5037 '
1209 5006 1512 5068 άνενδότως
1532 4998 1649 5073 εἶχε
1676 5000 1807 5072 περὶ
1836 5000 1898 5054 τὸ

316 5108 550 5178 πρᾶγμα
578 5107 608 5159 6
627 5105 863 5168 Παῦλος,
897 5105 970 5176 μὴ
991 5103 1173 5158 ἁποκά
1183 5118 1334 5174 μνων
1367 5099 1508 5171 πρὸς
1540 5097 1601 5151 τὸ
1621 5096 1781 5167 ἔργον
1798 5093 1899 5165 τῆς

2007 3520 2301 3574 testiﬁcaris
2356 3531 2578 3586 regnum
2624 3513 2760 3579 Dei,
2815 3512 3164 3581 suadensque
3211 3515 3292 3569 eis
3347 3518 3415 3571 de
3458 3515 3589 3573 Jcsu

2003 3627 2069 3667 ex
2102 3611 2219 3681 lege
2259 3608 2428 3680 Moysi
2473 3616 2527 3663 et
2558 3606 2839 3677 prophetis
2862 3644 2879 3673 ,
2933 3620 2964 3659 a
3005 3620 3167 3661 inane
3198 3621 3372 3676 usque
3402 3609 3467 3662 ad
3495 3623 3587 3664 ve-

2001 3718 2238 3774 speram.
2266 3720 2286 3754 ι

2076 3796 2117 3850 Ε
2146 3793 2447 3865 Scripturis
2468 3792 2769 3863 desumptis
2796 3792 3131 3863 argumentis
3157 3806 3436 3849 sermones
3459 3808 3589 3850 suos

2003 3886 2220 3941 coniicit
2246 3883 2477 3948 Paulus,
2532 3897 2635 3936 non
2663 3891 2842 3937 autem
2875 3898 2940 3935 ex
2965 3881 3117 3936 libris
3137 3881 3461 3952 ignobilibus
3494 3893 3586 3938 aut

2003 3995 2109 4035 non
2139 3978 2439 4041 canonicis.
2470 3993 2644 4046 neque
2676 3989 2949 4031 extraneae
2983 3975 3279 4044 religionis,
3319 3977 3412 4030 sed
3443 3976 3587 4046 ipso-

2002 4088 2157 4138 rum;
2211 4072 2390 4141 itaque
2418 4070 2551 4127 dicit
2582 4086 2597 4123 :
2631 4068 2862 4139 Spiritus
2891 4079 3105 4122 sanctus
3136 4083 3230 4135 per
3254 4066 3458 4123 Isaiam
3488 4085 3589 4139 pa-

2000 4165 2167 4218 tribus
2190 4163 2370 4218 restris
2399 4165 2606 4217 locutus
2627 4171 2796 4218 est.—
2811 4158 2877 4212 Et
2900 4168 3020 4231 post
3044 4174 3212 4229 pauca
3235 4158 3432 4215 :—Sed
3453 4171 3499 4214 et
3520 4176 3587 4215 ea:

2001 4255 2184 4327 Moyse
2206 4267 2253 4310 et
2274 4256 2540 4326 prophetis
2564 4271 2585 4320 ;
2640 4253 2867 4323 ideoque
2889 4262 3076 4307 contra
3105 4252 3431 4321 incredulos,
3464 4262 3586 4307 tan-

1999 4365 2160 4418 quam
2184 4363 2436 4419 perverse
2451 4358 2506 4403 et
2522 4350 2724 4402 absone
2746 4346 3083 4411 resistentes,
3119 4346 3258 4401 hanc
3287 4343 3436 4401 lsai:e
3456 4361 3584 4415 pro-

2002 4442 2105 4495 fert
2132 4441 2455 4496 sententiam
2482 4457 2497 4493 :
2522 4435 2780 4492 Crucibus
2801 4438 3020 4491 auribus
3044 4438 3351 4501 audierunt,
3371 4439 3582 4493 oculos-

1997 4549 2096 4604 que
2122 4549 2245 4587 suos
2274 4533 2575 4585 clauserunt
2593 4530 2671 4596 ἰς
2735 4530 3029 4584 ostendens
3052 4543 3148 4583 eos
3166 4566 3182 4593 ,
3216 4531 3462 4599 quamvis
3484 4546 3582 4586 ve-

2001 4626 2176 4680 ritatis
2197 4622 2544 4687 sintconscii,
2565 4621 2707 4676 illam
2732 4621 3039 4691 repudiare,
3060 4621 3283 4674 credere
3301 4625 3576 4678 uolentes:

2004 4717 2067 4772 Et
2089 4719 2306 4788 quidam
2329 4715 2606 4769 credebant
2636 4714 2704 4765 iis
2727 4727 2847 4782 quin
2866 4711 3199 4776 dicebantur,
3224 4712 3440 4782 quidam
3461 4728 3582 4766 vero

1998 4810 2414 4867 noncredebant.
2462 4806 2694 4876 lmpigre
2714 4804 2928 4874 negotio
2952 4802 3424 4870 instabatPauius,
3447 4821 3583 4860 nun-
3678 4876 3681 4881 ι

1998 4920 2159 4974 quam
2179 4900 2354 4957 fessus
2378 4900 2430 4955 in
2453 4897 2745 4953 laborando
2769 4910 2865 4965 pro
2886 4894 3110 4949 salutari
3139 4894 3242 4949 title
3264 4904 3319 4949 et
3340 4894 3583 4966 Evange-

2002 4998 2055 5051 lii
2100 4993 2511 5064 praedicatione;
2570 5003 2679 5061 qua
2721 4989 2789 5044 de
2832 5000 3020 5054 causa,
3050 4985 3261 5055 aliquos
3291 4990 3582 5056 persuade-

2002 5089 2090 5143 bat
2118 5125 2133 5151 ,
2183 5083 2395 5139 caneris
2424 5082 2492 5135 ob
2518 5096 2673 5136 suam
2697 5079 3017 5151 pravitatem
3064 5094 3170 5133 non
3208 5077 3576 5160 credentibus.

317 5170 697 5269 σωτήριώδους
748 5170 1009 5261 πίστεως,
1072 5170 1345 5264 καὶπρὸς
1393 5170 1486 5246 τὸν
1532 5186 1893 5258 εὐαγγελικδν
1929 5181 2090 5251 λόγον
2113 5196 2129 5210 ·
2159 5176 2239 5231 διὸ
2265 5174 2401 5248 ικαὶ
2441 5172 2629 5227 ἐπειθέ
2656 5188 2832 5237 τινας,
2866 5171 2977 5226 τῶν
3018 5171 3195 5226 ἄλλων
3230 5170 3320 5225 διὰ
3376 5173 3579 5228 κακίαν

314 5291 718 5347 ἀπιστούντων.

392 5403 412 5435 ‹
449 5385 696 5437 Γνωστὸν
739 5383 831 5438 οῦν
883 5383 1014 5454 ὑμῖν
1062 5381 1230 5446 ἔστω,
1263 5381 1349 5435 ὅτι
1390 5382 1500 5447 τοῖς
1538 5379 1752 5435 ἔθνεσιν
1780 5378 1889 5433 ἀπ’

313 5476 519 5548 επτάλη
548 5477 707 5531 τοῦτο
734 5478 794 5530 τὸ
824 5477 1095 5546 σωτήριον
1123 5472 1219 5526 τοῦ
1251 5472 1386 5527 Θεοῦ
1444 5472 1599 5527 αὐτοὶ
1614 5471 1709 5526 καὶ
1728 5469 1894 5524 ἀκούο

200 5592 203 5593 ⁷
315 5584 522 5626 σονται.
565 5588 585 5622 Ι

392 5705 438 5735 ³⁸
469 5701 604 5757 Luc.
634 5717 691 5768 tl,
715 5705 786 5760 οι
883 5704 925 5735 ’⁸
959 5700 1065 5756 lsa.
1096 5716 1173 5767 ιιι,
1209 5707 1291 5755 tt).

2080 5370 2356 5427 Vens.28.
2403 5388 2422 5419 ‹
2452 5364 2645 5420 Notum
2676 5378 2806 5433 ergo
2838 5363 2908 5418 sit
2937 5362 3124 5427 vobis,
3160 5363 3413 5435 quoniam
3443 5378 3577 5436 gen-

2005 5467 2148 5523 tibus
2180 5464 2407 5518 tuissum
2438 5467 2521 5514 est
2555 5456 2658 5511 hoc
2684 5455 2922 5511 salutare
2948 5455 3062 5522 Dei,
3093 5466 3147 5510 et
3175 5454 3274 5526 ipsi
3301 5436 3571 5510 atidient.»

357 5851 385 5882 ο
410 5839 476 5898 C.
512 5841 574 5900 C.
607 5844 873 5915 ἄγραφος,
911 5849 1078 5898 recte.
1158 5839 1179 5880 ί
1224 5838 1287 5894 C.
1313 5835 1377 5892 C.
1416 5834 1555 5899 ὅλως
1588 5833 1669 5889 τό.
1752 5834 1776 5873 ⁸
1799 5830 1862 5888 C.
1894 5843 1898 5874 ί

2002 5825 2286 5898 σωτηρίας.
2369 5836 2391 5865 ο
2426 5822 2489 5878 C.
2516 5822 2577 5880 C.
2612 5820 2822 5894 ἀληθεῖ.
2902 5817 2918 5859 ί
2951 5816 3013 5874 C.
3034 5814 3097 5874 C.
3130 5814 3211 5869 διὸ
3228 5812 3341 5869 καί.
