4130 6552
526 500 677 571 τθιε

1619 472 1998 542 GENNADII
2037 465 2549 533 PATRIARCHIE
2577 465 2688 528 (ΖΡ.

3672 453 3810 522 1616

533 607 681 679 enim
710 621 766 672 et
790 604 1163 684 spirituaiibtts
1187 599 1350 658 dOnis
1384 595 1525 653 nulla
1551 606 1636 650 est
1662 607 1788 648 cum
1816 586 2044 645 terrenis
2065 595 2120 641 et

2236 583 2256 655 ᾔ
2289 579 2511 652 χρυσὸν,
2539 580 2575 651 ῆ
2609 574 3113 684 τινανπεριουσίαν,
3141 572 3317 639 ἄλλως
3353 572 3492 638 δλως
3525 571 3739 643 ὑλικην,
3773 571 3810 644 ἢ

527 707 922 783 temporalibus
948 694 1313 760 commutandi
1348 690 1512 746 ratio.
1533 687 1648 743 Hoc
1668 693 1850 739 autem
1880 692 2121 750 praecep-

530 769 666 862 τοίη.
684 817 790 858 non
822 799 995 854 solum
1025 786 1269 856 illis,sed
1299 785 1463 841 etiam
1492 780 1649 836 nobis
1677 791 1774 849 per
1807 773 1929 830 illos
1950 769 2121 836 dedit,

537 909 677 966 quos
700 893 753 946 in
784 889 996 945 illorum
1018 880 1242 953 gradum
1267 885 1322 932 et
1343 873 1517 930 locum
1542 867 1844 924 subtituere
1866 862 2120 932 dignatus

535 965 623 1043 est
649 1002 662 1039 :
681 991 735 1038 et
753 983 986 1050 oportet,
1013 973 1154 1029 sicut
1173 968 1249 1023 illi
1267 973 1416 1029 tunc,
1438 977 1537 1018 nos
1559 970 1774 1031 quoque
1799 968 1941 1009 nunc
1963 965 2124 1006 accu-

537 1086 658 1135 rate
680 1083 736 1128 et
758 1045 1042 1139 diligenter
1068 1074 1310 1121 servare,
1342 1070 1442 1111 nec
1468 1054 1522 1109 in
1551 1051 1618 1106 iis
1641 1062 1762 1120 quae
1786 1045 2011 1100 techuas
2036 1056 2126 1097 so-

541 1165 802 1242 phisticas
819 1137 924 1216 non
947 1155 1263 1215 admittunt,
1280 1149 1358 1204 uti
1377 1143 1670 1216 sophistica
1688 1137 2000 1198 calliditate,
2025 1147 2126 1188 nec

541 1224 716 1317 aleam
743 1249 1099 1327 periculosam
1129 1244 1311 1315 jacere
1337 1253 1352 1293 :
1374 1236 1577 1299 Gratis,
1603 1229 1795 1301 inquit,
1826 1224 2122 1294 accepistis,

541 1351 708 1424 gratis
730 1350 873 1402 date.
901 1340 1024 1396 Non
1052 1333 1375 1408 possidentes
1402 1345 1496 1393 res,
1534 1340 1696 1396 neque
1717 1337 1932 1384 aurum,
1963 1332 2126 1386 neque

543 1407 815 1512 argentum
839 1436 892 1488 in
917 1430 1062 1486 zonis
1082 1425 1263 1482 vestris
1288 1423 1330 1476 ¹.
1354 1417 1593 1488 Simplex
1625 1426 1707 1470 est
1731 1423 1783 1466 et
1811 1419 1998 1480 aperta
2029 1407 2129 1462 hu-

541 1498 631 1603 jus
669 1523 909 1584 mandati
955 1519 1131 1583 ratio,
1169 1528 1291 1585 quae
1331 1511 1465 1566 nihil
1514 1508 1677 1563 habet
1715 1503 1950 1568 varium,
1991 1498 2127 1554 nihil

547 1592 820 1696 quodnon
844 1617 915 1672 sit
955 1611 1114 1668 facile
1139 1619 1193 1666 et
1213 1605 1564 1677 explicatum,
1607 1597 1740 1654 nihil
1773 1595 1918 1666 quod
1945 1592 2130 1662 sophi-

545 1688 680 1772 stica
708 1708 1050 1782 expositione
1074 1712 1249 1776 egeat.
1280 1701 1326 1756 A
1365 1713 1478 1763 me,
1507 1695 1704 1765 inquit,
1725 1690 2014 1760 accepistis
2043 1688 2130 1741 di-

546 1779 806 1883 gnitatem
837 1798 1145 1860 sacerdotii.
1185 1794 1241 1851 Si
1280 1791 1410 1848 mihi
1452 1802 1550 1860 pro
1594 1789 1710 1857 ipso
1773 1798 1964 1854 parum
2001 1779 2130 1850 quid

548 1874 632 1955 vel
659 1908 911 1966 magnum
971 1885 1210 1946 solvistis
1233 1923 1250 1952 ,
1297 1891 1351 1940 et
1382 1882 1485 1937 hoc
1514 1894 1545 1934 a
1576 1891 1662 1933 me
1688 1874 1966 1929 venditum
2004 1879 2088 1926 est
2111 1909 2128 1934 ,

2221 676 2424 747 γεώδη·
2462 674 2540 745 μὴ
2571 673 2681 743 γὰρ
2713 665 2856 726 εἶναι
2883 671 2993 725 τῶν
3038 667 3403 742 ἐπουρανίων,
3436 671 3532 723 καὶ
3562 682 3817 738 πνευμα-

2221 768 2390 822 τικῶν
2416 766 2777 837 χαρισμάτων
2804 764 3066 835 ἀμοιϐὴν,
3089 763 3160 817 τά
3191 761 3390 834 γεηρὰ,
3418 759 3516 814 καὶ
3545 761 3814 830 ἐπίκηρα.

2222 859 2443 930 Ταύτην
2485 857 2586 929 τὴν
2633 855 2877 928 ἐντολὴν,
2918 855 2980 909 οὑ
3033 856 3195 927 μόνον
3226 854 3499 919 ἐκείνοις,
3531 852 3670 909 ἀλλὰ
3723 851 3820 906 καὶ

2225 951 2356 1022 ἡμῖν
2388 948 2456 1003 δι’
2489 947 2713 1002 ἐκείνων
2746 946 3072 1012 ἐνετείλατο,
3099 944 3195 1008 οῦς
3227 946 3309 1008 είς
3336 943 3429 998 τὸν
3458 943 3697 998 ἐκείνων
3721 940 3820 1011 βα·-

2226 1042 2365 1114 θμόν
2388 1058 2472 1104 τε,
2499 1040 2598 1094 καὶ
2625 1040 2792 1094 τόπον
2815 1039 3220 1106 ὑπεισαγαγεῖν
3246 1035 3585 1108 κατηξίωσεο
3614 1033 3709 1088 καὶ
3739 1034 3820 1088 δεῖ

2225 1132 2481 1202 καθάπερ
2515 1131 2716 1186 ἐκείνοι
2746 1130 2895 1196 τότε,
2921 1130 3016 1184 καὶ
3043 1130 3192 1201 ἡμᾶς
3215 1127 3312 1182 νῦν
3339 1126 3588 1199 ἀκριϐῶς
3617 1126 3819 1195 φυλάτ-

2226 1241 2342 1277 τειν
2387 1239 2488 1287 τε,
2540 1222 2635 1275 καὶ
2685 1221 3047 1292 παρατηρεῖν,
3099 1219 3196 1273 καὶ
3250 1218 3327 1289 μὴ
3379 1216 3698 1286 σοφίζεσθαι
3751 1216 3821 1268 τά

2227 1315 2430 1384 ἀσοφα,
2467 1314 2606 1386 μηδὲ
2639 1313 2808 1368 κύϐον
2840 1313 3204 1383 ἀναρρίπτειν
3251 1311 3348 1364 ἐπὶ
3399 1309 3664 1364 κίνδυνον.
3702 1311 3820 1362 Aw-

2224 1409 2399 1478 ρεὰν,
2427 1407 2616 1478 φησὶν,
2648 1405 2913 1469 ἐλάϐετε,
2950 1403 3177 1472 δωρεὰν
3204 1402 3342 1456 δότε
3361 1442 3378 1468 ,
3403 1402 3490 1472 μὴ
3525 1400 3822 1470 κτησάμεο

2229 1519 2325 1556 rat
2351 1500 2608 1571 χαλκὸν,
2643 1498 2800 1570 μηδὲ
2836 1497 3122 1568 ἄργυρον,
3145 1494 3300 1565 μήτε
3332 1493 3570 1564 χρυσὸν
3596 1495 3684 1559 εις
3715 1493 3824 1559 τὰς

2230 1590 2414 1657 ζώνας
2429 1588 2617 1661 ὑμῶν.
2634 1588 2867 1652 Ἀπλοῦς
2895 1587 2994 1642 καὶ
3026 1587 3205 1658 σαφὴς
3218 1589 3247 1640 ὁ
3263 1589 3360 1658 τῆς
3379 1585 3599 1657 ἐντολῆς
3618 1585 3822 1655 ταύτης

2229 1685 2385 1754 λόγος
2399 1684 2570 1747 ἐστὶν,
2588 1682 2744 1738 οὐδὲν
2760 1682 3009 1736 ποικίλον
3023 1681 3186 1752 ἐχων,
3201 1680 3322 1735 οὑδὲ
3339 1680 3684 1750 δυσέφικτον,
3702 1680 3823 1733 οὐδὲ

2231 1777 2554 1847 σοφιστικῆς
2583 1775 2838 1847 δεόμενον
2865 1774 3184 1846 ἐξηγήσεως
3213 1790 3225 1802 ·
3254 1773 3396 1845 Παρ⁹
3445 1772 3607 1844 ἐμοῦ,
3632 1772 3820 1844 φησιν,

2233 1868 2488 1935 ἐδέξασθε
2516 1869 2578 1922 τὸ
2607 1868 2706 1941 τῆς
2740 1867 3047 1940 ἱερωσύνης
3074 1866 3314 1938 ἀξίωμα,
3343 1867 3393 1920 εί
3424 1866 3524 1937 μὲν
3548 1867 3690 1937 ὑπὲρ
3721 1865 3822 1919 αύο

548 2007 646 2048 vos
683 1943 906 2060 quisque
964 1982 1140 2055 ipsqu
1171 1943 1292 2033 aliis
1325 1973 1543 2030 vendite
1589 1987 1605 2025 :
1655 1970 1700 2025 si
1735 1975 1916 2022 autem
1957 1962 2131 2033 gratis

2236 1961 2329 2060 τοῦ
2359 1979 2448 2033 μοι
2482 1960 2702 2032 μικρὸν,
2733 1959 2768 2032 ἢ
2803 1959 2948 2032 μέγα
2983 1977 3037 2014 τι
3070 1957 3508 2022 κατεϐἀλλεσθε,
3537 1957 3637 2012 καὶ
3665 1956 3828 2011 τοῦτο

550 2081 862 2153 accepistis,
877 2091 971 2131 vos
987 2085 1201 2144 quoque
1216 2067 1387 2142 gratis
1401 2065 1550 2119 date.
1567 2061 1706 2130 Quid
1731 2062 1832 2115 hoc
1859 2066 1945 2113 est
1973 2071 2130 2111 man-

553 2144 698 2233 dato-
730 2144 1009 2243 apertius?
1037 2162 1180 2233 Quid
1219 2171 1401 2217 autem
1435 2156 1502 2212 iis
1527 2153 1618 2226 qui
1659 2158 1876 2225 parent,
1907 2144 2134 2204 utilius?

553 2267 646 2323 νω
671 2239 781 2322 illis
796 2278 854 2319 re
874 2275 997 2316 vera
1018 2257 1108 2330 qui
1132 2254 1226 2311 Dei
1245 2254 1443 2308 donum
1458 2246 1768 2319 acquirere,
1782 2242 1868 2299 vel
1891 2239 2018 2296 illud
2037 2252 2135 2310 pro

553 2358 781 2435 pecunia
804 2355 935 2412 dare
962 2353 1017 2407 in
1045 2348 1283 2405 animum
1303 2342 1585 2399 inducunt.
1615 2336 1671 2392 In
1704 2334 1774 2391 fel
1801 2332 1945 2389 enim
1979 2345 2134 2385 ama-

554 2421 806 2508 ritudinis
828 2457 884 2502 et
904 2442 1177 2500 vinculum
1203 2432 1505 2506 iniquitatis
1524 2431 1588 2499 ii,
1611 2429 1762 2502 juxta
1788 2424 1960 2483 sancti
1989 2421 2136 2480 Petri

553 2538 881 2601 sententiam
901 2535 944 2602 ',
964 2548 996 2588 a
1015 2544 1115 2588 sa
1143 2525 1349 2584 malitia
1373 2517 1752 2593 comprehensi
1781 2524 1930 2572 sunt.

2237 2055 2370 2127 ὑμῖν
2402 2053 2685 2126 πέπραται
2707 2052 2838 2125 παρ’
2861 2050 3020 2124 ἐμοῦ,
3046 2051 3278 2106 πωλεῖτε
3308 2051 3405 2107 καὶ
3430 2051 3590 2123 ὑμεῖς
3617 2049 3834 2121 ἑτέροις

2239 2146 2395 2202 αὑτό.
2428 2146 2493 2202 Ei
2520 2145 2578 2200 δὲ
2597 2145 2814 2217 δωρεὰν
2833 2144 3121 2216 εἰλήφατε,
3143 2142 3264 2198 δότε
3286 2141 3498 2212 δωρεάν
3528 2141 3622 2196 καὶ
3645 2142 3826 2211 ὑμεῖς.

2241 2239 2306 2291 Τί
2337 2238 2439 2309 τῆς
2468 2236 2690 2306 ἐντολῆς
2717 2235 2924 2308 ταύτης
2958 2233 3326 2307 σαφέστερον;
3356 2233 3422 2288 Τί
3443 2232 3501 2287 δέ
3527 2233 3641 2296 τοῖς
3669 2231 3830 2285 πειθ-

2241 2331 2472 2402 αρχοῦσι
2508 2327 2991 2400 λυσιτελέστερονς
3030 2325 3172 2381 Οὐαὶ
3218 2323 3298 2397 τῷ
3319 2325 3456 2390 όντι,
3484 2325 3597 2387 τοῖς
3628 2323 3832 2394 κτήσα-

2246 2421 2373 2476 σθαι
2395 2420 2498 2492 τὴν
2527 2418 2623 2473 τοῦ
2639 2416 2777 2472 Θεοῦ
2800 2416 3036 2488 δωρεὰν,
3070 2415 3106 2488 ῆ
3135 2415 3341 2470 διδόναι
3360 2413 3564 2486 ταύτην
3585 2413 3676 2468 διὰ
3700 2428 3833 2484 χρη-

2244 2513 2434 2584 μάτων
2484 2509 2872 2581 ὑπειληφόσιν.
2919 2509 3015 2572 Είς
3057 2507 3170 2581 γὰρ
3211 2506 3375 2580 χολὴν
3415 2506 3681 2577 πικρίας,
3733 2503 3832 2558 καὶ

557 2598 854 2703 σύνδεσμον
895 2598 1111 2686 ἀδικίας
1144 2620 1198 2675 oi.
1241 2614 1514 2682 τοιοῦτοι,
1553 2609 1696 2666 κατά
1723 2608 1824 2682 τὴν
1865 2604 2144 2677 ἀπόφασιν
2180 2604 2277 2660 τοῦ
2308 2604 2468 2676 ἀγίου
2529 2603 2742 2676 Πέτρου
2763 2643 2782 2672 ,
2812 2600 3120 2673 ὑπάρχουσι
3183 2598 3577 2670 συλληφθέντες
3602 2598 3710 2652 ὑπὸ
3733 2598 3834 2668 τῆς

555 2724 766 2785 ἑαυτῶν
803 2715 1191 2795 φιλαργυρίας.

627 2822 785 2880 Unde
815 2789 884 2876 vet
918 2789 1232 2873 sanctorum
1264 2817 1322 2866 et
1356 2806 1636 2863 beatorum
1679 2801 1901 2857 Patrum
1935 2807 2136 2856 sanctae

2311 2797 2478 2853 Ὅθεν
2505 2796 2603 2852 καὶ
2631 2797 2742 2850 τῶν
2771 2794 2958 2858 ὁσίων,
2994 2792 3090 2848 καὶ
3120 2791 3412 2866 μακαρίων
3438 2791 3702 2863 Πατέρων
3726 2789 3836 2844 τῶν

559 2926 773 2985 magna:
814 2904 1007 2981 synodi
1037 2899 1391 2959 meumenicae
1429 2893 1770 2951 Chalcedone
1798 2897 2136 2962 congregata:

2245 2888 2346 2985 τῆς
2372 2889 2536 2957 ἁγίας
2562 2887 2659 2985 καλ
2689 2886 2934 2960 μεγάλης
2965 2883 3355 2956 οίκουμενικῆς
3399 2883 3497 2955 τῆς
3528 2884 3585 2937 ἐν
3616 2882 3838 2953 Χαλκη-

561 2975 688 3065 ιιυῑὶ
711 2999 814 3072 le'gi
847 2975 1142 3055 bominica:
1187 2990 1443 3048 convenit
1469 3001 1668 3051 canon,
1691 2985 1781 3056 qui
1808 2983 1890 3040 sic
1919 2997 1951 3037 a
1981 2982 2136 3038 nobis

2246 2979 2358 3072 δόνι
2390 2979 2753 3050 συναχθείσης
2772 3020 2788 3047 ,
2810 2977 2898 3050 τῷ
2921 2975 3240 3048 Δεσποτικῷ
3269 2975 3445 3047 τούτῳ
3483 2975 3635 3046 νόμῳ
3669 2975 3837 3046 συνᾴ-

571 3104 757 3170 aperte
780 3090 972 3150 iisdem
1005 3085 1192 3144 verbis
1219 3082 1399 3140 editus
1429 3087 1516 3138 est
1557 3097 1573 3134 :

2246 3071 2328 3126 δει
2356 3073 2386 3127 ό
2428 3071 2561 3144 περὶ
2581 3070 2776 3125 τούτου
2810 3070 3013 3136 κανὼν,
3045 3070 3106 3134 ὃς
3133 3071 3270 3142 ἡμῖν
3295 3068 3484 3139 σαφῶς
3517 3068 3722 3123 οὑτωσὶ
3749 3067 3839 3120 λέ-

2251 3161 2397 3231 ξεσιν
2425 3164 2619 3230 αὑταῖς
2656 3161 3068 3233 ἐκπεφώνηται·

638 3286 661 3325 ε
689 3266 746 3324 Si
774 3263 898 3338 quis
920 3259 1207 3334 episcopus
1223 3252 1469 3326 pecuniis
1493 3248 1893 3307 ordinationem
1925 3244 2136 3311 fecerit,

2326 3274 2347 3310 ε
2386 3256 2455 3311 Et
2478 3273 2564 3354 τις
2594 3257 2893 3320 ἐπίσκοπος
2923 3256 3018 3309 ἐπὶ
3039 3255 3291 3327 χρήμασι
3317 3252 3654 3326 χειροτονίαν
3681 3253 3841 3325 noti;-

564 3361 650 3420 vel
689 3373 796 3417 non
850 3352 1097 3412 venalem
1127 3347 1359 3422 gratiam
1387 3344 1455 3399 ad
1500 3341 1868 3399 venditionem
1904 3338 2146 3395 deduxe-

565 3456 731 3521 rit,et
759 3446 1005 3524 pecuniis
1033 3439 1368 3500 ordinaverit
1405 3437 1743 3506 episcopum,
1774 3431 1861 3488 vel
1891 3431 2148 3501 chorepi-

565 3521 812 3616 scopum,
829 3540 913 3596 vel
937 3534 1333 3610 presbyterum,
1355 3529 1440 3586 vel
1462 3529 1773 3593 diaconum,
1791 3521 1877 3580 vel
1906 3523 2145 3594 aliquem

572 3614 762 3696 eorum
795 3633 888 3706 qui
945 3632 999 3687 in
1041 3628 1187 3685 clero
1218 3629 1719 3684 connumerantur,
1765 3616 1852 3673 vel
1903 3614 2150 3687 pecuniis

571 3728 836 3804 provehat
865 3737 1230 3786 mconomum,
1258 3717 1341 3775 vel
1373 3714 1740 3778 defensorem,
1773 3708 1859 3766 vel
1892 3722 2149 3778 paramu-

573 3822 814 3888 narium,
839 3816 924 3873 vel
953 3814 1175 3872 omnino
1191 3811 1428 3882 aliquem
1450 3822 1517 3863 ex
1545 3806 1716 3869 clero,
1747 3809 1970 3873 propter
1991 3813 2150 3855 suum

2253 3365 2433 3414 σαιτο,
2460 3348 2557 3403 καὶ
2577 3350 2657 3412 εἰς
2679 3348 2886 3422 πράσιν
2918 3349 3226 3417 καταγάγοι
3255 3347 3358 3416 τὴν
3381 3344 3627 3417 ἄπρατον
3652 3345 3839 3417 χάριν,

2251 3440 2347 3497 καὶ
2376 3440 2758 3513 χειροτονῆσαι
2804 3440 2899 3494 ἐπὶ
2943 3440 3226 3512 χρήμασιν
3258 3437 3579 3503 ἐπίσκοπον,
3623 3437 3658 3509 ἢ
3697 3455 3842 3509 χωρ-

2253 3531 2574 3600 επίσκοπον,
2599 3532 2634 3604 ἢ
2659 3532 3056 3605 πρεσϐύτερον,
3089 3533 3124 3603 ἢ
3149 3530 3415 3594 διάκονον,
3445 3530 3480 3601 il
3510 3529 3700 3601 ἕτερόν
3718 3547 3841 3583 τινα

2252 3625 2362 3680 τῶν
2389 3626 2447 3680 ἐν
2473 3625 2554 3696 τῷ
2583 3625 2772 3698 κλήρῳ
2801 3622 3357 3695 καταριθμουμένων,
3403 3623 3441 3694 ἢ
3482 3621 3841 3694 προϐἀλλοιτο

2253 3716 2348 3769 ἐπὶ
2379 3716 2657 3788 χρήμασιν
2693 3715 3003 3784 οἰκονόμον,
3026 3715 3060 3786 ἢ
3083 3714 3319 3777 ἔκδικον,
3341 3712 3376 3786 ῆ
3400 3713 3841 3784 παραμονάριον,

2256 3808 2290 3880 ἢ
2323 3809 2500 3876 ἄλλως
2528 3808 2654 3863 τινά
2675 3808 2771 3863 τοῦ
2797 3809 3027 3880 κλήρου,
3057 3808 3125 3861 δι’
3147 3805 3594 3878 αἰσχροκέρδειαν
3611 3805 3841 3866 οίκείαν,

363 6519 538 6527 ψ
549 6517 696 6523 ——_._
707 6517 752 6521 ——
767 6515 928 6520 .___.-

578 3928 736 3986 turpe
771 3912 982 3967 lucrum
1026 3925 1043 3964 :
1085 3905 1178 3976 qui
1226 3904 1329 3959 hoc
1369 3913 1658 3970 aggressus
1702 3909 1827 3951 esse
1873 3893 2136 3949 convictu:

2256 3904 2284 3956 ὁ
2306 3901 2484 3972 τούτῳ
2511 3902 2870 3973 ἐπιχειρήσας
2896 3899 3173 3970 ἐλεγχθεὶς
3195 3896 3555 3952 κινδυνευέτω
3585 3896 3721 3967 περὶ
3751 3897 3843 3948 τὸν

577 3984 763 4074 fuerit,
794 4004 860 4059 de
891 3997 1113 4073 proprio
1135 3994 1303 4068 gradu
1331 3991 1513 4047 veniat
1542 3989 1597 4043 in
1619 3986 1918 4058 periculum
1941 4003 1956 4052 ;
1983 3994 2038 4040 et
2061 3999 2131 4056 qu

2256 3995 2458 4048 οἰκεῖον
2485 3993 2718 4065 βαθμόν*
2756 3995 2852 4046 καὶ
2881 3993 2910 4046 ό
2932 3989 3433 4063 χειροτονούμενος,
3462 3988 3628 4060 μηδὲν
3653 3989 3718 4041 ἐκ
3744 3988 3846 4057 τῆς

575 4099 861 4157 ordinatur
885 4131 903 4158 ,
937 4089 1074 4147 nihil
1109 4101 1177 4143 ex
1207 4082 1586 4146 ordinatione,
1637 4079 1722 4133 vel
1773 4076 2118 4147 promotione

2253 4086 2379 4138 κατ’
2405 4084 2678 4155 ἐμπορίαν
2701 4081 3018 4152 ὠφελείσθω
3051 4077 3391 4151 χειροτονίας
3410 4116 3425 4141 ,
3471 4075 3504 4147 ἢ
3545 4075 3843 4147 προϐολῆς·

584 4205 706 4263 qua
744 4188 805 4243 ﬁt
827 4186 1003 4242 instar
1029 4187 1372 4244 mercaturan,
1390 4176 1633 4248 juvetur,
1667 4169 1762 4226 sed
1788 4169 1861 4224 sit
1885 4167 2136 4224 alienus:

2258 4177 2374 4235 ἀλλ’
2407 4178 2549 4232 ἔστω
2579 4176 2861 4248 ἀλλότριος
2884 4174 2985 4245 τῆς
3015 4172 3174 4239 ἀξίας
3196 4171 3266 4242 ,ἢ
3294 4168 3389 4222 τοῦ
3415 4167 3843 4240 φροντίσματοςν

579 4258 879 4352 dignitate,
912 4272 998 4330 vel
1038 4269 1361 4333 curatione,
1385 4280 1547 4337 quam
1572 4261 1822 4335 pecuniis
1875 4269 2136 4315 assecutu:

2258 4268 2433 4344 οὗπερ
2459 4271 2553 4324 ἐπὶ
2575 4271 2855 4343 χρήμασιν
2878 4267 3090 4338 ἔτυχεν.
3119 4265 3181 4318 Ei
3211 4264 3269 4317 δέ
3305 4279 3392 4326 τις
3416 4262 3511 4315 καὶ
3540 4258 3850 4331 μεσιτεύων

577 4349 683 4428 est.
710 4370 766 4428 Si
802 4367 927 4438 quis
974 4373 1156 4420 autem
1188 4360 1276 4418 his
1312 4356 1565 4427 turpibus
1606 4369 1670 4410 ac
1717 4349 1949 4409 nefariis
1992 4349 2136 4406 lucri

2263 4367 2409 4438 φανῇ
2440 4367 2555 4429 τοῖς
2583 4364 2830 4435 αίσχροῖς
2858 4360 3105 4425 τούτοις,
3127 4358 3223 4411 καὶ
3245 4353 3527 4424 ἀθεμίτοις
3555 4351 3812 4421 λήμμασι
3832 4392 3848 4413 ,

579 4469 864 4533 sequester
897 4458 1292 4514 intercessorve
1316 4448 1655 4521 apparuerit,
1681 4445 1730 4502 is
1763 4458 1980 4516 quoque
2009 4442 2056 4498 si
2089 4443 2134 4498 si

2262 4457 2358 4510 καὶ
2385 4450 2540 4520 οὗτος
2563 4456 2611 4508 εἰ
2635 4454 2734 4526 μὲν
2759 4450 3025 4522 κληρικὺς
3048 4447 3157 4520 εἴη,
3182 4445 3277 4500 τοῦ
3301 4443 3504 4499 οίκείου
3536 4441 3855 4494 ἐκπιπτέτω

579 4527 812 4612 clericus
836 4595 853 4622 ,
897 4566 929 4606 a
960 4548 1138 4623 primo
1164 4545 1333 4618 gradu
1364 4541 1580 4599 excidat
1611 4556 1630 4595 :
1661 4538 1710 4595 si
1743 4547 1928 4594 autem
1951 4535 2126 4592 laicus

2266 4543 2503 4618 βαθμοῦο
2536 4544 2587 4598 εί
2606 4542 2666 4597 δέ
2687 4541 2902 4604 λαὶκὸς,
2925 4540 2960 4611 ἢ
2988 4536 3259 4610 μονάζων,
3287 4527 3796 4602 ἀναθεματιζέσθω.
3827 4545 3848 4577 ι

579 4648 667 4705 vel
700 4643 1020 4709 monachus,
1048 4633 1562 4696 anathematizetur.
1600 4649 1621 4684 ι
2189 4664 2243 4727 D

653 4736 1024 4795 Pulcherrima
1052 4741 1109 4787 et
1130 4729 1286 4784 valde
1315 4727 1405 4797 pia
1429 4731 1558 4779 sunt
1591 4721 1755 4792 hujus
1785 4717 2012 4777 canonis
2040 4731 2136 4774 san

2236 4700 2243 4716 ’
2333 4717 2620 4774 Κάλλιστα
2646 4715 2743 4770 καὶ
2769 4714 2889 4768 λίαν
2922 4709 3126 4781 εύσεϐῆ
3153 4706 3252 4763 τοῦ
3279 4706 3507 4768 κανόνος
3529 4702 3638 4756 τῶν
3680 4700 3856 4767 ἁγίων

581 4843 792 4889 ctorum
809 4829 1028 4883 Patrum
1044 4829 1338 4895 praecepta,
1361 4818 1454 4889 qui
1480 4829 1698 4871 omnem
1715 4811 2048 4868 invasionetn
2072 4822 2132 4865 sa

2264 4807 2532 4880 Πατέρων
2569 4806 2808 4877 ὑπάρχει
2837 4803 2908 4856 τὰ
2950 4795 3420 4872 παραγγέλματα,
3449 4791 3631 4845 πᾶσαν
3662 4787 3857 4857 ἔφοδον

585 4877 1344 4985 ian-iciliu-,“diabolicum.que
1379 4877 1673 4974 conatum,
1724 4903 1818 4975 qui
1868 4903 1922 4958 in
1963 4901 2136 4956 donun

2267 4877 2589 4972 σατανικὴν,
2619 4899 2717 4952 καὶ
2746 4896 2856 4950 πᾶν
2890 4893 3200 4966 ἐγχείρημα
3239 4883 3544 4941 διαϐολικδν
3583 4881 3725 4934 κατά
3753 4877 3858 4947 τῆς

590 4970 880 5085 spirituale
926 4970 1274 5073 intenditur,
1319 5001 1538 5075 repellit
1592 4970 1667 5056 etv
1694 4970 1978 5055 rescindit.
2005 4991 2136 5050 Nulli

2264 4970 2648 5062 πνευματικῆς
2671 4987 2974 5058 φερόμενον
2997 4981 3231 5053 δωρεᾶς,
3259 4971 3630 5043 ἀπωθούμενά
3650 4985 3733 5034 τε,
3760 4970 3858 5022 καὶ

590 5060 878 5085 -τ--ηηη
1255 5060 1271 5073 ,
1385 5060 1399 5075 .

584 5108 732 5162 enim
777 5102 936 5159 modo
965 5103 1082 5156 vult
1105 5095 1465 5155 ordinationis
1494 5091 1889 5165 promotionem
1915 5085 2132 5159 pecunii

2267 5060 2671 5140 ἀνακόπτοντα.
2712 5079 2788 5134 Οὑ
2835 5075 3089 5150 βούλεται
3144 5070 3256 5144 γὰρ
3297 5064 3551 5139 οὐδαμῶς
3577 5060 3859 5165 διάιχρη-

587 5194 848 5260 autﬁeri,
877 5201 970 5247 aut
1003 5189 1226 5261 suscipi,
1279 5201 1381 5244 nec
1413 5187 1482 5242 ab
1509 5199 1576 5241 eo
1608 5183 1700 5253 qui
1729 5180 1873 5235 illam
1917 5185 2136 5234 exercet

2275 5173 2463 5246 μάτων
2510 5167 2758 5240 γίνεσθαι
2797 5161 3282 5247 τῆςχειροτονίας
3321 5158 3421 5230 τὴν
3471 5149 3770 5228 προϐολὴν,
3823 5149 3860 5220 ἢ

587 5305 688 5345 nec
720 5287 789 5342 ab
835 5301 902 5342 eo
937 5284 1029 5355 qui
1068 5240 1430 5339 ordinatiOnis
1474 5240 1874 5348 promotiouem
1912 5267 2113 5339 accipit

2275 5240 2657 5334 ὑποδέχεσθαι,
2674 5259 2798 5314 οὔτε
2821 5242 2974 5331 παρὰ
2991 5254 3084 5311 τοῦ
3105 5252 3314 5322 ταύτην
3333 5245 3710 5319 ἐνεργοῦντος,
3731 5240 3860 5295 οὕτε

589 5333 688 5345 ..η
720 5333 787 5342 __
839 5333 898 5342 η
941 5333 1029 5355 γ-
1417 5333 1420 5334 ν
1475 5333 1490 5348 ,
2035 5333 2051 5339 _

589 5380 684 5438 sed
717 5392 817 5435 nec
851 5386 977 5432 ante
1025 5387 1235 5444 tempus
1280 5367 1678 5434 ordinationis,
1727 5377 1826 5420 nec
1859 5368 2019 5433 post,
2052 5357 2136 5413 dat

2275 5357 2428 5426 παρά
2467 5351 2562 5407 τοῦ
2603 5351 2702 5423 τῆς
2748 5349 3083 5422 χειροτονίας
3127 5345 3224 5418 τὴν
3280 5339 3553 5414 προϐολὴν
3597 5333 3856 5404 ὑποδεχοο

593 5424 684 5438 ’συ-
718 5424 817 5435 "vv
851 5424 976 5432 -ν--ν
1027 5424 1160 5444 --ητ
1176 5424 1232 5428 --
1288 5424 1331 5427 --
1353 5424 1376 5426 -γ
1662 5424 1676 5434 ν
1860 5424 1875 5433 ,
2003 5424 2010 5426 ε

593 5472 853 5546 pecunias
877 5466 1128 5526 concedit
1159 5484 1173 5521 :
1203 5465 1445 5522 omnium
1471 5461 1616 5518 enim
1645 5460 1698 5513 in
1738 5457 1838 5512 hac
1864 5465 2082 5525 quoque
2113 5464 2136 5502 r

2280 5424 2470 5519 μένου,
2505 5444 2623 5499 ἀλλ’
2651 5443 2774 5498 οὑδὲ
2815 5440 2923 5513 πρὸ
2950 5435 3146 5510 καιροῦ
3181 5436 3281 5506 τῆς
3320 5429 3653 5505 χειροτονίας
3678 5466 3694 5491 ,
3735 5424 3862 5478 οὑδέ

2393 5538 2405 5546 “
2481 5537 2495 5546 “
2709 5535 2723 5546 ⁸
2827 5534 2851 5546 ⁵
3174 5528 3186 5546 ⁸
3213 5545 3218 5546 γ
3242 5545 3254 5546 κ
3310 5525 3422 5546 μοᾺ
3452 5520 3592 5546 η--ιὶ
3619 5519 3711 5546 ιλ..
3740 5534 3862 5546 u-.-

594 5519 851 5546 r-v——-—-
882 5519 1127 5526 ην--ν--τ
1162 5519 1171 5521 -
1212 5519 1227 5522 ν
1300 5519 1308 5520 κ
1882 5519 1897 5525 ,
1991 5519 2008 5522 -

587 5578 708 5620 esse
735 5563 942 5627 sordes,
965 5571 1361 5627 munerumque
1401 5550 1800 5622 corruptionem
1834 5543 2136 5617 pronuntiat

2283 5538 2419 5611 μετά
2446 5537 2537 5592 τὸν
2576 5535 2768 5608 καιρὸν
2791 5534 2894 5605 τῆς
2917 5528 3278 5604 χειροτονίας,
3303 5525 3425 5579 οὑδέ
3451 5520 3594 5577 κατά
3619 5519 3711 5573 τὸν
3740 5534 3864 5570 και⁶

589 5608 683 5728 ρδν
716 5608 1380 5722 ξῡτδᾷἒιξᾶξιᾉοζᾷνῖᾲς,
1410 5608 1677 5714 ύπὲριτῆς
1706 5608 2047 5711 χειροτονίας
2073 5608 2310 5686 δίδοσθαί
2328 5631 2588 5702 χρήματα
2619 5627 2914 5700 συγχωρεῖ-
2943 5622 3179 5678 καθόλου
3208 5619 3317 5692 γὰρ
3350 5617 3446 5691 τὴν
3469 5614 3560 5667 ἐπὶ
3585 5610 3665 5682 τῷ
3682 5608 3864 5680 πράγ-

593 5765 726 5818 ματι
752 5743 927 5815 τούτῳ
955 5736 1280 5812 δωροδοκίαν
1304 5735 1602 5804 ἀπέφηνεν.

713 5951 902 6008 Matth.
940 5967 1053 6014 λιι,
1083 5948 1135 6014 8,
1167 5948 1220 6003 9.
1300 5943 1473 6004 [Λα.
1515 5954 1636 6004 un,
1694 5933 1784 5989 ‘20.

1001 6508 1084 6519 πμ·
1127 6508 1160 6518 ._-
1177 6509 1538 6517 ,π-πι--ι-..ι--ρ-
1559 6509 1624 6517 ._-
