4130 6608
687 47 885 54 Ε

422 435 552 500 1617

1641 443 2001 506 EPISTOLA
2039 442 2468 505 ENCYCLICA.

3538 425 3690 493 1618"

499 552 685 621 Ὀμως
717 553 911 626 ἐπειδὴ
935 553 1054 618 νῦν,
1086 552 1262 606 καίτοι
1303 553 1586 625 προδήλως
1611 553 1820 608 τούτων
1852 552 1996 608 οῦτω

2171 554 2435 621 Quoniam
2468 559 2647 606 tamen
2685 547 2752 602 iis
2778 546 2850 601 ita
2877 552 3062 615 aperte
3091 539 3378 612 prohibitis
3403 580 3419 606 ,
3450 541 3673 626 quidam
3736 561 3739 564 -

415 642 839 716 κεκωλυμένων,
867 644 1232 717 ἐφωράθησάν
1260 662 1404 709 τινες
1432 644 1574 716 κατὰ
1609 645 1720 700 τῶν
1740 645 1996 700 Γαλατῶν

412 734 834 808 ὀλιγωροῦντες,
861 737 956 793 καὶ
979 736 1411 810 παραϐαίνοντες
1437 737 1506 792 δι’
1523 738 1996 810 αἰσχροκέρδειαν,

414 825 509 878 καὶ
534 828 920 903 φιλαργυρίαν
943 831 1011 884 τά
1032 831 1276 902 σωτήρια
1300 832 1496 897 ταῦτα,
1523 831 1618 886 καὶ
1637 831 1999 903 φιλάνθρωπα

421 921 890 992 παραγγέλματα,
923 919 982 976 εὖ
1009 923 1152 994 ἔχειν
1177 921 1326 989 εδοξε
1347 924 1443 979 καὶ
1474 924 1606 996 ἡμῖν
1635 922 1808 979 ταῦτα
1837 924 2000 979 πάλιν

419 1009 837 1068 ἀνανεώσασθαι
862 1013 1002 1085 μετά
1021 1014 1118 1085 τῆς
1141 1013 1304 1084 άγίας
1339 1016 1583 1084 συνόδου,
1611 1019 1715 1089 τῆς
1735 1017 2002 1089 ἐνδημού-

422 1118 522 1172 σης
543 1105 602 1157 ἐν
627 1104 802 1176 ταύτῃ
821 1108 890 1176 τῇ
919 1105 1281 1181 βασιλευούσῃ
1325 1107 1423 1179 νέᾳ
1458 1107 1647 1182 Ῥώμη
1670 1149 1687 1176 ,
1714 1108 1857 1164 ὥστε
1878 1109 2004 1181 δίχα

422 1194 606 1264 πάσης
625 1197 871 1260 ἐπινοίας
889 1236 905 1261 ,
935 1197 1030 1252 καὶ
1054 1197 1237 1269 πάσης
1269 1199 1627 1272 προφάσεως,
1660 1203 1754 1256 καὶ
1801 1201 2004 1266 παντὸς

424 1287 716 1358 σοφισμοῦ,
752 1287 853 1360 τήν
879 1288 1143 1363 βδελυρὰν
1173 1289 1403 1362 ταύτην,
1437 1291 1534 1347 καὶ
1559 1293 1738 1364 ἀσεϐῆ
1766 1291 1869 1349 ούκ
1899 1275 2014 1349 οἰδ*Δ

421 1379 570 1442 ὅπως
594 1379 1017 1437 ἐπεισελθοῦσαν
1040 1383 1331 1455 συνήθειαν
1357 1385 1478 1450 ταῖς
1507 1385 1846 1454 ἁγιωτάταις
1880 1385 2006 1441 Ἐκ-

424 1470 675 1541 κλησίαις
705 1473 987 1538 παντελῶς
1031 1474 1308 1546 ἐκτεμεῖν
1357 1479 1445 1530 ἱνα
1494 1477 1715 1550 άληθῶς
1777 1479 2003 1549 άκαπη·

422 1561 611 1615 λεύτου
633 1602 650 1627 ,
693 1562 791 1616 καὶ¹
821 1563 1067 1636 καθαράς
1097 1569 1252 1639 παρὰ
1290 1568 1399 1622 τῶν
1431 1570 1736 1643 ἀρχιερέων
1764 1572 1867 1641 τῆς
1909 1570 2007 1624 ἐπὶ

423 1653 531 1707 τῶν
552 1655 1040 1726 χειροτονουμένων
1066 1658 1424 1730 ἀναρρήσεως
1449 1661 1761 1734 γινομένης,
1797 1662 2006 1717 ἄνωθεν

422 1743 457 1813 ἡ
484 1742 577 1797 τοῦ
603 1743 919 1815 Πνεύματος
948 1748 1108 1818 χάρις
1135 1750 1410 1821 ἐπιφοιτᾷ·
1441 1745 1518 1806 ὧν
1547 1751 1643 1808 νῦν
1674 1770 1736 1823 γε
1765 1753 1866 1808 ούκ
1891 1748 2008 1808 οῖδα

421 1834 510 1889 διὰ
546 1835 844 1907 χρημάτων
868 1837 970 1908 τὴν
1001 1839 1273 1912 προϐολὴν
1301 1842 1666 1914 ποιουμένων,
1697 1845 1792 1899 καὶ
1821 1846 1882 1900 ού
1909 1846 2008 1916 τῆς

2099 617 2225 703 ευιῆ
2255 647 2307 700 in
2329 644 2641 701 Galatarum
2663 638 2902 695 Ecclesia
2921 635 3241 707 deprehensi
3267 617 3490 704 propter
3517 643 3672 702 turpe

2101 737 2308 791 lucrum
2345 742 2400 789 et
2427 731 2713 787 avaritiam
2745 729 2862 784 hrec
2892 725 3151 783 salutaria
3183 735 3241 780 et
3269 726 3508 780 lnnnana
3533 739 3676 792 prte-

2100 839 2252 898 cepta
2287 827 2558 897 negligere
2584 832 2638 880 et
2669 820 2967 892 transgredi
3001 832 3098 873 :ea
3125 817 3478 889 quoqueiipsa
3511 816 3670 872 nobis

2101 933 2364 976 renovare
2393 918 2567 973 visum
2606 923 2690 972 est
2721 929 2845 970 cum
2876 914 2980 970 hac
2998 922 3185 970 sancta
3211 911 3440 982 synodo,
3470 923 3592 981 quae
3614 909 3668 964 in

2100 1015 2206 1071 hac
2232 1020 2493 1082 regnante
2519 1023 2658 1066 nova
2690 1007 2885 1072 Roma,
2925 1020 3069 1062 nunc
3101 1004 3215 1073 agit
3243 1020 3258 1058 :
3291 1013 3350 1060 ut
3378 1003 3500 1062 sine
3528 1000 3677 1058 omni

2101 1105 2316 1175 penitus
2373 1099 2685 1156 inventione
2709 1134 2725 1161 ,
2759 1104 2818 1152 et
2865 1094 3012 1150 omni
3045 1101 3344 1164 praetextu,
3371 1092 3679 1162 callidoque

2101 1202 2411 1252 commento
2435 1233 2451 1260 ,
2482 1189 2706 1261 impiam
2739 1189 2882 1244 hanc
2909 1195 2964 1242 et
3014 1185 3290 1249 odiosam,
3319 1199 3439 1256 qua:
3491 1183 3697 1238 nescio'

2103 1287 2372 1360 quomodo
2394 1285 2447 1340 in
2476 1280 2850 1340 sanctissimas
2871 1277 3143 1335 Ecclesias
3167 1277 3353 1343 subiit,
3388 1285 3683 1332 consuetu-

2102 1382 2281 1437 dinem
2305 1378 2527 1434 omnino
2555 1374 2980 1438 exscindamus;
3006 1378 3065 1426 ut
3089 1385 3212 1427 cum
3238 1383 3372 1441 pura
3395 1378 3452 1424 et
3476 1369 3682 1438 absque

2105 1475 2208 1529 ulla
2236 1470 2634 1541 canponatione
2662 1480 2859 1523 eorum
2885 1465 2976 1535 qui
3019 1463 3361 1528 ordinantur,
3399 1460 3693 1515 renuntia-v

2107 1567 2182 1622 tio
2206 1567 2275 1621 ab
2298 1563 2630 1619 antistitibus
2653 1559 2791 1615 facta
2817 1557 3000 1624 fuerit,
3036 1555 3207 1626 gratia
3243 1553 3478 1624 Spiritus
3504 1551 3679 1606 sancti

2105 1673 2338 1730 superne
2386 1655 2587 1710 veniat.
2644 1653 2851 1720 Quibus
2890 1651 3080 1707 nescio
3126 1664 3195 1704 an
3246 1662 3343 1719 per
3388 1645 3674 1718 pecuniam

2105 1748 2500 1821 promotionem
2543 1743 2892 1810 facientibus,
2921 1753 2977 1798 et
3025 1755 3188 1797 manu
3241 1756 3346 1795 non
3378 1753 3512 1810 pure
3547 1751 3680 1806 ope-

2110 1851 2284 1908 rante,
2323 1841 2389 1894 ad
2432 1854 2557 1895 eum
2586 1837 2677 1909 qui
2714 1821 3335 1908 promoveturiaccedit,’
3375 1830 3673 1887 secundum

423 1927 603 1999 χειρὸς
635 1929 895 2001 καθαρῶς
929 1929 1264 2003 ἐνεργούσης
1285 1973 1299 1998 ,
1333 1935 1588 2008 ἐπιφοιτᾷ
1613 1936 1691 2008 τῷ
1721 1955 2003 2010 προχειρι-

2111 1949 2294 1992 vocem
2328 1932 2641 2003 Evangelii,
2695 1939 2751 1985 et
2796 1944 2903 1986 non
2957 1927 3138 1999 pOIius
3177 1924 3473 1982 retrahitur
3505 1922 3679 1994 gratia

418 2015 635 2087 ζομένῳ
673 2019 814 2071 κατὰ
841 2016 940 2089 τὴν
974 2019 1158 2090 φωνὴν
1188 2019 1284 2074 τοῦ
1320 2023 1676 2094 κηρύγματος
1700 2065 1716 2090 ,
1751 2027 1846 2079 καὶ
1881 2027 2003 2098 οὐχὶ

424 2109 773 2164 συστέλλεται
806 2111 1008 2183 μᾶλλον
1042 2113 1076 2183 ἡ
1122 2112 1218 2167 τοῦ
1260 2114 1416 2182 ἁγίου
1467 2116 1788 2189 Πνεύματος
1818 2119 2002 2190 χάρις.

493 2201 633 2256 Ἰσθι
662 2202 864 2269 τοίνυν,
896 2203 963 2256 τὰ
1001 2205 1179 2259 πάντα
1227 2205 1649 2275 θεοσεϐέστατε,
1691 2209 1870 2265 πάντα
1910 2210 2005 2267 τὸν

417 2292 696 2347 ὁντιναοῦν
726 2293 1018 2366 ἀλίσκομεν
1046 2295 1139 2349 ἐπὶ
1190 2295 1270 2369 τῷ
1294 2299 1519 2371 τοιούτῳ
1542 2301 1651 2355 τινὶ
1680 2301 2003 2368 ἐπίσκοπον,

421 2381 454 2452 ἦ
492 2383 931 2454 χωρεπίσκοπον,
961 2383 998 2455 ἢ
1031 2385 1411 2459 περιοδευτὴν,
1453 2386 1488 2458 ἢ
1538 2387 1932 2462 πρεσϐύτερον,
1967 2389 2002 2461 ἢ

416 2474 683 2539 διάκονον,
714 2475 747 2544 ἢ
775 2474 936 2530 άλλον
953 2476 1078 2530 τινὰ
1100 2476 1165 2547 δή
1175 2493 1303 2530 ποτε
1329 2477 1423 2532 τοῦ
1457 2480 1703 2545 κανόνος,
1729 2479 1764 2552 ἢ
1791 2480 2003 2548 λαῖκὸν,

420 2565 582 2637 κοινῷ
625 2567 858 2639 δόγματι
891 2566 1002 2622 τῶν
1036 2567 1342 2641 ἀρχιερέων
1377 2571 1814 2644 κατακεκρίσθαι
1837 2613 1853 2639 ,
1908 2571 2005 2627 καὶ

419 2660 572 2730 κοινῇ
602 2659 771 2732 ψήφῳ
795 2700 811 2725 ,
849 2659 1034 2725 καθὼς
1077 2662 1205 2733 περὶ
1242 2662 1435 2717 τούτου
1482 2664 1578 2718 καὶ
1602 2666 1632 2718 ὁ
1676 2664 1787 2719 τῶν
1831 2663 2003 2734 ἁγίων

421 2749 685 2822 Πατέρων
708 2750 889 2807 κανὼν
920 2752 1132 2822 φθάσας
1154 2751 1414 2808 διαλαλεῖ.
1447 2755 1538 2807 Δεῖ
1585 2753 1695 2826 γὰρ
1736 2750 1879 2809 εἶναι
1907 2752 2002 2824 χά-

421 2860 510 2915 ριν
544 2841 646 2914 τὴν
679 2843 861 2915 χάριν,
901 2844 996 2897 καὶ
1034 2843 1286 2916 μηδαμοῦ
1329 2843 1637 2916 μεσιτεύειν
1684 2846 1818 2917 παρ’
1863 2845 2002 2917 αὐτῇ

421 2935 710 3006 ἀργύριον.
740 2937 924 2990 Ἔστω
951 2934 1133 2989 τοίνυν
1167 2936 1263 2991 καὶ
1290 2935 1437 2990 ἔστιν
1468 2938 1875 3009 ἀποκήρυκτος,
1906 2937 2005 2992 καὶ

419 3028 604 3099 πάσης
631 3027 910 3099 ἱερατικῆς
933 3027 1089 3093 ἀξίας
1115 3045 1198 3092 τε,
1222 3029 1316 3082 καὶ
1334 3028 1678 3101 λειτουργίας
1699 3027 2002 3101 ἀλλότριος,

422 3121 517 3184 καὶ
560 3123 630 3192 τῇ
665 3121 882 3192 κατάρᾳ
917 3121 1012 3174 τοῦ
1056 3119 1400 3191 ἁναθέματος
1431 3121 1796 3194 ὑποκείμενος
1820 3162 1836 3188 ,
1869 3122 1900 3177 ὃ
1939 3139 2000 3176 τε

419 3209 626 3280 ταύτην
658 3210 889 3264 κτάσθαι
927 3211 1013 3264 διά
1047 3211 1347 3282 χρημάτων
1376 3210 1653 3282 οἰόμενος,
1685 3212 1779 3265 καὶ
1808 3212 1836 3264 ὁ
1866 3210 1999 3265 ταύ·

420 3318 521 3372 την
542 3273 804 3372 παρέχειν
825 3302 919 3355 ἐπὶ⁸
947 3273 1226 3374 χρήμασιν
1249 3273 1705 3371 ὑπισχνούμενος,
1729 3302 1840 3355 εἴτε
1871 3302 2004 3371 κλη-
2027 3273 2072 3333 c

423 3391 596 3462 ρικδς,
623 3391 732 3445 εἴτε
765 3391 952 3454 λαῖκδς
980 3391 1096 3463 εἴη,
1124 3391 1229 3446 κᾶν
1262 3391 1556 3461 ἐλέγχοιτο,
1591 3390 1694 3445 κᾶν
1735 3390 1811 3461 μὴ
1842 3390 2006 3459 ἐλέγ-

423 3500 574 3553 χοιτο
620 3487 813 3549 ποιεῖν,
871 3485 954 3538 ὅτι
999 3482 1122 3537 οὐδὲ
1154 3477 1266 3537 οἷόν
1299 3499 1360 3536 τε
1409 3481 1848 3553 ωμϐιϐασθῆναί
1877 3499 2009 3536 ποτε

423 3575 493 3628 τά
522 3574 788 3645 σύμϐολα,
818 3575 940 3630 οὐδὲ
987 3574 1106 3646 Θεῷ
1143 3573 1512 3646 συμφωνῆσαι
1540 3572 1636 3627 τὸν
1672 3575 2006 3652 μαμμωνᾶν,

421 3666 458 3737 ἢ
490 3668 616 3730 τοὺς
638 3665 1190 3742 τούτῳηδουλεύοντας
1219 3665 1505 3720 δουλεῦσαι
1527 3664 1667 3736 Θεῷ.
1702 3664 2009 3736 Δεσποτικὴ

423 3757 520 3812 καὶ
552 3755 690 3828 αῦτη
721 3759 867 3811 ἐστὶν
891 3757 1167 3828 ἀπόφασις
1195 3754 1594 3830 άναμφίϐολος·
1626 3757 1711 3812 οὐ
1738 3755 2008 3812 δύνασθε

422 3847 547 3915 Θεῷ
576 3849 914 3916 δουλεύειν,
943 3849 1044 3904 καὶ
1070 3847 1390 3921 μαμμωνᾷ.

493 3930 720 4006 Τούτοις
758 3941 1184 4016 ἐπιθαρροῦντες
1227 3943 1392 4015 ἡμεῖς
1429 3940 1574 3999 κατὰ
1608 3941 1860 4014 δύναμιν,
1913 3942 2010 3998 καὶ

419 4031 631 4098 τούτοις
659 4033 984 4106 ύπήκοντες,
1021 4034 1164 4108 μετὰ
1187 4033 1283 4089 τοῦ
1325 4033 1502 4089 ταῦτα
1529 4035 1824 4108 φήσαντος,
1863 4033 2008 4088 κατὰ

418 4125 528 4178 τῶν
545 4124 719 4179 ταῦτα
736 4126 1198 4197 παρανομούντων
1215 4128 1317 4200 τὴν
1332 4127 1611 4198 ἀπόφασιν
1635 4127 2002 4198 πεποιήμεθα.

420 4214 770 4286 ⁴Ιιροντισάτω
795 4215 852 4270 δὲ
881 4219 980 4270 καὶ
1005 4218 1040 4288 ἡ
1077 4216 1147 4289 σὴ
1172 4217 1394 4288 ὁσιότης
1426 4217 1517 4272 διὰ
1551 4216 1735 4290 πάσης
1771 4235 2007 4290 περιφυ-

419 4304 596 4376 λακῆς
625 4306 947 4378 ποιουμένη,
993 4305 1132 4378 δῆλα
1157 4308 1498 4380 καταστῆσαι
1533 4308 1626 4363 διὰ
1653 4309 2006 4380 ἀντιγράφων

422 4396 520 4450 καὶ
549 4399 665 4461 τοῖς
703 4395 808 4452 ύπδ
839 4397 899 4452 σὲ
920 4398 1360 4469 θεοφιλεστάτοις
1395 4401 1717 4465 ἐπισκόποις
1735 4441 1750 4467 ,
1784 4400 1879 4454 καὶ
1909 4416 2006 4453 πε-

423 4485 756 4557 ριοδευταῖς,
788 4490 884 4544 καὶ
915 4493 1029 4556 τοῖς
1057 4491 1242 4556 ἄλλοις
1266 4493 1492 4548 άπασιν·
1526 4492 1614 4547 ἵνα
1644 4494 1704 4547 ἐν
1729 4491 1812 4546 ἐνὶ
1841 4492 2006 4547 πνεύ-

2105 2027 2275 2084 sancti
2306 2023 2565 2098 Spiritus.

2176 2209 2332 2266 Scias
2361 2222 2511 2280 ergo.
2546 2221 2580 2262 o
2611 2204 2694 2261 vir
2727 2201 3140 2271 religiosissime
3163 2207 3220 2254 ct
3249 2194 3393 2252 omni
3425 2210 3490 2250 ex
3518 2203 3676 2263 parte

2105 2304 2466 2368 sanctissime,
2496 2301 2639 2372 quod
2671 2305 2983 2369 quicunque
3013 2295 3174 2364 hujus
3202 2290 3484 2347 convictus
3515 2286 3674 2341 fuerit

2105 2397 2407 2468 episcopus,
2431 2394 2514 2450 vel
2539 2392 2978 2463 chorepiscopus,
3011 2384 3094 2440 vel
3126 2386 3319 2447 viator,
3339 2381 3424 2435 vel
3457 2379 3682 2451 presby-

2108 2500 2212 2555 ter,
2247 2487 2328 2544 vel
2364 2487 2650 2551 diaconus,
2678 2484 2762 2539 vel
2787 2480 2968 2554 quivis
2991 2478 3128 2533 alius
3159 2490 3227 2530 ex
3248 2487 3478 2538 canone,
3503 2469 3588 2526 vel
3613 2485 3681 2526 ex

2105 2580 2296 2643 laicis.
2343 2578 2616 2636 communi
2656 2574 2960 2632 antistitum
3021 2570 3262 2635 decreto,
3302 2562 3684 2632 communique

2106 2672 2373 2732 sententia
2426 2672 2822 2728 condemnatus
2873 2671 2990 2728 est,
3024 2661 3170 2718 sicut
3211 2659 3282 2715 de
3315 2658 3418 2714 hoc
3465 2668 3684 2727 quoque

2115 2775 2432 2822 sanctorum
2461 2763 2682 2819 Patrum
2703 2761 3018 2830 praecedens
3034 2769 3211 2812 canon
3234 2751 3494 2822 loquitur.
3515 2747 3683 2818 Opor-

2108 2864 2184 2912 tet
2211 2857 2355 2912 enim
2390 2855 2620 2925 gratiam
2646 2864 2860 2919 semper
2885 2864 3008 2907 esse
3036 2846 3288 2920 gratiam,
3316 2851 3373 2897 et
3403 2847 3684 2910 argentum

2107 2947 2246 3018 apud
2274 2962 2394 3003 eam
2426 2960 2769 3016 nequaquam
2829 2941 3184 2998 intercedere.
3229 2935 3316 2990 Sit
3359 2946 3488 3002 ergo
3533 2926 3687 2985 etab

2105 3039 2252 3096 omni
2291 3037 2620 3094 sacerdotali
2652 3035 2919 3105 dignitate
2960 3042 3017 3090 et
3042 3029 3346 3086 ministerio
3374 3025 3604 3086 alienus,
3628 3028 3686 3074 et.

2104 3130 2471 3188 anathematis
2507 3130 2629 3185 loco
2656 3128 2936 3199 subjectus
2954 3165 2970 3191 ,
3011 3124 3105 3195 qui
3131 3131 3186 3178 et
3215 3136 3274 3176 se
3299 3134 3395 3190 per
3422 3111 3683 3187 pecunias

2107 3223 2391 3295 acquirere
2414 3223 2711 3287 existimat,
2741 3229 2796 3274 et
2818 3218 2911 3290 qui
2937 3231 3058 3273 eam
3085 3212 3326 3286 pecuniis
3353 3209 3554 3265 habere
3572 3203 3684 3274 pol-

2111 3316 2324 3382 licetur,
2348 3315 2466 3371 sive
2493 3314 2566 3370 sit
2595 3311 2850 3378 clericus,
2881 3309 2995 3366 sive
3016 3306 3209 3372 laicus,
3238 3303 3354 3360 sive
3376 3299 3480 3355 hoc
3507 3296 3686 3352 facere

2108 3403 2486 3471 convincatur,
2518 3407 2638 3461 sive
2681 3418 2789 3458 non
2827 3415 2844 3456 :
2893 3400 3021 3472 quia
3071 3396 3187 3452 ﬁeri
3234 3408 3341 3449 non
3381 3396 3592 3462 potest,
3627 3394 3688 3439 ut

2110 3497 2434 3552 conveniant
2467 3509 2588 3564 qua:
2615 3494 2908 3549 convenire
2944 3495 3254 3559 nequeunt,
3279 3496 3378 3538 nec
3408 3489 3468 3535 ut
3509 3490 3686 3534 mam-

2111 3602 2270 3643 mona
2321 3585 2431 3642 Deo
2461 3567 2802 3649 consentiat;
2839 3581 2923 3636 vel
2953 3579 3130 3650 utqui
3171 3576 3220 3632 ei
3261 3573 3541 3636 serviunt,
3573 3569 3682 3622 Deo

2110 3681 2374 3736 serviant.
2413 3677 2622 3734 Domini
2655 3685 2741 3732 est
2775 3671 3068 3736 sententia,
3110 3668 3199 3726 cui
3237 3660 3539 3723 contradici
3572 3673 3684 3716 non

2109 3781 2333 3846 potest:
2358 3769 2481 3826 Non
2510 3768 2728 3840 potestis
2752 3764 2862 3821 Deo
2889 3763 3082 3819 servire
3113 3769 3162 3816 et
3189 3772 3501 3814 mammona:
3519 3756 3564 3809 ³.

2178 3950 2289 4008 Nos
2321 3950 2374 4006 in
2405 3949 2490 4005 bis
2529 3960 2628 4020 pro
2665 3945 2875 4001 viribus
2925 3940 3307 4007 consulentes,
3347 3947 3403 3996 et
3429 3937 3512 3996 eis
3558 3951 3680 3994 creo

2109 4046 2321 4110 dentes,
2350 4057 2479 4098 cum
2504 4054 2574 4097 eo
2606 4039 2697 4110 qui
2724 4037 2839 4093 haec
2866 4035 3037 4101 dixit,
3067 4036 3331 4089 adversus
3358 4046 3454 4088 eos
3490 4030 3582 4101 qui
3626 4030 3689 4086 in

2109 4136 2176 4192 iis
2226 4141 2473 4206 peccant,
2511 4130 2836 4187 sententiam
2885 4126 3230 4198 protulimus.
3262 4123 3381 4179 Tua
3421 4122 3686 4178 sanctitas

2108 4240 2296 4283 curam
2323 4231 2500 4295 gerat,
2535 4221 2684 4276 omni
2733 4219 2980 4275 adhibita
3008 4217 3312 4287 diligentia,
3349 4226 3408 4272 ut
3440 4216 3556 4271 haec
3588 4227 3686 4284 per

2108 4318 2435 4389 transcripta
2467 4313 2799 4386 exemplaria
2839 4312 3186 4368 innotesan
3220 4319 3276 4365 et
3315 4308 3687 4365 sanctissimis

2105 4409 2378 4481 episcopis
2408 4407 2498 4478 qui
2529 4405 2624 4461 tibi
2664 4405 2913 4469 subsunt,
2943 4415 2999 4458 et
3025 4401 3431 4474 περιοδευταῖς,
3475 4408 3530 4455 et
3557 4398 3683 4455 aliis

2107 4501 2358 4560 omnibus
2391 4518 2405 4556 :
2437 4508 2497 4556 ut
2529 4499 2581 4574 in
2613 4514 2721 4554 uno
2746 4496 2939 4568 spiritu
2974 4507 3026 4551 et
3054 4511 3160 4550 una
3191 4494 3368 4548 anima
3395 4506 3586 4548 omnes
3609 4492 3684 4544 si-

423 4594 593 4689 ματιζ
624 4578 718 4632 καὶ
766 4582 867 4652 μιᾷ
897 4581 1045 4654 ψυχῇ
1077 4580 1284 4647 πάντες
1310 4583 1447 4654 ὁμοῦ
1485 4585 1807 4657 Χριστιανοὶ
1861 4601 2003 4655 συμ-

2109 4595 2218 4651 mul
2249 4592 2539 4662 constipati
2567 4587 2870 4646 Christiani
2897 4590 3159 4644 adversus
3193 4597 3540 4641 communem
3571 4581 3680 4637 ini-

419 4667 758 4741 φραξάμενοι
798 4672 938 4726 κατὰ
981 4674 1076 4728 τοῦ
1123 4674 1306 4729 κοινοῦ
1337 4675 1639 4746 δυσμενοῦς
1689 4675 2003 4748 ἰσχύσωμεν

417 4763 517 4816 σὺν
557 4761 715 4833 Θεῷ,
747 4763 848 4834 τὴν
886 4763 978 4819 ὑπ’
1008 4765 1219 4822 ἐκείνου
1254 4767 1615 4838 φυτευθεῖσαν
1651 4768 1711 4823 ἐν
1745 4768 1876 4839 ἡμῖν
1900 4770 2001 4840 τῆς

417 4852 783 4924 φιλαργυρίας
837 4855 1017 4927 ῥίζαν,
1069 4858 1188 4928 ἅμα
1227 4860 1396 4914 πᾶσιν
1440 4860 1629 4923 αὐτοῖς
1657 4860 1768 4913 τῶν
1812 4858 2000 4913 κακῶν

416 4947 528 5008 τοῖς
566 4943 942 5018 βλαστήμασιν
975 4949 1248 5020 ἐκτεμεῖν.
1288 4951 1488 5004 ’Πᾶσαν
1529 4948 1630 5023 τὴν
1663 4951 1764 5004 σὺν
1811 4950 1894 5004 σοὶ
1941 4951 2001 5004 ἐν

415 5033 637 5106 Χριστῷ
675 5036 1013 5110 ἀδελφότητα
1060 5038 1477 5112 προσαγορεύω.
1545 5039 1886 5112 Ἐῥρωμένος
1936 5041 1994 5095 ἐν

410 5126 607 5198 Κυρίῳ
635 5127 941 5200 ύπερεύχου
969 5131 1147 5203 ἡμῶν,
1179 5131 1569 5203 θεοφιλέστατε
1597 5133 1818 5203 ἀδελφέ.

487 5218 681 5286 Τούτῳ
707 5218 788 5285 τῷ
822 5221 1253 5294 ἐπιστολιμαίῳ
1289 5227 1453 5295 λόγῳ
1481 5225 1603 5281 σὺν
1629 5228 1789 5291 αῠτῳ
1811 5224 1888 5294 δὴ
1918 5223 2000 5290 τῷ

408 5308 712 5376 ιῗενναδίῳ
737 5310 1096 5384 ὑπέγραψαν
1126 5317 1226 5372 καὶ
1256 5319 1310 5372 οι
1336 5316 1747 5388 ἐϐδομήκοντα
1782 5317 1962 5384 τρεῖς.

2105 4687 2328 4750 micum,
2353 4683 2450 4738 Dei
2474 4681 2695 4745 auxilio,
2716 4679 2991 4749 possimus
3011 4673 3253 4738 avaritia:
3277 4673 3537 4738 radicem,
3563 4686 3682 4742 quae

2103 4781 2174 4837 ab
2205 4779 2297 4835 illo
2321 4778 2375 4833 in
2402 4775 2556 4832 nobis
2581 4773 2742 4830 insita
2769 4780 2874 4839 est,
2908 4785 3036 4826 cum
3065 4768 3318 4826 omnibus
3345 4780 3535 4823 eorum
3568 4780 3682 4819 ma-

2104 4873 2279 4930 lorum
2311 4867 2649 4942 germinibus
2703 4862 3046 4922 exscindere.
3092 4860 3319 4915 Omnem
3347 4874 3470 4928 qua:
3503 4868 3683 4912 tecum

2103 4977 2189 5025 est
2219 4967 2273 5022 in
2312 4962 2534 5022 Christo
2561 4958 2956 5017 fraternitatem
2984 4955 3302 5013 salutamus.
3334 4951 3515 5008 Fortis
3537 4948 3682 5004 exsi-

2100 5070 2250 5118 stens
2285 5058 2340 5114 in
2366 5055 2604 5122 Christo,
2623 5066 2717 5110 ora
2739 5065 2837 5123 pro
2856 5049 3036 5115 nobis,
3065 5046 3414 5105 sanctissime
3446 5042 3637 5099 frater.

2176 5237 2315 5292 Huic
2341 5231 2576 5303 epistola:
2617 5245 2738 5286 cum
2764 5227 2878 5298 ipso
2914 5221 3193 5282 (ἕρπηαάἱο
3249 5220 3672 5289 subscripserunt

2100 5330 2261 5387 etiam
2291 5326 2628 5396 septuaginta
2654 5332 2782 5379 tres.

1531 5427 1870 5485 STEPHANI
1907 5424 2186 5484 BALUZII
2222 5417 2526 5478 ADDlTlO.

485 5535 772 5594 Decretum
837 5540 995 5598 istius
1049 5540 1275 5600 Consilii
1340 5545 1603 5604 adversus
1661 5547 1994 5603 simoniacas

408 5629 719 5686 molitiones
751 5640 930 5688 exstat
949 5637 1088 5702 apud
1117 5635 1514 5706 Balsamonem,
1550 5647 1607 5696 et
1631 5639 1758 5695 hinc
1790 5638 1843 5694 in
1869 5639 1988 5693 edi-

411 5719 647 5777 tiouibus
683 5721 1069 5780 Conciliorum.
1110 5727 1310 5786 Desunt
1333 5740 1513 5788 autem
1548 5731 1831 5802 utrobique
1857 5729 1989 5788 sub-

486 5835 506 5868 ³
531 5835 722 5907 Matth.
748 5853 823 5906 νι,
862 5842 953 5898 24.
993 5832 1001 5846 '

2097 5542 2419 5614 scriptiones
2442 5537 2852 5608 Episcoporum,
2881 5547 3018 5605 quas
3036 5530 3258 5589 exhibet
3288 5528 3479 5586 Petrus
3506 5525 3676 5581 Lam-

2099 5637 2285 5695 becius
2321 5648 2391 5689 ex
2443 5628 2810 5687 vetustissimo
2858 5626 3046 5685 codice
3094 5641 3198 5682 ms.
3258 5620 3530 5684 Busbekii,
3580 5616 3674 5686 qui

2101 5744 2243 5789 nunc
2285 5734 2534 5784 servatur
2563 5723 2623 5780 in
2673 5720 3000 5780 bibliotheca
3041 5715 3414 5791 imperatoria.
3439 5711 3674 5769 Exstant
