4130 6586
509 509 666 580 Ἰθιῦ

1608 488 1988 556 GENNADII
2027 483 2538 550 PATRIARCILE
2567 484 2678 547 ΟΡ.

3662 477 3800 547 1616

520 618 670 688 enim
699 632 754 682 et
779 616 1152 695 spiritualibus
1177 610 1338 671 denis
1373 610 1514 666 nulla
1540 620 1624 664 est
1651 622 1777 663 cum
1805 603 2033 660 terrenis
2053 612 2108 657 et

2224 601 2244 672 ἦ
2278 597 2500 670 χρυσὸν,
2527 599 2563 670 ἦ
2598 595 3102 695 τινα-περιουσίαν,
3130 596 3305 661 ἄλλως
3343 594 3481 661 ὅλως
3515 595 3730 668 ὖλικῆνυ
3763 596 3799 668 ἦ

516 717 911 793 temporalibus
937 707 1301 771 commutandi
1336 701 1636 759 ratio.-lloc
1656 707 1838 754 autem
1869 708 2110 766 praecep-

519 786 778 872 tum-non
810 809 983 865 solum
1013 804 1143 868 illis,
1161 799 1258 857 sed
1287 797 1450 854 etiam
1480 794 1637 850 nobis
1665 805 1761 864 per
1794 789 1917 845 illos
1937 786 2109 853 dedit,

525 919 665 975 quos
688 903 740 957 in
771 899 984 955 illorum
1005 892 1230 965 gradum
1255 898 1310 944 et
1331 887 1505 943 locum
1530 882 1832 938 subtituere
1854 877 2107 948 dignatus

521 1004 609 1053 est
636 1001 722 1049 :et
740 994 972 1061 Oportet,
1001 984 1141 1040 sicut
1161 980 1236 1036 illi
1255 986 1404 1042 tunc,
1425 990 1524 1032 nos
1545 985 1762 1045 quoque
1786 984 1928 1024 nunc
1950 982 2111 1024 accu-

523 1096 645 1144 rate
667 1093 722 1137 et
745 1060 1029 1150 diligenter
1055 1087 1296 1134 servare,
1329 1084 1429 1124 nec
1455 1067 1508 1122 in
1539 1065 1605 1120 iis
1627 1077 1748 1134 quae
1773 1060 1998 1116 technas
2023 1072 2112 1114 so-

527 1174 789 1251 phisticas
805 1185 910 1226 non
933 1167 1248 1227 admittunt,
1266 1162 1345 1216 uti
1364 1157 1656 1229 sophistica
1674 1151 1986 1215 calliditate,
2011 1163 2111 1204 nec

526 1241 702 1326 aleam
729 1260 1085 1337 periculosam
1115 1256 1297 1327 jacere
1323 1266 1338 1306 :
1360 1249 1563 1313 Gratis,
1589 1243 1780 1315 inquit,
1812 1241 2108 1310 accepistis,

526 1361 694 1434 gratis
715 1360 858 1412 date.
887 1351 1010 1407 Non
1038 1344 1360 1419 possidentes
1387 1358 1481 1406 res,
1520 1354 1682 1410 neque
1702 1352 1917 1400 aurum,
1947 1349 2111 1402 neque

527 1424 800 1521 nrgenlum
824 1447 876 1498 in
902 1442 1048 1496 zonis
1067 1438 1249 1494 uestris
1273 1436 1316 1490 ¹.
1339 1431 1579 1502 Simplex
1610 1441 1692 1485 est
1716 1438 1768 1481 et
1796 1434 1983 1496 aperta
2014 1424 2113 1478 Im-

525 1514 615 1612 jus
654 1533 894 1593 mandati
939 1531 1116 1594 ratio,
1154 1541 1276 1597 qua:
1315 1524 1450 1578 nihil
1498 1522 1662 1576 habet
1700 1518 1935 1584 varium,
1976 1514 2111 1569 nihil

531 1609 672 1704 quod
698 1645 804 1685 non
828 1627 899 1682 sit
939 1623 1098 1679 facile
1123 1631 1177 1678 et
1197 1618 1549 1690 explicatum,
1591 1612 1724 1668 nihil
1757 1611 1902 1681 quod
1929 1609 2114 1679 sophi-

529 1727 664 1781 Stica
692 1719 1034 1792 expositione
1058 1723 1232 1788 egeat.
1263 1713 1310 1768 A
1348 1727 1462 1776 me,
1491 1710 1688 1780 inquit,
1709 1706 1997 1776 accepistis
2026 1704 2113 1757 di—

530 1819 789 1892 gnitatem
821 1809 1128 1869 sacerdotii.
1168 1806 1225 1862 Si
1264 1804 1394 1861 mihi
1435 1816 1533 1874 pro
1577 1803 1694 1871 ipso
1757 1814 1948 1869 parum
1983 1797 2113 1866 quid

2209 694 2412 764 γεώδη·
2450 692 2528 764 μὴ
2559 691 2670 763 γάρ
2701 685 2844 746 εἶναι
2871 692 2981 746 τῶν
3027 690 3391 763 ἐπουρανίων,
3425 693 3522 746 καὶ
3551 706 3804 762 πνευμαο

2209 786 2378 839 τικῶν
2405 785 2764 856 χαρισμάτων
2791 785 3053 856 άμοιῦὴν,
3077 784 3148 838 τά
3179 784 3378 856 γεηρὰ,
3407 783 3505 837 καὶ
3535 784 3801 854 ἐπίκηρα.

2210 877 2430 948 Ταύτην
2473 875 2573 948 τὴν
2620 876 2864 948 ἐντολὴν,
2905 877 2967 930 οὑ
3020 877 3183 948 μόνον
3213 876 3486 942 ἐκείνοις,
3519 875 3659 932 ἀλλὰ
3711 876 3804 930 καὶ

2211 969 2344 1039 ἡμῖν
2375 967 2442 1021 δι’
2475 966 2700 1021 ἐκείνων
2733 966 3059 1032 ἐνετείλατο,
3085 965 3182 1030 οὒς
3214 968 3295 1031 είς
3322 967 3416 1021 τὸν
3445 967 3685 1020 ἐκείνων
3709 965 3805 1035 βα-

2213 1059 2351 1131 θμόν
2375 1076 2458 1121 τε,
2486 1059 2584 1112 καὶ
2612 1059 2778 1113 τόπον
2802 1060 3207 1127 ὑπεισαγαγεῖν
3231 1058 3573 1130 κατηξίωσεο
3601 1058 3696 1112 καὶ
3726 1059 3805 1112 δεῖ

2211 1150 2467 1221 καθάπερ
2501 1151 2702 1205 ἐκεῖνοι
2732 1150 2880 1215 τότε,
2906 1151 3001 1204 καὶ
3029 1151 3178 1222 ἡμᾶς
3201 1148 3297 1204 νῦν
3324 1149 3575 1222 ἁκριδῶς
3604 1150 3803 1218 φυλάτ-

2211 1259 2328 1295 τειν
2373 1257 2474 1304 τε,
2526 1241 2620 1294 καὶ
2670 1242 3032 1312 παρατηρεῖν,
3085 1240 3182 1294 καὶ
3235 1239 3311 1312 μὴ
3365 1239 3685 1310 σοφίζεσθαι
3737 1241 3806 1293 τά

2211 1333 2414 1402 άσοφα,
2452 1332 2590 1404 μηδέ
2624 1331 2793 1387 κύϐον
2825 1333 3190 1403 ἀναρρίπτειν
3235 1333 3332 1386 ἐπὶ
3383 1332 3652 1386 κίνδυνον.
3689 1335 3804 1386 Δω-

2209 1427 2384 1496 ρεὰν,
2411 1425 2601 1497 φησὶν,
2631 1424 2898 1490 ἐλάϐετε,
2935 1424 3162 1492 δωρεὰν
3188 1424 3325 1479 δότε
3345 1464 3362 1490 ,
3387 1425 3475 1495 μὴ
3510 1424 3806 1494 κτησάμε·

2213 1536 2309 1573 νοι
2335 1518 2591 1589 χαλκόν,
2627 1517 2784 1589 μηδὲ
2820 1517 3105 1589 ἄργυρον,
3128 1515 3284 1586 μήτε
3316 1516 3556 1586 χρυσόν
3581 1520 3672 1583 είς
3700 1517 3807 1584 τὰς

2213 1607 2398 1675 ζῶν-ας
2413 1607 2600 1678 ὑμῶν.
2618 1607 2851 1673 Ἀπλοῦς
2879 1608 2979 1662 καὶ
3010 1608 3189 1680 σαφὴς
3202 1611 3229 1662 ὁ
3247 1611 3344 1680 τῆς
3362 1609 3584 1680 ἐντολῆς
3602 1610 3806 1680 ταύτης

2213 1702 2369 1771 λόγος
2382 1702 2553 1766 ἐστὶν,
2571 1702 2728 1757 οὐδὲν
2744 1702 2992 1756 ποικίλον
3008 1701 3168 1773 ἔχων,
3183 1702 3304 1757 οὑδὲ
3321 1703 3668 1774 δυσέφικτον,
3687 1704 3806 1758 οὑδέ

2214 1795 2538 1865 σοφιστικῆς
2565 1794 2821 1866 δεόμενον
2847 1794 3166 1867 ἐξηγήσεως
3195 1811 3208 1824 ·
3236 1796 3379 1868 Παρ⁹
3429 1796 3590 1868 ἐμοῦ,
3614 1797 3803 1869 φησὶν,

531 1887 616 1964 vel
642 1919 894 1975 magnum
953 1897 1194 1957 solvistls
1216 1935 1234 1964 ,
1280 1904 1334 1951 et
1365 1895 1468 1950 hoc
1497 1907 1527 1947 a
1559 1905 1645 1947 me
1672 1889 1948 1944 venditqu
1987 1896 2070 1942 est
2094 1925 2110 1950 ,

2224 1887 2470 1952 ἐδέξασθε
2498 1887 2560 1940 τὸ
2589 1887 2688 1960 τῆς
2722 1887 3030 1961 ἱερωσύνης
3057 1888 3297 1960 ἀξίωμα,
3325 1889 3376 1944 εί
3406 1889 3507 1961 μὲν
3531 1891 3674 1961 ὑπὲρ
3704 1889 3804 1943 αὑ-

531 2016 629 2056 vos
666 1960 889 2069 quoque
947 1992 1122 2065 ipsum
1153 1960 1274 2045 aliis
1307 1986 1525 2042 vendite
1571 2000 1587 2039 :
1637 1985 1683 2039 si
1717 1990 1898 2037 autem
1939 1978 2112 2049 gratis

2224 1978 2311 2033 τοῦ
2341 1996 2430 2050 μοι
2464 1979 2684 2051 μικρὸν,
2715 1979 2750 2051 ἢ
2785 1980 2930 2052 μέγα
2965 1960 3019 2034 τι
3052 1960 3491 2046 κατεϐάλλεσθε,
3520 1981 3618 2036 καὶ
3647 1960 3810 2036 τοῦτο

533 2091 844 2162 accepistis,
859 2102 953 2142 vos
968 2096 1183 2154 quoque
1199 2080 1369 2154 gratis
1383 2078 1532 2132 date.
1549 2075 1688 2144 Quid
1713 2076 1814 2129 hoc
1841 2081 1927 2128 est
1954 2088 2111 2127 man-

2224 2072 2351 2144 ὑμῖν
2383 2071 2666 2146 πέπραται
2688 2073 2820 2144 παρ’
2843 2071 3002 2145 ἐμοῦ,
3028 2073 3260 2128 πωλεῖτε
3289 2074 3387 2130 καὶ
3412 2074 3572 2146 ὑμεῖς
3599 2073 3813 2145 ἑτέροις

534 2161 675 2241 dato
711 2179 990 2252 apertius?
1019 2173 1161 2244 Quid
1201 2183 1383 2229 autem
1416 2169 1482 2224 iis
1508 2167 1600 2238 qui
1640 2173 1858 2238 parent,
1889 2161 2114 2219 utilius?

2224 2164 2376 2219 αὑτό.
2408 2164 2474 2219 El
2501 2164 2559 2218 δέ
2578 2164 2796 2237 δωρεὰν
2814 2165 3102 2236 εἰλήφατε,
3124 2164 3246 2220 δότε
3267 2164 3480 2235 δωρεάν
3509 2165 3604 2220 καὶ
3626 2166 3805 2236 ὑμεῖς.

533 2276 627 2332 Vae
652 2274 762 2331 illis
778 2288 835 2328 re
855 2286 978 2326 vera
999 2268 1090 2340 qui
1113 2266 1207 2322 Dei
1226 2265 1424 2320 donum
1439 2259 1749 2332 acquirere,
1763 2256 1848 2313 vel
1873 2255 1999 2311 illud
2017 2268 2115 2326 pro

2224 2257 2287 2308 Τί
2317 2255 2420 2326 τῆς
2448 2255 2671 2325 ἐντολῆς
2698 2255 2906 2328 ταύτης
2939 2254 3307 2329 σαφέστερονς
3337 2255 3403 2311 Τί
3424 2255 3482 2310 δὲ
3509 2257 3620 2320 τοῖς
3650 2256 3810 2309 me-

534 2367 761 2443 pecunia
784 2364 916 2421 dare
942 2363 998 2418 in
1026 2359 1263 2416 animum
1283 2355 1566 2411 inducunt.
1595 2350 1652 2406 ln
1685 2349 1755 2405 l'el
1782 2347 1925 2404 enim
1959 2361 2115 2400 ama-

2224 2349 2452 2443 αρχοῦσι
2488 2347 2971 2420 λυσιτελέστερονς
3010 2346 3152 2402 Οὑαὶ
3197 2345 3278 2419 τῷ
3299 2347 3437 2413 δντι,
3465 2348 3578 2411 τοῖς
3608 2347 3812 2419 κτήσα-

535 2436 786 2517 ritudinis
808 2467 864 2512 et
883 2453 1157 2510 vinculum
1183 2445 1484 2518 iniquitatis
1505 2443 1568 2512 ii,
1591 2443 1744 2515 juxta
1769 2440 1940 2497 sancti
1970 2437 2116 2496 Petri

2226 2437 2352 2493 σθαι
2375 2438 2478 2510 τὴν
2507 2437 2602 2492 τοῦ
2619 2436 2757 2492 Θεοῦ
2779 2436 3015 2508 δωρεάν,
3049 2436 3085 2509 ἢ
3114 2436 3320 2492 διδόναι
3339 2436 3544 2509 ταύτην
3565 2437 3656 2493 διὰ
3681 2453 3811 2509 χρηο

533 2547 861 2609 sententiam
880 2545 924 2612 ’,
944 2558 975 2598 a
995 2555 1094 2598 sua
1123 2537 1328 2596 malitia
1353 2531 1731 2606 comprehensi
1761 2539 1910 2587 sunt.

2224 2530 2413 2600 μάτων
2463 2529 2851 2601 ὑπειληφόσιν.
2898 2529 2994 2593 Είς
3036 2528 3150 2603 γὰρ
3190 2529 3355 2602 χολὴν
3396 2529 3662 2601 πικρίας,
3713 2529 3810 2583 καὶ

536 2642 834 2712 σύνδεσμον
873 2632 1090 2697 ἀδικίας
1124 2631 1177 2686 οί
1220 2626 1494 2695 τοιοῦτοι,
1533 2623 1675 2680 κατὰ
1702 2622 1803 2697 τὴν
1845 2619 2123 2693 ἀπόφασιν
2159 2621 2256 2678 τοῦ
2287 2622 2446 2694 ἁγίου
2508 2622 2720 2694 Πέτρου
2741 2663 2760 2691 ,
2791 2621 3098 2694 ὑπάρχουσι
3162 2621 3557 2693 συλληφθέντες
3581 2622 3689 2677 ὑπὸ
3712 2623 3811 2694 τῆς

534 2734 744 2794 ἑαυτῶν
781 2726 1170 2804 φιλαργυρίας.

605 2831 763 2889 Unde
803 2836 863 2886 et
897 2833 1210 2883 sanctorum
1242 2829 1299 2878 et
1334 2818 1614 2876 beatorum
1658 2816 1879 2872 Patrum
1915 2824 2119 2872 sanctae

2288 2815 2455 2871 Ὅθεν
2483 2816 2581 2871 καὶ
2609 2816 2720 2869 τῶν
2749 2814 2935 2879 ὁσίων,
2971 2813 3067 2869 καὶ
3097 2814 3391 2888 μακαρίων
3416 2815 3680 2886 Πατέρων
3704 2813 3813 2868 τῶν

537 2936 750 2994 magna:
792 2915 984 2990 synodi
1015 2911 1368 2969 meumenicae
1407 2907 1748 2964 Chalcedone
1776 2914 2118 2978 congregata:

2224 2905 2323 2977 τῆς
2349 2908 2513 2975 ἁγίας
2539 2906 2635 2961 καὶ
2666 2907 2912 2978 μεγάλης
2943 2905 3333 2977 οίκουμενικῆς
3377 2906 3475 2978 τῆς
3506 2907 3564 2960 ἐν
3594 2906 3813 2978 Χαλκη-

538 3015 664 3074 huic
688 3009 791 3082 legi
823 3006 1119 3065 Dominica:
1164 3003 1420 3060 convenit
1447 3016 1645 3066 canon,
1669 3000 1759 3071 qui
1786 2999 1868 3056 sic
1897 3013 1928 3054 a
1959 2999 2118 3055 nobis

2224 2996 2335 3052 δόνι
2367 2998 2765 3070 συναχθείσης,
2787 2997 2875 3070 τῷ
2897 2997 3218 3069 Δεσποτικῷ
3246 2997 3422 3069 τούτῳ
3459 2998 3612 3071 νόμῳ
3645 3000 3812 3070 συνᾴ-

547 3113 733 3179 aperte
757 3100 948 3160 iisdem
981 3097 1170 3155 verbis
1196 3095 1376 3152 editus
1406 3102 1493 3150 est
1533 3110 1550 3148 :

2224 3089 2304 3144 δει
2333 3091 2362 3145 ὸ
2405 3091 2536 3162 περὶ
2557 3090 2752 3145 τούτου
2785 3091 2990 3158 κανὼν,
3021 3091 3082 3155 ὃς
3109 3092 3246 3163 ἡμῖν
3272 3091 3461 3162 σαφῶς
3493 3092 3698 3146 οὑτωσὶ
3725 3091 3813 3144 λέ-

2227 3179 2372 3248 ξεσιν
2401 3183 2594 3249 αὑταῖς
2631 3183 3042 3254 ἐκπεφώνηται·

613 3296 637 3334 ι
665 3276 721 3334 Si
749 3274 874 3348 quis
895 3270 1183 3345 episcopus
1200 3265 1446 3338 pecuniis
1469 3263 1869 3320 ordinationem
1901 3260 2116 3327 fecerit,

2301 3292 2323 3328 s
2361 3275 2430 3329 Et
2453 3292 2539 3370 τις
2568 3276 2868 3370 ἐπίσκοπος
2898 3277 2993 3330 ἐπὶ
3015 3277 3267 3349 χρήμασι
3292 3275 3630 3349 χειροτονίαν
3656 3277 3815 3349 steti;-

539 3370 625 3428 vel
665 3383 770 3426 non
825 3363 1073 3422 venalem
1102 3359 1334 3433 gratiam
1362 3357 1430 3411 ad
1476 3355 1844 3412 venditionem
1880 3354 2121 3410 deduxe-

539 3465 706 3530 rit,et
734 3457 980 3533 pecuniis
1008 3451 1343 3511 ordinaverit
1380 3449 1718 3520 episcopum,
1750 3445 1837 3502 vel
1866 3447 2122 3516 chorepi-

539 3569 786 3626 scopum,
803 3550 887 3606 vel
912 3545 1308 3620 presbyterum,
1329 3541 1415 3599 vel
1436 3541 1748 3607 diaconum,
1767 3537 1852 3595 vel
1881 3539 2120 3610 aliquem

545 3662 735 3705 eorum
768 3643 861 3716 qui
919 3643 973 3697 in
1014 3639 1161 3696 clero
1192 3642 1694 3699 connumerantur,
1739 3631 1826 3688 vel
1877 3630 2124 3702 pecuniis

544 3738 809 3812 provehat
837 3747 1204 3797 mconomum,
1233 3729 1315 3786 vel
1347 3727 1714 3792 defensorem,
1746 3723 1833 3780 vel
1867 3736 2122 3792 paramu-

545 3831 786 3898 narium,
811 3826 897 3884 vel
926 3825 1148 3883 omnino
1164 3822 1401 3894 aliquem
1423 3834 1490 3875 ex
1519 3820 1689 3883 clero,
1721 3824 1944 3887 propter
1965 3829 2123 3870 suum

551 3937 708 3995 turpe
742 3922 954 3977 lucrum
998 3936 1014 3976 :
1057 3917 1150 3988 qui
1198 3916 1301 3971 hoc
1341 3926 1630 3983 aggressus
1675 3923 1800 3964 esse
1847 3909 2128 3964 convictus

549 4016 734 4083 fuerit,
765 4014 831 4068 de
862 4008 1084 4084 proprio
1107 4006 1274 4079 gradu
1302 4004 1485 4059 veniat
1515 4002 1570 4057 iu
1591 4000 1928 4072 periculum;
1955 4008 2010 4055 et
2033 4000 2125 4072 qui

547 4108 832 4165 ordinatur
856 4141 874 4168 ,
908 4100 1046 4157 nihil
1081 4113 1148 4154 ex
1179 4096 1557 4160 ordinatione,
1608 4093 1695 4148 vel
1745 4090 2127 4162 prontotione.

556 4213 677 4270 qua)
715 4196 776 4252 ﬁt
799 4195 973 4250 instar
999 4199 1343 4255 mercaturas,
1361 4188 1604 4259 juvetur,
1638 4183 1733 4241 sed
1760 4183 1832 4238 sit
1857 4182 2069 4238 alienus
2091 4197 2126 4240 a

549 4287 849 4360 dignitate,-
883 4281 968 4339 vel
1008 4279 1332 4344 curatione,
1356 4292 1518 4347 quam
1543 4275 1793 4347 pecuniis
1845 4283 2130 4330 assecutus

547 4389 654 4436 est.
680 4377 736 4435 Si
772 4375 896 4446 quis
944 4383 1126 4430 autem
1157 4371 1246 4427 his
1282 4367 1535 4438 turpibus
1576 4381 1640 4423 ac
1688 4363 1919 4422 nefariis
1963 4363 2132 4421 lucris

549 4477 833 4540 sequester
867 4467 1262 4523 intercessorve
1286 4460 1624 4532 apparuerit,
1651 4458 1700 4515 is
1733 4471 1950 4529 quoque
1979 4457 2026 4513 si
2059 4457 2132 4513 sit

549 4564 782 4620 clericus
805 4604 823 4630 ,
867 4575 898 4615 a
929 4558 1107 4632 primo
1133 4556 1302 4629 gradu
1333 4551 1549 4610 excidat
1581 4569 1600 4607 :
1631 4551 1680 4608 si
1713 4559 1897 4607 autem
1919 4549 2128 4616 laicus,

548 4656 636 4714 vel
668 4653 989 4720 monachus,
1017 4645 1530 4706 anathematizetur.
1569 4662 1590 4697 s

621 4745 992 4803 Pulcherrima
1021 4752 1078 4798 et
1098 4739 1254 4795 valde
1284 4739 1374 4808 pia
1398 4744 1527 4791 sunt
1561 4734 1723 4806 hujus
1753 4731 1982 4790 canonis
2010 4746 2132 4788 san-

550 4851 761 4897 ctorum
777 4838 996 4893 Patrum
1013 4840 1307 4906 praecepta,
1329 4830 1422 4902 qui
1448 4842 1665 4884 omnem
1684 4824 2016 4882 invasionem
2041 4837 2134 4879 sa-

553 4929 828 4996 tanicam,
873 4924 1312 4993 diabolicumque
1353 4928 1640 4986 conatum,
1692 4917 1785 4988 qui
1836 4917 1890 4972 in
1931 4915 2132 4970 donum

557 5019 847 5091 spirituale
893 5018 1239 5084 intenditur,
1287 5013 1505 5085 repellit
1559 5021 1616 5068 et
1660 5009 1944 5067 rescindit.
1973 5006 2133 5064 Nullo

551 5115 700 5169 enim
745 5111 903 5168 modo
932 5113 1049 5166 vult
1071 5106 1432 5165 ordinationis
1461 5104 1855 5176 promotionem
1881 5100 2132 5172 pecuniis

553 5201 814 5268 autﬁcri,
844 5210 937 5257 aut
969 5200 1192 5271 suscipi,
1246 5212 1348 5255 nec
1380 5199 1448 5254 ab
1476 5211 1542 5253 eo
1574 5196 1666 5265 qui
1695 5193 1839 5248 illam
1883 5199 2129 5256 exercet,

554 5312 655 5352 nec
687 5295 756 5350 ab
801 5309 868 5350 eo
903 5293 995 5364 qui
1033 5288 1396 5348 ordinatiOnis
1440 5286 1839 5359 promotionem
1878 5281 2079 5354 accipit
2115 5299 2131 5338 :

555 5387 650 5445 sed
683 5400 783 5443 nec
817 5395 942 5441 ante
991 5395 1201 5452 tempus
1245 5378 1642 5444 ordinationis,
1691 5390 1792 5432 nec
1824 5383 1984 5445 post,
2017 5372 2134 5427 dari

2157 4680 2212 4742 D

2229 3383 2408 3432 σαιτο,
2435 3367 2532 3421 καὶ
2551 3369 2632 3431 εἰς
2653 3367 2860 3441 πράσιν
2892 3370 3201 3439 καταγάγοι
3229 3369 3333 3438 τήν
3356 3367 3603 3440 ἄπρατον
3627 3369 3812 3442 χάριν,

2226 3457 2321 3514 καὶ⁸
2350 3459 2732 3531 χειροτονῆσαι
2778 3460 2873 3513 ἐπὶ
2917 3461 3200 3532 χρήμασιν
3232 3459 3554 3526 ἐπίσκοπον,
3599 3460 3633 3532 ἢ
3673 3480 3815 3534 χωρ-

2227 3547 2548 3618 επίσκοπον,
2573 3550 2607 3621 ἢ
2633 3551 3030 3624 πρεσϐύτερον,
3062 3553 3097 3623 ἥ
3123 3551 3389 3616 διάκονον,
3420 3553 3453 3623 ή
3485 3552 3676 3624 ἔτερόν
3694 3571 3815 3608 τινα

2226 3641 2336 3698 τῶν
2362 3643 2420 3697 ἐν
2447 3642 2528 3714 τῷ
2556 3643 2746 3716 κλήρῳ
2775 3644 3010 3715 καταριθ
3021 3643 3330 3715 μουμένων,
3377 3645 3414 3716 ἢ
3455 3645 3816 3717 προῦάλλοιτο

2226 3733 2321 3786 ἐπὶ
2352 3734 2630 3805 χρήμασιν
2666 3735 2976 3804 οίκονόμον,
2999 3735 3034 3806 ἢ
3056 3734 3292 3798 ἐκδικον,
3314 3734 3349 3808 ῆ
3373 3735 3816 3806 παραμονάριον,

2229 3825 2262 3896 ἢ
2296 3826 2473 3894 ἄλλως
2501 3826 2627 3882 τινὰ
2648 3827 2744 3882 τοῦ
2771 3828 2999 3899 κλήρου,
3029 3828 3098 3881 δι’
3119 3827 3568 3900 αἰσχροκέρδειαν
3585 3828 3816 3890 οἰκείαν,

2228 3921 2256 3972 ὁ
2278 3918 2456 3989 τούτῳ
2483 3919 2842 3992 ἐπιχειρήσας
2868 3919 3146 3990 ἐλεγχθεὶς
3167 3917 3528 3973 κινδυνευέτω
3559 3919 3696 3991 περὶ
3725 3920 3817 3972 τὸν

2227 4011 2430 4065 οἰκεῖον
2456 4010 2690 4082 βαθμόν’
2728 4013 2824 4065 καὶ
2852 4013 2882 4065 ὁ
2904 4010 3405 4083 χειροτονούμενος,
3434 4011 3602 4082 μηδὲν
3626 4013 3692 4065 ἐκ
3717 4012 3819 4081 τῆς

2227 4102 2351 4154 κατ’
2377 4101 2649 4172 ἐμπορίαν
2671 4100 2989 4170 ιῦφελείσθω
3022 4099 3362 4172 χειροτονίας
3381 4138 3396 4163 ,
3442 4098 3476 4169 ἢ
3517 4099 3815 4170 προόολῆς-

2229 4193 2345 4252 ἀλλ’
2377 4195 2520 4250 ἔστω
2549 4194 2832 4266 ἀλλότριος
2855 4193 2955 4264 τῆς
2985 4192 3144 4259 ἀξίας
3167 4192 3236 4262 ,ἢ
3265 4190 3360 4245 τοῦ
3385 4190 3815 4262 φροντίσματος,

2229 4283 2404 4360 οὗπερ
2429 4288 2523 4342 ἐπὶ
2546 4289 2826 4361 χρήμασιν
2849 4286 3060 4357 ἔτυχεν.
3090 4286 3150 4339 El
3181 4285 3238 4339 δέ
3275 4301 3362 4349 τις
3387 4285 3482 4338 καὶ
3512 4282 3822 4354 μεσιτεύων

2233 4384 2379 4454 φανῇ
2411 4384 2525 4447 τοῖς
2553 4383 2801 4453 αἰσχροῖς
2829 4379 3075 4445 τούτοις,
3097 4379 3193 4431 καὶ
3214 4375 3499 4446 ἀθεμίτοις
3526 4375 3783 4444 λήμμασι
3802 4417 3818 4437 ,

2232 4474 2328 4526 καὶ
2355 4467 2510 4537 οὗτος
2532 4473 2581 4526 εί
2605 4472 2704 4543 μὲν
2729 4469 2994 4542 κληρικὺς
3018 4469 3126 4540 εἴη,
3151 4466 3247 4521 τοῦ
3271 4465 3475 4521 οίκείου
3506 4465 3826 4516 ἐκπιπτὲτω

2236 4560 2473 4634 βαθμοῦο
2505 4562 2557 4615 εί
2577 4559 2636 4615 δέ
2656 4559 2871 4624 λα’ίκὺς,
2893 4559 2928 4630 ἢ
2957 4557 3228 4630 μονάζων,
3257 4551 3765 4624 άναθεματιζέσθω.
3796 4569 3818 4600 ι

2303 4733 2590 4791 Κάλλιστα
2615 4733 2712 4788 καὶ
2738 4732 2858 4786 λίαν
2890 4729 3094 4801 εὑσεὸῆ
3122 4727 3220 4783 τοῦ
3247 4728 3476 4790 κανόνος
3499 4724 3607 4778 τῶν
3649 4723 3824 4791 ἁγίων

2233 4823 2501 4896 Πατέρων
2538 4823 2776 4894 ὑπάρχει
2806 4822 2876 4875 τά
2918 4817 3388 4891 παραγγέλματα,
3419 4814 3600 4867 πᾶσαν
3631 4811 3824 4880 ἔφοδον

2235 4917 2557 4988 σατανικὴν,
2588 4916 2685 4969 καὶ
2714 4914 2824 4968 πᾶν
2857 4912 3168 4984 ἐγχείρημα
3207 4905 3514 4962 διαδολικδν
3552 4905 3694 4957 κατὰ
3720 4901 3825 4971 τῆς

2231 5005 2615 5078 πνευματικῆς
2639 5004 2940 5076 φερόμενον
2965 5001 3199 5074 δωρεάς,
3226 4995 3450 5053 άπωθού
3460 4994 3598 5066 μενά
3618 5009 3700 5058 τε,
3727 4993 3825 5045 καὶ

2234 5099 2639 5156 ἀνακόπτοντα.
2679 5097 2756 5151 Οὑ
2802 5093 3056 5168 βούλεται
3110 5091 3223 5166 γὰρ
3264 5087 3519 5161 οὐδαμῶς
3545 5084 3636 5140 διὰ
3682 5100 3825 5155 χρη-

2241 5189 2430 5261 μάτων
2477 5185 2726 5258 γίνεσθαι
2764 5186 2864 5256 τῆς
2905 5183 3248 5257 χειροτονίας
3287 5181 3388 5252 τὴν
3438 5173 3736 5252 προϐολὴν,
3789 5173 3826 5244 ῆ

2241 5260 2624 5352 ὑποδέχεσθαι,
2641 5276 2765 5334 οὑτε
2957 5274 3050 5330 τοῦ
3071 5273 3280 5344 ταύτην
3300 5268 3676 5342 ἐνεργοῦντος,
3697 5265 3825 5319 οὑτι

2241 5374 2394 5443 παρὰ
2433 5369 2529 5425 τοῦ
2569 5369 2668 5442 τῆς
2713 5369 3049 5441 χειροτονίας
3092 5366 3190 5438 τὴν
3247 5362 3520 5436 προὸολὴν
3563 5358 3821 5429 ὑποδεχο-

559 5481 818 5553 pecunias
842 5475 1093 5534 concedit
1123 5492 1138 5530 :
1168 5475 1411 5531 omnium
1437 5471 1581 5528 enim
1610 5471 1663 5524 in
1702 5469 1802 5523 hac
1829 5479 2047 5538 quoque
2078 5479 2121 5519 rt

2244 5463 2436 5535 μένου,
2470 5462 2589 5517 ἀλλ’
2617 5461 2740 5516 οὑδὲ
2780 5459 2888 5532 πρὸ
2915 5456 3111 5530 καιροῦ
3145 5457 3246 5529 τῆς
3286 5453 3619 5527 χειροτονίας
3643 5491 3659 5516 ,
3700 5449 3826 5504 οὑδέ

553 5586 674 5628 esse
700 5571 906 5635 sordes,
930 5581 1325 5637 munerumque
1365 5561 1764 5633 corruptionem
1799 5557 2132 5630 pronuntiat.

2247 5554 2384 5626 μετὰ
2411 5553 2502 5608 τὸν
2541 5553 2733 5626 καιρὸν
2756 5553 2858 5624 τῆς
2881 5549 3242 5624 χειροτονίας,
3269 5547 3390 5602 οὑδὲ
3417 5544 3559 5600 κατά
3584 5543 3676 5597 τὸν
3703 5559 3827 5595 και·

554 5664 649 5735 ρὸν
681 5662 846 5715 αὑτὸν
858 5633 958 5731 τῆς
986 5633 1344 5731 χειροτονίας,
1374 5652 1514 5726 ὑπὲρ
1543 5653 1641 5726 τῆς
1670 5649 2011 5725 χειροτονίας
2036 5644 2274 5701 δίδοσθαι
2292 5648 2554 5718 χρήματα
2585 5647 2878 5718 συγχωρεῖ·
2907 5643 3143 5699 καθόλου
3173 5641 3281 5714 γὰρ
3314 5639 3412 5714 την
3435 5639 3527 5691 ἐπὶ
3551 5635 3629 5708 τῷ
3647 5633 3824 5705 πράγ-

557 5772 690 5825 ματι
716 5752 891 5824 τούτῳ
919 5747 1244 5822 δωροδοκίαν
1268 5747 1566 5817 ἀπέφηνεν.

676 5961 865 6016 Matth.
903 5977 1016 6025 λιι,
1046 5959 1098 6025 8,
1130 5960 1183 6015 9.
1263 5955 1435 6016 [ΑΜ.
1477 5967 1600 6018 vui,
1657 5948 1747 6003 ‘10.
