4130 6590
425 407 555 472 1517

1643 414 2004 478 EPISTOLA
2042 413 2470 476 ENCYCLICA.

3540 396 3692 464 1618‘

501 523 688 594 Ὀμως
720 525 914 599 ἐπειδὴ
937 526 1057 591 νῦν,
1088 523 1265 578 καίτοι
1306 525 1589 597 προδήλως
1614 525 1822 579 τούτων
1854 524 1998 580 οῦτω

2173 525 2438 592 Quoniam
2471 531 2649 577 tamen
2687 517 2754 573 iis
2781 517 2852 572 ita
2880 523 3064 586 aperte
3093 511 3381 583 prohibitis
3405 551 3421 577 ,
3453 512 3677 599 quidam
3727 523 3730 526 ’

419 614 842 688 κεκωλυμένων,
869 616 1234 689 ἑφωράθησάν
1263 633 1407 680 τινες
1435 615 1577 687 κατὰ
1611 617 1723 671 τῶν
1743 616 1999 671 Γαλατῶν

414 706 582 774 ὁλιγω
595 707 837 780 ροῦντες,
864 709 959 765 καὶ
982 709 1414 782 παραϐαίνοντες
1440 708 1508 763 δι⁹
1526 710 1998 782 αἰσχροκέρδειαν,

417 797 512 850 καὶ
537 800 923 874 φιλαργυρίαν·
946 802 1014 856 τά
1035 803 1278 873 σωτήρια
1303 804 1499 868 ταῦτα,
1525 804 1620 857 καλ⁵
1640 802 2002 874 φιλάνθρωπα

424 893 893 964 παραγγέλματα,
926 890 986 948 εὖ
1011 895 1154 965 ἔχειν
1180 893 1329 960 εδοξε
1350 895 1445 950 καὶ
1477 895 1609 967 ἡμῖν
1638 894 1811 950 ταῦτα
1841 895 2003 950 πάλιν

421 982 840 1039 ἀνανεώσασθαι
865 986 1004 1056 μετά
1024 986 1121 1056 τῆς
1143 985 1306 1056 ἀγίας
1342 987 1586 1055 συνόδου,
1613 990 1717 1060 τῆς
1737 988 2004 1060 ὲνδημού-

425 1089 525 1144 σης
546 1077 604 1129 ὲν
629 1076 804 1148 ταύτῃ
824 1079 893 1147 τῇ
921 1077 1284 1152 βασιλευούσῃ
1328 1078 1425 1151 νέᾳ
1461 1078 1649 1153 Ῥώμῃ
1673 1120 1689 1147 ,
1717 1080 1860 1135 ὥστε
1881 1081 2006 1152 δίχα

424 1165 608 1236 πάσης
628 1168 907 1233 ὲπινοίας,
937 1169 1033 1223 καὶ
1057 1169 1240 1241 πάσης
1272 1170 1630 1243 προφάσεως,
1662 1174 1757 1228 καὶ
1803 1172 2006 1238 παντὸς

427 1259 719 1330 σοφισμοῦ,
755 1259 856 1332 τὴν
881 1260 1146 1334 βδελυρὰν
1176 1261 1406 1334 ταύτην,
1440 1263 1536 1318 καί¹
1563 1264 1741 1335 ἀσεϐῆ
1769 1262 1872 1320 οὐκ
1902 1265 2005 1320 οἶδ’

423 1351 572 1414 ὅπως
597 1351 1020 1408 ἐπεισελθοῦσαν
1043 1354 1334 1426 συνήθειαν
1360 1357 1481 1421 ταῖς
1510 1357 1848 1426 ἁγιωτάταις
1883 1356 2008 1412 Ἐκο

426 1442 678 1512 κλησίαις
709 1445 990 1510 παντελῶς
1034 1446 1310 1516 ἐκτεμεῖν’
1360 1450 1448 1502 ίνα
1497 1449 1718 1520 ἀληθῶς
1780 1451 2006 1520 ἀκαπη·

425 1533 614 1587 λεύτου
636 1573 653 1599 ,
696 1534 794 1588 καὶ
823 1535 1070 1607 καθαρᾶς
1100 1540 1255 1610 παρά
1293 1539 1402 1594 τῶν
1435 1541 1739 1614 ἀρχιερέων
1767 1543 1870 1612 τῆς
1912 1542 2009 1595 ἐπὶ

425 1624 534 1678 τῶν
555 1627 1043 1698 χειροτονουμένων
1069 1629 1427 1702 ἀναρρήσεως
1451 1632 1764 1705 γινομένης,
1800 1633 2010 1688 ἄνωθεν

425 1715 459 1784 ἠ
486 1714 581 1769 τοῦ
605 1715 922 1786 Πνεύματος
951 1719 1110 1790 χάρις
1137 1721 1413 1792 ἐπιφοιτᾷ·
1444 1716 1522 1778 ὧν
1550 1722 1647 1778 νῦν
1676 1741 1739 1794 γε
1768 1724 1868 1779 ούκ
1893 1719 2011 1778 οἶδα

424 1806 512 1860 διά
549 1807 847 1878 χρημάτων
871 1809 974 1879 τὴν
1004 1811 1276 1884 προὸολὴν
1305 1813 1669 1885 ποιουμένων,
1700 1817 1795 1870 καὶ
1824 1817 1885 1871 ού
1912 1817 2010 1888 τῆς

2101 589 2228 674 sunt
2257 618 2310 672 in
2332 615 2644 672 Galatarum
2665 609 2905 666 Ecclesia
2923 606 3243 678 deprehensi
3270 589 3493 676 propter
3520 614 3675 674 turpe

2103 709 2311 763 lucrum
2348 713 2402 760 et
2430 702 2716 758 avaritiam
2748 700 2866 754 haec
2895 697 3154 754 salutaria
3185 706 3244 751 et
3272 697 3511 750 humana
3536 710 3678 764 pra:-

2103 811 2254 869 cepta
2289 798 2560 868 negligere
2587 804 2641 851 et
2671 791 2970 863 transgredi
3003 803 3100 844 :ea
3128 788 3480 861 quoqueiipsa
3513 788 3673 843 nobis

2103 903 2366 948 renovare
2396 889 2570 944 visum
2609 894 2693 943 est
2723 900 2848 941 cum
2879 886 2982 941 hac
3001 892 3188 941 sancta
3213 883 3442 952 synodo,
3473 895 3595 952 quae
3617 880 3670 935 in

2102 985 2208 1042 hac
2234 991 2496 1053 regnante
2522 994 2661 1037 nova
2692 978 2887 1044 Roma,
2928 991 3072 1034 nunc
3103 975 3218 1044 agit
3245 992 3260 1028 :
3294 983 3353 1030 ut
3381 974 3503 1039 sine
3531 971 3678 1029 omnii

2104 1076 2318 1146 penitus
2376 1070 2688 1127 inventione
2712 1105 2728 1132 ,
2763 1075 2820 1122 et
2867 1065 3015 1122 onmi
3047 1071 3347 1135 praetextu,
3374 1063 3682 1134 callideque

2104 1173 2414 1224 commento
2438 1204 2454 1231 ,
2485 1161 2708 1232 impiam
2742 1159 2884 1215 hanc
2911 1167 2967 1214 et
3016 1157 3292 1221 odiosam,
3321 1170 3442 1226 qua:
3494 1155 3699 1210 nescio'

2105 1258 2375 1330 quomodo
2397 1256 2450 1311 in
2478 1251 2854 1311 sanctissimas
2874 1248 3146 1306 Ecclesias
3169 1247 3355 1314 subiit,
3391 1255 3686 1303 consuetu-

2105 1353 2284 1408 dinem
2308 1349 2530 1404 omnino
2557 1345 2982 1410 exscindamus;
3008 1349 3068 1397 ut
3092 1357 3215 1398 cum
3241 1355 3375 1412 pura
3398 1349 3454 1395 et
3479 1341 3684 1410 absque

2107 1446 2211 1500 ulla
2239 1440 2637 1512 cauponatione
2665 1451 2862 1494 eorum
2888 1436 2979 1506 qui
3022 1433 3364 1498 ordinantur,
3402 1431 3696 1486 renuntia--

2110 1538 2184 1593 tio
2209 1537 2278 1591 ab
2301 1533 2633 1590 antistitibus
2656 1531 2793 1586 facta
2820 1529 3003 1595 fuerit,
3040 1527 3210 1597 gratia
3245 1523 3481 1596 Spiritus
3507 1522 3681 1577 sancti

2108 1643 2341 1701 superne
2388 1626 2590 1681 veniat.
2647 1624 2854 1691 Quibus
2893 1622 3082 1678 nescio
3129 1635 3198 1674 an
3249 1633 3345 1690 per
3391 1616 3676 1689 pecuniam

2108 1719 2502 1793 promotionem
2547 1715 2895 1781 facientibus,
2924 1723 2979 1769 et
3028 1726 3191 1767 manu
3226 1726 3349 1793 non
3381 1724 3515 1781 pure
3550 1722 3683 1777 ope-

2113 1823 2287 1880 rante,
2325 1813 2392 1866 ad
2434 1825 2560 1867 eum
2589 1809 2680 1880 qui
2717 1791 3337 1879 promoveturiaccedit,‘
3378 1801 3676 1858 secundum

424 1899 606 1970 χειρὸς
638 1900 898 1972 καθαρῶς
933 1901 1268 1975 ἐνεργούσης
1287 1945 1302 1970 ,
1336 1906 1592 1979 ἐπιφοιτᾷ
1615 1907 1694 1979 τῷ
1724 1927 2004 1981 προχειρι-

2114 1921 2297 1963 vocem
2331 1903 2644 1974 Evangelii,
2698 1910 2754 1956 et
2799 1915 2906 1956 non
2960 1897 3141 1970 petius
3181 1895 3476 1953 retrahitur
3507 1893 3682 1964 gratia

421 1987 638 2058 ζομένῳ
676 1990 817 2043 κατά
844 1987 943 2060 τὴν
977 1990 1161 2062 φωνὴν
1191 1990 1287 2045 τοῦ
1323 1993 1680 2065 κηρύγματος
1704 2036 1720 2061 ,
1754 1999 1849 2050 καὶ
1885 1998 2006 2069 οὐχὶ

427 2081 776 2136 συστέλλεται
809 2083 1010 2154 μᾶλλον
1045 2084 1079 2154 ἡ
1125 2083 1221 2138 τοῦ
1263 2085 1420 2154 ἁγίου
1470 2087 1791 2160 Πνεύματος
1821 2089 2006 2162 χάρις.

497 2172 636 2228 Ἰσθι
665 2174 866 2241 τοίνυν,
898 2174 967 2228 τὰ
1003 2177 1183 2231 πάντα
1231 2176 1616 2234 θεοσεϐέστατε
1637 2219 1652 2246 ,
1694 2180 1874 2236 πάντα
1914 2180 2008 2238 τὸν

420 2264 700 2318 ὁντιναοῦν
729 2265 1022 2337 ἀλίσκομεν
1050 2266 1142 2320 ἐπὶ
1194 2267 1273 2340 τῷ
1297 2270 1523 2342 τοιούτῳ
1545 2271 1654 2326 τινὶ
1683 2271 2006 2338 ἐπίσκοπον,

424 2353 457 2424 ἢ
496 2355 934 2426 χωρεπίσκοπον,
963 2355 1001 2426 ἢ
1034 2357 1414 2429 περιοδευτὴν,
1456 2357 1491 2429 ἢ
1541 2358 1935 2433 πρεσϐύτερον,
1971 2359 2005 2431 ἢ

419 2445 686 2510 διάκονον,
717 2446 750 2517 ἢ
778 2445 939 2501 ἀλλον
956 2447 1081 2501 τινὰ
1103 2447 1307 2519 δήποτε
1332 2448 1426 2503 τοῦ
1459 2451 1707 2516 κανόνος,
1731 2451 1768 2523 ἦ
1794 2450 2006 2519 λαῖκὺν,

423 2537 586 2608 κοινῷ
628 2538 861 2611 δόγματι
894 2537 1006 2593 τῶν
1039 2539 1346 2612 ἀρχιερέων
1380 2542 1818 2615 κατακεκρίσθαι
1841 2585 1856 2610 ,
1911 2542 2008 2597 καὶ

421 2632 575 2702 κοινῇ
605 2631 774 2703 ψήφῳ
798 2671 814 2696 ,
852 2630 1038 2697 καθὼς
1080 2633 1208 2704 περὶ
1244 2633 1438 2688 τούτου
1485 2635 1582 2690 καί⁹
1606 2637 1636 2690 ὁ
1679 2635 1790 2690 τῶν
1834 2635 2006 2706 ἀγίων

425 2721 689 2794 Πατέρων
711 2721 892 2778 κανὼν
923 2723 1136 2793 φθάσας
1157 2723 1417 2779 διαλαλεῖ.
1451 2727 1542 2778 Δεῖ
1589 2725 1698 2797 γὰρ
1739 2721 1882 2780 εἶναι
1910 2724 2006 2795 χά-

425 2832 513 2887 ριν
548 2813 649 2886 τὴν
683 2815 864 2887 χάριν,
904 2815 999 2869 καὶ
1038 2814 1289 2887 μηδαμοῦ
1333 2814 1641 2887 μεσιτεύειν
1687 2818 1820 2888 παρ’
1865 2816 2005 2888 αὐτῇ

423 2906 713 2978 ἀργύριον.
744 2907 927 2961 Ἔστω
954 2905 1136 2960 τοίνυν
1171 2907 1266 2962 καὶ
1293 2907 1441 2962 ἔστιν
1472 2909 1878 2980 ἀποκήρυκτος,
1910 2908 2008 2963 καὶ

423 2999 607 3071 πάσης
634 2997 913 3070 ίερατικῆς
937 2998 1092 3064 ἀξίας
1119 3017 1201 3064 τε,
1225 3000 1319 3054 καὶ
1338 2999 1680 3072 λειτουργίας
1703 2999 2005 3072 ἀλλότριος,

425 3093 520 3156 καὶ
563 3095 632 3164 τῇ
667 3092 885 3164 κατάρα
921 3092 1015 3146 τοῦ
1060 3091 1404 3163 ἀναθέματος
1434 3093 1799 3165 ὑποκείμενος
1823 3133 1840 3158 ,
1873 3093 1903 3147 ὃ
1943 3110 2003 3147 τε

422 3180 629 3251 ταύτην
660 3182 892 3236 κτᾶσθαι
930 3182 1017 3235 διά
1050 3182 1350 3254 χρημάτων
1379 3181 1656 3254 οἰόμενος,
1687 3183 1782 3236 καὶ
1811 3183 1840 3236 ὁ
1868 3181 2002 3236 ταύ-

424 3290 524 3343 την
545 3272 807 3344 παρέχειν
828 3274 922 3327 ἐπὶ
951 3275 1229 3345 χρήμασιν
1252 3272 1516 3342 ύπισχνού
1526 3290 1708 3342 μενος,
1733 3274 1843 3326 εἴτε
1873 3273 2007 3342 κλη-

426 3363 600 3434 ρικὸς,
626 3363 735 3416 εἴτε
768 3363 955 3426 λαῖκὸς
983 3363 1099 3434 εἴη,
1127 3364 1232 3417 κᾶν
1265 3363 1559 3432 ἐλέγχοιτο,
1595 3361 1697 3416 κᾶν
1738 3361 1814 3432 μὴ
1845 3361 2008 3430 ἐλέγ-

426 3471 577 3525 χοιτο
623 3458 816 3522 ποιεῖν,
874 3457 958 3509 ὅτι
1002 3454 1125 3509 οὐδὲ
1157 3449 1269 3508 οἷόν
1301 3471 1362 3507 τε
1412 3452 1850 3525 συμϐιϐασθῆναί
1880 3470 2012 3507 ποτε

427 3546 496 3599 τά
525 3545 792 3617 σύμϐολα,
821 3547 943 3602 ούδὲ
989 3546 1110 3617 Θεῷ
1146 3545 1514 3618 συμφωνῆσαι
1543 3544 1638 3598 τὸν
1675 3546 2009 3623 μαμμωνᾶν,

424 3638 461 3709 ἢ
493 3639 620 3702 τοὺς
641 3637 817 3711 τούτῳ
843 3637 1193 3703 δουλεύοντας
1222 3637 1508 3691 δουλεῦσαι
1530 3636 1670 3708 Θεῷ.
1705 3635 2012 3708 Δεσποτικὴ

427 3729 523 3783 καὶ
555 3727 693 3800 αῦτη
723 3730 870 3783 ἐστὶν
894 3729 1170 3800 ἀπόφασις
1199 3726 1597 3801 ἀναμφίὸολοςο
1629 3728 1713 3783 Οὐ
1741 3726 2011 3782 δύνασθε

425 3819 550 3887 Θεῷ
579 3821 916 3888 δουλεύειν,
947 3821 1047 3876 καὶ
1073 3818 1394 3893 μαμμωνᾷ.

496 3902 723 3977 Τούτοις
761 3913 1186 3987 ὲπιθαῤῥοῦντες
1231 3915 1394 3986 ἡμεῖς
1433 3911 1576 3970 κατά
1611 3913 1863 3985 δύναμιν,
1915 3913 2012 3968 καὶ

423 4002 634 4069 τούτοις
662 4005 987 4078 ύπήκοντες,
1025 4006 1167 4079 μετά
1190 4005 1286 4061 τοῦ
1328 4004 1505 4060 ταῦτα
1533 4006 1827 4078 φήσαντος,
1867 4005 2010 4058 κατά

421 4096 532 4149 τῶν
547 4095 722 4150 ταῦτα
739 4097 1202 4169 παρανομούντων
1219 4099 1320 4172 τὴν
1335 4098 1614 4169 ἀπόφασιν
1638 4098 2005 4169 πεποιήμεθα.

423 4185 773 4257 Φροντισάτω
799 4187 856 4242 δὲ
884 4190 983 4241 καὶ
1009 4189 1043 4259 ἠ
1081 4187 1150 4260 σὴ
1176 4188 1397 4259 ὁσιότης
1429 4188 1520 4244 διά
1553 4187 1738 4261 πάσης
1775 4205 2010 4261 περιφυο

423 4275 599 4347 λακῆς
629 4277 951 4349 ποιουμένη,
996 4276 1135 4350 δῆλα
1160 4279 1501 4351 καταστῆσαι
1536 4279 1629 4334 διά
1657 4280 2009 4351 ἀντιγράφων

425 4367 523 4422 καὶ
553 4370 668 4433 τοῖς
691 4365 812 4422 ’ὑπὸ
843 4368 903 4423 σὲ
923 4369 1363 4441 θεοφιλεστάτοις
1399 4371 1720 4436 ἐπισκόποις
1738 4413 1754 4438 ,
1788 4372 1883 4425 καὶ
1913 4388 2009 4425 πε-

425 4457 760 4530 ριοδευταῖς,
792 4461 889 4516 καὶ
919 4465 1032 4527 τοῖς
1061 4462 1246 4528 ἄλλοις
1269 4464 1496 4519 ἅπασινο
1529 4464 1618 4518 ἵνα
1648 4466 1708 4519 ὲν
1733 4463 1816 4518 ἐνὶ
1844 4463 2008 4518 πνεύ-

2109 1998 2278 2056 sancti
2309 1995 2568 2068 Spiritus.

2179 2180 2336 2237 Scias
2365 2193 2513 2250 ergo,
2549 2192 2583 2233 o
2615 2175 2697 2232 vir
2731 2172 3142 2242 religiosissime
3167 2179 3223 2224 et
3251 2165 3396 2222 omni
3428 2181 3493 2220 ex
3521 2173 3678 2234 parte

2107 2275 2469 2339 sanctissime,
2499 2273 2642 2343 quod
2674 2275 2986 2340 quicunque
3016 2265 3177 2335 hujus
3206 2262 3487 2317 convictus
3518 2257 3677 2312 fuerit

2108 2368 2410 2438 episcopus,
2434 2365 2517 2421 vel
2541 2363 2981 2434 chorepiscopus,
3013 2355 3098 2411 vel
3129 2358 3322 2419 viator,
3343 2351 3427 2406 vel
3459 2350 3685 2422 presby-

2111 2470 2215 2526 ter,
2251 2458 2331 2515 vel
2367 2459 2654 2523 diaconus,
2681 2455 2764 2510 vel
2791 2451 2971 2525 quivis
2993 2449 3131 2504 alius
3162 2461 3230 2502 ex
3251 2459 3480 2509 canone,
3506 2440 3591 2497 vel
3615 2457 3684 2496 ex

2109 2551 2300 2614 laicls.
2346 2549 2619 2607 communi
2659 2545 2964 2602 antistitum
3025 2541 3266 2607 decreto,
3305 2533 3686 2603 communique

2109 2643 2377 2702 sententia
2429 2643 2826 2699 condemnatus
2877 2642 2994 2700 est,
3027 2631 3173 2689 sicut
3215 2630 3285 2686 de
3317 2629 3421 2685 hoc
3468 2639 3686 2698 quoque

2118 2746 2436 2794 sanctorum
2464 2735 2685 2790 Patrum
2707 2733 3021 2801 praecedens
3037 2740 3214 2783 canon
3237 2721 3497 2793 loquitur.
3518 2718 3686 2788 Opor-

2111 2835 2188 2884 tet
2215 2827 2359 2883 enim
2393 2826 2624 2896 gratiam
2649 2835 2863 2890 semper
2888 2835 3012 2878 esse
3039 2817 3291 2891 gratiam,
3319 2822 3376 2868 et
3406 2817 3686 2880 argentum

2110 2917 2249 2989 apud
2278 2933 2398 2974 eam
2429 2931 2773 2987 nequaquam
2832 2912 3187 2969 intercedere.
3233 2905 3319 2961 Sit
3362 2917 3492 2973 ergo
3535 2896 3690 2955 etab

2108 3010 2255 3066 omni
2295 3008 2623 3065 sacerdotali
2655 3005 2922 3076 dignitate
2963 3013 3020 3060 et
3045 2999 3349 3057 ministerio
3377 2995 3607 3057 alienus,
3631 2999 3689 3044 et

2108 3101 2475 3159 anathematis
2511 3101 2632 3156 loco
2660 3099 2939 3170 subjectus
2957 3135 2973 3162 ,
3014 3094 3108 3166 qui
3135 3102 3189 3148 et
3218 3106 3276 3146 se
3303 3104 3398 3160 per
3425 3082 3686 3156 pecunias

2111 3195 2395 3266 acquirere
2417 3193 2714 3257 existimat,
2744 3200 2798 3245 et
2821 3189 2914 3260 qui
2940 3201 3061 3243 eam
3089 3182 3329 3256 pecuniis
3356 3179 3557 3236 habere
3576 3173 3687 3245 pol-

2115 3287 2328 3352 licetur,
2352 3286 2469 3342 sive
2497 3284 2570 3340 sit
2598 3281 2853 3348 clericus,
2885 3279 2998 3335 sive
3019 3277 3213 3343 laicus,
3241 3273 3357 3330 sive
3380 3270 3483 3326 hoc
3509 3266 3690 3322 facere

2111 3373 2490 3441 convincatur,
2521 3376 2640 3431 sive
2683 3388 2792 3428 non
2830 3385 2848 3425 :
2897 3370 3024 3441 quia
3074 3367 3190 3423 ﬁeri
3237 3379 3344 3420 non
3383 3367 3596 3433 potest,
3631 3364 3691 3410 ut

2112 3466 2438 3522 conveniant
2471 3479 2591 3541 qua:
2617 3462 2912 3518 convenire
2948 3465 3258 3528 nequeunt,
3282 3467 3382 3509 nec
3411 3460 3471 3506 ut
3512 3461 3688 3504 mam-

2113 3573 2273 3614 mona
2324 3555 2434 3612 Deo
2464 3540 2806 3619 consentiat;
2842 3551 2927 3605 vel
2957 3559 3016 3604 ut
3044 3548 3134 3619 qui
3175 3546 3225 3602 ei
3265 3543 3506 3601 serviunt
3527 3583 3544 3606 ,
3576 3540 3685 3594 Deo

2112 3651 2378 3708 serviant.
2417 3647 2626 3705 Domini
2659 3656 2744 3702 est
2779 3641 3072 3706 sententia,
3115 3638 3203 3696 cui
3241 3631 3543 3694 contradici
3576 3645 3688 3687 non

2112 3751 2336 3816 potest:
2362 3739 2484 3797 Non
2513 3739 2731 3811 potestis
2756 3735 2865 3791 Deo
2892 3733 3086 3790 seruire
3116 3739 3166 3786 et
3193 3742 3505 3784 mammona:
3523 3727 3568 3779 ³.

2181 3921 2292 3978 Nos
2323 3922 2377 3977 in
2407 3919 2494 3976 his
2532 3931 2632 3991 pro
2668 3915 2878 3972 viribus
2928 3911 3311 3978 consulentes,
3351 3918 3406 3967 et
3433 3908 3517 3966 eis
3562 3922 3684 3964 cre-

2112 4017 2324 4080 dentes,
2352 4027 2482 4068 cum
2507 4025 2577 4068 eo
2609 4010 2700 4081 qui
2727 4009 2842 4064 haec
2869 4005 3040 4072 dixit,
3071 4006 3335 4060 adversus
3362 4016 3459 4059 eos
3494 4001 3586 4071 qui
3629 4000 3693 4056 in

2112 4107 2179 4163 iis
2229 4112 2477 4177 peccant,
2514 4101 2839 4158 sententiam
2889 4097 3233 4168 protulimus.
3266 4094 3385 4150 Tua
3425 4093 3690 4148 sanctitas

2112 4210 2300 4255 curam
2326 4202 2503 4265 gerat,
2538 4191 2688 4248 omni
2736 4189 2984 4246 adhibita
3011 4187 3316 4258 diligentia,
3353 4196 3411 4242 ιιι
3444 4186 3560 4241 haec
3593 4198 3690 4254 per

2111 4289 2438 4360 transcripta
2471 4284 2803 4356 exemplaria
2843 4283 3189 4339 innotescant
3224 4289 3280 4336 et
3319 4278 3692 4336 sanctissimis

2108 4381 2382 4452 episcopis
2411 4378 2502 4448 qui
2532 4376 2628 4432 tibi
2667 4376 2917 4440 subsunt,
2946 4386 3002 4428 et
3028 4372 3434 4445 περιοδευταῖς.
3478 4378 3534 4426 et
3561 4369 3688 4426 aliis

2110 4473 2362 4532 omnibus
2394 4489 2408 4526 :
2441 4479 2500 4526 ut
2531 4470 2584 4546 in
2615 4484 2725 4524 uno
2751 4466 2942 4538 spiritu
2977 4477 3029 4522 et
3057 4481 3164 4520 una
3195 4465 3372 4520 anima
3398 4477 3590 4520 omnes
3613 4463 3688 4516 si-

426 4566 596 4661 ματὶἶ
627 4551 722 4604 καὶ
770 4554 871 4624 μιᾷ
900 4552 1049 4661 quam
1081 4551 1287 4619 πάντες
1314 4554 1451 4625 όμοῦ
1488 4556 1811 4628 Χριστιανοὶ
1865 4573 2004 4626 συμ-

2112 4567 2222 4622 mul
2253 4563 2542 4633 constipati
2571 4559 2872 4617 Christiani
2899 4561 3163 4614 adversus
3197 4569 3544 4612 communem
3575 4553 3686 4609 ini-

423 4639 761 4713 φραξάμενοι
801 4643 942 4698 κατά
985 4645 1079 4700 τοῦ
1126 4645 1310 4700 κοινοῦ
1340 4646 1643 4718 δυσμενοῦς
1693 4647 2006 4718 ἰσχύσωμεν

421 4735 520 4788 σὺν
560 4733 682 4804 Θεῷ
702 4773 718 4798 ,
751 4735 851 4806 τὴν
889 4734 981 4790 ὑπ’
1011 4737 1223 4792 ἐκείνου
1258 4737 1619 4808 φυτευθεῖσαν
1655 4739 1715 4794 ὲν
1748 4739 1880 4810 ἡμῖν
1904 4741 2004 4810 τῆς

421 4824 786 4895 φιλαργυρίας
841 4826 1020 4898 ῥίζαν,
1072 4829 1191 4900 ἅμα
1231 4831 1400 4884 πᾶσιν
1444 4831 1633 4894 αὐτοῖς
1661 4831 1772 4884 τῶν
1816 4829 2004 4884 κακῶν

419 4918 532 4980 τοῖς
569 4915 945 4988 βλαστήμασιν
979 4920 1252 4991 ἐκτεμεῖν.
1291 4921 1492 4976 ’Πᾶσαν
1533 4920 1634 4993 τὴν
1668 4921 1768 4975 σὺν
1815 4921 1898 4974 σοὶ
1945 4921 2005 4975 ὲν

419 5004 640 5076 Χριστῷ
678 5007 1016 5080 ἀδελφότητα
1064 5010 1481 5083 προσαγορεύω.
1549 5010 1890 5084 Ἐῥρωμένος
1939 5011 1998 5066 ὲν

414 5097 610 5168 Κυρίῳ
639 5098 945 5171 ὐπερεύχου
971 5102 1150 5174 ἡμῶν,
1183 5102 1573 5172 θεοφιλέστατε
1601 5104 1821 5174 ἀδελφέ.

491 5189 684 5256 Τούτῳ
711 5189 792 5255 τῷ
826 5192 1256 5265 ἐπιστολιμαίῳ
1293 5197 1458 5265 λόγῳ
1485 5195 1607 5251 σὺν
1633 5199 1793 5262 αὺτῳ
1815 5195 1892 5266 δὴ
1923 5193 2004 5261 τῷ

412 5278 716 5347 ιῗενναδιῳ
741 5281 1100 5354 ὑπέγραψαν
1129 5287 1230 5342 καὶ
1260 5289 1314 5342 οι
1341 5287 1752 5358 ἐϐδομήκοντα
1786 5287 1966 5356 τρεῖς.

2109 4659 2331 4722 micum,
2357 4653 2452 4709 Dei
2477 4651 2699 4715 auxilio,
2720 4650 2994 4720 possimus
3015 4645 3256 4709 avaritiae
3281 4644 3541 4710 radicem,
3567 4657 3687 4714 quae

2106 4751 2177 4807 ab
2208 4749 2300 4806 illo
2324 4749 2378 4803 in
2405 4745 2559 4802 nobis
2585 4743 2746 4801 insita
2773 4751 2878 4810 est,
2912 4756 3039 4797 cum
3069 4739 3322 4797 omnibus
3349 4751 3539 4794 eorum
3573 4751 3686 4790 ma-

2107 4843 2283 4901 lorum
2315 4838 2653 4913 germinibus
2707 4833 3049 4893 exscindere.
3095 4831 3323 4886 Omnem
3351 4845 3474 4899 quae
3507 4839 3688 4883 tecum

2107 4947 2193 4995 est
2223 4937 2277 4992 in
2317 4933 2538 4992 Christo
2565 4929 2960 4987 fraternitatem
2988 4926 3306 4984 salutamus.
3338 4922 3518 4979 Fortis
3541 4919 3686 4975 exsi-

2104 5040 2254 5088 stens
2289 5029 2344 5085 in
2370 5025 2607 5093 Christo,
2626 5037 2721 5082 ora
2743 5036 2841 5094 pro
2860 5019 3039 5086 nobis,
3069 5017 3417 5076 sanctissime
3450 5013 3642 5070 frater.

2180 5207 2319 5263 Huic
2346 5201 2579 5274 epistola:
2621 5215 2743 5256 cum
2768 5198 2883 5268 ipso
2919 5192 3196 5253 Gennadio
3252 5190 3678 5260 subscripserunt

2104 5301 2265 5358 etiam
2295 5297 2632 5367 septuaginta
2658 5302 2787 5349 tres.

1535 5398 1875 5456 STEPHANI
1911 5395 2190 5454 BALUle
2227 5387 2530 5449 ADDITIO.

490 5507 776 5567 Decretum
841 5511 999 5569 istius
1051 5511 1279 5571 Concilii
1344 5516 1608 5575 adversus
1666 5517 1998 5574 simoniacas

413 5601 724 5658 molitiones
755 5612 934 5661 exstat
952 5609 1091 5675 apud
1121 5607 1519 5677 Balsamonem,
1555 5619 1612 5667 et
1636 5609 1763 5666 hinc
1795 5609 1848 5664 in
1874 5610 1993 5664 edi-

415 5691 652 5748 tionibus
687 5694 1072 5753 Concillorum.
1113 5699 1314 5758 Desunt
1337 5712 1517 5759 autem
1553 5702 1836 5774 utrobique
1863 5700 1994 5759 sub-

491 5807 510 5839 '
535 5806 726 5882 blatth.
752 5824 828 5878 vt,
865 5813 957 5870 24.
996 5805 1004 5818 ’

2103 5513 2423 5585 scriptiones
2446 5508 2856 5579 Episcoporum,
2885 5517 3023 5575 quas
3041 5500 3262 5559 exhibet
3292 5498 3484 5556 Petrus
3511 5495 3681 5551 Lam-

2104 5607 2289 5665 becius
2326 5619 2394 5660 ex
2447 5599 2814 5658 vetustissimo
2863 5596 3051 5655 codice
3098 5611 3202 5652 ms.
3262 5590 3535 5654 Busbekii,
3585 5585 3677 5655 qui

2105 5715 2247 5759 nunc
2289 5704 2538 5755 servatur
2567 5694 2627 5751 in
2677 5685 3418 5760 bibliothecaimperatoria.
3444 5681 3678 5739 Exstant
