4130 6558
522 453 661 520 1623
1575 443 1952 509 GENNADII
1991 437 2502 502 PATRIARCHAZ
2539 437 2649 498 ΟΡ.
3527 508 3543 520 _
3627 414 3774 520 i625

520 508 686 601 ῐιέὖῖη
710 559 850 610 esse,
871 543 1106 607 Patrem,
1129 551 1181 598 et
1209 540 1423 606 Filium,
1445 548 1500 595 et
1520 538 1781 610 Spiritum
1806 544 2052 588 sanctum
2070 549 2092 610 _:
2125 536 2169 590 Α
2195 532 2395 610 baheat
2427 529 2646 610 Patrem
2675 541 2690 590 ;
2728 520 2995 610 ξιιξξῖξιξιη
3013 524 3282 579 θθηεῑιιπιο
3308 526 3374 569 α’
3401 508 3546 582 Ωιιοά
3596 511 3669 567 ιῖι
3700 525 3770 564 ει

521 590 1500 685 ἱέᾶἶέἕηῖζῗέὸ’ς’ἀὸὶΓῦἆύεέἶἐξιὼῐή
1531 590 1800 677 ξἘίΙίυιιι,
1836 619 1902 660 eo
1940 605 2082 675 quod
2193 603 2355 660 Patre
2393 597 2691 668 procedens
2718 603 2772 646 et
2801 590 2959 646 Filio.
2994 633 3000 639 .

1055 788 1140 845 Es
1161 787 1426 860 Georgidii
1449 785 1762 844 Col/actione
1788 783 2039 839 Gnomica
2079 782 2233 850 (Anc.
2259 777 2388 844 MAI,
2418 773 2665 846 Spiriieg.
2700 769 2854 827 Rom.
2896 767 2987 833 Vl,
3027 766 3175 835 6H).

2337 951 2495 1011 Οίνου
2525 951 2810 1026 κορεσθεὶς
2840 946 3169 1026 καζτρρφῶν
3202 942 3496 1026 ἀμετρίας.

2345 1029 2465 1082 Οὐκ
2483 1025 2552 1082 ἂν
2571 1013 2854 1096 κρατήσῃς
2877 1013 3081 1092 ἡδονῶν
3112 1013 3480 1084 κακοσχόλων.

658 967 819 1027 Οἶνον
848 971 1020 1025 πίνων
1047 959 1380 1038 συμμέτρως
1413 966 1518 1038 οὐκ
1543 965 1623 1028 είς
1645 964 1830 1038 κόρον,

673 1042 867 1097 Ῥῶσιν
886 1035 1142 1114 τρυγήσῄ
1166 1035 1387 1108 ἀσφαλῆ
1414 1037 1509 1091 καὶ
1535 1035 1767 1105 γνησίαν
1784 1049 1800 1063 °

1063 1456 1591 1551 EJUSDEM
1669 1449 2393 1547 FRAGMENTA
2469 1451 2590 1540 IN
2691 1447 3254 1541 GENESlNo

521 1676 631 1748 (Ετ
677 1677 873 1734 Catena
913 1675 1194 1747 Νεβερὴοή
1227 1669 1469 1727 monachi
1500 1666 1694 1740 Lipsiae
1728 1663 1887 1734 H72,
1914 1667 2000 1720 cui
2035 1666 2094 1720 tit

1749 1737 1849 1808 τὴν
1881 1735 2094 1792 Ὀκτάτε

2197 1680 2222 1719 ε
2246 1679 2265 1719 :
2291 1663 2454 1733 Σεῖρα
2485 1662 2606 1786 ἐῖὸς
2638 1661 2734 1716 καὶ
2772 1659 3110 1732 πεντήκοντα
3161 1659 3641 1732 ὑπομνηματιστῶ
3699 1659 3786 1722 ei;

2194 1749 2260 1802 nt,
2316 1751 2370 1787 κ.
2408 1750 2460 1787 τ.
2535 1769 2552 1788 .

1022 2085 1252 2147 CAPUT
1287 2079 1582 2148 PRIMUM.

2705 2083 3119 2142 ἰΚΕΦᾹΛΔΙοΝ
3170 2085 3255 2140 A'.

596 2250 755 2305 Vens.
782 2246 838 2305 ι.
883 2263 904 2299 i
936 2243 992 2299 in
1027 2242 1296 2314 principio
1344 2243 1553 2298 ereavit
1600 2241 1745 2299 Deus
1794 2240 1996 2298 culum
2045 2249 2102 2297 et

543 2354 745 2396 errant.
778 2355 800 2390 ι

589 2429 850 2500 διηκριιί
885 2437 1215 2484 contendant
1247 2427 1395 2494 Deo,
1425 2436 1620 2483 cuncta
1653 2440 1845 2484 creare
1871 2424 2096 2492 volenti,

522 2539 631 2579 non
679 2527 791 2581 .‘a‘m
835 2534 993 2585 sero,
1024 2521 1122 2576 sed
1175 2519 1344 2576 multo
1392 2519 1544 2590 prius
1576 2527 1883 2575 creaturam
1933 2516 2100 2573 fuisse

516 2610 1036 2684 proterendam.Qui
1066 2620 1249 2668 autem
1288 2625 1470 2667 sermo
1487 2623 1592 2666 non
1625 2610 1948 2667 temerarius
1980 2618 2136 2664 tan-'

521 2722 659 2776 tum,
693 2706 790 2764 sed
818 2715 873 2763 et
896 2705 1119 2786 stultus.
1155 2705 1294 2762 Deus
1319 2708 1490 2772 enim,
1527 2719 1650 2760 cum
1685 2712 1922 2760 aeternus
1947 2702 2019 2759 sit
2044 2709 2100 2758 et

515 2820 642 2861 esse
669 2801 947 2869 credatur,
975 2801 1166 2858 eadem
1197 2813 1451 2870 semper,
1487 2800 1536 2855 si
1577 2798 1833 2862 libuerit,
1864 2797 1970 2853 dici
2001 2811 2101 2867 po-

522 2896 772 2962 tuissent,
804 2892 1020 2948 etiamsi
1053 2891 1200 2946 mille
1229 2890 1467 2946 millibus
1509 2898 1637 2945 ante
1669 2888 1830 2944 annis
1853 2902 1917 2943 ea
1969 2902 2102 2944 con-

519 2988 747 3042 didisset
767 3001 887 3056 qua:
915 2985 1058 3040 facta
1082 2992 1234 3039 sunt.
1264 2982 1401 3038 Nam
1427 2993 1643 3052 semper
1672 2993 1704 3035 a
1733 2989 1982 3036 creatura
2014 2979 2099 3035 in-

519 3077 681 3132 ﬁnito
707 3076 994 3131 intervallo
1021 3074 1283 3142 distaret;
1320 3072 1673 3143 quantumvis
1722 3085 1878 3127 mens
1914 3080 2098 3127 nostra

519 3167 589 3223 ad
637 3167 947 3237 superiores
997 3171 1192 3221 aetates
1240 3163 1454 3236 longius
1488 3163 1809 3234 longiusque
1839 3161 2101 3219 referatur

519 3275 586 3317 ac
617 3259 931 3324 revehatur,
967 3272 1250 3328 nunquam
1277 3269 1500 3326 prorsus
1525 3262 1786 3310 aeternum
1810 3263 1868 3310 et
1895 3253 2100 3324 princi-

397 3389 400 3394 -
518 3353 612 3424 pio
666 3357 946 3408 calentem
1003 3349 1172 3405 Deum
1231 3347 1551 3418 contingere
1596 3346 1821 3416 poterit.
1870 3345 2096 3417 Rejecta

2277 2259 2298 2293 i
2347 2239 2437 2293 Ἕν
2463 2239 2604 2310 ἀρχῇ
2628 2237 2886 2310 ἐποίησεν
2921 2239 2952 2293 ό
2980 2236 3110 2295 Θεὸς
3164 2236 3248 2292 τὸν
3280 2236 3510 2312 οὐρανὸν
3548 2240 3642 2294 καὶ
3680 2239 3784 2313 τὴν

2199 2349 2325 2404 γην.
2360 2349 2380 2384 ι

2269 2423 2392 2479 Είσί
2436 2437 2615 2488 τινες,
2673 2421 2727 2476 οἵ
2766 2438 2902 2492 φασι
2944 2421 3056 2476 δεῖν
3105 2420 3199 2476 τὸν
3250 2420 3385 2475 Θεὸν
3437 2421 3779 2493 βουληθέντα

2200 2515 2386 2571 κτίσαι
2414 2513 2485 2568 τὰ
2515 2513 2840 2586 σύμπαντα,
2878 2511 2954 2585 μὴ
2993 2511 3222 2584 ὕστερον
3255 2512 3465 2578 οὕτως,
3499 2513 3636 2567 ἀλλὰ
3671 2512 3784 2584 πρὸ

2200 2604 2400 2660 πολλοῦ
2444 2603 2608 2659 τοῦτο
2636 2603 2885 2673 ποιῆσαι.
2932 2605 3091 2658 Ἔστι
3119 2603 3178 2657 δὲ
3205 2595 3362 2666 οὗτος
3389 2604 3418 2656 ό
3448 2602 3608 2671 λόγος
3640 2602 3781 2674 πρὸς

2200 2696 2279 2769 τῷ
2305 2694 2568 2767 τολμηρῷ
2594 2694 2714 2748 λίαν
2747 2694 2975 2766 εὐήθης.
3016 2694 3213 2748 ’Δῖδίου
3241 2695 3351 2765 γὰρ
3377 2692 3472 2748 τοῦ
3512 2690 3650 2745 Θεοῦ
3682 2694 3784 2746 καὶ

2198 2786 2374 2851 ὄντος,
2418 2785 2516 2840 καὶ
2567 2780 2708 2838 εἶναι
2760 2783 3176 2855 πιστευομένου,
3226 2785 3458 2839 πάντοτε
3483 2782 3548 2837 ἂν
3576 2781 3784 2854 ὁμοίως

2198 2879 2262 2934 τὸ
2300 2878 2436 2934 αὐτὸ
2462 2877 2622 2933 τοῦτο
2658 2881 2776 2943 τοῖς
2813 2877 3059 2933 ἐθέλουσι
3090 2878 3275 2948 λέγειν
3321 2876 3554 2950 ὑπῆρξε,
3586 2877 3693 2932 κᾶν
3729 2877 3782 2932 εἰ

2201 2970 2310 3042 πρὸ
2333 2970 2596 3041 μυριάκις
2618 2969 2829 3042 μυρίων
2847 2969 2985 3026 ἐτῶν
3005 2970 3303 3040 ἐπεποίητο
3317 2971 3387 3025 τὰ
3407 2969 3778 3042 γεγενημένα.

2190 3062 2440 3117 ’Πάντοτε
2485 3062 2595 3132 γὰρ
2633 3062 2771 3134 πρὸς
2818 3062 2880 3116 τὸ
2916 3061 3013 3116 τοῦ
3059 3061 3426 3133 πεποιηκότος
3468 3061 3785 3134 ἀπέραντον

2198 3153 2401 3226 ὁμοίως
2449 3155 2516 3209 ἂν
2549 3154 2911 3220 ἀπελείπετο,
2947 3154 3206 3225 ἀνιούσης
3244 3148 3343 3228 μὲν
3383 3155 3472 3209 ἀεὶ
3513 3157 3609 3211 καὶ
3643 3157 3780 3211 ἀνα⁹

2201 3243 2488 3316 χωρούσης
2521 3246 2602 3310 είς
2639 3244 2699 3300 τὺ
2738 3245 2855 3301 ἄνω
2891 3246 2989 3318 τῆς
3017 3245 3257 3310 διανοίας
3306 3247 3488 3318 ἡμῶν,
3531 3246 3782 3312 ἐξικνου-

2204 3338 2376 3410 μένης
2421 3337 2480 3392 bi
2525 3337 2778 3410 οὐδαμῶς
2806 3338 3157 3394 οὐδεπώποτε
3185 3338 3322 3410 πρὸς
3353 3339 3416 3393 τὸ
3453 3340 3691 3411 ἄναρχόν
3718 3357 3782 3394 τε

519 3443 686 3514 igitur
702 3441 849 3498 inani
869 3440 1173 3510 audacique
1192 3451 1323 3495 cura
1335 3479 1350 3504 ,
1364 3436 1582 3492 traditis
1597 3437 1864 3492 studendo
1881 3435 2094 3506 acquie-

2204 3427 2372 3484 αὑτοῦ
2401 3429 2497 3483 καὶ
2539 3429 2733 3485 ἀΐδιον.
2775 3430 2942 3484 Ὥστε
2975 3431 3098 3484 οὐδὲ
3148 3430 3304 3486 τοῦτο
3345 3431 3780 3503 θρασυνομένοις

519 3530 950 3587 summittit".
976 3527 1047 3587 Ut
1064 3529 1151 3585 lex
1173 3528 1318 3584 veris
1335 3535 1578 3596 tempore
1599 3525 1884 3596 exordium
1903 3524 2094 3590 sumit,

519 3625 596 3679 ita
645 3633 703 3681 et
762 3622 974 3680 Novum
1023 3620 1471 3685 Testamentum,
1528 3618 1836 3689 passionem
1888 3615 2098 3673 scilicet

518 3716 786 3772 subeunte
814 3714 1079 3782 Domino;
1116 3711 1258 3769 idem
1289 3709 1527 3768 fortasse
1575 3709 1642 3766 de
1691 3706 1880 3766 mundi
1935 3721 2097 3765 crea-

520 3811 666 3862 tione
695 3806 861 3863 valet.

587 3897 705 3954 Non
739 3895 1031 3954 defuerunt
1080 3892 1172 3965 qui
1200 3904 1404 3950 emtum
1449 3902 1506 3949 et
1536 3902 1736 3950 terram
1767 3893 1839 3950 ab
1889 3893 2098 3964 angelis

516 3988 690 4044 fuisse
709 3987 930 4043 condita
959 3991 1291 4049 assererent,
1327 3982 1595 4048 Platonis,
1624 3981 1679 4037 ni
1711 3980 1888 4046 fallor,
1941 3980 2095 4037 Grie-

516 4092 702 4132 eorutn
731 4073 1120 4147 sapientissimi
1148 4072 1346 4131 fabulis
1369 4072 1735 4144 indulgentes,
1774 4074 1974 4144 quippe
2001 4073 2094 4143 qui

516 4168 867 4225 sensibilibus
899 4166 1203 4237 spiritualia
1223 4174 1279 4222 et
1305 4165 1596 4220 rationalia
1616 4173 1768 4221 tanto
1788 4166 2095 4234 antiquiora

515 4275 640 4316 esse
664 4257 1062 4326 contendebat,
1089 4265 1296 4327 quanto
1325 4265 1451 4313 sunt
1490 4257 1666 4325 reipsa
1692 4257 2092 4327 praestantiora.

517 4350 671 4405 Talia
707 4349 926 4418 quidem
958 4349 1188 4405 docebat
1218 4347 1442 4417 ille,!uti
1479 4363 1508 4401 a
1552 4347 1833 4403 Platonico
1857 4347 2094 4418 quodam

516 4439 754 4510 superbo
787 4453 884 4494 ore
911 4438 1256 4494 declamante
1281 4451 1285 4456 '
1311 4453 1398 4495 me
1435 4439 1627 4494 audire
1668 4437 1911 4494 memini.
1955 4438 2093 4494 Ani-

517 4542 661 4582 mam
684 4541 838 4591 vero,
874 4527 1002 4583 licet
1025 4541 1144 4582 eam
1177 4528 1538 4583 recentiorem
1583 4528 1765 4585 dicere
1790 4543 1896 4584 non
1929 4527 2093 4583 dubi-

516 4629 730 4683 temus,
785 4632 892 4672 non
945 4626 1124 4674 tamen
1156 4632 1188 4673 a
1226 4618 1335 4674 Deo
1387 4618 1662 4675 recentius
1719 4633 1840 4675 esse
1871 4619 2093 4684 factam,

512 4711 657 4778 quod
685 4725 793 4766 non
849 4709 1068 4766 sivisset
1100 4708 1246 4767 Deus
1285 4711 1591 4782 antiquiora
1637 4727 1667 4766 a
1699 4710 2095 4768 recentioribus

2200 3521 2766 3593 πολυπραγμονητέον
2801 3523 2953 3593 ἡμῖν,
2992 3523 3107 3577 ἀλλ’
3133 3523 3380 3588 εὐλαϐῶς
3404 3526 3517 3588 τοῖς
3541 3523 3781 3594 παραδε-

2198 3617 2444 3688 δομένοις
2477 3617 2785 3689 στερκτέον.
2822 3618 3073 3683 Ἄλλως.
3105 3619 3216 3672 Καὶ
3243 3620 3272 3672 ό
3298 3618 3461 3689 νόμος
3481 3617 3590 3671 ἀπὸ
3618 3617 3781 3687 ἔαρος

2198 3712 2466 3782 ἄρχεται,
2501 3711 2596 3764 καὶ
2640 3708 2880 3782 ήΚαινὴ
2914 3709 3162 3784 Διαθήκη
3183 3751 3201 3778 ,
3238 3712 3360 3783 ἦτοι
3395 3711 3456 3765 rb
3477 3710 3650 3775 πάθος
3682 3709 3777 3764 τοῦ

2197 3801 2428 3872 Κυρίου,
2459 3800 2601 3873 τάχα
2624 3801 2683 3856 δὲ
2715 3802 2810 3856 καὶ
2839 3803 2872 3870 ἡ
2898 3801 3076 3866 κτίσις
3105 3802 3202 3857 τοῦ
3232 3803 3463 3873 κόσμου.

2270 3893 2396 3947 Εἰσί
2424 3909 2575 3957 τινες
2596 3931 2612 3953 ,
2670 3894 2720 3947 οἳ
2755 3893 3364 3965 προδεδημιουργῆσθαι
3412 3893 3646 3964 οὐρανοῦ
3683 3894 3779 3948 καὶ

2197 3982 2303 4052 γῆς
2338 3981 2547 4052 ἔφασαν
2587 3982 2718 4046 τοὺς
2765 3981 3054 4051 ἀγγέλους,
3083 3983 3392 4049 Πλάτωνος,
3431 3984 3557 4054 ἐμοὶ
3603 3983 3776 4048 δοκεῖ,

2196 4075 2312 4138 τοῖς
2341 4074 2531 4145 μύθοις
2558 4074 2654 4130 τοῦ
2683 4076 3000 4146 σοφωτάτου
3031 4078 3163 4148 παρ’
3196 4077 3455 4148 Ἕλλησιν
3483 4075 3776 4141 ἐξακολου-

2198 4167 2485 4239 θήσαντες.
2515 4170 2614 4232 ὐς
2640 4169 2990 4242 πρεσϐύτερα
3013 4170 3125 4225 τῶν
3153 4171 3427 4239 αἰσθητῶν
3461 4168 3599 4225 εἶναι
3623 4171 3776 4241 ἔλεγε

2195 4259 2268 4314 τὰ
2289 4261 2457 4332 νοητὰ
2484 4263 2578 4316 καὶ¹
2597 4262 2794 4331 λογικὰ
2812 4263 3088 4326 τοσοῦτον,
3130 4266 3254 4318 ὅσον
3287 4265 3439 4318 ἐστὶν
3465 4265 3648 4320 αὐτῶν
3679 4267 3776 4324 καὶ

2194 4352 2520 4426 τιμιώτερα.
2552 4355 2717 4424 Λέγει
2753 4356 2886 4424 γοῦν
2914 4356 3224 4428 οὐτωσίπερ
3266 4358 3495 4423 ἐκεῖνος,
3521 4360 3622 4411 ὅσα
3661 4358 3777 4426 ἐγὼ

2199 4445 2488 4517 μέμνημαί
2513 4447 2644 4501 ποτέ
2679 4464 2823 4512 τινος
2848 4447 3198 4503 Πλατωνικοῦ
3223 4451 3316 4503 καὶ
3357 4451 3502 4520 μάλα
3525 4451 3774 4522 σοϐαρῶς

2195 4539 2620 4610 λαρυγγίζοντος
2661 4542 3013 4612 ἐπακηκοὼς.
3061 4543 3173 4613 Τὴν
3221 4543 3279 4596 δὲ
3321 4543 3524 4614 ψυχὴν,
3557 4545 3657 4614 οὐχ
3697 4545 3776 4607 ὡς

2194 4629 2290 4684 νῦν
2331 4630 2565 4702 ὑστέραν
2603 4630 2991 4703 ἐπιχειροῦμεν
3021 4632 3236 4702 λέγειν,
3270 4633 3445 4699 οὕτως
3484 4635 3772 4706 ἐμηχανή-

2197 4735 2330 4773 σατο
2379 4720 2476 4772 καὶ
2524 4721 2553 4774 ό
2595 4719 2729 4786 Θεὸς
2780 4722 3086 4794 νεωτέραν*
3137 4723 3200 4777 οὐ
3245 4723 3355 4796 γὰρ
3397 4724 3466 4780 ἂν
3505 4725 3772 4796 ἄρχεσθαι

512 4801 711 4872 dirigi;
763 4816 890 4857 nam
938 4801 1245 4871 loquendo,
1280 4803 1502 4874 saepius,
1531 4812 1590 4859 ut
1621 4803 1852 4874 agendo,
1885 4805 2089 4860 incerta

2197 4807 2566 4881 πρεσϐύτερον
2592 4809 2697 4865 ὑπὸ
2718 4812 2989 4886 νεωτέρου
3016 4813 3245 4887 στέρξας
3267 4813 3471 4870 είασεν·
3490 4815 3629 4871 ἀλλὰ
3655 4834 3774 4882 πως

511 4893 750 4948 etobvia
774 4907 1007 4964 qumque
1031 4893 1466 4963 complectimur.
1487 4894 1643 4953 Plato
1666 4895 1834 4966 igitur
1857 4895 2094 4950 animam

2194 4898 2358 4968 ἡμεῖς
2397 4898 2532 4951 πολὺ
2580 4899 2904 4971 μετέχοντες
2937 4903 3031 4956 τοῦ
3068 4904 3472 4976 προστυχόντος
3497 4905 3593 4961 καὶ
3620 4907 3771 4976 εικῆ,

513 4992 571 5040 et
599 4984 812 5055 origine
845 4983 1008 5041 simul
1044 4994 1101 5041 et
1123 4985 1327 5041 virtute
1362 4986 1602 5055 priorem
1639 4995 1697 5042 et
1729 4986 2091 5058 antiquiorem

2194 4989 2366 5061 ταύτῃ
2387 5006 2464 5062 πη
2502 4988 2596 5044 καὶ
2636 4990 2873 5063 λέγομεν
2894 5008 2909 5023 ⁸
2950 4996 2980 5046 ὁ
3021 4995 3077 5048 δέ
3103 4996 3200 5050 καὶ
3221 4995 3457 5064 γενέσει,
3478 4998 3574 5051 καὶ
3599 4999 3771 5070 ἀρετῇ

513 5088 790 5144 corpore,
839 5076 1159 5143 magistram
1211 5075 1424 5133 scilicet
1480 5093 1546 5134 ac
1591 5077 1871 5134 dominam
1910 5093 2088 5142 servo,

512 5166 895 5222 contendebat.
927 5165 1137 5233 Quibus
1165 5179 1331 5237 ergo,
1366 5179 1427 5224 ut
1467 5169 1602 5234 dixi,
1637 5169 1859 5240 quidam
1891 5184 2086 5226 assen-

511 5257 744 5323 ticntes,
795 5273 894 5313 nec
946 5259 1288 5315 invenientes
1319 5260 1420 5317 hoc
1452 5263 1503 5318 in
1539 5263 1658 5319 loco
1687 5263 1899 5318 illorum
1935 5276 2090 5318 crea-

511 5351 716 5407 tionem
744 5349 952 5408 diserte
995 5369 1096 5425 per
1121 5353 1433 5426 Scripturas
1481 5357 1916 5413 commendatam
1947 5396 1963 5420 ,
2019 5370 2084 5412 ac

506 5453 774 5515 praeterea
804 5443 1010 5512 forsan,
1041 5448 1277 5505 humana
1304 5449 1522 5521 quidem
1554 5449 1784 5514 ratione,
1837 5449 1932 5504 Dei
1989 5464 2086 5520 po-

506 5546 763 5607 testatem
816 5537 1236 5609 parviiacientes
1261 5581 1277 5609 ,
1325 5541 1482 5613 quasi
1517 5557 1613 5611 per
1639 5541 1877 5611 seipsum
1929 5550 2088 5598 tanto

504 5631 658 5698 operi
688 5631 867 5702 impar
895 5640 1280 5690 creaturarum
1310 5649 1532 5691 suarum
1561 5635 1764 5690 auxilio
1793 5627 2084 5706 indigeret,

507 5722 782 5779 tinxerunt
809 5722 910 5794 ipsi
939 5737 1067 5782 ante
1096 5725 1221 5781 caeli
1253 5733 1520 5797 terraeque
1553 5726 1886 5794 creationem
1918 5726 2085 5798 spiri-

507 5813 704 5872 tuaictu
751 5814 1040 5885 quemdam
1087 5816 1360 5874 exstitisse
1393 5817 1671 5876 mundum.
1709 5817 1862 5876 Unde
1889 5816 2082 5878 beatus

2191 5081 2464 5152 προτέραν
2518 5083 2612 5137 καὶ
2653 5073 3071 5156 ’πρεσϐυτέραν
3114 5087 3294 5158 ψυχὴν
3353 5089 3634 5160 σώματος,
3692 5091 3770 5157 ὡς

2188 5173 2461 5246 δεσπότην
2498 5193 2558 5230 τε
2589 5179 2684 5231 καὶ
2719 5178 2992 5250 ἄρξουσαν
3019 5180 3344 5250 ἀρξομένου,
3379 5185 3768 5255 συνεστήσατο.

2196 5265 2421 5328 Τούτοις
2461 5263 2578 5332 οὖν,
2630 5267 2707 5331 ὡς
2761 5267 2918 5340 ἔφην,
2951 5273 3281 5342 προσχόντες
3319 5275 3485 5338 τινὲς,
3521 5276 3616 5328 καὶ
3653 5275 3772 5344 ἅμα

2198 5357 2273 5428 μὴ
2313 5357 2567 5429 εὑρόντες
2608 5360 2702 5413 ἐπὶ
2739 5359 2832 5414 τοῦ
2871 5363 3140 5434 παρόντος
3181 5364 3284 5435 τὴν
3313 5366 3638 5436 συγγραφὴν
3671 5351 3771 5436 ρη-

2184 5449 2296 5513 τῶς
2325 5451 2508 5504 αὐτῶν
2536 5451 2634 5521 τῆς
2665 5453 2940 5524 ποιήσεως
2972 5459 3510 5527 μεμνημονευκυίαν.
3545 5458 3769 5528 προσέτι

2183 5541 2229 5595 δ’
2263 5539 2418 5606 ίσως,
2450 5542 2546 5596 καὶ
2574 5542 2733 5597 τοῦτο
2751 5543 3133 5616 ἀνθρωπίνως,
3162 5545 3238 5611 ὡς
3262 5547 3662 5616 ἐνθυμηθέντες
3705 5547 3769 5601 τὸ

2183 5632 2262 5704 μὴ
2299 5626 2412 5686 οἷόν
2460 5651 2519 5688 τε
2549 5631 2689 5689 εἶναι
2731 5637 2895 5707 μόνον
2920 5641 3006 5709 ἐφ’
3051 5639 3247 5695 ἑαυτὸν
3275 5639 3367 5694 τὸν
3395 5639 3549 5704 Θεὸν,
3573 5638 3764 5710 ῶσπερ

2181 5725 2280 5794 τῆς
2319 5725 2384 5779 ἐκ
2416 5726 2526 5781 τῶν
2569 5729 2893 5800 ποιημάτων
2943 5730 3111 5785 αὑτοῦ
3148 5731 3502 5803 προμηθείας
3552 5731 3765 5784 ἐπιδεό-

2187 5831 2371 5886 μενον,
2420 5818 2518 5888 τῆς
2555 5817 2784 5890 οὖρανοῦ
2817 5835 2874 5873 τε
2907 5819 2998 5875 καὶ
3033 5823 3135 5892 γῆς
3180 5822 3458 5895 ποιήσεως
3499 5835 3767 5892 προγεγο·
