4130 6558
334 451 472 517 1625

1433 444 1517 508 ΙΝ
1553 442 1886 506 GENESIN
1925 441 2412 507 FRAGMENTA.

3453 443 3591 511 1626

332 561 504 623 νέναι,
521 556 709 629 νοητόν
732 573 854 611 τινα
880 555 1083 627 κόσμον
1098 554 1192 625 ἀφ’
1207 552 1418 609 ἑαυτῶν
1441 553 1690 626 ἀλλήλων
1717 555 1897 624 ἑτερα-

2010 554 2224 626 Moyses
2267 556 2394 610 dum
2437 553 2568 611 dicit
2596 571 2611 608 :
2644 552 2712 608 lu
2754 554 3014 626 principio
3052 555 3177 627 fecit
3216 555 3354 613 Deus
3399 558 3589 614 calum

332 649 598 703 τεύσαντο
619 665 633 679 ’
671 649 762 701 καὶ
792 647 888 701 νῦν
918 645 1125 702 Μωσέα
1153 646 1246 700 τὸν
1279 644 1549 718 μακάριον
1585 643 1764 714 λέγειν
1787 643 1910 714 μὲν,

346 741 451 794 Ἔν
479 737 639 806 ἀρχῇ
670 738 962 806 ἐποίησεν
984 740 1017 793 ὀ
1064 737 1210 803 Θεὸς
1232 735 1342 790 τὸν
1363 734 1626 806 οὐρανὸν
1660 733 1761 788 καὶ
1798 731 1914 803 τὴν

333 829 471 900 γῆν,
505 825 646 883 εἶναι
670 827 727 881 δὲ
759 829 860 882 οὐκ
892 827 1109 898 ἀληθῶς
1141 825 1310 880 αὐτοῦ
1348 826 1448 897 τῆς
1486 825 1759 898 ποιήσεως
1778 825 1912 878 ταύ-

331 939 434 992 την
469 921 667 993 ἀρχὴν,
710 919 827 974 ἀλλ’
873 919 1068 990 ἑτέραν
1109 915 1290 990 πολλῷ
1333 918 1738 990 πρεσϐυτέραν,
1779 917 1840 970 ὲν

330 1016 429 1082 τὰς
451 1016 714 1085 άοράτους
737 1015 830 1067 καὶ
849 1012 1072 1082 λογικὰς
1094 1011 1445 1084 ὑπεστήσατο
1464 1010 1676 1080 φύσεις.
1712 1011 1912 1082 Ἐχρῆν

330 1107 388 1160 δὲ
434 1106 680 1178 ἀκριϐῶς
735 1107 1141 1177 ἐπιστήσαντας
1183 1103 1276 1157 τὸν
1319 1102 1447 1158 νοῦν
1478 1109 1547 1175 τῇ
1589 1102 1913 1174 διδασκαλίᾳ

330 1199 426 1252 τοῦ
474 1198 811 1269 Πνεύματος,
858 1196 1095 1270 ζητῆσαι
1122 1195 1184 1250 τὸ
1223 1193 1443 1267 ἀληθές.
1478 1193 1675 1267 Εῦροις
1711 1194 1820 1268 γὰρ
1843 1195 1912 1251 ἂν

331 1288 583 1344 ἐντεῦθεν
619 1279 806 1359 σαφῶς
854 1288 956 1360 τῆς
1003 1287 1400 1359 εὐλογοφανοῦς
1439 1287 1659 1360 ἀπάτης
1692 1289 1911 1360 ἐκείνης

331 1381 424 1434 τὸν
457 1380 676 1452 ἔλεγχον
699 1397 714 1413 ο
747 1380 809 1435 οὒ
843 1381 1004 1450 μόνον
1029 1381 1092 1435 τὸ
1127 1380 1461 1454 τιμιὼτερον
1499 1381 1601 1451 τῆς
1634 1381 1743 1452 γῆς
1777 1381 1908 1436 ὄντα

329 1476 421 1531 τὸν
465 1476 698 1548 οὐρανὸν
748 1476 886 1547 μετὰ
945 1476 1176 1548 ταύτης,
1228 1473 1366 1529 ἀλλὰ
1421 1476 1497 1549 μη
1548 1475 1658 1548 πρὸ
1702 1475 1908 1546 ταύτης

329 1566 605 1634 γενέσθαι,
635 1565 774 1621 ἀλλὰ
811 1566 907 1620 καὶ
935 1564 998 1619 τὸ
1021 1564 1122 1636 τὴν
1161 1563 1258 1619 τοῦ
1283 1564 1462 1634 φωτὸς
1484 1563 1647 1634 φύσιν
1673 1563 1908 1635 ὑστέραν

327 1657 713 1730 παραχθῆναι,
751 1658 1042 1728 κρείττονα
1083 1673 1181 1710 του
1217 1655 1446 1720 σκότους
1481 1655 1768 1728 προδήλως
1797 1655 1905 1708 ὑπ-

326 1749 627 1820 άρχουσαν.
672 1742 809 1801 Εἶτα
849 1748 1164 1818 σπέρματα,
1199 1745 1341 1817 μετὰ
1362 1746 1522 1800 τοῦτο
1565 1745 1663 1800 καὶ
1685 1744 1901 1816 δένδρα,

327 1837 446 1894 εἶτα
471 1839 584 1905 ζῶα
612 1840 829 1910 πτηνῶν
855 1855 916 1892 τε
942 1837 1036 1894 καὶ
1059 1838 1274 1909 κτηνῶν
1294 1838 1389 1893 καὶ
1413 1838 1686 1909 χερσαίων
1710 1838 1902 1910 θεάσῃ,

328 1931 422 1985 καὶ
443 1931 534 1984 ἐπὶ
555 1929 693 1985 πᾶσι
717 1929 929 1992 τούτοις
950 1929 1039 1983 τὸιν
1063 1928 1369 1999 ἄνθρωπον.
1393 1929 1455 1982 Ei
1476 1929 1532 1982 δὲ
1560 1927 1789 1997 λέγοιεν,
1818 1928 1900 1981 ὅτι

324 2028 532 2081 τούτων
561 2025 811 2090 ἕκαστον,
833 2023 938 2077 κᾶν
974 2023 1023 2076 εί
1060 2019 1386 2094 τιμιώτερόν
1419 2023 1537 2075 ἐστι
1575 2023 1637 2074 τὸ
1669 2037 1900 2094 μεταγε-

323 2119 576 2188 νέπερον
612 2116 707 2170 τοῦ
731 2116 1242 2188 πρωτογενεστέρου
1261 2152 1278 2179 ,
1319 2113 1411 2167 τὸν
1446 2113 1714 2185 ἡμέτερον
1740 2113 1902 2181 λόγον

321 2206 477 2262 οὐδέν
505 2226 558 2262 τι
588 2207 789 2280 μᾶλλον
830 2205 1002 2278 ψευδῆ
1044 2204 1340 2277 διελέγχει,
1369 2205 1469 2259 οὑκ
1494 2203 1728 2275 αἰσθητά
1764 2204 1902 2276 πρὸς

321 2299 554 2371 αἰσθητὰ
575 2297 1014 2371 παραϐάλλοντα,
1033 2296 1171 2353 ἀλλὰ
1188 2297 1326 2369 πρὸς
1341 2296 1575 2369 αἰσθητὰ
1590 2295 1780 2368 νοητὰ,
1805 2295 1900 2350 καὶ

319 2392 407 2446 διὰ
443 2390 602 2445 τοῦτο
635 2392 744 2445 τῶν
789 2389 1065 2461 αἰσθητῶν
1099 2389 1312 2460 ἔφαμεν
1345 2389 1785 2460 πφγεγενῆσθαι
1828 2387 1899 2442 τὰ

319 2480 488 2552 νοητά
507 2497 519 2510 ·
550 2479 782 2551 ἐροῦμεν
815 2480 1068 2550 καὶπρὸς
1096 2477 1255 2532 τοῦτο
1293 2479 1474 2550 ἡμεῖς,
1501 2478 1584 2534 ὃτι
1611 2480 1770 2550 περὴ
1801 2477 1897 2532 τοῦ

319 2571 608 2644 ἀνθρώπου
641 2571 788 2642 ψυχὴ
810 2572 1003 2643 λογική
1035 2577 1093 2625 τε
1115 2565 1250 2625 οῦσα
1291 2571 1387 2624 καὶ
1411 2570 1600 2642 νοητὴ,
1635 2570 1899 2643 δευτέραν

317 2666 419 2735 τῆς
455 2665 656 2738 σαρκὸς
687 2665 813 2737 ἔσχε
856 2666 958 2735 τὴν
980 2663 1216 2733 γένεσιν.
1265 2662 1512 2716 Ἔπλασε
1549 2662 1660 2734 γὰρ
1697 2664 1724 2716 ὁ
1765 2663 1899 2728 Θεὸς

319 2752 534 2824 πρῶτον
570 2753 662 2807 τὸν
702 2751 989 2826 ἄνθρωπον
1029 2753 1158 2823 χοῦν
1188 2751 1296 2807 ἀπὸ
1334 2751 1434 2821 τῆς
1455 2751 1581 2821 γῆς,
1607 2747 1728 2806 εἶτα
1760 2753 1899 2823 μετὰ

317 2846 476 2900 τοῦτο
528 2846 864 2918 ἐνεφύσησεν
918 2845 999 2910 είς
1044 2846 1106 2900 τὸ
1161 2845 1454 2917 πρόσωπον
1508 2845 1676 2900 αὑτοῦ
1727 2846 1898 2919 πνοὴν

318 2933 484 3007 ζωῆς.
512 2936 682 2991 Τοῦτο
710 2936 766 2990 δὲ
795 2936 890 2991 καὶ
911 2938 940 2991 ὁ
972 2937 1262 3008 προφήτης
1299 2937 1574 3009 Ζαχαρίας
1613 2936 1780 3007 δηλοῖ,
1811 2938 1899 2991 λέ-

317 3041 467 3092 γων’
533 3024 598 3078 '0
651 3024 898 3092 πλάσας
939 3025 1177 3096 πνεῦμα
1229 3025 1547 3095 ἀνθρώπου
1588 3026 1660 3081 ἐν
1714 3026 1896 3094 αὐτῷ.

320 3120 480 3173 Ὥστε
525 3117 587 3171 τὸ
622 3119 724 3190 μὲν
769 3118 864 3173 τοῦ
900 3120 1188 3183 Πλάτωνος
1217 3119 1398 3190 δόγμα
1437 3118 1663 3189 ψευδὲς,
1695 3119 1898 3192 ἀληθὲς

315 3210 370 3264 δὲ
399 3212 604 3282 Μωσῆς
634 3207 787 3266 εἶπεν
807 3228 823 3245 ο
869 3214 971 3266 Ἐγ
1001 3209 1158 3282 ἀρχῇ
1188 3213 1480 3281 ἐποίησεν
1527 3215 1560 3266 ό
1602 3213 1747 3280 θεὸς
1790 3214 1899 3267 τὸν
1924 3245 1967 3302 c

314 3303 575 3372 οὐρανὸν
615 3303 714 3358 καὶ
747 3303 864 3371 τὴν
908 3303 1058 3374 τῆν’
1093 3305 1219 3357 ἐπεὶ
1249 3305 1342 3357 καὶ
1379 3303 1522 3357 κατὰ
1554 3303 1895 3374 ἀνθρώπινον

313 3396 574 3466 λογισμὸν
615 3395 776 3450 τοῦτό
817 3397 965 3450 ἐστιν
1004 3396 1217 3450 ἐκείνου
1251 3395 1433 3466 πολλῷ
1462 3395 1627 3449 πλέον
1665 3395 1894 3448 ἀκολου-

318 3486 560 3556 θότερον.
607 3487 697 3558 Τῷ
745 3487 844 3558 μὲν
895 3487 1004 3558 γὰρ
1029 3486 1262 3557 ἥττονι,
1309 3487 1512 3559 μᾶλλον
1567 3487 1625 3541 δὲ
1674 3488 1769 3541 καὶ
1816 3487 1895 3558 τῷ

315 3574 521 3645 χείρονι
551 3573 612 3628 τὸ
650 3579 898 3648 κρεῖττον
925 3576 1275 3644 ἐπιγενέσθαι
1303 3577 1511 3645 τάξεως
1537 3579 1637 3648 τῆς
1664 3577 1894 3649 ἀρίστης

312 3666 473 3736 λόγον
511 3666 634 3738 ἔχον
677 3667 814 3722 ἐστί.
867 3669 1125 3742 Προκοπὴ
1169 3667 1280 3739 γὰρ
1321 3670 1382 3723 ὲν
1428 3671 1541 3732 τοῖς
1578 3671 1746 3724 πᾶσιν
1784 3670 1894 3723 ἀπὸ

310 3757 407 3811 τοῦ
455 3757 679 3824 ἀτελοῦς
727 3759 821 3812 ἐπὶ
851 3762 910 3813 τὸ
939 3759 1145 3814 τέλειον
1173 3760 1406 3830 γίνεται.
1446 3759 1610 3814 Ὅθεν
1663 3760 1786 3815 οὐδὲ
1831 3761 1894 3814 τὸ

311 3848 686 3921 πνευματικὸν
737 3851 974 3922 πρῶτον,
1025 3850 1163 3906 ἀλλὰ
1235 3852 1296 3906 τὸ
1345 3851 1580 3924 ψυχικὸν
1649 3846 1890 3923 ἐγένετο,

310 3941 504 3995 ἔπειτα
546 3941 607 3994 τὸ
664 3943 1057 4012 πνευματικόν.
1118 3944 1194 3999 To
1245 3944 1338 4011 δὲ’,
1373 3946 1450 4009 ὡς
1483 3945 1682 3999 ἐκεῖνοί
1725 3964 1889 4016 φασι,

308 4036 421 4097 τοῖς
480 4032 715 4103 βελτίοσι
765 4033 841 4107 [1³.
900 4035 1074 4108 πρὸς]
1133 4035 1486 4108 προτίθεσθαι
1534 4036 1762 4109 δεύτερα
1822 4040 1891 4094 τά

310 4123 648 4195 φαυλότερα,
675 4125 987 4179 τούναντίον
1017 4129 1190 4180 ποιεῖ’
1227 4127 1321 4181 τοῦ
1358 4128 1600 4200 χείρονος
1633 4130 1732 4202 μὲν
1763 4131 1887 4184 ὲπί-

307 4215 476 4277 δοσιν,
507 4215 803 4269 ἐλάττωσιν
838 4215 895 4268 δὲ
929 4215 1026 4269 τοῦ
1055 4216 1358 4287 ἀμείνονος.
1395 4219 1460 4272 Ὃ
1491 4221 1632 4272 κατὰ
1658 4219 1755 4273 τοῦ
1795 4239 1888 4275 σο-

308 4305 558 4373 φωτάτου
616 4305 722 4359 τῶν
752 4307 888 4361 ὅλων
919 4308 1266 4379 Δημιουργοῦ
1318 4308 1494 4372 οὐδεὶς
1535 4309 1604 4363 ἂν
1645 4311 1889 4383 ἐνθυμη-

309 4397 467 4466 θῆναι
490 4397 806 4468 τολμήσειε.
832 4399 941 4453 Καὶ
965 4402 1095 4470 μετ’
1124 4401 1318 4469 ὀλίγα*
1360 4401 1501 4453 ’Δλλ’
1529 4402 1759 4465 ἐκείνοις
1787 4404 1889 4473 μὲν

305 4489 560 4563 οὐδαμῶς
590 4490 924 4564 προσεκτέον
946 4510 959 4524 ⁸
986 4494 1111 4546 ἐπεὶ
1140 4493 1278 4564 μηδὲ
1304 4493 1390 4546 Ere
1400 4510 1492 4564 ρον
1524 4493 1667 4548 οὕτω
1691 4512 1744 4548 τι
1775 4497 1888 4559 τοῖς

2013 657 2062 702 ει
2096 658 2290 702 terram
2313 686 2328 712 ,
2365 662 2472 702 non
2517 661 2707 702 verum
2736 647 3029 704 creationis
3074 648 3285 704 initium
3319 664 3592 706 memora-

2015 741 2121 806 rit;
2153 755 2277 794 nam
2305 739 2412 793 alia
2452 748 2692 794 exstaret
2736 739 2908 794 multo
2938 740 3250 810 antiquior,
3280 756 3389 810 qua
3449 742 3590 796 invi-

2012 831 2197 888 sibiles
2231 830 2650 902 spiritualesque
2691 840 2900 886 natura:
2946 831 3124 888 forent
3152 834 3408 887 conditas.
3451 833 3589 903 Istos

2015 935 2196 980 autem
2225 925 2535 993 oportebat,
2567 933 2804 978 mentem
2841 924 3066 994 spiritus
3118 924 3378 980 doctrina:
3411 925 3592 980 inten-

2013 1017 2224 1078 dentes.
2258 1017 2542 1072 veritatem
2590 1016 2902 1087 diligentius
2935 1016 3232 1086 inquirere.
3289 1015 3384 1071 Illa
3440 1018 3586 1072 enim

2013 1109 2318 1180 speciosqu
2354 1109 2517 1164 istum
2548 1124 2792 1164 errorem
2823 1108 3112 1163 manifeste
3133 1109 3471 1163 confutalum
3501 1124 3590 1164 re-

2012 1203 2209 1274 peries.
2248 1201 2382 1257 Nam
2431 1201 2649 1269 coelum,
2698 1201 2826 1258 licet
2881 1209 3027 1256 terra
3077 1202 3442 1270 praestantius,
3480 1216 3586 1255 una

2011 1305 2133 1348 cum
2186 1307 2286 1358 ea,
2338 1307 2444 1347 non
2484 1302 2662 1348 autem
2717 1303 2846 1349 ante
2892 1306 3012 1348 eam
3065 1290 3265 1346 factum
3299 1291 3582 1357 invenies;

2011 1384 2122 1440 imo
2161 1385 2326 1439 etiam
2384 1382 2521 1439 lucis
2572 1389 2856 1450 naturam,
2911 1383 3114 1452 absque
3152 1379 3314 1436 dubio
3349 1381 3586 1436 tenebris

2012 1473 2341 1539 meliorem,
2379 1471 2648 1541 posterius
2682 1480 2862 1526 tamen
2894 1471 3182 1540 prolatam.
3242 1467 3444 1525 Deinde
3493 1485 3582 1526 se-

2009 1565 2180 1629 mina,
2209 1575 2263 1619 et
2294 1575 2478 1634 postea
2512 1567 2758 1630 arbores,
2795 1577 2858 1619 ac
2879 1563 3112 1632 denique
3140 1577 3340 1633 genera
3389 1562 3583 1619 volati-

2009 1655 2137 1709 lium
2167 1664 2221 1710 et
2261 1668 2517 1724 pecorum
2546 1663 2603 1710 et
2643 1654 2986 1712 terrestrium
3019 1653 3357 1719 animalium,
3388 1669 3452 1710 ac
3486 1669 3583 1726 po-

2008 1758 2214 1804 etremo
2245 1747 2461 1801 tandem
2496 1746 2743 1802 homines
2783 1745 2912 1802 editi
2957 1756 3106 1801 sunt.
3158 1745 3350 1802 Dicent
3400 1746 3580 1801 forte:

2009 1837 2268 1904 Quamvis
2295 1837 2346 1890 iu
2382 1835 2608 1891 istorum
2635 1836 2826 1890 ordine
2850 1836 3153 1906 posteriora
3183 1852 3353 1908 usque
3385 1838 3582 1907 priori-

2007 1931 2107 1984 bus
2138 1936 2418 1998 praestant,
2452 1928 2555 1982 hoc
2588 1926 2733 1982 nulla
2768 1926 2980 1981 ratione
3006 1926 3308 1981 doctrinam
3339 1937 3578 1982 nostram

2005 2019 2203 2076 refellit
2232 2037 2248 2088 ;
2283 2034 2389 2074 non
2418 2019 2565 2076 enim
2601 2017 2888 2075 sensibilis
2913 2033 3036 2073 cum
3065 2017 3416 2074 seusibilibus
3447 2033 3581 2073 con-

1999 2114 2251 2179 ferimus,
2299 2114 2395 2170 sed
2445 2128 2571 2170 cum
2606 2113 2958 2170 sensibilibus
2997 2111 3320 2182 spiritualia,
3352 2110 3582 2180 ideoque

1999 2206 2300 2275 spiritualia
2351 2205 2591 2260 diximus
2619 2219 2731 2274 pra
2778 2204 3128 2260 sensibiiibus
3161 2203 3456 2259 exstitisse.
3493 2203 3574 2257 Ad

1999 2297 2114 2353 haec
2143 2307 2324 2352 autem
2357 2296 2804 2367 respondebimus
2853 2297 3091 2351 animam
3149 2294 3384 2350 hominis
3409 2335 3424 2358 ,
3455 2294 3580 2349 licet

1998 2385 2296 2456 spiritualis
2325 2386 2396 2442 sit
2419 2396 2473 2441 et
2501 2386 2807 2454 rationalis,
2850 2399 3015 2440 carne
3049 2384 3408 2439 recentiorem
3429 2397 3575 2437 esse.

2001 2478 2136 2534 Nam
2180 2478 2412 2548 primum
2447 2476 2604 2533 ﬁnxit
2634 2477 2776 2533 Deus
2825 2475 3098 2532 hominem
3122 2513 3140 2541 ,
3179 2473 3454 2544 pulverem
3513 2473 3580 2527 de

2000 2579 2164 2639 terra,
2185 2586 2250 2628 ac
2287 2570 2482 2627 deinde
2507 2569 2740 2625 sufﬂavit
2767 2569 2819 2624 in
2848 2568 3039 2623 faciem
3070 2566 3188 2636 ejus
3217 2566 3400 2620 ﬂatum
3433 2566 3576 2621 vita}.

1997 2664 2142 2720 Idem
2180 2664 2427 2721 declarat
2472 2665 2638 2720 etiam
2692 2664 2953 2734 propheta
2999 2660 3294 2716 Zacharias
3341 2659 3577 2714 dicens:

1998 2757 2070 2813 Et
2109 2759 2309 2828 ﬁngens
2355 2757 2601 2828 spiritum
2631 2756 2859 2810 hominis
2897 2755 2954 2809 in
3008 2770 3070 2809 eo
3108 2755 3147 2808 '.
3187 2752 3428 2808 Platonis
3478 2751 3581 2819 igi-

2000 2859 2087 2906 tur
2116 2849 2362 2906 doctrina
2412 2847 2575 2915 falsa,
2623 2846 2823 2919 Moysis
2865 2857 3046 2903 autem
3086 2845 3306 2902 effatum
3344 2858 3575 2900 verum:

1999 2938 2066 2996 In
2116 2940 2376 3010 principio
2433 2939 2555 3008 fecit
2606 2938 2750 2992 Deus
2782 2937 2969 2992 calum
3001 2947 3050 2992 et
3084 2948 3300 2992 terram.
3354 2935 3580 2991 Videtur

1997 3031 2161 3088 etiam
2223 3031 2313 3086 hic
2383 3029 2520 3085 ordo
2588 3028 2788 3084 rationi
2853 3029 3108 3084 humanae
3174 3029 3344 3084 multo
3407 3030 3578 3098 magis

1999 3134 2417 3181 consentaneus.
2455 3121 2640 3176 lnnuit
2681 3121 2829 3176 enim
2882 3122 3026 3178 ratio
3072 3119 3219 3177 hunc
3268 3135 3390 3177 esse
3437 3120 3580 3191 opti-

2003 3236 2148 3274 mum
2178 3218 2456 3280 ordinem,
2484 3215 2528 3270 si
2556 3215 2757 3279 minus,
2783 3223 2879 3269 aut
2902 3214 3080 3285 potius
3111 3213 3156 3268 si
3195 3212 3436 3269 deterius
3468 3226 3580 3267 me-

2000 3312 2120 3370 liori
2155 3308 2577 3379 praegrediatur.
2619 3306 2756 3360 Nam
2806 3320 2900 3373 per
2927 3305 3107 3361 omnia
3137 3307 3204 3359 ab
3238 3302 3578 3372 imperfectis

1994 3407 2063 3461 ad
2088 3401 2325 3474 perfecta
2350 3396 2648 3468 profectus.
2683 3395 2837 3452 Unde
2860 3413 2964 3451 non
2987 3395 3292 3464 spiritualia
3319 3396 3573 3466 primum,

1988 3487 2087 3553 sed
2123 3491 2377 3549 animalia
2417 3490 2694 3545 condenda
2729 3529 2744 3552 ,
2781 3498 2835 3542 et
2886 3489 3080 3543 deinde
3126 3487 3449 3558 spiritualia.
3506 3487 3578 3541 At

1996 3587 2208 3652 viliora,
2243 3593 2303 3636 ut
2333 3580 2406 3636 illi
2432 3579 2640 3646 volunt,
2685 3579 3001 3634 melioribus
3029 3578 3271 3648 adjicere
3296 3618 3311 3643 ,
3352 3585 3576 3632 contra-

1997 3680 2137 3734 rium
2167 3674 2418 3746 praebet:
2457 3671 2659 3743 pejoris
2701 3670 3065 3726 accessionem
3110 3679 3165 3725 et
3191 3669 3430 3724 melioris
3473 3670 3576 3722 im-

1996 3768 2380 3825 minutionem.
2425 3763 2579 3832 Quod
2631 3775 2764 3818 saue
2821 3762 2888 3816 de
2933 3761 3335 3832 sapientissimo
3395 3773 3573 3813 rerum

1991 3861 2234 3917 onmium
2265 3855 2562 3913 Conditore
2584 3854 2827 3924 cogitare
2853 3867 3012 3908 nemo
3039 3853 3280 3908 audebit.
3318 3850 3384 3904 El
3410 3850 3571 3920 paulo
3685 3888 3688 3890 η

1989 3961 2104 4020 post
2136 3967 2156 4006 :
2191 3951 2262 4004 At
2315 3947 2430 4004 illis
2464 3946 2607 4001 nulla
2653 3947 2866 4001 ratione
2910 3943 3402 4007 consentiendum;
3447 3956 3570 3996 nam

1993 4038 2126 4093 nihil
2153 4037 2295 4091 aliud
2340 4037 2629 4107 plerosque
2673 4035 2738 4088 ad
2790 4033 2913 4088 illas
2942 4049 3225 4104 perversas
3258 4033 3326 4089 de
3352 4033 3490 4088 Filio
3517 4042 3572 4088 et

1992 4128 2199 4200 Spiritu
2231 4138 2423 4183 sancto
2458 4125 2742 4194 opiniones
2772 4126 2946 4192 magis
2979 4123 3221 4187 deduxit,
3254 4138 3414 4194 quam
3447 4138 3572 4192 pra-

1990 4239 2070 4278 τιτι
2115 4222 2230 4276 ista:
2281 4220 2349 4273 de
2408 4233 2589 4273 rerum
2636 4216 2848 4286 origine
2880 4215 3374 4284 interpretationes.
3435 4212 3568 4268 Nam

1992 4314 2171 4382 plures
2197 4309 2503 4366 creationes
2533 4321 2632 4376 pro
2665 4315 2818 4361 certo
2871 4313 3138 4367 tenentes,
3169 4312 3222 4358 et
3273 4318 3433 4357 unam
3481 4320 3570 4358 so-

1991 4406 2208 4472 lamque
2231 4407 2607 4457 ‘creaturarum
2640 4397 2885 4453 omnium
2920 4395 3184 4466 originem
3226 4405 3565 4464 respuentes,

1989 4493 2190 4565 gradus
2219 4491 2480 4562 quosdam
2510 4497 2565 4545 et
2592 4489 2814 4544 ordines
2836 4489 3059 4542 deorum
3098 4487 3369 4541 finxerunt
3389 4526 3405 4552 ,
3449 4502 3565 4540 ma-

305 4582 518 4636 πλείοσι
550 4584 652 4654 τῆς
699 4583 1048 4654 ὲσφαλμένης
1085 4583 1211 4653 περί
1249 4601 1310 4638 τε
1345 4582 1440 4636 τοῦ
1489 4584 1622 4638 Υίοῦ
1663 4585 1884 4640 καὶτοῦ

1998 4601 2127 4654 gnos
2172 4595 2228 4639 et
2263 4584 2498 4654 majores
2553 4589 2608 4636 et
2662 4581 2931 4647 maximos
2991 4578 3407 4649 distinguentcs.
3462 4579 3564 4646 Qui

304 4674 461 4744 ἁγίου
488 4675 808 4748 Πνεῦματος
839 4676 998 4746 δόξης
1026 4676 1317 4746 παραίτιον
1348 4675 1593 4746 γέγονεν,
1623 4677 1699 4742 ὡς
1725 4679 1886 4735 τοῦτο

304 4764 828 4838 παρερμηνευθῆναι
848 4767 958 4820 τῶν
985 4764 1242 4838 πρώτων,
1275 4766 1336 4819 οὐ
1368 4765 1552 4831 καλῶς
1572 4767 1880 4839 ἐκδοθῆναι.

313 4855 670 4928 ’Υποθέμενοι
696 4857 805 4930 γάρ
849 4858 1066 4921 ἑαυτοῖς
1092 4857 1344 4922 πλείονας
1370 4857 1756 4930 δημιουργίας,
1788 4861 1883 4914 καὶ

300 4949 402 5020 τὴν
429 4949 676 5025 μίανικαὶ
699 4951 866 5022 μόνην
894 4951 1004 5004 τῶν
1024 4951 1346 5021 ποιημάτων
1367 4951 1548 5023 ἀρχὴν
1568 4952 1643 5016 ὡς
1666 4952 1883 5023 ἀληθῶς

301 5037 705 5110 ἀθετήσαντες,
750 5041 994 5113 βαθμούς
1051 5060 1204 5107 τινας
1257 5043 1352 5097 καὶ
1379 5042 1563 5108 τάξεις
1600 5043 1750 5098 Θεῶν
1797 5063 1887 5099 κε-

305 5131 758 5201 καινοτομήκασι,
793 5133 1059 5201 μεγάλους
1081 5134 1176 5187 καὶ
1205 5133 1426 5205 μείζους
1456 5133 1551 5188 καὶ
1593 5134 1885 5204 μεγίστους

302 5220 682 5292 ἐξευρηκότες.
725 5217 820 5286 Οἷς
859 5226 908 5277 εί
959 5225 1207 5297 παρέστη
1237 5224 1507 5296 δήπουθεν
1530 5225 1764 5296 βεϐαίως
1796 5226 1880 5293 τὸ,

300 5313 394 5366 τὸν
412 5313 545 5368 Θεὸν
571 5314 738 5386 μηδὲν
764 5315 985 5382 ἔξωθεν,
1013 5311 1089 5371 ὧν
1109 5317 1318 5387 Μωσῆς
1340 5318 1476 5388 ἡμῖν
1501 5317 1877 5390 παραδέδωκε,

303 5406 772 5477 προπεποιηκέναι
792 5446 808 5471 ,
862 5407 962 5463 οὐκ
991 5408 1058 5463 ἂν
1086 5408 1183 5478 τῆς
1216 5408 1383 5481 ὀρθῆς
1423 5408 1586 5480 δόξης
1623 5410 1754 5481 περὶ
1780 5410 1882 5480 τῆς

299 5497 465 5567 ἁγίας
509 5499 740 5570 Τριάδος
777 5500 1257 5572 ἀπεπλανήθησαν.
1311 5501 1527 5566 Είδότες
1571 5501 1681 5574 γὰρ
1714 5501 1790 5564 ὠς
1821 5503 1883 5555 τὸ

299 5591 412 5644 πᾶν
455 5592 536 5654 είς
578 5592 672 5646 δύο
714 5592 887 5647 ταῦτα
928 5593 1304 5667 διακέκριται,
1336 5595 1418 5660 ετς
1450 5612 1511 5649 τε
1536 5595 1880 5667 Δημιουργδν

299 5683 396 5737 καὶ
426 5683 920 5756 δημιουργήματα,
969 5685 1064 5739 καὶ
1087 5683 1164 5750 ὡς
1195 5687 1225 5741 ὁ
1258 5685 1358 5757 μέν
1405 5687 1554 5741 ἐστιν
1586 5683 1882 5757 ἀγέννητός

375 5860 391 5891 ⁸
415 5857 646 5917 Zachar.
672 5877 768 5928 xu,
811 5863 855 5917 l.

1994 4675 2260 4748 profecto,
2297 4674 2343 4730 si
2374 4671 2608 4728 firmiter
2641 4670 3002 4726 credidissent
3037 4671 3204 4725 Demu
3247 4670 3380 4723 nihil
3414 4681 3565 4724 extra

1990 4780 2049 4822 se
2078 4775 2206 4821 ante
2235 4778 2298 4819 ea
2328 4761 2603 4818 creavisse
2628 4802 2642 4826 ,
2689 4776 2809 4831 qua:
2855 4775 2884 4813 a
2920 4764 3103 4830 Moyse
3152 4761 3441 4815 traduntur
3463 4802 3479 4827 ,
3535 4776 3567 4814 a

1991 4867 2138 4914 recta
2176 4857 2425 4913 doctrina
2451 4855 2520 4910 de
2563 4862 2750 4909 sancta
2778 4849 3047 4908 Trinitate
3082 4868 3356 4924 nunquam
3401 4850 3565 4907 deﬂe-

1990 4951 2217 5005 xissent.
2248 4947 2498 5003 Scientes
2525 4947 2670 5002 enim
2702 4945 2884 5001 omnia
2915 4960 3035 5016 quae
3060 4953 3189 5001 sunt
3232 4946 3283 5000 in
3319 4946 3434 5000 haec
3456 4945 3564 5001 duo

1987 5041 2270 5110 diatingui,
2301 5039 2356 5094 iu
2386 5039 2703 5094 Creatorem
2739 5037 2946 5094 scilicet
2975 5046 3029 5092 et
3057 5046 3356 5103 creaturas,
3397 5046 3562 5108 atque

1986 5132 2197 5187 illorum
2227 5147 2391 5186 unum
2422 5131 2639 5202 quidem
2677 5144 2798 5187 esse
2831 5130 3132 5186 increatum
3155 5139 3208 5182 et
3237 5128 3556 5200 ingenitum,

1986 5227 2154 5283 altera
2187 5238 2369 5283 autem
2423 5237 2611 5282 creata
2658 5235 2714 5281 et
2758 5224 2937 5293 genita
2965 5264 2981 5290 ,
3013 5227 3332 5279 alterutrum
3368 5223 3562 5278 borum

1986 5319 2227 5390 profiteri
2289 5319 2642 5388 oportuisset.
2702 5319 2811 5373 Aut
2865 5317 3011 5373 enim
3060 5333 3128 5373 ex
3182 5315 3352 5372 nihilo
3407 5331 3561 5371 crea—

1987 5417 2070 5470 tos
2097 5411 2416 5469 docuissent
2453 5409 2649 5468 Filium
2693 5418 2748 5465 et
2779 5410 3041 5481 Spiritum
3072 5418 3321 5465 sanctum
3342 5449 3360 5478 ,
3399 5419 3560 5465 crete-

1986 5505 2168 5573 risque
2200 5504 2470 5560 creaturis
2517 5503 2662 5558 intra
2696 5518 2793 5558 sex
2825 5501 2943 5557 dies
2972 5500 3135 5557 editis
3157 5541 3172 5566 ,
3218 5515 3325 5556 non
3376 5508 3558 5556 autem

1988 5593 2116 5659 Deo,
2154 5595 2616 5659 annumeraudos,
2647 5607 2823 5663 neque
2850 5607 2945 5648 eos
2965 5607 3076 5664 pra:
3097 5591 3393 5649 creationis
3425 5589 3560 5644 viri-

1985 5687 2085 5741 bus
2118 5684 2478 5754 extulisseut;
2537 5695 2672 5752 aut.
2734 5684 2937 5755 rejecto
2983 5693 3091 5742 tam
3128 5683 3300 5755 impio
3348 5696 3559 5748 errore,
