4130 6530
652 374 786 441 1627

1750 383 2130 464 GENNADII
2167 404 2679 472 PATRIARCHIE
2713 408 2822 474 ep.

3777 418 3921 489 1628
3957 378 3969 389 ’

636 498 931 560 utrumque
966 492 1135 551 Deum
1169 512 1356 555 verum
1391 501 1670 572 confessi,
1707 500 2085 568 creaturarum
2121 530 2199 571 οτι

639 579 746 600 ΜΔ,
775 595 860 600 ,η
1334 592 1346 600 ,
1419 595 1430 600 -

2322 536 2380 572 τε
2406 520 2501 572 καὶ
2529 519 2807 589 ἄκτιστος,
2839 521 2908 577 τὰ
2938 512 3018 591 δὲ,
3047 524 3244 580 κτιστά
3274 525 3660 600 καὶ-γεννητά,
3689 531 3923 596 πάντως

633 579 746 633 diui
769 595 865 639 eos
895 600 1169 656 nunquam
1200 592 1610 664 ascripsissent,
1629 603 1782 671 quasi
1808 618 1998 658 eorum
2023 605 2210 673 gloriae

631 678 766 733 satis
799 679 974 750 fleret,
1009 685 1053 739 si
1088 676 1215 741 ante
1247 699 1438 745 caetera
1468 696 1745 752 exstitisse
1778 699 2110 757 dicerentur.

2318 608 2387 663 ἂν
2429 609 2540 663 τῶν
2586 611 2680 665 δύο
2705 613 2766 666 τδ
2807 612 2998 685 ἕτερον
3044 612 3312 683 ἔγνωσαν.
3363 617 3439 670 Ἦ
3466 618 3574 688 γὰρ
3622 620 3909 672 κεκτίσθαι

2317 699 2407 753 τόν
2436 717 2494 754 τε
2526 700 2654 757 Υίδν
2697 704 2792 757 καὶ
2836 704 2899 759 τὸ
2948 703 3172 776 Πνεῦμα
3203 706 3265 761 τὸ
3295 705 3454 776 ἅγιον
3508 708 3569 775 ἐξ
3600 710 3706 764 οὑκ
3742 711 3910 763 ὅντων

631 775 1092 847 ἀποφαινόμενοι,
1159 782 1271 848 τοῖς
1329 785 1538 854 λοιποῖς
1595 790 1661 845 ἂν
1724 794 1835 848 τῶν
1890 796 2209 868 κτισμάτων
2245 794 2445 860 αὑτοὺς
2492 798 2609 861 τοῖς
2649 797 2708 852 έν
2736 800 2858 864 ταῖς
2895 798 2956 867 ἓξ
3007 801 3324 871 γενομένοις
3354 802 3631 875 ἡμέραις,
3674 802 3797 857 ἀλλ’
3846 806 3905 857 οὐ

631 864 751 935 Θεῷ
803 869 1190 942 συνηρίθμουν,
1241 876 1361 930 οὑδὲ
1412 879 1521 935 τῶν
1582 884 1682 954 τῆς
1723 884 1957 953 κτίσεως
2020 864 2235 962 μέτρων
2310 888 2697 958 ὑπερετίθουν·
2744 890 2778 961 ἢ
2828 890 3124 960 φεύγοντες
3170 892 3232 947 τὸ
3287 894 3567 965 προφανὲς
3626 894 3909 958 δυσσεϐὲς,

631 959 732 1004 οὐκ
767 960 833 1004 ἂν
879 963 1012 1004 ﬂe)“;
1056 965 1272 1004 nnam-
1329 972 1588 1004 βαίη-.--η
1644 978 2140 1004 ..-ημηπμηςφμ
2224 986 2336 1004 -34
2372 982 2678 1004 _-__:___._--.
2737 982 2936 1004 _.0_-9,A
3018 979 3167 1004 _7n_
3239 984 3459 1004 Low-
3621 1003 3624 1004 ,
3675 984 3704 998 ιν
3857 988 3872 1004 ο

630 959 733 1014 οὑκ
767 960 833 1015 ἂν
879 963 1012 1018 Θεὸν
1056 965 1272 1037 ἀληθῶς
1327 972 1588 1045 ἑκάτερον
1644 959 2180 1051 καθομολογοῦντες,
2221 986 2336 1047 τοῖς
2369 982 2678 1052 ποιήμασιν
2733 982 2937 1048 αὑτοὺς
3009 979 3168 1049 αὖθις
3230 984 3575 1052 συνέταττον,
3611 984 3773 1041 τοῦτο
3810 988 3911 1043 αὑ-

631 1055 743 1117 τοῖς
770 1054 960 1129 ὥσπερ
992 1074 1045 1111 τι
1076 1059 1381 1151 θαυμάσιον
1412 1067 1783 1141 χαριζόμενοι,
1814 1075 1875 1128 τὸ
1904 1080 2209 1150 συγχωρεῖν
2243 1076 2444 1140 αὐτοὺς
2472 1075 2580 1129 τῶν
2611 1075 2789 1131 ἄλλων
2821 1078 3217 1151 προγεγονέναι

702 1167 943 1225 Vsas.2.
986 1189 1005 1224 ι
1036 1172 1101 1233 Et
1124 1177 1362 1235 tenebrae
1383 1193 1540 1239 erant
1560 1200 1723 1258 super
1740 1190 1937 1273 faciem
1961 1193 2166 1265 abyssi.
2193 1214 2214 1253 ι

705 1281 989 1339 Tenebras
1044 1296 1201 1341 vocat
1241 1305 1369 1357 non,
1401 1303 1657 1353 naturam
1722 1304 2016 1371 quamdam
2068 1307 2221 1365 mali-

632 1386 815 1442 gnam,
845 1375 921 1430 uti
970 1376 1151 1448 inepte
1186 1382 1374 1440 volunt
1404 1386 1556 1458 impii
1585 1389 1893 1463 Manichaai,
1948 1397 2045 1454 sed
2079 1398 2220 1461 lucis

634 1464 901 1521 defectum
933 1476 988 1527 et
1019 1471 1342 1534 absentiam.

708 1593 730 1629 ι
763 1575 830 1632 Ει
867 1575 1104 1647 Spiritus
1126 1580 1222 1639 Dei
1252 1584 1526 1646 ferebatur
1549 1607 1715 1664 super
1743 1611 1934 1670 aquas.
1967 1620 1987 1656 ι

706 1681 820 1739 Hoc
848 1689 1089 1747 nonnulli
1123 1692 1450 1767 interpretes
1480 1703 1546 1759 de
1578 1703 1785 1777 Spiritu
1827 1698 2020 1770 sancto
2052 1716 2214 1773 intel-

634 1770 827 1842 ligunt,
864 1791 1086 1848 propter
1128 1785 1393 1854 adjectam
1441 1770 1635 1849 vocent
1664 1796 1782 1867 Dei,
1832 1803 1922 1872 pia
1969 1813 2024 1861 et
2068 1770 2211 1866 ﬁdeli

634 1877 818 1922 mente
850 1870 1067 1929 deducti
1097 1893 1112 1944 ;
1150 1893 1270 1933 nam
1307 1880 1432 1937 hinc
1482 1887 1717 1956 probare
1746 1870 2016 1951 conantur
2038 1899 2090 1970 ip

634 1972 849 2029 quoque
881 1967 1176 2025 creationis
1206 1983 1485 2031 auctorem
1520 1994 1662 2036 esse.
1710 1984 1778 2038 At
1817 1986 1930 2041 hzcc
1962 1967 2213 2059 probatio

635 2067 736 2109 nec
765 2067 1023 2114 accurata
1060 2077 1159 2119 nec
1205 2064 1663 2140 inexpugnabilis.
1706 2075 1841 2134 Nam
1872 2082 2107 2151 primum
2166 2088 2214 2143 si

634 2160 731 2213 per
757 2147 888 2204 illud
922 2150 1020 2207 Dei
1052 2153 1285 2223 Spiritus
1316 2174 1537 2220 sanctus
1563 2147 1923 2241 significatur,
1956 2177 2086 2248 quid
2131 2194 2217 2235 ve-

634 2239 861 2308 tatquin
889 2243 1053 2299 etiam
1080 2245 1206 2302 illud
1238 2265 1254 2304 :
1282 2248 1517 2321 Spirabit
1536 2256 1770 2329 Spiritus
1804 2239 1941 2334 ejus,
1973 2239 2023 2323 et
2048 2269 2214 2341 ﬂuent

632 2345 785 2399 aqua:
812 2333 858 2396 ¹,
895 2334 1059 2392 simili
1093 2340 1337 2410 ratione,
1395 2361 1500 2401 nou
1550 2350 1615 2405 de
1649 2366 1776 2410 aere
1813 2333 2211 2431 interpreteris,

630 2423 726 2477 sed
774 2425 841 2480 de
871 2425 1079 2498 Spiritu
1123 2439 1353 2493 sancto?
1383 2438 1587 2499 Deinde
1641 2444 1844 2505 indicat
1890 2423 2076 2521 aperte
2110 2423 2210 2512 vos

629 2517 1057 2587 stiperferebatur
1089 2540 1249 2595 quam
1286 2531 1522 2587 absurda
1549 2536 1618 2591 sit
1652 2536 1769 2595 haec
1798 2517 2211 2618 interpretatio;

631 2622 756 2662 nam
795 2611 897 2668 hoc
925 2630 1031 2670 non
1063 2619 1274 2677 diceret
1305 2626 1430 2694 quis
1455 2628 1538 2682 vel
1574 2631 1640 2685 de
1670 2646 1919 2690 creatura
1949 2639 2211 2709 animata,

628 2714 833 2770 quanto
865 2707 1046 2765 minus
1077 2714 1144 2767 de
1172 2716 1336 2773 incre.
1360 2727 1439 2784 ta,
1474 2732 1528 2778 et
1558 2725 1715 2781 beata
1760 2726 1997 2798 Spiritus
2037 2707 2211 2791 sancti

627 2805 843 2852 natura.
901 2799 1047 2857 Idem
1102 2807 1320 2874 quidem
1378 2811 1465 2867 hic
1517 2815 1711 2874 beatus
1765 2818 1976 2893 Moyses
2022 2827 2210 2882 eadem

627 2899 762 2943 voce
809 2890 877 2946 de
918 2908 1045 2950 arca
1087 2913 1219 2954 usus
1254 2911 1380 2970 est,
1434 2906 1623 2964 dicens
1661 2926 1780 2965 eam
1831 2890 1997 2985 super
2041 2932 2211 2987 aquas

625 2981 951 3051 superferri,
988 2996 1044 3041 at
1075 2989 1140 3047 de
1171 2993 1404 3049 animata
1430 3009 1680 3056 creatura
1736 3020 2047 3076 nunquam,
2086 3010 2209 3068 licet

625 3073 795 3129 multa
848 3076 1244 3152 innumeraque
1294 3086 1552 3144 animalia
1592 3107 1691 3163 per
1731 3073 1900 3167 aquas
1940 3110 1993 3155 et
2046 3119 2212 3175 super

624 3179 793 3233 aquas
824 3178 1035 3226 natent.
1070 3171 1298 3245 Insuper
1323 3177 1440 3249 ipse
1465 3187 1801 3244 narrationis
1828 3207 2000 3251 nexus
2021 3171 2202 3253 aerem

622 3250 864 3324 indicat;
912 3276 1036 3315 nam
1073 3268 1349 3336 proposita
1379 3271 1656 3333 Creatoris
1692 3285 1973 3341 mentione
1997 3325 2014 3353 ,
2065 3290 2204 3345 scri-

621 3353 746 3415 ptor
793 3352 1043 3417 protinus
1077 3356 1145 3412 de
1179 3360 1346 3418 rebus
1376 3368 1576 3426 creatis
1614 3373 1776 3430 verba
1823 3376 1972 3434 facit.

619 3436 853 3545 a6t6;n6.
881 3442 981 3513 τῆς
1023 3445 1326 3545 διηγήσεως
1357 3458 1570 3529 εἰρμὸς,
1615 3464 1707 3518 τὸν
1768 3468 1910 3540 ἀέρα
1972 3475 2229 3545 σημαίνει

619 3531 1021 3602 προεκθέμενος
1034 3580 1049 3604 ,

694 3621 857 3680 Vens.
895 3626 947 3682 6.
996 3648 1015 3680 ι
1049 3632 1192 3689 Dixit
1241 3652 1457 3709 quoque
1504 3621 1841 3706 DettszuFiat
1890 3621 2202 3713 firmamen;

619 3722 731 3768 tum
756 3716 808 3772 in
837 3722 1015 3779 medio
1037 3739 1300 3798 aquarum
1319 3750 1333 3789 :
1354 3744 1408 3789 et
1433 3736 1640 3796 dividat
1666 3758 1835 3814 aquas
1860 3747 1928 3805 ab
1952 3751 2129 3821 aquis.
2176 3771 2194 3807 ι

686 3894 829 3956 Deus
858 3917 980 3959 cum
1029 3922 1137 3966 uno
1167 3927 1333 3983 opere
1357 3928 1607 3977 cunctam
1645 3924 2070 4004 universamque
2102 3908 2198 3991 re-

616 4002 737 4044 rum
768 4002 1019 4052 naturam
1061 4004 1322 4071 perlicere
1370 4012 1656 4081 potuisset,
1706 4032 1807 4074 nec
1842 4020 1947 4075 ulla
1981 4002 2201 4084 ratione

727 4082 832 4140 hoc
877 4094 1124 4181 tempore
1185 4107 1280 4155 aut
1340 4102 1530 4162 diebus
1559 4107 1862 4181 indigeret,
1922 4115 2064 4173 intra
2096 4080 2196 4177 ses

614 4171 733 4271 dies
775 4179 957 4234 omnia
1006 4188 1247 4256 creavit,
1294 4191 1399 4249 ista
1430 4213 1531 4269 per
1557 4212 1742 4271 partes
1787 4213 1844 4262 et
1890 4221 1957 4263 ex
2000 4212 2193 4268 ordine

615 4262 754 4367 facta
801 4273 1078 4333 creatione
1119 4285 1508 4357 semetipsum,
1541 4292 1618 4347 uti
1658 4295 1899 4355 diximus
1926 4339 1942 4367 ,
1996 4302 2195 4361 animis

615 4357 828 4458 ratione
860 4368 1106 4435 praeditis
1141 4376 1407 4435 revolans.
1441 4380 1691 4443 Conditis
1730 4357 2003 4458 prioribus
2030 4405 2188 4451 natu-

614 4446 713 4514 ris,
743 4450 918 4510 lucem
942 4472 1007 4513 ex
1039 4462 1210 4522 nihilo
1238 4460 1441 4538 edidit',
1470 4473 1671 4532 docens
1716 4477 1791 4534 ita
1820 4481 2107 4540 manifeste
2131 4501 2191 4542 se

2394 1209 2414 1243 ι
2450 1189 2563 1245 Καὶ
2595 1185 2783 1256 σκότος
2808 1191 2997 1247 ἐπάνω
3022 1192 3123 1266 τῆς
3151 1192 3417 1249 ἀϐύσσου.
3455 1213 3476 1248 ι

2387 1305 2588 1368 Σκότος
2627 1305 2791 1375 λέγει·
2823 1305 2887 1360 οῦ
2935 1306 3184 1378 πονηράν
3237 1324 3368 1364 τινα
3403 1307 3589 1380 φύσιν,
3619 1308 3696 1373 ὡς
3724 1310 3757 1363 6
3795 1309 3911 1363 τῶν

2314 1394 2491 1453 ἀθέων
2514 1396 2834 1468 Μανιχαίων
2876 1396 3130 1468 βούλεται
3161 1398 3352 1471 λῆρος,
3373 1400 3511 1456 ἀλλά
3542 1399 3643 1473 τήν
3666 1400 3780 1455 ἀπὸ
3807 1401 3905 1457 τοῦ

2314 1488 2493 1559 φωτὸς
2519 1488 2792 1547 ἀπουσίαν
2817 1506 2877 1543 τε
2905 1489 3004 1557 καὶ
3025 1490 3300 1563 ἀπόλειψιν

2385 1620 2407 1656 ι
2430 1602 2540 1656 Καὶ
2562 1601 2790 1674 Πνεῦμα
2809 1603 2947 1658 Θεοῦ
2968 1605 3270 1680 ιπεφέρετο
3294 1604 3480 1663 ἐπάνω
3501 1607 3598 1663 τοῦ
3628 1607 3844 1674 ὕδατος.
3873 1627 3901 1663 ι

2390 1737 2562 1792 Τοῦτό
2583 1756 2727 1803 τινες
2746 1740 2858 1795 τῶν
2878 1743 3447 1814 προερμηνευσάντων
3471 1762 3538 1798 πε
3546 1746 3600 1819 pl.
3628 1746 3724 1800 τοῦ
3742 1746 3909 1815 άγίου

2321 1829 2461 1885 ΙΙνεὺ
2471 1848 2639 1902 ματος
2660 1830 2999 1905 ὲξειλήφασι,
3024 1834 3114 1888 διὰ
3139 1834 3198 1889 τὸ
3226 1836 3590 1909 προσκεῖσθαι
3612 1838 3707 1892 τοῦ
3740 1840 3906 1906 Θεοῦ,

2094 1916 2213 2005 sul“
2247 1908 2288 1964 Β
2320 1923 2508 1993 σκοπῷ
2556 1923 2656 1995 μὲν
2682 1924 2901 1978 εὐσεϐεῖ
2940 1926 3036 1981 καὶ
3064 1926 3329 2001 ὀρθοδόξῳ
3354 1928 3731 2005 χρησάμενοι·
3765 1933 3903 2005 πρὸς

2320 2014 2429 2088 γὰρ
2468 2015 2745 2083 ἀπόδειξιν
2791 2016 2887 2070 τοῦ
2932 2018 3028 2072 καὶ
3069 2020 3204 2074 αὑτὸ
3238 2021 3574 2095 δημιουργὸν
3612 2019 3758 2078 εἶναι
3800 2024 3901 2096 τῆς

2317 2108 2552 2171 κτίσεως
2594 2109 2995 2178 πεποιήκασιν
3037 2109 3188 2181 ὅμως
3232 2113 3332 2167 οὐκ
3360 2113 3617 2187 ἀκριϐὴς,
3654 2116 3779 2169 οὐδὲ
3808 2117 3902 2170 ἀν-

2318 2199 2644 2271 αντίρῤητος
2681 2200 2710 2253 6
2754 2198 2933 2270 λόγος.
2972 2200 3197 2272 Πρῶτον
3238 2204 3339 2275 μὲν
3376 2204 3516 2279 γάρ,
3573 2208 3624 2261 εί
3660 2206 3753 2261 διὰ
3806 2207 3899 2262 τοῦ

2264 2316 2265 2319 η
2315 2289 2474 2353 Θεοῦ,
2504 2290 2733 2361 Πνεῦμα
2753 2291 3012 2373 σημαίνει
3039 2292 3101 2347 τὸ
3129 2293 3307 2375 ἅγιον,
3333 2296 3387 2350 τί
3419 2296 3641 2364 κωλύει,
3682 2299 3780 2354 καὶ
3801 2301 3861 2355 τὸ
3879 2342 3896 2364 ,

2314 2385 2661 2441 Πνεύσειτὸ
2700 2386 2940 2457 πνεῦμα
2969 2389 3179 2455 αὐτοῦ,
3214 2390 3313 2446 καὶ
3345 2392 3647 2465 ρυήσεται
3675 2396 3896 2463 ὕδατα,

2316 2477 2459 2535 κατά
2504 2478 2603 2552 τὴν
2640 2480 2837 2551 ὁμοίαν
2877 2480 3111 2550 ἔννοιαν,
3144 2483 3212 2542 οὐ
3244 2485 3499 2555 περὶτοῦ
3541 2487 3724 2558 ἀέρος,
3760 2489 3899 2543 ἀλλά

2316 2571 2447 2642 περὶ
2471 2572 2567 2627 τοῦ
2595 2572 2753 2643 ἁγίου
2779 2573 3096 2645 Πνεῦματος
3122 2575 3404 2644 ὲκλαδεῖν;
3446 2578 3680 2634 Ἔπειτα
3724 2582 3760 2651 ή
3802 2580 3897 2634 τοῦ

2313 2659 2635 2731 ἐπεφέρετο
2668 2662 2811 2729 λέξις
2834 2662 3096 2736 ἄντικρυς
3140 2664 3353 2737 ὲλέγχει
3381 2666 3475 2721 τοῦ
3498 2667 3796 2739 λεγομένου
3840 2671 3899 2724 τὸ

2315 2750 2539 2806 ἄτοπον.
2591 2751 2763 2808 Τοῦτο
2801 2754 2910 2827 γὰρ
2955 2754 3063 2809 οὐδ’
3111 2753 3179 2810 ἂν
3222 2756 3351 2827 περὶ
3385 2757 3608 2811 κτιστοῦ
3644 2758 3786 2824 ζὼου
3812 2777 3896 2824 τις

2314 2841 2458 2894 εἴποι
2486 2841 2620 2897 ποτὲ
2656 2842 2798 2901 κατά
2839 2844 3159 2917 προαίρεσιν
3200 2847 3545 2918 κινουμένου,
3601 2849 3803 2919 μήτιγε
3830 2850 3899 2922 δὴ

2315 2930 2446 3002 περὶ
2485 2932 2584 3003 τῆς
2620 2933 2901 3003 ἀκτίστου,
2934 2936 3029 2990 καὶ
3058 2938 3335 3009 μακαρίας
3378 2936 3475 2994 τοῦ
3524 2940 3682 3009 ἁγίου
3720 2942 3895 2996 Πνεῦ-

2316 3040 2488 3094 ματος
2520 3024 2895 3092 ὑποστάσεως.
2943 3027 3119 3093 Αὐτὸς
3143 3027 3277 3098 γοῦν
3314 3023 3468 3097 οὗτος
3492 3033 3699 3105 Μωσῆς
3721 3036 3749 3089 6
3788 3052 3896 3105 μα-

2314 3113 2527 3187 κάριος,
2552 3116 2645 3170 ἐπὶ
2671 3118 2771 3189 μὲν
2791 3118 2890 3190 τῆς
2912 3120 3148 3175 κιϐωτοῦ
3172 3122 3441 3195 κέχρηται
3460 3126 3527 3196 τῇ
3554 3126 3694 3196 αὐτῇ
3719 3119 3897 3200 τᾶὑτῃ

2314 3207 2499 3278 φωνῇ.
2549 3205 2726 3275 λέγων
2776 3209 2946 3282 αὑτὴν
2987 3213 3098 3276 τοῖς
3134 3210 3323 3273 ῦδασιν
3370 3214 3751 3287 ἐπιφέρεσθαι,
3799 3218 3895 3271 ἐπὶ

2263 3290 2279 3311 ⁴
2312 3294 2451 3360 ζώου
2491 3296 2549 3351 δὲ
2579 3297 2825 3363 οὐδενός·
2858 3300 2953 3355 καί
2974 3318 3057 3356 τοι
3093 3302 3302 3360 πολλῶν
3336 3305 3430 3359 καὶ
3451 3306 3697 3377 ἀπείρων
3737 3308 3894 3379 ἐννη-

2306 3387 2576 3459 χομένων,
2609 3390 2704 3446 καὶ
2726 3391 3140 3465 ἐπινηχομένων
3174 3397 3380 3462 αὐτοῖς.
3406 3399 3549 3470 Πρὸς
3587 3401 3644 3455 δὲ
3682 3400 3891 3467 τούτοις

2267 3492 2284 3509 ο
2324 3479 2587 3553 ὀνομαστὶ
2638 3482 2749 3558 γὰρ
2802 3483 2894 3543 τὸν
2964 3487 3204 3561 Ποιητὴν
3259 3490 3289 3545 6
3348 3493 3707 3565 συγγρασεὺς
3760 3495 3893 3565 ἡμῖν

1096 3538 1225 3638 έξῇς
1259 3548 1408 3618 ἶπερὶ
1448 3550 1555 3605 τῶν
1597 3538 1935 3629 ποιηθέντων
1969 3538 2194 3631 εἰκότως
2229 3538 2474 3638 διέξεισι.

2374 3681 2395 3715 ι
2430 3664 2540 3718 Καὶ
2569 3659 2725 3721 εἶπεν
2749 3668 2777 3722 6
2799 3667 2933 3735 Θεὸς
2962 3685 2977 3699 ·
3000 3668 3295 3741 Γενηθήτω
3323 3669 3613 3745 στερέωμα
3648 3674 3711 3728 ὲν
3742 3674 3892 3745 μέσῳ

2297 3752 2391 3807 τοῦ
2428 3754 2620 3823 ῦδατος
2643 3775 2657 3790 ο
2689 3760 2784 3813 καὶ
2817 3759 2959 3815 έστω
2990 3761 3318 3835 διαχωρίζον
3357 3765 3461 3820 ἀνά
3495 3766 3661 3839 μέσον
3696 3766 3892 3833 ὓδατος

2296 3842 2393 3898 καὶ
2422 3845 2635 3913 ὓδατος·
2666 3850 2762 3905 καὶ
2790 3852 3008 3921 ἐγένετο
3040 3853 3203 3912 οὕτω.
3241 3875 3261 3909 ι

2368 3937 2679 4011 Δυνάμενος
2702 3944 2731 3995 6
2757 3942 2892 4010 Θεὸς
2921 3945 3013 4015 ὑφ’
3032 3945 3113 4000 έν).
3138 3948 3441 4020 συνθήματι
3466 3951 3565 4023 τὴν
3589 3950 3895 4022 σύμπασαν

2296 4029 2559 4103 αὐτοτελῆ
2614 4032 2779 4102 φύσιν
2811 4040 3193 4109 παραγαγεῖν,
3226 4041 3323 4095 καὶ
3360 4041 3513 4097 οὐδὲν
3552 4040 3722 4108 αὐτὸς
3751 4045 3891 4114 πρὸς

2306 4120 2467 4177 τοῦτο
2515 4125 2709 4197 χρόνου
2752 4126 3025 4200 δεόμενος,
3069 4131 3193 4186 οὑδὲ
3225 4133 3452 4205 ήμερῶν
3474 4175 3489 4199 ,
3524 4135 3583 4188 ἐν
3614 4134 3677 4200 ἓξ
3718 4136 3889 4207 αὑτὴν

2301 4213 2452 4285 ὅμως
2476 4216 2712 4289 ήμέραις
2734 4222 2898 4286 ποιεῖ,
2926 4223 2994 4294 τῇ
3018 4223 3158 4279 κατά
3186 4224 3354 4295 μέρος
3371 4225 3429 4279 έν
3451 4225 3604 4292 τάξει
3624 4227 3891 4300 δημιουρ-

2301 4305 2398 4378 γίᾳ
2445 4307 2729 4379 γνωρίζων
2779 4313 2894 4377 τοῖς
2938 4311 3203 4383 λογικοῖς,
3250 4314 3327 4380 ὡς
3379 4314 3627 4388 ἔφαμεν,
3668 4320 3886 4377 ἑαυτόν.

2296 4397 2457 4452 Μετὰ
2485 4398 2583 4464 τὰς
2616 4403 2842 4473 πρώτας
2870 4402 3052 4458 τοίνυν
3078 4405 3268 4470 οὐσίας
3288 4405 3399 4477 -τὴν
3427 4411 3607 4477 φωτὸς
3634 4408 3803 4481 φύσιν
3830 4413 3888 4479 ἐξ

2298 4487 2397 4541 οὐκ
2428 4488 2599 4543 ὄντων
2630 4491 2978 4564 ὑποστήσας,
3026 4494 3267 4560 ἐδίδαξεν
3300 4496 3504 4561 αὑτοὺς
3535 4499 3762 4565 ἱκανῶς,
3802 4503 3885 4557 ὅτι

609 4555 733 4664 im“
764 4559 886 4602 esse
911 4587 927 4614 ν
958 4551 1051 4622 qui
1114 4569 1176 4610 ea
1227 4572 1439 4619 crearet
1469 4580 1591 4637 qua:
1632 4584 1738 4626 non
1768 4582 1914 4628 sunt.
1956 4558 2102 4642 Quos
2131 4586 2188 4633 ut

610 4647 623 4664 Ι
648 4643 796 4664 nnnnl
830 4651 888 4664 an
918 4640 1002 4664 -.ΑΙ
1054 4658 1172 4664 Α-..μ
1639 4658 1653 4664 -

2300 4580 2358 4634 τὰ
2390 4579 2465 4653 μή
2488 4581 2617 4636 ὄντα
2645 4551 2975 4641 ποιεῖν’ὲστὶν
2992 4551 3240 4651 δυνατός.
3283 4589 3439 4644 Ἐπεὶ
3466 4551 3523 4645 δὲ
3551 4551 3884 4664 regiﬁco»

610 4629 802 4688 doceat
829 4651 888 4693 se
918 4640 1004 4696 vel
1048 4658 1236 4704 eorum
1292 4666 1413 4722 qua:
1457 4668 1584 4714 ante
1638 4658 1815 4720 lucem
1860 4668 2189 4725 exstiterant

607 4735 733 4776 esse
793 4736 1115 4801 auctorem,
1172 4749 1336 4810 atque
1378 4749 1561 4803 omnia
1623 4752 1829 4820 pariter
1885 4773 1951 4812 ex
2014 4761 2186 4818 nihilo

607 4826 846 4909 creasse,
878 4821 942 4876 de
968 4826 1342 4894 spiritualibus
1375 4845 1536 4906 tacet,
1563 4841 1738 4900 donec
1786 4847 2021 4908 hominis
2061 4869 2187 4909 uar-

610 4907 1240 5002 raret-fabricationem;
1271 4933 1410 5000 tunc
1441 4942 1621 4989 autem
1651 4936 1888 4995 animam
1917 4957 1983 4998 ex
2016 4945 2186 5002 nihilo

607 4996 833 5101 protulit
886 5012 1077 5062 natura
1133 4996 1507 5081 spirituali'bus
1557 5023 1699 5082 haud
1761 4996 2185 5102 imparem-flvit:

607 5089 1109 5195 prlaaexsistentihus
1134 5117 1279 5159 nunc
1330 5110 1485 5180 aquis
1517 5089 1922 5177 firmamentum
1959 5125 2181 5195 prodire

597 5172 787 5286 jubet,
820 5183 987 5253 priori
1020 5190 1159 5248 cmlo
1203 5172 1402 5256 simile.
1448 5201 1563 5271 Qua
1599 5210 1810 5267 ratione
1856 5172 2013 5271 doc;
2060 5232 2183 5286 nos,

601 5267 888 5378 quodipse
919 5278 1043 5335 coeli
1075 5291 1131 5338 et
1161 5302 1428 5359 aquarum
1467 5267 1756 5358 conditor:
1782 5267 1909 5362 caeli
1937 5267 2182 5378 quidem:

601 5357 729 5412 dum
756 5361 885 5420 illud
921 5383 1061 5428 nova
1088 5373 1262 5435 forma
1284 5382 1504 5442 instruit
1528 5405 1544 5456 ;
1572 5390 1838 5462 aquarum
1870 5357 2022 5469 vero,
2052 5357 2180 5459 dun;

598 5466 664 5506 ex
702 5453 807 5511 illis
836 5461 1199 5555 quodcunque
1238 5473 1495 5547 libuerit,
1530 5453 1745 5555 educit.
1801 5487 1962 5547 Juxta
2004 5453 2179 5555 'unam

602 5552 781 5600 tamen
808 5551 1071 5609 rationem
1094 5558 1496 5626 informandum
1525 5551 1646 5631 erat
1668 5577 1843 5647 primo
1861 5580 1934 5636 ita
1951 5581 2173 5652 cmlum,

596 5644 655 5689 ct
707 5649 892 5704 postea
936 5644 986 5698 in
1034 5648 1195 5705 a.iam
1232 5654 1462 5717 formam
1520 5644 1980 5730 constituendum.
2039 5644 2169 5731 Nam

671 5797 689 5825 '
721 5794 862 5854 Ιό.ι1.
897 5817 1097 5871 cum,
1130 5807 1213 5865 l8.

2292 4672 2512 4741 αὑτοὺς,
2549 4675 2631 4728 ὃτι
2663 4676 2760 4731 καὶ
2787 4676 2898 4735 τῶν
2932 4677 3026 4733 τοῦ
3060 4680 3238 4751 φωτὸς
3282 4683 3759 4754 προϋπαρχόντων
3788 4687 3884 4739 αὑ-

2290 4763 2382 4827 τός
2429 4766 2579 4819 ἐστιν
2612 4768 2641 4821 6
2675 4769 2930 4842 ποιητὴς,
2971 4771 3067 4826 καὶ
3118 4772 3217 4828 σὺν
3247 4773 3435 4841 αὐτοῖς
3472 4774 3532 4841 ἐξ
3572 4775 3676 4832 οὑκ
3710 4768 3884 4833 δντων

2290 4857 2520 4910 κάκεῖνα
2558 4857 2815 4931 ἐποίησε,
2851 4860 2913 4914 τὸ
2954 4861 3055 4934 μὲν
3090 4866 3215 4919 κατ’
3246 4866 3477 4934 αὑτοὺς,
3522 4868 3879 4941 ὑπερτίθεται

2288 4945 2429 5012 τέως
2475 4948 2568 5003 ἐπὶ
2619 4953 2720 5023 τῆς
2768 4950 2864 5007 τοῦ
2922 4953 3215 5026 ἀνθρώπου
3266 4959 3458 5029 τηρῶν
3505 4960 3876 5041 διαπλάσεως,

2291 5038 2455 5110 (τότε
2489 5039 2599 5114 γάρ
2631 5042 2810 5116 ψυχὴν
2844 5045 2904 5112 ἐξ
2932 5045 3033 5101 οὑκ
3067 5046 3238 5104 ὄντων
3269 5038 3704 5125 ἐδημιούργησε,
3742 5072 3879 5123 συγ-

2288 5128 2425 5200 γενῆ
2463 5133 2576 5195 τοῖς
2609 5135 2821 5202 νοητοῖς
2849 5133 2970 5191 κατ’
3006 5136 3257 5210 οὑσίαν.)
3311 5141 3410 5195 Ἐκ
3448 5143 3559 5197 τῶν
3605 5141 3782 5201 ὅντων
3820 5146 3879 5202 δὲ

2290 5217 2388 5273 νῦν
2419 5218 2628 5300 ὑδάτων
2658 5220 2761 5295 ήδη
2806 5224 3063 5293 γενέσθαι
3097 5231 3434 5300 προστάττει
3471 5233 3764 5307 στερέωμα
3803 5237 3880 5308 τῷ

2293 5296 2650 5383 προγεγονότι
2688 5315 3074 5389 παραπλήσιον
3104 5296 3348 5395 οὑρανῷ·
3386 5321 3478 5377 διὰ
3516 5296 3713 5379 τούτου
3747 5296 3879 5381 παιζ-

2286 5399 2457 5455 δεὺων
2483 5400 2712 5469 αὐτοὺς,
2749 5405 2833 5460 ὅτι
2863 5404 2960 5459 τοῦ
2988 5408 3245 5477 οὐρανοῦ,
3277 5411 3374 5465 καὶ
3403 5411 3513 5467 τῶν
3538 5412 3753 5469 ὑδάτων
3783 5416 3879 5471 αὑ-

2284 5494 2376 5560 τός
2415 5496 2534 5576 ἐστι
2568 5500 2821 5573 ποιητήςσ
2854 5500 2950 5555 τοῦ
2992 5502 3116 5574 μὲν,
3160 5503 3238 5570 ὡς
3268 5508 3502 5581 ποιήσας
3531 5508 3723 5582 ἕτερον
3754 5513 3875 5565 κατ’

2283 5586 2469 5643 αὑτόν·
2492 5571 2602 5643 τῶν
2630 5588 2708 5656 δὲ,
2730 5571 2807 5656 ῶς
2831 5590 2892 5660 ἐξ
2912 5571 3093 5650 αὑτῶν
3121 5571 3535 5671 δημιουργήσας
3722 5602 3876 5668 ἐξου-

2286 5679 2407 5735 σίαν
2456 5681 2595 5755 ὅπερ
2640 5683 2893 5759 ἠθέλησε.
2939 5687 3078 5743 Καθ’
3117 5688 3216 5746 ἕνα
3263 5690 3447 5763 μέντοι
3491 5692 3684 5748 τοῦτον
3715 5693 3872 5764 λόγον
