4130 6556
234 420 377 509 ’1οεύ

1369 442 1452 506 ΙΝ
1480 441 1813 505 GENESIN
1852 444 2332 507 FRAGMENTA.
2389 421 2401 429 “

3357 445 3496 513 I630

229 557 406 621 οὑτως
449 556 483 628 ἦ
534 552 628 609 τοῦ
685 553 919 625 οὐρανοῦ
978 552 1171 611 τούτου
1219 555 1443 628 ποίησις
1494 558 1813 627 ἀναγκαία,

1941 576 2122 637 οτι-οπο
2149 548 2411 632 apparere
2441 558 2781 633 impossibile
2803 600 2818 628 ,
2859 562 3095 632 quandiq
3142 572 3288 624 tanta
3319 581 3491 634 aqua-

231 650 429 704 επειτα
461 648 556 702 καὶ
583 647 706 702 καθ’
735 647 943 719 ἕτερον.
984 648 1059 701 Οὐ
1091 648 1201 720 γάρ
1224 643 1293 721 ’ἦν
1323 644 1436 703 οἷόν
1471 666 1534 703 τε
1579 650 1816 721 φανῆναι

232 741 334 811 τὴν
358 740 463 811 γῆν
488 780 503 804 ,
552 738 763 793 ὑδάτων
811 719 1278 810 ἐπικλυζομένηντ
1295 739 1491 811 πλήθει
1518 719 1815 798 τοσούτων.

233 828 351 884 Νῦν
380 827 437 882 δὲ
469 830 527 882 ὲν
556 828 743 888 αὐτοῖς
772 826 961 896 μέσοις
990 826 1259 894 παγέντος
1286 825 1380 879 τοῦ
1412 825 1817 898 στερεώματος,

237 922 332 976 καὶ
366 919 841 992 μετειιιρισσέντων
878 919 975 989 μὲν
1004 917 1113 971 τῶν
1154 917 1401 989 ἡμίσεων
1431 918 1571 989 ὑπὲρ
1601 918 1816 982 τούτου,

239 1011 347 1064 τῶν
388 1009 445 1063 δὲ
494 1009 738 1080 ἡμίσεων
787 1009 867 1079 εἰς
912 1007 1011 1071 τὰς
1045 1007 1371 1077 συναγωγὰς
1423 1006 1818 1076 συλλεγέντων,

239 1100 585 1173 ηὑτρεπίσθη
630 1100 767 1171 πρὸς
802 1098 901 1170 τὴν
940 1099 1292 1171 ἁρμόζουσαν
1338 1099 1531 1173 χρείαν
1573 1102 1687 1163 τοῖς
1730 1098 1820 1154 ἐπ’

242 1195 447 1263 αὐτῆς,
485 1192 582 1247 καὶ
623 1193 803 1245 πάντα
850 1190 942 1243 τὸν
977 1190 1074 1245 νῦν
1107 1191 1245 1263 αὐτῇ
1302 1191 1577 1263 προσόντα
1616 1191 1823 1261 κόσμον

242 1284 519 1340 ἀπέλαϐεν
540 1301 556 1318 ο
604 1283 738 1338 ἀλλὰ
761 1283 855 1337 καὶ
887 1282 1031 1337 κατά
1060 1283 1219 1337 τοῦτο
1256 1283 1573 1352 ἀναγκαίως
1603 1282 1736 1337 αὐτό
1764 1300 1824 1335 τε

242 1379 309 1433 τὸ
336 1377 624 1448 στερέωμα
652 1376 868 1445 γέγονε,
899 1376 993 1430 καὶ
1024 1376 1118 1428 ἐπὶ
1163 1375 1356 1429 τούτου
1398 1377 1434 1447 ἡ
1474 1374 1584 1429 τῶν
1617 1375 1826 1428 ὑδάτων

243 1465 560 1535 ἀφαίρεσις.
595 1464 670 1517 Τὸ
696 1463 987 1535 στερέωμα
1016 1463 1137 1533 μὲν,
1170 1462 1260 1516 διὰ
1285 1463 1347 1516 τὸ
1373 1463 1590 1534 μέλλειν
1611 1463 1699 1517 ἐπ’
1728 1463 1828 1515 αὑ-

245 1557 340 1610 τοῦ
370 1558 463 1609 τὸν
491 1556 644 1627 ἣλιον
676 1555 772 1608 σὺν
801 1557 914 1618 τοῖς
942 1554 1168 1625 ἄστροις
1195 1555 1368 1609 ἂπασι
1401 1554 1669 1610 τίθεσθαι’
1704 1556 1738 1623 ἡ
1770 1553 1829 1608 δὲ

247 1649 344 1703 ἐπὶ
372 1648 468 1702 τοῦ
489 1665 581 1701 στε
591 1646 874 1719 ρεώματος
888 1646 998 1699 τῶν
1020 1647 1229 1701 ὑδάτων
1245 1648 1537 1720 ἀφαίρεσις
1555 1648 1831 1717 ἀναγκαία

246 1741 462 1809 γέγονε.
500 1740 601 1793 Διά
632 1740 791 1793 τοῦτο
815 1739 873 1792 δὲ
901 1740 961 1793 ἐν
988 1740 1099 1803 τοῖς
1130 1739 1288 1794 ὑδασι
1314 1741 1376 1794 τὸ
1414 1740 1704 1812 στερέωμα
1733 1740 1832 1811 τὴν

250 1833 514 1886 σύστασιν
539 1832 715 1902 ἒσχεψ
749 1831 824 1894 ὠς
850 1830 960 1901 γὰρ
996 1831 1063 1884 ὲκ
1093 1831 1301 1885 τούτων
1341 1833 1655 1903 γενόμενον,
1694 1851 1832 1905 κρυ-

250 1924 554 1988 παλλῶδες
588 1923 812 1986 εἰκότως
846 1921 984 1975 ἐστί·
1014 1923 1430 1995 γειτονευούσης
1461 1924 1518 1978 δὲ
1544 1923 1693 1996 αὐτῷ
1730 1925 1832 1993 τῆς
1867 1904 1904 1957 Β

251 2014 536 2085 πυρώδους
566 2014 776 2078 οὐσίας,
801 2012 1027 2085 ἔμελλεν
1049 2013 1277 2079 είκότως
1301 2015 1359 2082 ἐξ
1404 2015 1576 2086 αὐτῆς
1601 2014 1831 2086 θερμαί-

250 2110 459 2161 νεσθαι.
478 2107 593 2160 Ἵνα
623 2102 717 2161 οῦν
744 2106 820 2178 μὴ
850 2105 1011 2161 τοῦτο
1056 2107 1284 2178 πάσχων
1308 2106 1521 2179 ἀπείπῃ
1562 2107 1701 2179 πρὸς
1736 2107 1835 2174 τὴν

251 2200 447 2253 στάσιν
470 2198 624 2265 ποτὲ,
657 2198 773 2252 ἀλλ’
805 2198 1092 2269 ἀκάματον
1116 2198 1319 2269 ὁμοίως
1350 2199 1442 2253 καὶ
1471 2200 1666 2269 ἀγήρω
1697 2198 1835 2251 πάν-

248 2309 373 2344 τοτε
395 2290 628 2362 διαμένῃ
653 2330 671 2357 ,
695 2289 875 2359 σοφῶς
902 2291 930 2343 ὁ
951 2290 1343 2362 άριστοτέχνης
1369 2290 1501 2355 Θεὸς
1542 2292 1641 2359 τὴν
1667 2289 1836 2357 ἀφαί-

250 2400 404 2454 ρεσιν
429 2382 516 2436 ἐπ’
551 2381 718 2436 αὐτοῦ
752 2381 862 2437 τῶν
916 2382 1130 2437 ὑδάτων
1174 2384 1583 2454 ἐμηχανήσατοο
1622 2383 1723 2452 τῆς
1772 2383 1838 2437 ὲκ

245 2464 454 2529 ’τούτων
494 2475 860 2546 ἐγγινομένης
890 2474 1039 2546 αὐτῷ
1071 2475 1429 2546 καταψύξεως
1465 2474 1602 2548 πρὸς
1635 2474 1733 2546 τὴν
1772 2476 1838 2528 ὲκ

250 2568 360 2621 τῶν
394 2567 612 2639 ἄστρων
642 2568 1176 2640 ἀντικαθισταμένης
1209 2553 1523 2640 θερμότητα
1552 2609 1567 2633 ,
1619 2569 1711 2622 καὶ
1751 2568 1839 2622 διὰ

251 2658 355 2727 τῆς
399 2658 693 2731 ἰσορῥόπου
736 2657 943 2713 τούτων
983 2659 1165 2729 μάχης
1199 2656 1614 2728 φυλαττομένης
1644 2657 1839 2727 ἐκείνῳ

254 2749 475 2822 βεϐαίου
513 2751 616 2821 τῆς
650 2750 913 2812 στάσεως.
950 2751 1074 2803 Ἔτι
1106 2748 1246 2820 πρὸς
1274 2748 1487 2811 τούτοις
1521 2749 1555 2819 ἡ
1598 2747 1839 2819 ἀκριϐὴς

254 2843 384 2914 περὶ
412 2843 632 2906 πάντων
662 2840 757 2896 τοῦ
785 2840 921 2894 Θεοῦ
952 2842 1266 2911 πρόγνωσις
1295 2839 1646 2893 ἐπεδείκνυτο
1674 2830 1741 2909 τῇ
1777 2856 1837 2892 τε

258 2934 455 3007 μετρία
480 2935 579 3005 τῆς
605 2933 711 2988 τῶν
742 2934 951 2987 ὑδάτων
986 2920 1203 3002 φύσεως
1227 2932 1515 3003 διαιρέσει,
1542 2931 1637 2984 καὶ
1665 2929 1744 3001 τῷ
1778 2930 1837 2998 ἐξ

254 3027 429 3097 ἀρχῆς
469 3026 570 3097 τὴν
601 3027 661 3081 ὲν
696 3026 921 3099 Χριστῷ
962 3025 1240 3096 σωτηρίαν
1279 3024 1439 3094 ἡμῶν
1474 3022 1835 3095 προωρίσθαι,

256 3117 461 3171 ἄνωθεν
501 3117 663 3182 εὐθὺς
692 3119 770 3180 είς
797 3117 892 3171 δύο
933 3117 1297 3179 καταστάσεις
1330 3116 1430 3184 τὴν
1465 3115 1643 3168 κτίσιν
1669 3115 1839 3168 διελο-

1920 667 2037 707 rum
2064 652 2219 721 copia
2263 651 2592 723 operiretur.
2622 652 2775 708 Nunc
2805 663 2989 709 autem
3024 655 3267 710 stabilito
3298 656 3348 709 in
3379 673 3496 711 mc-

1919 742 2012 796 dio
2042 757 2302 812 aquarum
2340 743 2706 807 ﬁrmamento,
2736 755 2793 798 et
2820 744 2980 801 elatis
3006 745 3087 801 eis
3113 748 3306 815 partim
3332 751 3493 817 supra

1882 814 1885 817 I
1922 832 2071 898 illud,
2109 842 2164 887 et
2193 832 2390 901 partim
2443 832 2496 887 in
2548 834 2999 905 congregationes
3043 850 3190 919 suas,
3227 814 3496 901 collectis,
3574 864 3577 867 λ

1918 922 2292 992 jamidoneam
2313 937 2371 977 se
2393 924 2644 994 prmstitit
2666 934 2808 979 terra
2829 924 2882 979 in
2910 926 3147 980 omnium
3175 916 3328 981 usum
3349 926 3499 981 iuro-
3542 916 3547 920 ’

1924 1013 2121 1080 larum,
2139 1024 2193 1069 ct
2215 1014 2626 1069 convenientem
2647 1015 2746 1069 sibi
2777 1016 3034 1069 mundum
3059 1018 3314 1085 suscepit.
3344 1015 3499 1083 Quod

1924 1113 2241 1159 autemnon
2274 1114 2487 1176 poterat
2529 1105 2645 1160 ﬁeri
2675 1145 2691 1172 ,
2744 1106 2850 1160 nisi
2901 1106 3049 1175 prius
3096 1104 3499 1162 ﬁrmamentum

1925 1196 2372 1259 constitueretur,
2406 1204 2460 1252 et
2491 1211 2645 1265 aqum
2680 1212 2844 1265 supra
2885 1196 3013 1251 illud
3049 1196 3405 1252 tollerentur:
3440 1199 3505 1251 il-

1926 1289 2017 1342 lud
2049 1288 2286 1358 quidem,
2312 1296 2372 1342 nt
2403 1287 2482 1342 sol
2516 1294 2569 1341 et
2602 1296 2797 1342 cratera
2830 1295 2976 1342 astra
3020 1287 3358 1342 ﬁrmamento
3388 1288 3504 1343 alii-

1928 1389 2223 1450 grreutur;
2250 1381 2351 1436 hoc
2378 1387 2557 1434 autem
2592 1379 2800 1449 pariter
2830 1381 3228 1446 necessarium,
3262 1390 3314 1434 et
3346 1396 3405 1434 ea
3438 1384 3503 1437 de

1928 1486 2091 1526 causa
2156 1471 2208 1525 in
2269 1470 2448 1526 medio
2504 1484 2659 1542 aqua;
2710 1470 2911 1526 laetum
2946 1456 3029 1527 est
3080 1472 3500 1530 ﬁrmamentum.

1930 1562 2082 1630 Quod
2110 1563 2276 1629 enim,
2300 1571 2485 1630 utpote
2515 1580 2577 1615 ex
2609 1563 2769 1631 aquis
2793 1572 2995 1627 ortum,
3033 1550 3089 1617 in
3123 1565 3503 1634 crystallorum

1930 1656 2166 1724 speciem
2211 1652 2414 1724 frigore
2444 1655 2731 1710 astrictum
2782 1652 3039 1721 videtur;
3083 1654 3297 1709 admota
3343 1654 3509 1724 igitur

1932 1748 2088 1817 ignea
2119 1747 2370 1811 materia,
2399 1746 2488 1801 illa
2524 1748 2770 1816 profecto
2802 1747 3225 1802 calefaciendum
3265 1757 3404 1802 erat.
3428 1743 3511 1802 Ne

1934 1850 2112 1893 antetn
2143 1839 2216 1893 ita
2258 1838 2582 1894 calefactum
2620 1855 2857 1908 unquam
2913 1841 3213 1894 solveretur
3240 1876 3257 1903 ,
3310 1854 3376 1893 ue
3410 1856 3507 1892 uu-

1934 1946 2095 1999 quam
2157 1940 2520 1986 veterasceret
2586 1939 2641 1984 et
2697 1930 3007 1993 fatisceret,
3075 1929 3511 1996 sapientissimus

1935 2035 2117 2075 rerum
2167 2020 2420 2076 conditor
2455 2021 2595 2075 Deus
2645 2033 2815 2089 aquas
2861 2035 3023 2088 supra
3054 2019 3181 2072 illud
3219 2020 3513 2087 prudenter

1936 2112 2303 2183 congregavit.
2356 2112 2635 2182 Aquarum
2686 2112 2851 2182 igitur
2896 2111 3066 2180 {rigor
3093 2109 3376 2166 stellarum
3424 2126 3513 2164 ar-

1938 2206 2127 2260 dorem
2164 2213 2450 2275 temperat,
2489 2216 2544 2259 et
2590 2218 2647 2259 re
2700 2220 2806 2257 una
2854 2204 2934 2257 sic
2984 2218 3109 2257 cum
3156 2203 3325 2258 altera
3358 2216 3513 2272 mque

1937 2305 2282 2364 compensata
2310 2334 2327 2359 ,
2365 2295 2720 2350 inconcussus
2748 2303 2997 2347 servatur
3030 2291 3355 2347 ﬁrmamenti
3397 2302 3514 2347 sta-

1942 2395 2052 2443 tus.
2078 2385 2357 2442 Iudicatur
2384 2388 2608 2456 insuper
2630 2393 2884 2440 accurata
2916 2382 3011 2440 Dei
3048 2384 3114 2439 de
3148 2385 3309 2440 rebus
3339 2384 3516 2439 omni-

1943 2484 2042 2535 bus
2071 2479 2407 2549 providentia
2457 2474 2583 2531 dum
2623 2486 2767 2532 tanta
2802 2476 3085 2548 prudentia
3119 2492 3380 2546 aquarum
3416 2491 3516 2529 na-

1946 2580 2120 2624 turam
2150 2570 2454 2637 distinguit,
2481 2578 2536 2623 et
2562 2568 2673 2639 jam
2710 2570 2777 2624 ab
2819 2567 2973 2623 initio
3001 2568 3235 2621 futuram
3277 2567 3434 2621 nobis
3462 2568 3515 2621 in

1941 2662 2163 2716 Christo
2193 2662 2420 2717 salutem
2460 2662 2687 2727 deﬁnit;
2728 2677 2849 2715 nam
2887 2673 3014 2715 tunc
3042 2661 3287 2729 protinus
3334 2658 3519 2713 divisit

1943 2752 2084 2807 Deus
2123 2766 2337 2807 omnem
2367 2755 2698 2808 creationem
2742 2753 2796 2807 in
2832 2753 2967 2808 duos
2998 2751 3235 2815 ordines,
3295 2758 3349 2805 et
3391 2764 3521 2805 suas

1941 2843 2138 2913 cuique
2186 2853 2370 2912 partes
2429 2858 2695 2912 suumque
2758 2844 2933 2897 locum
2983 2839 3385 2917 convenienter
3426 2839 3523 2893 tri-

1941 2934 2079 2997 buit.
2115 2934 2437 2989 Hominibus
2466 2935 2609 2988 enim
2649 2933 2827 2988 adhuc
2868 2932 3167 2986 mutationi
3199 2939 3253 2986 et
3297 2937 3523 3001 peccata-

1943 3012 2389 3091 inservientibtts,
2418 3037 2583 3096 atque
2610 3027 2757 3081 hanc
2784 3027 2854 3080 ob
2879 3038 3102 3080 causam
3129 3023 3228 3078 sub
3256 3023 3373 3090 lege
3392 3036 3525 3077 con-

1943 3120 2168 3184 stitutis,
2195 3128 2511 3175 terrestrem
2544 3119 2701 3174 istam
2724 3116 3113 3173 habitationem
3141 3115 3396 3180 donavit;
3424 3114 3523 3168 iis—

262 3210 429 3280 μένου
465 3210 600 3263 Θεοῦ
619 3251 635 3276 ,
668 3211 764 3264 καὶ
792 3208 1129 3278 κατάλληλον
1187 3206 1576 3276 εὐτρεπικότος
1605 3206 1837 3277 ἑκάστῃ,

1944 3211 2067 3267 dem
2112 3226 2243 3266 vero
2281 3210 2487 3266 Christi
2531 3210 2703 3281 gratia
2750 3210 2805 3265 in
2864 3216 3064 3264 statum
3113 3208 3413 3277 perlectum
3470 3213 3527 3260 et

259 3300 356 3353 καὶ
392 3299 698 3369 ἐπιτήδειον
742 3297 843 3369 τὴν
885 3296 1239 3366 καταγωγήν.
1271 3295 1538 3365 Τρεπτοῖς
1586 3294 1683 3364 μὲν
1728 3296 1838 3365 γὰρ

256 3388 412 3445 οὖσιν
442 3391 526 3444 ἔτι
558 3390 653 3443 καὶ
682 3389 970 3460 παθητοῖς,
1004 3388 1095 3441 διὰ
1119 3387 1177 3441 δὲ
1210 3386 1369 3441 τοῦτο
1393 3387 1489 3439 καλ⁵
1518 3385 1623 3438 ὑπὸ
1655 3386 1842 3455 νόμον,

256 3484 358 3555 τὴν
400 3483 644 3551 ἐπίγειον
670 3479 876 3550 ταύτην
907 3479 1124 3548 οἴκησιν
1174 3476 1491 3547 ἐδωρήσατο
1513 3492 1529 3508 ·
1564 3474 1830 3546 μεθιστα-

264 3577 446 3649 μένοις
469 3575 527 3627 δὲ
550 3571 789 3645 Χριστοῦ
820 3572 1002 3643 χάριτι
1029 3569 1167 3642 πρὸς
1192 3568 1405 3623 τελείαν
1439 3568 1533 3622 καὶ
1564 3567 1843 3633 παντελῶς

262 3669 674 3741 ἀναμάρτητον,
705 3664 1038 3721 ἀναπετάσει
1063 3663 1191 3726 τοὺς
1218 3660 1505 3734 οὐρανοὺς,
1538 3662 1672 3715 ὅπου
1705 3659 1844 3730 πρόε-

259 3761 461 3832 δρομος
493 3756 635 3830 ὑπὲρ
675 3758 833 3831 ἡμῶν
873 3755 1125 3825 εἰσῆλθεν
1181 3754 1411 3827 Ἰησοῦς.
1457 3754 1753 3825 Στερέωμά
1780 3770 1844 3821 γε

1950 3302 2157 3370 peccati
2195 3303 2417 3355 omnino
2446 3310 2727 3369 expertem
2754 3301 3065 3355 constitutis
3090 3338 3106 3365 ,
3154 3300 3325 3353 caelos
3370 3305 3528 3365 pate-

1952 3389 2136 3457 faciet,
2166 3406 2302 3460 quos
2333 3392 2445 3459 jam
2475 3391 2607 3445 adiit
2647 3404 2951 3460 praecursor
2983 3398 3167 3444 noster
3203 3387 3380 3441 Jesus.
3418 3386 3525 3441 Vo-

1948 3490 2103 3541 catur
2131 3490 2311 3534 autem
2359 3480 2757 3534 ﬁrmamentum
2798 3479 2947 3534 velut
2982 3488 3206 3547 propter
3235 3477 3528 3531 errationis

1949 3570 2242 3636 rationem,
2268 3570 2409 3640 quod
2439 3584 2507 3623 ex
2534 3570 2751 3623 humida
2779 3577 2835 3623 et
2862 3566 3025 3623 ﬁuida
3049 3576 3103 3622 et
3131 3566 3329 3636 liquida
3354 3579 3527 3633 aqua-

1954 3680 2074 3721 rum
2115 3675 2310 3721 natura
2345 3667 2672 3736 procedens,
2700 3664 2912 3720 ﬁrmam
2940 3674 2996 3719 et
3022 3661 3271 3719 stabilem
3299 3661 3527 3716 formam

1952 3757 2212 3827 suscepit.

268 3848 376 3921 μὴν
404 3849 480 3914 ὡς
514 3849 579 3903 ὲκ
606 3849 704 3919 τῆς
736 3847 1098 3919 δημιουργίας
1130 3848 1427 3918 προσεῖπεν
1457 3844 1643 3908 αὐτὸν,
1676 3844 1760 3897 ὅτι
1785 3843 1844 3909 ἐξ
1883 3846 2056 3918 ὑγρᾶς
2077 3865 2139 3905 τε
2163 3850 2255 3903 καὶ
2326 3849 2563 3922 ῥευστῆς
2630 3847 2850 3918 φύσεως
2890 3845 3003 3902 τῶν
3035 3844 3266 3910 ὑδάτων,
3300 3842 3394 3895 καὶ
3442 3839 3531 3892 εὐ-

263 3942 539 4011 διαλύτου,
560 3942 795 4016 στερῥάν
818 3942 913 3997 καὶ
934 3941 1276 3995 ἀδιάπτωτον
1292 3939 1391 4011 τὴν
1416 3937 1580 4009 πῆξιν
1601 3936 1841 4005 ἐδέξατο.

340 4096 360 4130 ι
417 4079 527 4131 Και
567 4077 862 4147 εὐλόγησεν
903 4074 1045 4129 αὑτά
1092 4076 1123 4129 ὁ
1177 4074 1333 4141 Θεὸς,
1369 4072 1582 4143 λέγων·
1638 4073 1848 4139 Αὐξάν·

265 4169 411 4233 εσθε,
447 4169 542 4221 καὶ
576 4165 937 4238 πληθύνεσθε,
973 4164 1069 4219 κοιλ⁵
1098 4161 1428 4235 πληρώσατε
1464 4162 1532 4216 τὰ
1568 4161 1739 4215 ὑδατα
1776 4161 1846 4216 τὰ

266 4262 326 4314 ἐν
354 4261 473 4325 ταῖς
518 4258 818 4322 θαλάσσαις
840 4274 854 4288 ’
894 4257 989 4312 καὶ
1012 4256 1082 4311 τὰ
1122 4253 1349 4309 πετεινά
1380 4252 1848 4326 πληθυνέσθωσαν

267 4353 363 4406 ἐπὶ
388 4352 494 4422 τῆς
525 4352 651 4422 γῆς.
692 4366 711 4402 ι

351 4485 474 4538 Ἐπὶ
496 4484 606 4538 τῶν
628 4484 883 4554 δένδρων,
919 4482 1015 4537 καὶ
1044 4482 1154 4535 τῶν
1185 4481 1515 4552 σπερμάτων
1545 4478 1645 4553 τὴν
1676 4480 1848 4552 αὐτὴν
1883 4480 1926 4536 D

266 4578 472 4648 ταύτην
499 4580 527 4632 ὁ
573 4577 705 4642 Θεὸς
753 4577 932 4649 ῥητῶς
962 4577 1211 4647 εὐλογίαν
1241 4576 1341 4629 οὐκ
1371 4575 1698 4646 έποιήσατου
1731 4576 1853 4632 καίο

268 4688 352 4723 τοι
381 4668 653 4724 κάκείνων
686 4669 745 4722 ὲν
774 4671 838 4738 τῇ
868 4669 1087 4740 διαδοχῇ
1120 4669 1220 4739 τήν
1244 4684 1306 4720 τε
1325 4666 1586 4738 διαμονὴν
1618 4667 1852 4739 ἐχόντων

270 4762 367 4814 καὶ
392 4760 490 4832 τὴν
517 4752 782 4816 ἐπίδοσιν.
813 4760 879 4813 Τί
908 4776 1037 4813 ποτε
1062 4756 1157 4814 οὑν
1190 4754 1299 4829 ἆρα
1326 4756 1520 4812 τούτου
1554 4759 1615 4812 τὸ
1644 4760 1851 4831 αῖτιον;

283 4852 437 4923 Ἐμοὶ
470 4852 637 4918 δοκεῖ,
670 4853 752 4905 ὅτι
783 4851 1069 4906 παιδεῦσαι
1112 4852 1261 4922 ἡμᾶς
1295 4849 1472 4922 ταύτῃ
1498 4849 1851 4922 βουλόμενος,

270 4945 490 5015 πρῶτον
523 4945 643 5014 μὲν,
668 4946 750 5001 ὃτι
774 4944 974 4999 πλείων
1005 4944 1156 5016 αὐτῷ
1183 4944 1341 5014 λόγος
1371 4944 1491 4997 ἐστὶ
1520 4944 1630 4997 τῶν
1660 4945 1852 5015 αίσθήο

274 5033 415 5097 σεώς
442 5049 503 5087 τε
532 5036 626 5086 καὶ
650 5032 794 5104 ζωῆς
827 5034 1186 5106 μετεχόντων,
1221 5036 1366 5107 ἤπερ
1398 5036 1507 5089 τῶν
1538 5034 1815 5105 αἰσθητῶν
1834 5033 1857 5067 ’⁸

272 5125 496 5191 ἔπειτα,
529 5124 611 5178 ὅτι
647 5127 761 5188 τοῖς
801 5127 1082 5198 σπέρμασι
1115 5128 1214 5199 μὲν
1257 5128 1349 5181 καὶ
1379 5129 1617 5200 δένδροις
1658 5130 1686 5182 ό
1719 5127 1852 5193 Θεὸς

272 5215 374 5288 τὴν
403 5217 469 5270 ὲκ
494 5216 595 5285 τῆς
626 5202 877 5286 διαδοχῆς
909 5218 1195 5289 διαμονὴν,
1225 5220 1289 5271 ὲκ
1322 5220 1423 5290 τῆς
1455 5219 1731 5292 γεωργίας
1764 5219 1851 5273 δὲ-

272 5306 447 5361 δωκεν
476 5304 654 5377 ἔχειν’
690 5307 803 5371 τοῖς
846 5306 904 5359 δέ
932 5321 998 5375 γε
1032 5305 1431 5374 ζώοις-πᾶσιν,
1479 5310 1545 5363 ὲκ
1584 5310 1683 5381 τῆς
1716 5309 1854 5381 πρὸς

273 5397 482 5470 ἄλληλα
526 5397 833 5463 συνουσίας.
876 5398 1064 5464 Ὅπως
1102 5401 1283 5457 τοίνυν
1326 5402 1401 5473 μὴ
1440 5404 1857 5473 προαιρετικαίς

274 5490 477 5561 ὁρμαῖς
505 5490 638 5561 δοκῇ
700 5490 1051 5561 ἐμποιεῖσθαι
1087 5494 1247 5564 τήνδε
1282 5493 1379 5565 τὴν
1412 5494 1627 5564 κίνησιν
1651 5534 1667 5560 ,
1728 5513 1858 5549 συν-

274 5580 537 5635 ωθεϊσθαι
560 5583 619 5636 δὲ
653 5582 857 5651 μᾶλλον
889 5583 1028 5655 πρὸς
1049 5584 1210 5637 τοῦτο
1232 5584 1312 5656 τῷ
1338 5587 1724 5658 προστάγματι
1756 5586 1853 5641 τοῦ

2030 4073 2192 4130 Vens.
2238 4074 2329 4129 29..
2391 4092 2412 4127 ι
2448 4073 2837 4142 Beuedixitque
2897 4073 3003 4129 illis
3065 4075 3244 4138 Deus,
3297 4074 3527 4131 dicens:

1955 4168 2219 4233 Crescite,
2251 4178 2307 4221 et
2350 4166 2808 4236 multiplicamini,
2851 4177 2906 4221 et
2962 4165 3164 4235 replete
3198 4182 3367 4236 aquas
3417 4183 3534 4222 mag

1958 4261 2032 4315 ris
2061 4277 2075 4312 :
2104 4272 2340 4328 avesque
2369 4257 2797 4329 multiplicantur
2826 4273 2990 4329 super
3023 4269 3246 4313 terram.
3280 4276 3298 4311 ι

2029 4487 2270 4542 Arbores
2302 4497 2357 4543 et
2400 4487 2608 4543 semina
2654 4502 2759 4540 nou
2799 4484 3252 4541 benedixit-Deus
3302 4496 3409 4540 tam
3453 4487 3536 4541 die

1958 4590 2103 4633 serta
2156 4593 2309 4643 voce,
2366 4578 2491 4631 licet
2536 4589 2589 4632 et
2638 4578 2728 4630 illa
2772 4592 3019 4632 crescere
3064 4586 3119 4631 et
3167 4578 3534 4647 multiplicari,

1960 4674 2286 4742 procedente
2334 4677 2878 4737 tempure,statutuut
2930 4668 3112 4723 fuerit.
3140 4670 3269 4734 Qua:
3316 4669 3534 4723 tandem

1961 4761 2123 4830 hujus
2157 4760 2229 4815 rei
2260 4761 2462 4814 causa?
2499 4758 2565 4814 Ut
2593 4774 2691 4815 nos
2714 4759 2786 4812 ita
2814 4760 3035 4814 doceret
3065 4759 3224 4823 Deus,
3262 4758 3315 4813 ni
3352 4757 3533 4822 fallor,

1961 4850 2191 4921 primum
2230 4864 2290 4904 sc
2326 4848 2496 4917 pluris
2526 4849 2705 4904 facere
2753 4864 2817 4903 ca
2847 4864 2967 4917 Qua:
3011 4863 3172 4905 sensu
3216 4857 3271 4904 et
3305 4850 3415 4903 vita
3447 4848 3535 4903 in-

1960 4951 2266 5006 Struuntur,
2293 4956 2455 5010 quam
2485 4957 2604 5011 «pne
2645 4957 2808 4996 sensu
2859 4940 3329 5009 tantum;deiude
3371 4941 3535 4994 arbo-

1959 5047 2049 5087 res
2088 5033 2305 5102 quidem
2335 5042 2391 5088 et
2420 5034 2648 5097 semina,
2678 5033 2745 5087 de
2789 5031 3164 5109 consilioIDei,
3193 5030 3536 5103 agriculturae

1959 5140 2122 5194 opera
2159 5125 2211 5181 in
2258 5135 2531 5197 posterum
2562 5142 2685 5182 esse
2729 5127 3014 5190 servanda,
3050 5126 3305 5181 animalia
3351 5134 3534 5180 autem

1960 5221 2139 5276 omnia
2185 5234 2283 5275 sua
2316 5221 2570 5290 quodque
2613 5235 2735 5274 cum
2769 5219 2873 5275 alio
2918 5222 3199 5276 societate.
3234 5218 3393 5273 Haud
3437 5217 3542 5271 im-

1963 5314 2155 5370 merito
2186 5313 2352 5385 igitur
2381 5315 2447 5369 de
2488 5312 2817 5369 animalibus
2845 5326 3164 5380 expressam
3195 5312 3334 5366 hanc
3372 5310 3539 5366 bene-

1962 5405 2254 5462 dictionem
2291 5406 2482 5471 edidit,
2509 5417 2567 5459 ut
2593 5405 2781 5462 divino
2813 5413 3081 5473 prtecepto
3108 5403 3174 5457 ad
3209 5414 3539 5458 conservan-

1965 5498 2091 5553 dum
2131 5513 2302 5569 genus
2355 5496 2663 5561 inservire,
2719 5496 2897 5568 magis
2946 5511 3108 5566 quam
3161 5493 3370 5550 libidini
3428 5504 3538 5546 suae

1964 5590 2242 5659 indulgere
2270 5590 2601 5644 viderentur.
2638 5608 2643 5615 ί

279 5675 612 5749 Ποιήσαντος
657 5678 737 5740 είς
777 5676 878 5748 τὴν
922 5677 1017 5732 τοῦ
1067 5676 1255 5746 γένους
1292 5679 1577 5753 διαμονὴν,
1628 5682 1856 5747 εἰκότως
1891 5683 2095 5757 ταύτην
2132 5685 2233 5757 τὴν
2270 5682 2524 5753 εὐλογίαν
2556 5681 2736 5756 ῥητῶς
2776 5681 2872 5736 ἐπὶ
2906 5679 3111 5735 τούτων
3150 5677 3463 5748 ἐποιήσατο.

356 5849 376 5885 ι
412 5832 521 5888 Καὶ
552 5833 807 5908 εποίησεν
837 5838 866 5891 ὁ
894 5837 1028 5903 Θεὸς
1065 5837 1134 5894 τὰ
1168 5838 1334 5915 θηρία
1366 5838 1507 5898 κατὰ
1541 5800 1716 5911 γένος,
1766 5842 1859 5898 καὶ

2032 5836 2196 5897 Vsus.
2228 5839 2316 5896 ‘25.
2364 5857 2382 5892 ι
2412 5837 2475 5894 Ει
2499 5838 2624 5895 fecit
2653 5838 2794 5892 Deus
2820 5834 3022 5894 bestias
3050 5831 3373 5905 tcrrmjuxta
3405 5843 3536 5900 spe-
