4130 6542
664 386 795 451 1631

1748 385 2126 448 GENNADII
2165 334 2676 446 PATRIARCHIE
2713 381 2822 445 ΟΡ.

3798 385 3948 451 1632

661 501 777 554 cies
817 511 970 563 suas,
1019 508 1075 553 et
1096 495 1346 565 juntenta
1385 495 1538 568 juxta
1577 511 1754 568 genus
1788 513 1970 556 suum.
2003 497 2072 555 Et
2110 497 2216 555 vidi

2343 495 2414 549 τὰ
2454 495 2628 565 κτήνη
2658 491 2801 546 κατὰ
2828 479 2986 561 γένος
3017 490 3268 549 αὐτῶνα.
3298 494 3410 550 Καὶ
3443 490 3630 552 εἶδενό
3659 498 3817 566 Θεὸς,
3856 504 3947 556 ὅτι

665 591 804 645 Deus
835 589 978 660 quod
1006 599 1152 645 esset
1186 591 1407 645 bonum.
1440 607 1460 642 ι

729 682 847 750 Qua
879 682 946 737 de
995 697 1159 737 causa
1194 688 1317 738 cum
1350 684 1542 754 quinto
1584 683 1676 741 die
1711 685 1886 755 pisces
1926 695 1982 742 et
2003 685 2243 742 volatilia

657 791 724 829 ex
757 775 914 843 aquis
948 773 1172 844 produci
1215 773 1465 842 jusserit,
1491 785 1648 833 sexto
1682 792 1878 847 pecora
1899 793 2090 833 creare
2127 788 2244 834 sta-

659 868 780 934 tuit,
820 866 910 937 qui
939 867 1128 922 eodem
1163 865 1249 922 die
1279 868 1554 923 hominem
1578 883 1800 939 quoque
1823 871 1890 926 de
1915 878 2060 926 terra
2087 868 2244 926 fictu-

661 974 751 1013 rns
775 957 932 1013 erat?
964 958 1191 1025 Quando
1217 969 1411 1014 cuncta
1441 974 1600 1029 aeque
1638 961 1877 1017 hominis
1900 961 2074 1033 gratia
2098 960 2242 1017 facta

656 1049 789 1117 sint,
837 1059 896 1106 at
946 1061 1142 1108 cuncta
1190 1067 1301 1106 non
1351 1067 1504 1122 a‘que
1548 1055 1794 1108 eamdem
1831 1053 1909 1107 illi
1955 1053 2241 1108 utilitatem

655 1149 919 1209 prmstent
968 1141 1119 1213 (nam
1150 1141 1330 1213 pisces
1372 1143 1475 1213 ipsi
1511 1159 1618 1198 non
1667 1144 1771 1198 nisi
1809 1145 1877 1198 ad
1915 1144 2100 1200 cibum
2153 1143 2240 1199 in-

655 1234 932 1302 serviunt,
976 1235 1082 1291 alia
1117 1246 1299 1292 autent
1346 1245 1427 1293 tot
1459 1251 1524 1293 ac
1570 1244 1720 1292 tanta
1749 1237 1992 1308 praebent
2023 1247 2084 1293 ut
2121 1238 2242 1294 sine

656 1326 980 1396 quibusdam
1005 1341 1074 1384 ne
1104 1329 1288 1384 vivere
1319 1330 1537 1399 quidem
1572 1329 1910 1400 possemus),
1946 1344 2060 1385 rem
2091 1337 2241 1385 recte

656 1418 730 1471 ita
768 1418 1036 1488 disposuit
1062 1419 1314 1476 conditor
1341 1421 1505 1487 Deus,
1539 1432 1598 1476 ut
1626 1436 1746 1490 quae
1775 1420 1949 1502 magis
1983 1435 2239 1476 necessa-

654 1510 736 1564 ria
779 1521 834 1565 et
859 1527 980 1582 quae
1023 1512 1257 1584 majores
1303 1514 1460 1570 nobis
1489 1514 1756 1570 utilitates
1795 1515 2104 1579 conferunt,
2148 1529 2240 1570 eo-

652 1602 774 1656 dem
803 1619 1016 1675 quoque
1054 1605 1142 1660 die
1173 1613 1231 1661 ‘et
1275 1605 1466 1662 eadem
1501 1607 1569 1662 de
1615 1615 1758 1662 terra
1805 1606 2234 1665 conficerentur.

650 1692 840 1750 Finxit
885 1692 1049 1752 etiam
1082 1697 1137 1753 in
1175 1709 1404 1769 utroque
1429 1699 1620 1754 ordine
1647 1715 1767 1769 qua:
1812 1699 1971 1754 nobis
2012 1700 2234 1756 omnino

649 1787 888 1854 inutilia,
921 1790 1028 1846 imo
1055 1790 1396 1848 formidanda
1438 1792 1713 1858 videntur,
1751 1805 1818 1848 ne
1847 1793 2015 1849 nimia
2040 1808 2234 1863 super-

2281 652 2284 654 ,
2344 587 2509 644 καλά.
2544 606 2564 640 s

2413 679 2572 742 Τίνος
2591 677 2752 750 χάριν
2780 678 2840 731 έν
2867 679 2935 750 τῇ
2977 677 3203 750 πέμπτῃ
3235 679 3422 752 ἡμέρᾳ
3448 679 3520 734 τά
3544 698 3605 734 τε
3633 683 3810 751 νηκτὰ
3841 683 3942 736 καὶ

2343 770 2523 842 πτηνά
2559 769 2845 841 προελθεῖν
2874 771 2942 823 έκ
2986 770 3096 825 τῶν
3131 771 3345 825 ὑδάτων
3385 771 3559 826 εἰπὼν
3593 774 3652 827 ὲν
3687 778 3757 846 τῇ
3792 776 3940 849 ἕκτῃ

2340 863 2414 918 τὰ
2454 864 2686 934 χερσαῖα
2715 862 3066 935 παραχθῆναι
3095 864 3460 936 προστάττει,
3491 865 3582 919 ὅτε
3620 866 3806 937 μέλλει
3836 870 3940 921 καὶ

2340 956 2433 1010 τὸν
2465 955 2757 1028 ἄνθρωπον
2793 956 2939 1010 κατά
2969 955 3071 1028 τὴν
3114 957 3331 1046 ἡμέραν
3355 957 3563 1028 ταύτην
3604 959 3669 1012 έκ
3695 960 3797 1031 τῆς
3826 961 3938 1030 γῆς

2342 1049 2726 1116 διαπλάττειν;
2769 1048 2990 1120 Ἐπειδὴ
3021 1047 3208 1103 τοίνυν
3247 1049 3424 1104 πάντα
3456 1049 3558 1122 μὲν
3595 1050 3800 1121 ὁμοίως
3834 1050 3934 1105 τοῦ

2342 1145 2637 1217 ἀνθρώπου
2669 1149 2836 1221 χάριν
2865 1149 3195 1222 γεγένηται,
3236 1150 3456 1205 ἅπαντα
3495 1149 3553 1203 δὲ
3584 1149 3788 1221 ὁμοίως
3829 1151 3936 1220 τὴν

2341 1241 2512 1313 αὐτὴν
2551 1243 2703 1315 αὐτῷ
2731 1244 2922 1315 χρείαν
2949 1244 3180 1316 παρέχει
3207 1244 3258 1308 b,
3291 1243 3404 1313 (τὰ
3443 1242 3545 1315 μὲν
3573 1244 3683 1315 γὰρ
3712 1247 3778 1298 ὲκ
3817 1245 3934 1297 τῶν

2341 1332 2552 1388 ὑδάτων
2606 1336 2688 1399 είς
2741 1335 2912 1407 μόνην
2959 1335 3108 1405 αὐτῷ
3151 1337 3362 1409 τροφήν
3407 1338 3557 1390 ὲστιν
3602 1336 3931 1406 ἐπιτήδεια,

2338 1424 2514 1480 ταῦτα
2537 1424 2595 1479 δὲ
2618 1436 2668 1490 ο,
2702 1427 2799 1480 καὶ
2830 1426 2968 1498 πρὸς
2991 1427 3167 1483 ἄλλων
3198 1426 3505 1498 ὑπηρεσίαν
3541 1428 3824 1491 πλειόνων,
3851 1421 3932 1482 ὧν

2338 1517 2497 1571 ἐνίων
2524 1519 2683 1583 ἐκτὸς
2707 1520 2829 1574 οὐδὲ
2861 1520 2963 1593 ζῇν
2991 1521 3322 1592 ἐδυνάμεθα.
3347 1521 3366 1593 )
3407 1523 3605 1588 Καλῶς
3633 1525 3662 1578 6
3693 1523 3931 1595 ποιητὴς

2337 1608 2472 1673 Θεὸς
2500 1609 2646 1680 ἔχειν
2673 1611 2952 1683 ἡγήσατο,
2982 1612 3052 1667 τὰ
3088 1614 3294 1686 μᾶλλον
3319 1615 3454 1686 ἡμῖν
3491 1616 3930 1686 ἀναγκαιότερα,

2337 1702 2434 1756 καὶ
2463 1702 2626 1758 πλέον
2670 1721 2790 1769 πως
2835 1706 2972 1778 πρὸς
3010 1706 3112 1778 τὴν
3157 1707 3346 1779 χρείαν
3387 1706 3719 1776 ἐγγίζοντα,
3751 1706 3930 1760 ταῦτα

2338 1796 2435 1849 καὶ
2467 1798 2527 1850 ὲν
2577 1797 2764 1870 ἡμέρᾳ
2791 1802 2857 1871 τῇ
2889 1800 3050 1871 αὐτῇ,
3100 1801 3193 1855 καὶ
3233 1803 3298 1855 ὲκ
3323 1803 3426 1873 γῆς
3459 1801 3557 1871 τῆς
3582 1800 3758 1872 αὐτῆς
3793 1801 3929 1871 ἡμῖν

649 1880 735 1934 hia
759 1880 1072 1950 efferamur,
1100 1892 1156 1940 et
1184 1884 1506 1941 immodeste
1536 1886 1858 1951 sentiamus,
1885 1886 2068 1942 omnia
2097 1901 2221 1941 non-

2330 1889 2769 1963 ὑποστήσασθαι.
2805 1894 3085 1966 Πεποίηκέ
3113 1911 3176 1964 γε
3210 1893 3320 1966 μὴν
3349 1895 3407 1949 ὲν
3423 1895 3761 1966 ἀμφοτέροις
3793 1895 3928 1964 ἡμῖν

648 1972 752 2026 nisi
783 1973 851 2028 ad
883 1974 1171 2031 utilitatem
1196 1988 1440 2035 nostram
1466 1977 1636 2034 fuisse
1669 1978 1837 2035 facta.
1862 1979 2068 2047 Quibus
2093 1995 2228 2037 sane

646 2061 852 2131 Optime
895 2062 1180 2131 discimus,
1226 2080 1402 2138 neque
1435 2079 1634 2124 caetera
1671 2071 1828 2127 nobis
1872 2071 2225 2138 inservitura,

647 2153 751 2207 nisi
785 2153 837 2208 id
884 2170 914 2210 a
960 2157 1066 2211 Deo
1100 2166 1363 2213 statutum
1412 2160 1634 2227 fuisset,
1663 2162 1758 2216 sed
1790 2163 1969 2232 potius
2006 2162 2123 2219 fero
2173 2173 2229 2219 et

644 2258 791 2298 caeco
816 2246 1015 2316 itnpetu
1058 2263 1154 2318 per
1181 2250 1346 2306 silvas
1371 2252 1648 2321 vagantia,
1686 2253 1843 2309 nobis
1876 2254 2063 2309 nociva
2088 2254 2224 2309 fore.

2333 1981 2431 2036 καὶ
2467 1983 2821 2038 παντάπασιν
2850 1985 3136 2058 ἄχρηστα,
3185 1987 3389 2058 μᾶλλον
3429 1987 3488 2041 δὲ
3530 1987 3627 2043 καὶ
3658 1987 3924 2056 ἐπίφοϐα,

2334 2073 2422 2126 ἵνα
2470 2073 2546 2147 μὴ
2593 2075 2875 2146 τηνάλλως
2918 2076 3107 2143 ἁπλῶς
3152 2077 3575 2152 βρενθυώμεθα,
3634 2080 3777 2152 μηδὲ
3828 2078 3925 2133 τοῦ

2335 2166 2563 2239 μετρίου
2600 2168 2744 2240 πέρα
2775 2171 3132 2244 φρονοίημεν,
3165 2173 3348 2228 αἰτίαν
3380 2173 3438 2228 δὲ
3457 2173 3485 2214 ἀ
3535 2175 3798 2230 ἁπάντων
3828 2173 3924 2228 τοῦ

2332 2259 2620 2328 γεγονέναι
2646 2260 2788 2316 αὐτὰ
2813 2262 2914 2335 τὴν
2937 2264 3216 2338 ἡμετέραν
3246 2265 3440 2336 χρείαν
3473 2267 3812 2337 νομίζοντες·
3829 2298 3832 2300 -
3848 2267 3925 2319 εἰ-

642 2333 866 2405 δείημεν
890 2336 947 2390 δὲ
975 2337 1220 2410 ἀκριϐῶς
1251 2342 1316 2396 ὲκ
1351 2341 1573 2398 τούτων.
1588 2344 1958 2415 μανθάνοντες
1980 2387 1996 2412 ,
2022 2347 2106 2400 ὅτι
2153 2348 2230 2419 μὴ
2267 2349 2403 2404 Θεοῦ
2474 2349 2833 2424 βουληθέντος
2851 2333 2880 2420 ,7
2898 2333 3021 2411 οὐδὲ
3047 2333 3160 2412 τῶν
3443 2333 3581 2431 ἡμῖν
3615 2358 3775 2413 οὐδὲν
3817 2359 3922 2411 ὑπ-

643 2425 925 2494 ετέτακτο,
958 2429 1096 2484 ἀλλὰ
1123 2434 1236 2496 τοῖς
1264 2435 1563 2507 ἀνημέροις
1606 2438 1700 2492 καὶ
1760 2437 1939 2493 ταῦτα
2014 2441 2420 2514 παραπλησίως
2459 2439 2660 2518 ὁρμαῖς
2732 2447 3204 2523 ὲξαγριαινόμενα
3248 2425 3578 2526 θηριώδεσι,
3623 2453 3828 2524 μᾶλλον
3855 2453 3922 2506 ἂν

642 2516 788 2585 ἡμᾶς
815 2517 1108 2574 ὲθανάτουν
1119 2551 1134 2563 ο

715 2608 879 2665 Vsus.
928 2613 1021 2668 26.
1069 2633 1088 2666 ι
1119 2615 1186 2671 Ει
1233 2617 1373 2672 dixit
1419 2619 1561 2676 Deus
1588 2639 1603 2675 :
1633 2621 1918 2680 Faciamus
1953 2625 2226 2681 hominem

641 2702 709 2756 ad
745 2701 1037 2774 imaginem
1074 2713 1128 2761 et
1154 2707 1568 2767 similitudinem
1598 2724 1861 2770 nostram.
1899 2734 1919 2770 ι

711 2791 846 2848 llud
879 2797 950 2848 ad
976 2797 1258 2868 imaginem
1289 2812 1550 2868 nostram,
1592 2803 1696 2861 hoc
1724 2815 1829 2874 est,
1864 2815 1926 2862 ut
1956 2808 2225 2866 sentiendi

638 2894 696 2940 et
721 2886 1078 2943 ratiocinandi
1113 2889 1368 2948 facultate
1399 2897 1659 2965 praeditus
1697 2911 1884 2955 nostra
1916 2900 1986 2955 sit
2020 2901 2221 2972 imago,

641 2978 802 3032 docet
829 2994 928 3034 nos
949 2980 1238 3051 spirituum
1264 2985 1483 3041 dotibus
1509 2987 1730 3056 instrui,
1762 3001 1817 3046 et
1852 2992 2000 3048 velut
2029 2996 2224 3052 domus

640 3069 922 3139 cujusdam
969 3073 1199 3142 imperio
1247 3076 1414 3133 totius
1461 3082 1650 3137 mundi
1685 3086 1947 3155 praeponi.
1981 3085 2220 3156 Etenim,

2415 2645 2435 2679 ι
2481 2629 2594 2684 Kal.
2627 2625 2782 2685 εἶπεν
2827 2633 2858 2687 6
2890 2633 3056 2700 Θεόςο
3097 2637 3425 2709 Ποιήσωμεν
3465 2638 3758 2711 ἄνθρωπον
3801 2647 3918 2697 κατ’

2332 2720 2522 2776 εἰκόνα
2554 2723 2832 2796 ἡμετέραν
2861 2729 2958 2782 καὶ
2990 2728 3116 2782 καθ’
3144 2730 3425 2802 ὁμοίωσιν.
3467 2749 3486 2785 s

2403 2814 2480 2868 T6
2505 2815 2693 2888 μέντοι
2714 2819 2842 2873 κατ’
2867 2820 3075 2875 εἰκόνα
3102 2820 3420 2891 ἡμετέραν,
3447 2824 3751 2891 τουτέστιν,
3774 2825 3915 2882 ὥστε

2332 2907 2497 2962 αὐτὸν
2528 2908 2587 2976 ἐξ
2613 2909 2807 2976 οὐσίας
2825 2911 2928 2983 τῆς
2958 2913 3226 2985 αἰσθητῆς
3255 2931 3316 2968 τε
3349 2916 3445 2969 καὶ
3472 2919 3674 2989 νοητῆς
3699 2936 3917 2990 συμπα-

2329 3004 2499 3073 γέντα
2525 3007 2585 3060 ὲν
2611 3007 2820 3071 εἰκόνος
2845 3008 3123 3080 ἡμετέρας
3153 3005 3294 3064 εἰναι
3322 3010 3496 3078 τάξει,
3530 3013 3640 3077 τοῖς
3671 3013 3915 3083 λογικοῖς

2326 3096 2683 3170 δεικνυούσης
2713 3101 3016 3173 προσήκειν
3036 3141 3052 3167 ,
3086 3098 3199 3156 οἷον
3226 3102 3406 3169 οἰκίας
3436 3105 3585 3169 τινὸς
3623 3107 3761 3178 ἡμῖν
3803 3111 3915 3174 τοῖς

641 3174 710 3215 ne
753 3161 907 3231 plura
958 3164 1157 3234 dicam,
1193 3166 1477 3240 Scriptura
1521 3188 1676 3230 sacra
1730 3177 1857 3232 dum
1898 3178 2080 3235 divina
2129 3182 2221 3239 de.

2325 3157 2683 3263 ἀναθεμένοίς
2729 3157 2903 3266 αὐτὴν
2941 3196 3036 3250 τοῦ
3081 3196 3286 3263 παντὸς
3334 3201 3544 3272 κόσμου
3571 3157 3911 3275 τὴνΓδεσπο-

639 3251 854 3318 scribit,
886 3255 1138 3311 eumdem
1167 3259 1359 3316 tribuit
1396 3265 1622 3321 vocibus
1663 3282 1906 3338 sensum,
1941 3285 2052 3342 quo
2079 3275 2222 3345 apud

638 3358 738 3399 nos
767 3357 1124 3415 usurpautur.
1156 3351 1388 3418 Quando
1433 3356 1597 3426 igitur
1634 3360 1775 3416 Deus
1820 3362 2024 3422 Christi
2060 3378 2223 3438 caput

638 3437 860 3503 dicitur,
923 3439 1082 3510 hujus
1139 3443 1285 3500 elfati
1359 3448 1467 3503 vim
1519 3467 1624 3506 non
1684 3455 1837 3530 prius
1898 3458 2217 3533 intelligam,

637 3544 800 3595 quant
853 3548 976 3587 cum
1025 3536 1445 3596 consideravero
1491 3553 1546 3598 et
1581 3560 1901 3616 percepero,
1949 3565 2068 3621 qua:
2109 3553 2221 3610 sint

636 3631 778 3696 apud
810 3644 909 3685 nos
940 3633 1133 3702 capitis
1157 3647 1340 3704 partes
1363 3648 1418 3693 et
1447 3639 1551 3696 hoc
1580 3642 1644 3695 ad
1675 3644 1930 3713 praedicta
1959 3647 2215 3704 retulero.

636 3717 837 3772 Eadem
887 3721 1099 3778 ratione
1141 3727 1509 3784 examinanda
1561 3746 1664 3785 vox
1715 3733 1908 3802 imago.
1963 3735 2120 3804 Quod
2167 3739 2215 3794 si

636 3824 765 3866 Vero
809 3814 1042 3882 cogitem
1077 3813 1206 3886 quid
1241 3821 1382 3888 apud
1409 3838 1507 3877 nos
1538 3823 1718 3895 imago
1747 3826 2014 3900 designet,
2063 3845 2218 3900 repe-

634 3902 771 3957 riam
821 3904 1110 3978 imaginem
1171 3912 1535 3968 venerandam
1600 3929 1726 3971 esse
1783 3930 2008 3989 propter
2061 3921 2213 3978 illum

631 4008 795 4062 quem
837 3999 1118 4068 exprimit.
1150 4001 1231 4056 Ad
1265 4003 1416 4059 illum
1461 4006 1607 4061 enim
1656 4009 1892 4066 refertur
1925 4012 2215 4072 manifeste

634 4102 752 4140 mea
786 4088 888 4143 hac
920 4091 988 4146 de
1033 4107 1091 4147 re
1143 4094 1427 4165 cogitatio.
1478 4098 1602 4169 Ipse
1645 4100 1811 4170 igitur
1843 4103 2106 4162 Dominus
2155 4106 2211 4162 iu

631 4175 949 4249 Evangeliis
973 4184 1143 4240 dicit:
1176 4185 1422 4252 Quandiu
1461 4189 1663 4259 {ecislis
1693 4194 1786 4248 uni
1818 4211 1884 4249 ea:
1923 4197 2004 4250 Itis
2027 4199 2212 4268 fratri-

632 4267 727 4321 bus
773 4272 901 4326 meis
945 4275 1203 4341 minimis,
1237 4280 1365 4334 mi/ti
1403 4283 1641 4350 fecistis;
1686 4295 1781 4341 et:
1809 4267 2061 4354 Quandiu
2107 4308 2212 4348 non

631 4360 828 4451 fecistis
859 4365 950 4419 uni
975 4367 1040 4421 de
1067 4369 1356 4427 minoribus
1387 4374 1490 4443 his,
1527 4395 1621 4432 nec
1656 4379 1784 4436 mihi
1808 4381 2004 4451 fecistis
2027 4385 2068 4439 ³.
2098 4386 2212 4441 Ad-

2324 3282 2498 3339 τείαν.
2537 3284 2630 3348 Ὠς
2657 3284 2767 3357 γὰρ
2799 3286 2987 3352 ἁπλῶς
3017 3289 3213 3354 εἰπεῖν,
3243 3290 3310 3344 ὲκ
3334 3291 3444 3345 τῶν
3471 3293 3602 3365 παρ’
3633 3295 3769 3366 ἡμῖν
3797 3298 3911 3352 όντ-

2326 3375 2514 3445 μάτων
2538 3377 2687 3448 ἡμᾶς
2711 3379 2744 3449 ἡ
2771 3377 2893 3432 θεία
2923 3380 3053 3451 περί
3079 3381 3216 3436 Θεοῦ
3236 3381 3480 3437 διδάσκει
3512 3385 3730 3458 Γραφὴο
3771 3389 3908 3443 ὥστε

2322 3465 2428 3519 κᾶν
2457 3467 2706 3540 κεφαλὴν
2739 3469 2836 3523 τοῦ
2881 3470 3119 3542 Χριστοῦ
3155 3471 3246 3527 τὸν
3290 3473 3424 3528 Θεὸν
3468 3474 3692 3531 ἀκούσω
3726 3479 3909 3550 λεγούο

2322 3572 2444 3627 σης,
2473 3557 2535 3611 οὐ
2557 3559 2825 3632 πρότερον
2847 3563 3071 3634 συνήσω
3090 3562 3185 3617 τοῦ
3213 3564 3508 3638 λεγομένου
3528 3569 3629 3640 τὴν
3653 3570 3904 3643 δύναμιν,

2319 3648 2481 3719 ἄχρις
2509 3649 2576 3704 ἂν
2602 3652 3057 3727 ἐκλογισάμενος,
3092 3655 3187 3711 καὶ
3215 3657 3394 3730 εὑρὼν
3421 3659 3689 3732 ἀκριϐῶς,
3727 3664 3784 3717 τί
3814 3665 3908 3735 τῆς

2317 3742 2450 3812 παρ’
2478 3743 2614 3813 ἡμῖν
2647 3744 2895 3815 κεφαλῆς
2935 3746 3059 3826 ’ἔστι
3089 3749 3152 3802 τὸ
3183 3748 3482 3820 ἐξαίρετον.
3531 3753 3625 3808 ἐπὶ
3670 3755 3734 3809 τὸ
3770 3773 3904 3828 προ-

2317 3832 2570 3901 κείμενον
2599 3833 2777 3901 οὕτως
2810 3823 3021 3907 ἐνέγκω
3053 3840 3116 3894 τὸ
3156 3842 3373 3914 νοηθέν.
3406 3844 3517 3899 Καὶ
3545 3847 3639 3900 ἐπὶ
3684 3823 3906 3905 πάντων

2314 3924 2373 3978 δὲ
2399 3927 2508 3980 τῶν
2534 3927 2712 3984 ἄλλων
2745 3930 2857 3985 τῶν
2884 3938 3315 4007 τοιουτοτρόπων
3340 3937 3566 4008 ὁμοίως.
3595 3940 3794 4007 Οὕτως
3816 3941 3904 3997 οὖν

2315 4021 2416 4074 καὶ
2456 4020 2517 4075 τὸ
2559 4022 2688 4077 κατ’
2715 4025 2927 4080 εἰκόνα
2951 4026 3131 4096 νοήσω
3155 4066 3172 4091 ,
3217 4028 3465 4101 ζητήσας
3505 4031 3779 4104 πρότερον
3806 4036 3903 4105 τῆς

2314 4112 2447 4183 παρ’
2478 4113 2613 4181 ἡμῖν
2651 4114 2865 4180 εἰκόνος
2900 4115 3000 4188 τὴν
3051 4117 3243 4190 χρείαν
3265 4135 3280 4150 ο
3305 4121 3508 4193 νοήσας
3543 4122 3624 4189 δὲ,
3677 4129 3902 4199 τιμήσω

2313 4201 2414 4274 τὴν
2445 4205 2631 4259 εἰκόνα
2671 4205 2762 4262 διὰ
2793 4209 2886 4262 τὸν
2915 4200 3090 4281 οὗπέρ
3135 4211 3308 4265 ἐστιν.
3346 4212 3441 4277 Εἰς
3469 4212 3682 4268 ἐκεῖνον
3722 4218 3836 4289 γὰρ
3869 4221 3901 4288 ἡ

2317 4296 2444 4368 περὶ
2463 4297 2671 4352 τούτων
2692 4299 2956 4369 ἀνάγεταί
2981 4318 3083 4372 μου
3107 4301 3302 4373 γνώμη
3333 4303 3540 4374 σαφῶς.
3565 4307 3745 4370 Αὐτὸς
3770 4310 3901 4378 γοῦν

2314 4407 2481 4460 φησιν
2535 4391 2594 4443 έν
2643 4393 2758 4455 τοῖς
2805 4393 3162 4463 Εὐαγγελίοις
3209 4397 3239 4450 ό
3277 4396 3515 4472 Κύριοςο
3570 4400 3699 4470 Ἐφ’
3747 4403 3901 4458 ὅσον

626 4448 762 4518 jecit
788 4462 969 4509 autem
1014 4456 1144 4512 illud
1173 4460 1245 4514 ad
1263 4462 1688 4535 similitudinem,
1722 4448 1846 4540 quia
1892 4475 2207 4530 necessario

630 4544 853 4569 ..ζα-212.--
877 4548 1030 4569 l!..-,__
1063 4551 1076 4569 ,-
1151 4568 1158 4569 κ
1265 4556 1276 4569 ι
1337 4560 1348 4569 .
1413 4568 1416 4569 ,
1593 4562 1648 4569 ---
1773 4564 1785 4569 -
2001 4566 2038 4569 -_

2327 4448 2388 4460 ..
2739 4448 2755 4455 -
2932 4448 2981 4463 ..
3119 4448 3158 4460 ν.
3219 4448 3232 4450 -
3279 4448 3482 4472 ητα.
3584 4448 3672 4470 -τ
3748 4448 3884 4458 ww

2324 4481 2636 4548 ἐποιήσατε
2654 4483 2743 4538 ἑνὶ
2765 4484 2883 4539 τῶν
2891 4486 3122 4556 μικρῶν
3144 4489 3390 4556 τούτων,
3401 4491 3532 4560 ἐμοὶ
3547 4493 3897 4561 ἐποιήσατε

628 4544 1036 4604 similitudinem
1063 4551 1240 4625 imago
1264 4556 1425 4612 habet
1446 4575 1568 4614 cum
1593 4562 1685 4616 illo
1701 4564 1856 4634 cujus
1876 4575 1978 4622 est.
1998 4566 2206 4626 Nostra:

2324 4573 2411 4626 καί
2453 4544 2546 4642 ἐφ’
2585 4572 2739 4627 ὅσον
2785 4544 2909 4630 οὐκ.
2949 4544 3277 4645 ἐποιήσατε
3325 4544 3898 4649 έτέι’έὶύ“έ‹.ξιὲ,“ὀᾟὲέ

628 4639 1067 4712 ergoimagines,
1087 4661 1210 4701 cum
1239 4664 1526 4720 corporum
1563 4655 1825 4726 imagines
1849 4659 2126 4726 sint,suut
2152 4671 2207 4718 et

628 4729 756 4796 ipse
786 4749 1082 4802 corporea',
1126 4739 1244 4795 alia;
1275 4742 1495 4810 quidem
1541 4745 1845 4817 coloribus,
1882 4752 2000 4808 alia:
2028 4753 2202 4809 forma

628 4821 980 4895 archetypum
1036 4828 1354 4888 referentes.
1403 4834 1710 4895 Divinitatis
1752 4852 1934 4899 autem
1982 4843 2202 4916 imago,

622 4927 747 4966 cum
777 4915 917 4973 Deus
941 4917 1291 4992 incorporeus
1304 4927 1393 4993 sit,
1418 4927 1557 4986 hanc
1575 4945 1792 5001 quoque
1816 4950 1937 4989 cum
1967 4950 2033 4992 eo
2053 4915 2207 4993 simi-

627 5003 907 5062 litudinem
961 5011 1163 5070 habeat
1207 5027 1446 5086 oportet.
1509 5022 1620 5080 Nec
1671 5026 1868 5083 desunt
1926 5029 1981 5085 in
2041 5032 2202 5090 nobis

624 5099 883 5155 nonnulla
913 5101 1137 5174 hujusce
1161 5113 1378 5180 generis
1410 5115 1629 5173 indicia.
1661 5116 1738 5174 lta
1764 5120 1935 5177 Deum
1960 5137 2202 5195 agnosco

621 5197 817 5283 cuncta
851 5195 1156 5263 providere,
1188 5217 1255 5256 ex
1289 5218 1356 5260 eo
1397 5209 1541 5277 quod
1570 5209 1684 5278 ipse
1713 5212 1866 5282 plura
1900 5215 2196 5283 provideo;

621 5277 944 5338 immensum
994 5301 1116 5344 esse
1153 5301 1209 5346 et
1253 5297 1506 5352 omnibus
1553 5277 1894 5371 przrsentem,
1943 5307 2070 5376 quia
2114 5309 2201 5366 vel

622 5373 911 5444 perexigua
941 5390 1121 5435 mente
1155 5383 1462 5459 ubicunque
1490 5392 1710 5449 voluero
1736 5395 1923 5451 adsum
1947 5373 1976 5465 ;‘
2011 5411 2193 5455 rerum

603 5579 607 5581 -
689 5549 712 5584 ³
737 5551 926 5608 Matth.
959 5551 1091 5624 xsv,
1115 5558 1298 5619 40-45.

2313 4662 2444 4733 ἐμοὶ
2471 4662 2817 4735 ἐποιήσατε.
2853 4667 2925 4722 Τὸ
2949 4667 3019 4722 δὲ
3039 4671 3168 4724 καθ’
3203 4672 3492 4740 ὁμοίωσιν
3519 4676 3892 4748 προσέθηκεν,

2312 4755 2503 4830 ἐπειδὴ
2527 4758 2634 4831 χρὴ
2661 4760 2755 4813 καὶ
2772 4759 3071 4834 ὁμοιότητα
3093 4763 3398 4835 κεκτῆσθαι
3417 4765 3516 4838 τὴν
3541 4769 3733 4824 εἰκόνα
3762 4771 3896 4842 πρὸς

2311 4849 2520 4903 ἐκεῖνον
2544 4842 2713 4921 οὗπέρ
2741 4850 2909 4907 ἐστιν.
2947 4852 3070 4908 Ἐπὶ
3100 4853 3200 4926 μὲν
3234 4851 3330 4910 οὖν
3359 4858 3466 4912 τῶν
3501 4859 3798 4930 ἡμετέρων
3822 4864 3894 4914 εἰ·

2313 4938 2508 5005 κόνων,
2532 4941 2721 5014 ἐπειδὴ
2747 4944 2842 4997 καὶ
2867 4945 3136 5016 σωμάτων
3163 4947 3394 5013 εἰκόνες,
3418 4950 3514 5004 καὶ
3536 4952 3602 5004 ὲκ
3622 4954 3892 5022 σωμάτων

2308 5032 2469 5097 εἰσὶν,
2496 5035 2723 5100 εἰκότως
2745 5037 2801 5091 αἰ
2824 5035 2926 5108 μὲν
2944 5039 3058 5102 τοῖς
3083 5037 3394 5112 χρώμασιν,
3417 5042 3551 5096 αἰδὲ
3572 5046 3690 5108 τοῖς
3709 5045 3892 5114 ὄγκοις

2309 5125 2655 5198 μεμίμηνται
2685 5127 2746 5182 τὸ
2784 5127 3114 5201 ἀρχέτυπον.
3159 5132 3283 5187 Ἐπὶ
3335 5135 3395 5189 δέ
3430 5152 3495 5204 γε
3529 5135 3634 5207 τῆς
3681 5139 3891 5203 εἰκόνος

2306 5217 2406 5288 τῆς
2435 5217 2619 5285 θείας,
2663 5221 2852 5291 ἐπειδὴ
2891 5220 3185 5294 ἀσώματός
3223 5224 3375 5281 ἐστιν
3414 5227 3444 5280 6
3475 5227 3629 5295 Θεὸς,
3670 5230 3738 5283 ὲκ
3784 5231 3891 5283 τῶν

2307 5307 2516 5361 ἐκείνου
2558 5308 2643 5363 δεῖ
2672 5313 2958 5381 προσεῖναι
2995 5313 3090 5367 καὶ
3120 5315 3189 5386 τῇ
3219 5315 3392 5370 εἰκόνι
3431 5315 3529 5389 τὴν
3563 5319 3884 5390 ὁμοιότητα.

2304 5401 2415 5456 Καὶ
2457 5401 2574 5456 ἐστι
2620 5404 2831 5477 ταύτης
2867 5405 2928 5459 ὲν
2970 5407 3108 5478 ἡμῖν
3150 5407 3254 5463 οὐκ
3298 5407 3458 5480 ὀλίγα
3501 5411 3882 5485 γνωρίσματα.

695 5740 719 5768 ει
753 5729 857 5831 Τὸᾶ
883 5731 976 5784 καὶ
1005 5732 1188 5831 πάνξρ
1211 5735 1279 5789 τὰ
1293 5736 1520 5831 ἑρπετὲ
1541 5738 1638 5831 τῆς
1674 5741 1952 5831 γῆςὶκρτά
1973 5743 2151 5831 γένος,
2181 5745 2445 5831 οἰκεῖται
2476 5749 2634 5831 ὲν,εῷ
2661 5751 2875 5831 κώδικι.
2899 5753 2998 5808 Διά
3030 5752 3191 5831 τοῦτο
3217 5753 3331 5831 οὐκ
3348 5754 3528 5830 ἐτέθη.
3606 5759 3635 5802 ι’
3658 5758 3873 5831 Ἀνάγν.

623 5800 685 5854 οὗ
720 5799 970 5876 παρέχει.

1048 5815 1073 5842 ο
1117 5806 1222 5860 "la.
1254 5806 1322 5862 τὰ
1343 5807 1420 5863 δέ.
1496 5807 1523 5848 ἀ
1561 5806 1807 5866 "times
1837 5813 1895 5868 δέ
1931 5806 2207 5884 περιττὸν,
2237 5815 2269 5887 ἡ
2303 5817 2385 5886 τὸ,
2421 5806 2736 5892 νομίζόντες
2767 5806 3503 5900 ἀναγνωστέον-
