4130 6584
315 442 456 509 1633

1430 443 1514 507 ΙΝ
1555 444 1890 510 GENESIN
1930 444 2027 510 FB
2041 446 2397 514 AGUENTA

3454 448 3591 520 1634

306 549 458 618 οἱον,
496 552 752 625 προνοεῖν
790 543 910 606 οῖδα
948 550 1044 606 τὸν
1089 550 1352 609 ἁπάντων
1380 555 1515 611 Θεὸν
1534 597 1552 624 ,
1581 556 1678 627 ἀφ’
1702 549 1779 612 ὧν
1813 555 1889 610 καί

2007 556 2251 612 omnium
2305 571 2513 629 regem,
2541 556 2688 629 quod
2741 558 2858 630 ipse
2905 558 3183 617 nonnullis
3227 560 3484 619 dominor
3532 574 3592 621 et

306 647 476 710 αὐτὸς
514 642 630 714 ἐγώ
665 661 830 698 τινων
877 644 1123 716 προνοῶ·
1159 646 1542 720 ἀπερίγραφον
1585 643 1759 714 εἶναι,
1801 648 1900 703 καὶ

307 738 572 810 παρεῖναι
595 737 710 800 τοῖς
737 736 944 792 ἅπασιν
965 776 982 803 ,
1013 738 1108 807 ἀφ’
1137 732 1214 792 ὧν
1246 742 1305 794 ὲν
1337 741 1540 813 ἀκαρεῖ
1565 744 1634 814 τῇ
1665 740 1896 811 διανοίᾳ,

308 831 409 902 καὶ
451 830 613 892 αὐτὸς
653 823 738 894 οἷς
784 829 851 884 ἂν
894 829 1214 902 βουληθείην
1258 832 1641 907 παρίσταμαι·
1675 831 1900 904 βασιλέα

306 921 407 976 τοῦ
445 920 668 987 παντὸς,
699 919 796 990 ἀφ’
825 913 900 975 ὧν
927 919 1039 993 ἔχω
1070 921 1133 976 τὸ
1166 923 1263 977 καὶ
1294 924 1459 989 αὐτὸς
1491 925 1684 997 ἄρχειν
1708 941 1772 978 τε
1803 923 1900 979 καὶ

308 1014 595 1080 δεσπόζειν
635 1012 832 1067 τινῶν*
873 1015 1070 1085 κριτὴν
1122 1015 1392 1088 ὑπάρχειν
1436 1016 1766 1083 ἀδέκαστον,
1799 1016 1894 1088 ἀφ’

310 1099 389 1161 ὦν
420 1106 590 1178 κάμοὶ
616 1104 808 1161 τούτου
844 1106 1173 1178 μετέδωκεν·
1199 1108 1436 1181 ἀόρατον
1458 1105 1552 1165 οὖν
1580 1113 1694 1174 τοῖς
1719 1111 1896 1165 ἅπασι

309 1202 409 1256 καὶ
442 1201 712 1258 ἀθάνατον
733 1243 749 1267 ,
781 1201 876 1270 ἀφ’
909 1195 986 1256 ὧν
1021 1201 1130 1273 ἔχω
1165 1202 1260 1258 καὶ
1293 1203 1460 1268 αὐτὸς
1487 1204 1751 1276 τοιαύτην
1787 1203 1897 1276 ψυ-

308 1294 432 1366 χήνο
465 1294 800 1366 δημιουργὸν
826 1295 920 1348 καὶ
946 1295 1198 1366 κτίστην,
1233 1294 1330 1367 ἀφ’
1361 1291 1436 1351 ὦν
1464 1297 1502 1352 ἃ
1533 1298 1631 1352 καὶ
1659 1296 1896 1369 ἐμαυτὸν

308 1385 424 1455 δρῶ
442 1385 650 1453 κτίζειν
668 1387 1171 1458 δυνάμενον.”Δλλα
1191 1386 1330 1460 πρὸς
1351 1387 1562 1454 τούτοις
1583 1389 1702 1442 ἐστὶ
1724 1389 1898 1461 μυρία

307 1481 616 1546 δεικνύντα,
670 1479 857 1544 καθὼς
908 1475 1104 1545 οἷόντε,
1148 1480 1248 1553 τὴν
1294 1481 1432 1554 πρὸς
1481 1481 1542 1534 τὸ
1583 1481 1896 1554 ἀρχέτυπον

309 1571 470 1643 ἡμῶν
494 1571 811 1642 ὁμοιότητα.
843 1569 1051 1624 Τούτου
1083 1570 1354 1642 προδήλου
1383 1570 1780 1642 τυγχάνοντος,
1808 1571 1893 1624 ὅτι

307 1665 501 1737 ὥσπερ
523 1666 557 1736 ἡ
581 1665 688 1719 τῶν
715 1664 1020 1735 ἀνθρώπων
1047 1665 1232 1730 εἰκὼν,
1255 1663 1416 1737 ὁμοία
1444 1664 1585 1720 κατὰ
1610 1664 1672 1719 τὸ
1704 1664 1894 1736 σχῆμα

305 1756 654 1829 τυγχάνουσα
683 1756 760 1828 τῷ
789 1755 1084 1829 ἀνθρώπῳ,
1107 1757 1257 1812 δοκεῖ
1277 1756 1377 1829 μὲν
1404 1757 1550 1828 ἔχειν
1579 1758 1674 1812 καὶ
1701 1757 1892 1823 πόδας,

308 1851 404 1904 καὶ
445 1848 721 1922 κεφαλὴν,
754 1848 868 1920 ἔχει
897 1848 954 1902 δὲ
981 1847 1186 1903 τούτων
1220 1850 1372 1903 οὐδὲν
1418 1850 1564 1905 κατὰ
1605 1850 1889 1922 ἀλήθειαν,

2002 649 2246 720 impero;
2293 650 2536 719 iudicem
2584 650 2984 722 incorruptum,
3035 654 3164 723 quia
3208 663 3264 710 et
3309 654 3444 711 mihi
3484 655 3590 713 hoc

1998 741 2301 810 competit;
2361 742 2617 798 omnibus
2674 741 3010 800 invisibilem
3076 753 3132 800 et
3183 745 3587 814 immortalem,

1999 829 2125 900 quia
2154 841 2209 886 et
2236 830 2369 886 mihi
2407 831 2734 888 immortalis
2775 832 2999 900 anima;
3030 845 3338 891 creatorem
3361 845 3420 892 et
3461 853 3590 894 con-

1999 923 2254 990 ditorem,
2307 925 2435 996 quia
2489 925 2606 995 ipse
2647 925 2897 996 quaedam
2944 929 3186 984 condere
3233 928 3411 985 valeo.
3462 930 3586 988 Alia

2001 1026 2130 1073 sunt
2174 1017 2398 1096 insuper
2437 1016 2747 1081 innumera.
2789 1031 2910 1087 quze
2943 1028 3189 1075 nostram
3220 1033 3345 1080 cum
3387 1023 3586 1078 arche-

2000 1117 2128 1180 typo
2171 1108 2610 1174 similitudinem.
2660 1109 2840 1179 quoad
2895 1108 3010 1166 ﬁeri
3038 1120 3237 1180 potest,
3279 1112 3581 1169 declarant.

1997 1198 2282 1264 Neminem
2327 1199 2464 1272 fugit
2494 1200 2638 1274 quod
2685 1200 2866 1271 imago
2914 1201 3215 1268 hominum,
3265 1203 3333 1262 ad
3367 1204 3583 1262 illorum

1996 1293 2237 1364 speciem
2296 1291 2515 1358 eﬁ'ecta,
2565 1293 2732 1363 pedes
2786 1293 3006 1362 quidem
3059 1293 3266 1351 habere
3325 1305 3381 1354 et
3425 1307 3587 1367 caput

1996 1383 2234 1450 videtur,
2266 1400 2459 1456 reapse
2496 1395 2676 1440 autem
2707 1385 2842 1445 nihil
2866 1387 3094 1457 hujusce
3130 1390 3347 1457 generis
3396 1391 3580 1456 habet,

1994 1487 2193 1545 prater
2235 1477 2408 1538 solam
2449 1478 2699 1548 ﬁguram.
2755 1477 2934 1532 Simili
2985 1479 3216 1544 ratione,
3256 1481 3363 1536 imo
3413 1482 3586 1537 multo

1995 1569 2210 1636 fortiori
2255 1573 2490 1635 ratione,
2518 1584 2640 1641 qua:
2687 1570 2822 1626 mihi
2867 1586 2963 1642 per
3007 1572 3418 1630 similitudinem
3455 1590 3580 1632 cum

1996 1663 2288 1720 Divinitate
2313 1669 2651 1733 competunt,
2673 1662 2854 1717 divina
2905 1672 3096 1718 natura
3129 1664 3288 1736 longe
3321 1682 3586 1737 superan-

1997 1764 2103 1811 tur.
2141 1753 2276 1809 Nam
2310 1753 2456 1810 Deus
2483 1765 2742 1821 aeternus,
2778 1763 2834 1811 et
2863 1771 2950 1811 me
2980 1772 3084 1812 una
3116 1773 3240 1813 cum
3267 1760 3482 1816 cazteris
3511 1776 3580 1815 ex

1996 1847 2167 1902 nihilo
2192 1846 2455 1920 protulit;
2489 1860 2592 1916 ego
2617 1857 2798 1902 autem
2832 1848 3124 1919 imaginem
3155 1866 3331 1905 meam
3362 1867 3430 1907 ex
3460 1869 3580 1908 ma-

306 1942 427 1994 ἀλλ’
471 1941 599 2014 ἄχρι
647 1941 811 2012 μόνου
866 1937 961 1996 τοῦ
1003 1941 1306 2013 σχήματος
1357 1941 1534 2010 οὔτω,
1594 1942 1796 2014 μᾶλλον
1837 1943 1889 1998 δὲ

1999 1939 2135 1995 teria
2176 1939 2411 2010 quadam
2460 1939 2604 2012 ﬁngo
2651 1953 2771 2010 qua:
2821 1954 3034 1996 mecum
3083 1942 3246 1997 simul
3304 1944 3360 1999 in
3405 1944 3577 2000 lucem

309 2033 483 2105 πέραν
523 2034 762 2099 τούτων,
797 2033 867 2088 τὰ
902 2034 1026 2105 ἐμοὶ
1067 2032 1193 2088 καθ’
1236 2034 1532 2105 ὁμοιότητα
1574 2035 1684 2090 τῶν
1727 2035 1896 2089 θείων

1995 2029 2223 2103 prodiit.

306 2126 613 2195 προσόντα,
644 2125 898 2212 ἐνεργείᾳ
927 2125 1065 2197 πρὸς
1108 2124 1178 2179 τὰ
1217 2123 1328 2180 τῶν
1359 2125 1436 2191 ὼς
1472 2125 1690 2198 άληθῶς
1755 2125 1918 2182 θείων
1983 2120 2448 2193 ἀπολιμπάνεται.
2491 2119 2625 2185 Θεὸς
2673 2122 2774 2193 μὲν
2819 2123 2932 2195 γάρ
2971 2123 3135 2188 αὐτὸς
3175 2125 3346 2190 ἀΐδιος
3377 2124 3475 2194 ὢν,
3521 2125 3582 2194 ἐξ

305 2219 408 2274 οὐκ
437 2217 607 2274 ὄντων
640 2218 741 2290 ἐμὲ
768 2220 881 2282 τοῖς
907 2218 1090 2284 ἄλλοις
1116 2218 1236 2291 ἅμα
1275 2221 1722 2292 συνυπεστὴσατο
1744 2235 1759 2250 ο
1791 2218 1903 2290 ἐγὼ
1935 2218 1995 2274 δὲ
2016 2216 2115 2290 τὴν
2137 2213 2325 2270 είκόνα
2364 2213 2677 2285 πεποίημαι
2696 2216 2804 2286 τὴν
2863 2215 3028 2282 αὐτὸς
3058 2217 3302 2290 ἐμαυτοῦ
3333 2218 3394 2287 ἐξ
3425 2219 3580 2290 ὕλης,

308 2313 428 2386 μεθ’
450 2309 518 2385 ἧς
548 2311 644 2367 τοῦ
682 2308 821 2368 εἶναι
850 2316 948 2366 καὶ
977 2312 1142 2377 αὐτὸς
1174 2310 1376 2384 εἴληφα
1413 2313 1517 2385 την
1547 2313 1748 2385 ἀρχήν.

376 2408 472 2461 Δεῖ
501 2405 686 2477 μέντοι
710 2405 806 2460 καὶ
827 2403 989 2460 τοῦτό
1018 2421 1124 2470 σοι,
1157 2403 1211 2458 τί
1245 2403 1379 2459 ποτέ
1409 2405 1526 2458 ἐστι
1557 2404 1620 2460 τὸ
1653 2403 1782 2458 κατ’
1806 2405 1889 2458 εί-

304 2499 459 2553 κόνα
510 2499 698 2568 σαφῶς
744 2513 806 2550 τε
867 2496 965 2551 καὶ
1016 2495 1301 2568 συντόμως
1343 2495 1423 2560 είς
1469 2496 1610 2569 ἐμὴν
1657 2495 1892 2567 δύναμιν

303 2591 556 2646 διελθεῖν.
613 2588 749 2643 Ἀπὸ
773 2587 884 2644 τῶν
927 2589 1058 2660 παρ’
1087 2589 1224 2660 ἡμῖν
1267 2588 1462 2643 εῐωθεν
1496 2589 1574 2654 ὡς
1603 2589 1674 2643 τά
1717 2588 1890 2643 πολλὰ

304 2683 444 2754 πρὸς
467 2681 614 2754 ἡμᾶς
636 2682 670 2752 ἠ
701 2679 891 2753 Ρραφὴ
931 2680 1062 2753 περὶ
1088 2678 1228 2733 Θεοῦ
1257 2679 1632 2750 διαλέγεσθαι,
1665 2680 1763 2734 καὶ
1790 2679 1892 2752 τὴν

302 2770 657 2827 διδασκαλίαν
686 2771 753 2825 ὲκ
795 2770 906 2825 τῶν
939 2770 1235 2844 γνωρίμων
1271 2772 1407 2843 ἡμῖν
1451 2775 1628 2826 ποιεῖν
1658 2772 1888 2843 ἐναργῆ.

313 2864 403 2930 Ὦς
436 2859 550 2930 οὖν,
579 2865 709 2919 ὅταν
736 2861 943 2936 ἀκούῃς
972 2863 1116 2935 χειρὶ
1135 2861 1228 2917 τὸν
1255 2862 1390 2916 Θεὸν
1417 2862 1772 2918 ὲκτετακίναι
1791 2863 1886 2917 τὸν

302 2956 564 3030 οὐρανὸν,
587 2955 622 3027 ἢ
652 2954 852 3026 γνόφον
883 2955 1154 3027 ὑπάρχειν
1180 2953 1289 3010 ὑπὸ
1316 2955 1446 3019 τοὺς
1479 2955 1653 3019 πόδας
1695 2954 1886 3023 αὑτοῦ,

301 3052 404 3106 οὐκ
436 3049 655 3120 ἀληθῶς
683 3051 878 3121 χεῖρας
906 3047 1052 3120 ἔχειν
1077 3049 1219 3113 νοεῖς
1248 3047 1341 3101 τὸν
1365 3047 1520 3116 Θεὸν,
1560 3047 1684 3103 οὐδὲ
1715 3048 1889 3114 πόδας

305 3142 530 3217 (ἁπλοῦν
553 3144 661 3214 γάρ
683 3143 744 3198 τὸ
773 3142 948 3210 Θεῖον,
975 3142 1170 3214 ὅτιπερ
1191 3141 1288 3196 καὶ
1307 3141 1650 3213 ἀσώματον),
1673 3143 1792 3198 ἀλλ’
1822 3144 1889 3196 ἐκ

301 3238 411 3292 τῶν
437 3236 742 3310 ἡμετέρων,
765 3235 854 3290 διὰ
879 3234 980 3307 μὲν
1000 3236 1100 3306 τῆς
1119 3233 1325 3307 χειρὸς,
1352 3230 1501 3302 οἶδας
1525 3235 1890 3305 σημαίνεσθαι

301 3328 400 3400 τὴν
433 3327 736 3399 ἐνέργειαν,
763 3324 954 3397 ἔπειδὴ
981 3327 1168 3398 χερσὶν
1198 3325 1359 3396 ἡμεῖς
1396 3324 1758 3397 ἐνεργούμενο
1798 3322 1888 3377 διὰ

299 3419 360 3476 δὲ
387 3417 484 3475 τοῦ
518 3417 701 3484 ποδὸς,
724 3416 825 3489 τὴν
851 3415 1177 3490 παρουσίαν,
1209 3416 1398 3487 ἐπειδὴ
1424 3417 1586 3470 ποσὶν
1605 3415 1768 3487 ἡμεῖς
1796 3407 1888 3468 οὗ-

303 3528 414 3586 περ
446 3509 705 3581 ἐθέλομεν
747 3507 1159 3582 ἀφικνούμεθαο
1190 3507 1288 3562 καὶ
1312 3507 1406 3561 επὶ
1441 3505 1662 3562 πάντων
1689 3505 1748 3561 δὲ
1776 3505 1890 3560 τῶν

303 3603 737 3675 τοιουτοτρόπων
760 3601 1159 3676 παραπλησίως
1185 3601 1315 3673 ἡγῇ,
1339 3599 1437 3655 καὶ
1483 3597 1582 3669 οὐχ
1605 3597 1885 3669 ἑτεροίωςο

303 3694 478 3763 οὕτως
509 3694 724 3763 ἔκδεξαι
762 3695 859 3750 καὶ
888 3693 949 3748 τὸ
990 3693 1093 3765 τῆς
1132 3692 1364 3755 εἰκόνος.
1408 3689 1474 3745 Ἦ
1501 3689 1686 3744 τοίνυν
1718 3687 1883 3743 είκὼν

302 3788 463 3844 τοῦτο
484 3788 704 3844 δύναται
732 3787 860 3860 παρ’
895 3788 1048 3860 ἡμῖν’
1068 3787 1160 3842 τὸν
1187 3786 1289 3858 ούχ
1317 3783 1597 3858 ὁρώμενον
1625 3782 1888 3846 πολλάκις

303 3883 436 3955 ἡμῖν
483 3880 826 3938 ύποδεικνύει
879 3873 1052 3951 οὗπέρ
1098 3879 1240 3943 ἔστι,
1282 3878 1378 3932 καὶ
1404 3877 1494 3931 διὰ
1539 3875 1639 3948 τῆς
1674 3874 1887 3939 εἰκόνος

305 3976 563 4046 παρεῖναι
594 3973 686 4027 τὸν
724 3965 934 4028 ἀπόντα
965 3969 1282 4042 νομίζομεν.
1326 3967 1546 4040 Ἐπειδὴ
1575 3967 1757 4022 τοίνυν
1791 3965 1887 4020 καὶ

303 4069 333 4122 δ
353 4067 631 4138 Δεσπότης
655 4064 789 4129 Θεὸς
819 4065 1050 4136 ἀόρατος
1076 4061 1380 4127 παντελῶς.
1409 4061 1507 4116 καὶ
1526 4063 1631 4115 ἀπε
1641 4059 1887 4133 ρινόητος

304 4160 456 4234 πάσῃ
482 4159 684 4230 γενητῇ
708 4156 868 4227 φύσει
895 4155 1225 4227 καθέστηκε,
1249 4153 1387 4225 πρὸς
1409 4152 1466 4207 δὲ
1490 4153 1586 4207 καὶ
1603 4150 1885 4222 ἀνενδεὴς,

304 4252 363 4305 ὲν
386 4250 554 4304 εἰκόνι
571 4248 708 4302 Θεοῦ
725 4248 818 4301 τὸν
837 4247 1125 4319 ἄνθρωπον
1149 4240 1290 4299 εἶναι
1305 4247 1371 4316 τῇ
1393 4243 1570 4298 κτίσει
1591 4241 1882 4313 πεποίηκε,

302 4344 398 4398 καὶ
428 4341 650 4413 βασιλέα
679 4339 859 4410 πάσης
888 4337 1173 4406 ἀπέδειξεν
1202 4336 1383 4392 αὐτόν·
1416 4336 1503 4391 ἵνα
1538 4334 1637 4406 τὴν
1664 4335 1886 4404 ὲποφει-

302 4435 540 4506 λομένην
588 4431 740 4503 αὐτῷ
766 4431 932 4503 τιμὴν
960 4432 1094 4500 παρ’
1137 4429 1306 4499 αὐτῆς
1339 4429 1399 4482 ὲν
1427 4426 1659 4491 τούτοις,
1687 4426 1782 4479 καὶ
1814 4427 1884 4497 τῇ

208 4527 215 4535 ’
301 4526 435 4600 περὶ
475 4525 682 4579 τούτων
726 4522 996 4594 θεραπείᾳ
1035 4520 1342 4592 κομίζοιτο.
1386 4519 1496 4574 Καὶ
1537 4518 1619 4572 ὅτι
1673 4517 1772 4589 μὲν
1817 4518 1886 4572 τά

302 4614 536 4688 αίσθητὰ
563 4615 745 4668 πάντα
772 4615 908 4684 πρὸς
935 4613 1036 4685 τὴν
1063 4613 1258 4666 τούτου
1281 4611 1468 4684 χρείαν
1505 4609 1771 4682 σύνθητ...
1806 4609 1881 4680 (5)

301 4709 394 4780 γῆ,
420 4709 659 4763 θάλαττα
679 4749 693 4771 ,
717 4705 872 4771 ζώων
899 4705 1095 4775 φύσεις
1115 4746 1130 4772 ,
1161 4705 1291 4777 ἀὴρ,
1327 4704 1696 4776 ὡμολόγηται.
1728 4704 1883 4774 Τάχα

300 4799 348 4854 δ’
367 4799 433 4854 ἄν
459 4817 569 4854 τισι
601 4797 870 4872 προσταίη
900 4797 980 4864 τὸ,
1011 4797 1107 4851 καὶ
1143 4797 1274 4867 περὶ
1303 4795 1414 4849 τῶν
1437 4794 1684 4865 ἀγγέλων
1715 4793 1884 4848 ταυτὸ

300 4891 459 4946 τοῦτο
505 4892 735 4960 φάσκειν
778 4890 962 4963 ἡμᾶς’
1014 4888 1109 4952 οὓς
1162 4886 1360 4958 Παύλῳ
1411 4887 1882 4958 παραπέμψαντες

301 4983 589 5053 φάσκοντι,
609 4982 846 5048 Πάντας
862 4980 1085 5047 αὐτοὺς
1105 4975 1260 5035 εἶναι
1291 4981 1671 5052 λειτουργικὰ
1700 4981 1883 5036 πνεύ-

297 5090 457 5147 ματα
486 5077 571 5140 είς
593 5074 902 5128 διακονίαν
925 5073 1426 5142 ἀποστελλόμενα
1447 5072 1546 5127 διὰ
1571 5071 1714 5140 τοὺς
1737 5071 1882 5144 μέλ·

299 5172 522 5232 λοντας
549 5166 946 5236 κληρονομεῖν
975 5165 1295 5234 σωτηρίαν,
1320 5164 1474 5219 αὐτοὶ
1493 5165 1592 5236 τῆς
1615 5164 1752 5237 πρὸς
1780 5165 1880 5220 αύ-

299 5259 428 5323 τοίις
459 5257 794 5326 φιλονεικίας
823 5255 1268 5327 ἀπαλλαξόμεθα.
1302 5257 1516 5328 Ὀνπερ
1547 5256 1728 5311 τοίνυν
1754 5257 1883 5329 τρόο

299 5367 404 5404 πον
437 5348 550 5404 τῶν
594 5347 740 5402 κατὰ
772 5349 876 5420 γῆν
915 5348 1124 5403 τούτων
1155 5347 1455 5420 βασιλέων,
1484 5351 1610 5406 ὅσαι
1649 5350 1749 5421 μέν
1779 5351 1889 5405 είσι

297 5441 410 5496 τῶν
449 5441 663 5495 πόλεων
706 5440 942 5512 ὑπήκοοί
988 5458 1050 5494 τε
1101 5441 1197 5496 καὶ
1235 5441 1401 5513 φίλιοι
1454 5442 1780 5516 περιέπουσί
1825 5459 1887 5496 τε

295 5533 399 5599 τάς
428 5534 644 5598 είκόνας
677 5534 880 5601 αὐτῶν,
914 5534 1010 5588 καὶ
1033 5533 1198 5607 τιμὴν
1222 5534 1413 5602 αὐταῖς
1453 5536 1674 5592 ἃπασαν
1716 5552 1887 5611 προσ-

374 5713 396 5746 δ
416 5713 582 5770 Hebr.
607 5727 647 5780 ι,
680 5711 776 5767 ἠ.

374 5877 397 5909 ο
433 5867 554 5926 Ἵσ.
584 5863 943 5924 συντέθειται.

1922 4878 1930 4884 ’
1985 4881 2214 4937 Paulum
2267 4881 2538 4939 dicentem
2590 4897 2606 4935 :

2063 2393 2292 2464 Oportet
2337 2401 2523 2448 tamen
2561 2406 2779 2463 quoque
2822 2409 2922 2465 pro
2952 2394 3159 2453 viribus
3202 2399 3298 2456 tibi
3339 2401 3583 2464 breviter

1991 2499 2047 2546 et
2076 2498 2263 2560 aperte
2295 2485 2574 2559 explicare
2603 2487 2734 2558 quid
2779 2487 2881 2543 sibi
2910 2488 3141 2546 voluerit
3173 2492 3303 2550 illud
3340 2499 3412 2552 ad
3444 2501 3577 2556 ima-

1991 2581 2183 2651 ginem.
2213 2579 2364 2636 Solet
2403 2577 2622 2651 quidem
2660 2579 2945 2651 Scriptura
2986 2597 3048 2638 ea
3079 2587 3146 2640 de
3187 2585 3296 2646 Deo
3319 2593 3581 2652 adhibere

1991 2687 2114 2742 quae
2142 2671 2283 2743 apud
2323 2687 2424 2727 nos
2464 2681 2817 2742 usurpantur,
2848 2683 2904 2728 et
2947 2675 3255 2734 doctrinam
3288 2697 3442 2739 suam
3478 2704 3578 2754 per

1990 2779 2054 2821 ea
2088 2765 2366 2820 illustrare
2391 2778 2512 2834 quae
2546 2764 2706 2820 nobis
2744 2765 3110 2823 innotescunt.
3140 2769 3294 2838 Quod
3326 2775 3370 2830 si
3409 2777 3579 2848 igitur

1989 2856 2058 2912 de
2091 2855 2202 2912 Deo
2231 2855 2495 2922 audieris,
2542 2871 2668 2912 eum
2701 2873 2864 2912 manu
2891 2858 3088 2915 coelum
3119 2865 3449 2936 extendisse,
3484 2882 3581 2929 aut

1993 2948 2283 3019 caliginem
2312 2946 2515 3004 habere
2541 2947 2642 3004 sub
2671 2950 2898 3019 pedibus
2919 2952 3052 3015 suis,
3081 2954 3191 3009 noli
3213 2959 3438 3016 credere
3453 2979 3578 3019 eum

1994 3039 2175 3112 reipsa
2219 3039 2472 3095 manibus
2511 3049 2611 3096 aut
2642 3040 2871 3111 pedibus
2912 3041 3238 3101 instructum
3275 3062 3397 3104 esse
3429 3051 3576 3123 (nam

1996 3132 2224 3207 simplex
2244 3133 2406 3202 Deus,
2423 3133 2552 3205 quia
2571 3133 2968 3208 incorporeus);
2989 3138 3084 3193 sed
3108 3136 3342 3195 humana
3365 3142 3581 3198 ratione

1922 3264 1964 3320 Β
1997 3219 2390 3298 ἰηιιὶεαιυεροι·
2420 3242 2616 3283 manus
2643 3228 2915 3320 operatio,
2945 3229 3166 3320 quando
3195 3229 3296 3302 ipsi
3327 3234 3579 3292 manibus

1990 3331 2315 3388 operemur;
2347 3326 2402 3373 et
2436 3332 2532 3392 per
2555 3316 2723 3386 pedes
2756 3318 3072 3389 praesentia,
3098 3320 3317 3390 quando
3341 3323 3574 3392 pedibus

1991 3422 2092 3466 nos
2143 3424 2470 3481 quocunque
2522 3409 2741 3464 libuerit
2791 3409 3148 3468 conferimus.
3199 3411 3273 3468 De
3322 3415 3578 3472 omnibus

1992 3515 2104 3556 rem
2149 3515 2211 3564 se
2258 3499 2423 3556 simili
2464 3503 2626 3556 modo
2672 3500 2876 3556 habere
2927 3502 3121 3558 credas
3171 3512 3226 3559 et
3280 3519 3386 3560 non
3432 3505 3574 3574 alio,

1991 3590 2133 3647 idem
2172 3591 2317 3646 valet
2363 3602 2418 3646 et
2464 3593 2532 3648 de
2562 3590 2655 3646 illo
2701 3590 2771 3646 ad
2809 3591 3122 3661 imaginem.
3165 3591 3238 3648 Ea
3282 3603 3369 3648 est
3411 3595 3578 3664 igitur

1988 3678 2132 3750 apud
2165 3673 2479 3735 nos'virtus
2523 3679 2799 3749 imaginis,
2819 3688 2881 3735 ut
2915 3694 3052 3747 rem,
3081 3679 3233 3751 cujus
3257 3691 3362 3750 est,
3393 3684 3475 3739 vel
3507 3688 3576 3739 ah

1987 3772 2160 3827 oculis
2195 3779 2458 3826 remotam
2483 3771 2803 3842 plerumque
2824 3772 3186 3838 demonstret,
3216 3783 3269 3829 et
3299 3773 3442 3829 illius
3471 3791 3579 3850 Ope

1989 3863 2072 3918 vel
2103 3864 2352 3920 absentia
2388 3865 2580 3923 adesse
2611 3874 2887 3936 putemus.
2929 3863 3161 3931 Quando
3189 3865 3355 3937 igitur
3380 3867 3573 3924 Domi-

1989 3973 2094 4014 nus
2125 3956 2268 4013 Deus
2298 3957 2524 4012 omnino
2549 3954 2841 4013 invisibilis
2887 3964 2942 4014 et
2981 3957 3573 4029 incomprehensibilis,

1985 4052 2135 4108 omni
2168 4059 2458 4118 creaturae,
2507 4051 2618 4107 imo
2656 4051 2802 4122 nulla
2852 4065 2912 4108 re
2953 4052 3168 4124 indigus
3204 4053 3474 4108 hominem
3505 4055 3574 4110 ad

1987 4143 2277 4214 imaginem
2311 4156 2462 4198 suam
2508 4142 2736 4210 creavit,
2779 4150 2834 4198 et
2872 4128 3054 4214 regem
3083 4143 3265 4200 omnis
3305 4154 3574 4201 creaturae

1987 4234 2386 4291 demonstravit
2419 4249 2579 4303 eum;
2627 4234 2895 4290 fecithoc
2939 4235 3172 4306 primum
3222 4245 3282 4290 ut
3331 4236 3570 4292 debitum

1986 4326 2089 4382 sibi
2139 4340 2171 4381 a
2216 4325 2488 4383 creaturis
2533 4325 2793 4382 honorem
2825 4341 2924 4397 per
2969 4326 3218 4383 homines
3271 4326 3572 4398 acciperet,

1987 4417 2216 4487 ideoque
2251 4415 2447 4472 merito
2480 4414 2630 4471 cuitu
2663 4417 2976 4485 coleretur;
3007 4417 3205 4472 deinde
3230 4428 3288 4473 ut
3314 4419 3570 4473 omnibus

1987 4519 2250 4581 appareat
2277 4516 2504 4565 cunctas
2536 4523 2624 4565 res
2661 4509 2973 4574 sensibiles,
3004 4519 3206 4565 terram
3250 4509 3484 4575 scilicet,
3515 4521 3570 4565 et

1915 4620 1959 4678 ι)
1990 4617 2162 4666 mare,
2190 4610 2246 4656 et
2273 4602 2630 4656 animantium
2662 4612 2908 4666 naturas,
2944 4611 3001 4657 et
3048 4617 3251 4667 aerem,
3303 4602 3355 4656 in
3393 4602 3572 4656 homi-

1987 4711 2117 4751 num
2143 4709 2297 4749 usum
2326 4693 2491 4748 fuisse
2521 4702 2723 4749 creata.
2750 4693 2905 4761 Quod
2942 4694 2987 4749 si
3026 4695 3148 4764 quis
3179 4695 3567 4766 indignabitur,

1989 4805 2088 4846 nos
2116 4791 2259 4844 Idem
2283 4791 2351 4845 de
2392 4788 2599 4859 angelis
2645 4787 2925 4857 proﬁteri,
2955 4786 3292 4843 dimittemus
3339 4803 3463 4844 eum
3502 4789 3569 4842 ad

2659 4878 2852 4936 Omnes
2909 4896 3025 4934 esse
3085 4880 3570 4936 ndministratorioa

1987 4976 2249 5045 spiritus,
2304 4976 2361 5029 in
2401 4973 2754 5028 ministerium
2810 4972 2998 5027 missos
3051 4982 3263 5042 propter
3309 4989 3432 5040 eos,
3480 4975 3571 5044 qui

1989 5072 2354 5128 hereditatem
2382 5071 2587 5139 capient
2633 5068 2823 5124 salutis
2844 5067 2887 5136 δ,
2934 5066 3109 5122 soluto
3137 5067 3220 5123 sic
3251 5065 3398 5122 omni
3439 5082 3572 5122 con-

1987 5165 2247 5223 tentionis
2275 5163 2524 5220 crimine.
2559 5160 2677 5228 Quo
2701 5159 2864 5214 modo
2895 5158 3059 5229 igitur
3089 5158 3142 5212 in
3174 5157 3335 5212 terris
3381 5171 3566 5225 regum

1987 5256 2187 5314 subditi
2234 5263 2290 5311 et
2347 5254 2508 5310 amici
2568 5251 2832 5322 imagines
2881 5263 3072 5304 eorum
3120 5254 3457 5310 reverentur,
3511 5256 3568 5301 et

1988 5349 2178 5406 eodem
2201 5361 2297 5404 eas
2325 5345 2472 5403 cultu
2500 5351 2928 5416 prosequuntur,
2949 5355 3058 5412 quo
3091 5340 3177 5395 vei
3207 5340 3353 5409 ipsos
3369 5352 3564 5407 reges;

1989 5442 2066 5498 ita
2092 5453 2308 5511 quoque
2355 5451 2414 5494 se
2458 5435 2660 5494 habent
2686 5433 2808 5500 Dei,
2839 5447 3023 5489 rerum
3060 5433 3304 5487 omnium
3333 5430 3562 5494 domini,

1989 5544 2274 5594 creaturae.
2320 5531 2422 5601 Qui
2473 5530 2788 5588 Creatorem
2848 5534 3218 5592 venerantur,
3267 5523 3564 5593 imaginem
