4164 6672
574 458 713 528 1633
1663 446 2042 517 GENNADII
2095 442 2607 510 PATRIARCH/E
2656 440 2766 503 ΟΡ.
3719 432 3851 499 16ῒὶ6

568 582 788 643 quoque
826 562 1239 637 magnifaciunt,
1278 569 1344 617 et
1381 559 1560 617 adhuc
1597 575 1743 617 nunc
1762 573 1889 615 eam
1938 566 2192 616 summo,

2289 566 2474 620 μγουσι,
2523 547 2620 602 καὶ⁵
2660 542 2945 617 βασιλεῦσι
2968 539 3384 616 προσήκουσαν’
3424 539 3572 595 οὕτω
3602 542 3699 595 καὶ
3745 542 3850 596 τῶν

570 633 750 720 studio
784 633 1203 729 amplectuntur.
1247 654 1351 723 Qui
1388 664 1572 710 autem
1610 667 1640 707 a
1674 652 1783 709 Deo
1815 649 2155 712 deiecerunt,

2289 642 2371 696 ms
2407 640 2505 695 τοῦ
2548 637 2948 709 παμϐασιλέως
2990 635 3300 707 γενομένων
3328 633 3489 690 Θεοῦ.
3535 636 3601 689 Ut
3635 635 3738 705 μὲν
3767 636 3853 688 αἱ·

572 755 735 810 iidem
759 766 859 823 pro
877 724 1090 805 viribus
1113 748 1181 803 ad
1218 746 1506 804 tollendam
1534 744 1826 816 imaginem
1862 737 2154 800 desudant,

2289 730 2546 795 ;εσθέντες
2564 728 2658 783 τὸν
2687 727 2953 800 Ποιητὴν,
2986 725 3248 798 ἔστερξαν
3271 725 3370 798 τὴν
3395 725 3607 789 εἰκόνα,
3639 725 3736 778 καὶ
3760 724 3854 794 τὴν

571 853 629 900 et
650 817 927 912 nunquam
959 841 1027 897 ad
1056 838 1270 896 saniora
1295 845 1661 894 revertentur.

2289 823 2672 880 ,πιὸἀλλουσαν
2695 822 2883 886 αὐτοῖς
2914 820 3157 892 σπουδὴν
3189 820 3321 892 περὶ
3353 819 3527 892 αὐτὴν
3560 818 3735 875 είσέτι
3762 817 3854 871 νῦν

571 910 1007 994 ἐπιδείκνυνται·
1055 935 1174 988 ὅσοι
1217 934 1277 988 δὲ
1303 931 1643 989 ἀποστασίαν
1675 929 1974 999 ἐνόσησαν,
2007 919 2169 979 αὐτοὶ
2203 918 2386 976 πάντα
2419 918 2622 991 τρόπον
2681 917 2764 981 είς
2798 915 2901 987 τὴν
2930 912 3254 985 καθαίρεσιν
3315 912 3485 985 αὐτῆς
3525 910 3851 965 ἐπεϐούλευ-

576 1048 696 1097 σαν,
728 1030 828 1085 καὶ
858 1026 1141 1098 μεθίενται
1173 1025 1277 1095 τῆς
1316 1022 1577 1094 τοιαύτης
1611 1020 1841 1092 γνώμης
1870 1016 2158 1073 οὐδέποτε.
2284 1016 2285 1019 “

590 1166 593 1169 ν
642 1095 880 1182 Prolatis
910 1135 1093 1180 tamen
1111 1122 1246 1190 illis,
1279 1119 1568 1175 Faciamus
1590 1119 1851 1173 hominem
1876 1115 1946 1170 ad
1970 1109 2166 1181 imagis

2334 1101 2524 1159 Είπὼν
2570 1100 2759 1173 μέντοι
2815 1099 2879 1154 τὸ
2896 1139 2914 1166 ,
2972 1096 3331 1168 Ποιήσωμεν
3363 1096 3687 1165 ἄνθρωπον
3729 1095 3853 1151 κατ’

576 1236 693 1278 nem
725 1230 983 1285 nostram,
1031 1227 1079 1273 et
1118 1216 1189 1271 ad
1226 1213 1657 1281 similitudinem,
1700 1210 1941 1282 adjecit:
1970 1207 2037 1262 Et
2067 1208 2169 1262 Ιισο

2289 1197 2477 1252 ιίκόνα
2525 1193 2825 1264 ἡμετέραν
2863 1192 2965 1248 καί
3022 1190 3156 1249 καθ’
3210 1190 3521 1261 ὁμοίωσιν,
3564 1191 3851 1262 ἐπήγαγεσ

578 1315 732 1369 beant
757 1281 1114 1384 principatum
1144 1309 1394 1380 piscium,
1433 1315 1483 1361 et
1508 1281 1826 1371 uolatilium,
1857 1312 1904 1358 et
1931 1300 2169 1372 ferarum

2289 1288 2377 1344 Καὶ
2422 1286 2778 1359 ἁρχέτωσαν
2819 1283 2943 1341 τῶν
2977 1285 3222 1355 ίχθύων,
3253 1282 3355 1337 καὶ
3384 1281 3507 1337 τῶν
3542 1282 3853 1346 πετεινῶν,

580 1414 758 1469 ωτι-ιε,
796 1412 847 1459 et
885 1418 1152 1473 pecorum,
1193 1400 1499 1465 declarans,
1526 1396 1683 1468 {quod
1722 1410 1813 1452 res
1847 1408 2042 1451 omnes
2071 1393 2174 1449 ho-

2289 1380 2367 1436 ιαὶ
2402 1379 2526 1434 τῶν
2566 1380 2788 1450 θηρίων
2810 1376 2921 1445 τῆς
2960 1376 3097 1449 τῆς,
3126 1377 3229 1431 καί
3274 1374 3395 1430 τῶν
3428 1375 3675 1443 κτηνῶν
3697 1392 3715 1407 ο
3753 1376 3861 1429 διι-

580 1498 714 1553 mini
746 1468 856 1552 non
885 1468 949 1551 ivi
982 1503 1037 1550 ct
1062 1495 1393 1551 necessitate
1421 1492 1745 1559 inserviunt,
1776 1489 1873 1546 sed
1903 1487 2164 1560 quoniam

2289 1472 2427 1538 ινὺς,
2457 1472 2537 1537 ώς
2568 1472 2692 1543 οὐχὶ
2721 1473 2867 1525 κατὰ
2895 1471 3147 1540 ἀνάγκην
3196 1468 3369 1541 αὐτῷ
3398 1468 3466 1522 τὰ
3501 1468 3712 1532 πάντα,
3766 1469 3863 1521 καὶ

582 1589 806 1661 ὶωεκίιιὶ
836 1588 929 1645 Dei
956 1601 1143 1644 rerum
1169 1586 1413 1643 omnium
1441 1583 1786 1656 principatus
1804 1579 2088 1653 competit.

2289 1564 2399 1620 Βίαν
2427 1560 2721 1630 ὑπέταξεν,
2748 1562 2865 1618 ἀλλ’
2899 1562 2978 1627 ώς
2997 1560 3361 1633 ὀφειλομένην
3396 1562 3572 1615 εἰκόνι
3601 1560 3727 1633 θείᾳ
3750 1560 3861 1613 τῶν

1136 1756 1141 1760 ’
1236 1781 1396 1840 CAP.
1437 1781 1502 1838 tt.

666 1906 824 1959 tiens.
872 1905 966 1958 22.
1008 1920 1029 1954 ι
1058 1900 1125 1957 Et
1149 1898 1441 1955 aedificavit
1485 1898 1747 1955 Dom.nus
1778 1897 1919 1953 Deus
1963 1873 2173 1952 costam

590 2012 755 2069 quam
813 1997 1016 2051 tulerat
1061 1995 1129 2050 de
1171 1992 1368 2048 Adam.
1406 1990 1461 2047 in
1498 1992 1783 2049 mulierem
1820 1996 1918 2047 :et
1950 1984 2178 2078 adduxit

586 2107 707 2149 eam
738 2090 804 2146 ad
825 2090 1022 2143 Adam.
1057 2107 1075 2140 ι

600 2190 605 2195 ’
658 2205 793 2261 Cum
824 2201 967 2257 Deus
1006 2200 1123 2255 viro
1156 2197 1418 2268 majorem
1455 2178 1641 2265 vellet,
1674 2194 1976 2252 secundum
2017 2200 2179 2249 natu-

588 2313 727 2365 ram,
766 2295 954 2351 indere
995 2292 1244 2349 mulieris
1283 2305 1551 2357 amorem,
1594 2288 1904 2345 ell‘ormavit
1943 2301 2065 2343 eam
2098 2276 2175 2341 ex
2222 2344 2244 2365 ο

590 2390 716 2455 illo;
756 2401 936 2458 neque
978 2400 1043 2441 ex
1081 2394 1235 2456 parte
1277 2382 1567 2451 anteriori,
1596 2396 1665 2437 ne
1704 2380 1983 2437 videretur
2023 2377 2179 2450 quasi

589 2484 874 2538 adversam
919 2482 967 2535 ci
1001 2478 1206 2545 facere,
1243 2492 1418 2547 neque
1463 2490 1532 2547 ex
1582 2483 1741 2545 parte
1783 2471 2091 2545 posteriori,
2122 2480 2181 2527 ut

592 2590 662 2631 ne
710 2576 891 2630 minus
928 2574 1205 2634 honorata
1239 2578 1547 2642 putaretur,
1598 2567 1696 2624 sed
1742 2582 1775 2623 ο
1821 2566 1992 2621 latere
2035 2562 2180 2635 quod

590 2664 741 2721 velut
787 2663 1025 2718 medium
1067 2670 1215 2727 erat,
1264 2669 1346 2725 ut,
1381 2668 1634 2729 respectu
1666 2657 1794 2722 viri,
1829 2654 2067 2713 medium
2097 2662 2181 2709 te-

594 2764 748 2813 neret
781 2754 923 2811 inter
952 2754 1216 2810 honorem
1247 2761 1304 2808 ct
1331 2750 1750 2823 subiectionem.

1243 3038 1401 3096 CAP.
1439 3037 1509 3094 ιιι

2274 1656 2535 1717 ἁπάντων
2557 1656 2657 1729 τὴν
2687 1656 2863 1731 ἀρχὴν
2880 1654 3257 1726 ἐγκεχείρικε.

2882 1770 3138 1826 ΚΕΦΑΛ.
3180 1767 3258 1825 Β⁹.

2355 1901 2373 1936 ι
2406 1881 2516 1935 Καὶ
2537 1877 2858 1953 ᾠκοδόμησε
2881 1880 3089 1953 Κύριος
3134 1881 3164 1935 δ
3190 1880 3324 1945 Θεὸς
3352 1879 3450 1953 τὴν
3489 1880 3762 1952 πλευρὰν,
3796 1879 3864 1952 ἣν

2276 1974 2469 2029 ἔλασεν
2503 1972 2731 2030 ἀπὸτοῦ
2776 1974 2951 2045 Ἀδὰμ
2978 1975 3058 2037 είς
3087 1975 3345 2044 γυναῖκα,
3384 1974 3481 2028 καὶ
3516 1973 3733 2046 ἤγαγεν
3764 1976 3866 2028 αὐ-

2276 2066 2381 2139 τὴν
2415 2065 2552 2141 πρὸς
2585 2066 2677 2121 τὸν
2725 2064 2916 2137 Ἀδάμ.
2953 2084 2973 2118 s

2349 2178 2686 2252 Βουλόμενος
2727 2181 2756 2234 ὁ
2792 2178 2928 2243 Θεὸς
2964 2178 3187 2233 πλείονα
3217 2178 3297 2251 τῷ
3335 2180 3493 2253 ἀνδρὶ
3524 2180 3667 2235 κατὰ
3701 2179 3867 2249 φύσιν

2280 2274 2482 2328 ἐνεῖναι
2517 2273 2617 2343 τὴν
2655 2271 2787 2344 περ)⁸
2823 2271 2922 2343 τὴν
2951 2273 3189 2342 γυναῖκα
3235 2274 3496 2344 στοργήν,
3538 2272 3867 2327 διαπλάττει

2282 2364 2383 2437 μὲν
2405 2363 2579 2435 αὐτὴν
2612 2362 2672 2431 ἐξ
2710 2360 2901 2429 αὑτοῦ,
2968 2360 3093 2415 οὔτε
3142 2361 3199 2414 δὲ
3229 2361 3293 2415 ἐκ
3325 2378 3468 2424 τινος
3510 2361 3720 2433 μέρους
3760 2362 3868 2415 τῶν

2280 2454 2597 2529 ἔμπροσθεν
2616 2472 2631 2488 ·
2660 2456 2748 2509 ἵνα
2767 2454 2843 2527 μὴ
2863 2454 2992 2527 δόξῃ
3008 2454 3143 2525 πρὸς
3160 2455 3478 2509 ἀντίστασιν
3504 2454 3696 2525 ὥσπερ
3718 2456 3870 2524 αὐτῷ

2279 2546 2633 2601 διαπλάττειν
2671 2545 2876 2617 αὐτὴν
2917 2544 3029 2600 οὔτ’
3060 2541 3128 2600 αὖ
3160 2545 3323 2599 πάλιν
3361 2546 3620 2617 καθαρῶς
3667 2548 3733 2599 ὲκ
3761 2547 3869 2599 τῶν

2280 2640 2531 2707 ὄπισθεν,
2584 2639 2672 2695 ἵνα
2720 2641 2796 2711 μὴ
2837 2638 3142 2709 ἀτιμοτέρα
3172 2637 3476 2706 λογίζοιτο,·
3506 2638 3626 2692 ἀλλ’
3674 2641 3743 2693 ἐκ
3772 2640 3869 2708 τῆς

2282 2732 2527 2806 πλευρᾶς
2573 2733 2677 2805 τῆς
2712 2730 2920 2804 μεταξύ
2955 2749 3075 2796 πως
3109 2732 3377 2803 ἐχούσης·
3436 2730 3512 2794 ὡς
3570 2730 3637 2785 ἂν
3667 2731 3871 2802 ἔχουσα

2284 2824 2423 2895 πρὸς
2458 2824 2551 2878 τὸν
2583 2822 2753 2894 ἄνδρα
2783 2822 3029 2892 φαίνοιτο
3072 2825 3167 2876 καὶ
3204 2822 3346 2893 αὕτη
3378 2822 3440 2875 τὸ
3488 2821 3658 2894 μέσον
3697 2824 3867 2877 ἰσοτι-

2288 2915 2417 2982 μίας
2457 2931 2520 2969 τε
2555 2916 2651 2971 καὶ
2680 2915 2988 2986 ὑποταγῆς.

2894 3029 3150 3085 ΚΕΦΑΛ.
3192 3029 3265 3085 1".

603 3176 606 3180 λ
671 3159 838 3213 Vens.
874 3156 931 3210 2.
976 3172 996 3206 ι
1026 3152 1132 3210 Sed
1168 3163 1222 3209 et
1262 3167 1492 3223 serpens
1529 3159 1649 3207 erat
1681 3150 1933 3206 callidior
1970 3150 2182 3207 cunctis

2366 3164 2385 3197 ι
2436 3144 2497 3199 '0
2519 3144 2730 3216 esset;
2746 3139 2816 3216 ἧν
2843 3142 3260 3216 φρονιμώτατος
3277 3130 3496 3197 παντων
3522 3141 3633 3197 τῶν
3659 3142 3871 3215 θηρίων

597 3248 966 3308 animantibus
990 3256 1148 3301 terrae
1174 3260 1294 3313 quae
1326 3245 1531 3300 fecerat
1562 3244 1820 3299 Dominus
1854 3244 2015 3299 Deus.
2049 3261 2069 3296 ι

671 3361 992 3432 Serpentem
1053 3358 1140 3412 liic
1201 3356 1441 3427 appellat
1484 3354 1744 3411 Satanam
1798 3358 1868 3410 ob
1923 3359 2031 3410 vim
2083 3370 2181 3410 no-

486 3458 489 3459 ⁷
600 3450 780 3517 ccndi,
821 3448 1277 3520 quemadmodum
1334 3446 1587 3501 Salvator
1627 3460 1867 3517 quoque,
1908 3445 2051 3511 Vidi,
2099 3448 2183 3502 itt-

601 3545 738 3614 quit,
774 3538 1035 3597 Satanam
1064 3540 1295 3611 fulguris
1339 3540 1509 3595 instar
1548 3539 1871 3594 decidentem
1913 3555 1940 3594 e
1969 3539 2096 3594 cado
2118 3539 2178 3593 δ’.

603 3636 667 3691 Ει
699 3653 713 3691 :
743 3634 879 3689 Ecce
908 3634 1049 3701 .dedi
1094 3633 1235 3687 vobis
1264 3641 1569 3701 potestatem
1612 3631 1858 3686 calcandi
1888 3648 2046 3702 super
2069 3648 2182 3688 ser-

600 3734 780 3797 pentes
806 3734 854 3779 et
884 3724 1119 3794 scorpios
1141 3721 1185 3792 ⁸,
1218 3729 1328 3778 etc.

671 3832 837 3890 Vens.
872 3833 927 3889 8.
976 3852 995 3887 ι
1023 3832 1092 3887 Ει
1124 3836 1295 3903 aperti
1329 3841 1458 3890 sunt
1494 3831 1637 3889 oculi
1679 3833 1968 3891 amborum
2002 3843 2058 3891 et
2088 3849 2182 3891 co-

603 3938 907 3999 gnoverunt
933 3942 992 3983 se
1014 3942 1135 3982 esse
1163 3926 1359 3982 nudos.
1396 3944 1417 3985 θ
2150 3912 2153 3915 γ

680 4040 751 4096 Et
799 4041 969 4108 aperti
1023 4048 1174 4106 sunt,
1227 4037 1428 4109 inquit,
1472 4038 1613 4093 oculi
1660 4040 1958 4096 amborum.
2000 4039 2184 4109 ῥυείη-ἰ

604 4142 785 4204 potest
812 4133 955 4187 unde
984 4132 1214 4188 edoctus
1238 4145 1468 4201 serpens
1495 4131 1609 4187 lucc
1634 4130 1817 4187 futura
1845 4132 2180 4201 praedixerit.

607 4227 759 4293 Quod
791 4225 936 4279 enim
964 4233 1188 4279 ventura
1217 4222 1516 4292 praevidere
1535 4224 1870 4283 daemonibus
1896 4240 2000 4280 non
2026 4239 2188 4280 «com.

612 4320 765 4387 petit,
798 4327 1025 4377 certum,
1073 4330 1195 4369 cum
1235 4317 1339 4370 hoc
1378 4330 1482 4370 non
1515 4317 1618 4371 nisi
1664 4315 1756 4372 Dei
1791 4317 2096 4386 preprium,
2135 4327 2192 4372 et

606 4424 798 4466 eorum
830 4408 1027 4478 quibus
1050 4406 1194 4461 Deus
1217 4408 1576 4463 concesserit.
1610 4407 1765 4464 Unde
1789 4409 2055 4481 propheta
2085 4410 2191 4464 dae-

2284 3238 2395 3293 τῶν
2416 3235 2509 3291 ἐπὶ
2541 3237 2646 3309 τῆς
2674 3237 2799 3308 γῆς,
2830 3229 2906 3291 ὧν
2934 3236 3166 3307 ἐποίησε
3208 3235 3414 3307 Κύριος
3445 3235 3475 3288 ό
3514 3234 3669 3299 Θεός.
3714 3253 3735 3288 s

2357 3352 2520 3422 Ὄφιν
2563 3350 2800 3405 ἐνταῦθα
2835 3349 2929 3404 τὸν
2985 3351 3259 3415 Σατανᾶν,
3286 3349 3375 3403 διὰ
3421 3350 3483 3403 τὸ
3538 3350 3866 3421 βλαπτικὸν,

2283 3443 2572 3514 ὀνομάζει·
2620 3441 2806 3507 καθὼς
2840 3443 2936 3495 καὶ
2983 3443 3012 3495 ό
3050 3442 3241 3515 Σωτήρ
3273 3456 3441 3511 φησιν
3464 3456 3479 3470 ο
3538 3440 3873 3511 Ἐθεώρουν

2284 3537 2391 3591 τόν
2419 3534 2699 3605 Σατανᾶν
2727 3537 2810 3602 ὡς
2829 3534 3156 3605 ἀστραπὴν
3171 3535 3439 3589 πεσόντα
3462 3534 3531 3587 ἐκ
3553 3533 3662 3589 τοῦ
3690 3538 3873 3604 οὐρα-

2282 3627 2417 3684 νοῦ.
2478 3629 2624 3683 Καὶ·
2670 3627 2820 3683 Ἰδοὺ
2876 3626 3107 3683 δέδωκα
3138 3626 3282 3697 ὑμῖν
3315 3626 3611 3692 ἐξουσίαν
3656 3626 3875 3680 πατεῖν

2283 3720 2486 3776 ἐπάνω
2512 3722 2707 3792 ὄφεων
2732 3721 2830 3776 καί
2860 3722 3192 3790 σκορπίων,
3219 3721 3314 3776 καὶ
3343 3719 3413 3774 τά
3437 3718 3586 3791 ἑξῆς.

2365 3850 2384 3885 ι
2429 3832 2542 3888 Καὶ
2589 3832 2977 3905 διηνοίχθησαν
3030 3831 3082 3887 oi
3139 3831 3414 3904 ὀφθαλμοὶ
3455 3832 3564 3887 τῶν
3620 3832 3739 3899 δύο,
3778 3832 3876 3886 καὶ

2286 3924 2536 3996 ἔγνωσαν
2571 3927 2655 3981 ὅτι
2690 3926 2892 3998 γυμνοὶ
2934 3920 3100 3999 ἦσαν.
3138 3944 3158 3978 ι

2358 4042 2469 4099 Καί
2489 4043 2951 4113 διηνοίχθησαν,
2974 4040 3161 4111 φησὶν,
3183 4043 3237 4096 οἱ
3261 4041 3559 4111 ὀφθαλμοὶ
3582 4039 3703 4095 τῶν
3736 4039 3875 4095 δύο.

2289 4132 2638 4205 Ζητούμενόν
2667 4136 2811 4198 ἐστι,
2840 4133 3005 4186 πόθεν
3036 4132 3071 4185 ό
3094 4132 3220 4202 ὄφις
3243 4131 3424 4200 γνοὺς,
3453 4130 3629 4186 ταῦτα
3652 4132 3876 4203 προέφη

2290 4228 2475 4292 αὐτοῖς
2501 4224 2903 4298 συμϐήσεσθαι.
2931 4228 3055 4279 Ὀτι
3079 4226 3191 4298 γὰρ
3220 4226 3282 4279 οὐ
3321 4226 3572 4296 μέτεστιν
3596 4226 3750 4296 αὐτῷ
3774 4228 3879 4296 τῆς

2289 4320 2399 4375 τῶν
2432 4318 2736 4391 μελλόντων
2772 4316 3170 4392 προγνώσεως,
3222 4318 3642 4389 ἀναντίρρητον,
3682 4317 3877 4387 ἐπειδὴ

2292 4411 2431 4466 Θεοὸ
2452 4410 2614 4466 τοῦτο
2643 4410 2927 4482 ἐξαίρετον
2966 4409 3123 4474 ἴδιον,
3155 4408 3253 4463 καὶ
3284 4408 3434 4473 ὅσοις
3480 4409 3549 4463 ἂν
3574 4409 3745 4474 αὐτὸς
3771 4410 3877 4463 δω-

608 4516 801 4559 mones
829 4500 903 4556 ita
933 4499 1231 4570 alloquitur
1259 4518 1273 4555 :
1311 4500 1569 4555 Nuntiate
1603 4500 1754 4556 nobis
1790 4518 1908 4573 quae
1944 4512 2185 4568 uentura,

2296 4507 2550 4577 ρήσηται.
2576 4505 2742 4573 Λέγει
2766 4503 2899 4573 γοῦν
2924 4503 3001 4568 ώς
3039 4502 3176 4574 πρὸς
3203 4504 3332 4566 τοὺς
3373 4502 3636 4572 δαίμονας
3659 4502 3688 4555 ό
3735 4520 3879 4572 προ-

610 4605 658 4652 et
682 4595 905 4651 sciemus
932 4595 1183 4665 quoniam
1223 4594 1301 4649 dii
1339 4595 1465 4649 estis
1490 4596 1531 4649 ⁸.
1584 4594 1771 4651 Dicam
1819 4597 1982 4666 igitur
2011 4597 2185 4664 illum,

612 4704 733 4745 cum
775 4687 1236 4758 prudentissimus
1283 4686 1354 4741 sit
1395 4687 1554 4758 juxta
1610 4686 1909 4758 Scriptura:
1949 4690 2015 4744 dc
2070 4690 2189 4760 ipso

610 4782 850 4847 clintum,
901 4788 955 4835 et
1009 4794 1072 4833 ex
1134 4779 1374 4834 minimis
1416 4795 1633 4850 magna,
1669 4791 1833 4852 atque
1887 4798 1953 4836 ex
2003 4783 2190 4851 paucis

614 4873 766 4945 plura
795 4872 1104 4943 perspicere
1142 4870 1339 4933 valeat,
1379 4871 1449 4925 ab
1473 4872 1553 4927 eis
1583 4888 1703 4942 quae
1740 4873 1882 4929 Deus
1913 4876 1981 4930 ad
2014 4876 2189 4931 Adam

614 4965 915 5035 protulerat
967 4974 1196 5018 ventura
1245 4979 1469 5034 qumque
1509 4965 1835 5033 providisse.
1873 4966 1997 5023 "th
2044 4969 2189 5023 cnim

614 5058 694 5112 sic
727 5064 967 5112 sonant:
1006 5057 1079 5110 De
1128 5057 1271 5125 ligno
1310 5069 1483 5112 autem
1526 5060 1879 5128 cognoscendi
1909 5060 2102 5115 bonum
2144 5073 2193 5117 et

618 5151 838 5217 nmium,
878 5167 980 5206 non
1014 5154 1181 5205 edetis
1223 5151 1289 5205 de
1331 5152 1595 5221 illo:qua
1626 5151 1713 5206 die
1757 5160 1933 5204 autem
1979 5153 2193 5208 ederitis

617 5257 682 5299 ea:
730 5260 812 5310 ea,
867 5254 1036 5298 morte
1092 5243 1411 5297 moriemini.
1464 5242 1739 5299 ltilellexit
1792 5258 1944 5313 ergo,
2002 5255 2192 5316 utpote

498 5404 501 5407 Α
618 5333 878 5403 prudens,
911 5348 942 5388 a
971 5334 1191 5389 nomine
1220 5335 1597 5398 arboris'quid
1640 5336 1995 5391 eveniendum
2028 5351 2145 5393 erat
2176 5357 2191 5394 :

620 5441 715 5483 eos
737 5424 943 5481 scilicet
992 5426 1429 5485 corroborandos
1466 5438 1775 5491 essc,*,cum
1815 5428 2047 5499 primum
2074 5432 2195 5486 cibo

622 5517 712 5574 illo
738 5515 936 5571 iuerint
972 5516 1076 5571 usi.
1106 5515 1222 5571 Hoc
1255 5518 1400 5572 enim
1442 5517 1781 5586 signiﬁcatur
1821 5522 2028 5590 apertis
2061 5540 2196 5578 ocu-

621 5609 708 5664 lis.
750 5608 1117 5663 Corroborato
1161 5618 1340 5664 autem
1382 5609 1434 5664 in
1478 5610 1559 5665 eis
1592 5611 1774 5664 nativo
1825 5623 2061 5683 torpore,
2103 5631 2195 5671 ar-

622 5702 858 5757 dcndum
902 5710 1023 5756 erat
1066 5701 1148 5756 eis
1188 5700 1332 5756 circa
1379 5701 1661 5795 nuptiales.
1709 5704 2026 5775 voluptates.
2078 5708 2197 5775 Quo

696 5859 738 5894 “
768 5860 901 5916 Luc.
927 5874 982 5926 ς,
1012 5858 1098 5915 l8.
1173 5858 1195 5891 ⁸
1222 5856 1353 5914 ibid.
1382 5856 1467 5914 i9.
1544 5857 1564 5890 ⁸
1589 5856 1691 5914 lsa.
1719 5860 1945 5931 ιαμ-25.

2293 4598 2491 4668 φήτης,
2508 4596 2930 4665 Ἀναγγείλατε
2945 4594 3089 4663 ἡμῖν
3105 4595 3175 4649 τὰ
3195 4594 3572 4663 ἐπερχόμενα
3598 4594 3657 4646 τι
3677 4595 3875 4657 ἔσται,

2293 4689 2395 4746 καί
2436 4688 2788 4760 γνωσόμεθα
2832 4688 2924 4741 ὅτι
2966 4688 3091 4742 θεοί
3153 4687 3317 4741 ἐστε.
3370 4688 3521 4756 Φημὶ
3560 4687 3764 4749 τοίνυν,
3793 4687 3877 4739 ὅτι

2296 4781 2711 4858 φρονιμώτατος
2746 4781 2823 4836 ὣν
2860 4782 3005 4836 κατά
3030 4782 3130 4852 τὴν
3159 4782 3259 4847 τῆς
3281 4781 3507 4851 Γραφῆς
3541 4781 3669 4850 περὶ
3704 4778 3877 4834 αὐτοῦ

2300 4876 2632 4951 μαρτυρίαν,
2661 4875 2759 4930 καὶ
2801 4874 2976 4937 δεινδς
3028 4874 3093 4927 ὲκ
3137 4874 3352 4946 μικρῶν
3393 4873 3624 4946 μεγάλα,
3680 4874 3776 4926 καὶ
3818 4871 3879 4935 ἐξ

2264 4977 2279 4995 ⁸
2299 4973 2497 5042 ὀλίγων
2536 4969 2713 5024 πολλὰ
2743 4968 2996 5033 συνιδεῖν,
3024 4966 3090 5020 ὲκ
3126 4966 3237 5019 τῶν
3268 4967 3406 5034 πρδς
3427 4965 3521 5021 τὸν
3569 4964 3743 5035 Ἀδὰμ
3780 4963 3874 5017 τοῦ

2299 5064 2434 5119 Θεοῦ
2469 5062 2731 5136 ῥημάτων
2758 5059 3092 5131 ἐστοχάσατο
3122 5058 3220 5129 τὴν
3246 5058 3541 5113 ἀπόϐασιν.
3582 5058 3737 5126 Ἔχει
3772 5058 3879 5125 γὰρ

2297 5158 2502 5221 οὕτως’
2540 5154 2683 5211 Ἀπὸ
2706 5154 2774 5209 δὲ
2799 5153 2905 5208 τοῦ
2941 5152 3133 5217 ξύλου
3173 5150 3281 5205 τοῦ
3324 5150 3646 5220 γινώσκειν
3689 5150 3882 5202 καλὸν

2300 5249 2400 5304 καί
2444 5247 2712 5317 πονηρὸν
2769 5248 2842 5301 οὐ
2897 5245 3162 5315 φάγεσθε
3218 5242 3319 5297 ἀπ’
3353 5242 3564 5299 αὐτοῦ.
3609 5235 3693 5312 τῌ
3715 5241 3767 5292 δ’
3806 5241 3883 5293 ἂν

2302 5342 2492 5411 ἡμέρᾳ
2520 5340 2797 5411 φάγησθε
2823 5338 2924 5394 ἀπ’
2964 5336 3179 5400 αὑτοῦ,
3206 5334 3439 5400 θανάτῳ
3453 5333 3879 5389 ἀποθανεῖσθε.

2302 5435 2544 5505 Συνῆκεν
2589 5430 2685 5487 οὖν
2713 5432 2790 5495 ὡς
2822 5432 3088 5504 φρόνιμος
3116 5432 3181 5483 ἐκ
3217 5427 3313 5481 τοῦ
3354 5427 3621 5497 ὀνόματος
3648 5425 3746 5478 τοῦ
3780 5442 3887 5492 φυ-

2301 5526 2397 5581 τοῦ
2420 5525 2481 5579 τὸ
2509 5524 2929 5595 ἀποϐησόμενον
2953 5540 2965 5554 °
2989 5524 3082 5577 καὶ
3108 5524 3193 5575 ὅτι
3220 5519 3322 5589 τῆς
3342 5519 3549 5590 τροφῆς
3584 5517 3887 5588 μετασχόνο

2303 5636 2424 5683 τες,
2480 5618 2824 5688 ὲνισχύσουσι
2874 5616 2974 5687 μὲν
3028 5615 3103 5679 ὼς
3153 5611 3301 5676 εἰκός
3330 5627 3345 5641 ο
3386 5610 3546 5664 τοῦτο
3572 5608 3683 5680 γὰρ
3734 5608 3885 5676 λέγει

2305 5709 2568 5779 διάνοιξιν
2600 5707 2897 5781 ὀφθαλμῶν
2924 5730 2937 5744 ο
2970 5706 3358 5779 ὲνισχύσαντες
3391 5702 3451 5758 δὲ
3494 5702 3597 5773 τὴν
3643 5698 3884 5771 φυσικὴν
