4164 6546
328 406 466 480 1637

1422 392 1425 397 ’
1474 412 1558 478 IN
1597 362 1928 479 GENESIN
1971 410 2462 479 FRAGMENTA.
2513 447 2521 455 ο

3448 405 3591 490 1638'

326 532 387 585 ἐν
412 527 602 592 αὐτοῖς
628 523 933 597 νάρκωσιν,
963 522 1461 599 ἀναζωπυρήσουσι
1488 529 1587 601 τὴν
1620 529 1721 601 τῆς
1740 548 1879 602 γαμι

2011 529 2228 599 quidem
2257 530 2423 596 facto,
2452 541 2673 585 necesse
2696 537 2815 585 erat
2842 536 2898 583 ut
2921 506 3124 600 pudore
3149 524 3516 604 adicerentur,
3536 548 3594 594 et

326 621 430 692 κῆς
461 618 714 689 εὐλογίας
730 615 1055 689 ἐπιθυμίαν·
1094 618 1285 674 τούτου
1300 620 1356 673 δὲ
1375 638 1439 675 συ
1448 621 1683 693 μ6άντος
1702 624 1911 691 αὐτοῖς,

327 714 395 765 τὰ
424 712 525 783 τῆς
553 710 823 781 αἰσχύνης
875 709 937 775 ἐξ
997 710 1250 783 ἀνάγκης
1299 712 1765 785 ἐπισυμϐήσεται,
1814 715 1911 770 καί

326 804 554 876 ἥξουσιν
617 802 793 867 οὕτως
824 802 908 867 εἰς
953 802 1247 872 διάγνωσιν
1303 804 1473 858 καλοῦ
1496 823 1555 859 τε
1575 804 1670 861 καὶ
1712 806 1909 862 κακοῦ.

341 889 505 950 Ἀλλὰ
533 896 660 970 μὴν,
693 893 769 961 ὼς
797 892 896 968 τὴν
927 895 1203 966 ἐνίσχυσιν
1233 897 1414 969 ἡμῶν,
1447 898 1706 965 διάνοιξιν
1728 899 1911 969 λέγειν

330 982 625 1059 ὀφθαλμῶν
657 981 798 1041 οῐδεν
833 984 868 1057 ὴ
897 985 1018 1040 θεία
1054 982 1273 1060 Γραφὴ,
1319 986 1468 1058 λέγει
1507 992 1540 1061 ἡ
1578 989 1773 1063 πρώτη
1800 991 1910 1046 τῶν

331 1078 654 1144 Βασιλειῶν,
686 1079 769 1133 ὅτι
824 1077 921 1132 τοῦ
968 1078 1142 1134 Σαούλ
1168 1097 1301 1134 ποτε
1352 1082 1721 1153 πολεμοῦντος
1749 1083 1910 1137 ἁλλο-

332 1169 558 1241 φύλοις,
602 1169 702 1224 καί
748 1170 1208 1241 καταρασαμένου
1259 1172 1351 1227 τὸν
1383 1171 1533 1236 λαὸν,
1584 1173 1633 1227 εἰ
1670 1173 1777 1245 πρὸ
1811 1175 1909 1246 τῆς

332 1260 577 1335 ἑσπέρας
604 1262 899 1334 μεταλάόοι
938 1262 1170 1335 τροφῆς,
1188 1263 1447 1320 Ίωνάθαν
1498 1266 1527 1318 6
1564 1266 1683 1329 υίὸς
1739 1266 1908 1319 αὑτοῦ

331 1355 523 1409 τοῦτον
558 1354 659 1407 ούκ
701 1353 1040 1425 ἐπακήκοεν.
1082 1352 1360 1408 Εἰσελθὼν
1397 1354 1454 1408 δέ
1486 1356 1628 1409 κατά
1655 1374 1706 1409 τι
1742 1357 1910 1427 μέρος

332 1445 565 1518 δρυμοῦ,
610 1446 1006 1518 περιτυγχάνει
1042 1445 1429 1519 συστρέμματι
1469 1446 1761 1518 μελισσῶν,
1815 1449 1910 1503 καὶ

331 1539 583 1601 ἐκτείνας
613 1538 673 1592 τὸ
712 1539 883 1609 ἄκρον
923 1536 1017 1591 τοῦ
1083 1539 1364 1609 σκήπτρου
1403 1538 1497 1592 τοῦ
1548 1541 1608 1594 ἐν
1649 1542 1716 1611 τῇ
1767 1540 1912 1613 χειρί

330 1628 521 1696 αὐτοῦ,
552 1629 816 1701 ἐνέϐαψεν
845 1629 978 1684 αύτὸ
1011 1628 1091 1694 είς
1116 1628 1177 1682 τὸ
1211 1631 1409 1702 κηρίον
1434 1630 1526 1684 τοῦ
1557 1632 1794 1703 μέλιτος,
1816 1633 1912 1686 καὶ

329 1722 637 1791 ἐπέστρεψε
670 1719 769 1793 τὴν
803 1721 965 1791 χεῖρα
993 1717 1158 1772 αὐτοῦ
1194 1719 1277 1783 εἰς
1307 1718 1367 1774 τὸ
1396 1721 1572 1792 στόμα
1596 1721 1788 1786 αὐτοῦ,
1816 1722 1911 1776 καί

329 1812 636 1885 ἀνέϐλεψαν
674 1815 723 1867 οἰ
756 1810 1032 1883 ὀφθαλμοὶ
1061 1808 1252 1865 αὑτοῦ.
1280 1811 1484 1866 Μαθὼν
1505 1813 1559 1867 δὲ
1584 1815 1723 1884 μετὰ
1750 1813 1911 1868 τοῦτο

2013 622 2087 677 ad
2111 622 2442 691 agnitionem
2466 621 2593 677 boni
2617 627 2671 677 ct
2697 620 2824 677 mali
2856 623 3124 679 venirent.
3150 624 3303 691 Quod
3326 636 3506 684 autem
3533 630 3591 685 lu

2013 716 2195 769 divlna
2225 712 2509 785 Scriptura
2539 712 2725 770 oculos
2765 715 2964 783 aperiri
3013 716 3154 770 idem
3189 728 3345 774 sonet
3370 734 3433 775 ac
3468 735 3589 777 cor-

2013 806 2284 871 roborari,
2317 815 2541 885 apparet
2573 821 2638 863 ex
2668 805 2842 876 primo
2870 805 3011 862 libro
3041 808 3271 879 Regum.
3291 810 3426 866 Nam
3458 813 3586 869 Saul

2011 908 2135 950 cum
2182 894 2514 965 alienigenas
2553 892 2863 961 lacesseret,
2900 907 2954 952 et
2983 900 3236 969 pepulum
3278 902 3621 971 adjuravis--
3704 952 3709 959 .

2011 992 2114 1047 set,
2159 998 2231 1038 ne
2260 985 2385 1053 quis
2430 991 2559 1038 aute
2590 996 2875 1054 vesperam
2924 997 3140 1056 caperet
3188 990 3392 1055 cibum,
3424 990 3590 1045 Jona-

2014 1075 2143 1130 tltun
2172 1075 2311 1155 filius
2329 1075 2446 1145 ejus
2462 1092 2570 1131 non
2586 1077 2794 1132 audivit
2812 1078 3176 1134 maledictum.
3196 1081 3474 1152 Ingressus
3491 1084 3590 1155 igi-

2014 1174 2101 1221 tur
2128 1153 2320 1222 nemus
2357 1167 2649 1238 quoddam,
2680 1169 2890 1239 apiario
2916 1172 3175 1237 occurrit,
3203 1182 3257 1227 et
3290 1153 3588 1232 extendens

2012 1258 2378 1329 summitatem
2405 1261 2606 1331 sceptri
2634 1262 2715 1331 sui
2742 1264 2886 1332 quod
2923 1263 2977 1317 in
3009 1279 3171 1318 manu
3206 1280 3315 1320 suae
3346 1269 3584 1335 tenebat,

2012 1352 2175 1407 tinxit
2231 1352 2375 1407 illam
2420 1353 2473 1409 in
2527 1353 2650 1409 favo
2704 1356 2901 1420 mellis,
2954 1363 3009 1410 et
3060 1358 3329 1412 convertit
3369 1374 3586 1414 manuni

2012 1448 2167 1499 Suam
2200 1446 2268 1500 ad
2308 1460 2371 1500 os
2411 1461 2592 1509 suum,
2640 1454 2695 1502 et
2726 1454 3087 1516 ‘suspexeruut
3141 1448 3281 1502 oculi
3312 1447 3449 1514 ejus.
3483 1449 3591 1506 Co-

2012 1532 2164 1601 gnito
2211 1544 2391 1588 autem
2444 1547 2631 1603 pOStea
2687 1536 2976 1591 maledicto
3018 1538 3211 1607 patris,
3248 1538 3588 1595 dixitzPer-

2012 1623 2242 1677 turbavit
2286 1633 2439 1691 pater
2471 1640 2616 1677 meus
2654 1632 2873 1679 terram.
2907 1623 3040 1681 Vide
3084 1630 3336 1698 quoniam
3385 1629 3591 1701 gustavi

2013 1716 2161 1770 brere
2197 1716 2324 1785 quid
2355 1713 2419 1769 de
2450 1714 2604 1769 melle
2634 1718 2754 1781 hoc,
2779 1717 3019 1771 viderunt
3038 1720 3182 1772 oculi
3212 1722 3378 1777 mei".
3420 1723 3589 1778 Simi-

2012 1808 2080 1862 lia
2101 1823 2231 1879 ergo
2261 1816 2511 1878 putemus
2534 1807 2728 1877 primis
2748 1809 3056 1865 hominibus
3082 1812 3351 1876 evenisse,
3374 1816 3590 1885 quando

303 1904 423 1959 ⁹τοῦ
456 1903 687 1976 πατρὸς,
724 1902 882 1975 φησί,
905 1900 1004 1974 τὴν
1038 1900 1197 1973 ἀρὰν,
1240 1898 1415 1956 εἰπενο
1454 1902 1838 1974 Ἁπήλλαχεν
1875 1908 1909 1961 ὀ

2013 1899 2182 1970 aperti
2202 1898 2499 1954 Suntoculi.
2516 1897 2670 1965 Quod
2693 1899 2838 1953 enim
2856 1906 3015 1954 antea
3035 1899 3204 1956 clausi
3226 1916 3332 1957 uou
3350 1903 3587 1970 fuerant,

327 1995 527 2066 πατήρ
539 2012 661 2065 μου
682 1993 798 2064 τὴν
823 1990 961 2062 γῆν.
999 1991 1125 2047 Ἴδε
1150 1991 1300 2047 διότι
1329 1992 1674 2063 ἐγευσάμην
1699 1994 1906 2065 βραχὺ

325 2085 434 2141 τοῦ
482 2084 731 2155 μέλιτος
774 2083 993 2138 τούτου
1019 2098 1035 2114 θ
1099 2077 1267 2137 εῖδον
1308 2084 1363 2137 οἰ
1415 2083 1716 2152 ὀφθαλμοί
1761 2101 1904 2154 μου.

327 2176 515 2240 Οὕτως
565 2172 659 2231 οὖν
692 2174 789 2231 καὶ
839 2174 934 2229 ἐπὶ
966 2172 1075 2229 τῶν
1124 2173 1570 2247 πρωτοπλάστων
1618 2176 1907 2248 νοήσωμεν

326 2271 434 2325 τῶν
463 2271 761 2342 ὀφθαλμῶν
795 2270 896 2342 τὴν
924 2268 1207 2335 διάνοιξιν.
1240 2267 1364 2323 Ὅτι
1398 2264 1507 2340 γὰρ
1543 2270 1729 2334 αὐτοῖς
1760 2266 1908 2325 οὗτοι

326 2364 423 2419 καὶ
485 2362 595 2435 πρὸ
632 2364 731 2434 τῆς
778 2362 1037 2436 βρώσεως
1080 2361 1182 2417 οὐκ
1226 2360 1562 2429 ἐκέκλειντο,
1618 2362 1906 2434 πρόδηλον,

327 2451 469 2510 Εἷδε
488 2450 635 2526 ⁸γὰρ,
658 2453 848 2527 φησὶν,
882 2453 921 2521 ἢ
948 2452 1104 2523 γυνὴ
1132 2453 1221 2507 ὅτι
1250 2452 1444 2506 καλὸν
1486 2451 1553 2506 τὸ
1584 2452 1777 2518 ξύλον
1822 2455 1910 2520 εἰς

322 2546 582 2616 βρῶσιν,
648 2545 747 2600 καί
797 2544 886 2600 ὅτι
928 2543 1187 2615 ἀρεστὸν
1251 2542 1376 2609 τοῖς
1427 2543 1761 2613 ὀφθαλμοῖς
1796 2543 1905 2599 τοῦ

330 2639 503 2694 ἰδεῖν.
548 2638 704 2693 Οὕτω
729 2637 829 2710 μὲν
878 2632 973 2691 οὖν
1004 2635 1126 2690 κατ’
1151 2636 1294 2707 ἐμὴν
1313 2634 1526 2688 ἔννοιαν
1560 2634 1657 2688 καί
1691 2634 1852 2701 δόξαν
1877 2635 1907 2688 6

324 2730 453 2801 δφις
486 2731 596 2785 ἀπὸ
616 2730 718 2801 τῆς
744 2728 840 2783 τοῦ
866 2728 1024 2794 ξύλου
1056 2726 1433 2800 προσηγορίας
1456 2725 1600 2795 ἔγνω
1634 2726 1813 2781 ταῦτα
1839 2729 1906 2797 τῇ

326 2820 555 2889 γυναικί
585 2820 873 2892 προειπεῖν
894 2833 909 2850 ⁸
962 2814 1343 2888 ἐκακούργησε
1383 2815 1439 2869 δέ
1463 2814 1558 2886 ἀφ’
1582 2814 1778 2870 ἑαυτοῦ
1820 2816 1910 2884 τὸ,

331 2911 418 2965 (ἰὺ
473 2911 707 2976 θανάτῳ
733 2908 1154 2973 ἀποθανεῖσθε,
1218 2906 1563 2977 ψευσάμενος
1593 2923 1610 2939 σ
1673 2908 1769 2962 καί
1808 2907 1906 2976 τὸ,

2008 1986 2382 2042 manifestum.
2432 1985 2567 2041 Nam
2609 1987 2738 2041 vidit
2794 1989 3004 2055 mulier,
3054 1989 3149 2056 ait,
3195 1993 3448 2061 quoniam
3494 1996 3590 2048 bo-

2008 2096 2134 2136 num
2165 2088 2243 2134 est
2272 2078 2475 2150 lignum
2507 2079 2578 2133 ad
2606 2095 2802 2145 escam,
2831 2089 2882 2134 et
2913 2082 3039 2151 quia
3065 2094 3276 2153 gramm
3311 2083 3478 2139 oculis
3519 2084 3593 2139 ad

2006 2170 2308 2225 videndum.
2344 2168 2446 2234 lta,
2496 2178 2556 2224 ut
2596 2169 2790 2241 opinor
2811 2179 2864 2226 et
2896 2185 3117 2237 censeo,
3163 2178 3419 2244 cognovit
3466 2191 3584 2232 scr-

2008 2279 2142 2335 peus
2174 2265 2241 2319 ab
2272 2263 2391 2333 ipso
2436 2262 2564 2332 ligni
2599 2263 2818 2318 nomine
2848 2278 2971 2334 qua:
3012 2266 3222 2321 mulieri
3251 2270 3586 2336 praznuutia-

2007 2352 2102 2407 vit.
2136 2349 2212 2407 De
2241 2352 2538 2422 semetipso
2565 2361 2747 2406 autem
2779 2355 3041 2409 mentitur
3073 2355 3202 2412 illud
3230 2375 3245 2412 :
3275 2356 3397 2413 Non
3422 2345 3589 2415 morte

2008 2436 2327 2510 moriemini,
2363 2445 2507 2501 haud
2541 2460 2699 2502 secus
2743 2460 2807 2500 ac
2838 2446 2972 2502 illud
3002 2466 3015 2502 :
3049 2458 3096 2503 et
3125 2450 3275 2506 eritis
3322 2453 3458 2507 sicut
3487 2455 3586 2508 dii.

2010 2534 2132 2592 Non
2188 2537 2335 2593 enim
2390 2538 2465 2592 dii
2506 2532 2685 2594 effecti
2727 2544 2888 2604 sunt,
2950 2554 3076 2595 esca
3128 2551 3366 2612 sumpta,
3416 2546 3510 2600 sed
3557 2561 3591 2602 e

2015 2630 2296 2687 contrario
2341 2630 2526 2687 carnis
2571 2631 2899 2702 cupiditates
2949 2633 3197 2703 protinus
3248 2647 3591 2706 agnoverunt
3672 2689 3674 2691 ,

2010 2722 2067 2777 in
2099 2710 2325 2793 seipsis,
2348 2731 2405 2778 et
2446 2736 2506 2777 se
2530 2722 2709 2792 reipsa
2746 2733 2921 2778 morte
2946 2723 3235 2780 damnatos
3271 2742 3393 2783 esse
3423 2743 3487 2783 ex
3522 2743 3590 2783 eo

2008 2813 2423 2880 intellexerunt,
2452 2815 2594 2885 quod
2621 2824 2812 2869 natura
2853 2816 3092 2886 ipsorum
3126 2818 3407 2875 immutata
3441 2830 3591 2877 esset

2011 2917 2065 2962 et
2090 2906 2155 2960 ad
2184 2907 2552 2977 procreaudos
2579 2920 2778 2977 pueros
2806 2905 3201 2962 excitarentur.

327 3004 409 3070 ὠς
428 3002 581 3072 Θεοί,
607 3000 1011 3074 παρενθείς.ού
1027 2997 1308 3072 γάρτοῦτο
1355 3000 1624 3069 φαγόντες
1648 2999 1925 3069 ἐγένοντο,
1965 2998 2083 3053 ἀλλ’
2120 2999 2250 3054 ἀντὶ
2287 2997 2497 3053 τούτων
2516 2998 2586 3053 τά
2617 2998 2720 3069 τῆς
2786 2998 2989 3070 θνητῆς
3025 3000 3353 3069 ἐπέγνωσαν
3378 3001 3437 3055 ἐν
3471 3002 3594 3055 ἐαυ-

325 3100 443 3160 τοῖς
474 3096 674 3150 αὐτίκα
725 3093 871 3164 πάθη
900 3092 1134 3163 σαρκόςο
1173 3091 1267 3145 καὶ
1292 3089 1645 3162 κεκυρῶσθαι
1697 3090 1791 3145 τοῦ
1866 3090 2100 3147 θανάτου
2149 3090 2272 3145 κατ’
2306 3091 2487 3145 αὐτῶν
2552 3090 2782 3163 ἀληθῶς
2821 3091 2922 3164 τὴν
2966 3091 3245 3161 ἀπόφασιν
3294 3092 3322 3148 ἐ
3369 3094 3500 3150 αθον
3526 3095 3593 3150 ἐκ

325 3192 428 3262 τῆς
465 3189 576 3243 ἀπὸ
605 3186 708 3257 τῆς
741 3185 957 3255 φύσεως
986 3181 1167 3238 αὐτῶν
1197 3181 1471 3251 διαδοχῆς,
1499 3181 1591 3235 διὰ
1634 3181 1729 3237 τοῦ
1757 3182 1895 3254 πρὸς
1931 3183 2285 3253 παιδογονίαν
2310 3182 2630 3254 ἐρεθισμοῦ.

405 3302 424 3335 ι
458 3281 570 3336 Καὶ
624 3277 871 3351 ἔρραψαν
900 3274 1077 3347 φύλλα
1114 3273 1317 3345 συκῆς,
1354 3274 1451 3327 καὶ
1480 3274 1747 3347 ἐποίησαν
1778 3276 1907 3329 ἐαυ-

2084 3295 2104 3329 ι
2133 3276 2201 3331 Ει
2251 3284 2589 3333 consuerunt
2626 3275 2759 3332 folia
2790 3276 2905 3345 fici,
2940 3285 2997 3332 et
3023 3275 3272 3333 fecerunt
3309 3279 3413 3336 sibi
3458 3294 3589 3341 sues

327 3376 443 3433 τοῖς
474 3368 856 3442 περιζώματα.
903 3386 923 3421 s

413 3461 559 3533 Ἐγὼ
596 3460 804 3532 νομίζω
836 3457 929 3512 τὸν
963 3456 1242 3528 Δεσπότην
1285 3456 1418 3510 Θεὸν
1460 3454 1694 3509 ἐνθεῖναι
1722 3455 1908 3521 αὐτοῖς

328 3558 429 3631 τὴν
456 3554 722 3625 αἰσχύνην
746 3550 887 3623 μετά
909 3548 1009 3622 τὴν
1050 3548 1389 3622 παράϐασιν,
1411 3548 1490 3612 ὡς
1516 3546 1584 3601 ἂν
1620 3548 1910 3621 καὶταύτῃ

328 3650 471 3724 πρὸς
500 3648 600 3719 τὴν
631 3645 743 3700 τῶν
758 3642 1179 3717 ἁμαρτημάτων
1196 3642 1616 3698 ἀνακόπτωνται
1642 3641 1905 3695 ἐπίδοσιν.

334 3746 524 3798 ,Εοικε
556 3740 739 3811 μέντοι
764 3738 855 3792 διὰ
878 3736 1099 3791 πάντων
1131 3735 1261 3809 περί
1289 3732 1385 3789 τοῦ
1420 3734 1582 3801 ξύλου
1610 3735 1710 3807 τῆς
1738 3736 1910 3807 συκῆς

221 3849 225 3853 ’
325 3832 667 3905 πεποιῆσθαι
700 3830 835 3903 πρὸς
854 3829 1053 3892 αὐτοὺς
1070 3830 1099 3882 6
1113 3827 1247 3892 Θεὸς
1262 3827 1325 3881 τὸ
1342 3825 1737 3899 παράγγελμα.
1771 3824 1910 3880 Οῦτε

325 3929 439 3998 γὰρ
467 3926 533 3980 ἂν
558 3923 720 3988 εὐθὺς
745 3921 895 3994 μετὰ.
912 3920 1013 3992 τὴν
1050 3919 1263 3989 γεῦσιν,
1299 3919 1700 3990 ἐπιγενομένης
1722 3918 1911 3983 αὐτοῖς

324 4022 431 4094 ’τῆς
452 4016 738 4089 αἰσχύνης,
775 4013 1002 4087 ἔμελλον
1026 4012 1090 4066 τὸ
1116 4011 1292 4084 παρὸν
1320 4012 1540 4083 δένδρον
1560 4010 1911 4083 καταλιμπά-

324 4129 536 4177 νοντες,
577 4108 918 4181 ἐκπεριιέναι
971 4104 1164 4176 ζητεῖν
1211 4104 1270 4170 ἐξ
1312 4104 1437 4157 ὅτου
1497 4104 1865 4158 σκεπάσονται
1893 4120 1907 4134 ·

328 4205 429 4259 καὶ
450 4204 548 4274 τῆς
584 4202 735 4264 θείας
758 4198 1072 4265 αἰσθόμενοι
1100 4196 1428 4267 παρουσίας,
1459 4195 1562 4249 οὐκ
1592 4196 1659 4249 ἂν
1682 4195 1910 4260 ἑαυτοὺς

272 4280 286 4296 ’
328 4295 426 4351 ὑπ’
457 4296 636 4348 ἐκεῖνο
671 4291 1081 4361 κατέκρυπτον,
1115 4289 1246 4358 περὶ
1272 4286 1302 4340 ὃ
1336 4287 1907 4358 παρανενομήκεισαν,

335 4389 414 4461 μὴ
443 4387 509 4443 ἀθ
520 4386 638 4459 ρόον
667 4384 760 4438 ὑπ’
793 4381 981 4439 αὑτοῦ.
1014 4382 1109 4435 καὶ
1133 4378 1319 4451 σχεδὸν
1345 4378 1620 4442 ἐσθίοντες
1642 4379 1724 4432 ἔτι
1745 4396 1913 4433 κατα-

334 4480 654 4552 ληφθέντες.
684 4476 889 4532 Τούτου
919 4475 977 4529 δέ
1013 4472 1108 4527 νῦν
1154 4471 1563 4545 ἐπιμνησθῆναι
1595 4472 1808 4543 καιρὸς,
1829 4472 1911 4526 ὅτι.

329 4554 590 4645 ’κῖτῖτὴν
623 4573 793 4642 ἓκτην
814 4570 1031 4642 ἡμέραν
1070 4570 1098 4622 6
1127 4567 1417 4637 ἄνθρωπος
1466 4566 1565 4619 καὶ
1594 4565 1908 4637 γενόμενος,

2008 3367 2294 3425 cinctoria.
2334 3386 2355 3422 ι

2083 3460 2261 3515 Credo
2309 3474 2405 3515 eos
2439 3458 2505 3513 de
2542 3457 2636 3512 Dei
2664 3455 2879 3513 Domini
2908 3460 3160 3527 consilio,
3213 3461 3413 3516 violata
3447 3462 3588 3532 lege,

2004 3552 2265 3623 protinus
2300 3551 2505 3620 pudore
2528 3550 2699 3607 fuisse
2738 3550 3015 3615 confusos,
3045 3560 3100 3605 ut
3130 3552 3212 3607 vel
3256 3551 3381 3607 ideo
3405 3567 3436 3606 a
3466 3569 3589 3623 pec.

2006 3644 2169 3701 candi
2207 3642 2434 3698 libidine
2454 3650 2857 3698 averterentur.
2894 3641 3119 3698 Videtur
3143 3652 3321 3699 autem
3345 3658 3442 3714 per
3471 3661 3590 3700 out-

2013 3737 2107 3794 nia
2141 3738 2208 3794 de
2239 3737 2385 3808 ligno
2411 3737 2497 3793 fici
2536 3736 2735 3792 factum
2758 3750 2881 3792 esse
2908 3737 2974 3790 ad
2994 3751 3093 3793 eos
3126 3735 3217 3791 Dei
3253 3738 3589 3793 mandatum.

2009 3827 2128 3885 Non
2155 3830 2301 3884 enim
2333 3842 2458 3883 cum
2499 3842 2680 3884 escam
2715 3834 3090 3899 gustaverant,
3136 3838 3192 3882 et
3227 3829 3422 3883 rubore
3466 3830 3589 3883 atil-

2012 3921 2319 3988 ciebantur,
2368 3921 2596 3977 decebat
2646 3935 2742 3976 eos
2788 3919 2975 3976 statim
3021 3920 3163 3975 istud
3208 3919 3413 3992 lignum
3451 3921 3588 3977 ellu-

2012 4029 2159 4085 gere,
2190 4012 2566 4068 et'circumire
2593 4026 2657 4067 ac
2685 4024 2929 4081 quaerere
2958 4011 3098 4067 unde
3122 4014 3500 4081 operirentur;
3524 4030 3591 4070 ac

2016 4106 2110 4163 Dei
2150 4104 2490 4177 praesentiam
2539 4103 2986 4171 reformidantes,
3035 4118 3308 4174 nunquam
3357 4120 3419 4162 se
3451 4106 3584 4162 illuc

2012 4199 2403 4269 confugissent,
2433 4197 2526 4252 ubi
2556 4205 2937 4267 peccaverant,
2982 4197 3038 4253 ni
3082 4197 3150 4252 ab
3181 4212 3249 4253 eo
3290 4198 3587 4269 improviso

2013 4301 2069 4347 et
2120 4306 2289 4362 prope
2335 4291 2686 4346 comedentes
2732 4288 2914 4346 adhuc
2964 4290 3286 4359 deprehensi
3334 4290 3586 4348 fuissent.

2012 4381 2318 4440 Notandum
2362 4388 2451 4437 est
2489 4381 2651 4435 etiam
2687 4379 2776 4436 ltic
2805 4380 3076 4439 hominem
3120 4390 3277 4436 sexto
3306 4381 3394 4437 die
3423 4381 3591 4439 fuisse

2013 4483 2282 4537 creatum,
2314 4481 2371 4527 et
2412 4472 2466 4526 in
2497 4471 2806 4541 paradisum
2841 4471 3234 4537 introductum,
3285 4482 3341 4528 et
3384 4472 3484 4543 legi
3524 4475 3590 4529 de

2015 4564 2162 4633 ligno
2194 4559 2521 4631 subjectum,
2569 4569 2625 4614 et
2664 4560 2853 4615 eodem
2901 4559 3067 4615 etiam
3114 4559 3292 4630 legem
3331 4560 3586 4617 violasse.

332 4666 430 4721 καὶ
448 4666 541 4731 εἰς
607 4662 667 4717 δν
711 4659 1042 4733 παράδεισον
1086 4657 1388 4728 εἰσαχθεὶς,
1449 4656 1669 4722 ἐδέξατο
1720 4674 1783 4710 τε
1807 4657 1909 4729 τὴν

2015 4656 2263 4712 Nondum
2320 4653 2466 4710 enim
2512 4653 2580 4708 de
2634 4652 2738 4707 alio
2795 4652 2987 4722 quovis
3028 4650 3210 4707 fructu
3251 4652 3587 4718 comederat,

331 4758 461 4830 περί
496 4757 558 4811 τὸ
586 4754 752 4826 φυτὸν
776 4751 1017 4823 ἐντολὴν,
1041 4751 1135 4805 καί
1166 4749 1446 4822 παραϐὰς,
1471 4748 1765 4819 ἐξωρίσθη.
1803 4749 1910 4803 Οὖ-

328 4866 422 4902 πω
463 4846 594 4916 γοῦν
644 4845 858 4908 οὐδενὸς
904 4842 1013 4896 τῶν
1048 4840 1226 4895 ἄλλων
1256 4840 1635 4912 μετειληφὼς,
1684 4840 1780 4893 ἐπὶ
1808 4839 1906 4913 τὴν

330 4938 527 4993 τούτου
561 4937 747 5006 γεῦσιν
780 4936 886 4990 ὑπὸ
905 4934 997 4989 τοῦ
1020 4934 1204 5005 ὄφεως
1239 4933 1592 5004 προυτράπη.

414 5047 433 5081 ι
471 5028 582 5082 Καὶ
622 5028 880 5081 ἐκάλεσεν
945 5026 1116 5096 ’Δδὲιμ
1162 5024 1225 5079 τὸ
1278 5024 1451 5095 ὄνομα
1499 5025 1598 5095 τῆς
1652 5026 1913 5094 γυναικὸς

335 5119 502 5176 αὑτοῦ
530 5158 546 5185 ,
595 5120 741 5187 Ζωή,
785 5119 865 5172 ὅτι
916 5118 1057 5188 αὕτη
1103 5118 1290 5189 μήτηρ
1354 5118 1571 5172 πάντων
1615 5118 1726 5173 τῶν
1773 5117 1912 5183 ζών-

334 5232 461 5270 των.
504 5232 523 5265 ι

408 5310 623 5378 Ὠσπερ
652 5306 744 5371 τὸ,
787 5304 944 5357 Ἀντί
966 5304 1181 5357 τούτου
1215 5304 1567 5373 καταλείψει
1597 5302 1909 5373 ἅνθρωπος

334 5404 442 5455 τὸν
477 5396 702 5467 πατέρα
747 5393 932 5449 αὐτοῦ
971 5393 1071 5447 καί
1132 5394 1243 5461 τὴν
1288 5394 1540 5463 μητέρα,
1580 5394 1675 5447 τοῦ
1736 5394 1909 5463 ’Λδὰμ

333 5490 480 5546 κατὰ
503 5490 655 5544 θείαν
678 5485 1024 5555 ἀποκάλυψιν
1056 5487 1327 5553 εἰπόντος,
1363 5490 1523 5541 τοῦτο
1561 5486 1620 5552 ἐξ
1657 5486 1834 5558 ἀρχῆς
1883 5488 1911 5540 6

334 5582 528 5654 Σωτὴρ
555 5584 612 5643 ἐν
642 5582 753 5643 τοῖς
788 5577 1139 5647 Εύαγγελίοις
1172 5577 1263 5632 τὸν
1294 5580 1524 5649 ποιητὴν
1546 5578 1676 5633 Θεὸν
1707 5578 1910 5648 ἔφησεν

334 5674 648 5747 εἰρηκέναι*
687 5671 831 5726 οὕτω
879 5670 976 5724 καὶ
1013 5668 1108 5724 νῦν
1162 5668 1365 5740 Μωσῆς
1408 5671 1436 5723 ὁ
1497 5670 1768 5742 μακάριος
1812 5668 1911 5739 τὴν

416 5832 436 5866 ⁷
470 5829 493 5889 ι
535 5830 667 5901 Reg.
701 5827 923 5896 xlv,‘29.
1000 5825 1020 5858 ⁸
1046 5823 1211 5881 Marc.
1238 5839 1292 5891 χ,
1319 5824 1374 5879 7.

2016 4763 2137 4804 cum
2170 4746 2245 4801 ad
2269 4744 2593 4815 gustandum
2635 4743 2779 4799 istud
2807 4742 3012 4814 lignum
3039 4757 3070 4797 a
3101 4752 3354 4815 serpente
3389 4745 3587 4814 perdu—

2014 4850 2134 4895 ClUS
2160 4847 2264 4895 881.

2084 5017 2252 5074 Vsus.
2279 5015 2373 5074 21.
2420 5033 2441 5068 ι
2479 5014 2548 5070 Ει
2574 5012 2985 5071 vocavitAdam
3019 5026 3217 5068 nomen
3253 5010 3437 5067 uxoris
3473 5024 3587 5068 sua:

2015 5109 2184 5179 lleva,
2212 5125 2275 5167 eo
2305 5109 2449 5180 quod
2479 5116 2655 5163 mater
2688 5116 2835 5163 esset
2862 5116 3180 5162 cunctorum
3206 5103 3523 5159 viventium.
3563 5120 3584 5163 ι

2086 5292 2551 5364 Quemadmodum
2581 5289 2751 5346 illud:
2808 5287 3033 5360 Propter
3064 5287 3161 5341 hoc
3208 5284 3466 5355 relinquet
3492 5284 3591 5337 hoc

2012 5406 2097 5444 mo
2120 5397 2320 5457 patrem
2351 5400 2506 5439 suum
2537 5393 2587 5437 et
2615 5390 2855 5448 matrem,
2904 5380 3047 5450 quod
3085 5378 3258 5433 Adam
3303 5392 3368 5431 ex
3411 5376 3587 5431 divina

2010 5482 2345 5540 revelatioue
2378 5476 2628 5548 protulit,
2678 5474 2746 5529 ab
2774 5474 2889 5543 ipso
2924 5473 3037 5528 Deo
3082 5470 3360 5527 conditore
3387 5468 3456 5523 ab
3486 5469 3584 5522 ini-

2014 5576 2089 5631 tio
2123 5574 2322 5629 dictum
2352 5569 2549 5626 asserit
2584 5565 2836 5622 Salvator
2872 5564 2926 5618 in
2958 5560 3344 5632 Evangeliis';
3400 5558 3475 5613 ita
3507 5558 3583 5612 di-

2013 5667 2153 5723 citur
2186 5664 2274 5720 hic
2310 5661 2450 5717 Deus
2479 5676 2509 5715 ιι
2538 5660 2696 5715 beato
2725 5655 2906 5725 Moyse
2941 5654 3115 5711 Adam
3142 5651 3408 5716 induisse,
3440 5647 3582 5718 quod
