4164 6548
627 336 769 405 1639

1757 328 2133 393 GENNADII
2171 327 2680 392 PATRIARCHIE
2716 327 2827 389 CP.

3757 327 3894 397 1640

620 447 698 503 illi
739 417 836 516 per
865 441 1107 500 divinam
1138 435 1524 498 revelationem
1574 436 1808 493 suaserit
1838 438 1946 494 sibi
1975 437 2093 492 loco
2124 435 2202 491 to-

2314 435 2602 503 ὲπίνοιαν,
2655 435 2758 508 τῆν
2801 433 2934 506 περὶ
2980 432 3076 488 τὸν
3117 433 3288 506 Ἀδὰμ
3339 433 3437 499 τοῦ
3487 435 3553 490 tx
3608 436 3828 506 φυλλῶν
3869 441 3887 478 ί

619 539 811 597 Iiormn
849 534 1173 592 vestimenta
1198 546 1267 588 ex
1296 528 1528 603 pellibus
1553 529 1844 586 coniicere.

695 805 861 862 Vens.
902 802 998 864 2‘2.
1045 819 1064 856 ι
1093 799 1162 856 Ει
1205 799 1284 856 ait
1328 798 1588 855 Dominus
1631 798 1804 855 Deus:
1841 796 1984 855 Ecce
2027 798 2199 854 Adam

614 899 770 968 quasi
809 910 950 952 unus
996 907 1063 950 ex
1111 892 1269 949 nobis
1306 890 1482 948 lactus
1533 897 1640 956 est,
1686 891 1869 946 sciens
1908 888 2107 946 bonum
2134 897 2202 957 et

658 1004 842 1042 ‘illllﬂl.
881 1005 901 1038 ι

658 1009 700 1042 ‘:I
730 1004 798 1040 un
823 1024 842 1041 ο
881 1005 901 1038 ι

615 1005 652 1043 ﬂ
689 989 921 1151 ἐπεξίῃς
981 1076 1066 1132 bis
1113 1073 1295 1130 verbis
1344 1074 1556 1128 cruciat
1596 1071 1794 1137 Adam,
1833 1079 1893 1126 ut
1935 1071 2040 1126 bac
2095 1070 2201 1128 lem

625 1168 999 1240 increpatione
1055 1180 1218 1236 quam
1250 1164 1451 1234 optime
1483 1162 1746 1233 intelligat
1791 1163 2059 1233 serpentis
2102 1162 2202 1217 fal-

614 1263 807 1317 Iaciam
843 1259 1111 1314 dicentis:
1163 1255 1331 1309 Erilis
1371 1254 1506 1307 sicut
1535 1253 1634 1320 dii,
1679 1254 1896 1308 scientes
1935 1251 2128 1306 bonum
2153 1261 2202 1308 et

614 1353 836 1407 malum.
907 1351 1046 1417 Quid
1089 1349 1255 1412 enim,
1300 1346 1494 1417 inquit,
1539 1346 1717 1401 adhuc
1767 1345 1924 1401 deest
1971 1343 2200 1414 Adamn,

613 1461 681 1500 es
723 1443 790 1500 iis
820 1459 939 1514 quae
974 1438 1255 1512 speravit?
1303 1440 1526 1508 Integre
1570 1435 1773 1507 recepit
1816 1451 1938 1507 qua:
1979 1450 2203 1508 serpens

613 1537 682 1592 de
702 1545 857 1590 actus
886 1534 1001 1602 ejus
1026 1532 1173 1587 exitu
1203 1530 1566 1585 nuntiaverat.
1619 1527 1758 1585 Ecce
1806 1528 1971 1600 igitur
2015 1543 2202 1586 amare

613 1627 802 1684 didicit
829 1624 1098 1696 quomodo
1123 1639 1256 1678 unus
1285 1639 1312 1679 e
1339 1621 1490 1678 nobis
1519 1621 1740 1693 electus
1761 1631 1861 1679 est.

2300 529 2425 582 ἀντὶ
2474 529 2585 582 τῶν
2645 528 2865 599 φύλλων
2912 527 3146 598 χιτῶνας
3207 527 3390 599 ἑαυτῷ
3441 533 3887 601 μηχανήσασθαι,

2301 619 2445 673 κατὰ
2479 618 2632 674 θείαν
2663 617 3010 688 ἀποκάλυψιν
3056 618 3395 685 ἐνδοθεῖσαν,
3427 618 3566 673 Θεοῦ
3590 625 3888 692 προσεῖπεν

2299 714 2601 784 ἐνέργειαν.

2379 824 2398 858 ι
2447 804 2559 858 Καὶ
2593 797 2714 856 εἷπε
2761 801 2969 874 Κύριος
2998 802 3027 856 6
3063 799 3198 864 Θεός
3224 816 3240 831 ο
3288 800 3418 855 Ἰδοὺ
3462 802 3635 874 Ἀδὰμ
3668 801 3887 873 γέγονεν

2299 896 2377 960 ώς
2421 889 2504 960 εἷς
2531 894 2592 960 ἐξ
2625 895 2807 967 ἡμῶν,
2859 893 2955 948 τοῦ
3002 891 3303 961 γινώσκειν
3352 892 3522 947 καλὸν
3575 895 3673 947 καὶ
3722 909 3886 963 πονη-

2302 987 2417 1060 ρόν.
2459 1006 2476 1040 ι

2370 1077 2508 1133 Δίαν
2535 1078 2651 1142 τοῖς
2684 1077 2896 1149 ῥήμασι
2924 1076 3139 1142 τούτοις
3169 1074 3416 1147 ὡδύνησε
3447 1076 3540 1131 τὸν
3579 1075 3775 1149 Ἀδὰμ,
3810 1081 3884 1144 εἰς

2302 1167 2660 1241 συναίσθησιν
2696 1169 2883 1232 αὐτὸν,
2918 1165 3008 1224 διὰ
3036 1167 3132 1222 τοῦ
3163 1169 3221 1220 ὲν
3247 1167 3435 1230 αὐτοῖς
3472 1167 3664 1239 ῆθους,
3729 1168 3887 1240 μάλι-

2304 1281 2406 1318 στα
2433 1263 2535 1335 τῆς
2572 1249 2792 1333 ἀπάτης
2818 1256 2912 1315 τοῦ
2931 1249 3131 1333 ὄφεως,
3154 1259 3402 1332 ἀγαγὼν,
3426 1260 3696 1326 εἰπόντος,
3724 1263 3886 1316 ἐσεσ

2300 1359 2413 1410 σθε
2435 1354 2516 1421 ὼς
2539 1353 2660 1409 θεοί
2709 1351 3111 1423 γινώσκοντες
3151 1351 3345 1408 καλὸν
3371 1352 3470 1406 καί
3500 1355 3790 1420 πονηρόν.
3824 1354 3888 1406 Τί

2302 1447 2412 1518 γὰρ
2443 1445 2585 1500 ἐνδεῖ
2606 1444 2818 1512 λοιπὸν,
2848 1442 3007 1517 φησὶ,
3043 1441 3122 1514 τῷ
3158 1442 3332 1513 Ἀδάμ
3359 1441 3585 1508 τούτων,
3614 1435 3691 1496 ὧν
3717 1459 3889 1514 προσ-

2305 1541 2596 1611 εδόκησενς
2630 1536 2891 1608 αὐτοτελῆ
2927 1535 3022 1590 τοῦ
3057 1535 3236 1605 ϐφεως
3269 1537 3370 1606 τὴν
3430 1535 3770 1606 ἐπαγγελίαν
3797 1536 3892 1589 ἐπὶ

2300 1635 2404 1700 τῆς
2431 1633 2714 1695 ἐκϐάσεως
2767 1629 2877 1685 τῶν
2905 1629 3083 1701 ἔργων
3115 1628 3352 1698 ἐδέξατο.
3394 1628 3527 1684 Ἰδοὺ
3558 1628 3693 1697 γοῦν
3723 1628 3888 1682 ἀκοι-

2302 1724 2412 1789 ϐῶς
2445 1721 2788 1795 μεμάθηκεν,
2818 1720 2967 1784 ὅπως
2995 1718 3244 1790 rer-orer
3263 1715 3350 1786 εἷς
3384 1718 3453 1784 ἐξ
3483 1720 3672 1789 ἡμῶν.

691 1821 710 1856 ι
743 1802 898 1858 Nunc
931 1815 1064 1872 ergo
1114 1814 1180 1856 ne
1226 1798 1367 1854 forte
1413 1797 1593 1854 mittat
1641 1811 1865 1854 manum
1917 1812 2098 1868 suam,
2146 1806 2202 1854 et

2380 1833 2399 1868 ι
2434 1815 2545 1869 Καὶ
2574 1811 2668 1868 νῦν
2721 1813 2935 1884 μήποτε
2967 1811 3188 1882 ἑκτείνῃ
3209 1809 3310 1882 τὴν
3344 1813 3503 1883 χεῖρα
3555 1809 3751 1874 αὐτοῦ,
3797 1810 3892 1862 καὶ

615 1903 795 1950 sumat
825 1892 988 1948 etiam
1023 1890 1108 1946 de
1128 1889 1275 1960 ligno
1305 1889 1449 1955 vitze,
1476 1897 1532 1944 et
1559 1888 1835 1954 comedat,
1869 1898 1925 1945 et
1960 1888 2109 1944 vivat
2148 1888 2204 1945 in

614 1996 899 2040 azternutn.
939 1999 957 2033 l

685 2073 804 2129 Jam
855 2072 979 2126 hinc
1031 2069 1085 2125 in
1145 2078 1425 2141 posterum
1495 2067 1743 2134 recedas,
1815 2067 2016 2138 inquit.
2086 2066 2205 2123 Non

618 2166 907 2224 eratenim
942 2180 1050 2236 quo
1080 2173 1239 2231 pacto
1286 2160 1542 2233 praecepti
1591 2159 1760 2215 divini
1816 2171 2206 2229 transgressor,

615 2270 669 2316 et
716 2274 814 2329 per
854 2267 1133 2329 peccatum
1185 2253 1376 2308 mortis
1418 2251 1646 2307 servitio
1699 2252 1969 2318 addictus,
2029 2253 2208 2308 adhuc

615 2354 683 2403 de
711 2350 857 2420 ligno
911 2348 1036 2403 vitae
1085 2346 1415 2402 comederet.
1452 2343 1563 2398 lloc
1587 2344 1730 2398 enim
1781 2355 1931 2399 certa
1982 2345 2206 2399 immor-

618 2441 804 2496 talium
839 2453 986 2504 esca,
1041 2439 1203 2494 homo
1231 2447 1412 2491 autem
1446 2436 1755 2507 praebuerat
1805 2450 1864 2492 se
1915 2436 2207 2494 immortali

616 2533 725 2587 vita
763 2530 1067 2601 indignum.

689 2646 859 2701 Vnus.
903 2643 996 2700 ιδ.
1047 2661 1066 2696 ι
1097 2640 1166 2698 Ει
1228 2641 1518 2699 collocavit
1561 2641 1896 2710 Cberubim,
1946 2652 2002 2700 el.
2050 2619 2207 2700 ﬂant-

619 2754 800 2794 meum
825 2735 1060 2807 gladium
1108 2745 1274 2805 atque
1309 2733 1644 2804 versatilem,
1688 2738 1756 2792 ad
1795 2735 2207 2798 custodiendam

619 2827 761 2879 viain
797 2823 926 2894 ligni
962 2823 1107 2878 vitaz.
1144 2840 1164 2875 ι

690 2934 984 2991 Clterubim
1033 2943 1160 2990 sunt
1217 2933 1455 2990 virtutes
1520 2933 1844 2993 invisibiles.
1901 2937 2034 3005 Qua:
2081 2954 2208 2995 cum

619 3027 972 3082 custodiendo
1017 3025 1272 3098 paradiso
1305 3027 1692 3097 prwﬁciantur,
1742 3030 1978 3101 speciem
2004 3032 2210 3089 referre

2303 1905 2446 1978 λάϐῃ
2471 1904 2582 1960 ἀπὸ
2611 1902 2708 1957 τοῦ
2740 1902 2900 1967 ξύλου
2932 1903 3034 1974 τῆς
3071 1901 3240 1973 ζωῆς,
3272 1902 3367 1956 καὶ
3396 1903 3568 1974 φάγῃ,
3604 1901 3700 1954 καὶ
3735 1899 3895 1963 ζήσε-

2304 2019 2396 2058 ται
2421 2001 2501 2064 εἰς
2534 1998 2625 2054 τὸν
2656 1998 2848 2052 αἰῶνα.
2884 2016 2904 2050 ι

2390 2096 2556 2152 Ἀλλὰ
2590 2096 2699 2168 γάρ
2719 2092 2992 2160 ἐντεῦθεν,
3026 2093 3215 2164 φησὶν,
3240 2091 3423 2146 ἀπίτω
3439 2090 3649 2144 λοιπόν.
3679 2090 3759 2143 Οὐ
3787 2089 3894 2161 γάρ

2306 2190 2421 2247 οἷόν
2451 2208 2512 2245 τε
2534 2186 2970 2261 παραϐεϐηκότα
3004 2184 3103 2255 τὴν
3137 2183 3379 2254 ἐντολὴν,
3406 2182 3502 2235 καὶ
3540 2181 3632 2233 τὸν
3663 2180 3895 2232 θάνατον

2306 2282 2396 2338 διὰ
2423 2282 2523 2352 τῆς
2549 2279 2828 2353 ἁμαρτίας
2853 2274 3328 2344 ἐπισπασάμενον,
3363 2271 3443 2325 ἔτι
3470 2269 3566 2324 τοῦ
3601 2270 3763 2334 ξύλου
3797 2269 3894 2337 τῆς

2308 2373 2456 2446 ζωῆς
2490 2376 2802 2446 μετασχεῖν.
2847 2367 3021 2424 Τοῦτο
3063 2367 3166 2438 μὲν
3214 2368 3321 2438 γάρ
3372 2367 3560 2427 ἄνετος
3603 2361 3894 2416 ἀθανάτων

2308 2465 2518 2537 τροφὴ,
2546 2466 2575 2520 6
2595 2464 2654 2518 δὲ
2687 2461 2909 2529 ἀνάξιον
2938 2459 3130 2516 ἑαυτὸν
3160 2458 3412 2529 ἀπέφηνε
3463 2457 3562 2529 τῆς
3593 2453 3892 2524 ἀτελευτή-

2307 2575 2403 2614 του
2439 2556 2611 2629 ζωῆς.

2385 2689 2406 2724 ι
2446 2669 2561 2725 Καὶ
2612 2667 2772 2734 [suis
2829 2666 2899 2721 τά
2939 2665 3257 2737 Χερουϐὶμ,
3321 2662 3415 2720 καὶ
3473 2661 3572 2734 τὴν
3630 2659 3892 2731 φλογίνην

2311 2760 2592 2834 ῥομφαίαν
2622 2759 2725 2830 τὴν
2771 2763 3148 2830 στρεφομένην
3189 2753 3490 2825 φυλάσσειν
3518 2753 3617 2825 τὴν
3651 2751 3774 2806 ὁδὸν
3801 2750 3889 2804 τοῦ

2308 2855 2472 2924 ξύλου
2505 2853 2610 2925 τῆς
2644 2851 2813 2922 ζωῆς.
2857 2870 2879 2906 ι

2379 2963 2465 3017 Τὰ
2494 2962 2552 3016 δὲ
2579 2959 2866 3032 Χερουϐίμ
2906 2959 3015 3012 tsi-st
3065 2956 3331 3028 δυνάμεις
3363 2955 3606 3027 αόρατοι.
3647 2954 3889 3017 Ταύτας,

2311 3057 2467 3129 φησὶ,
2497 3053 2804 3124 δεξαμένας
2853 3051 2950 3105 τοῦ
2990 3050 3322 3122 παραδείσου
3359 3049 3455 3120 τὴν
3489 3047 3738 3118 φυλακὴν
3765 3064 3892 3116 σχη-

621 3119 900 3188 iinguntur
952 3117 1280 3195 rhomphaaa:
1330 3117 1593 3175 flammea:
1632 3136 1697 3175 ac
1725 3135 1943 3194 semper
1974 3123 2202 3195 agitatae1

2320 3117 2645 3222 μάτίζεσθαί
2700 3145 2782 3208 εἰς
2836 3117 3116 3216 ῥομφαίας
3157 3141 3281 3211 ϐψιν
3337 3117 3646 3209 φλογώδους
3694 3117 3753 3190 τε
3800 3138 3892 3190 καὶ

620 3221 677 3268 et
711 3213 785 3268 ita
818 3210 990 3268 Adam
1017 3210 1088 3267 ab
1113 3212 1361 3282 ingressu
1389 3211 1691 3270 deterrere.

1273 3365 1430 3424 CAP.
1467 3363 1559 3422 IV.

693 3501 861 3558 Vens.
892 3499 947 3554 4.
991 3517 1010 3553 ι
1042 3501 1107 3554 Ει
1155 3498 1397 3568 respexit
1422 3497 1702 3568 ,Dominus
1743 3497 1813 3553 ad
1841 3497 2000 3563 Abel,
2049 3507 2102 3554 et
2140 3499 2206 3565 ad

623 3609 850 3648 munera
878 3591 1027 3662 eius;
1071 3607 1235 3664 super
1260 3590 1396 3646 Cain
1431 3599 1636 3654 autem,
1669 3598 1726 3645 et
1757 3605 1922 3660 super
1941 3590 2207 3647 sacriﬁcia

622 3702 742 3757 eius
768 3702 873 3741 non
909 3687 1164 3741 a-lvertit.
1201 3702 1220 3737 ι

702 3777 1083 3845 Quaesiverunt
1115 3775 1336 3847 quidam
1383 3774 1628 3844 bic.‘qua
1658 3775 1723 3829 de
1754 3788 1916 3829 causa
1950 3774 2208 3846 propheta

623 3884 816 3925 vocum
875 3868 1331 3940 signiﬁcationem
1393 3867 1803 3937 pernmtaverit,
1878 3865 2206 3926 sacriﬁcium

624 3962 896 4018 fructuum
926 3960 1280 4024 oblationem,
1311 3967 1368 4014 et
1398 3974 1621 4013 munera
1653 3959 1830 4013 ovium
1877 3957 2208 4016 oblationem

627 4068 852 4108 vocans.
909 4054 977 4106 At
1027 4051 1160 4106 mibi
1214 4065 1320 4104 non
1369 4050 1625 4105 videntur
1652 4049 1757 4104 illae
1785 4062 1948 4104 voces
1982 4048 2088 4102 ulla
2118 4063 2208 4104 ra-

626 4148 771 4199 tione
825 4143 1043 4198 diversa
1114 4141 1465 4212 signiﬁcare,
1539 4150 1595 4195 et
1642 4141 1855 4196 nonnisi
1910 4140 2209 4210 Scriptura!

621 4236 805 4304 lingua
836 4236 886 4288 in
920 4235 1098 4289 varios
1129 4247 1321 4289 sensus
1348 4233 1632 4302 distingui,
1687 4248 1810 4288 cum
1841 4248 2005 4287 unum
2045 4231 2209 4289 ident-

624 4347 730 4401 que
781 4339 1012 4397 utraque
1055 4327 1320 4397 designet,
1360 4325 1514 4395 juxta
1572 4324 1701 4379 illud
1746 4324 1895 4380 Pauli
1923 4335 2210 4396 utramque

622 4423 1001 4494 conjungeutis
1027 4440 1041 4477 :
1071 4420 1140 4476 Ut
1183 4421 1372 4489 offer-tu
1404 4419 1548 4472 dona
1571 4428 1619 4471 et
1649 4417 1920 4486 sacriﬁcia
1953 4434 2049 4486 pro
2082 4435 2206 4487 pec-

2310 3241 2643 3312 ἁεικινήτου,
2666 3237 2762 3291 καὶ
2781 3233 2862 3307 τῷ
2901 3233 3077 3305 Ἀδάμ
3103 3231 3201 3305 τὴν
3241 3229 3448 3285 εἴσοδον
3475 3226 3819 3284 ἀποκλείειν.

2965 3368 3122 3422 ΚΕΦ.
3157 3368 3234 3426 Δό

2385 3521 2406 3557 ι
2445 3502 2556 3558 Καὶ
2588 3500 2801 3555 ἐπεῖδεν
2850 3500 2880 3553 6
2933 3498 3068 3564 Θεὸς
3097 3497 3196 3553 imi.
3237 3496 3428 3558 Ἅϐελ.
3477 3495 3575 3551 καὶ
3629 3495 3726 3548 ἐπὶ
3781 3497 3890 3556 τοῖς

2305 3595 2504 3668 δώροις
2535 3593 2702 3649 αὐτοῦ
2732 3609 2746 3623 ·
2804 3591 2898 3646 ἐπὶ
2943 3591 3005 3646 δὲ
3055 3592 3221 3662 Κάῖν,
3253 3588 3350 3645 καὶ
3379 3589 3475 3643 ἐπὶ
3502 3591 3623 3653 ταῖς
3680 3587 3890 3650 θυσίαις

2309 3684 2475 3750 αὑτοῦ
2504 3685 2566 3738 οὐ
2602 3682 2897 3756 προσέσχε.
2939 3699 2958 3736 ι

2380 3776 2552 3831 Τοῦτό
2599 3791 2743 3838 τινες
2781 3773 3138 3845 ὲζητήκασιν,
3169 3772 3295 3825 ὅτου
3333 3769 3493 3842 χάριν
3522 3770 3552 3822 6
3600 3769 3890 3840 προφήτης

2309 3868 2408 3941 τὴν
2435 3869 2630 3940 χρῆσιν
2652 3866 2763 3921 τῶν
2783 3865 3065 3937 ὀνομάτων
3089 3862 3351 3934 ἐνήλλαξε
3371 3879 3386 3892 ·
3414 3862 3607 3916 θυσίαν
3640 3860 3762 3930 μὲν,
3796 3859 3892 3929 τῆν

2309 3962 2418 4015 τῶν
2442 3959 2674 4032 καρπῶν
2709 3956 3115 4028 προσκομιδὴν,
3147 3955 3320 4026 δῶρον
3348 3955 3429 4017 δὲ,
3448 3955 3549 4024 τὴν
3579 3952 3675 4006 τοῦ
3702 3953 3891 4024 ἀρνίου

2311 4052 2648 4127 προσειπών.
2698 4051 2854 4122 Ἐμοὶ
2886 4050 2985 4121 μὲν
3014 4045 3108 4103 οὖν
3146 4049 3302 4103 οὐδέν
3325 4064 3379 4100 τι
3400 4047 3548 4100 δοκεῖ
3574 4045 3886 4115 διαφέρειν,

2309 4146 2449 4201 ἀλλὰ
2482 4144 2728 4216 συνήθως
2768 4142 2909 4196 κατὰ
2957 4142 3019 4195 τὸ
3068 4141 3169 4209 τῆς
3217 4140 3441 4210 Γροφῆς
3476 4138 3675 4208 ἰδίωμα
3715 4137 3894 4207 διειρί·

2313 4238 2458 4303 σθαι,
2483 4238 2542 4291 ἓν
2579 4254 2627 4290 τι
2645 4237 2741 4290 καὶ
2773 4234 2968 4289 ταύτὸν
2997 4234 3127 4286 ὄντα
3165 4231 3234 4288 τὰ
3265 4230 3674 4302 συναμφότερα,
3707 4230 3894 4292 καθώς

2311 4348 2416 4384 που
2443 4329 2540 4384 καὶ
2583 4327 2796 4391 Παῦλος
2847 4326 2997 4395 λέγει
3043 4325 3186 4382 αὐτά
3247 4322 3599 4394 συναριθμῶν
3620 4340 3634 4354 ·
3661 4323 3769 4388 Εἰς
3827 4325 3891 4375 τὸ

2313 4421 2684 4492 προσφέρειν
2715 4419 2874 4488 δῶρά
2910 4436 2972 4473 τε
3003 4419 3102 4472 καί
3130 4417 3349 4480 θυσίας
3378 4415 3529 4483 ὑπὲρ
3563 4412 3888 4482 ἁμαρτιῶν.

621 4517 816 4571 catis’.
846 4512 1014 4583 Cujus
1057 4522 1237 4568 tamen
1265 4511 1343 4566 rei
1371 4524 1568 4566 causas
1620 4508 1863 4564 nonnulli
1910 4508 2139 4566 aderunt
2183 4529 2198 4566 :

2311 4515 2409 4576 ’Δς
2440 4513 2622 4583 μέντοι
2651 4510 2842 4564 τούτου
2867 4509 3012 4572 τινὲς
3040 4507 3219 4571 αἰτίας
3246 4508 3554 4578 εἰρήκασιν,
3577 4503 3696 4557 αἵδε
3743 4504 3886 4556 εἰσί·

621 4609 875 4679 primam,
926 4604 1073 4675 quod
1121 4600 1493 4657 animantibus
1545 4601 1784 4655 nondum
1837 4599 2195 4656 vescebantur

622 4699 909 4762 homines;
965 4693 1296 4758 secundam,
1353 4691 1500 4762 quod
1557 4689 1842 4762 Scriptura
1899 4691 2037 4747 solet
2099 4706 2197 4762 per

617 4793 899 4862 aenigmata
950 4799 1177 4843 ventura
1218 4785 1562 4840 adumbrare.
1617 4783 1844 4851 Quando
1884 4784 2064 4854 igitur,
2116 4784 2199 4839 in-

619 4882 828 4951 quiunt,
847 4876 1112 4934 sacriﬁcia
1134 4875 1364 4946 primum
1386 4873 1646 4944 exigenda
1670 4889 1732 4928 ac
1755 4874 1879 4928 dein
1902 4873 2199 4941 respuenda

615 4979 794 5031 erant,
846 4969 988 5023 baud
1014 4966 1289 5022 immerito
1342 4974 1569 5020 vocatur
1620 4964 1948 5019 sacriﬁcium
1991 4964 2198 5034 ingrata

616 5059 768 5115 Caini
799 5058 1022 5114 oblatio.
1069 5055 1351 5111 Neminem
1383 5064 1563 5111 autem
1612 5054 1767 5126 fugit,
1808 5071 1970 5125 quam
2006 5070 2197 5123 vanus,

615 5164 888 5222 quamque
925 5147 1180 5216 juvenilis
1227 5147 1316 5202 hic
1363 5161 1546 5202 sermo
1594 5148 1685 5202 sit.
1743 5146 1877 5202 Nam
1940 5149 2193 5206 salutaris

617 5256 834 5312 quoque
866 5238 1077 5295 Domini
1105 5255 1240 5294 crux
1290 5238 1493 5294 dicitur
1539 5239 1907 5296 sdcrillcium:
1967 5240 2033 5295 In
2067 5258 2194 5295 con-

612 5337 965 5393 summatione
1007 5335 1363 5402 swculorum,
1417 5335 1486 5388 ad
1531 5334 1923 5390 destitutionem
1967 5338 2189 5406 peccati,

2305 4601 2407 4674 μία
2429 4601 2550 4671 μὲν,
2580 4600 2771 4668 ἐπειδὴ
2800 4601 2970 4669 μήπω
2994 4598 3118 4651 τότε
3141 4597 3209 4650 τὰ
3229 4595 3366 4660 ζῶα,
3388 4595 3544 4666 φησι,
3574 4595 3886 4676 κατεσφάτ-

2302 4712 2426 4750 τετο
2451 4708 2466 4723 ⁶
2497 4693 2837 4766 δευτέραδὲ,
2873 4693 2955 4746 ὅτι
2999 4690 3121 4754 ἔθος
3148 4692 3216 4760 τῇ
3268 4688 3390 4761 θείᾳ
3423 4690 3614 4759 Γραφῇ
3638 4687 3708 4740 δι’
3741 4687 3886 4740 civ:-

2304 4788 2532 4858 γμάτων
2580 4786 2651 4841 τὰ
2711 4785 2978 4857 μέλλοντα
3025 4781 3353 4855 προδηλοῦν.
3428 4779 3650 4850 Ἐπειδὴ
3703 4778 3885 4836 τοίνυν

2307 4879 2526 4952 ἔμελλε,
2561 4879 2718 4952 φησί,
2761 4877 3074 4949 νομοθετεῖν
3114 4875 3244 4946 περὶ
3293 4875 3518 4937 θυσιῶν,
3549 4870 3670 4926 εἶτα
3721 4869 3882 4924 πάλιν

2305 4973 2477 5036 αὐτὰς
2501 4973 2820 5044 καταργεῖν,
2845 4970 3072 5033 εἰκότως
3089 4967 3188 5037 τὴν
3213 4968 3273 5021 οὗ
3304 4967 3360 5021 δε
3366 4965 3588 5036 χθεῖσαν
3620 4962 3718 5016 τοῦ
3744 4963 3882 5015 Κάῖν

2306 5064 2648 5135 προσφορὰν,
2704 5061 2896 5116 θυσίαν
2939 5059 3245 5129 ὠνόμασεν.
3277 5058 3396 5110 Ὅτι
3427 5056 3486 5109 δὲ
3532 5054 3762 5125 ψυχρὸς,
3789 5053 3882 5107 καὶ

2303 5153 2672 5224 μειρακιώδης
2706 5146 2860 5216 οὗτος
2889 5153 2917 5205 ὁ
2961 5151 3140 5220 λόγος,
3177 5147 3406 5203 αὐτόθεν
3449 5148 3609 5218 δῆλον
3631 5164 3648 5179 ·
3688 5144 3881 5198 θυσίαν

2299 5245 2433 5312 γοῦν
2467 5247 2560 5299 καὶ
2614 5245 2706 5299 τὸν
2741 5246 3006 5316 σωτήριον
3034 5243 3132 5296 τοῦ
3183 5239 3388 5311 Κυρίου
3423 5237 3682 5309 ὀνομάζει
3712 5253 3876 5288 σταυο

2301 5340 2393 5410 ρόν
2413 5354 2425 5368 ·
2472 5341 2602 5394 Ἐπί
2633 5339 2956 5404 συντελείᾳ
2974 5337 3082 5408 γὰρ
3097 5336 3215 5390 τῶν
3236 5335 3467 5390 αἰώνων
3484 5334 3570 5397 εἰς
3589 5328 3880 5398 ἀθέτησιν

607 5443 704 5496 per
755 5424 1082 5496 sacriﬁcium
1123 5441 1277 5480 suum
1333 5426 1581 5495 apparuit
1607 5426 1671 5479 ιο.
1731 5425 1834 5492 Qui
1888 5438 2093 5495 autem,
2143 5431 2186 5486 si

2305 5431 2582 5501 ἁμαρτίας
2601 5431 2699 5486 διὰ
2725 5430 2836 5500 τῆς
2859 5431 3078 5496 θυσίας
3100 5426 3287 5484 αὑτοῦ
3311 5423 3719 5495 πεφανέρωται
3744 5438 3756 5448 ·
3786 5421 3877 5476 καί

653 5600 700 5639 ’⁸
729 5605 895 5662 Hebr.
927 5622 979 5671 v,
1007 5606 1058 5662 1.
1142 5607 1183 5638 ¹⁰
1213 5605 1375 5662 llebr.
1415 5621 1494 5672 ts,
1527 5602 1620 5661 26.

683 5759 703 5801 ί
737 5763 914 5829 Ἴσως
947 5763 1010 5816 ἐκ
1040 5760 1257 5832 φλοιῶν.
