4164 6576
380 440 514 505 1645

1473 443 1553 505 IN
1591 441 1921 505 GENESIN
1960 442 2445 515 FRAGMENTA.

3495 442 3633 508 Ῑθίθ

378 553 447 605 Ἢ
466 550 548 613 τὸ,
570 540 979 619 ωτοικησὰτω
1002 551 1073 606 ἐν
1097 549 1225 618 τοῖς
1238 552 1427 618 οἴκοις
1445 552 1553 607 τοῦ
1572 551 1704 622 Σὴμ
1720 554 1753 606 ό
1777 553 1934 621 Θεὸς1

2051 551 2203 617 illud,
2233 552 2429 608 habitet
2473 553 2528 607 in
2573 553 2815 608 dantibus
2848 552 2969 610 Sem
3011 551 3172 618 Deus,
3208 551 3313 607 hoc
3345 553 3628 611 declarare

374 644 493 701 ἀντὶ
517 642 635 707 τοῦ,
667 642 753 697 ῖνα
786 639 1085 717 ᾖτοιοῠτόν
1104 662 1158 698 τι
1188 645 1249 698 τὸ
1281 645 1595 716 λεγόμενον,
1631 650 1715 705 ὄτι
1748 648 1823 706 Εὖ
1849 653 1949 722 μὶν

372 736 596 807 ποιήσαι
642 737 672 791 ὁ
716 734 848 799 Θεὸς
900 737 995 790 καὶ
1064 737 1245 806 Ἰάφεο
1274 777 1291 800 ,
1350 737 1573 793 ἃπασαν
1625 742 1809 811 μέντοι
1853 743 1951 814 τὴν

371 826 568 882 ἑαυτοῦ
598 829 857 898 πρόνοιαν
886 828 1159 900 παράσχοι
1190 829 1393 901 μᾶλλον
1418 831 1498 901 τῷ
1519 830 1655 903 οἴκῳ
1682 833 1775 888 τοῦ
1804 837 1946 907 Σήμ.

957 940 1207 995 ΚΕΦΑΛ.
1250 940 1347 995 IA'.

449 1048 470 1081 ι
516 1030 965 1101 Παραγενόμενος
984 1030 1042 1085 δέ
1079 1047 1164 1095 τις
1194 1032 1303 1086 τῶν
1331 1035 1741 1104 ἀνασωθέντων,
1778 1040 1949 1111 ἀνήγ-

368 1119 551 1190 γειλεν
578 1121 802 1194 ’Δσραμ
820 1122 901 1195 τῷ
933 1124 1164 1196 περάτῃ.
1205 1142 1225 1179 ι

441 1214 693 1287 Περάτην
720 1216 777 1269 δὲ
812 1216 1199 1287 ὲπωνόμαζον,
1229 1216 1319 1272 διά
1348 1218 1409 1272 τὸ
1438 1222 1817 1290 περαιωθέντα
1844 1226 1947 1296 τὴν

368 1306 544 1377 μέσην
603 1306 713 1361 τῶν
771 1308 1036 1379 ποταμῶν
1086 1310 1226 1380 πρὸς
1271 1309 1468 1374 αὐτοὺς
1509 1310 1683 1377 οὕτως
1745 1314 1941 1370 ἐλθεῖν.

368 1395 632 1465 Περὰτης
657 1397 715 1452 δὲ
747 1398 889 1453 κατά
919 1398 1020 1471 ⁸τὴν
1049 1397 1159 1453 τῶν
1184 1399 1372 1470 Σύρων
1410 1400 1657 1470 γλῶτταν
1695 1402 1944 1477 Ἑϐραῖος

2052 644 2289 713 videtur,
2342 647 2511 703 Deum
2552 645 2766 717 quidem
2812 644 3047 718 .lapheth
3082 646 3629 717 benignesusceptu-

2054 755 2208 805 rum,
2270 740 2364 795 sed
2419 742 2694 813 praecipuo
2752 752 2930 795 tamen
2986 739 3167 794 studio
3223 739 3441 795 domum
3502 740 3629 796 Sem

2050 828 2368 887 relaturum.

2086 986 2087 989 η
2666 944 2823 1001 CAP.
2858 943 2997 1001 XIV.

2804 983 2823 1001 .
2908 946 2997 1001 IV.

2120 1038 2285 1095 Vsus.
2317 1039 2406 1095 15.
2450 1056 2471 1089 ι
2496 946 2805 1095 Δάνειιξὲιιῗ
2844 946 3028 1093 alitem
3064 1051 3274 1102 eorum,
3319 1038 3412 1108 qui
3442 1052 3630 1096 evaseo

2051 1141 2197 1193 runt,
2231 1130 2450 1201 quidam
2483 1130 2755 1186 nuntiavit
2781 1128 2984 1184 Abram
3014 1128 3315 1184 transituri.
3346 1147 3366 1182 ι

2119 1221 2410 1277 'l‘ransitor
2438 1220 2748 1286 dicebatur,
2783 1220 2908 1291 quia
2937 1234 3033 1275 eos
3063 1233 3168 1279 non
3202 1219 3303 1276 nisi
3342 1224 3632 1281 transactis

2046 1312 2361 1369 llmninibus
2414 1313 2566 1368 adire
2616 1319 2851 1383 poterat.
2897 1310 3123 1383 Syriaco
3170 1327 3428 1371 sermone
3459 1314 3631 1385 signi-

2048 1403 2175 1458 ﬁcat
2210 1418 2313 1458 vox
2347 1405 2615 1474 .transitor
2652 1405 2791 1476 idem
2837 1417 2903 1481 ac
2952 1401 3233 1469 Hebrazus,
3282 1406 3424 1461 unde
3468 1422 3629 1461 omne

365 1489 866 1562 προσαγορεύεταιο
899 1489 1021 1543 ὅθεν
1069 1490 1255 1544 καὶτὸ
1301 1490 1359 1558 ἐξ
1390 1492 1558 1545 αὐτοῦ
1598 1494 1755 1563 γένος
1795 1498 1934 1551 ἄπα-ι

2045 1510 2214 1563 genus
2246 1495 2445 1551 Abram
2480 1497 2581 1552 hoc
2602 1497 2820 1552 nomine
2855 1506 3105 1553 vocatum
3139 1508 3243 1553 est.

364 1583 564 1636 συστὰν
588 1583 688 1655 τὴν
724 1582 1042 1671 ἐπωνυμίαν
1066 1581 1271 1655 ταύτην
1304 1583 1544 1648 ἐδέξατο.

944 1693 1201 1747 ΚΕΦΑΛ.
1245 1691 1346 1748 IE'.

436 1819 457 1852 ι
498 1801 663 1870 Λέγει
690 1801 935 1875 Ἀϐραμ,
961 1802 1226 1868 Δέσποτα,
1258 1804 1312 1857 τί
1337 1821 1428 1876 μοι
1453 1805 1640 1872 δώσεις
1665 1825 1681 1874 ς
1716 1810 1859 1880 Ἐγὼ
1883 1813 1941 1867 δὲ

362 1893 671 1964 ἀπολύομαι
703 1894 796 1949 ἅτε
804 1912 950 1959 κνος.
983 1913 1002 1948 ι

429 1986 542 2040 Οὐκ
589 1986 708 2054 είμὶ
737 1987 986 2042 τουτέστι
1032 1989 1135 2060 τῆς
1178 1990 1367 2061 κοινῆς
1412 1991 1628 2061 φύσεως
1673 1997 1940 2066 κρείττων

361 2074 471 2145 ἐγὼ
494 2116 510 2142 ,
538 2076 655 2131 ἀλλ’
701 2079 916 2151 ἀνάγκη
953 2079 1098 2150 κάμὲ
1142 2080 1236 2135 τὸν
1268 2081 1403 2152 βίον,
1440 2083 1517 2147 ὡς
1544 2086 1671 2150 τοὺς
1715 2087 1938 2153 λοιποὺς

358 2168 709 2239 ἀνθρώπους,
744 2169 1076 2236 ὑπεξελθεῖν.
1112 2172 1179 2226 Τί
1209 2173 1392 2228 τοίνυν
1438 2193 1526 2243 μοι
1555 2177 1665 2251 τῶν
1695 2179 1801 2233 ὑπὸ
1841 2181 1935 2235 σοῦ

355 2258 733 2331 δοθησομένων
774 2260 836 2315 τὸ
890 2261 1081 2332 ὄφελος
1125 2263 1317 2319 άπαιδι
1348 2266 1689 2334 καθεστῶτι,
1739 2272 1831 2326 καὶ
1879 2273 1940 2338 ἐξ

355 2351 598 2429 έααυτοῦ
623 2354 734 2408 τῶν
761 2353 913 2425 ὲμῶν
937 2354 998 2408 οὐ
1031 2355 1417 2413 καταλείποντι
1449 2359 1787 2435 κληρονόμον
1816 2383 1831 2431 ;

952 2468 1205 2522 ΚΕΦΑΛ.
1246 2471 1346 2524 IZ'.

427 2616 446 2650 ι
483 2598 594 2652 Καὶ
627 2597 766 2671 αὕτη
796 2599 829 2672 ἡ
854 2599 1116 2672 διαθήκη,
1148 2602 1215 2674 ἢν
1245 2602 1598 2677 διατηρήσεις
1632 2611 1737 2665 άνά
1772 2615 1938 2685 μέσον

353 2686 488 2758 έμοῦ
518 2687 613 2742 καὶΙ
665 2688 817 2760 ὑμῶν
843 2728 860 2755 ,
892 2691 987 2744 καὶ
1017 2692 1123 2747 ἀνά
1158 2693 1326 2763 μέσον
1353 2695 1447 2749 τοῦ
1490 2690 1806 2773 σπέρματός
1841 2724 1936 2760 σου

355 2778 495 2848 μετὰ
541 2780 599 2833 σὲ
650 2782 731 2845 είς
778 2780 879 2846 τὰς
936 2784 1127 2852 γενεὰς
1178 2784 1399 2839 αὐτῶν·
1461 2794 1937 2866 περιτμηθήσεται

352 2870 508 2949 ὑμῶν
537 2873 646 2927 πᾶν
675 2873 982 2945 ἀρσενικόν.
1029 2895 1047 2927 ι

316 2974 320 2977 ·
418 2962 609 3054 ῘΑξιον
639 2964 873 3038 ζητῆσαι
904 2968 961 3020 τί
999 2968 1198 3041 δήποτε
1246 2974 1321 3045 μὴ
1365 2958 1459 3028 ἐπὶ
1501 2976 1600 3048 τῆς
1628 2982 1935 3054 γεννήσεως

350 3052 444 3107 τοῦ
486 3054 702 3127 Ἰσραὴλ
741 3058 811 3122 8',
846 3056 965 3111 ἀλλ’
994 3059 1089 3114 ἐπὶ
1115 3063 1217 3133 τῆς
1261 3063 1357 3117 τοῦ
1402 3063 1588 3121 Ἰσαὰκ
1615 3052 1803 3126 δίδωσι
1833 3073 1932 3144 τὴν

350 3148 670 3218 περιτομὴν,
721 3150 967 3219 καίτοιγε
1012 3151 1313 3222 μέλλουσαν
1368 3158 1461 3211 ἐπὶ
1502 3162 1624 3226 ταῖς
1666 3163 1933 3229 Παλαιαῖς

348 3237 595 3305 γίνεσθαι
620 3240 941 3311 Διαθήκαις.
976 3244 1381 3315 Δίνιττόμενος,
1412 3249 1536 3319 ἐμοὶ
1562 3251 1729 3318 δοκεῖ,
1762 3255 1824 3309 τὸ
1849 3258 1929 3320 είς
1960 3242 2001 3294 C

352 3331 453 3401 μὲν
483 3331 951 3403 προπαρασκευην
1009 3334 1109 3404 τῆς
1160 3336 1385 3407 χάριτος
1417 3340 1586 3413 αὐτὴν
1632 3345 1927 3413 συντελεῖν,

346 3420 518 3494 αὐτὴν
545 3421 603 3476 δὲ
635 3423 759 3476 καθ’
799 3422 1001 3495 ἑαυτὴν
1031 3424 1131 3495 οὐχ
1171 3426 1291 3480 οἵαν
1314 3446 1373 3481 τε
1409 3429 1549 3484 εἶναι
1590 3433 1724 3503 πρὸς
1756 3435 1930 3508 πέρας

345 3514 501 3583 ἄγειν
538 3514 637 3585 τὴν
669 3515 956 3584 εὐλογίαν
1005 3516 1126 3570 οὐδὲ
1168 3520 1277 3589 μὴν
1322 3521 1387 3574 ἐκ
1433 3521 1535 3593 τῆς
1570 3526 1714 3581 κατὰ
1761 3528 1928 3601 νόμον

346 3602 623 3669 πολιτείας
671 3603 826 3670 τέλος
875 3605 1135 3662 δύνασθαι
1182 3608 1375 3664 λαϐεῖν
1417 3611 1517 3677 τάς
1566 3615 1922 3687 ἐπαγγελίας.

344 3695 611 3752 Τοσοῦτον
645 3698 756 3771 γάρ
781 3700 1021 3771 ἀπέσχον
1051 3701 1099 3754 οί
1131 3700 1235 3756 ὑπὸ
1261 3701 1353 3756 τὸν
1378 3704 1544 3776 νόμον
1572 3707 1820 3778 βιοῦντες
1845 3713 1927 3777 είς

344 3787 631 3844 κοινωνίαν
662 3789 948 3863 σωτηρίας
976 3791 1101 3854 τοὺς
1127 3791 1379 3857 έθνικοὺς
1412 3795 1768 3865 προσλαϐεῖν,
1799 3799 1925 3854 ὅσον

346 3881 609 3953 μυριάκις
651 3881 807 3937 αὐτοὶ
868 3883 1004 3956 πρὸς
1052 3884 1152 3955 τὴν
1201 3884 1430 3940 ἐκείνων
1480 3888 1925 3963 είδολωλατρείαν

343 3974 705 4039 ἰξεκυλίοντο.
742 3974 817 4029 Τὸ
851 3976 954 4047 μὲν
978 3971 1071 4032 οὖν
1119 3977 1491 4051 όκταημέροις
1539 3981 1619 4036 ἔτι
1649 3979 1767 4038 οὖσι
1812 3988 1925 4047 τοῖς

343 4067 505 4120 παισὶ
532 4065 837 4137 προστάξαι
863 4067 1271 4140 προσφέρεσθαι
1303 4068 1403 4142 τὴν
1436 4074 1761 4147 περιτομὴν,
1797 4076 1923 4148 ἐδή-

342 4156 534 4223 λωσεν,
576 4159 662 4211 ὅτι
695 4158 771 4230 μὴ
804 4158 1125 4212 διδασκαλία
1159 4158 1305 4224 τινός
1349 4161 1502 4215 ἐστιν
1531 4162 1769 4235 ἀρετῆς,
1800 4165 1924 4219 ἐπεὶ

340 4250 421 4320 μὴ
448 4249 685 4321 ,δεκτικὴ
732 4250 976 4303 τοιούτου
1027 4250 1173 4316 τινος
1217 4251 1547 4324 μαθήματος
1603 4256 1636 4327 ἡ
1694 4258 1918 4329 τοιαύτη

337 4342 477 4404 τέως
529 4341 865 4413 καθέστηκεν
911 4342 1124 4412 ἡλικία.
1160 4343 1396 4413 Σημεῖόν
1436 4345 1495 4399 δὲ
1536 4347 1699 4418 μόνον
1741 4350 1921 4422 ὑπάρ-

341 4450 476 4504 χειν,
525 4432 823 4506 διακρίνειν
865 4433 1170 4504 δυνάμενον
1227 4436 1339 4490 ἀπὸ
1383 4436 1493 4492 τῶν
1542 4438 1745 4494 λοιπῶν
1790 4446 1917 4508 τοὺς

2676 1689 2830 1748 CAP.
2866 1688 2985 1749 XV.

2111 1799 2276 1859 Vsus.
2314 1801 2369 1857 2.
2413 1822 2433 1856 ι
2475 1803 2615 1860 Dicit
2657 1810 2837 1859 autem
2877 1803 3079 1859 Abram
3117 1823 3132 1859 :
3182 1803 3451 1873 Domine,
3496 1805 3624 1877 quid

1968 1901 2011 1956 Β
2041 1891 2173 1946 mihi
2209 1892 2400 1948 dabis?
2426 1891 2539 1964 Ego
2564 1902 2742 1948 autem
2778 1895 3020 1949 dimittor
3050 1893 3171 1949 sine
3199 1894 3409 1952 liberis.
3432 1913 3452 1947 ι

2106 1982 2223 2038 Non
2253 1998 2372 2038 sum
2421 1984 2629 2040 scilicet
2665 1986 2877 2042 caeteris
2910 1996 3102 2041 natura
3136 1987 3500 2056 praestantior,
3530 1991 3624 2040 sed

2043 2075 2174 2130 mihi
2210 2075 2350 2131 sicut
2375 2086 2430 2132 et
2454 2076 2667 2132 caeteris
2705 2078 2771 2132 de
2822 2078 2934 2132 vita
2973 2078 3276 2133 exeundum
3324 2086 3428 2135 est.
3481 2078 3623 2145 Quid

2044 2166 2208 2237 igitur
2261 2166 2392 2222 mihi
2447 2168 2604 2223 donis
2641 2170 2747 2224 tuis
2792 2184 2951 2238 opus,
2994 2183 3118 2225 cum
3163 2169 3349 2224 liberis
3381 2184 3620 2234 caream,

2042 2268 2096 2313 et
2128 2259 2395 2313 heredem
2419 2263 2653 2330 partium
2691 2275 2931 2314 mearum
2967 2275 3074 2316 non
3108 2260 3376 2316 habeam?

2654 2459 2808 2516 CAP.
2846 2459 3011 2517 XVII.

2106 2598 2277 2654 Vsus.
2320 2599 2409 2655 10.
2459 2617 2478 2650 ι
2515 2598 2581 2654 Et
2605 2599 2708 2671 hoc
2732 2609 2815 2655 est
2842 2610 3062 2671 pactum
3094 2601 3237 2671 quod
3260 2602 3623 2658 observabitis

2066 2692 2208 2746 inter
2237 2707 2322 2748 me
2353 2702 2406 2747 et
2440 2708 2573 2765 vos,
2593 2703 2647 2749 et
2673 2707 2855 2749 semen
2886 2703 3034 2746 tuum
3077 2702 3198 2763 post
3230 2702 3282 2749 te
3311 2694 3362 2749 in
3395 2709 3624 2766 genera-

2044 2786 2220 2843 tiones
2267 2801 2454 2842 eorum
2484 2802 2498 2838 :
2527 2786 2946 2842 circumcidetur
2996 2801 3063 2840 cx
3099 2784 3254 2842 vobis
3301 2801 3462 2843 onme
3509 2801 3623 2840 ma-

2039 2878 2332 2933 sculinum.
2370 2896 2389 2931 ι
2965 2946 2971 2951 Ι
3132 2882 3167 2921 ο

2107 2968 2493 3040 luquirendum
2525 2979 2610 3025 est
2643 2984 2742 3025 cur
2780 2976 3039 3025 nascente
3087 2965 3241 3025 Isaac
3274 2967 3621 3026 circumcisio

2039 3060 2217 3126 detur,
2245 3069 2300 3116 et
2328 3075 2434 3116 non
2474 3061 2653 3131 potius
2684 3060 2906 3130 quando
2936 3058 3135 3116 Ismael
3162 3067 3324 3118 natus
3356 3069 3458 3128 est,
3498 3077 3621 3118 cum

2039 3164 2217 3211 tamen
2252 3156 2395 3210 inter
2425 3153 2620 3210 Vetera
2649 3153 2994 3211 Testamenta
3040 3155 3451 3211 annumeranda
3480 3167 3617 3211 erat.

2039 3244 2151 3300 lloc
2172 3247 2452 3312 innuebat,
2467 3248 2518 3302 ni
2539 3246 2716 3313 fallor,
2734 3247 3203 3304 circum'cisionem
3223 3247 3287 3302 ad
3309 3260 3622 3320 praeparan-

2040 3340 2162 3391 dam
2208 3338 2438 3406 gratiam
2473 3338 2676 3405 valere,
2727 3353 2824 3407 per
2872 3341 3108 3409 seipsam
3132 3348 3313 3394 autem
3346 3356 3454 3395 non
3499 3357 3620 3398 eam

2038 3444 2157 3485 esse
2204 3445 2323 3501 qua:
2363 3430 2792 3486 benedictionem
2822 3434 3045 3489 omnino
3083 3439 3388 3506 perﬁceret.
3441 3436 3623 3509 Signi-

2039 3520 2306 3576 ﬁcabalur
2370 3530 2634 3589 prmterea
2699 3525 3148 3582 conversantibus
3218 3529 3284 3582 ad
3350 3541 3621 3602 pramepta

2038 3611 2171 3682 legis
2200 3610 2590 3681 promissioues
2623 3612 2807 3681 perlici
2845 3629 2949 3669 non
2986 3631 3164 3684 posse,
3196 3616 3433 3674 Tantum
3474 3623 3617 3676 enim

2034 3703 2263 3757 aberant
2292 3699 2425 3770 legis
2456 3697 2835 3757 observatores
2869 3718 2897 3755 a
2931 3704 3291 3772 perducendis
3324 3707 3389 3761 ad
3426 3709 3621 3766 salutis

2035 3802 2245 3862 partem
2281 3789 2550 3860 gentibus,
2601 3786 2775 3844 ut‘vel
2806 3788 2907 3860 ipsi
2952 3790 3144 3847 millies
3183 3786 3251 3847 ad
3276 3809 3464 3850 eorum
3505 3797 3619 3851 ido-

2036 3885 2306 3941 lolatriam
2362 3881 2763 3938 delaberentur.
2822 3881 2979 3949 Quod
3040 3893 3218 3939 autem
3286 3889 3437 3957 pueri
3492 3900 3615 3946 octo

2033 3975 2242 4030 dierum
2275 3968 2588 4026 circumcidi
2620 3970 2936 4040 jubeantur,
2961 3970 3269 4029 declaratur
3300 3975 3389 4030 illa
3416 3977 3613 4033 nullam

2034 4068 2288 4122 virtutem
2344 4061 2563 4128 doceri;
2607 4078 2731 4116 nam
2762 4064 2957 4117 tenella
2977 4065 3090 4119 hagc
3124 4079 3255 4122 artas
3290 4068 3493 4124 nullius
3529 4073 3617 4126 do-

2031 4162 2219 4220 ctrina:
2251 4158 2477 4230 hujusce
2506 4159 2720 4229 generis
2750 4172 2942 4226 capax.
2963 4155 3107 4212 Nihil
3153 4175 3281 4231 ergo
3310 4173 3505 4230 prmter
3539 4168 3615 4221 si-
3690 4221 3695 4227 ,

2031 4268 2194 4327 gnum
2240 4261 2363 4317 est,
2408 4265 2519 4319 quo
2569 4247 2810 4317 insigniti
2860 4263 2890 4302 a
2950 4249 3160 4304 caneris
3204 4251 3609 4324 discernantur,

2029 4340 2481 4419 quemadmodum
2517 4337 2789 4411 regalibus
2815 4336 3118 4408 insignibus
3160 4340 3360 4398 milites
3403 4359 3433 4399 a
3480 4347 3612 4401 civi-

2029 4439 2129 4494 bus
2153 4437 2575 4505 distiuguuntur.
2628 4429 2962 4501 Praaputium
3016 4442 3199 4488 autem
3233 4434 3355 4491 ideo
3392 4436 3614 4508 jubelur

338 4526 652 4600 χρωμένους
675 4527 834 4598 αὐτῇ,
854 4526 1108 4599 καθάπερ
1132 4527 1388 4603 βασιλική
1419 4548 1503 4596 τις
1527 4536 1763 4605 σφραγὶς
1793 4540 1918 4603 τοὺς

2038 4527 2271 4600 praecidi,
2324 4533 2385 4580 ut
2438 4537 2715 4593 nunquam
2761 4522 3070 4577 meminisse
3119 4523 3371 4581 desinant
3415 4516 3497 4599 εθῖ
3528 4531 3612 4583 di-

340 4598 677 4693 στρατιώτας
704 4621 814 4674 τῶν
855 4598 1089 4676 ἰδιωτῶν
1115 4598 1475 4694 ἀφορίζουσα.
1505 4598 1584 4681 To
1603 4598 1665 4682 bs
1686 4598 1791 4685 si}.
1821 4598 1916 4686 tofi

2038 4598 2149 4678 vina
2206 4616 2551 4676 Providentia
2613 4614 2822 4679 foveri,
2878 4629 2984 4685 qua
3050 4630 3220 4686 genus
3283 4633 3475 4673 eorum
3538 4637 3603 4677 ex

338 4711 657 4780 παιδογόνου
693 4710 883 4782 μορίου
919 4711 1178 4766 κελεῦσαι
1222 4714 1385 4766 τοῦτο
1427 4720 1623 4783 ποιεῖν,
1655 4719 1914 4791 ἐμήνυεν,

2038 4725 2183 4768 itero
2212 4708 2380 4767 sterili
2413 4719 2467 4764 et
2495 4708 2654 4764 annis
2692 4706 2857 4762 eﬂ‘e‘to
2881 4745 2896 4771 ,
2929 4717 3124 4777 prazler
3154 4725 3313 4763 omne
3344 4711 3607 4767 auxilium

334 4805 417 4858 ὅτι
464 4803 713 4875 βούλεται
741 4803 882 4875 πρὸς
915 4804 1223 4877 ὑπόμνησιν
1268 4808 1466 4872 αὐτοὺς
1495 4809 1629 4863 ἰέναι
1671 4815 1911 4884 συνεχῶς

2038 4806 2228 4863 :duxit.
2270 4804 2481 4863 Praebet
2516 4801 2680 4872 igitur
2726 4800 2840 4854 haec
2874 4799 3029 4855 Isaac
3076 4801 3330 4856 nativitas
3373 4803 3601 4872 ﬁguram

334 4897 434 4966 τῆς
465 4895 595 4966 περὶ
638 4896 837 4961 αὐτοὺς
877 4895 1021 4968 ὑπὲρ
1051 4896 1215 4967 φύσιν
1268 4900 1528 4971 προνοίας
1552 4941 1568 4965 ,
1600 4903 1721 4956 καθ’
1752 4905 1819 4975 ἦν
1856 4904 1918 4959 τὺ

2038 4893 2437 4952 ~esurrectionis
2475 4890 2754 4947 hominum
2787 4904 2853 4944 ex
2888 4890 3138 4947 mortuis.
3189 4891 3265 4946 Ex
3315 4907 3382 4948 eo
3417 4904 3602 4950 autem

335 4988 492 5056 γένος
522 4987 702 5041 αὐτῶν
727 4990 793 5043 ὲκ
823 4988 1034 5060 μήτρας
1055 4989 1274 5061 στείρας
1302 5007 1361 5044 τε
1385 4993 1477 5046 καὶ
1501 4995 1915 5067 νενεκρωμένης

2038 4990 2165 5062 ιυοά
2216 4986 2359 5044 servi
2410 4986 2577 5040 variis
2629 4983 2695 5038 de
2749 4983 2998 5054 gentibus
3033 4986 3138 5041 orti
3177 4986 3600 5044 circumcidendi

333 5081 438 5152 ἥδη
469 5077 545 5151 τῷ
574 5079 723 5152 γήρᾳ.
749 5080 901 5154 παρὰ
933 5082 1117 5135 πᾶσαν
1156 5081 1483 5137 ἀκολουθίαν
1522 5087 1911 5157 συνεστήσατο.

2038 5095 2175 5149 sunt,
2220 5087 2446 5151 apparet
2476 5077 2556 5133 vel
2584 5089 2771 5149 gentes
2820 5078 2886 5132 ad
2934 5078 3071 5133 bona
3093 5094 3214 5152 qua:
3244 5097 3339 5151 per
3369 5082 3605 5152 promis-

335 5171 587 5244 Περιεῖχέ
622 5188 686 5241 γε
719 5172 825 5243 μὴν
866 5173 1007 5227 κατά
1046 5172 1207 5227 τοῦτο
1229 5174 1325 5227 τοῦ
1363 5175 1547 5230 Ἰσαάκ
1591 5179 1623 5247 ἡ
1654 5178 1910 5248 γέννησις

2038 5178 2226 5230 .ionem
2254 5172 2307 5227 in
2332 5168 2551 5225 Christo
2582 5166 2869 5223 acciendas
2897 5183 3039 5223 esse.

332 5266 435 5337 τῆς
463 5267 529 5319 ἐκ
560 5265 770 5334 νεκρῶν
792 5265 1145 5329 ἀναστάσεως
1172 5268 1423 5337 αἴνιγμα.
1454 5269 1528 5323 Τὸ
1557 5271 1614 5324 δὲ
1648 5272 1741 5326 καὶ
1768 5274 1897 5337 τοὺς
1935 5274 2000 5326 ὲκ
2025 5268 2301 5339 διαφόρων
2324 5262 2497 5319 ἐθνῶν
2527 5262 2745 5325 οἰκέτας
2804 5260 2955 5332 αὐτῷ
3014 5264 3317 5334 προστάξαι
3372 5272 3600 5341 περὶτε

337 5361 479 5431 μεῖν,
513 5359 574 5413 τὸ
628 5356 993 5429 συμμεθέξειν
1033 5358 1130 5411 καὶ
1150 5358 1220 5412 τά
1250 5358 1375 5431 ἔθνη
1418 5362 1526 5415 τῶν
1559 5363 1779 5434 ἀγαθῶν
1816 5364 1916 5436 τῆς
1955 5359 2292 5433 ἐπαγγελίας
2316 5357 2415 5429 τῆς
2439 5356 2499 5410 ὲν
2536 5353 2758 5427 Χριστῷ
2784 5356 3218 5429 προκατήγγειλε

926 5471 1180 5527 ΚΕΦΑΛ.
1214 5470 1313 5529 ΙΘ’.

2640 5467 2794 5525 CAP.
2832 5469 2976 5527 XIX.
3056 5474 3061 5481 “

409 5607 428 5641 ι
498 5588 789 5642 Ἐπότισαν
835 5587 892 5640 δὶ
927 5586 1021 5639 τὸν
1082 5585 1298 5657 πατέρα
1331 5588 1511 5643 αὐτῶν
1540 5587 1683 5645 οἶνον
1737 5594 1795 5647 ὲν
1844 5597 1905 5665 τῇ

2094 5584 2252 5643 Vens.
2306 5584 2397 5639 '53.
2447 5603 2464 5634 ι
2502 5582 2773 5638 Dcderunt
2821 5583 2987 5638 etiam
3028 5594 3081 5640 et
3127 5585 3211 5640 illa
3259 5597 3413 5642 nocte
3458 5588 3596 5657 patri

331 5680 487 5735 νυκτὶ
517 5677 708 5749 ταύτῃ.
741 5697 758 5728 ο

2038 5694 2115 5733 .uo
2148 5679 2330 5734 bibere
2361 5679 2565 5734 vinum.
2598 5698 2617 5731 ι

432 5862 448 5879 ⁸
490 5859 589 5912 Τὸν
620 5857 814 5912 Ἰακὼὸ
847 5858 991 5914 δοκεῖ
1018 5861 1219 5915 ἐννοεῖν
1244 5874 1257 5889 °
1289 5860 1451 5924 αὐτὸς
1480 5858 1587 5931 γὰρ
1619 5859 1839 5932 Ἰσραὴλ
1866 5860 2181 5931 ὠνομάσθη.
