4164 6518
589 388 723 452 1647

1686 387 2060 452 GENNADII
2101 389 2608 452 PATRIARCHZE
2645 391 2754 452 CP.

3721 395 3858 462 1618

663 504 774 561 lloc
810 506 876 560 de
906 504 1088 560 divina
1108 504 1388 574 Scriptura
1420 505 1817 561 observandum
1867 515 1974 573 est,
2022 507 2164 576 quod

2343 506 2516 560 Τοῦτο
2555 508 2654 577 τῆς
2698 505 2850 568 θείας
2897 509 3234 578 προσεκτέον
3287 509 3516 584 Γραφῆς
3542 551 3557 576 ,
3594 513 3678 567 ὅτι
3720 516 3860 585 πλὴν

586 609 786 669 praeter
829 607 1113 668 peccatum
1162 598 1295 652 nihil
1351 597 1478 652 mali
1521 597 1679 654 nobis
1732 598 1908 654 inesse
1964 600 2164 663 sentit;

585 691 1012 760 quotiescunque
1045 689 1212 758 igitur
1241 689 1396 745 nobis
1429 689 1604 754 utilia,
1638 699 1732 744 aut
1762 691 1948 745 nociva
1979 691 2167 755 refert,

585 785 690 838 alia
723 782 941 854 quidem
985 781 1208 845 laudat,
1258 781 1364 837 alia
1401 797 1531 837 vero
1579 783 1945 851 reprehendit,
1991 792 2050 838 ut
2100 784 2168 836 ad

584 875 672 929 illa
702 889 798 930 nos
830 873 1152 944 propellere,
1179 873 1246 928 ab
1278 872 1364 928 his
1399 881 1579 928 autem
1623 883 1871 929 avertere
1901 875 2166 931 videatur.

583 966 807 1034 Quando
837 975 1022 1020 autem
1053 964 1176 1018 talia
1205 973 1409 1028 narrat,
1441 980 1583 1034 quae,
1617 975 1675 1017 ut
1710 965 1922 1022 facinus
1939 966 2059 1030 Lot,
2082 967 2166 1020 in-

582 1060 722 1114 sonti
775 1059 956 1113 animo
987 1058 1370 1120 admittuntur,
1404 1072 1436 1112 a
1463 1057 1712 1113 laudibus
1737 1073 1892 1128 mque
1934 1059 2169 1112 abstinet

581 1163 637 1208 et
663 1167 692 1206 a
721 1151 1136 1221 vituperatione,
1190 1165 1259 1206 ue
1289 1149 1535 1205 carnales
1565 1149 1811 1206 homines
1839 1160 1893 1206 et
1922 1151 2169 1221 volupta-

587 1243 729 1299 tibus
759 1242 969 1298 deditos
992 1243 1212 1297 excitet.

1212 1355 1365 1412 CAP.
1404 1355 1526 1412 XX.

659 1469 824 1524 Vens.
857 1469 948 1523 42.
993 1488 1012 1521 ι
1043 1469 1108 1522 Ει
1151 1484 1278 1523 vere
1324 1487 1480 1526 soror
1524 1486 1643 1526 mea
1689 1481 1793 1536 est,
1853 1472 1960 1526 filia
2002 1474 2170 1542 patris

587 1564 722 1627 mei,
772 1573 827 1617 et
881 1580 986 1618 non
1040 1563 1147 1617 filia
1209 1565 1400 1622 matris
1450 1579 1616 1629 meae,
1670 1573 1726 1619 et
1771 1555 1902 1619 duxi
1948 1579 2066 1619 eam
2114 1566 2169 1621 iu

587 1669 830 1710 IIXOI'CIII.
868 1675 884 1708 ι

657 1747 865 1805 Etenim
901 1763 1025 1803 vere
1066 1763 1220 1803 soror
1243 1762 1361 1804 mea
1395 1756 1499 1812 est,
1552 1747 1663 1802 filia
1711 1747 1886 1816 patris
1925 1747 2030 1804 mel
2060 1757 2166 1813 est,

587 1859 692 1898 non
726 1851 903 1896 autem
935 1841 1043 1895 lilia
1083 1839 1276 1895 matris
1302 1855 1457 1895 mere.

1194 1952 1348 2008 CAP.
1390 1952 1556 2010 XXII.

654 2067 820 2124 Vens.
863 2067 951 2121 15.
997 2085 1015 2118 ι
1049 2067 1116 2122 Ει
1161 2080 1288 2124 ecce
1338 2067 1482 2124 aries
1529 2071 1743 2124 herens
1800 2069 2064 2125 cornibus
2113 2070 2166 2125 in

585 2160 818 2230 virgulto
853 2159 1049 2214 Sabec.
1080 2178 1102 2209 ι

656 2253 831 2307 Sabec
887 2251 978 2306 alii
1007 2252 1370 2306 remissionem
1410 2251 1876 2323 interpretantur;
1933 2254 2022 2308 alii
2078 2269 2170 2308 ar-

583 2345 768 2407 duum,
790 2356 976 2397 vocem
1002 2342 1142 2396 hanc
1157 2344 1224 2396 ad
1246 2343 1471 2398 arietem
1497 2343 1813 2399 referentes.
1831 2343 2034 2400 Forsan
2066 2347 2168 2400 hoc

581 2451 688 2489 non
718 2435 886 2502 aliud,
921 2434 1028 2488 nisi
1060 2449 1254 2488 nomen
1287 2435 1526 2504 virgulti.

1179 2542 1336 2598 CAP.
1373 2544 1562 2602 XXIV.

650 2657 817 2714 Vens.
846 2657 902 2713 2.
948 2674 966 2709 ι
1001 2655 1068 2711 Ει
1100 2655 1235 2711 dixit
1255 2657 1528 2715 Abraham
1551 2660 1619 2716 ad
1647 2675 1864 2717 servum
1895 2664 2164 2720 seniorem

577 2757 774 2808 domus
813 2768 946 2819 suae,
982 2750 1085 2838 qui
1113 2759 1344 2820 praeerat
1384 2751 1637 2808 omnibus
1695 2768 1816 2823 qua:
1886 2751 2161 2810 habebat:

576 2847 723 2903 Pone
752 2859 968 2900 manum
1003 2853 1146 2900 tuam
1170 2843 1355 2900 subter
1380 2843 1556 2900 femur
1585 2859 1785 2901 meum.
1820 2864 1840 2898 ι

655 3024 810 3094 Quod
839 3021 968 3078 fecit
1000 3022 1275 3077 Abraham
1303 3021 1405 3077 hac
1439 3022 1506 3077 de
1535 3035 1698 3077 causa
1726 3038 1740 3076 :
1789 3037 1896 3078 non
1944 3023 2164 3094 ignora-

581 3122 673 3173 bat
706 3115 1177 3172 circumcisionem
1230 3114 1329 3184 ipsi
1359 3129 1387 3167 a
1427 3115 1538 3169 Deo
1586 3113 1767 3170 datam
1801 3113 1972 3171 fuisse
2019 3116 2165 3172 velut

2272 601 2554 672 ἁμαρτίας
2595 599 2751 652 οὐδὲν
2801 599 3008 669 φαῦλον
3055 601 3162 653 τῶν
3213 603 3271 654 ὲν
3318 605 3452 672 ἡμῖν
3504 606 3860 680 ἡγουμένης,

2273 694 2486 764 χρηστά
2521 694 2618 764 μὲν
2648 693 2840 756 ὁσάκις
2867 693 2934 747 ἃν
2966 697 3100 766 ἡμῖν
3147 697 3180 766 ἢ
3209 694 3390 764 φαῦλά
3407 715 3530 750 τινα
3562 698 3860 769 διηγεῖται,

2271 783 2600 854 προστίθησι
2632 787 2748 848 τοῖς
2776 784 2875 855 μὲν
2905 784 3150 850 ἔπαινον,
3174 789 3288 851 τοῖς
3320 787 3376 840 δὲ
3397 788 3592 857 ψόγονο
3622 790 3733 844 τῶν
3760 783 3885 862 μὲνξ

2272 876 2637 946 ἀπείργουσα,
2679 876 2818 947 πρὸς
2865 877 2923 932 δὲ
2966 878 3036 932 τὰ
3077 855 3450 950 παρορμῶσα.
3484 855 3668 936 γὍταν
3700 855 3774 935 δέ⁷
3805 855 3887 935 τιε

2271 969 2406 1042 λέγῃ
2445 969 2555 1023 τῶν
2584 969 2868 1033 τοιούτων,
2912 966 3025 1025 οἷόν
3066 972 3181 1025 ἐστι
3216 972 3277 1025 τὸ
3314 973 3408 1027 τοῦ
3452 973 3577 1027 Λὼτ
3615 976 3720 1028 οὐκ
3750 974 3865 1028 ἀπὸ

2272 1060 2523 1128 πονηρᾶς
2555 1059 2848 1130 γενόμενον
2893 1059 3188 1126 διαθέσεως
3210 1102 3228 1127 ,
3259 1062 3417 1132 ψέγει
3451 1064 3552 1134 μὲν
3580 1065 3864 1134 οὐδαμῶς,

2272 1149 2333 1202 οὐ
2366 1147 2474 1220 μὴν
2507 1150 2628 1204 οὐδὲ
2657 1152 2893 1217 ἐπαινεῖ,
2922 1153 3050 1216 τοὺς
3080 1155 3379 1224 σαρκικοὺς
3415 1155 3512 1209 καὶ
3537 1155 3863 1227 φιληδόνους

2272 1239 2620 1311 ὑφορωμένη.

2876 1356 3128 1411 ΚΕΦΑΛ.
3168 1358 3255 1413 K'.
3307 1409 3314 1417 .

2351 1485 2370 1518 ι
2412 1467 2525 1521 Kal.
2557 1468 2664 1539 γὰρ
2695 1467 2915 1538 ἀληθῶς
2956 1469 3160 1543 ἀδελφή
3194 1471 3296 1542 μού
3339 1472 3487 1525 ἐστιν
3513 1473 3578 1526 ὲκ
3611 1475 3819 1545 πατρὸς
3843 1514 3858 1536 ,

2271 1557 2391 1612 ἀλλ’
2426 1560 2527 1613 οὐκ
2556 1561 2620 1614 ἐκ
2653 1562 2879 1633 μητρός·
2915 1562 3149 1634 ἐγενήθη
3181 1565 3238 1618 δέ
3263 1582 3368 1635 ,μοι
3392 1567 3472 1629 είς
3503 1569 3760 1634 γυναῖκα.
3799 1587 3819 1619 ι

2345 1735 2453 1788 Καὶ
2500 1734 2610 1806 γὰρ
2661 1735 2882 1807 ἀληθῶς
2924 1736 3129 1808 ἀδελφή
3185 1755 3289 1809 μου
3345 1738 3592 1812 Θυγάτηρ
3653 1743 3859 1811 πατρός

2198 1870 2244 1926 Β
2274 1827 2376 1898 μού
2410 1829 2528 1881 ἐστι
2556 1868 2571 1894 ,
2602 1828 2743 1899 πλὴν
2773 1829 2832 1882 ού
2864 1829 3112 1901 Θυγάτηρ
3151 1831 3358 1903 μητρός
3400 1849 3525 1902 μου.

2843 1947 3098 2002 ΚΕΦΔΛ.
3140 1948 3268 2003 ΚΒ’.

2348 2079 2366 2112 ι
2404 2060 2516 2113 Καὶ
2553 2059 2662 2113 ἰδοὺ
2697 2060 2853 2131 κριὸς
2882 2055 2963 2126 εἷς
3003 2060 3371 2132 κατεχόμενος
3402 2061 3461 2114 ὲν
3495 2062 3650 2133 φυτῷ
3680 2061 3859 2116 Σαδὲκ

2270 2156 2335 2207 ὲκ
2359 2155 2466 2208 τῶν
2501 2154 2772 2225 κεράτων.
2809 2173 2826 2205 ι

2345 2248 2418 2300 Τὸ
2452 2246 2630 2299 Σαϐὲκ
2675 2246 2897 2316 ἄφεσιν
2935 2247 3081 2309 τινὲς
3124 2247 3508 2301 ὲκδεδώκασινο
3549 2249 3599 2300 οἱ
3647 2249 3724 2313 δὲ,
3761 2249 3859 2316 ὀρ-

2271 2342 2420 2392 θιον·
2454 2337 2530 2401 ὠς
2571 2333 2723 2411 ἐἶναι
2757 2338 2890 2391 αὐτὸ
2924 2338 2984 2391 τὸ
3028 2338 3323 2409 λεγόμενον
3359 2343 3488 2410 περὶ
3542 2341 3636 2394 τοῦ
3678 2341 3855 2410 κριοῦ.

2268 2431 2505 2484 Δύναται
2537 2430 2592 2483 δὲ
2633 2431 2726 2484 καὶ
2755 2431 2814 2483 τὸ
2847 2432 3012 2499 φυτὸν
3043 2431 3186 2484 οὓτω
3214 2434 3748 2503 προσαγορεύεσθαι.

2853 2547 3107 2600 ΚΕΦΔΛ.
3149 2548 3275 2601 KA'.

2339 2659 2448 2714 Kal.
2495 2653 2649 2712 εἶπεν
2695 2657 2948 2728 Ἀϐραὰμ
2981 2656 3061 2728 τῷ
3094 2658 3242 2712 παιδὶ
3277 2657 3443 2712 αὑτοῦ
3491 2657 3570 2729 τῷ
3619 2657 3862 2729 πρεσϐυ-

2265 2748 2409 2820 τέρῳ
2458 2749 2558 2819 τῆς
2609 2749 2787 2812 οἰκίας
2851 2749 3041 2814 αὐτοῦ,
3075 2749 3153 2820 τῷ
3205 2751 3426 2820 ἄρχοντι
3479 2751 3700 2804 πάντων
3748 2750 3859 2802 τῶν

2270 2842 2624 2912 ὑπαρχόντων
2659 2840 2842 2912 αὐτῷ’
2887 2842 2990 2906 Θὲς
3035 2843 3132 2913 τὴν
3167 2843 3329 2914 χεῖρά.
3362 2861 3457 2896 σου
3494 2844 3600 2896 ὑπὸ
3631 2844 3724 2897 τὸν
3757 2861 3861 2914 μη-

2267 2934 2360 3005 ρόν
2395 2949 2518 3005 μου.
2553 2954 2573 2986 ι

2335 3025 2508 3079 Τοῦτο
2546 3026 2849 3095 πεποίηκεν
2879 3026 3130 3098 Ἀϐραὰμ
3171 3027 3257 3082 διὰ
3291 3025 3412 3082 τόδε
3437 3044 3452 3057 °
3491 3029 3646 3100 ᾟδει
3682 3045 3859 3100 σφρα-

2268 3117 2394 3185 γῖδα
2427 3117 2528 3188 τὴν
2562 3119 2866 3188 περιτομὴν
2899 3118 3049 3188 αὐτῷ
3081 3119 3373 3189 δεδομένην
3404 3119 3509 3172 ὑπὸ
3543 3119 3681 3174 Θεοῦ
3721 3120 3863 3190 πρὸς

592 3211 808 3278 signum
861 3222 969 3277 quo
1019 3222 1048 3258 a
1095 3206 1306 3261 caeteris
1357 3205 1669 3261 hominibus
1720 3207 2163 3278 distingueretur.

2274 3206 2374 3277 τὴν
2399 3206 2507 3259 ἀπὸ
2535 3208 2646 3260 τῶν
2685 3206 2891 3260 λοιπῶν
2930 3207 3235 3278 ἀνθρώπων
3280 3209 3575 3282 διάκρισιν.
3623 3210 3861 3265 Ἐσπού-

587 3302 734 3358 Nihil
791 3300 957 3371 igitur
993 3299 1274 3369 antiquius
1323 3297 1578 3366 habebat,
1622 3315 1784 3370 quam
1836 3310 1896 3356 ut
1940 3303 2164 3371 posteri,

578 3399 869 3451 observata
898 3393 1334 3452 circumcisionis
1363 3392 1498 3464 lege,
1553 3393 1621 3448 ab
1663 3395 1902 3450 externis
1947 3396 2167 3451 recede-

580 3501 722 3545 rent.
748 3489 861 3544 lloc
884 3506 1011 3560 ergo
1039 3490 1326 3545 intendens
1355 3503 1537 3544 secum
1574 3490 1866 3558 reputavit,
1900 3491 1953 3545 ni
1987 3490 2165 3558 fallor,

582 3596 803 3637 uxorem
839 3582 1016 3649 Isaac,
1047 3581 1091 3638 si
1122 3581 1262 3650 apud
1293 3580 1552 3636 finitimos
1579 3595 1935 3650 quaereretur,
1985 3593 2170 3655 utpote

582 3673 730 3742 genti
789 3689 903 3729 suae
931 3687 1103 3742 usque
1139 3671 1472 3742 propiorem,
1523 3671 1608 3726 vel
1636 3673 1855 3728 omnino
1901 3689 2030 3743 non,
2076 3684 2170 3730 aut

583 3779 690 3820 non
720 3764 824 3820 nisi
866 3764 1179 3819 dillicill‘nne
1207 3762 1275 3816 ab
1325 3762 1628 3818 idololatria
1675 3764 1743 3819 ad
1772 3779 1956 3819 veram
2008 3766 2166 3821 fidem

581 3855 774 3910 deduci
819 3869 1016 3926 posse;
1063 3866 1318 3922 sponsam
1351 3866 1529 3907 autem
1582 3867 1648 3908 ex
1683 3853 1855 3924 ipsius
1901 3855 2071 3922 patria
2107 3870 2168 3911 ac

578 3961 776 4017 genere
807 3950 1166 4014 desumptam,
1203 3946 1453 4002 facillime
1487 3947 1588 4001 viri
1630 3948 1713 4002 sui
1761 3950 2003 4005 moribus
2036 3966 2167 4006 con-

579 4055 884 4094 sensuram.
936 4038 1206 4093 Praeterea
1246 4039 1635 4093 recordabatur
1662 4053 1792 4094 sane
1820 4051 2009 4110 gentes
2046 4058 2167 4112 qua:

579 4143 711 4187 tunc
739 4131 1003 4201 temporis
1055 4125 1399 4185 Palaestinam
1453 4130 1758 4186 incolebant
1796 4147 1826 4186 a
1857 4131 1967 4188 Deo
2001 4133 2166 4189 fuisse

579 4224 849 4293 reiectas;
883 4238 984 4278 nec
1022 4239 1235 4295 tequum
1293 4223 1540 4292 putabat,
1568 4223 1611 4278 si
1646 4225 1712 4278 de
1744 4233 1902 4295 gente
1939 4224 2049 4280 Deo
2079 4227 2163 4281 in-

581 4316 732 4370 fensa
759 4325 814 4367 et
871 4315 1051 4370 hostili
1107 4314 1257 4368 Isaac
1291 4313 1572 4384 conjugcm
1605 4316 1894 4386 acciperet.
1955 4317 2159 4386 Quam-

578 4407 765 4460 obrem
797 4406 1042 4476 pracipit
1063 4421 1232 4478 puero
1266 4415 1322 4460 ut
1351 4407 1402 4459 in
1434 4405 1848 4464 circumcisione
1878 4425 1973 4480 per
1990 4409 2165 4467 Domi-

581 4513 706 4552 num
737 4497 1171 4554 circumcisionis
1216 4509 1498 4552 auctorem
1545 4497 1693 4567 juret
1738 4515 1797 4556 se
1841 4503 2001 4558 verba
2033 4507 2164 4562 'haec

1092 4590 1336 4646 Tradunt
1389 4601 1567 4647 autem
1629 4595 1866 4652 nonnulli
1930 4611 2156 4664 puerum

577 4684 738 4738 istum
766 4685 1016 4738 eumdem
1044 4698 1166 4739 esse
1197 4698 1354 4753 quem
1381 4685 1630 4754 superius
1649 4683 1921 4741 Abraham
1952 4705 2158 4744 memo-

576 4785 792 4830 raverat
818 4778 1036 4832 diceus:
1061 4774 1233 4830 Filius
1260 4785 1434 4830 autem
1461 4775 1659 4837 Masec.
1693 4781 1985 4832 uernacuch
2005 4797 2156 4846 metu,

574 4869 673 4922 iste
722 4867 1056 4922 haereditabit
1103 4865 1272 4922 me”.
1329 4865 1463 4919 Nam
1518 4867 1726 4922 videtur
1772 4883 1896 4922 eum
1950 4869 2036 4923 illa
2093 4871 2160 4924 de

575 4977 737 5016 causa
765 4972 1021 5032 tanquam
1071 4961 1340 5018 lneredetn
1380 4961 1660 5032 selegisse,
1714 4964 1839 5032 quia
1890 4978 2011 5018 eum
2059 4965 2160 5019 sibi

576 5056 1007 5124 devotissltnum;
1029 5064 1085 5109 et.
1130 5053 1526 5109 amicissimum
1577 5069 1673 5124 per
1738 5067 1950 5108 omnem
1998 5054 2162 5109 vitam

577 5158 830 5217 expertus
860 5147 1056 5202 fuerat.

577 4591 1015 4654 observaturum.

1179 5431 1332 5487 CAP.
1363 5428 1539 5486 ‘XXV.

657 5559 814 5600 νειις.
859 5553 949 5600 2i.
1015 5566 1031 5598 ι
1073 5546 1440 5601 Perrexitaue‘
1488 5555 1544 5600 ut
1606 5555 1916 5601 consuleret
1972 5547 2158 5602 Donu-

576 5655 723 5692 lttmt.
763 5659 778 5689 ι
1295 5651 1306 5662 ’

627 5815 692 5850 ἰ’
713 5818 846 5874 Cen.
874 5832 960 5883 xv,
988 5817 1040 5872 2.

2271 3298 2431 3363 δαζεν
2457 3295 2550 3354 οὖν
2577 3301 2728 3364 ὅπως
2757 3302 2854 3357 καὶ
2877 3304 2925 3354 oi
2953 3304 3069 3372 μετ’
3104 3302 3268 3355 αὐτὸν
3299 3302 3360 3368 ἐξ
3383 3303 3549 3356 αὐτοῦ
3571 3305 3864 3372 γεννηθέν-

2270 3407 2362 3453 τες
2411 3391 2620 3460 ταύτην
2672 3392 3034 3460 φυλάττοντες
3097 3392 3182 3460 ἐφ’
3243 3392 3454 3446 ἑαυτῶν
3512 3393 3860 3465 διαμείνωσι.

2271 3485 2444 3538 Τοῦτο
2471 3484 2652 3538 τοίνυν
2680 3483 3032 3547 ἐσπουδακὼς
3055 3524 3070 3548 ,
3105 3484 3444 3554 διελογίσατο
3477 3487 3600 3542 καθ’
3640 3488 3858 3549 ἑαυτὸν,

2273 3577 2346 3641 ὡς
2375 3577 2521 3641 εἰκὸς
2543 3619 2557 3643 ,
2590 3579 2673 3631 ὅτι
2703 3579 2752 3630 εί
2784 3578 2884 3647 μὲν
2923 3577 3064 3647 πρός
3096 3593 3218 3631 τινα
3255 3578 3366 3631 τῶν
3411 3580 3696 3650 ἐγχωρίων
3733 3596 3859 3632 συν-

2272 3671 2384 3743 άψῃ
2410 3672 2471 3724 τὸ
2499 3671 2664 3741 κῆδος
2692 3712 2706 3736 ,
2758 3669 2992 3739 ἐγγύθεν
3030 3671 3183 3734 ὄντος
3216 3674 3280 3742 τῇ
3316 3671 3453 3742 κόρῃ
3478 3671 3591 3724 τοῦ
3621 3671 3818 3740 γένους
3841 3713 3856 3736 ι

2273 3765 2529 3828 δύσκολος
2557 3763 2590 3835 ἢ
2639 3763 2733 3816 καὶ
2761 3762 3024 3827 ἀδύνατος
3064 3764 3098 3834 ἠ
3129 3763 3238 3825 ἀπὸ
3280 3764 3378 3832 τῆς
3413 3764 3860 3834 είδωλολατρείας

2271 3856 2410 3928 πρὸς
2437 3857 2538 3927 τὴν
2583 3854 2866 3909 εὐσέϐειαν
2897 3855 3050 3909 ἔσται
3092 3855 3416 3926 μετάθεσιςο
3464 3857 3513 3908 εί
3556 3856 3612 3909 δὲ
3645 3858 3709 3909 ἐκ
3756 3856 3860 3925 τῆς

2271 3947 2466 4001 ἑαυτοῦ
2497 3947 2753 4018 πατρίδος
2776 3947 2871 4002 καὶ
2915 3947 3010 4000 τοῦ
3034 3948 3237 4000 οἰκείου
3263 3948 3456 4017 γένους
3479 3948 3701 4018 νύμφην
3719 3949 3860 4016 ἀγά-

2269 4056 2440 4107 γοιτο,
2479 4039 2676 4112 ῥᾳδίως
2702 4038 2843 4110 αὕτη
2879 4039 3018 4110 πρὸς
3044 4041 3114 4092 τὰ
3156 4040 3261 4111 ἢθη
3295 4041 3389 4093 τού
3430 4041 3624 4111 ἀνδρὸς
3653 4043 3860 4112 μεταρ-

2275 4131 2731 4203 ρυθμισΘήσεται.
2767 4133 2910 4204 Πρὸς
2943 4133 2999 4186 δὲ
3041 4132 3252 4197 τούτοις
3290 4133 3606 4202 ἀναγκαίως
3635 4135 3729 4188 καὶ
3758 4135 3859 4204 τῆς

2270 4222 2705 4294 ὲξενηνεγμένης
2733 4221 2874 4276 κατὰ
2902 4223 3009 4277 τῶν
3032 4223 3323 4278 οἰκούντων
3353 4224 3475 4276 τότε
3510 4224 3610 4296 τὴν
3648 4224 3857 4277 Halat-

2271 4315 2456 4388 στίνην
2487 4317 2816 4386 ἀποφάσεως
2845 4316 3216 4386 ὲπεμέμνητοο
3253 4315 3451 4369 οῠκουν
3484 4316 3621 4386 ῷετο
3647 4316 3760 4368 δεῖν
3793 4318 3857 4369 ἐκ

2267 4406 2363 4460 τοῦ
2401 4406 2590 4475 γένους
2627 4406 2722 4460 τοῦ
2755 4407 3264 4478 προσκεκρουκὸτος
3297 4407 3392 4459 καὶ
3440 4407 3702 4475 πολεμίου
3733 4407 3856 4476 Θεῷ

2270 4500 2506 4566 γυναῖκα
2531 4497 2833 4566 λαμϐάνειν
2855 4496 2934 4567 τῷ
2972 4498 3178 4550 Ἰσαάκ.
3206 4497 3303 4548 Διὰ
3328 4495 3502 4550 ταῦτα
3535 4496 3744 4549 κελεύει
3775 4497 3857 4565 τῷ

2273 4587 2424 4641 παιδὶ
2454 4587 2552 4656 τῆς
2588 4587 2892 4657 περιτομῆς
2927 4588 3286 4658 ἐφαπτομένῳ
3305 4627 3319 4650 ,
3349 4588 3490 4640 κατὰ
3522 4586 3617 4639 τοῦ
3643 4587 3856 4658 ταύτην

2268 4677 2561 4740 δεδωκότος
2593 4676 2817 4744 ὀμνύειν
2845 4676 2975 4746 περὶ
3002 4670 3076 4729 ὧν
3102 4693 3236 4746 φησι
3263 4676 3401 4747 πρὸς
3431 4675 3615 4729 αὐτόν.
3648 4675 3856 4727 Τοῦτον

2266 4771 2322 4825 δὲ
2374 4770 2536 4824 αὐτὸν
2581 4769 2837 4840 εἰρήκασί
2890 4787 3032 4830 τινες
3087 4767 3257 4835 εἶναι,
3310 4763 3371 4823 οὗ
3419 4766 3782 4838 μνημονεύων
3827 4768 3856 4818 ὁ

2279 4864 2532 4936 ’Ᾱϐραὰμ
2565 4865 2622 4916 ἐν
2649 4867 2761 4926 τοῖς
2791 4863 3102 4936 ἔμπροσθεν
3124 4863 3328 4930 ἔλεγενο
3372 4861 3435 4914 '0
3466 4861 3534 4913 δὲ
3564 4861 3696 4925 υίὸς
3725 4862 3853 4913 Ma-

2269 4956 2383 5009 σὲκ
2411 4955 2523 5024 τῆς
2551 4955 2897 5025 οίκογενοῦς
2914 4971 3054 5023 μου,
3079 4949 3257 5018 οὗτος
3282 4948 3732 5020 κληρονομήσει
3754 4965 3850 5018 με.

2270 5049 2380 5102 Καὶ
2417 5047 2644 5110 ἀπεικός
2673 5065 2735 5115 γε
2777 5046 2952 5108 οὐδὲν,
2996 5043 3287 5115 βούλεσθαι
3327 5043 3489 5095 αὐτὸν
3519 5039 3697 5111 τούτῳ
3730 5039 3852 5092 τότε

2266 5138 2574 5210 χρήσασθαι
2600 5137 2946 5208 κληρονόμῳ,
2971 5136 3046 5199 ὼς
3077 5131 3576 5204 συναναστραφέντι
3610 5147 3669 5182 τε
3701 5128 3854 5198 αύτῷ

2269 5230 2460 5302 σχεδὸν
2492 5231 2585 5283 καὶ
2618 5229 2962 5298 εὑνουστάτῳ
3005 5227 3155 5297 παρὰ
3193 5225 3376 5278 πάντα
3407 5224 3498 5278 τὸν
3539 5222 3653 5292 βίον
3688 5237 3852 5290 γεγε·

2295 5325 2503 5395 ημένῳ.

2843 5431 3092 5484 ΚΕΦΑΛ.
3134 5430 3262 5484 κε’.

2349 5569 2366 5601 ι
2419 5545 2720 5619 Ἑπορεύθη
2750 5545 2803 5598 δὲ
2836 5545 3101 5600 πυθέσθαι
3136 5544 3284 5615 παρὰ
3313 5542 3536 5614 Κυρίου.
3572 5560 3593 5593 ι
