4164 6536
341 398 478 467 1649

1427 397 1510 458 ΙΝ
1547 395 1878 457 GENESIN
1918 392 2402 456 FRAGMENTA.

3455 383 3594 452 1650

423 512 722 584 Ἑπορεόθη
752 514 832 576 εις
863 512 1027 567 τόπον
1064 510 1309 583 δηλονότι
1338 510 1482 577 τινὰ,
1517 512 1575 564 ιν
1598 503 1754 579 ᾧπερ
1786 508 1917 579 παρ’

2091 507 2293 573 Adivit,
2338 514 2397 560 ut
2458 505 2690 569 videtur,
2734 503 2914 559 locum
2956 500 3269 574 quemdam,
3314 514 3422 570 quo
3452 497 3596 554 Deus

336 605 521 665 αὐτοῖς
568 599 953 670 ιπιφαίνεσθαι
989 599 1080 653 τὸν
1120 599 1253 652 Θεὸν
1299 597 1559 662 πολλάκις
1608 598 1912 652 συνέϐαινε.

339 693 496 755 Τινὲς
536 690 595 745 δὲ
630 691 802 761 αὐτὴν
844 689 997 761 παρὰ
1024 690 1115 743 τὸν
1143 688 1483 759 Μελχισεδὲκ
1507 688 1717 760 ἔφασαν
1746 705 1916 741 πεπο-

342 783 590 855 ρεῦσθαι.
622 784 780 837 Ἐστι
806 782 865 835 δὲ
892 782 993 835 οὐκ
1021 780 1306 835 ἀπίθανον·
1339 776 1408 851 ἦν
1435 780 1545 853 γὰρ
1574 780 1735 835 αὐτὸν
1772 779 1916 843 είκὺς

342 879 422 932 Est
450 878 545 932 καὶ
564 877 855 946 περιεῖναι.
1373 906 1381 914 -

915 987 1167 1042 KEQAA.
1207 985 1329 1040 KZ"

422 1125 440 1157 ι
477 1104 589 1158 Kal
626 1104 859 1156 ὲνεκότει
910 1098 1082 1155 Ἦσαῦ
1127 1097 1323 1153 Ἰακὼϐ
1351 1098 1481 1171 περὶ
1508 1098 1606 1169 τῆς
1631 1096 1881 1166 εὐλογίας
1900 1138 1917 1161 ,

343 1194 412 1267 ἦς
436 1194 731 1266 εὐλόγησεν
760 1194 922 1248 αὐτὸν
963 1190 1149 1247 Ἰσαὰκ
1176 1192 1206 1245 ό
1249 1189 1432 1262 πατὴρ
1462 1190 1652 1247 αὑτοῦ.
1694 1187 1829 1244 Elite
1865 1189 1923 1244 δὲ

356 1286 526 1341 Ἡσαῦ
573 1288 631 1339 ιν
659 1287 725 1357 τῇ
759 1284 1001 1355 διανοίᾳο
1046 1281 1457 1353 Ἐγγισάτωσαν
1492 1281 1549 1335 al
1582 1281 1786 1352 ἡμέραι
1827 1278 1922 1335 τοῦ

347 1378 576 1441 πένθους
610 1375 705 1432 τοῦ
738 1376 942 1449 πατρός
970 1392 1098 1446 μου,
1133 1372 1221 1428 ἴνα
1250 1373 1559 1427 ἀποκτείνω
1602 1371 1799 1426 Ἰακὼϐ
1832 1372 1926 1427 τὸν

346 1465 576 1535 ἀδελφόν
603 1482 724 1535 μου.
766 1482 785 1516 ι

419 1556 526 1611 Τοῦ
582 1556 753 1611 Ἦσαῦ
794 1555 937 1610 κατὰ
967 1556 1209 1613 διάνοιαν
1252 1557 1344 1611 τὸν
1390 1555 1551 1626 φόνον
1590 1553 1685 1607 τοῦ
1730 1552 1926 1607 Ἰακὼϐ

351 1648 684 1718 μελετῶντος
702 1690 717 1713 ,
748 1648 867 1711 πῶς
897 1630 1068 1719 έςρησε
1098 1649 1190 1715 τὸ,
1231 1647 1571 1718 Ἀπηγγέλη
1601 1644 1671 1699 δὲ
1696 1644 1774 1713 τῇ
1810 1645 1929 1699 Ῥε-

345 1737 533 1809 ϐέκκα
571 1738 645 1801 τὰ
674 1738 913 1808 ῥήματα
954 1738 1182 1804 ταῦτα;
1208 1740 1358 1810 Φημὶ
1402 1738 1602 1803 τοίνυν,
1643 1738 1726 1791 ὃτι
1750 1736 1840 1790 διὰ
1867 1737 1929 1790 τδ

351 1829 581 1901 σύνηθες
608 1831 746 1884 εἶναι
786 1833 853 1903 τῇ
884 1830 1005 1901 θείᾳ
1033 1831 1222 1903 Γραφῇ
1264 1832 1365 1895 τὰς
1396 1832 1496 1900 τῆς
1536 1830 1716 1901 ψυχῆς
1747 1828 1930 1884 διαθέ-

352 1936 467 1982 σεις
513 1921 593 1982 είς
642 1918 834 1988 λόγους
880 1918 1141 1984 πολλάκις
1181 1921 1275 1975 καὶ
1321 1920 1505 1990 φωνὰς
1551 1918 1930 1989 σχηματίζειν,

348 2010 632 2065 κάνταῦθα
655 2009 814 2063 τοῦτο
836 2011 1083 2079 ἐποίησε.

866 2154 883 2163 υ
933 2124 1185 2178 ΚΕΦΔΛ.
1217 2124 1351 2177 KH'.

432 2257 449 2288 ι
496 2238 607 2291 Kal
652 2237 763 2291 ἰδοὺ
804 2236 1008 2308 κλίμαξ
1054 2237 1429 2309 ὲστηριγμένη
1465 2237 1525 2291 ὲν
1559 2238 1624 2307 τῇ
1660 2238 1731 2307 γῇ
1754 2276 1769 2301 ,
1800 2230 1870 2307 ἧς
1903 2235 1937 2306 ἡ

2022 600 2156 667 ipsis
2185 612 2449 668 apparere
2480 594 2712 651 solebat.
2742 593 2938 649 Dicunt
2964 592 3131 648 etiam
3161 591 3343 661 plures
3380 604 3499 645 eam
3525 590 3592 643 ad

2022 688 2417 745 Melchisedech
2458 688 2751 744 accedisse.
2800 684 2911 742 Nec
2972 685 3075 741 hoc
3116 682 3433 738 absurdum.
3476 680 3594 737 Non

2022 792 2108 838 est
2129 781 2274 837 enim
2307 796 2407 836 cur
2433 794 2560 835 eum
2612 788 2740 833 tunc
2762 778 2873 847 jam
2905 774 3219 832 defunctum
3250 773 3473 830 dixeris.

2600 990 2753 1049 CAP.
2795 989 3012 1047 XXVII.

2102 1107 2261 1163 Vens.
2295 1106 2383 1162 Μ.
2432 1124 2451 1159 ι
2484 1105 2688 1163 Oderat
2718 1120 2847 1176 ergo
2871 1104 3012 1160 Esau
3040 1101 3208 1159 Jacoh
3243 1117 3341 1172 pro
3371 1101 3597 1158 benedi-

2026 1200 2208 1255 ctione
2235 1213 2339 1267 qua
2376 1196 2727 1252 henedixerat
2766 1197 2817 1252 ei
2855 1206 3029 1267 pater.
3070 1193 3324 1265 Dixitque
3361 1196 3412 1249 in
3438 1196 3603 1248 corde

2029 1307 2170 1347 suo:
2201 1288 2434 1345 Venient
2482 1289 2598 1343 dies
2645 1288 2821 1344 luctus
2865 1287 3038 1358 patris
3075 1286 3206 1353 mei,
3256 1293 3313 1341 et
3356 1285 3601 1340 occidam

2029 1381 2195 1438 Jacob
2216 1380 2437 1437 fratrem
2466 1393 2666 1435 meum.
2697 1398 2717 1433 ι

2102 1559 2248 1616 Esau
2280 1560 2482 1615 caedem
2505 1556 2691 1613 Jacobi
2730 1558 2780 1611 in
2812 1564 2990 1610 mente
3011 1556 3269 1623 agitante,
3309 1565 3418 1623 quo
3450 1560 3611 1621 pacto

2034 1651 2235 1713 dictum
2286 1658 2372 1705 est
2430 1650 2607 1704 illud:
2660 1645 2925 1704 Nuntiata
2970 1655 3145 1700 autem
3189 1652 3312 1698 sum
3367 1642 3609 1697 Rebecca

2034 1745 2190 1800 verba
2208 1742 2362 1799 Iure?
2388 1742 2574 1797 Dicam
2608 1740 2791 1811 igitur,
2812 1738 3107 1808 Scriptum
3140 1751 3310 1792 sacrae
3337 1736 3440 1791 hoc
3468 1732 3609 1789 mori

2037 1850 2160 1892 esse
2188 1844 2248 1889 ut
2294 1834 2488 1888 anima:
2525 1832 2749 1888 allectus
2782 1832 2947 1888 verba
2972 1840 3027 1885 et
3052 1844 3210 1885 voces
3240 1839 3429 1893 vocet;
3463 1828 3607 1896 quod

2035 1936 2092 1985 et
2121 1926 2210 1982 hic
2236 1924 2436 1981 factum
2464 1932 2569 1982 est.

2606 2123 2761 2180 CAP.
2803 2120 3017 2177 XXVIII

2108 2238 2274 2294 Vens.
2325 2236 2411 2292 12.
2457 2256 2475 2289 ι
2506 2234 2759 2305 Viditque
2792 2234 2995 2289 scalam
3042 2242 3276 2288 stantem
3316 2245 3482 2303 super
3514 2239 3618 2286 ter-

352 2328 565 2399 κεφαλὴ
591 2328 874 2397 ἀφικνεῖτο
900 2330 979 2392 είς
1001 2328 1095 2382 τὸν
1116 2328 1367 2397 οὐρανόν⁸
1396 2327 1494 2381 καὶ
1520 2328 1569 2381 οί
1598 2326 1819 2395 ἄγγελοι
1843 2324 1938 2379 τοῦ

2053 2346 2195 2397 ram,
2240 2337 2296 2386 et
2345 2343 2601 2385 cacumen
2656 2326 2800 2382 illius
2849 2336 3073 2396 tangens
3122 2322 3351 2393 caaluml,
3400 2322 3618 2393 angelos

353 2419 492 2511 Θεοξό
524 2419 806 2473 ἀνέϐαινον
840 2420 936 2474 καὶ
964 2420 1287 2475 κατέϐαινον
1324 2419 1411 2473 ἐπ’
1442 2420 1603 2491 αὐτῇ.
1647 2417 1704 2473 '0
1734 2418 1792 2472 δὲ
1823 2416 1941 2471 K6-

2053 2438 2255 2494 quoque
2288 2422 2380 2477 Dei
2431 2420 2785 2477 ascendentes
2815 2428 2870 2474 et
2911 2416 3307 2473 descendentes
3336 2428 3432 2486 per
3472 2429 3618 2478 eam,

360 2506 474 2580 ριος
502 2513 867 2583 ἑπεστήρικτο
894 2511 984 2566 ἐπ’
1017 2512 1208 2583 αὐτῆς·
1254 2513 1349 2566 καὶ
1376 2507 1553 2576 εἶπεν,
1595 2509 1739 2579 Ἐγώ
1776 2511 1891 2580 είμι
1913 2511 1942 2563 ό

2053 2515 2155 2589 με]
2206 2525 2263 2570 et
2306 2514 2592 2570 Dominum
2645 2512 2886 2567 innixum
2942 2510 3104 2566 scalae
3146 2508 3418 2563 dicentem
3471 2506 3617 2561 sibi:

354 2602 495 2666 Θεὸς.
534 2601 804 2674 Ἀϐραὰμ,
837 2603 932 2657 καὶ
972 2604 1001 2657 ό
1046 2602 1179 2668 Θεὸς
1230 2603 1417 2657 Ἰσαάκ
1447 2601 1543 2656 τοῦ
1582 2600 1789 2673 πατρός
1823 2617 1938 2654 σου.

2053 2608 2155 2677 Ego
2204 2621 2325 2661 smn
2378 2605 2638 2661 Dominus
2684 2603 2825 2659 Deus
2869 2601 3146 2657 Abraham
3198 2599 3340 2655 Deus
3370 2598 3624 2653 lsaac'et

358 2692 451 2762 Μὴ
482 2691 671 2762 φοϐοῦ·
697 2695 731 2764 ἡ
765 2694 837 2764 γῆ
866 2694 952 2762 ἐφ’
987 2686 1057 2765 ἦς
1083 2696 1146 2748 σὺ
1191 2692 1476 2756 καθεύδεις
1501 2692 1590 2747 ἐπ’
1620 2693 1821 2764 αὐτῆς,
1862 2692 1944 2746 σοὶ

2053 2700 2215 2769 patris
2263 2699 2340 2754 tui
2368 2716 2383 2754 :
2411 2713 2480 2753 ne
2512 2697 2741 2764 timeas;
2777 2706 3004 2761 terram,
3033 2694 3087 2749 in
3115 2708 3221 2764 qua
3253 2690 3483 2755 dormis,
3525 2690 3622 2745 tibi

356 2782 517 2837 δώσω
545 2784 716 2856 αὐτὴν
743 2786 838 2838 καὶ
867 2784 943 2856 τῷ
978 2785 1253 2856 σπέρματί
1282 2803 1399 2841 σου.
1439 2803 1456 2836 ι

2053 2792 2185 2847 dabo
2214 2799 2272 2845 et
2304 2790 2499 2846 semini
2533 2799 2646 2845 tuo.
2682 2806 2697 2828 ι

443 2877 717 2947 ᾘνίττετο
742 2876 798 2928 δὲ
839 2876 927 2929 διὰ
959 2876 1188 2938 τούτων,
1223 2876 1318 2928 καὶ
1353 2875 1446 2929 τὸν
1480 2873 1680 2928 Ἰακὼϐ
1708 2873 1944 2939 ὲξεδίδα·

2116 2883 2296 2937 lnnuit
2346 2883 2430 2937 his
2467 2881 2679 2947 verbis,
2722 2891 2777 2936 et
2817 2878 3078 2935 Jacobum
3112 2874 3293 2940 docet,
3324 2888 3431 2929 non
3462 2873 3627 2930 modo

363 2985 497 3022 σκεν
536 2969 597 3021 οὐ
634 2962 797 3038 μόνον
844 2968 905 3022 τὸ
942 2969 1067 3033 τοὺς
1103 2966 1375 3037 ἀγγέλους
1420 2968 1479 3021 ὲν
1523 2968 1602 3039 τῷ
1630 2967 1754 3022 καθ’
1794 2969 1944 3039 ἡμᾶς

2053 2974 2267 3045 angelos
2296 2972 2540 3028 eamdem
2576 2974 2924 3042 frequentare
2960 2968 3235 3038 regionem
3266 2980 3332 3022 ac
3362 2980 3481 3030 nos,
3504 2979 3624 3019 eam

360 3055 502 3113 εἷναι
533 3059 716 3131 χώρῳ,
747 3059 827 3129 τῷ
866 3059 1181 3131 ὑπουρανίῳ
1204 3060 1374 3129 φημὶ,
1396 3057 1532 3113 ἀλλὰ
1569 3060 1665 3114 καὶ
1691 3058 1753 3113 τὺ
1784 3059 1944 3130 μόνον

2053 3066 2254 3121 scilicet
2288 3079 2408 3135 quae
2435 3064 2537 3120 sub
2568 3063 2722 3120 caelis
2751 3070 2856 3131 est,
2906 3060 2998 3117 sed
3040 3059 3204 3117 etiam
3248 3057 3414 3112 Demn
3465 3058 3627 3113 rebus

362 3151 477 3214 τοῖς
507 3151 672 3205 πᾶσιν
698 3150 904 3204 ἄνωθεν
936 3152 1228 3221 ἐφεστάναι
1255 3151 1348 3204 τὸν
1375 3149 1601 3222 Κύριον,
1628 3150 1944 3220 ἀγγελικαῖς

2053 3159 2302 3213 omnibus
2332 3155 2505 3211 solum
2549 3154 2618 3210 de
2647 3154 2786 3211 cmlo
2816 3167 3072 3224 praeesse,
3106 3159 3161 3205 et
3191 3148 3496 3205 ministerio
3532 3164 3629 3202 an-

359 3240 629 3310 δυνάμεσι
683 3240 754 3293 τὰ
804 3240 927 3293 καθ’
974 3242 1124 3312 ἡμᾶς
1178 3240 1575 3310 διοικούμενον,
1628 3242 1725 3295 καὶ
1780 3243 1944 3313 μηδὲν

2053 3246 2343 3315 gelicarum
2384 3245 2639 3299 virtutum
2687 3244 2919 3297 humana
2966 3240 3219 3312 dirigere,
3270 3240 3341 3294 ita
3387 3248 3449 3294 ut
3495 3238 3628 3294 nihil

360 3331 703 3402 ἀπρονόητον
721 3331 831 3385 τῶν
854 3331 980 3401 τῇδε
1003 3331 1079 3395 ὡς
1100 3331 1261 3402 ἔτυχε
1286 3330 1533 3403 νομίζειν
1559 3332 1841 3404 φέρεσθαι·
1874 3333 1944 3404 μὴ

2053 3340 2140 3394 hic
2170 3339 2224 3393 in
2253 3338 2416 3395 terris
2440 3352 2569 3394 casu
2587 3346 2641 3392 et
2661 3338 2869 3407 absque
2899 3336 3081 3389 divino
3099 3332 3332 3388 Numine
3365 3333 3480 3388 fieri
3512 3347 3630 3388 cre-

364 3426 548 3478 τοίνυν
566 3424 678 3480 δεῖν
702 3424 790 3479 διὰ
808 3424 967 3478 τοῦτο
992 3424 1128 3496 μηδὲ
1146 3427 1320 3496 αὐτὴν
1339 3425 1438 3495 τὴν
1462 3426 1589 3497 ὲκδη
1600 3426 1728 3496 μίαν
1748 3426 1944 3480 ὀκνεῖν·

2053 3431 2263 3486 damus.
2314 3428 2430 3485 Non
2482 3428 2691 3483 dubitet
2740 3428 2903 3499 igitur
2948 3424 3114 3481 Jacob
3162 3424 3245 3479 vel
3274 3426 3326 3479 in
3378 3424 3629 3481 exsilium

363 3515 431 3567 οὐ
454 3514 563 3584 γάρ
590 3514 877 3568 πείσεσθαί
902 3532 954 3568 τι
982 3514 1241 3586 δυσχερὲς
1268 3515 1328 3568 ὲν
1351 3515 1512 3586 αὐτῇ.
1548 3517 1658 3569 Kal
1681 3515 1791 3587 γὰρ
1812 3511 1944 3569 εἶναι

2053 3520 2234 3585 abire;
2278 3516 2523 3574 exsulem
2566 3519 2710 3572 enim
2782 3516 3053 3587 opprimet
3119 3513 3265 3567 nulla
3309 3513 3628 3569 necessitas.

367 3606 461 3658 τὸν
488 3605 893 3676 ὲμφανισθίντα
934 3606 1029 3659 νῦν
1068 3605 1218 3677 αὐτῷ
1244 3605 1439 3660 τοῦτον
1477 3608 1685 3661 ἐκεῖνον
1713 3607 1806 3661 τὸν
1840 3624 1944 3661 παι

2055 3610 2188 3665 Nam
2219 3611 2309 3681 qui
2346 3612 2461 3666 haec
2486 3610 2590 3682 ipsi
2635 3608 2857 3672 revelat,
2901 3608 3043 3662 idem
3094 3605 3182 3661 ille
3217 3604 3360 3659 Deus
3393 3613 3630 3675 patrum.

369 3695 545 3767 τρῷον
568 3696 701 3750 Θεὸν
712 3730 731 3759 -,
754 3698 849 3749 καὶ
889 3697 987 3767 οὐχ
1004 3697 1211 3765 ἕτερον,
1238 3698 1298 3761 ὃς
1325 3697 1723 3766 ἐπαγγέλλεται
1766 3698 1944 3767 σαφῶς

2054 3715 2109 3759 et
2133 3717 2240 3757 non
2280 3703 2437 3759 alius.
2458 3702 2559 3769 Qui
2596 3702 2761 3756 etiam
2798 3709 3061 3770 praeterea
3091 3696 3433 3755 manifestius
3456 3694 3637 3751 decla-

366 3787 521 3858 αὑτῷ
544 3805 604 3841 τε
634 3788 728 3842 καὶ
768 3791 881 3852 τοῖς
924 3789 983 3856 ἐξ
1025 3788 1193 3843 αὑτοῦ
1222 3790 1325 3861 τῆς
1354 3791 1440 3861 ἐφ’
1465 3784 1535 3862 ἧς
1568 3789 1663 3844 νῦν
1702 3788 1944 3845 καθεύδει

2055 3807 2141 3852 rat
2172 3797 2726 3868 ipsum’posterosque
2758 3796 2875 3865 ejus
2912 3804 3111 3852 terram
3152 3802 3516 3864 occupaturos
3544 3806 3637 3846 su-

368 3881 475 3952 γῆς
506 3880 607 3953 τὴν
638 3882 990 3952 κατάσχεσιν.

2055 3905 2151 3959 per
2182 3904 2343 3960 quam
2380 3888 2699 3944 dormiebat.

952 3994 1205 4048 ΚΕΦΑΛ.
1249 3994 1353 4048 AA'

452 4130 469 4161 ι
512 4110 695 4163 Λάϐαν
718 4110 775 4162 δὲ
797 4107 971 4179 ᾤχετο
994 4110 1177 4178 κεῖραι
1195 4107 1264 4161 τὰ
1284 4106 1532 4178 πρόϐατα
1552 4106 1739 4161 αὐτοῦ’
1761 4106 1956 4175 ἔκλεψε

373 4202 430 4255 δὲ
473 4199 676 4271 Ῥαχὴλ
714 4200 781 4253 τὰ
812 4197 1007 4252 εἴδωλα
1034 4198 1128 4251 τοῦ
1159 4197 1367 4269 πατρὸς
1389 4198 1577 4267 αὐτῆς.
1611 4218 1629 4249 ι

449 4291 635 4346 Ἐοικέ
662 4307 780 4353 πως
802 4290 925 4343 ὅσον
969 4290 1033 4341 ὲκ
1058 4287 1167 4340 τῶν
1198 4286 1424 4340 εἰκότων
1450 4288 1559 4340 ἀπὸ
1589 4287 1689 4357 τῆς
1717 4286 1957 4358 ἱστορίας

378 4382 554 4436 ἔνεστι
593 4378 1033 4448 συλλογίσασθαι,
1058 4380 1125 4448 τῇ
1151 4376 1433 4447 θεοσεϐείᾳ
1466 4377 1564 4447 μὲν
1586 4377 1961 4449 προσεσχηκέο

378 4493 464 4529 ναι
509 4472 711 4544 μᾶλλον
751 4471 850 4542 τὴν
889 4470 1078 4536 Λείαν,
1126 4468 1220 4522 καὶ
1264 4469 1407 4521 κατὰ
1449 4467 1605 4520 τοῦτο
1641 4468 1719 4538 τῷ
1766 4466 1959 4521 Ἰακὼϐ

2648 4001 2805 4059 CAP.
2850 4000 3039 4057 XXXI.

2132 4118 2297 4174 Vens.
2338 4118 2423 4173 l9.
2473 4137 2491 4168 ι
2524 4116 2601 4171 Eo
2632 4130 2874 4188 tempore
2906 4117 3045 4172 ierat
3087 4114 3270 4170 Laban
3312 4112 3379 4166 ad
3412 4110 3669 4185 lOlltll’ll-‘

2066 4200 2168 4271 das
2191 4229 2339 4279 oves,
2375 4226 2429 4269 et
2459 4210 2660 4266 Rachel
2692 4213 2864 4265 furata
2897 4218 2974 4264 est
3020 4207 3159 4263 idola
3186 4204 3357 4277 patris
3385 4202 3491 4259 sui.
3525 4222 3543 4254 ι

2112 4308 2170 4363 ln
2202 4315 2463 4376 quantum
2506 4320 2574 4363 ex
2628 4304 2860 4360 historia
2906 4302 3179 4371 conjicere
3227 4298 3373 4362 licet,
3429 4296 3642 4349 videtur

2060 4396 2155 4451 Lia
2174 4396 2360 4465 pietati
2379 4394 2689 4465 diligentius
2720 4392 3057 4458 inserviisse,
3082 4400 3245 4459 atque
3264 4389 3366 4441 hac
3390 4387 3456 4440 de
3475 4397 3641 4438 causa

2062 4489 2405 4543 consensisse
2438 4485 2642 4542 Jacoho
2675 4503 2687 4538 :
2722 4483 2925 4539 Rachel
2978 4498 3105 4536 vero
3145 4481 3331 4550 patria:
3372 4482 3436 4532 tle
3482 4476 3643 4531 idolis

381 4563 837 4635 ἡκολουθηκέναν
882 4564 949 4633 τῇ
995 4560 1124 4633 περὶ
1162 4561 1231 4613 τὰ
1271 4559 1464 4611 είδωλα
1491 4560 1547 4613 δὲ
1582 4559 1706 4631 δόξῃ
1731 4558 1826 4613 τοῦ
1854 4577 1931 4612 πα

2064 4580 2301 4651 opinioni
2322 4579 2524 4633 diutius
2543 4577 2857 4631 adhaesisse.
2879 4575 3000 4630 ltleo
3025 4574 3196 4637 enim,
3224 4573 3348 4625 dunt
3382 4568 3641 4638 fugiebat,

377 4656 506 4727 τρδς
526 4655 623 4724 τὴν
655 4650 857 4723 Ῥαχὴλ
875 4649 1342 4721 ὲμμεμενηκὲναι.
1368 4648 1476 4702 Kal
1498 4648 1631 4717 γοῦν
1652 4648 1956 4719 ὑφελομένη

378 4746 550 4800 ταῦτα
578 4746 830 4815 φαίνεται
859 4741 1001 4797 κατὰ
1026 4742 1117 4795 τὸν
1144 4729 1244 4811 τῆς
1272 4739 1585 4811 ἀποδημίας
1616 4740 1829 4811 καιρὸν,
1858 4741 1959 4793 οὐκ

380 4838 473 4890 ἐπὶ
493 4836 569 4907 τῷ
600 4834 888 4904 συντρίψαι
936 4833 1028 4886 καὶ
1054 4832 1337 4893 ἀπολέσαι,
1368 4829 1551 4894 καθὼς
1577 4830 1959 4899 ὑπελάμϐανον

382 4928 515 4981 ἔνιοι
539 4925 754 4996 (οὐκοῦν
779 4924 901 4979 οὐδὲ
934 4923 1253 4994 συνέτριψεν
1282 4921 1343 4987 ἐξ
1373 4923 1593 4995 ἀρχῆς),
1624 4922 1738 4977 ἀλλ’
1769 4924 1861 4977 ἐπὶ
1882 4924 1959 4994 τῷ

386 5018 502 5090 μεθ’
534 5018 732 5086 ἑαυτῆς
782 5017 926 5087 ἔχειν
966 5016 1124 5071 αὑτά.
1168 5016 1321 5071 Δοκῶ
1350 5015 1405 5070 δέ
1441 5033 1533 5087 μοι
1567 5016 1663 5069 καὶ
1691 5014 1784 5069 τὸν
1826 5016 1959 5068 Θεὸν

381 5113 469 5168 διὰ
495 5110 655 5165 τοῦτο
680 5111 779 5181 τήν
811 5126 871 5161 τε
911 5108 1199 5183 στείρωσιν
1235 5108 1395 5162 λῦσαι
1444 5109 1509 5178 τῇ
1539 5107 1676 5178 Λείᾳ
1710 5107 1923 5177 ταχέως
1944 5146 1958 5169 ,

382 5205 478 5260 καὶ
504 5204 565 5257 τὸ
607 5201 684 5275 τῷ
721 5201 875 5275 ἀνδρὶ
910 5204 1245 5272 συνταφῆναι
1291 5200 1668 5272 χαρίσασθαι’
1711 5199 1965 5271 καθάπερ

384 5299 451 5370 τῇ
478 5296 665 5370 Σάρρᾳ
695 5297 832 5367 μετὰ
863 5294 958 5347 τοῦ
1009 5294 1283 5363 Ἀϐραὰμ,
1320 5295 1413 5346 καὶ
1449 5293 1588 5363 μετὰ
1615 5293 1709 5345 τοῦ
1778 5293 1965 5346 Ἰσαάκ

384 5390 454 5457 τῇ
499 5385 766 5454 Ῥεϐέκκα
796 5382 1050 5451 φαίνεται
1097 5383 1505 5453 δωρησάμενος.
1551 5378 1654 5437 Ἦν
1682 5383 1965 5454 οὐδέτερον

388 5478 630 5548 ὑπάρξαι
661 5475 1062 5546 παραπλησίως
1084 5475 1331 5546 ἔγνωμεν
1353 5478 1420 5546 τῇ
1458 5476 1677 5547 Ῥαχὴλ.

962 5588 1215 5641 ΚΕΦΑΛ.
1257 5586 1378 5640 ΔΒ’.

469 5724 486 5755 ι
528 5700 647 5759 Εἷδε
694 5703 749 5756 δὲ
773 5744 788 5768 ,
820 5703 900 5756 ὅτι
940 5703 999 5755 οὐ
1031 5702 1256 5754 δύναται
1286 5700 1421 5771 πρὸς
1448 5702 1629 5756 αὐτόν’
1661 5706 1755 5756 καὶ
1795 5703 1969 5773 ἥψατο

392 5795 485 5852 ⁴εοῐδ
517 5795 746 5860 πλάτους
774 5792 865 5848 τοῦ
896 5794 1072 5865 μηροῦ
1097 5791 1293 5861 αὑτοῦ,
1322 5792 1416 5847 καὶ
1457 5793 1726 5866 ἑνάρκησε
1752 5796 1812 5851 τὸ
1844 5796 1973 5850 πλά-

2066 4671 2208 4727 itlnla
2273 4671 2450 4725 furata
2482 4678 2587 4733 est,
2623 4685 2724 4721 non
2754 4677 2809 4721 ut
2832 4682 2893 4719 ea
2926 4667 3204 4735 frangeret
3238 4678 3301 4715 ac
3330 4661 3646 4728 dissiparet,

2066 4762 2320 4832 quamvis
2366 4762 2465 4814 hoc
2498 4758 2740 4813 nommlli
2808 4757 3046 4811 sentiant
3099 4755 3246 4823 (nam
3288 4751 3502 4806 nonnisi
3560 4765 3646 4806 sc-

2069 4858 2183 4910 rius
2201 4852 2457 4925 perfregit
2482 4857 2566 4919 ea)
2587 4891 2603 4915 ,
2632 4849 2726 4903 sed
2754 4860 2812 4902 ut
2857 4866 2919 4902 ea
2945 4863 3127 4903 secum
3162 4848 3443 4902 retineret.
3470 4842 3646 4897 Credo

2071 4948 2237 5016 igitur
2271 4959 2369 5015 ego
2403 4944 2542 4997 hanc
2578 4940 2745 4996 fuisse
2790 4955 3008 4995 causam
3044 4955 3141 4993 cur
3166 4939 3304 4993 Deus
3327 4936 3491 4991 citius
3535 4932 3644 4989 Lia:

2069 5038 2408 5093 sterilitatem
2439 5035 2680 5098 solverit,
2714 5033 2967 5102 illamque
3015 5033 3349 5088 concesserit
3379 5044 3483 5083 una
3522 5042 3645 5082 cum

2074 5131 2190 5183 viro
2224 5144 2324 5182 suo
2383 5126 2756 5198 consepeliri:
2799 5126 2867 5179 ita
2922 5126 3065 5180 enim
3120 5124 3320 5190 fuerat,
3382 5120 3648 5187 largiente

2074 5223 2204 5287 Deo,
2244 5221 2378 5278 Sara
2433 5237 2556 5276 cum
2591 5219 2890 5282 Abraham,
2952 5229 3005 5272 et
3043 5218 3289 5274 Rebecca
3342 5231 3464 5271 cum
3497 5213 3649 5267 lsaac

2072 5314 2410 5385 consepulta.
2448 5313 2521 5369 De
2558 5310 2758 5367 Rachel
2781 5323 2962 5365 autem
2988 5318 3195 5364 certum
3229 5317 3312 5362 est
3341 5306 3485 5360 illam
3505 5320 3649 5357 nim-

2073 5423 2236 5478 quam
2266 5406 2431 5462 fuisse
2463 5406 2631 5461 tantis
2657 5404 2973 5460 muneribus
2997 5411 3234 5456 auctam.

2657 5608 2811 5665 CAP.
2852 5606 3069 5692 :gxxu.

2164 5702 2330 5758 Vens.
2356 5701 2445 5756 25.
2495 5720 2513 5752 ι
2544 5700 2609 5755 Ει
2636 5702 2772 5757 vidit
2798 5703 2938 5773 quod
2960 5718 3081 5756 eum
3108 5709 3366 5767 superare
3391 5709 3497 5749 non
3531 5707 3627 5761 pos

2082 5805 2166 5853 set
2196 5814 2207 5851 :
2240 5805 2294 5851 et
2325 5794 2503 5866 tctigit
2534 5810 2757 5852 nervum
2794 5794 3010 5851 femoris
3038 5792 3175 5864 ejus,
3197 5797 3250 5847 ct
3273 5787 3456 5844 statim
3475 5800 3653 5841 emat:-
