4164 6546
580 399 713 466 1351
1669 398 2039 461 GENNADII
2076 368 2581 455 PATRIARCHJ’.
2621 394 2731 454 ορ.
3696 377 3840 445 1652

576 517 687 570 cuit
740 528 937 570 nervus
988 512 1205 571 femoris
1259 512 1424 570 Jacoh
1476 511 1528 568 in
1576 524 1753 592 pugna
1807 524 1932 566 cum
1996 522 2082 562 eo.
2124 526 2137 558 ι

2250 504 2478 567 τοςτοῦ
2512 499 2688 575 μηροῦ
2748 497 2941 561 Ἰακὼϐ
2988 497 3048 551 ἒν
3088 496 3166 568 τῷ
3208 492 3461 550 παλαίειν
3513 488 3679 545 αὑτὸν
3714 488 3839 560 μετ’

696 609 701 614 ’
1985 614 2003 631 ε
2257 594 2443 650 αὐτοῦ.
2483 613 2503 647 r

678 690 989 747 Formidine
1057 692 1230 748 fracto
1281 691 1506 781 Jacobo,
1548 690 1772 781 immisit
1828 689 2137 781 Denshant

2290 698 2297 703 '
2339 684 2715 747 Ἑπιταθέντος
2754 682 2848 736 τοῦ
2888 679 3056 750 φόϐου
3077 677 3156 749 τῷ
3191 675 3408 744 Ἰακὼϐ,
3440 678 3535 731 καὶ
3560 678 3771 751 ταύτην
3810 684 3842 735 6

574 780 838 836 visionem
866 789 925 834 ut
972 780 1210 835 animam
1233 780 1363 851 justi
1405 780 1673 837 reficeret.
1715 778 1851 833 Illud
1908 778 2137 850 quidem

2255 780 2389 842 Θεὸς
2416 779 2709 851 ἐποιήσατο
2736 775 2835 845 τὴν
2864 771 3212 840 ἐπιφάνειαν,
3245 769 3593 840 ψυχαγωγῶν
3628 770 3723 824 τὸν
3754 771 3839 825 δί-

573 873 704 926 uidit
729 873 852 941 quia
870 887 974 925 non
993 872 1127 927 valet
1150 888 1275 943 erga
1300 874 1475 942 ipsum
1498 871 1780 936 Iacobum,
1808 870 1962 941 quasi
1978 870 2137 963 dicat.

2256 887 2432 926 καιον.
2479 869 2555 921 Τὸ
2602 866 2701 935 μὲν
2738 865 2854 928 οὖν,
2887 860 3068 918 Εἳδεν
3114 860 3205 915 ὅτι
3255 862 3328 913 οὐ
3380 858 3634 963 durarat

573 964 836 1019 intellexit
885 965 1255 1020 adversarium
1279 965 1351 1021 ab
1396 965 1517 1034 ipso
1543 963 1793 1034 superari
1826 979 1843 1030 ;
1896 962 2137 1018 voluerat

2253 963 2443 1018 αὑτὸν
2480 959 2589 1014 τὸν
2626 957 2866 1021 Ἰακὼϐ,
2890 953 3206 1019 τουτέστιν,
3229 949 3617 1007 Ἐλαττοῦσθαι
3667 952 3839 1006 αὐτοῦ

571 1057 718 1111 enim
748 1054 895 1110 Deus
945 1056 1037 1111 tali
1094 1057 1310 1112 ratione
1340 1072 1465 1112 cum
1518 1069 1586 1111 eo
1625 1055 1936 1122 colluctari,
1991 1063 2137 1125 atqut

2257 1054 2458 1125 συνῆκε
2482 1052 2575 1106 τὸν
2604 1048 3049 1122 προσπαλαίοντα
3066 1063 3080 1077 ·
3114 1044 3257 1100 οὕτω
3284 1046 3527 1117 δηλονότι
3556 1043 3701 1099 κατά
3737 1045 3839 1114 τὴν

572 1147 737 1203 etiam
769 1146 992 1202 inferior
1018 1147 1389 1214 vitleri.lllud,
1414 1148 1581 1217 tetigit
1608 1145 1946 1201 latitudinem
1979 1146 2137 1217 [emo-

2256 1147 2434 1217 πάλην
2459 1142 2915 1216 προσενεχθέντος
2950 1138 3100 1211 αὐτῷ
3127 1138 3221 1192 τοῦ
3249 1137 3383 1193 Θεοῦ
3405 1178 3422 1203 ,
3450 1138 3547 1193 καὶ
3576 1134 3836 1239 νικᾶσθαι

572 1238 647 1293 ris
669 1238 1038 1305 colluctantis,
1068 1248 1136 1295 ut
1171 1255 1267 1309 per
1290 1239 1433 1294 hunc
1461 1239 1728 1306 dolorem,
1751 1241 1804 1295 ni
1829 1241 2006 1307 fallor,
2038 1257 2137 1297 tne-

2256 1239 2457 1312 μᾶλλόν
2497 1254 2615 1300 πως
2664 1233 3207 1308 προσποιησαμένου.
3237 1231 3311 1285 Τὸ
3333 1271 3349 1296 ,
3392 1230 3595 1301 ἥψατο
3625 1230 3695 1283 δὲ
3727 1230 3836 1283 τοῦ

574 1328 806 1400 moriam
832 1329 991 1400 hujus
1022 1328 1244 1385 visionis
1267 1327 1442 1385 Jacob
1469 1341 1638 1400 usque
1663 1332 1948 1388 retineret.

2245 1328 2442 1402 μηροῦ
2479 1326 2644 1383 αὐτοῦ
2668 1324 2763 1381 τοῦ
2788 1322 3279 1397 προσπαλαίοντος,
3308 1319 3385 1384 ὡς
3412 1320 3501 1385 ἂν,
3530 1315 3712 1389 οἶμαι,
3739 1318 3831 1372 διὰ

630 1396 636 1400 ·
902 1396 915 1400 τ
1548 1396 1567 1400 ⁷
2246 1396 2351 1495 ea}
2378 1421 2571 1493 ὀδύνης
2601 1396 2905 1490 ἐμμονοςνή
2942 1415 3134 1487 μνήμη
3172 1411 3250 1483 τῷ
3290 1411 3485 1466 Ἰακὼδ
3512 1411 3615 1483 τῆς
3654 1410 3832 1482 δψως

2252 1517 2568 1588 παραμένῃ.

2327 1654 2345 1686 ι
2384 1635 2493 1687 Kal
2522 1628 2675 1686 εἴπεν
2716 1629 2885 1701 αὐτῷ,
2928 1627 3275 1685 Ἀπόστειλόν
3313 1643 3405 1698 με’
3449 1624 3618 1698 ἀνέϐη
3653 1623 3764 1696 γάρ
3800 1623 3833 1678 6

2246 1726 2463 1799 ὄρθρος.
2502 1727 2560 1779 '0
2584 1725 2642 1780 δὲ
2670 1721 2844 1789 εἶπεν,
2869 1722 2944 1777 Οὐ
2970 1723 3046 1794 μή
3070 1739 3129 1775 σε
3158 1719 3486 1784 ἀποστείλω,
3510 1719 3607 1773 ἐὰν
3650 1719 3725 1789 μή
3755 1732 3826 1788 με

642 1621 808 1678 Vsus.
838 1622 931 1678 26”.
977 1641 995 1672 ι
1030 1623 1280 1695 Dixitque
1319 1626 1386 1682 ad
1426 1643 1549 1684 eum
1579 1646 1595 1683 :
1629 1628 1849 1685 Dimitte
1879 1644 1967 1686 me
1998 1649 2012 1684 :
2032 1630 2145 1701 jutn

570 1714 716 1767 enim
745 1715 994 1770 ascendit
1025 1732 1241 1773 aurora.
1278 1719 1600 1791 Respondit,
1628 1718 1745 1777 Non
1768 1721 2036 1778 dimittam
2068 1731 2144 1787 te,

567 1806 673 1861 nisi
706 1806 1052 1863 benedixeris
1082 1811 1233 1866 mihi.
1270 1829 1294 1864 ι
1538 1800 1543 1805 ’

2248 1820 2568 1912 εὐλογήσῃς.
2602 1835 2625 1872 θ

646 1896 713 1953 Et
740 1900 877 1954 dixit
893 1901 940 1955 ei
963 1914 983 1953 :
1016 1900 1231 1955 Dimitte
1249 1918 1329 1957 me
1344 1919 1372 1968 ,;
1402 1904 1638 1958 ascendit
1664 1904 1807 1960 enim
1828 1905 2137 1964 diluculum.

2319 1913 2427 1970 Kal.
2456 1909 2626 1968 εἷπεν
2652 1909 2834 1975 αὐτῷ·
2871 1907 3258 1963 Ἀπόστειλόν
3294 1921 3373 1975 με
3392 1915 3410 1935 ⁸
3435 1903 3620 1972 ἀνέϐη
3646 1902 3759 1973 γὰρ
3797 1907 3832 1958 ό

572 1987 941 2057 Manifestum,
994 1993 1142 2060 quod
1189 1992 1272 2047 his
1314 1994 1495 2049 verbis
1555 1994 1698 2049 Deus
1752 1993 1941 2054 Jacobi
1976 2000 2137 2055 menti

2247 2007 2476 2078 ὄρθρος.
2517 2002 2778 2072 Εὔδηλον,
2807 2001 2889 2053 ὅτι
2912 1998 3001 2053 διὰ
3030 1998 3140 2052 τῶν
3169 1995 3477 2068 εἰρημένων
3499 1995 3703 2065 γνῶσιν
3730 1996 3832 2050 αὑ-

572 2082 853 2149 revelavit,
883 2098 988 2138 non
1022 2083 1188 2139 alium
1206 2099 1326 2140 esse
1354 2088 1445 2156 qui
1468 2087 1784 2156 apparebat,
1817 2089 1920 2145 nisi
1952 2089 2137 2146 Deum.

2244 2097 2336 2151 τοῦ
2363 2098 2430 2168 τῇ
2473 2094 2683 2165 διανοίᾳ
2709 2090 2968 2160 τοιαύτην
2996 2091 3027 2143 6
3051 2088 3185 2153 Θεὸς
3211 2087 3529 2151 ἐναπέθετο,
3554 2085 3632 2149 ὡς
3656 2087 3686 2141 6
3711 2088 3833 2140 ἔπι-

568 2174 684 2253 Νοη
709 2185 828 2230 erat
868 2186 1048 2231 autem
1086 2175 1167 2232 las
1204 2177 1373 2232 Deum
1419 2178 1489 2233 ab
1526 2179 1836 2236 hominibus
1877 2183 2137 2253 conspici.

2246 2188 2436 2259 φανεὶς
2460 2179 2614 2248 οὗτος
2645 2183 2731 2254 εἴη
2761 2183 2790 2236 6
2814 2180 2964 2244 Θεός.
2995 2180 3070 2233 Οὐ
3099 2177 3259 2249 θέμις
3298 2178 3352 2231 δὲ
3388 2178 3482 2230 ὑπ’
3523 2174 3831 2245 ἀνθρώπων

564 2248 745 2329 Unde,
771 2264 826 2319 ni
862 2264 1042 2332 fallor,
1074 2265 1384 2335 intelligens
1414 2268 1517 2322 hoc
1544 2268 1733 2324 beatus
1775 2269 1944 2327 Iacob
1970 2290 1983 2327 ε
2012 2248 2137 2329 Non

2243 2248 2505 2353 έραθῆναι
2532 2278 2688 2333 Θεόν.
2711 2248 2899 2340 Ὅθεν,
2939 2268 3116 2343 οἶμαι,
3148 2248 3327 2334 συνεὶς
3347 2269 3505 2324 τοῦτο
3534 2270 3631 2324 καὶ
3656 2271 3685 2324 6
3716 2287 3826 2340 μα-

564 2361 613 2408 te
635 2353 926 2421 dimittam,
956 2355 1155 2427 inquit,
1188 2357 1293 2412 nisi
1327 2374 1407 2412 me
1447 2358 1797 2415 benedizeris.
1831 2360 1931 2418 Cui
1960 2372 2137 2421 autem

2244 2370 2433 2443 κάριος
2464 2365 2693 2431 Ἰακὼϐ,
2726 2367 2808 2420 οὐ
2843 2363 2927 2433 μή
2965 2376 3039 2415 σε
3078 2359 3445 2425 ἀποστείλω,
3485 2360 3673 2430 φησὶν,
3714 2360 3828 2414 ἐὰν

560 2446 706 2502 Deus
736 2464 751 2502 :
791 2444 915 2501 Non
958 2450 1231 2503 vocabitur
1259 2450 1399 2505 ultra
1427 2466 1615 2510 nomen
1642 2465 1792 2509 tuum
1820 2454 2009 2523 Iacob,
2043 2458 2135 2513 sed

2241 2462 2323 2534 μή
2349 2478 2425 2532 με
2454 2457 2825 2528 εὐλογήσῃς.
2860 2456 2917 2507 '0
2939 2453 2995 2507 δὲ
3025 2452 3156 2516 Θεὸς
3183 2451 3320 2522 πρὸς
3342 2449 3527 2505 αὐτόν’
3556 2451 3640 2504 οὐ
3672 2452 3828 2519 πλη·
3854 2500 3859 2503 .

564 2534 741 2593 Israel
768 2541 866 2594 erit
895 2556 1081 2597 nomen
1106 2552 1276 2597 tuum.
1314 2543 1517 2615 Sicque
1560 2564 1759 2605 nomen
1815 2551 2137 2622 imponendo

2243 2553 2492 2622 θήσεται
2513 2550 2580 2607 τὸ
2599 2546 2789 2619 ὄνομά
2809 2562 2925 2601 σου
2959 2544 3191 2608 Ἰακὼϐ,
3209 2541 3348 2598 ἀλλ’
3381 2541 3632 2611 Ἰσραὴλ
3651 2541 3828 2596 ἔσται

558 2631 683 2689 luce
713 2632 913 2691 clarius
934 2633 1175 2691 declarat
1200 2638 1322 2707 quis
1352 2641 1424 2694 sit
1455 2641 1591 2710 ipse.

628 2810 799 2872 Vens.
834 2813 929 2883 27,
959 2814 1053 2872 28.
1094 2836 1114 2869 ι
1150 2817 1241 2873 Ait
1268 2833 1401 2891 ergo
1435 2840 1448 2877 :
1477 2821 1632 2889 Quod
1665 2838 1859 2880 nomen
1893 2835 1977 2881 est
2002 2828 2139 2883 tibi?

555 2902 861 2976 Respondit
909 2907 1155 2983 :Jacob._
1200 2911 1269 2966 At
1318 2912 1451 2969 ille:
1485 2913 1872 2986 Nequaquam,
1923 2917 2139 2989 inquit,

555 2991 727 3051 Jacoh
768 2996 1133 3067 appellabitur
1172 3015 1367 3056 nomen
1417 3011 1589 3071 tuum,
1634 3009 1729 3061 sed
1764 3004 1929 3061 lsrael
1957 3026 1971 3062 :
2003 3024 2139 3080 quo-

558 3087 728 3153 niam,
752 3088 802 3143 si
841 3097 1031 3144 contra
1060 3088 1249 3145 'Deum
1298 3092 1458 3150 fortis
1504 3093 1674 3163 fuisti,
1711 3107 1915 3168 quanto
1966 3100 2139 3172 magis
2190 3164 2194 3169 ,

2164 3192 2211 3250 G

563 3190 754 3235 contra
788 3181 1034 3237 homines
1055 3184 1413 3253 praevalehis?
1442 3205 1462 3238 ι

613 3291 783 3349 Israel
812 3293 1209 3365 interpretatur
1232 3296 1420 3353 uidens
1454 3299 1643 3355 Deum.
1679 3300 1819 3367 Quia
1867 3306 2140 3363 invalutsti

557 3402 677 3441 cum
700 3384 833 3452 Deo,
879 3396 930 3443 et
978 3404 1099 3443 cum
1151 3389 1450 3446 hominibus
1500 3403 1683 3461 potens
1743 3398 1872 3452 erit.
1930 3398 2140 3466 Quibus

540 3477 767 3547 ‘revelat
798 3478 1142 3537 manifestius
1170 3494 1270 3537 cur
1310 3483 1448 3539 visio
1476 3484 1621 3543 facta
1650 3488 1741 3545 sit.
1780 3487 1899 3548 Non
1942 3494 2143 3563 poterit

553 3569 701 3625 enim
730 3570 898 3628 homo
952 3584 1078 3627 eum
1108 3580 1397 3644 superare,
1433 3591 1594 3646 quem
1623 3595 1727 3636 nec
1751 3580 1892 3639 Deus
1921 3584 2141 3643 vincere

495 3737 497 3739 ι
555 3662 743 3719 valuit.

626 3757 794 3814 Vsus.
818 3758 907 3813 28.
955 3778 975 3812 ι
1004 3758 1363 3832 Interrogavit
1404 3778 1528 3820 eum
1568 3765 1737 3824 Jacob
1764 3768 1863 3827 Die
1898 3771 2051 3841 mihi,
2084 3786 2139 3831 et

555 3849 733 3906 dixit:
759 3864 868 3920 quo
905 3852 1193 3922 appellaris
1212 3857 1468 3912 nomine?
1492 3855 1794 3931 Respondit
1819 3880 1832 3918 :
1858 3864 1970 3922 Cur
1995 3882 2139 3937 ψιω·

553 3945 632 4001 ris
674 3961 887 4017 nomen,
914 3948 1230 4005 meuml‘Et
1259 3952 1535 4009 benedixit
1563 3955 1614 4011 ei
1644 3955 1697 4010 in
1726 3958 1914 4015 eodem
1944 3961 2083 4020 loco.
2114 3984 2133 4017 ι

629 4059 839 4116 Deinde
868 4061 1137 4119 volentem
1172 4079 1390 4136 quoque
1418 4082 1616 4126 nomen
1657 4054 1972 4142 apparentia
1995 4077 2139 4133 scire

552 4151 928 4217 reprehendit,
956 4152 1112 4220 quasi
1142 4152 1264 4221 plus
1285 4169 1441 4225 aquo
1460 4168 1710 4227 rogaret;
1734 4175 1799 4217 ac
1825 4162 2040 4219 demum
2071 4167 2137 4221 ad

550 4243 885 4299 modestiora
938 4255 1253 4301 revocatum
1308 4248 1593 4319 benignius
1642 4252 1933 4310 benedicit.
1989 4256 2139 4325 Qua-

551 4343 778 4402 propter
818 4334 1048 4390 miratus
1087 4352 1201 4391 rem
1232 4340 1544 4408 patriarcha
1568 4342 1757 4413 adjicit
1787 4361 1804 4401 :
1847 4345 1974 4403 Vidi
1996 4350 2134 4405 enim

550 4424 720 4479 Deum
749 4424 887 4495 facie
926 4427 997 4481 ad
1034 4428 1248 4499 faciem,
1275 4441 1321 4485 et
1356 4432 1505 4488 salva
1531 4434 1676 4504 facta
1695 4447 1772 4492 eu
1792 4439 1972 4496 anima
1995 4458 2132 4501 mea.

2241 2646 2309 2700 τὸ
2343 2643 2532 2714 ὄνομά
2574 2657 2712 2698 σου.
2748 2640 2859 2693 Kal
2890 2637 2980 2693 διὰ
3005 2634 3236 2708 τῆςτοῠ
3272 2634 3535 2706 ὀνόματος
3576 2632 3783 2698 θέσεως
3806 2672 3827 2698 ,

2241 2739 2390 2800 ὅστις
2414 2735 2562 2789 ἐστὶν
2585 2735 2615 2787 6
2648 2732 2931 2801 ἐπιφανεὶς
2968 2728 3119 2800 αὺτῷ
3146 2725 3519 2798 κατεμήνυσε.

2318 2846 2337 2880 t
2374 2824 2509 2881 Είπε
2539 2825 2630 2889 δὲ,
2669 2822 2736 2876 Τί
2773 2820 2834 2875 τὺ
2861 2818 3033 2890 δνομά
3078 2818 3171 2871 σού
3218 2817 3400 2883 tam;
3449 2816 3509 2867 ὐ
3553 2813 3612 2867 δὲ
3644 2808 3824 2877 εἶπεν,

2254 2920 2466 2975 Ἰακώϐ.
2496 2918 2606 2973 Kal
2632 2910 2785 2971 εἶπεν
2813 2913 2987 2985 αὐτῷ,
3009 2913 3085 2966 υῦ
3108 2910 3442 2982 κληθήσεται
3466 2910 3546 2964 ἔτι
3571 2909 3633 2962 τὸ
3652 2908 3829 2980 ὄνομά

2244 3031 2337 3069 σου
2383 3010 2608 3073 Ἰακὼϐ,
2639 3007 2820 3079 ἀλλ’ἢ
2864 3004 3085 3080 Ἰσραὴλ
3112 3004 3264 3058 ἔσται
3291 3002 3353 3057 τὸ
3391 3000 3566 3073 ὄνομά
3599 3018 3713 3055 σου⁹
3742 3001 3827 3056 δτι

2241 3106 2531 3178 ὲνίσχυσας
2563 3102 2702 3176 μετά
2729 3100 2887 3167 Θεοῦ,
2909 3100 3004 3155 καὶ
3035 3095 3176 3171 μετὰ
3197 3093 3294 3151 άνθ
3304 3092 3500 3166 ρώπων
3522 3091 3772 3155 δυνατός.
3798 3107 3823 3142 ι

2326 3306 2543 3380 Ἰσραὴλ
2571 3308 2604 3361 ὁ
2629 3302 2783 3374 ὀρῶν
2814 3300 2966 3359 Θεὸν
2995 3302 3382 3374 ἑρμηνεύεται.
3417 3300 3547 3353 Ὅτι
3572 3297 3826 3367 ἐνισχυ-

2242 3416 2361 3468 σας
2388 3397 2540 3470 μετὰ
2567 3397 2738 3464 Θεοῦ,
2760 3395 2859 3450 καὶ
2877 3392 3030 3464 μετὰ
3050 3390 3379 3461 ἀνθρώπων
3401 3387 3661 3455 δυνατὸς
3681 3387 3825 3455 ἔσῃ.

2257 3491 2584 3566 Ἐγνὼρισεν
2610 3487 2761 3560 αὐτῷ
2788 3486 2878 3542 διὰ
2917 3485 3128 3542 τούτων
3158 3482 3346 3553 σαφῶς
3374 3484 3473 3553 τῆς
3510 3481 3686 3551 ὂψεως
3724 3478 3830 3551 τὴν

2242 3587 2443 3640 αἰτίαν.
2472 3582 2662 3645 Οὐδεὶς
2687 3581 2798 3652 γάρ
2824 3576 3130 3651 ἀνθρώπων
3167 3573 3262 3630 σοῦ
3293 3574 3605 3647 περιέσται,
3633 3571 3823 3643 φησιν,

2240 3669 2303 3730 οὗ
2331 3692 2395 3745 γε
2417 3672 2539 3727 οὐδὲ
2566 3673 2596 3726 6
2618 3669 2751 3733 Θεὸς
2776 3668 3152 3740 περιγέγονεν.

2317 3789 2336 3824 t
2385 3766 2668 3841 Ἦρώτησε
2706 3763 2765 3818 δὲ
2817 3760 3042 3825 Ἰακὼϐ,
3088 3759 3185 3815 καὶ
3230 3750 3408 3821 εἶπεν,
3464 3753 3826 3823 mna-nene.

2245 3879 2334 3935 μοι
2355 3862 2413 3915 ea
2437 3861 2629 3932 ὄνομα.
2655 3858 2764 3912 Kal
2801 3851 2972 3918 εἶπεν,
3002 3852 3119 3907 Ἵνα
3146 3850 3201 3904 τί
3228 3851 3389 3904 τοῦτο
3427 3848 3638 3920 ἐρωτᾷς
3667 3846 3734 3900 σὺ
3763 3846 3827 3898 ab

2241 3952 2413 4024 ὄνομά
2442 3968 2544 4021 μου
2565 3951 2627 4015 h;
2658 3948 2769 4003 Kal
2788 3946 3078 4012 εὐλόγησεν
3103 3942 3268 3998 αὐτὸν
3296 3941 3431 3995 ἐκεῖ.
3460 3958 3479 3991 ι

2311 4063 2447 4124 Εἶτα
2484 4065 2785 4136 ζητήσαντι
2822 4058 3024 4131 γνῶναι
3055 4059 3151 4113 καὶ
3189 4056 3251 4111 τὸ
3289 4056 3461 4125 ὄνομα
3485 4053 3580 4107 τοῦ
3614 4052 3821 4119 ἐπιφα-

2242 4162 2444 4224 νέντος,
2468 4158 2697 4228 ἐπιτιμᾷ
2717 4152 2928 4217 λοιπὸν,
2966 4152 3041 4214 ὡς
3085 4148 3178 4204 τοῦ
3209 4147 3420 4210 δέοντος
3449 4141 3819 4209 πλεονάζοντι.

2240 4254 2351 4309 Kal
2378 4251 2515 4324 πρὸς
2550 4250 2768 4322 μέτριον
2796 4244 3107 4312 ἐπανάγων,
3145 4240 3537 4312 εὐλαϐέστερον
3570 4240 3824 4307 ἀπεργα-

2241 4346 2417 4410 ζεται.
2446 4343 2539 4397 Διὸ
2572 4342 2670 4395 καὶ
2716 4336 3013 4406 θαυμάζων
3040 4336 3070 4389 6
3119 4333 3468 4406 πατριάρχης
3493 4331 3781 4401 ἐπήγαγεν
3803 4347 3818 4362 ο

2233 4433 2551 4504 Εἷδονξγὰρ
2586 4428 2736 4485 Θεὸν
2769 4427 3096 4495 πρόσωπον
3126 4423 3278 4493 πρὸς
3321 4422 3673 4491 πρόσωπον,
3718 4418 3819 4474 καὶ

549 4516 849 4573 Profitetur
871 4534 957 4587 se,
999 4535 1121 4576 cum
1155 4522 1322 4578 Deum
1344 4535 1531 4595 aperte
1576 4529 1778 4587 intueri
1840 4540 2119 4604 meruerit,

2241 4528 2422 4595 ἐσώθη
2468 4542 2588 4595 μου
2617 4524 2656 4592 ἠ
2688 4518 2885 4590 ψυχή.
2930 4517 3095 4586 Λέγει
3125 4516 3271 4588 γάρ,
3302 4516 3385 4569 ὅτι
3417 4515 3529 4568 Kal
3567 4511 3819 4604 έναργῷς

550 4618 700 4665 tanto
734 4624 961 4667 munere
979 4609 1261 4681 donatum,
1283 4613 1398 4684 jam
1431 4618 1567 4673 nihil
1594 4621 1719 4676 mali
1747 4624 2128 4686 reformidare.

1118 4838 1269 4894 CAP.
1313 4840 1549 4898 XXXIII.

620 4969 788 5053 V'ens.
835 4970 892 5029 7.
940 4991 958 5025 ι
990 4974 1406 5045 Responderunt
1453 4976 1649 5034 fratres
1692 4978 2124 5053 ejus:Nunquid

546 5076 651 5118 rex
684 5072 870 5118 noster
901 5064 1049 5120 eris?
1093 5075 1187 5121 aut
1220 5068 1574 5141 subjiciemur
1603 5072 1796 5129 ditioni
1825 5076 1971 5130 tuae?
2003 5074 2129 5131 llzec

547 5171 679 5226 ergo
705 5170 867 5211 causa
899 5157 1234 5215 somniorum
1268 5169 1432 5232 atque
1454 5177 1790 5230 sermonum,
1830 5166 2045 5224 invidia:
2074 5177 2129 5223 et

551 5244 661 5302 odii
698 5245 939 5301 fomitem
969 5246 1320 5306 ministravit.
1356 5269 1376 5304 ι

602 5356 754 5413 [laud
781 5359 1053 5416 immerito
1081 5375 1275 5417 causas
1320 5364 1557 5435 explicat
1600 5381 1700 5422 cur
1722 5365 1960 5439 Josepho
2010 5368 2124 5423 l‘ra-

546 5462 660 5505 tres
685 5461 897 5506 tantum
925 5450 1245 5508 inviderent.
1272 5452 1451 5510 Prima
1474 5456 1711 5525 quidem,
1737 5458 2013 5527 peculiare
2032 5474 2129 5530 pa-

546 5546 648 5599 tris
675 5544 727 5621 in
754 5558 877 5599 eum
910 5545 1150 5601 studium
1185 5561 1201 5600 :
1235 5549 1377 5617 quod
1422 5549 1745 5606 criminibus
1788 5551 2127 5621 restinguere

548 5620 788 5711 aggressi
816 5646 962 5709 sunt,
999 5642 1093 5698 sed
1113 5640 1337 5709 frustra,
1366 5644 1490 5716 quia
1533 5643 1830 5715 Jacobjam
1854 5661 2040 5714 senex,
2066 5655 2122 5704 et

2241 4620 2382 4676 οὕτω
2423 4614 2555 4669 Θεὸν
2609 4612 2737 4666 ἰδεῖν
2779 4606 3137 4675 καταξιωθεὶς
3159 4647 3175 4673 ,
3219 4608 3372 4678 ὅμως
3412 4602 3693 4676 οὐδεμίαν,
3744 4602 3822 4665 ὡς

2240 4707 2493 4767 τοσοῦτον
2525 4702 2853 4775 πλησιάσας,
2884 4699 3089 4771 βλάϐην
3115 4697 3410 4769 ὑπέμεινα.

2807 4834 3063 4891 ΚΕΦΛΛ.
3105 4831 3227 4887 AI".

2317 4999 2337 5033 t
2382 4975 2557 5033 Εἶπαν
2610 4977 2669 5031 δὲ
2710 4974 2859 5047 αὑτῷ
2911 4974 2965 5029 οἱ
3021 4971 3242 5043 ἀδελφοὶ
3297 4966 3494 5033 αὑτοῦ,
3525 4966 3618 5039 Μὴ
3664 4964 3824 5035 βασι-

2238 5071 2412 5126 λεύων
2452 5069 2780 5143 βασιλεύσῃς
2828 5067 2913 5139 ἐφ’
2947 5066 3119 5137 ἡμᾶς,
3153 5064 3187 5135 ἢ
3218 5061 3490 5131 κυριεύων
3518 5056 3820 5129 κυριεύσῃς
3860 5126 3861 5129 η

2236 5163 2424 5236 ἡμῶν;
2460 5162 2571 5217 Kal
2605 5159 2932 5233 προσέθεντο
2961 5158 3042 5212 ἔτι
3087 5157 3265 5228 μισεῖν
3298 5152 3459 5207 αὑτὸν
3487 5152 3674 5206 ἕνεκεν
3706 5147 3821 5203 τῶν

2236 5254 2505 5310 ἐνυπνίων
2534 5250 2722 5317 αὐτοῦ,
2755 5251 2851 5305 καὶ
2881 5250 3069 5304 ἕνεκεν
3093 5246 3203 5302 τῶν
3232 5244 3497 5319 ῥημάτων
3518 5241 3704 5298 αὐτοῦ.
3736 5260 3758 5295 ι

2320 5366 2659 5435 Ἀναγκαίως
2691 5365 2791 5427 τὰς
2817 5362 2999 5426 αἰτίας
3026 5360 3119 5415 τοῦ
3158 5359 3348 5433 μίσους
3376 5355 3474 5411 τοῦ
3499 5354 3621 5411 κατ’
3649 5352 3817 5410 αὐτοῦ

2235 5458 2641 5532 προεκτίθεται.
2685 5457 2796 5511 Kal
2851 5454 3068 5525 πρῶτον
3123 5452 3223 5525 μὲν
3254 5450 3405 5520 λέγει
3454 5446 3549 5502 τοῦ
3606 5446 3817 5515 πατρὸς

2235 5553 2418 5609 αὐτῶν
2448 5553 2509 5607 τὸ
2548 5553 2678 5624 περὶ
2704 5549 2869 5605 αὑτὸν)
2903 5548 3126 5622 φίλτρον
3157 5545 3433 5617 ἐξαίρετον
3451 5560 3467 5577 ο
3497 5541 3527 5596 δ
3566 5542 3658 5595 καὶ
3684 5539 3811 5610 pou-

2235 5645 2492 5719 ληθέντες
2538 5642 2814 5717 ἀμϐλῦναι
2864 5642 3171 5706 διαϐολαῖς,
3220 5639 3321 5695 οὐκ
3355 5636 3665 5708 έξίσχυσαν,
3714 5631 3828 5717 τοῦ.

617 5815 646 5856 ιι
682 5815 744 5869 Ὃ
792 5816 922 5872 ἐστι
978 5818 1327 5887 θαυμαστὸν
1368 5819 1686 5893 πρόσκειται
1723 5823 1778 5877 ἐν
1825 5825 1941 5887 ταῖς
1981 5823 2073 5879 τοῦ
2117 5822 2312 5877 Ἅλδου
2344 5820 2520 5875 ἐκδόσ.
