4164 6550
339 407 478 477 1633
1439 412 1523 474 IN
1560 410 1895 476 GENESIN
1939 412 1962 469 Ι

2065 409 2441 473 tGMENTA-
3465 397 3602 462 1656

353 520 635 579 Ἰακὼδιν
661 520 809 594 γήρᾳ
837 519 1154 591 γινομένου,
1183 520 1278 589 καὶ
1308 520 1473 576 πλέον
1506 523 1912 595 ὑπεραγαπῶν·
1943 536 1962 586 Α

2065 521 2213 593 iajori
2241 536 2369 577 eum
2397 518 2664 575 obesitate
2695 513 2974 586 diligebat.
3024 510 3280 569 Secunda
3326 518 3383 569 et
3440 517 3603 569 tertio

340 630 433 677 τος
463 610 627 669 αὐτόν
646 628 661 645 θ
691 611 953 683 δευτέραν
988 612 1046 666 δὲ
1083 613 1177 667 καὶ
1200 612 1393 684 τρίτην
1420 614 1603 679 αἰτίαν
1637 614 1785 684 λέγει
1823 614 1916 668 τοῦ

2065 613 2511 677 tutamentum.
2606 644 2611 651 ς
2815 635 2818 638 ~
3066 634 3123 643 χ.
3200 626 3207 637 .
3298 630 3301 633 ,

328 704 555 777 Δμίσους.
588 702 656 758 τὰ
682 703 938 759 ἐνύπνια.
2130 736 2135 739 ι
2334 702 2342 709 ’

419 816 437 847 ι
481 790 603 850 Εἷδε
653 795 710 855 δὲ
744 794 995 853 ἐνύπνιον
1035 796 1248 868 ἕτερον,
1306 800 1404 853 καὶ
1451 800 1754 873 διηγήσατο
1792 802 1923 857 αὐτὸ

344 887 422 957 τῷ
449 886 620 958 πατρὶ
641 885 830 951 αὐτοῦ,
858 888 952 941 καὶ
980 890 1093 953 τοῖς
1119 888 1370 959 ἀδελφοῖς
1393 891 1561 949 αὑτοῦ
1580 908 1596 924 ⁶
1629 895 1725 948 καὶ
1747 889 1923 963 εἶπεν,

358 979 489 1034 Ἰδοὺ
521 977 888 1050 ἐνυπνιάσθην
921 980 1173 1036 ἐνύπνιον
1215 982 1403 1055 ἓτερον
1425 1001 1440 1019 ’
1469 986 1662 1058 ὥσπερ
1689 990 1719 1041 6
1749 987 1923 1059 ἥλιος,

347 1072 438 1126 καὶ
459 1073 493 1143 ἠ
519 1072 745 1143 σελήνη,
775 1072 870 1126 καὶ
894 1071 1091 1127 ἕνδεκα
1110 1074 1341 1147 ἀστέρες
1361 1078 1733 1148 προσεκύνουν
1767 1096 1856 1151 με.
1897 1099 1917 1133 ι

417 1164 586 1219 Οὐδὲν
619 1164 940 1236 παράδοξον,
981 1167 1033 1220 εἰ
1073 1168 1172 1239 τῆς
1218 1143 1424 1239 μητρὸς
1466 1170 1636 1225 αὐτοῦ
1666 1143 1925 1244 τελευτη-

2079 1157 2231 1215 Licet
2267 1164 2441 1212 mater
2469 1164 2595 1210 tunc
2619 1152 2735 1223 jam
2768 1149 3023 1207 defuncta
3056 1147 3243 1212 fuerit,
3271 1161 3383 1204 non
3416 1143 3605 1203 absur-

345 1256 542 1326 σάσης,
589 1257 687 1310 σὺν
733 1256 814 1327 τῷ
859 1258 996 1329 ἡλίῳ
1047 1260 1144 1313 καὶ
1184 1262 1298 1324 τοῖς
1329 1261 1552 1334 ἄστροις
1590 1265 1702 1328 τοῖς
1734 1241 1929 1319 ἕνδεκα

2069 1269 2156 1307 um
2189 1251 2236 1306 si
2259 1265 2379 1305 cum
2401 1249 2519 1304 sole
2535 1255 2590 1301 et
2610 1244 2860 1300 undecim
2878 1241 3073 1307 stellis,
3095 1241 3221 1295 luna
3238 1253 3454 1312 quoque
3478 1253 3606 1295 eum

349 1352 443 1403 καὶ
479 1349 578 1421 τὴν
610 1350 841 1421 σελήνην
879 1350 1059 1418 ἔδοξεν
1104 1352 1269 1407 αύτδν
1306 1330 1722 1426 προσκυνοῦσαν
1770 1360 1925 1429 ὀρᾷν.

2067 1346 2263 1400 durare
2284 1341 2396 1395 visa
2427 1347 2533 1394 est.
2562 1336 2683 1393 Non
2731 1333 2875 1388 enim
2928 1346 3024 1401 per
3053 1332 3235 1387 omnia
3273 1330 3608 1400 respondent

348 1420 600 1498 Μάλιστα
639 1420 738 1515 μὲν
774 1444 884 1517 γὰρ
910 1445 972 1497 ού
1006 1444 1303 1508 διαπαντὸς
1334 1420 1576 1513 tamen:
1604 1448 1743 1519 πρὸς
1769 1420 1930 1520 ἀκρί-

2070 1449 2203 1505 sque
2259 1431 2421 1487 rebus
2470 1427 2701 1485 somnia.
2745 1424 2927 1481 Multis
2983 1424 3128 1480 enim
3153 1430 3210 1478 et
3272 1420 3612 1490 gravissimis

346 1537 505 1591 ϐειαν
526 1511 953 1607 τοίςνπράγμασι
976 1537 1046 1590 τά
1074 1536 1302 1591 ἐνύπνια
1322 1552 1337 1567 ⁸
1368 1511 1567 1603 πολλὰς
1594 1511 1659 1593 δὲ.
1684 1511 1780 1595 καὶ⁵
1812 1511 1932 1595 λίαν

2070 1526 2197 1579 tiam
2225 1522 2547 1587 rationibus,
2580 1532 2749 1589 quam
2782 1516 3087 1585 saepissime
3124 1515 3268 1569 inter
3294 1526 3359 1568 se
3399 1511 3616 1566 dissen-

346 1628 644 1691 ἐκτόπους,
689 1604 767 1691 ὥς
913 1629 976 1682 τὸ
1001 1629 1276 1695 πλεῖστον,
1320 1630 1619 1702 παρέχεται
1650 1633 1746 1697 τάς
1780 1633 1936 1700 ἐξαλ-

2065 1616 2197 1671 iunt.
2229 1612 2331 1669 Hic
2357 1622 2534 1668 tamen
2568 1625 2675 1667 non
2709 1621 2856 1667 tanta
2873 1608 3113 1665 occurrit
3145 1604 3457 1669 dimcultas,
3478 1616 3604 1659 cum

351 1718 546 1787 λαγάς.
576 1719 769 1790 Ὅμως
801 1720 895 1772 ἐπὶ
931 1718 1025 1773 τοῦ
1053 1720 1322 1792 παρόντος
1351 1695 1417 1774 ού
1453 1695 1594 1777 πάνυ
1632 1722 1693 1776 τὸ
1714 1695 1935 1793 γεγονὸς

2068 1718 2247 1763 :eterae
2278 1697 2510 1762 frati’hm
2543 1710 2747 1759 matres
2777 1704 2955 1760 adhuc
2990 1708 3355 1771 superessent,
3388 1706 3441 1753 et
3501 1695 3615 1766 ipsa

347 1811 590 1891 ὑπάρχει
617 1788 950 1881 παράλογον,
992 1812 1072 1883 τῷ
1106 1788 1166 1885 τε
1197 1812 1299 1878 τὰς
1335 1813 1501 1880 ἄλλας
1540 1788 1803 1890 μητέρας⁷
1826 1788 1935 1873 τῶν

2065 1798 2528 1871 tachel,quamvis
2552 1796 2731 1868 reipsa
2751 1811 2897 1863 eum,
2920 1804 3106 1867 utpote
3132 1801 3364 1855 mortua,
3390 1788 3620 1844 adorare

2105 796 2266 852 Vens.
2305 792 2359 848 8.
2407 809 2427 844 ι
2456 790 2614 847 Aliud
2651 805 2871 859 quoque
2919 790 3061 844 vidit
3103 790 3408 856 somnium,
3452 789 3596 859 quod

2025 903 2252 945 narrans
2295 883 2575 947 fratribus,
2630 882 2754 936 ait:
2789 878 2905 934 Vidi
2951 894 3049 949 per
3086 880 3392 945 somnium,
3434 879 3591 949 quasi

2024 983 2215 1044 solem,
2239 988 2293 1034 et
2328 978 2533 1040 lunam,
2566 985 2621 1029 et
2653 973 2843 1029 stellas
2879 969 3131 1026 undecim
3160 969 3392 1027 adorare
3436 983 3547 1026 me.
3578 988 3599 1023 ο

352 1902 600 1972 ἀδελφῶν
626 1902 790 1957 αὑτοῦ
820 1906 1113 1975 περιεῖναι,
1141 1906 1237 1959 καὶ
1262 1905 1340 1977 τῷ
1376 1906 1477 1978 τὴν
1514 1907 1714 1979 Ῥαχὴλ
1742 1910 1934 1980 αὐτὴν,

324 2019 328 2024 ·
354 1992 458 2047 κᾶν
487 1995 535 2047 εί
562 1994 815 2066 ἐνεργείᾳ
846 1994 922 2067 μὴ
952 1995 1366 2066 προσεκύνησεν
1398 1995 1561 2051 αὐτὸν
1592 1998 1683 2053 διὰ
1710 1998 1770 2053 τὸ
1801 2018 1939 2072 προ-

352 2084 698 2155 τελευτῆσαι,
744 2083 879 2138 άλλὰ
929 2084 1158 2157 δυνάμει
1216 2103 1278 2155 γε
1336 2087 1492 2143 οὐδὲν
1546 2084 1710 2162 ἦττον
1755 2092 1813 2149 ὲν
1860 2093 1941 2166 τῷ

367 2173 561 2229 Ἰακὼϐ
591 2173 748 2229 τοῦτο
774 2175 1096 2248 πεποίηκεν.

958 2306 1209 2362 ΚΕΦΔΔ.
1221 2323 1225 2328 ’
1238 2308 1369 2365 AH’.

431 2461 453 2495 ι
500 2443 748 2512 Ἐγένετο
766 2442 824 2497 δὲ
847 2443 1015 2513 ἡνίκα
1041 2442 1246 2510 ἔτικτε,
1290 2446 1386 2501 καὶ
1406 2445 1532 2519 τῇδε
1558 2438 1630 2521 ἦν
1654 2447 1854 2520 δίδυμα
1887 2449 1946 2502 έν

1965 1875 2010 1934 Β
2040 1911 2144 1951 non
2187 1894 2444 1966 potuerit,
2508 1892 2708 1949 virtute
2767 1888 3119 1945 nihilominus
3158 1886 3262 1942 hoc
3305 1885 3359 1941 in
3443 1878 3612 1939 Jacob

2040 1985 2260 2042 faceret.

2581 2288 2741 2347 CAP.
2783 2286 3069 2346 XXXVlll.

2120 2432 2284 2489 Vitas.
2328 2428 2518 2485 27-50.
2568 2448 2587 2483 ι
2619 2428 2864 2484 Instante
2905 2435 3085 2481 autem
3128 2422 3307 2493 partu,
3362 2433 3631 2491 apparue-

360 2510 795 2617 yanptahtﬁg.
857 2510 1109 2602 ’Ἐγένετο
1154 2533 1211 2588 δὲ
1256 2536 1313 2589 ὲν
1353 2510 1664 2607 τῷῗτέκτειν
1695 2510 1885 2611 αὐτὴν,
1919 2540 1949 2594 6

2065 2538 2177 2583 runt
2206 2525 2406 2597 gemini
2431 2523 2485 2599 in
2516 2532 2693 2578 utero.
2724 2521 2902 2591 Atque
2931 2518 2983 2573 in
3012 2518 3131 2589 ipsa
3155 2513 3423 2571 eﬂ‘usione
3452 2510 3630 2567 infau-

359 2621 443 2690 εἷς
493 2626 867 2697 προεξήνεγκε
898 2625 997 2698 τὴν
1046 2629 1205 2699 χεῖρα
1255 2628 1461 2683 αὐτοῦ’
1514 2629 1755 2685 λαϐοῦσα
1809 2631 1867 2686 δὲ
1912 2633 1949 2704 ἡ

367 2721 541 2789 μαῖα,
581 2717 777 2788 ἔδησεν
805 2717 900 2772 ἐπὶ
936 2718 1036 2789 τὴν
1066 2722 1225 2792 χεῖρα
1256 2720 1423 2775 αὑτοῦ
1464 2722 1527 2775 τὸ
1553 2722 1826 2790 κόκκινον,
1859 2725 1948 2779 λέ-

2047 2622 2206 2686 tium,
2231 2632 2370 2674 unus
2402 2615 2627 2689 protulit
2658 2628 2901 2683 manum,
2936 2612 2991 2667 in
3016 2624 3121 2681 qua
3151 2606 3415 2664 obstetrix
3442 2604 3655 2679 ligavit

2050 2714 2359 2779 coccinum,
2400 2712 2628 2767 dicens:
2658 2706 2769 2762 lste
2802 2705 3117 2776 egredietur
3148 2701 3320 2772 prior.
3366 2697 3464 2753 lllo
3500 2711 3630 2751 vero

365 2825 558 2877 γουσα,
610 2801 782 2873 Οὗτος
826 2807 1169 2873 ἐξελεύσεται
1206 2809 1445 2882 πρῶτος.
1507 2811 1597 2877 Ὠς
1632 2813 1690 2867 δὲ
1731 2817 1952 2870 ἐπισυνι-

2065 2806 2364 2863 retrahente
2390 2815 2634 2869 manum,
2660 2812 2914 2869 egressus
2936 2803 3022 2852 est
3051 2794 3215 2860 alter,
3245 2792 3491 2860 dixitque
3509 2803 3635 2844 mu-

369 2900 547 2970 ήγαγε
579 2898 681 2971 τὴν
712 2901 893 2971 χεῖρα,
927 2900 1023 2953 καὶ
1065 2900 1228 2965 εὐθὺς
1271 2901 1494 2972 ἐξῆλθεν
1531 2906 1561 2958 ὁ
1591 2904 1821 2976 ἀδελφὸς
1851 2908 1953 2960 αύ-

2054 2898 2154 2955 lier
2182 2915 2196 2951 :
2229 2895 2409 2964 Quare
2452 2892 2625 2949 divisa
2670 2900 2754 2947 est
2795 2882 3093 2960 propt'erte
3139 2882 3417 2941 maceria?
3458 2880 3524 2936 Et
3566 2882 3637 2936 ob

368 2992 487 3047 τοῦ.
522 2990 589 3045 Ἦ
632 2991 689 3045 δὲ
724 2987 868 3057 εἶπε,
913 2990 979 3046 Τί
1021 2992 1255 3066 διεκόπη
1289 2993 1381 3048 διὰ
1411 2996 1472 3049 σὲ
1519 2974 1803 3068 φραγμός;
1839 3000 1952 3055 Καὶ

2065 2994 2197 3049 hanc
2237 2980 2458 3045 causam
2503 2984 2720 3040 vocavit
2765 2996 2962 3038 nomen
3015 2977 3132 3047 ejus
3174 2978 3407 3033 Phares.
3441 2974 3636 3029 Postea

368 3084 594 3139 ἐκάλεσε
634 3084 694 3138 τὺ
739 3084 912 3156 ὄνομα
961 3084 1166 3150 αὐτοῦ,
1214 3065 1413 3157 Φαρές,
1454 3065 1572 3141 Καὶ.
1616 3065 1755 3159 μετὰ
1794 3091 1955 3146 τοῦτο

2065 3101 2307 3158 egressus
2334 3092 2422 3140 est
2450 3082 2624 3137 lrater
2666 3077 2800 3147 ejus,
2841 3074 2898 3132 in
2940 3070 3096 3141 cujus
3126 3083 3287 3125 manu
3316 3074 3436 3123 erat
3464 3065 3642 3122 cocci-

374 3175 594 3283 ὲξηλθεν
623 3176 653 3229 6
678 3175 921 3283 ,ἀδελφὸς
943 3174 1132 3239 αὑτοῦ,
1163 3178 1248 3246 ἐφ’
1277 3177 1337 3231 δν
1370 3173 1438 3249 ἦν
1469 3178 1562 3232 ἐπὶ
1584 3182 1649 3251 τῇ
1680 3180 1827 3252 χειρὶ
1854 3182 1953 3235 αὐ-

2065 3194 2189 3234 num
2218 3195 2233 3233 :
2264 3190 2426 3245 quem
2455 3171 2750 3245 appellavit
2777 3168 2940 3223 Zara.
2974 3184 2993 3215 ι

373 3267 468 3322 τοῦ
518 3267 579 3321 τὸ
628 3267 884 3322 κόκκινον
914 3284 931 3300 θ

376 3360 551 3431 Ζαρά.
592 3379 611 3412 ι

450 3451 695 3522 Διδύμων
718 3449 889 3505 ὄντων
908 3449 1018 3503 τῶν
1038 3450 1401 3522 τικτομένων,
1423 3451 1518 3504 τοῦ
1551 3453 1670 3516 ἑνὸς
1691 3453 1788 3525 τὴν
1805 3456 1964 3526 χεῖρα

380 3539 892 3612 προεξενεγκόντος,
936 3542 970 3612 ή
1015 3542 1150 3609 μαῖα
1172 3539 1252 3612 τῷ
1295 3539 1544 3613 δακτύλῳ
1578 3543 1829 3600 κόκκινον
1862 3563 1963 3599 πε-

383 3632 599 3706 ριῆψεν,
634 3631 713 3697 ᾡς
744 3630 811 3685 ἂν
848 3632 924 3703 μὴ
950 3633 1080 3704 περὶ
1108 3632 1206 3703 τὴν
1235 3631 1432 3704 λοιπὴν
1460 3634 1640 3688 αὐτῶν
1668 3634 1965 3707 θεραπείαν

378 3723 777 3796 ὰτλοληθεῖσα,
823 3724 917 3778 τὸν
947 3725 1294 3795 πρωτότοκον
1337 3726 1600 3801 ἀγνοήσῃ.
1645 3727 1865 3799 Ἐπειδὴ
1908 3730 1966 3785 δὲ

378 3817 534 3880 αὖθις
562 3816 981 3885 έπισυνάγοντος
1004 3816 1214 3891 ἐκείνου
1236 3818 1335 3889 τὴν
1366 3820 1545 3892 χεῖρα,
1574 3820 1914 3892 προεξῆλθεν
1936 3824 1966 3876 6

378 3909 554 3965 δοκῶν
608 3908 979 3981 τεχθήσεσθαι
1015 3907 1266 3982 ὕστερον,
1313 3910 1672 3980 θαυμάσασα,
1708 3914 1894 3983 φησὶν,
1928 3916 1962 3985 ἠ

386 4005 519 4073 μαῖα
533 4001 676 4067 τότε,
715 4001 777 4055 Τί
804 4001 1053 4070 διεκόπη
1075 4000 1171 4057 διὰ
1205 4003 1281 4055 σὲ
1308 4003 1621 4073 φραγμόςξ;
1648 4003 1852 4074 ἔφησεν
1874 4007 1963 4059 ἐπ’

380 4097 562 4169 αὐτῷ·
583 4095 883 4163 τουτέστιν,
911 4097 993 4151 ὅτι
1015 4096 1282 4170 Καθάπερ
1311 4115 1363 4150 τι
1392 4098 1734 4170 διατείχισμα
1751 4100 1848 4173 τὴν
1871 4103 1968 4157 τά·

384 4189 465 4254 ξιν
493 4187 883 4259 διατεμόμενος
903 4230 918 4254 ,
961 4188 1194 4260 ὲτέχθης
1230 4189 1550 4261 παραδόξως
1577 4192 1844 4263 πρότερος
1870 4194 1967 4249 τοῦ

383 4282 671 4355 προτέρου.
703 4285 812 4337 Καὶ
842 4282 1018 4354 Φαρὲς
1060 4280 1248 4345 αὑτὸν,
1278 4282 1353 4346 ὡς
1378 4282 1489 4336 ἀπὸ
1528 4283 1623 4337 τοῦ
1659 4287 1969 4355 συμϐάντος

384 4375 789 4446 ἑπονομάσασα,
822 4375 972 4445 Ζαρὰ
998 4374 1089 4428 τὸν
1114 4374 1200 4428 ἒτε
1210 4391 1300 4447 ρον
1324 4378 1791 4449 προσηγόρευσεν.
1808 4378 1969 4451 Ἐση-

388 4465 606 4536 μαίνετο
658 4467 843 4538 μέντοι
882 4469 980 4521 καὶ
1012 4468 1101 4522 διὰ
1132 4466 1338 4522 τούτων
1384 4468 1451 4523 τὰ
1483 4470 1771 4541 μέλλοντα.
1805 4474 1913 4528 Καὶ
1941 4476 1969 4527 ὁ

1006 3269 1100 3322 καὶ
1159 3268 1389 3323 ἐκάλεσε
1449 3269 1511 3323 τὸ
1566 3269 1737 3341 ὄνομα
1793 3273 1959 3328 αὑτοῦ

2134 3441 2273 3497 Cum
2322 3434 2536 3507 gemelli
2587 3440 2930 3502 parerentur,
2964 3439 3018 3484 et
3068 3442 3211 3481 unus
3253 3439 3471 3480 manum
3504 3439 3647 3493 pra:-

2068 3536 2255 3599 ferret,
2280 3529 2466 3602 ligavit
2493 3523 2757 3581 obstetrix
2792 3535 2955 3591 super
2984 3519 3179 3591 digitos
3198 3517 3317 3588 ejus
3336 3515 3649 3578 coccinum.

2070 3644 2137 3685 ne
2170 3623 2396 3695 reliquis
2429 3617 2676 3675 muneris
2705 3615 2789 3672 sui
2816 3614 2967 3669 curis
3014 3612 3273 3667 distracta
3314 3606 3647 3679 primogeni-

2073 3735 2186 3781 tum
2211 3722 2504 3792 ignoraret.
2528 3711 2760 3781 Quando
2786 3718 2964 3762 autem
2981 3748 2997 3775 ,
3022 3704 3380 3760 contrahente
3405 3699 3495 3756 illo
3522 3714 3649 3755 rur-

2068 3831 2160 3873 sus
2184 3791 2428 3873 manum,
2446 3806 2628 3862 frater
2658 3803 2791 3859 exiit
2812 3801 2904 3872 qui
2935 3796 3204 3869 posterior
3224 3807 3546 3864 egressurus
3572 3791 3653 3846 vi.

2056 3900 2322 3969 'debatnr,
2353 3916 2466 3957 rem
2492 3899 2687 3955 mirata
2738 3892 3007 3949 obstetrix
3053 3889 3235 3944 dixit:
3277 3885 3419 3952 Quid
3479 3883 3654 3941 divisa

2070 4008 2146 4054 est
2172 4003 2384 4064 propter
2409 4003 2456 4046 te
2490 3982 3006 4046 macerianlabuit
3066 3981 3185 4036 hinc
3241 3983 3306 4033 de
3360 3977 3450 4033 illo
3499 3976 3653 4047 quia,

2072 4099 2282 4144 mutato
2326 4084 2518 4141 ordine
2574 4080 2722 4137 velut
2742 4076 2915 4132 divisa
2952 4066 3211 4137 maceria,
3272 4079 3470 4142 printer
3527 4071 3647 4139 opi-

2073 4184 2289 4238 nionem
2322 4175 2596 4248 posterior
2626 4171 2793 4243 priori
2836 4168 2953 4224 Ioco
2992 4177 3182 4237 partus
3204 4163 3410 4220 fuerat.
3447 4160 3652 4217 Phares

2072 4273 2289 4331 vocavit
2317 4286 2440 4325 eum
2469 4269 2536 4322 ab
2564 4264 2644 4335 eis
2677 4279 2797 4335 quae
2830 4262 2972 4316 facta
3016 4260 3252 4324 fuerant,
3304 4266 3361 4312 et
3420 4254 3650 4310 alterum

2071 4367 2211 4423 Zara
2236 4360 2557 4418 nominavit.
2603 4355 2979 4412 lnnuebantur
3034 4352 3199 4407 etiam
3229 4349 3313 4404 his
3350 4362 3471 4417 quae
3520 4361 3656 4411 veno,

2079 4470 2196 4511 tura
2220 4462 2399 4509 erant.
2456 4449 2593 4506 Nam
2617 4446 2823 4502 Phares
2859 4443 3217 4516 primogenita
3247 4441 3485 4497 obtinuit
3529 4450 3658 4495 ante

381 4558 558 4630 Φαρὲς
585 4535 671 4613 τά*
689 4558 954 4631 πρεσϐεῖα
979 4558 1248 4631 λαμϐάνει
1272 4560 1377 4632 πρὸ
1416 4535 1511 4615 τού
1539 4563 1688 4635 Ζαρὰ
1719 4564 1962 4636 τεχθεὶς,

2078 4550 2215 4604 Zara
2257 4554 2465 4617 partus,
2490 4541 2615 4610 quia
2653 4554 2718 4594 ex
2747 4552 2945 4609 genere
2986 4535 3104 4604 ejus
3156 4545 3517 4604 processurus
3538 4542 3659 4586 erat

386 4651 476 4704 διὰ
517 4652 579 4706 τὸ
627 4652 846 4725 μέλλειν
878 4655 943 4707 ἐκ
969 4652 1065 4707 τοῦ
1107 4652 1298 4722 γένους
1324 4653 1490 4709 αὑτοῦ
1520 4656 1580 4710 τὸ
1610 4657 1755 4711 κατὰ
1786 4659 1968 4731 σάρκα

385 4744 623 4816 Χριστὸν
661 4744 869 4815 Ἰησοῦν
888 4745 979 4798 τὸν
997 4745 1089 4799 ἐπὶ
1120 4745 1337 4800 πάντων
1359 4745 1493 4801 Θεὸν
1523 4748 1965 4806 άναδείκνυσθαι.

388 4838 608 4909 Ταύτην
637 4855 699 4907 γε
741 4838 849 4909 μὴν
872 4836 970 4909 τὴν
993 4835 1136 4891 κατὰ
1154 4837 1246 4890 τὸν
1280 4838 1482 4893 Ἰούδαν
1515 4840 1696 4894 πᾶσαν
1730 4841 1971 4913 ἱστορίαν

396 4929 603 4995 μεταξὺ
640 4930 739 4998 τῆς
778 4928 907 4998 περὶ
934 4928 1027 4981 τοῦ
1070 4929 1270 5002 Ἰωσὴφ
1296 4932 1324 4983 6
1356 4931 1566 4997 Μωσῆς
1584 4931 1972 5002 παρενέϐαλεν,

391 5019 452 5071 ού
483 5017 640 5088 μόνον
668 5017 752 5070 διὰ
781 5019 839 5070 τὸ
868 5017 972 5072 ὑπὸ
992 5019 1115 5083 τοὺς
1143 5020 1341 5084 αὐτοὺς
1362 5019 1616 5085 γενέσθαι
1637 5022 1861 5091 χρόνους
1880 5024 1976 5076 αύ-

392 5109 512 5180 τήν’
537 5107 568 5180 ἦ
593 5106 738 5160 οὓτω
766 5125 828 5176 γε
862 5110 929 5162 ἂν
952 5111 1086 5180 ἡμῖν
1118 5110 1211 5163 καὶ
1230 5110 1366 5165 ἄλλα
1379 5112 1646 5181 γενόμενα
1678 5113 1975 5184 πάμπολλα

391 5198 714 5270 διηγήσατο’
738 5195 873 5252 ἀλλὰ
901 5196 995 5251 καὶ
1013 5195 1104 5251 διὰ
1130 5196 1191 5251 τὸ
1218 5198 1459 5266 μάλιστα
1477 5199 1576 5270 τῆς
1610 5198 1973 5271 πάσηςαύτοῦ

395 5289 720 5361 συγγραφῆς
769 5287 973 5359 ταύτην
1014 5282 1152 5342 εῖναι
1189 5287 1251 5342 τὸ
1284 5288 1648 5360 κυριώτατον,
1699 5289 1794 5343 καὶ
1840 5289 1978 5361 πρὸς

393 5380 485 5435 τὸν
525 5380 816 5451 σύμπαντα
858 5377 1059 5431 σκοπὸν
1101 5379 1542 5453 ἀναγκαιοτάτην
1591 5379 1740 5453 αὑτῷ
1774 5380 1981 5452 ταύτης

395 5467 535 5526 εἶναι
573 5472 673 5542 τὴν
701 5470 942 5525 ἔκθεσιν.
992 5470 1056 5523 Ἦ
1089 5472 1199 5543 γὰρ
1226 5474 1373 5529 κατά
1405 5474 1586 5546 σάρκα
1613 5473 1709 5528 τοῦ
1736 5472 1978 5547 Χριστοῦ

396 5563 745 5632 γενεαλογία,
781 5561 869 5615 διὰ
913 5560 1007 5615 τὸν
1039 5562 1215 5634 Φαρὲς
1259 5564 1351 5617 ἐπὶ
1390 5564 1483 5618 τὸν
1538 5564 1743 5620 Ἰούδαν
1795 5564 1886 5618 τὸν
1916 5564 1980 5617 ὲκ

396 5654 490 5709 τοῦ
558 5654 776 5726 Ἰσραὴλ
832 5654 1184 5726 ἀναφέρεται.
1256 5656 1474 5729 Ἐπειδὴ
1524 5658 1704 5712 τοίνυν
1757 5656 1980 5727 ἔμελλον

410 5743 649 5798 Ἰουδαῖοι
684 5743 1071 5815 βασκαίνοντες
1097 5746 1163 5816 τῇ
1196 5747 1252 5800 έν
1282 5748 1503 5819 Χριστῷ
1533 5750 1642 5804 τῶν
1674 5747 1844 5802 ἐθνῶν
1876 5765 1981 5801 σω-

398 5834 584 5909 τηρίᾳ,
631 5836 888 5909 πολεμεῖν
932 5837 1007 5910 τῷ
1068 5839 1405 5913 κηρύγματι,
1455 5842 1547 5896 καὶ
1576 5840 1882 5896 διαϐάλλειν
1921 5839 1980 5894 τὸ

2074 4640 2369 4699 secundum
2398 4648 2617 4689 carnem
2651 4630 2904 4686 Christus
2945 4625 3125 4694 Jcsus,
3182 4639 3364 4679 rerum
3411 4622 3655 4679 onmium

2075 4734 2237 4788 Deus.
2270 4728 2422 4783 Hanc
2478 4734 2658 4780 autem
2693 4722 2759 4776 de
2800 4717 2937 4775 Juda
2996 4717 3369 4772 narrationem
3424 4714 3655 4769 inseruit

2076 4822 2288 4894 Moyses
2301 4816 2542 4875 historiae
2557 4812 2800 4884 Josephi,
2822 4825 2927 4866 non
2951 4809 3122 4865 solmn
3151 4807 3275 4878 quia
3298 4807 3443 4862 circa
3466 4807 3652 4858 eadem

2078 4893 2323 4982 tempora
2379 4922 2466 4962 res
2522 4904 2626 4960 illa:
2678 4910 2980 4958 evenerunt
3038 4897 3300 4968 (alioquin
3368 4893 3653 4950 referenda
3731 4914 3735 4919 ν

2077 5003 2309 5060 fuissent
2340 4999 2424 5053 vel
2472 4992 2911 5062 innumera'alia)
2940 5009 2956 5060 ς
2992 4990 3084 5045 sed
3113 4990 3236 5059 quia
3264 4990 3315 5042 in
3365 4999 3475 5041 tota
3506 4985 3659 5041 Scri-

2078 5108 2234 5166 ptura
2273 5092 2404 5146 nihil
2456 5087 2699 5145 occurrit
2733 5087 2890 5156 quod
2920 5083 3145 5151 maioris
3186 5079 3447 5135 momenti
3480 5078 3573 5141 sit,
3606 5085 3663 5133 et

2078 5203 2202 5243 cum
2256 5183 2526 5257 praecipuo
2583 5194 2756 5236 sacra:
2802 5177 3007 5249 paginae
3065 5177 3169 5228 line
3226 5173 3431 5228 arctius
3484 5172 3665 5227 cohae-

2035 5308 2040 5313 ·
2082 5292 2219 5337 reat.
2277 5279 2410 5334 Nam
2464 5290 2634 5348 genus
2689 5272 2896 5329 Christi
2947 5278 3249 5325 secundum
3298 5279 3520 5321 carnem
3572 5278 3663 5318 re-

2082 5373 2284 5442 petitur
2345 5385 2442 5439 per
2494 5366 2701 5423 Phares
2747 5381 2777 5421 a
2827 5362 2967 5419 Juda
3029 5362 3142 5417 lilio
3194 5357 3384 5416 Israel.
3437 5355 3665 5424 Quando

2085 5466 2248 5538 igitur
2295 5462 2488 5527 .ludzei,
2550 5460 2775 5516 salutem
2832 5465 3071 5530 gentium
3130 5445 3358 5523 indigne
3428 5447 3668 5531 ferentes

2084 5559 2138 5614 in
2219 5554 2438 5612 Christo
2540 5551 2968 5622 perﬁciendam,
3037 5547 3476 5620 praedicationem
3575 5550 3664 5597 rei

2080 5650 2314 5722 jecturi,
2377 5657 2432 5703 et
2489 5645 2837 5717 Evangelium
2894 5641 3210 5704 .incusaturi
3270 5645 3453 5701 erant,
3510 5636 3665 5705 quasi

2088 5758 2193 5800 non
2227 5742 2334 5798 nisi
2363 5740 2607 5796 homines
2632 5737 2897 5810 ignobiles
2922 5746 2978 5792 et
3000 5736 3132 5791 viles
3162 5742 3216 5789 et
3268 5729 3585 5787 immundos
3613 5726 3666 5782 in

2089 5852 2215 5894 suos
2245 5834 2576 5897 admitteret,
2608 5832 2803 5889 merito
2860 5830 3103 5887 confutat
3137 5826 3395 5900 propheta
3444 5822 3544 5877 hac
3588 5820 3668 5877 hi.
