4164 6570
352 439 500 510 1657

1465 445 1548 505 IN
1586 440 1916 504 GENESI
1957 439 2442 510 FRAGMENTA.
3038 462 3073 488 κ

3484 435 3623 504 1658

353 556 579 628 ριστίαν
607 556 704 626 μιν
728 571 823 608 του
849 555 985 610 Θεοῦ
1014 560 1247 610 κινεῖται
1295 554 1648 626 θερμότερον.
1683 551 1940 623 ήττηθεὶς

2043 565 2205 619 super
2228 561 2390 621 caput
2419 550 2635 616 eubills,
2675 556 2769 604 aut
2794 561 2959 618 super
3004 561 3276 601 summum
3302 547 3622 619 cubileper-

347 648 411 703 δέ
440 648 525 720 τῷ
560 649 731 721 γήρᾳ,
763 650 830 719 τῇ
871 648 971 720 τῆς
1019 645 1263 719 κεφαλῆς
1293 644 1566 700 ἐπικλίσει
1609 644 1810 714 πληροῖ
1838 642 1944 713 τήν
2044 646 2190 701 fecit.

236 784 241 787 .
349 739 737 811 προσκύνησιν
754 739 849 793 ἐπὶ
868 738 1115 810 κεφαλῆς
1137 736 1241 808 τῆς
1261 734 1473 806 κλίνης,
1502 734 1537 809 ἢ
1565 735 1661 790 ἐπὶ
1683 736 1746 789 τὸ
1772 735 1942 805 ἄκρον

348 830 456 900 τῆς
496 830 713 902 κλίνης.

935 936 1185 992 ΚΕΦΑΛ.
1226 931 1359 990 ΜΘ⁸.

428 1064 452 1098 ί
505 1045 735 1120 Teum“
771 1047 1115 1119 πρωτότοκός
1145 1062 1269 1117 μου,
1317 1046 1383 1099 σὺ
1434 1041 1588 1115 ἰσχύς
1622 1061 1725 1115 μου
1746 1083 1761 1107 ν
1794 1044 1937 1115 ἀρχὴ

345 1137 572 1193 τέκνων
621 1158 762 1212 μου,
796 1140 1032 1213 σκληρὸς
1077 1137 1371 1210 φέρεσθαι,
1422 1139 1519 1192 καὶ
1558 1135 1793 1207 σκληρὸς
1838 1136 1939 1189 αύ-

348 1228 549 1302 θάδης.
600 1250 618 1283 s

434 1321 679 1391 Ῥουὸὶμ
732 1323 1107 1392 πρωτότοκός
1147 1338 1303 1392 μου,
1344 1320 1445 1375 καὶ
1499 1318 1657 1388 ἀρχὴ
1714 1322 1941 1372 τέκνων

338 1427 495 1480 μου,
527 1412 805 1465 τουτέστιν
834 1413 862 1465 ὁ
900 1411 1117 1484 πρῶτος
1145 1409 1205 1475 ἐξ
1244 1408 1378 1481 ἐμοῦ
1420 1407 1725 1478 γεννηθεὶς,
1758 1406 1853 1461 καὶ
1882 1407 1939 1462 ἐν

343 1494 395 1570 ᾧ
444 1501 657 1574 πρώτῳ
713 1501 960 1573 τεχθέντι
1012 1501 1075 1554 τὸ
1124 1500 1343 1574 ίσχυρὸν
1379 1501 1474 1553 καὶ
1510 1498 1571 1552 τὸ
1602 1499 1938 1552 ἁκατὰλυτον

344 1593 541 1665 ἔσχον,
571 1598 638 1667 τῇ
665 1595 885 1667 διαδοχῇ
929 1593 1065 1665 πρὸς
1097 1594 1158 1647 τὸ
1189 1592 1429 1663 φθαρτὸν
1460 1592 1553 1645 καὶ
1580 1590 1803 1654 ἀσθενὲς
1838 1591 1938 1661 τῆς

346 1686 580 1756 φύσεως
608 1687 1117 1756 ἁνταγωνισάμενος
1136 1701 1150 1716 ο
1198 1682 1468 1753 Σκληρός
1496 1682 1802 1753 φέρεσθαι,
1836 1683 1938 1737 καί

345 1778 631 1846 σκληρὸς
660 1776 948 1846 αὐθάδης.

429 1888 450 1922 s
503 1869 853 1941 Ἐξύὸρισας,
888 1870 965 1933 ὡς
991 1866 1134 1939 ὕδωρ
1165 1868 1241 1939 μὴ
1266 1866 1518 1938 ἐκζέσῃς.
1563 1887 1580 1918 ι

433 1961 767 2033 Ἐξύὸρισας
810 1960 1153 2025 ἀκαθέκτως,
1200 1958 1323 2015 ἀντὶ
1349 1957 1445 2013 τοῦ
1479 1958 1810 2028 ἀλογίστως,
1842 1959 1937 2013 καὶ

344 2055 690 2127 θερμότερον
714 2053 811 2109 τοῦ
852 2053 1061 2115 δέοντος
1096 2054 1230 2124 πρὸς
1270 2049 1473 2122 πρᾶξιν
1501 2051 1820 2123 παράνομον
1840 2052 1936 2120 ὁρ-

345 2146 567 2217 μήσας,
595 2145 917 2219 ἐξήμαρτες.
945 2143 1206 2199 Βούλεται
1228 2142 1284 2198 δέ
1309 2144 1483 2196 είπεῖν
1511 2142 1611 2214 τὴν
1632 2141 1935 2212 γενομένην

341 2235 616 2307 ἀθέσμως
645 2235 834 2307 κοίτην
865 2233 1001 2304 πρὸς
1028 2232 1255 2288 Βάλλαν.
1289 2230 1396 2285 Τοῦ
1429 2231 1615 2303 μέντοι
1647 2230 1936 2301 μέλλοντος

342 2326 608 2396 ἐπάγειν,
652 2327 998 2382 συνετώτατα
1022 2327 1143 2381 λίαν
1189 2325 1353 2380 αὑτοῦ
1386 2325 1678 2397 προτάττει
1721 2324 1781 2379 τὸ
1802 2367 1816 2390 ,
1854 2325 1935 2391 ὡς

340 2416 513 2488 ὕδωρ
551 2418 639 2489 μὴ
672 2417 957 2488 ἑκζὲσῃς··
1018 2420 1124 2490 πρὸ
1165 2420 1263 2489 τῆς
1303 2418 1639 2489 κατηγορίας
1688 2418 1783 2471 καὶ
1824 2416 1933 2470 τῶν

339 2510 594 2580 ἐλέγχων
632 2510 960 2582 ἐξαρπάζων
988 2510 1177 2582 ὥσπερ
1227 2510 1390 2564 αὐτὸν
1435 2509 1535 2581 τῆς
1584 2508 1929 2580 ὀφειλούσης,

340 2597 478 2652 ὅσον
524 2600 618 2654 ἐπὶ
659 2600 737 2670 τῷ
776 2600 871 2655 τοῦ
904 2601 1395 2676 πλημμεληθέντος
1448 2603 1797 2673 τολμήματι,
1851 2602 1932 2656 δι-

341 2688 527 2752 καίως
556 2689 866 2760 ἐπαχθῆναι
906 2691 1202 2756 κολάσεως.
1235 2691 1333 2767 Atti
1361 2692 1469 2763 γὰρ
1493 2691 1627 2745 αὐτὸ
1654 2690 1814 2745 τοῦτο
1838 2693 1932 2745 καὶ

339 2778 450 2850 τὴν
484 2780 661 2851 ἀρχὴν
684 2781 777 2835 τοῦ
804 2783 931 2854 περὶ
961 2783 1124 2835 αὐτὸν
1158 2783 1320 2852 λόγου
1349 2782 1608 2856 τοιαύτην
1636 2785 1932 2856 ἐποιήσατο

343 2879 869 2947 κατασκευαστικὴν
900 2877 1101 2941 ἱκανῶς
1132 2878 1269 2948 πρὸς
1308 2878 1369 2932 τὸ
1416 2879 1516 2949 τῆς
1543 2879 1930 2950 παραιτήσεως

341 2962 599 3032 εὔλογον.
628 2964 701 3019 Τδ
733 2965 846 3030 οῖιν,
884 2966 966 3034 ὡς
993 2966 1151 3037 ὕδωρ
1197 2966 1282 3037 μὴ
1312 2966 1598 3037 ἐκζὲσῃς,
1629 2967 1787 3022 τοῦτό
1823 2985 1930 3039 φη-

338 3072 461 3121 σιν,
490 3057 572 3110 ὅτι
593 3055 685 3128 Μὴ
719 3057 930 3126 γένοιτό
968 3075 1049 3112 σοι
1083 3059 1173 3112 διὰ
1195 3058 1258 3112 τὸ
1287 3058 1503 3129 συμϐάν
1542 3076 1623 3113 σοι
1662 3059 1792 3131 περὶ
1827 3059 1928 3129 τὴν

341 3148 446 3202 τοῦ
478 3148 687 3218 πατρός
723 3166 815 3201 σου
847 3150 1035 3221 κοίτην
1061 3151 1126 3203 ἐκ
1154 3151 1488 3222 προπετείας
1520 3150 1924 3222 πλημμέλημα.

2643 927 2793 983 CAP.
2830 926 3018 982 XLIX.

2114 1039 2281 1095 Vens.
2312 1038 2368 1094 3.
2415 1056 2434 1091 ι
2464 1036 2660 1093 Ruben
2711 1035 3106 1105 primogenitus
3153 1049 3328 1101 meus,
3369 1044 3427 1089 tu
3458 1034 3614 1091 forti-

2043 1130 2172 1184 tudo
2207 1143 2345 1196 mea,
2377 1138 2431 1183 et
2460 1126 2785 1197 principium
2822 1124 3025 1181 doloris
3068 1124 3171 1180 mei
3209 1127 3402 1196 :prior
3437 1127 3491 1181 in
3523 1129 3620 1182 do-

2042 1221 2147 1286 nis,
2181 1219 2350 1287 maior
2378 1219 2429 1273 in
2456 1220 2702 1288 imperio.
2734 1234 2753 1269 ›

2115 1312 2290 1367 Ruben
2327 1312 2707 1381 primogenitus
2751 1328 2918 1377 meus,
2945 1319 2994 1364 et
3023 1309 3336 1379 principium
3384 1311 3614 1379 ﬁliorum

2040 1422 2297 1470 meorum,
2316 1406 2416 1460 hoc
2447 1414 2548 1468 est,
2573 1418 2732 1473 quem
2759 1402 2992 1472 primum
3018 1400 3201 1472 genui,
3228 1405 3281 1454 in
3307 1415 3412 1470 quo
3439 1402 3616 1471 primo

2041 1497 2349 1571 prtesidium
2379 1496 2509 1551 mibi
2551 1505 2605 1549 et
2654 1510 2825 1566 genus
2849 1501 3058 1548 certum
3098 1492 3301 1557 inveni,
3330 1494 3608 1566 progeniei

2045 1594 2307 1646 adversus
2358 1586 2731 1657 corruptibilis
2766 1595 2820 1639 et
2863 1583 3055 1639 debilis
3102 1594 3312 1640 natura:
3343 1586 3612 1641 fallaciam

2041 1682 2316 1746 conlisus;
2348 1680 2526 1736 Durus
2550 1679 2618 1733 ad
2645 1678 2941 1748 ferendum,
2969 1689 3017 1731 et
3048 1679 3212 1732 durus
3237 1678 3506 1748 pervicax.

2116 1860 2277 1914 Vens.
2302 1860 2358 1914 4.
2404 1875 2424 1910 ι
2454 1856 2671 1911 Eﬂ‘usus
2700 1870 2782 1920 es,
2831 1855 2973 1910 sicut
3003 1869 3141 1923 aqua
3182 1869 3287 1909 non
3317 1848 3553 1910 crescas.
3588 1877 3609 1907 ι

2111 1947 2306 2004 Fecisti
2337 1945 2743 2011 contumeliam,
2774 1944 2878 1999 hoc
2904 1950 2989 1998 est
3012 1957 3214 1998 vesano
3240 1954 3295 1999 et
3318 1944 3484 1999 nimio
3516 1944 3619 1999 im-

2041 2051 2170 2113 petu
2211 2042 2279 2095 ad
2311 2055 2424 2095 rem
2469 2038 2665 2093 malam
2709 2049 2950 2106 praeceps
2994 2037 3254 2106 peccasti.
3287 2035 3615 2106 Signiﬁcare

2042 2146 2221 2189 autem
2259 2133 2371 2188 vult
2392 2131 2616 2201 impium
2647 2129 2763 2197 eius
2794 2142 2918 2183 eum
2951 2127 3099 2182 Balla
3137 2128 3509 2183 concubitum.
3545 2129 3616 2184 At

2041 2226 2354 2296 priusquam
2390 2236 2503 2277 rem
2527 2219 2785 2290 explicet,
2821 2233 2984 2289 quant
3017 2218 3374 2274 solertissime
3410 2219 3619 2288 profert

2042 2314 2169 2369 illud
2192 2314 2324 2366 sicut
2349 2327 2487 2382 aqua
2507 2326 2612 2364 non
2640 2324 2844 2363 crescas
2876 2324 2896 2372 ;
2928 2321 3052 2362 eum
3085 2321 3194 2361 non
3230 2318 3357 2363 ante
3397 2309 3615 2366 incusat

2039 2414 2095 2461 et
2112 2402 2515 2464 iucrimiuatur,
2543 2415 2704 2470 quam
2736 2399 2929 2454 merita
2955 2400 3247 2470 debitaque
3270 2414 3430 2471 pcena
3447 2418 3616 2475 prope

2039 2493 2282 2559 solverit,
2303 2492 2357 2545 in
2380 2500 2639 2561 quantum
2665 2491 2767 2545 boe
2792 2489 2970 2545 delicti
2996 2490 3209 2545 facinus
3264 2491 3613 2550 admittebat.

2040 2585 2113 2639 Eu
2144 2584 2288 2638 enim
2312 2584 2378 2638 de
2403 2597 2569 2636 causa
2624 2581 2774 2637 hisce
2807 2581 2989 2636 verbis
3034 2581 3336 2638 orationem
3367 2600 3521 2639 suam
3547 2586 3615 2641 de

2040 2678 2157 2746 ipso
2196 2676 2497 2741 exorditur,
2547 2673 2744 2744 quibus
2784 2674 2997 2729 veniam
3044 2661 3326 2743 aptissime
3370 2685 3611 2747 exaptat.

2038 2767 2170 2823 Illud
2201 2768 2388 2839 igitur,
2436 2767 2571 2820 sicut
2623 2781 2764 2836 aqua
2820 2782 2923 2820 non
2971 2779 3200 2829 crsscas,
3228 2769 3387 2837 quasi
3418 2769 3607 2825 dicat:

2037 2859 2193 2915 Licet
2236 2857 2409 2929 patris
2450 2856 2629 2912 cubile
2680 2866 2884 2912 temere
2931 2856 3241 2923 violaveris,
3286 2874 3392 2914 non
3447 2860 3616 2915 bene-

2036 2952 2275 3008 dictione
2327 2947 2669 3003 defrauderis
2727 2949 2875 3003 circa
2929 2952 3147 3021 generis
3195 2952 3611 3022 perennitatem

2036 3045 2200 3101 facta.
2233 3042 2311 3097 Ne
2338 3055 2532 3112 pmuas
2566 3055 2595 3094 a
2627 3049 2681 3095 te
2712 3040 2853 3096 Deus
2885 3041 2984 3098 bas
3004 3044 3207 3115 exigat,
3237 3046 3344 3099 vim
3365 3045 3610 3115 pariendi

2035 3138 2296 3202 tollendo,
2348 3136 2598 3191 ardorem
2660 3133 3040 3208 refrigerando
3098 3148 3154 3194 et
3210 3141 3613 3210 exstinguendo

340 3238 449 3307 τῆς
492 3238 631 3308 πρὸς
668 3237 908 3291 ἐπίδοσιν
945 3238 1042 3292 τοῦ
1084 3239 1276 3307 γένους
1313 3239 1564 3308 εὐλογίας
1607 3239 1924 3293 ἀποπεσεῖν.
1958 3270 1959 3289 ι

2035 3247 2140 3302 quo
2181 3243 2377 3299 pueros
2432 3240 2775 3297 procreares,
2807 3228 2981 3283 instar
3001 3245 3155 3300 aquae
3182 3231 3369 3301 procul
3401 3232 3610 3303 abigne

342 3327 506 3400 Μηδὲ
534 3327 684 3399 δοίης
710 3327 851 3400 ὑπὲρ
876 3328 1067 3383 τούτου
1102 3329 1281 3401 δίκην,
1320 3331 1384 3384 τὸ
1413 3330 1492 3402 μὴ
1519 3330 1776 3400 γενέσθαι
1819 3347 1929 3384 παι-

344 3419 483 3490 τὴρ,
509 3418 887 3490 ἀποψυγέντος
926 3419 1018 3475 τοῦ
1046 3421 1146 3492 τῆς
1188 3420 1407 3490 φύσεως
1444 3422 1504 3475 ἐν
1532 3422 1617 3475 σοὶ
1656 3422 1755 3475 καὶ
1794 3422 1931 3476 ἀπο-

349 3509 678 3574 σϐεσθέντος
726 3509 863 3580 πρὸς
892 3510 1237 3566 παιδοποιίαν
1277 3508 1502 3581 θερμοῦ,
1532 3509 1933 3581 παραπλησίως

348 3598 509 3654 ὕδατι
548 3600 868 3674 χωρισθέντι
916 3602 1113 3675 πυρός.
1142 3603 1306 3656 Ὥστε
1335 3602 1580 3672 δηλονότι
1617 3601 1713 3655 νῦν
1756 3603 1816 3655 ἐν
1842 3601 1933 3654 εὐ-

345 3692 538 3761 λογίας
574 3693 706 3747 εῖδει
757 3692 1015 3765 προλέγει
1049 3693 1147 3765 τῆς
1173 3694 1346 3765 φυλῆς
1380 3694 1480 3765 τήν
1515 3693 1782 3765 ἐσομένην
1809 3692 1932 3745 ἐπί-

343 3785 516 3838 δοσιν.
553 3785 737 3852 Ἀξιὸν
764 3803 826 3854 γε
852 3784 957 3858 μὴν
981 3785 1195 3852 ἔκρινεν
1216 3780 1358 3839 εἶναι
1385 3784 1718 3856 συγγνώμης
1745 3783 1931 3847 αὑτὸν,

2034 3328 2273 3376 semotae.
2309 3318 2426 3385 Qua
2465 3318 2846 3387 deprecatione
2875 3319 3111 3376 futuram
3137 3325 3312 3393 gentis
3336 3324 3610 3380 fortunam

2035 3411 2278 3482 profecto
2321 3410 2669 3479 praenuntiat.
2752 3410 2970 3466 Iudicat
3028 3428 3152 3468 eum
3205 3416 3328 3471 ideo
3389 3418 3609 3487 dignum

2029 3519 2151 3559 esse
2182 3504 2270 3572 qui
2322 3501 2533 3555 veniam
2562 3511 3011 3571 consequeretur,
3045 3514 3101 3558 et
3147 3508 3401 3578 progenie
3445 3510 3611 3562 multa

2030 3598 2343 3659 donaretur,
2377 3592 2506 3662 quia
2543 3592 2661 3647 alia;
2687 3594 3039 3661 ipsiineraut
3083 3602 3336 3665 virtutes,
3380 3615 3612 3668 praeser-

2031 3689 2124 3743 tim
2166 3700 2299 3741 vero
2349 3683 2475 3754 quia
2531 3683 2792 3741 fratribus
2842 3687 2909 3741 de
2966 3691 3208 3744 necando
3248 3688 3465 3761 Joseph~
3505 3706 3611 3746 non
3656 3718 3665 3721 ν

2032 3777 2417 3834 consentiendo
2444 3775 2633 3830 Ruben
2670 3791 2793 3831 eum
2820 3788 3155 3835 servaverat.

342 3881 447 3932 καὶ
486 3877 583 3931 τοῦ
622 3876 697 3950 μή
741 3879 844 3949 τῆς
869 3879 1175 3951 φυλαρχίας
1206 3879 1526 3941 ἀποπεσεῖν,
1558 3879 1647 3934 διὰ
1711 3879 1774 3931 τὸ
1798 3875 1965 3946 ἄλλην
2001 3889 2061 3925 τε
2090 3868 2240 3940 αύτῷ
2287 3870 2584 3925 συνειδέναι
2641 3870 2764 3924 τινὰ
2803 3872 2965 3942 τυχὸν
2997 3872 3335 3945 ἀρετήν,καὶ
3375 3876 3611 3945 μάλιστα

344 3972 436 4028 διὰ
466 3971 529 4026 τὺ
570 3971 645 4044 μὴ
687 3969 981 4043 σύμψηφον
1008 3971 1296 4045 γινόμενον
1319 3975 1434 4038 τοῖς
1459 3973 1731 4043 ἀδελφοῖς,
1756 3972 2066 4044 ἐξαρπάσαι
2096 3966 2331 4021 θανάτου
2356 3968 2449 4021 τὸν
2485 3968 2708 4039 Ἰωσήφ.

425 4082 446 4117 ι
469 4064 673 4128 Ἰούδα,
704 4064 767 4118 σὲ
793 4065 1109 4118 αίνέσαισαν
1140 4066 1192 4119 οί
1238 4065 1458 4136 ἀδελφοί
1501 4084 1625 4121 σου·
1654 4070 1710 4123 al
1747 4067 1927 4141 χεῖρές

348 4173 447 4210 σου
486 4157 582 4210 ἐπὶ
626 4155 796 4210 νώτου
820 4154 929 4210 τῶν
962 4155 1174 4228 ἐχθρῶν
1205 4174 1298 4213 σου
1319 4174 1334 4191 ο
1371 4161 1814 4232 προσκυνήσουσί
1844 4176 1926 4214 σοι

345 4244 455 4299 υἱοὶ
482 4244 577 4300 τοῦ
611 4244 817 4317 πατρὸς
843 4262 957 4299 σου.
982 4264 1002 4297 ι

417 4337 682 4391 Τουτέστι
720 4338 816 4390 καὶ
845 4320 1126 4405 συγγενῶν
1154 4337 1250 4391 καὶ
1275 4337 1588 4407 ἀλλοφύλων
1612 4336 1926 4410 κατάρξεις,

344 4432 443 4486 atu‘t
470 4430 679 4500 γενήσῃ
708 4428 862 4499 παρὰ
897 4430 1064 4482 πᾶσιν
1097 4428 1429 4492 ἐπαινετός..

2103 4063 2267 4118 Vens.
2300 4064 2352 4119 8.
2406 4082 2425 4115 s
2460 4063 2623 4132 Juda,
2669 4072 2723 4119 te
2754 4063 2972 4119 laudent
3020 4063 3220 4120 fratres
3268 4067 3341 4120 tui
3372 4084 3388 4122 :
3420 4083 3612 4124 manus

2033 4162 2140 4207 tua:
2186 4169 2349 4223 super
2375 4156 2596 4209 dorsum
2634 4155 2980 4210 inimicorum
3006 4165 3261 4211 tuorum:
3294 4158 3599 4215 adorabunt

2034 4254 2086 4300 te
2120 4244 2213 4299 filii
2245 4245 2413 4315 patris
2445 4245 2539 4299 tui.
2585 4262 2604 4297 s

2086 4334 2202 4391 Hoc
2230 4344 2332 4401 est,
2356 4337 2602 4404 cognatis
2630 4344 2687 4391 et
2709 4336 3040 4408 alienigenis
3067 4337 3458 4407 dominaberis,
3490 4356 3613 4396 om-

2034 4442 2131 4481 nes
2157 4437 2210 4481 te
2240 4427 2490 4482 laudibus
2521 4426 2769 4483 eﬂ'ereut.

426 4538 444 4572 ι
470 4491 717 4589 ﬁstulave;
733 4491 947 4581 λέοντος,
978 4517 1148 4571 Ἰούδα
1165 4533 1178 4547 ο
1207 4518 1271 4570 ἐκ
1300 4515 1554 4587 βλαστοῦ,
1576 4517 1659 4571 υἱέ
1686 4518 1926 4589 μου,ἀν-

2102 4520 2259 4575 Vens.
2292 4521 2347 4575 9.
2384 4539 2402 4572 ι
2439 4520 2661 4575 Catulus
2706 4522 2881 4576 leonis
2924 4519 3062 4576 Juda
3094 4538 3109 4576 :
3143 4535 3206 4576 ex
3234 4523 3502 4593 germine,
3536 4524 3606 4578 ηιξ

347 4609 514 4682 έ6ης’
544 4606 855 4670 ἀναπεσὼν,
893 4608 1200 4680 ἐκοιμήθης
1225 4609 1300 4673 ὡς
1332 4608 1491 4673 λέων,
1526 4609 1621 4662 καὶ
1666 4608 1745 4673 ὼς
1795 4608 1926 4662 σκύο

248 4742 252 4745 η
349 4718 482 4774 μνος
501 4717 514 4731 ·
544 4700 630 4764 τίς
653 4701 840 4771 ἐγερεῖ
864 4699 1057 4766 αὐτόν;
1084 4719 1102 4752 ι

298 4804 311 4816 ‘
417 4793 492 4847 Τὸ
520 4793 641 4863 μὲν,
669 4790 738 4846 ἐκ
764 4792 1067 4860 βλαστοῦ,
1090 4790 1183 4847 υίέ
1208 4810 1348 4862 μου,
1386 4790 1628 4859 ἀνέὄης,
1660 4792 1781 4846 ἀντὶ
1808 4792 1924 4854 τοῦ,

347 4883 624 4955 Ηύξήθης,
647 4882 900 4954 καθάπερ
922 4882 986 4937 ἐκ
1013 4901 1157 4947 τινος
1181 4883 1594 4956 ἀγαοῆςρίζης,
1614 4883 1771 4954 ἐμοῦ,
1796 4886 1929 4956 πρέ.

352 4989 482 5043 μνος
511 4974 745 5047 εὐθαλὴς
771 4974 1255 5046 ἐκδεϐλαστηκώςο
1289 4975 1352 5029 τὸ
1385 4975 1465 5040 δέ,
1496 4976 1577 5041 ὠς
1621 4973 1797 5040 λέων,
1823 4974 1925 5028 καί

347 5065 429 5131 ὡς
450 5065 743 5134 σκύμνος,
770 5067 835 5118 ἐκ
861 5066 1232 5138 παραλλήλου,
1268 5066 1423 5138 δηλοῖ
1444 5068 1506 5119 τὸ
1538 5064 1671 5119 αὐτὸ
1690 5080 1706 5095 ο
1739 5065 1816 5129 ὠς
1839 5064 1922 5129 τὸ,

353 5157 416 5211 Τί
442 5156 616 5210 ἐστιν
656 5156 987 5223 ἄνθρωπος,
1016 5157 1105 5210 ὅτι
1123 5157 1436 5228 μιμνήσκῃ
1469 5156 1678 5223 αὐτοῦ,
1715 5155 1755 5226 ἢ
1796 5156 1927 5223 υἱὸς

346 5244 686 5315 ἀνθρώπου,
738 5245 827 5299 ὅτι
865 5247 1199 5317 ἐπισκέπτῃ
1243 5250 1463 5313 adadv;
1505 5248 1580 5303 Τὸ
1600 5248 1678 5317 δὲ,
1704 5249 1928 5304 ἀναπε-

348 5337 498 5403 σὼν,
556 5336 878 5407 ἐκοιμήθη·
927 5338 1019 5405 τίς
1056 5338 1249 5409 ἐγερεῖ
1292 5341 1511 5407 αὐτόν;
1555 5340 1658 5413 τήν
1698 5341 1792 5393 ἐπὶ
1825 5340 1927 5411 τῆς

348 5430 451 5499 γῆς
481 5427 647 5482 αὐτοῦ
678 5428 825 5498 λέγει
865 5427 1342 5499 βεϐαίωσιν.Ἐστι
1388 5431 1494 5503 γὰρ
1544 5431 1924 5503 παραπλήσιον

346 5519 446 5592 τῷ,
463 5520 599 5575 Ἐὰν
623 5520 952 5592 κοιμηθῆτε
987 5520 1104 5575 ἀνὰ
1139 5520 1336 5591 μέσον
1376 5520 1499 5577 τῶν
1523 5522 1781 5592 κλήρων.
1813 5525 1923 5579 Καὶ

348 5609 477 5679 γοῦν
506 5611 765 5676 πολλάκις
800 5612 911 5666 τῶν
941 5611 1144 5665 λοιπῶν
1178 5612 1363 5681 φυλῶν
1401 5613 1824 5684 πολεμουμένων
1860 5631 1920 5668 τε

351 5701 443 5755 καὶ
470 5703 854 5774 ἀπαγομένων,
874 5702 950 5769 ὡς
976 5703 1071 5758 ἐπὶ
1093 5703 1156 5757 τὸ
1184 5702 1434 5757 πλεῖστον
1457 5702 1597 5774 αὐτὴ
1624 5704 1789 5776 μηδὲν
1816 5704 1923 5781 ὑπὸ,

420 5863 463 5894 “
486 5859 628 5915 Psal.
672 5877 788 5928 vm,
822 5863 876 5917 4.
960 5863 999 5894 "
1025 5861 1168 5919 Psul.
1196 5878 1365 5931 van,
1404 5863 1491 5921 Η.

2033 4611 2127 4678 uti,
2146 4612 2474 4667 ascendisti.
2498 4611 2838 4667 Recumbeus
2858 4611 3112 4666 dormisti
3147 4621 3205 4664 ut
3229 4611 3311 4665 leo
3336 4650 3352 4677 ,
3376 4621 3430 4665 et
3453 4615 3606 4680 quasi

2032 4704 2247 4759 Catulus
2290 4704 2465 4758 leonis
2495 4720 2511 4758 :
2540 4704 2663 4772 quis
2689 4704 2983 4757 suscitabit
3015 4702 3176 4756 eum?
3204 4720 3223 4754 ι

2080 4791 2212 4846 Illud
2238 4793 2480 4861 quidem,
2507 4807 2574 4846 ea:
2602 4792 2855 4863 gemine,
2883 4792 2967 4860 ﬁli
2989 4793 3081 4855 mi,
3112 4791 3422 4858 ascendisti,
3454 4795 3607 4862 quasi

2037 4885 2221 4938 dicat:
2246 4881 2412 4939 Ortus
2434 4897 2495 4938 es
2517 4897 2583 4937 ex
2608 4878 2886 4947 me,'velut
2910 4883 3178 4952 exlradice
3207 4884 3411 4953 optima
3436 4887 3605 4951 stipes

2033 4977 2223 5032 ﬂorida
2263 4977 2555 5047 germinat.
2591 4979 2663 5029 At
2701 4976 2855 5041 illud,
2888 4986 2941 5029 ut
2985 4976 3087 5040 leo,
3135 4988 3181 5030 et
3211 4977 3361 5047 quasi
3396 4977 3605 5031 catulus

2029 5069 2217 5134 leonis,
2257 5069 2380 5124 aliis
2435 5069 2617 5124 verbis
2643 5070 2889 5123 eamdem
2947 5069 3273 5123 sententiam
3321 5070 3601 5139 exprimit,

2027 5160 2172 5216 haud
2218 5174 2380 5219 secus
2412 5173 2477 5213 ac
2510 5159 2562 5212 in
2599 5158 2691 5212 illo
2726 5176 2741 5214 :
2778 5157 2919 5224 Quid
2945 5168 3019 5212 est
3045 5158 3220 5221 homo,
3246 5160 3383 5228 quod
3405 5172 3604 5211 memor

2025 5266 2079 5304 es
2119 5249 2255 5319 ejus,
2305 5257 2397 5303 aut
2438 5247 2586 5317 ﬁlius
2613 5246 2837 5301 hominis
2868 5246 3122 5316 quoniam
3150 5248 3330 5302 uisitus
3375 5263 3491 5301 eum
3516 5246 3607 5300 “1’

2024 5341 2154 5396 Illud
2173 5349 2350 5395 autem
2375 5339 2675 5393 recumbens
2697 5338 2960 5403 dormisti,
2992 5339 3109 5408 quis
3138 5336 3414 5391 suscitabit
3438 5354 3555 5392 eum
3574 5337 3601 5389 Ρ

2026 5431 2233 5487 indicat
2259 5446 2420 5501 quam
2476 5424 2708 5483 ﬁrmiter
2756 5440 2954 5484 terram
2988 5444 3142 5483 suam
3172 5428 3339 5484 ludas
3378 5443 3602 5496 occupa-

2032 5533 2185 5578 turus
2226 5532 2369 5578 erat.
2423 5522 2706 5577 Couseutit
2736 5522 2883 5577 enim
2920 5535 3042 5575 cum
3071 5535 3135 5575 eo
3173 5538 3187 5575 :
3219 5519 3278 5574 Si
3322 5519 3601 5572 domiatis

2029 5616 2170 5668 inter
2207 5614 2405 5667 medios
2429 5614 2595 5668 clerus
2629 5612 2707 5668 ¹⁷.
2742 5613 2819 5668 Ac
2864 5622 3011 5667 certe
3043 5611 3129 5666 vel
3168 5609 3463 5681 saepissime
3496 5623 3601 5662 ca:-

2032 5707 2162 5764 teris
2197 5708 2449 5779 gentibus
2478 5720 2598 5762 cmn
2645 5707 3087 5779 aggredicntibus
3135 5716 3191 5763 et
3248 5701 3605 5776 impugnanti-
