4164 6540
632 362 768 428 1ὂ59

1729 365 2110 431 GENNADII
2148 366 2653 431 PATRIARCHIE
2692 369 2797 430 (ΖΡ.

3764 362 3912 430 1660

600 476 749 538 bus,
778 472 1101 544 plerumque
1131 473 1200 527 ah
1234 472 1484 530 hostibus
1515 475 1739 533 omnino
1772 478 1970 551 illaesos
1992 494 2190 533 remane

2308 479 2416 531 τῶν
2473 478 2760 548 πολεμίων
2808 476 3141 549 ἀδικουμένη
3186 475 3442 546 διέμεινε.
3470 474 3643 546 Φησὶν
3670 492 3785 541 ουν,
3817 478 3908 530 ὅτι

626 570 718 620 sit.
762 564 909 619 Dicit
935 578 1067 634 ergo
1100 581 1113 617 :
1143 562 1213 619 Ut
1241 566 1347 627 leo,
1385 568 1639 621 omnibus
1668 568 2043 626 formidandus
2068 573 2198 626 eris.

684 655 850 712 Vsus.
878 656 963 710 l0.
989 675 1009 708 ι
1034 656 1147 710 Νοιι
1167 657 1381 712 deiiciet
1403 659 1655 730 princeps
1677 675 1741 715 ex
1762 660 1922 726 Juda,
1942 670 1998 717 et
2014 666 2118 716 dux
2140 664 2207 718 de

623 750 920 806 femoribus
942 751 1080 820 ejus,
1105 750 1277 804 donec
1299 751 1519 806 veniant
1540 767 1660 823 qua:
1682 755 1915 823 reposita
1940 766 2060 810 sunt
2082 755 2153 810 ei.
2181 774 2199 807 ι

695 843 995 896 Senserunt
1081 842 1305 911 quidam
1389 845 1789 911 promissiones
1875 848 2009 901 istas
2090 862 2195 901 non

632 932 800 985 fuisse
830 929 1098 999 expletas,
1142 935 1283 1001 quod
1337 929 1489 988 Judae
1515 935 1630 1002 ipsa
1681 936 1879 999 tribus,
1911 951 1941 990 a
1969 935 2202 1008 Babylo-

622 1022 728 1078 niis
755 1037 971 1094 quoque
1006 1023 1058 1077 in
1094 1024 1459 1093 captivitatem
1521 1027 1751 1081 deducta
1807 1044 2035 1098 regnum
2065 1031 2201 1085 ami-

618 1116 772 1172 serit.
813 1115 927 1171 Non
982 1118 1269 1171 attendunt
1297 1126 1477 1177 autem
1522 1122 1663 1187 quod
1718 1119 1801 1175 vel
1845 1122 2035 1179 diebus
2092 1124 2196 1178 illis

615 1206 754 1262 Juda
808 1207 1163 1275 nihilominus
1189 1208 1404 1262 caeteris
1444 1209 1690 1266 tribubus
1743 1211 1979 1281 prazfuit,
2017 1223 2072 1269 et
2107 1212 2200 1270 Je-

620 1302 856 1359 rusalem
906 1306 1129 1360 reduces
1158 1319 1253 1373 per
1281 1303 1582 1360 Zorobabel
1626 1305 1847 1372 direxit,
1914 1319 1971 1361 et
2005 1317 2192 1379 postea

615 1408 831 1448 onmem
858 1392 1112 1463 populum
1142 1394 1406 1448 adversus
1434 1393 1785 1452 Macedonum
1820 1398 2052 1469 impetus
2074 1386 2200 1471 pro-

617 1487 775 1550 texit,
799 1484 972 1541 donec
1005 1494 1125 1555 post
1165 1485 1460 1540 adventum
1516 1484 1835 1554 Sulvatoris,
1887 1490 2111 1546 civitate
2166 1508 2196 1547 a

616 1576 879 1634 Romanis
957 1586 1152 1648 capta,
1211 1593 1403 1633 omnes
1460 1580 1673 1635 tandem
1725 1597 1757 1638 e
1808 1584 1980 1654 patria
2035 1584 2194 1656 ejecti

613 1678 757 1724 sunt.

2308 570 2563 640 Φοΰερὸς,
2590 569 2664 635 ὡς
2694 568 2855 633 λέων,
2884 573 3091 640 γενήσῃ
3119 571 3234 632 τοῖς
3264 568 3453 647 ἅπασι.

2390 682 2407 714 ι
2438 665 2550 717 Ούκ
2583 662 2825 734 ἐκλείψει
2852 662 3036 732 άρχων
3059 660 3119 726 ἐξ
3156 659 3345 727 Ἰούδα,
3372 660 3469 714 καὶ
3498 660 3809 731 ἡγούμενος
3836 660 3905 712 ὲκ

2307 755 2415 808 τῶν
2448 755 2639 826 μηρῶν
2668 753 2858 818 αὑτοῦ,
2888 754 2993 816 ἕως
3026 751 3092 806 ἂν
3124 751 3253 823 ἔλθῃ
3278 744 3323 819 ᾧ
3350 752 3661 806 ἀπόκειται.
3693 771 3713 804 ι

2391 846 2662 919 ᾮήθησάν
2690 863 2835 909 τινες
2864 846 2963 905 τὰς
2996 846 3332 917 προρρήσεις
3374 843 3580 907 ταύτας
3612 844 3714 897 οὐκ
3745 845 3901 914 είλη-

2308 939 2464 1009 φέναι
2497 939 2595 1010 τὴν
2626 937 2879 1002 ἔκϐασιν,
2913 936 3022 989 ἀπὸ
3066 934 3161 989 τοῦ
3208 937 3302 989 καὶ
3347 936 3447 1006 τὴν
3490 936 3665 1006 φυλὴν
3688 934 3897 1007 ταύτην

2304 1029 2605 1101 γενομένην
2656 1027 2763 1082 ὑπὸ
2791 1026 3152 1091 Βαϐυλωνίοις
3200 1027 3566 1098 αίχμάλωτον,
3600 1026 3701 1099 τὴν
3737 1027 3901 1099 βασι-

2305 1119 2452 1173 λείαν
2481 1117 2778 1173 ἀποϐαλεῖν
2799 1134 2813 1149 ·
2849 1117 2912 1170 ού
2948 1119 3299 1187 προσχόντες,
3330 1117 3412 1170 ὅτι
3458 1118 3557 1170 καὶ
3606 1118 3753 1171 κατά
3793 1118 3897 1181 τὰς

2270 1218 2271 1221 “
2305 1212 2518 1284 ἡμέρας
2547 1211 2763 1273 ὲκείνας
2794 1209 2946 1263 οὐδὲν
2972 1205 3136 1281 ἦττον
3166 1210 3199 1279 ἡ
3232 1208 3374 1281 φυλὴ
3404 1210 3546 1281 αὕτη
3574 1209 3687 1263 τῶν
3714 1209 3895 1264 ἄλλων

2305 1304 2598 1374 καθηγεῖτο
2646 1300 2860 1372 φυλῶν,
2893 1300 3195 1355 ὲπανιοῦσά
3222 1316 3284 1354 τε
3320 1300 3458 1373 πρὸς
3484 1301 3559 1355 τά
3592 1302 3893 1373 Ἱεροσόλυ-

2306 1411 2402 1465 μα,
2437 1391 2537 1464 τῆς
2566 1391 2826 1446 ἐπανόδου
2852 1389 2941 1443 διὰ
2968 1388 3065 1443 τοῦ
3094 1388 3403 1460 Ζοροϐάϐελ
3428 1389 3775 1461 κατάρξασα,
3796 1394 3893 1446 καὶ

2305 1487 2443 1558 μετὰ
2472 1484 2643 1538 ταῦτα
2684 1484 2821 1555 πρὸς
2870 1480 2967 1547 τὰς
3007 1480 3386 1545 Μακεδονικὰς
3415 1482 3642 1551 ἐφόδους
3676 1483 3892 1553 ἡγησα-

2304 1578 2439 1649 μένη
2476 1578 2677 1641 παντὸς
2708 1574 2805 1630 τοῦ
2839 1574 2992 1640 λαοῦ,
3024 1573 3185 1645 ἄχρις
3216 1567 3279 1628 οὗ
3313 1577 3452 1644 μετὰ
3500 1574 3601 1646 τὴν
3648 1574 3747 1629 τοῦ
3780 1576 3891 1631 Σω-

2298 1671 2465 1742 τῆρος
2499 1669 2795 1740 ἐπιδημίαν
2824 1667 2930 1722 ὑπὸ
2967 1665 3257 1735 Ῥωμαίων
3295 1666 3631 1738 αἰχμάλωτοι
3661 1672 3894 1739 γενόμε-

2302 1780 2402 1828 νοι,
2437 1762 2535 1833 τῆς
2562 1765 2665 1833 γῆς
2694 1762 2775 1824 εἰς
2804 1759 2866 1814 τὸ
2892 1758 3157 1820 παντελὲς
3182 1758 3595 1813 ὲκπεπτὼκασι.

683 1850 847 1905 Vsus.
884 1852 969 1906 ll.
995 1870 1013 1903 ι
1044 1851 1240 1921 Ligans
1269 1856 1335 1909 ad
1362 1856 1572 1910 vineam
1610 1846 1811 1928 pullum
1833 1876 2014 1928 suum,
2044 1874 2097 1919 et
2124 1865 2190 1918 ad

2376 1875 2394 1907 ι
2424 1852 2714 1927 Δεσμεύων
2765 1852 2903 1925 πρὸς
2953 1851 3196 1923 ἄμπελον
3226 1852 3317 1906 τὸν
3348 1850 3526 1908 πῶλον
3553 1853 3722 1907 αὑτοῦ
3742 1895 3759 1921 ,
3790 1856 3888 1910 καὶ

613 1942 801 2008 vitem,
829 1959 862 1997 ο
898 1943 971 1997 fili
1004 1945 1096 2005 mi,
1126 1947 1335 1999 asinam
1369 1963 1545 2005 suam.
1579 1967 1598 2001 ι

685 2033 1213 2107 Dicendo'propbeta
1240 2038 1393 2105 illud,
1440 2039 1603 2095 donec
1650 2045 1822 2118 ueniat
1855 2049 1995 2114 quod
2046 2064 2196 2118 repo-

610 2126 893 2191 sitnmest,
941 2141 1249 2182 sermonem
1277 2143 1307 2181 a
1345 2130 1485 2185 tribu
1518 2132 1585 2185 ad
1639 2116 1928 2201 personam
1984 2116 2189 2193 Christi

612 2215 850 2283 deducit,
879 2233 947 2273 ac
990 2218 1186 2275 deinde
1220 2219 1287 2275 de
1312 2220 1429 2290 ipso
1459 2213 1665 2294 reliqua
1708 2226 1870 2298 habet
1927 2245 2051 2299 qua:
2103 2247 2191 2289 se-

611 2317 873 2380 quuntur.
896 2308 1132 2367 Possunt
1156 2314 1377 2383 quidem
1398 2318 1655 2372 crassiori
1674 2320 1883 2376 ratione
1909 2323 1976 2377 de
1995 2334 2190 2381 cuneta

608 2401 751 2456 tribu
777 2399 914 2459 Juda
970 2402 1222 2474 intelligi,
1274 2422 1396 2463 cum
1448 2411 1563 2463 haec
1610 2421 1818 2479 partem
1874 2416 2065 2470 sortita
2118 2418 2193 2474 sit

610 2491 813 2549 vitibus
849 2493 1216 2552 abundantem
1250 2514 1265 2563 ;
1297 2498 1475 2569 reipsa
1511 2510 1692 2567 autem
1740 2505 1807 2558 ad
1855 2506 2190 2566 Salvatorem

610 2593 854 2640 nostrum
882 2585 1154 2645 Christum
1185 2600 1435 2659 spectant
1465 2592 1555 2649 illa
1592 2613 1606 2650 :
1642 2593 1709 2653 Et
1739 2598 1849 2668 ipse
1876 2610 1973 2655 ,εει
2008 2618 2193 2674 exspe-

606 2676 772 2731 ctatio
796 2679 1052 2748 gentium.
1086 2680 1145 2737 In
1168 2680 1283 2751 ipso
1313 2684 1456 2740 enim
1488 2684 1630 2743 faeta
1656 2697 1742 2745 est
1798 2694 2104 2751 communis
2135 2706 2192 2753 et

607 2768 930 2826 universalis
962 2771 1242 2828 hominum
1276 2775 1443 2831 salus.

612 2866 615 2867 '
678 2857 1013 2917 Sermonem
1067 2865 1154 2918 hic
1203 2866 1436 2923 instituit
1489 2870 1559 2925 de
1612 2872 1680 2926 iis
1730 2888 1853 2943 quae
1906 2876 1959 2931 in
2016 2880 2189 2936 sacris

605 2952 919 3021 Evangeliis
967 2958 1244 3013 memoriae
1292 2961 1491 3015 tradita
1550 2974 1699 3019 sunt.
1741 2965 2006 3026 Dominus
2041 2972 2185 3027 enim

606 3054 790 3099 noster
828 3044 987 3102 Jesus
1030 3047 1300 3117 Christus,
1353 3054 1824 3115 demonstraturus
1897 3076 1957 3116 se
2007 3066 2186 3122 crucis

602 3137 924 3208 supplicium
956 3152 1147 3210 sponte
1176 3145 1380 3209 subire,
1415 3148 1516 3205 sub
1550 3149 1747 3208 festum
1773 3152 2074 3222 Paschalis,
2124 3168 2184 3214 ut
2210 3191 2254 3250 ο

603 3230 944 3298 prophetiam
982 3233 1049 3289 de
1092 3250 1151 3288 se
1184 3240 1582 3307 promulgatam
1636 3244 1903 3314 impleret,
1946 3261 2065 3319 quae
2103 3251 2185 3306 di-

603 3322 680 3375 cit
707 3340 722 3377 :
757 3321 839 3378 Ne
866 3325 1075 3393 timeas,
1099 3328 1214 3397 ﬁlia
1246 3327 1395 3396 Sion,
1425 3348 1540 3388 ecce
1567 3333 1683 3390 Rex
1713 3346 1835 3392 tuus
1876 3342 2009 3394 venit
2038 3343 2107 3396 ad
2134 3353 2184 3399 te

594 3412 771 3481 justus
797 3426 844 3469 et
874 3416 1110 3486 solvens,
1142 3420 1251 3490 ipse
1275 3435 1584 3480 mansuetus
1610 3440 1659 3481 et
1690 3427 1921 3486 insidens
1935 3434 2181 3501 jumento

588 3514 645 3560 et
675 3506 824 3576 pullo
847 3507 963 3579 ﬁlio
981 3509 1217 3580 jumenti
1240 3512 1309 3579 ¹⁸,
1350 3514 1627 3573 festinavit
1670 3522 1879 3578 intrare
1920 3523 2181 3583 Hieroso-

595 3597 822 3670 lymam,
872 3601 1104 3674 ideoque
1125 3604 1291 3673 jussit
1320 3609 1588 3677 quosdam
1624 3613 2019 3684 discipulorum
2052 3635 2180 3690 pro-

597 3693 767 3749 ficisci
803 3695 855 3749 in
888 3697 1168 3753 castellum
1194 3702 1340 3771 quod
1368 3716 1399 3756 e
1423 3701 1564 3763 facie
1603 3716 1744 3771 erat,
1779 3708 1960 3778 ibique
1990 3711 2181 3765 inven-

597 3794 709 3839 tum
745 3787 958 3843 asinum
997 3789 1275 3862 alligatum
1306 3807 1429 3848 eum
1460 3794 1606 3865 pullo
1647 3812 1747 3851 suo
1780 3798 1995 3856 solvere
2024 3811 2080 3856 et
2110 3803 2176 3855 ad

595 3892 657 3931 se
688 3878 962 3936 adducere
983 3880 1047 3937 ".
1083 3882 1182 3937 Cui
1226 3883 1493 3950 insidens,
1537 3888 1726 3942 urbem
1778 3890 2090 3960 ingreditur
2120 3903 2179 3947 ut

594 3974 799 4042 caeteri,
836 3990 904 4031 ne
944 3976 1205 4047 singulari
1238 3987 1292 4033 et
1327 3979 1611 4048 splendido
1641 3983 1891 4054 ingressu
1925 4001 2046 4043 eam
2086 4002 2176 4043 ca-

594 4075 748 4133 ptare
779 4068 1073 4133 videretur,
1104 4070 1392 4126 ostendens
1417 4075 1599 4142 potius
1649 4075 1730 4134 sic
1760 4092 1874 4134 rem
1900 4094 2026 4135 vere
2051 4096 2174 4136 sese

594 4157 814 4223 habere,
850 4172 915 4213 ac
946 4158 1230 4216 manifesto
1278 4162 1369 4218 Dei
1398 4168 1699 4235 potentiam
1730 4184 1855 4226 esse
1888 4186 2009 4243 qua:
2057 4174 2172 4229 haec

589 4248 773 4304 omnia
808 4252 873 4304 ad
904 4250 1107 4305 exitum
1138 4253 1472 4324 perduxerit.

666 4441 686 4475 ι
724 4421 951 4479 Lavahit
974 4426 1026 4483 in
1058 4428 1183 4483 vino
1217 4432 1412 4487 stolam
1445 4450 1621 4496 suam.
1660 4459 1678 4493 ι

2296 1952 2361 2021 τῇ
2394 1948 2535 2002 ἕλικι
2562 1947 2654 2001 τδν
2683 1946 2862 2001 πῶλον
2890 1947 2989 2016 τῆς
3017 1946 3140 1999 ὄνου
3175 1945 3361 2001 αὑτοῦ.
3395 1965 3414 1998 s

2364 2038 2550 2093 Εἰπὼν
2564 2055 2628 2107 γε
2652 2036 2758 2110 μὴν
2786 2038 2815 2089 ό
2834 2035 3141 2108 προφήτης,
3158 2035 3270 2103 ἕως
3293 2035 3371 2090 ἂν
3393 2035 3543 2106 ἔλθῃ
3570 2055 3621 2107 φ
3639 2036 3888 2093 ἀπόκειο

2296 2149 2410 2197 ται,
2436 2133 2531 2185 καὶ
2560 2129 2834 2202 μεταστὰς
2862 2127 3009 2193 άπαξ
3035 2127 3144 2185 ἀπὸ
3171 2128 3270 2199 τῆς
3301 2128 3477 2200 φυλῆς
3497 2131 3590 2183 ἐπὶ
3618 2128 3682 2185 τδ
3708 2132 3886 2203 πρόσο

2294 2242 2442 2279 ωπον
2471 2222 2566 2277 τοῦ
2609 2220 2850 2296 Χριστοῦ
2870 2263 2885 2287 ,
2917 2220 3095 2276 πάντα
3128 2220 3317 2274 λοιπὸν
3364 2212 3493 2293 περὶ
3526 2222 3693 2276 αὐτοῦ
3734 2224 3884 2293 λέγει

2293 2318 2362 2372 τὰ
2384 2315 2623 2385 καθεξῆς
2640 2332 2653 2346 ·
2678 2314 2995 2385 δυναμένων
3024 2313 3123 2385 μὲν
3153 2315 3247 2368 καὶ
3276 2314 3455 2369 αὐτῶν
3476 2315 3887 2388 παχυμερέστεο

2297 2426 2389 2482 ρον
2432 2409 2512 2472 είς
2563 2406 2623 2461 τὸ
2668 2406 2849 2461 κοινὸν
2880 2404 3339 2475 ὲκλαμϐἀνεσθαι,
3369 2404 3445 2468 ὡς
3474 2405 3761 2461 πολύοινον
3786 2407 3884 2461 τοῦ

2306 2500 2476 2555 Ἰούδα
2506 2496 3023 2570 κατακληρωθέντος
3057 2497 3280 2568 μερίδα·
3314 2496 3376 2550 τὸ
3398 2496 3454 2550 δὲ
3486 2496 3764 2567 ἀληθινὸν,
3787 2500 3883 2553 ἐπὶ

2291 2590 2675 2662 τοῦΣωτῆρος
2714 2588 2874 2661 ήμῶν
2916 2588 3217 2661 εἰληφότων
3263 2587 3527 2659 Χριστοῦο
3554 2588 3664 2644 Καὶ
3698 2584 3884 2658 οὗτος

2291 2684 2624 2755 προσδοκία
2650 2681 2970 2737 ἑθνῶν.³Εν
3001 2681 3151 2753 αὐτῷ
3182 2680 3292 2754 γὰρ
3336 2684 3369 2754 ἡ
3416 2682 3571 2753 κοινὴ
3605 2683 3703 2738 καὶ
3741 2684 3879 2739 καθ-

2291 2776 2446 2848 ολικὴ
2477 2776 2667 2845 γέγονε
2699 2775 2809 2829 τῶν
2835 2774 3140 2846 ἀνθρώπων
3172 2774 3436 2846 σωτηρία.

2362 2871 2436 2923 Τὸ
2461 2872 2518 2924 ὲν
2548 2871 2661 2933 τοῖς
2682 2869 2862 2937 ἁγίοις
2892 2868 3249 2937 Εύαγγελίεις
3279 2872 3777 2941 ἀναγεγραμμένον
3802 2873 3882 2925 ιν-

2288 2960 2464 3016 ταῦοά
2511 2960 2768 3031 φησιν.’0
2797 2959 2905 3032 γὰρ
2940 2959 3143 3031 Κύριος
3170 2958 3328 3029 ἡμῶν
3362 2958 3573 3029 Ἰησοῦς
3615 2960 3878 3033 Χριστὸς,

2288 3053 2459 3119 δεῖξαι
2488 3053 2740 3124 θελήσας,
2773 3053 2855 3105 ὅτι
2883 3050 2977 3104 τοῦ
3012 3050 3250 3122 σταυροῦ
3274 3050 3335 3104 τὸ
3360 3049 3531 3113 πάθος
3562 3051 3706 3105 ἑκὼν
3737 3053 3879 3107 ὑπο-

2288 3145 2522 3216 δέχεται,
2553 3146 2696 3199 κατὰ
2744 3142 2846 3214 τὴν
2889 3141 3083 3214 ἑορτὴν
3124 3141 3219 3195 τοῦ
3267 3142 3479 3213 Πάσχα,
3511 3142 3738 3215 πληρῶν
3775 3144 3880 3216 τὴν

2287 3238 2372 3307 ἐφ’
2399 3237 2577 3309 ἐαυτῷ
2615 3234 2991 3308 προφητείαν,
3048 3235 3168 3306 τὴν,
3221 3233 3317 3304 Μὴ
3365 3235 3578 3305 φοϐοῦ,
3619 3238 3876 3307 θύγατερ

2285 3329 2459 3392 Σιὼν,
2485 3328 2615 3382 ὶδοὺ
2658 3330 2690 3382 ό
2724 3327 3031 3393 ,βασιλεύς
3072 3340 3188 3381 σου
3230 3325 3467 3396 ἔρχεταί
3509 3343 3607 3381 σοι
3644 3328 3876 3395 δίκαιος

2283 3424 2379 3478 καὶ
2407 3422 2627 3490 σώζων,
2667 3421 2852 3487 αὐτὸς
2873 3418 3062 3489 πρᾶος
3083 3420 3181 3475 καί
3206 3420 3571 3490 ἐπιϐεϐηκὼς
3594 3423 3695 3477 ἐπὶ
3725 3425 3876 3478 ὑποι-

2283 3515 2482 3586 (orior
2527 3513 2630 3569 καὶ
2681 3510 2892 3567 πῶλον
2941 3513 3078 3567 υἱὸν
3114 3511 3466 3583 ὑποζυγίου’
3504 3512 3735 3586 ὥρμησε
3769 3516 3873 3587 μὲν

2281 3607 2455 3663 ἐλθεῖν
2488 3608 2570 3671 είς
2601 3605 2970 3677 Ἰεροσόλυμα,
3004 3603 3214 3659 κελεύει
3244 3605 3302 3659 δέ
3324 3621 3438 3658 τισι
3468 3604 3579 3660 τῶν
3608 3606 3869 3678 μαθητῶν

2280 3700 2535 3756 ἀπελθεῖν
2575 3701 2655 3763 είς
2688 3698 2787 3771 τὴν
2817 3697 3105 3751 κατέναντι
3131 3687 3350 3768 κώμην,
3392 3700 3556 3753 κάκεῐ
3576 3698 3869 3773 δεδεμένην

2279 3794 2399 3850 δνον
2422 3793 2702 3864 εὑρόντας,
2735 3791 2832 3845 καὶ
2864 3790 2957 3845 τὸν
2983 3790 3163 3845 πῶλον
3189 3791 3362 3860 αὐτῆς
3386 3790 3660 3857 λύσαντας
3679 3833 3694 3857 ,
3726 3795 3869 3865 άγα-

2278 3890 2398 3956 γεῖν
2430 3884 2565 3956 πρὸς
2589 3883 2770 3938 αὐτόν.
2800 3882 3108 3947 Καθεσθεὶς
3138 3882 3195 3937 δὲ
3224 3884 3310 3937 ἐπ’
3334 3884 3519 3949 αὐτὸν,
3547 3885 3740 3940 εἴσεισι
3764 3886 3868 3958 μιν

2278 3981 2359 4042 είς
2388 3978 2489 4049 τὴν
2521 3977 2694 4041 πόλιν,
2725 3974 2801 4041 ὡς
2836 3972 2919 4039 εἷς
2943 3975 3053 4029 τῶν
3081 3976 3295 4030 πολλῶν
3316 3994 3329 4006 ο
3363 3976 3447 4031 ἵνα
3485 3978 3561 4049 μὴ
3582 3979 3660 4049 τῷ
3684 3996 3865 4051 παρα-

2277 4069 2413 4140 δόξῳ
2440 4069 2535 4123 καὶ
2560 4066 2799 4140 λαμπρῷ
2824 4066 2925 4137 τῆς
2968 4066 3176 4120 εἰσόδου
3208 4067 3335 4140 δόξῃ
3369 4069 3510 4140 πρὸς
3539 4071 3733 4124 ἑαυτὸν
3760 4073 3862 4125 αὖ..

2275 4163 2373 4235 τὴν
2422 4161 2861 4233 ὲφελκύσασθαι·
2913 4159 2973 4214 τὸ
3023 4159 3080 4213 δὲ
3135 4160 3398 4232 ἀληθείας
3447 4162 3593 4233 ἔχειν
3629 4162 3775 4218 οὕτω
3803 4166 3863 4218 τὸ

2278 4253 2529 4324 πρᾶγμα,
2556 4253 2652 4306 καὶ
2680 4252 2739 4307 τὸ
2778 4251 2930 4307 θείαν
2959 4250 3219 4324 ἄντικρυς
3253 4250 3392 4306 εἶναι
3427 4254 3624 4325 ῥοπὴν,
3648 4255 3749 4326 τὴν
3781 4256 3861 4318 είς

2275 4345 2433 4399 τοῦτο
2470 4345 2669 4409 αὐτοὺς
2700 4345 3145 4415 καταστήσασαν.

2350 4457 2368 4488 ι
2401 4437 2600 4490 Πλυνεί
2629 4438 2686 4490 ὲν
2712 4437 2841 4509 οἴνῳ
2869 4439 2969 4508 τὴν
2997 4437 3190 4507 στολὴν
3220 4435 3411 4493 αὐτοῦ.
3441 4456 3459 4489 ι

660 4513 967 4584 Disciplina:
1021 4532 1182 4574 eausa
1239 4521 1400 4577 faciet
1446 4526 1569 4594 hoc,
1612 4544 1679 4584 eo
1730 4532 1845 4602 ipso
1883 4536 2165 4593 candidior

2342 4526 2455 4597 Τῆς
2482 4527 2830 4591 διδασκαλίας
2853 4528 3133 4582 ἐκάλεσεν.
3152 4525 3538 4598 Ἐξεργάσεται
3560 4525 3575 4579 i
3597 4570 3611 4590 ,
3633 4527 3712 4599 τῷ
3733 4530 3857 4593 τοὺς

589 4604 784 4673 factus,
816 4606 961 4675 quod
988 4618 1216 4665 caeteros
1247 4615 1509 4684 inquinat.
1536 4619 1650 4674 Non
1669 4624 1813 4678 enim
1842 4637 2034 4682 natura
2059 4632 2165 4685 vini

2290 4620 2465 4683 ἱλλους
2491 4618 2796 4689 μολύνοντι,
2818 4619 2993 4690 τούτῳ
3014 4618 3399 4691 λαμπρότερος
3419 4619 3584 4684 αὐτὸς
3604 4620 3859 4675 καθιστά-

588 4698 847 4754 mundare
864 4710 1063 4769 vestes,
1091 4706 1522 4778 sedinquinare;
1554 4717 1834 4783 proprium
1860 4720 2052 4776 mortis
2081 4732 2165 4778 est

2290 4730 2455 4776 ιενος.
2494 4709 2631 4766 Οὔτε
2671 4712 2780 4783 γὰρ
2805 4711 2933 4780 οϊνῳ
2963 4710 3248 4782 καθαίρειν
3276 4711 3472 4781 ἱμάτια
3496 4710 3663 4780 φύσις
3684 4753 3699 4777 ,
3722 4712 3858 4766 άλλὰ

584 4806 679 4844 eos
710 4791 937 4859 perdere
974 4794 1067 4866 qui
1108 4800 1434 4870 moriuntur,
1476 4819 1581 4859 non
1619 4816 1801 4861 autem
1840 4809 2165 4870 illustriores

2290 4807 2555 4862 ιολύνειν·
2592 4806 2688 4858 καὶ
2730 4801 2962 4858 θανάτου
2992 4803 3053 4856 τὸ
3084 4802 3424 4875 διαφθείρειν
3472 4804 3597 4867 τοὺς
3629 4804 3859 4875 άποθνήο

583 4880 817 4939 eilicere.
852 4886 1108 4944 Attamen
1139 4890 1254 4946 haec
1284 4893 1337 4948 in
1376 4894 1597 4953 Christo
1620 4901 1859 4968 perfecta
1891 4915 2038 4971 sunt,
2060 4909 2150 4976 qui

2290 4914 2503 4962 ςκοντας
2553 4895 2704 4959 ἴδιον,
2735 4894 2835 4947 οὐκ
2874 4891 3283 4963 έπιδοξοτέρους
3329 4895 3524 4948 ποιεῖν.
3542 4893 3683 4947 Ἀλλ’
3704 4896 3853 4966 ὅμως

587 4986 705 5044 post
733 4978 1040 5037 triduanam
1090 4996 1344 5055 mortem,
1376 4989 1740 5049 immortalem
1784 5012 2007 5054 carnem
2060 5017 2157 5070 per

2290 4993 2364 5045 ιπὶ
2405 4989 2607 5046 τοῦτο¹ι
2653 4988 2962 5058 γεγένηται,
3002 4985 3139 5057 μετὰ
3173 4985 3263 5038 τὸν
3291 4987 3592 5057 τριήμερόν
3626 4986 3855 5042 θάνατον

582 5074 1039 5131 resurrectionem
1085 5078 1339 5136 obtinuit.
1388 5081 1500 5138 Nec
1560 5085 1834 5145 immerito
1874 5091 2152 5148 confertur

2290 5083 2430 5140 ιύτοῦ
2454 5125 2469 5150 ,
2500 5081 2767 5137 ἀθάνατον
2793 5079 2882 5134 διὰ
2907 5081 3009 5151 τῆς
3033 5076 3385 5159 ἀναστάσεως
3416 5078 3515 5149 τὴν
3546 5079 3728 5151 σάρκα
3761 5099 3854 5139 χο.

587 5162 766 5230 passio
817 5181 939 5221 cum
963 5168 1110 5224 vino.
1146 5170 1373 5228 Voeavit
1421 5176 1586 5232 etiam
1631 5178 1760 5233 illud
1808 5184 2126 5251 sanguinem

2290 5172 2592 5243 ιισαμένου.
2645 5167 2844 5232 Καλῶς
2891 5166 2948 5220 δὲ
2991 5165 3121 5236 οἴνῳ
3170 5166 3501 5237 παρεικάζει
3521 5169 3605 5251 ’τὸ
3654 5169 3850 5234 πάθος,

586 5267 724 5318 ιινίιι,
764 5271 794 5310 a
842 5257 1005 5330 longe
1055 5262 1288 5322 innuens
1333 5268 1620 5338 mysticum
1676 5269 1791 5325 vini
1851 5287 2005 5328 usum
2050 5289 2155 5343 quo

2290 5237 2420 5335 ιῖμα
2440 5259 2719 5330 σταφυλῆς
2744 5258 2908 5313 αὐτὸν
2939 5261 3371 5331 προσηγόρευσε,
3401 5237 3691 5333 πόρρωθεν
3717 5278 3853 5335 προσ

580 5360 723 5402 nunc
746 5346 994 5407 fruimur.

2290 5354 2485 5427 ιηνύων
2533 5353 2632 5424 τὴν
2679 5352 2771 5405 ἐπὶ
2807 5350 2902 5405 τοῦ
2937 5353 3203 5421 μυστικοῦ
3241 5354 3544 5428 μέλλουσαν
3588 5354 3724 5427 ἡμῖν
3771 5354 3852 5413 δι’

2260 5448 2423 5503 αὑτοῦ
2461 5444 2849 5518 παραδίδοσθαι
2880 5450 3099 5519 χροιάν.

655 5560 700 5605 ⁸³
728 5560 956 5619 Zachar.
991 5583 1065 5633 Ix,
1097 5570 1151 5624 9.
1232 5573 1274 5605 "‘
1299 5572 1463 5630 Marc.
1494 5593 1571 5641 χι,
1600 5578 1634 5632 2
1668 5594 1817 5653 seqq.

652 5700 705 5801 1‘
723 5705 1020 5801 Ἑλλειξτξς.
1048 5713 1165 5796 Ἴον.
1198 5713 1254 5765 δὲ
1290 5716 1880 5801 ᾓᾲναγνωστέον-οὖιτωβδ
1912 5720 2075 5801 οξνον,
2106 5726 2204 5801 τῂν
2231 5726 2585 5801 διδασκαλίαν
2626 5729 2900 5783 ἐκάλεσενο
2938 5727 2991 5798 ἦ,
3024 5730 3084 5783 τι
3112 5729 3338 5785 δυνατὸν
3365 5730 3460 5801 τῆς
3492 5729 3845 5796 διδασκαλίας

578 5773 865 5829 ἐκάλεσεν·
895 5778 1245 5851 ἐξεργάσεται
1285 5784 1338 5838 δὲ
1371 5773 1467 5859 tif).
1508 5806 1558 5847 κ.
1598 5773 1723 5845 τςὲξ
1745 5773 2262 5869 ῨΙ-ήλῘσο-έπὶΊτοήιτιρ,
2292 5797 2349 5868 ἢ,
2376 5799 2468 5852 ἐπὶ
2495 5798 2702 5862 τοῦτον.
