4164 6556
356 412 500 485 1661
528 441 545 450 ’

1462 426 1545 487 IN
1583 425 1913 487 GENESIN
1955 424 2437 487 FRAGMENTA.

3494 411 3629 479 1662

444 546 463 579 ε
492 530 790 600 λαροπσιοι
814 527 865 581 al
886 526 1160 599 ὀφθαλμοὶ
1189 535 1356 585 αὐτου
1382 529 1491 584 ἀπὸ
1516 530 1681 599 οίνου,
1714 532 1809 586 καὶ
1831 531 1940 586 λευ-

2112 531 2277 587 Vsus.
2305 530 2393 585 ll.
2429 546 2447 580 ι
2485 527 2892 585 Gratillciocull
2934 524 3053 595 eius
3084 535 3249 595 super
3298 521 3522 585 vinum:
3573 535 3631 581 et

366 624 453 678 κοὶ
484 622 535 675 οί
561 621 775 685 ὀδόντες
806 621 972 676 αὑτοῦ
1002 623 1036 694 ἢ
1062 623 1225 692 γάλα.
1256 641 1276 674 ι
1626 678 1629 681 _

432 713 743 779 Τουτέστιν,
788 713 953 767 οἱονεὶ
982 714 1265 788 κραιπάλῃ
1289 714 1396 769 τινὶ
1442 716 1539 770 καὶ
1577 714 1716 786 μέθῃ
1761 714 1838 787 τῷ
1880 717 1946 770 ὲκ

365 806 459 861 τοῦ
485 805 691 869 πάθους
718 806 875 877 κάρῳ
912 806 1397 877 συγκατασχεθεὶς,
1433 806 1814 879 λαμπρότερος
1845 804 1946 862 αὖ·

365 894 450 957 θις
485 894 928 965 ἐξαναστήσεται.
963 895 1074 948 Καὶ
1102 896 1213 966 γὰρ
1236 896 1646 969 τοιουτότροποι
1674 897 1782 952 τῶν
1808 897 1947 963 ἐξοι-

363 986 624 1055 νωμένων
657 988 706 1039 οἱ
736 986 1007 1058 ὀφθαλμοὶ
1029 1027 1044 1051 ,
1079 987 1158 1059 τῷ
1193 988 1293 1057 μὲν
1321 987 1557 1059 πλείστῳ
1589 990 1947 1060 συμμεμυκό⁴

362 1094 477 1142 τες,
504 1076 598 1131 τοῦ
630 1077 901 1151 βλεφάρου
926 1079 1026 1152 τὴν
1054 1079 1224 1151 κόρην
1254 1078 1739 1143 ὲπικαλύπτοντος,
1773 1080 1945 1150 βραχὺ

364 1168 422 1222 δέ
454 1186 526 1232 τι,
558 1170 651 1222 καὶ
695 1170 825 1223 αὐτὸ
866 1169 1317 1242 καταπληκτικὸν
1371 1170 1770 1241 ὑπανεῳγότες,
1803 1171 1946 1225 κατὰ

364 1262 491 1324 τοὺς
539 1259 756 1330 ὀργίλον
801 1278 854 1315 τι
902 1262 998 1315 καὶ
1046 1261 1246 1333 πικρὸν
1290 1257 1789 1333 ὑποϐλεπομένους.
1835 1262 1946 1316 Καὶ

370 1350 551 1421 μέντοι
580 1352 630 1403 οί
654 1350 865 1415 ὀδόντες
893 1351 1004 1405 τῶν
1041 1351 1321 1417 τοιούτων,
1353 1354 1437 1406 ὅτι
1485 1352 1563 1424 τῷ
1606 1353 1736 1423 οϊνῳ
1783 1369 1944 1424 περι-

375 1438 708 1508 σμηχόμενοι
734 1480 747 1503 ,
774 1438 959 1493 λευκοὶ
987 1440 1400 1512 προφαίνονται,
1430 1441 1539 1496 τῶν
1570 1441 1764 1513 χειλῶν
1793 1458 1949 1514 περι-

369 1530 676 1601 σεσηρότων
700 1530 905 1593 αὐτῶν,
926 1532 1101 1602 πάντη
1127 1530 1288 1591 τοῦτο
1306 1532 1870 1605 κατάδηλον.Ἔλαὸόν
1884 1550 1950 1602 γε

368 1619 477 1690 μὴν
505 1621 603 1691 τὴν
637 1622 737 1691 μὲν
764 1622 873 1674 τῶν
902 1622 1200 1692 ὀφθαλμῶν
1238 1622 1505 1693 κάρωσιν,
1536 1624 1630 1677 ἐπὶ
1660 1623 1758 1678 τοῦ
1789 1623 1954 1678 θανά-

364 1729 480 1778 του,
511 1714 601 1768 διά
629 1713 691 1766 τὸ
720 1716 832 1777 τοῖς
876 1715 1050 1769 ἅπασι
1076 1714 1270 1769 τοῦτον
1316 1715 1574 1786 ἐπίδηλον
1616 1714 1906 1784 γεγονέναι
1934 1733 1948 1746 ο

2050 623 2263 680 candidi
2286 623 2475 677 dentes
2494 618 2612 689 eius
2639 636 2803 691 quam
2833 622 2935 680 lac.
2976 638 2996 672 ι

2096 714 2209 769 Hoc
2238 722 2344 778 est,
2380 722 2640 781 tanquam
2663 711 2885 781 crapula
2911 719 2965 766 et
2990 710 3276 774 ebrietate,
3298 722 3490 763 somno
3511 715 3634 777 post

2048 806 2355 878 passionem
2378 813 2657 876 gravatus,
2682 802 2943 859 illustrior
2970 816 3156 858 rursus
3174 809 3449 873 exsurget.
3470 798 3632 857 Tales

2048 899 2191 955 enim
2225 906 2351 954 sunt
2382 895 2523 952 oculi
2549 896 2847 962 ebriorum,
2903 908 3097 965 magna
3125 908 3197 948 ex
3228 902 3385 965 parte
3431 892 3629 957 clausi,

2026 1012 2029 1017 ι
2067 988 2321 1058 palpebra
2362 986 2577 1057 pulpam
2596 994 2838 1055 tegente,
2863 985 3055 1040 leviter
3081 995 3135 1040 et
3166 984 3305 1039 mire
3334 983 3629 1052 subaperti,

2055 1080 2123 1135 ad
2153 1081 2327 1135 instar
2349 1093 2539 1133 eorum
2568 1077 2764 1147 quibus
2800 1075 3128 1131 iracundum
3153 1090 3216 1131 os
3264 1085 3324 1132 et
3360 1090 3629 1130 amarum.

2055 1171 2297 1237 Quorum
2329 1157 2509 1223 autem
2540 1169 2749 1233 dentes,
2805 1177 2993 1237 utpote
3027 1168 3151 1223 vino
3202 1166 3634 1236 circumquaque

2052 1261 2284 1330 aspersi,
2342 1260 2559 1316 candidi
2607 1260 2886 1325 videntur,
2939 1259 3096 1313 labiis
3157 1272 3346 1312 eorum
3396 1258 3635 1327 undique

2052 1351 2242 1407 lavatis
2273 1365 2290 1405 :
2319 1352 2421 1406 hoc
2469 1351 2695 1407 omnino
2718 1348 3083 1405 manifestum.
3106 1347 3396 1403 Oculorum
3418 1361 3586 1416 grave
3603 1372 3632 1386 -

2049 1445 2231 1500 dinem
2260 1445 2327 1499 de
2369 1454 2541 1498 morte
2571 1442 2774 1498 Christi
2807 1440 3216 1506 intellexerunt,
3257 1438 3381 1508 quia
3417 1436 3534 1492 haec
3565 1436 3636 1491 ab

2050 1536 2304 1592 omnibus
2350 1545 2645 1606 conspecta
2679 1553 2693 1601 ;
2733 1535 3023 1590 candorem
3071 1540 3251 1586 autem
3283 1530 3522 1585 dentium
3569 1530 3636 1583 de

2055 1630 2453 1684 resurrectione
2469 1668 2484 1692 ,
2510 1629 2637 1698 quia
2661 1628 2762 1683 ista
2787 1628 2957 1695 magis
2980 1624 3190 1681 occulta
3214 1623 3635 1695 etpaucioribus

2058 1735 2370 1790 perspicua.

363 1805 462 1877 τήν
496 1807 798 1879 λευκότητα
824 1808 882 1861 δὲ
910 1808 1019 1863 τῶν
1046 1808 1296 1875 ὀδόντων,
1321 1809 1414 1863 ἐπὶ
1436 1812 1537 1882 τῆς
1570 1810 1965 1889 ἀναστάσεωςὶ
1987 1811 2064 1879 ὡς
2129 1814 2338 1885 ταύτης
2386 1816 2445 1868 ὲν
2499 1813 2797 1885 ἀπορρήτῳ
2834 1810 3057 1883 μᾶλλον,
3088 1809 3184 1863 καὶ
3232 1806 3331 1878 οὐχ
3361 1802 3635 1864 ὡσαύτως

362 1899 677 1969 ἀναφανδὸν
693 1901 1001 1971 γεγονυίας.

443 2008 464 2042 ι
497 1990 605 2045 Δάν
637 1995 816 2062 κρινεῖ
840 1994 932 2046 τὸν
967 1992 1096 2048 λαὸν
1126 1992 1293 2048 αὐτοῦ
1320 2035 1336 2061 ,
1377 1993 1511 2048 ὡσεὶ
1550 1995 1646 2050 καὶ
1679 1996 1779 2067 μία
1807 1996 1940 2071 φυλὴ

2128 1996 2292 2053 Vens.
2328 1994 2415 2051 l6.
2462 2015 2482 2049 ι
2513 1994 2911 2065 Daniudicabit
2956 1990 3209 2065 populum
3259 2004 3438 2054 suum,
3491 1988 3633 2045 sicut

362 2082 422 2135 ὲν
449 2081 687 2155 Ἰσραήλ.
726 2101 745 2134 ι

437 2174 548 2245 Τὴν
597 2177 698 2247 τῆς
745 2176 923 2248 φυλῆς
974 2176 1183 2249 ταύτης
1235 2176 1682 2250 ήγεμονίαν,τὴν
1714 2178 1803 2233 διά
1850 2178 1947 2233 τοῦ

363 2261 602 2333 Σαμψὼν
622 2266 955 2336 προμηνύει,
980 2262 1144 2320 τοῦτο
1170 2264 1346 2335 λέγων
1366 2278 1380 2294 ’
1410 2266 1493 2320 ὅτι
1518 2266 1771 2321 τοσοῦτόν
1798 2269 1949 2338 ισχυ-

364 2353 456 2423 ρδς
488 2355 518 2407 ό
548 2355 607 2421 ἐξ
646 2356 816 2427 αὐτῆς
847 2355 1041 2427 κριτὴς
1065 2356 1454 2428 ἀναστήσεται,
1493 2356 1569 2421 ὡς
1597 2356 1708 2412 τῶν
1734 2356 1945 2413 δώδεκα

360 2444 546 2515 φυλῶν
594 2445 834 2511 εὐκόλως
884 2447 1080 2516 οὕτως,
1109 2447 1315 2503 ὡσανεὶ
1365 2448 1461 2503 καὶ
1498 2450 1629 2520 μιᾶς
1682 2448 1946 2521 κατάρξει

360 2535 555 2606 φυλῆς.
1146 2530 1157 2541 ’

437 2643 457 2677 ι
486 2624 596 2678 Καὶ
630 2624 919 2698 γενηθήτω
939 2628 1082 2682 Δάν·
1114 2628 1259 2699 (ἀντὶ
1274 2627 1488 2700 τοῦ,τῷ
1515 2628 1622 2684 Δάν
1643 2628 1947 2703 γενηθήτω)

358 2713 470 2768 Δάν
501 2714 624 2787 δφις
652 2716 739 2786 ἐφ’
766 2715 911 2782 ὀδοῦ,
942 2717 1323 2790 ἐγκαθήμενος
1347 2719 1441 2774 ἐπὶ
1472 2719 1667 2790 τρίϐου
1689 2761 1705 2787 ,
1732 2719 1946 2774 δάκνων

361 2807 603 2881 πτέρναν
632 2808 802 2865 ἵππου
829 2828 842 2843 ·
870 2810 967 2866 καὶ
989 2813 1241 2865 πεσεῖται
1265 2813 1295 2868 ὀ
1324 2811 1523 2875 ἱππεὺς
1547 2814 1629 2878 είς
1653 2810 1723 2868 τὰ
1742 2811 1944 2881 ὀπίσω,

356 2899 459 2971 τὴν
486 2901 763 2972 σωτηρίαν
793 2903 1111 2973 περιμένων
1140 2902 1374 2974 Κυρίου.
1408 2922 1427 2956 ι

430 2990 551 3045 Ἷνα
573 2990 728 3064 εἴπῃ,
757 2993 841 3047 ὅτι
870 2994 1039 3065 ὅνπερ
1089 2994 1295 3065 τρόπον
1337 2993 1465 3064 ὀφις
1494 2995 1581 3065 ἐφ’
1602 2993 1724 3050 ὀδοῦ
1750 3034 1768 3062 ,
1803 3011 1948 3068 παρ-

359 3079 533 3147 ιόντος
566 3082 739 3137 ἵππου
782 3083 884 3155 τὴν
931 3084 1174 3155 πτέρναν
1224 3083 1431 3150 δακὼν,
1459 3083 1521 3150 ἐξ
1566 3084 1817 3157 ἀνάγκης
1849 3084 1947 3140 καὶ

356 3172 452 3227 τὸν
486 3172 854 3245 ὲποχούμενον
884 3175 1363 3246 συγκαταστρέφει
1382 3215 1398 3240 ,
1422 3173 1501 3241 ὡς
1525 3176 1734 3233 ,ἐλπίδα
1767 3195 1947 3249 σωτη-

359 3264 483 3337 ρίας
510 3263 662 3334 αὐτῷ
691 3264 822 3335 μίαν
854 3263 1250 3320 ὑπολείπεσθαι
1283 3265 1453 3337 μόνην
1503 3264 1603 3337 τὴν
1630 3266 1789 3321 θείαν
1818 3267 1946 3338 βοή-

2052 2092 2207 2147 unica
2240 2092 2416 2147 trihus
2443 2090 2495 2143 in
2526 2086 2717 2143 Israel.
2757 2105 2778 2141 ι

2106 2183 2501 2239 Auctoritatem
2539 2181 2700 2252 hujus
2740 2179 2934 2244 tribus,
2967 2178 3096 2234 olim
3142 2192 3238 2248 per
3272 2175 3503 2231 Samson
3528 2173 3628 2227 ob-

2053 2275 2348 2340 tinendam,
2378 2272 2708 2344 praenuntiat
2728 2271 2915 2326 dicens
2944 2287 2979 2325 εκ
3001 2270 3136 2325 adeo
3172 2277 3446 2339 potentem
3481 2263 3630 2334 indi-

2049 2381 2167 2421 cem
2205 2381 2271 2421 ex
2317 2381 2381 2421 ea
2407 2378 2777 2436 egressurum,
2820 2372 2879 2417 ut
2905 2361 3190 2417 duodecim
3222 2358 3471 2415 tribubus
3524 2365 3632 2411 tam

2050 2456 2212 2514 facile
2238 2459 2633 2524 dominaretur,
2663 2456 2820 2527 quasi
2859 2455 2949 2510 uni
2984 2463 3332 2523 tantumprm
3353 2459 3522 2507 esset.

2101 2633 2268 2690 Vens.
2308 2634 2395 2689 l7.
2433 2651 2452 2686 σ
2487 2631 2561 2688 Ει
2616 2631 2713 2687 ﬁat
2762 2633 2876 2689 Dan
2906 2630 3035 2703 (hoc
3058 2636 3143 2687 est
3187 2629 3283 2685 ﬂat
3336 2628 3440 2699 ipsi
3495 2626 3635 2697 Dan)

2049 2742 2275 2795 serpens
2306 2726 2358 2781 in
2388 2725 2498 2789 via.
2547 2725 2744 2782 sedens
2795 2724 2849 2779 in
2894 2723 3120 2789 semita,
3157 2721 3418 2776 mordens
3454 2719 3636 2775 calca-

2050 2834 2207 2873 neum
2259 2822 2408 2887 equi,
2461 2825 2518 2871 et
2574 2816 2733 2871 cadet
2785 2829 2956 2887 eques
3004 2822 3331 2880 retrorsum,
3400 2811 3633 2867 salutem

2047 2896 2368 2981 exspectans
2403 2910 2639 2966 Domini.
2678 2927 2699 2962 ι
2825 2973 2828 2976 ,
3183 2920 3188 2924 ·

2118 3004 2284 3072 Quasi
2314 3003 2479 3068 dicat,
2512 3002 2786 3073 quomodo
2823 3016 3051 3071 serpens
3081 3000 3133 3055 in
3158 2999 3268 3066 via,
3294 2998 3338 3053 si
3400 3006 3626 3068 praeter.

2045 3098 2227 3154 euntis
2276 3098 2427 3166 equi
2489 3095 2806 3164 calcanenm
2872 3091 3244 3156 momorderit,
3288 3088 3529 3160 profectu
3580 3096 3636 3142 et

2048 3188 2223 3256 ipsqu
2246 3186 2484 3255 equitem
2517 3184 2589 3239 ita
2613 3182 2818 3252 deiicit,
2842 3191 2898 3237 ut
2920 3181 3032 3252 iam
3068 3195 3173 3235 non
3219 3179 3324 3233 alia
3361 3179 3461 3246 ipsi
3507 3191 3634 3248 spes

2050 3278 2241 3341 salutis
2282 3276 2624 3347 relinquatur
2654 3283 2854 3344 praeter
2907 3272 3152 3328 divinum
3210 3272 3474 3327 auxilium
3506 3287 3523 3337 ;
3550 3271 3635 3327 sic

355 3354 530 3409 θειαν·
563 3353 706 3408 οὕτω
734 3356 943 3410 καὶτὸν
972 3355 1213 3427 Σαμψὼν
1241 3358 1275 3427 ή
1304 3357 1442 3429 γυνὴ
1476 3356 1681 3428 ῥίψασα
1711 3358 1781 3411 δι’
1803 3358 1940 3412 άπά-

2058 3384 2181 3424 cum
2244 3367 2471 3422 Samson
2510 3366 2705 3422 mulier
2726 3366 2874 3421 dolis
2908 3365 3231 3435 proiecerit,
3262 3381 3365 3418 una
3401 3373 3456 3419 et
3474 3380 3633 3419 ever-

358 3461 494 3516 της,
552 3444 732 3500 πάντα
777 3445 871 3499 τὸν
917 3446 1406 3517 ἐπαναπαυόμενον
1451 3445 1604 3518 αὐτῷ
1654 3464 1937 3517 συγκατα-

357 3536 581 3608 στρέψει
608 3535 768 3590 λαόν·
796 3536 955 3607 ἄχρις
979 3532 1039 3593 οὗ
1066 3538 1232 3593 πάλιν
1258 3538 1361 3609 τῆς
1391 3538 1545 3603 θείας
1578 3538 1756 3609 τυχὼν
1792 3539 1943 3594 ἀντι·

354 3625 594 3697 λήψεως,
627 3626 903 3699 ἀμύνηται
927 3631 1056 3694 τοὺς
1083 3628 1416 3701 ἠδικηκότας
1449 3629 1620 3703 αὐτῷ.
1651 3631 1724 3685 Τὸ
1754 3631 1812 3686 δὲ
1843 3649 1937 3701 γε-

355 3715 655 3788 νησόμενον
705 3718 764 3771 ὲν
816 3717 1205 3789 προστακτικῷ
1240 3721 1481 3791 σχήματι
1539 3723 1939 3793 προεφήτευσε,

355 3809 697 3876 Γενηθήτω,
729 3808 926 3879 λέγων,
962 3808 1043 3876 τῷ
1088 3809 1211 3865 Δὰν
1242 3811 1397 3881 ὄφις,
1426 3810 1503 3876 ὡς
1552 3811 1614 3866 τὸ
1660 3811 1815 3882 παρά
1861 3813 1940 3883 τῷ

354 3899 633 3973 προφήτῃ,
662 3899 933 3969 ἐκλείψει
964 3900 1258 3956 ἐκλιπέτω
1291 3903 1331 3972 ἠ
1360 3901 1437 3972 γῆ
1461 3902 1581 3957 ἀπὸ
1611 3902 1941 3972 προσώπου

355 3992 599 4059 Κυρίου.
632 3990 919 4065 Εὐκαίρως
949 3992 1009 4047 δὲ
1033 3993 1110 4064 τῷ
1139 3993 1262 4063 ὕφει
1295 3992 1396 4058 τὴν
1434 3994 1525 4048 διὰ
1551 3995 1648 4065 τῆς
1682 3996 1941 4065 γυναικὸς

353 4084 571 4155 ἀπάτην
603 4083 905 4141 ἀπείκασεν
928 4101 943 4117 ·
974 4085 1166 4158 ἐπειδὴ
1211 4086 1305 4141 καὶ
1345 4087 1438 4141 τὸν
1472 4086 1645 4159 Ἀδὰμ
1672 4089 1939 4161 πρότερον

351 4175 437 4229 διὰ
461 4177 561 4247 τῆς
592 4178 853 4245 γυναικὸς
886 4179 915 4231 ὀ
947 4178 1111 4243 αὐτὸς
1140 4179 1579 4251 παρεκρούσατο.

428 4286 447 4320 ι
480 4269 739 4340 Βενιαμὶν
763 4269 927 4335 λύκος
952 4270 1157 4344 ἅρπαξο
1183 4272 1245 4326 τὸ
1262 4272 1500 4345 πρωῖνδν
1524 4273 1703 4328 ἔδεται
1716 4273 1820 4340 ἔτι,
1845 4275 1939 4329 καὶ

352 4361 433 4423 είς
464 4360 526 4415 τὸ
563 4361 807 4433 ἑσπέρας
832 4361 1084 4416 διαδώσει
1115 4365 1349 4435 τροφήν.
1380 4382 1399 4414 ι

423 4453 536 4505 Οὐκ
564 4453 745 4521 ἀγνοῶ
779 4454 900 4524 μὲν,
933 4454 1016 4508 ὅτι
1050 4454 1211 4509 τοῦτό
1231 4473 1378 4521 τινες
1410 4457 1492 4522 εἰς
1519 4457 1612 4512 τὸν
1641 4458 1940 4513 ἀπόστολον

352 4544 587 4610 Παῦλον,
616 4545 692 4608 ὡς
737 4547 838 4616 τῆς
891 4545 1065 4617 φυλῆς
1097 4547 1227 4602 δντα
1272 4550 1554 4621 Βενιαμὶν,
1590 4551 1934 4623 ὲξειλήφασι,

351 4639 446 4692 καὶ
486 4638 585 4691 οὐκ
614 4637 827 4704 ἀφυῶς,
861 4639 971 4693 οὐδ’
991 4639 1519 4713 ἀλλοτρίως.’⁸ομως
1549 4639 1702 4715 οἶμαι
1737 4643 1939 4715 μᾶλλον

2042 3469 2120 3516 tet
2143 3470 2308 3516 totam
2334 3452 2546 3530 gentem
2572 3473 2733 3527 quam
2766 3455 3092 3523 sustinebat,
3134 3458 3307 3512 donec
3332 3456 3439 3522 ille,
3473 3472 3633 3512 recu-

2042 3562 2229 3624 perato
2256 3552 2344 3607 Dei
2376 3551 2652 3622 praesidio,
2700 3548 2952 3611 inimicos
2974 3564 3104 3606 suos
3144 3550 3458 3606 ulciscatur.
3487 3548 3632 3605 Ven-

2043 3659 2162 3702 tura
2189 3656 2370 3701 autem
2409 3643 2727 3713 imperativo
2761 3647 2922 3697 modo
2950 3642 3295 3713 przeuuntiat.
3324 3639 3449 3695 Fiat
3471 3681 3488 3707 ,
3530 3642 3629 3706 air,

2040 3740 2144 3809 ipsi
2178 3738 2295 3793 Dan
2331 3751 2540 3805 serpens
2569 3751 2589 3800 ,'
2617 3735 2694 3789 uti
2732 3735 2784 3789 in
2814 3733 2907 3789 illo
2940 3733 3214 3804 prophetae
3270 3753 3285 3791 ;
3326 3732 3629 3804 Defectione

2041 3832 2253 3903 deﬁciat
2302 3839 2444 3884 terra
2488 3845 2520 3883 a
2566 3828 2704 3897 facie
2758 3827 2972 3883 Domini
3023 3828 3093 3882 ὀ.
3146 3826 3298 3881 llaud
3356 3827 3628 3882 immerito

2043 3935 2220 3981 autem
2251 3938 2376 3979 cum
2422 3930 2673 3995 serpente
2698 3918 2981 3976 confertur
3011 3918 3255 3974 mulieris
3288 3917 3463 3986 dolus,
3498 3932 3624 3973 cum

2043 4030 2266 4090 serpens
2291 4014 2423 4069 olim
2475 4013 2648 4067 Adam
2697 4026 2795 4084 per
2822 4009 3107 4064 mulierem
3140 4008 3441 4079 deceperit.

2096 4274 2257 4331 Vens.
2285 4273 2376 4332 27.
2411 4291 2429 4325 ι
2464 4270 2747 4342 Beniamin
2778 4269 2934 4340 lupus
2981 4281 3148 4338 rapax
3180 4285 3194 4324 :
3244 4282 3403 4323 mane
3432 4282 3622 4325 come-

2042 4373 2131 4424 det
2156 4369 2352 4432 adhuc,
2397 4376 2457 4421 et
2475 4366 2539 4419 ad
2562 4370 2841 4433 vesperam
2857 4361 3003 4417 dabit
3023 4375 3228 4416 escam.
3254 4377 3273 4412 ι

2112 4459 2228 4514 Non
2251 4460 2440 4529 ignoro
2462 4457 2679 4528 quidem
2707 4458 2822 4510 haec
2854 4469 2884 4507 a
2916 4450 3192 4507 nonnullis
3214 4451 3280 4505 ad
3310 4450 3614 4521 apostolum

2040 4553 2503 4622 Paulum,utpote
2545 4564 2609 4604 ex
2657 4547 2797 4603 tribu
2827 4542 3113 4615 Beniamin
3160 4550 3360 4607 ortum,
3403 4541 3618 4605 referri,

2042 4661 2142 4704 nec
2178 4648 2379 4714 inepte,
2418 4656 2519 4697 nec
2541 4643 2797 4713 gratuito.
2822 4640 3079 4692 Attamen
3106 4643 3236 4704 puto
3259 4635 3460 4688 rectius
3482 4633 3622 4689 hanc

347 4730 679 4801 οἰκειότερον
727 4730 827 4800 τὴν
871 4732 1179 4804 πρόρρησιν
1206 4735 1285 4798 είς
1314 4737 1499 4790 πᾶσαν
1543 4736 1744 4790 τείνειν
1777 4738 1929 4808 κοινῇ

2043 4736 2377 4810 prophetiam
2412 4732 2480 4788 de
2502 4741 2612 4787 tota
2636 4738 2796 4801 gente
2825 4729 3190 4783 communiter
3212 4722 3617 4792 intelligi.Audi
3684 4756 3687 4759 -

347 4823 451 4893 τὴν
494 4822 689 4895 φυλήν.
724 4825 803 4895 Τῇ
855 4826 965 4898 γὰρ
998 4826 1139 4899 φυλῇ
1170 4827 1345 4903 ταύτῃ
1376 4829 1619 4883 τοιοῦτόν
1649 4846 1706 4883 τι
1742 4828 1933 4897 γέγονε

351 4914 493 4985 μετά
532 4916 595 4969 τὸ
638 4918 737 4989 τὴν
767 4919 871 4989 γῆν
919 4919 1021 4991 τῆς
1060 4920 1395 4991 ἐπαγγελίας
1422 4922 1607 4977 λαϐεῖν
1640 4921 1731 4974 τὸν
1764 4919 1893 4973 λαόν
1914 4936 1929 4953 ο

346 5008 445 5071 Et;
481 5008 836 5083 Σοδομιτικὴν
864 5008 1019 5079 οὗτος
1052 5016 1082 5068 ό
1113 5015 1376 5086 Βενιαμὶν
1425 5014 1585 5086 ὓϐριν
1622 5011 1929 5079 ἐξώκειλεν.

346 5097 513 5153 Ὥστε
541 5100 769 5154 Λευΐτου
794 5104 924 5156 ποτέ
950 5120 1095 5171 τινος
1116 5106 1233 5177 ἅμα
1253 5110 1321 5180 τῇ
1348 5105 1519 5161 αὐτοῦ
1548 5106 1770 5176 γυναικὶ
1790 5105 1933 5160 κατά

340 5195 446 5265 τὴν
475 5194 711 5265 πάροδον
745 5196 822 5260 είς
852 5198 1039 5253 Γαὸαά
1066 5200 1166 5272 τὴν
1196 5202 1353 5256 πόλιν
1380 5201 1546 5257 αὐτοῦ
1586 5200 1931 5256 καταλύσαν-

260 5358 265 5363 _
340 5304 456 5352 τος,
491 5287 788 5355 ὑπεδέξατο
829 5290 993 5345 αὐτὸν
1024 5292 1144 5346 οὐδὲ
1170 5288 1252 5358 εἷς
1286 5294 1345 5361 ἐξ
1372 5293 1575 5348 αὐτῶν.
1611 5293 1929 5366 Πρεσϐύτου

340 5379 398 5434 δέ
429 5396 579 5446 τινος
606 5383 673 5437 ὲκ
698 5383 797 5452 τῆς
833 5382 1077 5455 Ἐφραίμ
1109 5385 1283 5456 φυλῆς
1304 5386 1703 5460 παροικοῦντος
1723 5388 1926 5452 αὐτοῖς,

341 5472 402 5523 ὲν
429 5474 495 5543 τῇ
527 5473 763 5545 πλατείᾳ
796 5477 1179 5549 περιτυχόντος
1212 5478 1382 5550 αὐτῷ,
1415 5480 1511 5533 καὶ
1557 5478 1741 5534 οἴκαδε
1770 5478 1929 5531 αὐτὸν

341 5566 422 5628 εἰς
449 5566 643 5620 ἑαυτὸν
676 5568 1166 5642 εἰσκαλεσαμένου,
1199 5573 1554 5643 περιστάντες
1589 5574 1640 5626 οἱ
1670 5573 1801 5644 περὶ
1834 5572 1931 5625 Βε-

346 5657 530 5726 νιαμὶν
557 5657 620 5711 τὺ
657 5659 952 5731 δωμάτιον,
987 5663 1126 5733 πρὸς
1158 5663 1277 5734 βίαν
1306 5664 1531 5738 ἐζήτουν
1560 5666 1697 5738 πρὸς
1733 5683 1930 5739 παροι-

418 5814 462 5847 ¹⁰
496 5812 735 5882 St‘vpjlun.
764 5833 803 5884 I,
830 5817 886 5873 ‘2.

2035 4831 2181 4886 enim
2200 4827 2330 4897 quid
2353 4825 2455 4897 ipsi
2474 4824 2754 4889 acciderit,
2779 4831 3040 4892 occupata
3063 4821 3171 4888 iam
3200 4834 3229 4872 a
3246 4815 3444 4887 populo
3474 4824 3615 4869 terra

2035 4920 2430 4993 promissionis.
2463 4916 2721 4987 Delapsus
2751 4922 2834 4969 est
2868 4915 2954 4968 hic
2973 4910 3253 4979 Beniamin
3277 4911 3330 4963 in
3356 4905 3609 4963 Sodomi-

2037 5024 2215 5068 tarum
2247 5009 2716 5065 inhumanitatem.
2748 5005 2846 5060 Vir
2870 5006 3013 5060 enim
3043 5002 3231 5058 Levita
3258 5010 3316 5056 et
3335 5012 3473 5054 uxor
3494 4997 3614 5067 eius

2034 5108 2138 5163 iter
2170 5104 2433 5160 facientes
2461 5102 2794 5157 advenerant
2831 5099 2883 5153 in
2904 5092 3101 5152 'urhem
3128 5095 3337 5162 Gabaa,
3364 5101 3419 5149 et
3453 5105 3615 5146 nemo

2033 5209 2151 5258 erat
2180 5198 2271 5269 qui
2303 5211 2399 5252 eos
2426 5192 2660 5263 hospitio
2692 5190 2921 5245 foveret.
2952 5189 3092 5244 Ecce
3128 5198 3307 5243 autem
3340 5184 3422 5239 vir
3446 5197 3612 5238 senex

2032 5294 2097 5349 de
2126 5286 2553 5360 tribuEphraim
2580 5284 2670 5355 qui
2706 5283 2761 5339 in
2794 5280 2976 5338 Gabaa
3004 5279 3292 5345 incolebat,
3337 5277 3466 5332 vidit
3487 5290 3610 5330 eum

2035 5387 2086 5442 in
2113 5385 2288 5456 platea
2340 5390 2683 5446 manentem,
2721 5385 2776 5433 et
2803 5372 3116 5431 introduxit
3142 5387 3264 5427 eum
3311 5371 3367 5425 in
3389 5370 3607 5423 domum

2032 5494 2185 5534 suam
2223 5494 2239 5545 ;
2274 5485 2331 5531 at
2356 5474 2451 5530 lilii
2482 5471 2761 5541 Beniamin
2795 5470 3017 5523 domum
3041 5466 3466 5525 circumeuntes,
3508 5457 3609 5514 hn-

2034 5573 2235 5627 ntinem
2274 5569 2342 5624 ad
2392 5568 2499 5621 vim
2563 5576 2617 5619 et
2663 5560 3028 5631 petulantiam
3091 5556 3440 5628 rcpetierunt.
3493 5547 3592 5603 Hic

2038 5678 2162 5720 cum
2209 5658 2426 5717 tandem
2457 5654 2781 5714 necessitate
2809 5665 3099 5725 Oppressus
3126 5649 3204 5705 eis
3238 5657 3459 5702 uxorem
3488 5640 3609 5697 loco
