4164 6550
591 396 725 467 [€63

1681 396 2060 459 GENNADII
2099 393 2609 456 PA'I‘RIARCH/E
2647 394 2757 453 ΟΡ.

3726 386 3874 452 1664

590 519 667 573 sui
718 514 1053 581 tradidisset,
1107 521 1330 582 accepta
1383 510 1459 565 illl
1493 510 1548 565 in
1590 509 1905 565 muliercula
1966 521 2173 565 tantum

2284 509 2398 564 νίαν
2428 509 2521 562 τὸν
2547 506 2858 577 ἄνθρωπον.
2882 503 2989 558 To?)
3011 504 3069 557 δὲ
3092 501 3237 558 κατὰ
3263 501 3463 572 πολλην
3486 501 3739 574 ἀνάγκην
3762 506 3873 573 τὴν

591 607 899 669 .lluserunt,
922 620 1095 674 eaque
1124 613 1340 659 tantum
1373 612 1503 657 sunt
1528 601 1704 666 abusi,
1731 612 1792 656 ut
1827 604 1909 658 vel
1940 615 2068 659 ante
2088 604 2172 659 di-

590 695 824 749 mculum
874 694 1148 750 deﬁceret.
1176 693 1428 762 Suscepit
1472 692 1637 761 igitur
1666 708 1826 749 mane
1874 695 2174 749 deumrtuze

592 786 835 841 mulieris
862 801 1086 856 corpus,
1127 785 1366 855 illudque
1402 783 1456 837 in
1486 782 1706 838 domum
1760 799 1915 840 suam
1959 783 2175 839 reduxit

592 877 799 944 Levita,
832 892 898 933 ac
917 878 1039 932 dein
1059 878 1299 947 partitus
1329 885 1413 931 est
1443 892 1565 931 eam
1602 879 1653 931 in
1697 876 1979 932 duodecim
2006 890 2176 931 mem-

593 980 711 1035 bra,
741 978 798 1025 et
829 970 1012 1025 missis
1039 969 1146 1024 illis
1176 970 1241 1023 ad
1269 983 1461 1024 omnes
1505 970 1701 1031 tribus,
1732 969 1951 1023 cunctis
1990 969 2065 1022 ita
2096 967 2177 1022 l‘a-

592 1064 750 1119 cinus
775 1063 1053 1119 revelavit.
1084 1063 1199 1130 Qua
1223 1062 1289 1115 de
1319 1078 1483 1117 causa
1509 1062 1708 1118 bellqu
1734 1061 1875 1115 inter
1894 1058 2175 1127 Benjamin

593 1165 648 1209 et
677 1154 915 1224 reliquos
945 1164 1162 1209 ortum.
1218 1154 1401 1208 Prima
1448 1155 1663 1223 quidem
1706 1142 1761 1207 et
1793 1155 2028 1207 secunda
2062 1151 2180 1207 acie

595 1246 845 1316 superior
874 1247 1085 1301 exstitit
1113 1246 1423 1316 Beniamin,
1474 1256 1530 1300 et
1573 1246 1893 1300 occiderunt
1945 1245 2181 1313 quadra-

593 1337 747 1406 ginta
779 1335 945 1391 millia
979 1337 1218 1391 virorum
1249 1352 1313 1390 ex
1349 1335 1537 1392 Israel.
1566 1337 1635 1390 At
1664 1345 1941 1404 postremo
1972 1335 2174 1401 victus,

598 1437 807 1483 tantam
851 1427 1063 1484 cladem
1122 1429 1350 1498 accepit,
1421 1440 1482 1483 ut
1534 1442 1705 1497 prope
1756 1437 1900 1482 totus
1949 1428 2178 1497 periret.

599 1518 962 1591 Superstitum
986 1531 1161 1593 autem
1193 1520 1438 1590 plerique
1465 1534 1661 1575 uxores
1687 1518 1788 1575 sibi
1838 1518 1907 1573 de
1935 1518 2182 1574 ﬁnitimis

2274 600 2521 670 γαμετὴν
2566 600 2751 672 αὐτοῖς
2793 596 2909 652 ἀνθ’
2933 594 3131 650 ἑαυτοῦ
3182 594 3515 665 προϊεμένου
3542 633 3558 658 ,
3604 593 3875 660 λαϐόντες

2275 694 2475 746 ἐκεῖνοι
2523 689 2586 743 τὸ
2618 689 2868 759 γύναιον,
2902 688 2982 751 εἰς
3007 685 3268 740 τοσοῦτον
3302 684 3671 756 ἐμπαίξαντες
3716 687 3878 758 αὐτῷ

2276 784 2715 855 παρεχρήσαντο,
2749 782 2824 846 ὡς
2857 780 2936 850 μὴ
2970 778 3273 850 δυνηθῆναι
3317 777 3469 849 αύτῷ
3500 778 3637 849 μηδὲ
3668 783 3875 851 μέχρις

2276 878 2453 948 αὐγῆς
2504 871 3192 947 έξαρκέσαι.Ἀνελόμενος
3241 866 3338 926 οὖν
3381 873 3410 925 ὁ
3464 872 3703 943 Δευῖτης
3736 872 3875 939 μεθ’

2278 970 2489 1041 ἡμέραν
2532 968 2725 1037 νεκρὸν
2773 965 2870 1020 τοῦ
2919 962 3148 1035 γυναίου
3181 963 3244 1017 τὸ
3275 962 3438 1034 σῶμα
3460 1005 3475 1028 ,
3506 966 3601 1017 καὶ
3630 965 3875 1035 κομίσας

2277 1063 2359 1125 είς
2385 1060 2477 1115 τὸν
2502 1056 2651 1115 οἶκον
2679 1059 2773 1114 τὸν
2802 1056 3019 1122 ἑαυτοῦ,
3046 1055 3247 1128 διαιρεῖ
3282 1055 3383 1127 μὲν
3404 1058 3485 1121 είς
3504 1056 3718 1111 δώδεκα
3745 1057 3875 1128 μοί-

2281 1171 2384 1225 ρας
2409 1154 2563 1219 αὐτὸ,
2596 1154 2726 1224 μίαν
2746 1152 2805 1207 δὲ
2832 1150 2977 1205 κατὰ
3008 1150 3182 1221 φυλὴν
3213 1149 3454 1221 ἑκάστην
3473 1150 3874 1220 διαπεμψάμε-

2280 1264 2368 1310 νος
2390 1286 2407 1310 ,
2438 1245 2583 1300 οὕτω
2619 1246 2752 1299 πᾶσι
2779 1243 2841 1297 τδ
2867 1243 3141 1315 τολμηθὲν
3167 1242 3535 1312 ἐφανέρωσεν.
3556 1241 3680 1294 Ἐπὶ
3712 1240 3875 1294 τοῦτο

2282 1339 2419 1409 πρὸς
2439 1339 2531 1392 τὸν
2559 1339 2825 1417 Βενιαμὶν
2854 1340 2967 1398 τοῖς
2996 1336 3206 1399 λοιποῖς
3238 1335 3448 1404 γίνεται
3474 1335 3734 1405 πόλεμος.
3762 1336 3878 1389 Καὶ

2283 1431 2555 1502 προτέραν
2587 1430 2690 1500 μὲν
2718 1429 2817 1484 atati
2854 1429 3116 1500 δευτέραν
3146 1430 3177 1483 ὁ
3202 1428 3462 1498 Βενιαμὶν
3505 1428 3690 1500 μάχην
3719 1429 3872 1498 νικᾷ,

2284 1525 2380 1578 καὶ
2408 1523 2652 1594 χιλιάδας
2684 1524 2766 1587 είς
2791 1522 3217 1593 τεσσαράκοντα
3242 1519 3338 1575 τοῦ
3374 1520 3589 1592 Ἰσραὴλ
3621 1521 3875 1590 διαφθεί-

600 1621 916 1680 rapuerunt,
948 1612 1206 1681 quoniam
1242 1610 1525 1680 juraverat
1557 1611 1789 1679 populus
1820 1610 2089 1665 neminem
2125 1624 2180 1664 se

2288 1633 2390 1688 ρει.
2424 1615 2731 1688 Συμπεσὼν
2768 1614 2825 1669 δὲ
2858 1615 2961 1686 τὴν
2995 1616 3254 1687 ὑστέραν,
3280 1615 3511 1685 ἡττᾶται
3532 1614 3724 1677 δεινῶς
3746 1630 3762 1643 ο
3795 1615 3878 1679 ὡς

599 1719 722 1758 cum
759 1704 869 1759 eis
923 1703 1155 1759 libenter
1209 1704 1557 1758 matrimonio
1636 1707 2055 1776 coujuncturum
2096 1703 2180 1758 ¹¹.

2288 1708 2489 1779 μικροῦ
2533 1709 2632 1779 μὲν
2676 1708 2774 1775 καὶ
2821 1707 3171 1761 κινδυνεῦσαι
3218 1706 3500 1769 παντελῶς
3542 1706 3643 1778 τὴν
3696 1706 3875 1778 φυλὴν

598 1794 733 1861 Quae
757 1796 940 1850 omnia
975 1796 1077 1851 hoc
1106 1811 1261 1850 versu
1281 1796 1673 1865 praedicuntur,
1699 1807 1752 1851 et
1788 1796 1964 1852 (τάξεως
1989 1796 2180 1865 Benja-

2288 1802 2634 1872 ὲκτρισῆναι,
2673 1800 2780 1855 τῶν
2812 1798 3276 1871 περιλειφθέντων
3301 1799 3359 1853 δέ
3381 1815 3446 1867 γε
3468 1800 3593 1863 τοὺς
3620 1800 3877 1862 πλείονας

598 1885 712 1939 min
742 1884 912 1952 furor,
938 1895 993 1941 et
1022 1887 1219 1956 duplex
1251 1887 1477 1942 victoria
1514 1887 1660 1959 (nam
1691 1888 1949 1954 comedet,
1988 1890 2088 1952 ait,
2129 1897 2180 1943 et

2290 1866 2723 1963 ἁρπασαμένους
2757 1866 2971 1956 ἑαυτοῖς
3023 1866 3088 1946 six
3129 1890 3241 1945 τῶν
3295 1866 3575 1961 συγγενῶν
3600 1892 3877 1956 νεάνιδας,

598 1976 816 2044 quidem
848 1977 953 2041 bis,
981 1978 1058 2033 uti
1089 1979 1261 2033 innuit
1293 1979 1471 2033 addita
1510 1995 1642 2035 voce
1672 1982 1909 2049 adhuc),
1982 1992 2036 2039 et
2065 1984 2180 2052 ipse

2290 1987 2372 2048 εἰς
2398 1986 2664 2057 γυναῖκας
2694 1984 2902 2048 λαϐεῖν,
2937 1983 3029 2038 διὰ
3057 1984 3118 2037 τὸ
3148 1985 3605 2055 προομωμοκέναι
3636 1983 3731 2037 τὸν
3750 1983 3880 2036 λαὸν

602 2066 818 2122 tandem
848 2070 1062 2125 caeteris
1114 2085 1238 2126 esca
1264 2069 1464 2128 factus.
1499 2070 1735 2128 Possunt
1806 2075 1968 2128 etiam
2024 2075 2180 2131 aliter

2289 2077 2515 2141 ἑκόντας
2545 2075 2727 2130 αὐτῶν
2761 2074 3315 2147 ὲπιγαμὸρεύσασθαι
3344 2073 3763 2146 μηδενί.Ταῦτα
3781 2070 3878 2129 οὖν

600 2158 717 2211 haec
745 2158 814 2213 de
844 2157 1120 2226 Benjamin
1152 2159 1399 2231 intelligi,
1422 2165 1568 2233 quod
1594 2164 1681 2219 hic
1717 2166 1907 2219 eadem
1943 2181 2009 2221 ac
2030 2163 2170 2222 Juda

2288 2167 2510 2222 ἃπασαν
2531 2168 2591 2221 ἐν
2617 2165 2830 2228 τούτοις
2857 2164 3024 2220 αὐτοῦ
3044 2165 3351 2236 προμηνύει
3373 2166 3472 2235 τὴν
3496 2165 3876 2236 περιπέτειαν,

600 2247 711 2300 fata
739 2248 1054 2318 contigerit.
1104 2248 1260 2305 Unde
1291 2251 1474 2306 hostes
1493 2268 1656 2323 quam
1700 2252 1997 2321 saepissime
2026 2256 2178 2320 vicit,

2285 2258 2369 2310 ὅτι
2411 2256 2481 2309 τὰ
2513 2254 2612 2325 μὲν
2646 2254 2840 2326 πρῶτα
2879 2254 2975 2309 καὶ
3025 2252 3330 2322 ἀλογίστως
3371 2256 3400 2307 ὁ
3423 2252 3683 2321 Βενιαμὶν
3720 2250 3879 2324 ἐξορ-

600 2340 674 2392 ita
701 2349 762 2392 ut
802 2339 886 2394 vel
942 2356 1010 2395 ex
1052 2340 1240 2411 spoliis
1294 2344 1631 2409 ditesceret;
1684 2352 1742 2399 at
1786 2355 1906 2415 post
1958 2345 2176 2415 longum

2293 2347 2491 2417 μήσας,
2518 2346 2619 2415 οὐχ
2666 2344 2817 2409 ἅπαξ
2854 2345 3040 2415 μόνον,
3063 2343 3199 2398 ἀλλὰ
3231 2343 3327 2397 καὶ
3371 2343 3455 2406 δὶς
3505 2341 3878 2409 ἑπιτεύξεται.

601 2441 833 2501 tempus,
870 2436 939 2487 ad
966 2448 1220 2489 occasum
1259 2432 1499 2491 Judaicm
1535 2435 1787 2505 fortumc,
1828 2438 1897 2492 ab
1929 2437 2175 2494 hostibus

2292 2436 2549 2506 Θηράσει
2581 2439 2709 2507 γὰρ,
2737 2436 2870 2508 φησί
2894 2451 2907 2466 ⁶
2934 2438 3029 2491 καὶ⁹
3057 2435 3174 2501 τοῦ,
3203 2435 3313 2499 ἔτι,
3340 2436 3374 2505 ἡ
3396 2435 3689 2506 προσθήκη
3718 2433 3883 2488 τοῦτο

598 2522 817 2577 demum
847 2523 1021 2579 victus
1047 2537 1152 2581 ρει.
2289 2529 2736 2601 παρασημαίνειο
2787 2522 3098 2583 τελευταῖον
3133 2528 3191 2582 δὲ
3222 2528 3325 2599 ἢδη
3358 2528 3532 2599 τροφὴ
3587 2529 3881 2598 γενήσεται

598 2614 761 2669 πάλιν
810 2615 1019 2688 ἑτέροις
1073 2620 1256 2685 αὑτός.
1305 2621 1545 2675 Δύναται
1594 2620 1781 2692 μέντοι
1828 2625 1925 2676 καὶ
1973 2621 2179 2693 ἑτέρως
2217 2622 2359 2678 αὐτὰ
2390 2622 2566 2677 ταῦτα
2629 2640 2748 2687 πως
2780 2622 2875 2677 τοῦ
2902 2621 3161 2692 Βενιαμὶν
3220 2620 3585 2692 έκληφθῆναι,
3610 2620 3783 2674 διὰτὸ
3809 2623 3878 2691 τῇ

596 2708 693 2762 τοῦ
736 2710 906 2764 Ἰούδα
954 2713 1440 2786 ωγκεκληρῶσθαι
1478 2714 1573 2768 καὶ
1605 2716 1707 2787 τὴν
1740 2714 1933 2769 τούτου
1963 2714 2135 2784 φυλήν
2157 2730 2172 2745 ·
2204 2716 2299 2769 καὶ
2330 2716 2490 2788 νικᾷν
2526 2716 2625 2787 μὲν
2656 2716 2735 2780 ὡς
2766 2716 2861 2769 ἐπὶ
2899 2716 2961 2769 τὸ
2990 2714 3241 2769 πλεῖστον
3265 2714 3391 2778 τοὺς
3432 2714 3758 2786 πολεμίους,
3801 2714 3879 2777 ὡς

598 2807 695 2860 καὶ
724 2808 863 2861 κατὰ
888 2812 1208 2878 περιουσίαν
1236 2811 1487 2866 πλουτεῖν
1532 2812 1641 2865 ἀπὸ
1684 2812 1794 2866 τῶν
1839 2812 2053 2867 σκύλων
2081 2810 2298 2867 αὐτῶνθ
2327 2812 2428 2882 ὀψὲ
2488 2812 2548 2868 δέ
2575 2829 2707 2867 ποτε
2768 2812 2863 2867 τοῦ
2892 2812 3118 2884 καιροῦ,
3142 2881 3153 2891 _
3186 2813 3282 2866 καὶ
3342 2810 3481 2882 πρὸς
3511 2811 3753 2885 ἑσπέραν
3778 2811 3880 2863 αύ-

600 2900 701 2974 τὴν
728 2901 838 2957 τῶν
871 2901 1176 2957 Ἰουδαϊκῶν
1208 2904 1313 2975 ήδη
1350 2904 1727 2975 πραγμάτων,
1756 2904 1862 2959 ὑπὸ
1890 2906 2188 2978 πολεμίους
2226 2907 2506 2975 γενέσθαι.

603 3100 3816 3130 W

1628 3270 2163 3360 EJUSDEM
2238 3204 2827 3362 GENNADII

1142 3509 2260 3650 FRAGMENTUM
2339 3516 2500 3640 IN
2595 3516 3309 3648 EXODUM.

1602 3748 1701 3811 (Ea:
1728 3752 1897 3799 catena
1920 3746 2187 3811 Nicephori
2210 3748 2454 3811 monachi,
2482 3748 2677 3813 Lipsiae,
2707 3749 2868 3814 1772.)

1212 4047 1363 4103 CAP.
1400 4047 1589 4104 XXVI.

2858 4050 3107 4104 ΚΕΦΑΛ.
3155 4052 3300 4119 κεῖν.

683 4163 845 4219 Vsus.
881 4164 973 4220 35.
1019 4183 1037 4216 ι
1092 4163 1448 4236 Mensamque
1497 4175 1651 4221 extra
1702 4165 1879 4221 velum
1913 4176 1968 4221 et
1997 4177 2180 4223 contra

2371 4182 2389 4215 ι
2432 4156 2541 4217 Καὶ
2578 4163 2771 4232 θήσεις
2798 4161 2898 4231 τὴν
2929 4161 3214 4233 τράπεζαν
3246 4162 3447 4228 ἔξωθεν
3497 4164 3593 4218 τοῦ
3631 4182 3879 4219 καταπε-

585 4238 851 4311 mensam
904 4257 1287 4312 candelabrum
1324 4258 1377 4312 in
1423 4258 1596 4313 latere
1640 4259 1975 4314 tabernaculi
2020 4262 2186 4316 meri-

608 4348 793 4401 diano.
831 4347 1010 4402 Mensa
1041 4350 1186 4404 enim
1220 4351 1384 4404 stabit
1416 4350 1472 4405 iu
1498 4361 1651 4421 parte
1680 4351 1970 4422 aquilonis.
2014 4373 2033 4406 ι

675 4616 1013 4673 Candelabro
1044 4620 1303 4675 exisﬁmo
1353 4620 1533 4676 lumen
1587 4623 1929 4679 sensibilium
1961 4624 2187 4680 istarmn

602 4709 884 4766 stellarum
939 4712 1248 4783 designari;
1295 4724 1350 4769 et
1395 4730 1577 4770 mensa
1617 4724 1856 4781 terram,
1891 4726 1948 4773 et
1990 4732 2187 4786 panum

603 4803 974 4872 prepositione
999 4804 1210 4873 copiam
1245 4821 1429 4861 rerum
1472 4807 1629 4863 nobis
1660 4822 1692 4863 e
1725 4820 1871 4864 terra
1917 4810 2188 4865 deducen-

602 4895 749 4948 dam.
780 4893 938 4949 Prior
965 4895 1053 4951 illa
1102 4901 1436 4955 constructio
1463 4902 1662 4955 dicitur
1689 4911 1881 4957 sancta
1908 4920 1922 4955 :
1950 4900 2076 4955 Post
2100 4919 2189 4957 oe-

601 4985 891 5039 lammlum
952 4999 1127 5043 autem
1179 4995 1465 5061 secundum
1496 4996 1893 5052 tabernaculum
1926 4996 2065 5064 quod
2098 4997 2183 5049 di-

602 5076 746 5128 citur
762 5075 957 5133 Sancta
973 5090 1275 5136 sanctorum
1297 5100 1316 5138 :
1334 5102 1554 5141 aureum
1573 5088 1766 5143 [tabem
1785 5089 2183 5155 tlmribulum”,

605 5173 664 5219 et
691 5175 908 5223 caetera.
950 5167 1145 5240 Figura
1169 5171 1289 5227 haec
1306 5170 1499 5229 futurae
1524 5177 1967 5244 constitutionis;
1995 5180 2071 5232 uti
2097 5178 2183 5231 illa

605 5258 892 5327 praesentis
930 5260 1075 5315 vitae.
1123 5263 1361 5319 Aureum
1406 5266 1571 5337 igitur
1602 5268 1933 5324 thuribulum
1975 5271 2188 5328 videtur

607 5350 739 5405 mihi
771 5351 1008 5408 indicare
1038 5356 1184 5411 illam
1228 5370 1507 5430 acceptam
1541 5375 1664 5418 esse
1690 5362 1839 5428 Deo;
1870 5382 2063 5419 manna
2088 5381 2184 5421 au-

604 5450 715 5497 tem
743 5442 1013 5514 signilicat
1043 5450 1322 5507 ctelestem
1346 5464 1401 5508 et
1420 5455 1756 5524 spiritualem
1783 5456 2080 5513 Salvatoris
2102 5459 2182 5512 ci-

605 5535 753 5605 bum;
784 5534 946 5609 Virga
962 5540 1162 5611 Aaron,
1184 5561 1302 5613 quae
1320 5545 1648 5615 fronduemt,
1674 5550 1980 5605 sacerdmio
1996 5551 2071 5605 Aa
2082 5566 2175 5607 ron

603 5634 862 5683 aewruum
897 5643 946 5687 cl
982 5634 1278 5701 perfectum
1319 5636 1521 5693 Christi
1572 5640 1931 5696 sacerdotium
1964 5656 2180 5698 succes-

676 5805 722 5839 ²¹
750 5806 927 5867 Judic.
964 5828 1075 5879 xix,
1114 5827 1229 5870 xxi.
1309 5816 1352 5848 ²¹
1385 5814 1547 5873 llebr.
1580 5832 1653 5884 ιι,
1684 5818 1736 5872 5.

2295 4256 2597 4325 τάσματος,
2634 4254 2731 4307 καὶ
2770 4252 2868 4324 τὴν
2898 4252 3124 4325 λυχνίαν
3155 4255 3419 4309 ἀπέναντι
3452 4254 3552 4325 τῆς
3591 4257 3879 4327 τραπέζης

2293 4348 2386 4399 ἐπὶ
2422 4346 2623 4417 μέρους
2651 4345 2750 4416 τῆς
2780 4346 2991 4415 σκηνῆς
3014 4346 3075 4398 τὸ
3104 4346 3243 4417 πρὸς
3274 4346 3427 4401 νότον
3453 4364 3466 4377 ·
3503 4348 3599 4401 καὶ
3627 4348 3729 4419 τὴν
3752 4354 3879 4419 τρά-

2294 4437 2467 4500 πεςαν
2522 4435 2713 4504 θήσεις
2769 4436 2863 4487 ἐπὶ
2920 4436 3124 4507 μέρους
3184 4437 3288 4508 τῆς
3350 4438 3558 4507 σκηνῆς
3618 4438 3681 4490 τδ
3738 4439 3876 4508 πρὸς

2295 4528 2516 4600 βορρᾶν.
2559 4547 2577 4578 ι

2361 4622 2472 4694 Τὴν
2514 4622 2615 4692 μὲν
2644 4620 2870 4693 λυχνίαν
2906 4616 3060 4692 οἶμαι
3091 4620 3156 4672 τὸ
3200 4622 3265 4673 ἐκ
3303 4620 3418 4674 τῶν
3449 4619 3730 4689 αἰσθητῶν
3761 4622 3878 4673 τού-

2288 4730 2401 4766 των
2434 4712 2653 4783 ἄστρων
2684 4712 3026 4766 αίνίττεσθαι
3054 4710 3191 4780 φῶςο
3224 4711 3322 4781 τὴν
3344 4709 3625 4782 τράπεζαν
3664 4711 3744 4775 δὲ,
3759 4712 3876 4784 ,τὴν

2289 4805 2427 4877 γῆνο
2462 4806 2559 4877 τὴν
2586 4805 2645 4861 δὲ
2680 4805 2944 4877 πρόθεσιν
2994 4806 3104 4859 τῶν
3156 4805 3359 4877 ἄρτων,
3395 4806 3499 4876 τὴν
3548 4808 3613 4859 ὲκ
3644 4806 3745 4875 τῆς
3772 4806 3877 4875 γῆς

2288 4899 2397 4952 τῶν
2443 4899 2579 4970 ἡμῖν
2623 4897 2956 4970 ἐπιτηδείων
3005 4898 3281 4952 ἀνάδοσιν.
3336 4897 3491 4967 Δῦτη
3523 4897 3579 4950 δὲ
3612 4899 3645 4967 ἠ
3677 4896 3870 4969 πρώτη

2289 4991 2463 5061 σκηνὴ
2511 4989 2901 5060 ἐπωνομάζετο
2946 4991 3099 5058 ἅγια.
3152 4988 3315 5043 Μετὰ
3351 4988 3420 5042 δὲ
3465 4988 3531 5041 τὸ
3577 4987 3863 5055 δεύτερον

2287 5082 2717 5153 καταπέτασμα
2762 5081 2964 5150 σκηνὴ
3010 5081 3049 5149 ἠ
3101 5080 3396 5150 λεγομένη
3440 5081 3607 5149 Ἅγια
3643 5078 3870 5148 ἁγίων·

2287 5176 2562 5246 χρυσοῦν
2593 5174 2824 5244 ἔχουσα
2854 5172 3262 5244 θυμιατήριον,
3300 5174 3402 5227 καὶ
3438 5172 3506 5226 τὰ
3541 5171 3691 5242 ἑξῆς.
3723 5171 3870 5243 Σύμ-

2287 5269 2442 5323 ϐολον
2479 5267 2653 5323 ταῦτα
2696 5269 2795 5339 τῆς
2845 5266 3148 5339 μελλούσης
3194 5265 3588 5331 καταστάσεως
3614 5280 3627 5292 ·
3680 5263 3873 5333 ὥσπερ

2286 5361 2379 5417 οὖν
2407 5362 2475 5416 τὰ
2503 5360 2719 5433 πρῶτα,
2745 5360 2846 5430 τῆς
2882 5359 3171 5432 παρούσης
3215 5358 3379 5431 ζωῆς.
3415 5356 3489 5411 Τὸ
3521 5359 3620 5430 μὲν
3652 5354 3750 5412 οὖν
3780 5360 3874 5413 θυ-
3904 5356 3915 5367 ⁵

2282 5454 2601 5527 μιατήριον
2649 5455 2940 5526 σημαίνειν
2996 5471 3085 5524 μοι
3148 5453 3299 5507 δοκεῖ
3350 5452 3411 5506 τὸ
3461 5438 3874 5522 κεχαρισμένην

2287 5547 2459 5620 αὐτὴν
2495 5545 2637 5602 εἶναι
2684 5548 2832 5618 Θεῷ·
2881 5548 2949 5603 τὸ
2977 5548 3034 5601 δὲ
3060 5546 3298 5618 μάννα,
3336 5546 3437 5616 τὴν
3490 5545 3746 5615 οὐράνιον
3777 5544 3873 5598 καὶ

2289 5641 2666 5712 πνευματικὴν
2698 5642 2790 5696 τοῦ
2834 5641 3088 5713 Σωτῆρος
3120 5640 3329 5713 τροφήν
3358 5655 3369 5671 ’
3410 5636 3524 5708 τὴν
3552 5635 3619 5690 δὲ
3641 5634 3872 5706 ῥάϐδον
