4164 6538
317 410 454 479 1ὃϐ5

1464 411 1547 472 ΙΝ
1582 410 1919 473 PSALMOS
1962 412 2426 474 FRAGMENTA

3440 407 3578 473 1666

325 523 553 593 Ἀαρὼν
575 520 692 592 τὴν
716 521 1194 590 βλαστήσασαν,
1227 522 1289 575 τὸ
1304 521 1404 594 τὴν
1435 522 1739 594 ἱερωσύνην
1756 522 1892 593 πρὸς

2005 539 2222 591 surum;
2258 527 2451 580 tabula:
2486 527 2806 589 testamenti,
2851 524 3061 582 tabulas
3090 525 3214 581 novi
3243 529 3577 593 testamenti,

312 617 374 672 τὸ
400 616 655 680 ἀειθαλὲς
683 618 742 669 ὲν
774 615 995 687 Χριστῷ
1027 614 1400 686 προϐήσεσθαι
1433 616 1530 668 καὶ
1557 616 1618 668 τὸ
1642 615 1850 668 τέλειον

312 711 421 773 τὰς
455 706 523 761 δὲ
547 709 785 773 πλάκας
809 706 924 775 τῆς
963 706 1274 775 διαθήκης,
1300 706 1402 769 τὰς
1427 706 1528 776 τῆς
1558 705 1753 776 καινῆς
1780 706 1894 759 δια-

310 800 489 870 θήκης
542 799 810 869 σαρκίνας
861 799 1078 860 πλάκας
1125 796 1247 851 τῶν
1279 797 1559 871 καρδιῶνο
1600 799 1693 852 τὸν
1747 799 1804 852 δὲ
1835 801 1893 851 ἐν

313 891 487 943 ἅπασι
538 889 764 960 χρυσὸν,
796 890 859 942 τὸ
906 887 1211 960 τιμιώτερα
1254 887 1364 943 τῶν
1411 889 1698 960 παρόντων
1753 885 1892 943 εἶναι

309 980 377 1035 τὰ
407 980 691 1050 μέλλοντα.
738 980 1045 1046 ’Υπεράνω
1083 979 1153 1032 δὲ
1176 978 1285 1048 τῆς
1316 979 1568 1035 κιϐωτοῦ
1601 982 1907 1059 Χερουϐὶμκ

309 1068 520 1137 δόξης.
553 1069 1034 1130 κατασκιάζοντα
1064 1070 1131 1123 τὸ
1161 1067 1653 1139 ίλαστήριον.Ἦν
1678 1090 1733 1126 τι
1758 1090 1897 1143 χρυ-

311 1159 441 1213 σοῦν
475 1160 710 1214 πέταλον
753 1161 1037 1223 Ἰουδαίοις
1064 1160 1439 1231 πεποιημένον
1472 1162 1569 1216 ἐπὶ
1591 1163 1690 1231 τῆς
1720 1164 1889 1217 κιϐω-

309 1249 428 1311 τοῦ,
462 1252 557 1303 καὶ
586 1251 900 1322 ἱλαστήριον
928 1250 1088 1304 τοῦτο
1113 1251 1367 1318 ἐκάλουν,
1390 1251 1499 1305 ἀπὸ
1516 1236 1618 1305 ¹τοῦ
1639 1252 1734 1307 τὸν
1759 1253 1893 1306 Θεὸν

311 1340 690 1412 ἑξιλεούμενον
724 1342 1088 1415 χρηματίζειν
1114 1344 1326 1410 αὐτοῖς,
1349 1344 1601 1415 ἐρωτῶσι
1627 1345 1756 1415 περὶ
1779 1344 1892 1399 τῶν

312 1426 755 1501 κατεπειγόντων
800 1436 895 1488 ἀπ’
928 1434 1096 1489 αὑτοῦ
1129 1436 1200 1489 τὰ
1242 1436 1516 1505 πρακτέα.
1562 1438 1686 1490 Ἐπὶ
1718 1436 1893 1507 τούτῳ

313 1523 595 1595 Χερουϐὶμ
626 1526 839 1580 ἑστῶτα
869 1526 979 1580 δύω
1006 1529 1301 1595 πεποίητο,
1338 1527 1586 1598 σύμϐολα
1626 1528 1729 1599 τῆς
1759 1527 1898 1581 καθ-

1999 618 2159 671 corda
2190 617 2400 671 scilicet
2431 616 2745 681 hominum;
2780 631 2968 671 aurum
3000 633 3067 673 ex
3091 618 3238 671 omni
3266 627 3420 686 parte
3444 634 3580 673 ven—

1999 716 2118 763 tura
2172 707 2526 774 praesentibus
2557 708 2929 777 praestantiora
2970 723 3155 764 esse...
3193 707 3460 779 Superque
3486 726 3577 764 ατο

2002 816 2118 853 cam
2164 807 2312 852 erant
2346 798 2626 852 Cherubim
2655 799 2839 866 gloria:
2868 800 3237 854 obumbrantia
3270 802 3583 869 propitiato-

2001 891 2161 944 rium.
2191 887 2305 944 Hoc
2337 899 2459 943 erat
2487 889 2684 943 lamina
2728 905 2892 944 aurea
2920 906 2949 944 a
2988 890 3192 947 Judaeis
3226 908 3367 949 arca:
3402 894 3580 963 impo-

2003 981 2128 1045 sita,
2152 988 2206 1035 et
2225 979 2658 1050 propitiatorinm
2679 982 2993 1047 vocabatur,
3011 982 3134 1050 quia
3155 983 3244 1039 hic
3264 984 3579 1055 dignantem

2004 1073 2174 1129 Deum
2192 1088 2316 1129 cum
2351 1072 2485 1143 ipsis
2512 1073 2826 1127 conversari
2853 1072 3263 1145 interrogabant
3293 1075 3424 1146 quid
3474 1076 3580 1130 sibi

1999 1165 2065 1218 ad
2121 1180 2247 1219 eum
2317 1164 2638 1233 placandum
2692 1163 3019 1221 faciendum.
3070 1162 3314 1234 Desuper
3359 1166 3582 1221 stabant

1998 1255 2295 1311 Cbernbim
2336 1257 2479 1320 duo,
2536 1255 2779 1327 symbola
2819 1254 3202 1313 divime‘sedis
3253 1277 3266 1311 :
3304 1272 3403 1325 per
3433 1258 3585 1313 thro-

2003 1362 2130 1401 num
2152 1347 2589 1416 propitiatorium
2613 1346 3025 1403 obumbrantem
3062 1347 3405 1401 indicabatur
3433 1348 3579 1413 ideo,

2005 1439 2181 1508 ipsum
2213 1438 2407 1494 adesse
2439 1439 2529 1508 qui
2567 1439 2764 1495 tbrono
2798 1439 3100 1503 insedebat,
3127 1448 3181 1494 et
3216 1440 3447 1509 propitio
3470 1454 3582 1495 sut-

2007 1530 2096 1585 dio
2125 1541 2339 1600 gentem
2374 1530 2577 1585 fovere.

314 1612 475 1684 ἕδρας
533 1615 665 1670 ὄντα
701 1618 803 1687 τῆς
844 1616 1027 1681 θείας’
1089 1617 1178 1671 διὰ
1222 1620 1407 1672 τοίνυν
1474 1617 1569 1671 τοῦ
1645 1618 2148 1684 κατασκευάζοντος
2188 1620 2382 1691 θρόνου
2421 1621 2482 1674 τὸ
2528 1622 2862 1691 ίλαστήριον,
2905 1622 2968 1675 τὸ
3027 1622 3282 1694 παρεῖναί
3333 1639 3393 1675 τε
3428 1618 3585 1693 οἶμα.

314 1704 405 1757 τὸν
445 1707 504 1759 ὲν
552 1707 633 1776 τῷ
680 1706 891 1778 θρόνῳ,
940 1709 1036 1762 κα)⁸
1084 1708 1437 1774 ἐπισκιάζειν
1484 1710 1885 1782 ὲξιλεούμενον,
1926 1713 2279 1785 ἐσημαίνετο.

907 2151 911 2154 μ
1274 2194 1279 2201 ,
1690 2090 2227 2183 EJUSDEM

884 2302 1867 2429 FRAGMENTA
1958 2307 2117 2429 IN
2217 2307 2993 2435 PSALMOS.

979 2538 1079 2599 (Ea:
1098 2533 1402 2601 expositione
1423 2538 1633 2588 Patrum
1660 2539 1941 2590 armaarma
1962 2541 2013 2591 in
2042 2541 2286 2604 Psalmos,
2313 2540 2401 2594 int.
2441 2541 2604 2594 Bauli.
2631 2543 2912 2607 συναρι-ἕο.)

1543 2839 1613 2894 ΙΝ
1652 2836 1986 2898 PSALMUM
2027 2840 2318 2898 PRIMUM.

391 3019 410 3051 ι
446 2997 556 3051 Καὶ
583 2998 737 3051 ἔσται
767 2996 845 3061 ὡς
875 2996 937 3051 τὸ
965 2996 1143 3062 ξῦλον.
1182 3016 1201 3050 ι

384 3087 538 3141 Μετὰ
563 3087 740 3142 ταῦτα
772 3087 1231 3159 παραληψώμεθα
1258 3089 1322 3141 τὸ
1349 3105 1426 3143 πα
1439 3088 1514 3160 ρὰ
1563 3090 1659 3142 τοῦ
1698 3090 1902 3145 Ἀκύλα

313 3180 627 3251 λεγόμενον,
673 3180 1305 3249 μεταπεφυτευμένον.
1343 3180 1516 3234 Πόθεν
1567 3181 1677 3252 γὰρ
1715 3181 1775 3234 τὸ
1807 3182 1902 3246 ξύ-

314 3269 427 3335 λον,
456 3269 585 3339 περὶ
630 3262 692 3322 οὗ
718 3271 747 3322 ὁ
771 3269 950 3336 λόγος,
998 3269 1478 3339 μεταπεφύτευται
1523 3270 1618 3323 ὲπὶ
1648 3273 1770 3334 ταῖς
1795 3271 1903 3324 τῶν

317 3361 531 3415 ὑδάτων
560 3361 917 3432 διαιρέσεσιν;
958 3363 1029 3415 Ἦ
1057 3361 1166 3432 γὰρ
1198 3362 1499 3434 ὲρῤιζωκδς
1521 3364 1578 3416 ὲν
1602 3363 1680 3434 τῷ
1704 3364 1901 3433 Πατρὶ,

310 3454 406 3525 ἐπ’
439 3454 735 3525 εὐεργεσίᾳ
785 3452 999 3507 πολλῶν
1041 3454 1552 3525 μεταπεφύτευται,
1589 3457 1670 3519 είς
1700 3454 1761 3508 τὸ
1809 3457 1905 3509 καὶ

316 3544 511 3608 ἄλλους
543 3544 873 3616 μεταλαϐεῖν
911 3544 1076 3597 αὐτοῦ
1107 3545 1208 3615 τῆς
1238 3545 1469 3612 εἰκόνος,
1513 3543 1611 3615 τῆς
1643 3545 1787 3599 κατὰ
1828 3545 1892 3599 τὸ

320 3635 840 3707 μεταπεφυτεῦσθαι
863 3634 1312 3707 λαμϐανομένης.
1351 3636 1463 3707 Οὐχ
1507 3637 1591 3691 ὅτι
1621 3638 1723 3691 οὐκ
1754 3637 1903 3693 ἔστιν

317 3733 376 3783 ἐν
398 3728 477 3800 τῷ
509 3728 684 3801 Ilath
730 3730 748 3798 (
771 3727 886 3782 ἔστι
916 3728 1094 3801 γὰρ),
1154 3728 1269 3782 ἀλλ’
1296 3728 1377 3781 ὅτι
1404 3728 1498 3782 καὶ
1524 3730 1652 3799 παρ’
1693 3730 1904 3800 ἑτέροις

315 3820 632 3890 γεγένηται.
666 3822 738 3873 Ἦ
786 3820 910 3874 καθ’
967 3821 1164 3892 ἑτέραν
1198 3819 1482 3891 ἐπιϐολὴν,
1517 3822 1550 3892 ἠ
1593 3820 1740 3891 ψυχή
1786 3822 1903 3874 ἐστι

316 3911 412 3965 τοῦ
442 3911 719 3982 Σωτῆρος,
750 3912 819 3983 ἦν
845 3911 1059 3978 ἐλαϐεν,
1086 3910 1337 3965 ἐντεῦθεν
1366 3911 1901 3983 μεταπεφυτευμένη

319 4003 412 4057 ἐπὶ
434 4003 528 4056 τὸν
558 4002 914 4075 παράδεισον,
942 4006 1076 4057 ὅπου
1125 4006 1220 4057 καὶ
1243 4003 1305 4055 τὸ
1345 4002 1683 4072 Εὐαγγέλιόν
1711 4021 1900 4075 φησιν,

329 4096 495 4149 αὐτὸν
531 4095 668 4167 μετὰ
693 4095 756 4149 τὸ
796 4094 965 4159 πάθος
1012 4095 1318 4163 γεγονέναι,
1349 4095 1712 4165 διηγούμενον
1737 4095 1902 4150 αὐτὸν

318 4187 609 4260 είρηκίναι
636 4188 715 4258 τῷ
758 4184 1159 4259 μετανοήσαντι
1204 4187 1410 4261 λῃστῇο
1475 4187 1748 4258 Σήμερον
1772 4192 1901 4259 μετ’

315 4280 465 4351 ἐμοῦ
495 4280 611 4349 ἔσῃ
636 4279 709 4334 ἐν
736 4277 817 4345 τῷ
848 4279 1195 4347 παραδείσῳ
1219 4279 1326 4334 τοῦ
1359 4281 1528 4334 Θεοῦ.
1562 4283 1900 4353 Μεταπεφύ-

1929 3009 1972 3065 Β
2084 2998 2248 3055 Vsus.
2285 3001 2341 3054 5.
2379 3018 2399 3051 ι
2436 3000 2499 3054 Et
2522 3000 2629 3055 erit
2655 3010 2913 3069 tanquam
2939 3002 3165 3072 lignum.
3206 3021 3224 3055 ι

2074 3091 2201 3146 Post
2233 3092 2345 3147 hac
2379 3091 2735 3161 adiungamus
2773 3096 2824 3149 id
2864 3096 3007 3164 quod
3036 3097 3104 3149 ab
3139 3097 3336 3168 Aquila
3375 3099 3583 3157 dictum

2003 3191 2107 3246 est,
2143 3184 2611 3248 transplantalum.
2643 3183 2797 3241 Unde
2822 3187 2967 3241 enim
2995 3186 3221 3256 lignum,
3254 3188 3322 3243 de
3346 3206 3456 3260 quo
3494 3193 3585 3257 hic

2004 3286 2186 3326 sermo
2214 3284 2317 3337 est,
2349 3274 2806 3343 transplantatum
2837 3275 2936 3330 fuit
2957 3292 3117 3335 secus
3146 3293 3412 3347 aquarum
3444 3283 3587 3338 divi-

2006 3362 2229 3416 siones?
2267 3362 2358 3416 Vel
2392 3364 2535 3417 enim
2568 3379 2690 3418 cum
2722 3365 2776 3419 in
2810 3366 2971 3419 Patre
2996 3367 3298 3424 radicalnm
3325 3381 3495 3437 esset,
3527 3373 3581 3428 in

2004 3451 2349 3505 commodum
2403 3452 2758 3520 plurimorum
2808 3455 3264 3524 transplantalum
3316 3460 3436 3526 fuit,
3473 3479 3583 3534 quo

2004 3552 2061 3596 et
2098 3541 2191 3595 alii
2220 3541 2514 3612 participes
2550 3542 2880 3599 exsisterent
2907 3545 3163 3614 imaginis
3189 3549 3345 3605 istius
3369 3588 3385 3614 ,
3418 3540 3583 3620 quinm

2007 3633 2060 3687 in
2099 3631 2585 3702 transplantatione
2624 3648 2749 3688 assu
2773 3637 2937 3701 mpsit
2960 3653 2977 3702 ;
3003 3652 3107 3691 non
3138 3638 3281 3707 quod
3306 3656 3412 3697 non
3437 3644 3511 3699 sit
3530 3644 3585 3700 in

2003 3720 2166 3777 Patre
2203 3722 2325 3792 (est
2358 3722 2557 3778 etenim
2574 3729 2619 3792 ),
2648 3724 2739 3777 sed
2769 3723 3104 3793 quodetiam
3133 3731 3273 3796 apud
3309 3730 3452 3787 alios
3480 3747 3578 3787 na-

2007 3819 2093 3866 tus
2118 3812 2210 3867 sit.
2244 3810 2338 3867 Vel
2364 3812 2661 3867 secundum
2703 3811 2866 3867 aliam
2899 3813 3318 3882 applicatiouem
3346 3855 3363 3881 ,
3395 3821 3579 3877 anima

2007 3903 2305 3959 Saluatoris
2328 3944 2343 3968 ,
2378 3917 2537 3973 quam
2570 3914 2936 3973 assntnpserat
2958 3944 2974 3969 ,
3027 3906 3153 3960 hinc
3182 3910 3584 3976 transplantata

2006 4004 2089 4050 est
2127 3995 2179 4048 in
2210 3995 2544 4063 paradisum,
2570 3994 2658 4047 ubi
2692 3994 2855 4051 etiam
2894 3994 3245 4065 Evangelimu
3292 4000 3367 4053 ait
3405 4000 3584 4068 ipsum

2006 4098 2130 4157 post
2151 4086 2454 4154 passionem
2481 4086 2783 4148 exstitisse.
2805 4101 3036 4143 narrans
3060 4087 3235 4157 ipsum
3254 4089 3445 4145 latroni
3466 4105 3584 4161 pte-

2009 4178 2201 4235 nitenti
2226 4178 2461 4235 dixisse:
2489 4179 2657 4232 Hodie
2674 4194 2873 4237 mecum
2904 4179 3009 4237 erit
3026 4181 3083 4241 in
3114 4183 3369 4247 paradiso
3397 4181 3494 4245 Dei
3512 4183 3582 4241 “.

2012 4271 2144 4327 Illuc
2198 4281 2381 4327 autem
2437 4271 2867 4338 taansplantatus
2898 4271 3017 4335 luit,
3061 4280 3117 4324 ut
3157 4272 3191 4329 ii
3244 4273 3335 4342 qui
3380 4273 3585 4337 Christi

318 4389 507 4425 τευται
534 4373 591 4425 δὲ
621 4373 759 4436 ἐκεῖ,
795 4370 882 4425 ίνα
907 4374 957 4424 oi
987 4370 1133 4436 ἄξιοι
1163 4372 1261 4425 σὺν
1287 4372 1513 4443 Χριστῷ
1542 4368 1705 4435 εῖναι,
1738 4375 1900 4443 φωτί-

2006 4362 2286 4418 consortio
2317 4362 2464 4430 digni
2500 4370 2662 4424 sunt,
2693 4362 2761 4419 ab
2804 4362 2926 4430 ipso
2974 4361 3346 4423 llluminentur
3383 4364 3587 4422 lumine

319 4462 523 4525 ζωνται
553 4461 645 4514 ὑπ’
675 4460 841 4514 αὑτοῦ
864 4458 941 4529 τῷ
964 4462 1065 4530 τῆς
1091 4458 1346 4528 γνώσεως
1373 4458 1663 4529 φωτισμῷ,
1694 4459 1895 4530 προκόο

321 4571 547 4616 πτοντες
574 4554 632 4605 ὲν
663 4554 731 4622 τῇ
768 4552 879 4604 τῶν
915 4550 1086 4603 ὄντων
1126 4549 1329 4621 θεωρία
1350 4589 1366 4616 ,
1402 4550 1544 4603 κατά
1576 4549 1676 4620 τὴν
1709 4551 1902 4620 σοφίαν

318 4645 415 4698 τοῦ
440 4643 599 4699 Θεοῦ.
629 4643 815 4697 Ταῦτα
848 4642 905 4695 δὲ
934 4640 1108 4703 οὕτως
1137 4640 1522 4711 ἐξειλήφαμεν,
1587 4641 1776 4710 ἐπειδὴ
1807 4659 1903 4694 κυο

325 4739 453 4809 ρίως
492 4736 585 4789 ἐπὶ
623 4735 857 4806 δένδρων
883 4733 1101 4802 λέγεται
1139 4733 1201 4786 τὸ
1243 4733 1429 4803 φέρειν
1470 4733 1703 4802 καρπόν.
1744 4732 1816 4786 Τὸ
1846 4734 1903 4788 δὲ

320 4827 523 4881 διδόναι
568 4825 767 4897 μᾶλλον
797 4824 1064 4896 ἐμψύχοις
1094 4823 1361 4895 ἁρμόζει,
1400 4824 1496 4877 καὶ
1537 4822 1713 4875 ταῦτα
1754 4823 1902 4892 λογι·

323 4919 462 4981 κοῖς.
510 4916 779 4987 lum-rimi
819 4915 875 4969 δὲ
901 4955 918 4981 ,
949 4916 998 4968 εί
1024 4913 1142 4967 ἐστι
1202 4912 1393 4984 καιρὸς
1433 4911 1535 4975 (τὸ
1566 4909 1721 4978 ξύλον
1759 4908 1905 4981 ζωῆς

323 5006 421 5061 τοῦ
464 5003 679 5076 καρποῦ
725 5004 904 5074 λίγειν
955 5004 1056 5075 τὴν
1098 5003 1333 5075 σοφίαν)
1377 5002 1601 5073 καρπόν
1649 5016 1781 5053 ποτε
1828 5001 1905 5071 μὴ

325 5097 492 5169 ἔχειν,
519 5097 619 5168 οὐχ
643 5097 810 5161 δσιον,
837 5096 917 5150 διὸ
947 5097 1049 5150 οὐκ
1074 5095 1316 5169 εἴρηται,
1347 5097 1413 5148 Ὃ
1444 5095 1540 5148 τὸν
1569 5092 1780 5163 καρπὸν
1802 5093 1904 5146 αὑ-

323 5190 420 5246 τοῦ
446 5191 647 5262 ἐνέγκῃ
673 5192 732 5243 ὲν
750 5190 924 5261 καιρῷ
943 5190 1138 5252 αὐτοῦ,
1173 5188 1294 5243 ἀλλ’
1319 5188 1349 5243 δ
1376 5188 1469 5243 τὸν
1496 5186 1711 5259 καρπὸν
1738 5184 1903 5240 αὐτοῦ

322 5286 488 5339 δώσει
523 5286 584 5339 ιν
605 5282 787 5356 καιρῷ
816 5282 1007 5336 αὐτοῦ.
1051 5283 1259 5353 Καιρὸς
1303 5284 1361 5337 δὲ
1394 5280 1560 5337 αὐτοῦ
1583 5279 1677 5334 τοῦ
1708 5279 1906 5334 διδόναι

323 5380 357 5449 ἡ
398 5374 496 5430 τοῦ
546 5372 922 5446 λαμϐάνοντός
977 5374 1129 5426 ἐστιν
1158 5374 1563 5445 ἐπιτηδειότης.
1602 5371 1767 5425 Ὅσον
1797 5372 1905 5443 γὰρ

322 5463 385 5517 τὸ
425 5462 514 5516 ἐπ’
544 5461 693 5534 αὑτῷ
713 5504 728 5528 ,
761 5460 977 5532 ἕτοιμός
1005 5461 1155 5515 ἔστιν
1184 5463 1273 5516 ἀεὶ
1319 5462 1520 5516 διδόναι
1562 5460 1655 5514 τὸν
1693 5461 1905 5533 καρπὸν

323 5552 510 5608 αὐτοῦ.
545 5554 609 5607 Τί
643 5553 701 5607 δὲ
739 5553 800 5606 τὸ
836 5551 1038 5623 φύλλον
1067 5554 1166 5623 τῆς
1194 5552 1369 5623 ζωῆς,
1401 5552 1645 5607 τουτέστι
1676 5553 1776 5623 τῆς
1820 5568 1910 5605 σο-

324 5647 487 5717 φίας,
515 5648 617 5701 οὐκ
646 5647 1015 5720 ἀπορῤεὖσον,
1047 5648 1280 5704 κατιδεῖν
1314 5647 1483 5714 ἄξιον.
1518 5649 1632 5703 Οὐκ
1677 5646 1901 5703 ἄλλοθεν

395 5801 441 5868 θ’
468 5801 598 5859 Luc.
628 5819 781 5871 um,
812 5805 900 5859 45.

2011 4451 2378 4522 cognitionis,
2436 4453 2732 4507 secundum
2781 4451 2877 4506 Dei
2927 4452 3253 4521 sapientiam
3295 4454 3348 4515 in
3400 4470 3583 4511 rerum

2006 4543 2464 4612 contemplatione
2512 4541 2879 4610 proficientes.
2927 4541 3054 4601 lianc
3101 4552 3280 4605 autem
3317 4546 3398 4601 sic
3425 4561 3583 4602 acce-

2012 4636 2212 4702 pimus,
2245 4635 2372 4704 quia
2420 4634 2635 4701 proprie
2664 4632 2729 4686 de
2752 4633 3036 4688 arboribus
3061 4620 3437 4704 diciturquod
3473 4635 3584 4689 ιω-

2006 4736 2152 4784 ctum
2183 4726 2380 4783 ferant.
2416 4725 2569 4783 Hunc
2600 4733 2779 4781 autem
2828 4729 2979 4789 dare,
3007 4725 3174 4792 magis
3213 4726 3464 4793 congruit
3502 4741 3586 4780 re-

2024 4818 2126 4875 bus
2142 4818 2416 4883 animatis,
2436 4818 2611 4886 iisque
2636 4816 3010 4873 rationalibus.
3041 4816 3210 4871 Porro
3238 4817 3583 4883 quaerendum

2008 4924 2077 4968 an
2113 4911 2182 4967 sit
2215 4918 2429 4979 tempus
2454 4908 2690 4981 (lignum
2723 4906 2845 4963 vita:
2875 4906 3084 4969 fructus
3111 4907 3339 4962 dicendo
3378 4906 3587 4979 sapieno

2014 5002 2179 5068 tiam)
2207 5000 2572 5070 quolruetum
2610 4986 2901 5070 aliquando
2932 5013 3039 5055 non
3073 4986 3260 5066 habet,
3306 5013 3414 5054 non
3449 5014 3575 5053 san-

2009 5107 2184 5159 etum,
2212 5096 2338 5165 quia
2378 5110 2484 5152 non
2512 5103 2596 5151 est
2634 5095 2838 5151 dictum
2867 5093 3009 5163 quod
3039 5093 3292 5149 fructum‘
3313 5108 3471 5149 suum
3504 5092 3582 5147 fe-

2009 5200 2093 5247 rat
2120 5190 2174 5245 in
2208 5199 2454 5260 tempore
2475 5204 2595 5254 suo,
2627 5186 2745 5253 sed,
2778 5187 2921 5259 quod
2951 5186 3187 5247 fructum
3231 5200 3388 5243 suum
3435 5185 3583 5243 dabit

2008 5283 2062 5337 in
2091 5292 2334 5348 tempore
2361 5294 2477 5335 suo.
2508 5279 2746 5349 Tempus
2776 5289 2956 5335 autem
2985 5276 3101 5346 ejus
3133 5278 3324 5344 dandi,
3352 5285 3435 5333 est
3456 5293 3581 5339 sus-,-

2007 5372 2255 5440 cipientis
2286 5372 2986 5440 opportunitas;quantum
3010 5369 3154 5431 enim
3187 5382 3254 5427 ex
3295 5379 3450 5437 parte
3493 5367 3576 5435 ip:

2007 5464 2138 5527 sius,
2174 5471 2389 5532 semper
2416 5472 2599 5532 parata
2634 5472 2718 5517 est
2754 5461 2885 5516 dare
2911 5459 3147 5514 l‘ructum
3176 5474 3356 5513 suum.
3388 5458 3574 5524 Quod-

2008 5570 2131 5609 nam
2161 5562 2341 5617 autem
2370 5555 2440 5609 sit
2482 5553 2670 5609 lolium
2700 5555 2846 5616 vitm,
2883 5553 2933 5611 id
2971 5562 3077 5616 est,
3110 5550 3406 5621 sapientiai,
3433 5548 3577 5618 quod

2010 5661 2115 5702 non
2149 5643 2357 5701 dililuat
2381 5686 2396 5715 ,
2429 5644 2858 5702 consideratione
2885 5644 3125 5714 dignum.
3162 5638 3363 5696 Verum
3407 5637 3460 5692 id
3492 5651 3584 5691 ca-
