4164 6524
522 426 534 435 -υ
612 392 745 457 1667

1702 383 2080 445 GENNADII
2119 380 2625 442 PATRIARCHZE
2662 381 2771 441 (ΣΡ.

3739 383 3884 449 1668

614 520 745 575 pere
793 506 1101 572 nequeunt,
1139 497 1241 552 nisi
1293 496 1385 565 qui
1420 496 1474 550 in
1513 494 1674 550 rebus
1705 493 2043 549 naturalibus
2069 506 2156 546 me

2289 490 2346 543 δὲ
2377 490 2559 545 λαϐεῖν
2590 492 2723 545 αὐτὸ
2759 490 2927 556 ἐστιν,
2963 490 2997 562 ἢ
3040 492 3288 563 μετρίως
3313 496 3428 559 τοῖς
3459 494 3713 564 φυσικοῖς
3755 498 3885 551 ἐπι·-

605 594 866 651 diocriter
884 589 1080 647 versati
1114 594 1264 642 sunt.
1297 584 1640 641 Manifestum
1680 593 1864 640 autem
1900 582 2043 652 quod
2061 594 2187 651 pro-

538 716 541 717 ν
606 695 728 758 pter
748 684 979 747 fructus,
1008 678 1297 749 lrugiferas
1322 677 1546 732 arbores
1571 674 1800 731 Creator
1823 674 2052 744 jusserit
2068 687 2190 742 ger-

605 779 838 842 minare,
865 781 1089 844 propter
1122 784 1258 840 quos
1302 783 1399 839 per
1437 782 1779 838 consequens
1817 767 1947 822 fecit
1982 779 2047 821 ea
2072 777 2190 832 qua:

609 870 745 941 ipsis
789 866 939 923 utilia
967 871 1137 921 sunt:
1174 860 1448 918 fructibus
1478 870 1657 916 autem
1706 860 1839 915 utile
1868 869 1953 913 est
1975 868 2187 927 tegmen

610 960 888 1025 foliorum,
919 964 981 1012 ut
1000 954 1400 1011 custodiantur.
1427 951 1556 1007 llaec
1580 952 1767 1021 utique
1798 950 1966 1005 etiam
2000 949 2053 1002 in
2078 962 2191 1001 om-

607 1053 758 1109 nium
786 1048 1053 1121 sapientia
1083 1045 1433 1102 considerare
1483 1043 1643 1108 licet,
1684 1044 1739 1097 in
1782 1057 1889 1112 qua
1926 1039 2193 1096 Conditor

607 1146 989 1199 universorum
1035 1137 1217 1193 omnia
1245 1136 1395 1191 fecit.
1440 1134 1696 1202 Quasdam
1746 1134 1891 1188 enim
1921 1131 2185 1202 primario

502 1298 513 1309 ,
608 1235 783 1299 nunt,
862 1232 1108 1305 quaedam
1168 1243 1299 1283 vero
1381 1242 1479 1297 per
1533 1225 2009 1296 consequentiam,
2065 1238 2192 1292 pro-

607 1339 729 1399 pter
771 1341 834 1381 ea
887 1340 1007 1395 quae
1038 1321 1298 1395 primario
1366 1319 1657 1374 exsistunt.
1702 1315 1972 1372 Primario
2010 1315 2187 1389 siqui-

606 1425 729 1477 dem
758 1418 975 1477 exsistit
1009 1413 1209 1471 animal
1253 1411 1551 1477 rationale,
1591 1410 1658 1465 ad
1705 1408 1824 1478 ejus
1852 1423 1983 1464 vero
2030 1423 2187 1463 usum

608 1522 736 1569 sunt
764 1524 994 1581 pecora,
1024 1516 1079 1562 et
1128 1517 1286 1562 terra:
1326 1503 1590 1575 germina.
1636 1500 1990 1570 Nequaquam
2026 1499 2192 1569 igitur

608 1617 794 1658 eorum
828 1600 1045 1670 quidem
1074 1611 1195 1667 qute
1218 1594 1480 1665 primario
1506 1590 1651 1646 facta
1689 1599 1840 1654 sunt,
1881 1603 2059 1643 causa:
2089 1604 2189 1642 ex-

607 1695 807 1752 sistunt
832 1689 1045 1745 fructus
1093 1684 1308 1741 arboris
1346 1685 1500 1748 vitae,
1528 1690 1856 1737 caaterorum
1886 1695 2015 1735 vero
2066 1694 2187 1747 qua:

607 1792 827 1856 promer
858 1782 974 1837 hac
1010 1787 1194 1833 creata
1241 1783 1405 1841 sunt,
1434 1772 1559 1828 folia
1592 1790 1605 1826 :
1636 1786 1866 1843 quorum
1917 1768 2053 1826 nihil
2081 1769 2189 1825 lru-

2287 583 2700 655 διατρίψαντας.
2751 582 2921 654 Δῆλον
2969 583 3026 637 δὲ
3067 584 3151 638 ὅτι
3193 585 3284 639 διὰ
3330 588 3456 651 τοὺς
3503 590 3756 660 καρποὺς
3806 591 3887 643 τὰ

2290 677 2621 747 καρποφόρα
2662 675 2856 747 δένδρα
2888 678 2917 729 ὁ
2944 677 3299 747 Δημιουργὸς
3330 678 3589 733 ἐκέλευσε
3634 681 3887 751 βλαστῆ-

2291 786 2402 831 σαι,
2435 767 2505 820 δι’
2534 766 2628 829 οὓς
2646 766 2716 820 τὰ
2745 766 2977 830 ἐκείνοις
3008 766 3247 839 χρειώδη
3279 769 3403 822 κατ’
3426 771 3880 843 ἐπακολούθησιν

2290 862 2595 933 πεποίηκε’
2644 862 2803 933 χρεία
2836 864 2893 917 δὲ
2936 869 3150 934 σκέπης
3185 866 3299 928 τοῖς
3350 868 3588 936 καρποῖς
3620 867 3721 935 τῆς
3765 866 3887 920 ἀπὸ

2288 951 2399 1006 τῶν
2430 952 2665 1022 φύλλων,
2701 952 2951 1023 φυλακῆς
2972 953 3183 1007 ἕνεκεν.
3207 954 3398 1009 Ταῦτα
3426 951 3521 1011 οὖν
3546 956 3642 1010 καὶ
3659 958 3755 1010 ἐπὶ
3776 959 3884 1026 τῆς

2291 1046 2421 1117 περ)⁸
2447 1045 2554 1099 τῶν
2591 1044 2729 1101 ὅλων
2775 1046 2969 1116 σοφίας
2998 1045 3145 1100 ἐστιν
3180 1047 3307 1100 ίδεῖν
3329 1088 3346 1111 ,
3372 1050 3431 1101 ἑν
3529 1047 3598 1101 τὰ
3628 1050 3811 1104 πάντα
3847 1052 3881 1102 ὁ

2290 1138 2398 1191 τῶν
2423 1137 2563 1192 ὅλων
2603 1136 2953 1214 Δημιουργδς
2991 1137 3314 1209 πεποίηκεν.
3346 1141 3415 1195 Ἀ
3452 1141 3554 1212 μὲν
3585 1142 3698 1213 γὰρ
3743 1160 3885 1216 προ-

2289 1228 2611 1301 ηγουμένως
2629 1229 2862 1296 γίνεται,
2893 1228 2930 1284 ἃ
2958 1229 3018 1283 δὲ
3051 1230 3175 1283 κατ’
3206 1230 3664 1304 ἐπακολούθησιν,
3693 1235 3784 1289 διὰ
3806 1236 3881 1290 τὰ

2290 1319 2706 1391 προηγούμενα.
2755 1320 3195 1391 Προηγουμένως
3254 1322 3353 1393 μὲν
3389 1325 3500 1395 γὰρ
3540 1325 3601 1378 τὸ
3654 1326 3877 1394 λογικὸν

2290 1411 2451 1476 ζῶον,
2490 1411 2579 1466 διὰ
2618 1412 2677 1466 δὲ
2723 1412 2823 1483 τὴν
2851 1411 3020 1465 αὐτοῦ
3067 1414 3262 1483 χρείαν
3289 1415 3464 1485 κτήνη
3488 1452 3503 1477 ,
3533 1417 3627 1471 καὶ
3656 1418 3725 1471 τὰ
3765 1418 3878 1472 ἀπὺ

2288 1504 2388 1574 τῆς
2415 1504 2518 1573 γῆς
2552 1503 2817 1573 φυόμενα.
2844 1504 3073 1573 Μήποτε
3100 1499 3196 1558 οὖν
3224 1506 3276 1558 oi
3311 1506 3411 1575 μὲν
3436 1506 3587 1576 λόγοι
3607 1508 3719 1560 τῶν
3741 1525 3879 1579 προσ

2288 1594 2612 1665 ηγουμένως
2647 1593 2973 1663 γεγονότων,
3019 1595 3070 1647 οί
3122 1596 3326 1666 καρποί
3359 1598 3469 1651 εἰσι
3522 1599 3615 1652 τοῦ
3651 1599 3879 1670 δένδρου

2289 1686 2389 1755 τῆς
2417 1684 2566 1755 ζωῆς
2592 1702 2607 1717 ο
2645 1685 2755 1738 τῶν
2785 1684 2845 1739 δὲ
2880 1686 2971 1740 διὰ
2997 1685 3175 1741 ταῦτα
3198 1689 3525 1744 κτισθέντων
3558 1691 3625 1745 τὰ
3662 1692 3837 1761 φύλλα
3855 1732 3872 1754 ,

2289 1771 2365 1829 ὧν
2407 1777 2560 1831 οὐδὲν
2594 1776 2821 1847 μάταιόν
2871 1778 3041 1843 ἐστιν,
3100 1778 3224 1833 οὐδὲ
3255 1779 3653 1846 ἐξουθενεῖσθαι
3692 1784 3874 1853 πάντη

610 1849 723 1931 imi
748 1882 854 1937 est,
876 1886 1056 1942 neque
1104 1867 1325 1923 omnino
1367 1864 1652 1920 extenuari
1680 1863 1904 1934 dignum
1927 1871 2185 1931 tauquam

2289 1870 2439 1935 ἄξιον
2477 1869 2554 1933 ὡς
2598 1868 2814 1934 εὐτελὲς
2837 1909 2853 1935 ,
2887 1870 2975 1922 ἵνα
3008 1870 3141 1944 ἔλθῃ
3175 1871 3398 1925 πίπτειν
3437 1874 3532 1926 καὶ
3561 1874 3828 1945 ἀπορρεῖν

611 1967 745 2032 vile,
775 1965 1046 2020 utcadere
1065 1968 1359 2023 mereatur,
1382 1965 1477 2011 aut
1498 1956 1677 2026 perire
1698 1971 1805 2011 non
1829 1948 2183 2011 custoditum.

610 2058 753 2128 Quin
786 2056 986 2127 potius,
1019 2063 1078 2108 ut
1109 2052 1356 2121 sequitur
1385 2067 1398 2103 :
1435 2047 1498 2102 Et
1540 2050 1715 2102 omnia
1755 2063 2078 2119 quacunque
2105 2047 2189 2115 fa-

607 2153 709 2206 ciet
742 2148 1209 2220 prosperabuntur.
1240 2142 1429 2198 Liceat
1460 2141 1606 2197 enim
1632 2142 1699 2195 ad
1726 2142 1969 2211 quaedam
2001 2154 2189 2194 neces-

607 2243 753 2298 saria
791 2240 957 2295 etiam
997 2236 1143 2291 abuti
1182 2235 1249 2290 iis
1288 2232 1544 2289 omnibus
1570 2247 1692 2303 qua:
1719 2246 1786 2287 ex
1831 2230 2186 2301 consequenti

610 2337 767 2390 ﬁunt.
799 2332 1031 2387 Fructus
1079 2342 1242 2397 porro
1282 2324 1486 2382 Christi
1533 2326 1796 2394 primario
1836 2325 1908 2378 sit
1936 2324 2184 2378 doctrina

627 2426 731 2491 lla,
783 2438 904 2494 qua:
948 2421 1102 2475 cibus
1144 2427 1228 2475 est
1271 2418 1420 2489 perle
1436 2418 1701 2482 ctiorum;
1734 2415 2186 2485 quemadmodum

605 2514 856 2572 homines
878 2512 1140 2567 fructibus
1180 2518 1488 2572 vescuntur,
1527 2521 1721 2577 pecora
1745 2522 1872 2561 vero
1911 2505 2069 2560 foliis.
2094 2505 2188 2560 Li-

608 2617 736 2664 ceat
763 2618 977 2676 qnoque
1001 2602 1299 2671 Scriptura;
1319 2602 1579 2670 quosdam
1606 2598 1812 2653 fructus
1832 2597 2019 2653 dicere
2042 2598 2185 2661 illos,

610 2712 749 2770 quos
772 2696 993 2766 capiunt
1025 2692 1353 2763 peritiores;
1385 2690 1516 2746 folia
1548 2705 1713 2754 vero,
1751 2690 1949 2759 quibus
1972 2690 2187 2760 simpli-

609 2792 791 2846 ciores
826 2786 1161 2843 nutriuntur.
1194 2777 1461 2838 Caiterum
1491 2783 1610 2853 ejus
1631 2782 1723 2853 qui
1762 2782 1953 2837 beatus
1986 2782 2182 2852 praedi-

606 2891 787 2946 catur,
813 2887 869 2934 et
899 2877 1046 2947 ligno
1079 2875 1203 2929 vitae
1230 2884 1578 2944 comparatus
1601 2883 1703 2937 est,
1738 2872 1944 2927 fructus
1967 2872 2187 2940 quidem

609 2970 717 3027 dici
742 2968 957 3041 possint
980 2979 1145 3036 opera
1177 2966 1458 3031 primaria,
1488 2973 1547 3018 ut
1568 2962 1947 3028 beneﬁcentia,
1967 2972 2025 3017 et
2074 2970 2189 3017 stu-

606 3063 757 3120 dium
781 3059 1101 3131 sapientiae;
1152 3057 1278 3112 l‘olia
1325 3071 1459 3113 vero
1506 3055 1707 3111 vitales
1733 3054 1853 3125 ejus
1876 3055 2183 3110 motiones:

2294 1960 2369 2033 μὴ
2404 1961 2832 2031 φρουρούμενον.
2890 1963 3002 2016 Καὶ
3047 1961 3130 2015 ἔτι
3182 1963 3383 2033 μᾶλλον
3425 1964 3490 2017 τὸ
3535 1965 3702 2036 ἑξῆςο

2290 2052 2488 2106 πάντα
2520 2052 2639 2106 ὅσα
2674 2052 2752 2106 ἂν
2778 2052 2923 2122 ποιῇ
2950 2052 3529 2121 κατευοδωθήσεται.
3566 2057 3724 2108 Ἐστι
3764 2058 3877 2125 γὰρ

2290 2145 2369 2207 εἷς
2398 2162 2515 2198 τινα
2554 2146 2829 2213 ἀναγκαῖα
2856 2144 3336 2217 καταχρήσασθαι,
3370 2146 3465 2200 καὶ
3503 2148 3638 2200 πᾶσι
3671 2150 3785 2211 τοῖς
3809 2149 3878 2200 ἐκ

2289 2233 2383 2288 τοῦ
2466 2233 2923 2305 ἀκολουθήματος
2986 2234 3321 2303 γενομένοις.
3380 2237 3607 2307 Καρπὸς
3663 2236 3723 2290 δὲ
3779 2235 3877 2289 τοῦ

2288 2323 2526 2395 Χριστοῦ
2554 2325 2640 2395 ετη
2686 2324 2753 2378 ἂν
2784 2325 3217 2396 προηγουμένως
3244 2327 3278 2396 ή
3307 2324 3630 2380 διδασκαλία
3652 2364 3669 2388 ,
3702 2328 3736 2397 ή
3767 2328 3879 2380 τῶν

2288 2415 2633 2486 τιμιωτέρων
2662 2415 2835 2486 τροφή
2862 2432 2877 2446 ·
2914 2413 3105 2485 ὥσπερ
3131 2417 3245 2479 τοῖς
3281 2420 3517 2489 καρποῖς
3548 2416 3795 2488 χρῶνται
3823 2419 3875 2470 oi

2289 2507 2588 2579 ἄνθρωποι,
2622 2507 2842 2576 φύλλοις
2870 2507 2930 2561 δὲ
2965 2508 3037 2561 τὰ
3064 2507 3406 2579 βοσκήματα.
3430 2510 3669 2563 Δυνατὸν
3696 2509 3754 2562 δὲ
3781 2510 3878 2563 καὶ

2288 2600 2387 2670 τῆς
2422 2599 2649 2670 Γραφῆς
2671 2598 2917 2671 καρπούς
2955 2616 3109 2663 τινας
3124 2598 3337 2667 λέγειν,
3368 2600 3463 2664 οὓς
3488 2600 3877 2672 ἐκλαμϐάνον-

2291 2708 2375 2743 σιν
2421 2690 2473 2743 οῖ
2522 2687 2916 2761 λογικώτερον
2965 2689 3143 2760 φύλλα
3188 2691 3277 2757 δὲ,
3336 2687 3419 2756 οἷς
3472 2692 3768 2765 τρέφονται
3824 2693 3877 2745 oi

2291 2780 2673 2853 ἁπλούστεροι.
2715 2780 2823 2851 Τοῦ
2871 2782 2929 2836 δὲ
2980 2783 3458 2855 μακαριζομένου,
3512 2784 3608 2839 καὶ
3656 2784 3880 2855 ὡμοιω-

2294 2873 2455 2944 μένου
2503 2873 2581 2943 τῷ
2613 2872 2763 2943 ξύλῳ
2808 2873 2911 2944 τῆς
2940 2872 3088 2946 ζωῆς
3112 2914 3129 2940 ,
3165 2877 3379 2948 καρπὸς
3420 2876 3521 2946 μὲν
3559 2877 3776 2947 λέγοιτο
3807 2877 3877 2932 τὰ

2290 2965 2681 3037 προηγούμενα
2708 2965 2868 3037 ἔργα,
2897 2960 3008 3020 οἷον
3031 2966 3271 3035 εὐποιία,
3291 2968 3387 3023 καὶ
3414 2970 3543 3041 περὶ
3558 2970 3657 3040 τήν
3680 2970 3879 3038 σοφίαν

2290 3058 2554 3128 ἀσχολία*
2614 3058 2791 3129 φύλλα
2824 3058 2882 3113 δὲ
2936 3059 3005 3113 τὰ
3062 3059 3294 3129 βιωτικὰ
3345 3062 3514 3115 αὐτοῦ
3565 3063 3872 3133 κινήματα·

607 3168 729 3224 qua
756 3151 926 3207 etiam
974 3149 1392 3220 haudquaquam
1442 3147 1773 3217 negligenda:
1805 3157 1956 3213 sunt,
2007 3162 2185 3216 neque

2293 3148 2415 3201 οὐδὲ
2442 3147 2615 3202 ταῦτα
2662 3148 2790 3213 ἄξια
2829 3151 3312 3219 καταφρονεῖσθαι.
3343 3151 3468 3205 οὐδὲ
3494 3152 3760 3223 ἀπορρεῖν
3799 3153 3878 3224 τῷ

606 3248 784 3317 digna:
805 3254 869 3300 ut
888 3251 1135 3314 pereant,
1157 3242 1302 3312 quod
1325 3256 1448 3297 cum
1472 3240 1774 3297 intentione
1797 3241 1963 3296 etiam
1995 3241 2061 3296 ad
2084 3239 2182 3296 Dei

2298 3240 2436 3311 μετὰ
2465 3239 2741 3311 προσοχῆς
2770 3240 2868 3294 καὶ
2892 3242 2969 3304 είς
3004 3240 3161 3306 δόξαν
3183 3240 3320 3297 Θεοῦ
3351 3242 3527 3297 πάντα
3567 3246 3764 3297 ποιεῖν.

606 3339 836 3409 gloriam
864 3335 1047 3392 omnia
1075 3334 1227 3390 ﬁant.

675 3425 931 3483 Nonnulli
983 3431 1353 3494 apposuerunt
1399 3422 1528 3477 illud
1573 3422 1895 3487 secundum,
1941 3437 2047 3475 non
2087 3421 2185 3477 sic.

610 3519 721 3577 Sed
744 3534 845 3576 nec
888 3516 1192 3573 Hebraicus
1219 3524 1399 3571 textus
1420 3516 1471 3570 id
1501 3515 1684 3581 habet,
1712 3529 1887 3584 neque
1900 3516 2188 3586 quisquam

608 3615 964 3682 interpretum
1030 3622 1161 3665 usus
1186 3617 1277 3663 est
1316 3607 1622 3663 istiusmodi
1671 3606 1925 3661 dictionis
1991 3605 2189 3676 repeti-

609 3714 847 3849 uosias.
953 3810 972 3843 ι
996 3788 1120 3845 Filii
1138 3789 1439 3856 hominum,
1463 3802 1743 3859 usquequo
1764 3786 1912 3858 gravi
1930 3784 2133 3842 corde?
2160 3802 2182 3837 a

681 3885 841 3951 lllud,
862 3881 996 3935 Filii
1022 3881 1315 3944 hominum,
1346 3880 1557 3948 putabit
1579 3881 1777 3951 aliquis
1794 3880 2187 3950 periphrastice

607 3981 834 4043 dictum,
863 3976 939 4035 uti
958 3987 1079 4029 mos
1097 3983 1180 4028 est
1201 3972 1407 4028 Graecis
1434 3973 1616 4029 dicere
1641 3992 1655 4028 :
1682 3972 1812 4027 Filii
1838 3972 2171 4028 Achivorum.

606 4070 712 4126 Alii
750 4082 880 4122 vero
910 4082 940 4120 a
978 4066 1259 4121 Salvatore
1310 4076 1527 4135 sumpto
1575 4067 1825 4131 exordio,
1865 4068 1959 4135 qui
2001 4066 2185 4123 multis

2364 3420 2521 3483 Τινὲς
2546 3420 2903 3492 προστιθέασι
2934 3398 3186 3493 δεύτερον
3210 3422 3274 3476 τδ
3315 3424 3503 3490 οὕτως
3526 3439 3541 3456 ·
3574 3422 3702 3478 οὔτε
3729 3424 3791 3480 δὲ
3815 3424 3883 3482 si

2304 3512 2597 3584 Ἐσραῖκδν
2626 3512 2739 3582 ἔχει
2782 3513 2913 3567 αὐτὸ
2936 3553 2951 3575 ,
2984 3511 3108 3568 οὔτε
3147 3531 3234 3578 τις
3274 3514 3384 3567 τῶν
3420 3516 3879 3587 έρμηνευσάντων

2292 3607 2565 3677 ἂχρήσατο
2597 3608 2665 3677 τῇ
2696 3606 2885 3677 ταύτῃ,
2905 3605 3171 3678 ἀναλήψει
3202 3608 3303 3679 τῆς
3331 3607 3551 3674 λέξεως.

2365 3806 2386 3840 r
2421 3789 2543 3843 Υἱοὶ
2573 3786 2899 3861 ἀνθρώπων,
2925 3788 3034 3853 ῑως
3061 3789 3191 3845 πότε
3212 3789 3600 3863 βαρυκάρδιοιι;
3634 3810 3653 3842 a

2366 3882 2461 3945 Τὸ,
2497 3882 2616 3935 Υἱοὶ
2638 3880 2987 3949 ἀνθρώπων,
3021 3884 3049 3935 ὁ
3079 3882 3179 3952 μέν
3206 3899 3291 3945 τις
3318 3884 3561 3954 οἰήσεται
3593 3899 3877 3957 περιφρααο

2292 3971 2493 4035 πικῶς
2520 3972 2569 4023 εί
2577 3969 2797 4042 ρῆσθαι,
2813 3969 2889 4033 ὡς
2902 3971 2997 4024 καὶ
3016 3970 3274 4042 Ἕλλησιν
3290 3971 3430 4035 ἔθος
3447 3967 3578 4040 ﬂag
3593 3972 3872 4043 ‘Azatér.

2289 4065 2507 4135 ’Ἐτεροι
2534 4063 2593 4117 δὲ
2627 4064 2737 4117 ἀπὸ
2780 4062 2877 4116 τοῦ
2912 4064 3165 4134 Σωτῆρος
3213 4064 3512 4135 ἀρξάμενοι
3534 4104 3549 4131 ,
3596 4065 3872 4137 πολλαχοῦ

3757 1968 3965 2020 Καὶ.

608 4161 745 4216 locis
773 4159 945 4215 Filius
970 4159 1206 4213 hominis
1228 4166 1573 4227 nuncupatus
1591 4168 1694 4221 est,
1722 4158 1988 4212 rationem
2016 4160 2183 4213 etiam

2289 4155 2717 4229 χρηματίζοντος
2742 4156 2874 4209 Υίοῦ
2899 4155 3216 4227 ἀνθρώπου,
3242 4157 3342 4229 τὴν
3366 4159 3548 4212 αίτίαν
3579 4158 3876 4229 βουλήσον-

609 4250 940 4318 investigare
971 4249 1152 4303 volent
1184 4249 1254 4302 de
1286 4247 1501 4302 ceteris
1543 4248 1852 4303 hominibus
1880 4288 1898 4316 ,
1930 4249 2022 4319 qui
2075 4264 2181 4305 non

2289 4267 2378 4304 ται
2462 4248 2811 4319 ἐξιχνεῦσθαι
2864 4249 2961 4303 καὶ
3021 4250 3151 4320 περὶ
3207 4250 3316 4303 τῶν
3373 4249 3715 4321 ἀνθρώπων,
3770 4253 3872 4321 ούχ

609 4340 854 4397 absolute
883 4354 1263 4411 saepenumero
1311 4339 1567 4395 dicuntur
1596 4339 1690 4392 lilii
1724 4338 2002 4394 hominum
2037 4356 2182 4395 nun-

607 4434 814 4504 cupati.
848 4432 1353 4496 Verumenimvero,
1416 4431 1593 4500 quoad
1647 4422 1982 4487 salvatorem
2013 4434 2184 4488 haud-

2289 4432 2568 4494 τιζόντων.
2608 4431 2682 4484 Οὐ
2705 4430 2874 4501 δήπου
2906 4433 3014 4503 γὰρ
3043 4431 3137 4485 καὶ
3169 4432 3298 4501 περὶ
3341 4430 3436 4484 τοῦ
3473 4432 3727 4502 Σωτῆρος
3764 4449 3869 4485 πε-

606 4539 877 4596 quaquam
910 4521 1076 4593 fuerit
1107 4521 1575 4591 .circumseriptio,
1609 4536 1731 4576 cum
1758 4518 1924 4576 Filius
1951 4522 2182 4578 hominis

2290 4524 2549 4594 ρίφρασις
2584 4522 2652 4575 ἂν
2681 4523 2769 4591 εἴη
2816 4522 2877 4575 τὸ
2930 4522 3061 4575 Υίδν
3107 4522 3399 4592 ἀνθρώπου
3441 4523 3604 4587 αὑτὸν
3661 4524 3868 4594 ὀνομά-

2286 4340 2474 4403 ἁπλῶς
2504 4339 2816 4409 λεγομένων
2845 4338 3103 4401 πολλάκις
3130 4337 3260 4392 υἱῶν
3299 4338 3603 4407 ἀνθρώπων
3646 4356 3872 4410 χρημα-
3974 4338 3982 4343 ’

606 4618 938 4677 nominatur.
999 4622 1058 4669 ut
1103 4630 1228 4671 cum
1285 4614 1528 4670 dicitur:
1576 4612 1891 4669 Potestatem
1942 4615 2091 4668 dedit
2134 4616 2182 4670 ei

602 4710 763 4765 etiam
801 4708 1069 4779 judicium
1121 4712 1316 4777 facere,
1354 4708 1480 4776 quia
1533 4704 1708 4759 Filius
1753 4706 1980 4760 hominis
2024 4706 2181 4761 est“.

605 4800 794 4872 Itaque
825 4801 930 4856 hoc
956 4800 1009 4854 in
1054 4815 1253 4871 genere
1284 4799 1561 4855 sciendum
1595 4808 1681 4855 est
1723 4798 1869 4868 quod
1899 4798 2185 4869 appellatio

605 4893 868 4958 hominis,
917 4897 1134 4964 quando
1164 4892 1380 4962 quidem
1414 4893 1480 4946 de
1507 4892 1713 4946 sanctis
1740 4892 2076 4960 enuntiatur,
2113 4893 2180 4948 ad

606 4981 937 5051 vituperium
969 4984 1223 5047 sumitur,
1246 4990 1305 5035 ut
1332 4983 1385 5036 in
1421 4981 1552 5036 illo:
1585 4981 1697 5051 Ego
1720 4982 1837 5036 dixi
1860 4998 1879 5036 :
1910 4981 2002 5037 Dii
2029 4984 2181 5052 estis,

603 5082 653 5127 et
689 5073 789 5142 ﬁlii
810 5062 1019 5128 Excelsi
1042 5088 1061 5127 :
1083 5090 1170 5128 vos
1191 5082 1365 5128 autem
1386 5073 1519 5127 sicut
1541 5072 1776 5127 homines
1800 5074 2096 5129 moriemini
2112 5075 2179 5131 ⁸⁵.

606 5164 837 5233 Quando
867 5181 1002 5222 vero
1038 5177 1353 5237 peccatores
1382 5180 1579 5235 pecora
1605 5176 1659 5219 et
1681 5165 1868 5221 bestia:
1889 5176 2178 5235 vocantur,

608 5266 733 5313 tunc
762 5256 817 5313 in
844 5257 1053 5314 laudem
1085 5261 1323 5329 ponitur,
1350 5258 1503 5326 juxta
1526 5256 1659 5312 illud
1690 5276 1703 5311 :
1733 5253 1988 5311 Homines
2017 5267 2064 5311 et
2079 5257 2177 5326 jn-

606 5358 780 5405 mnta
804 5350 914 5406 sala
925 5352 1063 5416 abis,
1100 5350 1321 5405 Domine
1339 5351 1406 5404 “.

672 5526 723 5593 ’θ
748 5524 905 5590 Joan.
932 5542 988 5597 ν,
1017 5527 1111 5584 27.

2288 4614 2496 4680 ζεσθαι,
2534 4614 2656 4668 ἐπεὶ
2685 4614 2926 4681 λέγεται*
2972 4614 3296 4679 Ἑξουσίαν
3329 4614 3555 4669 ἔδωκεν
3573 4614 3736 4680 αὐτῷ
3769 4616 3869 4668 καὶ

2287 4704 2491 4772 κρίσιν
2519 4702 2734 4765 ποιεῖν,
2770 4702 2861 4755 ὅτι
2901 4703 3033 4769 Υἱὸς
3068 4702 3383 4769 ἀνθρώπου
3408 4703 3563 4757 ἐστί.
3605 4702 3727 4773 Χρὴ
3760 4704 3867 4755 τοί-

2287 4812 2381 4849 νυν
2408 4794 2566 4847 τοῦτο
2594 4794 2821 4848 καθόλου
2846 4792 3154 4859 γινώσκειν,
3178 4794 3259 4847 ὅτι
3288 4794 3322 4864 ή
3354 4792 3666 4863 ἄνθρωπος
3698 4811 3866 4865 προσ·

2287 4885 2508 4957 ηγορία,
2541 4886 2631 4939 ὅτε
2672 4886 2768 4956 μὲν
2812 4887 2862 4938 οἱ
2897 4885 3043 4954 ἆγιοι
3090 4884 3614 4956 προσαγορεύονται,
3655 4886 3753 4938 ἐπὶ
3778 4886 3873 4954 ψό-

2285 4996 2384 5048 γου
2411 4978 2771 5049 λαμὸἀνεται,
2806 4979 2882 5042 ὼς
2915 4980 2998 5040 τὸ,
3035 4977 3179 5047 Ἐγὼ
3211 4974 3372 5040 εἶπα,
3407 4980 3542 5033 Θεοί
3575 4979 3739 5042 ἐστε,
3764 4980 3863 5035 καί

2285 5071 2403 5125 υιοι
2450 5070 2734 5138 Ὑψίστου
2753 5112 2767 5135 ,
2825 5070 2993 5139 ὑμεῖς
3029 5069 3098 5123 δὲ
3138 5070 3219 5137 ὡς
3252 5070 3551 5137 ἅνθρωποι
3599 5072 3859 5137 dxi/0rd.

2285 5178 2496 5217 σκετεο
2543 5163 2630 5216 ὅτε
2662 5162 2717 5215 δὲ
2753 5163 2925 5233 κτήνη
2973 5162 3069 5216 καὶ
3099 5162 3284 5237 θηρία,
3319 5164 3367 5216 οἱ
3401 5162 3739 5233 ἁμαρτωλοὶ,
3772 5164 3864 5215 ἐπὶ

2286 5254 2512 5306 ἐπαίνου
2563 5252 2729 5306 καλοῦ
2768 5253 3067 5321 τάσσεται,
3101 5253 3178 5317 ὡς
3206 5255 3265 5307 τό
3289 5270 3303 5286 ⁸
3346 5255 3718 5324 Ἀνσρώπους
3760 5256 3861 5310 καὶ

2285 5362 2320 5398 κ
2334 5344 2485 5411 nim
2511 5345 2757 5411 σώσεις,
2786 5348 2981 5416 Κύριε.

1186 5530 1233 5564 ⁸⁵
1260 5528 1409 5587 Psal.
1439 5543 1631 5597 usti,
1664 5528 1718 5596 6,
1761 5530 1813 5583 7.
1890 5526 2107 5593 “lPsai.
2138 5542 2301 5587 un,
2324 5526 2357 5579 8
