4164 6552
312 405 466 475 1669

1339 420 1419 481 IN
1459 420 1695 481 EPIST-
1735 421 1836 480 AD
1875 420 2059 483 ROM.
2100 424 2587 489 FRAGMENTA.
2686 374 2687 379 γ

3471 432 3607 498 1670

328 571 3571 617 .__._.______._______________________________________

660 742 1427 835 FRAGMENTA
1506 745 1627 835 ΙΝ
1702 745 2382 840 EPISTOLAM
2453 750 2605 839 AD
2685 752 3249 850 ROMANOS

598 936 646 998 Ε
687 953 1150 1000 communitus
1208 938 1583 1013 'lnEooULr,
1625 954 1663 998 Ε
1715 954 1955 1001 cnam
2011 938 2330 1003 CRAMERI.
2378 955 2632 1003 NECNON
2674 959 2711 1003 ε
2757 959 2897 1004 con.
2944 947 3338 1011 MONACENSI.

1016 1360 1077 1423 Ε
1113 1360 1347 1423 Catena
1389 1361 1694 1424 Theoduli
1721 1371 1844 1427 vet.
1891 1367 2141 1430 Patrum
2177 1368 2340 1433 Bibl.
2378 1377 2526 1431 tom.
2556 1368 2717 1447 VIII,
2758 1370 2896 1434 589.

913 1528 1163 1583 ΚΕΦᾹΛ.
1217 1530 1297 1586 A'.

377 1659 399 1693 ι
434 1640 927 1713 Πεπληρωμένους
949 1642 1100 1714 πάσῃ
1125 1643 1333 1715 ἀδικίᾳ,
1361 1644 1612 1717 πορνείᾳ,
1640 1647 1899 1719 πονηρίᾳ,

291 1732 623 1806 πλεονεξίᾳ,
668 1732 872 1806 κακίᾳ·
920 1735 1156 1803 μεστοὺς
1188 1733 1411 1803 φθόνου,
1458 1734 1647 1804 φόνου,
1699 1735 1898 1807 ἔριδος,

290 1824 489 1889 δόλου,
541 1825 905 1897 κακοηθείας·
945 1824 1306 1898 ψιθυριστάς,
1359 1824 1722 1891 καταλάλους,
1780 1827 1902 1881 θεο-

290 1920 558 1986 στυγεῖς,
595 1917 881 1989 ὐδριστάς,
912 1917 1317 1989 ὑπερηφάνους,
1353 1916 1642 1983 ἀλαζόνας.
1686 1938 1705 1970 ›

366 2011 438 2080 (⁸)
472 2010 591 2064 Καὶ
635 2010 718 2063 ἑνὶ
763 2009 941 2081 τούτῳ
987 2008 1067 2081 τῷ
1107 2007 1205 2078 τῆς
1256 2009 1478 2073 ἀδικίας
1523 2010 1897 2081 προσρήματι,

288 2103 461 2173 κοινῇ
487 2103 561 2156 τά
585 2102 667 2165 είς
690 2100 959 2172 ἀλλήλους
981 2099 1162 2153 αὐτῶν
1178 2100 1358 2154 πάντα
1379 2116 1447 2154 πε
1458 2100 1698 2172 ριλαὸὼν
1719 2101 1835 2171 ἀμα
1844 2120 1901 2175 ρ-

284 2194 554 2264 τήματα,
603 2197 661 2249 έν
706 2196 823 2259 τοῖς
867 2195 993 2265 ἑξῆς
1026 2194 1426 2266 ἀπαριθμεῖται
1468 2196 1595 2249 καθ’
1642 2196 1895 2253 ἕκαστον.

286 2286 408 2342 Καὶ
446 2287 725 2358 πονηρίαν
751 2287 850 2358 μὲν
872 2287 1043 2355 λέγει,
1080 2288 1142 2340 τὸ
1184 2287 1248 2340 έκ
1292 2287 1644 2358 κατασκευῆς
1667 2288 1750 2351 είς
1775 2305 1897 2343 τινα

284 2377 460 2449 παρά
489 2377 589 2431 τοῦ
620 2378 785 2447 πόνου
822 2376 1148 2448 γινόμενον·
1179 2375 1499 2443 πλεονεξίαν
1525 2376 1605 2440 δὲ,
1628 2378 1729 2449 τὴν
1757 2379 1898 2449 ὑπὲρ

284 2468 398 2538 τῆς
442 2469 745 2539 ἐπιθυμίας
772 2467 869 2523 τοῦ
899 2468 1146 2532 πλείονος
1175 2467 1382 2539 βλάϐην
1408 2484 1422 2498 ·
1457 2468 1660 2522 κακίαν
1690 2468 1772 2531 δὲ,
1796 2470 1898 2540 τὴν

286 2559 393 2613 τοῦ
418 2561 677 2615 κακῶσαι
701 2562 799 2615 τὸν
825 2560 995 2625 πέλας
1024 2560 1264 2632 σπουδήν
1289 2574 1302 2587 ·
1333 2559 1529 2629 φθόνον
1565 2560 1646 2624 δὲ,
1679 2560 1779 2631 τὴν
1803 2561 1895 2613 ἐπὶ

284 2654 415 2717 τοῖς
450 2652 546 2708 τοῦ
594 2652 824 2723 πλησίον
855 2653 1043 2717 καλοῖς
1092 2651 1434 2723 βασκανίαν·
1480 2652 1641 2721 φόνον
1685 2651 1763 2715 δὲ,
1796 2649 1897 2723 τὴν

290 2744 507 2815 μέχρις
550 2744 890 2817 ἀναιρέσεως
932 2743 1153 2815 κίνησιν
1175 2760 1190 2774 ·
1220 2743 1338 2814 ἔριν
1364 2743 1444 2810 δὲ,
1493 2745 1592 2814 τὴν
1626 2744 1896 2811 ἐπίψογον

286 2836 679 2905 φιλονεικίαν·
730 2836 882 2891 δόλον
925 2835 1001 2901 δὲ,
1031 2835 1131 2900 τάς
1173 2836 1267 2889 ἐπὶ
1302 2836 1449 2907 λύμῃ
1499 2835 1612 2888 τῶν
1648 2836 1895 2905 ἀδελφῶν

285 2928 597 2993 ἐπιϐουλάς
627 2942 687 2982 τε
724 2928 819 2982 καὶ
866 2928 1151 2998 μηχανάς·
1188 2926 1523 2997 κακοήθειαν
1548 2926 1626 2989 δὲ,
1656 2925 1758 2998 τὴν
1791 2944 1891 2980 κα-

286 3022 633 3089 κοτροπίαν·
663 3020 997 3092 ψιθυρισμὸν
1032 3019 1108 3084 δὲ,
1138 3020 1239 3091 τὴν
1262 3018 1356 3073 ὑπ’
1388 3020 1576 3075 ὀδόντα
1601 3020 1711 3074 τῶν
1744 3038 1891 3093 παρ-

285 3116 471 3169 όντων
518 3113 878 3184 κακολογίαν·
917 3113 1253 3168 καταλαλιάν
1280 3112 1360 3179 δὲ,
1399 3116 1501 3183 τὴν
1526 3116 1608 3179 εἰς
1650 3113 1893 3179 ἀπόντας

287 3208 404 3262 ὑπό
444 3226 610 3262 τινων
652 3207 1032 3279 βλασφημίαν·
1066 3205 1383 3275 θεοστυγεῖς
1419 3206 1497 3271 δὲ,
1531 3206 1593 3259 οὐ
1628 3207 1756 3270 τοὺς
1788 3206 1893 3260 ὑπὸ

286 3300 440 3355 Θεοῦ
481 3298 843 3371 μισουμένους
883 3298 969 3367 (οὒ
1015 3297 1126 3368 γὰρ
1156 3296 1311 3369 αὐτῷ
1359 3296 1519 3350 τοῦτο
1561 3297 1733 3363 δεῖξαι
1757 3297 1892 3369 πρό-

284 3408 484 3448 κειται
514 3390 658 3460 νῦν),
688 3389 826 3445 ἀλλά
853 3391 979 3453 τοὺς
1001 3388 1298 3460 μισοῦντας
1321 3389 1454 3442 Θεόν
1475 3404 1490 3420 ·
1523 3388 1786 3460 ὑϐριστὰς
1811 3388 1889 3453 δὲ,

286 3484 429 3547 τοὺς
466 3481 692 3554 θρασεῖς
736 3481 832 3535 καὶ
871 3468 1178 3550 λοιδόρους·
1223 3480 1613 3550 ὑπερηφάνους
1643 3480 1722 3547 δὲ,
1763 3482 1892 3546 τοὺς

286 3574 445 3629 κατά
491 3572 601 3627 τῶν
627 3574 728 3627 οὐκ
755 3574 990 3644 ἐχόντων
1026 3572 1115 3642 ἐφ’
1149 3566 1229 3635 οἷς
1272 3571 1456 3641 έχουσι
1493 3574 1888 3643 φυσωμένους·

286 3666 569 3732 ἀλαζόνας
589 3666 668 3730 δὲ,
710 3665 836 3729 τοὺς
859 3666 947 3735 ἐφ’
975 3648 1056 3728 οἷς
1099 3665 1201 3717 οὐκ
1226 3663 1442 3736 ἔχουσιν
1484 3663 1789 3735 αὐχοῦντας
1814 3663 1890 3727 ὡς

287 3760 554 3830 ἔχοντας·
598 3757 899 3829 ἐφευρετὰς
946 3755 1159 3822 κακῶν,
1188 3755 1317 3820 τοὺς
1350 3755 1442 3809 ἐπὶ
1486 3756 1603 3818 τοῖς
1632 3755 1890 3820 παλαιοῖς

289 3850 516 3914 κακοῖς,
536 3848 701 3920 ἕτερα
727 3844 1188 3918 καινοτομοῦντας
1211 3845 1379 3900 κακά·
1410 3844 1628 3914 γονεῦσι
1654 3846 1709 3899 δὲ
1727 3847 1889 3900 ἀπει-

288 3940 432 4007 θέῖς,
467 3942 597 4007 τοὺς
631 3942 727 3995 καὶ
759 3940 922 4014 μέχρι
967 3938 1078 3994 τῶν
1105 3938 1313 4008 γονέων
1337 3938 1663 4009 ἀγνώμονας
1686 3952 1702 3968 ·
1729 3939 1890 3991 ἀσυν-

290 4034 457 4099 έτους
500 4034 743 4100 δὲ,“τοὺς
785 4031 1190 4102 ἀσυνειδήτους,
1232 4024 1311 4085 ὧν
1361 4029 1515 4084 οὐδὲν
1553 4030 1885 4102 ἀφρονέστευ

291 4140 423 4197 ρον·
450 4124 784 4188 ἀσυνθέτους
830 4123 910 4190 δὲ,
943 4122 1069 4186 τοὺς
1098 4124 1218 4186 ταῖς
1253 4121 1554 4193 συνθήκαις
1586 4122 1662 4193 μὴ
1708 4120 1885 4192 ἐμμέ-

1927 1544 1979 1597 Α

2676 1540 2828 1597 CAP.
2860 1543 2900 1599 l.

2080 1649 2349 1706 \’t:ns.29.
2398 1671 2416 1703 ι
2446 1651 2700 1722 llepletos
2725 1658 2871 1712 omni
2903 1657 3186 1726 iniustitia,
3208 1660 3589 1730 fornicatione,

2003 1740 2245 1808 malitia;
2297 1743 2527 1798 refertos
2577 1746 2802 1812 invidia,
2850 1749 3019 1815 cmde,
3071 1750 3181 1818 lite,
3217 1753 3359 1817 dolo,
3411 1757 3591 1825 pravis

2003 1830 2282 1895 moribus;
2318 1844 2768 1903 murmuratores,
2813 1837 3165 1903 detractores,
3197 1838 3307 1894 Deo
3339 1843 3586 1907 odibiles,
3630 1852 3637 1859 '

2003 1922 2252 1990 injurias,
2281 1926 2565 1993 superbos.
2596 1945 2615 1979 ι

2075 2013 2189 2068 Hac
2229 2016 2505 2085 iniustitia:
2532 2018 2892 2088 appellatione
2960 2020 3141 2073 omnia
3199 2020 3435 2087 illorum,
3468 2038 3588 2091 qua:

2003 2109 2145 2165 inter
2172 2124 2293 2166 sese
2321 2113 2698 2177 admiserunt,
2740 2112 2943 2171 scelera
2991 2115 3329 2184 complexus,
3380 2114 3588 2187 singula

2000 2201 2257 2270 deinceps
2285 2203 2561 2271 sigillalim
2597 2205 2925 2260 dinumerat.
2974 2206 3052 2259 Ac
3079 2205 3339 2261 malitiam
3370 2209 3587 2277 quidem

2001 2291 2151 2356 dicit,
2197 2306 2318 2360 quze
2350 2306 2416 2347 ex
2467 2294 2877 2349 confirmatione
2920 2297 2986 2351 ad
3033 2298 3299 2366 quoniam,
3332 2314 3363 2353 e
3403 2299 3590 2354 laboro

2002 2384 2087 2449 iit,
2138 2383 2475 2451 πλεονεξίαν·
2522 2386 2810 2441 avaritiam
2865 2398 3068 2453 autem,
3127 2404 3322 2444 noxam
3369 2400 3426 2446 et
3480 2392 3591 2446 eir-

2000 2476 2436 2531 cumventiouem
2478 2477 2695 2547 accipit,
2744 2493 2865 2547 quae
2922 2478 2979 2532 iit
3007 2494 3073 2534 ex
3113 2480 3407 2546 cupiditate
3436 2482 3587 2552 plura
3636 2474 3637 2477 “

2002 2567 2269 2633 habendi;
2307 2567 2570 2622 malitiam
2624 2583 2756 2625 vero
2823 2579 3101 2636 conatum,
3143 2586 3251 2640 quo
3283 2574 3589 2642 proximum

1998 2673 2154 2713 suum
2185 2662 2470 2729 quisquam
2500 2659 2742 2730 aﬂligere
2768 2662 2949 2717 studet
2973 2679 2987 2727 ;
3011 2663 3267 2717 invidiam
3305 2678 3489 2732 porro,
3518 2665 3591 2718 ob

1996 2752 2229 2820 proximi
2264 2752 2639 2807 secundiorem
2690 2752 2983 2817 fortunam,
3039 2753 3306 2820 livorem;
3360 2757 3588 2818 easdem,

1998 2841 2063 2894 ad
2117 2842 2292 2910 ipsum
2344 2857 2518 2914 usque
2573 2845 2950 2910 homicidium,
3008 2847 3375 2913 motionent;-
3412 2846 3585 2911 litem,

1997 2932 2405 3003 vituperandam
2443 2950 2536 2990 seu
2590 2938 2656 2989 ad
2690 2937 2937 2991 convicia
2990 2948 3305 3007 vergentem
3359 2951 3587 2994 conten-

1997 3022 2193 3078 tionem
2228 3034 2418 3089 vocat;
2451 3023 2658 3088 dolum,
2693 3025 2763 3079 ob
2793 3023 3021 3079 fratrum
3066 3028 3326 3081 honorem
3358 3027 3587 3083 insidias

1994 3123 2047 3167 et
2079 3124 2264 3178 artes;
2315 3127 2525 3167 morum
2560 3113 2913 3184 pravitatem,
2967 3115 3136 3183 ipsam
3189 3116 3584 3182 morositatem,

1993 3212 2154 3272 atque
2186 3205 2319 3258 adeo
2357 3205 2412 3259 in
2448 3205 2572 3258 vita:
2619 3205 3157 3275 conversationisque
3212 3212 3424 3262 ratione
3475 3209 3582 3262 dii-

1994 3294 2326 3360 ilcultatem;
2366 3297 2850 3351 murmurationem
2902 3309 3106 3363 autem,
3154 3298 3256 3353 sub
3304 3300 3466 3353 dente
3518 3300 3591 3353 de

1992 3386 2350 3457 praasentibus
2399 3386 2903 3457 maleloquentiam;
2954 3390 3403 3445 obtrectationem
3463 3405 3579 3442 rna-

1993 3481 2340 3535 ledicentiam
2377 3495 2406 3533 a
2446 3480 2770 3548 quibusdam
2796 3480 2850 3533 in
2878 3480 3153 3535 absentes.
3196 3480 3306 3535 Deo
3330 3479 3591 3545 odibiles,

1993 3590 2099 3627 non
2132 3588 2230 3628 eos
2275 3587 2412 3642 quos
2445 3572 2588 3628 Deus
2623 3574 2797 3629 oderit
2828 3591 2843 3641 ;
2880 3588 2985 3627 non
3025 3572 3170 3627 enim
3218 3572 3361 3627 istud
3392 3584 3589 3627 sancto

1989 3664 2159 3719 Paulo
2181 3666 2293 3737 jam
2323 3682 2470 3722 nunc
2506 3670 2812 3720 monstrare
2862 3665 3196 3735 prepositum
3246 3672 3354 3728 est,
3390 3677 3578 3716 verum

1990 3777 2086 3819 eos
2117 3761 2209 3830 qui
2242 3760 2406 3815 Deum
2441 3761 2672 3815 oderunt
2700 3775 2713 3812 :
2766 3758 3044 3812 hominum
3097 3757 3169 3810 ita
3217 3756 3363 3811 circa
3394 3755 3576 3810 omnia

1990 3854 2423 3910 exsecrationem
2455 3851 2757 3919 explicans,
2808 3848 3057 3917 injurias,
3111 3849 3367 3913 audaces,
3407 3858 3576 3902 teme-

1989 3947 2163 4001 rarios
2202 3954 2256 3999 et
2305 3944 2697 3998 conviciaitores
2752 3951 2949 4005 vocat;
3000 3940 3282 4007 superbos,
3340 3954 3433 3994 eos
3483 3943 3583 4006 qui

1988 4052 2178 4094 eorum
2226 4051 2390 4090 causa
2439 4047 2557 4102 mite
2607 4034 2708 4101 ipsi
2762 4034 2984 4098 habent,
3033 4031 3289 4087 inflantur
3318 4048 3446 4105 erga
3478 4048 3576 4089 eos

1988 4124 2077 4193 qui
2131 4123 2255 4177 talia
2307 4137 2411 4178 non
2462 4122 2764 4191 possident.
2798 4122 3156 4191 Arrogantes,
3207 4132 3573 4177 ostentatores

286 4234 509 4282 νοντας,
533 4216 596 4280 ἃς
631 4216 699 4270 ἂν
730 4216 864 4288 πρός
894 4230 1046 4278 τινας
1093 4211 1427 4267 σύνθωνται·
1459 4214 1764 4285 ἀστόργους
1801 4213 1878 4281 δὲ,

1993 4216 2136 4281 dicit,
2177 4215 2267 4285 qui
2301 4215 2371 4268 oh
2400 4228 2461 4268 ea
2494 4229 2614 4282 qua:
2660 4230 2769 4268 non
2816 4215 3038 4278 habent,
3088 4214 3390 4283 gloriantur
3418 4231 3576 4286 aequo

284 4309 419 4373 τοὺς
440 4309 671 4380 ἀπηνεῖς
703 4308 799 4361 καὶ
823 4305 1050 4375 ἀφίλους
1075 4320 1090 4335 ·
1114 4304 1415 4367 ἀσπόνδους
1442 4303 1522 4372 δὲ,
1551 4306 1678 4368 τοὺς
1698 4306 1882 4360 ἀδιαλ-

286 4397 527 4461 λάκτους
580 4397 677 4451 κα)⁵
732 4393 1136 4469 μνησικάκους·
1180 4394 1559 4465 ,ἀνελεήμονας
1615 4394 1704 4457 δὲ,
1756 4396 1882 4459 τοὺς

286 4488 578 4560 ἁκαμπεῖς
625 4486 719 4542 καὶ
762 4484 1077 4546 άνενδὸτους
1132 4485 1272 4555 πρὸς
1318 4484 1490 4538 ἔλεον.
1536 4484 1879 4551 Ἀλαζόνας.

286 4580 355 4634 Εί
386 4579 501 4652 γὰρ
527 4581 557 4633 ό
600 4578 906 4649 κατορθῶν,
939 4579 1005 4649 τῇ
1049 4575 1340 4647 ἀλαζονείᾳ
1361 4576 1711 4647 χρησάμενος
1754 4576 1878 4629 έκέο

1988 4322 2050 4360 ac
2084 4308 2128 4360 si
2162 4307 2394 4360 habeant
2422 4322 2435 4371 ;
2494 4307 2806 4362 inventores
2834 4306 3121 4371 malorum,
3168 4308 3261 4378 qui
3289 4306 3359 4362 ob
3391 4315 3571 4362 vetera

1986 4393 2146 4453 mala,
2190 4393 2291 4446 alia
2326 4410 2431 4447 non
2460 4394 2681 4462 perinde
2714 4384 2874 4458 bona,
2908 4410 3046 4451 nova
3082 4396 3258 4453 moliri
3305 4398 3568 4468 ﬂagrant;

1984 4485 2303 4553 parentibus
2381 4485 2796 4554 immorigeros,
2855 4488 3229 4555 imprudentes
3289 4489 3342 4542 in
3412 4490 3583 4542 rebus

1984 4574 2305 4644 pureutum';
2360 4574 2698 4642 insipientes,
2741 4576 3073 4647 conscientia
3111 4588 3411 4634 vacantes:
3462 4582 3569 4635 htt-

285 4690 430 4727 νωσε
462 4670 530 4725 τά
556 4660 996 4741 κατορθωθέντα,
1024 4670 1186 4730 ποίας
1211 4668 1279 4721 ἂν
1310 4668 1396 4738 εἴη
1427 4666 1702 4738 τιμωρίας
1726 4667 1877 4733 ἄξιος

1993 4665 2213 4725 iusmodi
2246 4664 2389 4718 enim
2427 4662 2667 4717 nihil-est
2696 4664 3039 4727 insipientius
3064 4682 3091 4731 ;-
3116 4666 3569 4739 foederis-exper-

285 4767 315 4818 ό
364 4766 426 4818 ὲν
475 4754 771 4835 ἁμαρτίαις
817 4758 1318 4831 ἀλαζονευόμενοςς
1377 4758 1731 4835 Ἕφευρετὰς
1774 4776 1877 4812 κα-

1986 4765 2086 4816 tes,
2120 4756 2211 4823 qui
2243 4764 2400 4824 pacta
2435 4769 2538 4810 non
2573 4766 2812 4819 servant,
2834 4770 2932 4810 nec
2960 4758 3243 4826 promissis
3271 4768 3441 4825 stant,
3469 4776 3565 4817 nec

287 4854 437 4910 κῶν.
466 4853 645 4926 Ὅπερ
677 4851 1028 4924 μελετώντων
1053 4849 1149 4904 καὶ
1185 4848 1599 4913 σπουδαζόντων
1632 4848 1786 4911 ῐδιον,
1811 4847 1873 4901 οὐ

1993 4844 2280 4898 lmderibus
2316 4845 2630 4911 perdurant,
2669 4860 2789 4913 qua:
2815 4858 2936 4898 cum
2968 4847 3240 4901 nonnullis
3292 4863 3571 4917 percusse-

292 4944 405 5016 μὴν
426 4946 787 5014 ἀγνοούντων.
823 4944 1216 5009 Ἁσυνθέτους
1241 4939 1680 5010 ἀνελεήμονας.
1719 4940 1873 4994 Ἀπο-

291 5036 666 5108 σχοινίζοντας
695 5038 802 5091 ἀπὸ
837 5038 1079 5102 πάντων,
1104 5035 1372 5099 τουτέστι,
1411 5032 1621 5096 πάντας
1652 5031 1871 5103 μισοῦν-

286 5144 390 5192 τας
418 5128 513 5181 καὶ
540 5127 1072 5198 ἀποστρεφομένους.

1990 4937 2120 4992 rint.
2173 4936 2218 4989 A
2249 4936 2530 4991 charitatis
2564 4936 2757 4990 alfectu
2810 4936 3020 4991 alienos
3048 4979 3064 5004 ,
3118 4939 3355 4995 immites
3382 4941 3581 5011 appelw

1979 5029 2073 5094 lat,
2107 5038 2163 5084 et
2189 5042 2382 5094 saevos,
2419 5036 2473 5083 et
2500 5028 2980 5085 amicis-carentes
3008 5048 3022 5095 ;
3059 5033 3563 5098 irreconciliahiles,

1979 5120 2473 5177 reconciliationem
2525 5130 2620 5174 aut
2652 5121 2896 5179 inducias
2928 5138 3033 5177 nou
3074 5115 3445 5189 admittentes,
3484 5126 3565 5179 irt-

280 5220 659 5290 juriarumque
689 5235 794 5275 non
826 5220 1208 5286 immemores;
1268 5216 1728 5275 immisericordes
1773 5228 1923 5281 vero,
1969 5212 2311 5277 inﬂexibiles,
2338 5227 2513 5284 neque
2564 5214 2702 5269 adeo
2747 5218 2815 5270 ad
2868 5216 3297 5272 misericordiam
3329 5232 3564 5287 propen-

285 5326 401 5367 sos.
457 5313 824 5383 Arrogantes;
876 5310 920 5365 si
970 5309 1115 5364 enim
1167 5320 1314 5365 recte
1348 5325 1517 5381 agens
1549 5309 1615 5379 (si
1643 5316 1882 5364 ostentet
1920 5306 2061 5375 sese)
2101 5308 2153 5361 in
2182 5307 2412 5361 nihilum
2482 5307 2691 5375 redegit
2744 5309 2815 5361 ab
2847 5324 2907 5362 se
2937 5321 3086 5363 recte
3136 5319 3281 5373 aeta,
3333 5319 3387 5364 et
3432 5326 3557 5365 t-mu

285 5384 840 5476 virtute,"qualiuam
902 5402 1163 5472 supplicio
1214 5403 1408 5472 dignus
1461 5400 1624 5458 fuerit
1676 5403 1766 5472 qui
1812 5402 1863 5456 in
1907 5401 2147 5469 peccatis
2201 5400 2314 5455 suis
2379 5413 2501 5453 sese
2572 5400 2857 5455 ostentat?
2921 5400 3221 5455 inventores
3273 5405 3555 5468 motorum,

284 5542 317 5593 Ρ

321 5499 590 5555 arentibus
666 5496 1059 5567 immorigeros,
1128 5496 1455 5565 insipientes,
1506 5494 1716 5564 {aderis
1758 5504 2015 5557 expertes,
2076 5509 2109 5545 η
2154 5492 2437 5546 charitatis
2525 5492 2723 5559 alecto
2792 5493 3013 5559 alienos,
3070 5494 3559 5561 irretonciliabitu,

285 5585 778 5661 immisericordes:
844 5588 988 5659 quod
1040 5586 1260 5657 quidem
1317 5588 1689 5641 exercentium
1748 5599 1866 5641 sese
1906 5585 2182 5654 proprium
2244 5593 2348 5649 est,
2380 5594 2434 5637 et
2463 5586 2706 5640 studiose
2736 5585 3029 5655 quidquam
3078 5588 3392 5653 agentium;
3452 5600 3559 5641 neu

286 5684 833 5751 certeignorantium.
870 5680 1209 5737 Dissidentcs
1235 5677 1303 5734 ab
1330 5680 1584 5735 omnibus
1639 5682 1741 5739 huc
1766 5687 1870 5745 est,
1911 5693 2104 5734 omnes
2132 5679 2258 5733 odio
2319 5689 2718 5747 prosequentes
2773 5690 3221 5755 aversantesque.

349 5815 414 5878 (⁸)
462 5813 648 5873 Graeca
702 5813 1139 5883 deprompsimus
1184 5825 1253 5866 ex
1309 5818 1501 5885 catena
1548 5809 1865 5869 (Eeumenii
1896 5813 1948 5868 in
2021 5812 2292 5882 Epistmas
2325 5814 2499 5870 sancti
2540 5811 2712 5880 Pauli,
2748 5825 2876 5872 tom.
2904 5814 2948 5882 Ι,
2986 5814 3194 5886 ροίιυ.
