4164 6524
317 422 454 492 1673

1327 396 1784 483 FRAGMENTA
1816 419 1897 479 IN
1937 417 2173 480 EPIST-
2214 420 2314 480 AD
2354 419 2534 480 non.

3419 404 3552 482 1674

312 551 474 599 νατος
519 507 890 596 ἐϐασίλευσεν,
943 530 1051 607 ἄρα
1098 526 1192 585 οὖν
1240 529 1423 602 πολλῷ
1470 528 1669 599 μᾶλλον
1717 528 1767 580 οἱ
1823 526 1884 578 τὸ

1992 526 2371 582 abundantiam
2405 526 2591 597 gratia:
2614 525 2669 580 in
2690 540 2795 580 uno
2820 524 3037 581 Christo
3068 534 3408 597 receperunt,
3438 532 3551 584 sic-

313 630 479 684 πλὲον
509 629 609 699 τῆς
646 630 727 692 εἰς
764 626 1110 696 δικαιοσύνην
1157 623 1380 695 χάριτος
1424 624 1482 677 ὲν
1512 619 1591 692 τῷ
1625 620 1706 673 ὲνὶ
1743 618 1881 687 Χρι-

315 721 428 794 στῷ
454 720 831 793 κομιζόμενοι,
862 716 1045 781 καθὼς
1087 714 1488 778 ἀποδέδεικται,
1536 711 1881 784 βασιλεύσου-

315 808 401 870 σιν
426 817 487 869 ἑν
515 813 772 883 ἀθανάτῳ
802 812 914 883 ζωῇ
948 811 1048 882 (1).

390 925 411 959 ι
449 906 566 959 ἰνα
600 904 787 974 ὥσπερ
833 900 1185 956 ἐϐασίλευσεν
1229 900 1263 969 ὴ
1300 898 1542 969 ἁμαρτία
1593 896 1651 948 ὲν
1683 894 1759 965 τῷ
1792 894 1884 946 θα·

314 998 481 1066 νάτῳ.
528 1015 548 1050 ι

387 1088 552 1142 Ὥστε
575 1088 740 1157 φησιν
764 1085 1161 1158 ἀναντίρρητον
1177 1086 1281 1151 ὅτι,
1301 1084 1553 1153 καθάπερ
1582 1083 1616 1152 ἡ
1642 1081 1885 1151 ἁμαρτία

313 1180 416 1251 τὴν
451 1180 651 1250 ἑαυτῆς
685 1181 744 1232 ὲν
776 1177 855 1249 τῷ
898 1177 1115 1249 Θανάτῳ
1147 1178 1243 1231 καὶ⁹
1271 1175 1361 1231 διὰ
1397 1174 1495 1227 τοῦ
1538 1172 1772 1226 θανάτου
1795 1172 1886 1224 δυ-

314 1272 568 1326 ναστείαν
611 1269 931 1341 ἑκράτυνεν,
962 1269 1105 1324 οὕτω
1134 1271 1231 1323 καὶ
1271 1270 1304 1339 ἡ
1338 1268 1499 1340 χάρις
1525 1267 1624 1336 τὴν
1668 1266 1727 1319 ὲν
1754 1266 1887 1335 Χρι-

320 1365 434 1436 στῷ
478 1365 591 1428 τοῖς
639 1365 774 1417 πᾶσι
824 1362 1176 1435 παρεχομένη
1224 1362 1527 1426 δικαίωσιν,
1562 1362 1621 1413 ὲν
1664 1357 1886 1411 ἀτελευ-

316 1460 464 1530 τήτῳ
492 1457 605 1528 ζωῇ
630 1455 731 1528 τὴν
759 1456 1040 1526 βασιλείαν
1070 1456 1354 1529 ἀδιάδοχον
1385 1456 1518 1523 ἕξει.

918 1548 1171 1603 ΚΕΦΑΛ.
1201 1549 1291 1616 q'.

397 1659 415 1692 ι
479 1639 544 1693 Τί
590 1634 683 1695 οῦν
771 1639 1046 1712 ἑροῦμενς
1111 1639 1513 1710 Ἐπιμενοῦμεν
1568 1642 1634 1711 τῇ
1706 1641 1888 1711 ἁμαρ-

315 1733 426 1806 τίᾳ,
462 1751 480 1784 ι
511 1751 564 1788 κ.
594 1751 644 1789 τ.
676 1734 727 1787 λ.

388 1826 468 1879 Τά
492 1826 834 1897 προλαϐόντα
858 1827 1097 1900 εἰρηκὼς
1123 1826 1218 1880 ἐπὶ
1243 1826 1501 1881 συστάσει
1519 1825 1617 1880 τοῦ
1639 1827 1765 1898 περὶ
1789 1826 1889 1895 τῆς

318 1918 460 1972 κατὰ
506 1918 742 1991 Χιριστὺν
787 1920 1009 1993 χάριτος
1044 1919 1230 1989 λόγου,
1285 1919 1526 1973 συνεῖδεν
1574 1920 1638 1972 ἐκ
1681 1918 1887 1973 τούτων

316 2014 466 2086 αὐτῷ
510 2016 837 2088 τικτομένην
883 2016 1191 2071 ἀντίθεσινο
1229 2016 1324 2071 καὶ
1364 2016 1572 2086 ταύτην
1622 2014 1883 2078 ἀντιθεὶς.

317 2107 395 2173 ὡς
434 2108 542 2162 ἀπὸ
580 2108 675 2162 τοῦ
701 2110 942 2164 ἐναντίου
985 2110 1084 2182 τὴν
1120 2109 1273 2163 λύσιν
1316 2108 1485 2180 αὐτῆς
1529 2108 1886 2181 ἰσχυροτάτην

318 2198 635 2272 ἐργάζεται,
680 2202 773 2255 καί
815 2219 980 2274 φησιν
1009 2217 1022 2231 ο
1060 2203 1121 2256 Τί
1169 2190 1284 2257 οὖν
1326 2202 1609 2272 ἐροῦμεν;
1652 2202 1886 2271 Ἐπιμε-

318 2291 543 2362 νοῦμεν
579 2292 656 2362 τῇ
688 2293 964 2365 ἁμαρτίᾳ,
992 2294 1095 2349 ἵνα
1126 2296 1165 2363 ὴ
1199 2293 1370 2365 χάρις
1405 2294 1760 2361 eaeor-den;
1789 2292 1886 2362 Μὴ

318 2383 585 2452 γένοιτ·οέ
608 2380 758 2455 Ἆρα
784 2382 898 2452 οὖν,
937 2386 1124 2456 φησιν,
1159 2385 1224 2439 εκ
1243 2402 1306 2454 γε
1332 2380 1407 2440 ὧν
1435 2385 1592 2455 ἔφην,
1619 2385 1694 2448 ὡς
1727 2384 1888 2450 ἐπεξ-

318 2478 667 2548 αμαρτητέον
719 2481 870 2549 ἡμῖν.
914 2481 1009 2531 καὶ
1058 2478 1232 2551 ταύτῃ
1291 2479 1389 2551 τὴν
1430 2480 1592 2550 χάριν
1635 2479 1889 2549 ποιητέον

322 2571 545 2626 πλείονά
568 2589 627 2625 τε
650 2572 743 2626 καὶ⁵
774 2571 1013 2642 μείζονα,
1056 2572 1212 2644 εἴπερ
1240 2572 1332 2625 οῦν
1364 2574 1501 2643 πρὸς
1528 2571 1589 2625 τὸ
1619 2571 1727 2625 τῶν
1755 2573 1890 2643 ἡμε-

320 2664 497 2735 τέρων
533 2665 737 2735 πλῆθος
774 2666 1189 2736 ἁμαρτημάτων
1224 2665 1320 2720 καὶ¹
1349 2666 1384 2736 ἡ
1424 2664 1630 2736 ταύτης
1668 2664 1891 2732 αὔξεται

324 2755 523 2823 φύσις;
558 2756 767 2827 (Ἐοικε
812 2756 872 2810 δὲ
922 2756 1159 2827 μάλιστα
1195 2755 1371 2819 τοῦτο,
1404 2756 1481 2827 τῷ
1525 2757 1682 2810 Φασί
1704 2776 1709 2785 ί
1730 2773 1892 2821 τινες

321 2847 481 2916 ἡμᾶς
515 2848 734 2917 λέγειν,
781 2847 1129 2917 Ποιήσωμεν
1165 2847 1237 2902 τὰ
1289 2849 1464 2915 κακὰ,
1503 2848 1603 2903 ἵνα
1649 2849 1795 2919 ἔλθῃ
1820 2850 1893 2905 τὰ

320 2938 557 3009 ἀγαθά.)
583 2938 681 3006 Μὴ
706 2939 974 3009 retrorsa!
1000 2940 1155 3010 φησί.
1180 2939 1330 3005 Τέως
1349 2940 1424 3005 ὡς
1446 2940 1660 2995 ἀνόσιον
1681 2941 1742 3014 [Γ.
1767 2944 1894 2997 ἀνά-

322 3029 456 3102 ξιον]
506 3031 709 3095 παντὸς
753 3031 1015 3103 λογισμοῦ
1049 3031 1142 3084 τὸν
1183 3031 1342 3101 λόγον
1392 3032 1704 3104 ἀπηύξατοο
1754 3034 1892 3105 μετὰ

260 3132 261 3135 ‘
320 3122 479 3176 τοῦτο
504 3123 563 3177 δὲ
587 3124 688 3195 ἥδη
719 3124 814 3177 καὶ⁸
839 3124 1122 3194 λογισμοῖς
1148 3126 1573 3196 ἀναμφιλέκτοις
1598 3130 1619 3158 ¹
1648 3128 1747 3199 τὴν
1772 3130 1893 3182 ἀτο-

322 3215 453 3268 πίαν
482 3214 648 3269 αὐτοῦ
682 3216 971 3286 διελέγχει,
1007 3216 1100 3269 καί
1125 3234 1291 3286 φησιν
1309 3235 1324 3249 ·
1349 3218 1577 3284 Οἵτινες
1601 3218 1895 3273 ἀπεθάνο-

317 3321 434 3376 μεν
460 3303 536 3374 τῇ
556 3304 831 3375 ἁμαρτίᾳ,
860 3305 987 3371 πῶς
1004 3306 1092 3360 ἔτι
1127 3305 1385 3377 ζήσομεν
1408 3309 1478 3361 ἐν
1504 3309 1693 3377 abegi;
1727 3310 1896 3364 Τοῦτο

326 3395 518 3462 λέγειν
546 3395 635 3461 ἂν,
663 3398 849 3467 φησὶν,
876 3398 1052 3467 ἔχοιεν
1077 3399 1128 3450 οἱ
1158 3401 1414 3469 σαρκικοί
1441 3418 1501 3455 τε
1532 3403 1625 3455 καὶ
1644 3403 1893 3458 ὅιπιστοι⁸

324 3487 475 3557 ἡμᾶς
507 3486 690 3558 μέντοι
728 3487 838 3542 τῶν
871 3489 1220 3544 παντάπασιν
1246 3491 1528 3546 ἀδυνάτων
1563 3496 1712 3547 ἐστὶν
1737 3491 1897 3561 αὖθις

325 3579 629 3634 ἀναϐιῶναι
651 3584 717 3652 τῇ
741 3565 988 3654 ἁμαρτίᾳ
1011 3584 1136 3647 τοὺς
1166 3583 1313 3652 ἅπαξ
1334 3586 1706 3651 ἀποθανόντας
1731 3590 1892 3661 αὐτῇ.

402 3691 421 3723 ι
466 3674 535 3726 Ἢ
568 3673 814 3743 ἀγνοεῖτε
838 3676 920 3728 ὄτι
960 3680 1074 3730 ὅσοι
1100 3676 1515 3752 ἐϐαπτίσθημεν
1548 3684 1629 3746 εἰς
1659 3685 1895 3754 Χριστὸν

335 3766 565 3836 Ἰησοῦν,
601 3785 620 3819 ι
651 3785 704 3821 κ.
746 3786 799 3822 τ.
833 3768 882 3825 λ.

399 3860 543 3917 ’Ίστε
570 3863 729 3917 τοῦτο
758 3863 1001 3931 πάντως,
1025 3867 1211 3936 φησιν,
1238 3868 1315 3932 ὡς
1341 3868 1403 3923 τὸ
1432 3871 1670 3941 Χριστοῦ
1708 3872 1895 3943 βάπτι-

323 3960 440 4024 σμα
477 3953 648 4009 τύπον
674 3954 820 4025 ἔχειν
858 3956 1046 4023 αὑτοῦ,
1074 3959 1169 4013 τοῦ
1198 3977 1259 4014 τε
1303 3960 1536 4016 Θανάτου
1569 3965 1750 4035 φαμὲν
1800 3969 1894 4020 καὶ

321 4046 425 4113 τῆς
466 4044 838 4112 ἀναστάσεως.
868 4048 930 4102 Οί
963 4050 1143 4103 τοίνυν
1174 4052 1332 4106 τοῦτο
1371 4052 1551 4107 πίστει
1586 4055 1888 4126 δεξάμενοι,

322 4136 589 4206 πρόδηλον
621 4136 698 4201 ὡς
728 4139 821 4191 ἐπὶ
859 4142 979 4203 ταῖς
1003 4140 1215 4195 ἐλπίσιν
1250 4144 1385 4198 αὐτὸ
1410 4146 1637 4211 ταύταις
1665 4148 1889 4220 εἰλήφα-

324 4245 446 4300 μεν,
475 4230 562 4282 ἵνα
583 4228 772 4301 ὥσπερ
788 4230 996 4303 ἠγέρθη
1026 4234 1258 4303 Χριστὸς
1284 4238 1349 4290 ἐκ
1376 4239 1588 4310 νεκρῶν
1607 4242 1688 4304 είς
1713 4242 1890 4295 υἱοθε-

322 4321 445 4376 σίαν
465 4321 710 4389 ἐπίδοξον
729 4339 742 4352 ·
771 4321 931 4377 τοῦτο
956 4324 1065 4398 γὰρ
1104 4326 1253 4396 λέγει
1284 4331 1385 4385 Διὰ
1421 4330 1530 4400 τῆς
1557 4334 1744 4401 δόξης
1784 4335 1890 4390 τοῦ

324 4413 574 4482 Πατρός,
607 4413 752 4468 οὓτω
780 4417 876 4470 καὶ
904 4418 1065 4489 ἡμεῖς
1101 4420 1196 4473 τοῦ
1235 4421 1467 4477 θανάτου
1492 4428 1890 4494 κεκοινωνηκό-

322 4520 412 4569 τες
442 4504 591 4577 αύτῷ
633 4505 722 4561 διὰ
759 4505 856 4561 τοῦ
887 4508 1279 4583 βαπτίσματος,
1322 4518 1572 4572 κοινωνοὶ
1610 4513 1754 4590 ἦμεν
1788 4519 1889 4591 τῆς

1988 625 2046 670 ιιι
2103 618 2532 672 demonstratum
2567 620 2670 681 est,
2704 616 3010 687 regnabant
3038 615 3093 671 in
3121 626 3323 673 aeterna
3358 619 3490 673 vita.

2043 904 2208 959 Vens.
2275 904 2362 959 21.
2402 922 2422 954 ι
2474 903 2546 959 Ut
2615 903 2755 957 sicut
2825 896 3067 972 regnavit
3133 906 3412 973 peccatum
3460 919 3556 972 per

1982 1007 2234 1054 mortem.
2270 1016 2292 1050 ι

2039 1091 2197 1148 Unde
2222 1090 2412 1162 procul
2436 1090 2599 1146 dubio
2642 1090 2986 1145 manifestum
3040 1100 3125 1145 est
3165 1090 3331 1160 quod,
3368 1104 3557 1159 quem-

1985 1191 2285 1244 admodum
2347 1188 2629 1259 peccatttm’
2679 1188 2735 1243 in
2769 1195 2946 1244 morte
2987 1197 3043 1241 et
3072 1203 3168 1257 per
3197 1198 3424 1242 mortem
3459 1201 3557 1256 po-

1989 1280 2213 1336 tentiam
2249 1294 2402 1335 snam
2432 1280 2796 1347 conﬁrmairit,
2822 1281 2898 1335 ita
2924 1289 2980 1335 et
3002 1281 3197 1347 gratia,
3228 1280 3481 1334 omnibus
3504 1282 3556 1332 in

1988 1371 2204 1427 Christo
2228 1371 2669 1441 jnstiﬁcationem
2690 1373 2948 1443 largiens,
2985 1368 3209 1442 regnum
3243 1371 3558 1427 indeﬁciens

1991 1465 2046 1518 in
2086 1476 2287 1518 aeterna
2314 1464 2423 1520 vita
2452 1466 2742 1521 obtinebit.

2641 1554 2793 1610 CAP.
2828 1556 2916 1611 VI.

2046 1642 2208 1701 Vens.
2245 1646 2295 1700 l.
2345 1664 2364 1695 ‹
2414 1644 2552 1711 Quid
2598 1660 2728 1713 ergo
2764 1630 3062 1699 dicemus?
3120 1642 3562 1697 Permanebimns

1995 1738 2047 1791 in
2073 1747 2317 1806 peccato,
2368 1755 2386 1786 ι
2413 1748 2520 1790 etc.

2069 1831 2197 1897 Qua:
2232 1831 2566 1899 prtecedunt,
2623 1824 2877 1899 pra-latus
2903 1838 2963 1883 ut
2986 1827 3292 1883 doctrinam
3316 1826 3382 1881 de
3406 1824 3564 1881 Chri-

1991 1924 2056 1980 sti
2088 1924 2259 1994 gratia
2287 1932 2577 1987 astrueret,
2606 1923 2779 1979 sensit
2801 1938 2987 1978 ansam
3011 1919 3299 1989 objectioni
3353 1915 3562 1980 datam,

1987 2033 2150 2088 quam
2175 2019 2288 2087 ipse
2312 2017 2413 2073 sibi
2448 2029 2746 2088 opponens,
2779 2018 2894 2085 ejus
2924 2015 3306 2070 Validissimam
3334 2002 3562 2068 solutio-

1990 2122 2112 2163 nem
2135 2109 2291 2179 quasi
2326 2090 2393 2164 ex
2446 2123 2677 2180 persona
2732 2106 3156 2163 contradicentis
3203 2104 3443 2168 adducit,
3476 2103 3561 2155 die

1990 2216 2156 2258 cens:
2176 2203 2318 2270 Quid
2350 2220 2473 2275 ergo
2489 2203 2761 2259 dicemus?
2781 2200 3213 2256 Permanebimtts
3248 2199 3304 2252 in
3324 2194 3559 2268 peccato,

1990 2306 2049 2350 ut
2073 2298 2246 2368 gratia
2279 2295 2542 2350 abundet?
2571 2295 2718 2349 Absit
2744 2293 2766 2348 !
2801 2292 2962 2360 Num,
2985 2278 3184 2363 inquit,
3214 2306 3282 2345 ex
3308 2290 3390 2345 his
3439 2304 3560 2359 qua:

1989 2405 2021 2445 a
2049 2405 2135 2445 me
2160 2389 2302 2444 dicta
2325 2400 2449 2445 sunt
2474 2389 2591 2445 erui
2613 2397 2788 2457 potest
2813 2388 2957 2458 quod
3008 2387 3164 2442 nobis
3189 2392 3411 2455 peCcata
3435 2397 3562 2453 pecs

1990 2483 2127 2538 catis
2187 2484 2386 2537 addere
2460 2483 2654 2548 liceat,
2717 2496 2824 2552 quo
2868 2481 3120 2536 videlicet
3178 2479 3349 2548 major
3390 2479 3563 2533 abnua-

1991 2574 2310 2643 dantiorqne
2356 2575 2531 2645 gratia
2581 2575 2801 2639 evadat,
2845 2574 3110 2644 siquidem
3139 2573 3226 2627 illa
3261 2571 3559 2626 secundum

1994 2667 2390 2722 multitudinem
2424 2669 2747 2724 delictorum
2796 2677 3105 2722 nostrornnt
3148 2656 3559 2734 ampliﬁcatur?

1993 2759 2129 2833 (Hoc
2151 2770 2331 2816 autem
2365 2762 2479 2817 fere
2515 2762 2656 2817 idem
2687 2772 2772 2818 est
2799 2771 2960 2832 atque
2982 2759 3111 2815 illud
3138 2758 3329 2814 iAiunt
3346 2758 3561 2828 quidam

1991 2871 2084 2910 nos
2104 2855 2296 2937 dicere,
2329 2850 2617 2909 Faciamus
2634 2855 2779 2909 mala
2811 2864 2869 2909 ιιι
2908 2852 3115 2908 veniant
3144 2853 3326 2921 bona.)
3366 2851 3509 2905 Absit
3538 2842 3563 2904 ἐ

1994 2950 2194 3020 inquit.
2230 2948 2473 3003 Primum
2528 2948 2743 3005 scilicet
2795 2947 2960 3003 talem
2999 2947 3349 3025 sententiam,
3404 2946 3563 3016 quasi

1991 3044 2136 3100 omni
2170 3042 2515 3099 discussione
2554 3041 2774 3112 indigna
2816 3042 2912 3106 sit,
2955 3041 3319 3111 deprecatur;
3371 3040 3566 3095 deinde

1991 3136 2336 3209 probationes
2381 3136 2545 3192 etiam
2587 3135 2916 3191 indubitatas
2953 3135 3191 3198 adducit,
3215 3135 3414 3205 quibus
3463 3134 3561 3187 aha

1996 3233 2317 3287 surditatem
2351 3232 2470 3300 ejus
2498 3239 2713 3301 arguat,
2735 3230 2923 3286 dicens
2958 3246 2973 3283 :
3025 3223 3132 3294 Qui
3179 3230 3318 3284 enim
3368 3229 3565 3283 mortui

1997 3339 2177 3382 sumus
2194 3328 2425 3392 peccato,
2446 3323 2707 3393 quomodo
2738 3320 2912 3375 adhuc
2933 3321 3157 3374 vivemus
3188 3324 3242 3373 in
3261 3320 3353 3373 illo
3378 3321 3402 3373 ?
3433 3318 3565 3383 Hoc,

1998 3418 2196 3489 inquit,
2228 3418 2409 3472 dicere
2436 3415 2685 3470 carnales
2736 3414 2919 3469 forsan
2962 3412 3316 3482 inlidelesque
3362 3430 3567 3484 pracsu-

1996 3509 2310 3567 ment:sed
2371 3521 2559 3564 revera
2610 3506 2833 3561 omnino
2898 3505 3234 3575 impossibile
3281 3514 3386 3570 est,
3445 3521 3568 3572 nos,

1994 3612 2220 3675 peccato
2250 3600 2415 3657 semel
2445 3607 2711 3662 mortuos,
2746 3608 2974 3669 peccato
3011 3596 3192 3652 denuo
3219 3597 3565 3652 reviviscere.

2057 3696 2222 3752 Vsus.
2255 3694 2309 3748 3.
2346 3710 2365 3745 ι
2404 3693 2486 3747 An
2534 3690 2797 3759 ignoratis
2850 3688 2977 3759 quia
3032 3688 3340 3759 quicunque
3396 3689 3571 3757 bapti-

1997 3789 2102 3843 zati
2128 3802 2315 3843 sumus
2339 3786 2394 3840 in
2426 3783 2645 3841 Christo
2663 3780 2816 3846 .lesu,
2850 3798 2871 3833 ι
2904 3788 3010 3836 etc.

2052 3880 2184 3942 Hoc,
2210 3878 2403 3946 inquit,
2430 3874 2656 3931 omnino
2678 3871 2925 3936 novistis,
2949 3870 3151 3926 Christi
3186 3870 3453 3940 baptisma
3485 3880 3570 3944 ty-

1993 3988 2117 4043 pum
2146 3972 2265 4041 ejus
2290 3968 2512 4030 habere,
2548 3964 2761 4027 mortis,
2791 3962 3032 4032 inquam.
3065 3972 3119 4016 et
3148 3962 3570 4017 resurrectionis

1994 4063 2190 4137 ipsius.
2217 4060 2537 4130 Quicunque
2577 4066 2757 4111 autem
2796 4055 2900 4109 hoc
2944 4053 3286 4122 mysterium,
3343 4054 3573 4108 creden-

1993 4169 2093 4224 tes,
2123 4154 2481 4225 suscepimus,
2510 4152 2632 4207 ideo
2657 4149 2813 4205 ﬁdem
2842 4148 2991 4203 illam
3013 4147 3247 4216 amplexi
3274 4160 3481 4212 sumus,
3514 4156 3573 4200 ut

1993 4251 2174 4322 ipsam
2208 4249 2263 4304 in
2304 4247 2444 4302 hanc
2500 4259 2652 4315 spem
2705 4242 3076 4307 traducamus,
3125 4240 3271 4308 quod
3336 4239 3566 4307 scilicet,

1988 4341 2441 4417 quemadmodum
2463 4336 2700 4393 surrexit
2724 4334 2973 4391 Christus
2995 4348 3024 4386 a
3042 4333 3269 4387 mortuis
3292 4332 3345 4387 in
3370 4334 3571 4404 glorio-

1988 4453 2104 4494 sam
2159 4433 2506 4505 adoptionem
2538 4431 2665 4502 (hoc
2710 4428 2858 4485 cnim
2890 4428 3162 4499 signiﬁcat
3204 4426 3305 4481 Per
3341 4430 3569 4499 gloriam

1990 4529 2195 4601 Patris)
2225 4570 2242 4597 ,
2281 4529 2353 4583 ita
2384 4536 2442 4582 et
2475 4540 2595 4588 nos,
2652 4525 2844 4577 mortis
2887 4522 3025 4589 ejus,
3073 4536 3173 4591 per
3215 4523 3567 4591 baptismum,

321 4598 603 4670 ἀκηράτου
630 4599 726 4654 καὶΙ
756 4600 1106 4656 άπαλαιώτου
1131 4609 1225 4659 καὶ
1249 4609 1656 4683 παμμακαρίας
1677 4610 1890 4681 ἐκείνης

1992 4598 2285 4693 participes
2344 4615 2497 4684 lacti,
2557 4614 2721 4667 vitam
2778 4612 2923 4666 illam
2977 4616 3313 4680 perbeatatn,
3380 4622 3563 4665 corru-

321 4690 488 4763 ζωῆς.

404 4893 421 4927 ι
453 4877 624 4933 Τοῦτο
656 4878 1039 4948 γινώσκοντες,
1069 4883 1153 4937 ὅτι
1182 4885 1212 4938 ὁ
1242 4888 1471 4955 παλαιὸς
1496 4894 1655 4964 ἡμῶν
1678 4895 1891 4968 ἄνθρω-

326 4972 450 5032 πος,
492 4986 512 5019 ι
550 4987 604 5025 κ.
631 4989 686 5027 τ.
715 4974 767 5029 λ.

395 5062 661 5116 Παλαιὸν
685 5064 992 5140 ἄνθρωπον,
1029 5073 1122 5128 τὸν
1155 5074 1396 5148 φθαρτὸν
1426 5078 1573 5149 λέγει
1596 5084 1693 5136 καὶ
1713 5083 1891 5153 πάθη-

324 5171 415 5209 τον
433 5173 448 5187 ο
478 5156 554 5221 ὠς
591 5157 703 5227 τῆς
722 5167 1116 5233 παλοιότητος
1140 5168 1470 5243 φθειρούσης
1501 5173 1592 5227 τὸν
1618 5176 1789 5247 ὅσπερ
1823 5176 1893 5229 ἂν

324 5251 625 5320 ἐπιγένοιτο
648 5270 662 5284 ’
695 5254 971 5325 ἁμαρτίας
998 5257 1056 5311 δὲ
1088 5260 1249 5330 σῶμά
1277 5278 1430 5334 φησι,
1457 5266 1520 5319 τὸ
1562 5266 1761 5338 μηκέτι
1795 5266 1893 5338 μὲ-

396 5434 417 5464 ⁹
442 5434 573 5490 Cod.
606 5437 1045 5507 ἀνεμφιλέκτοις.

371 5591 651 5661 (l)Catena
668 5591 925 5648 Theoduli
947 5596 1041 5649 sub
1066 5597 1268 5651 nomine
1284 5595 1545 5653 Gettnadii
1571 5600 1680 5654 haec
1704 5600 1891 5653 tradit:

327 5660 514 5717 Simile
537 5674 620 5744 est
644 5662 742 5744 hoc
758 5665 806 5719 ei
833 5667 977 5735 quod
1001 5664 1209 5744 Calatis
1238 5669 1527 5744 Apostolus
1554 5672 1726 5744 dixit;
1753 5668 1892 5744 Lex,

323 5735 828 5807 praevaricationum
863 5751 1025 5789 causa
1054 5737 1158 5790 lata
1183 5735 1453 5793 estINam
1486 5741 1749 5807 particula
1769 5741 1890 5807 ἵνα,

323 5802 379 5856 id
399 5813 487 5879 est
542 5814 624 5869 ut,
650 5806 913 5879 hicjuxta
942 5808 1329 5879 proprietatem
1364 5802 1555 5878 linguae
1583 5811 1783 5879 posuit,
1818 5802 1896 5865 si;

324 5872 543 5945 gniﬁcat
576 5877 720 5931 enim
762 5872 1119 5947 conseqttens.
1147 5877 1371 5933 Cunctis
1413 5872 1554 5934 enim
1578 5872 1777 5936 Adami
1802 5898 1897 5952 po»

639 5968 906 6033 ΡΑτιιοι..
948 5971 1064 6031 Gn.
1108 5972 1376 6033 LXXXV.

1998 4713 2311 4784 ptionisque
2365 4718 2421 4768 et
2451 4706 2748 4764 senectutis
2782 4707 3099 4770 immunem,
3137 4721 3259 4760 cum
3297 4706 3414 4774 ipso
3447 4719 3573 4775 par-

1994 4803 2358 4874 ticipabimus.

2059 4890 2223 4953 Vens.
2259 4896 2311 4951 6.
2355 4907 2375 4947 ι
2413 4892 2526 4948 Hoc
2550 4894 2819 4957 scientes,
2852 4891 2979 4961 quia
3039 4901 3193 4945 vetus
3256 4892 3417 4946 homo
3472 4904 3572 4943 no-

1996 4999 2129 5056 ster,
2169 5010 2188 5041 ι
2222 4999 2329 5045 etc.

2074 5082 2313 5138 Veterem
2352 5082 2646 5147 hominem,
2692 5079 3103 5151 corruptibilem
3148 5089 3204 5133 ct
3252 5079 3567 5149 passibilem

1998 5174 2273 5244 intelligit,
2302 5173 2500 5244 quippe
2537 5172 2682 5241 quod
2712 5180 2965 5238 vetustas,
3010 5172 3125 5225 sive
3148 5181 3421 5236 senectus,
3446 5173 3569 5242 qni-

1998 5283 2211 5337 cunque
2236 5268 2301 5321 ad
2339 5281 2461 5321 eam
2494 5267 2825 5335 pervenerit,
2861 5264 3034 5333 ipsum
3071 5265 3125 5319 in
3162 5266 3569 5335 corruptionem

1991 5603 2173 5683 s_te_ris,
2207 5604 2337 5683 imo”
2364 5607 2464 5673 ipsi
2488 5607 2649 5683 etiam
2680 5608 2891 5662 Adatno
2928 5608 3042 5683 lege
3089 5610 3216 5673 lata,
3268 5612 3565 5666 abundavit

1992 5672 2269 5726 delictum.
2299 5672 2416 5752 Quo
2444 5677 2587 5731 enim
2628 5688 2891 5752 praecepta
2921 5672 3143 5748 majora,
3183 5684 3283 5752 hoc
3308 5723 3323 5746 ,
3357 5686 3399 5737 si
3440 5701 3564 5752 quis

1992 5757 2055 5795 ea
2113 5748 2562 5819 transgrediatttr,
2619 5749 2810 5802 delicta
2865 5753 3175 5819 grandiora.
3209 5748 3560 5818 Subintrn'vit,

1995 5817 2244 5889 accessit,
2275 5819 2736 5889 opportunitatem
2760 5817 2888 5889 ejus
2917 5824 3177 5878 ostendit.
3220 5820 3286 5876 Ut
3320 5827 3561 5878 abunda-

1996 5894 2069 5937 ret
2093 5883 2360 5939 delictum.
2414 5886 2578 5957 (Bibl.
2605 5900 2703 5943 vel.
2743 5883 2989 5959 Petrum,
3029 5891 3094 5959 V,
3136 5909 3197 5954 tt,
3241 5893 3388 5964 597.)

3136 5985 3210 6045 53η
