4164 6536
636 456 641 461 ’
667 418 800 492 1675

1750 426 2118 487 GENNADII
2159 423 2432 483 PATRIA
2444 426 2659 487 RCHrE
2697 426 2803 485 ΟΡ.

3777 410 3919 473 1676

662 552 849 613 urgere
868 542 1055 597 soleat.
1086 542 1297 610 Corpus
1324 553 1503 595 autem
1538 543 1744 610 peccati
1788 551 1985 604 vocat,
2037 553 2235 609 corpus

2343 557 2433 592 vov
2453 540 2861 612 ἀναμάρτητον,
2883 534 2996 589 ἀλλ’
3018 531 3403 605 ἐπιδεχόμενον
3428 527 3720 599 ἁμαρτίαν,
3736 523 3922 577 Τοῦτο

664 637 897 689 nondum
928 635 1138 705 peccati
1193 634 1454 699 immune,
1503 633 1597 687 sed
1645 643 1873 701 peccato
1918 630 2232 687 obnoxium.

664 730 793 783 Illud
818 728 979 797 igitur
1010 741 1206 794 corpus
1229 727 1540 800 destruitur,
1580 727 1773 796 inquit,
1826 726 1878 780 id
1920 735 2024 789 est,
2058 722 2235 793 quoad

664 830 940 889 peccatum
991 816 1237 873 inellicax
1271 818 1618 872 constituitur
1652 836 1665 884 ;
1706 818 1934 887 ideoque
1959 831 2063 870 non
2109 815 2236 869 sim-

632 912 874 981 pliciter
923 910 1060 965 dixit
1100 911 1305 966 destrui
1367 926 1583 981 corpus,
1641 913 1732 965 sed
1768 927 1954 978 corpus
2011 912 2230 977 peccati.

664 1002 817 1069 Quod
843 1003 986 1058 enim
1027 1018 1168 1056 nunc
1202 1000 1555 1071 corruptibile
1582 1011 1684 1067 est,
1752 1002 1925 1056 induit
1980 1002 2235 1055 incorru-

664 1095 901 1164 ptionem
934 1112 948 1160 ;
978 1103 1029 1147 et
1054 1094 1192 1164 quod
1224 1108 1369 1147 nunc
1399 1093 1625 1147 mortale
1655 1101 1753 1158 est,
1811 1092 1983 1147 induit
2015 1094 2237 1147 immor-

667 1188 955 1251 talitatem,
986 1187 1213 1242 Domino
1252 1187 1467 1241 Christo
1499 1187 1822 1258 reformante
1855 1203 2042 1255 corpus
2064 1186 2234 1239 humi-

664 1282 830 1335 litatis
853 1293 1064 1345 nostrm,
1099 1292 1157 1335 ut
1181 1280 1539 1349 con/iguretur
1564 1278 2073 1349 corporicltaritatis
2102 1295 2231 1333 suae.

662 1403 734 1415 ——
767 1372 871 1439 Qui
914 1374 1047 1425 enim
1096 1382 1333 1426 mortuus
1374 1382 1469 1434 est,
1502 1373 1696 1439 inquit,
1724 1371 2051 1440 justiﬁcalus
2088 1381 2163 1423 est
2203 1388 2235 1423 a

663 1470 893 1530 peccato.
925 1460 1063 1526 Quid
1095 1470 1175 1513 est
1209 1460 1338 1513 illud
1373 1462 1513 1528 quod
1547 1461 1678 1515 dicit
1712 1462 1734 1513 ?
1764 1460 1958 1516 Eorum
1995 1471 2076 1515 est
2120 1476 2238 1531 pec.

666 1568 791 1608 care
842 1552 933 1622 qui
990 1559 1321 1620 praesentem
1387 1553 1572 1606 vivunt
1620 1554 1809 1617 vitam,
1868 1553 2133 1622 siquidem
2185 1563 2237 1607 et

671 1643 910 1714 ipsorum
969 1654 1052 1696 est
1095 1643 1263 1713 legem
1303 1644 1547 1711 habere;
1608 1647 1837 1699 mortuis
1888 1654 2065 1700 autem
2099 1660 2234 1699 neu-

669 1748 809 1792 trum
845 1739 1098 1793 convenit
1131 1758 1144 1793 :
1176 1754 1273 1793 nec
1311 1741 1454 1794 enim
1481 1740 1564 1794 lex
1616 1756 1737 1795 cum
1789 1751 2004 1795 mortuo
2037 1755 2236 1795 sermo-

669 1845 788 1884 nem
833 1832 994 1885 habet
1031 1831 1143 1902 (qui
1190 1847 1337 1894 vero,
1382 1848 1501 1887 cum
1555 1849 1625 1887 ne
1652 1833 1865 1902 quidem
1894 1833 2144 1889 audiente
2165 1834 2233 1899 ?),

2337 629 2516 683 τοίνυν
2570 624 2971 695 καταργεῖται,
3028 621 3192 691 φησὶ,
3238 618 3486 672 τουτέστι
3548 614 3923 683 ἁνενέργητον

2338 719 2475 789 πρὸς
2503 720 2601 789 τὴν
2640 718 2917 789 ἁμαρτίαν
2947 714 3294 769 καθίσταται.
3326 710 3415 763 Διὸ
3443 708 3537 763 καὶ
3579 709 3677 777 οὐχ
3722 704 3924 763 ἁπλῶς

2336 810 2441 879 ἔφη
2468 809 2860 880 καταργεῖσθαι
2887 807 2947 861 τὸ
2974 805 3156 876 σῶμα,
3176 803 3311 856 ἀλλά
3332 802 3396 856 τὸ
3421 802 3589 869 σῶμα
3610 799 3719 867 τῆς
3739 799 3925 866 ἁμαρ·

2335 904 2499 968 τίας⁶
2536 901 2697 954 τοῦτο
2724 901 2834 969 γὰρ
2875 898 3112 968 φθαρτὸν
3139 896 3197 950 ὃν
3229 896 3344 961 νῦν,
3390 893 3672 946 ἐνδύσεται
3705 890 3921 961 ἀφθαρ-

2339 993 2460 1047 σίαν
2484 1007 2498 1022 °
2529 992 2623 1045 καὶ
2648 991 2841 1060 θνητὸν
2869 990 2931 1042 ὃν
2967 989 3084 1053 νῦν,
3117 987 3396 1041 ἐνδύσεται
3448 983 3777 1043 ἀθανασίαν,
3810 996 3919 1049 με·

2337 1083 2880 1155 τασχηματίζοντος
2932 1080 3100 1150 ἡμῶν
3136 1081 3201 1133 τὸ
3244 1077 3413 1147 σῶμα
3462 1078 3575 1144 τῆς
3622 1074 3918 1128 ταπεινώ-

2337 1193 2489 1242 σεως
2534 1177 2629 1229 τοῦ
2693 1175 2963 1228 Δεσπότου
3022 1170 3253 1243 Χριστοῦ
3324 1172 3384 1221 τὸ
3435 1169 3714 1238 γενέσθαι
3765 1168 3918 1218 αὐτο

2338 1269 2695 1337 σύμμορφον
2740 1264 2819 1330 τῷ
2856 1263 3081 1333 σώματι
3124 1262 3234 1329 τῆς
3271 1260 3455 1327 δόξης
3492 1258 3700 1314 αὑτοῦ.
3741 1287 3812 1297 -
3850 1258 3919 1309 '0

2335 1361 2445 1429 γὰρ
2474 1358 2811 1422 ἀποθανὼν,
2843 1358 3026 1427 φησὶν,
3054 1354 3418 1408 δεδικαίωται
3442 1352 3559 1405 ἀπὸ
3592 1350 3703 1418 τῆς
3728 1351 3917 1417 ἁμαρ·

2335 1455 2484 1518 τίας.
2526 1452 2589 1504 Τί
2634 1450 2790 1505 τοῦτό
2830 1453 2977 1502 ἐστιν
3008 1449 3036 1502 ὃ
3071 1448 3252 1516 λέγει;
3290 1447 3398 1498 τῶν
3427 1445 3645 1510 ζώντων
3674 1443 3916 1512 Ταυτηνὶ

2335 1544 2432 1615 τὴν
2472 1544 2616 1615 ζωὴν
2658 1544 2719 1597 τὸ
2772 1543 2987 1595 πταίειν
3031 1542 3211 1595 ἐστίν’
3247 1540 3431 1611 ἐπειδὴ
3478 1540 3575 1591 καὶ
3617 1538 3708 1590 τὸν
3751 1539 3919 1606 νόμον

2337 1638 2480 1708 ἔχειν
2531 1637 2734 1691 τούτων
2764 1637 2906 1689 ὲστί·
2936 1639 3047 1698 τοῖς
3080 1634 3495 1704 τετελευτηκόσι
3524 1632 3581 1684 δὲ
3641 1633 3915 1701 προσήκει

2338 1730 2541 1784 τούτων
2566 1730 2861 1800 οὐδέτερον.
2882 1727 3017 1782 Οὖτε
3035 1728 3143 1798 γὰρ
3170 1727 3331 1798 νόμος
3355 1727 3431 1797 τῷ
3442 1726 3723 1796 τεθνηκότι
3746 1741 3918 1795 προσ-

2337 1824 2672 1892 διαλέγεται·
2716 1822 2831 1887 πῶς
2872 1822 2981 1891 γὰρ
3036 1820 3113 1891 τῷ
3172 1839 3235 1890 γε
3297 1821 3434 1891 μηδὲ
3481 1820 3767 1883 ἁκούοντι;
3820 1816 3917 1869 καὶ

669 1938 841 1994 neque
876 1933 1148 1978 mortuum
1180 1925 1454 1979 hominem
1485 1924 1742 1979 sollicitat
1775 1934 2077 1993 peccatum.
2103 1926 2234 1981 Cum

2339 1911 2583 1985 ἁμαρτία
2608 1912 2698 1965 τὸν
2740 1911 2979 1965 τοιοῦτον
3016 1912 3075 1965 ού
3117 1911 3337 1981 διοχλεῖ.
3371 1910 3462 1981 Τῷ
3486 1910 3658 1962 τοίνυν
3701 1907 3918 1961 ἀποθα-

670 2027 881 2071 mortuo
905 2018 1074 2085 igitur
1095 2026 1374 2085 peccatum
1425 2017 1560 2071 nihil
1604 2019 1765 2073 habet
1799 2033 2105 2083 commune,
2138 2034 2239 2075 nec

670 2110 835 2162 ullum
859 2109 947 2177 jus
970 2110 1023 2163 in
1053 2124 1176 2164 eum
1204 2110 1434 2178 obtinet,
1468 2110 1668 2181 quippe
1700 2110 1924 2180 quijam
1966 2126 2071 2166 non
2098 2127 2238 2181 prae-

671 2201 987 2256 varicationi
1025 2201 1323 2271 subjaceat.

726 2292 885 2347 Vsus.
902 2294 983 2348 8.t
1008 2294 1062 2348 Si
1084 2303 1260 2349 autem
1281 2295 1475 2350 mortui
1500 2310 1686 2352 sumus
1702 2312 1820 2352 cum
1840 2297 2110 2362 Christo,»
2132 2310 2235 2352 etc.

714 2386 1206 2454 Quemadmodum,
1242 2388 1439 2458 inquit,
1470 2400 1714 2446 mortuus
1741 2401 1823 2446 est
1864 2392 2131 2457 Christus,
2166 2393 2237 2447 ita

634 2510 637 2511 ν
669 2490 723 2534 et
750 2495 847 2535 nos
878 2480 1183 2534 morimur:
1214 2484 1664 2550 quemadmodum
1692 2484 1823 2539 vivit
1859 2484 2129 2551 Christus,
2169 2487 2238 2539 ita

667 2582 720 2628 et
752 2588 851 2628 nos
877 2574 1140 2627 vivemus.
1166 2573 1331 2630 Decet
1357 2576 1520 2646 igitur
1570 2591 1664 2632 vos
1696 2577 1746 2631 in
1775 2593 1895 2632 eum
1925 2580 2192 2646 respicere
2222 2596 2237 2635 ;

667 2676 722 2722 et
743 2668 1194 2736 quemadmodum
1230 2669 1557 2739 impossibile
1573 2680 1674 2733 est,
1702 2671 1897 2740 ipsum,
1920 2672 2008 2742 qui
2032 2684 2240 2742 peccato

668 2768 910 2811 mortuus
937 2767 1017 2812 est
1052 2758 1227 2821 semel,
1255 2757 1465 2828 Deoque
1510 2762 1817 2823 resurrexit,
1843 2760 2035 2813 iterum
2082 2761 2238 2827 muri,

670 2853 743 2905 ita
775 2862 828 2907 et
861 2867 977 2917 vos,
1012 2861 1311 2921 oporteret,
1341 2852 1644 2921 justissima
1707 2855 2240 2936 conclusione'uten-

634 2968 637 2969 ν
670 2955 773 3008 tes,
812 2944 977 3027 vitam
1023 2955 1257 2998 vestram
1299 2944 1552 3012 deinceps
1578 2944 1644 2998 ad
1689 2944 1888 2999 Christi
1921 2946 2081 2999 vitam
2114 2962 2241 3000 con-

672 3036 931 3101 formare,
965 3044 1023 3088 ut
1077 3036 1188 3103 qui,
1226 3050 1320 3103 spe
1348 3035 1491 3099 freti,
1528 3036 1585 3089 in
1619 3037 1759 3091 hanc
1788 3037 1954 3090 vitam
2001 3052 2029 3090 a
2075 3039 2239 3108 priori

671 3127 1055 3180 transiveritis.

744 3218 906 3273 Vsus.
944 3220 1031 3271 12.
1078 3238 1095 3270 ι
1126 3217 1241 3272 Non
1274 3234 1412 3289 ergo.
1435 3229 1627 3290 regnet
1661 3231 1941 3292 peccatum
1972 3222 2024 3277 in
2057 3234 2238 3279 vestro
2268 3240 2311 3296 α

652 3312 885 3367 mortali
915 3328 1160 3382 corpore.
1194 3333 1212 3365 ι

737 3404 1127 3473 Argumentum
1150 3422 1214 3458 ex
1240 3392 1565 3461 Christianis
1588 3408 1843 3473 edncens,
1871 3420 1922 3463 et
1944 3410 2237 3466 ostendens

650 3506 947 3566 peccatum
1012 3497 1157 3550 nullo
1184 3496 1342 3551 modo
1409 3498 1462 3551 in
1516 3499 1645 3567 ipsis
1702 3501 1931 3570 amplius
1984 3518 2232 3573 regnare,

652 3591 864 3660 quippe
883 3589 971 3659 qui
990 3599 1111 3660 post
1128 3589 1388 3658 baptisma
1418 3607 1522 3645 non
1543 3601 1671 3646 sunt
1689 3594 1934 3650 carnales
1957 3596 2092 3665 (haec
2138 3612 2235 3650 au-

660 3696 775 3739 tem
827 3684 929 3737 ﬁde
971 3692 1204 3749 tantum,
1229 3698 1334 3736 non
1380 3685 1643 3740 industria
1691 3686 2036 3743 obtinemus:
2067 3705 2238 3760 neque

666 3778 810 3832 enim
872 3776 1231 3846 impassibiles
1278 3777 1730 3848 immortalesque
1782 3782 2082 3849 nascimur,
2137 3784 2239 3838 hac

663 3868 976 3923 conditione
1008 3878 1223 3938 propter
1268 3870 1669 3925 inscrutallileut
1700 3874 1987 3941 quamdam
2018 3890 2235 3929 causam

667 3971 792 4029 post
843 3962 1148 4031 generalem
1200 3964 1651 4017 resurrectionem
1692 3966 2011 4035 reservata),
2056 3968 2238 4020 consi-

668 4055 796 4106 lium
827 4053 961 4121 ipsis
992 4054 1083 4107 dat
1114 4054 1452 4106 moderatum
1483 4055 1695 4121 quidem
1727 4064 1780 4109 et
1811 4056 2087 4125 possibile.
2117 4055 2233 4111 Non

667 4148 812 4200 enim
837 4146 986 4206 dicit,
1010 4145 1087 4198 Ne
1124 4159 1251 4212 ergo
1280 4146 1540 4212 peccetis,
1573 4145 1674 4199 hoc
1700 4146 1843 4199 enim
1876 4146 1941 4199 ad
1985 4158 2233 4200 naturam

671 4240 1054 4309 impassibilem
1099 4249 1153 4293 et
1198 4239 1555 4293 immortalem
1591 4243 1842 4309 pertinet,
1877 4241 1971 4295 sed
2005 4241 2125 4294 Non
2157 4258 2237 4294 re-

669 4343 786 4400 gnet
820 4344 1083 4398 peccatum
1129 4333 1183 4384 in
1218 4342 1381 4385 vestro
1412 4333 1621 4386 mortali
1651 4349 1892 4401 corpore,
1928 4347 2032 4386 non
2061 4334 2235 4387 domi-

669 4437 832 4480 netur
887 4425 1073 4487 vobis;
1129 4440 1305 4493 neque
1359 4425 1425 4478 ad
1478 4426 1694 4479 modum
1735 4441 2015 4479 servorum
2063 4425 2235 4495 agatis

669 4520 902 4589 amplius
928 4519 1068 4587 quod
1113 4528 1391 4586 peccaturo
1437 4517 1667 4587 imperat
1697 4517 1748 4571 in
1788 4518 2035 4586 corporis
2071 4517 2235 4571 vestri

2339 2005 2481 2058 νόντι
2516 2007 2704 2076 φησιν,
2736 2004 2888 2057 οὐδὲν
2933 2004 3070 2076 πρὸς
3091 2005 3193 2074 τὴν
3227 2002 3500 2073 ἁμαρτίαν
3537 2002 3712 2055 κοινόν
3738 2016 3753 2031 ο
3790 2000 3917 2051 οὐδὲ

2339 2098 2477 2169 αὐτὴ
2521 2100 2659 2168 πρὸς
2706 2098 2909 2151 ἐκεῖνον
2956 2096 3067 2167 ἔχει
3117 2097 3178 2149 τὸ
3218 2096 3462 2150 δίκαιον
3517 2095 3634 2147 οὐδὲ
3681 2092 3790 2163 γὰρ
3837 2091 3916 2161 τῷ

2340 2192 2679 2263 πλημμελεῖν
2708 2191 2995 2243 ὑπόκειται
3027 2188 3122 2242 τοῦ
3157 2189 3369 2245 λοιποῦ.

2417 2304 2433 2336 ι
2476 2285 2537 2337 Ei
2567 2283 2623 2336 δὲ
2652 2282 2999 2353 ἀπεθάνομεν
3031 2283 3128 2336 σὺν
3155 2281 3397 2353 Χριστῷ,
3468 2300 3486 2332 ι
3519 2298 3575 2337 κ.
3607 2299 3659 2337 τ.
3694 2280 3744 2333 λ.

2412 2376 2642 2437 Ούκοῦν,
2673 2377 2829 2447 φησὶ.
2862 2375 3159 2447 καθάπερὸ
3186 2376 3441 2446 Χριστὸς,
3471 2375 3566 2428 καὶ
3591 2376 3756 2445 ἡμεῖς
3787 2376 3908 2429 ἀπο·

2341 2470 2646 2543 θνῄσκομεν
2670 2488 2680 2500 ·
2703 2470 2954 2539 καθάπερ
2975 2471 3002 2522 ὁ
3031 2471 3285 2542 Χριστὸς,
3312 2468 3594 2540 ζησόμεθα
3617 2471 3715 2524 καὶ
3733 2472 3901 2539 ἡμεῖς.

2343 2565 2617 2634 Προσήκει
2643 2563 2734 2617 οὖν
2762 2565 2841 2625 εἰς
2880 2564 3087 2615 ἐκεῖνον
3122 2564 3253 2633 ὑμῖν
3294 2563 3503 2633 ἀφορᾷν
3528 2579 3541 2595 ·
3574 2564 3672 2615 καὶ
3719 2563 3859 2631 ἅπερ
3888 2563 3907 2592 ⁸

2340 2658 2575 2712 ἐκεῖνον
2608 2656 2769 2720 ἅπαξ
2800 2656 3177 2709 ἀποθανόντα
3209 2651 3282 2721 τῇ
3313 2655 3582 2723 ἁμαρτίᾳ,
3614 2654 3742 2707 sita
3770 2654 3912 2706 dra-

2342 2751 2570 2805 στάντα
2591 2749 2669 2815 τῷ
2708 2748 2850 2815 Θεῷ,
2879 2748 2986 2800 τῶν
3014 2748 3290 2801 ἀδυνάτων
3322 2747 3470 2799 ἐστὶν
3510 2742 3669 2809 αὖθις
3702 2746 3910 2800 ἀποθα-

2344 2846 2474 2907 νεῖν,
2522 2841 2666 2896 οὖτω
2720 2842 2831 2895 δέοι
2873 2840 2937 2893 ἂν
2982 2841 3076 2893 καὶ
3111 2841 3253 2909 ὑμᾶς
3307 2840 3552 2908 λογισμῷ
3598 2838 3913 2909 χρωμένους

2342 2937 2669 3006 δικαιοτάτῳ
2704 2935 2795 2987 τὸν
2834 2932 3041 2986 ἑαυτῶν
3073 2932 3167 2985 τοῦ
3200 2933 3391 2985 λοιποῦ
3421 2932 3532 3002 βίον
3575 2934 3633 2985 ὲν
3670 2936 3732 3000 τῇ
3768 2932 3911 2985 κατὰ

2342 3029 2578 3100 Χριστὸν
2624 3026 2943 3100 ρᾳθυμίζειν
2984 3024 3023 3055 ³⁸
3059 3024 3170 3094 ζωῇ
3203 3023 3277 3086 ὡς
3309 3024 3480 3076 ἑλπίδι
3530 3023 3660 3093 πρὸς
3702 3024 3911 3090 ταύτην

2346 3120 2791 3191 μεταϐεϐηκότας
2819 3120 2882 3171 ἐκ
2910 3116 3011 3186 τῆς
3048 3115 3334 3187 προτέρας.

2420 3236 2439 3268 ι
2474 3217 2563 3285 Μὴ
2613 3215 2704 3268 οὖν
2754 3211 3086 3285 βασιλευέτω
3132 3212 3165 3281 ή
3219 3211 3461 3281 ἁμαρτία
3507 3214 3564 3264 ἐν
3620 3212 3697 3283 τῷ
3730 3211 3910 3283 θνητῷ

2342 3310 2500 3382 ἡμῶν
2530 3310 2763 3379 σώματι.
2801 3329 2819 3360 ι

2425 3403 2748 3473 Ἀνατρίψας
2778 3404 2840 3456 ὲκ
2876 3404 2984 3457 τῶν
3028 3402 3169 3457 κατά
3211 3400 3445 3473 χριστῶν
3488 3400 3585 3471 τὴν
3614 3396 3901 3457 ἀντίθεσιν,

2343 3500 2437 3552 καὶ
2464 3496 2641 3561 δείξας
2672 3495 2856 3549 οὐκέτι
2895 3496 2989 3549 τοῦ
3030 3495 3366 3566 ἁμαρτάνειν
3409 3494 3588 3556 αὐτοῖς
3628 3492 3907 3561 οὐδαμῶς,

2342 3595 2415 3657 ὡς
2446 3594 2543 3647 οὐκ
2562 3593 2712 3647 οὖσιν
2738 3593 2814 3645 ἔτι
2841 3593 2977 3665 μετά
3000 3593 3057 3646 τὸ
3087 3591 3370 3662 βάπτισμα
3398 3592 3677 3662 σαρκικοῖς
3699 3607 3713 3619 ·
3737 3591 3907 3645 ταῦτα

2342 3687 2398 3740 δὲ
2430 3687 2564 3758 μόνῃ
2600 3686 2777 3739 πίστει
2821 3686 2957 3748 τέως
2982 3686 3042 3739 ού
3074 3687 3239 3757 πείρᾳ
3276 3684 3621 3754 κεκτήμεθα’
3651 3684 3775 3737 οὒτε
3804 3684 3909 3753 γὰρ

2344 3778 2605 3843 ἀπαθεῖς,
2656 3778 2780 3831 οὗτε
2820 3777 3076 3830 ἀθάνατοί
3115 3794 3232 3839 πως
3270 3776 3606 3846 γεγόναμεν,
3640 3775 3735 3828 τοῦ
3772 3776 3911 3846 πρά-

2341 3866 2548 3943 γματος
2602 3871 2765 3925 αὑτοῦ
2813 3871 2955 3923 κατά
2998 3887 3118 3922 τινα
3149 3869 3308 3938 λόγον
3347 3868 3657 3940 ἀπόρρητον
3697 3868 3775 3937 τῷ
3814 3869 3910 3936 τῆς

2342 3962 2529 4032 κοινῆς
2558 3962 2906 4024 ἀναστάσεως
2935 3960 3338 4030 φυλαττομένου
3366 3958 3559 4029 καιρῷ,
3599 3958 3910 4030 συμϐουλὴν

2344 4057 2570 4129 μετρίαν
2621 4073 2679 4108 τε
2725 4056 2906 4117 αὐτοῖς
2940 4055 3035 4108 καὶ
3078 4053 3176 4123 τὴν
3212 4052 3569 4122 ἐνδεχομένην
3621 4054 3907 4122 προσάγει.

2342 4152 2416 4204 Οὐ
2446 4151 2552 4221 γὰρ
2583 4149 2708 4220 ἔφη,
2741 4150 2831 4219 Μὴ
2855 4148 2946 4201 οὖν
2975 4149 3335 4217 ἁμαρτάνετε.
3359 4147 3530 4198 Τοῦτο
3555 4145 3661 4216 γάρ
3692 4145 3911 4212 φύσεως

2344 4242 2587 4306 ἀπαθοῦς
2612 4260 2672 4295 τε
2697 4243 2793 4294 καὶ
2824 4241 3113 4304 ἀθανάτου,
3160 4240 3314 4303 ἀλλὰ,
3346 4238 3441 4305 Μὴ
3463 4238 3844 4303 ,ϐασιλευέτω
3868 4238 3905 4305 ἡ

2346 4336 2599 4406 ἁμαρτία
2622 4336 2691 4388 ἐν
2718 4336 2796 4401 τῷ
2825 4333 3018 4405 θνητῷ
3060 4332 3248 4399 ὑμῶν,
3286 4333 3488 4403 κράτος
3526 4331 3696 4402 ἐχέτω
3720 4348 3735 4362 ο
3775 4332 3909 4401 μηδὲ

2340 4431 2494 4499 δίκην
2524 4429 2748 4482 οἰκετῶν
2776 4428 2834 4482 τὸ
2864 4428 3328 4499 προσταττόμενον
3367 4426 3459 4477 ὑπ’
3488 4424 3660 4494 αὐτῆς
3698 4425 3757 4477 ὲν
3789 4426 3910 4486 ταῖς

2342 4524 2433 4577 τοῦ
2473 4523 2721 4592 σώματος
2768 4521 2923 4591 ἡμῶν
2964 4519 3287 4589 ἐπιθυμίαις
3332 4517 3411 4569 ἔτι
3459 4520 3632 4570 ποιεῖν
3682 4517 3905 4570 καταδέ-

669 4610 975 4675 desideriis,
1003 4610 1279 4663 tradentes
1320 4623 1548 4675 corpora
1583 4617 1761 4662 vestra
1793 4606 1944 4676 quasi
1979 4607 2235 4661 satellites

2339 4614 2494 4685 χεσθε
2516 4615 2558 4680 ’⁸,
2591 4613 2924 4683 δορυφόρους
2971 4611 3160 4681 ὥσπερ
3207 4610 3374 4681 αὐτὴν
3408 4609 3544 4679 πρὸς
3588 4609 3908 4678 συνέργειαν

668 4706 734 4758 ad
791 4706 960 4773 ipsam
1015 4702 1316 4771 iniquitatis
1372 4701 1833 4768 cooperationem.
1887 4698 2235 4769 iniquitatem

670 4800 856 4869 fugite,
890 4799 1059 4866 ipsam
1122 4796 1273 4851 vobis
1315 4796 1599 4849 adversam
1650 4796 1970 4863 hostemque
1998 4795 2241 4864 cogitan-

668 4901 787 4956 tes;
818 4892 883 4944 ad
915 4892 1083 4945 Deum
1122 4887 1416 4958 confugite,
1449 4897 1505 4941 et
1537 4888 1891 4957 vosmetipsos
1925 4887 1997 4940 illi
2030 4900 2239 4956 praepa-

674 4994 790 5037 rate
823 4982 976 5051 quasi
1008 4979 1343 5036 immortales
1381 4980 1674 5034 secundum
1702 4980 1925 5049 justitiae
1966 4977 2243 5033 rectitudi—

674 5092 797 5131 nem
828 5094 842 5130 :
871 5075 1153 5129 Peccatum
1194 5075 1330 5128 enim
1361 5074 1505 5127 vobis
1550 5091 1653 5127 non
1691 5073 2052 5127 dominabitur
2079 5089 2097 5125 :
2131 5088 2234 5125 non

672 5170 807 5224 enim
832 5169 926 5223 sub
957 5168 1066 5239 lege
1095 5169 1242 5233 estis,
1287 5167 1378 5221 sed
1427 5168 1523 5220 sub
1572 5166 1765 5235 gratia.
1800 5163 2020 5220 Sciebat
2059 5164 2235 5218 homi-

670 5279 791 5318 nem
823 5260 1092 5316 carnalem
1124 5269 1368 5330 paratum
1400 5258 1516 5313 fore
1560 5261 1634 5312 uti
1687 5258 1860 5330 gratia
1909 5259 1975 5310 ad
2017 5257 2232 5325 impune

670 5355 1021 5427 peccandum.
1066 5354 1179 5409 Hoc
1210 5354 1515 5424 praevidens
1547 5367 1849 5406 sermonem
1897 5352 1962 5406 de
1990 5351 2081 5405 illo
2131 5349 2233 5404 sibi

668 5448 855 5519 objicit
884 5448 1069 5503 dicens
1094 5466 1108 5501 :

739 5637 900 5693 Vens.
954 5638 1041 5691 15.
1100 5655 1117 5687 ι
1148 5635 1286 5701 Quid
1327 5635 1496 5707 ergo?
1544 5633 1928 5704 peccabimus,
1979 5635 2231 5704 quoniam

672 5745 776 5785 non
806 5745 995 5785 smnus
1023 5728 1123 5783 sub
1148 5728 1282 5797 lege,
1321 5728 1412 5781 sed
1442 5727 1542 5781 sub
1573 5727 1781 5795 gratia?
1804 5728 1973 5782 Ahsit.
2009 5748 2026 5779 ι

744 5891 763 5921 ³
789 5888 913 5959 Leg.
948 5887 1215 5959 καθάπερ.
1297 5889 1333 5917 ³¹
1368 5887 1493 5953 Lug.
1528 5884 1836 5957 ῥυθμίζειν.

2333 4710 2431 4779 τῆς
2464 4706 2675 4769 ἀδικίας
2696 4705 2764 4758 τὰ
2789 4703 2995 4757 ἑαυτῶν
3022 4703 3383 4775 παρεχόμενοι
3408 4701 3563 4771 μέλη.
3593 4700 3729 4753 Ἀλλ’
3770 4704 3908 4755 ἁπο-

2338 4800 2602 4870 φυγόντες
2622 4798 2856 4867 ἐκείνην,
2876 4796 2971 4849 καὶ
3001 4795 3262 4865 πολεμίαν
3281 4796 3408 4863 ύμῖν
3434 4790 3571 4846 εῖναι
3593 4795 3685 4847 καὶ
3706 4793 3801 4863 ἐχθ
3811 4794 3909 4863 ράν

2337 4894 2698 4966 ἡγησάμενοι,
2722 4890 3065 4961 καταφύγετε
3084 4888 3218 4958 πρὸς
3233 4887 3387 4951 Θεὸν,
3406 4887 3500 4940 καὶ
3516 4887 3591 4951 ὡς
3607 4885 3906 4950 ἀθανάτους

2341 4986 2487 5056 αὐτῷ
2521 4984 2658 5057 πρὸς
2685 4982 3031 5052 δικαιοσύνης
3062 4980 3203 5034 κατὰ
3245 4978 3593 5048 δικαιοσύνης
3625 4977 3906 5045 κατόρθω-

2342 5098 2424 5134 σιν
2458 5080 2684 5140 ὲαυτοὺς
2728 5076 3121 5146 εύτρεπίσατε·
3166 5071 3435 5141 Ἀμαρτία
3482 5071 3595 5138 γὰρ
3642 5067 3806 5137 ὑμῶν
3832 5070 3906 5121 οὑ

2341 5173 2660 5240 κυριεύσει,
2691 5171 2763 5223 οὐ
2788 5168 2895 5237 γὰρ
2923 5163 3211 5220 ἐστὲθὺπύ
3252 5164 3462 5232 νόμον,
3486 5162 3623 5216 ἀλλ’
3660 5159 3781 5215 ὑπὸ
3806 5159 3903 5227 χά-

2334 5284 2456 5335 ριν.
2486 5266 2667 5332 Ἔγνω
2695 5261 2883 5314 τούτου
2921 5258 3013 5312 τὸν
3043 5257 3303 5328 σαρκικὺν
3351 5255 3586 5325 ἑτοίμως
3612 5252 3869 5322 έξόμενον
3887 5268 3902 5282 ·

2340 5361 2433 5411 καὶ
2451 5359 2515 5429 τῇ
2539 5357 2720 5427 χάριτι
2744 5352 3192 5425 πρὸςὰμάρτημα
3216 5346 3675 5418 ἀποχρησάμενον
3693 5344 3899 5398 ἄδειαν.

2340 5449 2510 5502 Τοῦτο
2562 5448 2743 5500 τοίνυν
2792 5443 3176 5515 προυπειδόνος
3208 5439 3328 5511 (sic)
3367 5438 3579 5508 ἑαυτῷ,
3636 5436 3729 5489 τὸν
3777 5432 3908 5504 παρ’

2335 5543 2545 5597 ἐκείνου
2568 5541 2727 5609 λόγον
2758 5536 3124 5607 ἀνθυποφέρει
3152 5534 3241 5589 καί
3273 5550 3438 5604 φησιν
3463 5547 3477 5562 ·

2413 5653 2431 5686 ι
2465 5634 2529 5687 Τί
2557 5633 2649 5687 οὖν
2672 5650 2686 5698 ;
2712 5632 3123 5703 ἀμαρτήσομεν,
3150 5627 3233 5680 ὅτι
3256 5626 3354 5679 οὐκ
3386 5625 3548 5697 ἐσμὲν
3585 5620 3689 5678 ὑπὸ
3715 5619 3899 5691 νόμον,

2338 5727 2453 5781 ἀλλ’
2477 5726 2581 5779 ὑπὸ
2611 5725 2805 5797 χάριν;
2843 5722 2927 5793 Μὴ
2954 5722 3180 5790 γένοιτο.
3209 5738 3230 5773 ι

1912 5884 1929 5916 ³
1959 5884 2090 5940 Cod.
2127 5882 2539 5953 καταδέχεσθαι.
