4164 6534
334 409 468 477 1677

1355 400 1807 485 FRAGMENTA
1852 407 1929 468 IN
1973 407 2208 467 EPIST.
2251 409 2349 465 AD
2389 407 2571 467 non.

3442 404 3577 469 1678

404 524 478 579 Οὐ
508 524 615 596 γὰρ
645 526 788 595 ὑμᾶς
834 524 1013 587 τοῦτο,
1046 525 1199 594 φησὶ,
1234 523 1477 593 λέληθεν,
1513 523 1593 576 ὅτι
1622 521 1891 590 προσῆκον

2070 517 2186 571 Non
2235 518 2519 589 ignoratis,
2566 517 2761 586 inquit,
2807 530 2901 572 vos
2943 515 3141 571 debere
3187 516 3241 570 in
3286 515 3577 586 propositis

326 617 457 688 ὑμίν
502 621 620 681 ταῖς
669 617 823 688 ὑμῶν
873 612 1053 670 αὐτῶν
1106 615 1421 683 ὁμολογίαις
1466 614 1755 684 ἐμμένεινο
1807 612 1891 664 καὶ

2000 609 2197 665 vestris
2267 618 2575 665 constantes
2610 625 2953 678 permanere.
3015 617 3068 663 et
3134 624 3577 680 unumquemque

324 709 513 763 τοῦτον
547 709 628 763 δτι
675 706 944 779 δεσπότην
996 706 1189 760 ἑαυτοῦ
1226 710 1337 770 τοῖς
1369 706 1553 777 ἔργοις
1598 722 1682 767 τις
1720 702 1900 756 ἐπιδὲ-

325 799 534 853 δεικται
564 798 653 853 τὸν
684 796 743 853 οὗ
772 803 880 863 τοῖς
921 801 1044 867 (sic)
1096 797 1463 866 κελεύσμασιν
1493 797 1732 865 ἔγνωκεν
1758 796 1899 849 ὐπαο

2001 704 2144 761 bune
2188 703 2291 759 sibi
2323 705 2570 774 accipere
2618 702 2873 772 operibus
2897 706 3241 771 magistrum,
3277 703 3433 773 cujus
3476 722 3576 760 co-

1999 799 2186 866 gnovit
2221 795 2490 850 mandatis
2518 796 2823 865 snhjacere,
2853 797 2970 850 sive
3007 808 3288 862 peccatum
3324 800 3414 863 sit,
3462 799 3576 854 sive

326 890 541 946 κούειν·
574 892 677 945 κᾶν
711 892 953 963 ἁμαρτία
975 890 1154 957 τοῦτο,
1194 888 1294 944 κᾶν
1316 890 1653 962 δικαιοσύνη.
1688 888 1761 943 Τὸ
1790 888 1891 959 γὰρ

1998 886 2225 957 iustitia.
2261 887 2414 954 Quod
2442 888 2587 943 enim
2617 888 2848 943 obscure
2878 888 3075 943 dicitur
3109 890 3224 944 sive
3264 891 3329 945 de
3356 904 3578 960 peccato

326 984 444 1053 ἦτοι
473 983 768 1055 ἁμαρτίας,
801 984 835 1055 ἢ
873 982 1120 1052 ὑπακοῆς
1162 984 1242 1046 εἰς
1280 983 1627 1054 δικαιοσύνην
1675 982 1891 1051 ἀσαφῶς

1999 979 2115 1034 sive
2149 979 2214 1034 de
2241 978 2553 1034 obeditione
2590 979 2657 1034 ad
2700 977 2969 1046 justitiam
3002 980 3291 1035 dicendum
3327 993 3433 1050 est,
3464 985 3578 1038 sive

326 1075 612 1146 εἰρημένον
654 1074 893 1129 τοιοῦτόν
925 1077 1093 1138 ἐστιν,
1142 1076 1261 1147 ἦτοι
1312 1076 1587 1146 ἁμαρτίας
1634 1078 1714 1139 εἰς
1761 1076 1899 1129 ὑπα-

325 1167 478 1239 κοὴν,
512 1166 545 1238 ἢ
572 1167 941 1237 δικαιοσύνης.

401 1274 418 1307 ι
472 1255 646 1326 Χάρις
675 1255 733 1309 δέ
784 1255 863 1329 τῷ
894 1257 1046 1329 Θεῷ,
1080 1258 1161 1311 ὅτι
1212 1254 1311 1330 ἦτε
1347 1256 1526 1312 δοῦλοι
1565 1258 1665 1329 τῆς
1712 1259 1895 1331 ἁμαρ-

324 1346 461 1410 τίας.
497 1366 516 1399 ι

393 1439 591 1506 Χάρις,
618 1441 771 1512 φησι,
795 1440 876 1506 τῷ
906 1442 1050 1508 Θεῷ,
1089 1442 1177 1496 ὅτι
1198 1437 1305 1515 ἦτε
1328 1443 1538 1499 δοῦλοι
1578 1444 1691 1514 τῆς
1717 1445 1898 1516 ἁμαρ-

325 1530 454 1595 τίας
479 1546 494 1559 ο
547 1530 761 1601 λάχετε,
808 1532 907 1602 τῆς
948 1534 1224 1604 ἁμαρτίας
1278 1534 1625 1607 ἀνθελόμενοι
1680 1537 1779 1609 τὴν
1820 1537 1898 1589 δι-

324 1623 617 1692 καιοσύνην
640 1665 654 1689 ,
686 1625 783 1678 καὶ
814 1624 1015 1697 ταύτην
1043 1626 1156 1679 ἀντ’
1193 1628 1411 1699 ἐκείνης
1441 1629 1708 1699 δεσπότην
1753 1629 1897 1700 ἔχειν

325 1710 883 1786 καταδεξάμενοι.⁷Ης
912 1720 1005 1771 καὶ
1038 1718 1127 1771 τὸν
1161 1720 1330 1773 τύπον
1371 1720 1468 1791 τῆς
1504 1720 1722 1792 διδαχῆς
1753 1738 1896 1793 παρ-δ

324 1808 604 1879 ειληφότες
642 1810 1013 1880 προσήκασθε,
1072 1812 1205 1882 πρὸς
1240 1813 1300 1867 δν
1324 1812 1417 1867 τοῦ
1453 1813 1641 1867 λοιποῦ
1674 1816 1895 1885 βιωτέον

2000 1069 2066 1124 de
2099 1078 2325 1139 peccato
2354 1072 2422 1123 ad
2449 1068 2840 1134 obeditionem,
2875 1068 2990 1123 sive
3007 1070 3072 1125 de
3094 1070 3328 1141 justitia.

2069 1255 2238 1313 Vsus.
2292 1256 2379 1309 l7.
2448 1274 2466 1306 ι
2499 1254 2715 1311 Gratias
2764 1264 2944 1310 autem
2992 1254 3143 1321 Deo,
3205 1256 3346 1324 quod
3398 1256 3577 1311 luistis

1997 1351 2142 1404 servi
2180 1350 2410 1418 peccati.
2452 1366 2470 1400 ι

2071 1442 2285 1497 Gratius
2328 1442 2459 1506 Deo,
2516 1442 2711 1511 inquit,
2763 1445 2903 1513 quod
2945 1440 3125 1511 fuistis
3180 1443 3314 1495 servi
3355 1444 3575 1510 peccati.

1998 1530 2249 1588 Obtinete
2291 1547 2389 1601 pro
2438 1541 2659 1602 peccato
2703 1531 2992 1601 justitiam,
3025 1529 3144 1586 loco
3176 1530 3382 1599 peccati
3422 1530 3577 1600 justi-

2002 1625 2128 1679 tiam
2155 1624 2440 1679 Dominum
2479 1623 2680 1679 habere
2705 1632 3099 1693 praeponentes.
3126 1621 3295 1693 Cujus
3318 1623 3577 1677 doctrinae

2001 1728 2116 1774 ιοιο
2164 1719 2327 1773 corde
2370 1716 2669 1772 admisistis
2720 1716 2953 1772 formam
3006 1728 3059 1771 et
3105 1731 3203 1787 pro
3272 1731 3377 1786 qua
3425 1714 3578 1770 vobis

1999 1808 2255 1878 deinceps
2286 1818 2539 1862 accurate
2567 1820 2653 1863 est
2680 1808 3136 1864 conversaudum.
3168 1809 3224 1862 In
3265 1808 3400 1863 tales
3432 1808 3579 1862 feror

322 1899 450 1972 ὑμῖν
479 1902 740 1974 ἀκριϐῶς.
791 1903 885 1967 Εἰς
917 1903 1192 1969 τοιούτους
1226 1907 1629 1977 κατενήνεγμαι
1675 1908 1887 1975 λόγους,

1999 1913 2297 1964 sermones,
2332 1908 2385 1952 et
2412 1898 2744 1969 argumentis
2790 1913 3001 1952 morum
3052 1899 3408 1953 humanorum
3429 1908 3576 1959 utor,

322 1995 417 2049 xui.
470 1996 905 2069 παραδείγμασιν
968 1996 1325 2069 ἀνθρωπίνων
1380 1998 1704 2070 ἐχρησάμην
1750 2001 1888 2054 ἐθῶν

320 2088 415 2142 τοῦ
448 2090 583 2160 πρὸς
611 2088 812 2163 ἀρετὴν
865 2090 1053 2144 ἀτόνου
1084 2090 1182 2161 τῆς
1230 2090 1431 2163 σαρκὸς
1463 2091 1617 2162 ὑμῶν
1658 2110 1724 2164 με
1759 2110 1888 2148 κατε

321 2181 725 2251 αναγκάσαντα.

398 2293 417 2325 ι
451 2274 661 2345 Ὥσπερ
696 2272 805 2344 γὰρ
854 2274 1235 2345 παρεστήσατε
1265 2273 1336 2326 τὰ
1376 2272 1512 2345 μέλη
1553 2274 1707 2345 ὑμῶν
1728 2276 1889 2329 δοῦλα

322 2367 388 2437 τῇ
418 2365 750 2437 ἀκαθαρσίᾳ.
796 2384 813 2416 ι

391 2456 621 2526 Ὥσπερ
642 2457 749 2528 γὰρ
772 2460 1211 2528 παρεστήσατε,
1239 2462 1392 2532 φησὶ,
1426 2462 1499 2515 τὰ
1514 2460 1673 2531 μέλη
1700 2459 1886 2529 ὑμῶν,

324 2548 418 2601 καὶ
451 2549 517 2603 τὰ
545 2549 692 2621 ἐξῆς.
731 2550 835 2605 Τὸν
855 2552 963 2624 γὰρ
999 2552 1278 2607 κάνταῦθα
1308 2552 1624 2624 σύνδεσμον,
1651 2554 1771 2607 ἀντὶ
1794 2554 1888 2606 τού

323 2641 502 2695 τοίνυν
544 2644 871 2715 παρείληφε.
914 2646 1007 2698 Δεῖ
1052 2646 1228 2699 τοίνυν
1277 2647 1443 2717 ὑμᾶς,
1472 2648 1659 2717 φησὶν,
1701 2646 1890 2717 ὥσπερ

325 2736 384 2788 ἐν
410 2736 485 2808 τῷ
516 2737 748 2809 πρόσθεν
770 2738 924 2802 ὅλους
952 2739 1178 2802 ἑαυτοὺς
1217 2741 1283 2810 τῇ
1322 2738 1521 2810 ἀνομίᾳ
1550 2738 1687 2809 πρὸς
1723 2740 1889 2808 ἐργα-

324 2827 447 2880 σίαν
490 2829 832 2900 ἀκαθαρσίας
884 2830 1227 2884 ἐκδεδώκειτε
1278 2830 1478 2901 πάσης,
1525 2830 1668 2883 οὕτω
1712 2830 1889 2900 νῦν,ἣ

322 2918 419 2971 καὶ⁵
468 2919 667 2989 μᾶλλον
714 2920 1119 2991 ἀποσχομένους
1142 2921 1367 2975 ἐκείνων
1411 2922 1747 2983 παντάπασι,
1793 2923 1891 2994 τὴν

321 3010 667 3084 δικαιοσύνης
725 3014 1031 3078 σπουδαίως
1071 3014 1334 3086 ἀγιότητα
1397 3014 1694 3087 μετελθεῖν.
1747 3016 1891 3070 Ἱστε

322 3102 429 3174 γάρ
458 3120 561 3156 που
590 3103 680 3156 τὸν
709 3102 899 3175 χρόνον
932 3105 1162 3168 ἐκεῖνον,
1199 3104 1385 3177 φησὶν,
1411 3106 1468 3157 ἐν
1506 3098 1551 3173 ᾧ
1587 3103 1687 3175 τῆς
1710 3106 1893 3178 ἁμαρ-

320 3196 442 3260 τίας
464 3196 829 3267 ἐπιτάγμασιν
855 3198 1239 3253 ὑπετάττεσθε.
1268 3197 1392 3262 Πῶς
1411 3193 1479 3268 ἦν
1504 3199 1631 3269 ὑμῖν
1660 3199 1896 3270 πρᾶγμα

323 3289 503 3341 κοινὸν
540 3288 679 3360 πρὸς
707 3289 805 3358 τὴν
842 3288 1187 3360 δικαιοσύνην
1227 3289 1399 3342 οὐδέν.

401 3397 420 3432 ι
462 3380 596 3433 Τίνα
624 3376 715 3433 οὖν
746 3380 954 3451 καρπὸν
999 3380 1171 3452 εἴχετε
1207 3382 1352 3447 τότε,
1386 3384 1444 3435 ὲν
1482 3376 1561 3444 οἷς
1610 3381 1704 3435 νῦν
1737 3384 1895 3436 ἐπαι-

328 3472 617 3545 σχύνεσθε;
646 3492 665 3524 ι

399 3566 592 3620 Καίτοι
623 3565 793 3635 ἡδέως
826 3564 892 3618 ἂν
932 3564 1104 3634 ἔγωγε
1134 3564 1227 3619 νῦν
1266 3564 1541 3636 πυθοίμην
1574 3567 1727 3638 ὑμῶν
1756 3569 1895 3642 ὑπὲρ

325 3660 447 3712 ὂτου
482 3658 973 3728 κατεσπευσμένως
1002 3658 1175 3723 οὕτως
1219 3661 1286 3731 τῇ
1315 3660 1559 3732 ἁμαρτία
1585 3663 1689 3733 τὴν
1728 3662 1896 3734 καλὴν

324 3752 541 3823 ἐκείνην
584 3751 824 3805 δουλείαν
874 3751 1256 3823 ἐξεπληροῦτε,
1294 3754 1389 3806 καὶ
1434 3753 1517 3817 τίς
1544 3753 1644 3824 τῆς
1690 3755 1894 3826 πολλῆς

322 3840 528 3911 ταύτης
558 3841 771 3905 εὐνοίας
788 3842 941 3912 ὑμῶν
968 3842 995 3894 ὁ
1031 3842 1260 3912 καρπός.
1291 3844 1363 3895 Οὐ
1404 3842 1601 3914 φθορὰ,
1635 3846 1728 3898 καὶ¹
1752 3844 1892 3897 ἀκα-

326 3933 659 4006 θαρσία,κα“ι
697 3934 945 4001 θάνατος,
992 3936 1085 3988 καὶ
1122 3935 1193 3988 τά
1238 3936 1420 4007 πάσης
1463 3937 1724 4009 αἰσχύνης
1759 3938 1893 3993 ἀνά-

326 4044 537 4098 μεστα;
572 4028 712 4100 ’Ἄρα
747 4028 861 4095 οὖν,
900 4028 1055 4100 φησὶ.
1085 4028 1310 4082 τοιαῦτα
1341 4030 1434 4083 καὶ
1482 4029 1551 4083 τὰ
1594 4029 1709 4094 νῦν,
1745 4030 1779 4101 ἢ
1808 4050 1894 4103 μι-

323 4117 441 4190 κρῴ
459 4117 536 4190 τῷ
569 4122 663 4173 καὶ
692 4119 767 4190 τῷ
786 4120 1003 4190 τυχόντι
1031 4120 1373 4193 διεστηκότα,
1403 4121 1518 4177 ἀλλ’
1543 4122 1664 4193 οὐχὶ
1692 4123 1769 4195 τῷ
1786 4125 1892 4195 ὅλῳ

324 4214 419 4266 καὶ
442 4213 519 4282 τῷ
540 4215 702 4267 παντί
724 4232 737 4278 ;
775 4214 1155 4284 Ἀλλαξάμενοι
1179 4216 1286 4286 γὰρ
1307 4216 1405 4287 τῆς
1436 4216 1710 4289 ἁμαρτίας
1735 4218 1888 4282 Θεὸν,

323 4306 418 4358 καὶ
448 4305 515 4360 τὰ
556 4305 813 4359 δοκοῦντα
841 4306 1014 4376 τούτῳ
1038 4306 1465 4376 διαπράττεσθαι
1494 4308 1731 4376 γνόντες,
1760 4327 1893 4382 καρ-

323 4400 525 4453 ποῦσθε
577 4401 676 4470 μὲν
713 4400 805 4452 τὸν
841 4399 1108 4470 ἁγιασμὸν
1156 4400 1217 4453 τὸ
1265 4403 1685 4473 ἀναμάρτητον
1731 4420 1889 4456 τουτ-

324 4493 493 4555 έστιν,
525 4493 589 4545 ἐκ
619 4492 676 4545 δὲ
706 4492 893 4544 τούτου
923 4491 984 4544 τὸ
1006 4491 1294 4556 ἀθανάτοις
1328 4493 1456 4564 ὑμῖν
1486 4494 1762 4566 διαμένειν
1793 4513 1861 4549 πε

325 4584 554 4654 ριέσται.

904 4718 1153 4771 ΚΕΦᾹΛ.
1221 4721 1293 4774 Z'.

403 4876 420 4905 ι
457 4857 639 4915 Ὥστε.
673 4851 892 4922 ἀδελφοί
927 4869 1049 4922 μου,
1084 4852 1177 4905 καὶ
1207 4852 1364 4923 ὑμεῖς
1407 4853 1781 4927 ἐθανατώθητε
1813 4859 1888 4929 τῷ

327 4948 476 5017 νόμῳ
496 4949 581 5000 διά
608 4948 697 4999 τοῦ
730 4947 979 5017 σώματος
1010 4944 1104 4998 τοῦ
1135 4945 1391 5016 Χριστοῦ.
1432 4967 1448 4998 ι

390 5041 526 5111 Φέρε
558 5039 640 5108 δὴ,
685 5040 869 5107 φησὶν,
904 5039 1259 5109 συστήσωμεν
1317 5041 1408 5092 καὶ
1450 5041 1557 5094 ἀπὸ
1588 5041 1680 5096 τοῦ
1723 5043 1886 5115 νόμου

324 5131 479 5186 τοῦτο
506 5129 657 5183 αὐτὸ.
697 5130 903 5182 Οὐκοῦν
928 5130 1040 5183 ἴστε
1083 5130 1410 5202 νομομαθεῖς
1444 5130 1593 5198 ὄντες
1634 5133 1790 5189 τοῦτό
1824 5154 1886 5204 γε

320 5222 587 5295 ἁκριὸὦς,
615 5222 697 5275 ὅτι
728 5221 818 5274 τοῦ
843 5221 1129 5291 ἀνθρώπου
1161 5222 1348 5293 κύριος
1369 5224 1397 5275 ὁ
1421 5223 1583 5295 νόμος
1612 5226 1805 5298 μέχρις
1828 5225 1887 5283 οὗ

322 5316 390 5386 ζῇ
422 5313 783 5384 καθέστηκεν.
820 5310 883 5363 Ἥ
919 5310 1050 5378 γοῦν
1103 5310 1369 5383 ὕπανδρος
1415 5314 1551 5384 γυνὴ
1582 5315 1743 5379 ζῶντι
1791 5320 1888 5388 μὲν

321 5408 400 5481 τῷ
428 5407 604 5477 ἀνδρὶ,
634 5402 983 5475 προσδέδεται
1025 5401 1194 5473 νόμῳ.
1227 5402 1436 5457 Οὐκοῦν
1470 5406 1634 5460 αὑτοῦ
1672 5410 1887 5478 περιόν-

324 5520 413 5564 τος
437 5501 536 5554 ῐδοι
561 5498 697 5571 πρὸς
729 5498 935 5567 ἕτερον,
964 5496 996 5566 ἢ
1042 5496 1359 5567 κεκρίσεται
1400 5500 1675 5569 μοιχαλίςυ
1707 5502 1887 5556 τελευ-

323 5597 585 5664 τήσαντος
619 5590 675 5644 δέ
706 5591 922 5659 ἀφεῖται
951 5587 1046 5641 τοῦ
1076 5588 1264 5657 νόμου,
1295 5588 1388 5641 καὶ
1421 5594 1728 5660 συνοικήσει
1766 5595 1884 5661 μὲν,

323 5680 369 5755 ᾧ
400 5684 685 5755 βούληται·
722 5683 783 5735 τὸ
811 5682 867 5735 δέ
895 5681 993 5753 τῆς
1038 5681 1285 5751 μοιχείας
1323 5681 1574 5751 ἔγκλημα
1606 5683 1887 5754 διαφεύξε-

321 5796 434 5832 ται.
462 5778 604 5848 ’Λρα
627 5775 996 5843 οὗν,ἀδελφοὶ,
1025 5773 1268 5826 τοιοῦτόν
1294 5791 1345 5827 τι
1372 5774 1545 5829 καὶτὸ
1574 5776 1694 5829 καθ’
1724 5779 1884 5850 ὑμᾶς.

320 5872 361 5926 Γ
365 5869 587 5941 εγόνατε
637 5870 733 5940 μὲν
768 5869 873 5938 γὰρ
918 5867 1305 5932 πιστεύσαντες
1362 5868 1453 5923 τοῦ
1502 5868 1751 5941 σώματος
1793 5873 1885 5926 τοῦ

1998 1990 2122 2061 quia
2156 1990 2299 2059 cogit
2324 2005 2409 2044 me
2440 1990 2727 2045 inlirmitas
2758 1990 2941 2045 carnis
2970 2000 3164 2046 vestrae
3197 1990 3264 2044 ad
3293 1989 3573 2045 virtutem.

2073 2272 2238 2327 Vens.
2272 2272 2358 2327 l9.
2405 2292 2422 2325 ι
2454 2271 2610 2327 Sicut
2642 2272 2787 2326 enim
2837 2272 3163 2327 cxhibuistis
3210 2275 3449 2329 membra
3482 2290 3575 2328 ve-

1999 2372 2109 2415 stra
2141 2363 2345 2418 servire
2373 2362 2745 2417 immunditiam
2778 2381 2797 2414 ι

2075 2452 2218 2507 Sicut
2244 2454 2401 2518 enim,
2438 2452 2632 2523 inquit,
2661 2451 2971 2507 exhibuistis
3002 2453 3232 2508 membra
3255 2463 3446 2520 vestra,
3471 2466 3575 2511 etc.

2002 2543 2283 2599 Vinculum
2337 2545 2605 2615 posterius
2666 2543 2783 2599 loco
2831 2543 3031 2598 vinculi
3094 2546 3294 2614 prioris
3344 2547 3574 2615 accepit.

2000 2634 2226 2705 Oportet
2263 2635 2443 2704 igitur,
2490 2635 2688 2705 inquit,
2720 2635 3181 2705 quemadmodum
3230 2646 3390 2691 antea
3435 2648 3578 2695 totos

1998 2729 2363 2801 vosmetipsos
2413 2729 2693 2799 injustitia:
2738 2728 3042 2784 tradidistis
3090 2730 3157 2784 ad
3206 2732 3576 2800 operationem

2001 2822 2178 2877 omnis
2219 2823 2597 2888 immuntlitite,
2649 2823 2720 2876 ita
2755 2836 2899 2877 nunc
2940 2821 3157 2893 longius
3191 2824 3259 2877 ab
3309 2824 3426 2880 istis
3462 2840 3576 2880 om-

2000 2914 2130 2968 nino
2163 2914 2523 2980 discedentes,
2545 2930 2668 2969 eum
2698 2915 2845 2969 omni
2891 2915 3071 2970 studio
3100 2915 3166 2969 ad
3189 2914 3415 2984 justitire
3444 2932 3574 2972 san-

2002 3007 2247 3061 ctitatem
2294 3008 2566 3078 progredi.
2602 3005 2772 3063 Scitis
2804 3008 2971 3073 enim,
3025 3008 3222 3078 inquit,
3257 3019 3471 3080 tempus
3509 3011 3575 3065 il~

2001 3095 2111 3162 Iud,
2145 3097 2199 3151 in
2240 3112 2345 3165 quo
2379 3097 2646 3151 mandatis
2683 3098 2889 3166 peccati
2932 3098 3274 3164 serviebatis,
3305 3103 3576 3169 quomodo

2004 3186 2136 3240 nihil
2166 3186 2231 3239 ad
2258 3187 2526 3255 justitiam
2553 3188 2819 3257 agebatis.

2068 3373 2231 3428 Vens.
2262 3374 2351 3429 2L
2398 3392 2417 3425 ι
2450 3374 2622 3442 Quem
2670 3390 2797 3446 ergo
2839 3376 3073 3429 fructum
3103 3378 3316 3434 habetis
3366 3388 3491 3436 tunc
3522 3382 3572 3435 in

2004 3466 2131 3531 illis,
2166 3468 2217 3518 in
2248 3466 2445 3535 quibus
2478 3480 2621 3521 nunc
2652 3468 3013 3523 erubescitis?
3040 3487 3059 3520 ›

2068 3556 2325 3612 Libenter
2362 3572 2505 3613 nunc
2539 3572 2571 3613 a
2608 3560 2759 3613 vobis
2795 3560 3037 3615 audirem
3085 3578 3206 3616 cum
3239 3575 3444 3634 quanto
3492 3581 3577 3620 ar-

2000 3652 2129 3705 dore
2167 3649 2307 3703 hanc
2327 3649 2606 3719 pulchram
2652 3662 2874 3720 peccato
2924 3654 3241 3710 servitutem
3279 3659 3568 3721 serviistis,

1997 3753 2052 3799 et
2082 3744 2331 3814 quisnam
2380 3744 2451 3798 sit
2490 3743 2647 3812 hujus
2683 3744 2861 3815 magni
2895 3749 3059 3802 studii
3104 3748 3335 3805 fructus.
3380 3750 3572 3808 Nonne

1996 3837 2289 3904 corruptio,
2310 3844 2363 3891 et
2382 3835 2745 3899 immunditia,
2762 3847 3001 3904 etmors,
3017 3849 3071 3894 et
3085 3841 3232 3895 omni
3248 3845 3571 3899 verecundia

1998 3928 2191 4005 plena?
2215 3929 2295 3983 An
2321 3930 2481 4001 igitur
2518 3930 2599 3983 his
2624 3939 2750 3984 sunt
2785 3931 2981 3985 similia
3010 3949 3130 4003 quae
3164 3951 3306 3991 nunc
3334 3937 3567 4006 habetis,

1995 4020 2466 4087 autmodicum,et
2491 4036 2618 4076 easn
2653 4033 2859 4075 tantum
2887 4040 2915 4077 a
2949 4026 3222 4093 prioribus
3246 4028 3567 4101 discrepan-

1997 4114 2094 4179 tia,
2126 4123 2180 4168 et
2213 4129 2319 4167 non
2349 4112 2508 4184 plane
2538 4115 2792 4168 diversa?
2833 4114 2994 4171 Deum
3038 4119 3154 4173 loco
3182 4124 3385 4184 peccati
3412 4139 3570 4179 accc-

1994 4208 2165 4277 pistis,
2196 4216 2395 4277 etquae
2425 4207 2621 4277 placita
2652 4219 2779 4262 sunt
2813 4211 2861 4263 ei
2886 4226 3301 4282 cognoscentes,
3329 4215 3565 4272 fructum

1994 4299 2205 4356 habetis
2255 4300 2767 4366 sanctilicationetn,
2818 4302 2869 4356 id
2915 4314 2998 4359 est
3053 4305 3439 4374 innocentiam,
3459 4325 3564 4379 qua

1995 4392 2148 4449 vobis
2179 4394 2397 4464 insuper
2418 4392 2637 4449 dabitur
2664 4392 3063 4453 immortalibus
3096 4415 3235 4454 esse.

2621 4715 2772 4771 CAP.
2812 4713 2924 4769 VII.

2073 4849 2232 4905 Vens.
2270 4852 2323 4905 4.
2369 4870 2386 4900 ι
2420 4849 2625 4918 Itaque,
2656 4851 2849 4906 fratres
2873 4851 3001 4918 mei,
3044 4863 3097 4906 et
3126 4871 3220 4911 vos
3253 4862 3562 4921 tuortilieati

1995 4944 2126 4999 estis
2156 4944 2256 5014 legi
2289 4959 2383 5013 per
2407 4959 2605 5014 corpus
2631 4944 2854 5001 Christi.
2894 4966 2913 4999 ι

2065 5036 2178 5106 Age
2212 5037 2393 5106 igitur,
2442 5036 2635 5105 inquit,
2670 5039 2774 5094 hoc
2810 5056 2905 5109 per
2946 5042 3118 5114 legem
3163 5045 3333 5116 ipsam
3369 5052 3569 5104 contir-

1996 5144 2226 5182 memus.
2277 5126 2394 5181 Non
2440 5128 2727 5199 ignoratis,
2762 5146 2881 5188 cum
2917 5134 3089 5206 legem
3126 5149 3179 5192 et
3224 5140 3439 5209 quidem
3474 5158 3568 5196 ac-

1997 5223 2339 5276 curatissime
2402 5223 2597 5285 scitis,
2657 5225 2826 5293 legem
2884 5229 2937 5281 in
3009 5230 3229 5285 homine
3297 5232 3563 5286 dominari

1996 5322 2199 5383 quanto
2242 5320 2485 5383 tempore
2529 5314 2684 5367 vivit.
2728 5313 2921 5372 Mulier
2954 5318 3120 5389 igitur
3149 5336 3268 5391 quas
3304 5323 3405 5377 sub
3450 5324 3566 5377 viro

1995 5416 2097 5470 est,
2131 5404 2346 5459 vivente
2379 5405 2593 5472 marito,
2631 5406 2732 5477 legi
2763 5409 3026 5479 subjacet.
3063 5412 3143 5475 Si,
3192 5412 3403 5468 vivente
3427 5415 3565 5479 viro,

1997 5498 2160 5551 alium
2212 5500 2577 5567 conSpexerit,
2643 5502 2927 5556 vctrubitur
2967 5505 3232 5559 adultera.
3284 5504 3339 5559 Si
3388 5519 3565 5561 autem

1996 5600 2241 5644 mortuus
2259 5589 2422 5645 fuerit
2445 5593 2668 5647 maritus
2695 5592 2830 5661 ejus,
2858 5594 3083 5650 liberata
3106 5608 3189 5651 est
3209 5611 3238 5649 a
3258 5596 3411 5667 lege;
3440 5614 3565 5655 cum

1995 5684 2112 5737 viro
2157 5698 2316 5753 quem
2365 5683 2593 5739 voluerit
2637 5686 2800 5750 vivet,
2843 5688 2971 5756 quin
3026 5690 3270 5743 incurrat
3316 5691 3564 5747 adulterii

1997 5777 2225 5830 crimen.
2280 5774 2354 5829 Ita
2406 5791 2464 5830 se
2511 5777 2731 5842 habent,
2762 5777 2986 5843 fratres,
3030 5796 3150 5850 quae
3200 5781 3266 5835 ad
3305 5796 3399 5834 vos
3450 5797 3568 5852 spe-

1998 5878 2168 5923 ctant.
2195 5867 2295 5923 Per
2329 5869 2486 5925 fidem
2535 5872 2783 5942 corporis
2806 5872 3009 5928 Christi
3044 5873 3286 5929 membra
3323 5875 3458 5928 estis
3485 5875 3565 5929 ei-
