4164 6534
640 433 777 499 1679
1736 436 2106 497 GENNADII
2147 437 2227 497 PA

2326 440 2646 500 llARCH/E
2686 441 2790 501 (ΣΡ.
3747 431 3888 496 1680

638 551 789 605 fecti.
825 547 1075 603 Christus
1125 542 1227 613 legi
1279 551 1523 598 morluns
1558 543 1625 597 ad
1661 543 1887 598 alteram
1928 545 2094 599 vitam
2145 562 2209 600 ex

2326 548 2547 619 Χριστοῦ
2572 564 2587 578 ·
2636 546 3039 616 τετελευτηκὼς
3081 547 3137 602 δέ
3179 547 3388 605 ἐκεῖνος
3432 546 3511 616 τῷ
3547 545 3696 618 νόμῳ
3745 546 3890 617 πρὸς

636 642 868 698 mortuis
898 640 1158 694 surrexit.
1195 636 1308 692 Vos
1340 637 1505 703 igitur
1532 636 1709 691 effecti
1738 653 1902 691 unum
1932 653 2130 708 corpus
2157 639 2208 692 in

2326 642 2504 713 ἑτέραν
2537 643 2600 694 ἐκ
2624 642 2731 694 τῶν
2758 641 2967 712 νεκρῶν
2992 641 3191 695 ἀνεϐίω
3219 640 3364 710 ζωήν
3388 658 3403 671 ο
3431 639 3628 693 οὐκοῦν
3648 639 3705 691 ἐν
3728 638 3890 700 ὄντες

636 735 776 804 ipso,
810 732 1120 788 mortiﬁcati
1158 732 1289 787 estis
1319 731 1445 801 legi,
1468 739 1524 784 et
1561 730 1637 785 illi
1663 728 1983 786 l‘ructilicate
2017 730 2209 787 eodem

2326 736 2404 787 ιαὶ
2452 734 2612 804 ὑμεῖς
2647 734 2705 787 ἐν
2738 731 2907 801 αὐτῷ,
2943 732 3020 803 τῷ
3050 732 3149 802 μέν
3190 733 3340 802 νόμῳ
3388 730 3715 801 τεθνήκατεο
3747 746 3891 798 καρ-

638 827 753 881 fere
787 824 945 879 modo
967 837 1065 892 per
1094 823 1574 878 resurrectionem.

710 1047 878 1101 Vens.
906 1046 962 1100 5.
1011 1064 1029 1096 ι
1057 1045 1190 1100 Cum
1222 1044 1366 1098 enim
1420 1058 1669 1098 essemus
1698 1043 1749 1097 in
1780 1058 1969 1108 carne,
2004 1043 2210 1113 passio-

639 1155 734 1195 nes
765 1147 1112 1210 peccatorum
1145 1151 1265 1206 qua!
1292 1151 1386 1207 per
1412 1136 1581 1206 legem
1610 1147 1787 1198 erant,
1825 1154 1843 1186 ι
1886 1145 1992 1190 etc.

716 1229 826 1283 Vos
850 1243 990 1282 “caro
1027 1227 1080 1280 in
1122 1225 1404 1293 Scriptura
1452 1239 1607 1279 sacra
1634 1225 1948 1293 frequenter
1987 1238 2215 1293 usurpa-

640 1318 884 1395 t'nr.'Per
927 1319 1066 1372 hanc
1110 1329 1296 1370 vocem
1352 1314 1510 1369 modo
1540 1314 1711 1384 ipsam
1744 1312 1990 1383 designat
2022 1325 2216 1381 corpo—

642 1426 790 1467 ream
834 1409 1089 1473 formam,
1126 1416 1186 1462 ut
1230 1407 1283 1461 in
1338 1407 1425 1462 his
1482 1421 1601 1476 quae
1646 1403 1896 1459 Salvator
1938 1404 2216 1473 discipulis

641 1510 765 1574 post
800 1498 1253 1555 resurrectionem
1283 1511 1434 1552 suam
1470 1496 1536 1550 de
1566 1496 1744 1566 seipso
1772 1495 1909 1551 dicit
1943 1517 1955 1550 :
1986 1494 2215 1563 Spiritus

642 1586 853 1648 carnem
885 1602 935 1646 et
970 1607 1095 1645 ossa
1130 1605 1235 1644 non
1261 1589 1437 1653 habet,
1474 1589 1608 1641 sicut
1635 1604 1715 1641 me
1747 1587 1934 1642 videtis
1956 1587 2214 1652 habere';

643 1685 805 1739 modo
834 1697 941 1737 non
978 1690 1226 1735 naturam
1258 1681 1351 1734 sed
1398 1679 1568 1748 ipsius
1602 1677 1880 1748 passiones
1921 1687 1979 1731 ut
2016 1678 2069 1732 in
2100 1677 2217 1732 loco

639 1775 906 1845 prtel'ato;
959 1788 1067 1827 non
1117 1773 1262 1827 enim
1302 1771 1457 1841 quasi
1506 1770 1813 1825 horninibus
1860 1784 2006 1825 nunc
2037 1768 2218 1824 carnis

2312 824 2528 878 πώσετε
2557 825 2645 878 διὰ
2666 823 2767 895 τῆς
2801 824 3153 889 ἀναστάσεως
3178 822 3330 895 αὐτῷ
3360 819 3759 893 παραπλησίως
3787 819 3890 874 καὶ

2312 917 2491 989 ὑμεῖς.

2388 1054 2407 1086 r
2455 1033 2583 1085 Ὅτε
2617 1034 2717 1104 μὲν
2753 1032 2861 1105 γὰρ
2888 1027 3032 1104 ἦμεν
3075 1033 3134 1086 ἐν
3162 1035 3229 1104 τῇ
3255 1031 3440 1103 σαρκὶ,
3468 1030 3539 1085 τὰ
3586 1029 3892 1102 παθήματα

2312 1126 2418 1180 τῶν
2446 1127 2731 1198 ἁμαρτιῶν
2767 1126 2835 1179 τὰ
2864 1126 2953 1180 διὰ
2982 1125 3079 1179 τοῦ
3106 1126 3294 1196 νόμου,
3327 1143 3346 1175 ι
3390 1140 3446 1177 κ.
3472 1141 3523 1177 τ.
3549 1122 3602 1177 λ.

2385 1217 2476 1290 Τῷ
2526 1220 2626 1289 τῆς
2655 1219 2881 1287 σαρκὸς
2932 1217 3155 1288 ὀνόματι
3208 1217 3372 1286 διχῶς
3423 1216 3457 1287 ἡ
3514 1216 3633 1269 θεία
3689 1213 3892 1285 χρῆται

2312 1316 2500 1386 Γραφή
2525 1332 2538 1344 ·
2574 1314 2668 1369 νῦν
2700 1315 2798 1385 μὲν
2818 1314 2916 1384 τὴν
2948 1312 3108 1382 φύσιν
3137 1311 3308 1374 οὕτως
3332 1311 3498 1381 αὐτὴν
3518 1308 3891 1379 ὀνομάζουσα.

2313 1407 2387 1471 ὼς
2419 1408 2498 1472 τὸ,
2530 1407 2773 1476 Πνεῦμα
2794 1404 2993 1474 σάρκα
3020 1402 3121 1457 καὶ
3148 1402 3328 1457 ὀστέα
3367 1404 3478 1456 οὐκ
3508 1401 3655 1471 ἔχει,
3692 1400 3892 1465 καθὼς

2314 1502 2419 1572 ἐμὲ
2444 1501 2709 1569 θεωρεῖτε
2744 1500 2986 1567 ἔχοντα,
3017 1496 3095 1567 τῷ
3129 1497 3340 1567 Σωτῆρι
3365 1496 3502 1566 πρὸς
3528 1496 3657 1557 τοὺς
3707 1494 3891 1564 μαθη-

2314 1596 2413 1659 τὰς
2446 1594 2573 1665 περὶ
2611 1590 2776 1645 αὑτοῦ
2802 1591 2939 1661 μετὰ
2972 1588 3071 1661 τὴν
3104 1588 3399 1644 ἀνάστασιν
3431 1587 3721 1659 εἰρημένον
3745 1604 3761 1617 σ
3792 1586 3893 1640 νῦν

2315 1684 2372 1741 δέ
2408 1688 2508 1741 οὐκ
2544 1686 2735 1757 αὐτὴν,
2786 1683 2922 1738 ἀλλὰ
2972 1683 3035 1736 τὸ
3083 1682 3252 1751 αὐτῆς
3299 1681 3566 1752 ἐμπαθὲς.
3605 1681 3684 1744 ὼς
3725 1678 3893 1733 τοῦτο

2318 1780 2448 1834 αὐτὸ
2481 1779 2543 1832 τὸ
2583 1776 2963 1849 προκείμενον.
2996 1774 3069 1828 οὐ
3100 1773 3209 1845 γὰρ
3252 1774 3327 1837 ὡς
3367 1772 3625 1843 ἀσάρκων
3672 1770 3767 1824 νῦν
3794 1771 3887 1823 ὃν-

636 1868 958 1939 expertibus
993 1866 1110 1921 haec
1131 1865 1295 1918 verba
1332 1863 1632 1932 proposuit,
1671 1861 1805 1916 Cum
1830 1863 1967 1917 enim
1990 1876 2219 1915 essemus

2326 1887 2426 1922 των
2458 1869 2628 1938 ἔφησε
2660 1866 2881 1933 τὺ,Ὅτε
2908 1861 3060 1937 ἦμεν
3085 1864 3155 1919 ἐν
3178 1863 3249 1932 τῇ
3282 1862 3481 1933 σαρκὶ,
3510 1862 3625 1917 ἀλλ’
3648 1862 3724 1926 ὡς
3750 1860 3893 1931 πρὸς

628 1963 704 2018 “in
742 1976 923 2027 carne,
958 1959 1055 2014 sed
1098 1956 1255 2027 quasi
1292 1956 1605 2010 hominibus
1630 1956 1721 2024 qui
1756 1954 1811 2009 in
1849 1954 2069 2010 Christo
2096 1966 2221 2023 pro.

2326 1959 2619 2015 ἀθανασίαν
2644 1957 2739 2012 καὶ
2771 1956 3042 2011 ἀπάθειαν
3074 1956 3133 2008 ἐν
3170 1952 3392 2026 Χριστῷ
3425 1952 3888 2025 μετεληλυθότων.

632 2052 822 2123 gressi
859 2060 986 2106 sunt
1014 2050 1082 2103 ad
1121 2045 1589 2101 immortalitatem
1622 2055 1678 2100 et
1710 2045 2023 2115 passionum
2059 2056 2220 2096 voca-

638 2144 876 2198 tionem.
918 2140 1255 2209 Frequenter
1294 2138 1465 2202 enim,
1507 2137 1649 2192 sicut
1673 2134 1787 2205 jam
1827 2136 1962 2203 dixi,
2000 2148 2120 2204 quae
2153 2132 2221 2188 de

645 2235 866 2290 Christo
902 2234 1194 2298 credimus,
1219 2231 1333 2285 hinc
1370 2228 1526 2283 nobis
1558 2229 1709 2298 quasi
1745 2226 2032 2298 prteseutia
2066 2225 2225 2280 indu-

648 2330 743 2381 cit.
777 2326 987 2380 Etenim
1012 2323 1163 2387 dicit,
1197 2336 1319 2376 cum
1357 2321 1537 2374 adhuc
1576 2334 1823 2375 essemus
1856 2319 1908 2372 in
1941 2318 2050 2372 vita
2089 2331 2227 2387 prte-

648 2418 859 2474 cedenti
897 2415 1127 2479 carnali,
1169 2414 1453 2483 passiones
1498 2410 1553 2465 in
1600 2411 1862 2466 membris
1898 2409 2100 2465 nostris
2127 2423 2226 2478 per

649 2511 819 2579 legem
845 2507 1058 2578 operari
1100 2507 1167 2561 ad
1197 2513 1455 2576 peccata;
1493 2502 1547 2559 id
1572 2513 1679 2570 est,
1709 2503 1957 2558 actiones
1999 2510 2223 2563 nostrae,

650 2616 747 2671 per
770 2601 945 2670 legem
996 2600 1049 2652 in
1093 2607 1377 2668 peccatum
1416 2597 1845 2666 imputabantur.
1876 2593 2106 2650 Peccato
2134 2606 2229 2646 au-

653 2704 759 2749 tem
796 2692 1068 2748 vulnerati
1101 2691 1415 2746 necessario
1450 2689 1521 2743 ad
1569 2698 1802 2743 mortem
1853 2686 2223 2742 mittebamur.

651 2786 750 2842 llis
783 2786 929 2843 enim
964 2798 1087 2840 sese
1131 2782 1361 2838 invicem
1391 2778 1874 2837 corroborantibus
1904 2776 1957 2832 in
1988 2790 2229 2833 errorem

654 2881 1013 2935 inducebatur
1040 2888 1233 2931 natura
1274 2886 1482 2930 nostra.
1515 2874 1775 2943 lniqnitas
1806 2886 1903 2941 per
1937 2871 2111 2941 legem
2147 2870 2231 2923 in-

654 2971 980 3034 valescebat,
1007 2972 1465 3025 corroborabatur
1487 2982 1631 3021 mors
1656 2981 1749 3036 per
1772 2972 2077 3034 peccatum,
2108 2962 2233 3018 dunt

554 3107 557 3110 .
654 3064 741 3117 les
775 3058 1116 3123 mortalibus,
1156 3065 1211 3111 et
1240 3057 1361 3111 ideo
1392 3058 1459 3108 ad
1490 3065 1769 3125 peccatum
1793 3052 2097 3123 propensis,
2142 3066 2233 3104 ne-

652 3151 893 3208 oessario
927 3150 1320 3205 dominaretur.
1369 3146 1481 3202 Lex
1526 3147 1690 3216 igitur
1728 3154 2007 3216 peccatum
2055 3152 2237 3213 protu-

2322 2051 2588 2114 Πολλάκις
2616 2050 2746 2120 γὰρ,
2780 2047 2962 2112 καθὼς
3000 2048 3101 2120 ἢδη
3152 2046 3418 2119 προέφην,
3452 2046 3577 2100 ἀπὸ.
3606 2044 3712 2100 τῶν
3746 2045 3895 2099 κατὰ

2321 2145 2557 2217 Χριστὸν
2587 2143 2995 2213 πιστευομένων
3022 2143 3156 2212 ἡμῖν
3191 2140 3265 2203 ὡς
3286 2139 3599 2193 ἐνεστώτων
3629 2140 3893 2209 προσδια-

2322 2236 2564 2306 λέγεται.
2613 2236 2778 2303 Λέγει
2832 2234 3016 2289 τοίνυν
3060 2234 3144 2287 ὅτι
3173 2235 3273 2303 τῆς
3311 2232 3586 2304 προτέρας
3627 2231 3785 2302 ἡμῶν
3809 2232 3891 2285 ἔτι

2324 2330 2424 2399 τῆς
2456 2330 2722 2400 σαρκικῆς
2750 2327 2920 2381 ὄντων
2947 2325 3113 2396 ζωῆς,
3140 2324 3211 2378 τὰ
3232 2326 3289 2377 ὲν
3318 2327 3431 2385 τοῖς
3460 2324 3752 2395 ἡμετέροις
3788 2342 3894 2376 πα-

2326 2422 2545 2494 θήματα
2584 2419 2774 2489 μέλεσι
2796 2418 2932 2490 πρὸς
2964 2415 3237 2489 ἁμαρτίαν
3272 2418 3546 2487 ἐνεργεῖτο
3570 2416 3658 2472 διὰ
3691 2417 3785 2471 τοῦ
3815 2417 3898 2470 νό-

2330 2532 2432 2585 μου
2451 2528 2464 2541 °
2493 2511 2771 2565 τουτέστιν
2792 2509 2882 2579 ὑφ’
2913 2510 3071 2581 ἡμῶν
3092 2507 3316 2579 ἐνεργοῦ
3325 2525 3479 2579 μενα,
3504 2507 3593 2562 διὰ
3611 2509 3705 2562 τὸν
3729 2510 3895 2579 νόμον

2328 2605 2459 2674 ἡμῖν
2495 2604 2575 2666 εἰς
2616 2600 2889 2675 ἁμαρτίαν
2917 2599 3325 2667 κατελογίξετο·
3369 2601 3796 2671 τιτρωσκόμενοι
3838 2601 3895 2654 δέ

2330 2698 2435 2750 sua
2460 2696 2685 2769 ταύτης,
2713 2694 3022 2764 ἀναγκαίως
3037 2692 3115 2764 τῷ
3139 2693 3351 2764 θανάτῳ
3385 2693 3894 2764 παραπεμπόμεθα.

2331 2788 2475 2860 Πρὸς
2507 2789 2616 2858 γὰρ
2651 2785 2860 2850 τούτοις
2893 2784 2958 2838 δι’
2986 2782 3231 2854 ἀλλήλων
3278 2782 3702 2854 κρατυνομὲνοις
3726 2784 3760 2853 ἠ
3789 2784 3897 2853 φύε

2334 2898 2419 2943 σις
2458 2879 2613 2951 ἡμῶν
2644 2877 3062 2950 ἐδογματίζετο·
3101 2876 3199 2947 τῆς
3232 2875 3331 2947 μέν
3371 2876 3643 2947 ἁμαρτίας
3682 2876 3898 2947 ίσχυού.

2335 2991 2435 3047 σης
2470 2974 2559 3027 διὰ
2580 2973 2675 3026 τοῦ
2700 2972 2887 3043 νόμου,
2910 2970 3004 3024 τοῦ
3030 2969 3261 3023 θανάτου
3288 2969 3345 3022 δέ
3371 2968 3461 3023 διὰ
3496 2969 3594 3042 τὴν
3621 2970 3895 3042 ἁμαρτίαν

2334 3065 2691 3137 κρατοῦντος·
2745 3063 2840 3117 τοῦ
2870 3064 3036 3135 νόμου
3086 3063 3144 3116 δέ
3175 3064 3286 3127 τοῖς
3321 3065 3536 3133 θνητοῖς
3581 3081 3637 3117 τε
3680 3065 3773 3116 καί
3801 3064 3898 3117 διὰ

2334 3158 2493 3212 τοῦτο
2522 3157 2658 3230 πρὸς
2697 3157 2973 3229 ἁμαρτίαν
3010 3156 3394 3226 ἐπιρρεπέσιν,
3431 3156 3741 3225 ἀναγκαίως
3778 3158 3902 3209 ἐπι-

656 3246 739 3311 lit,
787 3252 1017 3299 mortem
1053 3240 1239 3311 genuit
1272 3249 1578 3312 peccatum.
1624 3237 1767 3294 Mors
1814 3252 1909 3307 per
1948 3237 2227 3307 passiones

2331 3252 2608 3323 κειμένου.
2642 3249 2852 3305 οὐκοῦν
2896 3250 2994 3321 τὴν
3027 3249 3128 3320 μέν
3161 3249 3433 3321 ἁμαρτίαν
3469 3251 3497 3303 ό
3541 3250 3743 3321 κόσμος
3768 3259 3789 3290 ι
3810 3251 3901 3302 v6-

654 3335 890 3391 reddldit
914 3342 1163 3388 naturain
1181 3333 1247 3386 ad
1270 3339 1555 3402 peccatum
1576 3342 1924 3400 propensam,
1948 3336 2003 3382 et
2031 3326 2084 3381 in
2114 3324 2231 3397 lege

655 3414 971 3486 necessario
998 3426 1293 3481 constituta
1324 3424 1441 3479 fuit.

720 3714 895 3780 Vnus.
929 3722 984 3780 6.
1025 3741 1046 3776 ι
1073 3721 1228 3778 Nunc
1268 3731 1447 3775 autem
1474 3718 1634 3775 soluti
1661 3733 1851 3775 sumus
1880 3733 1911 3774 a
1944 3717 2062 3790 lege
2087 3732 2229 3773 mor-

647 3817 730 3873 iis
772 3817 827 3871 in
860 3831 967 3887 qua
996 3816 1396 3869 detinebantur.
1434 3830 1457 3865 ι

730 3933 881 3988 Nunc
914 3943 1115 3999 autem,
1152 3932 1348 4001 inquit,
1397 3930 1562 3985 soluti
1590 3946 1779 3986 sumus
1818 3945 1847 3984 a
1876 3930 1991 4003 lege
2037 3931 2090 3985 in
2123 3944 2229 4000 qua

650 4025 1061 4087 ‘detinebamur,
1092 4024 1167 4077 ita
1197 4032 1254 4076 ut
1283 4024 1574 4076 serviamus
1603 4023 1660 4075 in
1687 4023 1913 4077 novitate
1941 4024 2159 4093 spiritus
2185 4030 2233 4075 et

652 4134 765 4173 non
790 4117 846 4170 in
889 4123 1146 4170 vetustate
1188 4114 1403 4169 littere.
1454 4112 1678 4184 Oportet
1715 4115 1877 4183 igitur
1910 4129 2007 4169 nos
2038 4114 2105 4167 de
2136 4128 2233 4168 cae-

667 4220 785 4265 tero
810 4221 1001 4278 gerere
1030 4207 1185 4275 quasi
1219 4206 1465 4261 homines
1500 4209 1591 4275 qui
1620 4206 1955 4261 immortales
1981 4207 2232 4277 spiritua-

661 4299 849 4368 lesquc
896 4297 1073 4352 ell'ecti
1110 4308 1257 4360 sunt,
1306 4312 1409 4351 non
1439 4298 1591 4367 quasi
1635 4298 1879 4352 homines
1909 4290 2082 4353 adhuc
2106 4313 2228 4353 cor-

665 4390 969 4461 ruptibiles,
995 4405 1057 4445 ac
1083 4392 1335 4444 vetustati
1369 4399 1425 4445 et
1453 4390 1573 4445 ideo
1603 4389 1735 4459 legis
1764 4388 2013 4445 servituti
2050 4390 2232 4458 subje-

664 4492 804 4540 ctos.
836 4481 1100 4553 Spiritum
1152 4498 1183 4537 a
1212 4482 1397 4538 littera
1437 4484 1689 4539 distinxit
1726 4483 2036 4554 Apostolus,
2070 4499 2099 4537 a
2136 4500 2231 4539 ve-

2331 3364 2431 3418 μος
2456 3345 2707 3415 συνέστη.
2752 3345 2815 3398 Ἢ
2843 3344 2900 3398 δὲ
2926 3342 3173 3415 ἁμαρτία
3213 3342 3304 3396 τὸν
3330 3341 3558 3396 θάνατον
3603 3342 3897 3412 ἀπεγέννα.

2342 3436 2398 3491 ’0
2422 3436 2479 3489 δέ
2512 3435 2737 3498 θάνατος
2770 3434 2867 3503 τὴν
2894 3433 3055 3503 φύσιν
3090 3434 3169 3495 εἰς
3203 3432 3479 3503 ἁμαρτίαν
3508 3432 3784 3487 εὐόλισθον
3810 3432 3900 3486 διὰ

2328 3527 2421 3581 τοῦ
2454 3524 2735 3598 ἐμπαθοῦς
2779 3522 3176 3597 ἐργασάμενος.
3222 3524 3279 3576 ἐν
3312 3523 3469 3594 χρείᾳ
3506 3523 3689 3594 νόμων
3736 3524 3901 3578 κατέ.

2333 3635 2549 3689 στησεν.

2407 3747 2425 3782 ι
2456 3728 2590 3782 Νυνὶ
2619 3727 2677 3782 δέ
2724 3727 3182 3800 κατηγορήθημεν
3224 3727 3332 3781 ἀπὸ
3362 3726 3455 3781 τοῦ
3483 3726 3649 3799 νόμου
3693 3728 3901 3784 ἀποθα-

2331 3822 2529 3886 νόντες,
2562 3822 2619 3873 ἐν
2652 3812 2696 3889 ᾧ
2726 3820 3114 3891 κατειχόμεθα.
3155 3838 3175 3872 ι

2398 3933 2511 3986 Νῦν
2532 3933 2732 4004 μέντοι,
2765 3933 2948 4004 φησὶν,
2986 3932 3094 3986 ἀπὸ
3120 3930 3215 3985 τοῦ
3250 3932 3418 4003 νόμον
3448 3932 3544 3987 τοῦ
3570 3934 3901 4007 κατέχοντος

2331 4027 2477 4097 ἡμᾶς
2504 4023 2949 4097 κατηργήθημεν,
2976 4022 3132 4077 ὥστε
3157 4024 3472 4080 δουλεύειν
3499 4025 3656 4095 ἡμᾶς
3681 4028 3755 4081 ἐν
3774 4047 3901 4083 και-

2332 4120 2537 4186 νότητι
2565 4118 2901 4183 πνεύματος
2923 4115 3021 4169 καὶ
3045 4118 3119 4170 οὐ
3156 4118 3507 4184 παλαιότητι
3538 4119 3898 4189 γράμματος.

2331 4209 2462 4262 Δέον
2500 4202 2593 4261 οῦν
2619 4206 2693 4270 ὡς
2716 4204 3016 4270 ἀθανάτους
3046 4204 3137 4259 τοῦ
3164 4205 3351 4259 λοιποῦ
3386 4208 3477 4261 καὶ
3500 4212 3901 4278 πνευματικοῦς

2331 4297 2728 4369 γεγενημένους
2752 4297 2898 4368 ἡμᾶς
2929 4294 3307 4351 πολιτεύεσθαι
3327 4312 3341 4325 ⁸
3366 4298 3501 4352 ἀλλὰ
3531 4300 3604 4371 μὴ
3630 4301 3706 4364 ὡς
3735 4303 3901 4375 φθαρ-

2330 4390 2460 4453 τοὺς
2491 4389 2571 4441 ἔτι
2596 4389 2689 4441 καὶ
2720 4387 3176 4457 παλαιουμένους,
3201 4387 3296 4441 καὶ
3325 4388 3475 4459 νόμῳ
3501 4388 3591 4441 διὰ
3614 4389 3773 4443 τοῦτο
3798 4408 3899 4444 καὁ

2333 4477 2808 4553 τηναγκασμένους
2864 4480 3154 4535 δουλεύειν.
3223 4480 3631 4535 ’Δντιδιὲστειλε
3697 4482 3756 4536 δέ
3819 4484 3901 4556 τῷ

664 4586 869 4632 tustate
930 4576 1247 4640 novitatem,
1296 4584 1350 4629 et
1378 4590 1474 4645 per
1523 4576 1623 4630 ista
1670 4577 1887 4631 nomina
1938 4576 2227 4631 maximam

2334 4574 2620 4645 γράμματι
2649 4574 2747 4644 μὲν
2775 4573 2837 4627 τὸ
2859 4573 3078 4645 πνεῦμα
3099 4590 3111 4603 ·
3134 4577 3200 4645 τῇ
3225 4574 3545 4647 παλαιότητι
3568 4575 3625 4630 δέ
3651 4576 3751 4647 τὴν
3776 4595 3901 4632 και-

663 4681 847 4724 rerurn
880 4667 1240 4722 diﬂ‘erentiam
1269 4668 1527 4724 ostendit.

740 4872 903 4998 iens.
947 4871 1004 4926 7.
1055 4892 1074 4927 ι
1105 4870 1243 4941 Quid
1300 4889 1431 4945 ergo
1487 4875 1765 4930 dicemus?
1812 4875 1895 4931 lex
1948 4886 2226 4945 peccatum

740 4971 745 4998 υ
818 4978 839 4998 .
870 4971 953 4998 su.

664 4970 787 5017 est!
818 4978 839 5014 ι
870 4971 975 5017 etc.

739 5075 1223 5147 Concupiscentiam
1245 5080 1405 5146 enim,
1458 5078 1652 5148 inquit,
1708 5081 1978 5145 nescirem,
2015 5082 2117 5135 nisi
2149 5082 2235 5137 lex

669 5169 903 5223 diceret:
932 5166 1055 5223 Non
1102 5170 1453 5237 concupisces.
1490 5170 1605 5224 Non
1650 5171 1779 5225 dicit
1826 5174 2135 5227 mandatum
2180 5175 2233 5228 in

672 5276 759 5316 me
781 5260 1073 5316 inseruisse
1100 5261 1591 5330 concupiscentiam
1620 5278 1781 5331 quam
1808 5277 1913 5317 non
1944 5264 2231 5329 habebam,

673 5371 797 5410 nam
848 5364 931 5411 est
961 5356 1399 5425 coacupiscentia
1449 5355 1726 5408 naturalis.
1775 5352 1882 5409 Sed
1930 5354 2239 5425 priusquam

677 5448 759 5503 lex
805 5463 899 5518 per
945 5448 1368 5518 prohibitionem
1417 5446 1724 5501 edocuisset
1772 5460 1880 5512 me,
1935 5448 2239 5502 nesciebam

672 5540 1167 5611 concupiscentiam
1201 5548 1257 5595 et
1300 5538 1707 5610 vituperandam
1750 5547 1805 5596 et
1856 5538 2052 5596 malam
2094 5554 2237 5598 esse.

746 5749 767 5780 ν
791 5748 920 5804 Luc.
951 5764 1101 5817 χειν,
1132 5748 1205 5805 39

737 5863 761 5893 ⁸
792 5863 881 5917 Sic
904 5864 1042 5919 Cod.

2336 4667 2567 4736 νότηταο
2620 4669 2715 4722 καὶ
2760 4669 2943 4731 αὐτοῖς
2972 4669 3085 4730 τοῖς
3121 4667 3348 4737 ὀνόμασι
3380 4667 3645 4739 μεγίστην
3686 4669 3899 4734 δεικνὺς

2335 4760 2434 4832 τὴν
2458 4761 2563 4814 τῶν
2594 4761 2935 4831 πραγμάτων
2961 4759 3243 4830 διαφοράν.

2413 4886 2431 4920 ι
2470 4868 2534 4920 Τί
2562 4868 2655 4922 οὖν
2677 4868 2909 4941 ἐροῦμεν
2929 4886 2945 4934 ;
2967 4872 2995 4923 ό
3022 4870 3183 4931 νόμος
3215 4869 3494 4939 ἁμαρτία;
3533 4888 3551 4920 ι
3579 4888 3632 4924 κ.
3657 4888 3709 4925 τ.
3741 4872 3791 4926 λ.

2416 5068 2535 5137 Τήν
2562 5087 2624 5124 τε
2656 5068 2766 5140 γὰρ
2793 5070 3128 5139 ἐπιθυμίαν,
3167 5070 3352 5139 φησιν,
3380 5072 3491 5123 οὐκ
3530 5070 3718 5139 ᾔδειν,
3740 5074 3791 5125 εἱ
3812 5071 3898 5141 μὴ

2341 5162 2375 5215 ό
2394 5162 2578 5231 νόμος
2598 5161 2824 5231 ἔλεγεν,
2850 5162 2970 5214 Οὐκ
2995 5159 3405 5229 ἐπιθυμήσεις.
3426 5160 3500 5213 Οὐ
3528 5160 3686 5214 τοῦτό
3717 5179 3898 5233 φησιν,

2342 5251 2425 5305 ὃτι
2476 5251 2577 5320 τῆς
2629 5250 2926 5320 ἐπιθυμίας
2977 5268 3067 5321 μοι
3110 5250 3209 5321 τὴν
3242 5250 3404 5320 φύσιν
3454 5249 3761 5305 ἐντέθεικεν
3803 5254 3898 5306 οὐκ

2338 5340 2514 5411 ἔχοντι
2542 5340 2602 5393 τὸ
2628 5341 2997 5412 παράγγελμα
3016 5355 3029 5369 ο
3059 5342 3093 5409 ἡ
3122 5341 3230 5412 γὰρ
3254 5340 3518 5411 ἐπιθυμία
3540 5344 3638 5412 τῆς
3662 5340 3898 5411 φύσεως.

2352 5433 2491 5487 Ἀλλ’
2525 5435 2606 5486 ὅτι
2639 5432 2713 5504 μὴ
2755 5432 3065 5497 διδάξαντὸς
3097 5451 3163 5504 με
3182 5432 3276 5486 τοῦ
3308 5433 3473 5504 νόμου
3516 5433 3603 5487 διὰ
3634 5435 3733 5505 τῆς
3763 5438 3905 5489 ἀπα-

2337 5524 2661 5595 γορεύσεως,
2688 5523 2949 5592 ἐπίψογόν
2973 5541 3030 5579 τε
3054 5525 3151 5579 καὶ
3175 5524 3386 5596 φαύλην
3408 5524 3705 5597 ἐπιθυμίαν
3733 5525 3903 5597 ὑπάρ-

2339 5634 2453 5688 χειν
2481 5617 2579 5670 οὑκ
2606 5617 2948 5689 ἠπιστάμην.

3341 5817 3381 5845 κ
