4164 6542
344 416 485 501 1689

946 536 1199 592 ΚΕΦΑΛ.
1238 537 1320 593 H'.

417 687 438 723 ι
476 668 550 724 Τὸ
581 670 691 742 γὰρ
726 670 990 727 ἀδύνατον
1039 670 1134 729 τοῦ
1168 671 1334 745 νόμου
1386 672 1447 727 ὲν
1474 667 1520 745 ᾧ
1552 672 1776 746 ἠσθένει
1817 673 1908 729 διὰ

340 764 441 835 τῆς
466 765 688 836 σαρκός.
728 785 748 819 ι

409 857 457 889 ³⁸
484 858 586 911 Ἦν
620 859 649 910 6
680 858 861 930 νόμος,
895 858 1051 930 φησὶ,
1078 857 1360 916 δικαίωσιν
1392 859 1747 933 υπαγορεύων
1780 860 1904 931 iisd-

338 963 418 999 νει
448 945 537 1000 διά
564 947 663 1018 τῆς
701 949 975 1019 ἡμετέρας
1021 948 1224 1019 σαρκὸς
1266 951 1325 1004 ὲν
1354 952 1488 1021 ἡμῖν
1535 950 1901 1022 κατορθῶσαι,

336 1037 537 1110 ταύτης
568 1040 609 1072 ⁵¹
640 1040 943 1111 ένκΧριστῷ
971 1041 1245 1112 παρέσχεν
1271 1043 1403 1115 ἡμῖν
1431 1046 1459 1098 6
1488 1044 1638 1109 Θεός.
1668 1045 1711 1097 Τ
1714 1044 1772 1097 δν
1795 1044 1904 1116 γὰρ

335 1128 463 1182 Υίὸν
497 1129 721 1202 πέμψας
758 1130 850 1185 τὸν
878 1132 1073 1186 ἑαυτοῦ
1107 1126 1176 1200 ⁸¹,
1209 1134 1388 1206 σάρκα
1428 1135 1529 1207 τὴν
1567 1136 1737 1211 αὐτὴν
1771 1137 1904 1207 ἡμῖν

332 1220 549 1293 ἔχοντα*
576 1222 824 1295 παθητὴν
849 1240 911 1277 τε
952 1226 1049 1280 καὶ
1092 1226 1360 1299 ἁμαρτεῖν
1402 1213 1789 1300 ὲπιδεχομῖἐνην
1819 1228 1899 1260 ’³ο

343 1318 633 1389 Ὅμοιωμα
672 1319 781 1391 γὰρ
808 1322 1032 1391 σαρκὸς
1054 1322 1358 1391 ἁμαρτίας,
1406 1324 1504 1393 τὴν
1545 1323 1903 1393 ὲνδεχομένην

332 1412 647 1483 ἀμαρτῆσαι
679 1413 859 1481 σάρκα
897 1414 1097 1485 φησιν’
1128 1414 1204 1479 ὡς
1244 1416 1340 1470 καὶ
1380 1417 1442 1469 τὸ
1474 1416 1544 1469 ἐν
1583 1415 1901 1486 ὁμοιώματι

329 1501 647 1571 ἀνθρώπου
688 1503 1009 1573 γενόμενος
1044 1506 1167 1559 ἀντὶ
1212 1505 1305 1559 τοῦ
1354 1506 1647 1577 γενόμενος
1686 1506 1899 1578 ἀνθρω-

330 1609 450 1655 πος.
483 1592 700 1663 Ταύτην
733 1590 828 1647 οὖν
874 1593 1067 1665 ἔχοντα
1111 1596 1210 1665 τὴν
1249 1595 1448 1666 σάρκα,
1485 1596 1672 1666 φησὶν,
1700 1597 1728 1648 ὁ
1766 1594 1901 1660 Θεὸς

326 1685 417 1738 τὸν
444 1685 641 1739 ἑαυτοῦ
672 1686 800 1739 Υίὸν
846 1686 1070 1757 πέμψας
1099 1688 1228 1759 περὶ
1272 1688 1581 1759 ἁμαρτίας,
1623 1688 1900 1741 τουτέστιν

326 1778 415 1847 ἐφ’
445 1778 535 1832 ὅτε
566 1778 613 1810 ⁸⁸
639 1777 739 1849 τὴν
768 1778 1045 1849 ἁμαρτίαν
1067 1777 1569 1847 καταγωνίσασθαι,
1610 1778 1897 1850 κατέκρινε

1358 426 1817 488 FRAGMENTA
1852 425 1934 486 IN
1972 425 2211 487 EPIST.
2253 426 2352 485 AD
2392 424 2573 493 ROM.

3436 412 3583 477 1690

2621 534 2775 592 CAP.
2817 532 2953 598 VIII,

2080 670 2247 727 Vens.
2278 672 2334 727 ὅ.
2378 688 2399 723 ι
2426 669 2558 724 Nam
2612 667 2758 740 quod
2810 662 3147 737 impossibile
3185 674 3301 719 erat
3348 662 3471 733 legi,
3518 662 3572 717 in

2007 780 2114 837 quo
2146 766 2522 820 inllrmabatur
2553 776 2650 831 per
2678 775 2917 815 carnem.
2956 776 2975 811 ›

2074 856 2372 922 Iustitiam,
2428 856 2622 925 inquit,
2654 868 2816 924 quam
2860 852 2943 907 lex
2994 849 3358 921 praecipiebat,
3378 848 3473 903 sed
3515 847 3570 903 in

2005 951 2162 1008 nobis
2210 948 2459 1006 cutiferre
2492 964 2595 1003 non
2648 956 2860 1017 poterat
2910 947 2979 1001 ob
3030 958 3251 1000 carnem
3307 954 3570 1010 nostram,

2005 1045 2145 1105 banc
2193 1044 2332 1098 Deus
2376 1042 2533 1097 nobis
2573 1038 2841 1096 concessit
2885 1038 2937 1093 iu
2981 1036 3223 1103 Christo,
3270 1035 3402 1091 Nam
3447 1052 3570 1091 cum

2003 1137 2243 1192 misisset
2287 1134 2481 1191 Filium
2522 1149 2680 1188 suum
2726 1132 2781 1186 in
2823 1145 2989 1185 carne
3032 1140 3217 1185 nostra
3249 1129 3487 1199 passibili
3518 1137 3575 1185 et

2003 1239 2227 1301 peccato
2265 1227 2497 1283 obnoxia
2527 1225 2951 1295 (similitudinem
2991 1224 3127 1278 enim
3152 1224 3326 1277 carnis
3351 1222 3571 1291 peccati,

2003 1334 2103 1391 pro
2133 1334 2345 1373 carnem
2376 1326 2597 1389 peccato
2626 1316 2919 1371 obnoxiam
2938 1314 3094 1377 dicit,
3114 1311 3571 1384 quemadmodum

2001 1413 2057 1466 in
2098 1412 2496 1465 similitudinem
2543 1410 2768 1464 hominis
2803 1408 2974 1477 factus
3002 1422 3099 1476 pro
3146 1408 3303 1459 homo
3343 1404 3566 1475 factus),

2001 1520 2125 1559 cum
2161 1504 2327 1575 igitur
2352 1503 2592 1558 misisset
2621 1501 2815 1557 Filium
2852 1500 2905 1554 iu
2940 1514 3105 1554 carne
3139 1507 3325 1553 nostra
3352 1498 3417 1551 de
3442 1511 3572 1565 pec-

2000 1608 2146 1661 cato,
2195 1596 2406 1652 scilicet
2448 1604 2507 1649 ut
2560 1603 2842 1665 peccatum
2884 1600 3172 1663 pugnaret,
3212 1590 3476 1660 judicavit
3519 1597 3574 1643 et

2000 1688 2276 1744 damnavit
2302 1694 2580 1759 peccatum
2609 1685 2664 1739 in
2693 1699 2857 1744 carne
2877 1725 2891 1748 ,
2922 1680 3393 1752 inexpugnabilem
3429 1678 3569 1732 illam

2001 1778 2479 1848 invincibilemque
2514 1776 2803 1833 servando.
2842 1774 2935 1830 Vel
2982 1774 3188 1828 aliter:
3228 1771 3304 1827 De
3350 1782 3573 1842 peccato

325 1868 426 1937 τὴν
468 1867 743 1939 ἁμαρτίαν
770 1870 829 1921 ὲν
869 1871 934 1940 τῇ
987 1869 1188 1939 σαρκὶ,
1228 1868 1581 1923 κατεδίκασεν
1625 1866 1793 1940 αὐτὴν
1840 1871 1891 1921 ὲν

2000 1872 2280 1928 damnavit
2329 1878 2609 1940 peccatum
2663 1870 2717 1924 in
2779 1882 2969 1933 carne,
3032 1865 3084 1921 id
3138 1874 3223 1920 est
3274 1879 3396 1919 cum
3442 1878 3573 1919 caro

325 1959 487 2029 αὐτῇ,
529 1959 809 2029 ἀνέπαφον
860 1959 1031 2031 αὐτὴν
1061 1960 1109 1993 ⁵⁸
1155 1962 1251 2015 καὶ
1301 1960 1578 2016 ἀνάλωτον
1616 1961 1899 2027 παντελῶς

323 2048 655 2119 διαφυλάξας
683 2050 876 2117 αὑτήν.
908 2050 979 2103 Ἦ
1013 2050 1108 2105 καὶ
1152 2050 1331 2114 ἄλλως
1354 2066 1370 2085 ⁸
1399 2051 1525 2105 Ὅτι
1561 2053 1691 2123 περὶ
1721 2053 1899 2123 ἀμαρ-

323 2140 445 2205 τίας
476 2141 767 2212 κατέκρινε
792 2141 890 2214 τὴν
909 2142 1183 2213 ἁμαρτίαν
1213 2143 1273 2196 ὲν
1295 2144 1363 2214 τῇ
1395 2142 1559 2214 σαρκί
1585 2160 1599 2173 ·
1629 2142 1753 2196 ἀντὶ
1776 2142 1895 2209 τοῦ,

323 2233 713 2304 ἀναμαρτήτου
742 2233 842 2304 τῆς
886 2233 1087 2304 σαρκὸς
1118 2233 1285 2306 οῦσης
1315 2233 1486 2305 αὐτῷ,
1517 2234 1612 2288 καὶ
1642 2233 1741 2306 οὐχ
1762 2234 1898 2288 ὐπο-

324 2325 587 2396 κειμένης
632 2324 721 2378 διὰ
766 2325 925 2379 τοῦτο
972 2326 1224 2399 θανάτῳ·
1273 2326 1565 2401 κατέκρινε
1621 2328 1721 2400 μὲν
1767 2328 1899 2401 περὶ

323 2417 603 2489 ἁμαρτίας
644 2418 744 2487 τὴν
775 2419 1052 2490 ἁμαρτίαν
1083 2422 1111 2474 6
1137 2419 1269 2485 θεὸς
1299 2422 1358 2474 ὲν
1401 2420 1563 2492 αὐτῇ,
1590 2420 1666 2484 ὡς
1706 2421 1807 2475 οὐκ
1839 2424 1899 2475 ὲν

320 2509 447 2583 δίκῃ
474 2510 554 2581 τῷ
596 2510 813 2584 θανάτῳ
842 2512 939 2585 τὴν
966 2511 1063 2566 τοῦ
1105 2514 1316 2585 Κυρίου
1344 2512 1525 2586 σάρκα
1567 2513 1897 2586 περιϐαλοῦ-

324 2619 443 2659 σαν.
475 2604 573 2660 Διὰ
604 2605 662 2660 δὲ
686 2605 786 2676 τῆς
817 2606 882 2659 ὲκ
908 2606 1117 2679 νεκρῶν
1146 2608 1520 2675 ἀναστάσεως,
1551 2608 1771 2679 ἐκείνην
1798 2625 1895 2680 με-

319 2694 513 2751 τέϐαλε
554 2697 693 2770 πρὸς
731 2697 1019 2753 ἀπάθειαν.
1055 2699 1167 2754 Καὶ
1207 2700 1350 2754 οὕτω
1384 2701 1571 2754 λοιπὸν
1601 2703 1634 2773 ἡ
1666 2702 1758 2755 τοῦ
1807 2701 1896 2755 νό-

322 2804 426 2858 μου
473 2788 757 2853 δικαίωσις
802 2791 861 2843 ὲν
894 2792 1023 2860 ἡμῖν
1078 2791 1460 2861 κατορθοῦται,
1508 2791 1596 2845 διὰ
1651 2791 1892 2857 πίστεως

1999 1962 2169 2033 ipsius
2218 1959 2585 2031 impeccabilis
2632 1968 2797 2025 esset,
2824 1967 2880 2012 et
2925 1956 3129 2011 idcirco
3180 1969 3286 2009 non
3332 1954 3568 2009 obnoxia

2001 2055 2185 2121 morti,
2226 2054 2293 2109 de
2323 2063 2545 2123 peccato
2574 2052 2850 2107 damnavit
2891 2053 3034 2107 Deus
3066 2060 3352 2121 peccatum
3385 2049 3441 2103 in
3484 2065 3569 2115 ea,

1999 2149 2124 2219 quia
2159 2161 2289 2203 caro
2330 2145 2539 2202 Domini
2570 2146 2857 2201 sententia!
2881 2144 3072 2198 mortis
3105 2157 3211 2197 non
3247 2151 3364 2196 erat
3396 2140 3574 2208 subje-

1999 2249 2109 2296 cta.
2138 2236 2289 2295 Hanc
2317 2248 2498 2295 autem
2543 2253 2637 2308 per
2680 2236 3133 2291 resurrectionem
3180 2234 3463 2290 transtulit
3503 2233 3572 2287 ad

1999 2330 2509 2401 impassibilitatem.
2538 2330 2630 2385 Sic
2656 2330 2913 2398 deinceps
2932 2330 3142 2395 iustitia
3173 2327 3307 2395 legis
3335 2327 3387 2380 in
3412 2324 3573 2381 nobis

2000 2422 2338 2486 eﬂ'ormatur,
2370 2437 2494 2477 cum
2534 2435 2629 2491 per
2662 2420 2819 2475 Iidem
2848 2419 3066 2473 Christo
3087 2416 3368 2486 iungimur
3394 2422 3452 2469 et
3487 2412 3570 2467 ef-

2000 2518 2218 2572 ﬁcimur
2259 2516 2505 2570 homines
2562 2528 2659 2584 pro
2718 2511 3033 2567 carnalibus
3082 2507 3417 2579 spirituales.
3479 2504 3575 2559 His

1998 2617 2263 2665 consonat
2302 2608 2443 2677 quod
2493 2606 2625 2661 dicit
2669 2603 2957 2675 Apostolus
3004 2602 3058 2657 in
3103 2601 3389 2656 Antiochia
3430 2597 3573 2651 Pisi-

1997 2702 2099 2755 diae
2134 2718 2148 2755 :
2182 2701 2259 2753 Ab
2296 2700 2534 2754 omnibus
2564 2698 2749 2769 quibus
2783 2711 2887 2750 non
2910 2694 3152 2761 potuistis
3183 2694 3237 2745 in
3264 2693 3373 2760 lege
3398 2689 3572 2760 Moysi

1987 2792 2301 2863 justi/icari,
2340 2793 2395 2845 in
2428 2793 2525 2845 hoc
2553 2792 2721 2845 omnis
2751 2791 2841 2861 qui
2873 2790 3033 2844 credit
3051 2788 3387 2858 justiﬁcatur
3408 2786 3496 2828 “'~

317 2878 476 2950 ἡμῶν
503 2881 806 2951 ένουμένων
842 2882 1008 2953 αὐτῷ,
1037 2882 1132 2938 καὶ
1176 2883 1565 2954 πνευματικῶν
1603 2884 1726 2937 ἀντὶ
1789 2883 2067 2955 σαρκικῶν
2130 2884 2454 2955 γινομένων.
2487 2882 2743 2937 Τοιοῦτόν
2799 2883 2916 2935 ἐστι
2969 2880 3063 2934 καὶ
3087 2880 3146 2934 τὸ
3167 2881 3225 2932 ὲν
3270 2876 3571 2948 Ἀντιοχείᾳ

313 2971 414 3042 τῆς
451 2972 694 3035 Πισιδίας
722 2974 1012 3045 είρημένον
1040 2974 1211 3045 αὐτῷ,
1241 2976 1321 3028 ὅτι
1358 2976 1492 3030 Ἀπὸ
1535 2976 1777 3030 πάντων
1799 2971 1887 3031 ὧν
1923 2978 2034 3032 οὐκ
2060 2976 2404 3046 ἠδυνήθητε
2432 2976 2503 3031 ἐν
2527 2974 2607 3042 τῷ
2658 2976 2823 3046 νόμῳ
2878 2972 3139 3039 Μώσεως
3157 2968 3565 3038 δικαιωθῆναι,

313 3065 391 3133 ἐνί
417 3066 605 3132 τούτῳ
632 3065 730 3119 καί
752 3069 785 3120 ὀ
820 3068 1122 3122 πιστεύων
1142 3066 1491 3123 δικαιοῦται.

389 3176 408 3211 ι
446 3159 509 3210 υἱ
554 3157 612 3211 δε
641 3156 784 3212 κοιτὰ
824 3158 1002 3229 σάρκα
1043 3158 1312 3226 ὄντες,τά
1352 3159 1453 3229 τῆς
1495 3160 1698 3230 σαρκὸς
1752 3177 1889 3229 φρο-

2066 3163 2230 3217 Vens.
2280 3162 2333 3217 5.
2380 3180 2398 3214 ι
2430 3161 2533 3230 Qui
2592 3162 2736 3217 enim
2786 3159 3084 3216 secundum
3138 3173 3357 3215 carnem
3401 3166 3566 3221 sunt,

312 3266 519 3305 νουσιν.
557 3267 576 3300 ι

385 3342 619 3413 Ὥσπερ,
665 3344 821 3413 φησὶ,
848 3342 977 3407 τοὺς
1010 3342 1172 3406 δντας
1207 3342 1501 3415 φθαρτοὺς,
1536 3345 1632 3398 καὶ
1671 3344 1731 3397 τὸ
1757 3346 1891 3414 φρό-

312 3450 463 3505 νημα
508 3432 748 3505 φθαρτὸν
789 3434 935 3505 ἔχειν
980 3435 1218 3506 ἀνάγκη,
1263 3434 1406 3489 οῦτω
1434 3436 1530 3489 καὶ
1570 3437 1700 3500 τοὺς
1727 3436 1889 3501 ὄντας

313 3525 630 3597 ἀφθάρτους
668 3526 947 3599 ἄφθαρτον
983 3528 1130 3591 είκός
1163 3530 1311 3581 ἐστιν
1344 3527 1489 3600 ἔχειν
1520 3529 1615 3582 καὶ
1654 3529 1714 3581 τὸ
1754 3531 1887 3601 φρό-

315 3638 488 3691 νημα.
526 3619 839 3690 Ἐκατέρων
869 3618 1131 3687 ἀνάλογον
1158 3623 1257 3691 τῆς
1299 3620 1507 3685 οίκείας
1541 3620 1758 3690 φύσεως
1779 3620 1887 3674 τῶν

311 3711 571 3783 λογισμὸν
600 3712 974 3780 κεκτημένων.
1017 3712 1089 3765 Τὸ
1127 3712 1235 3783 γὰρ
1268 3712 1562 3783 φρόνημα,
1592 3713 1747 3783 φησὶ,
1778 3712 1888 3781 τῆς

311 3803 561 3872 σαρκὸς,
592 3803 866 3870 θάνατος,
896 3804 1125 3858 θάνατον
1156 3806 1408 3858 τουτέστι
1446 3804 1763 3878 προξενοῦν,
1792 3808 1887 3859 καὶ

311 3894 450 3966 πρὸς
471 3896 695 3949 κόλασιν
722 3894 1025 3967 παροξύνον
1056 3896 1212 3951 Θεόν.
1254 3896 1323 3952 Td
1365 3895 1434 3950 δὲ
1468 3898 1741 3967 φρόνημα
1778 3897 1886 3951 τοῦ

309 3987 669 4054 πνεύματος,
694 3987 806 4057 ζωὴ
848 3988 944 4041 καὶ
981 3986 1186 4056 ειρήνη
1213 4003 1229 4021 ο
1269 3988 1549 4042 τουτέστιν
1586 3987 1886 4042 ἀθανασίαν

309 4077 654 4149 δωρούμενον
678 4079 776 4133 καὶ
805 4079 990 4149 φιλίαν
1023 4080 1123 4151 τὴν
1146 4079 1284 4151 πρὸς
1318 4079 1476 4135 Θεόν.

385 4190 404 4223 ι
437 4171 584 4226 Διότι
610 4172 673 4225 τὸ
705 4172 962 4247 φρόνημα
992 4174 1094 4245 τῆς
1126 4173 1327 4244 σαρκὸς
1356 4172 1524 4245 ἔχθρα
1556 4174 1637 4236 εἰς
1663 4172 1817 4228 Θεόν.
1858 4193 1876 4225 ι

390 4358 701 4429 Ἀμήχανον
746 4356 875 4429 γὰρ,
918 4356 1071 4428 φησὶ,
1120 4357 1234 4418 τοῖς
1269 4354 1364 4409 τοῦ
1394 4353 1533 4408 Θεοῦ
1584 4352 1879 4424 θελήμασι,

307 4453 422 4515 τοῖς
448 4450 537 4505 διὰ
577 4450 671 4503 τού
703 4450 870 4522 νόμου
903 4447 1329 4521 γνωριζομένοις
1372 4449 1523 4519 ἡμῖν,
1569 4447 1629 4500 τὸ
1673 4447 1883 4517 θέλημα

306 4543 408 4612 τῆς
434 4542 636 4614 σαρκός
673 4558 805 4593 ποτε
838 4539 1113 4593 συνελθεῖν
1149 4538 1242 4593 καὶ
1274 4537 1460 4608 φιλίαν
1501 4537 1876 4592 ἀσπάσασθαι.

280 4639 285 4644 ’
320 4636 379 4690 '0
414 4636 512 4708 μὲν
552 4634 663 4706 γάρ
695 4632 968 4688 ἀπάθειαν
998 4632 1414 4702 ἐπαγγέλλεται,
1455 4632 1488 4703 ἡ
1535 4630 1591 4684 δὲ
1632 4632 1749 4684 ἐστὶ
1776 4648 1879 4683 πα-

308 4730 465 4801 θητή.
496 4729 571 4783 Οὐ
610 4728 793 4782 τοίνυν
830 4727 951 4781 οὐδὲ
981 4727 1107 4789 τοὺς
1152 4725 1513 4796 ἀνεχομένους
1556 4721 1634 4793 τῷ
1679 4722 1881 4792 φρονή-

313 4838 443 4893 ματι
469 4821 569 4891 τῆς
603 4820 827 4892 σαρκὸς,
859 4820 954 4873 καὶ
983 4817 1312 4888 μετέχοντας
1354 4815 1452 4885 τῆς
1487 4813 1704 4884 φύσεως
1741 4813 1877 4865 ταύ-

311 4929 436 4983 της,
463 4906 572 4966 οἷόν
599 4930 658 4966 τε
681 4912 878 4983 ἀρέσαι
914 4911 1066 4965 Θεόν.
1113 4909 1236 4965 Ἐπὶ
1268 4909 1519 4963 τοσοῦτον
1552 4905 1662 4977 γὰρ
1709 4903 1875 4958 αὑτοῦ

309 5004 681 5074 διεστήκασιν,
722 5005 806 5075 ἐφ’
835 5007 961 5059 ὅσον
999 5005 1107 5058 εἰσὶ
1140 5001 1343 5073 ταύτης
1379 4999 1580 5070 ἐγγύς·
1614 5005 1707 5052 καί,
1735 4997 1874 5049 εἰσὶν

310 5095 512 5168 ἀρετῆς
548 5095 737 5167 πόῤῥω
766 5095 1037 5163 τοσοῦτον,
1073 5097 1196 5151 ὅσον
1242 5096 1566 5168 θνητότητος
1588 5095 1635 5127 ⁸⁵
1670 5092 1875 5147 ἀθανα-

313 5191 455 5253 σίας.
1556 5198 1559 5205 “

383 5302 403 5336 e
448 5282 642 5352 ’Υμείς
672 5279 717 5334 δ’
744 5280 844 5332 οὐκ
878 5279 1000 5334 ἐστὲ
1036 5282 1095 5335 ὲν
1126 5281 1311 5352 σαρκὶ,
1333 5280 1447 5335 ἀλλ’
1478 5283 1536 5335 ὲν
1562 5278 1871 5351 πνεύματιο

307 5377 466 5448 εἰπερ
496 5373 721 5445 Πνεῦμα
750 5371 887 5426 Θεοῦ
916 5373 1055 5427 οἰκεῖ
1094 5374 1153 5426 ὲν
1178 5374 1327 5444 ὑμῖν.
1366 5393 1385 5427 s

380 5552 586 5608 “'Act.
622 5564 746 5617 xm,
769 5548 860 5615 38,
892 5548 987 5606 '59.

377 5711 424 5744 ”
448 5710 512 5765 C.
541 5708 613 5764 Μ.
644 5722 829 5780 prtem.
856 5703 1171 5780 gaioli-rw;
1192 5705 1250 5760 δὲ
1270 5705 1329 5780 τί
1372 5705 1586 5780 ἀνωθεν
1598 5705 1862 5780 ⁸διεξῆλθε
1898 5704 2026 5780 περὶ
2049 5704 2160 5780 τῶν
2184 5706 2586 5780 προκειμένων.

1990 3270 2110 3325 qua:
2141 3256 2326 3310 carnis
2349 3267 2476 3309 sunt
2515 3256 2753 3323 sapiunt.
2787 3274 2806 3307 ι

2053 3343 2544 3410 Quemadmodum,
2582 3344 2778 3412 inquit,
2813 3342 3060 3397 carnales
3089 3340 3329 3395 carnalia
3374 3354 3567 3411 sapere

1988 3448 2213 3489 necesse
2237 3443 2344 3499 est,
2379 3434 2459 3488 sic
2498 3434 2812 3503 spirituales
2855 3434 3157 3504 spiritualia
3190 3434 3434 3503 cogitare
3471 3432 3566 3485 de-

1989 3538 2096 3583 cet.
2152 3526 2538 3597 Unusquisque
2583 3543 2703 3596 qua:
2761 3528 3059 3581 secundum
3112 3535 3361 3579 naturam
3409 3540 3561 3579 suam

1989 3630 2136 3685 sunt,
2182 3622 2343 3690 sapit.
2404 3618 2548 3701 Nam
2587 3620 2891 3688 prudentia,
2944 3619 3144 3688 inquit,
3189 3618 3366 3671 carnis
3423 3634 3562 3670 more

1987 3722 2085 3777 est,
2126 3722 2353 3767 mortem
2398 3712 2607 3767 scilicet
2642 3711 2877 3781 hospitio
2926 3712 3150 3780 excipit,
3174 3709 3450 3779 Deumque
3493 3709 3561 3761 ad

1988 3803 2280 3857 vindictam
2306 3803 2617 3857 exacerbat.
2642 3800 2935 3856 Prudentia
2963 3809 3135 3853 autent
3182 3799 3423 3869 spiritus,
3454 3798 3562 3851 vita

1986 3894 2691 3962 etpax:iunnortalitatem
2747 3892 2959 3949 scilicet
3015 3906 3079 3946 ac
3122 3891 3214 3947 Dei
3263 3891 3559 3945 amicitiam

1988 3987 2233 4054 largitur.

2057 4177 2220 4232 Vens.
2258 4178 2311 4232 7.
2358 4194 2378 4229 ι
2409 4176 2677 4243 Quoniam
2709 4175 2975 4247 sapientia
2999 4175 3183 4230 carnis
3226 4173 3445 4229 inimica
3477 4182 3561 4228 est
3660 4198 3665 4201 -

1986 4272 2117 4327 Deo.
2149 4290 2166 4322 ι

2055 4360 2192 4415 Nam
2223 4360 2441 4416 dillicile
2478 4368 2583 4424 est,
2616 4358 2815 4429 inquit,
2850 4357 3180 4413 voluntatem
3211 4356 3394 4412 carnis
3433 4371 3554 4411 cum

1986 4453 2081 4509 Dei
2116 4452 2484 4507 voluntatibus
2524 4451 2768 4521 legisque
2822 4450 3092 4506 mandatis
3150 4464 3385 4518 unquam
3427 4463 3556 4501 con-

1912 4519 2168 4601 Dvenire
2213 4555 2267 4599 et
2309 4545 2445 4598 inire
2492 4540 2813 4598 amicitiam.
2868 4539 3011 4597 Deus
3064 4540 3553 4610 impassibilitatetn

1982 4655 2093 4710 pra:
2117 4654 2176 4694 se
2208 4638 2329 4703 fert,
2355 4637 2440 4691 illa
2471 4635 2744 4706 passibilis
2776 4642 2878 4688 est.
2906 4633 3245 4703 Impossibile
3280 4641 3363 4685 est
3390 4632 3557 4701 igitur

1982 4730 2104 4785 illos
2159 4730 2248 4798 qui
2306 4727 2649 4798 prudentiam
2708 4724 2891 4780 carnis
2943 4733 3246 4792 sequuntur
3294 4730 3351 4775 et
3410 4720 3556 4777 illius

1982 4834 2187 4878 natura:
2222 4821 2353 4875 liuut
2395 4822 2708 4891 participes,
2758 4818 2869 4874 Deo
2899 4819 3133 4890 placere.
3174 4814 3387 4883 Quanto
3415 4830 3541 4885 pro-

1979 4917 2100 4987 pius
2127 4926 2248 4970 sunt
2274 4914 2476 4980 carnis,
2508 4925 2710 4969 tantum
2731 4928 2760 4967 a
2793 4914 2900 4967 Deo
2923 4909 3233 4971 discedunt,
3258 4917 3313 4961 et
3340 4918 3549 4962 tantum

1981 5025 2013 5061 a
2042 5007 2245 5063 virtute
2267 5006 2490 5073 distant,
2516 5014 2775 5076 quantum
2811 5001 3113 5058 mortalitas
3134 5001 3199 5055 ab
3231 4996 3552 5054 immortali-

1980 5108 2110 5156 tate.

2049 5279 2216 5336 Vens.
2248 5277 2303 5333 9.
2348 5295 2368 5328 ι
2398 5275 2510 5332 Vos
2546 5286 2724 5331 autem
2755 5275 2809 5329 in
2836 5289 3001 5329 carne
3043 5289 3148 5329 non
3177 5274 3334 5341 estis,
3366 5274 3462 5329 sed
3491 5274 3545 5328 in

1978 5373 2210 5442 spiritu;
2244 5370 2511 5441 siquidem
2557 5367 2794 5439 Spiritus
2830 5366 2928 5423 Dei
2973 5365 3183 5423 habitat
3225 5366 3280 5421 iu
3313 5364 3485 5421 vobis.
3518 5383 3539 5417 ι

2694 5707 2739 5738 ⁸²
2765 5703 2827 5761 C.
2854 5704 2927 5762 Μ.
2954 5704 3221 5776 ταύτηνη
3285 5703 3331 5736 ⁸¹
3349 5701 3420 5776 _C.

308 5780 496 5864 αὐτοῦ.
569 5768 934 5864 ’διαμαρτεῖις
962 5768 1447 5864 έπώςᾴψέῃην.)
1569 5768 2077 5864 Μζιόιμαρτητικην,
2109 5768 2329 5862 ούχΐτῷ
2356 5768 2642 5851 ἁμαρτεῖν,
2673 5776 2811 5833 ἀλλὰ
2839 5776 2917 5849 τῷ
2956 5768 3147 5833 ἱκανὴν
3168 5768 3309 5832 εἶναι
3338 5771 3535 5837 ὑποδέο

308 5854 519 5929 χεσθαι.
592 5851 638 5885 ⁸⁸
662 5842 725 5906 C.
758 5842 819 5905 Ε.
848 5846 932 5921 ἐφ’
1097 5842 1236 5905 ⁸⁸⁷8.
1280 5842 1355 5903 M.
1387 5842 1544 5925 αὐτῇ.
1622 5848 1668 5881 ⁸⁸
1697 5842 1826 5920 Leg.
1861 5842 1891 5901 ν

1997 5842 2313 5920 θνητὸτης.’
2395 5842 2409 5850 ⁷
2476 5842 2488 5851 ’
2628 5842 2638 5846 ⁷
2887 5842 2901 5849 ⁷
2986 5884 2991 5889 .
