4164 6552
354 428 495 513 1689

954 549 1208 605 ΚΕΦΔΛ.
1247 550 1329 606 B'.

425 699 446 735 ι
485 680 559 735 Τὸ
591 683 699 754 γὰρ
734 683 999 739 ἀδύνατον
1047 683 1143 742 τοῦ
1177 684 1343 758 νόμου
1395 686 1455 740 ὲν
1482 680 1528 757 ᾧ
1561 685 1785 759 ἠσθένει
1826 687 1916 742 διά

349 776 451 847 τῆς
474 778 697 848 σαρκός.
737 798 757 832 ι

418 869 466 902 ⁸⁸
493 870 595 923 Ἦν
629 871 658 923 6
689 871 870 943 νόμος,
903 871 1059 943 φησὶ,
1086 871 1369 929 δικαίωσιν
1400 873 1756 946 υπαγορεύων
1788 874 1913 945 i116-

347 975 427 1012 νει
457 957 545 1012 διὰ
573 959 672 1030 τῆς
710 961 984 1031 ἡμετέρας
1029 961 1232 1031 σαρκὸς
1274 964 1333 1017 ὲν
1362 965 1497 1035 ἡμῖν
1543 963 1909 1035 κατορθῶσαι,

346 1050 545 1122 ταύτης
576 1052 618 1084 ⁸¹
649 1053 951 1124 ὲνιΧριστῷ
979 1054 1253 1125 παρέσχεν
1280 1056 1412 1127 ἡμῖν
1439 1059 1467 1111 6
1495 1057 1646 1121 Θεός.
1676 1058 1780 1111 Τὸν
1803 1057 1912 1129 γὰρ

343 1140 472 1195 Υίὸν
505 1141 729 1214 πέμψας
767 1143 858 1198 τὸν
886 1144 1081 1199 ἑαυτοῦ
1116 1139 1184 1214 ⁸⁸,
1216 1147 1396 1218 σάρκα
1437 1148 1537 1220 τὴν
1575 1148 1745 1223 αὐτὴν
1779 1151 1912 1220 ἡμῖν

341 1233 557 1304 ἔχοντα,
584 1234 833 1307 παθητὴν
858 1253 919 1290 τε
961 1238 1058 1293 καὶ
1100 1239 1369 1311 ἁμαρτεῖν
1410 1226 1797 1313 ἐπιδεχομῖένην
1826 1242 1907 1274 ⁸³ο

352 1331 642 1401 Ὀμοίωμα
680 1331 790 1404 γάρ
816 1334 1041 1403 σαρκὸς
1063 1334 1367 1404 ἁμαρτίας,
1414 1336 1512 1407 τὴν
1553 1335 1911 1407 ἐνδεχομένην

340 1424 656 1495 ἀμαρτῆσαι
688 1425 867 1495 σάρκα
905 1427 1105 1497 φησίν·
1136 1427 1212 1492 ῶς
1253 1429 1348 1483 καὶ
1388 1430 1450 1482 τὸ
1483 1429 1552 1482 ἐν
1591 1428 1909 1499 ὁμοιώματι

337 1513 655 1583 ἀνθρώπου
697 1516 1017 1585 γενόμενος
1052 1518 1175 1571 ἀντὶ
1220 1518 1313 1571 τοῦ
1362 1519 1655 1589 γενόμενος
1694 1519 1907 1591 ἄνθρω-

337 1621 458 1667 πος.
491 1604 708 1675 Ταύτην
742 1603 836 1659 οῦν
882 1606 1075 1677 ἔχοντα
1120 1609 1218 1678 τὴν
1258 1607 1456 1679 σάρκα,
1493 1608 1680 1679 φησὶν,
1707 1610 1736 1661 6
1774 1607 1909 1672 Θεὸς

333 1696 425 1765 τὸν
452 1697 649 1751 ἑαυτοῦ
680 1698 808 1751 Υίδν
854 1698 1078 1769 πέμψας
1107 1700 1235 1772 περὶ
1280 1700 1589 1771 ἁμαρτίας,
1632 1700 1907 1754 τουτέστιν

334 1790 422 1858 ἐφ’
453 1790 543 1843 ὅτε
574 1790 621 1822 ⁸⁸
647 1790 747 1861 τὴν
776 1790 1053 1861 ἁμαρτίαν
1075 1789 1577 1859 καταγωνίσασθαι,
1618 1790 1904 1862 κατέκρινε

1367 439 1825 501 FRAGMENTA
1860 438 1943 499 IN
1980 439 2219 500 EPIST.
2260 440 2360 499 AD
2399 438 2581 499 ROM.

3444 426 3591 491 1690

2629 548 2783 606 CAP.
2825 546 2961 613 VIII,

2089 683 2255 747 Vsus.
2286 685 2342 741 ὅ.
2387 683 2567 738 «Nam
2620 681 2767 754 quod
2817 676 3155 751 impossibile
3193 688 3309 755 erat
3356 676 3478 747 legi,
3526 676 3580 731 iu

2015 794 2122 850 quo
2154 779 2530 833 inllrmabatur
2561 790 2658 845 per
2686 789 2925 829 carnem.
2964 791 2982 825 ι

2083 870 2380 935 Justitiam,
2435 870 2629 939 inquit,
2662 882 2823 937 quam
2868 866 2951 920 lex
3002 863 3365 935 praecipiebat,
3386 862 3482 917 sed
3523 861 3578 917 in

2013 965 2169 1021 nobis
2218 962 2467 1020 canl'erre
2500 978 2603 1016 nutt
2656 970 2868 1031 poterat
2918 960 2987 1015 ob
3038 973 3259 1014 carnem
3315 968 3578 1024 nostram,

2012 1058 2152 1119 hanc
2202 1057 2340 1111 Deus
2384 1056 2540 1111 nobis
2581 1052 2849 1110 concessit
2893 1052 2944 1107 in
2988 1050 3230 1117 Christo,
3277 1049 3409 1105 Nam
3455 1066 3578 1105 cum

2011 1151 2251 1205 misisset
2295 1148 2489 1205 Filium
2529 1163 2688 1202 suum
2734 1146 2789 1200 in
2831 1159 2996 1199 carne
3039 1153 3225 1199 nostra
3256 1143 3495 1212 possibili
3526 1152 3583 1199 et

2010 1252 2235 1314 peccato
2273 1240 2506 1298 obnoxia
2534 1238 2958 1308 (similitudinem
2999 1238 3134 1292 enim
3159 1237 3334 1290 carnis
3358 1236 3579 1304 peccati,

2010 1348 2110 1404 pro
2141 1347 2352 1387 carnem
2384 1340 2604 1402 peccato
2633 1329 2926 1385 obnoxiam
2946 1326 3101 1391 dicit,
3122 1325 3578 1397 quentadmndum

2009 1426 2063 1479 in
2105 1425 2503 1479 similitudinem
2550 1424 2775 1476 hominis
2810 1421 2981 1490 factus
3010 1435 3106 1489 pro
3153 1422 3310 1473 homo
3351 1418 3573 1489 factus),

2009 1533 2133 1572 cum
2168 1518 2335 1588 igitur
2359 1516 2599 1571 misisset
2628 1514 2821 1569 Filiunt
2859 1514 2912 1567 in
2947 1528 3112 1568 carne
3145 1520 3332 1566 nostra
3359 1511 3425 1565 de
3449 1524 3579 1580 pec-

2008 1620 2153 1675 cato,
2202 1608 2413 1664 scilicet
2455 1617 2514 1661 ut
2566 1616 2849 1678 peccatum
2891 1613 3179 1676 pugnaret,
3220 1603 3484 1673 judicavit
3526 1611 3581 1657 et

2007 1701 2284 1757 damnavit
2309 1707 2587 1771 peccatum
2616 1698 2671 1753 in
2701 1712 2864 1758 carne
2884 1739 2898 1762 ,
2928 1694 3401 1766 inexpugnabilem
3436 1692 3576 1746 illam

2008 1791 2486 1861 invincibilcmque
2520 1789 2810 1846 servando.
2849 1788 2943 1843 Vel
2989 1788 3195 1842 aliter:
3235 1785 3311 1841 De
3357 1796 3581 1856 peccato

332 1880 434 1949 τὴν
475 1879 751 1951 ἁμαρτίαν
778 1882 838 1934 ὲν
876 1883 942 1951 τῇ
995 1881 1196 1951 σαρκὶ,
1235 1880 1589 1935 κατεδίκασεν
1632 1879 1800 1952 αὐτὴν
1847 1884 1897 1934 ἐν

2006 1884 2287 1941 damnavit
2336 1891 2616 1953 peccatum
2670 1884 2724 1937 in
2786 1895 2976 1947 carne,
3039 1878 3091 1935 id
3145 1888 3230 1934 est
3281 1893 3404 1934 cum
3449 1892 3580 1933 caro

333 1971 495 2043 αὐτῇ,
537 1971 816 2042 ἀνέπαφον
868 1972 1039 2043 αὐτὴν
1068 1972 1117 2005 ⁸⁸
1163 1974 1258 2027 καὶ
1309 1973 1585 2028 ἀνάλωτον
1623 1973 1906 2040 παντελῶς

330 2060 663 2131 διαφυλάξας
691 2062 884 2129 αὐτήν.
916 2063 987 2115 Ἢ
1021 2062 1115 2117 καὶ
1160 2062 1339 2126 ἄλλως
1361 2078 1378 2096 ·
1407 2063 1533 2117 Ὅτι
1568 2065 1698 2135 περὶ
1728 2065 1906 2135 ἁμαρ-

330 2152 453 2217 τίας
483 2153 774 2224 κατέκρινε
800 2153 898 2226 τὴν
917 2154 1191 2225 ἁμαρτίαν
1221 2155 1280 2208 ὲν
1302 2156 1370 2226 τῇ
1402 2154 1566 2226 σαρκί
1592 2172 1607 2185 ο
1636 2154 1760 2208 ἀντὶ
1782 2154 1902 2222 τοῦ,

330 2245 720 2316 ἁναμαρτήτου
748 2245 850 2316 τῆς
893 2244 1095 2316 σαρκὸς
1126 2245 1292 2318 οὔσης
1323 2245 1493 2317 αὐτῷ,
1525 2246 1620 2301 καὶ
1649 2246 1748 2319 οὐχ
1768 2247 1905 2302 ὑπο-

331 2336 595 2407 κειμένης
639 2336 728 2390 διά
773 2337 932 2391 τοῦτο
980 2338 1231 2411 θανάτῳ·
1280 2339 1572 2413 κατέκρινε
1628 2340 1728 2412 μὲν
1774 2340 1906 2414 περὶ

330 2429 610 2501 ἁμαρτίας
651 2430 752 2499 τὴν
782 2431 1059 2501 ἁμαρτίαν
1090 2434 1119 2487 ὁ
1144 2431 1277 2496 Θεὸς
1306 2435 1366 2486 ὲν
1408 2432 1570 2504 αὐτῇ,
1597 2432 1673 2497 ὠς
1713 2434 1814 2488 οὐκ
1846 2437 1905 2488 ὲν

327 2521 454 2595 δίκῃ
481 2521 561 2593 τῷ
603 2522 819 2596 θανάτῳ
849 2524 946 2597 τὴν
973 2523 1070 2579 τοῦ
1112 2527 1323 2597 Κυρίου
1352 2525 1531 2598 σάρκα
1574 2526 1904 2599 περιϐαλοῦ-

331 2631 450 2671 σαν.
482 2616 581 2672 Διά
611 2617 669 2672 δὲ
693 2618 793 2689 τῆς
824 2618 888 2672 ἐκ
915 2618 1123 2691 νεκρῶν
1153 2620 1527 2687 ἀναστάσεως,
1558 2621 1778 2692 ἐκείνην
1804 2638 1902 2692 με-

326 2706 520 2778 τέσαλε
561 2709 700 2781 πρὸς
737 2710 1026 2765 ἀπάθειαν.
1062 2711 1175 2766 Καὶ
1214 2712 1357 2767 οὕτω
1392 2712 1578 2767 λοιπὸν
1608 2715 1641 2785 ἡ
1672 2714 1765 2767 τοῦ
1814 2714 1903 2768 v6-

329 2815 432 2869 μου
480 2800 764 2864 δικαίωσις
809 2803 867 2854 ὲν
900 2804 1029 2871 ἡμῖν
1085 2803 1467 2873 κατορθοῦται,
1515 2803 1603 2857 διὰ
1657 2804 1899 2869 πίστεως

2006 1975 2176 2045 ipsius
2225 1972 2591 2044 impeccabilis
2639 1982 2805 2039 esset,
2831 1980 2886 2026 et
2932 1969 3136 2025 idcirco
3188 1984 3293 2024 non
3339 1969 3575 2023 obnoxia

2008 2067 2191 2134 morti,
2232 2067 2300 2122 de
2330 2076 2552 2137 peccato
2581 2066 2857 2121 damnavit
2898 2066 3040 2120 Deus
3073 2074 3359 2134 peccatum
3392 2063 3447 2118 in
3491 2078 3576 2129 ea,

2006 2161 2131 2232 quia
2166 2174 2296 2215 caro
2337 2160 2545 2215 Domini
2577 2160 2864 2214 sententia?
2888 2158 3078 2212 mortis
3112 2171 3218 2211 non
3254 2164 3371 2211 erat
3404 2154 3581 2222 subje-

2006 2262 2115 2309 cta.
2145 2249 2296 2308 Hanc
2325 2262 2505 2308 autent
2550 2266 2644 2322 per
2687 2250 3139 2306 resurrectionem
3187 2249 3470 2304 transtulit
3510 2248 3579 2301 ad

2005 2344 2516 2414 impassibilitatem.
2544 2344 2636 2398 Sic
2662 2344 2919 2412 deinceps
2938 2343 3148 2408 iustitia
3180 2342 3314 2410 legis
3341 2342 3393 2395 in
3419 2339 3579 2395 nobis

2006 2435 2344 2499 eﬂ'ormatur,
2377 2450 2501 2490 cunt
2540 2448 2636 2504 per
2667 2433 2826 2488 Iidem
2855 2433 3072 2487 Christo
3093 2430 3375 2500 iungimur
3400 2436 3459 2483 et
3494 2427 3577 2481 ef-

2007 2531 2225 2585 ﬁcimur
2265 2529 2511 2584 homines
2569 2543 2665 2598 pro
2725 2525 3039 2581 carnalibus
3088 2520 3424 2593 spirituales.
3486 2518 3582 2574 His

2005 2631 2269 2678 consonat
2309 2622 2451 2691 quod
2499 2620 2632 2675 dicit
2675 2617 2963 2688 Apostolus
3010 2616 3064 2671 in
3109 2615 3395 2670 Antiochia
3435 2610 3579 2667 Pisi-

2003 2714 2105 2769 diae
2141 2731 2154 2768 :
2188 2714 2265 2766 Ab
2302 2714 2540 2768 omnibus
2570 2711 2756 2782 quibus
2790 2725 2894 2763 non
2917 2708 3158 2775 potuistis
3190 2708 3243 2759 in
3271 2707 3380 2775 lege
3404 2704 3578 2775 Moysi

1993 2805 2307 2876 justiﬁcari,
2345 2806 2401 2858 in
2434 2807 2531 2859 hoc
2559 2806 2727 2859 omnis
2757 2804 2848 2875 qui
2879 2802 3393 2872 creditjusti/icatur
3415 2800 3502 2842 ¹⁸ἐ

324 2889 483 2961 ἡμῶν
510 2892 812 2963 ἐνουμένων
849 2893 1015 2965 αὐτῷ,
1044 2894 1139 2949 καὶ
1182 2895 1572 2966 πνευματικῶν
1610 2896 1732 2949 ἀντὶ
1796 2896 2074 2968 σαρκικῶν
2136 2897 2460 2968 γινομένων.
2493 2895 2748 2951 Τοιοῦτόν
2806 2897 2923 2949 ἐστι
2976 2894 3070 2948 καὶ
3094 2894 3152 2948 τὸ
3173 2895 3232 2945 ἐν
3277 2890 3577 2963 Ἀντιοχείᾳ

320 2981 421 3053 τῆς
457 2983 701 3046 Πισιδίας
729 2985 1019 3056 εἰρημένον
1047 2985 1217 3057 αὐτῷ,
1247 2988 1329 3040 ὅτι
1366 2988 1499 3042 Ἀπὸ
1542 2988 1784 3043 πάντων
1806 2983 1894 3043 ὧν
1929 2991 2040 3045 οὐκ
2066 2989 2410 3059 ἠδυνήθητε
2438 2989 2509 3044 ἐν
2533 2987 2613 3056 τῷ
2665 2990 2829 3060 νόμῳ
2885 2986 3144 3053 Μώσεως
3164 2981 3571 3052 δικαιωθῆναι,

320 3075 398 3144 ἐνί
424 3076 613 3143 τούτῳ
638 3076 737 3130 καὶ
759 3081 793 3131 ὁ
828 3080 1129 3133 πιστεύων
1148 3078 1499 3135 δικαιοῦται.

395 3187 415 3221 ι
452 3170 516 3221 Ol
561 3168 618 3222 δὲ
647 3167 791 3223 κατά
831 3169 1009 3240 σάρκα
1050 3169 1318 3237 ὄντες,τά
1359 3170 1459 3241 τῆς
1502 3172 1705 3242 σαρκὸς
1759 3189 1895 3242 φρο-

2073 3176 2236 3229 Vens.
2286 3175 2340 3231 5.
2386 3192 2405 3227 ι
2436 3174 2539 3243 Qui
2597 3175 2743 3231 enim
2792 3173 3090 3230 secundum
3144 3187 3364 3228 carnem
3408 3180 3572 3235 sunt,

319 3277 525 3315 νουσιν.
564 3279 582 3312 1

391 3353 625 3425 Ὥσπερ,
671 3355 827 3424 φησὶ,
854 3354 982 3418 τοὺς
1016 3354 1179 3418 ὄντας
1213 3354 1508 3427 φθαρτοὺς,
1542 3356 1639 3410 καὶ
1678 3356 1737 3409 τὸ
1764 3358 1897 3427 φρό-

319 3462 469 3516 νημα
514 3444 755 3517 φθαρτὸν
795 3446 941 3517 ἔχειν
985 3446 1223 3518 ἀνάγκη,
1269 3446 1412 3502 οὕτω
1440 3448 1536 3501 καὶ
1576 3449 1706 3511 τοὺς
1734 3449 1895 3514 ὄντας

319 3537 636 3609 ἀφθάρτους
674 3538 953 3611 ἄφθαρτον
989 3540 1135 3603 εἰκός
1169 3542 1317 3593 ἐστιν
1350 3539 1495 3612 ἔχειν
1526 3542 1621 3595 καὶ
1660 3541 1720 3593 τὸ
1760 3544 1894 3613 φρό-

321 3650 494 3703 νημα.
532 3631 845 3702 Ἐκατέρων
874 3630 1136 3699 ἀνάλογον
1164 3635 1263 3703 τῆς
1304 3633 1513 3697 οἰκείας
1547 3632 1765 3703 φύσεως
1785 3633 1894 3687 τῶν

317 3723 577 3795 λογισμὸν
605 3723 980 3792 κεκτημένων.
1023 3724 1094 3778 Τὸ
1132 3725 1241 3795 γὰρ
1274 3725 1568 3795 φρόνημα,
1599 3726 1753 3796 φησὶ,
1783 3725 1894 3795 τῆς

318 3815 566 3884 σαρκὸς,
598 3815 872 3882 θάνατος,
902 3816 1131 3870 θάνατον
1162 3818 1413 3871 τουτέστι
1452 3817 1769 3891 προξενοῦν,
1798 3820 1892 3872 καὶ¹

317 3906 456 3978 πρὸς
477 3908 700 3961 κόλασιν
729 3906 1030 3979 παροξῦνον
1061 3908 1218 3963 Θεόν.
1259 3909 1329 3964 Τό
1371 3908 1440 3963 δὲ
1473 3912 1747 3979 φρόνημα
1785 3910 1892 3964 τοῦ

316 3999 675 4069 πνεύματος,
699 3999 811 4069 ζωὴ
853 4000 950 4053 καὶ
986 3998 1192 4069 εὶρήνη
1218 4016 1234 4033 ’
1274 4000 1555 4055 τουτέστιν
1592 4000 1891 4055 ἀθανασίαν

315 4089 660 4161 δωρούμενον
684 4091 781 4145 καὶ
810 4091 996 4161 φιλίαν
1028 4091 1129 4164 τὴν
1151 4091 1290 4163 πρὸς
1324 4091 1481 4148 Θεόν.

391 4202 410 4236 ι
443 4183 589 4239 Διότι
616 4184 678 4237 τὸ
711 4185 968 4259 φρόνημα
998 4187 1099 4257 τῆς
1132 4185 1333 4257 σαρκὸς
1362 4184 1530 4258 ἔχθρα
1562 4187 1644 4249 είς
1669 4185 1822 4241 Θεόν,
1864 4206 1882 4238 ι

395 4370 706 4441 Ἀμήχανον
752 4368 880 4441 γὰρ,
923 4369 1076 4440 φησὶ,
1125 4368 1240 4430 τοῖς
1274 4366 1369 4421 τοῦ
1399 4366 1538 4420 Θεοῦ
1591 4365 1885 4437 θελήμασι,

312 4465 427 4527 τοῖς
454 4461 543 4516 διά
582 4462 676 4515 τοῦ
709 4462 876 4533 νόμου
908 4459 1334 4533 γνωριζομένοις
1378 4460 1529 4531 ἡμῖν,
1575 4460 1635 4513 τὸ
1678 4459 1889 4530 θέλημα

312 4554 413 4624 τῆς
439 4554 642 4625 σαρκός
679 4570 810 4605 ποτε
844 4551 1118 4605 συνελθεῖν
1154 4550 1248 4604 καὶ
1280 4549 1466 4620 φιλίαν
1506 4550 1881 4605 ἀσπάσασθαι.

286 4650 291 4656 ’
325 4648 384 4701 '0
420 4648 518 4719 μὲν
557 4646 668 4718 γάρ
700 4644 973 4700 ἀπάθειαν
1002 4644 1419 4713 ἐπαγγέλλεται,
1460 4645 1493 4715 ή
1541 4643 1597 4697 δὲ
1637 4645 1754 4697 ἐστὶ
1782 4661 1884 4696 πα-

313 4740 471 4813 θητή.
502 4740 576 4794 Οὐ
615 4739 799 4793 τοίνυν
836 4738 956 4792 οὐδὲ
986 4739 1112 4801 τοὺς
1157 4737 1519 4807 ἀνεχομένους
1562 4734 1640 4806 τῷ
1685 4735 1885 4805 φρονή-

317 4849 448 4903 ματι
474 4831 575 4901 τῆς
609 4831 833 4904 σαρκὸς,
864 4831 959 4885 καὶ
989 4829 1317 4900 μετέχοντας
1360 4827 1458 4897 τῆς
1492 4825 1709 4896 φύσεως
1746 4826 1882 4878 ratio

316 4940 440 4995 της,
468 4917 577 4977 οἷόν
603 4941 663 4977 τε
686 4924 883 4995 ἀρέσαι
920 4922 1071 4977 Θεόν.
1118 4921 1241 4976 Ἐπὶ
1273 4921 1525 4974 τοσοῦτον
1558 4918 1668 4989 γάρ
1714 4915 1879 4970 αὐτοῦ

314 5014 686 5086 διεστήκασιν,
727 5017 812 5087 ἐφ’
840 5018 967 5071 ὅσον
1004 5016 1112 5069 εἰσὶ
1145 5013 1349 5085 ταύτης
1384 5011 1586 5082 ἐγγύς·
1619 5018 1713 5064 και
1740 5010 1879 5061 είσὶν

315 5107 517 5179 ἀρετῆς
552 5107 742 5179 τιόρρω
770 5108 1042 5176 τοσοῦτον,
1078 5109 1201 5163 ὅσον
1247 5107 1571 5180 θνητότητος
1594 5106 1641 5138 ⁵⁸
1675 5104 1880 5158 ἀθανα-

318 5202 460 5264 σίας.
1562 5210 1565 5217 ’

388 5314 408 5347 ι
453 5293 647 5363 Ὑμεῖς
676 5291 722 5345 δ’
749 5292 848 5345 οὐκ
882 5291 1004 5346 ἐστὲ
1041 5294 1100 5348 ὲν
1131 5292 1315 5364 σαρκὶ,
1337 5292 1452 5347 ἀλλ’
1482 5295 1541 5346 ὲν
1566 5289 1876 5362 πνεύματι⁸
1902 5288 1905 5289 ⁷

312 5388 471 5459 εῐπερ
501 5385 726 5457 Πνεῦμα
755 5384 891 5438 Θεοῦ
920 5385 1059 5439 οίκεῖ
1098 5386 1157 5437 ὲν
1182 5385 1330 5456 ὑμῖν.
1369 5404 1389 5439 s

385 5564 591 5619 “‘Act.
627 5576 751 5629 xm,
773 5559 865 5625 58,
896 5559 991 5617 39.

382 5722 429 5754 "
453 5721 516 5776 C.
547 5718 618 5775 M.
649 5734 833 5791 prtem.
861 5715 971 5791 1ςαὶ
984 5716 1174 5791 ὀὕτως
1195 5717 1252 5771 δὲ
1274 5716 1333 5791 τί
1376 5716 1590 5791 ἀνωθεν
1602 5717 1866 5791 ’διεξῆλθε
1902 5714 2030 5791 περῖ
2054 5715 2163 5791 τῶν
2189 5717 2589 5791 προκειμένων.

1996 3283 2116 3337 qum
2147 3269 2333 3323 carnis
2355 3280 2482 3321 sunt
2520 3270 2760 3336 sapiunt.
2793 3287 2812 3321 ι

2059 3355 2550 3424 Quemadmodum,
2588 3358 2784 3425 inquit,
2818 3355 3066 3411 carnales
3095 3353 3335 3409 carnalia
3380 3368 3574 3424 sapere

1994 3461 2219 3501 necesse
2243 3455 2350 3512 est,
2385 3448 2465 3501 sic
2504 3448 2818 3517 spirituales
2861 3447 3163 3518 spiritualia
3196 3448 3439 3517 cogitare
3477 3445 3572 3499 de-

1994 3550 2102 3596 cet.
2158 3538 2543 3610 Unusquisque
2588 3556 2708 3610 qua
2766 3542 3065 3595 secundum
3117 3549 3367 3592 naturam
3416 3554 3567 3592 suam

1995 3643 2141 3698 sunt,
2187 3634 2349 3703 sapit.
2410 3631 2553 3715 Nam
2592 3634 2897 3701 prudentia,
2950 3633 3149 3702 inquit,
3194 3632 3372 3685 carnis
3429 3647 3568 3684 mors

1993 3734 2091 3790 est,
2131 3736 2359 3780 mortem
2404 3725 2613 3780 scilicet
2647 3724 2883 3794 hospitio
2931 3725 3156 3793 excipit,
3180 3722 3456 3793 Deumque
3498 3723 3567 3775 ad

1992 3816 2286 3871 vindictam
2312 3816 2623 3871 exacerbat.
2648 3814 2940 3869 Prudentia
2968 3822 3141 3867 autem
3188 3813 3429 3883 spiritus,
3459 3811 3568 3865 vim

1991 3918 2039 3963 et
2061 3907 2697 3976 pax:immortalitatem
2752 3905 2964 3962 scilicet
3020 3920 3084 3959 ac
3127 3904 3219 3961 Dei
3269 3904 3565 3959 amicitiam

1994 4001 2239 4067 largitur.

2064 4190 2226 4245 Vens.
2263 4191 2316 4245 7.
2364 4207 2384 4242 ι
2415 4189 2682 4256 Quoniam
2714 4188 2980 4261 sapientia
3004 4188 3188 4243 carnis
3230 4187 3450 4243 inimica
3482 4195 3567 4242 est
3666 4210 3671 4215 λ

1992 4285 2122 4340 Deo.
2154 4304 2172 4335 ι

2061 4373 2198 4428 Nam
2229 4372 2447 4429 dillicile
2483 4380 2588 4438 est,
2621 4371 2820 4442 inquit,
2854 4370 3185 4426 voluntatem
3216 4370 3399 4425 carnis
3437 4385 3560 4425 cum

1992 4466 2086 4522 Dei
2120 4466 2490 4521 voluntatibus
2530 4464 2773 4534 legisque
2826 4463 3097 4519 mandatis
3155 4478 3390 4532 unquam
3432 4476 3562 4515 con-

1917 4531 2173 4614 Dvenire
2218 4568 2272 4611 et
2314 4558 2449 4612 inire
2497 4554 2818 4611 amicitiam.
2873 4552 3016 4610 Deus
3069 4553 3558 4623 impassibilitatem

1988 4667 2099 4722 pra:
2122 4667 2181 4706 se
2212 4650 2335 4717 fert,
2361 4650 2445 4704 illa
2476 4648 2749 4719 passibilis
2780 4654 2883 4702 est.
2911 4646 3250 4716 lmpossibile
3285 4655 3368 4699 est
3395 4645 3562 4715 igitur

1987 4742 2109 4797 illos
2164 4743 2254 4811 qui
2310 4740 2654 4810 prudentiam
2713 4737 2896 4794 carnis
2948 4746 3251 4805 sequuntur
3299 4743 3356 4789 et
3415 4734 3560 4791 illius

1987 4847 2191 4891 natura:
2226 4834 2358 4887 liuut
2399 4834 2713 4903 participes,
2762 4831 2873 4888 Deo
2904 4832 3138 4904 placere.
3179 4828 3392 4896 Quanto
3420 4844 3545 4899 pro-

1984 4930 2104 4999 pius
2131 4938 2253 4982 sunt
2278 4926 2481 4993 carnis,
2512 4938 2715 4981 tantum
2735 4942 2765 4980 a
2797 4927 2904 4980 Deo
2928 4923 3237 4984 discedunt,
3263 4930 3318 4974 et
3345 4932 3554 4976 tantum

1986 5036 2017 5074 a
2046 5019 2249 5075 virtute
2271 5018 2494 5087 distant,
2520 5027 2779 5089 quantum
2814 5013 3117 5071 mortalitas
3139 5015 3204 5069 ab
3236 5010 3556 5067 immortali-

1984 5120 2115 5167 tate.

2053 5291 2220 5349 Vens.
2252 5289 2307 5345 9.
2352 5307 2372 5341 ι
2402 5287 2514 5345 Vos
2550 5298 2728 5344 autem
2759 5288 2813 5343 in
2841 5302 3005 5343 carne
3047 5302 3153 5342 non
3182 5287 3339 5354 estis,
3370 5286 3466 5343 sed
3494 5287 3575 5359 in,

1982 5384 2214 5453 spiritu;
2247 5382 2515 5453 siquidem
2561 5379 2799 5451 Spiritus
2834 5379 2931 5435 Dei
2977 5378 3187 5435 habitat
3229 5379 3284 5434 in
3317 5378 3489 5435 vobis.
3522 5396 3543 5431 s

2699 5720 2742 5752 δε
2769 5717 2831 5774 C.
2858 5717 2931 5789 Μ.
2959 5717 3225 5789 ταύτηνκ
3289 5716 3334 5749 ¹¹
3352 5714 3424 5789 _C.

312 5791 500 5848 αὑτοῦ.
574 5792 621 5824 ω
650 5781 938 5877 ἅμαρτεῖν
967 5787 1451 5917 ἒπιδεχὲμένηνΛ
1478 5788 1540 5844 C.
1572 5787 1642 5843 Μ.
1677 5781 2082 5871 ἁμαρτητικὴν,
2113 5781 2333 5861 οὐχΐτῷ
2360 5781 2646 5864 ἁμαρτεῖν,
2677 5789 2815 5846 ἁλλά
2843 5788 2921 5862 τῷ
2960 5781 3151 5846 ἱκανὴν
3171 5781 3312 5845 εἶναι
3342 5784 3538 5851 ὑποδέ.

313 5864 524 5917 γεσθαι.
596 5862 643 5896 ⁸⁵
667 5863 729 5917 L.
762 5859 823 5916 E.
852 5858 1023 5917 ἐφ’ω.
1102 5860 1148 5894 ⁵⁵
1226 5901 1239 5917 .
1283 5858 1351 5916 Μ.
1391 5854 1547 5917 αὐτῇ.
1626 5860 1672 5893 ⁵⁸
1700 5859 1830 5917 Leu.
1865 5862 1974 5917 th.
2001 5860 2288 5917 θνητὸτης.
2990 5898 2995 5903 -

313 5864 524 5939 χεσθαι.
596 5862 643 5896 ⁸⁵
667 5852 729 5918 C.
762 5852 823 5916 Ε.
852 5858 937 5932 ἐφ’
1102 5852 1148 5894 ⁵⁸

1283 5854 1360 5916 M.
1391 5854 1547 5937 αὐτῇ.
1626 5860 1672 5893 ⁵⁸
1700 5854 1830 5932 [θεέ.
1865 5854 1974 5917 vid.
2001 5854 2288 5932 θνητὸτης.
