4164 6552
334 424 471 499 1693

1365 443 1820 505 FRAGMENTA
1857 446 1939 508 IN
1976 447 2211 509 EPIST.
2249 448 2348 508 AD
2387 448 2568 509 ROM.

3422 450 3561 517 ιοοε

337 546 540 615 μέντοι,
571 543 725 615 φησὶ,
759 545 901 601 κατά
922 548 1020 622 τὴν
1046 550 1275 607 ἐνοῦσαν
1298 552 1425 623 ὑμῖν
1447 554 1541 607 τοῦ
1571 556 1891 627 Πνεύματος

2006 560 2237 625 tenditis,
2265 563 2627 627 vosmetipsos
2669 560 2872 616 inertes
2903 563 2967 617 ad
3004 564 3143 619 facta
3177 569 3423 637 corporis
3451 587 3569 624 scr-7

334 637 494 707 χάριν
526 638 872 703 σπυυδάζοιτε
903 640 1022 712 ζῇν,
1059 644 1450 715 ἀνενεργήτους
1494 648 1722 711 ἑαυτοὺς
1752 649 1891 719 πρὸς

332 729 433 791 τὰς
458 730 711 795 τοιαύτας
743 733 840 787 τοῦ
871 734 1123 805 σώματος
1158 737 1387 809 πράξεις
1419 740 1890 809 διαφυλάττοντες,

333 821 542 875 οἶσεσθε
569 821 668 893 τὴν
696 823 1019 880 ἀθανασίαν.

410 932 431 965 ι
466 914 618 968 Ὅσοι
641 916 755 988 ’γάρ
799 917 1074 986 Πνεύματι
1108 919 1244 974 Θεοῦ
1276 922 1521 992 ἄγονται,
1562 918 1710 978 οὗτοί
1758 926 1895 978 εἰσιν

334 1004 442 1058 υἱοὶ
475 1005 633 1061 Θεοῦ.
671 1027 690 1062 ι

298 1156 305 1178 ε
404 1097 467 1150 0i
493 1097 600 1169 γάρ
626 1100 902 1172 Πνεύματι
928 1103 1062 1159 Θεοῦ
1088 1105 1511 1178 κυϐερνώμενοι,
1543 1110 1821 1164 τουτέστιν
1845 1112 1896 1163 οἱ

291 1174 305 1255 ξ
334 1191 690 1260 πνευματικοὶ
731 1193 824 1245 καὶ
850 1195 912 1247 οὐ
942 1195 1181 1266 ψυχικοὶ,
1216 1174 1428 1263 ἑαυτοῖς
1461 1174 1537 1263 ὡς
1578 1201 1795 1269 άληθῶς
1835 1202 1898 1254 τὸ

292 1284 300 1301 ³
334 1276 473 1334 εἶναι
504 1281 611 1334 υἱοὶ
647 1281 781 1336 Θεοῦ
813 1283 1144 1354 βεϐαιοῦσιν.
1179 1290 1324 1361 Ἔφη
1353 1290 1409 1343 δὲ
1437 1290 1597 1344 τοῦτο
1635 1292 1770 1363 πρὸς
1797 1294 1894 1345 ἀνο

333 1371 673 1445 τιδιαστολὴν
702 1375 811 1429 τῶν
839 1378 944 1430 ὑπὸ
966 1379 1059 1431 τὸν
1089 1380 1252 1449 νόμον
1274 1384 1734 1453 χρηματισάντων
1765 1384 1897 1437 υἱῶν

334 1462 493 1529 Θεοῦ,
521 1466 613 1519 καὶ
646 1466 824 1520 αὐτῶν
864 1468 950 1521 διὰ
996 1469 1094 1541 τὴν
1126 1472 1201 1535 ὡς
1226 1473 1362 1543 πρὸς
1394 1473 1521 1537 τοὺς
1556 1474 1776 1535 λοιποὺς
1805 1475 1899 1527 ἀν-

336 1554 585 1627 θρώπους
603 1560 876 1637 ἐξαίρετον
896 1561 990 1614 τοῦ
1015 1562 1150 1616 Θεοῦ
1174 1565 1499 1635 κηδεμονίαν
1519 1568 1648 1637 περὶ
1678 1566 1895 1630 αὐτούς.

350 1631 836 1721 Ἐλάλησαίγὰρ
872 1653 944 1706 ἐν
971 1654 1176 1719 ὁράσει
1204 1631 1328 1722 τοῖς
1370 1658 1523 1723 υἱοῖς
1559 1631 1696 1723 σίου,
1731 1658 1895 1728 φησί·

337 1738 454 1792 καίο
473 1740 612 1810 Ἐγὼ
631 1739 770 1796 εἶπα
785 1762 799 1775 ·
823 1748 954 1800 Θεοί
981 1748 1140 1815 ἐστε,
1176 1749 1273 1802 καὶ
1305 1749 1449 1804 υἱοὶ⁹
1464 1750 1730 1818 Υψιστου
1752 1749 1899 1804 πάν-

1995 660 2201 717 vantes,
2231 652 2687 707 immortalitatem
2720 652 2923 709 feretis.

2069 926 2234 984 Vens.
2282 929 2371 984 ﬂ.
2418 947 2436 980 ι
2467 928 2787 1001 Quicunque
2832 934 2974 987 enim
3022 935 3226 1004 Spiritu
3265 937 3360 992 Dei
3394 953 3563 1008 agun-

1994 1028 2106 1083 tur,
2131 1020 2169 1074 ii
2204 1031 2329 1075 sunt
2366 1021 2460 1076 lilii
2494 1023 2607 1077 Dei.
2640 1043 2658 1075 ι

2066 1112 2387 1183 Quicunque
2427 1117 2572 1170 enim
2620 1114 2821 1186 Spiritu
2860 1119 2949 1174 Dei
2987 1130 3267 1189 reguntur,
3314 1124 3565 1181 homines

1997 1203 2204 1260 scilicet
2250 1207 2563 1276 spirituales
2591 1215 2647 1261 et
2688 1226 2793 1263 non
2824 1210 3108 1275 animales,
3151 1215 3285 1268 certi
3334 1226 3463 1271 sunt
3504 1232 3563 1272 se

1999 1310 2121 1350 esse
2166 1310 2294 1351 vere
2333 1297 2471 1352 ﬁlios
2511 1296 2630 1352 Dei.
2682 1299 2794 1354 lloc
2844 1303 2980 1357 dixit
3024 1318 3120 1373 per
3165 1308 3558 1375 oppositionem

1998 1398 2184 1439 eorum
2218 1387 2310 1455 qui
2338 1388 2439 1441 sub
2469 1387 2585 1455 lege
2617 1390 2709 1442 lilii
2746 1389 2840 1444 Dei
2872 1402 3000 1444 sunt
3040 1394 3313 1463 appellati,
3343 1408 3397 1449 et
3434 1413 3565 1467 quo-

1999 1488 2117 1527 rum
2148 1474 2290 1530 Deus
2321 1477 2645 1543 singularem
2685 1492 2882 1545 praeter
2910 1493 3137 1539 czeteros
3180 1486 3425 1540 homines
3456 1489 3565 1555 egit

2000 1581 2205 1621 curam.
2230 1567 2458 1621 Locutus
2479 1586 2530 1623 es
2561 1571 2616 1624 in
2643 1573 2836 1626 visione
2861 1574 2989 1643 [iliis
3013 1578 3115 1629 luis
3140 1578 3207 1642 ¹⁶,
3235 1578 3404 1645 inquit
3427 1596 3441 1645 ;
3474 1591 3559 1633 et:

2002 1654 2111 1725 Ego
2137 1658 2270 1719 dixi,
2296 1658 2379 1710 Dii
2394 1660 2535 1721 estis,
2550 1670 2598 1713 et
2617 1659 2718 1727 filii
2742 1659 2949 1716 Επειίεὶ
2974 1680 3149 1718 omnes
3173 1666 3239 1721 ³⁸.
3263 1662 3374 1720 Illis
3405 1668 3567 1736 igitur

2001 1746 2201 1801 Christi
2255 1746 2547 1819 discipulos
2600 1751 2753 1819 quasi
2806 1755 3028 1821 opponit
3087 1755 3394 1810 dicens:li
3445 1767 3563 1809 sunt

335 1846 456 1894 τες.
500 1832 587 1897 Ὠς
630 1835 768 1905 πρὸς
810 1838 1034 1902 τούτους
1060 1836 1155 1894 οὖν
1202 1842 1547 1913 ἁντιδιαιρῶν
1590 1843 1716 1906 τοὺς
1760 1841 1903 1897 κατά
1933 1901 1971 1913 ,ι
2001 1838 2100 1907 lilii
2133 1838 2252 1895 Dei.

336 1923 594 1994 Χριστὸν,
621 1926 724 1998 ἔφη
745 1945 759 1960 ·
783 1927 959 1987 Οὗτοι
987 1933 1145 1989 εἰσιν
1167 1933 1283 1989 υἱοί
1311 1936 1477 1990 Θεοῦ.

415 2033 434 2067 ι
462 2016 603 2072 Αύτδ
618 2020 677 2073 τὸ
692 2021 914 2093 Πνεῦμα
939 2029 1319 2097 συμμαρτυρεί
1337 2027 1416 2098 τῷ
1430 2026 1700 2098 πνεύματι
1722 2028 1899 2098 ἡμῶν,

336 2104 419 2161 ὅτι
449 2109 615 2181 ἐσμὲν
634 2111 798 2181 τέκνα
816 2115 977 2170 Θεοῦ.
997 2118 1059 2170 Ei
1080 2116 1138 2171 δὲ
1165 2120 1349 2184 τέκνα,
1376 2121 1472 2173 καὶ
1499 2119 1848 2205 κληρονόμοι.
1877 2139 1896 2171 ι

411 2314 496 2387 [Ε
523 2318 642 2372 cod.
669 2317 900 2393 Monac.]
926 2320 1081 2376 Αὐτὸ
1120 2323 1230 2390 μὲν
1257 2323 1367 2394 γὰρ
1396 2324 1460 2379 τὸ
1489 2326 1754 2396 Πνεῦμα,
1804 2327 1907 2397 τὴν

336 2408 431 2462 τοῦ
463 2411 616 2479 ἁγίου
656 2413 974 2485 ΙΙνεύματος
1016 2417 1311 2471 ὑπόστασιν
1355 2418 1540 2489 λέγει·
1585 2420 1806 2492 πνεῦμα
1844 2421 1901 2474 δὲ

337 2501 495 2570 ἡμῶν
537 2504 635 2575 τὴν
677 2505 771 2559 ἀπ’
820 2508 1031 2564 ἐκείνου
1084 2509 1373 2583 δεδομένην
1429 2511 1589 2583 χάριν
1636 2514 1787 2584 ἡμῖν,
1838 2514 1905 2585 ἥν

340 2595 526 2650 εἴωθεν
562 2596 697 2650 ἰδίαν
725 2599 833 2652 τῶν
863 2598 1134 2655 λαϐόντων
1179 2603 1382 2658 καλεῖν.
1426 2604 1514 2668 Ὦς
1542 2607 1599 2658 έν
1621 2605 1719 2677 τῷ,
1751 2610 1904 2659 Συν-

340 2688 637 2741 ελθόντων
678 2689 846 2759 ὑμῶν
885 2690 982 2746 καί
1019 2692 1124 2747 τοῦ
1169 2694 1315 2763 ἐμοῦ
1367 2698 1705 2764 πνεύματος
1730 2713 1743 2727 ο
1784 2698 1901 2762 καὶ,

352 2777 712 2849 Ὀλόκληρον
742 2783 911 2853 ὑμῶν
948 2784 1013 2839 τὸ
1051 2786 1317 2856 πνεῦμα·
1354 2788 1469 2853 καὶ,
1502 2789 1574 2843 'H
1606 2790 1777 2859 ψυχὴ
1808 2790 1904 2844 καὶ

338 2870 407 2924 τὸ
458 2872 629 2943 σῶμα
671 2877 971 2945 τηρηθείη.
1003 2878 1226 2950 .Ὦσπερ
1271 2879 1381 2952 γὰρ
1415 2870 1567 2951 ἥλιος
1602 2883 1703 2952 μέν
1756 2885 1904 2937 ἐστιν

338 2961 471 3016 αὐτὸ
501 2964 561 3017 τὸ
594 2964 753 3036 σῶμα
773 2967 868 3020 τοῦ
898 2968 1049 3038 ἡλίου
1077 2987 1091 3001 ·
1121 2970 1337 3040 λέγεται
1369 2972 1426 3025 δὲ
1457 2975 1553 3026 καὶ
1582 2975 1616 3044 ἡ
1653 2973 1712 3038 ἐξ
1736 2968 1901 3028 αὐτοῦ

339 3056 495 3120 ἀκτὶς
517 3058 826 3129 ὁμωνύμως
855 3060 930 3131 τῷ
953 3060 1078 3133 ὅλῳ.
1115 3064 1298 3133 Φαμὲν
1319 3063 1377 3118 δὲ
1405 3064 1515 3118 τῶν
1547 3065 1748 3131 τόπων,
1777 3069 1905 3131 τοῦς

342 3147 461 3216 μὲν,
497 3148 641 3219 ἔχειν
658 3151 831 3222 ἥλιον,
855 3156 982 3219 τοὺς
1002 3155 1081 3220 δὲ,
1108 3156 1356 3227 άνηλίους
1380 3158 1677 3229 ὑπάρχειν·
1711 3161 1810 3230 οὐχ
1828 3160 1905 3225 ὼς

1929 1901 1976 1960 Β

2070 2023 2234 2079 Vsus.
2268 2022 2355 2079 16.
2401 2042 2421 2076 ι
2448 2024 2564 2094 Ipse
2593 2026 2737 2082 enim
2772 2027 3008 2097 Spiritus
3046 2031 3410 2085 testimonium
3443 2031 3567 2087 red-

2000 2114 2079 2169 dit
2106 2117 2317 2184 spiritui
2348 2127 2534 2172 nostro
2567 2119 2712 2188 quod
2741 2134 2933 2175 sumus
2963 2120 3057 2175 ﬁlii
3089 2121 3205 2176 Dei.
3234 2120 3424 2192 [νειιε.
3453 2122 3570 2192 l7.)

2001 2205 2057 2260 Si
2090 2214 2270 2262 autem
2302 2209 2421 2276 lilii,
2453 2218 2508 2263 et
2538 2210 2806 2267 haeredes.
2834 2230 2854 2263 ι

2072 2321 2194 2389 Ipse
2226 2324 2362 2378 enim
2384 2322 2636 2392 Spiritus,
2667 2327 2733 2380 de
2756 2340 2985 2396 persona
3014 2326 3250 2397 Spiritus
3280 2329 3453 2383 sancti
3487 2328 3568 2383 lo-

2001 2414 2217 2484 quitur;
2256 2414 2506 2483 spiritum
2550 2426 2731 2472 autem
2769 2427 3013 2472 nostrum
3061 2421 3493 2489 vocat'gratiam
3538 2435 3566 2472 a

2004 2505 2209 2575 Spiritu
2238 2517 2425 2563 sancto
2450 2509 2656 2577 datam,
2684 2526 2845 2581 quam
2876 2512 3150 2581 propriam
3182 2512 3568 2581 accipientium

2003 2599 2141 2654 solet
2173 2600 2373 2657 dicere.
2412 2600 2569 2658 Sicut
2596 2602 2651 2657 in
2688 2603 2771 2678 his
2800 2606 2934 2659 locis
2967 2624 2979 2659 :
3014 2603 3452 2659 Convenientibus
3482 2620 3571 2657 vo-

2003 2692 2081 2745 bis
2103 2702 2153 2746 et
2176 2693 2367 2761 spiritu
2393 2711 2541 2760 meo;
2571 2705 2647 2761 et,
2687 2694 2755 2748 Ut
2785 2696 2986 2765 integer
3013 2698 3079 2750 sit
3123 2697 3338 2763 spiritus
3383 2705 3569 2761 vester,

2003 2792 2076 2848 et,
2105 2781 2173 2838 Ut
2196 2787 2371 2839 anima
2397 2796 2444 2841 et
2466 2804 2651 2857 corpus
2668 2799 3004 2843 sanarentur
3029 2790 3092 2843 “.
3113 2790 3570 2857 Quemadmodum
3614 2830 3623 2837 η»

2003 2876 2145 2930 enim
2178 2879 2256 2930 sol
2290 2878 2425 2932 idem
2449 2890 2531 2933 est
2562 2896 2625 2935 ac
2656 2881 2785 2936 solis
2814 2897 3010 2951 corpus
3036 2893 3090 2937 et
3111 2884 3298 2938 eadem
3326 2882 3574 2936 denomi-

2005 2969 2227 3022 natione
2267 2970 2642 3041 designantur,
2675 2982 2728 3027 et
2760 2980 2903 3028 totus
2932 2974 3011 3028 sol
3042 2984 3097 3028 et
3130 2974 3311 3029 radius
3336 2988 3402 3028 ex
3434 2974 3569 3041 ipso.

2004 3057 2147 3114 Loca
2174 3061 2418 3129 quadam
2446 3062 2648 3117 habere
2683 3063 2855 3118 solem
2897 3064 3153 3129 dicimus,
3191 3063 3438 3132 quaedam
3472 3076 3575 3115 au-

2005 3160 2111 3206 tem
2159 3154 2277 3208 sine
2319 3154 2432 3209 sole
2476 3170 2621 3220 esse,
2659 3170 2764 3210 non
2795 3157 2942 3226 quod
2993 3165 3235 3209 mutatur
3269 3153 3573 3209 substantia

339 3242 439 3311 τῆς
492 3243 842 3310 ὑποστάσεως
869 3248 962 3300 τοῦ
1011 3248 1163 3318 ήϊου
1214 3249 1592 3321 ὲξισταμὲνης,
1646 3250 1782 3305 ἀλλὰ
1817 3252 1903 3305 διὰ

2006 3244 2156 3309 solis,
2192 3248 2284 3302 sed
2309 3250 2433 3316 quia
2463 3251 2642 3304 lumen
2669 3250 2788 3319 ejus
2817 3250 2871 3303 in
2906 3249 3007 3303 alia
3034 3249 3320 3313 emittitur,
3356 3249 3423 3302 ab
3453 3248 3574 3302 aliis

340 3333 425 3396 τὸ,
453 3334 512 3387 τὸ
559 3335 618 3402 eg
652 3337 816 3390 αὑτοῦ
858 3338 1219 3409 ἀπαύγασμα,
1250 3340 1329 3409 τῷ
1385 3341 1500 3410 μὲν,
1537 3341 1647 3394 τῶν
1690 3342 1904 3414 χωρίων

345 3423 644 3493 προσϐάλλε
657 3444 702 3480 ιν
725 3444 739 3456 ·
768 3428 864 3481 τοῦ
893 3430 970 3494 δὲ,
1004 3430 1289 3502 προϐόλοις
1310 3430 1452 3483 τισὶν
1484 3431 1866 3485 ἀποκλείεσθαι
1886 3449 1902 3463 ⁸

344 3515 487 3570 οῦτω
511 3518 603 3571 καὶ
628 3517 743 3587 τὴν
772 3519 879 3574 τοῦ
910 3521 1082 3590 ἁγίου
1105 3522 1453 3591 Πνεύματος
1478 3522 1655 3593 χάριν
1684 3526 1910 3594 ὁμωνύ-

340 3626 465 3683 μως
499 3610 603 3665 τοῦ
640 3611 710 3675 ἐξ
736 3608 923 3681 οὗπέρ
951 3614 1121 3668 ἐστιν
1140 3617 1174 3686 ἡ
1207 3614 1330 3669 θεία
1354 3614 1504 3684 λέγει
1529 3616 1745 3688 Γραφή.

420 3744 440 3777 ι
475 3727 646 3799 Εἴπερ
667 3728 1080 3799 συμπάσχομεν,
1108 3730 1195 3785 ἵνα
1237 3733 1331 3785 καὶ
1378 3731 1849 3803 συνδοξασθῶμεν.
1880 3752 1902 3786 ι

427 3819 515 3872 Ἐν
540 3821 654 3883 τοῖς
684 3820 727 3850 ⁷⁸
758 3820 864 3891 πρὸ
897 3821 1075 3889 ὀλίγου
1106 3823 1204 3893 τῆς
1245 3822 1648 3888 άντεξετάσεως
1689 3822 1907 3895 ἁψάμε-

345 3928 436 3975 νος
470 3912 568 3983 τῆς
594 3912 731 3983 πρὸς
757 3913 826 3966 τά
854 3913 1078 3977 παλαιὰ,
1114 3914 1209 3968 καλ⁵
1233 3914 1319 3968 διὰ
1351 3916 1449 3985 τῆς
1475 3914 1797 3987 παράλληλα
1821 3916 1909 3969 θέο

347 4020 487 4068 σεως
531 4005 730 4069 αὐτῶν,
773 4004 834 4057 τὸ
884 4006 1146 4077 ὑπερέχον
1188 4007 1463 4076 γνωρίσας
1506 4010 1604 4079 τῆς
1646 4008 1866 4080 χάριτος
1893 4026 1905 4038 ³

346 4092 466 4150 εἶτα
499 4097 582 4150 ἵνα
617 4097 693 4168 μὴ
723 4095 810 4150 διὰ
840 4097 900 4149 τὸ
937 4097 1165 4168 μέγεθος
1201 4100 1313 4161 τοῖς
1359 4098 1625 4168 μαθηταῖς
1666 4099 1910 4169 ἀμφιϐά-

346 4189 515 4255 λοιτο,
557 4190 971 4260 πιστωσάμενος
998 4189 1130 4243 αὐτὸ
1159 4191 1224 4260 τῇ
1271 4189 1366 4243 τοῦ
1401 4191 1558 4259 ἁγίου
1591 4191 1911 4263 Πνεύματος

352 4281 632 4355 μετουσίᾳ,
671 4280 932 4358 μέτεισινι
948 4281 1041 4334 ἐπὶ
1083 4281 1428 4352 παράκλησιν
1466 4281 1792 4345 ἀκολούθως,
1816 4284 1911 4337 καὶ

349 4373 654 4447 προτρέπει
709 4373 871 4443 μηδὲν
925 4372 1204 4426 ἀκίνδυνον
1230 4371 1274 4402 ⁷¹
1318 4371 1458 4444 ὑπὲρ
1501 4371 1609 4424 τῶν
1656 4371 1911 4425 τοιούτων

348 4465 785 4537 ἀποδιδράσκειν.
840 4464 1053 4535 Σφόδρα
1114 4464 1393 4536 χρησίμης
1454 4465 1548 4518 καὶ
1605 4464 1910 4534 ἀναγκαίας

2009 3347 2191 3391 autem
2225 3339 2545 3407 quibusdam
2587 3341 2881 3395 obstaculis
2921 3341 3235 3410 impeditur.
3278 3338 3358 3392 lta
3411 3339 3572 3392 etiam

2011 3424 2294 3497 Scriptura
2337 3444 2491 3485 sacra
2536 3431 2725 3484 eodem
2774 3431 2991 3486 nomine
3034 3440 3179 3484 vocat
3224 3440 3272 3483 et
3313 3428 3574 3498 Spiritum

2008 3529 2248 3573 sanciunt
2275 3531 2320 3575 et
2344 3522 2570 3590 gratiam
2600 3539 2716 3590 qua:
2738 3539 2802 3575 ex
2832 3524 2943 3590 ipso
2975 3525 3165 3576 oritur.

2088 3744 2106 3773 ι
2132 3724 2187 3780 Si
2222 3735 2395 3781 tamen
2429 3727 2810 3796 compatimur,
2843 3736 2901 3781 ut
2936 3734 2991 3782 et
3021 3725 3517 3797 congloriﬁcemur.
3549 3746 3569 3779 ι

2082 3818 2245 3873 Paulo
2305 3834 2466 3888 supra
2517 3818 2977 3887 comparationem
3038 3817 3328 3872 instituens
3387 3818 3576 3887 gratia:

2012 3927 2134 3966 cum
2174 3912 2345 3966 veteri
2380 3912 2515 3980 lege,
2534 3926 2600 3965 ex
2647 3913 3047 3980 comparatione
3087 3911 3271 3981 gratia:
3309 3908 3576 3963 excellen-

2013 4007 2139 4058 tiam
2170 4005 2410 4061 deduxit.
2451 4004 2651 4060 Deinde
2682 4019 2749 4059 ne
2789 4005 2858 4059 ob
2902 4003 3329 4073 magnitudinem
3359 4003 3576 4057 dubita-

2016 4106 2137 4150 rent
2166 4096 2439 4164 discipuli,
2477 4096 2668 4166 probat
2699 4097 2802 4150 hoc
2831 4111 2927 4165 per
2961 4096 3304 4165 praesentiam
3342 4092 3575 4164 Spiritus

2010 4188 2202 4253 sancti,
2226 4197 2280 4243 et
2316 4188 2567 4259 deinceps
2583 4189 2649 4242 ad
2681 4189 3101 4245 consolationem
3143 4186 3561 4258 transgreditur,

2013 4281 2366 4350 hortaturque
2404 4290 2462 4335 ut
2484 4296 2551 4336 ne
2583 4281 2746 4335 ullum
2778 4281 3076 4352 periculum
3111 4280 3178 4335 de
3212 4281 3293 4334 his
3333 4281 3575 4335 subeun-

2012 4373 2135 4426 dum
2185 4382 2522 4427 recusarent.
2570 4371 2694 4428 Haec
2724 4374 2867 4427 enim
2901 4373 3188 4426 instructio
3235 4371 3389 4426 valde
3428 4371 3576 4425 utilis

2012 4474 2129 4520 erat
2164 4481 2227 4521 ac
2260 4467 2588 4534 necessaria,
2622 4467 2805 4522 multis
2834 4467 3051 4522 aliunde
3078 4466 3229 4521 hellis
3260 4466 3413 4521 initio
3442 4479 3579 4534 prae-

350 4559 559 4632 αύτῷ⁷⁸
584 4560 683 4631 τῆς
709 4557 1063 4630 περὶτούτων
1089 4556 1252 4629 οὔσης
1273 4557 1623 4623 διδασκαλίας
1645 4559 1710 4590 ⁷³⁸
1736 4559 1903 4623 ἄλλως

2015 4558 2298 4615 dicationis
2318 4558 2593 4629 Evangelii
2631 4561 2682 4611 in
2714 4558 3007 4626 discipulos
3043 4557 3396 4612 irruentibus.
3435 4556 3584 4640 Ergo.

350 4670 410 4708 τε
432 4654 527 4707 καὶ
561 4651 770 4706 πολλῶν
810 4651 1063 4722 πολέμων
1105 4654 1161 4704 έν
1191 4654 1312 4714 ταῖς
1352 4653 1549 4722 ἀρχαῖς
1592 4651 1687 4706 τοῦ
1731 4652 1908 4724 κηρύ.

353 4764 559 4819 γματος
600 4744 1007 4818 ἐπιφερομένων
1051 4747 1163 4808 τοῖς
1213 4744 1499 4816 μαθηταῖς.
1547 4745 1669 4817 Χρὴ
1707 4745 1906 4811 τοίνυν,

356 4840 508 4907 φησὶ,
539 4838 636 4908 τῆς
682 4837 768 4891 διὰ
809 4833 1247 4913 Χριστοῦᾼδόξης
1288 4836 1669 4908 ὀρεγομένους,
1716 4838 1915 4907 ὁμοίως

357 4929 504 4999 αὐτῷ
531 4931 661 4999 πρὸς
690 4930 817 4994 τοὺς
844 4931 985 5001 ὑπὲρ
1016 4930 1185 5001 αὐτῆς
1216 4930 1525 4983 ἐνίστασθαι
1553 4930 1912 5001 πειρασμούς.

367 5019 431 5075 Ἦ
453 5021 559 5091 γὰρ
593 5022 699 5073 τῶν
728 5022 1065 5094 παθημάτων
1108 5022 1385 5086 κοινωνία,
1424 5024 1520 5076 καὶ
1564 5024 1663 5091 τῆς
1708 5021 1914 5074 ἀντιδό-

357 5130 494 5177 σεως
529 5113 806 5166 κοινωνίαν
836 5115 1146 5185 ἐργάσεται.
1184 5114 1325 5183 Ἐγὼ
1366 5114 1516 5183 γοῦν,
1550 5114 1734 5184 φησὶν,
1762 5112 1915 5166 ἐνθυ-

359 5207 650 5277 μούμενος,
700 5207 791 5259 καὶ
834 5208 1010 5270 πάσας
1047 5208 1492 5280 ἀντιπαρατιθεὶς
1540 5206 1640 5271 τὰς
1676 5206 1770 5259 ἐπὶ
1816 5205 1910 5260 τοῦ

2014 4660 2242 4720 oportet,
2290 4653 2482 4719 inquit,
2526 4665 2620 4704 eos
2646 4651 2734 4718 qui
2768 4652 2991 4719 gloriam
3019 4665 3111 4718 per
3151 4648 3429 4702 Christum
3463 4661 3576 4699 am-

2014 4743 2187 4809 biunt,
2218 4758 2315 4812 pro
2356 4743 2443 4797 illa
2488 4743 2632 4797 sicut
2665 4743 2780 4812 ipse
2813 4741 3068 4795 Christus
3110 4740 3294 4794 subire
3327 4737 3576 4791 tentalio-

2011 4849 2128 4890 nes.
2191 4833 2322 4888 Nam
2380 4833 2694 4905 passionum
2760 4832 3069 4887 communio
3122 4828 3576 4884 remunerationis

2010 4926 2441 4982 communionem
2480 4924 2660 4981 edicit.
2696 4925 2809 4997 Ego
2855 4925 3037 4996 igitur,
3089 4922 3283 4993 inquit,
3317 4936 3440 4977 cum
3485 4936 3574 4975 re-

2011 5019 2188 5090 cogito
2225 5028 2282 5074 et
2318 5019 2475 5075 bonis
2518 5020 2671 5075 nobis
2717 5021 2767 5074 in
2811 5019 3029 5074 Christo
3074 5016 3356 5087 promissis
3387 5030 3574 5070 omnes

2012 5111 2195 5167 saeculi
2227 5114 2513 5182 praesentis
2538 5112 2913 5168 tribulationes
2938 5126 3223 5181 compono,
3258 5125 3353 5165 cas
3378 5124 3574 5179 parvas

2016 5213 2070 5259 et
2099 5204 2272 5260 nullas
2297 5220 2418 5261 esse
2441 5208 2676 5262 invenio.

354 5302 621 5371 παρόντος
652 5300 856 5371 θλίψεις
900 5301 1110 5368 αἰῶνος,
1148 5304 1261 5366 τοῖς
1305 5302 1735 5374 ἐπηγγελμένας
1773 5302 1906 5373 ἡμῖν
1942 5297 2165 5367 ἀγαθοῖς
2201 5300 2259 5353 ὲν
2283 5298 2522 5371 Χριστῷ,
2599 5300 2801 5372 μικρὰς
2844 5301 2938 5354 καὶ
2995 5298 3057 5353 τὸ
3089 5297 3256 5370 μηδὲν
3283 5296 3447 5363 οὔσας
3482 5299 3570 5352 εύ-

357 5400 548 5471 ρίσκω.

430 5581 472 5613 ”
496 5581 701 5637 Baruch
729 5599 788 5650 tt,
818 5581 909 5639 24.

422 5734 472 5769 ⁷⁰
493 5738 554 5793 C.
584 5738 653 5793 Μ.
679 5739 853 5805 ἄλλως
875 5758 956 5794 τε.

1067 5741 1111 5772 ’ί
1236 5739 1311 5825 ﬁ};
1344 5740 1542 5825 μηδένα
1576 5741 1842 5825 κίνδυνον.
1881 5739 2061 5821 ~"_C.
2084 5739 2154 5793 Μ.
2187 5740 2463 5825 χρησίμης
2490 5737 2756 5825 adripiat
2784 5736 3106 5825 ἀναγκαίας.

1013 5582 1054 5614 ⁸⁸
1077 5580 1219 5637 Psal.
1248 5597 1435 5649 Lxxxt,
1474 5581 1536 5650 6;
1564 5582 1722 5638 Joan.
1750 5598 1805 5649 x,
1831 5582 1919 5637 5i.
1995 5585 2080 5640 ιιι
2106 5586 2299 5641 Thess.
2328 5600 2377 5648 ν,
2408 5583 2499 5637 23.

3204 5737 3250 5769 ⁷³
3278 5735 3340 5792 C.
3379 5734 3447 5789 Μ.
3481 5734 3571 5791 hic

355 5809 481 5894 add.
506 5809 804 5894 Λογίζομαι
834 5804 987 5883 ίγὰρ,
1022 5812 1102 5866 ὅτι
1123 5812 1221 5867 οὐκ
1247 5804 1373 5878 ἄξια
1394 5804 1462 5865 τὰ
1496 5813 1793 5884 παθήματα
1816 5810 1909 5867 τοῦ
1936 5811 2030 5866 νῦν
2061 5804 2253 5882 καιροῦ
2281 5804 2432 5881 ’προς
2452 5811 2547 5880 τὴν
2585 5804 2879 5881 μέλλουσαν
2900 5804 3081 5877 ’δόξαν
3114 5804 3567 5877 ἀποκαλυφθῆναι

356 5882 434 5943 εἰς
