4164 6506
312 420 440 486 1697

1319 415 1770 481 FRAGMENTA
1832 415 1913 478 IN
1949 413 2184 479 EPIST.
2226 418 2323 479 AD
2361 418 2545 481 ROM.

3404 414 3540 478 1698

305 539 444 600 ὡνος
482 532 579 589 τοῦ
620 535 714 590 καὶ
748 533 1037 608 Ἰεροϐοὰμ
1064 533 1195 597 υίὸς,
1246 527 1390 594 εἷπε,
1433 528 1587 602 φησὶ,
1621 526 1756 597 πρὸς
1781 526 1873 581 ἄθ-

1985 527 2054 581 bis
2078 528 2141 583 ι’.
2187 527 2251 583 Et
2291 529 2343 584 in
2386 544 2586 601 genere
2616 528 2923 598 bujusmodi
2966 529 3229 601 exemplis
3268 529 3419 599 plena
3460 542 3545 585 est

302 628 437 700 δρας
482 626 761 698 Σικίμων*
806 626 1198 696 Ἐξεπορεύθη
1234 624 1306 679 τὰ
1334 623 1491 689 ξύλα
1528 619 1636 675 τοῦ
1669 618 1874 689 χρίσαι

301 721 396 791 ἐφ’
440 717 621 773 ἑαυτὰ
658 719 958 784 βασιλέασ
995 716 1094 773 καί
1138 717 1312 771 εἶπον
1346 713 1421 783 τῆ
1448 714 1625 782 ἐλαίᾳ
1650 730 1664 745 ·
1695 711 1876 767 Βασί-

303 817 533 869 lavacr-
547 812 640 881 ἐφ’
670 812 707 880 ἡ
712 811 851 881 μᾶς.
871 812 979 865 Καὶ
1000 811 1137 874 ὂλως
1165 808 1470 872 ἀνάπλεως,
1489 807 1567 870 ὠς
1588 805 1743 876 ἔφην,
1768 802 1877 856 τῶν

302 904 563 957 τοιούτων
592 904 627 973 ἡ
655 903 774 956 Θεία
803 903 1014 973 Γραφή.
1044 901 1117 955 Τὸ
1147 900 1262 964 οὖν,
1303 902 1415 970 οὐχ
1450 898 1700 955 ἑκοῦσα,
1737 894 1879 949 κατὰ

1982 616 2260 687 Scriptura
2290 634 2466 675 sacra.
2496 618 2607 675 Hoc
2638 631 2838 686 autem,
2866 635 2969 674 non
2992 620 3189 686 volens,
3222 622 3374 689 juxta
3401 624 3546 677 Itunc

1981 708 2309 765 idiotismum
2343 712 2480 767 dixit
2508 712 2816 783 Apostolus.
2854 712 2967 768 lioc
2997 714 3202 783 angelis
3228 715 3389 768 etiam
3417 730 3546 770 con-

1982 800 2191 872 tingere
2216 800 2464 868 aﬂirmat,
2484 812 2544 857 ut
2567 804 2708 874 quod
2739 804 2805 859 de
2837 801 3026 872 majori
3056 804 3274 866 dicitur,
3305 804 3372 859 de
3397 806 3542 861 omni

1984 902 2236 948 creatura
2264 894 2332 949 sit
2365 895 2593 951 dictum.

301 992 461 1047 τοῦτο
482 962 632 1048 καὶδ
672 962 995 1057 Ἀπόστολος
1024 991 1194 1062 ἔφησε
1223 962 1284 1044 τὸ
1322 962 1541 1062 ἰδίωμα.
1568 988 1639 1041 Ἢ
1697 987 1791 1039 καὶ
1823 980 1912 1037 διὰ
1945 980 2077 1045 τοὺς
2122 981 2390 1052 ἀγγέλους
2442 983 2625 1055 τυχὸν,
2693 984 2779 1038 ἵνα
2823 983 2932 1039 ἀπὸ
2980 986 3072 1041 τοῦ
3110 988 3429 1071 κρείττονος
3471 962 3573 1052 ὡςλ

305 1091 437 1162 περὶ
465 1090 508 1122 ⁸⁷
544 1092 725 1160 πάσης
751 1086 920 1161 αὐτῆς
949 1083 984 1165 ᾖ
1017 1088 1077 1143 τὸ
1102 1089 1415 1160 λεγόμενον.

382 1200 401 1234 ι
433 1181 555 1235 Ὀτι
596 1183 693 1236 καὶ
740 1181 878 1254 αὑτὴ
914 1184 948 1248 ἡ
1002 1181 1181 1245 κτίσις
1223 1177 1719 1251 ἐλευθερωθήσεται
1766 1172 1874 1226 ἀπὸ

303 1272 405 1337 τίς
434 1273 680 1337 δουλείας
707 1273 807 1342 τῆς
851 1272 1079 1345 φθορᾶς.
1117 1290 1135 1323 ι

389 1367 667 1438 ’Δνέχεται
700 1367 949 1437 μέντοιγε
994 1364 1109 1427 νῦν,
1138 1365 1321 1436 φησὶν,
1357 1364 1432 1427 ὡς
1460 1356 1555 1417 καὶ
1607 1359 1745 1431 αὐτὴ
1775 1359 1874 1429 τῆς

306 1461 585 1532 ἡμετέρας
615 1460 933 1532 ἐλευθερίας
970 1458 1439 1513 συναπολαύουσα.
1471 1448 1744 1510 Παύσεται
1765 1453 1873 1523 γὰρ

306 1550 607 1622 τηνικαῦτα
645 1550 834 1604 λοιπὸν
879 1549 1202 1603 δουλεύουσα
1247 1552 1314 1621 τῇ
1364 1548 1571 1619 φθορᾷ*
1599 1546 1873 1599 τουτέστιν

306 1642 429 1697 οὔτε
458 1642 591 1714 ἡμῖν
620 1642 701 1696 ἔτι
725 1642 984 1713 φθαρτοῖς
1006 1637 1156 1696 οὖσιν
1181 1639 1665 1711 ὲξυπηρετήσεται.
1690 1638 1878 1707 Ἴσμεν

306 1736 417 1807 γὰρ
450 1736 549 1807 ὅση
591 1734 686 1789 νῦν
711 1735 745 1805 ἡ
770 1734 880 1789 τῶν
920 1734 1201 1807 στοιχείων
1230 1735 1409 1796 κτίσις
1442 1732 1727 1786 ἀλλοίωσιν
1756 1729 1877 1799 ὑφί-

2048 1173 2213 1229 Veas.
2253 1172 2343 1229 21.
2390 1193 2409 1227 ι
2438 1173 2573 1242 Quia
2616 1184 2670 1232 et
2715 1175 2828 1247 ipsa
2874 1185 3121 1233 creatura
3172 1175 3542 1233 iiberabitura

1978 1265 2240 1322 servitute
2264 1267 2647 1338 corruptionis.
2682 1285 2702 1320 ι

2047 1356 2300 1412 Attamen
2343 1362 2575 1414 sustinet
2620 1373 2764 1413 nunc
2801 1357 3041 1430 quidem,
3086 1358 3282 1429 inquit,
3316 1359 3443 1430 quia
3488 1369 3543 1413 et

1981 1447 2093 1518 ipsa
2124 1448 2380 1505 libertate
2408 1460 2592 1506 nostra
2627 1451 2729 1505 frui
2762 1450 2942 1505 debet.
2986 1448 3121 1506 Nam
3157 1451 3393 1506 cessabit
3421 1462 3547 1506 tunc

1981 1540 2185 1596 servire
2216 1543 2575 1611 corruptioni,
2609 1543 2765 1597 nobis
2806 1541 3209 1598 scilicetadhuc
3234 1545 3556 1614 corruptibi-

1982 1633 2123 1689 libus
2147 1635 2430 1690 servitium
2463 1635 2767 1706 denegabit.
2796 1635 3010 1691 Scimus
3047 1635 3524 1713 enim'quamcum

1980 1740 2088 1796 que
2149 1726 2536 1783 elementorum
2588 1737 2890 1783 creaturam
2949 1743 3091 1783 nunc
3146 1729 3435 1784 mutationi
3496 1736 3553 1784 et

310 1801 504 1881 σταται
536 1801 647 1880 ,καὶ
680 1801 910 1899 φθοράν.
944 1801 1188 1897 Κα“ι’μὴν
1229 1827 1323 1880 καὶ
1350 1826 1474 1889 τοὺς
1514 1822 1778 1893 ἀγγέλους
1800 1823 1881 1876 ὃτι

1985 1814 2312 1887 c‘orruptioui
2368 1833 2489 1874 esse
2537 1816 2856 1887 subiectam.
2913 1818 3025 1874 Nec
3076 1836 3181 1877 non
3229 1830 3283 1875 et
3328 1820 3550 1891 angelos

311 1920 480 1991 μήπω
510 1920 671 1989 φύσει
712 1919 773 1974 τὸ
808 1920 1077 1991 ἄτρεπτον
1107 1919 1321 1990 ἔχουσιν
1359 1918 1732 1987 έπιστάμεθα’
1782 1917 1883 1970 οὐκ

307 2008 416 2063 ἀπὸ
443 2006 552 2063 τῶν
583 2010 1021 2063 ἐκπεπτωκότων
1053 2008 1233 2080 μόνον,
1266 2008 1361 2062 καὶ
1388 2007 1476 2061 διὰ
1502 2006 1661 2061 τοῦτο
1691 2006 1881 2060 πεσόν-

306 2114 415 2151 των
442 2095 503 2162 ὲξ
540 2097 793 2171 ούρανοῦ,
826 2097 963 2151 ἀλλὰ
993 2098 1089 2152 καὶ
1130 2099 1225 2167 ἀφ’
1248 2091 1323 2154 ὧν
1359 2096 1569 2159 Παῦλος
1602 2095 1708 2165 ἔφη
1752 2093 1883 2165 περὶ

307 2188 489 2244 αὐτῶν
516 2190 591 2254 ὡς
614 2190 978 2264 ἐνδεχομένων
1004 2191 1064 2245 τὸ
1090 2192 1383 2263 ἁμαρτεῖν·
1414 2189 1541 2245 Κᾶν
1556 2189 1665 2259 τὰρ
1686 2186 1880 2258 ἡμεῖς,

309 2282 464 2354 φησὶ,
491 2282 605 2337 κᾶν
624 2282 879 2354 ἄγγελος
897 2284 966 2348 ἐξ
987 2283 1247 2353 οὐρανοῦ
1263 2268 1706 2353 εὐαγγελῗζηται
1728 2278 1884 2351 ὑμᾶς

308 2376 449 2445 παρ’
478 2376 510 2431 ὃ
537 2375 1051 2449 εὐηγγελισάμεθα
1079 2376 1242 2447 ὑμῖν,
1271 2374 1536 2446 ἀνάθεμα
1564 2374 1740 2429 ἔστω.

386 2581 405 2616 ι
445 2562 681 2636 Οἴδαμεν
725 2563 835 2636 γὰρ
859 2564 940 2617 ὅτι
974 2563 1127 2619 πᾶσα
1156 2564 1190 2635 ἡ
1228 2562 1405 2628 κτίσις
1445 2561 1760 2627 συστενάζει
1789 2561 1885 2615 καὶ

314 2654 596 2711 συνωδίνει
628 2655 755 2728 ἄχρι
785 2654 881 2709 τοῦ
911 2653 1028 2709 νῦν.
1067 2674 1087 2708 ι

384 2745 665 2818 Γνώριμός
693 2748 841 2801 ἐστιν
864 2747 1054 2812 ἅπασι,
1082 2748 1266 2818 φησὶν,
1287 2747 1321 2817 ή
1348 2746 1510 2817 φύσις
1530 2747 1630 2817 τῆς
1656 2746 1886 2810 κτίσεως

312 2837 901 2910 συνταλαιπωρουμένη
936 2840 1074 2902 τέως
1096 2839 1246 2908 ἡμῖν,
1283 2836 1380 2890 καὶ
1423 2833 1534 2891 οἷον
1573 2838 1606 2908 ὴ
1648 2837 1694 2868 ⁸⁸
1722 2854 1884 2891 κατε-

312 2930 580 2999 πείγουσα
629 2929 727 2983 καὶ
780 2929 1321 3002 προευτρεπιζομένη
1374 2929 1512 3001 πρὸς
1553 2928 1653 3001 τὴν
1698 2930 1884 3003 κοινὴν

309 3021 692 3093 ἀναγέννησιν.

1982 1909 2142 1965 etiam
2168 1910 2403 1964 nondum
2436 1912 2753 1968 naturaliter
2784 1910 3278 1967 immutabilitatem
3312 1912 3541 1980 adeptos

1982 2016 2105 2057 esse
2131 2004 2531 2072 cognoscimus,
2572 2020 2680 2059 nou
2712 2012 2921 2058 tantum
2956 2019 3022 2059 ex
3051 2004 3134 2059 his
3167 2002 3259 2074 qui
3286 2016 3552 2072 peccave-

1982 2101 2129 2157 runt,
2156 2104 2211 2147 et
2244 2094 2451 2150 ideirco
2488 2110 2518 2150 e
2549 2095 2687 2151 cmlo
2729 2096 3068 2160 exciderunt,
3113 2096 3207 2149 sed
3254 2109 3321 2149 ex
3373 2092 3558 2149 verbis

1983 2187 2156 2241 sancti
2179 2185 2332 2241 Pauli
2364 2186 2562 2258 quibus
2591 2188 2835 2243 iunuitur
2860 2188 3083 2259 angelus
3105 2203 3262 2258 posse
3285 2202 3514 2257 peccare
3540 2206 3555 2243 :

1983 2280 2089 2335 Sed
2120 2279 2238 2334 licet
2283 2297 2399 2347 nos,
2442 2290 2537 2334 aut
2568 2283 2783 2352 angelus
2818 2282 2882 2336 de
2910 2281 3034 2336 creto
3062 2282 3379 2351 evangelizet
3414 2282 3558 2337 vobis

1981 2382 2334 2445 prwterquam
2382 2377 2521 2446 quod
2567 2375 3048 2446 euangelizavimus
3070 2374 3233 2441 vobis,
3273 2375 3559 2430 anathema

1982 2467 2050 2521 sit
2082 2467 2143 2522 ¹⁹.
2566 2470 2571 2473 μ

2055 2558 2221 2615 Vens.
2262 2559 2354 2614 22.
2399 2577 2420 2613 ι
2455 2559 2669 2616 Scimus
2705 2560 2850 2615 enim
2885 2559 3028 2631 quod
3071 2557 3253 2616 omnis
3301 2567 3558 2614 creatura

1985 2648 2295 2718 ingemiscit
2326 2659 2380 2703 et
2416 2649 2649 2719 parturit
2675 2662 2849 2719 usque
2879 2648 3079 2702 adhuc.
3117 2666 3137 2698 ι

2052 2741 2247 2798 Notum
2289 2751 2372 2798 est
2423 2743 2698 2806 omnibus,
2759 2742 2954 2810 inquit,
2998 2748 3262 2795 creaturae
3309 2748 3557 2795 naturam

1986 2851 2157 2904 usque
2187 2834 2364 2889 adhuc
2408 2835 2689 2890 nobiscum
2726 2833 2984 2888 miseram
3029 2848 3169 2899 esse,
3203 2842 3257 2887 et
3296 2842 3558 2904 quantum

1983 2927 2205 2984 festinat
2232 2943 2298 2983 ac
2324 2938 2548 2998 paratur
2569 2928 2636 2982 ad
2672 2941 3016 2982 communem
3056 2926 3555 2995 regenerationem.

387 3131 407 3166 ι
445 3113 520 3167 Οὐ
555 3114 716 3185 μόνον
745 3113 823 3180 δὲ,
861 3114 1001 3169 ἀλλὰ
1031 3115 1128 3169 καὶ
1160 3115 1315 3169 αὐτοί⁹
1354 3115 1453 3185 τὴν
1483 3116 1742 3189 ἀπαρχὴν
1784 3116 1882 3188 τὴν

2056 3111 2220 3169 Vens.
2265 3111 2357 3167 2'5.
2404 3132 2423 3165 ι
2453 3111 2568 3167 Non
2620 3110 2793 3177 solum
2845 3121 3025 3166 autem
3072 3111 3183 3174 illa.
3226 3110 3320 3167 sed
3362 3120 3416 3166 et
3462 3126 3560 3166 nos

312 3211 626 3281 πνεύματος
653 3207 888 3280 ἔχοντες,
923 3207 1022 3262 καὶ
1057 3208 1217 3282 ἡμεῖς
1245 3207 1401 3261 αὐτοὶ
1430 3209 1489 3262 ὲν
1520 3209 1733 3273 ἑαυτοῖς
1764 3227 1884 3262 στε-

312 3299 568 3371 νάζομεν.
603 3316 623 3351 ι

384 3391 451 3445 Τί
490 3390 623 3463 περὶ
656 3390 760 3461 τῆς
789 3390 1020 3456 κτίσεως
1068 3392 1243 3447 ταῦτα
1289 3390 1432 3462 λέγω
1457 3409 1473 3460 ;
1502 3395 1686 3466 φησίν.
1746 3394 1884 3449 Ἀλλ’

315 3484 476 3557 ἡμεῖς
506 3482 661 3537 αὐτοὶ
693 3483 755 3536 τδ
787 3482 1083 3553 κεφάλαιον
1124 3484 1222 3555 τῆς
1252 3484 1646 3557 δημιουργίας·
1676 3486 1771 3541 καὶ
1817 3488 1889 3540 δι’

313 3575 410 3641 οὓς
430 3578 523 3629 καὶ
544 3573 663 3646 μεθ’
696 3567 772 3630 ὧν
799 3575 867 3628 τὰ
895 3573 1072 3628 πάντα
1113 3574 1541 3643 ἁνακαινίζεται,
1580 3576 1887 3647 δεδεγμένοι

314 3667 416 3740 τὴν
443 3668 536 3720 τοῦ
566 3665 881 3737 Πνεύματος
913 3665 1187 3738 ἀπαρχὴν,
1228 3665 1485 3721 τοσοῦτον
1530 3667 1638 3721 τῶν
1668 3668 1887 3740 μελλόνο

315 3772 427 3812 των
472 3756 774 3829 εἰλήφαμεν
824 3755 1011 3821 πόθον,
1045 3756 1187 3812 ὥστε
1238 3758 1577 3831 ἀσχάλλομεν
1606 3760 1743 3831 πρὸς
1784 3761 1887 3833 τὴν

321 3850 602 3922 μέλλησιν,
628 3851 722 3905 καὶ
750 3848 949 3922 ῥᾳδίως
969 3851 1068 3922 οὐχ
1089 3851 1436 3924 ύποφέρομεν
1464 3852 1564 3925 τὴν
1592 3853 1883 3925 ἀναόολήν⁸

317 3944 453 4000 ἀλλὰ
503 3944 837 4014 κομίσασθαι
866 3943 927 3997 τὸ
969 3947 1077 3998 πᾶν
1118 3944 1219 4016 ἤδη
1267 3944 1587 4017 γλιχόμεθα.
1632 3947 1740 4001 Καὶ
1787 3948 1886 4020 τὴν

318 4036 592 4091 υἱοθεσίαν
632 4035 829 4107 δηλῶν,
878 4035 976 4108 τὴν
1012 4036 1411 4108 ἀπολύτρωσιν,
1445 4038 1600 4109 φησὶ,
1646 4039 1743 4092 τοῦ
1784 4039 1886 4094 σώο

322 4147 492 4202 ματος
523 4128 681 4201 ἡμῶν
709 4128 1108 4201 ἐπιθυμοῦμεν,
1148 4130 1430 4183 τουτέστιν
1455 4129 1793 4202 ἀπολυθῆναι
1826 4131 1887 4185 τδ

320 4223 587 4295 ἡμέτερον
618 4222 782 4292 σῶμα
827 4222 1035 4294 φθορᾶς
1077 4222 1171 4276 καὶ
1216 4221 1490 4293 ἁμαρτίας
1519 4224 1614 4276 καὶ
1652 4223 1885 4278 θανάτου

321 4316 473 4371 ποτέ.
521 4316 848 4387 Ἐπειδήπερ
883 4316 941 4368 ἐν
973 4316 1085 4377 τοῖς
1104 4314 1397 4386 ἀνωτέροις
1428 4313 1528 4384 μὲν
1560 4314 1636 4378 ὡς
1660 4315 1761 4387 ἤδη
1789 4318 1888 4388 τῆς

320 4408 648 4480 θνητότητος
673 4408 773 4480 τὴν
798 4406 1496 4480 εὐχαριστίανάνέκραγεν,
1525 4406 1757 4461 ἐνταῦθα
1781 4409 1887 4463 πά-

1986 3204 2085 3275 ipsi
2128 3206 2394 3276 primitias
2433 3206 2658 3275 spiritus
2707 3205 2991 3268 habentes,
3024 3217 3077 3259 et
3130 3205 3229 3275 ipsi
3278 3206 3415 3260 intra
3464 3220 3561 3260 uos

1985 3297 2270 3367 gemimus.
2305 3315 2323 3347 ι

2057 3388 2195 3455 Quid
2223 3396 2526 3442 creaturam
2556 3387 2719 3441 dico?
2746 3387 2942 3457 inquit,
2992 3386 3097 3441 Sed
3128 3402 3227 3443 nos
3259 3389 3359 3459 ipsi
3407 3404 3561 3445 crea-

1988 3478 2152 3534 tiouis
2195 3485 2380 3548 caput,
2425 3489 2647 3547 propter
2680 3492 2817 3547 quos
2862 3488 2915 3533 et
2960 3494 3082 3533 cum
3121 3480 3322 3550 quibus
3360 3490 3561 3537 cuncta

1987 3583 2335 3638 renovantur,
2369 3572 2637 3642 primitias
2668 3572 2904 3643 SpirittIs
2932 3573 3132 3643 adepti,
3170 3583 3379 3628 tantum
3420 3574 3563 3630 futu-

1988 3683 2174 3724 rorum
2211 3666 2540 3723 desiderium
2579 3667 2948 3738 concepimus,
2982 3676 3040 3722 ut
3070 3668 3138 3723 de
3186 3683 3335 3721 mora
3379 3668 3560 3723 dolea-

1988 3772 2107 3815 mus
2132 3768 2190 3815 et
2218 3774 2359 3829 argre
2381 3758 2621 3816 feramus
2650 3760 2987 3826 dilationem,
3035 3763 3129 3816 sed
3161 3761 3426 3832 promissa
3458 3763 3559 3819 ob-

1989 3853 2161 3909 tinere
2191 3853 2495 3923 cupiamus.
2524 3851 2592 3907 Et
2617 3854 2960 3924 adoptionem
2990 3854 3275 3910 declarans
3296 3895 3312 3923 ,
3350 3856 3559 3911 redem-

1986 3945 2229 4017 ptionem
2274 3944 2521 4016 corporis
2554 3945 2747 4012 nostri,
2800 3945 2997 4015 inquit,
3029 3945 3428 4013 desideramus,
3461 3962 3558 4003 cu-

1987 4040 2201 4111 pientes
2245 4039 2456 4095 scilicet
2494 4053 2690 4110 corpus
2731 4050 2998 4106 nostrum,
3045 4055 3077 4095 a
3118 4042 3487 4111 corruptione,
3526 4056 3557 4097 a

1987 4139 2210 4202 peccato
2254 4140 2309 4187 et
2340 4145 2371 4185 a
2412 4139 2588 4187 morte
2616 4132 2829 4187 tandem
2863 4131 3075 4187 redimi.
3109 4130 3557 4201 Quandoquidem

1986 4237 2171 4294 supra,
2194 4224 2349 4293 quasi
2394 4222 2505 4292 jam
2562 4223 3027 4278 immortalitatem
3075 4224 3301 4291 adeptus
3332 4221 3555 4290 fuisset,

1987 4313 2281 4383 gratiarum
2336 4314 2580 4369 actiones
2616 4313 2907 4382 clamavit;
2963 4329 3105 4369 nunc
3158 4315 3353 4369 iterum
3402 4315 3557 4385 quasi

1989 4406 2223 4461 nondum
2266 4406 2372 4461 hoc
2415 4407 2663 4477 adeptus,
2686 4409 2783 4464 sed
2823 4409 3000 4464 adhuc
3047 4408 3297 4465 obtinere
3340 4409 3558 4467 deside—

320 4502 405 4557 λιν
437 4501 513 4566 ὡς
538 4499 692 4557 οὔπω
733 4500 925 4556 τούτου
967 4499 1303 4573 τετυχηκὼς,
1334 4499 1449 4554 ἀλλ’
1476 4499 1557 4555 ἔτι
1578 4503 1763 4572 τυχεῖν
1790 4503 1883 4572 ἐφ-

1992 4516 2136 4566 rans,
2188 4501 2370 4570 adjicit
2410 4521 2427 4556 :r
2463 4501 2568 4573 8pc
2616 4503 2755 4557 enim
2801 4502 2937 4557 salvi
2977 4503 3110 4573 facti
3151 4520 3334 4559 sumus
3362 4506 3445 4573 ‘°;
3502 4506 3557 4562 in

278 4654 281 4657 Α
324 4594 533 4664 ιέμενος
558 4591 920 4664 προστίθησισ
960 4589 1039 4661 Τῇ
1067 4590 1176 4661 γὰρ
1210 4588 1413 4645 ἐλπίδι
1442 4588 1783 4661 ἐσώθημεν·
1827 4593 1888 4647 έν

322 4681 532 4737 ιλπίσιν
559 4681 661 4748 έτι,
693 4680 847 4753 φησὶ,
880 4678 948 4735 τὰ
972 4682 1072 4752 τῆς
1093 4679 1367 4753 σωτηρίας
1394 4679 1572 4751 ἡμῶν.

398 4792 418 4826 ι
468 4772 739 4837 Ὡσαύτως
772 4772 868 4828 καὶ
894 4771 958 4825 τδ
986 4770 1212 4841 Πνεῦμα
1247 4769 1821 4842 συναντιλαμϐάνεται.
1854 4783 1877 4823 ι

399 4956 474 5031 [Ε
508 4959 627 5013 cod.
680 4956 919 5032 Monam]
962 4958 1033 5012 Ἦ
1089 4956 1183 5012 καὶ
1230 4956 1425 5022 οὕτως.
1465 4954 1532 5012 Ἦ
1581 4958 1681 5031 μὲν
1729 4962 1891 5032 φύσις

327 5048 486 5120 ἡμῶν
516 5051 654 5114 ἐστι,
709 5052 894 5123 φησιν,
939 5049 1193 5122 ἀσθενὴς,
1226 5049 1409 5104 καὶτὸ
1449 5050 1577 5104 καθ’
1619 5051 1789 5124 αὐτὴν
1831 5047 1893 5109 τὸ

328 5139 487 5205 αὖθις
521 5140 941 5197 ἀναϐιώσεσθαι.
962 5142 1043 5196 Τὰ
1062 5141 1120 5196 δὲ
1157 5142 1567 5213 ἐπηγγελμένα,
1604 5145 1813 5215 μεγάλα
1830 5163 1893 5200 τε

327 5234 424 5290 καὶ
469 5234 611 5299 θεῖα,
643 5235 737 5287 καὶ
784 5229 874 5287 οἷα
928 5236 1061 5306 μηδὲ
1106 5235 1183 5308 νῷ
1231 5235 1549 5308 χωρηθῆναι
1597 5236 1889 5309 δυνάμενα.

341 5327 482 5381 Ἀλλ’
538 5329 687 5399 ὅμως
730 5329 866 5399 πρὸς
909 5328 1089 5383 πίστιν
1139 5329 1346 5384 τούτων
1392 5330 1502 5384 τῶν
1531 5330 1890 5402 τηλικούτων,

325 5421 437 5476 ἀπὸ
466 5421 561 5476 τοῦ
600 5422 921 5493 Πνεύματος
957 5422 1017 5477 οὑ
1066 5422 1269 5495 μικρὰν
1317 5424 1631 5496 ἐπικουρίαν
1674 5422 1891 5495 ἔχομεν.

328 5509 412 5565 Τὰ
448 5511 557 5586 γὰρ
590 5514 687 5569 καὶ
727 5515 997 5586 αἰτήσεως
1028 5516 1338 5587 κρείττονα,
1372 5518 1467 5572 καὶ
1510 5517 1637 5588 περὶ
1677 5506 1753 5570 ὧν
1792 5515 1893 5571 οὐκ

286 5658 299 5719 έ
407 5690 644 5750 “Judic.
683 5710 759 5760 rx,
782 5696 838 5752 8.
915 5696 961 5729 ¹⁹
984 5695 1161 5788 Galat.
1186 5715 1226 5765 t,
1256 5697 1309 5754 8.
1385 5698 1430 5731 ³⁸
1454 5700 1607 5757 Rom.
1640 5716 1757 5771 vm,
1788 5702 1885 5759 τι.»

310 5864 317 5867 ⁷
425 5850 470 5885 "
493 5851 558 5909 C.
578 5848 647 5907 Μ.
669 5850 929 5926 ὡσπερεί.
1006 5854 1051 5888 ⁸⁸
1072 5854 1197 5927 Leg.
1227 5853 1408 5909 οἱονεί.

1990 4609 2087 4668 Spe
2112 4596 2279 4663 enim,
2304 4587 2508 4669 inquit,
2538 4595 2685 4652 salus
2713 4607 2920 4653 nostra.

2060 4780 2223 4839 Vens.
2251 4782 2344 4839 26.
2389 4803 2410 4838 ι
2440 4783 2707 4843 Similiter
2734 4796 2917 4842 autem
2960 4795 3017 4843 et
3044 4784 3295 4859 Spiritus
3334 4783 3557 4856 adjuvat

1998 4877 2368 4933 infirmitatem
2396 4887 2655 4935 nostram.
2688 4898 2708 4932 ι

2063 4966 2159 5025 Vel
2190 4968 2354 5023 etiam
2377 4969 2485 5030 hoc
2519 4970 2697 5025 modo.
2739 4969 2942 5026 Natura
2980 4980 3164 5027 nostra
3193 4971 3403 5027 inlirma
3433 4973 3555 5043 qui-

1991 5060 2135 5127 dem,
2170 5061 2364 5133 inquit,
2412 5070 2466 5118 et
2511 5063 2803 5118 secundum
2840 5063 2977 5118 hanc
3018 5079 3155 5118 uova
3191 5066 3551 5134 regeneratio.

1990 5153 2263 5209 Promissa
2295 5168 2425 5210 vero
2449 5170 2645 5225 magna
2669 5164 2725 5210 et
2748 5155 3035 5223 divina,ila
3067 5168 3125 5211 ut
3155 5172 3306 5213 meus
3333 5173 3394 5212 ea
3422 5173 3553 5212 con-

1991 5247 2176 5319 cipere
2206 5261 2311 5301 non
2334 5245 2531 5303 valeat.
2565 5246 2671 5304 Sed
2699 5248 2765 5302 ad
2798 5249 2953 5304 fidem
2990 5258 3261 5305 tantorum
3287 5252 3549 5305 bonorum

1992 5353 2099 5394 non
2126 5339 2395 5395 modicum
2433 5354 2463 5394 a
2496 5338 2703 5410 Spiritu
2750 5342 3046 5412 accipimus
3087 5342 3372 5397 auxilium.
3418 5339 3551 5397 Nam

1992 5446 2111 5502 quae
2139 5431 2401 5501 petitione
2429 5432 2594 5489 etiam
2638 5442 2764 5489 sunt
2788 5434 3098 5504 superiora,
3123 5435 3190 5490 de
3224 5435 3423 5505 quibus
3463 5449 3553 5490 ue-

1992 5523 2194 5582 scimus
2226 5523 2499 5596 quomodo
2544 5538 2702 5580 orare
2743 5534 3011 5596 oporteat,
3058 5525 3111 5583 id
3152 5535 3236 5583 est
3265 5541 3384 5597 quae
3426 5530 3554 5581 sunt
