4164 6528
342 398 474 478 1701

1258 400 1265 411 ’
1357 405 1817 466 FRAGMENTA
1853 406 1934 465 IN
1973 407 2208 466 EPIST.
2250 408 2349 467 AD
2388 406 2570 466 ROM.

3424 403 3559 471 1702

335 516 699 591 συμϐαίνοντα
719 514 929 583 γίνεται
951 515 994 545 ⁹⁰
1017 508 1429 582 παρασκευάζει
1453 511 1587 579 πρὸς
1608 510 1889 577 ἀγαθόνθι,

2003 528 2151 577 unm,
2192 523 2243 569 et
2279 515 2573 568 secundum
2599 513 2797 567 bonum
2841 513 3170 581 propositum
3207 522 3390 569 eorum
3427 536 3560 588 quos

335 614 429 667 ᾰτε
466 612 557 664 καὶ
584 608 724 662 κατὰ
752 609 850 679 τὴν
883 604 1095 675 ἀγαθὴν
1140 602 1319 655 αὐτῶν
1365 600 1626 668 πρόθεσιν
1657 619 1895 671 προσκε-

336 703 637 772 κλημένου,ς
668 702 714 732 ⁹¹
743 699 939 759 αὐτούς
961 713 974 726 ⁸
1005 692 1256 749 ἐντεῦθεν
1296 692 1479 762 μέντοι
1509 695 1604 746 καὶ
1641 692 1738 764 τὴν
1763 696 1897 747 ἀπο-

333 797 518 863 λογίαν
547 793 645 861 τῆς
679 793 819 863 ὑπὲρ
853 791 954 861 τῆς
991 789 1037 820 ”
1080 784 1354 840 Ἰουδαίων
1392 785 1667 857 ἀποϐολῆς
1698 788 1899 859 ἤρξατο

337 886 896 959 προκατασκευάζειν.

406 999 424 1032 ι
462 979 587 1032 Ὅτι
640 976 733 1042 οὓς
778 976 1050 1048 προέγνω,
1094 974 1190 1027 καὶ
1224 972 1500 1045 προώρισε
1543 974 1900 1044 συμμόρφους

325 1070 424 1140 τῆς
452 1071 660 1131 εἰκόνος
698 1069 789 1123 τοῦ
822 1066 953 1121 Υἱοῦ
990 1066 1178 1132 αὑτοῦ,
1202 1069 1283 1131 εἰς
1304 1067 1366 1119 τὸ
1389 1062 1528 1120 εἶναι
1551 1068 1714 1123 αὑτὸν
1746 1086 1899 1140 πρω-

326 1166 546 1217 τότοκον
577 1164 632 1215 ὲν
663 1162 877 1224 πολλοῖς
908 1160 1176 1229 ἀδελφοῖς.
1221 1179 1240 1212 ›

398 1254 681 1327 Προώρισε
732 1254 785 1306 δὲ
840 1254 1021 1320 τοῦτο,
1074 1252 1231 1324 φησὶ,
1267 1252 1360 1306 καλ¹
1390 1252 1437 1285 ⁸⁸
1478 1253 1750 1324 μετέδωκε
1800 1253 1899 1323 τῆς

329 1347 601 1410 υἱοθεσίας
645 1346 739 1400 καὶ
776 1346 977 1409 ἄλλοις.
1014 1345 1088 1398 Ού
1138 1346 1229 1398 τὸν
1264 1346 1392 1399 Υίὸν
1420 1345 1593 1419 ταύτῃ
1623 1363 1705 1399 τοι
1735 1345 1899 1416 ζημι-

327 1440 579 1517 ώσαςθδ·
616 1440 725 1511 ἕχει
764 1438 870 1508 γάρ
914 1438 1085 1502 οὕτως
1133 1439 1341 1502 ἐκεῖνος
1371 1438 1470 1510 τὴν
1497 1439 1639 1493 κατά
1682 1439 1900 1492 πάντων

328 1532 635 1604 ὑπεροχὴν,
688 1532 783 1585 καὶ
838 1531 1157 1584 πλεονεκτεῖ
1214 1535 1326 1594 τοῖς
1377 1533 1737 1603 πρωτοτόκοις
1792 1532 1899 1585 τῶν

328 1624 595 1693 ἀδελφῶν.
633 1653 701 1662 —
736 1622 801 1695 [E
836 1622 1220 1693 Cod.Mouac.]
1247 1623 1316 1674 Ἢ
1349 1625 1740 1693 συμμόρφους
1769 1624 1901 1695 φησὶ

329 1716 437 1785 τῆς
464 1719 695 1782 εἰκόνος
727 1716 821 1769 τοῦ
854 1714 984 1768 Υίοῦ
1020 1716 1184 1769 αὑτοῦ
1206 1732 1220 1746 ·
1255 1716 1379 1769 ἀντὶ
1420 1716 1532 1783 τοῦ,
1567 1716 1678 1786 τῆς
1708 1718 1901 1786 υἱότη-

328 1828 430 1874 τος
461 1808 552 1862 τοῦ
599 1808 847 1878 σώματος
877 1807 1063 1862 αὐτοῦ.
1096 1807 1187 1860 Διὸ
1234 1808 1328 1862 καὶ⁵
1366 1808 1668 1879 ἐπήγαγεν,
1698 1812 1803 1875 Εἷς
1832 1809 1898 1863 τὸ

326 1897 477 1955 εἶναι
510 1900 695 1953 αὐτὸν
717 1900 1111 1967 πρωτότοκον.
1590 1890 1595 1895 ’

404 2008 422 2040 ι
468 1991 532 2043 Τί
576 1986 667 2043 οὖν
719 1987 952 2059 ἐροῦμεν
986 1988 1121 2059 πρὸς
1169 1986 1376 2053 ταῦτα;
1411 1988 1459 2041 εί
1507 1988 1535 2039 ὁ
1574 1986 1707 2048 Θεὸς
1759 1986 1900 2058 ὑπὲρ

326 2082 503 2152 ἡμῶν,
547 2081 630 2143 τίς
678 2080 801 2133 καθ’
836 2080 1028 2151 ἡμῶν;
1068 2080 1167 2144 Ὃς
1209 2097 1272 2148 γε
1314 2078 1410 2132 τοῦ
1466 2078 1596 2133 ίδίου
1630 2077 1758 2131 Υίοῦ
1802 2079 1900 2132 οῦκ

326 2175 605 2244 ἐφείσατο.
649 2192 666 2224 ι
1823 2168 1828 2175 ’

399 2263 536 2317 Θεοῦ
572 2265 773 2330 τοίνυν,
822 2265 1007 2335 φησὶν,
1039 2263 1189 2327 ὄντος
1238 2263 1378 2335 ὑπὲρ
1409 2265 1584 2335 ἡμῶν,
1618 2265 1777 2335 ἡμεῖς
1808 2262 1903 2316 ἆλ-

326 2356 417 2410 λον
446 2357 573 2410 τινὰ
603 2357 710 2410 τῶν
744 2357 965 2410 πάντων
1001 2356 1458 2427 φοϐηθησόμεθα;
1504 2357 1599 2411 καλ⁹
1643 2356 1735 2408 τὸν
1771 2355 1901 2408 ἴδιον

328 2448 456 2502 Υἱὸν
507 2450 679 2514 οὕτως
718 2451 857 2521 ὑπὲρ
907 2449 1065 2520 ἡμῶν
1112 2449 1287 2512 διδοὺς
1330 2449 1587 2518 ἀφειδῶς,
1619 2444 1775 2512 οὗτος
1823 2450 1902 2511 εἰς

327 2541 476 2611 ἡμᾶς
522 2542 651 2614 περὶ
695 2541 805 2595 τῶν
856 2539 1166 2593 ὑπολοίπων
1214 2539 1743 2611 σμικρολογήσεται;
1790 2540 1903 2594 Οὐκ

330 2633 443 2688 ἐστι
470 2634 647 2687 πάντα
674 2634 902 2704 δεύτερα
927 2633 1045 2705 Θεῷ
1076 2633 1177 2703 τῆς
1200 2633 1423 2704 ἀγάπης
1455 2633 1618 2687 αὐτοῦ
1644 2634 1745 2704 τῆς
1772 2635 1903 2704 περὶ

327 2731 511 2800 ἡμᾶς;
540 2726 798 2799 εὔκαιρον
835 2726 1005 2796 τούτῳ
1036 2727 1083 2760 ⁸⁸
1114 2726 1208 2778 νῦν
1234 2727 1480 2796 ἐπισχεῖν
1507 2768 1523 2793 ,
1560 2727 1640 2780 ὅτι
1670 2726 1903 2781 ἐνταῦθα

327 2820 422 2875 τοῦ
455 2818 585 2874 Υίοῦ
615 2819 660 2852 9⁷
695 2819 845 2890 ποιρά
871 2816 964 2871 τοῦ
1003 2816 1323 2887 Πνεύματος
1352 2816 1398 2849 ⁸⁸
1431 2816 1572 2885 ὑπὲρ
1610 2817 1769 2887 ἡμῶν
1796 2836 1903 2870 πα-

332 2912 648 2983 ραδέδοσθαι
678 2913 721 2947 ’9
769 2912 939 2978 λέγων
977 2910 1005 2963 6
1043 2908 1276 2974 Παῦλος,
1325 2909 1383 2963 ὲν
1430 2912 1497 2980 τῇ
1548 2910 1685 2981 πρὸς
1740 2912 1902 2979 Ἐφε-

328 3005 499 3067 σίους,
534 3003 695 3055 αὑτὸν
730 3005 862 3072 παρ’
900 3001 1096 3055 ἑαυτοῦ
1140 3001 1290 3069 λέγει
1333 3001 1422 3054 τὸν
1457 3001 1584 3054 Υἰὸν
1612 3001 1768 3054 τοῦτο
1808 3018 1906 3053 πε-

327 3097 632 3167 ποιηκέναι’
674 3097 736 3149 Ὀ
758 3095 1008 3165 Χριστὸς
1026 3096 1155 3164 γὰρ,
1178 3096 1362 3165 φησὶν,
1384 3093 1700 3163 ἠγάπησεν
1722 3095 1899 3163 ἡμᾶς,

2000 604 2233 659 vocavit.
2262 601 2467 659 Exinde
2493 604 2653 659 etiam
2683 605 2747 658 de
2772 602 3081 659 Iudaeorum
3106 606 3405 675 perditione
3433 625 3562 679 apo-

1999 698 2193 767 logiam
2222 711 2532 766 prmparare
2562 696 2781 765 incepit.

2067 970 2226 1027 Vens.
2258 972 2348 1029 29.
2397 990 2415 1023 ι
2447 970 2582 1026 Nam
2619 986 2758 1041 quos
2797 974 3090 1042 praescivit,
3121 985 3175 1028 ct
3214 977 3565 1046 praedestina-

1998 1068 2075 1120 vit
2106 1066 2413 1121 conformes
2453 1066 2569 1121 fieri
2624 1065 2876 1135 imaginis
2921 1068 3040 1122 Filii
3088 1072 3194 1135 sui,
3243 1081 3302 1125 ut
3346 1073 3418 1127 sit
3452 1075 3567 1144 ipse

2000 1160 2391 1229 primugenitus
2416 1160 2469 1212 in
2502 1160 2686 1215 multis
2714 1160 2996 1214 fratribus.
3029 1179 3047 1211 ι

2069 1250 2183 1305 Hoc
2238 1260 2417 1305 autem
2471 1252 2911 1319 praedestinavit,
2956 1252 3161 1323 inquit,
3222 1255 3358 1309 alios
3402 1258 3564 1312 etiam

2002 1343 2306 1412 adaptionis
2338 1341 2454 1396 fieri
2487 1346 2800 1414 participes.
2825 1343 3038 1398 Nullum
3075 1345 3272 1400 exinde
3299 1346 3438 1402 Filio
3468 1350 3566 1403 da-

2002 1449 2183 1487 mnum
2235 1434 2436 1488 intulit.
2498 1435 2592 1490 Ille
2639 1438 2784 1491 enim
2834 1437 2913 1490 sic
2966 1437 3127 1491 habet
3172 1454 3334 1505 super
3379 1454 3569 1496 omnes

2000 1526 2399 1589 excellentiam,
2441 1537 2496 1581 et
2521 1528 2727 1595 primus
2756 1538 2839 1583 est
2876 1530 3018 1582 inter
3045 1530 3434 1599 primogenitos
3465 1533 3570 1587 fra-

2001 1625 2163 1669 trum.
2191 1645 2263 1655 —
2290 1616 2381 1669 Vel
2416 1618 2711 1687 conformes
2743 1617 2872 1673 dicit
2919 1619 3167 1688 imaginis
3210 1619 3331 1674 Filii
3364 1622 3444 1676 sui
3472 1638 3569 1691 pro

2000 1707 2277 1776 ﬁliationis
2311 1709 2556 1778 corporis
2582 1707 2719 1777 ejus.
2747 1707 2955 1765 Idcirco
2980 1708 3180 1778 adjecit
3212 1730 3224 1766 :
3257 1709 3324 1764 Ut
3358 1714 3425 1767 sit
3460 1716 3569 1783 ipse

2001 1801 2397 1870 primogenitus.

2073 1987 2238 2044 Vens.
2290 1988 2382 2053 3i,
2418 1989 2508 2044 59..
2556 2010 2573 2042 ι
2603 1989 2737 2057 Quid
2779 2006 2906 2062 ergo
2945 1992 3190 2048 dicemus
3223 1994 3288 2047 ad
3318 1994 3475 2049 haec?
3511 1994 3569 2049 Si

2006 2080 2142 2134 Deus
2177 2096 2272 2151 pro
2298 2082 2473 2146 nobis,
2500 2084 2622 2151 quis
2654 2092 2840 2138 contra
2870 2085 3000 2140 nos?
3024 2084 3123 2153 Qui
3156 2087 3321 2142 etiam
3350 2090 3570 2159 pr0prio

2004 2170 2140 2227 Filio
2175 2188 2272 2227 suo
2308 2189 2412 2228 non
2440 2176 2700 2244 pepercit.
2739 2196 2757 2229 ι

2069 2264 2205 2319 Cum
2242 2267 2400 2332 Deus,
2428 2267 2621 2334 inquit,
2646 2269 2715 2322 sit
2747 2284 2846 2338 pro
2878 2269 3059 2336 nobis,
3094 2272 3339 2340 nunquid
3379 2288 3571 2342 quem-

2002 2356 2125 2410 dam
2172 2357 2337 2411 alium
2372 2360 2717 2414 timebimus?
2766 2371 2819 2415 et
2849 2364 2939 2430 qui
2973 2377 3071 2432 pro
3107 2364 3261 2418 nobis
3289 2366 3566 2435 proprium

2002 2448 2194 2504 Filium
2227 2449 2306 2505 sic
2335 2452 2555 2506 tradidit
2590 2451 2832 2520 profuse,
2869 2454 3109 2523 mmquid
3150 2455 3201 2509 in
3234 2458 3443 2512 czcteris
3476 2473 3572 2512 no-

2002 2542 2087 2597 bis
2122 2543 2312 2597 dandis
2359 2542 2463 2598 erit
2495 2544 2729 2614 parcus?
2762 2543 2949 2599 Nonne
2985 2545 3127 2601 Deus
3164 2548 3346 2602 omnia
3385 2565 3571 2606 amore

2004 2647 2161 2701 quem
2189 2635 2240 2687 in
2276 2648 2375 2689 nos
2402 2633 2565 2689 habet
2596 2635 2849 2689 inferiora
2873 2636 3063 2691 ducit?
3088 2638 3462 2707 Opportunum
3489 2652 3572 2697 est

2005 2727 2092 2780 hic
2142 2727 2599 2792 animadvertere,
2653 2739 2902 2782 sanctum
2940 2728 3164 2784 Paulum
3214 2748 3354 2786 nunc
3390 2735 3570 2791 dicere

2003 2817 2199 2873 Filium
2240 2835 2271 2874 a
2308 2830 2496 2875 sancto
2531 2820 2737 2889 Spiritu
2781 2836 2878 2890 pro
2910 2822 3065 2875 nobis
3104 2824 3355 2877 traditum
3383 2824 3567 2891 fuisse,

2003 2927 2123 2964 cum
2163 2911 2215 2964 in
2251 2910 2491 2978 Epistola
2524 2914 2590 2965 ad
2618 2912 2883 2980 Ephesius
2923 2912 3116 2966 Filium
3161 2915 3260 2969 hoc
3300 2930 3331 2969 a
3371 2928 3571 2971 semet-

2004 3004 2119 3072 ipso
2135 3004 2326 3059 iecisse
2349 3005 2494 3059 dicat
2520 3023 2534 3057 :
2563 3004 2803 3060 Christus
2819 3008 2978 3067 enim,
3014 3007 3211 3076 inquit,
3243 3009 3429 3062 dilexit
3453 3026 3569 3075 nos,

2002 3108 2048 3149 et
2083 3097 2301 3149 tradidit
2346 3099 2673 3166 semetipsum
2707 3115 2802 3166 pro
2838 3099 2984 3152 nobis
3008 3101 3075 3152 ⁸³.
3122 3101 3259 3166 Quid
3295 3103 3436 3157 aliud
3475 3120 3573 3159 nos

328 3189 426 3241 καὶ
461 3186 801 3255 παρέδωκεν
835 3185 1052 3238 ἑαυτὸν
1086 3185 1102 3214 ί
1134 3183 1285 3251 ὑπὲρ
1317 3183 1503 3252 ἡμῶν.
1538 3183 1603 3234 Τί
1632 3181 1898 3235 διδάσκων

2003 3190 2179 3253 docet,
2211 3189 2313 3243 nisi
2339 3205 2499 3243 unam
2524 3205 2645 3245 esse
2665 3201 2720 3245 et
2750 3190 2985 3260 Spiritus
3012 3202 3065 3246 et
3093 3192 3214 3248 Filii
3244 3196 3310 3250 de
3336 3196 3569 3252 humana

328 3280 476 3350 ἡμᾶς
499 3278 688 3347 ’έτερον
716 3277 747 3345 ἢ
781 3277 837 3329 ἓν
881 3271 1022 3329 εἶναι
1054 3274 1335 3343 Πνεύματι
1363 3274 1381 3303 ²
1409 3273 1504 3326 καὶ
1539 3272 1653 3342 Υἱῷ
1680 3272 1780 3342 τῆς
1810 3274 1903 3325 ἀν·-

332 3366 551 3439 θρῶπου
583 3367 603 3397 ³
636 3364 908 3435 σωτηρίας
940 3363 999 3416 τὸ
1031 3362 1310 3433 βούλημα;

408 3480 427 3512 ι
459 3459 554 3523 Τίς
592 3456 875 3527 ἐγκαλέσει
903 3455 1045 3509 κατά
1083 3452 1356 3507 ἐκλεκτῶν
1384 3452 1555 3521 Θεοῦ;
1603 3453 1735 3517 Θεὸς
1765 3456 1792 3507 6
1823 3454 1902 3508 δι-

332 3549 526 3605 καιῶν.
562 3548 657 3611 Τίς
686 3549 713 3600 6
744 3544 1127 3615 κατακρίνων;
1169 3562 1186 3594 ι

417 3640 822 3709 Ἐγκαλούντων
845 3635 1130 3707 τοιγαροῦν
1146 3637 1195 3688 οἱ
1223 3632 1535 3705 βουλόμενοι
1555 3635 1650 3688 καὶ
1664 3652 1902 3706 κατηγο.

336 3734 726 3809 ρούντωνήμᾶς
749 3747 762 3760 ·
780 3732 839 3784 οὐ
856 3730 964 3802 γὰρ
978 3729 1252 3800 ἰσχύουσιν
1272 3730 1401 3799 ἡμῖν
1418 3726 1718 3798 ἀμύνεσθαι
1732 3728 1792 3781 τὸ
1803 3746 1904 3783 πα-

338 3829 516 3901 ράπαν
538 3827 635 3897 τῆς
656 3822 790 3877 Θεοῦ
828 3822 1033 3893 ψήφου,
1064 3820 1179 3892 μεθ’
1210 3820 1364 3890 ἡμῶν
1388 3836 1446 3871 τε
1470 3820 1563 3872 κοιλ¹
1584 3819 1723 3890 ὑπὲρ
1743 3819 1898 3890 ἡμῶν

334 3917 692 3989 τεταγμένης·
717 3915 961 3987 βούλεται
982 3915 1155 3966 εἰπεῖν
1170 3913 1253 3965 ὅτι
1276 3912 1465 3982 μηδενὶ
1485 3913 1707 3965 δυνατὸν
1731 3911 1905 3966 ταῦτα

335 4013 493 4085 ἡμῶν
539 4009 854 4079 ἀφελέσθαι,
884 4006 919 4062 ἀ
963 4004 1248 4079 προλαϐὼν
1294 4007 1425 4076 ἡμῖν
1467 4006 1495 4057 6
1543 4005 1676 4070 Θεὸς
1708 4006 1899 4077 ἐχαρίο

338 4123 502 4161 σατο·
551 4102 674 4156 οῦτε
706 4097 798 4155 οὖν
843 4099 1205 4169 ὲκλεξαμένου
1233 4098 1379 4167 ἡμᾶς
1422 4096 1517 4150 τοῦ
1548 4096 1683 4150 Θεοῦ
1718 4097 1812 4151 ἐπὶ
1836 4100 1901 4170 τῇ

338 4199 448 4253 τῶν
506 4196 807 4267 μελλόντων
852 4192 1149 4246 ἀπολαύσει
1206 4190 1581 4261 ἀνατραπῆναι
1621 4190 1726 4243 ὑπό
1764 4208 1905 4254 τινος

340 4291 438 4361 τὴν
470 4288 699 4359 ἐκλογὴν
728 4285 883 4357 ἡμῶν
910 4284 1161 4337 δυνατόν’
1190 4283 1312 4336 οὕτε
1342 4283 1817 4354 παρέχοντοςὴμῖν
1838 4283 1906 4336 τὰ

337 4379 786 4453 προσδοκώμενα.
841 4378 949 4429 Καὶ
1000 4376 1107 4447 πρό
1142 4392 1204 4443 γε
1254 4374 1470 4427 πάντων
1497 4373 1596 4446 τὴν
1650 4373 1906 4445 ἀληθινὴν

2002 3278 2175 3332 salute
2199 3278 2565 3334 voluntatem?

2079 3460 2237 3516 Vens.
2264 3462 2355 3528 55,
2397 3462 2485 3517 54.
2544 3483 2562 3515 ι
2596 3464 2725 3530 Quis
2764 3469 3043 3521 accusabit
3077 3471 3337 3526 adversus
3368 3473 3572 3530 electos

2006 3549 2138 3605 Dei?
2170 3550 2313 3607 Deus
2340 3554 2430 3622 qui
2452 3554 2737 3624 jusuficat.
2769 3557 2898 3623 Quis
2927 3568 3011 3613 est
3041 3561 3131 3628 qui
3166 3564 3564 3621 condemnet?»

2074 3641 2183 3695 Nos
2218 3642 2405 3713 igitur,
2450 3645 2649 3713 inquit,
2684 3646 2735 3700 in
2766 3647 2854 3714 jus
2888 3659 3102 3713 vocent,
3132 3654 3221 3722 qui
3261 3655 3468 3721 volunt,
3518 3669 3572 3713 et

2006 3744 2283 3789 accusent.
2308 3733 2468 3790 Nullo
2497 3738 2652 3790 modo
2701 3739 2843 3793 enim
2888 3755 3115 3809 possunt
3150 3761 3180 3800 a
3217 3748 3372 3803 nobis
3410 3764 3571 3806 aver-

2006 3835 2117 3880 tere
2144 3829 2422 3882 decretum
2455 3832 2598 3899 quod
2634 3829 2774 3885 Dens
2798 3848 2892 3901 pro
2924 3836 3079 3889 nobis
3107 3852 3171 3891 ac
3196 3838 3262 3893 de
3298 3840 3452 3895 nobis
3483 3859 3571 3897 se-

2004 3919 2109 3972 mel
2146 3919 2299 3986 tulit;
2338 3920 2388 3974 id
2423 3930 2506 3974 est
2546 3938 2702 3976 nemo
2729 3934 2907 3993 potest
2940 3941 2967 3979 a
3003 3927 3159 3981 nobis
3204 3930 3422 3985 auferre
3450 3948 3570 4002 quae

2006 4011 2146 4068 Deus
2178 4013 2333 4067 nobis
2363 4014 2543 4085 largiri
2576 4015 2851 4081 decrevit;
2901 4034 3075 4088 neque
3106 4036 3227 4074 cum
3272 4039 3370 4078 nos
3404 4028 3569 4083 semel

2004 4102 2165 4173 elegit
2200 4105 2266 4160 ad
2294 4104 2598 4160 futurorum
2638 4113 2902 4163 bonorum
2934 4109 3247 4169 fruitionem
3281 4117 3566 4186 quisquam

2002 4208 2182 4267 potest
2195 4198 2334 4253 hanc
2351 4209 2590 4255 nostram
2608 4213 2819 4258 mutare
2834 4204 3170 4261 electionem.
3193 4207 3258 4263 Et
3280 4225 3399 4263 cum
3417 4212 3571 4268 nobis

2004 4289 2141 4344 bona
2172 4290 2380 4345 dederit
2409 4306 2528 4362 qua:
2561 4302 2887 4361 spectamus,
2913 4305 2968 4349 et
3010 4297 3276 4367 imprimis
3299 4300 3569 4370 justitiam

2008 4382 2147 4437 hanc
2187 4399 2374 4438 veram
2410 4385 2461 4438 in
2498 4399 2603 4454 qua
2652 4387 3067 4451 CODSlllllellltll‘,
3106 4398 3160 4441 et
3205 4404 3364 4457 quam
3410 4395 3569 4447 amit-

337 4473 554 4543 ἐκείνην
585 4471 864 4523 δικαίωσιν
890 4470 946 4521 ὲν
1023 4465 1496 4536 καταστησόμεθα,
1520 4465 1784 4535 ἁμαρτεῖν
1808 4466 1908 4518 οὐκ

2008 4484 2121 4529 tere
2152 4490 2260 4529 non
2303 4477 2623 4544 poterimus,
2660 4492 2784 4530 num
2816 4479 3100 4547 quisquam
3142 4490 3265 4532 tunc
3291 4484 3485 4550 poterit
3512 4484 3565 4538 in

338 4562 735 4633 ἐπιδεχόμενοι,
785 4559 907 4612 τότε
939 4558 1092 4612 ἔσται
1117 4575 1203 4621 τις
1236 4559 1263 4610 6
1300 4555 1602 4627 μεταϐολὴν
1643 4556 1750 4609 τῶν
1781 4556 1902 4609 καθ’

2007 4568 2316 4622 conditione
2348 4577 2530 4622 nostra
2580 4569 2933 4622 mutationem
2980 4570 3218 4625 afferre?
3250 4571 3433 4641 Itaque
3461 4590 3566 4629 non

338 4655 486 4727 ἡμᾶς
516 4653 738 4721 ποιῆσαι
765 4649 1098 4718 δυνάμενος;
1132 4647 1295 4699 Ὥστε
1320 4648 1381 4700 οὐ
1410 4647 1651 4719 προσῆκε
1675 4645 1901 4700 δεδιέναι

339 4748 466 4811 τοὺς
486 4744 781 4806 διώκοντας
798 4757 812 4773 '
847 4739 1140 4810 ἀφελέσθαι
1169 4740 1275 4809 γὰρ
1292 4739 1358 4792 τά
1379 4738 1560 4807 ἀγαθὰ
1595 4738 1726 4809 παρ’
1746 4739 1902 4809 ἡμῶν

341 4838 590 4892 δύνανται
601 4832 871 4906 οὐδαμῶς,
885 4833 1027 4903 άπερ
1047 4831 1140 4884 ἐπὶ
1155 4830 1248 4883 τοῦ
1266 4830 1547 4901 μέλλοντος
1561 4830 1689 4900 ἡμῖν
1705 4829 1902 4894 αἰῶνος

343 4928 705 5000 προσέσεσθαι
734 4925 1047 4998 ἐλπίζομεν.
1080 4924 1173 4978 Διὸ
1203 4922 1350 4988 εἷπε,
1376 4924 1491 4992 τὴν
1514 4921 1775 4992 ἐκλογὴν
1801 4924 1897 4976 καὶ

344 5019 461 5088 τὴν
495 5018 822 5086 δικαίωσιν,
855 5019 943 5073 διὰ
977 5018 1076 5089 μὲν
1098 5016 1195 5088 τῆς
1227 5016 1459 5086 ἐκλογῆς
1487 5014 1547 5068 τὸ
1580 5015 1716 5085 πρὸς
1742 5014 1900 5067 τοῦτο

290 5112 313 5133 ⁵
343 5112 593 5169 ἐντεῦθεν
629 5112 729 5184 ῆδη
779 5112 1118 5184 ἀφωρίσθαι’
1152 5110 1436 5183 σημαίνων
1464 5108 1522 5162 δὲ
1567 5107 1654 5161 διὰ
1682 5107 1782 5177 τῆς
1821 5106 1902 5160 δι-

344 5205 627 5268 καιώσεως
667 5204 729 5257 τὸ
782 5198 921 5257 εἶναι
950 5203 1129 5257 αὐτῶν
1171 5204 1228 5258 ὲν
1270 5199 1589 5268 ἀπολαύσει,
1628 5200 1689 5253 τό
1725 5216 1785 5253 τε
1823 5198 1903 5253 δι-

416 5381 674 5451 ²³Εριιεε.
704 5396 756 5449 ν,
783 5380 837 5435 2.

2007 4663 2163 4713 decet
2205 4660 2493 4713 formidare
2535 4673 2629 4712 eos
2674 4658 2764 4728 qui
2820 4674 2917 4714 nos
2970 4672 3393 4731 persequuntur,
3439 4665 3568 4734 quia

2004 4752 2335 4822 impossibile
2367 4761 2449 4806 est
2495 4750 2601 4805 illis
2647 4767 2676 4805 a
2718 4754 2874 4807 nobis
2923 4754 3138 4808 auferre
3182 4756 3317 4809 bona
3351 4771 3469 4822 qua:
3516 4759 3567 4811 in

2004 4853 2233 4899 venturo
2271 4844 2467 4899 saeculo
2501 4844 2657 4898 nobis
2683 4843 2913 4898 aifutura
2947 4861 3253 4914 speramus.
3280 4845 3403 4902 Ideo
3430 4850 3569 4905 dixit

2006 4939 2303 4992 electionem
2330 4945 2380 4991 et
2400 4936 2835 5006 justiﬁcationem
2858 4954 2877 5001 ;
2905 4941 3197 4995 ostendens
3229 4955 3327 4996 uos
3350 4942 3564 5010 quidem

2000 5033 2110 5102 jam
2141 5032 2209 5086 ab
2227 5033 2326 5086 hac
2347 5032 2453 5085 vita
2476 5046 2569 5100 per
2590 5032 2906 5087 electionem
2927 5033 2994 5087 ad
3018 5033 3101 5086 illa
3124 5034 3261 5088 bona
3286 5037 3567 5104 praedesti-

2010 5126 2147 5190 nari,
2176 5125 2267 5179 sed
2296 5124 2347 5178 in
2378 5124 2588 5178 illorum
2622 5124 2873 5179 fruitione
2904 5128 3159 5179 constitui
3184 5128 3563 5197 perjustifica-

2011 5219 2230 5274 tionem.
2260 5216 2707 5274 Justiﬁcationem
2736 5225 2894 5297 vocat
2918 5218 3404 5288 impossibilitatem
3435 5237 3563 5291 pec-

415 5552 464 5583 ”
496 5549 625 5619 Leg.
656 5548 923 5617 γίνεσθαι.
999 5546 1040 5619 ξ¹
1070 5544 1232 5619 ἀλλὰ
1251 5545 1461 5619 μὴν-ὴ·
1484 5541 1754 5619 ἀγαθός]
1777 5541 1838 5598 C.
1864 5542 1935 5619 Μ.
1969 5543 2079 5619 Καὶ
2107 5541 2268 5619 τοῦτο
2292 5543 2425 5619 ᾑμῖν
2470 5559 2572 5596 που
2612 5543 2855 5619 *πάντως*
2894 5543 3330 5619 ἀνωμολόγηται,
3376 5544 3559 5619 φησὶν,

347 5625 430 5677 ὃτι
455 5613 642 5684 ὁ’Θε“ὸς
670 5613 775 5672 οὐκ
792 5616 1180 5687 ἐγκαταλείπει
1210 5613 1340 5669 ποτὲ
1371 5618 1495 5678 τοὺς
1512 5613 1839 5687 ἀγαπῶντας
1870 5614 2063 5667 αὐτόν·
2115 5613 2250 5687 ἀλλά
2289 5613 2504 5687 ἅπαντα
2552 5614 2749 5687 ,αὐτοῖς
2799 5616 2871 5687 τὰ
2920 5614 3047 5685 περὶ
3090 5613 3561 5687 αὐτοὺς-συμϐαδ-

351 5709 528 5755 νοντα,
554 5683 799 5755 γίνεσθαι
830 5683 1237 5755 παρασκευάζει
1270 5688 1349 5750 είς
1392 5683 1612 5753 ἀγαθόν.
1688 5686 1732 5717 ⁹⁹
1754 5684 1883 5738 Cod.
1913 5683 2188 5755 προσκεκλ

573 5753 622 5795 ⁵⁵
650 5761 713 5817 C.
743 5760 814 5814 M.
845 5753 995 5813 οὐδὲν
1038 5758 1289 5811 ἐντεῦθεν
1337 5756 1429 5809 τὸν
1463 5756 1588 5809 Υἱὸν
1621 5753 1968 5826 ἐζημίωσεν(
2036 5756 2081 5786 ’⁸
2109 5753 2171 5809 (ἶ.

351 5763 469 5816 καί.

2277 5685 2414 5748 ένος.
2455 5686 2501 5718 ⁸³
2526 5685 2585 5739 C.
2626 5682 2694 5735 M.
2747 5685 2868 5741 add.
2902 5682 3029 5739 τῶν.
3107 5686 3153 5717 ⁸⁸
3181 5684 3239 5738 C.
3271 5682 3341 5738 Μ.
3378 5687 3427 5737 εί
3452 5684 3562 5754 γὰρ

2277 5702 2414 5748 ενος.
2456 5702 2501 5718 ’·’
2526 5702 2585 5739 ιλ.
2626 5702 2694 5735 tu.
2747 5702 2868 5741 anu.
2902 5702 3029 5739 των.
3108 5702 3153 5717 τ’
3181 5702 3239 5738 I...
3271 5702 3341 5738 tu.
3378 5702 3427 5737 ει
3452 5702 3553 5754 γαρ

2234 5702 2278 5808 il.
2309 5756 2429 5810 add.
2457 5756 2536 5809 δέ.
2611 5756 2653 5787 ⁸⁷
2690 5755 2751 5808 C.
2784 5754 2850 5809 M.
2883 5756 2979 5810 τοῦ
3009 5756 3240 5826 Πατρός.
3315 5754 3361 5787 ’⁸
3395 5755 3455 5810 C.
3484 5755 3553 5809 Μ.

351 5832 449 5912 τοῦ
475 5832 705 5904 Πατρός.
782 5833 826 5865 ¹⁹⁹
860 5831 991 5886 Cod.
1025 5827 1457 5899 παραδέδωσθαι.
1537 5826 1639 5883 Ὀ.
1683 5825 1753 5880 Μ.
1797 5825 1959 5879 αὑτὸν
2006 5826 2340 5897 παρέδωκεν.
2429 5828 2450 5860 ⁸
2479 5826 2630 5885 (λιι.
2672 5827 2868 5897 Πατρί.
2966 5827 2987 5859 ³
3017 5827 3078 5882 C.
3115 5825 3183 5879 M.
3239 5826 3556 5897 ἀνθρώπων.

3574 888 3586 963 ὲ
