4164 6534
333 378 470 445 1705

1344 367 1807 433 FRAGMENTA
1847 364 1932 425 IN
1971 364 2210 426 EPIST.
2251 370 2352 428 AD
2389 369 2574 433 ROM.

3445 370 3580 436 1706

326 495 507 564 χάριν·
530 489 625 544 καὶ
647 486 835 559 ἐπειδὴ
852 487 952 558 τῆς
975 487 1184 551 οἰκείας
1204 486 1431 557 γνώμης
1448 483 1629 549 ἐξεῖπε
1652 481 1752 552 τὴν
1776 479 1909 548 πρό-

2022 479 2359 546 accepimus?
2405 481 2471 534 Et
2512 490 2570 535 ut
2617 481 2847 551 propria!
2887 480 3205 536 Intentionis
3246 486 3580 552 propositum

325 585 497 645 θεσιν,
526 583 614 636 ἵνα
644 581 720 653 μὴ
745 581 876 653 δόξῃ
909 579 1031 634 κατ’
1056 578 1377 644 ἀλαζονείας
1408 574 1659 644 ἕψεσθαι,
1686 574 1895 642 τάχεως

324 675 573 746 ἐπήγαγε
599 673 659 727 τὸ
691 672 837 743 ἑξῆς.

402 784 422 818 r
470 765 608 820 Ἀλλ’
648 766 708 818 ὲν
758 763 969 826 τούτοις
1006 763 1185 815 ’πᾶσιν
1232 757 1618 829 ὑπερνικῶμεν
1665 755 1752 810 διὰ
1802 753 1896 806 τοῦ

322 858 712 928 ἀγαπήσαντος
748 857 916 925 ἡμᾶς.
946 873 968 904 ι

398 952 632 1022 ’Ἑχομεν
661 947 866 1020 μέντοι,
905 943 1061 1014 φησὶ,
1092 942 1153 995 τὸ
1174 941 1381 995 τούτων
1410 942 1553 995 κατὰ
1580 939 1898 1011 περιουσίαν

1997 573 2207 638 aperiat
2248 586 2311 625 ac
2355 574 2609 628 ostendat
2664 588 2725 627 se
2772 587 2878 627 non
2918 587 3017 643 per
3057 572 3374 643 jactantiam
3408 575 3578 647 loqui,

2006 665 2192 717 statim
2227 664 2452 731 adjecit.

2072 752 2241 811 Vens.
2276 757 2366 811 57.
2414 776 2433 808 ι
2467 756 2573 811 Sed
2605 757 2656 810 in
2688 757 2773 812 his
2804 757 3055 813 omnibus
3095 773 3417 827 superamus
3454 778 3583 832 pro-

2001 857 2119 917 pter
2150 864 2271 904 eutn
2302 850 2391 919 qui
2422 850 2610 905 dilexit
2636 866 2755 905 nos.
2787 870 2806 902 ι

2071 940 2368 997 Possumus
2420 954 2625 1007 tamen,
2677 944 2874 1014 inquit,
2926 944 3032 1000 illis
3080 947 3394 1015 superiores
3441 964 3587 1015 esse,

324 1046 571 1117 κρατεῖν,
591 1044 690 1097 ούκ
720 1041 813 1108 ἀφ’
848 1035 1076 1099 ἑαυτῶν.
1110 1033 1247 1089 ἀλλὰ
1276 1032 1366 1087 διὰ
1390 1033 1482 1088 τοῦ
1514 1035 1901 1105 ἀγαπήσαντος

2023 1049 2108 1088 ton
2136 1050 2230 1102 per
2252 1036 2634 1107 nosmetipsos,
2668 1036 2759 1091 sed
2790 1051 2887 1107 per
2916 1052 3039 1093 eum
3069 1039 3160 1108 qui
3188 1039 3378 1095 dilexit
3401 1057 3517 1096 nos.

324 1138 761 1297 ἡμῗῖίὲπειοίιαι
784 1221 893 1292 γὰρ
922 1224 1004 1277 ὃτι
1033 1222 1158 1275 οὔτε
1190 1221 1444 1283 θάνατος,
1473 1218 1600 1272 οὔτε
1636 1217 1772 1286 ζωή.
1808 1234 1827 1267 ι

396 1408 638 1461 Θάνατον
677 1402 774 1473 μὲν
802 1401 897 1455 οὖν
929 1400 1112 1454 πάντα
1153 1399 1305 1468 λέγει
1329 1399 1398 1452 τὰ
1420 1398 1637 1469 χαλεπά
1661 1414 1675 1429 ·
1713 1397 1904 1467 ἐπειδὴ

326 1500 433 1554 τῶν
484 1497 744 1550 τοιούτων
790 1495 1010 1549 πάντων
1066 1492 1220 1555 τέλος
1270 1493 1299 1545 ὁ
1354 1491 1584 1555 θάνατος
1610 1506 1625 1521 ⁸
1673 1489 1819 1562 ζωὴν
1847 1489 1905 1542 δὲ

327 1594 504 1647 πάντα
526 1590 595 1643 τὰ
614 1587 869 1660 τρυφηλά
887 1604 948 1639 τε
974 1587 1069 1639 καὶ
1100 1585 1282 1654 ἀγαθά
1314 1600 1329 1617 ο
1361 1584 1552 1656 ἐπειδὴ
1585 1583 1695 1638 τῶν
1725 1582 1903 1637 τοιού-

326 1702 435 1739 των
469 1682 689 1737 πάντων
719 1681 875 1744 τέλος
926 1679 1087 1734 πάλιν
1133 1678 1283 1731 ἐστὶν
1335 1678 1370 1749 η
1409 1677 1548 1748 ζωή.
1616 1677 1906 1746 Ἀγγέλους

328 1778 500 1833 δὲκαὶ
529 1774 706 1846 ἀρχὰς
747 1774 843 1827 καὶ
872 1771 1155 1842 δυνάμεις,
1190 1771 1290 1835 τὰς
1321 1771 1591 1841 άοράτους
1630 1769 1817 1832 οὐσίας
1850 1768 1907 1823 αϊ

329 1873 444 1933 τοῖς
467 1868 744 1938 διαφόροις
772 1864 983 1928 τούτοις
1013 1863 1243 1935 ὀνόμασι
1276 1862 1628 1933 καταλλήλως
1671 1856 1761 1926 αἷς
1812 1862 1914 1915 ὑπ-

336 1962 663 2034 ηρετοῦνται
691 1959 906 2031 χρείαις
953 1956 1499 2029 προσαγορεύονται·
1530 1954 1771 2025 ἄγγελοι
1812 1954 1912 2025 μὲν

332 2055 485 2128 παρὰ
507 2054 567 2107 τὸ
632 2049 977 2119 ἐξαγγέλλειν
1027 2052 1141 2112 τοῖς
1187 2046 1498 2120 ἀνθρώποις
1532 2046 1603 2100 τὰ
1650 2048 1715 2100 ὲκ
1752 2046 1909 2099 Θεοῦο

331 2147 510 2216 ἀρχαὶ
535 2146 615 2207 δὲ,
644 2142 796 2214 παρὰ
819 2141 880 2194 τὸ
907 2142 1120 2212 ἄρχειν,
1162 2140 1194 2210 ἢ
1226 2140 1461 2205 πόλεων,
1490 2139 1523 2209 ἢ
1558 2138 1731 2193 ἐθνῶν
1773 2138 1913 2202 ὅλως

333 2236 415 2302 οἷς
439 2238 699 2308 ἐφεστᾶσι
732 2250 746 2263 ⁸
783 2233 1071 2303 δυνάμεις
1102 2232 1178 2294 δὲ,
1219 2231 1373 2302 παρὰ
1410 2232 1471 2284 τὸ
1504 2230 1735 2294 δυνατὰς
1759 2230 1915 2300 δεδη-

339 2327 715 2400 μιουργεϊσθαι
775 2325 918 2396 πρὸς
976 2322 1284 2394 ὑπηρεσίαν
1340 2321 1499 2376 Θεοῦ.
1572 2320 1910 2390 Εὐλογεῒτε.

333 2424 468 2493 γὰρ,
497 2420 652 2490 φησι.
689 2420 795 2473 τὸν
818 2418 1058 2485 Κύριον,
1097 2416 1321 2481 πάντες
1344 2418 1398 2468 οἱ
1432 2414 1672 2484 (irruat
1702 2413 1911 2477 αὑτοῦ,

334 2514 578 2568 δυνατοὶ
609 2513 801 2581 ῖσχυϊ,
834 2509 1151 2575 ποιοῦντες
1177 2508 1285 2562 τὸν
1315 2508 1503 2577 λόγον
1529 2506 1738 2562 αὐτοῦ.
1796 2507 1915 2559 Ἐν·-

337 2604 549 2659 εστῶτα
600 2602 679 2667 δὲ,
732 2601 1029 2670 σύμπαντα
1066 2599 1483 2671 περιληπτικῶς
1518 2600 1586 2653 τὰ
1619 2598 1866 2669 παρόντα
1896 2612 1912 2627 ⁸

341 2698 606 2767 μέλλοντα
661 2695 737 2758 δὲ,
789 2694 995 2764 ὁμοίως
1048 2693 1231 2746 πάντα
1282 2693 1376 2746 τὸν
1434 2693 1863 2764 προσδοκώμενα
1898 2707 1911 2719 ·

340 2788 545 2859 ὕψωμά
573 2806 631 2841 τε
653 2789 748 2841 καὶ
782 2787 966 2856 βάθος,
998 2785 1373 2856 ύπερουράνιά
1398 2802 1458 2838 τε
1479 2785 1572 2838 καὶ
1597 2784 1911 2855 ύποχθόνια.

339 2881 653 2952 προσέθηκε
712 2880 769 2933 δὲ
814 2882 909 2933 καὶ
960 2878 1135 2943 τοῦτο,
1195 2878 1334 2932 οὔτε
1360 2894 1453 2944 τις
1491 2878 1688 2942 κτίσις
1720 2876 1912 2944 ἑτέρα,

336 2973 558 3035 δεικνὺς
592 2973 691 3042 τῆς
724 2973 856 3043 περὶ
880 2970 1015 3025 Θεὸν
1045 2970 1271 3041 ἀγάπης
1315 2969 1483 3024 αὐτοῦ
1536 2969 1636 3040 τὴν
1683 2969 1916 3039 ὑπερϐο-

336 3065 435 3135 λήν
472 3083 486 3096 ο
522 3066 617 3119 καὶ
647 3065 729 3117 ὅτι
758 3065 970 3133 ταύτης
1001 3065 1162 3134 χάριν
1208 3063 1426 3133 ἕτοιμός
1477 3066 1625 3116 ἐστιν
1685 3066 1796 3125 τοῖς
1853 3079 1914 3115 τε

336 3154 457 3210 οὖσι
485 3157 581 3208 καὶ
611 3158 727 3217 τοῖς
754 3156 858 3207 οὐκ
888 3152 1008 3206 οὖσι
1038 3153 1425 3223 διαμάχεσθαι.
1464 3151 1563 3204 Διὰ
1605 3153 1789 3222 μέντοι
1818 3150 1913 3203 τοῦ

339 3248 477 3302 οὔτε
516 3247 846 3316 μέλλοντα,
905 3245 1067 3312 δῆλον
1094 3245 1397 3313 πεποίηκεν
1424 3243 1691 3312 ἀκριϐῶς,
1735 3243 1819 3295 ὅτι
1852 3244 1911 3294 οὑ

341 3339 431 3392 διὰ
456 3339 511 3391 τὶ
538 3338 682 3407 φιλεῖ
719 3339 811 3389 τὸν
845 3336 1001 3400 Θεὸν,
1049 3335 1171 3388 οὐδὲ
1213 3334 1460 3404 ἀμοιϐῶν
1507 3334 1683 3387 ἐλπίδι
1728 3333 1914 3398 τινῶν,

342 3432 456 3484 ἀλλ’
486 3430 622 3483 αὐτὸ
646 3430 808 3483 τοῦτο
836 3428 1082 3501 στέργων
1133 3427 1194 3479 τὸ
1251 3428 1429 3497 φιλεῖν
1480 3428 1572 3481 τὸν
1621 3428 1777 3517 θεὸν,
1821 3427 1918 3517 καὶ

343 3522 469 3576 καθ’
507 3522 642 3575 αὐτὸ
689 3520 891 3592 κρίνων
939 3518 1070 3574 αὐτὸ
1108 3519 1593 3591 περισπούδαστον.
1630 3515 1794 3573 Οὐδὲν
1825 3515 1918 3573 οὖν

345 3615 455 3667 τῶν
494 3612 1105 3687 προαπηριθμημένων,
1156 3613 1342 3682 φησιν,
1373 3613 1673 3683 ἀποστήσει
1704 3615 1804 3685 τῆς
1838 3615 1919 3677 είς

344 3708 478 3762 Θεὸν
500 3707 723 3777 ἀγάπης
754 3706 924 3776 ἡμᾶς,
964 3704 1129 3757 ἕνεκα
1163 3704 1268 3773 τῆς
1324 3705 1533 3774 ἁφάτου
1591 3704 1719 3776 περὶ
1765 3703 1921 3774 ἡμᾶς

345 3799 513 3853 αὐτοῦ
548 3797 809 3868 σχέσεως,
859 3798 926 3867 ἢν
972 3795 1061 3850 διὰ
1114 3795 1207 3849 τοῦ
1265 3796 1472 3869 Κυρίου
1518 3794 1675 3867 ἡμῶν
1742 3793 1917 3867 Ἰησοῦ

345 3888 585 3963 Χριστοῦ
616 3889 980 3959 ποιησάμενος
1008 3887 1331 3952 ἐνεδείξατο.

990 4003 1150 4059 ΚΕΦ.
1177 4003 1254 4057 ϐ’.

423 4119 444 4153 ι
492 4098 777 4171 Ἀλήθειαν
796 4097 943 4168 λέγω
977 4098 1035 4150 ὲν
1060 4096 1303 4168 Χριστῷ,
1332 4096 1395 4149 ού
1424 4095 1696 4168 ψεύδομαι
1730 4113 1745 4128 ο
1775 4114 1916 4168 συμ-

352 4189 737 4263 μαρτυρούσης
761 4204 850 4258 μοι
881 4187 983 4257 τῆς
1010 4186 1365 4257 συνειδήσεώς
1395 4205 1518 4257 μου.
1558 4206 1577 4237 ι

421 4374 672 4438 Τονώσας
696 4372 838 4427 οὕτω
869 4373 958 4427 διὰ
994 4373 1213 4427 πάντων
1243 4371 1441 4434 αὐτοὺς
1470 4373 1549 4435 εἰς
1598 4372 1658 4424 τὸ
1696 4373 1919 4427 πιστεύ-

351 4486 511 4533 οντας
557 4468 636 4538 τῷ
677 4466 995 4538 Εὑαγγελίῳ
1037 4465 1289 4536 βεϐαίως,
1329 4466 1533 4527 πάντας
1560 4465 1767 4530 ἀόκνως
1793 4468 1919 4529 τοὺς

2076 1210 2243 1268 Vens.
2290 1214 2380 1269 58.
2428 1233 2448 1267 ι
2479 1214 2673 1271 Certus
2701 1231 2819 1271 sum
2853 1217 3021 1283 enim,
3049 1220 3175 1289 quia
3211 1234 3388 1292 neque
3420 1239 3589 1291 mors,

2008 1318 2188 1372 neque
2215 1306 2347 1360 vita.
2380 1326 2399 1359 ι

2074 1395 2300 1452 Mortem
2335 1399 2552 1467 quidem
2586 1402 2719 1457 dicit
2746 1404 2927 1457 omnia
2966 1405 3140 1471 mala;
3176 1405 3445 1476 siquidem
3478 1425 3594 1462 nm-

2006 1491 2159 1543 niutn
2208 1491 2475 1546 malorum
2523 1508 2758 1559 summa,
2811 1511 2994 1565 mors;
3037 1496 3204 1551 vitam
3233 1514 3363 1555 vero
3406 1504 3591 1557 omnia

2006 1581 2147 1636 bona
2196 1594 2252 1637 et
2303 1584 2629 1653 voluptates,
2683 1588 2809 1656 quia
2861 1589 3051 1645 talium
3091 1593 3335 1647 omnium
3380 1609 3592 1649 summa

2009 1687 2093 1731 est
2127 1677 2255 1730 vita.
2287 1677 2525 1750 Angelos
2557 1695 2684 1735 vero
2709 1692 2766 1737 et
2792 1684 3128 1754 principatus
3158 1697 3213 1742 et
3240 1690 3472 1751 virtutes
3501 1706 3595 1744 vo-

2017 1778 2123 1833 cat,
2176 1769 2478 1826 invisibiles
2525 1784 2750 1829 naturas
2797 1793 2915 1846 qua:
2959 1778 3192 1836 diversis
3246 1782 3314 1836 ab
3362 1783 3593 1839 invicem

2021 1862 2331 1918 nominibus
2368 1863 2625 1920 dicuntur
2662 1868 2819 1937 juxta
2865 1870 3015 1924 varia
3047 1873 3244 1942 quibus
3294 1874 3596 1930 inserviunt

2021 1952 2363 2008 ministeria:
2392 1957 2567 2026 angeli
2622 1962 2690 2013 ab
2739 1961 3116 2019 annuntiando
3141 1964 3321 2019 divina
3359 1966 3595 2021 homini-

2020 2043 2162 2111 bus;
2191 2045 2519 2114 principatus
2552 2065 2580 2101 a
2612 2054 2846 2119 regendo
2890 2054 3004 2109 sive
3038 2056 3222 2125 urbes,
3256 2058 3371 2113 sive
3420 2060 3597 2112 natio-

2022 2150 2120 2191 nes
2152 2150 2315 2205 super
2339 2153 2475 2206 quas
2504 2144 2947 2213 constituuntur;
2977 2148 3214 2214 virtutes,
3240 2151 3366 2219 quia
3401 2164 3594 2218 puten-

2023 2234 2107 2281 tes
2146 2238 2274 2282 sunt
2314 2230 2382 2282 ad
2428 2235 2832 2301 exsequendum
2870 2237 2962 2291 Dei
3002 2240 3332 2294 mandatum.
3372 2240 3598 2296 Benedi—

2021 2317 2139 2384 eile,
2175 2319 2319 2374 enim
2347 2322 2543 2393 inquit,
2576 2322 2887 2391 Dominum,
2929 2345 3106 2382 omnes
3142 2331 3313 2399 angeli
3341 2331 3475 2399 ejus,
3505 2350 3598 2400 p0-

2024 2416 2191 2463 tentcs
2242 2412 2458 2480 uirtute,
2508 2415 2763 2483 facientes
2809 2419 3020 2471 verbum
3073 2420 3186 2484 eius
3210 2421 3277 2474 “.
3333 2421 3594 2477 Instantia

2022 2502 2387 2572 conglobatim'
2407 2509 2586 2563 omnia
2616 2509 2749 2566 dicit
2776 2512 3096 2580 praesentia;
3129 2512 3305 2568 l‘utura
3326 2516 3594 2585 similiter,

2023 2595 2203 2650 omnia
2250 2611 2602 2670 exspeCtata;
2642 2602 2982 2660 altitudinem
3019 2614 3074 2660 et
3106 2593 3455 2675 profundum,
3493 2624 3596 2664 cm.

2024 2689 2179 2745 lestia
2205 2692 2418 2749 scilicet
2447 2704 2611 2764 atque
2648 2699 2957 2753 terrestria.
2987 2699 3201 2768 Adjecit
3223 2688 3407 2770 etiam,
3434 2718 3599 2774 neque

2022 2782 2134 2837 alia
2178 2796 2448 2854 creatura,
2485 2789 2688 2844 amoris
2724 2790 2807 2846 sui
2845 2791 2897 2846 in
2940 2791 3111 2847 Deum
3147 2793 3462 2864 signiﬁcans
3500 2812 3596 2850 ex-

2023 2887 2257 2941 cessum,
2300 2890 2362 2932 ac
2389 2892 2448 2932 se
2474 2893 2573 2948 pro
2605 2878 2697 2934 illo
2725 2897 2912 2939 amore
2936 2879 3000 2937 a'd
3028 2886 3373 2955 pugnandum
3408 2900 3596 2943 contra

2020 2978 2082 3018 ea
2108 2982 2228 3034 qua:
2257 2977 2383 3021 sunt
2426 2980 2481 3022 et
2511 2982 2572 3024 ea
2609 2985 2730 3039 qua:
2760 2987 2866 3028 non
2894 2986 3022 3027 sunt
3051 2988 3174 3029 esse
3204 2986 3472 3039 paratum.
3505 2978 3598 3032 At-

2025 3066 2204 3114 tamen
2238 3075 2334 3128 per
2361 3062 2473 3116 haec
2499 3065 2660 3118 verba
2691 3081 2853 3135 neque
2871 3065 3079 3135 futura,
3108 3070 3389 3124 evidenter
3411 3080 3595 3124 osten-

2024 3153 2102 3205 dit
2140 3168 2197 3206 se
2245 3168 2352 3207 non
2386 3166 2607 3224 propter
2645 3157 2871 3226 aliquid,
2916 3175 3092 3229 neque
3134 3164 3596 3219 remunerationis

2020 3256 2118 3309 spe
2170 3241 2340 3296 Deum
2398 3245 2658 3316 diligere;
2715 3249 2809 3303 sed
2858 3249 2987 3304 illud
3040 3251 3213 3320 ipsum
3264 3254 3593 3324 desiderare,

2021 3334 2186 3388 Deum
2218 3336 2427 3391 scilicet
2454 3353 2658 3405 amare,
2707 3340 2850 3408 quod
2886 3351 2939 3395 et
2986 3342 3132 3397 omni
3162 3346 3340 3399 studio
3373 3347 3601 3417 dignum-

2012 3426 2237 3495 iudicat.
2272 3426 2412 3483 Nihil
2453 3430 2638 3500 igitur,
2670 3431 2867 3503 inquit,
2900 3433 3093 3491 horum
3118 3451 3237 3505 quae
3268 3453 3429 3508 supra
3460 3454 3595 3493 enn-

2018 3519 2346 3574 meravimus
2403 3536 2506 3575 nos
2556 3524 2832 3591 separabit
2859 3539 2890 3578 a
2930 3525 3200 3582 cliaritate
3232 3528 3324 3583 Dei
3376 3541 3596 3598 propter

2018 3608 2346 3666 ineﬂ'abilem
2412 3611 2529 3681 ejus
2595 3628 2723 3686 erga
2783 3631 2881 3672 nos
2941 3618 3372 3675 benevolentiam
3431 3639 3592 3692 quant

2019 3702 2257 3758 ostendit
2288 3718 2386 3775 per
2410 3703 2697 3761 Dominum
2726 3718 2971 3765 nostrum
2999 3710 3182 3766 Jesum
3213 3710 3512 3770 Christum.

2715 4011 2821 4069 AP.
2862 4012 2958 4070 IX.

2715 4012 2821 4069 AP.
2862 4012 2958 4070 IX.

2094 4098 2263 4157 Vens.
2304 4102 2356 4155 1.
2404 4118 2423 4153 ι
2454 4012 2753 4159 νειιὶιοιξιη
2782 4105 2904 4162 dico
2938 4107 2992 4162 in
3027 4108 3267 4176 Christo,
3297 4124 3401 4164 non
3437 4124 3592 4164 men-

2022 4194 2166 4261 tior;
2240 4193 2608 4251 testimonium
2683 4196 2818 4252 mihi
2872 4199 3193 4268 perbibente
3258 4201 3594 4257 conscientia

2020 4300 2161 4341 1118³.
2201 4303 2220 4336 Ι

2095 4373 2387 4443 Postquam
2421 4375 2492 4428 ita
2532 4376 2844 4432 omnimodo
2867 4392 2961 4433 eos
2984 4378 3075 4448 qui
3113 4378 3340 4436 ﬁrmiter
3367 4382 3597 4437 credunt

2023 4466 2316 4537 Evangelio
2369 4466 2424 4520 in
2469 4466 2571 4523 hoc
2624 4469 2989 4535 conﬁrmavit,
3044 4480 3318 4527 utomnes
3361 4487 3459 4540 pro
3504 4474 3597 4530 illo

353 4561 493 4631 ὑπὲρ
551 4558 741 4612 τούτου
798 4558 1143 4628 πειρασμοὺς
1197 4555 1610 4627 καταδέχεσθαι,
1677 4558 1916 4629 βούλεται

2033 4559 2339 4613 subeundas
2382 4558 2639 4615 alacriter
2663 4562 2967 4617 sustineant
3011 4564 3367 4632 tentationes,
3394 4564 3461 4620 ad
3499 4569 3596 4621 nb-

353 4655 492 4725 πρὸς
546 4653 795 4705 ἔνστασιν
850 4650 1368 4720 ἀνθυποφερομένην
1421 4649 1573 4721 αύτῷ
1628 4651 1723 4705 καὶ
1780 4652 1926 4722 μάλα

353 4747 609 4816 νεανικὴν
638 4744 1052 4816 ἀποκρίνεσθαι.
1091 4744 1310 4815 Ἐπειδὴ
1339 4742 1446 4815 γὰρ
1476 4745 1533 4797 ὲν
1577 4748 1693 4808 τοῖς
1727 4746 1927 4816 προλα-

358 4838 513 4891 ϐοὖσι
535 4839 625 4891 τὸν
654 4839 818 4908 νόμον
845 4836 1111 4901 ἐκϐαλὼν,
1141 4838 1241 4907 τὴν
1262 4838 1423 4909 χάριν
1452 4839 1810 4911 πολυτρόπως
1836 4844 1927 4895 καὶ

364 4928 602 4999 μάλιστά
634 4945 697 4997 γε
726 4928 820 4981 ἀπ’
852 4928 1018 4981 αὑτοῦ
1063 4928 1158 4982 τοῦ
1214 4930 1379 5000 νόμου
1434 4930 1732 5001 συνέστησε
1760 4948 1775 4961 ·
1835 4937 1930 4986 καὶ

359 5020 575 5092 άληθῶς
605 5021 751 5083 υἱοὺς
779 5021 914 5075 Θεοῦ
950 5022 1078 5084 τοὺς
1106 5022 1311 5091 ταύτης
1357 5023 1558 5094 ἔφησεν
1603 5021 1762 5090 εἶναι,
1825 5027 1921 5091 οὓς

361 5114 456 5167 καὶ
488 5111 653 5165 πάλαι
683 5113 965 5181 προειδότα
989 5113 1313 5184 κεκληκέναι
1339 5114 1436 5167 νῦν
1460 5116 1553 5167 τὸν
1577 5114 1708 5168 Θεόν
1734 5131 1748 5145 ·
1780 5116 1923 5185 ἔγνω

360 5204 453 5257 τὸν
510 5201 757 5256 Ἰουδαῖον
786 5203 944 5263 εὐθὺς
969 5204 1154 5256 τοῦτον
1189 5206 1663 5276 ἀντιστησόμενον,
1699 5209 1792 5261 καὶ
1824 5211 1925 5279 τὴν

364 5293 802 5365 πολυθρύλλητον
829 5294 1010 5358 αὐτοῖς
1055 5297 1271 5367 ἐκείνην
1312 5298 1582 5351 ἀντίθεσιν
1615 5299 1765 5369 αὐτῷ
1796 5318 1926 5369 προ-

364 5385 717 5457 καλούμενον.
757 5386 1035 5454 Ἐφασκον
1059 5387 1168 5458 γάρ
1199 5387 1469 5442 Ἰουδαίων
1497 5391 1546 5442 οἱ
1568 5394 1679 5453 τοῖς
1701 5393 1934 5445 ἀποστό-

362 5479 477 5543 λοις
506 5480 601 5533 καὶ
631 5479 709 5550 τῷ
742 5479 1058 5550 κηρύγματι
1084 5480 1469 5550 πολεμοῦντες,
1495 5482 1640 5535 δυοῖν
1674 5483 1733 5547 ἐξ
1765 5486 1934 5554 ἀνάγ-

366 5586 470 5637 κης
495 5569 764 5640 ὑπάρχειν
784 5571 843 5622 τὸ
873 5568 1060 5639 ἕτερον
1086 5584 1100 5598 ο
1138 5569 1171 5640 ἢ
1202 5570 1394 5639 ψευδὲς
1420 5572 1480 5624 τὸ
1511 5572 1859 5641 Εὐαγγέλιον,
1897 5575 1929 5643 ἥ

367 5659 459 5714 τὸν
484 5659 618 5713 Θεὸν
643 5660 903 5731 ψεύστην.
936 5660 999 5715 Ei
1034 5660 1135 5732 μὲν
1171 5661 1279 5733 γὰρ
1307 5661 1342 5716 ἃ
1373 5664 1692 5734 κηρύττετε,
1744 5666 1930 5737 φησιν,

442 5791 489 5826 ⁸⁸
509 5791 652 5854 Psal,
676 5809 774 5859 cu,
805 5794 895 5850 '20.

612 5895 886 5953 PATBOL.
927 5894 1043 5954 Gn.
1090 5894 1375 5953 LXXXV.

2018 4651 2309 4720 jectionetu
2360 4651 2434 4706 illi
2480 4654 2809 4721 prapositam
2853 4663 2908 4708 et
2953 4656 3171 4724 quidem
3209 4657 3596 4713 validissimam

2029 4746 2142 4799 vult
2177 4737 2525 4815 respondere.
2553 4746 2684 4800 Nam
2714 4761 2835 4801 cum
2860 4749 2912 4801 in
2945 4749 3374 4817 prmcedentibus
3404 4767 3501 4822 cap
3530 4753 3597 4803 ti-

2030 4838 2130 4890 lius
2165 4836 2333 4905 legem
2354 4834 2613 4905 ’ejiciens,
2646 4840 2874 4906 gratiam
2914 4840 3096 4895 multis
3129 4841 3304 4896 modis
3345 4850 3399 4896 et
3425 4842 3598 4912 inpri-

2032 4929 2135 4981 mis
2162 4944 2190 4981 a
2226 4928 2341 4998 lege
2372 4928 2487 4997 ipsa
2532 4931 2923 4995 constabilivit,
2968 4942 3023 4987 et
3055 4932 3172 4988 illos
3204 4934 3341 4988 dixit
3367 4950 3494 4990 vere
3540 4938 3600 4988 li-

2032 5018 2133 5073 lios
2168 5018 2257 5073 Dei
2295 5034 2437 5084 esse,
2488 5021 2577 5089 qui
2621 5021 2762 5074 illam
2805 5023 3088 5089 recipiunt,
3124 5040 3259 5093 quos
3286 5026 3426 5080 Deus
3454 5043 3601 5081 nunc

2031 5112 2243 5164 vocavit
2281 5128 2345 5164 ex
2387 5112 2610 5181 antiquo
2642 5115 3140 5182 prtedestinationis
3179 5117 3422 5185 decreto,
3463 5136 3601 5187 pne-

2036 5204 2166 5255 vidit
2208 5203 2453 5257 .lml:entn
2505 5204 2581 5258 illi
2630 5206 3094 5260 contradictnrum
3139 5219 3193 5262 et
3235 5208 3598 5277 0|)jec1i0netlt

2034 5294 2319 5347 allaturum
2370 5295 2513 5348 illam
2567 5298 2763 5364 saepius
2803 5297 2869 5350 ab
2907 5296 3013 5351 illis
3057 5300 3405 5355 celebratam.
3442 5301 3602 5355 Diue-

2033 5387 2164 5441 bant
2192 5388 2335 5441 enim
2366 5386 2535 5441 Judaei
2570 5390 2659 5456 qui
2710 5391 2981 5458 apostolos
3012 5403 3064 5446 et
3106 5393 3379 5464 Evangelii
3406 5394 3602 5463 praedi.

2036 5480 2305 5533 cationem
2341 5480 2748 5549 impugnabant,
2781 5497 2946 5536 unum
2986 5498 3017 5538 e
3042 5484 3249 5540 duobus
3293 5486 3602 5540 necessario

2033 5573 2303 5626 existere:
2331 5572 2438 5624 Ant
2461 5571 2809 5642 Evangelium
2832 5573 3045 5638 falsum,
3070 5586 3162 5629 aut
3186 5579 3410 5632 mendax
3436 5576 3597 5630 Dens.

2032 5662 2167 5718 Nam
2203 5663 2247 5718 si
2285 5676 2434 5729 vera,
2459 5662 2728 5731 inquiunt,
2762 5679 2881 5735 quae
2909 5667 3237 5734 praedicatis,
3271 5666 3432 5722 fallax
3463 5667 3604 5722 Deus

3205 5897 3277 5957 54
