4164 6518
601 334 738 401 1107
1689 304 2064 395 GENNADII
2101 334 2605 396 PATRIARCH/E
2644 337 2753 397 cp.
3730 340 3871 408 1708

598 446 693 517 qui
724 446 1008 518 promissis
1046 444 1293 515 patribus
1336 442 1537 499 nostris
1577 445 1642 500 de
1675 445 1832 501 nobis
1873 462 2037 517 opere
2072 464 2177 503 non
2210 453 2242 509 Α

2224 453 2253 508 Α
2282 449 2420 501 εἰσὶν
2452 449 2649 520 ἀληθῆ,
2676 450 2878 522 ψευδὴς
2910 453 2939 504 ὁ
2967 453 3122 518 Θεὸς,
3158 453 3257 519 τάς
3289 454 3500 519 οίκείας
3550 456 3689 527 πρὸς
3740 461 3868 525 τοὺς

598 537 772 592 stetit.
810 533 944 589 Nam
992 533 1305 588 Abrahamo
1337 530 1559 599 quidem
1601 535 1853 602 promisit
1892 536 1943 589 iu
1993 552 2175 592 semen

2286 543 2531 613 πατέρας
2559 545 2715 614 ήμῶν
2745 544 2873 614 περὶ
2926 546 3085 617 ήμῶν
3143 548 3471 619 ὑποσχέσεις
3515 552 3632 615 τοῖς
3684 549 3869 622 ἔργοις

592 630 713 701 ejus
761 627 1133 683 transmittere
1176 625 1617 694 benedictiones;
1664 643 1808 683 nunc
1855 640 2037 683 autem
2082 645 2179 698 pro

2285 633 2753 705 ἐξαρνησάμενος.
2791 638 3189 708 Ἐπηγγείλατο
3214 641 3314 712 μὲν
3334 641 3445 714 γάρ
3471 642 3551 714 τῷ
3590 644 3866 718 Ἀϐραὰμ,

595 722 754 777 nobis
796 730 1007 792 gentes,
1036 718 1344 774 immundos
1389 733 1454 774 ac
1485 719 1821 791 alienigenas
1859 722 2082 791 recepit.
2120 721 2174 775 Si

2284 727 2364 790 εἰς
2395 726 2456 778 τὸ
2487 728 2714 797 σπέρμα
2738 728 2799 780 τὸ
2835 730 3003 784 αὐτοῦ
3030 733 3428 805 παραπέμψειν
3460 736 3562 800 τὰς
3592 736 3863 807 εὐλογίας

592 814 764 883 igitur
792 813 1011 868 illarum
1039 811 1464 882 promissionum
1515 815 1696 868 exitus
1735 822 1839 879 est,
1883 824 1942 868 ut
1976 815 2176 881 dicitis,

2285 817 2405 869 νυνὶ
2434 818 2493 871 δὲ
2529 819 2645 872 ἀνθ’
2671 821 2849 890 ήμῶν,
2881 822 3231 893 ἀκαθάρτους
3275 828 3371 881 καὶ⁸
3405 828 3739 899 ἀλλοφύλους
3776 833 3871 888 ἀν-

594 906 914 978 prmdicatio
948 913 1163 970 vestra,
1216 905 1569 961 manifestum
1617 916 1703 960 est
1741 917 1924 976 patres
1964 916 2180 962 nostros

2285 909 2538 981 θρώπους
2590 914 2659 966 τά
2708 912 2836 984 ἔθνη
2884 916 3298 985 προσδέδεκται.
3343 921 3409 973 Εἰ
3464 922 3645 978 τοίνυν
3693 926 3728 996 ὴ
3760 925 3871 979 τῶν

592 1015 622 1053 a
648 998 764 1054 Deo
792 998 944 1068 quasi
984 996 1204 1052 delusos
1237 995 1428 1052 fuisse.
1472 995 1579 1052 Sed
1628 997 1674 1051 si
1718 998 1829 1058 Ιιεκυ
1859 998 1924 1051 de
1953 996 2062 1051 Deo
2100 998 2181 1053 di-

2286 1000 2635 1070 ἐπαγγελιῶν
2662 1004 2888 1057 ἐκείνων
2913 1004 3142 1069 ἐκσασίς
3166 1007 3337 1073 ἐστιν,
3358 1010 3433 1073 ῶς
3462 1029 3624 1082 φατε,
3651 995 3870 1087 τδὺμέ-

593 1106 719 1147 cere
750 1106 855 1145 non
894 1104 1206 1159 possumus,
1237 1102 1367 1159 ergo
1402 1103 1499 1143 vos
1527 1088 1749 1144 fallaces
1794 1100 1849 1143 et
1875 1089 2009 1145 falsa
2042 1105 2179 1160 pra:-

2283 1110 2441 1164 τερον
2463 1094 2746 1164 κήρυγμα,
2784 1096 3050 1167 πρόδηλον
3081 1096 3157 1162 ὡς
3176 1098 3440 1169 ἔψευσται
3468 1106 3596 1170 τοὺς
3626 1109 3872 1179 πατέρας

593 1185 797 1238 dicatio
832 1190 1035 1236 vestra.
1075 1179 1227 1235 Talia
1257 1178 1573 1250 frequenter
1599 1180 1910 1252 objiciendo
1943 1182 2177 1250 Aposto-

2284 1186 2444 1257 ἡμῶν
2471 1187 2500 1240 ὁ
2523 1188 2678 1252 Θεός.
2712 1191 2775 1243 Ei
2795 1190 2853 1243 δὲ
2881 1191 3153 1263 ούχηὸσιον
3173 1194 3304 1263 περὶ
3326 1193 3461 1250 Θεοῦ
3481 1198 3643 1253 τοῦτο
3672 1178 3870 1266 εἰπεῖν,

595 1275 661 1328 lis
728 1273 1103 1328 molestiarum
1164 1288 1272 1326 non
1344 1271 1678 1326 modicarum
1732 1288 1797 1327 ac
1854 1273 2175 1327 tuntultuum

2286 1281 2445 1350 ὑμεῖς
2483 1280 2592 1351 ἄρα
2626 1284 2721 1337 καὶ
2754 1284 2783 1335 ὁ
2824 1284 2955 1355 παρ’
2992 1284 3148 1355 ὑμῶν
3190 1286 3351 1357 λόγος
3387 1289 3613 1363 ψευδής.
3666 1293 3876 1348 Τοῦτον

594 1383 761 1423 causa
815 1377 992 1421 erant.
1048 1364 1416 1420 Persuasoriis
1472 1364 1619 1418 enim
1684 1365 1766 1418 his
1834 1367 2178 1421 sermonibus

2283 1373 2422 1447 πρὸς
2439 1374 2571 1437 τοὺς
2596 1375 2938 1440 ἀποστόλους
2955 1376 3047 1430 τὸν
3074 1376 3231 1447 λόγον
3260 1381 3501 1453 συνεχῶς
3527 1385 3879 1456 παραϐαλλόι

594 1457 922 1527 simplicium
946 1456 1108 1510 corda
1143 1456 1499 1524 decipientes,
1537 1452 1657 1509 illos
1695 1467 1726 1507 a
1759 1453 1933 1508 salutc
1959 1464 2177 1509 averte-

2285 1483 2463 1535 μενοι,
2497 1468 2845 1537 πραγμάτων
2884 1470 2947 1522 ού
2991 1470 3206 1541 μικρῶν
3237 1473 3427 1539 αὐτοῖς
3455 1474 3620 1530 αἴτιοι
3660 1480 3757 1531 καὶ
3784 1478 3879 1533 θο-

597 1554 746 1613 bunt,
784 1561 835 1605 et
876 1548 1250 1605 intolerabiles
1276 1548 1329 1602 in
1359 1546 1636 1618 apostolos
1661 1548 2022 1618 congerebant
2051 1563 2176 1616 per-

2286 1557 2469 1627 ρύϐων
2510 1558 2861 1613 καθίσταντο.
2891 1560 2991 1615 Διά
3019 1562 3129 1633 γάρ
3165 1564 3266 1634 τῆς
3294 1564 3554 1637 τοιαύτης
3590 1569 3879 1622 πιθανολοο

596 1644 921 1698 scrutiones.

2281 1648 2408 1716 γίας
2438 1648 2622 1704 αὐτῶν
2650 1649 3035 1716 ἐξαπατῶντες
3067 1652 3165 1717 τὰς
3208 1654 3435 1725 καρδίας
3481 1656 3591 1711 τῶν
3618 1658 3876 1719 ἀκάκων,

1696 1730 1701 1733 ’
2205 1810 2244 1822 ﬁ
2283 1739 2509 1804 τούτους
2559 1758 2618 1793 τε
2662 1742 2971 1813 ἀφῃροῦντο
3003 1743 3108 1815 τῆς
3149 1747 3447 1818 σωτηρίας,
3479 1750 3573 1803 καὶ
3601 1751 3880 1822 διωγμοὺς

2273 1835 2385 1894 τοῖς
2420 1832 2738 1899 ἀποστόλοις
2766 1837 3080 1908 ἀφορήτους
3105 1839 3429 1910 ἐπήγειρον.

2184 1988 2293 2049 ΙΙΙ.

2201 1810 2245 1864 Β

1191 2133 1575 2211 Fragmenta
1605 2148 1741 2210 qua:
1767 2142 2134 2214 sequuntur,
2171 2134 2541 2215 supplentur
2578 2158 2607 2198 ε
2640 2137 2850 2202 codice
2888 2140 3278 2206 Monacensi.

684 2279 841 2339 Vens.
885 2280 1075 2337 lii-2|.
1127 2299 1145 2331 ι
1183 2278 1463 2335 Voluntati
1506 2277 1653 2333 enim
1703 2278 1821 2346 ejus
1870 2279 1992 2349 quis
2044 2280 2181 2335 resi-

2366 2297 2383 2329 ι
2417 2277 2509 2349 Τῷ
2537 2278 2648 2351 γὰρ
2681 2279 2954 2352 θελήματι
2982 2283 3152 2338 αὐτοῦ
3178 2287 3264 2351 τίς
3284 2288 3585 2362 άνθέστηκε
3608 2312 3624 2361 ;
3662 2298 3882 2355 Μενοῦν

593 2370 732 2424 siit?
772 2372 816 2425 υ
862 2370 1057 2434 homo,
1114 2377 1168 2422 tu
1212 2368 1336 2437 quis
1379 2382 1462 2434 es,
1512 2369 1605 2438 qui
1656 2370 1992 2439 respondeas
2042 2369 2185 2425 Deo?

2290 2364 2453 2464 γε,ᾼῶ
2483 2372 2765 2444 ἄνθρωπε,
2812 2374 2878 2461 σὺ
2917 2376 3003 2440 τίς
3046 2372 3099 2430 si
3146 2378 3177 2432 ὁ
3227 2379 3763 2455 ἀνταποκρινόμενος
3803 2394 3885 2464 τῷ

602 2465 878 2536 Numquid
901 2464 1046 2519 dicet
1078 2462 1395 2532 ﬁgmentum
1423 2462 1472 2517 ei
1490 2462 1581 2533 qui
1610 2475 1671 2517 se
1700 2460 1860 2517 ﬁnxit
1886 2478 1901 2516 :
1926 2459 2065 2528 Quid
2101 2477 2187 2517 me

2288 2462 2408 2535 Θεῷ
2433 2481 2449 2531 ;
2482 2466 2575 2537 Μὴ
2601 2468 2720 2537 ἐρεῖ
2740 2468 2803 2521 τὸ
2830 2450 3069 2541 πλάσμα
3098 2470 3175 2542 τῷ
3201 2450 3496 2543 πλάσαντι,
3531 2450 3617 2531 Τί-
3629 2498 3697 2551 με

606 2561 779 2617 iecisti
808 2557 930 2615 sic?
971 2557 1053 2611 An
1098 2569 1204 2609 non
1242 2554 1408 2609 habet
1455 2560 1779 2624 potestatem
1813 2552 2011 2624 ﬁgulus
2060 2553 2184 2617 luti,

2289 2575 2432 2629 ησας
2469 2558 2646 2625 οὕτως
2677 2579 2694 2629 ;
2742 2564 2813 2616 Ἦ
2851 2563 2954 2618 οὐκ
2994 2563 3110 2636 ἔχει
3141 2564 3394 2632 ἐξουσίαν
3419 2572 3448 2624 ὁ
3476 2577 3755 2645 κεραμεὺς
3785 2578 3884 2631 τοῦ

603 2669 671 2709 ex
707 2652 897 2707 eadem
940 2662 1121 2705 massa
1158 2644 1340 2701 facere
1371 2644 1516 2699 aliud
1540 2644 1758 2715 quidem
1786 2658 1882 2700 vas
1930 2645 1983 2699 in
2016 2648 2185 2699 bono-

2290 2652 2490 2723 πηλοῦ,
2528 2654 2593 2708 ἐκ
2624 2652 2721 2707 τοῦ
2762 2656 2928 2710 αὐτοῦ
2964 2658 3289 2729 φυράματος
3316 2644 3566 2733 ποιῆσαι,
3603 2666 3633 2719 ὃ
3664 2668 3766 2737 μὲν
3800 2672 3884 2735 είς

606 2761 743 2812 rem,
780 2742 926 2796 aliud
958 2755 1087 2796 vero
1112 2739 1163 2793 in
1191 2736 1619 2793 contumeliam?
1645 2755 1666 2789 ι

1662 2761 1666 2780 ›
2284 2743 2455 2816 τιμὴν
2483 2744 2700 2811 σκεῦος,
2721 2747 2750 2801 ὃ
2775 2747 2833 2802 δέ
2863 2750 2947 2813 εἰς
2969 2751 3197 2822 ἀτιμίαν
3228 2771 3243 2820 ;
3288 2772 3306 2807 ι

675 2837 828 2891 Alius
882 2847 1014 2888 vero
1063 2833 1208 2887 hunc
1264 2831 1439 2886 locum
1491 2831 1885 2900 interpretatus
1949 2839 2036 2886 est
2083 2830 2188 2885 hoc

2362 2837 2592 2908 Ἕτερος
2623 2839 2682 2893 δὲ
2707 2840 2869 2896 τοῦτο
2896 2841 3074 2909 οὕτως
3100 2845 3442 2919 ἐρμήνευσεν
3464 2866 3480 2882 ⁸
3516 2849 3760 2926 Ἐρωτᾷς
3785 2874 3877 2928 με,

608 2930 809 2983 modo:
836 2924 1144 2996 Interroges
1180 2937 1269 2979 me
1299 2940 1313 2977 :
1354 2919 1627 2976 Voluntati
1655 2920 1771 2992 ejus
1808 2921 1925 2993 quis
1953 2921 2189 2976 resistit?

2293 2929 2395 2997 Τίς
2427 2931 2806 3001 ἀνθέστηκεν
2845 2936 3035 2991 αὐτοῦ
3069 2936 3150 3004 τῷ
3174 2939 3527 3011 βουλήματι
3550 2919 3594 3010 ;-
3629 2919 3765 3015 Ἐγὼ
3785 2919 3879 3004 ’δέ

606 3020 720 3092 Ego
753 3029 933 3075 autem
962 3016 1060 3072 tibi
1086 3016 1212 3072 dico
1238 3033 1252 3070 :
1282 3013 1362 3069 Tu
1398 3028 1508 3085 prie
1534 3013 1812 3082 omnibus,
1839 3013 1935 3085 qui
1967 3012 2080 3071 Deo
2105 3027 2193 3069 re-

2295 3040 2378 3077 σοι
2412 3023 2581 3093 λέγω,
2612 3026 2697 3080 ὅτι
2731 3027 2805 3081 Σὺ
2846 3027 2955 3100 πρὸ
2992 3030 3236 3099 πάντων,
3275 3033 3306 3087 ό
3346 3012 3879 3112 ἀνταποκρινόμενος

607 3113 863 3185 spondes.
904 3107 1041 3165 Nam
1091 3118 1149 3163 tu
1194 3107 1386 3163 saltem
1433 3105 1629 3176 aliquis
1674 3121 1757 3171 es,
1806 3115 1864 3162 et
1894 3116 1947 3163 te
1984 3105 2188 3162 nullum
2215 3169 2251 3192 Δ

2236 3169 2258 3192 η
2294 3116 2374 3187 τῷ
2406 3116 2547 3187 Θεῷ.
2582 3117 2681 3182 Ti;
2724 3120 2825 3191 μὲν
2859 3120 2971 3192 γὰρ
3016 3115 3070 3175 εἴ
3103 3138 3210 3177 που
3249 3126 3473 3192 πάντως
3498 3145 3514 3160 ο
3555 3105 3650 3185 καὶ
3671 3105 3774 3186 οῦκ
3808 3105 3880 3188 ἂν

606 3169 731 3262 esse
778 3218 1053 3273 nunquam
1107 3200 1446 3256 admitteres.
1496 3198 1607 3254 Deo
1661 3206 1843 3254 autem
1909 3169 2250 3255 contradi-c

2236 3169 2261 3230 ³
2293 3169 2469 3274 ούδεὶς
2492 3169 2633 3265 ἐῐναί
2666 3169 2799 3265 πότε
2826 3169 3155 3282 κάτάδέξαιο
3177 3233 3193 3247 ·
3214 3169 3514 3293 ἀντιλὲγῶν
3536 3169 3880 3297 δ’ἐψΘευῶηπῶς

609 3299 787 3356 cendo
816 3296 1086 3367 quomodo
1121 3293 1173 3349 ei
1213 3308 1321 3350 non
1362 3290 1608 3349 resistis?
1640 3287 1774 3347 Tuis
1800 3290 1965 3363 igitur
2003 3301 2193 3361 captus

2294 3301 2395 3354 οὐκ
2425 3300 2772 3375 ἀνθέστηκας
2803 3320 2818 3371 ;
2855 3305 3068 3360 Οὐκοῦν
3106 3310 3224 3373 τοῖς
3252 3287 3423 3367 αὐτοῦ
3440 3314 3622 3385 λόγοις
3652 3287 3832 3382 ἑάλως
3860 3287 3878 3353 ἰ

607 3408 670 3449 es
698 3392 915 3458 verbis;
941 3397 998 3445 et
1026 3387 1225 3459 quibus
1259 3400 1458 3454 negare
1490 3384 1876 3455 praesumebas,
1901 3384 1989 3439 his
2021 3381 2193 3439 conli-

2295 3388 2391 3442 καὶ
2417 3384 2495 3453 οἷς
2524 3391 2687 3462 ἀρνῇ,
2713 3392 2927 3458 τούτοις
2955 3395 3240 3467 ὁμολογεῖς
3267 3401 3370 3472 τὴν
3393 3381 3715 3461 ἀντίστασιν
3738 3424 3753 3438 ’
3786 3381 3881 3464 καὶ

612 3484 748 3540 teris
772 3481 1168 3553 oppositionem
1198 3489 1345 3533 tuam
1372 3495 1387 3545 ;
1425 3485 1479 3531 et
1507 3484 1564 3531 tu
1594 3477 1671 3530 tui
1702 3474 1874 3546 ipsius
1904 3485 2193 3531 accusator

2298 3481 2521 3549 σαυτοῦ,
2562 3484 2668 3555 πρὸ
2708 3485 2844 3555 ἐμοῦ
2892 3488 3204 3561 κατήγορος
3248 3493 3501 3562 γέγονας.
3537 3499 3732 3568 Ζητεῖς
3776 3501 3880 3573 μὲν

612 3577 782 3648 magis
813 3590 975 3646 quam
1015 3588 1117 3643 ego
1149 3587 1208 3628 es
1253 3570 1504 3626 cli'ectus.
1542 3566 1757 3639 Quaeris
1804 3568 2027 3634 etenim,
2059 3569 2193 3637 Quis

2295 3575 2427 3664 γάρ,
2458 3574 2554 3638 Τίς
2576 3575 2911 3647 ἁνθέστηκε;
2940 3579 3034 3643 Τίς
3052 3580 3110 3634 δὲ
3145 3583 3418 3657 ὑπάρχεις
3448 3566 3613 3653 αὐτός
3639 3609 3655 3658 ;
3691 3594 3754 3647 Ei
3777 3566 3880 3664 μὲν

612 3662 855 3721 resistit?
883 3661 1038 3716 Tune
1066 3660 1261 3730 aliquis
1291 3659 1383 3715 es?
1427 3656 1564 3713 Nam
1608 3658 1656 3714 si
1685 3658 1965 3713 conﬁteris
2007 3669 2059 3713 te
2089 3670 2190 3713 ne-

2296 3661 2390 3719 οὖν
2420 3666 2706 3737 ὁμολογεῖς
2734 3665 2877 3723 εἶναι
2901 3671 3114 3741 μηδεὶς,
3155 3656 3428 3750 συγχωρῶ
3458 3697 3543 3734 σοι
3569 3656 3876 3756 tensae:-

612 3763 813 3817 minem
840 3771 987 3823 csse,
1011 3754 1251 3811 concedo
1281 3754 1378 3809 tibi
1404 3766 1511 3807 non
1537 3752 1662 3824 jure
1688 3752 1857 3809 Deum
1885 3754 2196 3824 vituperare

2299 3758 2425 3813 σθαι
2458 3764 2572 3826 τοίς
2596 3761 2908 3833 ἀνθρώποις
2928 3766 3051 3837 είκῆ
3075 3766 3169 3821 τὸν
3201 3768 3336 3826 Θεόν
3358 3786 3373 3801 ⁸
3398 3773 3447 3827 εί
3472 3773 3529 3828 δὲ
3549 3769 3603 3828 εἴ
3631 3752 3747 3842 τίς,
3771 3752 3878 3834 κᾶν

612 3852 882 3908 homines.
913 3847 1019 3903 Sed
1059 3848 1104 3902 si
1150 3845 1348 3916 aliquis
1392 3859 1473 3910 es,
1503 3844 1669 3910 Deus,
1702 3846 1953 3915 quamvis
1998 3845 2195 3901 millies

2304 3849 2565 3920 μυριάκις
2594 3853 2799 3923 ἀρνοῖο,
2846 3853 3055 3919 δίκαιος
3085 3858 3114 3911 ὁ
3145 3857 3282 3923 Θεὸς
3334 3860 3735 3931 ἀποδέδεικται,
3779 3871 3877 3923 καὶ

616 3957 869 4016 negares.
914 3941 1094 4012 justus
1142 3939 1404 4010 probatur
1433 3950 1490 3995 et
1533 3939 1600 3995 de
1639 3947 1693 3994 te
1729 3939 1908 4010 primo
1952 3947 2196 4009 reportat

2299 3941 2471 4036 smpti“
2486 3943 2581 3997 σοῦ
2612 3944 2832 4015 πρώτου
2876 3947 3103 4019 φέρεται
3142 3950 3244 4024 τήν
3276 3955 3535 4012 νικῶσαν.
3576 3960 3737 4016 Ἀλλὰ
3766 3965 3876 4036 γάρ

612 4037 921 4094 victoriam.
954 4032 1081 4089 .Sed
1130 4032 1275 4103 quod
1325 4032 1379 4086 in
1430 4030 1754 4102 quibusdam
1814 4031 1881 4088 de
1944 4033 2194 4101 praesenti

2294 4032 2513 4088 ὃτινῶν
2568 4036 2663 4090 ἐπὶ
2715 4038 2811 4091 τοῦ
2854 4040 3122 4111 παρόντος
3178 4043 3521 4117 τεθαύμακα,
3566 4051 3728 4105 τοῦτο
3780 4030 3878 4109 καὶ

612 4131 907 4203 quaestione
936 4127 1238 4183 admiratus
1280 4140 1424 4192 sum,
1460 4125 1588 4180 illud
1625 4125 1693 4180 ad
1725 4134 1777 4179 te
1822 4125 2195 4179 transmittere

2297 4125 2436 4196 πρὸς
2472 4126 2552 4194 σὲ,
2615 4127 2843 4197 φίλτατὲ
2897 4148 2990 4202 μοι
3041 4133 3241 4205 Πέτρε,
3306 4136 3571 4211 βούλομαι
3618 4143 3873 4199 διελθεῖν.

614 4225 756 4289 volo,
786 4220 1109 4277 charissime
1138 4217 1317 4273 Petre.
1353 4216 1583 4284 Quidam
1618 4232 1741 4272 cum
1772 4217 1919 4271 hunc
1945 4215 2197 4287 Epistolas

2309 4219 2787 4312 Ἐπιχειρήσαντεί
2808 4225 2961 4312 τουτὶ
2989 4222 3091 4297 τῆς
3136 4229 3458 4304 Ἐπιστολῆς
3481 4234 3544 4287 τὸ
3580 4236 3749 4308 μέρος
3781 4241 3875 4312 ἐρ-

614 4316 793 4370 locum
839 4322 1169 4366 conarentur
1211 4309 1585 4377 interpretari,
1619 4325 1719 4364 uec
1764 4308 2028 4371 valerent,
2070 4324 2196 4379 pro-

2300 4309 2567 4382 μηνεῦσαί
2597 4328 2764 4379 τινες,
2822 4309 2945 4368 εἶτα
2972 4316 3075 4372 οὐκ
3103 4317 3518 4391 ὲξαρκέσαντες,
3567 4326 3662 4380 τοῦ
3717 4308 3875 4396 ἁγίου

611 4407 729 4479 pria
772 4403 983 4461 consilii
1029 4405 1211 4471 inopia
1263 4409 1513 4457 sanctum
1563 4398 1788 4455 Paulum
1826 4416 1933 4455 non
1981 4400 2196 4455 dubita-

2298 4403 2515 4459 Παύλου
2538 4405 2637 4477 τὴν
2656 4407 2866 4462 οἰκείαν
2895 4410 3130 4483 ἀπορίαν
3162 4414 3265 4469 οὐκ
3297 4414 3552 4488 ὤκνησαν
3591 4421 3876 4491 καταψεύο

615 4508 743 4556 ruut
769 4510 1054 4552 accusare.
1082 4495 1347 4550 Dixerunt
1373 4494 1519 4547 enim
1544 4491 1692 4547 illum
1721 4507 1824 4547 non
1854 4492 1971 4547 hac
2002 4490 2189 4555 verba,
2222 4514 2259 4571 ι]

2230 4514 2268 4571 D
2299 4498 2514 4553 σασθαι.
2548 4500 2625 4553 Οὐ
2669 4502 2778 4572 γάρ
2829 4503 3190 4576 ὲπιλυόμενον
3241 4508 3408 4562 αὐτὸν
3458 4511 3527 4564 τὰ
3576 4514 3726 4583 παρὰ
3754 4490 3874 4567 τῶν

612 4592 840 4655 dixiSse,
873 4587 917 4643 0
955 4588 1135 4651 homo,
1174 4598 1229 4639 tu
1258 4587 1378 4655 quis
1407 4601 1461 4638 es
1484 4583 1575 4655 qui
1609 4583 1923 4653 respondeas
1952 4581 2097 4637 Deo?
2124 4582 2193 4636 ad

2296 4589 2556 4642 ἐναντίων
2586 4593 2976 4664 προϐλημάτα,
3012 4595 3073 4649 τὸ
3103 4599 3434 4668 Μενοῦνγε,
3473 4596 3521 4657 ὦ
3565 4581 3871 4672 ἄνθρωπε,

611 4683 868 4741 solvenda
918 4680 1353 4735 adversariorum
1394 4678 1645 4749 objecta,
1684 4677 1780 4731 sed
1830 4674 2189 4747 objurgaudo,

2266 4678 2376 4732 οὺ
2405 4679 2499 4747 τίς
2526 4675 2586 4734 εἴ
2623 4682 3212 4756 ἀνταποκρινόμενος
3240 4689 3323 4756 τῷ
3356 4690 3478 4757 Θεῷ
3490 4709 3511 4758 ;
3544 4694 3753 4766 ἔφησαν
3791 4700 3871 4751 εἰ·

610 4775 944 4847 increpaudo
972 4786 1025 4830 et
1068 4773 1473 4829 accusationem
1515 4772 1584 4824 ab
1616 4769 1749 4840 ipsis
1787 4771 1842 4825 in
1877 4772 2041 4825 Deum
2074 4771 2192 4824 illa-

2295 4773 2550 4845 ρηκέναι,
2578 4775 2695 4829 ἀλλ’
2719 4780 3059 4851 ἐπιτιμῶντα
3082 4782 3176 4835 καὶ
3202 4784 3627 4856 ἐπιπλήττοντα,
3654 4791 3749 4842 καὶ
3774 4807 3872 4859 μο-

613 4879 720 4924 tam
777 4865 1170 4938 propemodum
1225 4860 1655 4918 conﬁrmavisse.
1720 4860 1776 4915 Si
1827 4862 2027 4915 etenim
2086 4877 2190 4914 non

2292 4868 2445 4919 νονοὺ
2478 4865 2803 4937 βεὸαιοῦντα
2823 4871 2885 4924 τὸ
2912 4871 2989 4944 τῷ
3018 4872 3136 4942 Θεῷ
3164 4877 3293 4948 παρ’
3330 4878 3557 4932 ἐκείνων
3591 4882 3871 4953 ἐπαγόμε-

615 4960 792 5015 reddit
839 4957 1102 5013 rationem
1151 4955 1217 5010 de
1268 4954 1371 5009 hac
1424 4969 1518 5019 re,
1574 4952 1670 5008 sed
1723 4962 2047 5022 potestatem
2096 4951 2190 5005 Dei

2292 4973 2382 5010 νον
2428 4960 2817 5033 κατηγόρημα.
2867 4965 2931 5018 Εἰ
2983 4966 3092 5039 γάρ
3127 4968 3229 5022 οὐκ
3262 4970 3557 5025 ἀποδίδωσι
3586 4973 3744 5042 λόγον
3774 4951 3868 5029 τοῦ

613 5052 801 5123 optimi
856 5052 1141 5121 proponit,
1197 5045 1448 5103 confutat
1494 5046 1906 5112 adversarium;
1959 5045 2002 5099 si
2058 5058 2191 5100 vero

2292 5051 2641 5123 πράγματος,
2676 5055 2813 5109 ἀλλά
2841 5057 2909 5111 τά
2935 5059 3031 5129 τῆς
3062 5059 3311 5125 ἐξουσίας
3344 5063 3581 5134 χρηστοῦ
3610 5066 3706 5119 τοῦ
3733 5066 3866 5120 Θεοῦ

615 5145 761 5199 illius
781 5142 1183 5198 conclusionem
1220 5140 1475 5199 admittit,
1509 5137 1797 5193 manilesto
1829 5137 2189 5205 deprehendi-

2293 5150 2730 5220 προτεινόμενος,
2788 5152 3131 5220 ἐπιστομίζει
3182 5153 3276 5207 τὸν
3336 5157 3731 5226 ἀντιλέγονταο
3787 5160 3866 5229 τῷ

616 5246 704 5290 tur
739 5234 1040 5290 concedere
1075 5233 1217 5303 quod
1252 5232 1392 5286 Deus
1434 5246 1543 5284 nou
1578 5233 1873 5284 secundum
1897 5227 2188 5299 justitiam,

2290 5240 2498 5293 ἐκείνου
2522 5242 2664 5313 λόγῳ
2696 5244 3024 5315 συντρέχων,
3050 5247 3236 5315 σαφῶς
3265 5247 3549 5319 ἐλέγχεται
3578 5227 3866 5322 συνομολῷ

613 5329 709 5385 sed
736 5341 805 5383 ex
839 5327 1065 5382 arbitrio
1092 5341 1179 5382 res
1210 5326 1473 5380 humanas
1512 5323 1810 5391 gubernat;
1841 5322 1958 5375 illos
2008 5338 2171 5373 auten

2292 5333 2405 5397 γείν
2430 5335 2491 5385 οὐ
2515 5331 2761 5399 δικαίως,
2798 5336 2912 5391 ἀλλ’
2952 5330 3210 5409 αὐθεντίᾳ
3243 5338 3334 5392 τὸν
3373 5340 3505 5393 Θεὸν
3538 5340 3608 5396 τὰ
3655 5342 3864 5416 ἀνθρώ-

614 5422 809 5477 decere
855 5429 1142 5475 conteutos
1197 5432 1317 5474 esse
1358 5418 1443 5472 his
1469 5432 1589 5488 qua:
1636 5416 1703 5469 de
1759 5416 1864 5468 illis
1922 5415 2190 5483 disposuit

2291 5437 2421 5474 πινα
2446 5423 2708 5493 πράττειν
2742 5443 2753 5455 ·
2791 5430 2905 5491 τοῖς
2928 5427 3007 5495 δὲ,
3047 5431 3350 5501 προσήκειν
3390 5434 3565 5503 ἡσυχῆ
3614 5435 3864 5507 στέργειν

615 5513 774 5579 Deus,
809 5512 947 5569 sicut
981 5525 1110 5568 vasa
1145 5527 1176 5566 a
1214 5510 1394 5581 ﬁgulis
1418 5512 1567 5578 licta,
1602 5519 1654 5563 et
1688 5524 1793 5562 non
1821 5507 2024 5577 judicio
2065 5524 2189 5561 cuu-

2290 5510 2436 5575 ὅπως
2468 5513 2535 5566 ἂν
2562 5514 2675 5584 ἔχοι
2698 5516 2767 5571 τά
2793 5518 2912 5571 κατ’
2942 5520 3162 5584 αὐτοὺς,
3195 5523 3443 5588 ἐοικότας
3465 5527 3579 5587 τοῖς
3603 5526 3710 5579 ὑπὸ
3754 5527 3863 5581 τῶν

615 5607 839 5663 tendere
864 5614 1055 5662 contra
1090 5618 1212 5659 eum
1257 5604 1349 5675 qui
1396 5603 1518 5659 illos
1563 5601 1736 5657 malos
1775 5601 1937 5663 fecit;
1980 5608 2035 5654 et
2065 5600 2186 5657 illos

2290 5606 2580 5675 κεραμέων
2616 5608 3011 5682 πλαττομένοις
3032 5614 3283 5671 σκεύεσιν
3315 5634 3328 5649 ·
3358 5618 3419 5671 οῦ
3448 5618 3863 5684 διαδικάζεσθαι

612 5699 809 5755 deinde
844 5696 1139 5768 exprobrat
1180 5697 1307 5767 quia
1342 5695 1466 5750 muli
1500 5704 1648 5751 sunt.
1681 5692 1782 5761 Qui
1815 5693 1940 5747 talia
1976 5694 2183 5758 dicunt,

2289 5695 2424 5767 πρὸς
2453 5698 2544 5751 τὸν
2566 5699 3045 5777 δημιουργήσαντα
3084 5707 3322 5777 φαύλους
3359 5727 3373 5742 ο
3410 5705 3526 5765 εἶτα
3556 5712 3690 5765 διότι
3719 5711 3861 5782 φαῦ-

614 5791 664 5850 si
712 5791 849 5863 nihil
887 5791 1063 5862 aliud,
1101 5791 1235 5849 illud
1266 5790 1459 5849 saltem
1510 5789 1815 5863 intelligere
1856 5788 2182 5854 debuerunt,

2286 5788 2367 5843 λοι
2402 5792 2771 5865 μεμφόμενον.
2800 5798 2908 5864 Οὓς
2945 5802 2995 5855 εἰ
3025 5802 3194 5873 μηδὲν
3218 5804 3348 5858 ἄλλο
3372 5804 3480 5859 τῶν
3508 5804 3668 5873 ὅλων,
3702 5805 3859 5861 τοῦτο
