4164 6536
388 400 526 469 1709

1406 396 1863 462 FRAGMENTA
1907 402 1985 461 ΙΝ
2022 402 2257 462 EPIST.
2300 405 2398 464 AD
2438 402 2620 464 ROM.

3479 394 3613 463 1710

382 521 510 591 γοῦν
546 517 713 592 ἐχρῆν
765 517 1015 582 συνιδεῖν,
1068 514 1144 578 ὡς
1186 514 1343 585 εἴπερ
1380 516 1409 567 ὁ
1456 513 1779 574 Ἀπόστολος
1826 514 1954 581 ἠπί-

2057 516 2223 583 quod.
2256 514 2300 569 si
2324 513 2598 584 apostolus
2625 511 2842 581 quidem
2865 508 3201 580 prmvidisset
3223 525 3282 567 se
3307 526 3410 566 non
3435 514 3612 583 posse,

385 628 545 667 στατο
612 610 687 683 μὴ
745 609 1082 681 δυνάμενος,
1138 604 1280 659 κατά
1333 604 1424 657 τὸν
1482 603 1641 672 λόγον
1701 604 1946 685 ἐκείνων,

382 703 690 772 ἀπαντῆσαι
714 704 838 766 ταῖς
880 699 1176 773 προτάσεσι
1226 694 1475 760 ταύταις,
1518 696 1617 749 οὐκ
1671 696 1737 750 ἂν
1783 696 1951 759 αὑτὰς

384 792 724 864 προύϐάλετο
754 793 854 855 τὰς
883 791 1079 861 ἀρχάς.
1124 787 1197 841 θύ
1231 786 1337 857 γὰρ
1374 788 1469 840 καὶ
1496 785 1654 839 τοῦτο
1680 786 1952 855 δήπουθεν

383 886 652 958 ἠδύνατο’
688 885 796 939 οὐδ’
824 887 892 939 ἂν
946 882 1111 945 αὐτὸς
1161 879 1333 943 λαϐάς
1376 880 1456 943 είς
1505 879 1804 932 κατάλυσιν
1856 878 1950 931 τοῦ

388 981 520 1034 ἰδίου
551 979 906 1051 κηρύγματος
936 976 1047 1039 τοῖς
1079 974 1397 1035 ἀντιπάλοις
1451 972 1762 1044 παρείχετο,
1816 971 1951 1025 καθ-

383 1074 525 1145 άπερ
551 1073 619 1127 τὰ
664 1070 906 1128 ἐκείνων.
962 1069 1022 1121 οὐ
1053 1067 1122 1120 τὰ
1167 1068 1345 1120 οἰκεῖα
1396 1065 1778 1139 προῃρημένος
1832 1083 1955 1119 συν-

385 1169 536 1239 ιστᾷν
572 1184 586 1198 ·
615 1163 772 1219 τοῦτο
797 1163 907 1232 γὰρ
942 1162 1049 1215 οὐδ’
1087 1161 1153 1214 ἂν
1178 1160 1379 1214 ἔπαθεν
1414 1160 1442 1212 ὁ
1496 1160 1714 1212 πάντων
1764 1158 1957 1229 εὐηθέ-

385 1274 593 1329 στερος.
620 1255 758 1309 Ἀλλ’
784 1256 879 1325 οὐχ
908 1253 1082 1316 οὕτως
1112 1254 1245 1324 ἔχει.
1279 1250 1647 1322 Τεθαρρηκὼς
1668 1250 1749 1314 δὲ,
1773 1246 1953 1322 οἶμαι,

383 1348 604 1421 Χριστῷ
659 1348 755 1400 καὶ
804 1348 869 1417 τῇ
916 1345 1142 1416 ἀληθείᾳ
1193 1343 1529 1414 συνηγορῶν,
1560 1343 1816 1414 οὐδεμίαν
1843 1345 1957 1407 τοῖς

387 1441 652 1503 ἐναντίοις
697 1437 1023 1494 ὑπελείπετο
1063 1438 1369 1507 πρόσφασιν
1402 1451 1418 1466 ·
1479 1434 1593 1487 ἀλλ’
1631 1433 1819 1506 ὥσπερ
1848 1434 1956 1487 τῶν

385 1534 560 1592 ἄλλων
590 1533 817 1587 ἀπασῶν
839 1529 1187 1596 ἀντιθέσεων,
1218 1528 1360 1583 οὕτω
1390 1528 1485 1581 καὶ
1507 1528 1713 1598 ταύτης
1742 1529 1957 1599 ίσχυρο-

384 1626 550 1697 τέραν
573 1624 872 1695 ἐποιήσατο
899 1621 998 1693 τὴν
1031 1619 1332 1691 ἀναίρεσιν,
1362 1620 1456 1672 καί⁵
1476 1618 1583 1673 τῶν
1620 1618 1958 1690 βλασφήμων

385 1714 717 1787 ἀπορράψας
769 1712 840 1766 τὰ
894 1711 1165 1782 στόματα,
1217 1710 1559 1780 προσεπάγει
1603 1709 1835 1772 τούτοις’
1864 1710 1960 1762 καὶ

384 1808 574 1880 ἕτερον
614 1808 680 1861 ἐκ
719 1804 1167 1877 παραδείγματος
1192 1802 1271 1873 τῷ
1299 1803 1586 1874 πράγματι
1621 1802 1956 1874 προσφυοῦς,

2053 606 2346 659 secundum
2397 605 2638 674 ipsorum
2680 602 3107 671 allirmationem,
3160 604 3298 660 tales
3345 605 3613 660 sustinere

2055 698 2472 766 pmpositiones,
2520 711 2626 749 non
2680 698 2791 765 ipse
2835 696 3039 765 primus
3081 697 3225 753 hanc
3264 698 3614 766 quaestionem

2055 787 2457 857 preposuisset;
2504 787 2603 841 hoc
2654 786 2797 840 enim
2853 785 2999 841 nullo
3040 787 3203 843 modo
3244 797 3475 857 poterat,
3511 806 3614 843 nou

2055 885 2170 950 ipse
2210 879 2537 935 adversariis
2577 894 2741 933 ansas
2781 877 3098 947 praebuisset
3140 880 3194 934 in
3240 880 3449 935 ruinam
3490 896 3619 951 pro-

2056 974 2185 1043 prite
2209 972 2629 1044 praedicationis,
2654 972 2805 1042 quasi
2830 982 3013 1040 partes
3033 973 3488 1039 adversariorum,
3510 991 3616 1029 non

2055 1066 2323 1136 proprius,
2376 1064 2650 1119 sustinere
2692 1076 3031 1132 proponens;
3087 1064 3228 1132 quod
3278 1080 3382 1119 non
3438 1077 3621 1134 ageret

2055 1156 2534 1212 hominumetiam
2576 1155 2953 1211 stultissimus.
3001 1154 3108 1210 Sed
3152 1172 3241 1211 res
3285 1172 3392 1212 non
3441 1158 3514 1212 ita
3560 1175 3620 1213 se

2058 1250 2239 1304 habet.
2277 1246 2383 1303 Sed
2417 1248 2654 1314 Christo,
2700 1256 2758 1301 ut
2792 1254 2941 1316 puto,
2977 1248 3215 1303 conﬁsus
3248 1257 3301 1303 et
3334 1250 3617 1304 veritatem

2058 1356 2431 1412 propugnans,
2479 1339 2684 1394 nullam
2720 1338 3050 1394 adversariis
3101 1340 3324 1408 reliquit
3377 1344 3622 1396 occasio.

2058 1446 2219 1500 nem;
2269 1430 2362 1487 sed
2413 1429 2867 1501 quemadmodum
2922 1430 3159 1483 omnium
3208 1430 3435 1484 aliarum
3480 1431 3625 1501 obje-

2058 1521 2299 1577 ctionum
2325 1521 2398 1576 ita
2428 1530 2483 1575 et
2520 1518 2746 1589 hujusce
2774 1519 3162 1574 validissimam
3195 1519 3621 1575 confutationem

2058 1614 2276 1681 attulit;
2308 1623 2363 1669 et
2407 1627 2503 1668 ore
2535 1613 2974 1683 hlasphemorum
3020 1614 3294 1679 obturato,
3340 1612 3485 1668 aliud
3536 1614 3623 1667 iu-

2060 1708 2207 1762 ducit
2235 1721 2302 1762 ex
2330 1705 2577 1776 exemplo
2614 1706 2692 1761 rei
2729 1716 2875 1775 apto,
2909 1705 3220 1775 opinionem
3264 1705 3480 1760 illorum
3516 1722 3628 1762 nm-

2060 1802 2143 1869 gis
2191 1817 2253 1855 ac
2312 1801 2483 1870 magis
2531 1801 2853 1855 subvertens
2902 1798 3291 1868 stabiliensque
3342 1799 3624 1869 pietatem.

383 1899 447 1955 τὸ
478 1899 577 1972 μὲν
603 1898 827 1953 ἐκείνων
855 1896 950 1951 ἐπὶ
991 1894 1154 1949 πλέον
1202 1894 1524 1965 ἀνατρέπων
1572 1888 1849 1965 φρόνημα,
1900 1894 1956 1947 τὸ

2065 1892 2373 1961 Numquid,
2428 1893 2536 1961 ait},
2582 1893 2718 1946 dicet
2746 1892 3067 1959 ﬁgmentum
3110 1892 3157 1945 ei
3194 1892 3285 1960 qui
3326 1908 3381 1947 se
3416 1893 3571 1962 ﬁnxit
3604 1910 3625 1950 :

385 1991 445 2046 δὲ
502 1990 725 2055 εὐσεϐὲς
774 1988 1050 2051 συνιστάς.
1083 1985 1181 2055 Μὴ
1222 1984 1361 2056 ὲρεῒ,
1394 1987 1582 2056 φησὶν,
1613 1986 1679 2040 τὸ
1708 1986 1960 2056 πλάσμα

385 2083 469 2149 τῷ
504 2082 829 2148 πλάσαντι,
861 2081 924 2136 Τί
950 2097 1027 2150 με
1055 2079 1348 2146 ἐποιησας
1376 2079 1594 2145 οὖτως;
1644 2078 1797 2133 Ούτω
1840 2080 1959 2150 μὲν,

388 2175 573 2246 φησὶν,
610 2174 773 2238 αὐτὸς
808 2174 900 2243 ὑφ’
936 2171 1132 2227 ἐαυτοῦ
1164 2171 1509 2243 διηλέγχθης.
1544 2171 1960 2242 Ἀνθιστάμενος

385 2268 444 2321 δὲ
466 2266 719 2335 ἐγκαλεῖς
766 2264 885 2336 Θεῷ
910 2304 925 2330 ,
985 2265 1080 2318 καὶ
1135 2263 1340 2332 λέγεις,
1378 2265 1441 2317 Τί
1485 2262 1575 2317 ἔτι
1624 2262 1961 2334 pepererat;

385 2358 575 2414 Ταῦτα
602 2358 737 2430 πρὸς
768 2358 945 2425 τοῦτο,
992 2355 1076 2422 Τῷ
1104 2355 1215 2426 γὰρ
1236 2356 1580 2425 βουλήματι
1630 2355 1818 2410 αὐτοῦ
1840 2354 1845 2395 ἶ
1871 2356 1963 2422 τίς

386 2450 801 2519 ἁνθέστηκεν;
832 2448 1125 2514 ἀντειπὼν,
1178 2448 1471 2520 ἐρμηνεύει
1508 2447 1693 2501 λοιπὸν
1722 2448 1818 2503 καὶ
1853 2448 1962 2501 τῶν

387 2541 754 2613 προτεθεισῶν
813 2541 1024 2613 ῥήσεων
1068 2540 1161 2594 τὸν
1213 2539 1418 2593 σκοπόν
1450 2555 1465 2571 ’
1521 2533 1598 2593 ὧν
1650 2542 1707 2593 ἐν
1754 2541 1855 2611 μὲν
1891 2544 1959 2612 τῇ

386 2634 524 2705 πρὸς
560 2635 650 2688 τὸν
690 2635 933 2688 Μωῦσέα
965 2632 1225 2706 δηλοῦται*
1267 2632 1671 2704 φιλάνθρωπος,
1724 2635 1782 2687 ἐν
1810 2634 1867 2688 δὲ
1895 2638 1959 2705 τῇ

387 2727 524 2798 πρὸς
564 2727 656 2779 τὸν
686 2726 909 2798 Φαραὼ,
944 2726 1318 2798 τιμωρητικὸς
1349 2726 1378 2778 ὁ
1410 2725 1542 2788 Θεός
1587 2728 1604 2746 ⁶
1644 2728 1661 2746 '
1701 2730 1717 2745 '

463 2840 482 2872 ι
521 2818 626 2885 Οὓς
678 2822 773 2875 καὶ
801 2822 1062 2875 ἐκάλεσεν
1099 2823 1247 2891 ἡμᾶς
1273 2823 1337 2873 ού
1373 2821 1536 2891 μόνον
1565 2821 1625 2886 ἐξ
1670 2822 1957 2887 Ἰουδαίων,

384 2913 521 2967 ἀλλά
554 2914 650 2968 καὶ
681 2913 742 2979 ἐξ
779 2914 969 2968 ἐθνῶν.
1004 2933 1024 2967 ι

455 3006 713 3059 Βούλεται
746 3006 925 3059 τοίνυν
958 3008 988 3059 ὀ
1029 3004 1244 3069 Παῦλος
1274 3007 1449 3058 εἰπεῖν
1492 3008 1550 3058 ἐν
1592 3006 1822 3070 τούτοις,
1875 3008 1957 3060 ὅτι

382 3097 503 3152 λίαν
537 3097 758 3167 εἴρηται
780 3097 1046 3151 κάλλιστα
1075 3097 1212 3167 πρός
1242 3082 1301 3149 τε
1323 3100 1414 3150 τὸν
1435 3098 1659 3151 Μωσέα·
1702 3097 1960 3165 Ἐλεήσω

385 3189 459 3243 δν
507 3188 584 3242 ἂν
622 3187 794 3253 ἐλεῶ,
836 3186 938 3241 καὶ
959 3188 1310 3255 οἰκτειρήσω
1338 3190 1412 3241 ὃν
1444 3186 1520 3241 ἂν
1545 3189 1833 3256 οίκτειζοω·
1863 3190 1958 3242 καὶ

387 3280 525 3351 πρὸς
550 3278 641 3333 τὸν
665 3278 886 3349 Φαραὼ,
917 3278 999 3343 τὸ,
1034 3281 1135 3345 Είς
1164 3280 1311 3333 αὐτὸ
1346 3279 1523 3332 τοῦτο
1551 3279 1826 3349 ἐξήγειρά
1860 3295 1954 3344 σε,

386 3367 549 3436 ὅπως
589 3368 942 3438 ἐνδείξωμαι
967 3368 1037 3421 ἐν
1065 3369 1165 3422 σοὶ
1190 3369 1304 3437 τὴν
1325 3368 1585 3439 δύναμίν
1606 3386 1746 3438 μου.
1775 3369 1957 3423 θέλων

387 3460 518 3532 γὰρ,
570 3460 725 3533 φησὶ,
766 3460 795 3512 ὁ
832 3458 965 3522 Θεὸς
994 3459 1272 3529 γνώριμον
1303 3460 1477 3514 ἆπασι
1507 3459 1604 3530 τὴν
1629 3460 1839 3513 οἰκείαν
1868 3461 1960 3531 ἐρ-

387 3552 663 3621 γάσασθαι
692 3552 943 3621 δύναμιν,
985 3550 1106 3621 μεθ’
1140 3547 1210 3623 ἧς
1235 3552 1364 3616 τοὺς
1396 3552 1499 3623 μὲν
1557 3553 1727 3624 ὀργῆς
1777 3551 1961 3618 ἀξίους

387 3643 632 3710 κολάσει,
662 3643 788 3706 τοὺς
820 3640 879 3695 δὲ
912 3642 1234 3714 οίκτιρμῶν,
1264 3642 1476 3714 ἐλεήσει
1507 3659 1521 3674 ·
1553 3644 1622 3697 τά
1666 3646 1809 3697 κατὰ
1831 3647 1959 3708 τοὺς

386 3734 719 3803 Αἰγυπτίους
774 3734 1016 3798 καὶτοὺς
1056 3734 1397 3806 Ἰσραηλίτας
1440 3736 1956 3806 ἐπραγματεύσατο,

387 3826 734 3881 διδασκαλίαν
760 3826 859 3897 τῆς
894 3826 1105 3890 οίκείας
1142 3827 1562 3899 δικαιοκρισίας,
1599 3829 1805 3900 ταύτην
1845 3846 1959 3883 κοι-

388 3916 485 3988 νὴν
508 3916 587 3987 τῷ
611 3917 801 3987 κόσμῳ
822 3916 1064 3987 προθείς.
1095 3919 1475 3989 ΙΙαμττονήρων
1496 3920 1606 3990 γὰρ
1642 3922 1737 3973 καὶ
1768 3921 1957 3974 δυσσε-

388 4010 501 4063 ϐὦν
542 4009 710 4063 ὄντων
752 4009 859 4061 τῶν
901 4010 1030 4087 περὶ⁸
1079 4012 1173 4063 τὸν
1215 4010 1439 4081 Φαραὼ,
1478 4012 1572 4065 καὶ
1597 4012 1696 4083 τὴν
1722 4012 1959 4082 ἐσχάτην

387 4103 543 4173 δίκην
587 4103 877 4172 ὑπομείναι
911 4101 1159 4165 δικαίων,
1196 4102 1543 4176 μακροθυμίᾳ
1573 4105 1671 4174 μὲν
1706 4104 1803 4175 τὴν
1834 4107 1959 4158 κατ’

388 4196 565 4250 αὐτῶν
598 4193 893 4249 ἀνεσάλετο
938 4193 1231 4264 τιμωρίαν,
1272 4195 1365 4247 καὶ
1408 4200 1782 4267 συνεχώρησεν
1811 4195 1957 4265 ὑψω-

388 4285 546 4357 θῆναι
584 4284 727 4338 κατὰ
750 4282 845 4337 τοῦ
880 4282 1010 4336 ἰδίου
1037 4282 1191 4336 λαοῦ.
1222 4281 1627 4351 Περιδλέπτους
1652 4284 1708 4337 δὲ
1731 4283 1823 4336 καί¹
1855 4300 1955 4336 πει

389 4378 673 4450 ριόοήτους
706 4376 807 4446 ήδη
844 4375 914 4428 δι’
949 4374 1213 4446 ὠμότητα
1246 4376 1642 4440 καταστάντας,
1691 4376 1955 4446 ἐμφανῶς

384 4468 717 4530 ἀπολώλεκε,
755 4468 847 4521 καὶ
878 4466 940 4519 τὸ
970 4466 1079 4520 τῶν
1128 4467 1479 4536 Ἰσραηλιτῶν
1506 4467 1773 4533 ἐλεήσας,
1817 4483 1953 4519 παν-

384 4562 545 4633 δημεὶ
588 4559 885 4613 διεσώσατο
922 4560 1098 4627 γένος.
1139 4557 1290 4629 Αὕτη
1332 4559 1431 4629 μέν
1466 4560 1565 4629 τῆς
1591 4558 1949 4629 ἁποστολικῆς
1981 4593 2026 4648 D

386 4658 596 4726 ρήσεως
620 4657 651 4724 ή
675 4655 908 4708 διάνοια.
932 4652 1104 4705 Ἐνδεῖ
1124 4651 1182 4705 δὲ
1213 4652 1350 4721 αὐτῇ
1376 4650 1510 4722 πρὸς
1537 4649 1950 4721 ἀποπλήρωσιν,

383 4749 444 4801 τὸ
471 4748 647 4802 τοῦτο
681 4726 923 4817 μέμφῃο
956 4746 1044 4798 ἴνα
1176 4745 1419 4798 τοιοῦτον
1464 4742 1524 4796 τὸ
1569 4744 1677 4796 πᾶν
1709 4758 1725 4774 ·
1769 4745 1837 4797 El
1883 4742 1951 4796 δὲ

385 4840 571 4894 θέλων
594 4843 627 4893 ό
659 4841 803 4907 Θεὸς
835 4839 1217 4903 ἐνδείξασθαι
1240 4837 1354 4905 τὴν
1380 4834 1566 4906 ὀργήν
1610 4834 1711 4888 καί
1743 4836 1953 4903 γνωρί-

385 4946 487 4983 σαι
514 4931 581 4981 τὸ
613 4931 878 4984 δυνατὸν
916 4929 1125 4995 αὐτοῦ,
1174 4928 1430 4998 ἤνεγκεν
1472 4927 1543 4981 ἐν
1592 4926 1795 4994 πολλῇ
1836 4943 1950 4995 μα-

384 5022 674 5088 κροθυμίᾳ
707 5024 894 5091 σκεύη
940 5023 1126 5093 ὀργῆς
1183 5018 1623 5090 κατηρτισμένα
1668 5020 1755 5084 είς
1798 5016 1953 5072 ἀπώ-

384 5115 580 5176 λειαν,
642 5115 742 5167 καὶ
774 5115 873 5168 ἵνα
898 5116 1161 5185 γνωρίσῃ
1194 5116 1301 5168 τὸν
1328 5113 1598 5169 πλοῦτον
1625 5110 1732 5179 τῆς
1768 5109 1950 5175 δόξης

384 5205 571 5261 αὐτοῦ
597 5207 696 5259 ἐπὶ
721 5208 909 5274 σκεύη
931 5208 1165 5274 ἐλέους,
1199 5206 1238 5261 d
1258 5206 1706 5275 προητοίμασεν
1734 5205 1820 5267 εις
1854 5203 1952 5255 δό-

386 5298 521 5362 ξαν,
543 5296 702 5350 τοῦτο
729 5301 1055 5368 κατηγορεῖς
1084 5316 1099 5365 ;
1134 5298 1437 5368 Πληρώσας
1484 5296 1667 5366 μέντοι
1705 5292 1773 5345 τὰ
1813 5292 1949 5361 πρὸς

381 5388 484 5459 τὴν
532 5388 812 5460 παροῦσαν
845 5389 1116 5442 ἀντίθεσιν
1161 5390 1289 5460 ἄχρι
1318 5388 1533 5452 τούτου,
1567 5386 1702 5457 πρὸς
1730 5383 1829 5457 τὴν
1859 5383 1950 5437 τοῦ

381 5481 701 5553 ζητήματος
735 5481 954 5552 ἔρχεται
986 5481 1161 5549 λύσιν,
1193 5480 1487 5535 ἀκόλουθον
1507 5483 1620 5543 τοῖς
1650 5476 1951 5550 προκειμέ-

382 5592 497 5639 νοις
544 5575 641 5646 τὴν
699 5575 805 5629 ἀπὸ
856 5575 955 5645 τῆς
1009 5574 1390 5646 παρενθὲσεως
1434 5573 1692 5628 ἐπάνοδον
1722 5571 1859 5642 πρὸς
1885 5569 1953 5621 τὰ

383 5667 626 5739 πρότερα
672 5667 1065 5740 ποιησάμενος.
1107 5667 1292 5723 Εἰπὼν
1338 5667 1448 5738 γάρ
1478 5682 1492 5697 °
1555 5669 1623 5723 Ἀ
1674 5663 1951 5734 προητοί-

442 5847 489 5880 "
512 5846 669 5904 Rom.
701 5866 775 5918 ιιι,
805 5851 895 5917 22,
930 5851 1020 5906 25.

2065 1986 2204 2052 Quid
2263 2003 2344 2041 me
2396 1986 2562 2055 fecisti
2595 1985 2712 2039 sic?
2758 1985 2870 2048 Sic,
2924 1983 3119 2052 inquit,
3172 1994 3225 2038 tu
3273 2000 3300 2038 a
3341 1986 3627 2055 temetipso

2062 2079 2424 2148 redargueris.
2484 2077 2688 2132 Contra
2750 2076 2916 2130 Deum
2963 2090 3111 2142 ivero
3167 2077 3409 2142 sistens,
3442 2080 3624 2133 Deum

2062 2185 2287 2225 accusas
2340 2179 2393 2222 et
2442 2167 2781 2234 diciszQuid
2828 2168 2998 2221 adhuc
3048 2168 3407 2235 reprehendit?
3448 2168 3623 2224 Verba

2064 2263 2177 2317 haec
2207 2276 2303 2331 pro
2356 2260 2618 2315 Voluntati
2657 2264 2791 2315 enim
2819 2261 2931 2327 ejus
2966 2262 3079 2329 quis
3118 2262 3351 2316 resistit?
3382 2266 3628 2331 pcnetnlo

2064 2355 2349 2409 verborum
2378 2353 2788 2420 praecedentium
2810 2368 3026 2407 sensum
3054 2354 3475 2422 interpretatur;
3505 2356 3630 2423 qui-

2065 2445 2163 2500 bus
2192 2446 2241 2498 in
2281 2444 2497 2513 Moysen
2529 2444 2744 2514 quidem
2780 2444 2920 2497 Deus
2943 2445 3262 2500 misericors
3297 2447 3628 2513 ostenditur,

2064 2536 2117 2591 in
2144 2534 2482 2592 Pharaonem
2510 2546 2686 2591 autem
2716 2535 2946 2591 acerbus
2982 2538 2998 2556 '
3037 2538 3053 2555 ‘
3098 2539 3113 2557 ‘

2136 2817 2298 2871 Vens.
2333 2817 2423 2869 Si.
2472 2834 2491 2867 ι
2519 2815 2667 2883 Quos
2708 2824 2765 2870 et
2810 2814 3023 2869 vocavit
3067 2829 3163 2870 nos
3211 2829 3316 2869 non
3340 2813 3513 2870 solum
3559 2830 3629 2873 ex

2059 2907 2280 2973 Iudaeis,
2310 2908 2403 2963 sed
2433 2908 2598 2963 etiam
2629 2921 2696 2962 ex
2719 2906 2990 2976 gentibus.
3020 2922 3040 2957 ι

2133 3000 2328 3055 Paulus
2357 3001 2521 3071 igitur
2546 3000 2634 3055 his
2671 3001 2897 3053 innuere
2930 2998 3163 3053 intendit
3198 3000 3399 3068 optime
3426 2999 3628 3055 dictum

2061 3092 2227 3148 fuisse
2252 3092 2419 3162 Moysi
2452 3107 2466 3145 :
2500 3089 2785 3146 Miserebor
2807 3089 2960 3158 cujus
2982 3089 3230 3143 misereor
3255 3099 3302 3143 et
3329 3089 3629 3143 misericor-

2060 3187 2203 3240 diam
2270 3185 2530 3255 praestabo
2589 3185 2741 3255 cujus
2810 3183 3138 3249 miserebor;
3192 3195 3247 3239 et
3301 3183 3628 3239 Pharaoni:

2057 3276 2123 3330 In
2149 3277 2244 3329 hoc
2286 3279 2454 3346 ipsum
2489 3278 2708 3331 excitavi
2732 3288 2801 3341 te,
2836 3289 2892 3330 ut
2923 3275 3193 3330 ostendam
3223 3276 3278 3330 in
3300 3287 3348 3331 te
3385 3277 3630 3332 virtutem

2056 3378 2245 3416 meam.
2289 3362 2424 3415 Nam
2458 3363 2571 3416 vult
2606 3363 2764 3429 Deus,
2799 3364 2998 3434 inquit,
3032 3364 3284 3420 omnibus
3326 3375 3511 3421 notam
3541 3366 3627 3421 fa-

2059 3467 2183 3507 cere
2222 3453 2513 3522 potentiam
2546 3468 2721 3518 suam,
2764 3469 2865 3523 qua
2899 3455 3035 3509 alios
3066 3454 3287 3522 quidem
3330 3456 3408 3510 ira
3442 3458 3631 3527 dignos

2058 3560 2214 3615 paena
2253 3544 2468 3612 atliciet,
2502 3547 2729 3599 aliorum
2753 3561 2882 3600 vero
2915 3545 3230 3602 misericors
3258 3548 3628 3617 miserebitur,

2058 3640 2201 3706 quod
2249 3637 2302 3691 in
2352 3636 2638 3709 IEgyptios
2686 3648 2740 3693 et
2768 3636 3043 3693 lsraelitas
3090 3648 3347 3708 operatus
3393 3651 3498 3709 est,
3533 3642 3633 3696 du-

2060 3727 2441 3795 ctrinamjusti
2467 3728 2655 3798 judicii
2686 3742 3026 3783 communem
3066 3729 3267 3783 mundo
3298 3744 3626 3801 proponens.

2059 3818 2195 3872 Nam
2250 3819 2303 3872 in
2367 3820 2530 3872 multa
2578 3819 2833 3886 patientia
2891 3818 3104 3874 distulit
3179 3833 3396 3889 poenam
3450 3824 3625 3893 populi

2059 3913 2360 3967 Pharaonis
2385 3912 2623 3981 perversi
2656 3922 2712 3967 et
2740 3911 2885 3982 impii
2918 3910 3173 3981 dignique
3200 3913 3292 3982 qui
3320 3928 3627 3983 supremam

2058 4003 2268 4059 subiret
2322 4003 2686 4069 sententiam;
2738 4003 2885 4055 illum
2934 4017 3095 4073 supra
3136 4004 3414 4074 proprium
3461 4022 3631 4077 pupu-

2059 4095 2166 4150 lum
2199 4096 2446 4165 permisit
2476 4095 2683 4150 extolli.
2726 4094 2829 4148 Sed
2875 4104 3157 4166 postquam
3207 4096 3529 4165 conspicuus
3565 4099 3614 4150 ile

2058 4188 2353 4255 lustrisque
2401 4188 2511 4257 jam
2569 4202 2664 4257 per
2709 4184 2971 4240 saevitiam
3029 4185 3255 4241 effectus
3320 4197 3427 4250 est,
3478 4187 3626 4242 illum

2057 4288 2242 4350 aperte
2284 4278 2590 4345 destruxit;
2628 4287 2683 4333 et
2712 4277 3022 4331 universum
3061 4274 3424 4333 lsraelitarum
3456 4294 3628 4349 popu-

2058 4371 2166 4425 lum
2216 4372 2473 4425 misertus
2518 4369 2774 4424 servavit.
2827 4368 2978 4423 Talis
3010 4380 3093 4424 est
3141 4371 3292 4425 verbi
3342 4372 3623 4437 apostolici

2055 4477 2268 4517 sensus.
2311 4462 2415 4518 Sed
2444 4462 2515 4516 illi
2551 4464 2700 4516 deest
2735 4470 2794 4514 nt
2830 4460 2903 4514 sit
2933 4460 3283 4530 completum,
3325 4472 3381 4515 tu
3416 4462 3513 4515 hoc
3540 4480 3625 4515 re-

2053 4555 2350 4624 prehendis,
2370 4563 2431 4609 ut
2457 4556 2527 4609 sit
2554 4569 2743 4609 sensus
2772 4552 3072 4620 completus
3113 4553 3414 4622 'IlljllSlllOlli
3436 4570 3450 4606 :
3475 4552 3626 4618 Quod

2053 4650 2099 4703 si
2142 4648 2282 4702 Deus
2326 4648 2499 4701 volens
2546 4647 2811 4700 ostendere
2837 4656 2883 4697 et
2924 4656 3102 4697 notam
3139 4646 3313 4713 facere
3345 4648 3625 4713 potentium

2051 4757 2226 4803 suam,
2257 4740 2504 4793 sustinuit
2537 4739 2591 4791 in
2631 4737 2795 4791 multa
2833 4738 3087 4805 patientia
3124 4753 3248 4790 vasa
3277 4737 3389 4799 iraa,
3419 4746 3542 4804 apta
3572 4738 3625 4790 in

2052 4832 2350 4896 interitum,
2392 4839 2439 4885 et
2486 4842 2541 4882 ut
2592 4829 2877 4882 ostenderet
2916 4828 3125 4880 divitias
3178 4828 3359 4895 gloria:
3403 4845 3513 4881 sum
3563 4831 3618 4880 in

2055 4942 2180 4979 uasa
2208 4923 2600 4987 misericordiae,
2628 4936 2745 4991 quia
2767 4922 3080 4989 prteparavit
3107 4922 3160 4973 in
3184 4919 3426 4989 gloriam,
3463 4936 3618 4973 num.

2054 5020 2182 5088 quid
2221 5020 2320 5072 hoc
2351 5015 2742 5084 reprehendis?
2768 5013 3044 5069 Absolutis
3081 5028 3250 5084 usque
3275 5012 3381 5067 huc
3407 5029 3526 5082 qum
3556 5016 3623 5066 ad

2059 5121 2375 5181 praesentem
2397 5107 2753 5175 olrjectionem
2772 5116 3042 5176 spectant,
3056 5107 3123 5161 ad
3141 5106 3460 5162 solutionem
3480 5122 3625 5175 quat-

2058 5203 2251 5257 stionis
2272 5202 2472 5269 pergit.
2508 5208 2904 5267 consequenter
2936 5197 3176 5266 praefatis
3211 5212 3276 5250 ex
3311 5201 3619 5265 parentur-si

2057 5296 2123 5349 ad
2160 5296 2339 5364 priora
2373 5293 2611 5347 rediens.
2647 5289 2782 5344 Nam
2816 5305 2939 5345 cum
2981 5289 3115 5343 dixit
3147 5290 3279 5354 Quae
3311 5281 3620 5357 preparavit

2049 5392 2102 5443 in
2135 5390 2379 5461 gloriam,
2405 5390 2547 5458 quod
2578 5388 2782 5442 dictum
2824 5394 2910 5440 est
2944 5386 3009 5439 de
3032 5383 3251 5446 Judaeis,
3298 5385 3575 5455 subiunxit
3603 5404 3618 5438 :

2053 5484 2195 5548 Quos
2235 5492 2280 5535 et
2312 5481 2510 5534 vocavit
2542 5496 2635 5534 nos
2658 5496 2761 5533 non
2791 5477 2960 5531 solum
2988 5492 3052 5530 es;
3085 5475 3315 5539 Iudaeis,
3345 5477 3436 5529 sed
3460 5477 3619 5539 etiam

2050 5591 2114 5628 ex
2160 5575 2391 5644 gentibus
2416 5573 2500 5638 ης
2552 5573 2687 5626 adeo
2729 5579 2789 5623 ut
2840 5584 2983 5624 nunc
3034 5568 3420 5638 propemodum
3473 5567 3621 5623 dicit

2052 5665 2215 5719 Deum
2244 5664 2389 5732 justo
2419 5663 2623 5732 judicio
2651 5672 2705 5717 et
2728 5660 3062 5731 praescieutia
3099 5674 3195 5715 nos
3225 5660 3502 5716 vocavisse
3527 5662 3619 5732 qui
