4164 6516
645 357 774 424 17H
1558 410 1569 423 .
1728 356 2102 418 GENNADII
2138 357 2640 418 PATRIARCIL‘E
2686 357 2795 416 (ΞΡ.
3740 362 3857 428 1712

640 468 923 525 ex'Judatis
950 478 1006 523 et.
1046 482 1113 524 ex
1149 466 1398 535 gentibus
1444 466 1510 521 ad
1550 465 1698 521 illum
1744 470 2102 531 accurrimns,
2144 484 2207 521 ac

2236 482 2281 538 Α
2304 485 2503 537 μησεν
2540 472 2626 534 εἰς
2657 467 2865 532 δόξαν,
2897 468 3189 539 εἰρημένον
3208 470 3335 542 περὶ
3359 470 3469 523 τῶν
3496 470 3556 535 ἐξ
3582 473 3853 542 Αἰγύπτου,

644 561 890 619 nolentes
920 562 1291 632 dereliquisse,
1326 569 1380 615 et
1406 574 1525 630 qua:
1554 560 1708 615 nobis
1732 564 1985 615 eveniunt
2008 572 2061 614 et
2087 576 2207 631 quae

2314 560 2571 629 συνῆψεν,
2608 560 2728 626 Οὒς
2755 561 2853 613 καὶ
2900 560 3194 615 ἐκάλεσεν
3231 560 3413 631 ἡμᾶς,
3463 565 3534 619 οὐ
3580 566 3758 634 μόνον
3795 570 3856 633 ἐξ

644 663 829 723 postea
867 656 1181 711 acciderunt
1210 669 1313 715 non
1349 651 1589 709 dilierre.

2325 652 2647 715 Ἰουδαίων,
2684 652 2846 706 ἀλλὰ
2896 650 2996 704 καὶ
3044 651 3112 718 ἐξ
3170 652 3400 707 ἐθνῶνο
3452 654 3591 707 ῶστε
3643 656 3733 709 καὶ
3774 659 3859 714 νῦν

641 748 1065 820 παραπλησίως,
1105 747 1262 818 φησὶ,
1290 748 1358 817 τῇ
1392 745 1559 800 αὐτοῦ
1624 747 1807 819 κρίσει
1839 763 1896 800 τε
1937 748 2033 800 καὶ
2068 744 2374 816 προγνώσει
2437 745 2624 817 δικαίᾳ.
2678 746 2803 808 τοὺς
2844 745 2904 810 ἐξ
2965 744 3233 801 Ἰουδαίων
3277 764 3337 801 τε
3375 749 3526 819 ἡμᾶς
3571 752 3661 804 καὶ
3707 752 3857 807 ἐθνῶν

642 843 1091 915 προσδραμόντας
1113 840 1261 912 αὐτῷ
1324 840 1593 911 κέκληκεν
1634 844 1663 894 ὁ
1711 841 1843 904 Θεὸς
1868 884 1883 907 ,
1928 841 2331 906 καταλελοιπὼς
2392 841 2520 905 τοὺς
2542 843 2603 896 οὐ
2665 840 3056 914 βουληθέντας*
3120 844 3218 898 καὶ
3251 846 3441 900 καινὸν
3461 847 3611 901 οὐδὲν
3637 850 3779 919 παρά
3799 853 3858 905 τὰ

638 935 877 1007 πρόσθεν
916 935 1034 989 ἐστὶ⁹
1066 934 1127 988 τὸ
1163 932 1379 1003 συμϐὰν
1414 935 1499 1003 ἐφ’
1530 934 1710 1006 ήμῶν.

714 1032 873 1088 Vens.
919 1032 1010 1088 26.
1058 1050 1079 1085 ι
1112 1030 1180 1086 Et
1226 1032 1375 1087 erit:
1419 1033 1473 1086 in
1525 1030 1642 1086 loco
1700 1030 1787 1087 ubi
1837 1031 2039 1086 dictum
2089 1040 2206 1087 est:

638 1126 755 1181 Non
791 1124 941 1195 plebs
980 1138 1099 1177 mea
1131 1137 1227 1177 vos
1256 1136 1270 1174 :
1300 1122 1370 1177 ibi
1397 1122 1733 1177 vocabuntur
1765 1121 1859 1177 lilii
1905 1124 1998 1177 Dei
2029 1122 2156 1178 vivi.
2182 1141 2205 1178 ι

712 1216 961 1273 Ostendit
1020 1215 1182 1284 igitur
1239 1229 1270 1268 a
1325 1214 1605 1284 prapltelis
1669 1213 1984 1283 praedictum
2042 1214 2209 1272 fuisse

638 1309 757 1365 fore
794 1307 1017 1377 utjuste
1055 1320 1120 1361 ex
1146 1304 1345 1365 ludatis
1380 1315 1435 1360 et
1460 1304 1715 1375 gentibus
1741 1317 2068 1361 vocarentur
2110 1322 2209 1363 vo-

640 1404 834 1465 lentes,
866 1400 1115 1456 nolentes
1164 1409 1344 1453 autem
1374 1397 1849 1468 relinquerentur;
1880 1406 1936 1454 et
1974 1399 2203 1468 primum

642 1493 849 1549 inducit
878 1492 1017 1549 Osee
1050 1506 1236 1547 vocem
1265 1505 1384 1560 quae
1409 1490 1795 1559 praenuntiavit
1832 1490 1901 1546 de
1945 1490 2206 1547 lsraelitis

640 1586 869 1640 aliorum
899 1583 1115 1654 quidem
1159 1584 1214 1637 in
1250 1583 1620 1651 captivitatem
1644 1583 2024 1653 perditionem,
2070 1582 2207 1638 alio-

642 1693 765 1737 rum
795 1686 974 1733 autetn
1009 1690 1077 1731 ex
1121 1675 1434 1744 captivitate
1472 1673 1842 1730 liberationem
1874 1683 1928 1730 et
1970 1675 2207 1731 vocatio-

643 1785 767 1824 nem
800 1767 1039 1839 gentium
1066 1784 1079 1832 ;
1110 1766 1303 1821 deinde
1324 1764 1548 1820 verbum
1579 1764 1731 1820 Isaiae
1758 1766 2061 1830 clamantis,
2091 1782 2206 1822 om-

643 1862 727 1915 nis
756 1858 947 1924 lsrael,
977 1860 1165 1929 paucis
1189 1858 1450 1927 exceptis,
1476 1857 1591 1912 fore
1620 1859 1851 1913 ruinam.

713 2040 879 2098 Vens.
915 2040 1007 2108 52,
1030 2042 1122 2096 55.
1164 2057 1185 2093 ι
1213 2038 1572 2095 Oﬂ‘enderunt
1601 2043 1744 2097 enim
1772 2043 1826 2097 in
1860 2044 2093 2115 lapidem
2126 2045 2209 2100 of-

641 2135 903 2193 fensionis
931 2154 947 2191 ;
974 2137 1119 2191 sicut
1154 2136 1414 2205 scriptum
1452 2146 1537 2191 est
1566 2155 1579 2190 :
1611 2137 1748 2192 Ecce
1784 2153 1924 2208 pono
1965 2140 2018 2193 itt
2076 2139 2206 2195 Sion

645 2230 877 2299 lapidem
919 2226 1255 2293 offensionis,
1308 2237 1364 2284 et
1396 2239 1604 2300 petram
1638 2231 1876 2286 scandali
1908 2249 1923 2286 :
1950 2241 2004 2287 et
2031 2234 2207 2289 omnis

643 2329 735 2397 qni
769 2325 940 2382 credit
970 2324 1023 2379 in
1053 2338 1175 2379 eum
1211 2339 1319 2378 non
1347 2324 1727 2380 confundetur.
1757 2344 1776 2379 ι

714 2418 1006 2474 Sciendum
1046 2425 1227 2472 tamen
1263 2420 1403 2473 hanc
1439 2418 1729 2474 diotionem
1770 2420 2000 2489 lapidem
2039 2423 2206 2492 o/fen-

642 2511 804 2565 ιὶοιιὶε
831 2524 938 2564 non
978 2510 1272 2565 acervatim
1300 2510 1443 2565 sicut
1472 2526 1618 2566 nunc
1643 2511 1711 2566 ab
1745 2515 2007 2583 Apostolo
2045 2517 2209 2569 addu-

643 2607 805 2670 citur,
838 2605 933 2659 sed
965 2602 1397 2667 membratimﬁn
1427 2602 1581 2659 lsaiae
1600 2607 1898 2675 pr0pltetiis
1927 2609 2206 2662 exsistere.

641 2697 781 2751 Nam
825 2697 879 2750 in
924 2695 1188 2765 principio
1231 2692 1380 2749 lsaite
1412 2694 1537 2750 libri
1581 2697 1842 2766 scriptum
1888 2708 1971 2753 est
2005 2699 2072 2753 de
2110 2699 2211 2753 Do-

644 2790 793 2843 mino
824 2785 1120 2842 secundum
1154 2785 1659 2854 interpretationem
1704 2785 1910 2855 Aquilae
1952 2788 2038 2841 cui
2075 2801 2209 2841 con-

642 2878 835 2932 cordat
874 2877 1169 2946 apostolica
1204 2895 1219 2931 :
1252 2875 1372 2945 Ipse
1404 2892 1566 2943 pavor
1604 2887 1767 2931 vester
1802 2887 1850 2933 et
1895 2880 1999 2947 ipse
2041 2888 2210 2933 terror

643 2982 841 3037 vester;
869 2978 920 3025 et
946 2972 1042 3024 erit
1065 2969 1205 3024 vobis
1240 2969 1296 3024 in
1318 2969 1807 3037 sanctiﬁcationem,
1835 2981 1880 3023 et
1907 2972 1961 3024 in
1985 2969 2209 3039 lapidem

641 3060 946 3128 offensionis
974 3070 1023 3114 et
1066 3061 1122 3115 in
1144 3068 1346 3129 petram
1369 3060 1607 3114 scandali
1627 3060 1696 3113 ".
1730 3060 1797 3114 Et
1839 3072 1959 3130 post
1991 3061 2156 3115 multa
2192 3080 2207 3117 :

645 3150 780 3206 Ecce
803 3167 897 3221 ego
920 3151 1122 3205 mittant
1160 3151 1215 3204 in
1243 3150 1597 3221 fundamentis
1625 3151 1756 3206 Sion
1796 3152 2039 3219 lapidem,
2074 3154 2207 3221 lapi-

645 3250 763 3300 dem
792 3242 1435 3316 probatum,angularem,
1455 3245 1736 3314 pretiosum
1760 3260 1777 3299 :
1802 3245 1891 3313 qui
1910 3244 2207 3308 crediderit,
2236 3228 2277 3285 (ἶ

647 3353 748 3392 non
801 3335 1151 3407 confundetur
1178 3336 1244 3390 ’⁷.
1268 3334 1336 3390 Et
1355 3336 1658 3407 cuicunque
1681 3346 1884 3391 attente
1922 3344 2206 3403 utramque

646 3428 899 3483 dictionis
924 3435 1132 3497 partem
1158 3426 1489 3496 inspicienti,
1539 3426 1686 3480 clare
1737 3425 2039 3494 intelligere
2082 3426 2207 3478 licet

648 3518 701 3569 in
755 3532 862 3573 uno
895 3515 1013 3572 loco
1056 3515 1289 3585 lapidem
1324 3515 1642 3587 simpliciter
1683 3516 1905 3580 dictum,
1946 3516 2000 3569 in
2037 3515 2207 3570 altero

648 3611 930 3665 Dominum
955 3625 986 3664 a
1015 3608 1199 3665 divina
1226 3609 1512 3680 majestate
1540 3610 1889 3680 explicatum.

1287 3844 1440 3900 CAP.
1472 3842 1537 3898 Χ.

718 3988 881 4042 Vnus.
929 3986 983 4050 1,
1016 3986 1069 4038 2.
1118 4003 1137 4035 ι
1172 3981 1430 4046 Fratres,
1477 3978 1722 4033 voluntas
1772 3978 1989 4047 quidem
2028 3977 2206 4032 cordis

648 4083 751 4134 mei
786 4088 841 4133 et
877 4076 1185 4133 obsecratio
1224 4074 1289 4129 ad
1326 4072 1491 4127 Deum
1528 4084 1626 4139 pro
1658 4068 1821 4124 Israel
1872 4068 1934 4122 ﬁt
1975 4070 2025 4122 itt
2057 4069 2207 4123 salu-

649 4183 783 4226 tem.
813 4167 1201 4224 Testimonium
1230 4165 1375 4219 enim
1405 4163 1658 4233 perhibeo
1690 4162 1795 4216 illis
1818 4162 1962 4232 quod
1990 4161 2210 4215 aemula-

650 4266 851 4319 tionem
880 4261 971 4316 Dei
1004 4259 1221 4324 habent,
1246 4257 1339 4312 sed
1380 4271 1487 4310 non
1521 4257 1815 4310 secundum
1848 4253 2152 4307 scientiam.
2184 4270 2202 4303 ι

669 4345 672 4350 ’
722 4352 847 4407 llaec
876 4350 1061 4422 igitur,
1090 4348 1287 4418 inquit,
1319 4347 1385 4400 de
1420 4345 1526 4399 illis
1552 4345 1663 4399 dixi
1693 4359 1798 4398 non
1827 4342 1932 4398 illis
1957 4342 2208 4412 injuriant

648 4444 845 4500 aﬁ‘crre
890 4439 1191 4502 intendens,
1233 4437 1324 4492 sed
1380 4437 1606 4489 veritate
1651 4442 1891 4495 coactus,
1943 4431 2210 4500 siquidem

649 4545 802 4593 tanta
846 4545 927 4589 est
952 4548 1070 4588 mea
1118 4547 1245 4598 erga
1273 4529 1394 4583 illos
1414 4526 1788 4584 benevolentia
1818 4534 1877 4580 ut
1905 4538 2092 4594 precer
2111 4537 2208 4591 pro

647 4632 863 4687 illorum
894 4626 1090 4682 salute.
1118 4624 1186 4678 Et
1221 4619 1523 4677 aﬂ‘ectionis
1546 4617 1981 4688 probabilitatem
2021 4623 2207 4669 osten-

644 4724 801 4786 dens,
844 4720 980 4775 dixit
1010 4738 1022 4773 :
1054 4716 1431 4772 Testimonium
1471 4712 1607 4767 enim
1641 4712 1879 4782 perhibeo
1911 4707 2041 4772 illis,
2068 4706 2207 4776 quod

646 4814 1030 4870 a’mulationem
1063 4809 1159 4864 Dei
1188 4807 1397 4862 habent.
1429 4804 1554 4860 Scio
1579 4806 1720 4859 enim
1753 4812 1808 4857 et
1839 4800 2206 4857 testimonium

650 4906 932 4975 perhibeo,
974 4904 1096 4958 illos
1148 4900 1265 4955 zelo
1295 4899 1477 4953 divino
1517 4896 1713 4952 bellum
1740 4907 1928 4952 contra
1966 4893 2209 4963 Evange-

650 5001 777 5052 limn
820 4995 1144 5065 suscepisse,
1195 5006 1318 5045 nam
1349 4990 1465 5059 ipse
1506 5004 1644 5044 unus
1685 5002 1750 5043 ex
1797 4985 1899 5041 illis
1936 4984 2205 5054 qnondatn

651 5090 725 5143 fni
759 5106 772 5143 :
804 5087 894 5142 ille
929 5086 1079 5142 zelus
1102 5095 1279 5139 tamen
1312 5097 1438 5137 vera
1460 5081 1685 5136 scientia
1717 5088 1886 5135 caret.
1914 5075 2030 5132 Non
2064 5075 2207 5130 enim

652 5181 1013 5252 intelligentes
1047 5178 1269 5249 iustitiae
1310 5174 1730 5245 magnitudinem
1775 5182 1831 5229 et
1857 5170 2001 5226 illaut
2037 5167 2211 5224 homi-

650 5291 744 5329 nes
780 5272 1116 5333 solummodo
1156 5285 1251 5340 per
1296 5269 1532 5322 divinam
1558 5267 1787 5334 gratiam
1828 5276 1948 5317 esse
1991 5273 2211 5314 assecu-

2380 1031 2490 1088 Καὶ
2521 996 2699 1097 ἔσται,
2724 1033 2784 1086 ἐν
2815 1031 2895 1103 τῷ
2920 1032 3070 1103 τόπῳ
3102 1026 3164 1088 οὗ
3195 1034 3396 1106 ἐρῤέθη
3430 1038 3636 1101 αὐτοῖς,
3656 1041 3727 1093 Οὐ
3750 1041 3861 1107 λαός

2284 1136 2285 1143 ‘
2310 1136 2411 1190 μου
2434 1119 2615 1189 ὑμεῖς,
2650 1121 2769 1173 ἐκεῖ
2800 1121 3168 1192 κληθήσονται
3196 1123 3305 1177 uici
3332 1125 3476 1179 Θεοῦ
3504 1126 3718 1194 ζῶντος.
3745 1150 3763 1183 ι

2377 1208 2631 1263 Δείκνυσι
2674 1208 2854 1263 τοίνυν
2893 1211 2986 1264 καὶ
3009 1212 3076 1275 ἐκ
3110 1211 3218 1265 τῶν
3247 1216 3548 1285 προφητῶν
3595 1236 3859 1293 προμηνυ-

2306 1297 2420 1363 θὲν,
2454 1299 2531 1364 ὡς
2573 1299 2835 1370 ἐσόμενον
2864 1300 2925 1353 τὸ
2951 1299 3175 1366 δικαίως
3204 1305 3297 1357 κα)⁹
3330 1305 3391 1371 ἐξ
3407 1306 3679 1363 Ἰουδαίων
3702 1314 3789 1367 καὶ
3809 1314 3862 1380 ἐξ

2304 1392 2474 1447 ἐθνῶν
2505 1393 2634 1456 τοὺς
2688 1393 3144 1464 προσδραμόντας
3177 1396 3480 1468 κληθῆναι’
3516 1400 3642 1464 τοὺς
3689 1402 3743 1455 δὲ
3794 1407 3859 1477 μὴ

2304 1485 2691 1557 βουληθέντας,
2730 1486 3194 1558 καταλειφθῆναι*
3242 1488 3338 1543 καὶ⁸
3377 1489 3605 1562 πρώτην
3645 1496 3860 1565 παράγει

2302 1578 2402 1649 τὴν
2431 1578 2527 1632 τοῦ
2560 1576 2719 1648 Ὠσηέ
2755 1577 2963 1650 φωνὴν,
3014 1579 3081 1633 δι’
3109 1575 3177 1652 ἦς
3214 1580 3592 1652 Ἰσραηλιτῶν,
3638 1584 3742 1638 τῶν
3772 1588 3860 1656 μὲν

2303 1672 2385 1736 εἰς
2411 1672 2813 1743 αἰχμαλωσίαν,
2839 1672 3137 1744 ἀποϐολὴν,
3169 1673 3278 1728 τῶν
3309 1674 3370 1728 δὲ
3400 1674 3565 1728 πάλιν
3593 1676 3650 1743 ἐξ
3681 1678 3857 1749 αἰχμα-

2304 1761 2508 1826 λωσίας
2559 1764 2858 1830 οίκείωσιν,
2888 1765 2984 1818 καὶ
3022 1763 3194 1818 ἐθνῶν
3224 1764 3423 1835 κλῆσιν
3450 1769 3855 1839 προεσήμαινεν·

2235 1856 2281 1915 Β
2308 1853 2430 1911 εἶτα
2484 1856 2585 1929 τὴν
2626 1857 2851 1911 Ἠσαίου
2894 1856 3127 1927 βοῶντος
3158 1857 3241 1925 τὺ,
3286 1858 3491 1922 παντὸς
3556 1861 3734 1931 σχεδὸν
3773 1862 3858 1927 τοῦ

2321 1949 2542 2021 Ἰσραὴλ
2573 1948 2713 2021 πλὴν
2741 1948 2961 2019 ὀλίγων,
2987 1948 3204 2009 ἔσεσθαι
3236 1949 3583 2007 ἀπόπτωσιν.

2383 2064 2403 2099 ι
2444 2045 2796 2118 Προσέκοψαν
2823 2045 2933 2115 γὰρ
2968 2045 3048 2116 τῷ
3098 2044 3232 2117 λιθῷ
3283 2046 3384 2101 τοῦ
3428 2048 3853 2120 προσκόμματος,

2307 2138 2491 2203 καθὼς
2512 2139 2845 2210 γέγραπται,
2889 2138 3040 2203 Ἰδοὺ,
3058 2138 3252 2209 τίθημι
3284 2140 3343 2193 ἐν
3370 2139 3511 2193 Σιὼν
3538 2140 3680 2196 λίθον
3711 2157 3856 2213 προσ·

2306 2234 2611 2304 κόμματος,
2647 2233 2742 2287 καί⁹
2786 2231 2995 2302 πέτραν
3022 2231 3353 2286 σκανδάλου·
3404 2232 3503 2286 καὶ
3556 2233 3664 2296 πᾶς
3709 2235 3736 2285 ὁ
3775 2251 3856 2289 πι-

2307 2322 2513 2377 στεύων
2545 2323 2633 2377 ἐπ’
2666 2322 2836 2394 αύτῷ,
2875 2322 2937 2375 ού
2972 2323 3531 2393 καταισχυνθήσεται.
3575 2340 3594 2374 ι

2386 2414 2584 2470 ’ἰστέον
2626 2431 2690 2483 γε
2722 2414 2854 2485 μὴν,
2888 2413 2964 2478 ὡς
2996 2414 3030 2485 ὴ
3076 2413 3170 2467 τοῦ
3214 2415 3392 2481 λίθος
3421 2415 3856 2485 προσκόμματος

2306 2507 2450 2572 λέξις
2477 2507 2919 2579 διεσπαρμένως,
2953 2508 3054 2578 οὐχ
3080 2506 3158 2570 ὡς
3199 2507 3441 2579 εἴρηται,
3466 2506 3560 2560 νῦν
3586 2509 3853 2581 ἠθροισμέ-

2304 2616 2413 2663 νως
2437 2597 2516 2670 τῷ
2551 2597 2881 2670 ’Δποστόλῳ,
2912 2598 2971 2652 ἐν
3006 2598 3131 2663 ταῖς
3154 2598 3251 2652 τοῦ
3284 2597 3519 2653 Ἠσαίου
3545 2601 3718 2652 κεῖται
3741 2617 3853 2671 προ·

2306 2693 2573 2765 φητείαις.
2604 2692 2741 2764 Περὶ
2767 2690 2866 2764 μὲν
2884 2692 2994 2765 γὰρ
3022 2690 3199 2764 ἀρχὴν
3216 2690 3319 2762 τῆς
3345 2692 3538 2763 βίϐλου
3567 2693 3855 2765 γέγραπται

2308 2782 2555 2856 περὶτοῦ
2595 2783 2804 2854 Κυρίου
2837 2784 2984 2837 κατὰ
3010 2784 3110 2854 τὴν
3158 2783 3375 2838 ἔκδοσιν
3420 2783 3541 2838 τοῦ⁴
3572 2781 3853 2859 Ἀκύλου.ᾖ

2308 2876 2715 2947 συμπεφώνηκε
2749 2875 2845 2929 καὶ
2883 2876 2917 2946 ἡ
2967 2876 3330 2948 ἀποστολική·
3405 2876 3599 2945 Αὐτὸς
3645 2880 3853 2947 φύσημα

2305 2965 2499 3036 ὑμῶν’
2544 2965 2643 3023 καὶ
2689 2966 2871 3032 αὐτὸς
2925 2968 3172 3035 θρόησις
3215 2968 3419 3037 ὑμῶν·
3450 2970 3548 3024 καί
3602 2970 3762 3025 ἔσται
3781 2974 3854 3036 είς

2292 3058 2590 3127 ’ἁγίασμφ
2625 3059 2724 3112 καί
2770 3060 2857 3124 εἰς
2901 3060 3077 3113 λίθον
3123 3065 3616 3131 προσκόμματος,
3664 3064 3846 3129 καὶεί(

2308 3150 2532 3219 πέτραν
2550 3149 2923 3205 σκανδάλου.
2944 3152 3099 3205 Μετὰ
3122 3151 3295 3206 πολλὰ
3318 3152 3403 3219 δὲ,
3433 3154 3593 3209 Ἰδοὺ
3607 3155 3853 3224 ἐμϐάλλοι

2309 3246 2396 3308 είς
2426 3242 2501 3296 τὰ
2532 3242 2773 3313 θεμέλια
2810 3241 2962 3296 Σιὼν
2980 3245 3156 3299 λίθον
3197 3246 3536 3315 πολυτελῆ,
3568 3248 3850 3308 ἐκλεκτὸν,

2307 3332 2757 3403 ἀκρογωνιαῖον,
2789 3333 3065 3403 ἔντιμονο
3110 3333 3210 3387 καί
3260 3337 3293 3388 ό
3320 3337 3646 3399 πιστεύων,
3689 3338 3754 3390 οὐ
3779 3338 3852 3406 μὴ

2308 3424 2744 3493 καταισχυνθῇ.
2790 3426 2903 3479 Καὶ
2930 3426 3045 3478 ἐστι
3081 3442 3147 3495 γε
3176 3426 3455 3490 ἐνιδόντας
3481 3428 3715 3499 ἀκριϐῶς
3744 3429 3853 3482 ἐκα-

2306 3519 2449 3589 τέρῳ
2485 3518 2640 3589 μέρει
2672 3519 2772 3587 τῆς
2810 3517 3028 3583 λέξεως,
3080 3520 3417 3588 κατανοῆσαι
3473 3520 3657 3589 σαφῶς
3696 3520 3779 3575 τὸν
3802 3522 3853 3572 ἐν

2306 3612 2383 3681 τῷ
2413 3610 2585 3681 ἑτέρῳ
2616 3609 2761 3663 λίθον
2795 3610 2981 3675 ἁπλῶς
3039 3611 3354 3684 εἰρημένον,
3385 3614 3447 3666 ἐν
3479 3612 3555 3683 τῷ
3589 3613 3750 3685 ἑτέρῳ
3774 3612 3853 3671 τὸν

2307 3701 2512 3774 Κύριον
2540 3701 2956 3774 ἡρμηνευμένον
2982 3703 3076 3757 ἐπὶ
3112 3702 3209 3765 τοῦ
3236 3704 3426 3758 θεῐκοῦ
3460 3704 3780 3773 ἀξιώματος.

2964 3836 3123 3889 ΚΕΦ.
3160 3836 3219 3890 l'.

2388 3996 2404 4015 ι
2451 3971 2716 4041 Ἀδελφοὶ,
2747 3972 2780 4042 ἢ
2817 3972 2914 4043 μέν
2944 3972 3163 4026 εὐδοκία
3190 3973 3292 4040 τῆς
3323 3974 3467 4044 ἐμῆς
3505 3973 3747 4044 καρδίας,
3768 3972 3851 4025 καὶ.

2307 4066 2341 4135 ἡ
2370 4063 2557 4134 δέησις
2587 4067 2620 4135 ἡ
2653 4064 2789 4135 πρὸς
2834 4065 2928 4119 τὸν
2957 4063 3090 4117 Θεὸν
3138 4064 3280 4135 ὑπὲρ
3326 4064 3424 4117 τοῦ
3464 4066 3678 4136 Ἰσραήλ
3724 4067 3851 4117 ἐστιν

2308 4154 2389 4217 είς
2428 4154 2724 4223 σωτηρίαν.
2771 4152 3052 4224 Μαρτυρῶ
3077 4152 3186 4223 γὰρ
3220 4153 3407 4216 αὐτοῖς
3436 4155 3517 4207 ὅτι
3549 4154 3705 4224 ζῆλον
3731 4150 3849 4205 Θεοῦ

2309 4242 2548 4313 ἔχουσιν,
2575 4242 2690 4297 ἀλλ’
2720 4243 2780 4296 ού
2810 4243 2931 4297 κατ’
2961 4242 3284 4311 ἐπίγνωσιν.
3320 4262 3339 4295 ι

2379 4334 2567 4389 Ταῦτα
2593 4333 2744 4403 γοῦν,
2782 4334 2935 4405 φησὶ,
2967 4332 3105 4403 έςρην
3131 4334 3261 4404 περὶ
3299 4333 3503 4398 αὐτῶν,
3540 4333 3639 4386 οὐκ
3680 4331 3850 4385 ὀνειδί-

2310 4425 2423 4491 ζειν
2468 4425 2824 4496 βουλόμενος³
2877 4424 2991 4479 ἀλλ’
3035 4424 3141 4478 ὑπὸ
3188 4425 3288 4495 τῆς
3337 4424 3599 4494 ἀληθείας
3640 4427 3852 4494 ἠναγκα-

2312 4517 2526 4587 σμένος,
2561 4518 2704 4582 ἐπεὶ,
2736 4516 2863 4585 τόγε
2913 4515 3069 4586 ἐμὸν,
3114 4515 3287 4580 οὕτως
3326 4516 3541 4579 εὐνοίας
3587 4516 3693 4586 ἔχω
3742 4515 3851 4584 περὶ

2314 4611 2532 4674 αὐτοὺς,
2566 4609 2639 4674 ὡς
2676 4610 3031 4681 συνεύχεσθαι
3059 4611 3159 4681 τὴν
3200 4612 3476 4682 σωτηρίαν
3505 4612 3703 4673 αὐτοῖς.
3756 4608 3851 4662 Καὶ

2312 4705 2372 4759 τὸ
2396 4702 2617 4772 εὔλογον
2651 4703 2747 4773 τῆς
2772 4703 3064 4765 διαθέσεως
3108 4704 3342 4769 δεικνὺς,
3379 4704 3516 4776 φησί
3538 4718 3556 4735 ⁸
3588 4698 3850 4771 Μαρτυρῶ

2311 4795 2423 4867 γὰρ
2451 4796 2656 4863 αὐτοῖς
2684 4796 2771 4850 ὅτι
2798 4793 2979 4865 ζῆλον
3007 4797 3154 4851 Θεοῦ
3186 4799 3416 4867 έχουσι.
3445 4796 3686 4859 Σύνοιδα,
3712 4793 3848 4864 φησὶ,

2311 4892 2408 4946 καὶ
2442 4890 2702 4962 μαρτυρῶ
2731 4890 2878 4963 ζήλῳ
2909 4890 3038 4962 θείῳ
3070 4890 3207 4961 πρὸς
3238 4890 3303 4944 τὸ
3346 4890 3676 4959 Εύαγγέλιον
3718 4887 3849 4941 ἀνει-

2311 4984 2542 5057 ληφέναι
2572 4984 2751 5057 μάχην
2777 4983 3006 5049 αύτούς·
3040 4977 3121 5046 εἷς
3154 4984 3265 5055 γὰρ
3291 4977 3361 5053 ἦν
3388 4999 3521 5035 ποτε
3546 4980 3741 5036 τούτων
3768 4973 3850 5031 καὶ

2314 5078 2503 5142 αὑτός·
2541 5077 2688 5150 ζήλῳ
2746 5077 2932 5149 μέντοι
2968 5076 3223 5146 γνώσεως
3274 5075 3538 5147 ἀληθινῆς
3574 5074 3850 5140 ἀπεστερη-

2320 5170 2483 5242 μένῳ.
2508 5171 2583 5224 Ού
2608 5171 2717 5241 γὰρ
2749 5170 3016 5233 συνιέντες
3038 5169 3137 5240 τῆς
3160 5167 3509 5239 δικαιοσύνης
3537 5165 3598 5220 τὸ
3622 5161 3849 5236 μέγεθος,

2317 5264 2400 5318 ὅτι
2420 5263 2540 5334 θείᾳ
2565 5264 2750 5334 χάριτι
2780 5264 2954 5333 μόνως
2980 5261 3046 5315 ἂν
3068 5260 3237 5332 αὐτῆς
3253 5259 3531 5332 ἄνθρωποι
3558 5255 3848 5323 τεύξωνται,

652 5380 827 5431 turos,
876 5364 1198 5421 aemulantur
1231 5363 1414 5432 inepte
1454 5358 1669 5413 sancire
1710 5370 1827 5425 quae
1856 5354 1961 5407 illis
2006 5351 2210 5420 placent

2324 5354 2720 5427 φιλονεικοῦσιν
2750 5354 2959 5426 εὐήθως
2987 5354 3059 5407 τὰ
3087 5353 3270 5417 αὐτοῖς
3312 5350 3575 5406 δοκοῦντα
3605 5344 3850 5418 κυρῶσαιν

652 5468 707 5516 et
730 5456 1171 5529 justiticationem
1210 5452 1443 5524 propriis
1478 5450 1731 5520 Operibus
1770 5446 2040 5510 obtinere,
2079 5457 2213 5498 con-

652 5558 979 5612 tradicentes
1017 5550 1242 5622 iustitia:
1287 5565 1317 5604 a
1364 5547 1473 5603 Deo
1518 5544 1671 5601 nobis
1716 5558 1856 5598 nunc
1893 5543 1945 5597 itt
2000 5540 2214 5597 Christo

654 5649 810 5704 datae.

725 5825 893 5879 “Isa.
928 5838 1047 5888 vttt,
1073 5822 1157 5876 15.
1234 5821 1278 5852 ⁸⁷
1302 5818 1405 5875 lsa.
1440 5833 1629 5883 xxvtn,
1666 5815 1748 5872 t6.

2323 5450 2537 5520 καὶτῆς
2560 5446 2893 5511 δικαιώσεως
2916 5447 2984 5500 δι’
3008 5445 3224 5501 οἰκείων
3255 5444 3439 5514 ’ἔργων
3476 5440 3760 5511 ἐπιτυχεῖν,
3777 5435 3853 5488 ἁν-

2320 5540 2622 5609 τιλέγοντες
2683 5545 2747 5613 τῇ
2788 5541 2894 5596 ὑπὸ
2946 5538 3083 5594 Θεοῦ
3132 5538 3228 5594 νῦν
3290 5540 3349 5593 ἐν
3398 5533 3611 5609 Χριστῷ
3659 5528 3853 5599 δοθείσῃ

2322 5634 2466 5703 ὑμῖν.
