4164 6584
342 506 475 571 1713

1356 515 1816 577 FRAGMENTA
1851 515 1931 577 IN
1968 518 2206 579 EPIST.
2247 518 2347 578 AD
2384 515 2567 577 ROM.

3446 506 3581 570 1714

416 635 436 669 ι
470 617 636 681 Τέλος
662 616 772 688 γὰρ
801 616 962 689 νόμου
990 619 1223 690 Χριστὸς
1262 622 1342 685 είς
1364 622 1714 693 δικαιοσύνην
1748 602 1910 678 παντὶ

2087 624 2253 680 Vens.
2304 625 2356 680 Δ.
2400 644 2418 676 ι
2450 623 2601 677 Finis
2643 619 2786 677 enim
2834 620 2969 691 legis
3002 619 3275 684 Christus,
3325 620 3395 673 ad
3415 617 3581 687 justi-

338 708 416 780 τῷ
441 710 771 765 πιστεύοντι.
808 722 829 760 ι

410 800 623 855 Τελειοῖ
659 802 843 856 τοίνυν
875 802 968 857 τόν
999 800 1094 855 τοῦ
1124 802 1291 873 νόμου
1321 804 1525 859 σκοπὸν
1564 805 1592 857 6
1631 806 1869 878 Χριστός
1894 823 1909 839 ο

337 894 427 947 διὰ
458 895 556 965 τῆς
582 895 669 949 ἐπ’
702 895 866 950 αὑτὸν
898 895 1135 958 πίστεως
1163 896 1263 968 τὴν
1290 897 1570 953 δικαίωσιν
1596 901 1708 962 τοῖς
1742 916 1914 971 προσ-

344 986 519 1040 ιοῦσιν
557 986 709 1058 αὐτῷ
739 989 874 1041 πᾶσι
913 987 1281 1058 δωρούμενος.

424 1096 443 1129 ι
481 1080 719 1150 Μωῦσῆς
744 1079 852 1149 γὰρ
878 1083 1080 1150 γράφει
1108 1079 1209 1152 τὴν
1232 1082 1298 1134 ὲκ
1333 1081 1427 1135 τοῦ
1460 1081 1627 1152 νόμου
1652 1083 1916 1136 δικαιοσύο

343 1187 463 1241 νην,
495 1171 576 1224 ὅτι
620 1171 650 1223 ὁ
694 1172 931 1242 ποιήσας
959 1171 1100 1227 αὐτὰ
1127 1172 1438 1244 ἄνθρωπος,
1469 1172 1698 1244 ζήσεται
1730 1176 1787 1228 ὲν
1816 1176 1915 1228 αύ-

343 1265 476 1326 τοῖς.
515 1281 534 1315 ι
771 1303 779 1308 .

430 1356 524 1410 Ἐκ
572 1355 919 1427 συγκρίσεως
947 1356 1005 1410 δὲ
1033 1358 1135 1426 τῆς
1183 1357 1320 1428 πρὸς
1351 1353 1445 1413 τὸν
1490 1360 1677 1430 νόμον,
1702 1361 1917 1424 δεικνὺς

345 1446 447 1516 τῆς
475 1445 697 1518 χάριτος
726 1446 787 1499 τὸ
813 1446 1119 1516 φιλότιμον.
1150 1445 1315 1515 λέγει,
1348 1447 1503 1518 φησι,
1528 1449 1557 1502 ὁ
1586 1448 1811 1519 Μωσῆς,
1844 1448 1918 1518 μὴ

346 1540 610 1610 πρότερον
635 1540 693 1591 ὲν
715 1538 863 1610 νόμῳ
890 1537 1229 1592 δικαιοῦσθαι
1258 1556 1398 1605 τινα,
1429 1540 1536 1603 ἕως
1565 1539 1636 1595 ἂν
1654 1539 1918 1611 πληρώσῃ

346 1632 414 1685 τὰ
447 1630 543 1683 τοῦ
574 1630 741 1701 νόμου
773 1630 995 1684 ἅπαντα
1026 1630 1491 1702 παραγγέλματα.

424 1741 443 1774 ι
476 1723 598 1776 Ὅτι
627 1723 721 1777 ἐὰν
750 1722 1094 1794 ὁμολογήσῃς
1121 1724 1179 1776 ὲν
1207 1722 1285 1794 τῷ
1311 1723 1542 1796 στόματί
1580 1740 1675 1777 σου
1714 1722 1920 1795 Κύριον

360 1816 585 1885 Ἰησοῦν,
613 1816 708 1869 καὶ
738 1815 1032 1889 πιστεύσῃς
1053 1819 1111 1869 ὲν
1135 1819 1203 1888 τῇ
1233 1816 1432 1888 καρδίᾳ
1471 1833 1588 1881 σου,
1616 1818 1700 1871 ὅτι
1728 1819 1757 1870 ὁ
1788 1816 1922 1881 Θεὸς

350 1908 513 1964 αὑτὸν
539 1910 758 1981 ήγειρεν
783 1910 849 1962 ὲκ
882 1908 1115 1979 νεκρῶν,
1143 1909 1389 1982 σωθήσῃ.
1428 1929 1447 1962 ι

2016 718 2142 774 tiam
2172 718 2319 774 omni
2349 714 2613 771 credenti.
2647 733 2665 765 ι

2084 810 2268 864 Finem
2303 808 2437 879 legis
2462 807 2671 877 perﬁcit
2692 804 2959 871 Christus,
2990 820 3084 874 per
3109 803 3269 859 ﬁdem
3296 804 3348 858 in
3376 820 3433 859 se
3460 820 3580 859 om-

2014 902 2173 958 nibus
2194 902 2284 971 qui
2308 901 2372 955 ad
2398 900 2547 954 illum
2572 899 2834 953 accedunt
2865 896 3579 966 largiensiustiﬁcationcm.

2089 1081 2252 1137 Vens.
2293 1080 2347 1135 5.
2392 1100 2411 1132 ι
2446 1079 2656 1150 Moyses
2701 1079 2844 1133 enim
2882 1079 3101 1147 scripsit
3142 1078 3394 1148 quoniam
3428 1074 3587 1145 justi-

2020 1176 2149 1231 tiam
2208 1188 2327 1245 quae
2369 1186 2436 1230 ex
2488 1174 2611 1244 lege
2653 1180 2764 1238 est,
2816 1171 2905 1240 qui
2952 1164 3145 1225 fecerit
3195 1166 3393 1235 homo,
3441 1173 3587 1225 viret

2018 1266 2071 1321 in
2110 1282 2195 1322 ea.
2226 1285 2247 1318 ›

2088 1360 2158 1414 At
2183 1374 2249 1414 ex
2285 1359 2691 1428 comparatione
2730 1373 2853 1412 cmn
2898 1357 3035 1426 lege,
3065 1352 3357 1411 ostendens
3400 1360 3590 1425 gratia:

2018 1452 2439 1516 aemulationem,
2485 1451 2614 1504 dicit
2644 1448 2879 1520 Moyses,
2929 1451 3127 1518 inquit,
3168 1444 3442 1502 hominem
3486 1466 3588 1501 non

2019 1543 2166 1612 prius
2199 1544 2253 1597 in
2285 1542 2402 1613 lege
2437 1540 2722 1611 iustiﬁcari
2750 1557 2911 1613 quam
2954 1542 3135 1596 omnia
3163 1540 3299 1611 legis
3340 1542 3595 1594 mandata

2019 1634 2416 1703 adimpleverit.
3578 1620 3581 1621 ⁷

2096 1727 2263 1783 Vens.
2300 1729 2352 1782 9.
2404 1746 2422 1778 ι
2454 1726 2606 1793 Quod
2635 1728 2679 1781 si
2710 1726 3026 1781 conﬁtearis
3064 1726 3114 1779 in
3161 1724 3259 1781 ore
3293 1734 3383 1779 tuo
3409 1723 3563 1778 Domi

2022 1836 2150 1873 num
2176 1819 2381 1882 Jesum,
2423 1830 2480 1873 et
2521 1818 2573 1872 in
2603 1822 2764 1873 corde
2807 1828 2898 1871 tuo
2944 1818 3241 1885 credideris
3277 1815 3418 1888 quod
3453 1818 3603 1874 Dousa

2024 1912 2171 1966 illum
2205 1912 2490 1966 suscitavit
2522 1927 2551 1965 a
2583 1911 2830 1976 mortuis,
2861 1911 3042 1965 salvus
3070 1910 3201 1964 eris.
3236 1929 3255 1962 ι

423 2002 601 2073 Ὅπερ
632 2001 813 2055 τοίνυν
844 2001 1061 2070 ἐλέγετο
1091 2002 1221 2073 περὶ
1264 2003 1363 2073 τῆς
1391 2002 1487 2055 τοῦ
1520 2002 1688 2072 νόμου
1716 2001 1916 2063 δόσεως

2088 2004 2243 2071 Quod
2298 2005 2463 2073 igitur
2512 2005 2577 2059 de
2625 2004 2716 2060 illo
2766 2006 2907 2058 dono
2960 2003 3092 2074 legis
3128 2003 3429 2068 dicebatur,
3491 2005 3591 2058 hoc

350 2092 589 2163 ἐκείνης,
621 2092 780 2146 τοῦτο
829 2093 923 2146 καὶ
950 2094 1083 2163 ἡμῖν
1128 2092 1224 2147 νῦν
1256 2094 1350 2147 ἐπὶ
1399 2096 1499 2165 τῆς
1550 2093 1639 2147 διὰ
1680 2091 1919 2165 Χριστοῦ

351 2188 575 2258 χάριτος
612 2186 936 2258 ἐφαρμόζει.
964 2187 1039 2239 Ού
1072 2185 1178 2258 χρὴ
1219 2181 1314 2240 οὖν
1345 2186 1651 2242 διαπιστεῖν
1683 2187 1853 2257 ἡμᾶς,
1886 2184 1921 2256 ἢ

356 2281 485 2350 περὶ
517 2279 618 2349 τῆς
656 2278 715 2346 ἐξ
751 2278 984 2352 ούρανοῦ
1031 2278 1126 2332 τοῦ
1156 2279 1413 2351 Σωτῆρος
1442 2278 1693 2343 καθόδου,
1725 2278 1759 2351 ἣ
1794 2277 1925 2349 περὶ

353 2370 453 2442 τῆς
505 2371 568 2423 ἐκ
616 2370 828 2442 νεκρῶν
861 2369 1027 2424 αὑτοῦ
1065 2370 1231 2425 πάλιν
1290 2370 1479 2424 ἀνόδου
1506 2386 1521 2400 ·
1575 2368 1714 2424 ἀλλὰ
1741 2368 1926 2439 τελείᾳ

357 2463 557 2535 καρδίᾳ
600 2464 1059 2528 πεπιστευκότας,
1111 2464 1396 2535 ὁμολογεῖν
1430 2462 1526 2517 καὶ
1559 2463 1648 2517 διὰ
1676 2461 1927 2533 γλώττης

356 2557 457 2627 τὴν
493 2556 677 2629 χάριν.
706 2557 1169 2628 Περιγενήσεσθαι
1199 2557 1309 2629 γὰρ
1356 2559 1489 2629 ἡμῖν
1525 2558 1685 2610 τοῦτο
1713 2554 1930 2609 ποιοῦσι

359 2650 457 2721 τὴν
485 2649 574 2703 διὰ
591 2650 690 2719 τῆς
712 2648 1049 2714 δικαιώσεως
1079 2650 1357 2722 σωτηρίαν
1381 2668 1446 2704 συ
1455 2649 1587 2721 μῦῇ.
1617 2649 1691 2701 Τὸ
1713 2649 1823 2720 γὰρ
1844 2649 1931 2715 είς

363 2741 777 2810 δικαιοσύνην,
799 2744 894 2797 καὶ
920 2743 981 2797 τὸ
997 2745 1086 2811 είς
1113 2743 1435 2812 σωτηρίαν,
1467 2742 1631 2795 διεῖλε
1664 2741 1930 2813 συνήθως·

366 2835 540 2889 καὶτὸ
569 2836 690 2905 μὲν,
715 2836 779 2907 τῇ
802 2835 984 2889 πίστει
1002 2836 1100 2905 τῆς
1126 2834 1376 2906 καρδίας·
1395 2834 1456 2887 τὸ
1480 2834 1555 2897 δὲ,
1579 2835 1645 2903 τῇ
1673 2818 1935 2903 ὁμολογίᾳ

364 2926 462 2980 τοῦ
509 2928 778 2998 στόματος
828 2927 1176 2981 ἀποδέδωκεν
1209 2940 1224 2955 ·
1282 2926 1565 2997 ἑκατέροις
1600 2924 1934 2997 ἁρμόζοντος

366 3018 666 3089 ἑκατέρου·
697 3018 898 3090 καρδίᾳ
945 3018 1045 3088 μὲν
1095 3018 1241 3088 γὰρ,
1294 3018 1450 3087 φησὶ,
1494 3016 1884 3089 πιστευόμενος
1910 3017 1938 3069 ὁ

366 3110 601 3183 Χριστὸς
625 3110 825 3165 δικαιοῖ
856 3128 869 3142 ·
906 3111 1137 3181 στόματι
1165 3110 1223 3164 δὲ
1249 3109 1714 3180 ὁμολογούμενος,
1748 3107 1933 3173 σώζει.

444 3222 464 3256 ι
507 3204 651 3275 "Apta
683 3204 718 3273 ὴ
744 3203 926 3267 πίστις
952 3204 1012 3270 ἐξ
1041 3204 1232 3273 ἀκοῆς,
1260 3205 1294 3273 ἡ
1322 3204 1380 3256 δὲ
1410 3203 1548 3272 ἀκοὴ
1571 3202 1659 3256 διὰ
1689 3202 1939 3273 ῥήματος

370 3295 530 3351 Θεοῦ.
574 3317 592 3349 ι

445 3390 600 3460 Τάχα
628 3388 686 3441 δὲ
714 3386 828 3452 θεὶς
856 3387 955 3457 τὴν
987 3387 1080 3441 τοῦ
1120 3387 1342 3440 Ἠσαίου
1383 3388 1588 3456 φωνὴν,
1632 3388 1712 3453 τὸ,
1746 3386 1944 3455 Κύριε,

375 3481 469 3546 τις
494 3481 821 3535 ἐπίστευσε
852 3477 929 3548 τῇ
961 3477 1117 3548 ἀκοῇ
1142 3478 1343 3547 ήμῶν;
1394 3478 1539 3531 ἔοικε
1573 3480 1829 3549 συνιστᾷν
1883 3480 1947 3533 ὲκ

376 3572 604 3642 ταύτης,
642 3573 737 3625 καὶ
764 3572 826 3625 τὸ
852 3568 913 3625 εὖ
944 3569 1093 3641 αύτῷ
1123 3570 1507 3642 προειρῆσθαι,
1550 3570 1633 3636 τὸ,
1688 3570 1822 3637 Πῶς
1850 3587 1947 3625 πι-

376 3665 753 3718 στεύσουσιν
788 3659 863 3721 οὗ
910 3664 1023 3717 οὐκ
1068 3661 1378 3731 ἤκουσαν;
1415 3662 1564 3732 λέγει
1617 3663 1727 3734 γάρ
1753 3678 1768 3694 ·
1799 3664 1949 3733 ’Δρα

378 3757 419 3825 ἡ
458 3756 663 3822 πίστις
691 3756 761 3820 ἐξ
796 3754 1011 3824 ἀκοῆς.
1046 3754 1219 3809 Τοῦτο
1241 3757 1444 3823 ⁴ἐκεῖνο,
1476 3756 1662 3826 φησὶν,
1706 3755 1735 3809 ὃ
1767 3755 1950 3827 μικρῷ

2022 2106 2188 2159 etiam
2232 2103 2384 2158 nobis
2428 2118 2569 2157 nunc
2600 2103 2852 2157 convenit
2882 2106 2947 2156 de
2986 2104 3158 2171 gratia
3201 2101 3429 2156 Christi.
3474 2102 3589 2155 Non

2024 2209 2154 2264 ergo
2198 2196 2445 2249 dubitare
2480 2195 2759 2259 debemus,
2802 2194 2915 2249 sive
2950 2193 3016 2248 de
3047 2193 3344 2249 Salvatoris
3390 2207 3420 2247 e
3453 2194 3591 2248 Ctl‘lO

2026 2291 2312 2356 descensu,
2351 2290 2465 2344 sive
2488 2290 2554 2343 de
2590 2288 2765 2342 reditu
2808 2301 2837 2339 a
2869 2287 3132 2351 mortuis;
3167 2275 3266 2341 sed
3297 2294 3409 2340 toto
3431 2287 3594 2341 corde

2028 2384 2334 2447 credentes,
2370 2383 2599 2452 gratiam
2628 2381 2806 2449 lingua
2838 2378 3111 2435 conﬁteri.
3139 2370 3276 2433 Nam
3312 2378 3465 2432 nobis
3492 2379 3595 2432 hoc

2030 2476 2357 2533 facientibus
2408 2475 2592 2532 evenit
2640 2484 2699 2528 ut
2749 2488 2843 2544 per
2870 2470 3313 2541 justiﬁcationem
3364 2470 3593 2526 salutem

2032 2575 2252 2643 insuper
2279 2573 2641 2628 obtineamus.
2674 2569 2754 2623 Ad
2784 2568 3050 2640 justitiam
3082 2568 3225 2622 enim
3268 2558 3324 2621 et
3358 2568 3427 2619 ad
3456 2566 3596 2618 sutu-

2034 2678 2135 2724 tem
2166 2667 2479 2736 frequenter
2514 2666 2794 2731 distinxit;
2842 2662 2969 2717 illud
3000 2662 3217 2730 quidem
3263 2658 3443 2715 cordis
3482 2657 3601 2712 lidei
3686 2666 3688 2668 '

2035 2761 2266 2831 largitus
2312 2768 2418 2822 est,
2450 2758 2554 2813 hoc
2584 2772 2715 2811 vero
2753 2754 2866 2811 oris
2910 2752 3269 2819 confessioni;
3315 2763 3605 2818 utrumque

2037 2854 2252 2923 utrique
2301 2860 2427 2921 apte
2470 2849 2851 2909 connectitur;
2896 2862 3020 2901 nam
3084 2845 3355 2908 Christus,
3406 2844 3602 2910 inquit,

2038 2942 2205 2998 corde
2256 2942 2307 2997 in
2381 2942 2554 3012 ipsum
2612 2940 2896 2995 credentes
2948 2938 3232 3009 justiﬁcat,
3270 2950 3365 2990 ore
3424 2946 3604 2987 autem

2039 3035 2365 3091 conﬁtentes
2392 3034 2582 3089 salvat.

2113 3214 2278 3269 Vens.
2314 3210 2400 3266 Π.
2445 3228 2464 3262 ι
2497 3208 2637 3280 Ergo
2670 3208 2803 3263 ﬁdes
2835 3222 2901 3261 ex
2932 3205 3140 3268 auditu,
3181 3202 3394 3256 auditus
3431 3213 3611 3255 autem

1970 3326 2013 3384 ο
2047 3325 2143 3381 per
2171 3308 2392 3362 verbum
2426 3304 2631 3360 Christi
2665 3302 2829 3372 (Dei).
2864 3321 2881 3353 ι

2117 3399 2273 3453 Modo
2302 3397 2464 3450 allato
2498 3397 2600 3450 hoc
2627 3394 2777 3449 Isaiae
2797 3393 3001 3448 verbo:
3034 3389 3276 3454 Domine,
3303 3390 3419 3459 quis
3441 3390 3616 3441 credi-

2047 3494 2126 3547 dit
2156 3490 2367 3545 auditui
2392 3496 2569 3543 nostro
2593 3486 2675 3539 ἐἳ
2696 3483 3021 3540 conﬁrmare
3051 3482 3266 3537 videtur
3291 3491 3440 3535 recte
3466 3496 3494 3532 τι
3525 3496 3611 3535 se-

2048 3585 2278 3654 metlpso
2316 3596 2475 3652 supra
2508 3580 2735 3647 dictum,
2784 3577 3057 3643 Quomodo
3097 3578 3302 3629 credent
3352 3575 3421 3639 ei,
3462 3590 3613 3643 quem

2048 3694 2153 3732 non
2194 3675 2517 3730 audierunt?
2553 3672 2687 3727 dicit
2729 3672 2875 3726 enim
2904 3689 2919 3724 :
2946 3667 3087 3740 Ergo
3120 3666 3249 3738 ﬁdes
3291 3664 3369 3721 ex'
3403 3665 3612 3719 auditu.

2049 3763 2163 3822 Hoc
2191 3766 2386 3835 ipsum,
2419 3762 2615 3833 inquit,
2645 3758 2806 3831 paulo
2835 3772 3000 3828 supra
3034 3757 3367 3819 dicebamus,
3392 3754 3617 3808 creden-

379 3846 618 3917 πρόσθεν
642 3849 980 3918 ὲφάσκομεν,
1008 3847 1089 3901 ὅτι
1114 3848 1207 3903 τὸν
1258 3848 1537 3901 πιστεύειν
1569 3847 1833 3919 μέλλοντα
1871 3847 1937 3901 δεῖ

2050 3868 2157 3913 tem
2210 3864 2463 3925 oportere
2512 3855 2743 3923 primum
2790 3852 2980 3907 audire
3026 3849 3329 3905 doctrinam
3367 3845 3482 3915 ejus
3529 3847 3641 3900 cui

380 3940 645 4011 πρότερον
672 3940 771 4009 τῆς
803 3940 933 4011 περὶ
962 3939 1057 3993 τοῦ
1078 3940 1579 4013 πιστευθησομένου
1602 3941 1951 4008 διδασκαλίας

378 4030 630 4087 ἀκοῦσαι.
669 4032 738 4086 Ἡ
758 4030 824 4085 δὲ
851 4032 1029 4100 ἀκοὴ,
1051 4031 1149 4085 διὰ
1172 4032 1439 4103 ῥήματος
1467 4034 1616 4088 Θεοῦ
1637 4047 1652 4064 ⁸
1691 4034 1813 4089 ἀντὶ
1834 4033 1949 4101 τοῦ,

392 4122 459 4177 Ἦ
495 4123 678 4193 μέντοι
715 4123 1053 4188 διδασκαλία,
1096 4126 1163 4179 δι’
1193 4126 1476 4197 ἐνεργείας
1517 4125 1668 4190 θείας
1712 4131 1829 4191 τοῖς
1872 4127 1952 4181 δι-

381 4216 645 4270 δάσκουσι
674 4217 1060 4288 παραγίνεται.

1015 4325 1174 4383 ΚΕΦ.
1216 4326 1320 4380 lA'.

463 4456 483 4491 ι
526 4436 685 4506 Λέγω
716 4430 832 4500 οὖν,
865 4438 959 4521 Μὴ
992 4436 1252 4492 ἀπώσατο
1303 4438 1331 4491 6
1376 4438 1508 4502 Θεὸς
1546 4439 1640 4493 τὸν
1684 4438 1813 4494 λαὸν
1858 4439 1953 4494 αὐ-

383 4547 515 4595 τους
556 4549 574 4582 ι

456 4622 557 4676 Διὰ
588 4621 687 4692 τῆς
720 4620 1043 4694 προσθήκης
1082 4622 1286 4693 ταύτης
1342 4623 1613 4694 ἐμφήνας,
1660 4624 1780 4677 οὐδὲ
1828 4624 1953 4679 λαὸν

2050 3949 2273 4005 credere
2302 3948 2480 4003 debet.
2511 3945 2739 3999 Auditus
2769 3952 2946 3997 autem
2972 3957 3064 4011 per
3092 3940 3303 3997 verbum
3337 3939 3456 4004 Dei,
3495 3955 3610 4007 pro,

2053 4039 2368 4095 Doctrinam
2403 4045 2585 4092 tamen
2636 4049 2734 4105 per
2788 4033 3161 4103 Operationem
3194 4029 3434 4085 divinant
3485 4029 3618 4084 reci-

2052 4132 2204 4203 piunt
2233 4130 2323 4201 qui
2353 4129 2568 4185 docent.

2685 4316 2837 4375 CAP.
2885 4315 2981 4371 XI.

2123 4437 2288 4492 Vens.
2327 4436 2379 4490 l.
2426 4453 2444 4487 ι
2476 4433 2604 4487 Dico
2625 4446 2755 4502 ergo
2783 4448 2797 4486 :
2823 4428 3092 4499 Numquid
3121 4428 3260 4483 Deus
3290 4423 3489 4496 repulit
3520 4438 3641 4492 μοι

2052 4529 2234 4600 pulum
2262 4526 2460 4584 suum?
2490 4545 2509 4578 ο

2129 4620 2253 4676 Haec
2297 4619 2546 4675 addendo
2595 4616 2835 4672 ostendit
2877 4615 3012 4673 alios
3059 4628 3166 4669 non
3212 4627 3332 4668 esse
3365 4611 3619 4682 populum

388 4703 529 4767 εῖναι
558 4682 684 4775 τούς
713 4682 932 4777 ἄλλους,
957 4682 1114 4778 Θεοῦ,
1152 4682 1811 4776 κᾶν-τὸίαύτδν-τούτοις
1835 4714 1937 4767 ὲπι·

2058 4713 2175 4779 Dei,
2216 4710 2468 4783 quamvis
2508 4708 2758 4765 eumdem
2792 4708 3089 4763 secundum
3124 4719 3343 4761 carnem
3370 4704 3624 4775 progeni-

389 4806 685 4879 γράφοιντο
710 4806 855 4860 κατὰ
881 4806 1061 4877 σάρκα
1089 4804 1434 4880 προπάτορα.

467 4917 487 4950 ι
530 4898 693 4952 Ἀλλὰ
722 4900 775 4952 τί
802 4898 951 4967 λέγει
981 4898 1132 4970 αὑτῷ
1154 4900 1183 4952 6
1212 4898 1623 4970 χρηματισμόςς
1666 4898 1957 4953 κατέλιπον

394 4988 617 5059 ὲμαυτῷ
645 4990 1085 5061 ἑπτακισχιλίους
1114 4989 1333 5061 ἄνδρας,
1366 4990 1559 5053 οἵτινες
1584 4990 1684 5042 οὐκ
1705 4990 1959 5061 ἔκαμψαν

394 5078 526 5151 γόνυ
555 5084 622 5151 τῇ
654 5081 817 5135 Βάαλ.
853 5100 872 5134 ι

468 5174 580 5227 Καὶ
611 5173 728 5241 ἅμα
780 5175 845 5225 ἐκ
876 5172 976 5243 τῆς
1021 5174 1245 5247 Γραφῆς
1294 5174 1501 5245 ταύτης
1544 5174 1840 5246 παρίστησι
1878 5175 1957 5240 τὸ,

397 5266 500 5322 κᾶν
524 5267 637 5327 τοῖς
668 5262 979 5335 ἔμπροσθεν
1004 5266 1215 5339 χρόνοις
1258 5268 1486 5331 πολλοὺς
1514 5267 1574 5332 ἐξ
1616 5268 1794 5322 αὐτῶν
1827 5268 1962 5322 ἀπο-
1989 5301 2006 5317 .

395 5357 833 5429 δοκιμασθῆναιο
879 5357 942 5412 τὸ
988 5360 1171 5429 μέντοι
1226 5361 1297 5415 ἐν
1334 5362 1415 5428 τῷ
1447 5364 1641 5431 Ἠλίᾳ,
1674 5363 1794 5417 ἀντὶ
1846 5363 1960 5430 τοῦ,

396 5451 489 5506 διὰ
511 5449 607 5503 τοῦ
640 5450 846 5518 Ἠλίου,
882 5450 1123 5522 εἴρηται.

474 5561 495 5597 ι
528 5541 685 5598 Οὕτω
721 5544 817 5596 καὶ
844 5544 903 5596 ἐν
923 5542 1001 5614 τῷ
1030 5544 1125 5599 νῦν
1158 5545 1334 5619 καιρῷ
1362 5530 1569 5619 λεῖμμα
1595 5550 1713 5602 κατ’
1737 5547 1964 5620 ἐκλογὴν

401 5635 625 5708 χάριτος
656 5636 898 5704 γέγονεν.

471 5725 638 5779 Οὐδὲν
660 5721 777 5791 οὖν,
812 5726 889 5790 ὡς
926 5725 1099 5795 ἔοικε,
1148 5728 1335 5783 καινὸν
1363 5730 1482 5784 οὐδὲ
1524 5729 1582 5785 ὲν
1625 5729 1703 5802 τῷ
1739 5731 1964 5799 παρόντι

404 5818 717 5889 τετένηταιν
768 5818 1024 5890 λειψάνου
1069 5822 1217 5888 τινὸς
1268 5823 1408 5879 κατὰ
1444 5824 1606 5897 χάριν
1655 5824 1967 5893 ἐκλεγέντος

480 5954 528 5991 ³⁸
566 5955 667 6015 lsa.
699 5972 817 6026 Lm,
854 5959 907 6014 l.

2060 4816 2229 4863 torem
2260 4814 2571 4876 agnoscant.

2135 4899 2295 4954 Vsus.
2336 4897 2394 4951 Δ.
2442 4916 2459 4949 ι
2494 4895 2600 4951 Sed
2632 4894 2759 4967 quid
2805 4893 2940 4949 dicit
2981 4891 3057 4949 illi
3106 4892 3348 4947 divinum
3402 4904 3627 4969 respon—

2059 4990 2223 5046 sum?
2258 4988 2469 5058 Reliqui
2504 4987 2635 5042 mibi
2660 4996 2868 5055 septem
2904 4984 3070 5039 millia
3096 4984 3369 5050 virorum,
3387 4982 3482 5054 qui
3519 4999 3625 5038 non

2061 5090 2423 5139 curvaverunt
2456 5095 2627 5151 genua
2659 5090 2781 5135 ante
2810 5078 2958 5134 Baal.
2990 5096 3010 5130 ι

2128 5172 2221 5228 Et"
2246 5171 2409 5227 simul
2449 5186 2516 5227 ex
2558 5171 2659 5225 hoc
2705 5169 3000 5238 Scriptura:
3046 5182 3215 5222 sacra:
3246 5160 3365 5222 loco
3395 5174 3626 5229 constat,-

2062 5267 2224 5323 etiam
2262 5265 2315 5320 in
2346 5261 2778 5336 praecedentibus
2816 5260 3151 5329 temporibus
3184 5257 3383 5315 multos
3419 5273 3485 5313 ex
3520 5256 3629 5313 illis

2064 5360 2233 5416 fuisse
2266 5359 2518 5430 rejectos.
2561 5355 2677 5414 Hoc
2707 5366 2909 5420 tamen,
2932 5355 2989 5409 in
3015 5353 3191 5420 JElt’a,
3218 5340 3340 5425 pro,
3368 5355 3437 5410 ab
3463 5352 3630 5418 Elia,

2068 5453 2273 5507 dictum
2315 5462 2419 5507 cst.

2138 5542 2299 5597 Vsus.
2343 5542 2396 5596 5.
2446 5560 2463 5593 ι
2498 5540 2587 5597 Sic
2625 5556 2754 5612 ergo
2791 5550 2845 5595 et
2874 5540 2927 5594 in
2962 5541 3064 5595 hoc
3094 5547 3356 5609 tempore,
3395 5532 3641 5602 reliquize

2067 5636 2363 5692 secundum
2396 5630 2717 5691 electionem
2746 5634 2933 5705 gratia:
2963 5632 3124 5689 salva:
3153 5630 3307 5685 factae
3337 5637 3485 5683 sunt.
3518 5645 3537 5677 ι

2137 5728 2281 5782 Nihil
2306 5742 2457 5798 ergo,
2499 5735 2559 5780 ut
2589 5726 2823 5794 videtur,
2854 5726 2979 5781 novi
3012 5724 3071 5780 in
3114 5731 3356 5793 tempore
3381 5714 3633 5787 praesenti

2067 5819 2285 5887 accidit,
2329 5834 2450 5875 cum
2482 5816 2646 5874 etiam
2688 5829 2833 5874 nunc
2857 5812 3118 5887 quosdam
3160 5826 3229 5868 ex
3252 5806 3398 5867 omni
3438 5818 3649 5876 genere
