4164 6536
650 446 787 513 1715

1739 449 2111 510 GENNADII
2148 451 2650 513 PATRIARCHzE
2688 454 2796 514 CP.

3732 458 3846 529 1716

646 551 830 596 nostro
870 537 1010 593 Deus
1049 539 1345 595 secundum
1376 538 1605 610 gratiam
1640 539 1823 611 elegit.
1858 540 1991 629 Nam
2025 558 2213 611 quent-
2240 550 2286 604 Α

2200 571 2213 583 -
2240 550 2286 604 Α
2316 544 2410 597 καὶ
2438 544 2554 611 νῦν,
2598 549 2661 599 ὲκ
2721 544 2815 599 τοῦ
2869 545 3071 610 παντὸς
3105 543 3297 614 γένους
3336 545 3513 618 ἡμῶν.
3536 549 3732 626 Ὠσπερ
3752 561 3844 631 γὰρ

644 632 936 688 admodum
972 641 1099 687 tunc
1120 630 1277 701 juxta
1330 648 1545 688 sacram
1581 622 1918 703 Scripturam
1959 649 2026 689 ne
2063 650 2202 689 unus

643 727 860 794 quidem
892 726 1073 782 salvus
1101 725 1275 781 factus
1305 737 1471 794 esset,
1506 726 1607 781 nisi
1642 726 1785 782 Deus
1826 728 1927 783 sibi
1968 727 2214 798 reliquis-

644 828 728 873 set
755 828 962 890 septem
996 818 1160 875 millia
1192 820 1458 887 virorum,
1498 820 1601 876 nisi
1631 820 1843 876 scilicet
1870 820 2049 876 divina
2088 836 2214 891 gra-

574 906 585 917 ’
646 913 716 967 tia
748 912 867 969 illos
898 913 952 968 in
978 914 1182 985 pietate
1219 915 1565 978 servavisset,
1593 913 1673 968 sic
1700 922 1828 983 puto
1873 912 2039 967 etiam
2074 927 2216 966 nunc

644 1005 783 1061 ﬁeri.

717 1096 880 1153 Vens.
912 1095 965 1153 6.
1012 1116 1030 1151 ι
1064 1098 1122 1155 Si
1152 1106 1332 1155 autem
1357 1099 1552 1170 gratia,
1573 1096 1686 1167 jam
1711 1113 1816 1153 non
1845 1112 1913 1153 ex
1931 1097 2213 1169 operibus;

645 1189 884 1260 alioquin
917 1191 1090 1260 gratia
1126 1191 1238 1260 jam
1267 1207 1373 1248 non
1405 1201 1489 1247 est
1516 1192 1712 1263 gratia.
1744 1212 1763 1244 ι

714 1281 833 1338 Non
862 1283 1054 1339 leviter
1091 1282 1305 1340 eﬁ‘utire
1336 1284 1544 1350 volens,
1587 1286 1700 1341 haec
1738 1287 1811 1341 ita
1854 1286 2037 1356 posuit
2075 1286 2218 1355 Apo-

644 1375 839 1441 stolus,
874 1376 969 1432 sed
1003 1378 1338 1433 contendens
1367 1380 1678 1443 ostendere,
1719 1381 1942 1434 omnino
1977 1379 2117 1432 inter
2158 1391 2218 1431 se

647 1468 915 1524 dissidere
947 1468 1119 1539 legem
1139 1477 1195 1524 et
1217 1469 1449 1538 gratiam
1482 1480 1536 1525 et
1563 1486 1668 1524 non
1697 1486 1853 1539 posse
1885 1470 2044 1527 simul
2074 1469 2219 1525 exsi-

646 1559 928 1625 stere,sed
957 1559 1186 1615 alterum
1219 1560 1287 1614 ab
1316 1561 1489 1615 altero
1520 1561 1830 1617 necessario
1867 1559 2214 1630 ejiciendum.

648 1652 836 1724 Itaque
857 1653 903 1709 si
926 1653 1100 1725 gratia
1127 1654 1400 1726 eligimur,
1427 1652 1641 1709 facilior
1657 1654 1901 1709 accessio
1929 1665 1985 1708 et
2006 1653 2138 1707 tides
2165 1652 2217 1704 iu

645 1745 944 1805 Christum.
974 1743 1093 1801 Non
1121 1748 1263 1801 enim
1289 1758 1348 1801 ut
1373 1746 1438 1800 ad
1467 1746 1741 1802 Christum
1772 1746 2052 1800 veniamus
2079 1754 2135 1819 et
2162 1743 2217 1797 in

646 1850 773 1889 eunt
822 1836 1128 1902 credamus,
1190 1834 1496 1891 necessaria
1544 1846 1674 1889 sunt
1706 1850 1891 1905 opera,
1940 1835 2032 1889 sed
2074 1831 2219 1887 sulIi-

647 1928 799 1982 ciunt
830 1928 944 1982 sola
991 1927 1131 1982 ratio
1155 1935 1209 1982 et
1244 1926 1517 1983 voluntas.
1553 1926 1859 1982 Secundum
1898 1926 2216 1981 electionem
2250 1968 2296 2027 Β

648 2019 838 2089 gratia
869 2034 974 2074 non
1001 2030 1222 2091 propter
1251 2035 1419 2092 opera
1443 2035 1540 2075 nos
1572 2019 1786 2090 recipit.
1823 2020 1879 2075 Si
1917 2019 2089 2090 gratia
2122 2034 2219 2074 nos

648 2122 808 2168 vocat
844 2121 902 2168 et
931 2113 1145 2183 recipit,
1186 2128 1291 2170 non
1338 2113 1495 2169 nobis
1541 2113 1608 2167 ad
1656 2114 1760 2168 hoc
1792 2114 2048 2184 operibus
2086 2126 2222 2182 opus

649 2217 768 2272 est;
795 2220 921 2261 nam
941 2207 987 2262 si
1014 2207 1171 2262 nobis
1199 2207 1457 2277 operibus
1490 2222 1623 2277 opus
1648 2216 1752 2272 est,
1779 2206 1955 2277 gratia
1976 2204 2089 2275 jam
2113 2222 2219 2260 non

651 2310 835 2356 manet
886 2300 1085 2370 gratia.
1127 2299 1186 2355 Si
1228 2315 1357 2357 vero
1409 2300 1699 2372 opinemur
1751 2299 2058 2355 necessaria
2102 2312 2224 2353 esse

649 2408 815 2464 opera
858 2402 917 2449 ut
959 2394 1028 2449 ad
1073 2392 1348 2450 Christum
1405 2394 1688 2449 veniamus
1734 2398 1788 2448 et
1836 2392 2123 2447 credamus
2169 2391 2221 2446 in

651 2505 800 2554 enin,
830 2503 938 2544 non
978 2488 1097 2544 haec
1127 2496 1332 2542 tantum
1372 2486 1607 2542 absurda
1654 2486 2007 2549 admittenda,
2037 2486 2133 2539 sed
2172 2491 2227 2537 et

654 2583 799 2639 aliud
829 2583 915 2639 his
955 2581 1153 2638 simile.
1198 2580 1255 2637 Si
1287 2580 1489 2636 etenim
1528 2578 1800 2635 credimus
1835 2578 1977 2649 Quod
2011 2584 2228 2646 oportet

654 2689 756 2730 nos
785 2688 854 2730 ex
879 2673 1136 2746 operibus
1163 2671 1373 2739 venire,
1422 2670 1769 2727 manifestum
1804 2681 1888 2725 est
1915 2669 2057 2742 quod
2089 2668 2227 2724 tolli-

657 2778 746 2823 tur
776 2766 985 2838 gratia;
1009 2766 1055 2824 si
1089 2766 1264 2837 gratia
1290 2780 1395 2821 non
1424 2764 1654 2829 tollitur,
1680 2762 1945 2834 opusjam
1974 2776 2080 2818 non
2112 2777 2225 2814 ina-

656 2870 749 2916 net
790 2874 947 2932 0pus,
995 2859 1167 2930 gratia
1208 2873 1314 2913 non
1340 2859 1689 2928 permittente
1736 2870 1872 2925 opus
1907 2852 2223 2915 subsistere,

656 2955 751 3010 sed
779 2953 1099 3010 ostendente
1129 2952 1419 3022 gratuitam
1449 2950 1791 3005 electionem.
1822 2945 1952 3001 Nam
1975 2945 2146 3016 gratia
2173 2953 2229 2999 et

655 3061 796 3116 Opus
828 3044 1044 3114 penitus
1084 3044 1154 3098 ab
1199 3042 1431 3097 invicem
1473 3050 1599 3096 sunt
1627 3040 1909 3095 distincta.
1954 3036 2103 3107 Opus
2142 3052 2231 3093 se-

657 3136 845 3209 quitur
889 3147 1125 3199 merces,
1180 3148 1285 3189 non
1332 3132 1543 3203 gratia;
1589 3131 1762 3200 gratia
1817 3138 1997 3185 autem
2049 3129 2227 3191 datur,

661 3245 770 3283 non
801 3237 862 3284 ut
900 3226 1173 3284 mercedis
1216 3226 1437 3293 solutio,
1468 3224 1563 3281 sed
1601 3234 1660 3279 ut
1688 3224 1890 3279 donum
1924 3236 1991 3278 ac
2016 3220 2232 3276 muniti-

2316 638 2437 690 τότε
2474 638 2611 691 κατὰ
2642 639 2734 692 τδν
2758 638 3034 709 Γραφικδν
3072 637 3253 707 λόγον,
3282 640 3393 693 οὐδ’
3421 640 3485 694 ἂν
3512 639 3588 707 εἷς
3614 645 3843 717 σέσωττο,

2322 731 2397 801 μὴ
2430 730 2607 801 ἑαυτῷ
2630 733 2756 794 τοὺς
2793 730 3234 802 ἑπτακισχιλίους
3266 730 3681 805 ὑπολειπομένου
3708 740 3844 808 Θεοῦ,

2318 823 2583 887 τουτέστι,
2622 823 2695 894 μὴ
2727 823 2877 887 Θείας
2915 826 3137 897 χάριτος
3178 824 3375 891 αὐτοὺς
3403 829 3497 881 ἐπὶ
3523 829 3617 899 τῆς
3654 833 3851 908 γνώμης

2319 915 2419 984 τῆς
2448 914 2707 979 εὐσεϐοῦς
2732 917 3126 990 φυλαττούσης,
3154 918 3327 984 οὕτως
3356 915 3514 991 οἶμαι
3543 923 3633 976 καὶ
3652 924 3758 979 νῦν.

2396 1119 2413 1150 ι
2440 1098 2502 1153 Ei
2525 1099 2582 1153 δὲ
2611 1101 2814 1174 χάριτι,
2847 1102 3031 1157 οὐκέτι
3054 1102 3115 1167 ἐξ
3135 1102 3337 1173 ἔργων’
3356 1106 3479 1157 ἐπεὶ
3507 1106 3541 1175 ἡ
3566 1105 3719 1178 χάρις
3740 1109 3853 1164 οὐκ·

2321 1190 2403 1243 ἐτι
2438 1192 2555 1244 ἐστὶ
2588 1194 2768 1263 χάρις.
2813 1213 2831 1245 ι

2391 1284 2466 1337 Ob
2511 1284 2791 1352 τηνάλλως
2845 1285 2904 1339 δὲ
2954 1286 3311 1357 ἀδολεσχῆσαι
3355 1286 3693 1359 βουλόμενος,
3735 1292 3856 1349 οὕτω

2318 1377 2491 1430 ταῦτα
2529 1378 2724 1447 ἔθηκεν
2750 1379 2778 1429 ὁ
2820 1379 3163 1443 ⁹Απόστολος,
3189 1380 3325 1435 ἀλλὰ
3356 1381 3530 1448 δεῖξαι
3553 1384 3856 1451 σπουδάζων,

2318 1468 2635 1539 ἁσύμὸατον
2656 1470 2789 1524 ὄντα
2818 1471 3103 1533 παντελῶς
3130 1473 3224 1526 τὸν
3249 1474 3416 1543 νόμον
3437 1476 3505 1545 τῇ
3540 1476 3748 1546 χάριτι·
3780 1480 3858 1533 καὶ

2319 1561 2380 1613 ού
2419 1561 2696 1631 δυνάμενα
2743 1564 2885 1616 κατὰ
2940 1564 3136 1618 ταυτὸν
3170 1566 3461 1637 ἀμφότερα
3509 1567 3696 1633 ταῦτα,
3744 1570 3858 1625 ἀλλὰ

2320 1654 2633 1721 ἀναγκαίως
2658 1653 2780 1724 ἔχον
2796 1653 3008 1726 θατέρῳ
3028 1656 3255 1727 θάτερον
3288 1658 3694 1724 ὑπεξίστασθαι.
3722 1663 3857 1717 Ὥστε

2320 1748 2370 1799 εί
2400 1746 2581 1817 χάριτι
2610 1746 2971 1817 ἐκλεγόμεθα,
3005 1747 3188 1820 ῥᾴδιον
3213 1749 3275 1802 τὸ
3302 1750 3620 1821 προσελθεῖν
3658 1754 3746 1806 καὶ
3788 1774 3860 1808 πι-

2322 1839 2544 1893 στεῦσαι
2602 1838 2845 1910 Χριστῷ.
2896 1839 3032 1893 οὐδὲ
3074 1840 3183 1912 γὰρ
3212 1840 3394 1913 ἔργων
3440 1842 3668 1914 δεόμεθα
3718 1846 3790 1910 είς
3812 1849 3861 1902 τὸ

2322 1930 2697 2001 προσδραμεῖν
2715 1929 2862 1999 αύτῴ
2891 1930 2985 1983 καὶ
3009 1930 3297 1986 πιστεῦσαι
3324 1933 3568 2004 Χριστῷ,
3594 1934 3717 1988 ἀλλὰ
3746 1937 3861 2008 μόνη

2322 2023 2516 2094 γνώμη
2546 2023 2639 2076 καὶ
2687 2023 3012 2093 προαίρεσις
3063 2023 3245 2094 ἀρκεῖ.
3287 2025 3451 2079 Κατὰ
3482 2028 3636 2099 χάριν
3669 2028 3783 2099 γὰρ,
3808 2031 3859 2082 ού

2321 2116 2387 2169 δι’
2432 2116 2570 2186 ἔργα
2622 2115 3003 2187 προσδέχεται.
3041 2117 3205 2169 Ὥστε
3252 2119 3303 2170 εξ
3357 2118 3542 2189 χάριτι
3594 2121 3737 2173 καλεῖ
3784 2123 3862 2175 καὶ

2323 2208 2696 2280 προσδέχεται,
2732 2209 2832 2262 οὐκ
2883 2208 3081 2279 ἔχομεν
3115 2211 3197 2273 είς
3248 2210 3412 2264 τοῦτο
3469 2212 3654 2280 χρείαν
3692 2213 3859 2285 ἔργων,

2337 2298 2489 2355 Ἐπεὶ
2520 2303 2568 2354 εἰ
2617 2302 2807 2372 χρείαν
2856 2302 3121 2372 σχοίημεν
3171 2300 3373 2373 ἔργων,
3403 2303 3588 2356 οὐκέτι
3634 2305 3664 2373 ἡ
3708 2307 3861 2375 χάρις,

2324 2395 2483 2467 χάρις
2527 2392 2700 2463 μένει.
2733 2395 2807 2447 Οὐ
2842 2394 3004 2464 μόνον
3025 2393 3084 2447 δὲ
3118 2394 3277 2448 τοῦτο
3306 2393 3663 2464 ἀκολουθήσει
3686 2397 3743 2449 τὸ
3764 2398 3865 2450 ἆτο-

2326 2502 2447 2549 πον,
2480 2485 2574 2539 ἐὰν
2603 2483 2913 2555 νομίσωμεν
2941 2485 3026 2538 ὅτι
3058 2484 3140 2539 δεῖ
3160 2487 3293 2555 ἡμῖν
3316 2485 3500 2557 ἔργων
3528 2487 3606 2549 είς
3640 2486 3699 2539 τὸ
3725 2504 3865 2556 προσ-

2325 2575 2521 2643 ελθεῖν,
2580 2579 2674 2633 καὶ
2733 2576 3026 2632 πιστεῦσαι
3066 2577 3312 2650 Χριστῷ,
3375 2577 3515 2631 ἀλλά
3575 2578 3667 2631 καὶ
3708 2578 3866 2650 ἔτερον

2324 2670 2532 2738 ὅμοιον.
2568 2670 2630 2722 Ei
2670 2670 2779 2742 γὰρ
2805 2668 2866 2735 ἐξ
2893 2670 3069 2741 ἔργων
3099 2670 3386 2739 προσιέναι
3431 2671 3542 2725 δεῖν
3575 2674 3713 2743 ἡμᾶς
3739 2674 3867 2744 νομί-

2328 2774 2516 2829 σομεν,
2544 2758 2705 2829 δῆλον
2731 2760 2807 2823 ὼς
2854 2760 3129 2832 ἀνῄρηται
3162 2763 3196 2829 ἡ
3231 2762 3390 2832 χάρις
3414 2778 3429 2791 ·
3462 2763 3585 2815 ἐπεὶ
3622 2766 3668 2815 εἰ
3699 2763 3764 2833 μὴ
3788 2765 3866 2816 ἀν-

2327 2850 2547 2921 ῄρηται,
2572 2850 2754 2904 οὐκέτι
2777 2850 2898 2907 οὐδὲ
2929 2852 2991 2903 τὸ
3015 2851 3179 2922 ἔργον
3215 2853 3370 2923 μένει
3396 2853 3583 2925 ἔργον.
3616 2854 3711 2924 τῆς
3734 2855 3866 2925 χάρι,

2327 2958 2420 3006 τος
2453 2942 2552 2995 οὐκ
2575 2940 2751 3013 ἐώσης
2781 2943 2918 3007 ὅλως
2951 2943 3113 3014 ἔργον
3161 2944 3495 3016 ὑποστῆναι’
3532 2944 3663 2999 ἀλλὰ
3697 2947 3866 3015 προῖκα

2327 3035 2429 3107 τὴν
2458 3036 2690 3107 ἐκλογὴν
2738 3038 3216 3109 ἐπιδεικνυμένης.
3254 3038 3604 3109 Κεχώρισται
3657 3038 3747 3109 μὲν
3780 3040 3868 3109 γὰρ

2329 3125 2426 3181 ἀπ’
2455 3127 2700 3197 ἀλλήλων
2730 3131 2799 3199 τῇ
2829 3128 2992 3197 φύσει
3017 3130 3180 3201 χάρις
3204 3130 3300 3182 καὶ
3325 3129 3491 3200 ἔργον
3509 3146 3523 3159 ’
3564 3130 3658 3182 καὶ
3687 3128 3757 3199 τῷ
3788 3130 3868 3198 μὲν

2331 3224 2479 3296 ἔργῳ
2505 3226 2695 3279 ἕπεται
2729 3226 2919 3297 μισθὸς
2951 3226 3043 3280 καὶ
3072 3227 3132 3279 ού
3180 3226 3343 3297 χάρις
3364 3243 3380 3259 ⁸
3421 3227 3455 3296 ὴ
3494 3224 3550 3278 δὲ
3584 3226 3731 3295 χάρις
3754 3222 3869 3277 δίδο-

660 3322 862 3379 centia.
908 3320 1258 3379 Manifestum
1298 3321 1465 3393 igitur
1497 3318 1729 3391 gratiam
1778 3314 2028 3372 beneﬁcii
2073 3324 2231 3369 natu-
2256 3306 2299 3365 ο

2223 3306 2299 3365 ιε
2330 3336 2443 3384 ται,
2466 3318 2565 3392 οὐχ
2593 3319 2670 3381 ώς
2702 3318 3041 3387 ἁντιμισθία,
3076 3317 3212 3372 ἀλλά
3243 3318 3422 3387 δῶρον
3466 3318 3562 3370 καὶ
3603 3316 3867 3385 φιλοτιμία.

662 3431 783 3472 ram
824 3415 1044 3469 habere.
1078 3412 1137 3468 Si
1183 3412 1305 3483 quis
1340 3419 1494 3483 putat
1532 3410 1787 3480 operibus
1813 3407 2043 3479 gratiam
2091 3405 2233 3461 obti—

663 3521 817 3573 nere,
846 3507 1077 3577 gratiam
1105 3515 1368 3577 quantum
1413 3504 1469 3559 in
1500 3504 1615 3574 ipso
1643 3510 1730 3559 est
1778 3501 1939 3566 tollit,
1974 3509 2030 3555 et
2058 3498 2233 3570 gratia

659 3603 773 3673 jam
802 3614 913 3656 non
941 3608 1027 3654 est
1052 3599 1245 3669 gratia,
1276 3613 1375 3653 nec
1400 3612 1564 3668 opera
1594 3605 1817 3652 manent
1843 3608 2006 3664 opera
2032 3603 2088 3648 et
2107 3608 2233 3663 pro-

666 3695 839 3765 priam
889 3700 1111 3747 servant
1152 3700 1431 3759 naturam;
1501 3704 1711 3757 merces
1757 3701 1922 3759 opera
1968 3687 2234 3756 sequitur,

669 3800 775 3843 non
806 3782 1001 3854 gratia.
1042 3781 1230 3837 Gratia
1265 3780 1586 3836 beneﬁcium
1634 3781 1865 3844 inducit,
1900 3788 1956 3833 et
1988 3779 2237 3848 quamvis

666 3878 866 3948 aliquis
895 3890 1013 3932 eaut
1054 3875 1312 3945 operibus
1343 3873 1593 3928 obtinere
1634 3883 1863 3927 conatus
1891 3871 2073 3933 fuerit,
2110 3870 2238 3924 irri-

674 3980 758 4025 tus
800 3969 906 4024 erit
940 3967 1110 4039 ipsius
1149 3977 1411 4031 conatus,
1457 3980 1625 4035 opera
1652 3964 1765 4031 jam
1824 3979 1929 4019 non
1985 3970 2241 4032 poterunt

670 4080 793 4121 esse
838 4077 1026 4128 opera,
1074 4075 1178 4116 non
1227 4058 1371 4113 enim
1421 4058 1694 4113 habebunt
1741 4058 2070 4121 mercedem,
2115 4072 2235 4109 cum

672 4155 846 4225 gratia
888 4152 1177 4224 praecedit;
1230 4162 1284 4208 et
1331 4152 1388 4206 in
1440 4166 1637 4204 vanum
1676 4149 1887 4204 laborat
1928 4163 2024 4218 per
2075 4163 2238 4218 opera

672 4249 922 4317 accipere
955 4245 1099 4315 quod
1143 4245 1378 4314 gratuite
1407 4243 1517 4312 jam
1551 4244 1780 4313 praebuit
1811 4243 2001 4311 gratia.
2043 4240 2103 4297 Si
2146 4258 2241 4295 au-

673 4352 775 4396 tem
805 4338 1001 4411 gratia,
1055 4338 1254 4407 inquit,
1293 4336 1410 4406 jam
1451 4352 1554 4391 non
1605 4350 1669 4389 ea:
1710 4336 1967 4403 operibus.
2014 4334 2151 4404 Quia
2195 4334 2241 4387 si

673 4431 995 4487 conceditur
1034 4430 1177 4500 quod
1228 4443 1297 4484 ex
1337 4428 1593 4498 operibus
1636 4427 1781 4481 venit
1822 4427 2048 4496 gratiam
2100 4440 2241 4492 esse,

678 4524 882 4581 tollitur
911 4523 1119 4595 gratia;
1160 4520 1357 4577 iterum
1392 4519 1438 4575 si
1482 4534 1550 4574 ex
1577 4519 1853 4589 operibus,
1877 4519 1987 4589 jam
2017 4534 2121 4573 non
2163 4526 2244 4573 est

2331 3413 2501 3484 Δῆλον
2526 3409 2639 3477 οὖν,
2683 3415 2764 3467 ὅτι
2796 3413 2895 3485 τὴν
2922 3413 3249 3483 εὐεργεσίαν
3278 3413 3380 3483 τῆς
3419 3412 3641 3483 χάριτος
3669 3425 3872 3481 παρεχο-

2336 3505 2536 3577 μένης,
2569 3506 2621 3558 ei
2654 3522 2740 3569 τις
2776 3504 2951 3562 οἴεται
3001 3505 3090 3558 διὰ
3133 3504 3244 3557 τῶν
3289 3504 3470 3574 ἔργων
3521 3502 3719 3573 ταύτης
3760 3504 3872 3554 dno-

2333 3599 2540 3664 λαύειν,
2576 3600 2792 3668 ἀναιρεῖ
2817 3599 2915 3670 τὴν
2943 3599 3105 3669 χάριν
3139 3599 3201 3651 es
3226 3598 3350 3651 ὅσον
3377 3599 3465 3667 ἐφ’
3488 3596 3683 3666 ἐαυτῷ,
3722 3593 3871 3648 καὶού

2338 3690 2490 3763 μένει
2518 3693 2551 3760 ὴ
2581 3692 2739 3762 χάρις
2773 3691 2851 3746 ἔτι
2889 3694 3069 3762 χάρις,
3112 3690 3275 3743 πάλιν
3306 3690 3433 3743 οὐδὲ
3466 3689 3533 3742 τὰ
3578 3689 3711 3759 ἔργα
3747 3689 3873 3757 μένει

2336 3785 2505 3856 ἔργα·
2536 3785 2635 3855 τὴν
2663 3785 2772 3855 γὰρ
2828 3784 3033 3837 οἰκείαν
3062 3783 3121 3836 ού
3158 3781 3322 3846 σώζει
3371 3782 3556 3850 φύσιν.
3602 3781 3747 3833 Ἑπεὶ
3782 3781 3874 3838 τοῖς

2336 3875 2519 3946 ἔργοις
2552 3874 2760 3944 μισθὸς,
2788 3874 2901 3927 ἀλλ’
2930 3874 2989 3926 ού
3023 3873 3183 3944 χάρις
3207 3872 3533 3929 ἀκολουθεῖ·
3565 3872 3661 3940 τῆς
3686 3872 3873 3940 χάριτος

2337 3965 2430 4022 οὖν
2461 3966 2803 4039 χορηγούσης
2832 3967 2931 4039 τὴν
2959 3967 3302 4037 εὐεργεσίαν,
3352 3967 3456 4021 κάν
3503 3984 3586 4029 τις
3632 3965 3696 4018 δι’
3728 3965 3873 4033 ἔργων

2337 4060 2542 4130 ταύτης
2570 4063 2754 4130 τυχεῖν
2782 4058 3127 4130 πειρασθείη.
3152 4062 3231 4121 εἰς
3263 4059 3440 4129 μάτην
3470 4058 3621 4111 ἔσται
3652 4059 3682 4126 ἡ
3715 4059 3872 4127 πεῖρα.

2343 4154 2481 4223 μήτε
2515 4150 2622 4204 τῶν
2649 4151 2848 4220 ἔργων,
2880 4150 3058 4221 ἔργων
3091 4152 3171 4204 ἔτι
3223 4151 3542 4220 δυναμένων
3588 4153 3776 4221 μεῖναι.
3815 4148 3875 4201 Οὐ

2340 4248 2448 4317 γὰρ
2470 4244 2620 4298 ἔσται
2648 4244 2860 4306 τούτοις
2885 4242 3097 4314 μισθὸς,
3126 4243 3230 4313 τῆς
3256 4244 3480 4313 χάριτος
3510 4240 3874 4312 προλαδούσης.

2341 4340 2453 4395 Καὶ
2489 4334 2984 4408 ματαιοπονοῦντος
3034 4334 3221 4387 λαϐεῖν
3276 4335 3342 4387 δι’
3375 4334 3580 4403 ἔργων,
3627 4332 3655 4385 ὃ
3703 4332 3877 4401 προῖκα

2342 4429 2614 4503 παρέσχεν
2650 4430 2683 4497 ἠ
2720 4428 2899 4497 χάρις.
2950 4427 3020 4479 El
3050 4423 3200 4493 γοῦν
3247 4423 3461 4491 χάριτι,
3499 4422 3654 4492 φησὶ,
3703 4418 3876 4473 οὐκέτι

2342 4520 2410 4583 ἐξ
2440 4521 2647 4588 ἔργων.
2693 4519 2845 4570 Ἐπεὶ
2879 4520 2927 4571 εἰ
2956 4517 3283 4589 συγχωρηθῇ
3317 4517 3377 4569 τὸ
3399 4516 3459 4581 ἐξ
3486 4517 3681 4587 ἔργων,
3704 4510 3879 4582 ἀνῄρη-

676 4618 870 4689 gratia.
913 4616 972 4673 Si
1010 4615 1239 4689 gratiam
1274 4628 1394 4671 esse
1439 4612 1771 4680 admittitur,
1819 4628 1956 4683 opus
1981 4612 2093 4683 jam
2137 4626 2243 4667 non
2276 4662 2319 4689 η

2233 4630 2243 4665 ι
2276 4662 2319 4689 η
2346 4630 2434 4665 ται
2540 4614 2718 4683 χάρις,
2744 4612 2903 4681 χάρις
2929 4606 3069 4663 εἶναι
3090 4627 3105 4641 ο
3144 4610 3304 4665 πάλιν
3329 4611 3378 4662 εἰ
3410 4609 3469 4672 ἐξ
3498 4609 3691 4679 ἔργων,
3722 4602 3877 4657 οὐκέτι

675 4718 760 4765 est
784 4723 942 4780 opus.

748 4898 917 4956 Vens.
968 4897 1023 4955 8.
1077 4914 1098 4950 ι
1128 4896 1286 4954 Dedit
1328 4895 1433 4955 illis
1488 4894 1635 4951 Deus
1684 4892 1935 4965 spiritum
1984 4908 2247 4963 compun-

677 4992 897 5049 ctionis.
928 5010 949 5045 ι
1422 5008 1427 5013 -

751 5082 872 5149 Vel,
900 5081 1145 5152 spiritum
1162 5080 1600 5150 compunctionis,
1622 5094 1742 5150 pro,
1763 5078 2127 5135 tardissimam
2159 5090 2252 5131 vo-

680 5177 943 5234 luntatem
969 5174 1059 5229 cui
1085 5187 1221 5242 opus
1247 5181 1331 5229 est
1359 5170 1719 5229 conversione
1744 5182 1800 5226 et
1829 5170 2147 5226 directione.

746 5268 916 5327 Vens.
950 5267 1041 5323 11.
1087 5286 1108 5321 ι
1136 5267 1271 5323 Dico
1301 5282 1452 5338 ergo,
1484 5264 1759 5335 Numquid
1800 5263 1879 5319 sic
1909 5261 2251 5319 oll‘enderunt

680 5362 743 5421 ut
771 5362 1066 5420 caderent?
1094 5360 1289 5419 Absit!
1335 5360 1441 5415 Sed
1469 5358 1682 5415 illorum
1728 5356 1948 5422 delicto,
1996 5356 2143 5410 salus
2170 5363 2254 5410 est

681 5461 932 5536 gentibus
964 5469 1025 5516 ut
1057 5459 1167 5515 illis
1198 5455 1543 5513 aemulentur.
1580 5472 1599 5505 ι

756 5556 1052 5631 Postquam
1112 5553 1281 5622 igitur
1334 5547 1666 5604 suﬂicienter
1708 5543 2009 5601 confutavit
2042 5542 2254 5598 Iudaeos

683 5650 854 5720 quiin
880 5663 1079 5705 vanum
1106 5655 1328 5720 pr0pter
1355 5642 1525 5709 legem
1552 5650 1714 5695 erant
1742 5638 1932 5705 inﬂati,
1951 5650 2004 5694 et
2021 5637 2257 5696 ostendit

686 5742 899 5804 illorum
932 5739 1300 5797 exclusionem
1334 5745 1500 5790 totam
1539 5736 1695 5807 ipsis,
1727 5750 1832 5787 nou
1869 5744 2046 5789 autem
2078 5732 2256 5789 EVatI-

688 5835 811 5907 geiii
861 5830 1232 5903 praedicationi
1273 5842 1397 5883 esse
1448 5827 1860 5896 imputandam,
1914 5840 1979 5879 ne
2033 5824 2135 5895 ipsi
2190 5824 2257 5878 de

688 5926 1015 5998 semetipsis,
1042 5924 1129 5981 vel
1158 5921 1449 5981 credentes
1470 5920 1537 5975 de
1570 5918 1701 5985 illis,
1740 5928 1797 5973 ut
1827 5918 2048 5974 outuino
2079 5918 2257 5985 perdi-

2351 4704 2467 4758 ὲστὶ
2514 4704 2708 4774 χάρις·
2753 4703 2874 4755 ἐπεὶ
2929 4704 2977 4754 εἰ
3024 4701 3351 4774 συγχωρηθῇ
3408 4702 3443 4771 ἡ
3494 4700 3670 4771 χάρις,
3721 4692 3879 4748 οὐκέτι

2354 4797 2504 4866 μένει
2531 4796 2590 4848 τὸ
2615 4795 2795 4867 ἔργον,
2824 4792 3001 4864 ἔργον.

2427 4909 2445 4941 ι
2478 4888 2716 4944 Ἔδωκεν
2768 4888 2953 4949 αὐτοῖς
2984 4889 3011 4940 ὀ
3043 4886 3174 4949 Θεὸς
3220 4883 3437 4954 πνεῦμα
3489 4879 3834 4945 κατανύξεως.
3860 4893 3876 4926 ι

2422 5083 2514 5144 Ἦ,
2547 5079 2781 5147 πνεῦμα
2833 5074 3233 5139 κατανύξεως,
3266 5073 3387 5127 ἀντὶ
3433 5074 3562 5138 τοῦ,
3596 5069 3880 5143 προαίρεσιν

2355 5174 2685 5245 βαρυτάτην,
2716 5170 2974 5239 δεομένην
3006 5166 3294 5237 μετανοίας
3323 5168 3419 5220 καὶ
3447 5163 3792 5236 διορθώσεως.

2427 5284 2446 5317 ι
2488 5265 2643 5333 Λέγω
2689 5259 2802 5325 οὖν,
2839 5262 2930 5334 Μὴ
2976 5260 3257 5322 ἔπταισαν,
3290 5260 3377 5312 ἵνα
3428 5257 3668 5319 πέσωσι;
3700 5252 3783 5320 Μὴ
3809 5247 3881 5314 γέ-

2352 5374 2521 5411 νοιτο·
2556 5355 2691 5409 ἀλλὰ
2719 5354 2798 5420 τῷ
2830 5352 3008 5406 αὐτῶν
3040 5352 3447 5423 παραπτώματι
3476 5350 3509 5419 ή
3537 5343 3768 5414 σωτηρία
3790 5338 3881 5398 τοῖς

2352 5450 2581 5515 ἔθνεσιν,
2610 5450 2687 5510 εἰς
2712 5448 2773 5499 τὸ
2801 5446 3194 5517 παραζηλῶσαι
3220 5442 3437 5504 αὐτούς.
3474 5460 3491 5491 ι

2425 5540 2957 5609 Καταγωνισάμενος
2986 5533 3079 5591 οὖν
3110 5535 3307 5597 ἱκανῶς
3355 5534 3451 5603 τὴν
3486 5530 3593 5583 τῶν
3645 5524 3882 5580 Ἰουδαίων

2359 5632 2990 5709 μερίδα,τετυφωμένων
3019 5631 3139 5699 είκῆ
3168 5628 3255 5685 διὰ
3279 5626 3371 5679 τὸν
3399 5625 3579 5692 νόμον,
3615 5620 3701 5672 καὶ
3730 5612 3885 5709 ainth

2358 5705 2581 5801 σφάλμα
2610 5726 2784 5780 διόλου
2820 5723 2918 5793 τὴν
2942 5721 3118 5776 αὐτῶν
3144 5719 3323 5784 δείξας
3366 5713 3649 5781 ἀποϐολὴν,
3701 5707 3786 5801 καὶ
3830 5705 3883 5801 ού

2354 5794 2448 5876 τοῦ
2483 5794 2861 5893 κηρύγματος,
2898 5815 2986 5867 ἵνα
3018 5814 3091 5885 μὴ
3118 5812 3150 5883 ἢ
3176 5811 3333 5864 αὐτοὶ
3356 5809 3480 5878 περὶ
3502 5803 3721 5860 ἑαυτῶν,
3744 5798 3773 5867 ἢ
3802 5794 3883 5848 καὶ

2356 5919 2403 5970 οἱ
2441 5892 2865 5972 πεπιστευκότες
2914 5907 3037 5977 περὶ
3081 5903 3279 5969 αὐτῶν,
3311 5902 3385 5968 ώς
3415 5898 3539 5969 περὶ
3571 5892 3881 5951 παντάπασιν
