4164 6536
342 457 473 523 1717

1354 463 1815 525 FRAGMENTA
1854 464 1934 524 IN
1976 465 2213 526 EPIST.
2254 466 2353 524 AD
2388 463 2571 523 ROM.

3453 456 3588 520 1718

339 567 698 625 ἀπολωλότων
759 569 973 639 ἔχοντες
1014 570 1195 623 τέλεον
1246 570 1580 637 ἀπογνῶσιν,
1631 573 1906 640 ἐπήγαγε,

2026 589 2097 627 ,οε
2125 573 2554 633 considerantes,
2592 570 2644 622 in
2675 567 3110 639 deSperationem
3141 568 3405 633 incidant,
3433 570 3585 624 addi-

340 661 503 732 Λέγω
530 658 664 727 οὖν,
691 663 787 729 Μὴ
830 662 1117 717 ἀπώσατο
1162 666 1195 717 ό
1245 663 1424 728 Θεόςς
1461 663 1558 731 Μὴ
1612 665 1912 718 ἔπταισαν

340 756 440 809 ἵνα
470 752 774 821 πέσωσιν;
794 752 922 825 τΑρ²
946 756 1040 809 οῦν
1061 757 1160 823 τὴν
1184 756 1458 827 ἁμαρτίαν
1486 756 1671 811 αὐτῶν
1695 757 1911 810 ἀνίατον

340 848 420 910 είς
448 847 511 899 τὸ
537 848 800 911 παντελὲς
830 844 969 902 εἷναί
1001 865 1175 918 (mut;
1214 848 1273 900 τὸ
1302 848 1412 919 γὰρ
1437 849 1578 902 ἵνα·
1607 848 1909 913 κάνταῦθα,

339 939 482 992 κατά
526 943 590 992 τὸ
636 940 866 1011 σύνηθες
918 940 1087 1008 λέγει.
1123 940 1221 1009 Μὴ
1274 940 1551 1010 γένοιτο]
1590 941 1913 993 Τούναντίον

340 1031 449 1103 γὰρ
476 1030 682 1086 τούτων
706 1031 1050 1085 πταισάντων
1082 1033 1428 1104 προσεκλήθη
1446 1033 1537 1104 [τὰ
1559 1031 1737 1103 ἔθνη].
1752 1032 1827 1095 di;
1846 1033 1914 1087 ἂν

340 1126 421 1190 είς
450 1126 541 1180 τὸν
572 1126 708 1197 πρὸς
739 1127 941 1189 αὐτοὺς
976 1123 1143 1195 ζῆλον
1188 1126 1364 1199 ταύτῃ
1414 1124 1807 1196 ἐρεθισθέντες,
1844 1126 1919 1197 μὴ

340 1216 749 1286 ὲναπομείνοιεν
769 1218 849 1279 είς
885 1215 945 1269 τὸ
968 1216 1218 1285 διηνεκὲς
1243 1218 1301 1269 ἐν
1324 1215 1405 1286 τῷ
1437 1215 1719 1286 πτώματι.

417 1328 435 1360 ι
476 1308 539 1362 Ei
567 1308 623 1361 δὲ
651 1310 1085 1378 κατακαυχᾶσαι,
1105 1309 1166 1363 οῦ
1200 1310 1263 1362 σὺ
1293 1308 1390 1380 τὴν
1418 1308 1575 1379 ῥίζαν
1599 1307 1915 1377 βαστάζεις,

342 1400 481 1455 ἀλλὰ
504 1403 539 1471 ἡ
568 1401 694 1473 ῥίζα
719 1402 801 1456 σέ.

413 1493 486 1546 Σὺ
516 1492 573 1546 δέ
607 1510 697 1563 μοι
722 1493 817 1546 καὶ
842 1493 1098 1563 ἀπαρχὴν
1131 1491 1231 1561 μὲν
1260 1492 1495 1561 νοήσεις,
1523 1490 1616 1543 τὸν
1643 1491 1919 1563 Δεσπότην

344 1584 600 1656 Χριστὸν,
628 1586 705 1649 ώς
728 1584 788 1651 ἐξ
811 1584 992 1639 αὐτῶν
1017 1586 1081 1637 τὸ
1109 1583 1252 1637 κατά
1275 1584 1455 1654 σάρκα
1480 1584 1792 1652 γενόμενον,
1825 1584 1919 1637 καὶ

344 1675 435 1730 διὰ
484 1677 584 1747 τῆς
633 1675 1003 1741 ἀναστάσεως,
1045 1674 1146 1745 τῆς
1203 1675 1477 1739 υἱοθεσίας
1532 1674 1917 1745 κατάρξανταθ

349 1768 505 1839 ῥίζαν
530 1768 608 1834 δὲ,
636 1769 727 1822 τὸν
759 1768 1033 1840 Ἀϐραὰμ,
1063 1767 1138 1831 ὡς
1185 1767 1405 1839 πρῶτον
1431 1766 1525 1820 τοῦ
1551 1766 1745 1834 γένους
1766 1784 1767 1787 η
1785 1782 1920 1819 παν-

346 1863 467 1924 τός’
504 1860 735 1930 φύραμα
772 1860 831 1913 δὲ
856 1862 951 1914 καὶ
975 1860 1226 1925 κλάδους,
1260 1859 1553 1930 σύμπαντα
1576 1858 1668 1912 τὸν
1695 1858 1846 1911 λαόν.

2015 662 2129 715 dit:
2162 663 2289 714 Dico
2317 676 2473 730 ergo:
2500 659 2757 729 Nunquid
2777 658 2895 713 illos
2911 659 3101 729 repulit
3128 658 3311 715 Deus?
3338 659 3587 730 Nunquid

2014 752 2089 805 sic
2131 752 2459 820 oﬂ'enderunt
2508 758 2561 802 ut
2593 748 2885 805 caderent?
2911 746 3163 818 Nunquid
3206 748 3421 803 illorum
3468 765 3590 820 pec—

2014 854 2193 897 catum
2232 856 2454 911 prorsus
2484 839 2863 895 irremissibile
2891 854 3011 895 esse
3050 838 3292 894 aﬂirmo?
3322 839 3456 895 Nam
3489 843 3591 897 hoc

2013 936 2117 989 ἵνα
2161 934 2473 1005 dicitjuxta
2520 933 2995 990 consuetudinem.
3043 932 3235 986 Absit!
3264 933 3398 988 Cum
3444 935 3590 989 enim
3635 1006 3639 1010 .

2014 1027 2371 1091 excidissent,
2432 1035 2620 1096 gentes
2665 1034 2872 1081 vocatae
2917 1034 3071 1090 sunt,
3123 1036 3273 1081 utne
3308 1027 3361 1081 in
3396 1042 3591 1101 perpe-

2018 1128 2165 1171 tuum
2198 1126 2478 1172 manerent
2524 1117 2576 1171 in
2617 1115 2793 1186 lapsu,
2827 1116 2923 1171 sed
2948 1116 3128 1185 potius
3168 1117 3235 1171 ad
3265 1116 3385 1172 illos
3422 1132 3591 1172 temu-

2019 1210 2211 1263 landos
2242 1209 2605 1263 incitarentur

2089 1299 2258 1358 Vens.
2288 1301 2380 1358 18.
2429 1320 2449 1355 ι
2479 1301 2632 1369 Quod
2679 1303 2725 1357 si
2769 1301 3040 1371 gloriaris,
3096 1316 3202 1357 non
3247 1314 3304 1356 tu
3355 1303 3593 1357 radicem

2017 1404 2223 1466 portas,
2256 1396 2351 1450 sed
2374 1396 2529 1449 radix
2564 1404 2639 1450 te.
2670 1414 2689 1447 ι

2089 1486 2486 1542 Delibationem
2524 1487 2744 1556 quidem
2778 1484 3056 1542 Christum
3097 1487 3386 1542 Dominum
3434 1488 3595 1542 intel-

2018 1578 2173 1649 liges,
2204 1594 2273 1633 ex
2305 1578 2439 1647 ipsis
2483 1581 2781 1634 secundum
2812 1594 3031 1635 carnem
3064 1590 3250 1635 natum
3286 1591 3341 1634 et
3372 1595 3468 1650 per
3505 1595 3591 1636 re-

2019 1671 2411 1727 surrectionem
2443 1671 2764 1740 principium
2808 1671 3119 1741 adoptionis
3161 1671 3463 1740 effectum;
3503 1687 3595 1726 ra-

2021 1764 2193 1819 dicem
2237 1772 2417 1817 autem
2456 1763 2757 1828 Abraham,
2791 1764 2972 1819 omnis
3020 1764 3236 1835 generis
3266 1765 3596 1835 primogeni-

2023 1862 2134 1908 tum
2150 1868 2166 1919 ;
2183 1868 2416 1908 massam
2430 1852 2645 1908 tandem
2665 1866 2969 1922 ramosque,
2985 1854 3296 1910 universum
3316 1856 3594 1926 populum.

423 1919 442 2001 ὲ
480 1919 674 2020 Ἐρεῖς.
712 1945 826 2013 οὖν,
868 1919 1269 2023 Ἐξεκλάθησαν
1307 1919 1355 2003 oi
1403 1949 1611 2015 κλάδοι,
1660 1949 1748 2002 ἵνα
1804 1947 1917 2019 ἐγὼ

2093 1945 2257 2001 Vens.
2294 1944 2383 1999 l9.
2436 1963 2454 1997 ι
2486 1944 2645 2001 Dices
2673 1919 3054 2016 ergozli'racti
3088 1955 3217 2003 sunt
3248 1919 3469 2003 rami-ut
3496 1963 3596 2018 ego

347 2038 739 2109 ὲγκεντρισθῶ.
782 2058 800 2091 ι

418 2134 716 2189 Κάνταῦθα
738 2134 795 2188 δὲ
823 2134 886 2187 τὸ
912 2134 1013 2189 ἵνα
1037 2133 1282 2204 συνήθως
1317 2134 1574 2204 σημαίνει
1595 2133 1657 2189 τὸ
1682 2132 1917 2188 ἀποϐάν.

360 2224 1227 2299 Ἐρεῖςηγάριιεγαλαυχούμενος,
1258 2228 1340 2280 ὅτι
1377 2227 1752 2281 Ἐκκοπέντων
1778 2227 1922 2281 ἐκεί-

346 2336 455 2371 νων
483 2320 901 2393 ὲνεκεντρίσθην
931 2320 1061 2389 ἐγώ.
1117 2320 1327 2374 Οὐκοῦν
1363 2320 1795 2392 προσκατανοῶν
1828 2321 1921 2374 καὶ

344 2410 407 2462 τὸ
454 2411 630 2465 αἴτιον
673 2413 772 2483 τῆς
809 2429 869 2465 τε
914 2412 1138 2465 ἐκείνων
1188 2411 1513 2485 ὲκτρίψεως,
1560 2414 1654 2466 καὶ
1681 2413 1780 2482 τῆς
1820 2412 1922 2482 σῆς

346 2504 717 2570 ἀναστάσεως,
751 2503 1102 2575 σωφρονίζων
1126 2502 1315 2558 δέδιθι.

424 2614 443 2649 ι
481 2597 555 2661 0ρύ
580 2595 689 2667 γάρ
722 2596 860 2651 θέλω
893 2598 1039 2667 ὑμᾶς
1087 2599 1323 2666 ἀγνοεῖν,
1352 2596 1593 2667 ἀδελφοὶ,
1624 2596 1685 2649 τὸ
1716 2597 1922 2668 μυστή-

352 2705 464 2758 ριον
492 2687 672 2753 τοῦτο,
706 2689 794 2742 ἴνα
830 2688 907 2760 μὴ
950 2683 1050 2760 ἦτε
1083 2687 1215 2759 παρ’
1260 2688 1476 2750 ἑαυτοῖς
1518 2687 1796 2757 φρόνιμοι,
1839 2686 1922 2740 ὅτι

348 2779 606 2850 πώρωσις
634 2780 746 2834 ἀπὸ
771 2781 977 2851 μέρους
1001 2778 1079 2850 τῷ
1121 2777 1336 2850 Ἰσραὴλ
1380 2778 1621 2847 γέγονεν,
1668 2778 1828 2849 ἄχρις
1858 2771 1921 2830 οῦ

344 2870 408 2924 τὸ
464 2872 743 2944 πλήρωμα
788 2873 896 2926 τῶν
950 2872 1122 2926 ὲθνῶν
1169 2870 1426 2942 εἰσέλθῃ·
1483 2872 1577 2925 καὶ¹
1630 2870 1775 2923 οῦτω
1813 2871 1922 2934 πᾶς

358 2963 571 3036 Ἰσραὴλ
601 2965 926 3037 σωθήσεται.
956 2983 974 3017 ι

428 3055 514 3119 Ὠς
546 3055 633 3121 ἂν,
656 3057 810 3128 φησι,
839 3056 916 3129 μὴ
946 3056 1088 3129 μέγα
1111 3074 1165 3111 τι
1195 3057 1292 3111 καὶ
1318 3055 1627 3126 θαυμαστὸν
1656 3054 1921 3125 ὑπονοῆτε

348 3147 478 3221 περὶ
504 3149 686 3203 αὐτῶν
711 3150 1086 3221 ἀπατώμενοι,
1111 3150 1188 3215 ώς
1212 3150 1354 3219 ὑπὲρ
1383 3150 1508 3208 τοὺς
1546 3147 1738 3210 ἄλλους
1771 3146 1923 3210 ὄντες

2022 2052 2259 2093 inserar.
2289 2057 2308 2090 ι

2093 2128 2195 2186 llic
2226 2141 2406 2189 autem
2442 2133 2557 2187 halt!
2599 2133 2789 2189 vocula
2819 2133 2924 2187 ἵνα
2960 2148 3057 2204 pro
3085 2148 3237 2190 more
3270 2135 3476 2190 exitum
3517 2136 3595 2189 si-

2020 2222 2258 2291 gniﬁcat.
2307 2221 2465 2278 Dices
2505 2223 2649 2277 enim
2696 2223 2979 2294 magniﬁce
3011 2235 3062 2279 te
3103 2223 3357 2288 cli‘erens,
3388 2224 3598 2281 Fractis

2026 2314 2149 2370 istis
2178 2328 2310 2385 ergo
2336 2316 2574 2372 insertus
2599 2314 2696 2372 lui.
2743 2318 3073 2387 Recogitans
3104 2318 3265 2388 igitur
3291 2321 3481 2373 horum
3509 2320 3598 2374 de-

2021 2406 2239 2462 letionis
2269 2416 2322 2462 et
2349 2416 2454 2462 tua:
2486 2408 2804 2464 insertionis
2834 2423 3086 2473 causam,
3116 2410 3409 2478 prudenter
3442 2410 3592 2465 time.

2094 2585 2255 2642 Vens.
2299 2586 2393 2653 '25,
2421 2586 2514 2642 26.
2560 2606 2580 2641 ι
2607 2586 2740 2643 Nolo
2780 2604 2877 2644 vos
2916 2588 3189 2660 ignorare,
3234 2588 3453 2655 fratres,
3486 2604 3600 2660 my-

2022 2682 2248 2735 Sterium
2279 2679 2403 2745 hoc,
2426 2691 2489 2735 ut
2514 2695 2620 2736 non
2657 2681 2782 2735 sitis
2811 2680 2966 2736 vobis
2992 2680 3124 2750 ipsis
3151 2681 3447 2751 sapientes,
3469 2683 3595 2751 quia

2022 2772 2237 2825 caecitas
2272 2786 2339 2827 ex
2373 2782 2529 2842 parte
2571 2772 2800 2842 contigit
2833 2772 2885 2826 in
2914 2770 3083 2825 Israel
3112 2774 3284 2827 donec
3321 2772 3601 2841 plenitudo

2021 2864 2262 2935 gentium
2292 2864 2543 2932 intraret,
2580 2874 2634 2919 et
2661 2865 2740 2920 sic
2766 2864 2943 2920 omnis
2968 2864 3138 2919 Israel
3159 2864 3341 2921 salvus
3366 2864 3546 2921 ﬁeret.
3573 2883 3597 2915 υ

2091 3052 2174 3109 Ne
2212 3052 2419 3120 forsan,
2445 3052 2643 3123 inquit,
2668 3053 2797 3123 quid
2834 3067 3086 3123 magnum
3117 3063 3172 3107 et
3194 3052 3388 3107 mirum
3412 3053 3478 3108 de
3503 3068 3597 3108 vo-

2021 3144 2106 3201 bis
2162 3145 2410 3216 cogitetis
2465 3145 2828 3214 vosmetipsos
2872 3144 3246 3215 decipientes,
3296 3146 3450 3215 quasi
3505 3160 3597 3201 sa-

349 3237 509 3308 ὗμεῖς
563 3239 794 3303 συνετοὶ,
852 3238 1055 3310 μάθετε
1112 3239 1392 3308 συντόμως
1443 3236 1575 3290 ἄλλο
1621 3237 1923 3307 μυστήριον

2026 3236 2236 3305 pientes
2275 3251 2441 3306 super
2467 3251 2678 3301 omnes,
2719 3236 2963 3291 breviter
2996 3235 3188 3292 discite
3228 3235 3371 3289 aliud
3401 3244 3601 3306 myste-

353 3328 808 3401 φρικωδέστερον,
840 3330 1048 3400 ἄφατον
1088 3330 1184 3382 τοῦ
1228 3328 1364 3382 Θεοῦ
1417 3328 1516 3400 τὴν
1548 3329 1676 3401 περὶ
1714 3328 1924 3391 πάντας

356 3420 612 3490 πρόνοιαν
640 3421 957 3490 ὑποφαϊνονο
985 3421 1097 3475 τῶν
1135 3417 1511 3491 Ἰσραηλιτῶν,
1543 3419 1684 3490 πλὴν
1711 3418 1812 3488 τῆς
1835 3418 1927 3471 ὲκ-

355 3511 554 3576 λέξεως
587 3510 683 3581 (τὸ
710 3511 817 3583 γὰρ
862 3512 981 3566 ἀπὸ
1009 3511 1253 3581 μέρους,
1295 3511 1456 3565 τοῦτό
1510 3508 1679 3580 φησι)
1729 3527 1930 3580 πωρω-

358 3603 560 3658 θέντων
590 3604 683 3657 καὶ
711 3603 810 3674 τὴν
849 3603 1126 3675 σωτηρίαν
1172 3603 1603 3674 ἀπωθουμένων,
1653 3600 1739 3671 ἐφ’
1785 3600 1929 3671 ὑμᾶς

361 3698 668 3770 μετήνεγκε
726 3696 928 3765 ταύτην
974 3697 1004 3748 ὁ
1053 3696 1205 3760 Θεός.
1257 3695 1693 3767 Είσποιηθέντων
1746 3692 1929 3763 μέντοι

360 3791 578 3845 πάντων
607 3790 784 3862 ὑμῶν,
831 3790 1119 3852 κάκείνους
1156 3785 1315 3853 αὖθις
1348 3791 1594 3851 ἅπαντας
1635 3785 1930 3857 περιλήψε-

360 3900 451 3936 ται
485 3884 517 3954 ἡ
553 3885 714 3955 χάρις
744 3882 822 3954 (2)

436 3995 456 4028 ι
485 3976 905 4048 Ἀμεταμέλητα
929 3974 1040 4047 γὰρ
1070 3973 1140 4027 τά
1175 3972 1495 4046 χαρίσματα
1526 3972 1619 4025 καὶ
1661 3971 1693 4040 ή
1737 3968 1930 4039 κλῆσις

361 4064 457 4120 τοῦ
483 4066 641 4122 Θεοῦ.
679 4084 698 4119 ι

437 4160 509 4213 Ἢ
541 4159 714 4213 ταῦτα
742 4159 1056 4230 χαρίσματα
1088 4158 1484 4230 ἀμεταμέλητα
1514 4153 1656 4211 εἶναι
1688 4159 1862 4226 λέγει,
1894 4157 1930 4212 δι

361 4248 452 4303 διὰ
474 4248 569 4302 τοῦ
599 4250 883 4321 προφήτου
918 4248 1289 4319 ἐπηγγείλατο
1337 4249 1366 4301 ὁ
1416 4246 1546 4310 Θεὸς
1573 4246 1652 4318 τῷ
1692 4245 1929 4316 Ἰσραὴλ.

361 4339 552 4404 είπὼν,
584 4339 754 4404 Ἥξει
788 4339 859 4394 ἐκ
891 4339 1048 4394 Σιὼν
1099 4342 1132 4394 ό
1172 4340 1492 4408 ῥυόμενος,
1525 4340 1617 4391 καὶ
1666 4336 1735 4390 τὰ
1764 4335 1893 4407 ἑξῆς
1915 4352 1927 4364 ·

364 4432 461 4484 καὶ
494 4431 686 4503 κλῆσιν
712 4432 814 4504 τὴν
841 4432 931 4487 διὰ
960 4431 1056 4485 τοῦ
1088 4430 1317 4501 Κυρίου.

439 4541 458 4574 ι
488 4523 806 4578 Συνέκλεισε
858 4524 968 4594 γὰρ
1010 4524 1039 4577 ὁ
1074 4522 1203 4586 Θεὸς
1241 4523 1368 4586 τοὺς
1404 4522 1614 4585 πάντας
1648 4524 1729 4585 είς
1767 4519 1929 4574 ἀπεί-

367 4614 537 4681 θειαν,
569 4617 658 4669 ἵνα
680 4616 807 4678 τοὺς
830 4616 1040 4680 πάντας
1070 4614 1285 4689 ἐλεήσῃ.
1319 4635 1338 4669 ι

350 4778 353 4781 _
434 4707 509 4761 Τὸ
536 4706 737 4769 τοίνυν,
761 4706 1181 4772 συνέκλεισεν,
1209 4703 1326 4760 ῐσόν
1352 4708 1469 4760 ἐστι
1495 4707 1595 4777 τῷ,
1627 4710 1822 4778 Νόμος
1859 4707 1928 4761 δὲ

366 4798 791 4870 παρεισῆλθεν,
823 4800 924 4853 ἵνα
954 4799 1266 4868 πλεονάσῃ
1294 4799 1361 4853 τὸ
1384 4800 1768 4869 παράπτωμα.
1792 4799 1929 4855 Οὔτε

367 4892 476 4961 γὰρ
496 4894 524 4946 ὁ
547 4892 679 4956 Θεὸς
704 4891 953 4955 ἀπειθεῖς
981 4892 1206 4956 τούτους
1222 4894 1498 4963 ἐποίησεν,
1525 4893 1661 4946 ἀλλά
1691 4894 1933 4964 σωτηρία

367 4983 567 5036 δέδωκε
600 4985 1065 5057 παραγγέλματαο
1094 4987 1204 5039 τῶν
1231 4986 1287 5038 δὲ
1316 4985 1730 5055 άνομησάντων,
1773 4985 1931 5038 τοῦτο

368 5073 698 5145 ἐκϐέϐηκεν
717 5076 842 5130 οὔτε
870 5078 957 5132 διὰ
981 5078 1137 5133 τοῦτο
1165 5080 1232 5133 τὰ
1256 5080 1656 5151 προστάγματα
1683 5078 1932 5143 δέδωκεν,

266 5184 269 5189 ί
369 5167 457 5221 ἵνα
485 5165 890 5237 ἀπειθήσαντας
922 5170 1171 5243 ἐλκύσῃ,
1198 5171 1315 5225 ἀλλ’
1357 5170 1498 5225 οὕτω
1522 5170 1681 5224 τοῦτο
1721 5170 1810 5224 διὰ
1839 5171 1936 5241 τὴν

369 5259 595 5313 ἐκείνων
628 5260 975 5332 ἀποϐέϐηκεν
999 5264 1302 5320 ἀπείθειαν.
1335 5264 1439 5318 Τοῦ
1473 5265 1531 5317 δὲ
1571 5264 1736 5318 αὐτοῦ
1765 5263 1935 5317 τύπου

371 5352 468 5407 καὶ
516 5352 686 5409 τᾶλλα
733 5354 835 5408 ὅσα
882 5355 1107 5410 τοιαῦτα
1144 5357 1251 5411 τῶν
1290 5357 1728 5429 προεκτεθέντων
1767 5358 1937 5421 ἐστὶν,

445 5562 634 5635 (2)ΙΕ;τ
648 5573 832 5619 catena
859 5563 1111 5619 Theoduli
1142 5565 1250 5618 lucc
1278 5566 1476 5633 supple.
1502 5582 1515 5618 :
1543 5564 1931 5622 Testimonium

375 5644 555 5687 autem
596 5644 652 5689 et
698 5635 823 5690 huic
867 5636 1152 5691 sententiae
1200 5636 1372 5702 ipsum
1420 5637 1584 5691 divini
1615 5635 1766 5691 Isaiae
1799 5649 1934 5701 vatis

374 5704 654 5759 oraculum
676 5705 981 5777 depromit.
1011 5704 1297 5777 Eeparte,
1326 5705 1517 5777 Israeli
1550 5708 1790 5777 contigit.
1819 5706 1934 5759 Non

376 5788 441 5829 ex
491 5782 604 5857 toto
649 5774 893 5857 (inquit),
940 5774 1203 5857 siquidem
1250 5785 1303 5857 et
1350 5791 1415 5857 ei:
1458 5774 1655 5857 Jndmis
1694 5774 1973 5857 plerique

377 5842 827 5915 crediideru'nt,_et
852 5842 1134 5901 'crediluri
1171 5854 1316 5900 sunt.
1368 5842 1641 5915 Tantisper
1671 5842 1797 5900 dum
1826 5842 1940 5913 p'le-

380 5912 564 5968 nitudo
608 5916 841 5985 gentium
889 5916 1186 5973 accesserit.
1237 5912 1629 5974 Plenitudinem
1674 5912 1936 5988 gentium,

2027 3328 2169 3382 rium
2211 3328 2384 3397 magis
2417 3327 2749 3381 horrendum
2778 3342 2942 3396 quam
2984 3327 3353 3383 lsraelitarum
3381 3327 3598 3394 electio,

2027 3418 2437 3474 inscrutabilem
2459 3418 2552 3473 Dei
2575 3418 2628 3472 in
2651 3432 2840 3474 omnes
2862 3418 3260 3488 providentiam
3283 3419 3598 3475 ostendens.

2028 3511 2164 3566 Nam
2207 3527 2273 3567 ea:
2317 3520 2468 3582 parte
2519 3512 2648 3566 illud
2701 3512 2993 3581 significat.
3047 3512 3349 3568 Excteeatis
3393 3513 3500 3566 illis
3544 3522 3601 3566 et

2029 3604 2259 3660 salutem
2299 3604 2694 3675 rejicientibus,
2730 3605 2872 3659 hanc
2919 3606 3062 3660 Deus
3100 3604 3258 3661 nobis
3302 3604 3597 3660 transtulit.

2029 3696 2194 3750 Nobis
2220 3706 2400 3752 tamen
2424 3696 2694 3752 universis
2722 3696 3014 3766 adoptatis,
3037 3695 3160 3753 illos
3186 3698 3381 3752 iterum
3410 3712 3599 3754 omnes

2030 3790 2263 3858 excipiet
2292 3790 2483 3860 gratia.
3554 3776 3557 3780 ’

2102 3976 2263 4031 Vens.
2296 3974 2386 4032 29.
2429 3975 2558 4031 Sine
2582 3976 2899 4047 poenitentia
2931 3977 3077 4033 enim
3102 3987 3229 4033 sunt
3257 3976 3395 4034 dena
3423 3988 3477 4032 et
3500 3993 3601 4034 vo-

2031 4064 2173 4117 catio
2202 4063 2316 4118 Dei.
2348 4083 2369 4116 ι

2102 4155 2196 4210 Vel
2222 4158 2336 4210 haec
2361 4156 2498 4210 dona
2530 4156 2649 4211 sine
2679 4158 2999 4225 ptenitentia
3045 4173 3167 4214 esse
3192 4158 3322 4215 dicit
3356 4175 3475 4228 qua:
3500 4175 3599 4230 per

2030 4248 2349 4316 prophetam
2381 4249 2633 4316 promisit
2658 4247 2801 4305 Deus
2836 4246 3021 4305 lsraeli
3050 4250 3276 4305 dicens:
3319 4248 3498 4304 Veniet
3530 4267 3596 4305 ex

2032 4337 2161 4394 Sion
2191 4338 2462 4403 liberator,
2507 4350 2613 4395 etc.
2637 4380 2655 4405 ,
2698 4350 2753 4396 et
2791 4340 3261 4412 vocationemper
3286 4341 3623 4398 Dominum-

2102 4527 2265 4583 Vens.
2286 4526 2381 4603 βξ.
2419 4546 2437 4579 ι
2475 4526 2752 4583 Conclusit
2776 4527 2921 4581 enim
2952 4526 3096 4581 Deus
3122 4530 3389 4584 omnesin
3418 4530 3599 4585 incre-

1964 4610 2008 4667 Ι)
2036 4620 2302 4677 dulitate:
2337 4629 2396 4674 ut
2430 4620 2673 4675 omnium
2704 4620 3047 4675 misereatur.
3080 4637 3102 4670 ›

2105 4712 2219 4769 Hoc
2250 4711 2741 4782 igitur,,conclusit,
2769 4711 2944 4766 simile
2971 4722 3055 4766 est
3103 4711 3233 4766 huic
3277 4713 3463 4776 verbo,
3514 4714 3600 4767 in-

2037 4806 2213 4861 troivit
2238 4804 2323 4857 lex
2346 4814 2404 4857 ut
2443 4803 2735 4857 abundaret
2754 4802 3023 4856 delictum.
3056 4801 3247 4870 Neque
3288 4802 3433 4858 enim
3460 4803 3602 4861 Deus

2038 4897 2159 4951 illos
2189 4894 2432 4949 inﬁdeles
2463 4894 2710 4957 reddidit,
2738 4894 2832 4947 sed
2856 4892 2969 4947 illis
2988 4892 3246 4948 salutaria
3272 4894 3416 4949 dedit
3453 4910 3605 4949 man-

2041 4991 2345 5054 data;cum
2378 4995 2555 5041 autem
2607 4986 2681 5040 illi
2728 4985 2893 5055 impie
2938 4986 3195 5054 egissent,
3241 4987 3601 5043 illud-evenita

2036 5081 2224 5150 Neque
2276 5079 2478 5134 idcirco
2514 5088 2782 5148 praecepta
2818 5077 2966 5132 dedit
3018 5087 3075 5132 ut
3113 5078 3183 5132 ad
3233 5078 3601 5135 infidelitatem

2040 5176 2412 5236 traherentur,
2445 5171 2537 5225 sed
2567 5171 2669 5224 hoc
2720 5170 2917 5224 accidit
2955 5181 3176 5239 propter
3227 5169 3443 5225 illorum
3471 5171 3599 5225 inli-

2042 5268 2335 5323 delitatem.
2373 5264 2685 5334 Hujusmodi
2739 5273 2865 5318 sunt
2907 5278 3025 5332 quae
3072 5263 3125 5318 in
3176 5264 3603 5333 przecedentibus

2044 5358 2312 5429 capitibus
2336 5357 2588 5412 dicuntur
2616 5374 2629 5411 :
2670 5356 2849 5426 qualia
2880 5374 2894 5410 :
2934 5354 3161 5415 chitas
3195 5372 3259 5410 ea:
3283 5366 3435 5425 parte
3457 5372 3597 5410 con-

2043 5576 2266 5620 cunctos
2295 5580 2362 5619 ex
2397 5563 2647 5634 gentibus
2691 5563 2976 5634 credentes
3005 5560 3155 5617 dicit.
3189 5558 3428 5634 Quando
3471 5571 3603 5634 ergo

2042 5639 2107 5690 ad
2134 5635 2292 5689 ﬁdem
2320 5629 2509 5688 om'nes
2549 5633 2904 5697 accesserint,
2945 5643 3056 5685 tum
3102 5641 3158 5686 et
3188 5629 3351 5684 Israel
3379 5630 3607 5697 credens

2041 5706 2368 5759 servabitur.
2398 5703 2649 5757 lsraelem
2684 5711 2863 5756 autem
2894 5695 3133 5771 appellat
3166 5715 3260 5753 eos
3291 5700 3380 5766 qui
3408 5700 3475 5771 _in
3505 5695 3604 5771 Ju-_

2040 5777 2250 5829 daismo
2281 5766 3054 5846 perdurarunt.ANaut,LPones
3077 5766 3605 5846 (inquitﬁcriptura)

2041 5863 2127 5899 eos
2151 5836 2389 5910 dorsum,
2421 5854 2467 5897 et
2503 5844 2558 5913 in
2586 5844 2807 5896 residuis
2842 5842 2967 5913 (hoc
2994 5836 3373 5913 est‘reliquiis)
3396 5836 3604 5907 parabis

2042 5918 2230 5985 faciem
2256 5931 2457 5971 eorum.
2487 5912 2555 5969 Et
2585 5915 2660 5969 sic
2688 5909 2860 5969 omnis
2889 5912 3077 5969 Israel
3096 5909 3404 5967 servabitur.
