4164 6548
624 419 758 484 1719

1717 420 2092 482 G-ENNADII
2129 419 2638 482 PATRIARCHAZ
2675 421 2785 482 (ΣΡ.

3772 419 3862 481 ’ῗΞθ

617 539 736 605 tigit
775 539 832 592 in
866 537 1063 605 Israel,
1119 542 1283 594 donec
1322 535 1594 606 plenitudo
1650 539 1886 608 gentium
1938 538 2186 590 intraret.

2300 533 2426 600 οἷον,
2456 535 2537 601 τὸ,
2580 538 2860 607 Πώρωσις
2902 535 3022 592 ἀπὸ
3062 533 3282 604 μέρους
3313 533 3400 598 τῷ
3443 531 3690 601 Ἰσραὴλ
3713 536 3862 606 τέτο-

619 632 733 684 Non
760 631 905 685 enim
934 642 992 686 ut
1019 631 1361 686 salvarcntur
1391 629 1640 699 gentiles,
1678 630 1896 699 quidam
1940 630 1991 682 in
2026 627 2192 683 Israel

617 724 876 779 exc:ecati
919 734 1083 793 sunt;
1128 725 1221 778 sed
1278 724 1576 778 czecitatem
1635 723 1850 778 illorum
1904 723 2191 776 subsecuta

618 827 701 870 est
733 817 877 872 salus
910 817 1171 887 gentium.
1207 816 1313 873 Et:
1347 816 1448 871 Isti
1495 829 1668 871 autem
1718 834 1822 871 non
1852 817 2189 870 crediderunt

533 925 549 948 ο
620 910 673 960 in
700 920 923 962 vestram
954 911 1389 974 misericordiam,
1440 919 1496 964 ut
1535 922 1583 964 et
1617 909 1722 978 ipsi
1767 906 2192 962 misericordiam

617 1011 1026 1071 consequantur.
1063 1000 1130 1056 Et
1154 1004 1336 1056 omnia
1372 1003 1675 1073 hujusmodi
1711 1017 1830 1072 qua:
1871 1005 1924 1054 in
1975 1004 2193 1056 modum

617 1095 1052 1150 criminatorium
1071 1095 1380 1160 traduntur,
1400 1098 1502 1152 etsi
1517 1111 1738 1150 sensum
1756 1094 2192 1149 criminatoriqu

619 1200 723 1240 non
751 1187 1006 1242 habeant.

1251 1299 1407 1354 CAP.
1446 1298 1560 1353 XII.

695 1411 860 1467 Vens.
901 1415 951 1467 l.
990 1432 1008 1464 ι
1049 1413 1289 1468 Obsecro
1312 1413 1497 1483 itaque
1516 1429 1632 1479 vos,
1654 1413 1874 1477 fratres,
1908 1429 2006 1484 per
2037 1414 2198 1468 mise-

620 1501 910 1556 ricordiam
941 1505 1054 1568 Dei,
1083 1515 1142 1558 ut
1168 1505 1473 1559 exhibeatis
1492 1521 1720 1573 corpora
1745 1517 1926 1561 vestra
1959 1505 2194 1560 hostiam

620 1595 912 1658 viventem,
981 1606 1250 1660 sanctam,
1316 1597 1426 1651 Deo
1493 1599 1822 1665 placentem,
1875 1597 2196 1652 rationabile

619 1687 934 1753 obsequium
969 1700 1226 1744 vestrum.
1269 1709 1288 1741 ι

693 1780 807 1835 Huc
847 1795 1016 1850 usque
1049 1781 1100 1834 in
1133 1782 1276 1836 datis
1297 1797 1462 1850 supra
1510 1783 1575 1837 de
1611 1786 1861 1854 dogmate
1889 1795 2194 1838 sermonem

2299 648 2426 695 νεν,
2471 630 2644 700 ἄχρις
2679 625 2752 687 οὗ
2792 630 2858 682 τὸ
2909 629 3202 697 πλήρωμα
3240 626 3364 680 τῶν
3401 624 3596 680 ἐθνῶν
3621 625 3862 696 εἰσέλθῃ.

2300 725 2376 776 Οὐ
2437 722 2546 794 γὰρ
2601 723 2689 776 ἵνα
2745 722 2993 776 σωθῶσιν
3049 723 3098 774 οἱ
3148 719 3394 782 ἐθνικοὶ,
3449 715 3538 771 διὰ
3588 715 3738 771 τοῦτο
3782 719 3864 774 τοῦ

2311 814 2530 886 Ἰσραήλ
2552 832 2698 878 τινες
2721 813 3125 884 ἐπωρώθησαν·
3163 810 3303 866 ἀλλὰ
3351 808 3727 878 πωρωθέντων
3760 811 3866 863 τού-

2300 923 2433 970 των,
2461 908 2640 959 ἐκεῖνο
2669 904 3098 976 ἐπηκολούθησε.
3146 903 3258 958 Καὶ
3301 901 3392 967 τὸ,
3433 899 3784 966 Ἠπδίθησαν
3807 899 3866 954 δὲ

2301 1000 2381 1065 τῷ
2409 999 2671 1069 ὑμετέρῳ
2697 999 2872 1062 ἐλέει,
2919 998 3021 1052 ἵνα
3056 994 3158 1050 καὶ
3202 995 3375 1049 αὐτοὶ
3425 989 3735 1058 ἐλεηθῶσι.
3771 993 3867 1045 Καὶ

2303 1093 2484 1146 πάντα
2520 1092 2621 1144 ὅσα
2669 1089 2917 1151 τοιαῦτα,
2961 1087 3103 1142 κατὰ
3142 1086 3235 1140 τὸν
3270 1083 3588 1139 αἰτιατικδν
3621 1082 3865 1138 ὲκδέδοται

2301 1185 2526 1254 τρόπον,
2557 1183 2658 1236 ούκ
2683 1181 2878 1244 ,ἐγοντα
2907 1181 3000 1234 τὸν
3030 1179 3156 1232 νοῦν
3183 1176 3517 1232 αἱτιατικόν.

2942 1295 3101 1350 ΚΕΦ.
3137 1294 3240 1350 IB‘.

2379 1411 2719 1484 «Παρακαλῶ
2747 1407 2839 1465 οὖν
2868 1411 3036 1480 ὑμᾶς,
3061 1409 3303 1478 ἀδελφοὶ,
3331 1407 3429 1460 διὰ
3458 1407 3569 1459 τῶν
3589 1404 3865 1474 οἰκτιρμῶν

2301 1508 2395 1562 τοῦ
2449 1505 2606 1568 Θεοῦ,
2668 1503 3022 1576 παραστῆσαι
3073 1502 3142 1556 τὰ
3207 1501 3444 1571 σώματα
3492 1497 3648 1569 ὑμῶν
3699 1497 3867 1552 Θυσίαν

2304 1600 2506 1666 ζῶσαν,
2545 1597 2730 1666 ἁγίαν,
2760 1597 3053 1666 εὐάρεστον
3080 1594 3160 1666 τῷ
3188 1593 3330 1664 Θεῷ,
3367 1593 3472 1662 τὴν
3502 1590 3724 1661 λογικὴν
3757 1590 3865 1642 ταύ-

2305 1711 2403 1762 την
2429 1692 2686 1763 λατρείαν
2716 1689 2891 1760 ὑμῶν,
2929 1709 2946 1740 3

2379 1788 2544 1856 Ἀχρι
2575 1783 2767 1836 τούτου
2796 1782 2888 1835 τὸν
2917 1782 3045 1852 περὶ
3069 1781 3342 1852 δόγματος
3374 1776 3469 1832 διὰ
3496 1775 3609 1830 τῶν
3649 1793 3868 1847 προαπο-

623 1873 925 1940 protraxit;
954 1873 1150 1927 exinde
1173 1875 1240 1926 ad
1264 1873 1522 1928 moralem
1547 1885 1756 1928 tantum
1801 1874 2199 1943 transgreditur

2301 1877 2602 1946 δεδομένων
2629 1892 2693 1927 συ
2703 1891 2811 1944 μπε
2820 1874 2995 1945 ρὰνας
3017 1873 3194 1934 λόγον,
3223 1870 3484 1924 ἐντεῦθεν
3510 1868 3694 1922 λοιπὸν
3719 1867 3869 1921 καθαο

622 1965 942 2019 doctrinam.
990 1963 1101 2019 Hoc
1135 1981 1261 2019 vero
1303 1967 1354 2019 in
1395 1967 1648 2021 omnibus
1673 1967 1790 2034 ejus
1825 1965 2102 2035 Epistolis,
2140 1974 2196 2017 et

616 2055 738 2122 jure
765 2057 1001 2127 quidem,
1041 2057 1189 2110 facit.
1223 2057 1448 2126 Oportet
1471 2059 1636 2123 enim,
1683 2069 1742 2112 ut
1773 2059 1988 2127 opinor,
2043 2057 2191 2109 illum

625 2151 714 2216 qui
748 2148 859 2202 vult
891 2150 1095 2216 optime
1127 2149 1325 2213 vivere,
1359 2149 1525 2204 Deum
1555 2163 1881 2220 cognoscere
1897 2157 1951 2204 et
1976 2149 2197 2203 credere

625 2241 858 2307 primum
914 2241 1038 2309 quia
1083 2251 1166 2295 est
1199 2249 1251 2294 et
1301 2243 1429 2310 quia
1462 2243 1635 2312 ipsum
1686 2239 2059 2310 quaerentibus
2103 2252 2199 2305 per

626 2331 820 2384 bonam
853 2331 1018 2385 vitam
1060 2342 1440 2387 remunerator
1491 2332 1729 2386 exsistit.
1760 2331 1963 2386 Paulus
2018 2339 2196 2383 autem

626 2436 692 2474 ex
725 2420 963 2490 praefatis
996 2424 1062 2477 ad
1096 2423 1498 2478 conclusionem
1527 2423 1886 2493 progreditur,
1941 2429 1996 2476 et
2033 2437 2100 2474 ex
2135 2420 2199 2473 iis

627 2514 822 2581 quibus
849 2515 1152 2584 dogmatica
1187 2517 1485 2580 conclusit,
1523 2516 1732 2572 ethices
1757 2514 1990 2583 sumpsit
2035 2528 2199 2568 exor-

628 2603 798 2658 didm.

700 2789 866 2846 Vens.
895 2792 948 2845 5.
982 2811 1000 2844 ι
1044 2793 1173 2846 Dico
1203 2793 1349 2847 enim
1399 2808 1497 2862 per
1525 2793 1754 2862 gratiam
1779 2807 1897 2861 qua:
1945 2792 2074 2843 data
2120 2797 2206 2841 est

633 2885 783 2939 mihi.
827 2904 848 2936 ι

702 2972 823 3040 νει,
847 2992 939 3044 per
953 2980 1180 3042 gratiam
1209 2977 1308 3030 Dei
1335 2993 1453 3046 quw
1473 2976 1599 3028 data
1627 2985 1700 3027 est
1732 2973 2056 3040 mihi,dixit,
2083 2986 2204 3042 pro,

633 3083 756 3120 cum
810 3077 1132 3135 potestatem
1185 3070 1299 3123 hzec
1325 3083 1424 3123 vos
1473 3068 1702 3122 docendi
1731 3083 1758 3118 a
1802 3066 1982 3119 divina
2032 3065 2207 3136 gratia

634 3161 960 3226 acceperim.

711 3249 870 3304 Vens.
902 3249 955 3306 7.
995 3270 1014 3302 ι
1052 3251 1178 3306 Sive
1205 3252 1561 3307 ministerium
1598 3253 1648 3305 in
1685 3253 2065 3314 ministrando,
2093 3251 2208 3305 sive
2239 3264 2284 3326 (ς

635 3342 724 3412 qui
762 3343 920 3397 docet
947 3344 997 3396 in
1033 3345 1300 3399 doctrina.
1335 3365 1354 3398 ι

708 3433 1065 3489 Ministerium
1085 3437 1236 3500 dicit,
1259 3437 1572 3495 facultatem
1603 3442 1919 3511 quihusdam
1942 3442 2212 3496 inhaeren-

638 3535 748 3581 tem
772 3527 839 3581 iis
870 3526 960 3595 qui
991 3528 1236 3597 indigent
1259 3530 1603 3584 tuiuislrandi
1633 3547 1647 3597 ;
1676 3533 1979 3586 doctrinam
2009 3541 2210 3596 autem,

639 3614 940 3670 absolutum
965 3619 1248 3672 consilium
1278 3636 1295 3686 ;
1328 3622 1786 3687 exhortationem,
1819 3631 2058 3676 mutuam
2082 3624 2212 3678 doc-

643 3709 837 3762 trinam
871 3726 887 3774 ;
926 3709 1353 3778 simplicitatem,
1417 3711 1622 3769 fraudis
1667 3723 1723 3768 et
1761 3716 1976 3769 invidia:
2020 3718 2215 3769 absen-

645 3800 820 3866 tiam;
886 3799 1247 3865 hilaritatem,
1327 3805 1569 3858 animum
1645 3806 1712 3858 ad
1777 3806 2212 3860 misericordiam

643 3901 974 3961 promptum,
1025 3895 1428 3950 miserationem
1495 3912 1617 3952 cum
1670 3900 1867 3968 gaudio
1920 3899 2215 3954 ostenden-

647 3994 776 4038 tem.
815 3982 924 4039 Hoc
956 3994 1138 4040 tamen
1162 3986 1451 4041 secundum
1481 3991 1742 4044 rationem
1764 3991 1911 4060 ﬁdei,
1947 4008 2051 4047 non
2084 4006 2215 4062 pro-

647 4073 842 4143 phetia:
871 4083 1078 4128 tantum
1103 4077 1374 4145 congruit.
1413 4077 1509 4132 sed
1536 4079 1788 4134 omnibus
1814 4089 1900 4134 est
1927 4095 2217 4135 commune

646 4164 803 4220 donis
852 4175 909 4219 et
951 4165 1134 4220 omnia
1189 4167 1297 4222 alia
1329 4169 1395 4222 ad
1446 4169 1587 4224 idem
1639 4171 1961 4226 relationem
1993 4171 2214 4227 habent.

648 4256 769 4310 Sive
823 4258 1169 4311 ministerium
1227 4259 1284 4312 in
1329 4259 1706 4316 ministrando.
1763 4263 1897 4318 Vide
1949 4265 2218 4333 quomodo

649 4349 1128 4403 imliscriminatim
1157 4362 1548 4406 enumerantur
1565 4352 1731 4407 dona.
1747 4352 1979 4408 Parvum
2000 4355 2220 4425 ponitur

651 4443 927 4510 primum;
992 4457 1286 4511 magnum,
1348 4443 1621 4499 ultimum.
1703 4447 1817 4504 Hoc
1886 4449 2005 4519 ipso
2063 4451 2220 4506 docet

647 4533 941 4601 Apostolus
964 4548 1068 4588 non
1097 4533 1273 4588 inﬂari
1308 4549 1484 4606 neque
1517 4537 1727 4595 extolli.

722 4623 890 4680 Vens.
934 4625 1023 4681 17.
1066 4645 1085 4678 ι
1122 4624 1263 4681 Nulli
1295 4629 1495 4682 malum
1526 4645 1625 4699 pro
1662 4632 1804 4688 malo
1841 4634 2154 4690 reddentes.
2195 4653 2216 4686 ι
2253 4618 2298 4672 D

707 4719 843 4774 Cum
882 4734 985 4774 non
1022 4721 1221 4774 malum
1249 4738 1348 4792 pro
1383 4725 1525 4778 man
1568 4725 1816 4792 reddere,
1845 4727 1998 4795 juxta
2024 4726 2223 4783 divina:

649 4809 783 4880 legis
801 4823 1150 4880 praeceptum,
1167 4812 1316 4865 uutlti
1329 4853 1343 4877 ,
1359 4828 1424 4867 ex
1444 4812 1524 4867 ira
1545 4813 1866 4881 iujustitiam
1881 4815 2218 4884 azmulantes,

651 4904 937 4959 stultitiam
973 4919 1094 4960 esse
1124 4905 1330 4972 dicunt,
1361 4917 1418 4961 et
1466 4921 1706 4962 amorem
1745 4908 1900 4978 pacis
1933 4918 1994 4961 ut
2025 4923 2218 4980 parum

653 4999 872 5052 hornine
899 4997 1122 5067 dignum
1175 4997 1359 5054 valere
1403 4999 1646 5055 dicentes
1677 5001 1730 5054 iu
1783 5000 2006 5070 majoris
2037 5003 2223 5058 damni

651 5087 891 5142 studium
939 5086 1208 5154 feruntur,
1240 5089 1532 5160 Apostolus
1576 5105 1674 5146 nos
1713 5091 1963 5147 hortatur
2006 5102 2068 5148 ut
2109 5094 2225 5148 haac

654 5179 940 5251 fugiamus,
975 5192 1033 5234 ut
1064 5199 1168 5236 non
1220 5199 1286 5239 ex
1319 5185 1398 5238 ira
1429 5185 1681 5256 proprias
1711 5188 2077 5256 cogitationes
2121 5204 2225 5245 no—

654 5283 798 5329 stras
835 5274 988 5344 quasi
1011 5273 1106 5329 Dei
1131 5277 1386 5331 niandato
1417 5279 1670 5336 meliores
1691 5293 2004 5349 sequamur,
2030 5281 2128 5337 sed
2161 5291 2223 5338 ut

654 5367 782 5424 huic
803 5369 1146 5440 oliediamus,
1189 5371 1309 5424 illas
1338 5370 1523 5425 valere
1545 5371 1815 5428 dicentes.

1261 5578 1413 5637 CAP.
1450 5578 1586 5635 XIII.

717 5691 880 5752 Vens.
919 5695 972 5760 1,
997 5694 1053 5751 2.
1091 5713 1109 5745 ι
1139 5693 1330 5750 Omnis
1379 5696 1562 5751 anima
1639 5696 1996 5765 potestatibus
2052 5697 2225 5752 subli-

655 5785 922 5841 mioribus
949 5787 1164 5845 subdita
1197 5787 1269 5843 sit
1300 5805 1314 5841 :
1351 5802 1458 5843 non
1504 5795 1591 5841 est
1625 5789 1768 5842 enim
1795 5797 2038 5858 potestas
2062 5789 2167 5843 nisi
2190 5804 2220 5843 a

655 5878 768 5936 Deo
796 5899 810 5935 :
852 5897 971 5952 quae
1010 5893 1191 5938 autem
1214 5891 1341 5939 sunt
1375 5897 1406 5938 a
1441 5878 1549 5936 Deo
1573 5880 1836 5938 ordinata:
1859 5890 2006 5938 sunt.
2033 5879 2222 5953 Itaque

2303 1969 2412 2041 ρῶς
2443 1966 2536 2020 ἐπὶ
2564 1965 2661 2035 τὴν
2692 1963 2891 2034 ἠθικὴν
2933 1963 3285 2016 διδασκαλίαν
3324 1960 3672 2032 μεθίσταται.
3717 1958 3869 2011 Τοῦτο

2297 2062 2352 2116 δὲ
2386 2059 2475 2114 διὰ
2509 2056 2698 2111 πασῶν
2723 2053 2889 2108 αὑτοῦ
2923 2056 3066 2108 ποιεῖ
3084 2053 3192 2106 τῶν
3225 2051 3588 2110 Ἐπιστολῶν,
3619 2049 3711 2103 καὶ
3741 2048 3864 2117 μάλα

2299 2153 2543 2214 είκότως.
2580 2151 2674 2201 Δεῖ
2702 2148 2832 2218 γὰρ,
2876 2147 2951 2210 ὠς
2985 2141 3161 2216 οἴμαι,
3209 2145 3301 2198 τὸν
3338 2143 3419 2206 ὡς
3457 2143 3657 2214 ἄριστα
3702 2139 3868 2210 βιώσεο

2300 2244 2424 2297 σθαι
2475 2241 2754 2310 μέλλοντα,
2805 2237 3009 2308 γνῶναί
3060 2253 3118 2289 τε
3164 2235 3259 2288 καὶ
3291 2233 3592 2288 πιστεύσαι
3625 2231 3700 2302 τῷ
3740 2230 3862 2300 Θεῷ,

2301 2336 2517 2406 πρῶτον
2549 2335 2631 2387 ὅτι
2659 2332 2835 2397 ἐστιν,
2865 2326 2967 2384 εἷθ’
2996 2331 3078 2383 ὅτι
3107 2329 3201 2382 καὶ
3242 2331 3361 2391 τοῖς
3384 2325 3707 2396 ἐκζητοῦσιν
3730 2324 3868 2376 αὐτὸν

2301 2429 2368 2481 δι’
2398 2427 2611 2497 ἀγαθῆς
2640 2425 2938 2490 πολιτείας,
2987 2422 3394 2494 μισταποδότης
3420 2422 3655 2490 γίνεται.
3685 2419 3868 2489 Χωρῶν

2303 2522 2360 2574 δὲ
2383 2523 2478 2574 ἐπὶ
2505 2523 2605 2590 τὴν
2628 2537 2691 2571 συ
2701 2518 2905 2589 μὸολὴν
2929 2519 2992 2570 ἐκ
3021 2516 3130 2570 τῶν
3153 2513 3579 2586 προειρημένων
3601 2509 3759 2580 αύτῷ.
3788 2510 3869 2563 καὶ

2303 2617 2362 2668 ἐν
2390 2609 2471 2676 οἷς
2498 2613 2861 2666 ἀπεπαύσατο
2904 2609 3014 2663 τῶν
3050 2606 3427 2680 δογματικῶν,
3477 2607 3543 2657 ὲκ
3568 2603 3764 2656 τούτων
3787 2601 3870 2672 τὴν

2304 2701 2481 2778 ἀρχὴν
2514 2705 2686 2775 αὐτῆς
2710 2705 3030 2775 ἐποιήσατο.

2384 2820 2401 2850 ι
2432 2801 2591 2866 Λέγω
2625 2797 2736 2868 γὰρ
2765 2796 2854 2849 διὰ
2881 2797 2980 2866 τῆς
3004 2795 3227 2866 χάριτος
3252 2794 3352 2864 τῆς
3378 2791 3628 2859 δοθείσης
3661 2805 3761 2859 μοι.
3790 2806 3806 2837 ι

2381 2987 2451 3038 Ἢ
2479 2985 2562 3050 τὸ,
2594 2981 2691 3037 διὰ
2716 2981 2826 3050 τῆς
2855 2981 3096 3051 χάριτος
3137 2998 3244 3034 του
3289 2978 3443 3034 Θεοῦ
3475 2975 3584 3044 τῆς
3618 2973 3869 3038 δοθείσης

2302 3097 2425 3151 μοι,
2458 3077 2587 3148 ἔφη,
2621 3077 2744 3129 ἀντι
2776 3074 2894 3138 τού,
2950 3073 3026 3137 ὡς
3070 3073 3170 3142 τὴν
3214 3071 3344 3144 περὶ
3389 3069 3595 3124 τούτων
3629 3066 3866 3119 διδάσκειν

2309 3173 2556 3239 ἐξουσίαν
2583 3172 2646 3222 ὲκ
2676 3169 2828 3230 θείας
2852 3170 3073 3238 χάριτος
3096 3165 3359 3236 εἰληφώς.

2392 3283 2411 3315 ι
2444 3264 2570 3316 Εἴτε
2597 3261 2896 3322 διακονίαν,
2927 3261 2983 3312 ἐν
3014 3261 3082 3329 τῇ
3103 3257 3350 3328 διακονίᾳ
3369 3271 3385 3284 ⁶
3419 3257 3530 3308 εἴτε
3557 3255 3584 3306 ὁ
3608 3250 3862 3304 διδάσκων.

2314 3359 2371 3412 ἐν
2395 3360 2460 3428 τῇ
2487 3355 2824 3425 διδασκαλίᾳ.
2862 3373 2880 3404 ι

2387 3450 2457 3500 Ἢ
2507 3443 2786 3500 διακονίαν
2847 3444 3036 3513 φησιν,
3082 3442 3184 3512 τὴν
3220 3439 3359 3510 πρὸς
3417 3437 3481 3491 τὸ
3536 3429 3866 3488 διακονεῖσθαι

2313 3543 2425 3603 τοῖς
2487 3539 2764 3608 δεομένοις
2829 3535 3142 3606 προσοῦσάν
3207 3549 3353 3584 τισιν
3429 3527 3864 3599 ὲπιτηδειότητα’

2313 3633 2667 3688 διδασκαλίαν
2689 3632 2770 3694 δὲ,
2794 3630 2894 3702 τὴν
2925 3629 3193 3683 ἀπόλυτον
3220 3623 3540 3696 συμϐουλήν
3557 3639 3569 3651 ·
3617 3615 3866 3691 παράκλη-

2299 3742 2401 3784 .σιν
2440 3724 2516 3789 δὲ,
2545 3723 2645 3793 τὴν
2689 3719 3028 3789 κατάλληλον
3074 3715 3431 3771 διδασκαλίαν
3459 3729 3471 3743 ⁸
3512 3710 3793 3779 ἁπλότητα,
3818 3704 3866 3755 τὸ

2317 3815 2576 3870 ἁπλοϊκόν
2603 3829 2665 3865 τε
2699 3811 2791 3864 καὶ
2819 3809 3051 3878 ἄφθονον
3071 3826 3086 3840 ο
3131 3808 3448 3879 ἱλαρότητα,
3493 3803 3591 3874 τὴν
3620 3798 3865 3869 πρόθυμον

2315 3907 2394 3968 εἰς
2422 3904 2568 3957 ἔλεον
2596 3901 2842 3971 γνώμην,
2873 3900 2972 3970 τὴν
3004 3898 3101 3952 σὺν
3129 3898 3279 3968 χαρᾷ
3300 3898 3395 3948 τὸν
3415 3891 3598 3947 οἶκτον
3623 3888 3864 3942 ἐκδεικνυ-

2320 3999 2507 4068 μένην.
2527 3997 2599 4049 Τὸ
2623 3995 2827 4066 μέντοι,
2846 3992 2996 4046 κατὰ
3017 3993 3130 4060 τὴν
3146 3989 3482 4058 ἀναλογίαν
3499 3983 3608 4053 τῆς
3619 3981 3862 4068 πίστεως,

2316 4067 2378 4143 ού
2417 4067 2484 4160 τῇ
2522 4085 2832 4158 προφητείᾳ
2869 4083 3036 4154 μόνον
3079 4082 3373 4154 προσήκει,
3427 4077 3604 4133 κοινὸν
3651 4073 3705 4127 δὲ
3745 4067 3862 4123 κατὰ

2318 4183 2537 4237 πάντων
2577 4181 2715 4244 ἐστὶ,
2771 4180 2867 4232 καὶ
2931 4175 3069 4246 πρὸς
3111 4174 3246 4228 αὐτὸ
3298 4173 3400 4242 τὴν
3453 4167 3724 4238 ἀναφορὰν
3769 4161 3862 4230 ἔχει

2318 4275 2516 4329 πάντα.
2543 4273 2678 4326 Εἴτε
2711 4273 2744 4324 ὁ
2777 4267 3078 4323 διδάσκων
3117 4267 3188 4320 ἐν
3229 4264 3304 4332 τῇ
3341 4260 3717 4326 διδασκαλίῃ.
3743 4255 3862 4323 Ὅρα

2319 4366 2772 4436 πῶςάδιαφόρως
2807 4363 2876 4416 τὰ
2906 4361 3225 4434 χαρίσματα
3247 4375 3260 4388 ’
3295 4359 3355 4413 τὸ
3405 4355 3622 4429 μικρὸν,
3655 4349 3858 4422 πρῶτον.

2319 4461 2414 4517 καὶ⁵
2464 4459 2528 4512 τὸ
2583 4458 2746 4529 μέγα,
2795 4455 3054 4527 ὕστερονο
3112 4453 3272 4508 πάλιν
3303 4453 3364 4504 τὸ
3395 4449 3527 4506 αὐτὸ
3563 4445 3711 4500 τοῦτο
3751 4456 3860 4494 παι·

2322 4550 2510 4615 δεύων,
2547 4549 2608 4601 τὸ
2641 4551 2715 4618 μὴ
2744 4545 3016 4616 φυσᾶσθαι
3054 4545 3187 4616 μηδὲ
3221 4541 3565 4613 ἐπαίρεσθαι.

2402 4660 2421 4692 ι
2451 4637 2663 4709 Μηδενὶ
2692 4635 2865 4690 κακὸν
2897 4635 3021 4689 ἀντὶ
3050 4632 3223 4689 κακοῦ
3251 4632 3612 4692 ἀποδιδόντες.
3648 4643 3667 4677 ι

2405 4730 2628 4801 Ἐπειδὴ
2661 4729 2724 4782 τὸ
2759 4728 2834 4799 μὴ
2867 4729 2983 4792 τοῖς
3012 4726 3218 4798 ὁμοίοις
3244 4722 3549 4797 ἀμύνεσθαι
3577 4719 3696 4780 τοὺς
3715 4727 3857 4779 πονη-

2325 4825 2474 4898 ροὺς,
2533 4823 2628 4876 τοῦ
2683 4821 2833 4875 θείου
2885 4819 3296 4890 διαγορεύοντος
3339 4817 3528 4887 νόμου,
3571 4801 3856 4865 πολλοὶτῶν

2323 4897 2626 4989 ἀνθρώπων
2659 4915 2718 4967 ὲν
2747 4917 2868 4977 ταῖς
2910 4913 3144 4976 ἀδικίαις
3183 4911 3552 4983 ὲρεθιζόμενοι
3584 4902 3683 4958 ὑπὸ
3709 4897 3854 4989 θύμου

2327 4988 2540 5081 μωρίαν
2567 5006 2727 5061 τοῦτο
2749 5005 2991 5073 δοκοῦσι,
3024 5006 3119 5059 καὶ
3145 5005 3209 5058 τὸ
3250 5005 3500 5074 στέργειν
3537 4999 3630 5070 τὴν
3655 4988 3852 5081 ἡσυχίαν

2323 5080 2521 5164 ἐῶντες
2551 5099 2628 5163 ὡς
2671 5097 2949 5169 ἄνανδρον,
2999 5099 3080 5160 είς
3125 5095 3362 5167 σπουδὴν
3409 5093 3646 5165 μείζονος
3681 5080 3852 5155 βλάϐης

2325 5193 2699 5264 περιάγονται,
2736 5192 2995 5262 παραινεῖ
3027 5187 3104 5260 μὴ
3136 5186 3279 5241 οὕτω
3328 5189 3533 5248 ποιεῖν,
3594 5178 3715 5251 μηδὲ
3759 5170 3850 5270 τιξς

2327 5283 2388 5350 ἐξ
2435 5282 2606 5355 ὀργῆς
2653 5281 2873 5343 οἰκείοις
2921 5279 3293 5349 παραχωρεῖν,
3342 5277 3417 5340 ὡς
3468 5272 3722 5344 κρείττοσι
3766 5273 3850 5355 ,της

2329 5353 2481 5440 θείας
2526 5374 2820 5440 διατάξεως
2859 5372 3160 5442 λογισμοῖς,
3204 5371 3319 5424 ἀλλ’
3365 5366 3647 5424 ὑπακούειν
3672 5353 3846 5420 ἐκείνην

2324 5472 2537 5542 χαίρειν
2563 5469 2837 5539 φήσαντας
2872 5464 3115 5528 τούτους.

2953 5581 3111 5633 ΚΕΦ.
3168 5577 3264 5634 ll".

2401 5714 2420 5747 ι
2449 5695 2607 5748 Πᾶσα
2641 5693 2787 5764 ψυχὴ
2816 5691 3086 5757 ἐξουσίαις
3132 5691 3535 5762 ὑπερεχούσαις·
3578 5680 3844 5770 exorasti:-

2330 5789 2473 5842 σθωο
2511 5788 2574 5841 οὐ
2621 5757 2901 5858 ﬁas-am
2931 5784 3147 5852 ἐξουσία
3194 5757 3253 5837 εί
3391 5781 3499 5836 ἀπὸ
3527 5770 3677 5830 Θεοῦ’
3719 5757 3841 5858 αῑδξ

2328 5874 2484 5935 οὖσαι
2507 5879 2766 5946 ἐξουσίαι,
2795 5877 2901 5933 ὑπὸ
2936 5875 3071 5932 Θεοῦ
3110 5875 3440 5948 τεταγμέναι
3478 5868 3622 5926 είσίν.
3657 5848 3839 5914 Ὥστε.ὁ
