4164 6532
319 434 452 501 1721

1336 441 1797 502 FRAGMENTA
1833 444 1916 504 ΙΝ
1956 443 2197 504 EPIST.
2240 444 2340 503 AD
2380 442 2564 502 ROM.

3443 433 3580 501 I722

310 551 765 621 ἀντιτασσόμενος
817 554 884 621 τῇ
935 550 1175 623 ἐξουσίᾳ,
1222 554 1289 623 τῇ
1345 553 1438 607 τοῦ
1491 554 1628 607 Θεοῦ
1669 555 1888 626 διαταγῇ

2006 558 2098 626 qui
2130 556 2337 610 resistit
2370 552 2649 623 potestati,
2698 553 2787 607 Dei
2839 548 3169 605 ordi-nationi
3211 548 3439 603 resistit.
3473 549 3577 617 Qui

310 642 683 711 dvﬁéotnxsw
738 645 789 698 οἱ
840 644 898 697 δὲ
953 646 1370 717 ἀνθεστηκότες,
1439 650 1615 717 κρῖμα
1684 650 1899 713 ἑαυτοῖς

312 733 376 806 λή
394 738 594 803 ζονται.
628 755 645 787 ι

394 829 487 880 Ἐν
540 829 685 899 ἀρχῇ
735 829 831 881 τοῦ
888 828 1243 900 κηρύγματος
1294 832 1730 902 κεκρατημένοις
1785 834 1900 895 τοῖς

310 920 619 991 ἀνθρώποις
652 922 758 975 ὑπὸ
787 922 896 975 τῶν
937 924 1221 994 προτέρων
1247 923 1409 989 ἐθῶν,
1452 923 1899 996 δυσπαράδεκτον

309 1010 378 1085 ἦν
404 1016 463 1068 τὸ
482 1016 838 1084 Εὑαγγέλιον,
869 1015 1299 1085 ὑπισχνούμενον
1322 1018 1416 1069 καὶ
1437 1016 1504 1069 τὰ
1526 1018 1667 1089 ὑπὲρ
1691 1018 1901 1072 ἔννοιαν

309 1108 679 1178 ἀνθρωπίνην,
711 1107 805 1161 καὶ
839 1109 969 1180 παρ’
1018 1107 1243 1162 ἰδιωτῶν
1286 1110 1383 1163 καὶ
1423 1111 1654 1181 πτωχῶν
1692 1128 1900 1180 καταγ-

309 1199 655 1271 γελλόμενον.
688 1193 765 1253 Ub
790 1200 972 1270 χάριν,
1000 1200 1171 1273 πολλή
1212 1219 1297 1266 τις
1332 1198 1404 1274 ἦν
1428 1201 1551 1256 τότε
1571 1203 1681 1256 τῶν
1702 1219 1898 1273 χαρισ-

312 1294 502 1364 μάτων
527 1294 559 1364 ἡ
590 1293 844 1364 χορηγία,
865 1293 1194 1348 δυσωποῦσα
1212 1294 1436 1358 τούτους
1459 1294 1897 1366 μεταμανθάνειν

307 1386 380 1439 τὰ
430 1386 584 1456 παρὰ
631 1385 739 1439 τῶν
788 1385 1107 1439 ἀποστόλων
1157 1385 1483 1457 διδάγματα.
1546 1388 1781 1458 Κάτοχοι
1838 1388 1896 1441 δὲ

306 1477 588 1547 γινόμενοι
631 1476 711 1547 τῷ
772 1476 1072 1547 Πνεύματι,
1126 1479 1218 1532 καὶ
1262 1475 1376 1533 οἷον
1434 1478 1540 1550 πρὸ
1599 1479 1901 1551 ὀφθαλμῶν

308 1570 546 1640 ὁρῶντες
584 1570 655 1623 τὰ
692 1571 1069 1641 κηρυττόμενα
1118 1571 1208 1625 διά
1256 1572 1361 1643 τῆς
1394 1572 1681 1645 διδομένης
1711 1574 1897 1637 αὐτοῖς

313 1664 418 1715 ὑπὸ
447 1661 542 1716 τοῦ
596 1664 914 1734 Πνεύματος
961 1664 1211 1729 ἐξουσίας
1249 1668 1329 1729 είς
1358 1666 1459 1736 τὴν
1498 1668 1606 1721 τῶν
1649 1668 1895 1738 σημείων

310 1754 616 1825 ἐνέργειαν,
647 1753 914 1825 ἠτίμαζον
936 1754 1006 1808 τὰ
1030 1755 1296 1826 παρόντα,
1321 1756 1570 1821 πλοῦτον,
1598 1757 1774 1823 δόξαν,
1799 1759 1895 1811 καὶ

312 1846 589 1916 βασίλειαν
621 1847 812 1919 αὑτήν.
866 1849 963 1902 Ἐκ
988 1848 1181 1902 τούτου
1211 1848 1530 1921 προϐαίνειν
1561 1850 1787 1921 ἔμελλεν
1814 1852 1895 1914 είς

309 1939 533 2002 στάσεις
574 1940 759 2003 αὐτοῖς
815 1938 877 1993 τὸ
930 1940 1200 2011 πρᾶγμα,
1256 1942 1512 2011 περιττὸν
1566 1943 1892 2013 ἡγουμένοις

312 2031 452 2101 μετά
477 2030 715 2101 Χριστὸν
738 2033 806 2102 τῇ
837 2031 1074 2103 πρόσθεν
1102 2032 1362 2102 ἐμμένειν
1383 2034 1713 2087 καταστάσει
1735 2073 1749 2098 ,
1790 2032 1893 2104 τῆς

307 2124 570 2193 τοιαύτης
610 2123 835 2195 γνώμης
872 2125 1108 2196 μάλιστα
1141 2125 1235 2179 καὶ
1262 2126 1321 2191 ἐξ
1363 2126 1534 2198 αὐτῆς
1569 2128 1756 2191 αὐτοῖς
1790 2129 1920 2198 τῆς.

320 2216 375 2268 Ἐ
387 2216 643 2284 αιστολῆς
678 2216 1044 2287 κυρουμένης.
1069 2218 1169 2271 Διὰ
1195 2218 1377 2291 πάσης
1406 2219 1516 2290 γὰρ
1538 2218 1892 2273 συνεϐούλευε

303 2308 368 2362 τὸ
403 2308 479 2379 μὴ
514 2308 653 2363 κατά
676 2309 855 2380 σάρκα
878 2308 985 2379 ζῇν
1011 2309 1093 2363 ἔτι
1127 2311 1324 2374 αὐτοὺς
1352 2311 1428 2375 ὡς
1459 2310 1682 2381 Χριστῷ
1721 2328 1889 2383 μετα-

308 2400 567 2461 στάντας,
596 2397 734 2452 ἀλλά
758 2398 903 2453 κατὰ
931 2399 1172 2470 πνεῦμα.
1206 2399 1379 2453 Τοῦτο
1401 2395 1494 2454 οὖν
1521 2400 1890 2472 προῦπιδόμε-

303 2502 397 2550 νος
423 2490 450 2541 6
489 2486 835 2553 Ἀπόστολος,
878 2487 977 2559 τὴν
1010 2488 1362 2559 ἁρμόζουσαν
1394 2488 1531 2560 πρὸς
1560 2488 1758 2551 αὐτοὺς
1792 2488 1887 2542 καὶ

304 2582 437 2651 περὶ
486 2580 677 2634 τούτου
732 2583 970 2633 ποιεῖται
1030 2580 1403 2647 διδασκαλίαν,
1468 2580 1646 2638 Πᾶσα
1688 2580 1887 2650 ψυχὴ,

304 2667 503 2739 λέγων,
536 2671 868 2736 ξὲξουσίαις
917 2671 1381 2727 ὑποτασσέσθω
1436 2673 1530 2727 καὶ
1575 2673 1676 2727 οὐκ
1712 2670 1887 2736 εἶπεν,

302 2765 727 2831 ἐξουσιάζουσιν,
761 2765 874 2820 ἀλλ’
898 2765 1232 2831 ἐξουσίαις,
1260 2766 1327 2820 ἵν’
1351 2768 1415 2820 ἐκ
1439 2765 1532 2819 τοῦ
1564 2767 1888 2837 πράγματος

298 2858 429 2921 τοὺς
459 2860 517 2910 ἐν
552 2859 631 2927 τῷ
674 2857 962 2929 πράγματι
995 2858 1181 2928 διδάξῃ
1232 2852 1515 2927 τιμᾶσθαι,
1557 2858 1651 2912 καὶ
1690 2858 1766 2929 μὴ
1799 2857 1889 2912 διὰ

295 2954 400 3017 τήν
431 2966 594 3002 τινων
622 2950 822 3003 κακίαν
853 2949 916 3002 τὸ
950 2952 1186 3020 πρᾶγμα
1220 2948 1530 3020 ὑϐρίζηται.

374 3059 392 3091 ‹
439 3037 695 3091 Ἀπόδοτε
728 3034 821 3091 οὖν
845 3040 979 3091 πᾶσι
1006 3039 1105 3101 τὰς
1133 3037 1388 3106 ὀφειλάς·
1437 3037 1515 3107 τῷ
1559 3036 1650 3090 τὸν
1692 3035 1882 3107 φόρον,

296 3130 387 3183 τὸν
420 3130 616 3200 φόρον’
656 3129 734 3199 τῷ
762 3130 822 3181 τὸ
850 3129 1025 3192 τέλος,
1053 3129 1112 3181 τὸ
1140 3128 1324 3190 τέλοςο
1362 3128 1438 3199 τῷ
1467 3128 1557 3181 τὸν
1586 3127 1771 3196 φόϐον,
1791 3126 1886 3180 τὸν

296 3220 461 3288 φόϐον
487 3236 503 3251 ο
555 3218 633 3289 τῷ
660 3219 758 3289 τὴν
788 3218 976 3288 τιμὴν,
1016 3218 1115 3288 τὴν
1142 3218 1331 3288 τιμήν.
1368 3236 1386 3268 t

373 3313 529 3365 Ἔστι
557 3312 615 3363 δὲ
648 3312 678 3363 6
710 3312 873 3380 φόρος
910 3311 1005 3363 καὶ
1044 3310 1107 3362 τὸ
1160 3310 1338 3374 τέλος,
1379 3310 1596 3363 ταυτόν.
1662 3309 1884 3379 Ἀμέλει

298 3407 500 3476 φόρους
527 3407 585 3457 ἐν
619 3403 698 3473 τῷ
728 3403 834 3475 πρὸ
883 3402 1074 3455 τούτου
1111 3403 1261 3473 ρητῷ
1304 3402 1478 3455 τελεῖν
1519 3401 1724 3471 ἕφησε’
1781 3402 1887 3457 Διὰ

297 3498 474 3553 τοῦτο
512 3498 624 3566 γὰρ
646 3499 746 3552 καὶ
768 3497 987 3566 φόρους
1014 3496 1261 3553 τελεῖτε.
1287 3494 1401 3548 Νῦν
1426 3496 1485 3549 δὲ
1508 3496 1640 3549 αὐτὸ
1667 3495 1882 3549 διεῖλενο

294 3591 330 3661 ἢ
365 3591 524 3645 τοῦτο
576 3590 904 3661 βουλόμενος
962 3592 1159 3654 εἰπεῖν,
1215 3590 1299 3643 ὅτι
1357 3588 1484 3643 Εἴτε
1540 3588 1730 3659 φόρον,
1774 3589 1883 3642 είτε

294 3684 449 3747 τέλος
490 3684 552 3738 τὸ
599 3683 844 3737 τοιοῦτόν
884 3701 969 3747 τις
1005 3682 1180 3738 ἐθέλοι
1227 3682 1434 3747 καλεῖν,
1475 3683 1606 3751 ὑμῖν
1643 3700 1710 3751 γε
1754 3682 1885 3736 αὐτὸ

294 3777 576 3846 προσῆκον
615 3775 957 3830 ἐκτι-ννύναιο
992 3776 1025 3847 ἢ
1059 3776 1121 3830 τὸ
1168 3776 1270 3846 μὲν
1320 3776 1524 3848 ἔφησε,
1568 3775 1743 3847 δηλῶν
1783 3777 1885 3846 τὴν

292 3872 373 3933 είς
402 3871 493 3923 τὸν
524 3870 785 3940 δημόσιον
814 3868 927 3923 τῶν
955 3869 1256 3940 χρημάτων
1298 3867 1644 3921 συντέλειαν·
1702 3866 1765 3921 τὸ
1805 3866 1882 3929 δὲ,

292 3965 393 4025 τὰς
451 3962 626 4025 ἰδικάς
688 3964 804 4026 τοῖς
854 3961 1213 4032 κεκτημένοις
1258 3959 1577 4032 προσόδους.
1638 3958 1722 4023 Τῷ
1776 3956 1885 4011 τὸν

294 4057 513 4124 φόϐον,
557 4056 666 4108 τὸν
696 4055 905 4124 φόϐον,
935 4047 1072 4119 οἷον,
1110 4055 1224 4116 τοῖς
1262 4054 1320 4105 ἐν
1360 4053 1592 4123 ἀρχαῖς·
1640 4047 1723 4114 τῷ
1768 4048 1885 4116 τὴν

292 4145 496 4213 τιμὴν,
527 4146 645 4214 τὴν
675 4146 885 4216 τιμὴν,
916 4140 1052 4211 οἷον,
1094 4147 1211 4208 τοῖς
1248 4144 1445 4214 φίλοις,
1480 4142 1577 4197 καὶ
1604 4141 1740 4206 ὅλως
1768 4142 1884 4205 τοῖς

297 4236 549 4307 πλησίον.

930 4372 1089 4426 ΚΕΦ.
1146 4372 1243 4425 ΙΔ’.

366 4524 383 4556 ι
406 4502 465 4555 '0
488 4500 700 4573 φρονῶν
723 4501 821 4574 τὴν
844 4501 1082 4573 ἡμέραν,
1115 4501 1311 4574 Κυρίῳ
1348 4486 1574 4573 φρονεῖίο
1609 4500 1707 4555 καὶ
1734 4502 1765 4555 6
1801 4500 1879 4571 μὴ

289 4594 501 4670 φρονῶν
526 4593 623 4664 τὴν
656 4593 895 4664 ἡμέραν,
928 4593 1117 4664 Κυρίῳ
1146 4594 1207 4645 οὐ
1238 4594 1450 4663 φρονεῖ.
1486 4610 1505 4645 ι

300 4747 312 4762 θ
363 4688 434 4741 Ἣ
456 4687 585 4759 περὶ
608 4686 711 4757 τῆς
739 4686 850 4739 τῶν
888 4685 1113 4757 ἡμερῶν
1160 4686 1599 4758 παρατηρήσεως
1635 4686 1664 4739 6
1692 4684 1873 4754 λόγος.

300 4780 627 4852 Ἀμφότεροι
652 4780 855 4845 τοίνυν,
888 4780 1044 4850 φησὶ,
1088 4779 1170 4832 ἐνὶ
1196 4778 1434 4849 χρῶνται
1461 4776 1649 4847 σκοπῷ
1670 4795 1682 4810 ν
1738 4779 1876 4849 τιμῇ

288 4875 356 4942 τῇ
384 4871 517 4943 πρὸς
544 4872 638 4926 τὸν
668 4872 825 4927 Θεόν.
863 4872 933 4926 Ὅ
963 4890 1022 4926 τε
1046 4872 1156 4943 γὰρ
1181 4869 1747 4943 παραφυλαττόμενος
1775 4868 1879 4939 τὴν

288 4964 527 5035 ἡμέραν,
546 4963 714 5017 οἴεται
745 4963 881 5018 Θεοῦ
910 4963 1075 5035 νόμον
1104 4963 1351 5034 πληροῦν
1374 4979 1388 4993 ·
1420 4963 1449 5016 ὃ
1479 4978 1539 5015 τε
1562 4958 1877 5032 ἀδιαφορῶν

287 5057 420 5126 περὶ
454 5054 636 5122 τοῦτο,
665 5058 849 5112 πᾶσαν
885 5056 963 5121 ὡς
997 5058 1105 5111 ὑπὸ
1145 5056 1280 5110 Θεοῦ
1330 5055 1633 5127 γενομένην
1658 5054 1883 5126 ἡμέραν

227 5206 240 5213 _
285 5148 355 5202 δι’
403 5147 599 5218 ὁμοίας
656 5146 770 5218 ἔχει
821 5150 1007 5221 τιμῆς.
1075 5149 1238 5205 Ἀλλὰ
1292 5148 1399 5222 μὴν
1448 5150 1544 5203 καὶ
1596 5151 1624 5203 ὁ
1675 5146 1876 5201 ἐσθίων

284 5240 579 5303 ὡσαύτως.

358 5332 467 5385 Καὶ
489 5331 620 5402 περὶ
640 5329 748 5386 τῶν
774 5330 865 5385 διὰ
893 5330 1194 5400 κακουχίας
1225 5330 1320 5383 τοῦ
1355 5329 1630 5401 σώματος,
1664 5329 1874 5402 νεκρῶν

284 5424 400 5487 τοῖς
428 5423 648 5489 πάθεσι,
674 5423 770 5477 καὶ
789 5422 1011 5488 ζώντων
1048 5424 1108 5476 ὲν
1134 5422 1378 5494 Χριστῷ.

364 5536 382 5569 ι
420 5517 733 5589 Γέγραπται
761 5516 894 5587 γὰρ,
920 5515 1006 5568 Ζῶ
1031 5512 1163 5583 ἐγὼ,
1192 5514 1338 5583 λέγει
1373 5513 1610 5586 Κύριοςο
1637 5515 1718 5569 ὅτι
1747 5514 1873 5586 ἐμοὶ

289 5606 499 5679 κάμψει
532 5609 639 5662 πᾶν
667 5608 819 5677 γόνυ,
844 5607 939 5663 καὶ
967 5608 1119 5662 πᾶσα
1150 5606 1370 5676 γλῶσσα
1409 5606 1870 5679 ἐξομολογήσεται

286 5700 368 5771 τῷ
397 5699 536 5771 Θεῷ.
566 5719 586 5752 ι
1642 5688 1651 5701 ’

358 5790 556 5861 Σαφῶς
576 5808 640 5859 γε
666 5790 770 5860 μὴν
794 5789 1109 5844 συνίσταται
1140 5788 1228 5844 διὰ
1255 5790 1355 5863 τῆς
1401 5790 1707 5863 μαρτυρίας
1731 5790 1868 5845 ταύ-

285 5901 386 5955 της
415 5882 511 5939 τοῦ
536 5881 669 5939 Υἱοῦ
691 5882 753 5937 τὸ
782 5882 919 5953 πρὸς
960 5882 1054 5938 τὸν
1092 5882 1313 5956 Πατέρα
1360 5882 1562 5949 τελέως
1601 5883 1863 5957 ἰσότιμον.

2000 655 2183 701 autem
2215 646 2495 711 resistunt,
2524 645 2622 713 ipsi
2648 645 2748 698 sibi
2776 641 3177 696 damnationem
3203 641 3518 710 acquirunt.
3551 659 3573 693 ι

2048 828 2210 882 Initio
2234 825 2635 896 praedicationis
2666 823 2995 891 evangelicae
3014 822 3232 879 dillicile
3262 834 3380 878 erat
3402 825 3579 879 homi-

2000 920 2181 974 nibus
2219 921 2321 973 sub
2363 919 2591 987 imperio
2651 917 2891 985 priorum
2957 931 3166 969 morum
3225 914 3577 985 Evangeliunt

2000 1014 2242 1082 recipere
2275 1012 2419 1082 quod
2470 1026 2556 1065 res
2617 1025 2779 1079 supra
2826 1019 3059 1062 mentem
3100 1010 3390 1062 humanam
3439 1026 3580 1079 pro-

1998 1107 2265 1167 mittebat,
2295 1115 2352 1161 et
2368 1105 2436 1160 ab
2462 1105 2645 1159 idiotis
2672 1102 3107 1173 pauperibusqne
3157 1102 3577 1170 praedicabatur.

1998 1206 2149 1262 lianc
2187 1216 2408 1276 propter
2451 1220 2670 1261 causam
2730 1213 2862 1257 tunc
2923 1201 3087 1255 multa
3135 1212 3256 1254 erat
3312 1202 3577 1257 donormn

1998 1297 2232 1367 largitio,
2253 1312 2349 1352 eos
2384 1296 2588 1367 pudore
2616 1294 2855 1349 alliciens
2886 1294 3030 1362 quod
3061 1308 3122 1345 ea
3165 1308 3284 1361 quin
3335 1295 3403 1348 ab
3436 1295 3579 1362 Apo-

1997 1390 2153 1445 Stolis
2174 1391 2505 1445 docebantur
2524 1404 2629 1441 non
2663 1388 2968 1441 discebant.
3002 1385 3107 1440 Sed
3135 1384 3374 1454 Spiritus
3399 1386 3575 1441 sancti

2001 1480 2302 1551 participes
2326 1479 2528 1544 eﬂ‘ecti,
2548 1491 2602 1534 et
2631 1479 2787 1548 quasi
2818 1478 2994 1533 oculis
3020 1478 3265 1532 videntes
3286 1478 3576 1547 prmdicata

1997 1584 2220 1643 propter
2238 1575 2537 1645 potentiam
2564 1589 2593 1627 a
2631 1573 2838 1642 Spiritu
2874 1573 2978 1626 illis
3013 1573 3191 1625 datam
3218 1573 3284 1625 ad
3309 1572 3573 1628 miracula

1997 1668 2274 1735 patranda,
2332 1666 2649 1736 prmsentia,
2689 1665 2929 1724 divitias.
2975 1665 3203 1734 gloriam
3237 1674 3289 1719 et
3342 1680 3571 1733 regnum

1997 1757 2171 1826 ipsum
2203 1756 2591 1824 despiciebant.
2628 1756 2694 1810 Et
2725 1771 2811 1812 res
2836 1756 2887 1809 in
2916 1754 3203 1810 factionem
3233 1758 3384 1811 exire
3407 1758 3573 1811 debe-

1996 1849 2092 1903 bat
2119 1849 2250 1917 ipsis
2297 1849 2738 1903 existimantibus
2787 1864 2945 1903 suam
2989 1848 3266 1901 meliorem
3298 1864 3418 1902 esse
3454 1859 3575 1918 post

1992 1939 2264 1996 Christum
2294 1957 2455 2011 quam
2482 1951 2640 1996 antea
2673 1940 3060 1996 conditionem.
3093 1939 3244 1993 Talia
3272 1941 3571 2010 praesertim

1993 2042 2048 2086 et
2071 2046 2137 2086 ex
2174 2032 2275 2086 hac
2305 2032 2373 2085 ad
2425 2031 2547 2086 illos
2572 2031 2810 2099 Epistula
2835 2031 2961 2084 licet
2994 2043 3327 2099 c0gnoscere
3365 2040 3417 2085 et
3436 2031 3572 2086 edu-

1992 2138 2135 2178 cere.
2171 2121 2306 2176 Nam
2337 2123 2389 2176 in
2425 2131 2535 2177 toto
2588 2122 2841 2191 Epistolas
2888 2122 3123 2176 decursu
3167 2137 3262 2177 eos
3314 2122 3571 2179 hortatur

1993 2227 2051 2270 ut
2077 2216 2132 2270 in
2163 2200 2439 2271 Christum
2476 2216 2727 2270 translati
2755 2215 2869 2284 jam
2889 2230 2994 2269 non
3022 2216 3317 2270 secundum
3345 2230 3565 2271 carnem

1989 2310 2173 2363 vivant
2204 2308 2298 2363 sed
2313 2309 2609 2365 secundum
2635 2309 2911 2377 spiritum.
2957 2306 3070 2363 Hoc
3089 2309 3233 2362 enim
3265 2308 3568 2377 pratvidens

1988 2400 2317 2471 Apostolus,
2383 2402 2851 2456 accommodatam
2905 2401 3043 2469 ipsis
3093 2401 3188 2454 dat
3235 2402 3562 2465 doctrinam,

1990 2494 2179 2548 dicens
2212 2512 2224 2549 :
2261 2491 2441 2545 Omnis
2474 2493 2658 2544 animo
2706 2490 3053 2560 potestatibus
3087 2491 3303 2545 subdita
3320 2492 3410 2546 sit.
3444 2491 3565 2546 Non

1990 2585 2145 2650 dixit,
2177 2592 2509 2654 potestatem
2544 2582 2893 2647 habentibus,
2955 2584 3049 2637 sed
3102 2584 3471 2652 potestatibus,
3504 2592 3565 2638 ut

1987 2694 2054 2735 ex
2083 2679 2346 2750 dignitate
2367 2678 2560 2733 doceat
2608 2691 2703 2731 eos
2764 2677 3039 2731 honorare
3094 2676 3185 2744 qui
3225 2675 3274 2728 in
3329 2691 3392 2730 ea
3432 2685 3565 2730 sunt

1987 2772 2289 2836 constituti,
2337 2779 2392 2825 et
2424 2770 2663 2841 dignitas
2706 2784 2772 2824 ex
2829 2767 3135 2838 aliquorum
3198 2768 3407 2824 malitia
3457 2783 3564 2824 non

1986 2863 2223 2932 patiatur
2250 2860 2523 2930 iniuriam.

2059 3044 2231 3100 Vsus.
2258 3046 2309 3099 7r.
2383 3065 2404 3098 ι
2435 3045 2669 3101 Reddite
2717 3062 2847 3114 ergo
2910 3048 3162 3101 omnibus
3212 3048 3392 3101 debita
3428 3064 3441 3101 :
3478 3047 3563 3101 cui

1987 3139 2270 3203 tributum,
2328 3139 2637 3203 tributum;
2695 3140 2781 3193 cui
2828 3139 3082 3207 vectigal,
3142 3139 3413 3209 vectigal;
3477 3138 3564 3193 cui

1912 3253 1956 3310 ρ
1991 3230 2263 3294 timorem,
2299 3231 2547 3283 timorem
2583 3247 2598 3292 ;
2632 3231 2718 3284 cui
2761 3232 3044 3296 honorem,
3078 3231 3360 3285 honorem.
3398 3252 3417 3285 ι

2060 3318 2198 3372 Sunt
2240 3330 2419 3373 autent
2450 3320 2707 3373 tributum
2740 3329 2795 3373 et
2821 3320 3053 3388 vectigal
3094 3336 3256 3373 unum
3291 3331 3346 3373 et
3382 3320 3559 3375 idem.

1991 3407 2186 3478 Utique
2218 3408 2269 3460 in
2302 3408 2626 3477 przecedenli
2658 3408 2929 3460 versiculo
2975 3407 3114 3459 dixit
3170 3418 3427 3475 praestare
3462 3406 3564 3459 tri-

1990 3502 2112 3555 buta
2144 3519 2160 3555 :
2210 3500 2341 3554 Ideo
2368 3501 2505 3553 enim
2532 3507 2581 3552 et
2616 3502 2817 3552 tributa
2845 3500 3134 3568 prazstatt's.
3190 3497 3343 3553 Nunc
3380 3511 3562 3553 autem

1987 3594 2127 3646 idem
2158 3592 2462 3646 distinxit:
2505 3592 2588 3646 vel
2630 3593 2732 3646 hoc
2763 3593 2945 3645 dicere
2994 3592 3199 3655 volens,
3246 3592 3389 3659 quod
3446 3592 3565 3647 sive

1990 3686 2276 3749 tributum,
2309 3687 2426 3740 sive
2447 3684 2678 3749 vectigal
2714 3688 2837 3754 quis
2872 3700 3071 3738 vocare
3102 3684 3249 3747 velit,
3290 3684 3417 3736 illml
3453 3684 3563 3738 sol-

1984 3794 2117 3834 vere
2171 3780 2463 3845 debemus;
2523 3780 2606 3832 vel
2643 3779 2745 3833 hoc
2799 3780 2955 3844 dixit,
2996 3794 3093 3848 per
3132 3794 3309 3832 ummr
3343 3778 3561 3847 quidem

1984 3872 2333 3942 publicarum
2373 3871 2726 3939 pecuniarum
2758 3871 3082 3924 solutionem
3115 3869 3445 3934 ostendens,
3467 3884 3562 3937 per

1984 3964 2217 4020 alterum
2246 3974 2426 4018 autem
2459 3964 2685 4033 privatis
2732 3962 3149 4033 possessoribus
3203 3962 3408 4017 debita.
3463 3960 3563 4016 Cui

1986 4060 2251 4123 timorem,
2289 4058 2548 4123 timorem,
2575 4057 2643 4112 iis
2674 4057 2763 4126 qui
2792 4058 2844 4110 in
2878 4056 3241 4124 potestatibus
3273 4064 3398 4109 sunt
3431 4069 3563 4109 con-

1985 4152 2199 4219 stituti;
2236 4152 2323 4206 cui
2348 4154 2601 4206 honorem
2625 4150 2896 4216 honorem,
2922 4151 3193 4206 tttamicis
3228 4159 3283 4204 et
3313 4147 3567 4218 proximo

1985 4245 2040 4300 in
2078 4260 2299 4316 genere.

2601 4378 2756 4436 CAP.
2785 4376 2925 4436 XIV.

2048 4512 2213 4570 Vens.
2242 4515 2295 4570 6.
2331 4533 2351 4566 ι
2389 4513 2489 4582 Qui
2523 4516 2670 4586 sapit
2696 4515 2866 4578 diem,
2900 4515 3128 4569 Domino
3170 4514 3335 4585 sapit,
3375 4522 3430 4568 et
3462 4513 3559 4583 qui

1910 4621 1956 4677 ι)
1983 4623 2090 4662 non
2123 4609 2269 4678 sapit
2290 4608 2455 4674 diem,
2499 4609 2724 4663 Domino
2759 4624 2862 4663 non
2898 4610 3064 4678 sapit.
3107 4626 3128 4660 υ

2039 4698 2139 4756 Vel
2165 4703 2231 4756 de
2254 4700 2643 4756 observatione
2683 4702 2894 4756 dierum
2940 4710 3030 4755 est
3076 4714 3281 4754 sermo.
3312 4696 3563 4767 Uterque

1981 4808 2133 4863 ergo,
2188 4793 2388 4861 inquit,
2424 4791 2675 4849 eumdem
2734 4792 2838 4848 sibi
2884 4793 3149 4861 proponit
3216 4793 3411 4856 tinem,
3453 4790 3551 4846 Dei

1979 4885 2189 4941 scilicet
2252 4886 2536 4941 honorem.
2597 4883 2740 4940 Nam
2774 4901 2913 4939 unus
2980 4887 3121 4941 diem
3191 4884 3555 4949 observando,

1978 4988 2134 5049 putat
2172 4978 2266 5034 Dei
2317 4978 2490 5051 legem
2538 4978 2798 5049 implere;
2861 4978 3004 5035 alter
3056 4993 3165 5034 non
3211 4976 3554 5033 observando

1978 5084 2195 5124 omnem
2242 5069 2383 5126 diem
2432 5062 2619 5141 utpote
2651 5087 2681 5125 a
2709 5072 2820 5126 Deo
2877 5079 3119 5127 creatam
3167 5068 3361 5140 aequali
3409 5074 3561 5126 tenet

1978 5163 2204 5221 honore.
2235 5163 2448 5219 Pariter
2471 5174 2526 5219 et
2561 5165 2653 5234 qui
2681 5166 2992 5221 manducat.

2041 5326 2110 5382 Et
2143 5326 2210 5380 de
2241 5326 2324 5381 his
2367 5341 2488 5396 quas
2532 5340 2597 5382 ex
2634 5325 3043 5384 inﬁrmitatibus
3078 5329 3321 5398 corporis
3349 5312 3547 5398 proce-

1975 5419 2135 5483 dunt,
2166 5418 2511 5488 passionibus
2550 5420 2861 5474 moriuntur
2889 5428 2943 5475 et
2974 5420 3198 5478 Christo
3220 5424 3426 5479 vivunt.

2030 5510 2195 5578 Vens,
2226 5508 2314 5563 11.
2363 5528 2383 5561 ι
2423 5510 2698 5579 Scriptum
2743 5522 2828 5566 est
2867 5513 3010 5567 enim
3038 5532 3054 5569 :
3085 5512 3221 5569 Vivo
3260 5530 3379 5586 ego,
3416 5518 3551 5577 dicit

1977 5604 2261 5669 Dominus,
2291 5602 2548 5672 quoniam
2602 5602 2733 5657 mihi
2778 5601 3025 5661 ﬂectetur
3061 5622 3223 5663 omne
3275 5623 3437 5678 genu,
3492 5621 3550 5666 et

1975 5697 2155 5752 omnis
2179 5694 2362 5766 lingua
2386 5693 2734 5750 conﬁtebitur
2751 5696 2883 5752 Deo.
2918 5718 2937 5752 ι

2046 5790 2209 5846 Clare
2257 5790 2523 5844 astruitur
2555 5804 2653 5857 per
2700 5789 2804 5847 hoc
2858 5794 3222 5852 testimonium
3264 5795 3384 5853 Filii
3418 5812 3542 5853 cum

1971 5883 2135 5940 Patre
2189 5880 2431 5955 perfecta
2479 5882 2777 5953 aequalitas.
2816 5884 3169 5946 Nam-rlsaias
3196 5904 3263 5947 ex
3312 5902 3544 5960 persona
