4164 6536
606 423 745 489 1723

608 536 703 595 Dei
763 535 995 597 locutus,
1061 533 1201 587 idem
1268 540 1498 588 testatur
1554 532 1744 589 dicens
1796 552 1811 589 :

605 640 786 685 etnon
823 640 899 683 est
925 628 1088 681 alius.
1144 625 1212 681 In
1256 628 1557 695 memetipw
1617 628 1824 697 juravi,
1887 629 2186 699 egredietur

607 724 673 777 de
697 737 789 776 ore
814 736 927 774 meo
951 718 1188 789 justitia:
1214 718 1450 783 verbum,
1485 730 1530 773 et
1570 736 1674 773 non
1700 731 2030 784 revertetur;
2062 720 2186 788 quia

610 813 739 868 mihi
769 812 1079 867 curvabitur
1108 825 1259 865 omne
1286 826 1423 880 genu
1456 812 1523 866 ’9.
1560 811 1676 865 Hoc
1715 811 1990 881 propheta:
2035 809 2190 864 testi-

610 906 848 962 monium
866 914 924 961 ut
942 904 1159 961 Christo
1182 904 1406 960 Domino
1423 919 1725 974 congruens
1739 901 1937 958 Paulus
1956 901 2184 971 accepit.

609 998 893 1070 Nunquam
922 1012 1053 1055 vero
1083 998 1185 1054 hoc
1213 997 1450 1063 fecisset,
1475 997 1523 1053 si
1556 996 1833 1052 Christum
1857 996 2023 1051 etiam
2066 1008 2191 1049 esse

610 1094 778 1150 Deum
814 1106 1004 1149 verum
1034 1092 1178 1149 sicut
1206 1091 1444 1158 Patrem,
1480 1105 1587 1147 non
1616 1089 1957 1147 credidisset.

680 1366 845 1422 Vens.
872 1364 960 1422 15.
1010 1384 1030 1418 ι
1064 1365 1120 1421 Si
1156 1364 1302 1421 enim
1350 1374 1572 1435 propter
1608 1363 1789 1421 cibum
1842 1363 2015 1420 frater
2066 1372 2192 1422 tuus

609 1458 982 1522 contristatur,
1034 1454 1148 1524 jam
1180 1470 1285 1510 non
1342 1457 1641 1511 secundum
1694 1454 2021 1510 charitatem
2073 1470 2194 1510 am-

614 1547 811 1602 bulas:
843 1545 955 1601 noli
988 1540 1112 1601 cibo
1153 1553 1244 1600 tuo
1283 1544 1431 1599 illum
1490 1546 1721 1616 perdere
1752 1560 1851 1616 pro
1897 1562 2006 1617 quo
2032 1546 2193 1603 Chri-

611 1646 729 1693 stus
758 1647 1004 1692 mortuus
1039 1645 1146 1693 est.
1191 1656 1210 1689 ι

684 1730 841 1786 Modo
873 1730 1029 1786 valde
1058 1729 1308 1785 mirando
1330 1732 1473 1786 hanc
1494 1729 1763 1787 actionem
1794 1729 2146 1801 reprehendit
2173 1749 2189 1788 :

615 1823 817 1895 primo,
838 1824 908 1880 ob
926 1824 1197 1880 levitatem
1215 1832 1530 1895 praeteritus,
1551 1824 1735 1881 dicens
1749 1834 1967 1895 propter
1983 1824 2193 1891 cibum;

616 1919 853 1975 secundo
874 1932 938 1974 ex
963 1932 1194 1989 persona
1219 1918 1365 1973 circa
1400 1933 1560 1988 quam
1582 1928 1835 1975 versatur
1862 1928 2145 1989 peccatum
2171 1936 2185 1973 :

615 2010 789 2077 frater
821 2019 981 2074 tuus;
1013 2009 1177 2065 tertio
1219 2010 1289 2063 ob
1333 2008 1505 2081 culpae
1542 2009 1770 2072 exitum,
1826 2008 2189 2079 perditionem

616 2120 716 2175 pro
766 2103 857 2160 illo
895 2104 1124 2171 dicens;
1189 2112 1406 2173 quarto,
1444 2112 1663 2175 propter
1722 2117 1845 2159 eum
1908 2102 1962 2157 in
2032 2118 2194 2174 quem

615 2198 760 2254 cadit
796 2197 1022 2253 audacia
1059 2212 1199 2263 :pro
1244 2211 1372 2265 quo,
1415 2196 1613 2265 inquit,
1666 2193 1913 2250 Christus
1962 2194 2195 2250 libenter

616 2300 855 2346 mortuus
887 2298 1009 2356 est;
1047 2290 1258 2361 quinto,
1299 2288 1425 2359 quia
1461 2288 1627 2344 eﬁicit
1676 2300 1734 2343 ut
1784 2288 2196 2359 blasphemetnr

538 2446 541 2453 η
615 2385 792 2456 pietas
819 2401 836 2452 ;
866 2393 1048 2449 sexto,
1075 2382 1204 2454 quia
1255 2398 1361 2438 non
1390 2392 1450 2437 ut
1476 2383 1563 2438 his
1606 2381 1693 2437 vel
1725 2382 1924 2438 talibus
1949 2381 2196 2437 fruamur

617 2477 683 2531 ad
718 2474 879 2531 ﬁdem
927 2473 1135 2529 Christi
1190 2474 1441 2529 venimus
1473 2489 1489 2537 ;
1526 2472 1621 2528 sed
1662 2480 1719 2525 ut
1766 2472 1819 2526 in
1850 2472 2197 2542 possessione

612 2567 866 2639 iustitiae,
904 2564 957 2621 id
985 2575 1091 2632 est,
1130 2563 1478 2631 innocentiae,
1503 2572 1560 2619 et
1588 2563 1737 2633 pacis
1762 2577 1825 2618 ac
1842 2563 2022 2632 gaudli
2052 2564 2198 2620 viva-

618 2675 759 2715 mus.
786 2658 919 2714 Nam
953 2674 1020 2714 ex
1044 2668 1264 2728 peccato
1291 2655 1521 2713 offensio
1545 2674 1560 2723 ;
1584 2670 1654 2711 ex
1686 2655 1989 2712 offensione
2014 2666 2194 2712 autem

618 2752 870 2808 maeroris
953 2750 1356 2806 condemnatio.
1425 2749 1622 2804 Ablato
1694 2749 1862 2820 igitur
1923 2760 2192 2820 peccato,

619 2843 784 2899 simul
806 2842 1131 2899 auferuntur
1167 2858 1290 2914 quae
1312 2860 1378 2898 ex
1408 2842 1503 2897 illo
1533 2845 1853 2912 procedunt.
1885 2841 2199 2899 lntroducta

619 2948 799 2993 autem
827 2936 1064 3004 justitia,
1097 2952 1201 3006 pax
1227 2946 1283 2991 et
1310 2936 1561 3007 gaudium
1588 2934 1714 3005 jure
1738 2935 1902 2990 simul
1947 2949 2073 2991 cum
2104 2934 2192 2990 illa

619 3038 747 3087 sunt
767 3029 950 3085 allata.
984 3028 1117 3083 Cum
1168 3028 1300 3083 dicit
1327 3030 1383 3082 in
1426 3026 1635 3097 Spiritu
1669 3038 1873 3094 sancto,
1912 3036 2190 3085 tantorum

620 3124 887 3179 bonorum
922 3121 1251 3191 principium
1281 3121 1538 3177 ostendit.

694 3302 861 3359 Vens.
891 3302 981 3357 εξ.
1036 3321 1056 3356 ι
1083 3302 1163 3359 Tu
1197 3301 1359 3359 ﬁdem
1400 3302 1615 3360 habes?
1644 3318 1807 3374 penes
1854 3303 2197 3373 temetipsum

623 3395 785 3450 habe.
822 3412 841 3446 s

696 3485 833 3542 Nam
866 3485 1021 3557 quasi
1054 3486 1141 3543 his
1176 3484 1385 3549 verbis,
1416 3482 1622 3538 Bonum
1644 3494 1718 3539 est
1752 3501 1855 3538 non
1878 3485 2203 3539 manducare

625 3595 862 3647 carnem,
895 3579 1094 3649 aliquis
1120 3578 1500 3633 contradicens
1548 3576 1778 3643 diceret,
1813 3575 1952 3644 Quid
1994 3577 2205 3646 igitur?

630 3672 889 3742 numquid
926 3680 1149 3741 propter
1181 3669 1328 3725 hunc
1380 3668 1539 3724 ﬁdem
1570 3684 1743 3725 meam
1778 3670 2032 3739 negabo?
2083 3669 2201 3724 Non

624 3765 789 3834 iubeo
805 3772 877 3829 te,
896 3760 1398 3831 inquitApostolus,
1422 3773 1613 3816 contra
1644 3759 1803 3815 ﬁdem
1821 3777 2003 3831 agere.
2024 3761 2204 3817 Econ-

634 3868 716 3913 tra
746 3865 805 3912 ut
843 3856 896 3910 in
928 3854 1015 3911 illa
1037 3854 1267 3910 ﬁrmiter
1299 3863 1410 3909 stes
1436 3854 1600 3910 etiam
1633 3855 1841 3909 hortor.
1876 3854 1981 3910 Sed
2010 3869 2205 3910 moneo

634 3959 688 4005 te
715 3964 783 4006 ne
807 3958 1028 4019 propter
1056 3946 1200 4002 illam
1224 3946 1449 4003 fratrem
1474 3957 1623 4002 tuum
1647 3947 2007 4003 scandalizes.
2043 3946 2207 4004 Fides

636 4051 727 4097 tua
751 4041 860 4098 Deo
880 4039 1099 4108 suﬁicit,
1132 4040 1223 4110 qui
1258 4040 1407 4096 solus
1430 4040 1592 4111 hujus
1614 4049 1696 4095 est
1726 4040 1905 4096 testis.
1935 4039 2069 4096 Nam
2105 4043 2208 4097 hoc

637 4136 799 4192 modo
826 4134 955 4191 licet
981 4142 1037 4190 et
1073 4143 1219 4189 tuam
1250 4147 1473 4190 servare
1497 4134 1658 4189 ﬁdem
1686 4142 1741 4189 et
1772 4134 1927 4189 fratri
1951 4135 2205 4189 damnum

638 4246 747 4287 non
780 4229 1005 4286 inferre.

707 4340 727 4375 ι
758 4320 961 4379 Beatus
987 4320 1081 4392 qui
1108 4334 1215 4376 non
1245 4318 1454 4390 iudicat
1480 4319 1834 4390 semetipsum
1882 4320 1934 4375 in
1974 4335 2041 4378 eo
2066 4324 2207 4393 quod

639 4413 854 4485 probat.
886 4430 906 4465 ι

711 4505 817 4562 Sed
844 4505 930 4562 his
944 4504 1107 4561 etiam
1128 4502 1404 4570 obnitens,
1449 4503 1660 4561 videtur
1688 4504 1897 4576 objecta
1919 4506 2208 4564 resolvere.

1721 422 2099 485 GENNADII
2137 418 2648 483 PATRIARCILE
2684 418 2796 480 ΟΡ.

3743 408 3875 474 1724

1862 533 1975 603 Ego
2012 532 2178 597 Deus,
2208 536 2257 591 Α
2291 528 2515 581 Ἡσαΐου
2540 526 2651 596 γὰρ
2675 524 2848 596 αὐτὴν
2881 525 2945 578 ἐκ
2979 523 3278 596 προσώπου
3310 522 3404 577 τοῦ
3432 521 3570 576 Θεοῦ
3603 524 3877 592 φήσαντος

2286 621 2540 683 οὑτωσὶν,
2585 619 2733 689 Ἐγὼ
2763 621 2881 689 ειμι
2911 622 2944 673 ό
2973 617 3140 685 Θεὸς,
3173 618 3273 671 καί
3300 619 3412 671 οὐκ
3452 616 3630 670 ἔστιν
3657 616 3873 681 ἄλλος·

2286 711 2425 766 Κατ’
2449 712 2711 781 ἐμαυτοῦ
2734 712 2956 780 ὀμνύω,
3006 711 3046 780 ἢ
3084 712 3213 780 μὴν
3258 710 3647 773 ἐξελεύσεται
3674 708 3744 762 ἐκ
3771 708 3879 762 τοῦ

2286 803 2582 871 στόματός
2628 819 2749 871 μου
2808 790 3201 869 δικαιοσύνηί·
3264 803 3319 854 oi
3375 801 3549 869 λόγοι
3598 817 3720 869 μου
3767 802 3880 854 οὐκ

2287 893 2892 963 ὰποστραφήσονται,
2949 895 3039 949 ὅτι
3093 894 3227 965 ἐμοὶ
3262 892 3385 950 πᾶν
3428 894 3578 964 γόνυ
3624 894 3878 963 κάμψει.

2290 983 2479 1048 Οὕτως
2527 985 2777 1049 είπόντος
2829 984 3000 1056 αὐτὴν
3054 984 3151 1037 τοῦ
3196 984 3507 1055 προφήτου,
3550 982 3763 1047 Παῦλος
3804 982 3881 1047 ὡς

2293 1076 2717 1148 ὲφαρμὸζουσαν
2744 1077 2966 1144 ἐδέξατο
2992 1076 3072 1149 τῷ
3102 1078 3351 1150 Δεσπότῃ
3381 1076 3624 1149 Χριστῷ,
3666 1076 3730 1130 οῦ
3757 1076 3878 1131 ποτ’

2290 1170 2361 1224 ἂν
2405 1168 2565 1223 τοῦτο
2608 1171 2863 1241 ποιήσας,
2925 1172 2975 1224 εί
3024 1171 3100 1243 μὴ
3133 1170 3268 1225 Θεὸν
3306 1169 3448 1225 εἷναι
3493 1168 3753 1240 ἀληθινὸν
3787 1169 3881 1224 καὶ

2289 1263 2381 1318 τὸν
2402 1263 2642 1334 Χριστὸν
2667 1265 2958 1336 ἠπίστατο,
2982 1264 3061 1328 ὡς
3092 1264 3183 1318 τὸν
3210 1264 3454 1336 Πατέρα.

2368 1374 2388 1408 t
2414 1355 2480 1409 Εί
2512 1355 2571 1410 δὲ
2593 1356 2683 1411 διὰ
2712 1355 2910 1427 βρῶμα
2931 1358 2961 1410 6
2990 1354 3220 1424 ἀδελφός
3252 1372 3348 1409 σου
3378 1355 3649 1418 λυπεῖται,
3696 1353 3882 1406 οὐκετι

2293 1446 2439 1503 κατὰ
2459 1447 2685 1519 ἀγάπην
2711 1448 3057 1520 περιπατεῖς.
3095 1445 3190 1517 Μὴ
3223 1446 3301 1517 τῷ
3331 1445 3583 1517 βρώματί
3612 1461 3711 1498 σου
3736 1445 3885 1498 εκεῖ-

2294 1558 2386 1596 νον
2409 1541 2671 1610 ἀπόλλυε,
2706 1541 2848 1612 ὑπὲρ
2875 1534 2937 1597 οὗ
2968 1542 3205 1614 Χριστὸς
3234 1541 3529 1598 ἀπέθανεν.
3559 1561 3579 1593 s

2361 1728 2808 1799 Θαυμασιωτατα
2857 1728 3041 1783 τοίνυν
3083 1729 3147 1783 τὸ
3178 1731 3415 1803 πρᾶγμα
3442 1730 3664 1785 διέϐαλε
3684 1747 3700 1762 ’
3733 1732 3887 1804 πρῶ-

2294 1838 2388 1877 τον
2432 1820 2556 1892 μὲν,
2606 1820 2687 1893 τῷ
2733 1820 2946 1876 εὐτελεί
2967 1824 3068 1895 τῆς
3106 1823 3457 1894 προφάσεως,
3506 1824 3604 1880 διὰ
3648 1825 3883 1897 βρῶμα,

2223 1883 2274 1946 Β
2297 1883 2470 1969 εἰπών
2492 1932 2506 1947 ·
2540 1883 2700 1979 ⁷εἶτα,
2743 1914 2824 1987 τῷ
2875 1883 3164 1987 προσίθπιρ
3192 1883 3323 1989 περὶ
3347 1916 3376 1969 ὃ
3489 1883 3822 1989 ἁμάρτημά,

2296 2004 2562 2076 ἁδελφός
2586 2021 2704 2062 σου
2737 2007 2918 2079 φήσας
2941 2022 2957 2037 ⁶
2990 2002 3136 2073 εἷτα,
3165 2007 3245 2079 τῷ
3273 2007 3367 2062 τοῦ
3408 2008 3708 2081 πλημμελή
3718 2027 3887 2080 ματος

2302 2098 2736 2171 ἀποτελέσματι,
2774 2099 3055 2155 ἀπώλειαν
3089 2100 3352 2172 ἄντικρυς
3378 2101 3511 2155 αὐτὸ
3526 2101 3844 2173 προσειπών
3869 2120 3884 2133 ·

2294 2192 2580 2264 τέταρτον,
2614 2192 2714 2263 τῷ,
2763 2194 2843 2257 είς
2872 2191 2933 2246 ὃν
2975 2194 3010 2265 ή
3064 2193 3328 2263 ἀναγωγὴ
3372 2193 3467 2248 τοῦ
3511 2195 3882 2265 τολμήματος,

2311 2284 2495 2356 ’Υπὲρ
2546 2280 2620 2343 οὗ
2643 2325 2661 2350 ,
2722 2286 2923 2358 φησὶν,
2970 2287 3230 2356 Χριστὸς
3286 2289 3551 2352 ἑκουσίως
3591 2289 3883 2345 ἀπέθανεο

2297 2378 2569 2449 πέμπτον,
2621 2379 2705 2433 ὃτι
2750 2378 3197 2451 βλασφημεῖσθαι
3243 2378 3522 2452 ποιεῖτὴν
3569 2379 3884 2435 εὐσέϐειαν

2296 2469 2476 2534 ἕκτον,
2507 2470 2590 2524 ὅτι
2626 2471 2726 2542 οὐχ
2755 2470 2899 2542 ὑπὲρ
2923 2470 3132 2525 τούτων
3158 2470 3193 2541 ἢ
3224 2472 3485 2525 τοιούτων
3504 2470 3886 2538 ἀπολαύσεως,

2296 2566 2366 2637 τῇ
2393 2563 2638 2636 Χριστοῦ
2657 2564 2842 2618 πίστει
2868 2564 3377 2637 προσεληλύθαμεν,
3428 2565 3545 2618 ἀλλ’
3570 2567 3665 2619 ἐπὶ
3691 2584 3891 2636 μετου-

2300 2655 2392 2728 σίᾳ
2420 2656 2791 2728 δικαιοσύνης·
2822 2658 3123 2723 τουτέστιν,
3159 2659 3602 2729 ἀναμαρτησξας,
3623 2660 3723 2712 καὶ
3746 2660 3895 2728 εἰρήο

2298 2766 2399 2821 νης
2423 2749 2519 2803 καὶ
2555 2751 2750 2821 χαρᾶς.
2799 2750 2894 2803 Ἐκ
2922 2752 3032 2821 γὰρ
3067 2751 3167 2822 τῆς
3190 2751 3471 2822 ἁμαρτίας
3502 2752 3535 2822 ή
3579 2750 3892 2821 πρόσκρου-

2300 2858 2422 2905 σις⁸
2456 2843 2521 2895 ὲκ
2555 2842 2612 2896 δὲ
2651 2842 2750 2913 τῆς
2781 2842 3228 2913 προσκρούσεως,
3272 2845 3305 2915 ἡ
3345 2847 3444 2914 τῆς
3492 2842 3671 2912 λύπης
3724 2844 3894 2896 κατά-

2298 2951 2501 3005 κρισις.
2520 2935 2805 3007 Ἀρθείσης
2832 2932 2928 2989 οὖν
2946 2936 3051 3006 τῆς
3074 2936 3377 3007 ἁμαρτίας,
3396 2936 3492 2989 καὶ
3517 2936 3583 2990 τά
3601 2938 3665 2988 ἐκ
3684 2934 3892 3004 ταύτης

2298 3026 2582 3099 ἐξῄρηται.
2629 3028 3108 3098 Ἀντεισαχθείσης
3130 3028 3186 3081 δὲ
3220 3029 3319 3099 τῆς
3345 3027 3713 3099 δικαιοσύνης,
3744 3029 3894 3081 εἰκό-

2297 3134 2408 3181 τως
2440 3118 2633 3190 είρήνη
2667 3119 2761 3171 καὶ
2783 3120 2929 3190 χαρά
2946 3118 3299 3189 συνεισήχθη.
3330 3120 3403 3172 Τὸ
3425 3120 3482 3173 δὲ
3499 3120 3568 3172 ἐν
3590 3121 3896 3188 Πνεύματι

2228 3248 2274 3310 C
2303 3211 2470 3282 ἁγίῳ,
2502 3210 2593 3263 τδν
2635 3211 2809 3265 αἴτιον
2854 3210 2964 3265 τῶν
2991 3212 3264 3266 τοσούτων
3310 3211 3460 3282 δηλοῖ
3495 3212 3745 3279 ἀγαθῶν.

2382 3320 2401 3353 ι
2429 3302 2499 3354 Σὺ
2529 3302 2715 3356 πίστιν
2747 3301 2929 3372 ἐχεις;
2976 3300 3120 3355 κατά
3150 3302 3379 3356 σεαυτὸν
3409 3302 3521 3373 ἔχε.
3554 3321 3572 3354 ι

2372 3490 2586 3562 ’Ὠσπερ
2622 3491 2733 3562 γάρ
2784 3509 2930 3554 τινος
2975 3492 3346 3557 ἀντειπόντος,
3391 3492 3528 3565 πρὸς
3567 3492 3649 3556 τὸ,
3689 3493 3901 3547 Καλὸν

2301 3581 2369 3635 τὸ
2388 3582 2475 3651 μὴ
2505 3580 2719 3650 φαγεῖν
2746 3582 2910 3650 κρέα,
2936 3582 3000 3634 Τί
3019 3579 3145 3648 οῦν;
3176 3580 3287 3651 ἐγὼ
3313 3582 3413 3654 τὴν
3441 3582 3680 3652 ἐμαυτοῦ
3709 3582 3898 3636 πίστιν

2302 3673 2615 3743 ἀρνήσομαι
2676 3672 2745 3726 δι’
2792 3675 3037 3739 ὲκεῖνον;
3113 3674 3229 3727 Ούκ
3283 3673 3549 3743 ἐκστῆσαί
3596 3690 3681 3737 σε,
3734 3676 3897 3744 φησὶ,

2304 3760 2511 3815 κελεύω
2540 3762 2639 3832 τῆς
2673 3762 2930 3827 πίστεως.
2977 3762 3307 3816 Τούναντίον
3336 3762 3439 3833 μὲν
3469 3758 3563 3816 οὖν
3592 3762 3690 3816 καὶ
3714 3780 3899 3837 παρα-

2306 3854 2455 3908 καλῶ
2488 3855 2694 3926 ταύτης
2732 3855 3075 3927 ἀντέχεσθαι.
3132 3857 3299 3912 Ἀλλά
3330 3857 3566 3913 νουθετῶ
3599 3859 3675 3933 μὴ
3720 3877 3894 3913 σκαν-

2306 3948 2542 4013 δαλίζειν
2588 3947 2765 4022 ταύτῃ
2803 3949 2895 4002 τὸν
2943 3949 3209 4019 ἀδελφόν·
3260 3947 3329 4024 ἧς
3366 3951 3425 4004 δὲ
3470 3951 3621 4023 ἔχεις
3651 3953 3899 4017 πίστεως

2308 4040 2597 4108 ἀρκεῖσθαι
2630 4041 2870 4112 μάρτυρι
2906 4041 3056 4112 μόνῳ
3082 4042 3160 4113 τῷ
3184 4041 3323 4114 Θεῷ.
3355 4042 3575 4109 Ἔξεστι
3596 4044 3706 4118 γὰρ
3726 4044 3898 4107 οὕτω,

2312 4134 2403 4187 καὶ
2432 4132 2490 4185 σὲ
2520 4132 2595 4204 μὴ
2623 4132 2957 4203 ζημιοῦσθαι
2980 4134 3078 4206 τὴν
3108 4135 3296 4188 πίστιν
3322 4175 3339 4202 ,
3380 4136 3636 4191 κάκεῖνον
3683 4137 3759 4210 μὴ
3790 4154 3903 4192 πα-

2316 4225 2749 4294 ραὸλάπτεσθαι.

2390 4339 2407 4371 ι
2444 4320 2731 4391 Μακάριος
2758 4322 2786 4374 ὁ
2818 4318 2893 4391 μὴ
2910 4321 3113 4391 κρίνων
3150 4323 3345 4377 ἑαυτὸν
3377 4323 3437 4377 ὲν
3461 4315 3505 4392 ᾧ
3531 4324 3844 4395 δοκιμάζει.
3874 4344 3896 4378 ι

2396 4505 2484 4559 Ἐν
2517 4504 2729 4570 τούτοις
2765 4506 2821 4560 δὲ
2863 4507 2961 4560 καὶ¹
3000 4506 3365 4574 ἀντιπίπτων,
3396 4508 3543 4563 ἔοικε
3582 4510 3752 4566 λύειν.

3808 4510 3903 4577 Ὠς

640 4597 776 4655 Nam
803 4598 961 4670 quasi
982 4596 1180 4668 aliquis
1198 4596 1438 4653 diceret:
1463 4597 1520 4652 Si
1549 4612 1678 4669 ergo
1694 4608 1913 4669 propter
1938 4599 2202 4656 inﬁrmum

2317 4597 2426 4669 γάρ
2448 4615 2593 4661 τινος
2620 4599 2889 4663 εἰπόντος,
2913 4594 3061 4672 Ἀρά
3083 4617 3148 4669 γε
3184 4600 3251 4654 ἂν
3284 4601 3373 4655 διὰ
3399 4602 3493 4656 τὸν
3521 4602 3745 4675 ἀσθενῆ,
3777 4604 3902 4657 οὐδὲ

643 4708 753 4750 non
797 4692 1089 4756 manduco,
1124 4690 1367 4760 nunquid
1409 4690 1513 4759 ipsi
1550 4690 1744 4746 similis
1776 4690 1892 4747 ﬁo?
1928 4707 2216 4763 propemo-

642 4786 769 4842 dum
798 4784 929 4841 dicit
956 4783 1289 4855 Apostolus:
1319 4782 1506 4839 Absit!
1552 4798 1681 4839 nam
1716 4784 1851 4840 ﬁdes
1875 4794 1964 4840 tua
1998 4786 2051 4841 in
2080 4802 2215 4842 con-

643 4889 831 4951 spectu
859 4878 962 4935 Dei
993 4879 1309 4948 incorrupta
1340 4872 1574 4944 manet‘;
1616 4888 1796 4934 etnon
1822 4880 1982 4936 modo
2010 4880 2214 4937 nullum

647 4971 745 5028 tibi
768 4971 1024 5027 damnum
1073 4970 1261 5037 infers,
1296 4969 1393 5026 sed
1436 4969 1481 5024 si
1524 4978 1750 5041 propter
1772 4969 2002 5026 salutem
2026 4970 2217 5028 fratris

648 5078 756 5119 non
786 5063 1103 5128 manduces,
1125 5060 1519 5118 beatitudinem
1542 5062 1747 5131 excipis
1785 5078 1800 5115 :
1837 5060 1973 5117 Nam
1999 5062 2213 5129 beatus,

650 5155 847 5226 inquit,
878 5155 968 5227 qui
1002 5171 1105 5210 non
1127 5154 1341 5225 judicat
1368 5154 1710 5224 semetipsum
1749 5154 1807 5209 in
1842 5170 1903 5210 eo
1934 5155 2075 5223 quod
2102 5172 2225 5225 pro-

652 5250 763 5314 bat,
796 5247 850 5304 id
899 5256 1006 5314 est,
1062 5249 1155 5319 qui
1202 5248 1368 5305 habet
1424 5247 1817 5305 conscientiam
1851 5248 2219 5303 testimonium

652 5342 757 5413 ipsi
784 5342 1121 5408 reddentem,
1146 5356 1252 5396 non
1285 5342 1341 5397 in
1371 5356 1438 5397 eo
1466 5349 1675 5396 tantum
1716 5355 1823 5410 quo
1855 5341 1978 5411 quis
2000 5350 2223 5411 pr0pter

655 5432 844 5493 fratris
870 5432 1099 5488 salutem
1130 5431 1265 5487 cibis
1310 5433 1570 5499 abstinet,
1602 5432 1697 5488 sed
1743 5432 1795 5486 in
1832 5432 1980 5487 omni
2037 5446 2223 5501 opere,

655 5532 801 5601 quod
828 5542 925 5600 per
955 5536 1266 5585 accuratam
1318 5528 1693 5600 probationem
1740 5529 1950 5601 judicat
1986 5546 2108 5588 esse
2130 5534 2227 5589 bo-

657 5629 785 5680 num
823 5632 878 5681 et
896 5621 1092 5680 deinde
1115 5634 1392 5694 operatur,
1423 5624 1793 5681 testimonium
1829 5624 1930 5696 ipsi
1964 5626 2226 5683 reddente

550 5776 553 5779 ,
659 5714 1013 5774 conscientia.

737 5900 787 5934 "
804 5897 912 5957 lsa.
948 5915 1072 5971 xcv,
1114 5898 1296 5955 22-24.

2320 4689 2433 4758 ἐγὼ
2476 4690 2658 4760 φάγω,
2722 4690 2783 4744 οὐ
2832 4691 3059 4762 γίνομαι
3131 4693 3280 4764 αύτῷ
3324 4694 3546 4765 ὃμοιος;
3612 4698 3903 4767 μονονουχὶ

2322 4782 2505 4852 λέγει’
2533 4785 2626 4853 Μὴ
2658 4784 2904 4853 γένοιτοί
2937 4785 2970 4856 ὴ
3000 4787 3112 4857 γάρ
3144 4786 3330 4852 πίστις
3361 4804 3455 4841 σου
3484 4787 3720 4843 ἐνώπιον
3757 4790 3899 4843 Θεοῦ

2322 4878 2612 4949 άκίὸδηλος
2641 4878 2812 4950 μένει,
2837 4880 2932 4933 καὶ
2954 4880 3015 4933 οὐ
3059 4879 3223 4951 μόνον
3253 4879 3408 4934 οὐδὲν
3440 4882 3814 4956 παραόλάπτῃ
3836 4885 3900 4937 ὲκ

2322 4969 2536 5037 τούτου,
2563 4969 2701 5024 ἀλλὰ
2725 4970 2818 5023 καὶ
2853 4970 3204 5043 μακαρισμὸν
3227 4969 3507 5041 προξενεῖς
3542 4973 3775 5043 σεαυτῷ,
3802 4974 3903 5026 ἐὰν

2322 5064 2411 5118 διά
2437 5065 2538 5134 τὴν
2576 5063 2671 5117 τοῦ
2720 5063 2953 5133 ἀδελφοῦ
3004 5063 3280 5135 σωτηρίαν
3311 5063 3410 5117 οὐκ
3439 5064 3626 5137 ἐσθίῃς
3647 5082 3664 5099 ο
3699 5064 3901 5119 Μακά-

2314 5172 2452 5223 ριος
2481 5155 2612 5226 γὰρ,
2644 5156 2833 5227 φησὶν,
2882 5159 2915 5210 ό
2934 5154 3021 5226 μὴ
3054 5157 3275 5226 κρίνων
3301 5155 3520 5211 ἑαυτὸν
3544 5156 3614 5211 ἐν
3648 5149 3697 5222 ᾧ
3733 5157 3898 5211 δοκι-

2319 5246 2511 5317 μάζει,
2567 5248 2862 5313 τουτέστιν,
2916 5248 2945 5300 ὁ
2979 5248 3121 5318 ἔχων
3168 5247 3230 5301 τὸ
3292 5247 3529 5312 συνειδὸς
3583 5248 3900 5320 μαρτυροῦν

2325 5341 2497 5411 αὐτῷ,
2538 5342 2641 5395 οὐκ
2682 5342 2742 5395 έν
2785 5342 2962 5413 τούτῳ
3006 5342 3151 5414 μόνῳ
3185 5344 3243 5397 έν
3270 5335 3314 5412 ᾧ
3350 5341 3440 5396 διὰ
3480 5343 3582 5414 τὴν
3622 5342 3902 5413 σωτηρίαν

2327 5435 2421 5487 τοῦ
2453 5433 2681 5503 ἀδελφοῦ
2716 5435 2983 5505 ἀπέχεται
3018 5435 3345 5507 βρωμάτιον,
3386 5434 3525 5488 ἀλλά
3561 5436 3658 5489 καὶ
3711 5435 3902 5497 ἁπλῶς

2329 5529 2387 5581 ὲν
2418 5529 2581 5581 παντὶ
2604 5528 2912 5597 πράγματι,
2938 5528 2965 5581 ὃ
2993 5527 3059 5582 ἂν
3082 5528 3169 5583 διά
3194 5528 3422 5600 δοκιμῆς
3453 5526 3714 5598 ἀκριόοῦς
3740 5544 3905 5579 κατα·

2330 5622 2519 5693 νοήσῃ,
2555 5621 2634 5673 ὅτι
2663 5620 2868 5689 ἀγαθόν
2900 5624 3082 5685 ἐστιν,
3128 5619 3322 5675 ἔπειτα
3358 5618 3575 5690 πράττῃ
3607 5617 3759 5683 αὐτὸ,
3804 5618 3906 5691 τὴν

2334 5716 2633 5786 συνείδησιν
2655 5715 2794 5789 ἔχων
2830 5716 3232 5789 μαρτυροῦσαν.
