  <div class='ocr_page' id='page_1' title='image "/cluster/home/n/w/nwhite01/storage/ocr_20150623/85/hvd.32044011888864/876.png"; bbox 0 0 4164 6528; ppageno 0'>
   <div class='ocr_carea' id='block_1_1' title="bbox 250 436 389 506">
    <p class='ocr_par' dir='ltr' id='par_1_1' title="bbox 250 436 389 506">
     <span class='ocr_line' id='line_1_1' title="bbox 250 436 389 506; baseline 0.014 -2"><span class='ocrx_word' id='word_1_1' title='bbox 250 436 389 506; x_wconf 79' lang='grc'><strong>1725</strong></span> 
     </span>
    </p>
   </div>
   <div class='ocr_carea' id='block_1_2' title="bbox 879 556 1188 613">
    <p class='ocr_par' dir='ltr' id='par_1_2' title="bbox 879 556 1188 613">
     <span class='ocr_line' id='line_1_2' title="bbox 879 556 1188 613; baseline 0.006 -2"><span class='ocrx_word' id='word_1_2' title='bbox 879 556 1040 612; x_wconf 81' lang='grc' dir='ltr'>ΚΕΦ.</span> <span class='ocrx_word' id='word_1_3' title='bbox 1089 557 1188 613; x_wconf 83' lang='grc' dir='ltr'><strong>ΙΕ’.</strong></span> 
     </span>
    </p>
   </div>
   <div class='ocr_carea' id='block_1_3' title="bbox 320 692 1828 771">
    <p class='ocr_par' dir='ltr' id='par_1_3' title="bbox 320 692 1828 771">
     <span class='ocr_line' id='line_1_3' title="bbox 320 692 1828 771; baseline 0.001 -22"><span class='ocrx_word' id='word_1_4' title='bbox 320 725 357 749; x_wconf 65' lang='grc' dir='ltr'>,ι</span> <span class='ocrx_word' id='word_1_5' title='bbox 384 697 499 755; x_wconf 78' lang='grc' dir='ltr'><strong>Καὶ</strong></span> <span class='ocrx_word' id='word_1_6' title='bbox 539 698 649 771; x_wconf 82' lang='grc' dir='ltr'>γὰρ</span> <span class='ocrx_word' id='word_1_7' title='bbox 698 699 728 754; x_wconf 83' lang='grc' dir='ltr'><strong>δ</strong></span> <span class='ocrx_word' id='word_1_8' title='bbox 775 698 1011 771; x_wconf 86' lang='grc' dir='ltr'>Χριστὸς</span> <span class='ocrx_word' id='word_1_9' title='bbox 1047 697 1147 768; x_wconf 74' lang='grc' dir='ltr'><strong>οὐχ</strong></span> <span class='ocrx_word' id='word_1_10' title='bbox 1191 695 1371 768; x_wconf 82' lang='grc' dir='ltr'>ἐαυτῷ</span> <span class='ocrx_word' id='word_1_11' title='bbox 1413 692 1631 769; x_wconf 66' lang='grc' dir='ltr'>ἤρεσεν,</span> <span class='ocrx_word' id='word_1_12' title='bbox 1693 697 1828 751; x_wconf 81' lang='grc' dir='ltr'>ἀλλὰ</span> 
     </span>
    </p>
   </div>
   <div class='ocr_carea' id='block_1_4' title="bbox 216 790 1829 864">
    <p class='ocr_par' dir='ltr' id='par_1_4' title="bbox 216 790 1829 864">
     <span class='ocr_line' id='line_1_4' title="bbox 216 790 1829 864; baseline -0.003 -15"><span class='ocrx_word' id='word_1_13' title='bbox 216 852 219 855; x_wconf 35' lang='grc' dir='ltr'><strong>η</strong></span> <span class='ocrx_word' id='word_1_14' title='bbox 248 792 431 857; x_wconf 85' lang='grc' dir='ltr'>καθὼς</span> <span class='ocrx_word' id='word_1_15' title='bbox 452 791 787 864; x_wconf 83' lang='grc' dir='ltr'>γέγραπται,</span> <span class='ocrx_word' id='word_1_16' title='bbox 816 791 879 845; x_wconf 84' lang='grc' dir='ltr'>Οί</span> <span class='ocrx_word' id='word_1_17' title='bbox 915 790 1212 862; x_wconf 75' lang='grc' dir='ltr'><strong>ὀνειδισμοὶ</strong></span> <span class='ocrx_word' id='word_1_18' title='bbox 1238 790 1347 845; x_wconf 85' lang='grc' dir='ltr'><strong>τῶν</strong></span> <span class='ocrx_word' id='word_1_19' title='bbox 1369 790 1737 856; x_wconf 79' lang='grc' dir='ltr'><strong>ὀνειδιζόντων</strong></span> <span class='ocrx_word' id='word_1_20' title='bbox 1768 807 1829 844; x_wconf 88' lang='grc' dir='ltr'>σε</span> 
     </span>
    </p>
   </div>
   <div class='ocr_carea' id='block_1_5' title="bbox 247 885 837 955">
    <p class='ocr_par' dir='ltr' id='par_1_5' title="bbox 247 885 837 955">
     <span class='ocr_line' id='line_1_5' title="bbox 247 885 837 955; baseline -0.007 -14"><span class='ocrx_word' id='word_1_21' title='bbox 247 885 518 941; x_wconf 85' lang='grc' dir='ltr'>ἐπέπεσον</span> <span class='ocrx_word' id='word_1_22' title='bbox 554 886 647 939; x_wconf 84' lang='grc' dir='ltr'><strong>ἐπ’</strong></span> <span class='ocrx_word' id='word_1_23' title='bbox 672 885 795 955; x_wconf 86' lang='grc' dir='ltr'>ἐμέ.</span> <span class='ocrx_word' id='word_1_24' title='bbox 818 903 837 937; x_wconf 74' lang='grc' dir='ltr'><strong>ι</strong></span> 
     </span>
    </p>
   </div>
   <div class='ocr_carea' id='block_1_6' title="bbox 320 973 1830 1050">
    <p class='ocr_par' dir='ltr' id='par_1_6' title="bbox 320 973 1830 1050">
     <span class='ocr_line' id='line_1_6' title="bbox 320 973 1830 1050; baseline -0.001 -19"><span class='ocrx_word' id='word_1_25' title='bbox 320 977 517 1050; x_wconf 79' lang='grc' dir='ltr'>Διττὴν</span> <span class='ocrx_word' id='word_1_26' title='bbox 551 977 608 1031; x_wconf 80' lang='grc' dir='ltr'>δὲ</span> <span class='ocrx_word' id='word_1_27' title='bbox 645 976 806 1031; x_wconf 78' lang='grc' dir='ltr'>τοῦτο</span> <span class='ocrx_word' id='word_1_28' title='bbox 847 976 948 1047; x_wconf 83' lang='grc' dir='ltr'>τὴν</span> <span class='ocrx_word' id='word_1_29' title='bbox 987 974 1228 1029; x_wconf 73' lang='grc' dir='ltr'>διάνοιαν</span> <span class='ocrx_word' id='word_1_30' title='bbox 1276 975 1414 1046; x_wconf 76' lang='grc' dir='ltr'>ἔχει.</span> <span class='ocrx_word' id='word_1_31' title='bbox 1455 974 1690 1031; x_wconf 80' lang='grc' dir='ltr'>Δύναται</span> <span class='ocrx_word' id='word_1_32' title='bbox 1720 973 1830 1047; x_wconf 82' lang='grc' dir='ltr'><strong>γὰρ</strong></span> 
     </span>
    </p>
   </div>
   <div class='ocr_carea' id='block_1_7' title="bbox 247 1068 1828 1143">
    <p class='ocr_par' dir='ltr' id='par_1_7' title="bbox 247 1068 1828 1143">
     <span class='ocr_line' id='line_1_7' title="bbox 247 1068 1828 1143; baseline -0.002 -17"><span class='ocrx_word' id='word_1_33' title='bbox 247 1072 388 1143; x_wconf 85' lang='grc' dir='ltr'>πρὸς</span> <span class='ocrx_word' id='word_1_34' title='bbox 407 1072 499 1126; x_wconf 90' lang='grc' dir='ltr'>τὸν</span> <span class='ocrx_word' id='word_1_35' title='bbox 523 1071 743 1143; x_wconf 80' lang='grc' dir='ltr'><strong>Πατέρα</strong></span> <span class='ocrx_word' id='word_1_36' title='bbox 768 1071 863 1126; x_wconf 76' lang='grc' dir='ltr'><strong>καὶ</strong></span> <span class='ocrx_word' id='word_1_37' title='bbox 902 1070 1037 1124; x_wconf 98' lang='grc' dir='ltr'>Θεὸν</span> <span class='ocrx_word' id='word_1_38' title='bbox 1076 1069 1229 1141; x_wconf 83' lang='grc' dir='ltr'>παρὰ</span> <span class='ocrx_word' id='word_1_39' title='bbox 1256 1069 1350 1122; x_wconf 83' lang='grc' dir='ltr'>τοῦ</span> <span class='ocrx_word' id='word_1_40' title='bbox 1384 1069 1519 1123; x_wconf 87' lang='grc' dir='ltr'>Υίοῦ</span> <span class='ocrx_word' id='word_1_41' title='bbox 1549 1068 1828 1142; x_wconf 78' lang='grc' dir='ltr'>εἰρῆσθαι,</span> 
     </span>
    </p>
   </div>
   <div class='ocr_carea' id='block_1_8' title="bbox 249 1160 1831 1235">
    <p class='ocr_par' dir='ltr' id='par_1_8' title="bbox 249 1160 1831 1235">
     <span class='ocr_line' id='line_1_8' title="bbox 249 1160 1831 1235; baseline -0.003 -16"><span class='ocrx_word' id='word_1_42' title='bbox 249 1164 345 1220; x_wconf 70' lang='grc' dir='ltr'>καὶ</span> <span class='ocrx_word' id='word_1_43' title='bbox 367 1164 443 1229; x_wconf 78' lang='grc' dir='ltr'><strong>ὡς</strong></span> <span class='ocrx_word' id='word_1_44' title='bbox 468 1164 836 1235; x_wconf 69' lang='grc' dir='ltr'><strong>οἰκειουμένου</strong></span> <span class='ocrx_word' id='word_1_45' title='bbox 869 1163 968 1218; x_wconf 85' lang='grc' dir='ltr'><strong>τοῦ</strong></span> <span class='ocrx_word' id='word_1_46' title='bbox 1003 1161 1347 1231; x_wconf 80' lang='grc' dir='ltr'>Μονογενοῦς</span> <span class='ocrx_word' id='word_1_47' title='bbox 1396 1160 1496 1225; x_wconf 81' lang='grc' dir='ltr'>τὰς</span> <span class='ocrx_word' id='word_1_48' title='bbox 1528 1160 1682 1232; x_wconf 78' lang='grc' dir='ltr'>παρὰ</span> <span class='ocrx_word' id='word_1_49' title='bbox 1719 1161 1831 1214; x_wconf 85' lang='grc' dir='ltr'>τῶν</span> 
     </span>
    </p>
   </div>
   <div class='ocr_carea' id='block_1_9' title="bbox 252 1252 1833 1329">
    <p class='ocr_par' dir='ltr' id='par_1_9' title="bbox 252 1252 1833 1329">
     <span class='ocr_line' id='line_1_9' title="bbox 252 1252 1833 1329; baseline -0.003 -17"><span class='ocrx_word' id='word_1_50' title='bbox 252 1255 554 1329; x_wconf 81' lang='grc' dir='ltr'>ἀνθρώπων</span> <span class='ocrx_word' id='word_1_51' title='bbox 591 1258 672 1321; x_wconf 90' lang='grc' dir='ltr'><strong>είς</strong></span> <span class='ocrx_word' id='word_1_52' title='bbox 710 1256 802 1310; x_wconf 90' lang='grc' dir='ltr'>τὸν</span> <span class='ocrx_word' id='word_1_53' title='bbox 837 1254 1035 1310; x_wconf 80' lang='grc' dir='ltr'>ἑαυτοῦ</span> <span class='ocrx_word' id='word_1_54' title='bbox 1066 1253 1289 1325; x_wconf 81' lang='grc' dir='ltr'>Πατέρα</span> <span class='ocrx_word' id='word_1_55' title='bbox 1320 1252 1693 1324; x_wconf 77' lang='grc' dir='ltr'><strong>βλασφημίας,</strong></span> <span class='ocrx_word' id='word_1_56' title='bbox 1735 1253 1833 1307; x_wconf 83' lang='grc' dir='ltr'><strong>καὶ</strong></span> 
     </span>
    </p>
   </div>
   <div class='ocr_carea' id='block_1_10' title="bbox 252 1344 1833 1422">
    <p class='ocr_par' dir='ltr' id='par_1_10' title="bbox 252 1344 1833 1422">
     <span class='ocr_line' id='line_1_10' title="bbox 252 1344 1833 1422; baseline -0.005 -15"><span class='ocrx_word' id='word_1_57' title='bbox 252 1350 331 1417; x_wconf 84' lang='grc' dir='ltr'><strong>ὡς</strong></span> <span class='ocrx_word' id='word_1_58' title='bbox 380 1350 481 1422; x_wconf 79' lang='grc' dir='ltr'><strong>τὴν</strong></span> <span class='ocrx_word' id='word_1_59' title='bbox 529 1349 639 1404; x_wconf 84' lang='grc' dir='ltr'>τῶν</span> <span class='ocrx_word' id='word_1_60' title='bbox 688 1347 1159 1421; x_wconf 83' lang='grc' dir='ltr'><strong>βλασφημούντων</strong></span> <span class='ocrx_word' id='word_1_61' title='bbox 1207 1346 1304 1400; x_wconf 89' lang='grc' dir='ltr'>τὸν</span> <span class='ocrx_word' id='word_1_62' title='bbox 1345 1346 1481 1400; x_wconf 90' lang='grc' dir='ltr'>Θεὸν</span> <span class='ocrx_word' id='word_1_63' title='bbox 1526 1344 1833 1418; x_wconf 85' lang='grc' dir='ltr'>ἀνθρώπων</span> 
     </span>
    </p>
   </div>
   <div class='ocr_carea' id='block_1_11' title="bbox 253 1436 1834 1515">
    <p class='ocr_par' dir='ltr' id='par_1_11' title="bbox 253 1436 1834 1515">
     <span class='ocr_line' id='line_1_11' title="bbox 253 1436 1834 1515; baseline -0.001 -18"><span class='ocrx_word' id='word_1_64' title='bbox 253 1444 497 1511; x_wconf 81' lang='grc' dir='ltr'><strong>κόλασιν,</strong></span> <span class='ocrx_word' id='word_1_65' title='bbox 542 1444 682 1515; x_wconf 83' lang='grc' dir='ltr'>ὑπὲρ</span> <span class='ocrx_word' id='word_1_66' title='bbox 729 1436 804 1497; x_wconf 85' lang='grc' dir='ltr'><strong>ὧν</strong></span> <span class='ocrx_word' id='word_1_67' title='bbox 844 1440 1237 1512; x_wconf 80' lang='grc' dir='ltr'>ἐϐλασφήμουν</span> <span class='ocrx_word' id='word_1_68' title='bbox 1281 1440 1466 1505; x_wconf 82' lang='grc' dir='ltr'>αὐτὸν,</span> <span class='ocrx_word' id='word_1_69' title='bbox 1509 1442 1593 1505; x_wconf 87' lang='grc' dir='ltr'><strong>είς</strong></span> <span class='ocrx_word' id='word_1_70' title='bbox 1640 1439 1834 1496; x_wconf 81' lang='grc' dir='ltr'>ἑαυτὸν</span> 
     </span>
    </p>
   </div>
   <div class='ocr_carea' id='block_1_12' title="bbox 254 1533 677 1605">
    <p class='ocr_par' dir='ltr' id='par_1_12' title="bbox 254 1533 677 1605">
     <span class='ocr_line' id='line_1_12' title="bbox 254 1533 677 1605; baseline -0.002 -16"><span class='ocrx_word' id='word_1_71' title='bbox 254 1533 677 1605; x_wconf 81' lang='grc' dir='ltr'>ἀναδεξαμένου.</span> 
     </span>
    </p>
   </div>
   <div class='ocr_carea' id='block_1_13' title="bbox 330 1624 1835 1699">
    <p class='ocr_par' dir='ltr' id='par_1_13' title="bbox 330 1624 1835 1699">
     <span class='ocr_line' id='line_1_13' title="bbox 330 1624 1835 1699; baseline -0.003 -16"><span class='ocrx_word' id='word_1_72' title='bbox 330 1647 349 1683; x_wconf 82' lang='grc' dir='ltr'><strong>ι</strong></span> <span class='ocrx_word' id='word_1_73' title='bbox 392 1629 451 1682; x_wconf 89' lang='lat'><strong>&#39;0</strong></span> <span class='ocrx_word' id='word_1_74' title='bbox 483 1628 540 1682; x_wconf 84' lang='grc' dir='ltr'>δὲ</span> <span class='ocrx_word' id='word_1_75' title='bbox 562 1627 694 1692; x_wconf 84' lang='grc' dir='ltr'><strong>Θεὸς</strong></span> <span class='ocrx_word' id='word_1_76' title='bbox 722 1628 822 1699; x_wconf 83' lang='grc' dir='ltr'>τῆς</span> <span class='ocrx_word' id='word_1_77' title='bbox 854 1626 1134 1697; x_wconf 78' lang='grc' dir='ltr'>ὑπομονῆς</span> <span class='ocrx_word' id='word_1_78' title='bbox 1162 1626 1259 1680; x_wconf 77' lang='grc' dir='ltr'><strong>καὶ</strong></span> <span class='ocrx_word' id='word_1_79' title='bbox 1301 1624 1406 1698; x_wconf 82' lang='grc' dir='ltr'>τῆς</span> <span class='ocrx_word' id='word_1_80' title='bbox 1434 1625 1835 1698; x_wconf 84' lang='grc' dir='ltr'>παρακλήσεως</span> 
     </span>
    </p>
   </div>
   <div class='ocr_carea' id='block_1_14' title="bbox 254 1718 1836 1795">
    <p class='ocr_par' dir='ltr' id='par_1_14' title="bbox 254 1718 1836 1795">
     <span class='ocr_line' id='line_1_14' title="bbox 254 1718 1836 1795; baseline -0.003 -19"><span class='ocrx_word' id='word_1_81' title='bbox 254 1721 366 1795; x_wconf 79' lang='grc' dir='ltr'><strong>δώῃ</strong></span> <span class='ocrx_word' id='word_1_82' title='bbox 401 1722 532 1792; x_wconf 81' lang='grc' dir='ltr'>ὑμῖν</span> <span class='ocrx_word' id='word_1_83' title='bbox 560 1720 623 1775; x_wconf 86' lang='grc' dir='ltr'>τὸ</span> <span class='ocrx_word' id='word_1_84' title='bbox 649 1718 783 1775; x_wconf 78' lang='grc' dir='ltr'>αὐτὸ</span> <span class='ocrx_word' id='word_1_85' title='bbox 810 1722 1029 1790; x_wconf 87' lang='grc' dir='ltr'>φρονεῖν</span> <span class='ocrx_word' id='word_1_86' title='bbox 1051 1721 1109 1773; x_wconf 89' lang='grc' dir='ltr'>ἐν</span> <span class='ocrx_word' id='word_1_87' title='bbox 1130 1718 1402 1791; x_wconf 83' lang='grc' dir='ltr'>ἀλλήλοις,</span> <span class='ocrx_word' id='word_1_88' title='bbox 1434 1718 1576 1773; x_wconf 81' lang='grc' dir='ltr'>κατὰ</span> <span class='ocrx_word' id='word_1_89' title='bbox 1596 1718 1836 1788; x_wconf 85' lang='grc' dir='ltr'>Χριστὸν</span> 
     </span>
    </p>
   </div>
   <div class='ocr_carea' id='block_1_15' title="bbox 269 1811 1837 1886">
    <p class='ocr_par' dir='ltr' id='par_1_15' title="bbox 269 1811 1837 1886">
     <span class='ocr_line' id='line_1_15' title="bbox 269 1811 1837 1886; baseline 0 -19"><span class='ocrx_word' id='word_1_90' title='bbox 269 1811 497 1886; x_wconf 83' lang='grc' dir='ltr'>Ἰησοῦν,</span> <span class='ocrx_word' id='word_1_91' title='bbox 543 1812 633 1867; x_wconf 78' lang='grc' dir='ltr'><strong>ἵνα</strong></span> <span class='ocrx_word' id='word_1_92' title='bbox 666 1811 1011 1884; x_wconf 83' lang='grc' dir='ltr'>ὁμοθυμαδὸν</span> <span class='ocrx_word' id='word_1_93' title='bbox 1058 1812 1118 1865; x_wconf 85' lang='grc' dir='ltr'><strong>ἐν</strong></span> <span class='ocrx_word' id='word_1_94' title='bbox 1173 1812 1256 1865; x_wconf 79' lang='grc' dir='ltr'>ἐνὶ</span> <span class='ocrx_word' id='word_1_95' title='bbox 1294 1812 1526 1884; x_wconf 84' lang='grc' dir='ltr'>στόματι</span> <span class='ocrx_word' id='word_1_96' title='bbox 1573 1811 1837 1884; x_wconf 78' lang='grc' dir='ltr'><strong>δοξάζητε</strong></span> 
     </span>
    </p>
   </div>
   <div class='ocr_carea' id='block_1_16' title="bbox 1308 439 2522 505">
    <p class='ocr_par' dir='ltr' id='par_1_16' title="bbox 1308 439 2522 505">
     <span class='ocr_line' id='line_1_16' title="bbox 1308 439 2522 505; baseline 0.002 -3"><span class='ocrx_word' id='word_1_97' title='bbox 1308 439 1767 502; x_wconf 79' lang='lat' dir='ltr'><strong>FRAGMENTA</strong></span> <span class='ocrx_word' id='word_1_98' title='bbox 1806 441 1889 503; x_wconf 86' lang='lat' dir='ltr'><strong>IN</strong></span> <span class='ocrx_word' id='word_1_99' title='bbox 1925 442 2163 504; x_wconf 86' lang='lat' dir='ltr'><strong>EPIST.</strong></span> <span class='ocrx_word' id='word_1_100' title='bbox 2198 442 2299 503; x_wconf 84' lang='lat' dir='ltr'><strong>AD</strong></span> <span class='ocrx_word' id='word_1_101' title='bbox 2336 441 2522 505; x_wconf 75' lang='lat' dir='ltr'><strong>ROM.</strong></span> 
     </span>
    </p>
   </div>
   <div class='ocr_carea' id='block_1_17' title="bbox 1857 565 1907 620">
    <p class='ocr_par' dir='ltr' id='par_1_17' title="bbox 1857 565 1907 620">
     <span class='ocr_line' id='line_1_17' title="bbox 1857 565 1907 620; baseline 0 0"><span class='ocrx_word' id='word_1_102' title='bbox 1857 565 1907 620; x_wconf 78' lang='grc' dir='ltr'><strong>Δ</strong></span> 
     </span>
    </p>
   </div>
   <div class='ocr_carea' id='block_1_18' title="bbox 3375 440 3510 507">
    <p class='ocr_par' dir='ltr' id='par_1_18' title="bbox 3375 440 3510 507">
     <span class='ocr_line' id='line_1_18' title="bbox 3375 440 3510 507; baseline 0.015 -2"><span class='ocrx_word' id='word_1_103' title='bbox 3375 440 3510 507; x_wconf 76' lang='lat'><strong>1726</strong></span> 
     </span>
    </p>
   </div>
   <div class='ocr_carea' id='block_1_19' title="bbox 2567 555 2878 615">
    <p class='ocr_par' dir='ltr' id='par_1_19' title="bbox 2567 555 2878 615">
     <span class='ocr_line' id='line_1_19' title="bbox 2567 555 2878 615; baseline -0.006 -2"><span class='ocrx_word' id='word_1_104' title='bbox 2567 555 2724 615; x_wconf 77' lang='lat' dir='ltr'><strong>CAP.</strong></span> <span class='ocrx_word' id='word_1_105' title='bbox 2758 556 2878 614; x_wconf 73' lang='lat' dir='ltr'><strong>XV.</strong></span> 
     </span>
    </p>
   </div>
   <div class='ocr_carea' id='block_1_20' title="bbox 2004 693 3508 765">
    <p class='ocr_par' dir='ltr' id='par_1_20' title="bbox 2004 693 3508 765">
     <span class='ocr_line' id='line_1_20' title="bbox 2004 693 3508 765; baseline 0 -16"><span class='ocrx_word' id='word_1_106' title='bbox 2004 694 2169 753; x_wconf 76' lang='lat' dir='ltr'><strong>Vsus.</strong></span> <span class='ocrx_word' id='word_1_107' title='bbox 2211 697 2266 752; x_wconf 80' lang='lat'><strong>5.</strong></span> <span class='ocrx_word' id='word_1_108' title='bbox 2315 715 2334 748; x_wconf 81' lang='grc' dir='ltr'><strong>ι</strong></span> <span class='ocrx_word' id='word_1_109' title='bbox 2375 694 2591 750; x_wconf 84' lang='lat' dir='ltr'><strong>Etenim</strong></span> <span class='ocrx_word' id='word_1_110' title='bbox 2658 694 2910 751; x_wconf 78' lang='lat' dir='ltr'><strong>Christus</strong></span> <span class='ocrx_word' id='word_1_111' title='bbox 2962 708 3075 748; x_wconf 88' lang='lat' dir='ltr'><strong>non</strong></span> <span class='ocrx_word' id='word_1_112' title='bbox 3122 693 3226 748; x_wconf 87' lang='lat' dir='ltr'><strong>sibi</strong></span> <span class='ocrx_word' id='word_1_113' title='bbox 3279 693 3508 765; x_wconf 88' lang='lat' dir='ltr'><strong>placuit,</strong></span> 
     </span>
    </p>
   </div>
   <div class='ocr_carea' id='block_1_21' title="bbox 1932 786 3513 859">
    <p class='ocr_par' dir='ltr' id='par_1_21' title="bbox 1932 786 3513 859">
     <span class='ocr_line' id='line_1_21' title="bbox 1932 786 3513 859; baseline -0.004 -13"><span class='ocrx_word' id='word_1_114' title='bbox 1932 791 2029 846; x_wconf 89' lang='lat' dir='ltr'><strong>sed</strong></span> <span class='ocrx_word' id='word_1_115' title='bbox 2058 792 2201 847; x_wconf 87' lang='lat' dir='ltr'><strong>sicut</strong></span> <span class='ocrx_word' id='word_1_116' title='bbox 2254 789 2521 859; x_wconf 90' lang='lat' dir='ltr'><strong>scriptum</strong></span> <span class='ocrx_word' id='word_1_117' title='bbox 2553 796 2639 843; x_wconf 90' lang='lat' dir='ltr'><strong>est</strong></span> <span class='ocrx_word' id='word_1_118' title='bbox 2673 802 2690 841; x_wconf 90' lang='lat'><strong>:</strong></span> <span class='ocrx_word' id='word_1_119' title='bbox 2741 786 3083 858; x_wconf 89' lang='lat' dir='ltr'><strong>lmproperia</strong></span> <span class='ocrx_word' id='word_1_120' title='bbox 3144 786 3513 859; x_wconf 81' lang='lat' dir='ltr'><strong>imprOperau-</strong></span> 
     </span>
    </p>
   </div>
   <div class='ocr_carea' id='block_1_22' title="bbox 1928 884 2908 952">
    <p class='ocr_par' dir='ltr' id='par_1_22' title="bbox 1928 884 2908 952">
     <span class='ocr_line' id='line_1_22' title="bbox 1928 884 2908 952; baseline -0.005 -13"><span class='ocrx_word' id='word_1_121' title='bbox 1928 884 2062 940; x_wconf 89' lang='lat' dir='ltr'><strong>tium</strong></span> <span class='ocrx_word' id='word_1_122' title='bbox 2092 884 2188 941; x_wconf 82' lang='lat' dir='ltr'><strong>tibi</strong></span> <span class='ocrx_word' id='word_1_123' title='bbox 2216 884 2527 940; x_wconf 90' lang='lat' dir='ltr'><strong>ceciderunt</strong></span> <span class='ocrx_word' id='word_1_124' title='bbox 2550 897 2713 952; x_wconf 89' lang='lat' dir='ltr'><strong>super</strong></span> <span class='ocrx_word' id='word_1_125' title='bbox 2741 896 2849 937; x_wconf 88' lang='lat' dir='ltr'><strong>me.</strong></span> <span class='ocrx_word' id='word_1_126' title='bbox 2887 900 2908 934; x_wconf 72' lang='grc' dir='ltr'><strong>ι</strong></span> 
     </span>
    </p>
   </div>
   <div class='ocr_carea' id='block_1_23' title="bbox 2003 972 3512 1049">
    <p class='ocr_par' dir='ltr' id='par_1_23' title="bbox 2003 972 3512 1049">
     <span class='ocr_line' id='line_1_23' title="bbox 2003 972 3512 1049; baseline -0.005 -16"><span class='ocrx_word' id='word_1_127' title='bbox 2003 977 2281 1049; x_wconf 84' lang='lat' dir='ltr'><strong>Duplicem</strong></span> <span class='ocrx_word' id='word_1_128' title='bbox 2320 976 2376 1033; x_wconf 93' lang='lat' dir='ltr'><strong>id</strong></span> <span class='ocrx_word' id='word_1_129' title='bbox 2428 992 2650 1034; x_wconf 86' lang='lat' dir='ltr'><strong>sensum</strong></span> <span class='ocrx_word' id='word_1_130' title='bbox 2699 975 2887 1031; x_wconf 91' lang='lat' dir='ltr'><strong>habet.</strong></span> <span class='ocrx_word' id='word_1_131' title='bbox 2945 972 3082 1028; x_wconf 89' lang='lat' dir='ltr'><strong>Nam</strong></span> <span class='ocrx_word' id='word_1_132' title='bbox 3115 973 3221 1028; x_wconf 88' lang='lat' dir='ltr'><strong>dici</strong></span> <span class='ocrx_word' id='word_1_133' title='bbox 3276 974 3451 1043; x_wconf 89' lang='lat' dir='ltr'><strong>potuit</strong></span> <span class='ocrx_word' id='word_1_134' title='bbox 3482 989 3512 1027; x_wconf 78' lang='grc' dir='ltr'><strong>ιι</strong></span> 
     </span>
    </p>
   </div>
   <div class='ocr_carea' id='block_1_24' title="bbox 1929 1067 3516 1140">
    <p class='ocr_par' dir='ltr' id='par_1_24' title="bbox 1929 1067 3516 1140">
     <span class='ocr_line' id='line_1_24' title="bbox 1929 1067 3516 1140; baseline -0.005 -11"><span class='ocrx_word' id='word_1_135' title='bbox 1929 1072 2070 1130; x_wconf 86' lang='lat' dir='ltr'><strong>Filio</strong></span> <span class='ocrx_word' id='word_1_136' title='bbox 2097 1073 2166 1129; x_wconf 89' lang='lat' dir='ltr'><strong>ad</strong></span> <span class='ocrx_word' id='word_1_137' title='bbox 2221 1074 2391 1130; x_wconf 89' lang='lat' dir='ltr'><strong>Deum</strong></span> <span class='ocrx_word' id='word_1_138' title='bbox 2448 1071 2695 1135; x_wconf 89' lang='lat' dir='ltr'><strong>Patrem,</strong></span> <span class='ocrx_word' id='word_1_139' title='bbox 2752 1081 2809 1126; x_wconf 89' lang='lat' dir='ltr'><strong>et</strong></span> <span class='ocrx_word' id='word_1_140' title='bbox 2863 1070 2991 1140; x_wconf 85' lang='lat' dir='ltr'><strong>quia</strong></span> <span class='ocrx_word' id='word_1_141' title='bbox 3036 1069 3365 1138; x_wconf 72' lang='lat' dir='ltr'><strong>Unigenitus</strong></span> <span class='ocrx_word' id='word_1_142' title='bbox 3411 1067 3516 1122; x_wconf 82' lang='lat' dir='ltr'><strong>sibi</strong></span> 
     </span>
    </p>
   </div>
   <div class='ocr_carea' id='block_1_25' title="bbox 1930 1160 3516 1232">
    <p class='ocr_par' dir='ltr' id='par_1_25' title="bbox 1930 1160 3516 1232">
     <span class='ocr_line' id='line_1_25' title="bbox 1930 1160 3516 1232; baseline -0.003 -13"><span class='ocrx_word' id='word_1_143' title='bbox 1930 1165 2227 1222; x_wconf 80' lang='lat' dir='ltr'><strong>vindicavit</strong></span> <span class='ocrx_word' id='word_1_144' title='bbox 2287 1164 2573 1221; x_wconf 87' lang='lat' dir='ltr'><strong>hominum</strong></span> <span class='ocrx_word' id='word_1_145' title='bbox 2634 1162 3006 1232; x_wconf 87' lang='lat' dir='ltr'><strong>blasphemias</strong></span> <span class='ocrx_word' id='word_1_146' title='bbox 3056 1162 3108 1216; x_wconf 91' lang='lat' dir='ltr'><strong>in</strong></span> <span class='ocrx_word' id='word_1_147' title='bbox 3165 1160 3407 1227; x_wconf 88' lang='lat' dir='ltr'><strong>Patrem,</strong></span> <span class='ocrx_word' id='word_1_148' title='bbox 3458 1171 3516 1215; x_wconf 90' lang='lat' dir='ltr'><strong>et</strong></span> 
     </span>
    </p>
   </div>
   <div class='ocr_carea' id='block_1_26' title="bbox 1932 1253 3514 1328">
    <p class='ocr_par' dir='ltr' id='par_1_26' title="bbox 1932 1253 3514 1328">
     <span class='ocr_line' id='line_1_26' title="bbox 1932 1253 3514 1328; baseline -0.003 -16"><span class='ocrx_word' id='word_1_149' title='bbox 1932 1257 2059 1327; x_wconf 84' lang='lat' dir='ltr'><strong>quia</strong></span> <span class='ocrx_word' id='word_1_150' title='bbox 2111 1271 2327 1328; x_wconf 70' lang='lat' dir='ltr'><strong>pinnam</strong></span> <span class='ocrx_word' id='word_1_151' title='bbox 2388 1271 2551 1328; x_wconf 83' lang='lat' dir='ltr'><strong>quam</strong></span> <span class='ocrx_word' id='word_1_152' title='bbox 2603 1271 2703 1326; x_wconf 90' lang='lat' dir='ltr'><strong>pro</strong></span> <span class='ocrx_word' id='word_1_153' title='bbox 2760 1254 3116 1326; x_wconf 88' lang='lat' dir='ltr'><strong>hlasphemiis</strong></span> <span class='ocrx_word' id='word_1_154' title='bbox 3170 1254 3225 1309; x_wconf 90' lang='lat' dir='ltr'><strong>in</strong></span> <span class='ocrx_word' id='word_1_155' title='bbox 3298 1253 3514 1308; x_wconf 87' lang='lat' dir='ltr'><strong>Patrem</strong></span> 
     </span>
    </p>
   </div>
   <div class='ocr_carea' id='block_1_27' title="bbox 1933 1346 2767 1417">
    <p class='ocr_par' dir='ltr' id='par_1_27' title="bbox 1933 1346 2767 1417">
     <span class='ocr_line' id='line_1_27' title="bbox 1933 1346 2767 1417; baseline -0.004 -13"><span class='ocrx_word' id='word_1_156' title='bbox 1933 1348 2299 1414; x_wconf 85' lang='lat' dir='ltr'><strong>merebantur,</strong></span> <span class='ocrx_word' id='word_1_157' title='bbox 2328 1348 2383 1403; x_wconf 92' lang='lat' dir='ltr'><strong>in</strong></span> <span class='ocrx_word' id='word_1_158' title='bbox 2412 1362 2473 1403; x_wconf 90' lang='lat' dir='ltr'><strong>se</strong></span> <span class='ocrx_word' id='word_1_159' title='bbox 2510 1346 2767 1417; x_wconf 82' lang='lat' dir='ltr'><strong>suscepit.</strong></span> 
     </span>
    </p>
   </div>
   <div class='ocr_carea' id='block_1_28' title="bbox 2006 1620 3517 1692">
    <p class='ocr_par' dir='ltr' id='par_1_28' title="bbox 2006 1620 3517 1692">
     <span class='ocr_line' id='line_1_28' title="bbox 2006 1620 3517 1692; baseline -0.004 -12"><span class='ocrx_word' id='word_1_160' title='bbox 2006 1624 2170 1680; x_wconf 71' lang='lat' dir='ltr'><strong>Vsus.</strong></span> <span class='ocrx_word' id='word_1_161' title='bbox 2202 1625 2257 1689; x_wconf 78' lang='lat'><strong>5,</strong></span> <span class='ocrx_word' id='word_1_162' title='bbox 2289 1625 2345 1681; x_wconf 82' lang='grc' dir='ltr'>ϐ.</span> <span class='ocrx_word' id='word_1_163' title='bbox 2380 1644 2398 1678; x_wconf 89' lang='grc'><strong>‹</strong></span> <span class='ocrx_word' id='word_1_164' title='bbox 2425 1625 2569 1679; x_wconf 88' lang='lat' dir='ltr'><strong>Deus</strong></span> <span class='ocrx_word' id='word_1_165' title='bbox 2597 1632 2779 1679; x_wconf 87' lang='lat' dir='ltr'><strong>autem</strong></span> <span class='ocrx_word' id='word_1_166' title='bbox 2815 1622 3092 1692; x_wconf 69' lang='lat' dir='ltr'><strong>patientia:</strong></span> <span class='ocrx_word' id='word_1_167' title='bbox 3141 1630 3197 1677; x_wconf 84' lang='lat' dir='ltr'><strong>et</strong></span> <span class='ocrx_word' id='word_1_168' title='bbox 3223 1620 3399 1677; x_wconf 84' lang='lat' dir='ltr'><strong>solatii</strong></span> <span class='ocrx_word' id='word_1_169' title='bbox 3425 1621 3517 1675; x_wconf 84' lang='lat' dir='ltr'><strong>det</strong></span> 
     </span>
    </p>
   </div>
   <div class='ocr_carea' id='block_1_29' title="bbox 1932 1714 3515 1788">
    <p class='ocr_par' dir='ltr' id='par_1_29' title="bbox 1932 1714 3515 1788">
     <span class='ocr_line' id='line_1_29' title="bbox 1932 1714 3515 1788; baseline -0.001 -18"><span class='ocrx_word' id='word_1_170' title='bbox 1932 1716 2088 1772; x_wconf 82' lang='lat' dir='ltr'><strong>vobis</strong></span> <span class='ocrx_word' id='word_1_171' title='bbox 2116 1718 2346 1788; x_wconf 88' lang='lat' dir='ltr'><strong>idipsum</strong></span> <span class='ocrx_word' id='word_1_172' title='bbox 2369 1732 2561 1787; x_wconf 87' lang='lat' dir='ltr'><strong>sapere</strong></span> <span class='ocrx_word' id='word_1_173' title='bbox 2591 1718 2642 1772; x_wconf 92' lang='lat' dir='ltr'><strong>in</strong></span> <span class='ocrx_word' id='word_1_174' title='bbox 2675 1716 2997 1772; x_wconf 90' lang='lat' dir='ltr'><strong>alterutrum</strong></span> <span class='ocrx_word' id='word_1_175' title='bbox 3019 1715 3313 1770; x_wconf 85' lang='lat' dir='ltr'><strong>secundum</strong></span> <span class='ocrx_word' id='word_1_176' title='bbox 3331 1714 3515 1771; x_wconf 75' lang='lat' dir='ltr'><strong>Iesum</strong></span> 
     </span>
    </p>
   </div>
   <div class='ocr_carea' id='block_1_30' title="bbox 1934 1806 3513 1873">
    <p class='ocr_par' dir='ltr' id='par_1_30' title="bbox 1934 1806 3513 1873">
     <span class='ocr_line' id='line_1_30' title="bbox 1934 1806 3513 1873; baseline -0.002 -9"><span class='ocrx_word' id='word_1_177' title='bbox 1934 1808 2231 1873; x_wconf 85' lang='lat' dir='ltr'><strong>Christum,</strong></span> <span class='ocrx_word' id='word_1_178' title='bbox 2259 1818 2321 1864; x_wconf 85' lang='lat' dir='ltr'><strong>ut</strong></span> <span class='ocrx_word' id='word_1_179' title='bbox 2351 1809 2638 1865; x_wconf 84' lang='lat' dir='ltr'><strong>unanimes</strong></span> <span class='ocrx_word' id='word_1_180' title='bbox 2663 1824 2769 1864; x_wconf 82' lang='lat' dir='ltr'><strong>uno</strong></span> <span class='ocrx_word' id='word_1_181' title='bbox 2807 1822 2904 1866; x_wconf 90' lang='lat' dir='ltr'><strong>ore</strong></span> <span class='ocrx_word' id='word_1_182' title='bbox 2932 1807 3306 1863; x_wconf 76' lang='lat' dir='ltr'><strong>honoriﬁcetis</strong></span> <span class='ocrx_word' id='word_1_183' title='bbox 3323 1806 3513 1872; x_wconf 88' lang='lat' dir='ltr'><strong>Deum,</strong></span> 
     </span>
    </p>
   </div>
   <div class='ocr_carea' id='block_1_31' title="bbox 256 1894 1842 1979">
    <p class='ocr_par' dir='ltr' id='par_1_31' title="bbox 256 1903 1836 1979">
     <span class='ocr_line' id='line_1_31' title="bbox 256 1903 1836 1979; baseline -0.001 -19"><span class='ocrx_word' id='word_1_184' title='bbox 256 1906 351 1960; x_wconf 81' lang='grc' dir='ltr'>τὸν</span> <span class='ocrx_word' id='word_1_185' title='bbox 400 1905 534 1959; x_wconf 90' lang='grc' dir='ltr'>Θεὸν</span> <span class='ocrx_word' id='word_1_186' title='bbox 596 1906 693 1960; x_wconf 76' lang='grc' dir='ltr'><strong>καὶ</strong></span> <span class='ocrx_word' id='word_1_187' title='bbox 750 1905 971 1978; x_wconf 85' lang='grc' dir='ltr'>Πατέρα</span> <span class='ocrx_word' id='word_1_188' title='bbox 1029 1903 1124 1960; x_wconf 83' lang='grc' dir='ltr'><strong>τοῦ</strong></span> <span class='ocrx_word' id='word_1_189' title='bbox 1187 1906 1397 1978; x_wconf 78' lang='grc' dir='ltr'>Κυρίου</span> <span class='ocrx_word' id='word_1_190' title='bbox 1442 1907 1602 1979; x_wconf 75' lang='grc' dir='ltr'>ἡμῶν</span> <span class='ocrx_word' id='word_1_191' title='bbox 1658 1905 1836 1979; x_wconf 85' lang='grc' dir='ltr'><strong>Ἰησοῦ</strong></span> 
     </span>
    </p>
   </div>
   <div class='ocr_carea' id='block_1_32' title="bbox 1941 1894 3162 1979">
    <p class='ocr_par' dir='ltr' id='par_1_32' title="bbox 1941 1898 3162 1957">
     <span class='ocr_line' id='line_1_32' title="bbox 1941 1898 3162 1957; baseline -0.002 -1"><span class='ocrx_word' id='word_1_192' title='bbox 1941 1909 1992 1956; x_wconf 87' lang='lat' dir='ltr'><strong>et</strong></span> <span class='ocrx_word' id='word_1_193' title='bbox 2025 1899 2240 1956; x_wconf 84' lang='lat' dir='ltr'><strong>Patrem</strong></span> <span class='ocrx_word' id='word_1_194' title='bbox 2269 1901 2477 1957; x_wconf 85' lang='lat' dir='ltr'><strong>Domini</strong></span> <span class='ocrx_word' id='word_1_195' title='bbox 2515 1902 2684 1956; x_wconf 88' lang='lat' dir='ltr'><strong>nostri</strong></span> <span class='ocrx_word' id='word_1_196' title='bbox 2710 1899 2841 1957; x_wconf 87' lang='lat' dir='ltr'><strong>Jesu</strong></span> <span class='ocrx_word' id='word_1_197' title='bbox 2874 1898 3107 1956; x_wconf 87' lang='lat' dir='ltr'><strong>Christi.</strong></span> <span class='ocrx_word' id='word_1_198' title='bbox 3141 1918 3162 1952; x_wconf 76' lang='grc' dir='ltr'><strong>ι</strong></span> 
     </span>
    </p>
   </div>
   <div class='ocr_carea' id='block_1_33' title="bbox 256 1997 581 2071">
    <p class='ocr_par' dir='ltr' id='par_1_33' title="bbox 256 1997 581 2071">
     <span class='ocr_line' id='line_1_33' title="bbox 256 1997 581 2071; baseline -0.006 -19"><span class='ocrx_word' id='word_1_199' title='bbox 256 1997 519 2071; x_wconf 81' lang='grc' dir='ltr'>Χριστοῦ.</span> <span class='ocrx_word' id='word_1_200' title='bbox 560 2016 581 2050; x_wconf 76' lang='lat' dir='ltr'><strong>s</strong></span> 
     </span>
    </p>
   </div>
   <div class='ocr_carea' id='block_1_34' title="bbox 326 2108 1839 2183">
    <p class='ocr_par' dir='ltr' id='par_1_34' title="bbox 326 2108 1839 2183">
     <span class='ocr_line' id='line_1_34' title="bbox 326 2108 1839 2183; baseline -0.003 -16"><span class='ocrx_word' id='word_1_201' title='bbox 326 2112 460 2167; x_wconf 84' lang='grc' dir='ltr'>Θεὸν</span> <span class='ocrx_word' id='word_1_202' title='bbox 491 2112 550 2167; x_wconf 86' lang='grc' dir='ltr'><strong>δέ</strong></span> <span class='ocrx_word' id='word_1_203' title='bbox 575 2109 858 2183; x_wconf 82' lang='grc' dir='ltr'>ὑπομονῆς</span> <span class='ocrx_word' id='word_1_204' title='bbox 884 2110 983 2165; x_wconf 74' lang='grc' dir='ltr'>καὶ</span> <span class='ocrx_word' id='word_1_205' title='bbox 1011 2109 1419 2181; x_wconf 87' lang='grc' dir='ltr'>παρακλήσεως</span> <span class='ocrx_word' id='word_1_206' title='bbox 1442 2108 1613 2179; x_wconf 84' lang='grc' dir='ltr'>λέγει,</span> <span class='ocrx_word' id='word_1_207' title='bbox 1632 2109 1724 2163; x_wconf 89' lang='grc' dir='ltr'>τὸν</span> <span class='ocrx_word' id='word_1_208' title='bbox 1740 2109 1839 2181; x_wconf 86' lang='grc' dir='ltr'><strong>τὴν</strong></span> 
     </span>
    </p>
   </div>
   <div class='ocr_carea' id='block_1_35' title="bbox 257 2201 1839 2279">
    <p class='ocr_par' dir='ltr' id='par_1_35' title="bbox 257 2201 1839 2279">
     <span class='ocr_line' id='line_1_35' title="bbox 257 2201 1839 2279; baseline -0.004 -18"><span class='ocrx_word' id='word_1_209' title='bbox 257 2206 537 2279; x_wconf 77' lang='grc' dir='ltr'>ὑπομονὴν</span> <span class='ocrx_word' id='word_1_210' title='bbox 573 2206 670 2259; x_wconf 76' lang='grc' dir='ltr'><strong>καὶ</strong></span> <span class='ocrx_word' id='word_1_211' title='bbox 694 2203 1042 2277; x_wconf 82' lang='grc' dir='ltr'>παράκλησιν</span> <span class='ocrx_word' id='word_1_212' title='bbox 1071 2202 1452 2275; x_wconf 86' lang='grc' dir='ltr'>χαριζόμενον,</span> <span class='ocrx_word' id='word_1_213' title='bbox 1487 2201 1564 2267; x_wconf 85' lang='grc' dir='ltr'><strong>ὡς</strong></span> <span class='ocrx_word' id='word_1_214' title='bbox 1591 2202 1688 2255; x_wconf 82' lang='grc' dir='ltr'>καὶ</span> <span class='ocrx_word' id='word_1_215' title='bbox 1706 2201 1839 2255; x_wconf 84' lang='grc' dir='ltr'>Θεὸν</span> 
     </span>
    </p>
   </div>
   <div class='ocr_carea' id='block_1_36' title="bbox 256 2294 1839 2370">
    <p class='ocr_par' dir='ltr' id='par_1_36' title="bbox 256 2294 1839 2370">
     <span class='ocr_line' id='line_1_36' title="bbox 256 2294 1839 2370; baseline -0.004 -15"><span class='ocrx_word' id='word_1_216' title='bbox 256 2301 461 2365; x_wconf 86' lang='grc' dir='ltr'>ἐλέους,</span> <span class='ocrx_word' id='word_1_217' title='bbox 498 2298 594 2353; x_wconf 82' lang='grc' dir='ltr'>καὶ</span> <span class='ocrx_word' id='word_1_218' title='bbox 630 2298 764 2352; x_wconf 83' lang='grc' dir='ltr'>Θεὸν</span> <span class='ocrx_word' id='word_1_219' title='bbox 811 2297 1134 2370; x_wconf 71' lang='grc' dir='ltr'>οἰκτιρμῶν.</span> <span class='ocrx_word' id='word_1_220' title='bbox 1171 2296 1245 2351; x_wconf 85' lang='grc' dir='ltr'>Τὸ</span> <span class='ocrx_word' id='word_1_221' title='bbox 1290 2295 1369 2361; x_wconf 88' lang='grc' dir='ltr'>δὲ,</span> <span class='ocrx_word' id='word_1_222' title='bbox 1418 2294 1544 2364; x_wconf 80' lang='grc' dir='ltr'><strong>Δώῃ</strong></span> <span class='ocrx_word' id='word_1_223' title='bbox 1586 2294 1729 2366; x_wconf 81' lang='grc' dir='ltr'><strong>ὑμῖν</strong></span> <span class='ocrx_word' id='word_1_224' title='bbox 1770 2294 1839 2349; x_wconf 58' lang='lat' dir='ltr'><strong>to</strong></span> 
     </span>
    </p>
   </div>
   <div class='ocr_carea' id='block_1_37' title="bbox 255 2387 1837 2463">
    <p class='ocr_par' dir='ltr' id='par_1_37' title="bbox 255 2387 1837 2463">
     <span class='ocr_line' id='line_1_37' title="bbox 255 2387 1837 2463; baseline -0.003 -17"><span class='ocrx_word' id='word_1_225' title='bbox 255 2392 404 2447; x_wconf 83' lang='grc' dir='ltr'>αὐτὸ</span> <span class='ocrx_word' id='word_1_226' title='bbox 433 2391 679 2463; x_wconf 73' lang='grc' dir='ltr'>φρονεῖν</span> <span class='ocrx_word' id='word_1_227' title='bbox 721 2390 873 2447; x_wconf 81' lang='grc' dir='ltr'>κατὰ</span> <span class='ocrx_word' id='word_1_228' title='bbox 919 2390 1182 2460; x_wconf 82' lang='grc' dir='ltr'>Χριστὸν</span> <span class='ocrx_word' id='word_1_229' title='bbox 1219 2388 1488 2459; x_wconf 83' lang='grc' dir='ltr'>Ἰησοῦν,</span> <span class='ocrx_word' id='word_1_230' title='bbox 1549 2390 1672 2444; x_wconf 72' lang='grc' dir='ltr'><strong>ἀντὶ</strong></span> <span class='ocrx_word' id='word_1_231' title='bbox 1718 2387 1837 2454; x_wconf 83' lang='grc' dir='ltr'>τοῦ,</span> 
     </span>
    </p>
   </div>
   <div class='ocr_carea' id='block_1_38' title="bbox 261 2481 1838 2557">
    <p class='ocr_par' dir='ltr' id='par_1_38' title="bbox 261 2481 1838 2557">
     <span class='ocr_line' id='line_1_38' title="bbox 261 2481 1838 2557; baseline -0.002 -19"><span class='ocrx_word' id='word_1_232' title='bbox 261 2484 459 2557; x_wconf 82' lang='grc' dir='ltr'>μηκέτι</span> <span class='ocrx_word' id='word_1_233' title='bbox 514 2484 658 2539; x_wconf 74' lang='grc' dir='ltr'>κατὰ</span> <span class='ocrx_word' id='word_1_234' title='bbox 701 2484 769 2539; x_wconf 82' lang='grc' dir='ltr'>τὰ</span> <span class='ocrx_word' id='word_1_235' title='bbox 814 2484 1025 2539; x_wconf 83' lang='grc' dir='ltr'>παλαιὰ</span> <span class='ocrx_word' id='word_1_236' title='bbox 1079 2484 1189 2538; x_wconf 85' lang='grc' dir='ltr'><strong>τῶν</strong></span> <span class='ocrx_word' id='word_1_237' title='bbox 1238 2483 1496 2556; x_wconf 85' lang='grc' dir='ltr'>πατέρων</span> <span class='ocrx_word' id='word_1_238' title='bbox 1542 2482 1700 2554; x_wconf 83' lang='grc' dir='ltr'>ὑμῶν</span> <span class='ocrx_word' id='word_1_239' title='bbox 1741 2481 1838 2552; x_wconf 77' lang='grc' dir='ltr'>ἔθη</span> 
     </span>
    </p>
   </div>
   <div class='ocr_carea' id='block_1_39' title="bbox 257 2574 1839 2646">
    <p class='ocr_par' dir='ltr' id='par_1_39' title="bbox 257 2574 1839 2646">
     <span class='ocr_line' id='line_1_39' title="bbox 257 2574 1839 2646; baseline -0.001 -18"><span class='ocrx_word' id='word_1_240' title='bbox 257 2574 692 2646; x_wconf 83' lang='grc' dir='ltr'>διαιρουμένους,</span> <span class='ocrx_word' id='word_1_241' title='bbox 738 2574 857 2629; x_wconf 81' lang='grc' dir='ltr'>ἀλλ’</span> <span class='ocrx_word' id='word_1_242' title='bbox 898 2575 1224 2646; x_wconf 86' lang='grc' dir='ltr'>ἐνουμένους</span> <span class='ocrx_word' id='word_1_243' title='bbox 1270 2576 1414 2630; x_wconf 82' lang='grc' dir='ltr'>κατὰ</span> <span class='ocrx_word' id='word_1_244' title='bbox 1455 2575 1549 2630; x_wconf 87' lang='grc' dir='ltr'>τὸν</span> <span class='ocrx_word' id='word_1_245' title='bbox 1589 2575 1839 2645; x_wconf 83' lang='grc' dir='ltr'>οὐράνιον</span> 
     </span>
    </p>
   </div>
   <div class='ocr_carea' id='block_1_40' title="bbox 258 2665 1840 2738">
    <p class='ocr_par' dir='ltr' id='par_1_40' title="bbox 258 2665 1840 2738">
     <span class='ocr_line' id='line_1_40' title="bbox 258 2665 1840 2738; baseline 0.001 -21"><span class='ocrx_word' id='word_1_246' title='bbox 258 2665 563 2738; x_wconf 82' lang='grc' dir='ltr'>ἄνθρωπον.</span> <span class='ocrx_word' id='word_1_247' title='bbox 596 2666 671 2719; x_wconf 94' lang='grc' dir='ltr'>Τὸ</span> <span class='ocrx_word' id='word_1_248' title='bbox 697 2665 775 2733; x_wconf 79' lang='grc' dir='ltr'>δὲ,</span> <span class='ocrx_word' id='word_1_249' title='bbox 800 2665 910 2721; x_wconf 84' lang='grc' dir='ltr'>τὸν</span> <span class='ocrx_word' id='word_1_250' title='bbox 927 2667 1076 2721; x_wconf 84' lang='grc' dir='ltr'>Θεὸν</span> <span class='ocrx_word' id='word_1_251' title='bbox 1102 2666 1202 2722; x_wconf 81' lang='grc' dir='ltr'><strong>καί</strong></span> <span class='ocrx_word' id='word_1_252' title='bbox 1224 2667 1462 2737; x_wconf 81' lang='grc' dir='ltr'>Πατέρα</span> <span class='ocrx_word' id='word_1_253' title='bbox 1491 2668 1598 2723; x_wconf 88' lang='grc' dir='ltr'>τοῦ</span> <span class='ocrx_word' id='word_1_254' title='bbox 1618 2667 1840 2735; x_wconf 78' lang='grc' dir='ltr'>Κυρίου</span> 
     </span>
    </p>
   </div>
   <div class='ocr_carea' id='block_1_41' title="bbox 256 2760 1841 2834">
    <p class='ocr_par' dir='ltr' id='par_1_41' title="bbox 256 2760 1841 2834">
     <span class='ocr_line' id='line_1_41' title="bbox 256 2760 1841 2834; baseline -0.001 -18"><span class='ocrx_word' id='word_1_255' title='bbox 256 2762 428 2830; x_wconf 73' lang='grc' dir='ltr'><strong>ἡμῶν</strong></span> <span class='ocrx_word' id='word_1_256' title='bbox 454 2762 660 2831; x_wconf 86' lang='grc' dir='ltr'>Ἰησοῦ</span> <span class='ocrx_word' id='word_1_257' title='bbox 681 2763 961 2831; x_wconf 85' lang='grc' dir='ltr'>Χριστοῦ,</span> <span class='ocrx_word' id='word_1_258' title='bbox 986 2760 1073 2817; x_wconf 77' lang='grc' dir='ltr'><strong>ἵνα</strong></span> <span class='ocrx_word' id='word_1_259' title='bbox 1093 2763 1247 2834; x_wconf 72' lang='grc' dir='ltr'>εἴπῃ,</span> <span class='ocrx_word' id='word_1_260' title='bbox 1269 2762 1373 2817; x_wconf 89' lang='grc' dir='ltr'>Τὸν</span> <span class='ocrx_word' id='word_1_261' title='bbox 1393 2762 1547 2825; x_wconf 90' lang='grc' dir='ltr'>Θεὸν,</span> <span class='ocrx_word' id='word_1_262' title='bbox 1570 2762 1630 2828; x_wconf 88' lang='grc' dir='ltr'><strong>δς</strong></span> <span class='ocrx_word' id='word_1_263' title='bbox 1650 2764 1841 2833; x_wconf 84' lang='grc' dir='ltr'>ὅτιπερ</span> 
     </span>
    </p>
   </div>
   <div class='ocr_carea' id='block_1_42' title="bbox 255 2851 1841 2925">
    <p class='ocr_par' dir='ltr' id='par_1_42' title="bbox 255 2851 1841 2925">
     <span class='ocr_line' id='line_1_42' title="bbox 255 2851 1841 2925; baseline -0.001 -19"><span class='ocrx_word' id='word_1_264' title='bbox 255 2853 339 2916; x_wconf 86' lang='grc' dir='ltr'><strong>είς</strong></span> <span class='ocrx_word' id='word_1_265' title='bbox 371 2852 643 2925; x_wconf 77' lang='grc' dir='ltr'>υἱοθεσίαν</span> <span class='ocrx_word' id='word_1_266' title='bbox 666 2853 813 2923; x_wconf 80' lang='grc' dir='ltr'>ἡμᾶς</span> <span class='ocrx_word' id='word_1_267' title='bbox 837 2851 1296 2923; x_wconf 85' lang='grc' dir='ltr'>προσεκαλέσατο,</span> <span class='ocrx_word' id='word_1_268' title='bbox 1309 2851 1397 2906; x_wconf 82' lang='grc' dir='ltr'><strong>διὰ</strong></span> <span class='ocrx_word' id='word_1_269' title='bbox 1419 2852 1521 2923; x_wconf 84' lang='grc' dir='ltr'>τῆς</span> <span class='ocrx_word' id='word_1_270' title='bbox 1544 2854 1609 2906; x_wconf 89' lang='grc' dir='ltr'><strong>ἐκ</strong></span> <span class='ocrx_word' id='word_1_271' title='bbox 1631 2852 1841 2924; x_wconf 84' lang='grc' dir='ltr'>νεκρῶν</span> 
     </span>
    </p>
   </div>
   <div class='ocr_carea' id='block_1_43' title="bbox 253 2942 1841 3014">
    <p class='ocr_par' dir='ltr' id='par_1_43' title="bbox 253 2942 1841 3014">
     <span class='ocr_line' id='line_1_43' title="bbox 253 2942 1841 3014; baseline 0.001 -18"><span class='ocrx_word' id='word_1_272' title='bbox 253 2943 630 3007; x_wconf 83' lang='grc' dir='ltr'>ἀναστάσεως,</span> <span class='ocrx_word' id='word_1_273' title='bbox 670 2942 1013 2997; x_wconf 79' lang='grc' dir='ltr'>ἐπιστώσατο</span> <span class='ocrx_word' id='word_1_274' title='bbox 1059 2942 1191 3014; x_wconf 81' lang='grc' dir='ltr'>περὶ</span> <span class='ocrx_word' id='word_1_275' title='bbox 1232 2942 1326 2997; x_wconf 91' lang='grc' dir='ltr'>τὸν</span> <span class='ocrx_word' id='word_1_276' title='bbox 1371 2943 1498 2996; x_wconf 87' lang='grc' dir='ltr'>Υίὸν</span> <span class='ocrx_word' id='word_1_277' title='bbox 1537 2944 1703 2998; x_wconf 79' lang='grc' dir='ltr'>αὐτοῦ</span> <span class='ocrx_word' id='word_1_278' title='bbox 1747 2944 1841 2999; x_wconf 88' lang='grc' dir='ltr'>τὸν</span> 
     </span>
    </p>
   </div>
   <div class='ocr_carea' id='block_1_44' title="bbox 255 3034 1842 3107">
    <p class='ocr_par' dir='ltr' id='par_1_44' title="bbox 255 3034 1842 3107">
     <span class='ocr_line' id='line_1_44' title="bbox 255 3034 1842 3107; baseline 0 -18"><span class='ocrx_word' id='word_1_279' title='bbox 255 3035 463 3106; x_wconf 84' lang='grc' dir='ltr'>Κύριον</span> <span class='ocrx_word' id='word_1_280' title='bbox 492 3036 525 3106; x_wconf 78' lang='grc' dir='ltr'><strong>η</strong></span> <span class='ocrx_word' id='word_1_281' title='bbox 535 3034 653 3106; x_wconf 86' lang='grc' dir='ltr'><strong>μῶν</strong></span> <span class='ocrx_word' id='word_1_282' title='bbox 694 3034 903 3106; x_wconf 80' lang='grc' dir='ltr'>Ἰησοῦν</span> <span class='ocrx_word' id='word_1_283' title='bbox 931 3036 1189 3107; x_wconf 86' lang='grc' dir='ltr'>Χριστὸν,</span> <span class='ocrx_word' id='word_1_284' title='bbox 1216 3035 1433 3106; x_wconf 82' lang='grc' dir='ltr'>πρῶτον</span> <span class='ocrx_word' id='word_1_285' title='bbox 1453 3035 1616 3090; x_wconf 81' lang='grc' dir='ltr'>τοῦτο</span> <span class='ocrx_word' id='word_1_286' title='bbox 1637 3035 1842 3106; x_wconf 87' lang='grc' dir='ltr'>διοικη-</span> 
     </span>
    </p>
   </div>
   <div class='ocr_carea' id='block_1_45' title="bbox 1999 2100 3505 2171">
    <p class='ocr_par' dir='ltr' id='par_1_45' title="bbox 1999 2100 3505 2171">
     <span class='ocr_line' id='line_1_45' title="bbox 1999 2100 3505 2171; baseline -0.001 -14"><span class='ocrx_word' id='word_1_287' title='bbox 1999 2101 2281 2158; x_wconf 73' lang='lat' dir='ltr'><strong>Patientia:</strong></span> <span class='ocrx_word' id='word_1_288' title='bbox 2337 2112 2392 2158; x_wconf 89' lang='lat' dir='ltr'><strong>et</strong></span> <span class='ocrx_word' id='word_1_289' title='bbox 2444 2101 2625 2158; x_wconf 88' lang='lat' dir='ltr'><strong>solatii</strong></span> <span class='ocrx_word' id='word_1_290' title='bbox 2662 2103 2827 2157; x_wconf 91' lang='lat' dir='ltr'><strong>Deum</strong></span> <span class='ocrx_word' id='word_1_291' title='bbox 2864 2101 3017 2167; x_wconf 89' lang='lat' dir='ltr'><strong>dicit,</strong></span> <span class='ocrx_word' id='word_1_292' title='bbox 3049 2100 3141 2170; x_wconf 93' lang='lat' dir='ltr'><strong>qui</strong></span> <span class='ocrx_word' id='word_1_293' title='bbox 3190 2100 3505 2171; x_wconf 84' lang='lat' dir='ltr'><strong>patientiam</strong></span> 
     </span>
    </p>
   </div>
   <div class='ocr_carea' id='block_1_46' title="bbox 1939 2195 3518 2269">
    <p class='ocr_par' dir='ltr' id='par_1_46' title="bbox 1939 2195 3518 2269">
     <span class='ocr_line' id='line_1_46' title="bbox 1939 2195 3518 2269; baseline -0.004 -14"><span class='ocrx_word' id='word_1_294' title='bbox 1939 2208 1995 2256; x_wconf 91' lang='lat' dir='ltr'><strong>et</strong></span> <span class='ocrx_word' id='word_1_295' title='bbox 2016 2198 2266 2253; x_wconf 84' lang='lat' dir='ltr'><strong>solatium</strong></span> <span class='ocrx_word' id='word_1_296' title='bbox 2291 2198 2542 2269; x_wconf 78' lang='lat' dir='ltr'><strong>largitur,</strong></span> <span class='ocrx_word' id='word_1_297' title='bbox 2563 2197 3016 2268; x_wconf 89' lang='lat' dir='ltr'><strong>quemadmodum</strong></span> <span class='ocrx_word' id='word_1_298' title='bbox 3034 2206 3089 2250; x_wconf 88' lang='lat' dir='ltr'><strong>et</strong></span> <span class='ocrx_word' id='word_1_299' title='bbox 3112 2196 3276 2252; x_wconf 89' lang='lat' dir='ltr'><strong>Deum</strong></span> <span class='ocrx_word' id='word_1_300' title='bbox 3305 2195 3518 2251; x_wconf 86' lang='lat' dir='ltr'><strong>miseri-</strong></span> 
     </span>
    </p>
   </div>
   <div class='ocr_carea' id='block_1_47' title="bbox 1938 2288 3516 2355">
    <p class='ocr_par' dir='ltr' id='par_1_47' title="bbox 1938 2288 3516 2355">
     <span class='ocr_line' id='line_1_47' title="bbox 1938 2288 3516 2355; baseline -0.003 -8"><span class='ocrx_word' id='word_1_301' title='bbox 1938 2292 2137 2348; x_wconf 64' lang='lat' dir='ltr'><strong>cordia:</strong></span> <span class='ocrx_word' id='word_1_302' title='bbox 2167 2303 2223 2347; x_wconf 93' lang='lat' dir='ltr'><strong>et</strong></span> <span class='ocrx_word' id='word_1_303' title='bbox 2259 2294 2427 2347; x_wconf 88' lang='lat' dir='ltr'><strong>Deum</strong></span> <span class='ocrx_word' id='word_1_304' title='bbox 2456 2291 2899 2346; x_wconf 83' lang='lat' dir='ltr'><strong>miserationum.</strong></span> <span class='ocrx_word' id='word_1_305' title='bbox 2931 2288 3044 2343; x_wconf 85' lang='lat' dir='ltr'><strong>lloc</strong></span> <span class='ocrx_word' id='word_1_306' title='bbox 3065 2302 3212 2355; x_wconf 89' lang='lat' dir='ltr'><strong>vero,</strong></span> <span class='ocrx_word' id='word_1_307' title='bbox 3248 2288 3342 2343; x_wconf 97' lang='lat' dir='ltr'><strong>Det</strong></span> <span class='ocrx_word' id='word_1_308' title='bbox 3373 2289 3516 2342; x_wconf 81' lang='lat' dir='ltr'><strong>vobis</strong></span> 
     </span>
    </p>
   </div>
   <div class='ocr_carea' id='block_1_48' title="bbox 1939 2379 3518 2454">
    <p class='ocr_par' dir='ltr' id='par_1_48' title="bbox 1939 2379 3518 2454">
     <span class='ocr_line' id='line_1_48' title="bbox 1939 2379 3518 2454; baseline -0.007 -13"><span class='ocrx_word' id='word_1_309' title='bbox 1939 2386 2170 2454; x_wconf 81' lang='lat' dir='ltr'><strong>idipsum</strong></span> <span class='ocrx_word' id='word_1_310' title='bbox 2219 2399 2401 2453; x_wconf 83' lang='lat' dir='ltr'><strong>sapere</strong></span> <span class='ocrx_word' id='word_1_311' title='bbox 2441 2382 2731 2437; x_wconf 80' lang='lat' dir='ltr'><strong>secundant</strong></span> <span class='ocrx_word' id='word_1_312' title='bbox 2762 2381 2947 2436; x_wconf 85' lang='lat' dir='ltr'><strong>Jesum</strong></span> <span class='ocrx_word' id='word_1_313' title='bbox 2975 2379 3264 2445; x_wconf 74' lang='lat' dir='ltr'><strong>Christum,</strong></span> <span class='ocrx_word' id='word_1_314' title='bbox 3309 2394 3427 2448; x_wconf 89' lang='lat' dir='ltr'><strong>pro,</strong></span> <span class='ocrx_word' id='word_1_315' title='bbox 3459 2386 3518 2431; x_wconf 92' lang='lat' dir='ltr'><strong>ut</strong></span> 
     </span>
    </p>
   </div>
   <div class='ocr_carea' id='block_1_49' title="bbox 1935 2474 3518 2547">
    <p class='ocr_par' dir='ltr' id='par_1_49' title="bbox 1935 2474 3518 2547">
     <span class='ocr_line' id='line_1_49' title="bbox 1935 2474 3518 2547; baseline -0.006 -15"><span class='ocrx_word' id='word_1_316' title='bbox 1935 2477 2047 2547; x_wconf 84' lang='lat' dir='ltr'><strong>jam</strong></span> <span class='ocrx_word' id='word_1_317' title='bbox 2079 2492 2184 2532; x_wconf 90' lang='lat' dir='ltr'><strong>non</strong></span> <span class='ocrx_word' id='word_1_318' title='bbox 2212 2476 2333 2532; x_wconf 87' lang='lat' dir='ltr'><strong>sitis</strong></span> <span class='ocrx_word' id='word_1_319' title='bbox 2362 2474 2520 2545; x_wconf 87' lang='lat' dir='ltr'><strong>juxta</strong></span> <span class='ocrx_word' id='word_1_320' title='bbox 2548 2484 2791 2529; x_wconf 85' lang='lat' dir='ltr'><strong>veterem</strong></span> <span class='ocrx_word' id='word_1_321' title='bbox 2814 2481 3031 2542; x_wconf 88' lang='lat' dir='ltr'><strong>patrum</strong></span> <span class='ocrx_word' id='word_1_322' title='bbox 3066 2482 3374 2527; x_wconf 89' lang='lat' dir='ltr'><strong>vestrorum</strong></span> <span class='ocrx_word' id='word_1_323' title='bbox 3402 2485 3518 2524; x_wconf 86' lang='lat' dir='ltr'><strong>mo-</strong></span> 
     </span>
    </p>
   </div>
   <div class='ocr_carea' id='block_1_50' title="bbox 1941 2562 3515 2635">
    <p class='ocr_par' dir='ltr' id='par_1_50' title="bbox 1941 2562 3515 2635">
     <span class='ocr_line' id='line_1_50' title="bbox 1941 2562 3515 2635; baseline -0.005 -10"><span class='ocrx_word' id='word_1_324' title='bbox 1941 2585 2057 2625; x_wconf 85' lang='lat' dir='ltr'><strong>rem</strong></span> <span class='ocrx_word' id='word_1_325' title='bbox 2084 2569 2264 2635; x_wconf 82' lang='lat' dir='ltr'><strong>divisi,</strong></span> <span class='ocrx_word' id='word_1_326' title='bbox 2291 2569 2382 2624; x_wconf 90' lang='lat' dir='ltr'><strong>sed</strong></span> <span class='ocrx_word' id='word_1_327' title='bbox 2414 2567 2552 2622; x_wconf 93' lang='lat' dir='ltr'><strong>uniti</strong></span> <span class='ocrx_word' id='word_1_328' title='bbox 2582 2567 2876 2622; x_wconf 90' lang='lat' dir='ltr'><strong>secundum</strong></span> <span class='ocrx_word' id='word_1_329' title='bbox 2910 2565 3182 2621; x_wconf 84' lang='lat' dir='ltr'><strong>hominem</strong></span> <span class='ocrx_word' id='word_1_330' title='bbox 3216 2562 3515 2619; x_wconf 82' lang='lat' dir='ltr'><strong>caelestem.</strong></span> 
     </span>
    </p>
   </div>
   <div class='ocr_carea' id='block_1_51' title="bbox 1940 2654 3519 2727">
    <p class='ocr_par' dir='ltr' id='par_1_51' title="bbox 1940 2654 3519 2727">
     <span class='ocr_line' id='line_1_51' title="bbox 1940 2654 3519 2727; baseline -0.005 -11"><span class='ocrx_word' id='word_1_331' title='bbox 1940 2660 2058 2718; x_wconf 88' lang='lat' dir='ltr'><strong>Hoc</strong></span> <span class='ocrx_word' id='word_1_332' title='bbox 2093 2671 2297 2727; x_wconf 85' lang='lat' dir='ltr'><strong>autem,</strong></span> <span class='ocrx_word' id='word_1_333' title='bbox 2339 2660 2510 2715; x_wconf 90' lang='lat' dir='ltr'><strong>Deum</strong></span> <span class='ocrx_word' id='word_1_334' title='bbox 2565 2668 2613 2714; x_wconf 85' lang='lat' dir='ltr'><strong>et</strong></span> <span class='ocrx_word' id='word_1_335' title='bbox 2660 2659 2876 2714; x_wconf 80' lang='lat' dir='ltr'><strong>Patrem</strong></span> <span class='ocrx_word' id='word_1_336' title='bbox 2918 2657 3136 2712; x_wconf 80' lang='lat' dir='ltr'><strong>Domini</strong></span> <span class='ocrx_word' id='word_1_337' title='bbox 3193 2656 3355 2711; x_wconf 79' lang='lat' dir='ltr'><strong>nostri</strong></span> <span class='ocrx_word' id='word_1_338' title='bbox 3387 2654 3519 2710; x_wconf 80' lang='lat' dir='ltr'><strong>Jesu</strong></span> 
     </span>
    </p>
   </div>
   <div class='ocr_carea' id='block_1_52' title="bbox 1941 2748 3518 2822">
    <p class='ocr_par' dir='ltr' id='par_1_52' title="bbox 1941 2748 3518 2822">
     <span class='ocr_line' id='line_1_52' title="bbox 1941 2748 3518 2822; baseline -0.006 -12"><span class='ocrx_word' id='word_1_339' title='bbox 1941 2755 2161 2820; x_wconf 81' lang='lat' dir='ltr'><strong>Christi,</strong></span> <span class='ocrx_word' id='word_1_340' title='bbox 2194 2763 2252 2809; x_wconf 93' lang='lat' dir='ltr'><strong>ut</strong></span> <span class='ocrx_word' id='word_1_341' title='bbox 2276 2754 2422 2809; x_wconf 87' lang='lat' dir='ltr'><strong>dicat</strong></span> <span class='ocrx_word' id='word_1_342' title='bbox 2455 2771 2470 2809; x_wconf 91' lang='lat'><strong>:</strong></span> <span class='ocrx_word' id='word_1_343' title='bbox 2509 2752 2702 2818; x_wconf 89' lang='lat' dir='ltr'><strong>Deum,</strong></span> <span class='ocrx_word' id='word_1_344' title='bbox 2736 2752 2827 2822; x_wconf 89' lang='lat' dir='ltr'><strong>qui</strong></span> <span class='ocrx_word' id='word_1_345' title='bbox 2863 2766 2962 2821; x_wconf 90' lang='lat' dir='ltr'><strong>per</strong></span> <span class='ocrx_word' id='word_1_346' title='bbox 2996 2748 3454 2806; x_wconf 88' lang='lat' dir='ltr'><strong>resurrectionem</strong></span> <span class='ocrx_word' id='word_1_347' title='bbox 3487 2765 3518 2802; x_wconf 87' lang='lat' dir='ltr'><strong>a</strong></span> 
     </span>
    </p>
   </div>
   <div class='ocr_carea' id='block_1_53' title="bbox 1940 2841 3517 2912">
    <p class='ocr_par' dir='ltr' id='par_1_53' title="bbox 1940 2841 3517 2912">
     <span class='ocr_line' id='line_1_53' title="bbox 1940 2841 3517 2912; baseline -0.006 -11"><span class='ocrx_word' id='word_1_348' title='bbox 1940 2849 2197 2912; x_wconf 89' lang='lat' dir='ltr'><strong>mortuis,</strong></span> <span class='ocrx_word' id='word_1_349' title='bbox 2234 2846 2383 2902; x_wconf 89' lang='lat' dir='ltr'><strong>circa</strong></span> <span class='ocrx_word' id='word_1_350' title='bbox 2418 2844 2603 2900; x_wconf 79' lang='lat' dir='ltr'><strong>Jesum</strong></span> <span class='ocrx_word' id='word_1_351' title='bbox 2629 2845 2909 2900; x_wconf 86' lang='lat' dir='ltr'><strong>Christum</strong></span> <span class='ocrx_word' id='word_1_352' title='bbox 2943 2841 3234 2897; x_wconf 86' lang='lat' dir='ltr'><strong>Dominum</strong></span> <span class='ocrx_word' id='word_1_353' title='bbox 3270 2851 3517 2896; x_wconf 87' lang='lat' dir='ltr'><strong>nostrum</strong></span> 
     </span>
    </p>
   </div>
   <div class='ocr_carea' id='block_1_54' title="bbox 1941 2929 3518 3005">
    <p class='ocr_par' dir='ltr' id='par_1_54' title="bbox 1941 2929 3518 3005">
     <span class='ocr_line' id='line_1_54' title="bbox 1941 2929 3518 3005; baseline -0.006 -14"><span class='ocrx_word' id='word_1_354' title='bbox 1941 2935 2201 2991; x_wconf 88' lang='lat' dir='ltr'><strong>credibile</strong></span> <span class='ocrx_word' id='word_1_355' title='bbox 2243 2933 2427 2990; x_wconf 82' lang='lat' dir='ltr'><strong>eﬂ‘ecit</strong></span> <span class='ocrx_word' id='word_1_356' title='bbox 2478 2934 2607 3005; x_wconf 88' lang='lat' dir='ltr'><strong>quia</strong></span> <span class='ocrx_word' id='word_1_357' title='bbox 2657 2950 2755 2988; x_wconf 87' lang='lat' dir='ltr'><strong>nos</strong></span> <span class='ocrx_word' id='word_1_358' title='bbox 2791 2935 2844 2988; x_wconf 93' lang='lat' dir='ltr'><strong>in</strong></span> <span class='ocrx_word' id='word_1_359' title='bbox 2885 2930 3230 3001; x_wconf 89' lang='lat' dir='ltr'><strong>adoptionem</strong></span> <span class='ocrx_word' id='word_1_360' title='bbox 3286 2929 3518 2990; x_wconf 89' lang='lat' dir='ltr'><strong>vocavit.</strong></span> 
     </span>
    </p>
   </div>
   <div class='ocr_carea' id='block_1_55' title="bbox 1941 3022 3522 3099">
    <p class='ocr_par' dir='ltr' id='par_1_55' title="bbox 1941 3022 3522 3099">
     <span class='ocr_line' id='line_1_55' title="bbox 1941 3022 3522 3099; baseline -0.004 -18"><span class='ocrx_word' id='word_1_361' title='bbox 1941 3027 2083 3098; x_wconf 92' lang='lat' dir='ltr'><strong>quod</strong></span> <span class='ocrx_word' id='word_1_362' title='bbox 2114 3028 2347 3098; x_wconf 82' lang='lat' dir='ltr'><strong>primum</strong></span> <span class='ocrx_word' id='word_1_363' title='bbox 2373 3026 2721 3099; x_wconf 85' lang='lat' dir='ltr'><strong>promiserat.</strong></span> <span class='ocrx_word' id='word_1_364' title='bbox 2766 3025 2899 3090; x_wconf 85' lang='lat' dir='ltr'><strong>lioc,</strong></span> <span class='ocrx_word' id='word_1_365' title='bbox 2957 3023 3055 3078; x_wconf 88' lang='lat' dir='ltr'><strong>Det</strong></span> <span class='ocrx_word' id='word_1_366' title='bbox 3080 3024 3225 3078; x_wconf 86' lang='lat' dir='ltr'><strong>vobis</strong></span> <span class='ocrx_word' id='word_1_367' title='bbox 3274 3022 3415 3077; x_wconf 85' lang='lat' dir='ltr'><strong>Deus</strong></span> <span class='ocrx_word' id='word_1_368' title='bbox 3464 3029 3522 3076; x_wconf 81' lang='lat' dir='ltr'><strong>ut</strong></span> 
     </span>
    </p>
   </div>
   <div class='ocr_carea' id='block_1_56' title="bbox 260 3114 1842 3199">
    <p class='ocr_par' dir='ltr' id='par_1_56' title="bbox 260 3127 1841 3198">
     <span class='ocr_line' id='line_1_56' title="bbox 260 3127 1841 3198; baseline 0.003 -18"><span class='ocrx_word' id='word_1_369' title='bbox 260 3128 514 3198; x_wconf 75' lang='grc' dir='ltr'>σάμενος.</span> <span class='ocrx_word' id='word_1_370' title='bbox 546 3128 620 3181; x_wconf 90' lang='grc' dir='ltr'>Τὸ</span> <span class='ocrx_word' id='word_1_371' title='bbox 656 3127 863 3198; x_wconf 85' lang='grc' dir='ltr'>μέντοι,</span> <span class='ocrx_word' id='word_1_372' title='bbox 894 3129 1020 3196; x_wconf 86' lang='grc' dir='ltr'><strong>Δώῃ</strong></span> <span class='ocrx_word' id='word_1_373' title='bbox 1048 3128 1193 3198; x_wconf 84' lang='grc' dir='ltr'><strong>ὑμῖν</strong></span> <span class='ocrx_word' id='word_1_374' title='bbox 1231 3131 1265 3182; x_wconf 84' lang='grc' dir='ltr'><strong><em>ό</em></strong></span> <span class='ocrx_word' id='word_1_375' title='bbox 1294 3129 1458 3194; x_wconf 70' lang='grc' dir='ltr'>Θεὸς.</span> <span class='ocrx_word' id='word_1_376' title='bbox 1487 3130 1589 3183; x_wconf 84' lang='grc' dir='ltr'><strong>ἵνα</strong></span> <span class='ocrx_word' id='word_1_377' title='bbox 1627 3132 1841 3198; x_wconf 78' lang='grc' dir='ltr'>ὁμοθυ-</span> 
     </span>
    </p>
   </div>
   <div class='ocr_carea' id='block_1_57' title="bbox 1941 3114 3526 3199">
    <p class='ocr_par' dir='ltr' id='par_1_57' title="bbox 1941 3114 3526 3186">
     <span class='ocr_line' id='line_1_57' title="bbox 1941 3114 3526 3186; baseline -0.004 -13"><span class='ocrx_word' id='word_1_378' title='bbox 1941 3121 2216 3174; x_wconf 80' lang='lat' dir='ltr'><strong>unanimes</strong></span> <span class='ocrx_word' id='word_1_379' title='bbox 2252 3133 2341 3174; x_wconf 86' lang='lat' dir='ltr'><strong>ore</strong></span> <span class='ocrx_word' id='word_1_380' title='bbox 2394 3117 2755 3186; x_wconf 71' lang='lat' dir='ltr'><strong>honori/Sectis</strong></span> <span class='ocrx_word' id='word_1_381' title='bbox 2813 3116 3004 3182; x_wconf 88' lang='lat' dir='ltr'><strong>Deum,</strong></span> <span class='ocrx_word' id='word_1_382' title='bbox 3036 3130 3143 3169; x_wconf 92' lang='lat' dir='ltr'><strong>non</strong></span> <span class='ocrx_word' id='word_1_383' title='bbox 3193 3114 3262 3170; x_wconf 86' lang='lat' dir='ltr'><strong>de</strong></span> <span class='ocrx_word' id='word_1_384' title='bbox 3309 3128 3438 3181; x_wconf 92' lang='lat' dir='ltr'><strong>uno,</strong></span> <span class='ocrx_word' id='word_1_385' title='bbox 3469 3122 3526 3168; x_wconf 87' lang='lat' dir='ltr'><strong>et</strong></span> 
     </span>
    </p>
   </div>
   <div class='ocr_carea' id='block_1_58' title="bbox 253 3215 1840 3285">
    <p class='ocr_par' dir='ltr' id='par_1_58' title="bbox 253 3215 1840 3285">
     <span class='ocr_line' id='line_1_58' title="bbox 253 3215 1840 3285; baseline 0.001 -17"><span class='ocrx_word' id='word_1_386' title='bbox 253 3216 451 3285; x_wconf 81' lang='grc' dir='ltr'>μαδὸν</span> <span class='ocrx_word' id='word_1_387' title='bbox 478 3215 764 3285; x_wconf 76' lang='grc' dir='ltr'><strong>δοξάζητε</strong></span> <span class='ocrx_word' id='word_1_388' title='bbox 789 3216 898 3269; x_wconf 85' lang='grc' dir='ltr'>τὸν</span> <span class='ocrx_word' id='word_1_389' title='bbox 924 3216 1092 3278; x_wconf 82' lang='grc' dir='ltr'>Θεὸν,</span> <span class='ocrx_word' id='word_1_390' title='bbox 1126 3216 1188 3269; x_wconf 81' lang='grc' dir='ltr'>οὐ</span> <span class='ocrx_word' id='word_1_391' title='bbox 1221 3217 1352 3285; x_wconf 78' lang='grc' dir='ltr'>περὶ</span> <span class='ocrx_word' id='word_1_392' title='bbox 1373 3217 1532 3270; x_wconf 84' lang='grc' dir='ltr'>ἄλλου</span> <span class='ocrx_word' id='word_1_393' title='bbox 1556 3218 1651 3270; x_wconf 70' lang='grc' dir='ltr'>καὶ</span> <span class='ocrx_word' id='word_1_394' title='bbox 1678 3216 1840 3271; x_wconf 80' lang='grc' dir='ltr'>ἄλλου</span> 
     </span>
    </p>
   </div>
   <div class='ocr_carea' id='block_1_59' title="bbox 264 3307 1844 3379">
    <p class='ocr_par' dir='ltr' id='par_1_59' title="bbox 264 3307 1844 3379">
     <span class='ocr_line' id='line_1_59' title="bbox 264 3307 1844 3379; baseline 0 -18"><span class='ocrx_word' id='word_1_395' title='bbox 264 3308 547 3379; x_wconf 83' lang='grc' dir='ltr'>σημαίνων</span> <span class='ocrx_word' id='word_1_396' title='bbox 581 3308 685 3377; x_wconf 77' lang='grc' dir='ltr'>ἔφη</span> <span class='ocrx_word' id='word_1_397' title='bbox 717 3307 852 3360; x_wconf 79' lang='grc' dir='ltr'>Θεοῦ</span> <span class='ocrx_word' id='word_1_398' title='bbox 885 3307 1230 3370; x_wconf 84' lang='grc' dir='ltr'>πολλαπλῶς,</span> <span class='ocrx_word' id='word_1_399' title='bbox 1267 3307 1384 3359; x_wconf 85' lang='grc' dir='ltr'>ἀλλ’</span> <span class='ocrx_word' id='word_1_400' title='bbox 1417 3310 1474 3361; x_wconf 85' lang='grc' dir='ltr'><strong>ὲν</strong></span> <span class='ocrx_word' id='word_1_401' title='bbox 1507 3308 1585 3377; x_wconf 84' lang='grc' dir='ltr'><strong>τῷ</strong></span> <span class='ocrx_word' id='word_1_402' title='bbox 1607 3308 1844 3378; x_wconf 85' lang='grc' dir='ltr'>δευτέρῳ</span> 
     </span>
    </p>
   </div>
   <div class='ocr_carea' id='block_1_60' title="bbox 264 3397 1839 3469">
    <p class='ocr_par' dir='ltr' id='par_1_60' title="bbox 264 3397 1839 3469">
     <span class='ocr_line' id='line_1_60' title="bbox 264 3397 1839 3469; baseline -0.001 -16"><span class='ocrx_word' id='word_1_403' title='bbox 264 3399 427 3453; x_wconf 83' lang='grc' dir='ltr'>πάλιν</span> <span class='ocrx_word' id='word_1_404' title='bbox 455 3399 578 3453; x_wconf 76' lang='grc' dir='ltr'>ἀντὶ</span> <span class='ocrx_word' id='word_1_405' title='bbox 604 3398 707 3468; x_wconf 82' lang='grc' dir='ltr'>τῆς</span> <span class='ocrx_word' id='word_1_406' title='bbox 735 3397 1082 3466; x_wconf 84' lang='grc' dir='ltr'>ἀντωνυμίας</span> <span class='ocrx_word' id='word_1_407' title='bbox 1113 3397 1173 3451; x_wconf 90' lang='grc' dir='ltr'>τὸ</span> <span class='ocrx_word' id='word_1_408' title='bbox 1203 3398 1333 3451; x_wconf 79' lang='grc' dir='ltr'><strong>αὐτὸ</strong></span> <span class='ocrx_word' id='word_1_409' title='bbox 1364 3398 1608 3452; x_wconf 83' lang='grc' dir='ltr'>τέθεικεν</span> <span class='ocrx_word' id='word_1_410' title='bbox 1651 3399 1839 3469; x_wconf 78' lang='grc' dir='ltr'>ὄνομα.</span> 
     </span>
    </p>
   </div>
   <div class='ocr_carea' id='block_1_61' title="bbox 262 3485 1845 3564">
    <p class='ocr_par' dir='ltr' id='par_1_61' title="bbox 262 3485 1845 3564">
     <span class='ocr_line' id='line_1_61' title="bbox 262 3485 1845 3564; baseline 0.001 -21"><span class='ocrx_word' id='word_1_411' title='bbox 262 3485 374 3543; x_wconf 79' lang='grc' dir='ltr'>Ἦν</span> <span class='ocrx_word' id='word_1_412' title='bbox 408 3490 454 3544; x_wconf 85' lang='grc' dir='ltr'>δ’</span> <span class='ocrx_word' id='word_1_413' title='bbox 512 3489 580 3543; x_wconf 83' lang='grc' dir='ltr'>ἂν</span> <span class='ocrx_word' id='word_1_414' title='bbox 625 3488 965 3560; x_wconf 81' lang='grc' dir='ltr'>σαφέστερον</span> <span class='ocrx_word' id='word_1_415' title='bbox 1011 3488 1155 3541; x_wconf 80' lang='grc' dir='ltr'>οὕτω</span> <span class='ocrx_word' id='word_1_416' title='bbox 1211 3489 1434 3561; x_wconf 78' lang='grc' dir='ltr'>λεχθένο</span> <span class='ocrx_word' id='word_1_417' title='bbox 1484 3489 1606 3564; x_wconf 84' lang='grc' dir='ltr'><strong>Δὼῃ</strong></span> <span class='ocrx_word' id='word_1_418' title='bbox 1654 3493 1782 3562; x_wconf 83' lang='grc' dir='ltr'>ὑμῖν</span> <span class='ocrx_word' id='word_1_419' title='bbox 1816 3493 1845 3546; x_wconf 84' lang='grc' dir='ltr'>ὁ</span> 
     </span>
    </p>
   </div>
   <div class='ocr_carea' id='block_1_62' title="bbox 263 3580 1843 3654">
    <p class='ocr_par' dir='ltr' id='par_1_62' title="bbox 263 3580 1843 3654">
     <span class='ocr_line' id='line_1_62' title="bbox 263 3580 1843 3654; baseline 0.001 -18"><span class='ocrx_word' id='word_1_420' title='bbox 263 3580 397 3646; x_wconf 88' lang='grc' dir='ltr'>Θεὸς</span> <span class='ocrx_word' id='word_1_421' title='bbox 455 3581 518 3635; x_wconf 86' lang='grc' dir='ltr'>τὸ</span> <span class='ocrx_word' id='word_1_422' title='bbox 576 3581 705 3634; x_wconf 77' lang='grc' dir='ltr'>αὐτὸ</span> <span class='ocrx_word' id='word_1_423' title='bbox 742 3584 978 3651; x_wconf 82' lang='grc' dir='ltr'>φρονεῖν,</span> <span class='ocrx_word' id='word_1_424' title='bbox 1042 3581 1129 3636; x_wconf 74' lang='grc' dir='ltr'><strong>ἵνα</strong></span> <span class='ocrx_word' id='word_1_425' title='bbox 1188 3581 1531 3654; x_wconf 73' lang='grc' dir='ltr'>ὁμοθυμαδὸν</span> <span class='ocrx_word' id='word_1_426' title='bbox 1583 3585 1843 3654; x_wconf 76' lang='grc' dir='ltr'>δοξάζητε</span> 
     </span>
    </p>
   </div>
   <div class='ocr_carea' id='block_1_63' title="bbox 263 3672 1841 3741">
    <p class='ocr_par' dir='ltr' id='par_1_63' title="bbox 263 3672 1841 3741">
     <span class='ocr_line' id='line_1_63' title="bbox 263 3672 1841 3741; baseline 0 -10"><span class='ocrx_word' id='word_1_427' title='bbox 263 3676 448 3731; x_wconf 81' lang='grc' dir='ltr'>αὐτόν.</span> <span class='ocrx_word' id='word_1_428' title='bbox 479 3672 592 3727; x_wconf 81' lang='grc' dir='ltr'><strong>Νῦν</strong></span> <span class='ocrx_word' id='word_1_429' title='bbox 630 3674 685 3727; x_wconf 81' lang='grc' dir='ltr'>δὲ</span> <span class='ocrx_word' id='word_1_430' title='bbox 720 3675 841 3729; x_wconf 80' lang='grc' dir='ltr'><strong>ἀντὶ</strong></span> <span class='ocrx_word' id='word_1_431' title='bbox 869 3674 984 3741; x_wconf 83' lang='grc' dir='ltr'>τοῦ,</span> <span class='ocrx_word' id='word_1_432' title='bbox 1032 3674 1215 3740; x_wconf 84' lang='grc' dir='ltr'>αὐτὸν,</span> <span class='ocrx_word' id='word_1_433' title='bbox 1263 3676 1477 3730; x_wconf 84' lang='grc' dir='ltr'>τέθεικε</span> <span class='ocrx_word' id='word_1_434' title='bbox 1520 3677 1628 3732; x_wconf 86' lang='grc' dir='ltr'>τὸν</span> <span class='ocrx_word' id='word_1_435' title='bbox 1661 3678 1841 3731; x_wconf 85' lang='grc' dir='ltr'>Θεόν·</span> 
     </span>
    </p>
   </div>
   <div class='ocr_carea' id='block_1_64' title="bbox 263 3766 1845 3839">
    <p class='ocr_par' dir='ltr' id='par_1_64' title="bbox 263 3766 1845 3839">
     <span class='ocr_line' id='line_1_64' title="bbox 263 3766 1845 3839; baseline 0.001 -18"><span class='ocrx_word' id='word_1_436' title='bbox 263 3768 400 3839; x_wconf 81' lang='grc' dir='ltr'>ὅπερ</span> <span class='ocrx_word' id='word_1_437' title='bbox 437 3767 633 3837; x_wconf 75' lang='grc' dir='ltr'>ἰδίωμα</span> <span class='ocrx_word' id='word_1_438' title='bbox 669 3767 769 3838; x_wconf 82' lang='grc' dir='ltr'>τῆς</span> <span class='ocrx_word' id='word_1_439' title='bbox 814 3768 1057 3838; x_wconf 86' lang='grc' dir='ltr'>Γραφῆς,</span> <span class='ocrx_word' id='word_1_440' title='bbox 1091 3766 1167 3832; x_wconf 83' lang='grc' dir='ltr'><strong>ὡς</strong></span> <span class='ocrx_word' id='word_1_441' title='bbox 1204 3766 1286 3833; x_wconf 90' lang='grc' dir='ltr'>τὸ,</span> <span class='ocrx_word' id='word_1_442' title='bbox 1338 3768 1586 3837; x_wconf 79' lang='grc' dir='ltr'>Ἕὸρεξε</span> <span class='ocrx_word' id='word_1_443' title='bbox 1627 3770 1845 3838; x_wconf 84' lang='grc' dir='ltr'>Κύριος</span> 
     </span>
    </p>
   </div>
   <div class='ocr_carea' id='block_1_65' title="bbox 262 3858 1843 3932">
    <p class='ocr_par' dir='ltr' id='par_1_65' title="bbox 262 3858 1843 3932">
     <span class='ocr_line' id='line_1_65' title="bbox 262 3858 1843 3932; baseline 0.003 -21"><span class='ocrx_word' id='word_1_444' title='bbox 262 3860 423 3927; x_wconf 77' lang='grc' dir='ltr'>παρὰ</span> <span class='ocrx_word' id='word_1_445' title='bbox 461 3858 702 3927; x_wconf 82' lang='grc' dir='ltr'>Κυρίου,</span> <span class='ocrx_word' id='word_1_446' title='bbox 731 3860 997 3923; x_wconf 83' lang='grc' dir='ltr'>τουτέστι,</span> <span class='ocrx_word' id='word_1_447' title='bbox 1039 3860 1168 3931; x_wconf 83' lang='grc' dir='ltr'>παρ’</span> <span class='ocrx_word' id='word_1_448' title='bbox 1196 3859 1422 3914; x_wconf 76' lang='grc' dir='ltr'>ἐαυτοῦ’</span> <span class='ocrx_word' id='word_1_449' title='bbox 1466 3862 1564 3915; x_wconf 79' lang='grc' dir='ltr'>καὶ</span> <span class='ocrx_word' id='word_1_450' title='bbox 1596 3862 1680 3927; x_wconf 90' lang='grc' dir='ltr'>τὸ,</span> <span class='ocrx_word' id='word_1_451' title='bbox 1714 3861 1843 3932; x_wconf 81' lang='grc' dir='ltr'><strong>Δὼῃ</strong></span> 
     </span>
    </p>
   </div>
   <div class='ocr_carea' id='block_1_66' title="bbox 261 3954 1842 4027">
    <p class='ocr_par' dir='ltr' id='par_1_66' title="bbox 261 3954 1842 4027">
     <span class='ocr_line' id='line_1_66' title="bbox 261 3954 1842 4027; baseline 0.001 -19"><span class='ocrx_word' id='word_1_452' title='bbox 261 3954 423 4021; x_wconf 77' lang='grc' dir='ltr'>αὐτῷ</span> <span class='ocrx_word' id='word_1_453' title='bbox 460 3956 675 4024; x_wconf 84' lang='grc' dir='ltr'>Κύριος</span> <span class='ocrx_word' id='word_1_454' title='bbox 701 3956 899 4025; x_wconf 83' lang='grc' dir='ltr'>εὑρεῖν</span> <span class='ocrx_word' id='word_1_455' title='bbox 927 3956 1106 4012; x_wconf 79' lang='grc' dir='ltr'>ἔλεον</span> <span class='ocrx_word' id='word_1_456' title='bbox 1130 3958 1290 4027; x_wconf 81' lang='grc' dir='ltr'>παρὰ</span> <span class='ocrx_word' id='word_1_457' title='bbox 1323 3958 1547 4027; x_wconf 87' lang='grc' dir='ltr'>Κυρίου</span> <span class='ocrx_word' id='word_1_458' title='bbox 1568 3974 1583 3989; x_wconf 75' lang='grc' dir='ltr'><strong><em>ο</em></strong></span> <span class='ocrx_word' id='word_1_459' title='bbox 1627 3957 1720 4011; x_wconf 80' lang='grc' dir='ltr'><strong>καὶ</strong></span> <span class='ocrx_word' id='word_1_460' title='bbox 1759 3958 1842 4021; x_wconf 84' lang='grc' dir='ltr'>τὸ,</span> 
     </span>
    </p>
   </div>
   <div class='ocr_carea' id='block_1_67' title="bbox 274 4047 1845 4121">
    <p class='ocr_par' dir='ltr' id='par_1_67' title="bbox 274 4047 1845 4121">
     <span class='ocr_line' id='line_1_67' title="bbox 274 4047 1845 4121; baseline 0.003 -20"><span class='ocrx_word' id='word_1_461' title='bbox 274 4048 341 4102; x_wconf 83' lang='grc' dir='ltr'><em>Ἠ</em></span> <span class='ocrx_word' id='word_1_462' title='bbox 400 4047 760 4119; x_wconf 80' lang='grc' dir='ltr'>δικαιοσύνη</span> <span class='ocrx_word' id='word_1_463' title='bbox 824 4067 943 4105; x_wconf 88' lang='grc' dir='ltr'><strong>σου</strong></span> <span class='ocrx_word' id='word_1_464' title='bbox 1004 4052 1085 4117; x_wconf 88' lang='grc' dir='ltr'>ὠς</span> <span class='ocrx_word' id='word_1_465' title='bbox 1147 4050 1253 4121; x_wconf 79' lang='grc' dir='ltr'>ὅρη</span> <span class='ocrx_word' id='word_1_466' title='bbox 1327 4052 1477 4107; x_wconf 82' lang='grc' dir='ltr'>Θεοῦ</span> <span class='ocrx_word' id='word_1_467' title='bbox 1502 4069 1518 4085; x_wconf 81' lang='grc'><em>’</em></span> <span class='ocrx_word' id='word_1_468' title='bbox 1585 4052 1681 4106; x_wconf 79' lang='grc' dir='ltr'>καὶ</span> <span class='ocrx_word' id='word_1_469' title='bbox 1745 4053 1845 4106; x_wconf 84' lang='grc' dir='ltr'>ὃσα</span> 
     </span>
    </p>
   </div>
   <div class='ocr_carea' id='block_1_68' title="bbox 261 4154 507 4192">
    <p class='ocr_par' dir='ltr' id='par_1_68' title="bbox 261 4154 507 4192">
     <span class='ocr_line' id='line_1_68' title="bbox 261 4154 507 4192; baseline 0.008 -2"><span class='ocrx_word' id='word_1_470' title='bbox 261 4154 507 4192; x_wconf 82' lang='grc' dir='ltr'>τοιαυτα.</span> 
     </span>
    </p>
   </div>
   <div class='ocr_carea' id='block_1_69' title="bbox 342 4229 1842 4307">
    <p class='ocr_par' dir='ltr' id='par_1_69' title="bbox 342 4229 1842 4307">
     <span class='ocr_line' id='line_1_69' title="bbox 342 4229 1842 4307; baseline 0.007 -27"><span class='ocrx_word' id='word_1_471' title='bbox 342 4248 361 4280; x_wconf 74' lang='grc' dir='ltr'><strong>ι</strong></span> <span class='ocrx_word' id='word_1_472' title='bbox 406 4229 644 4294; x_wconf 85' lang='grc' dir='ltr'>Ἐλπίζω</span> <span class='ocrx_word' id='word_1_473' title='bbox 676 4232 788 4305; x_wconf 82' lang='grc' dir='ltr'><strong>γὰρ</strong></span> <span class='ocrx_word' id='word_1_474' title='bbox 824 4232 1287 4306; x_wconf 84' lang='grc' dir='ltr'>διαπορευόμενος</span> <span class='ocrx_word' id='word_1_475' title='bbox 1333 4234 1635 4291; x_wconf 77' lang='grc' dir='ltr'>θεάσασθαι</span> <span class='ocrx_word' id='word_1_476' title='bbox 1674 4236 1842 4307; x_wconf 82' lang='grc' dir='ltr'>ὑμᾶς,</span> 
     </span>
    </p>
   </div>
   <div class='ocr_carea' id='block_1_70' title="bbox 264 4322 1846 4398">
    <p class='ocr_par' dir='ltr' id='par_1_70' title="bbox 264 4322 1846 4398">
     <span class='ocr_line' id='line_1_70' title="bbox 264 4322 1846 4398; baseline 0.005 -23"><span class='ocrx_word' id='word_1_477' title='bbox 264 4322 359 4375; x_wconf 72' lang='grc' dir='ltr'><strong>καὶ</strong></span> <span class='ocrx_word' id='word_1_478' title='bbox 387 4323 478 4392; x_wconf 81' lang='grc' dir='ltr'><strong>ἀφ’</strong></span> <span class='ocrx_word' id='word_1_479' title='bbox 511 4324 666 4395; x_wconf 80' lang='grc' dir='ltr'>ὑμῶν</span> <span class='ocrx_word' id='word_1_480' title='bbox 692 4327 1119 4397; x_wconf 81' lang='grc' dir='ltr'>προπεμφθῆναι</span> <span class='ocrx_word' id='word_1_481' title='bbox 1142 4328 1277 4394; x_wconf 76' lang='grc' dir='ltr'>ἐκεῖ,</span> <span class='ocrx_word' id='word_1_482' title='bbox 1311 4326 1407 4381; x_wconf 84' lang='grc' dir='ltr'>ἐὰν</span> <span class='ocrx_word' id='word_1_483' title='bbox 1439 4327 1593 4398; x_wconf 81' lang='grc' dir='ltr'>ὑμῶν</span> <span class='ocrx_word' id='word_1_484' title='bbox 1624 4328 1846 4395; x_wconf 85' lang='grc' dir='ltr'>πρῶτον</span> 
     </span>
    </p>
   </div>
   <div class='ocr_carea' id='block_1_71' title="bbox 265 4415 1013 4490">
    <p class='ocr_par' dir='ltr' id='par_1_71' title="bbox 265 4415 1013 4490">
     <span class='ocr_line' id='line_1_71' title="bbox 265 4415 1013 4490; baseline 0.005 -20"><span class='ocrx_word' id='word_1_485' title='bbox 265 4415 374 4470; x_wconf 83' lang='grc' dir='ltr'><strong>ἀπὸ</strong></span> <span class='ocrx_word' id='word_1_486' title='bbox 409 4417 608 4488; x_wconf 88' lang='grc' dir='ltr'>μέρους</span> <span class='ocrx_word' id='word_1_487' title='bbox 632 4418 954 4490; x_wconf 75' lang='grc' dir='ltr'>ἐμπλησθῶ.</span> <span class='ocrx_word' id='word_1_488' title='bbox 994 4438 1013 4473; x_wconf 85' lang='grc'><strong>›</strong></span> 
     </span>
    </p>
   </div>
   <div class='ocr_carea' id='block_1_72' title="bbox 334 4482 1921 4580">
    <p class='ocr_par' dir='ltr' id='par_1_72' title="bbox 334 4482 1921 4580">
     <span class='ocr_line' id='line_1_72' title="bbox 334 4482 1921 4580; baseline 0.006 -21"><span class='ocrx_word' id='word_1_489' title='bbox 334 4482 421 4559; x_wconf 31' lang='grc' dir='ltr'><strong>Τὸ.</strong></span> <span class='ocrx_word' id='word_1_490' title='bbox 459 4482 518 4559; x_wconf 85' lang='grc' dir='ltr'>δὲ</span> <span class='ocrx_word' id='word_1_491' title='bbox 574 4482 903 4577; x_wconf 57' lang='grc' dir='ltr'>ἐμαλησθῶ</span> <span class='ocrx_word' id='word_1_492' title='bbox 953 4510 1074 4564; x_wconf 83' lang='grc' dir='ltr'><strong>ἀπὸ</strong></span> <span class='ocrx_word' id='word_1_493' title='bbox 1114 4511 1363 4580; x_wconf 77' lang='grc' dir='ltr'>μέρους.</span> <span class='ocrx_word' id='word_1_494' title='bbox 1399 4511 1521 4565; x_wconf 75' lang='grc' dir='ltr'>ἀντὶ</span> <span class='ocrx_word' id='word_1_495' title='bbox 1551 4512 1668 4577; x_wconf 82' lang='grc' dir='ltr'>τοῦ,</span> <span class='ocrx_word' id='word_1_496' title='bbox 1701 4513 1842 4568; x_wconf 81' lang='grc' dir='ltr'>κατὰ</span> <span class='ocrx_word' id='word_1_497' title='bbox 1870 4482 1921 4541; x_wconf 80' lang='lat' dir='ltr'><strong>D</strong></span> 
     </span>
    </p>
   </div>
   <div class='ocr_carea' id='block_1_73' title="bbox 265 4599 1843 4674">
    <p class='ocr_par' dir='ltr' id='par_1_73' title="bbox 265 4599 1843 4674">
     <span class='ocr_line' id='line_1_73' title="bbox 265 4599 1843 4674; baseline 0.004 -21"><span class='ocrx_word' id='word_1_498' title='bbox 265 4599 357 4653; x_wconf 86' lang='grc' dir='ltr'>τὸν</span> <span class='ocrx_word' id='word_1_499' title='bbox 388 4600 739 4673; x_wconf 77' lang='grc' dir='ltr'>ἐνδεχόμενον</span> <span class='ocrx_word' id='word_1_500' title='bbox 772 4601 1093 4674; x_wconf 82' lang='grc' dir='ltr'>ἐμπλησθῶ.</span> <span class='ocrx_word' id='word_1_501' title='bbox 1130 4604 1202 4658; x_wconf 86' lang='grc' dir='ltr'>Ἢ</span> <span class='ocrx_word' id='word_1_502' title='bbox 1247 4603 1405 4658; x_wconf 77' lang='grc' dir='ltr'>τοῦτο</span> <span class='ocrx_word' id='word_1_503' title='bbox 1433 4600 1605 4669; x_wconf 84' lang='grc' dir='ltr'>εἶπεν,</span> <span class='ocrx_word' id='word_1_504' title='bbox 1629 4605 1704 4670; x_wconf 78' lang='grc' dir='ltr'>ὼς</span> <span class='ocrx_word' id='word_1_505' title='bbox 1746 4606 1843 4659; x_wconf 79' lang='grc' dir='ltr'>καὶ</span> 
     </span>
    </p>
   </div>
   <div class='ocr_carea' id='block_1_74' title="bbox 265 4690 1843 4769">
    <p class='ocr_par' dir='ltr' id='par_1_74' title="bbox 265 4690 1843 4769">
     <span class='ocr_line' id='line_1_74' title="bbox 265 4690 1843 4769; baseline 0.003 -21"><span class='ocrx_word' id='word_1_506' title='bbox 265 4690 422 4758; x_wconf 84' lang='grc' dir='ltr'>αὖθις</span> <span class='ocrx_word' id='word_1_507' title='bbox 455 4694 591 4766; x_wconf 83' lang='grc' dir='ltr'>πρὸς</span> <span class='ocrx_word' id='word_1_508' title='bbox 616 4695 816 4760; x_wconf 80' lang='grc' dir='ltr'>αὐτοὺς</span> <span class='ocrx_word' id='word_1_509' title='bbox 843 4694 1190 4767; x_wconf 82' lang='grc' dir='ltr'>ἀφιξόμενος,</span> <span class='ocrx_word' id='word_1_510' title='bbox 1207 4697 1437 4769; x_wconf 88' lang='grc' dir='ltr'>ἐπείπερ</span> <span class='ocrx_word' id='word_1_511' title='bbox 1466 4698 1563 4769; x_wconf 81' lang='grc' dir='ltr'><strong>οὐχ</strong></span> <span class='ocrx_word' id='word_1_512' title='bbox 1593 4698 1739 4766; x_wconf 85' lang='grc' dir='ltr'>ἆπαξ</span> <span class='ocrx_word' id='word_1_513' title='bbox 1762 4700 1843 4762; x_wconf 84' lang='grc' dir='ltr'>είς</span> 
     </span>
    </p>
   </div>
   <div class='ocr_carea' id='block_1_75' title="bbox 265 4786 1505 4863">
    <p class='ocr_par' dir='ltr' id='par_1_75' title="bbox 265 4786 1505 4863">
     <span class='ocr_line' id='line_1_75' title="bbox 265 4786 1505 4863; baseline 0.005 -24"><span class='ocrx_word' id='word_1_514' title='bbox 265 4786 364 4857; x_wconf 78' lang='grc' dir='ltr'>τὴν</span> <span class='ocrx_word' id='word_1_515' title='bbox 405 4787 623 4861; x_wconf 78' lang='grc' dir='ltr'>Ῥώμην</span> <span class='ocrx_word' id='word_1_516' title='bbox 655 4790 886 4860; x_wconf 84' lang='grc' dir='ltr'>ἀφίκετο</span> <span class='ocrx_word' id='word_1_517' title='bbox 907 4789 936 4842; x_wconf 82' lang='grc' dir='ltr'><strong>ὁ</strong></span> <span class='ocrx_word' id='word_1_518' title='bbox 973 4789 1245 4863; x_wconf 78' lang='grc' dir='ltr'>μακάριος</span> <span class='ocrx_word' id='word_1_519' title='bbox 1272 4790 1505 4855; x_wconf 82' lang='grc' dir='ltr'>Παῦλος.</span> 
     </span>
    </p>
   </div>
   <div class='ocr_carea' id='block_1_76' title="bbox 346 4893 1838 4977">
    <p class='ocr_par' dir='ltr' id='par_1_76' title="bbox 346 4893 1838 4977">
     <span class='ocr_line' id='line_1_76' title="bbox 346 4893 1838 4977; baseline 0.007 -29"><span class='ocrx_word' id='word_1_520' title='bbox 346 4914 366 4949; x_wconf 82' lang='lat' dir='ltr'><strong>s</strong></span> <span class='ocrx_word' id='word_1_521' title='bbox 403 4893 535 4954; x_wconf 82' lang='grc' dir='ltr'>Οἶδα</span> <span class='ocrx_word' id='word_1_522' title='bbox 583 4900 641 4954; x_wconf 81' lang='grc' dir='ltr'><strong>δέ</strong></span> <span class='ocrx_word' id='word_1_523' title='bbox 687 4902 767 4957; x_wconf 84' lang='grc' dir='ltr'><strong>δτι</strong></span> <span class='ocrx_word' id='word_1_524' title='bbox 806 4903 1104 4974; x_wconf 83' lang='grc' dir='ltr'>ἐρχόμενος</span> <span class='ocrx_word' id='word_1_525' title='bbox 1137 4902 1277 4975; x_wconf 86' lang='grc' dir='ltr'>πρὸς</span> <span class='ocrx_word' id='word_1_526' title='bbox 1311 4905 1480 4975; x_wconf 82' lang='grc' dir='ltr'>ὑμᾶς,</span> <span class='ocrx_word' id='word_1_527' title='bbox 1508 4905 1567 4958; x_wconf 84' lang='grc' dir='ltr'><strong>ἐν</strong></span> <span class='ocrx_word' id='word_1_528' title='bbox 1614 4904 1838 4977; x_wconf 86' lang='grc' dir='ltr'>πληρώ-</span> 
     </span>
    </p>
   </div>
   <div class='ocr_carea' id='block_1_77' title="bbox 271 4990 1835 5070">
    <p class='ocr_par' dir='ltr' id='par_1_77' title="bbox 271 4990 1835 5070">
     <span class='ocr_line' id='line_1_77' title="bbox 271 4990 1835 5070; baseline 0.004 -25"><span class='ocrx_word' id='word_1_529' title='bbox 271 5008 399 5062; x_wconf 88' lang='grc' dir='ltr'>ματι</span> <span class='ocrx_word' id='word_1_530' title='bbox 436 4990 685 5061; x_wconf 80' lang='grc' dir='ltr'>εὐλογίας</span> <span class='ocrx_word' id='word_1_531' title='bbox 712 4994 807 5048; x_wconf 80' lang='grc' dir='ltr'>τοῦ</span> <span class='ocrx_word' id='word_1_532' title='bbox 837 4996 1176 5067; x_wconf 81' lang='grc' dir='ltr'>Εὐαγγελίου</span> <span class='ocrx_word' id='word_1_533' title='bbox 1208 4994 1305 5051; x_wconf 83' lang='grc' dir='ltr'><strong>τοῦ</strong></span> <span class='ocrx_word' id='word_1_534' title='bbox 1335 4995 1576 5070; x_wconf 80' lang='grc' dir='ltr'>Χριστοῦ</span> <span class='ocrx_word' id='word_1_535' title='bbox 1615 4996 1835 5054; x_wconf 84' lang='grc' dir='ltr'>ἐλεύσο-</span> 
     </span>
    </p>
   </div>
   <div class='ocr_carea' id='block_1_78' title="bbox 272 5101 453 5153">
    <p class='ocr_par' dir='ltr' id='par_1_78' title="bbox 272 5101 453 5153">
     <span class='ocr_line' id='line_1_78' title="bbox 272 5101 453 5153; baseline -0.011 -16"><span class='ocrx_word' id='word_1_536' title='bbox 272 5101 392 5153; x_wconf 86' lang='grc' dir='ltr'>μαι.</span> <span class='ocrx_word' id='word_1_537' title='bbox 432 5101 453 5135; x_wconf 72' lang='grc' dir='ltr'><strong>ι</strong></span> 
     </span>
    </p>
   </div>
   <div class='ocr_carea' id='block_1_79' title="bbox 337 5170 1840 5256">
    <p class='ocr_par' dir='ltr' id='par_1_79' title="bbox 337 5170 1840 5256">
     <span class='ocr_line' id='line_1_79' title="bbox 337 5170 1840 5256; baseline 0.006 -27"><span class='ocrx_word' id='word_1_538' title='bbox 337 5170 492 5242; x_wconf 76' lang='grc' dir='ltr'>Οἶδα,</span> <span class='ocrx_word' id='word_1_539' title='bbox 529 5175 716 5246; x_wconf 71' lang='grc' dir='ltr'>φησὶν,</span> <span class='ocrx_word' id='word_1_540' title='bbox 743 5176 824 5231; x_wconf 80' lang='grc' dir='ltr'>ὅτι</span> <span class='ocrx_word' id='word_1_541' title='bbox 861 5180 997 5250; x_wconf 88' lang='grc' dir='ltr'>πρὸς</span> <span class='ocrx_word' id='word_1_542' title='bbox 1036 5182 1183 5253; x_wconf 81' lang='grc' dir='ltr'>ὑμᾶς</span> <span class='ocrx_word' id='word_1_543' title='bbox 1213 5182 1683 5256; x_wconf 81' lang='grc' dir='ltr'>παραγενόμενος,</span> <span class='ocrx_word' id='word_1_544' title='bbox 1709 5183 1840 5238; x_wconf 69' lang='grc' dir='ltr'>πολε</span> 
     </span>
    </p>
   </div>
   <div class='ocr_carea' id='block_1_80' title="bbox 266 5268 1847 5349">
    <p class='ocr_par' dir='ltr' id='par_1_80' title="bbox 266 5268 1847 5349">
     <span class='ocr_line' id='line_1_80' title="bbox 266 5268 1847 5349; baseline 0.009 -30"><span class='ocrx_word' id='word_1_545' title='bbox 266 5268 365 5337; x_wconf 80' lang='grc' dir='ltr'><strong>λὴν</strong></span> <span class='ocrx_word' id='word_1_546' title='bbox 418 5269 478 5321; x_wconf 90' lang='grc' dir='ltr'><strong>ἐν</strong></span> <span class='ocrx_word' id='word_1_547' title='bbox 532 5270 663 5339; x_wconf 82' lang='grc' dir='ltr'>ὑμῖν</span> <span class='ocrx_word' id='word_1_548' title='bbox 715 5274 811 5325; x_wconf 82' lang='grc' dir='ltr'>τοῦ</span> <span class='ocrx_word' id='word_1_549' title='bbox 869 5273 1009 5327; x_wconf 84' lang='grc' dir='ltr'><strong>κατά</strong></span> <span class='ocrx_word' id='word_1_550' title='bbox 1063 5276 1298 5345; x_wconf 87' lang='grc' dir='ltr'>Χριστὸν</span> <span class='ocrx_word' id='word_1_551' title='bbox 1356 5276 1691 5346; x_wconf 87' lang='grc' dir='ltr'>Εὐαγγελίου</span> <span class='ocrx_word' id='word_1_552' title='bbox 1744 5278 1847 5349; x_wconf 79' lang='grc' dir='ltr'>τὴν</span> 
     </span>
    </p>
   </div>
   <div class='ocr_carea' id='block_1_81' title="bbox 266 5361 1848 5444">
    <p class='ocr_par' dir='ltr' id='par_1_81' title="bbox 266 5361 1848 5444">
     <span class='ocr_line' id='line_1_81' title="bbox 266 5361 1848 5444; baseline 0.008 -30"><span class='ocrx_word' id='word_1_553' title='bbox 266 5361 615 5433; x_wconf 82' lang='grc' dir='ltr'>παράκλησιν</span> <span class='ocrx_word' id='word_1_554' title='bbox 664 5365 772 5432; x_wconf 78' lang='grc' dir='ltr'><strong>ἔξω</strong></span> <span class='ocrx_word' id='word_1_555' title='bbox 806 5384 868 5419; x_wconf 89' lang='grc' dir='ltr'>τε</span> <span class='ocrx_word' id='word_1_556' title='bbox 911 5368 1007 5421; x_wconf 69' lang='grc' dir='ltr'><strong>καὶ</strong></span> <span class='ocrx_word' id='word_1_557' title='bbox 1036 5369 1295 5442; x_wconf 80' lang='grc' dir='ltr'>παρέξω,</span> <span class='ocrx_word' id='word_1_558' title='bbox 1340 5371 1552 5444; x_wconf 88' lang='grc' dir='ltr'>μυρίων</span> <span class='ocrx_word' id='word_1_559' title='bbox 1609 5373 1848 5427; x_wconf 86' lang='grc' dir='ltr'>ἐπαίνων</span> 
     </span>
    </p>
   </div>
   <div class='ocr_carea' id='block_1_82' title="bbox 265 5451 1846 5535">
    <p class='ocr_par' dir='ltr' id='par_1_82' title="bbox 265 5451 1846 5535">
     <span class='ocr_line' id='line_1_82' title="bbox 265 5451 1846 5535; baseline 0.008 -29"><span class='ocrx_word' id='word_1_560' title='bbox 265 5451 419 5520; x_wconf 81' lang='grc' dir='ltr'>ἀξίου</span> <span class='ocrx_word' id='word_1_561' title='bbox 456 5452 552 5508; x_wconf 82' lang='grc' dir='ltr'>τοῦ</span> <span class='ocrx_word' id='word_1_562' title='bbox 583 5455 725 5510; x_wconf 83' lang='grc' dir='ltr'>κατὰ</span> <span class='ocrx_word' id='word_1_563' title='bbox 763 5458 998 5529; x_wconf 87' lang='grc' dir='ltr'>Χριστὸν</span> <span class='ocrx_word' id='word_1_564' title='bbox 1023 5461 1154 5531; x_wconf 75' lang='grc' dir='ltr'><strong>ὑμῖν</strong></span> <span class='ocrx_word' id='word_1_565' title='bbox 1189 5462 1525 5532; x_wconf 85' lang='grc' dir='ltr'>Εὑαγγελίου</span> <span class='ocrx_word' id='word_1_566' title='bbox 1548 5466 1846 5535; x_wconf 85' lang='grc' dir='ltr'>τυγχάνον-</span> 
     </span>
    </p>
   </div>
   <div class='ocr_carea' id='block_1_83' title="bbox 265 5542 1842 5631">
    <p class='ocr_par' dir='ltr' id='par_1_83' title="bbox 265 5542 1842 5631">
     <span class='ocr_line' id='line_1_83' title="bbox 265 5542 1842 5631; baseline 0.012 -33"><span class='ocrx_word' id='word_1_567' title='bbox 265 5564 379 5612; x_wconf 82' lang='grc' dir='ltr'>τος.</span> <span class='ocrx_word' id='word_1_568' title='bbox 411 5542 564 5604; x_wconf 78' lang='grc' dir='ltr'>Ἴσον</span> <span class='ocrx_word' id='word_1_569' title='bbox 590 5548 646 5602; x_wconf 85' lang='grc' dir='ltr'><strong>δέ</strong></span> <span class='ocrx_word' id='word_1_570' title='bbox 668 5550 788 5605; x_wconf 83' lang='grc' dir='ltr'>ἐστι</span> <span class='ocrx_word' id='word_1_571' title='bbox 809 5551 1009 5623; x_wconf 84' lang='grc' dir='ltr'>τούτῳ,</span> <span class='ocrx_word' id='word_1_572' title='bbox 1045 5555 1127 5615; x_wconf 88' lang='grc' dir='ltr'><strong>τὸ.</strong></span> <span class='ocrx_word' id='word_1_573' title='bbox 1167 5573 1186 5606; x_wconf 79' lang='grc' dir='ltr'><strong>ι</strong></span> <span class='ocrx_word' id='word_1_574' title='bbox 1217 5556 1404 5611; x_wconf 81' lang='grc' dir='ltr'>Τοῦτο</span> <span class='ocrx_word' id='word_1_575' title='bbox 1424 5557 1497 5612; x_wconf 74' lang='grc' dir='ltr'><strong>δέ</strong></span> <span class='ocrx_word' id='word_1_576' title='bbox 1526 5558 1658 5614; x_wconf 80' lang='grc' dir='ltr'>ἐστι</span> <span class='ocrx_word' id='word_1_577' title='bbox 1686 5575 1842 5631; x_wconf 84' lang='grc' dir='ltr'>συμ-</span> 
     </span>
    </p>
   </div>
   <div class='ocr_carea' id='block_1_84' title="bbox 266 5641 1842 5722">
    <p class='ocr_par' dir='ltr' id='par_1_84' title="bbox 266 5641 1842 5722">
     <span class='ocr_line' id='line_1_84' title="bbox 266 5641 1842 5722; baseline 0.008 -27"><span class='ocrx_word' id='word_1_578' title='bbox 266 5641 725 5712; x_wconf 78' lang='grc' dir='ltr'>παρακληθῆναι</span> <span class='ocrx_word' id='word_1_579' title='bbox 783 5645 855 5700; x_wconf 82' lang='grc' dir='ltr'>ἐν</span> <span class='ocrx_word' id='word_1_580' title='bbox 918 5646 1062 5715; x_wconf 84' lang='grc' dir='ltr'><strong>ὑμῖν</strong></span> <span class='ocrx_word' id='word_1_581' title='bbox 1104 5647 1203 5702; x_wconf 82' lang='grc' dir='ltr'>διὰ</span> <span class='ocrx_word' id='word_1_582' title='bbox 1266 5648 1378 5718; x_wconf 72' lang='grc' dir='ltr'>τῆς</span> <span class='ocrx_word' id='word_1_583' title='bbox 1423 5652 1493 5705; x_wconf 89' lang='grc' dir='ltr'>ἐν</span> <span class='ocrx_word' id='word_1_584' title='bbox 1542 5652 1842 5722; x_wconf 74' lang='grc' dir='ltr'>ἀλλήλοις</span> 
     </span>
    </p>
   </div>
   <div class='ocr_carea' id='block_1_85' title="bbox 266 5729 1192 5808">
    <p class='ocr_par' dir='ltr' id='par_1_85' title="bbox 266 5729 1192 5808">
     <span class='ocr_line' id='line_1_85' title="bbox 266 5729 1192 5808; baseline 0.008 -23"><span class='ocrx_word' id='word_1_585' title='bbox 266 5729 531 5799; x_wconf 79' lang='grc' dir='ltr'>πίστεως</span> <span class='ocrx_word' id='word_1_586' title='bbox 562 5733 730 5805; x_wconf 80' lang='grc' dir='ltr'><strong>ὑμῶν</strong></span> <span class='ocrx_word' id='word_1_587' title='bbox 758 5754 822 5791; x_wconf 83' lang='grc' dir='ltr'>τε</span> <span class='ocrx_word' id='word_1_588' title='bbox 851 5736 950 5791; x_wconf 80' lang='grc' dir='ltr'>καὶ</span> <span class='ocrx_word' id='word_1_589' title='bbox 970 5738 1138 5808; x_wconf 82' lang='grc' dir='ltr'>ἐμοῦ.</span> <span class='ocrx_word' id='word_1_590' title='bbox 1173 5759 1192 5792; x_wconf 76' lang='grc' dir='ltr'><strong>ι</strong></span> 
     </span>
    </p>
   </div>
   <div class='ocr_carea' id='block_1_86' title="bbox 336 5909 1379 5988">
    <p class='ocr_par' dir='ltr' id='par_1_86' title="bbox 336 5909 1379 5988">
     <span class='ocr_line' id='line_1_86' title="bbox 336 5909 1379 5988; baseline 0.009 -22"><span class='ocrx_word' id='word_1_591' title='bbox 336 5909 447 5967; x_wconf 75' lang='lat' dir='ltr'><strong>“ll</strong></span> <span class='ocrx_word' id='word_1_592' title='bbox 470 5909 611 5982; x_wconf 86' lang='lat' dir='ltr'><strong>Tim,</strong></span> <span class='ocrx_word' id='word_1_593' title='bbox 646 5930 685 5983; x_wconf 86' lang='grc' dir='ltr'><strong>ι,</strong></span> <span class='ocrx_word' id='word_1_594' title='bbox 718 5915 804 5972; x_wconf 75' lang='grc'><strong>18.</strong></span> <span class='ocrx_word' id='word_1_595' title='bbox 879 5916 923 5949; x_wconf 83' lang='grc'><strong>³¹</strong></span> <span class='ocrx_word' id='word_1_596' title='bbox 948 5916 1093 5975; x_wconf 89' lang='lat' dir='ltr'><strong>Psal.</strong></span> <span class='ocrx_word' id='word_1_597' title='bbox 1131 5935 1294 5988; x_wconf 88' lang='lat' dir='ltr'><strong>xxxv,</strong></span> <span class='ocrx_word' id='word_1_598' title='bbox 1328 5920 1379 5975; x_wconf 92' lang='lat'><strong>7.</strong></span> 
     </span>
    </p>
   </div>
   <div class='ocr_carea' id='block_1_87' title="bbox 1943 3206 3525 3280">
    <p class='ocr_par' dir='ltr' id='par_1_87' title="bbox 1943 3206 3525 3280">
     <span class='ocr_line' id='line_1_87' title="bbox 1943 3206 3525 3280; baseline -0.003 -16"><span class='ocrx_word' id='word_1_599' title='bbox 1943 3211 2115 3266; x_wconf 89' lang='lat' dir='ltr'><strong>altero</strong></span> <span class='ocrx_word' id='word_1_600' title='bbox 2138 3210 2248 3265; x_wconf 92' lang='lat' dir='ltr'><strong>Deo</strong></span> <span class='ocrx_word' id='word_1_601' title='bbox 2272 3210 2588 3280; x_wconf 77' lang='lat' dir='ltr'><strong>signiﬁcans</strong></span> <span class='ocrx_word' id='word_1_602' title='bbox 2638 3209 2915 3265; x_wconf 89' lang='lat' dir='ltr'><strong>multoties</strong></span> <span class='ocrx_word' id='word_1_603' title='bbox 2959 3208 3117 3274; x_wconf 86' lang='lat' dir='ltr'><strong>dixit,</strong></span> <span class='ocrx_word' id='word_1_604' title='bbox 3148 3208 3242 3263; x_wconf 89' lang='lat' dir='ltr'><strong>sed</strong></span> <span class='ocrx_word' id='word_1_605' title='bbox 3289 3206 3525 3261; x_wconf 81' lang='lat' dir='ltr'><strong>secunda</strong></span> 
     </span>
    </p>
   </div>
   <div class='ocr_carea' id='block_1_88' title="bbox 1942 3298 3524 3372">
    <p class='ocr_par' dir='ltr' id='par_1_88' title="bbox 1942 3298 3524 3372">
     <span class='ocr_line' id='line_1_88' title="bbox 1942 3298 3524 3372; baseline -0.003 -17"><span class='ocrx_word' id='word_1_606' title='bbox 1942 3302 2062 3357; x_wconf 88' lang='lat' dir='ltr'><strong>vice</strong></span> <span class='ocrx_word' id='word_1_607' title='bbox 2089 3301 2207 3356; x_wconf 89' lang='lat' dir='ltr'><strong>loco</strong></span> <span class='ocrx_word' id='word_1_608' title='bbox 2238 3301 2579 3372; x_wconf 90' lang='lat' dir='ltr'><strong>pronominis</strong></span> <span class='ocrx_word' id='word_1_609' title='bbox 2630 3301 2774 3356; x_wconf 90' lang='lat' dir='ltr'><strong>idem</strong></span> <span class='ocrx_word' id='word_1_610' title='bbox 2818 3315 3016 3355; x_wconf 89' lang='lat' dir='ltr'><strong>nomen</strong></span> <span class='ocrx_word' id='word_1_611' title='bbox 3063 3300 3260 3353; x_wconf 90' lang='lat' dir='ltr'><strong>iterum</strong></span> <span class='ocrx_word' id='word_1_612' title='bbox 3324 3298 3524 3368; x_wconf 90' lang='lat' dir='ltr'><strong>posuit.</strong></span> 
     </span>
    </p>
   </div>
   <div class='ocr_carea' id='block_1_89' title="bbox 1942 3392 3529 3462">
    <p class='ocr_par' dir='ltr' id='par_1_89' title="bbox 1942 3392 3529 3462">
     <span class='ocr_line' id='line_1_89' title="bbox 1942 3392 3529 3462; baseline -0.003 -15"><span class='ocrx_word' id='word_1_613' title='bbox 1942 3392 2157 3447; x_wconf 89' lang='lat' dir='ltr'><strong>Clarius</strong></span> <span class='ocrx_word' id='word_1_614' title='bbox 2187 3393 2269 3448; x_wconf 88' lang='lat' dir='ltr'><strong>sic</strong></span> <span class='ocrx_word' id='word_1_615' title='bbox 2291 3393 2558 3450; x_wconf 83' lang='lat' dir='ltr'><strong>dixisset:</strong></span> <span class='ocrx_word' id='word_1_616' title='bbox 2589 3394 2685 3448; x_wconf 89' lang='lat' dir='ltr'><strong>Det</strong></span> <span class='ocrx_word' id='word_1_617' title='bbox 2710 3394 2866 3448; x_wconf 90' lang='lat' dir='ltr'><strong>vobis</strong></span> <span class='ocrx_word' id='word_1_618' title='bbox 2899 3394 3043 3447; x_wconf 91' lang='lat' dir='ltr'><strong>Deus</strong></span> <span class='ocrx_word' id='word_1_619' title='bbox 3074 3392 3308 3462; x_wconf 91' lang='lat' dir='ltr'><strong>idipsum</strong></span> <span class='ocrx_word' id='word_1_620' title='bbox 3336 3405 3529 3459; x_wconf 82' lang='lat' dir='ltr'><strong>sapere</strong></span> 
     </span>
    </p>
   </div>
   <div class='ocr_carea' id='block_1_90' title="bbox 1944 3480 3526 3541">
    <p class='ocr_par' dir='ltr' id='par_1_90' title="bbox 1944 3480 3526 3541">
     <span class='ocr_line' id='line_1_90' title="bbox 1944 3480 3526 3541; baseline -0.003 -2"><span class='ocrx_word' id='word_1_621' title='bbox 1944 3494 2003 3539; x_wconf 93' lang='lat' dir='ltr'><strong>ut</strong></span> <span class='ocrx_word' id='word_1_622' title='bbox 2030 3480 2317 3540; x_wconf 79' lang='lat' dir='ltr'><strong>unanimes</strong></span> <span class='ocrx_word' id='word_1_623' title='bbox 2366 3499 2464 3539; x_wconf 85' lang='lat' dir='ltr'><strong>ore</strong></span> <span class='ocrx_word' id='word_1_624' title='bbox 2514 3484 2892 3541; x_wconf 81' lang='lat' dir='ltr'><strong>honoriﬁcetis</strong></span> <span class='ocrx_word' id='word_1_625' title='bbox 2943 3500 3089 3540; x_wconf 90' lang='lat' dir='ltr'><strong>eum.</strong></span> <span class='ocrx_word' id='word_1_626' title='bbox 3143 3482 3298 3539; x_wconf 89' lang='lat' dir='ltr'><strong>Nunc</strong></span> <span class='ocrx_word' id='word_1_627' title='bbox 3344 3492 3526 3538; x_wconf 89' lang='lat' dir='ltr'><strong>autem</strong></span> 
     </span>
    </p>
   </div>
   <div class='ocr_carea' id='block_1_91' title="bbox 1943 3575 3529 3649">
    <p class='ocr_par' dir='ltr' id='par_1_91' title="bbox 1943 3575 3529 3649">
     <span class='ocr_line' id='line_1_91' title="bbox 1943 3575 3529 3649; baseline -0.001 -16"><span class='ocrx_word' id='word_1_628' title='bbox 1943 3592 2064 3649; x_wconf 92' lang='lat' dir='ltr'><strong>pro,</strong></span> <span class='ocrx_word' id='word_1_629' title='bbox 2093 3593 2241 3644; x_wconf 91' lang='lat' dir='ltr'><strong>eum,</strong></span> <span class='ocrx_word' id='word_1_630' title='bbox 2268 3577 2449 3648; x_wconf 88' lang='lat' dir='ltr'><strong>posuit</strong></span> <span class='ocrx_word' id='word_1_631' title='bbox 2476 3576 2669 3643; x_wconf 88' lang='lat' dir='ltr'><strong>Deum,</strong></span> <span class='ocrx_word' id='word_1_632' title='bbox 2699 3575 2856 3646; x_wconf 80' lang='lat' dir='ltr'><strong>juxta</strong></span> <span class='ocrx_word' id='word_1_633' title='bbox 2889 3577 3150 3646; x_wconf 72' lang='lat' dir='ltr'><strong>Sriptura:</strong></span> <span class='ocrx_word' id='word_1_634' title='bbox 3179 3576 3529 3631; x_wconf 88' lang='lat' dir='ltr'><strong>consuetudi-</strong></span> 
     </span>
    </p>
   </div>
   <div class='ocr_carea' id='block_1_92' title="bbox 1946 3668 3526 3744">
    <p class='ocr_par' dir='ltr' id='par_1_92' title="bbox 1946 3668 3526 3744">
     <span class='ocr_line' id='line_1_92' title="bbox 1946 3668 3526 3744; baseline -0.004 -15"><span class='ocrx_word' id='word_1_635' title='bbox 1946 3688 2089 3739; x_wconf 89' lang='lat' dir='ltr'><strong>nem,</strong></span> <span class='ocrx_word' id='word_1_636' title='bbox 2113 3671 2590 3744; x_wconf 82' lang='lat' dir='ltr'><strong>quemadmodum,</strong></span> <span class='ocrx_word' id='word_1_637' title='bbox 2613 3668 2766 3724; x_wconf 88' lang='lat' dir='ltr'><strong>Pluit</strong></span> <span class='ocrx_word' id='word_1_638' title='bbox 2799 3670 3058 3725; x_wconf 79' lang='lat' dir='ltr'><strong>Dominus</strong></span> <span class='ocrx_word' id='word_1_639' title='bbox 3082 3686 3115 3723; x_wconf 90' lang='lat' dir='ltr'><strong>a</strong></span> <span class='ocrx_word' id='word_1_640' title='bbox 3140 3668 3385 3732; x_wconf 88' lang='lat' dir='ltr'><strong>Domino,</strong></span> <span class='ocrx_word' id='word_1_641' title='bbox 3406 3684 3526 3737; x_wconf 89' lang='lat' dir='ltr'><strong>pro,</strong></span> 
     </span>
    </p>
   </div>
   <div class='ocr_carea' id='block_1_93' title="bbox 1945 3762 3529 3833">
    <p class='ocr_par' dir='ltr' id='par_1_93' title="bbox 1945 3762 3529 3833">
     <span class='ocr_line' id='line_1_93' title="bbox 1945 3762 3529 3833; baseline -0.004 -15"><span class='ocrx_word' id='word_1_642' title='bbox 1945 3779 1977 3818; x_wconf 89' lang='lat' dir='ltr'><strong>a</strong></span> <span class='ocrx_word' id='word_1_643' title='bbox 2008 3764 2332 3833; x_wconf 86' lang='lat' dir='ltr'><strong>semetipso;</strong></span> <span class='ocrx_word' id='word_1_644' title='bbox 2358 3772 2435 3831; x_wconf 89' lang='lat' dir='ltr'><strong>et,</strong></span> <span class='ocrx_word' id='word_1_645' title='bbox 2466 3762 2565 3818; x_wconf 81' lang='lat' dir='ltr'><strong>Det</strong></span> <span class='ocrx_word' id='word_1_646' title='bbox 2594 3763 2677 3816; x_wconf 87' lang='lat' dir='ltr'><strong>illi</strong></span> <span class='ocrx_word' id='word_1_647' title='bbox 2698 3763 2958 3817; x_wconf 88' lang='lat' dir='ltr'><strong>Dominus</strong></span> <span class='ocrx_word' id='word_1_648' title='bbox 2979 3762 3208 3818; x_wconf 82' lang='lat' dir='ltr'><strong>invenire</strong></span> <span class='ocrx_word' id='word_1_649' title='bbox 3231 3762 3529 3817; x_wconf 86' lang='lat' dir='ltr'><strong>misericor-</strong></span> 
     </span>
    </p>
   </div>
   <div class='ocr_carea' id='block_1_94' title="bbox 1944 3854 3528 3927">
    <p class='ocr_par' dir='ltr' id='par_1_94' title="bbox 1944 3854 3528 3927">
     <span class='ocr_line' id='line_1_94' title="bbox 1944 3854 3528 3927; baseline -0.002 -17"><span class='ocrx_word' id='word_1_650' title='bbox 1944 3857 2091 3910; x_wconf 82' lang='lat' dir='ltr'><strong>diam</strong></span> <span class='ocrx_word' id='word_1_651' title='bbox 2113 3856 2254 3927; x_wconf 83' lang='lat' dir='ltr'><strong>apud</strong></span> <span class='ocrx_word' id='word_1_652' title='bbox 2276 3855 2561 3910; x_wconf 88' lang='lat' dir='ltr'><strong>Dominum</strong></span> <span class='ocrx_word' id='word_1_653' title='bbox 2579 3856 2647 3923; x_wconf 79' lang='grc' dir='ltr'><strong>³ο,</strong></span> <span class='ocrx_word' id='word_1_654' title='bbox 2675 3865 2749 3922; x_wconf 91' lang='lat' dir='ltr'><strong>et,</strong></span> <span class='ocrx_word' id='word_1_655' title='bbox 2775 3854 3007 3910; x_wconf 71' lang='lat' dir='ltr'><strong>Iustitia</strong></span> <span class='ocrx_word' id='word_1_656' title='bbox 3030 3864 3125 3909; x_wconf 85' lang='lat' dir='ltr'><strong>tua</strong></span> <span class='ocrx_word' id='word_1_657' title='bbox 3162 3855 3299 3910; x_wconf 84' lang='lat' dir='ltr'><strong>sicut</strong></span> <span class='ocrx_word' id='word_1_658' title='bbox 3328 3863 3528 3908; x_wconf 82' lang='lat' dir='ltr'><strong>montes</strong></span> 
     </span>
    </p>
   </div>
   <div class='ocr_carea' id='block_1_95' title="bbox 1963 3947 2907 4023">
    <p class='ocr_par' dir='ltr' id='par_1_95' title="bbox 1963 3947 2907 4023">
     <span class='ocr_line' id='line_1_95' title="bbox 1963 3947 2907 4023; baseline -0.001 -17"><span class='ocrx_word' id='word_1_659' title='bbox 1963 3950 2059 4006; x_wconf 84' lang='lat' dir='ltr'><strong>Dei</strong></span> <span class='ocrx_word' id='word_1_660' title='bbox 2081 3951 2151 4018; x_wconf 81' lang='grc'><strong>³¹,</strong></span> <span class='ocrx_word' id='word_1_661' title='bbox 2173 3958 2230 4007; x_wconf 86' lang='lat' dir='ltr'><strong>et</strong></span> <span class='ocrx_word' id='word_1_662' title='bbox 2258 3949 2367 4007; x_wconf 88' lang='lat' dir='ltr'><strong>alia</strong></span> <span class='ocrx_word' id='word_1_663' title='bbox 2392 3950 2548 4023; x_wconf 88' lang='lat' dir='ltr'><strong>plura</strong></span> <span class='ocrx_word' id='word_1_664' title='bbox 2573 3947 2907 4021; x_wconf 76' lang='lat' dir='ltr'><strong>huiusmodi.</strong></span> 
     </span>
    </p>
   </div>
   <div class='ocr_carea' id='block_1_96' title="bbox 2015 4240 3527 4314">
    <p class='ocr_par' dir='ltr' id='par_1_96' title="bbox 2015 4240 3527 4314">
     <span class='ocr_line' id='line_1_96' title="bbox 2015 4240 3527 4314; baseline -0.004 -13"><span class='ocrx_word' id='word_1_665' title='bbox 2015 4244 2180 4301; x_wconf 70' lang='lat' dir='ltr'><strong>Vens.</strong></span> <span class='ocrx_word' id='word_1_666' title='bbox 2215 4241 2308 4298; x_wconf 68' lang='grc'><strong>24.</strong></span> <span class='ocrx_word' id='word_1_667' title='bbox 2361 4261 2382 4297; x_wconf 71' lang='grc' dir='ltr'><strong>ι</strong></span> <span class='ocrx_word' id='word_1_668' title='bbox 2421 4242 2593 4314; x_wconf 90' lang='lat' dir='ltr'><strong>Spero</strong></span> <span class='ocrx_word' id='word_1_669' title='bbox 2630 4240 2774 4313; x_wconf 89' lang='lat' dir='ltr'><strong>quod</strong></span> <span class='ocrx_word' id='word_1_670' title='bbox 2808 4241 3127 4313; x_wconf 68' lang='lat' dir='ltr'><strong>praeteriens</strong></span> <span class='ocrx_word' id='word_1_671' title='bbox 3159 4240 3367 4297; x_wconf 88' lang='lat' dir='ltr'><strong>videam</strong></span> <span class='ocrx_word' id='word_1_672' title='bbox 3410 4255 3527 4307; x_wconf 89' lang='lat' dir='ltr'><strong>vos,</strong></span> 
     </span>
    </p>
   </div>
   <div class='ocr_carea' id='block_1_97' title="bbox 1945 4334 3528 4405">
    <p class='ocr_par' dir='ltr' id='par_1_97' title="bbox 1945 4334 3528 4405">
     <span class='ocr_line' id='line_1_97' title="bbox 1945 4334 3528 4405; baseline -0.003 -12"><span class='ocrx_word' id='word_1_673' title='bbox 1945 4347 1999 4393; x_wconf 89' lang='lat' dir='ltr'><strong>et</strong></span> <span class='ocrx_word' id='word_1_674' title='bbox 2028 4352 2059 4393; x_wconf 90' lang='lat' dir='ltr'><strong>a</strong></span> <span class='ocrx_word' id='word_1_675' title='bbox 2096 4336 2250 4393; x_wconf 88' lang='lat' dir='ltr'><strong>vobis</strong></span> <span class='ocrx_word' id='word_1_676' title='bbox 2278 4336 2515 4392; x_wconf 88' lang='lat' dir='ltr'><strong>deducar</strong></span> <span class='ocrx_word' id='word_1_677' title='bbox 2547 4334 2694 4399; x_wconf 91' lang='lat' dir='ltr'><strong>illuc,</strong></span> <span class='ocrx_word' id='word_1_678' title='bbox 2725 4335 2771 4390; x_wconf 90' lang='lat' dir='ltr'><strong>si</strong></span> <span class='ocrx_word' id='word_1_679' title='bbox 2795 4335 2945 4390; x_wconf 88' lang='lat' dir='ltr'><strong>vobis</strong></span> <span class='ocrx_word' id='word_1_680' title='bbox 2976 4335 3208 4405; x_wconf 89' lang='lat' dir='ltr'><strong>primum</strong></span> <span class='ocrx_word' id='word_1_681' title='bbox 3255 4349 3323 4388; x_wconf 76' lang='lat' dir='ltr'><strong>ex</strong></span> <span class='ocrx_word' id='word_1_682' title='bbox 3373 4344 3528 4403; x_wconf 91' lang='lat' dir='ltr'><strong>parte</strong></span> 
     </span>
    </p>
   </div>
   <div class='ocr_carea' id='block_1_98' title="bbox 1948 4430 2396 4486">
    <p class='ocr_par' dir='ltr' id='par_1_98' title="bbox 1948 4430 2396 4486">
     <span class='ocr_line' id='line_1_98' title="bbox 1948 4430 2396 4486; baseline 0 -3"><span class='ocrx_word' id='word_1_683' title='bbox 1948 4430 2142 4485; x_wconf 80' lang='lat' dir='ltr'><strong>fruitus</strong></span> <span class='ocrx_word' id='word_1_684' title='bbox 2172 4430 2346 4486; x_wconf 80' lang='lat' dir='ltr'><strong>fuero.</strong></span> <span class='ocrx_word' id='word_1_685' title='bbox 2376 4449 2396 4483; x_wconf 71' lang='grc' dir='ltr'><strong>ι</strong></span> 
     </span>
    </p>
   </div>
   <div class='ocr_carea' id='block_1_99' title="bbox 2016 4517 3529 4594">
    <p class='ocr_par' dir='ltr' id='par_1_99' title="bbox 2016 4517 3529 4594">
     <span class='ocr_line' id='line_1_99' title="bbox 2016 4517 3529 4594; baseline -0.003 -17"><span class='ocrx_word' id='word_1_686' title='bbox 2016 4522 2127 4577; x_wconf 79' lang='lat' dir='ltr'><strong>Hoc</strong></span> <span class='ocrx_word' id='word_1_687' title='bbox 2160 4540 2223 4577; x_wconf 72' lang='lat' dir='ltr'><strong>ex</strong></span> <span class='ocrx_word' id='word_1_688' title='bbox 2255 4536 2402 4592; x_wconf 86' lang='lat' dir='ltr'><strong>parte</strong></span> <span class='ocrx_word' id='word_1_689' title='bbox 2439 4523 2636 4594; x_wconf 78' lang='lat' dir='ltr'><strong>[‘ruitus</strong></span> <span class='ocrx_word' id='word_1_690' title='bbox 2690 4522 2861 4588; x_wconf 79' lang='lat' dir='ltr'><strong>fuero,</strong></span> <span class='ocrx_word' id='word_1_691' title='bbox 2913 4535 3011 4589; x_wconf 91' lang='lat' dir='ltr'><strong>pro</strong></span> <span class='ocrx_word' id='word_1_692' title='bbox 3050 4519 3353 4589; x_wconf 86' lang='lat' dir='ltr'><strong>receptiouc</strong></span> <span class='ocrx_word' id='word_1_693' title='bbox 3395 4517 3529 4572; x_wconf 78' lang='lat' dir='ltr'><strong>frui-</strong></span> 
     </span>
    </p>
   </div>
   <div class='ocr_carea' id='block_1_100' title="bbox 1947 4609 3530 4683">
    <p class='ocr_par' dir='ltr' id='par_1_100' title="bbox 1947 4609 3530 4683">
     <span class='ocr_line' id='line_1_100' title="bbox 1947 4609 3530 4683; baseline -0.004 -12"><span class='ocrx_word' id='word_1_694' title='bbox 1947 4626 2034 4671; x_wconf 88' lang='lat' dir='ltr'><strong>tus</strong></span> <span class='ocrx_word' id='word_1_695' title='bbox 2059 4614 2233 4671; x_wconf 77' lang='lat' dir='ltr'><strong>fuero.</strong></span> <span class='ocrx_word' id='word_1_696' title='bbox 2284 4614 2373 4670; x_wconf 80' lang='lat' dir='ltr'><strong>Vel</strong></span> <span class='ocrx_word' id='word_1_697' title='bbox 2408 4615 2533 4669; x_wconf 87' lang='lat' dir='ltr'><strong>illud</strong></span> <span class='ocrx_word' id='word_1_698' title='bbox 2569 4614 2705 4668; x_wconf 78' lang='lat' dir='ltr'><strong>dixit</strong></span> <span class='ocrx_word' id='word_1_699' title='bbox 2734 4613 2826 4683; x_wconf 93' lang='lat' dir='ltr'><strong>qui</strong></span> <span class='ocrx_word' id='word_1_700' title='bbox 2869 4612 3064 4667; x_wconf 88' lang='lat' dir='ltr'><strong>iterum</strong></span> <span class='ocrx_word' id='word_1_701' title='bbox 3110 4611 3176 4664; x_wconf 88' lang='lat' dir='ltr'><strong>ad</strong></span> <span class='ocrx_word' id='word_1_702' title='bbox 3206 4609 3327 4665; x_wconf 87' lang='lat' dir='ltr'><strong>illos</strong></span> <span class='ocrx_word' id='word_1_703' title='bbox 3359 4610 3530 4665; x_wconf 85' lang='lat' dir='ltr'><strong>iturus</strong></span> 
     </span>
    </p>
   </div>
   <div class='ocr_carea' id='block_1_101' title="bbox 1943 4704 3531 4779">
    <p class='ocr_par' dir='ltr' id='par_1_101' title="bbox 1943 4704 3531 4779">
     <span class='ocr_line' id='line_1_101' title="bbox 1943 4704 3531 4779; baseline -0.003 -16"><span class='ocrx_word' id='word_1_704' title='bbox 1943 4717 2096 4775; x_wconf 91' lang='lat' dir='ltr'><strong>erat,</strong></span> <span class='ocrx_word' id='word_1_705' title='bbox 2153 4709 2424 4779; x_wconf 89' lang='lat' dir='ltr'><strong>siquidem</strong></span> <span class='ocrx_word' id='word_1_706' title='bbox 2496 4724 2602 4763; x_wconf 87' lang='lat' dir='ltr'><strong>nou</strong></span> <span class='ocrx_word' id='word_1_707' title='bbox 2665 4707 2831 4763; x_wconf 88' lang='lat' dir='ltr'><strong>semel</strong></span> <span class='ocrx_word' id='word_1_708' title='bbox 2894 4706 2992 4761; x_wconf 89' lang='lat' dir='ltr'><strong>ivit</strong></span> <span class='ocrx_word' id='word_1_709' title='bbox 3049 4704 3278 4759; x_wconf 79' lang='lat' dir='ltr'><strong>Romam</strong></span> <span class='ocrx_word' id='word_1_710' title='bbox 3343 4704 3531 4759; x_wconf 83' lang='lat' dir='ltr'><strong>beatus</strong></span> 
     </span>
    </p>
   </div>
   <div class='ocr_carea' id='block_1_102' title="bbox 1942 4798 2163 4856">
    <p class='ocr_par' dir='ltr' id='par_1_102' title="bbox 1942 4798 2163 4856">
     <span class='ocr_line' id='line_1_102' title="bbox 1942 4798 2163 4856; baseline -0.014 0"><span class='ocrx_word' id='word_1_711' title='bbox 1942 4798 2163 4856; x_wconf 88' lang='lat' dir='ltr'><strong>Paulus.</strong></span> 
     </span>
    </p>
   </div>
   <div class='ocr_carea' id='block_1_103' title="bbox 2018 4913 3531 4996">
    <p class='ocr_par' dir='ltr' id='par_1_103' title="bbox 2018 4913 3531 4996">
     <span class='ocr_line' id='line_1_103' title="bbox 2018 4913 3531 4996; baseline -0.005 -24"><span class='ocrx_word' id='word_1_712' title='bbox 2018 4916 2178 4974; x_wconf 76' lang='lat' dir='ltr'><strong>Vens.</strong></span> <span class='ocrx_word' id='word_1_713' title='bbox 2209 4916 2300 4973; x_wconf 71' lang='lat'><strong>29.</strong></span> <span class='ocrx_word' id='word_1_714' title='bbox 2341 4935 2359 4969; x_wconf 78' lang='grc' dir='ltr'><strong>ι</strong></span> <span class='ocrx_word' id='word_1_715' title='bbox 2398 4915 2524 4971; x_wconf 90' lang='lat' dir='ltr'><strong>Scio</strong></span> <span class='ocrx_word' id='word_1_716' title='bbox 2551 4924 2731 4971; x_wconf 87' lang='lat' dir='ltr'><strong>autem</strong></span> <span class='ocrx_word' id='word_1_717' title='bbox 2763 4914 3020 4984; x_wconf 88' lang='lat' dir='ltr'><strong>quoniam</strong></span> <span class='ocrx_word' id='word_1_718' title='bbox 3048 4914 3275 4968; x_wconf 92' lang='lat' dir='ltr'><strong>veniens</strong></span> <span class='ocrx_word' id='word_1_719' title='bbox 3300 4913 3367 4967; x_wconf 90' lang='lat' dir='ltr'><strong>ad</strong></span> <span class='ocrx_word' id='word_1_720' title='bbox 3416 4926 3531 4996; x_wconf 62' lang='lat' dir='ltr'><strong>vos,</strong></span> 
     </span>
    </p>
   </div>
   <div class='ocr_carea' id='block_1_104' title="bbox 1942 5004 3535 5077">
    <p class='ocr_par' dir='ltr' id='par_1_104' title="bbox 1942 5004 3535 5077">
     <span class='ocr_line' id='line_1_104' title="bbox 1942 5004 3535 5077; baseline -0.002 -14"><span class='ocrx_word' id='word_1_721' title='bbox 1942 5007 1999 5064; x_wconf 88' lang='lat' dir='ltr'><strong>in</strong></span> <span class='ocrx_word' id='word_1_722' title='bbox 2052 5009 2383 5066; x_wconf 88' lang='lat' dir='ltr'><strong>abundantia</strong></span> <span class='ocrx_word' id='word_1_723' title='bbox 2432 5008 2827 5066; x_wconf 88' lang='lat' dir='ltr'><strong>benedictionis</strong></span> <span class='ocrx_word' id='word_1_724' title='bbox 2877 5006 3152 5077; x_wconf 79' lang='lat' dir='ltr'><strong>Evangelii</strong></span> <span class='ocrx_word' id='word_1_725' title='bbox 3188 5004 3395 5061; x_wconf 89' lang='lat' dir='ltr'><strong>Christi</strong></span> <span class='ocrx_word' id='word_1_726' title='bbox 3440 5019 3535 5069; x_wconf 78' lang='lat' dir='ltr'><strong>ve.</strong></span> 
     </span>
    </p>
   </div>
   <div class='ocr_carea' id='block_1_105' title="bbox 1945 5102 2174 5161">
    <p class='ocr_par' dir='ltr' id='par_1_105' title="bbox 1945 5102 2174 5161">
     <span class='ocr_line' id='line_1_105' title="bbox 1945 5102 2174 5161; baseline -0.013 0"><span class='ocrx_word' id='word_1_727' title='bbox 1945 5102 2115 5161; x_wconf 88' lang='lat' dir='ltr'><strong>niam.</strong></span> <span class='ocrx_word' id='word_1_728' title='bbox 2155 5124 2174 5158; x_wconf 75' lang='grc' dir='ltr'><strong>ι</strong></span> 
     </span>
    </p>
   </div>
   <div class='ocr_carea' id='block_1_106' title="bbox 2027 5190 3532 5267">
    <p class='ocr_par' dir='ltr' id='par_1_106' title="bbox 2027 5190 3532 5267">
     <span class='ocr_line' id='line_1_106' title="bbox 2027 5190 3532 5267; baseline -0.005 -16"><span class='ocrx_word' id='word_1_729' title='bbox 2027 5196 2174 5263; x_wconf 85' lang='lat' dir='ltr'><strong>Scio,</strong></span> <span class='ocrx_word' id='word_1_730' title='bbox 2230 5195 2426 5267; x_wconf 85' lang='lat' dir='ltr'><strong>inquit,</strong></span> <span class='ocrx_word' id='word_1_731' title='bbox 2472 5194 2727 5265; x_wconf 90' lang='lat' dir='ltr'><strong>quoniam</strong></span> <span class='ocrx_word' id='word_1_732' title='bbox 2778 5192 3003 5248; x_wconf 85' lang='lat' dir='ltr'><strong>veniens</strong></span> <span class='ocrx_word' id='word_1_733' title='bbox 3055 5192 3121 5246; x_wconf 89' lang='lat' dir='ltr'><strong>ad</strong></span> <span class='ocrx_word' id='word_1_734' title='bbox 3166 5205 3261 5245; x_wconf 88' lang='lat' dir='ltr'><strong>vos</strong></span> <span class='ocrx_word' id='word_1_735' title='bbox 3310 5190 3532 5245; x_wconf 85' lang='lat' dir='ltr'><strong>multam</strong></span> 
     </span>
    </p>
   </div>
   <div class='ocr_carea' id='block_1_107' title="bbox 1953 5282 3533 5357">
    <p class='ocr_par' dir='ltr' id='par_1_107' title="bbox 1953 5282 3533 5357">
     <span class='ocr_line' id='line_1_107' title="bbox 1953 5282 3533 5357; baseline -0.008 -10"><span class='ocrx_word' id='word_1_736' title='bbox 1953 5291 2009 5347; x_wconf 93' lang='lat' dir='ltr'><strong>in</strong></span> <span class='ocrx_word' id='word_1_737' title='bbox 2036 5289 2192 5345; x_wconf 91' lang='lat' dir='ltr'><strong>vobis</strong></span> <span class='ocrx_word' id='word_1_738' title='bbox 2219 5286 2492 5357; x_wconf 80' lang='lat' dir='ltr'><strong>Evangelii</strong></span> <span class='ocrx_word' id='word_1_739' title='bbox 2522 5285 2725 5341; x_wconf 89' lang='lat' dir='ltr'><strong>Christi</strong></span> <span class='ocrx_word' id='word_1_740' title='bbox 2768 5284 3194 5340; x_wconf 84' lang='lat' dir='ltr'><strong>consolationem</strong></span> <span class='ocrx_word' id='word_1_741' title='bbox 3237 5282 3450 5337; x_wconf 89' lang='lat' dir='ltr'><strong>habebo</strong></span> <span class='ocrx_word' id='word_1_742' title='bbox 3478 5290 3533 5336; x_wconf 88' lang='lat' dir='ltr'><strong>et</strong></span> 
     </span>
    </p>
   </div>
   <div class='ocr_carea' id='block_1_108' title="bbox 1949 5374 3531 5454">
    <p class='ocr_par' dir='ltr' id='par_1_108' title="bbox 1949 5374 3531 5454">
     <span class='ocr_line' id='line_1_108' title="bbox 1949 5374 3531 5454; baseline -0.006 -19"><span class='ocrx_word' id='word_1_743' title='bbox 1949 5382 2226 5454; x_wconf 69' lang='lat' dir='ltr'><strong>praebebo.</strong></span> <span class='ocrx_word' id='word_1_744' title='bbox 2258 5379 2400 5433; x_wconf 87' lang='lat' dir='ltr'><strong>Mille</strong></span> <span class='ocrx_word' id='word_1_745' title='bbox 2432 5377 2679 5433; x_wconf 90' lang='lat' dir='ltr'><strong>laudibus</strong></span> <span class='ocrx_word' id='word_1_746' title='bbox 2712 5378 2852 5447; x_wconf 89' lang='lat' dir='ltr'><strong>apud</strong></span> <span class='ocrx_word' id='word_1_747' title='bbox 2881 5391 2976 5430; x_wconf 92' lang='lat' dir='ltr'><strong>vos</strong></span> <span class='ocrx_word' id='word_1_748' title='bbox 3000 5376 3215 5446; x_wconf 84' lang='lat' dir='ltr'><strong>dignum</strong></span> <span class='ocrx_word' id='word_1_749' title='bbox 3248 5383 3332 5430; x_wconf 89' lang='lat' dir='ltr'><strong>est</strong></span> <span class='ocrx_word' id='word_1_750' title='bbox 3353 5374 3531 5428; x_wconf 88' lang='lat' dir='ltr'><strong>Evan-</strong></span> 
     </span>
    </p>
   </div>
   <div class='ocr_carea' id='block_1_109' title="bbox 1946 5465 3533 5546">
    <p class='ocr_par' dir='ltr' id='par_1_109' title="bbox 1946 5465 3533 5546">
     <span class='ocr_line' id='line_1_109' title="bbox 1946 5465 3533 5546; baseline -0.005 -19"><span class='ocrx_word' id='word_1_751' title='bbox 1946 5473 2144 5546; x_wconf 78' lang='lat' dir='ltr'><strong>gelium</strong></span> <span class='ocrx_word' id='word_1_752' title='bbox 2184 5471 2408 5527; x_wconf 89' lang='lat' dir='ltr'><strong>Christi.</strong></span> <span class='ocrx_word' id='word_1_753' title='bbox 2464 5469 2599 5525; x_wconf 85' lang='lat' dir='ltr'><strong>Huic</strong></span> <span class='ocrx_word' id='word_1_754' title='bbox 2643 5469 2819 5524; x_wconf 89' lang='lat' dir='ltr'><strong>simile</strong></span> <span class='ocrx_word' id='word_1_755' title='bbox 2857 5468 3000 5539; x_wconf 89' lang='lat' dir='ltr'><strong>quod</strong></span> <span class='ocrx_word' id='word_1_756' title='bbox 3054 5478 3109 5523; x_wconf 93' lang='lat' dir='ltr'><strong>et</strong></span> <span class='ocrx_word' id='word_1_757' title='bbox 3155 5471 3207 5522; x_wconf 91' lang='lat' dir='ltr'><strong>in</strong></span> <span class='ocrx_word' id='word_1_758' title='bbox 3259 5467 3367 5521; x_wconf 90' lang='lat' dir='ltr'><strong>alio</strong></span> <span class='ocrx_word' id='word_1_759' title='bbox 3414 5465 3533 5519; x_wconf 88' lang='lat' dir='ltr'><strong>loco</strong></span> 
     </span>
    </p>
   </div>
   <div class='ocr_carea' id='block_1_110' title="bbox 1948 5556 3531 5629">
    <p class='ocr_par' dir='ltr' id='par_1_110' title="bbox 1948 5556 3531 5629">
     <span class='ocr_line' id='line_1_110' title="bbox 1948 5556 3531 5629; baseline -0.008 -10"><span class='ocrx_word' id='word_1_760' title='bbox 1948 5564 2139 5620; x_wconf 85' lang='lat' dir='ltr'><strong>dicit:</strong></span> <span class='ocrx_word' id='word_1_761' title='bbox 2199 5562 2314 5617; x_wconf 85' lang='lat' dir='ltr'><strong>Hoc</strong></span> <span class='ocrx_word' id='word_1_762' title='bbox 2366 5570 2443 5617; x_wconf 83' lang='lat' dir='ltr'><strong>est</strong></span> <span class='ocrx_word' id='word_1_763' title='bbox 2509 5576 2834 5615; x_wconf 86' lang='lat' dir='ltr'><strong>communem</strong></span> <span class='ocrx_word' id='word_1_764' title='bbox 2890 5559 3149 5629; x_wconf 84' lang='lat' dir='ltr'><strong>percipere</strong></span> <span class='ocrx_word' id='word_1_765' title='bbox 3208 5556 3531 5612; x_wconf 81' lang='lat' dir='ltr'><strong>consolatio-</strong></span> 
     </span>
    </p>
   </div>
   <div class='ocr_carea' id='block_1_111' title="bbox 1949 5647 3532 5724">
    <p class='ocr_par' dir='ltr' id='par_1_111' title="bbox 1949 5647 3532 5724">
     <span class='ocr_line' id='line_1_111' title="bbox 1949 5647 3532 5724; baseline -0.004 -15"><span class='ocrx_word' id='word_1_766' title='bbox 1949 5671 2063 5709; x_wconf 87' lang='lat' dir='ltr'><strong>nem</strong></span> <span class='ocrx_word' id='word_1_767' title='bbox 2116 5656 2172 5709; x_wconf 87' lang='lat' dir='ltr'><strong>in</strong></span> <span class='ocrx_word' id='word_1_768' title='bbox 2215 5655 2357 5710; x_wconf 85' lang='lat' dir='ltr'><strong>vobis</strong></span> <span class='ocrx_word' id='word_1_769' title='bbox 2386 5663 2597 5724; x_wconf 86' lang='lat' dir='ltr'><strong>propter</strong></span> <span class='ocrx_word' id='word_1_770' title='bbox 2626 5660 2867 5707; x_wconf 85' lang='lat' dir='ltr'><strong>mutuam</strong></span> <span class='ocrx_word' id='word_1_771' title='bbox 2905 5660 3141 5707; x_wconf 85' lang='lat' dir='ltr'><strong>nostram</strong></span> <span class='ocrx_word' id='word_1_772' title='bbox 3188 5652 3259 5703; x_wconf 82' lang='lat' dir='ltr'><strong>ad</strong></span> <span class='ocrx_word' id='word_1_773' title='bbox 3310 5647 3532 5703; x_wconf 77' lang='lat' dir='ltr'><strong>invicem</strong></span> 
     </span>
    </p>
   </div>
   <div class='ocr_carea' id='block_1_112' title="bbox 1946 5746 2221 5813">
    <p class='ocr_par' dir='ltr' id='par_1_112' title="bbox 1946 5746 2221 5813">
     <span class='ocr_line' id='line_1_112' title="bbox 1946 5746 2221 5813; baseline 0 -13"><span class='ocrx_word' id='word_1_774' title='bbox 1946 5746 2221 5813; x_wconf 73' lang='lat' dir='ltr'><strong>ﬁduciam.</strong></span> 
     </span>
    </p>
   </div>
  </div>
