4164 6536
754 418 889 483 1727

1355 527 1507 582 CAP.
1546 526 1683 583 LVI.

817 623 979 677 Vens.
1016 622 1100 685 17,
1132 621 1218 675 l8.
1260 638 1280 669 ί
1312 618 1377 673 Ει
1411 619 1675 675 declinata
1710 621 1778 676 ab
1826 621 1954 679 illis.
1990 620 2309 692 Huiusmodi

742 716 885 771 enim
918 714 1133 769 Christo
1163 712 1382 766 Domino
1413 722 1599 767 nostro
1626 728 1734 768 non
1781 712 2047 777 serviunt,
2080 714 2174 768 sed
2212 727 2310 768 suo

741 806 958 861 ventri:
1003 814 1058 860 et
1089 819 1185 874 per
1226 802 1410 859 dulces
1448 818 1744 870 sermones,
1784 813 1841 860 et
1879 803 2285 861 benedictiones

742 902 1002 953 seducunt
1029 899 1190 953 corda
1222 898 1605 951 innocentium.
1636 916 1656 949 ι

810 987 1067 1041 Hortatur
1103 986 1264 1055 igitur
1311 987 1431 1041 illos
1472 996 1530 1041 ut
1570 986 1744 1042 sancti
1768 986 1913 1043 Petri
1943 999 2165 1044 servent
2195 998 2307 1043 tra-

739 1082 987 1146 ditiones,
1033 1091 1088 1135 et
1120 1080 1250 1135 falsa
1291 1079 1597 1136 Judaeorum
1643 1080 1889 1151 prodigia
1939 1081 2129 1144 vitent,
2174 1094 2311 1150 quos

700 1174 873 1228 .bene
902 1174 1032 1227 dicit
1059 1189 1165 1228 non
1199 1173 1410 1228 Christo
1440 1175 1663 1239 servire,
1692 1173 1785 1229 sed
1819 1187 1915 1229 suo
1951 1173 2147 1238 ventri,
2191 1187 2308 1227 om-

738 1275 857 1314 nem
889 1261 1143 1330 pietatem
1195 1261 1247 1315 in
1290 1260 1668 1316 observatione
1727 1261 1970 1317 ciborum
2022 1269 2305 1330 ponentes.

736 1351 880 1406 Beati
911 1352 1072 1422 igitur
1093 1353 1227 1407 estis
1262 1367 1380 1418 vos,
1418 1352 1609 1422 inquit,
1644 1353 1755 1424 qui,
1796 1352 1932 1409 clari
1970 1352 2044 1408 ob
2065 1361 2305 1408 vestram

736 1444 878 1498 circa
913 1444 1068 1498 ﬁdem
1094 1444 1439 1514 sapientiam,
1470 1458 1569 1499 nec
1593 1459 1691 1500 vos
1721 1445 1863 1501 bona
1892 1445 2033 1499 fama
2061 1445 2304 1515 spoliari,

736 1550 834 1590 nec
887 1550 1064 1589 meum
1117 1534 1186 1591 de
1256 1543 1441 1591 vestra
1490 1535 1661 1607 gloria
1729 1537 1984 1606 gaudium
2045 1535 2304 1591 iuluscari

736 1627 1001 1695 patimini.

1833 412 2206 475 GENNADII
2241 413 2744 476 PATRIARCHIE
2801 414 2927 474 ΟΡ,

2338 547 2389 604 Δ

3815 418 3919 486 1728

2968 528 3222 583 nam.
3304 526 3421 596 ις’.

2492 640 2512 674 ι
2546 622 2657 676 Καὶ
2713 620 2997 675 ὲκκλίνατε
3041 620 3137 675 ἀπ’
3163 619 3365 674 αὐτῶν.
3394 622 3456 673 Oi
3502 621 3605 689 γὰρ
3636 626 3837 681 τοιοῦτοι
3860 634 3919 702 τῷ

2411 712 2602 784 Κυρίῳ
2648 710 2823 782 Ἰησοῦ
2851 711 3069 783 Χριστῷ
3093 711 3153 766 ού
3189 710 3551 775 δουλεύουσιν,
3583 712 3709 769 ἀλλὰ
3735 720 3791 789 τῇ
3817 722 3918 775 tau.

2409 804 2520 857 τῶν
2570 803 2789 873 κοιλίᾳ,
2821 804 2909 857 διὰ
2964 805 3060 874 τῆς
3110 804 3508 876 χρηστολογίας
3560 807 3650 858 καὶ
3712 809 3919 880 εὐλογίας

2409 894 2721 960 ἐξαπατῶσι
2745 896 2845 959 τὰς
2875 896 3099 967 καρδίας
3130 896 3241 949 τῶν
3268 897 3515 950 ἀκάκων.
3554 914 3571 947 ι

2481 990 2747 1059 Παραινεῖ
2768 988 2954 1042 τοίνυν
2983 988 3180 1052 αὐτοὺς
3214 989 3313 1050 τὰς
3342 988 3439 1042 τοῦ
3475 988 3680 1058 Πέτρου
3705 994 3917 1064 κατέχειν

2410 1079 2764 1151 παραδόσεις,
2791 1080 3228 1150 φυλαττομένους
3273 1079 3374 1151 τὴν
3418 1078 3706 1152 Ἰουδαῖκὴν
3744 1102 3919 1157 τερατο-

2408 1168 2596 1240 λογίαν
2617 1166 2761 1237 ,ὀῦς
2798 1171 2979 1235 καλῶς
3008 1171 3131 1241 ούχὶ
3164 1170 3241 1242 τῷ
3269 1170 3493 1242 Χριστῷ
3524 1173 3794 1241 δουλεύειν,
3815 1179 3921 1233 ἀλλᾶ

2406 1267 2473 1335 τῇ
2503 1264 2731 1329 ἑαυτῶν,
2764 1263 2888 1335 ἔφη,
2913 1262 3116 1332 κοιλία,
3141 1262 3227 1317 διὰ
3255 1263 3316 1316 τὸ
3352 1265 3641 1334 μονονουχὶ
3679 1267 3767 1335 τὴν
3800 1271 3920 1323 ebci-

2407 1356 2561 1410 δειαν
2608 1358 2803 1420 αὐτοὺς
2853 1358 2911 1408 ὲν
2966 1357 3032 1426 τῇ
3078 1356 3466 1426 παρατηρήσει
3516 1358 3618 1410 τῶν
3665 1357 3921 1429 βρωμάτων

2402 1449 2706 1519 ὁρίζεσθαι.
2730 1448 2940 1503 Οὔκουν
2961 1448 3144 1512 καλῶς
3177 1447 3289 1517 ἔχει
3326 1449 3457 1518 ὑμῖν
3480 1488 3495 1511 ,
3530 1450 3687 1518 φησὶν
3705 1489 3719 1512 ,
3745 1452 3918 1525 διαὸοη-

2405 1541 2574 1594 θεῖσιν
2629 1542 2723 1595 ἐπὶ
2756 1544 2821 1613 τῇ
2855 1541 2984 1611 περὶ
3018 1541 3115 1610 τὴν
3170 1542 3355 1593 πίστιν
3406 1542 3794 1613 εὐγνωμοσύνῃ,
3823 1547 3917 1600 οὔτε

2404 1632 2603 1695 αὐτοὺς
2648 1633 2751 1701 τῆς
2795 1632 3045 1695 εὐκλείας
3088 1630 3469 1702 ἀποστερῆσαι
3524 1637 3918 1706 παρακρουσθέν-

2400 1738 2520 1787 τας,
2555 1723 2677 1777 οὔτε
2703 1724 2807 1795 τὴν
2834 1724 3111 1796 ἡμετέραν
3136 1724 3276 1795 ὑπὲρ
3310 1726 3412 1794 τῆς
3456 1724 3720 1795 ὑμετέρας
3750 1728 3919 1782 εὐδοκι-

2406 1818 2623 1887 μήσεως
2656 1816 2926 1886 ἀμὸλῦναι
2950 1818 3146 1889 χαράν.

801 1912 966 1967 Vens.
999 1910 1085 1965 i9.
1122 1928 1147 1962 ε
1178 1910 1285 1966 Sed
1316 1910 1437 1966 volo
1474 1925 1570 1967 vos
1602 1910 1872 1981 sapientes
1909 1923 2030 1964 esse
2070 1909 2125 1963 in
2155 1907 2298 1964 bono
2331 1909 2371 1964 Β

2270 1922 2298 1962 0
2331 1909 2371 1964 Β
2477 1928 2496 1959 ‹
2548 1907 2698 1960 Θέλω
2729 1907 2785 1960 δὲ
2826 1909 2969 1978 ὑμᾶς
3012 1911 3210 1977 σοφοὺς
3239 1910 3339 1979 μὲν
3390 1909 3529 1966 εἷναι
3564 1916 3640 1978 εἰς
3656 1916 3712 1968 τὸ
3732 1916 3914 1985 ἀγαθὸν,

731 2012 786 2056 et
812 2002 1085 2070 simplices
1109 2001 1165 2055 in
1198 2001 1356 2054 malo.
1390 2019 1409 2052 ›

807 2093 937 2149 Volo
977 2093 1139 2163 igitur
1166 2107 1282 2159 vos,
1313 2091 1504 2161 inquit,
1536 2105 1653 2158 quae
1696 2090 1835 2144 bono
1865 2099 1992 2143 sunt
2026 2089 2297 2145 contraria

732 2194 1079 2250 cognoscere,
1116 2190 1171 2233 et
1219 2194 1339 2235 esse
1395 2181 1447 2233 in
1502 2181 1643 2233 bono
1696 2179 1946 2235 faciendo
2005 2180 2298 2249 sapientes,

730 2269 1000 2338 simplices
1033 2283 1166 2325 vero
1193 2280 1249 2324 et
1279 2270 1397 2325 sine
1425 2268 1623 2324 malitia
1657 2271 1959 2325 nescientes
1987 2270 2208 2327 malum.

2406 2001 2701 2070 ἀκεραίους
2723 2000 2780 2053 δὲ
2807 2002 2886 2063 είς
2924 1999 2985 2053 τὸ
3011 2002 3204 2054 κακόν.
3251 2021 3269 2055 ι

2476 2090 2743 2160 Βούλομαι
2780 2089 2898 2155 οὖν,
2924 2094 3108 2162 φησὶν,
3145 2092 3441 2161 γινώσκειν
3470 2094 3569 2165 μὲν
3594 2097 3728 2167 ὑμᾶς
3757 2100 3814 2151 τὰ
3831 2107 3915 2163 τοῖς

2403 2183 2588 2245 καλοῖς
2613 2182 2852 2247 ἐναντία,
2881 2184 2976 2236 καὶ
2999 2178 3139 2237 εἶναι
3166 2183 3305 2254 πρὸς
3328 2185 3413 2248 τὸ,
3441 2186 3507 2238 τὸ
3525 2186 3722 2253 ἀγαθὸν
3738 2191 3915 2259 ποιῆσαι

2406 2277 2624 2343 σοφοὺς,
2654 2263 2874 2345 ἆφελεῖς
2909 2275 2966 2328 δὲ
2995 2276 3090 2329 καὶ
3132 2277 3514 2350 ἀπανούργους
3546 2279 3821 2351 ὑπάρχειν,
3840 2283 3913 2335 καὶ

2406 2369 2601 2429 κακίας
2630 2367 2817 2431 ἁπλῶς
2847 2366 3100 2438 ἀμαθεῖς.

1086 2717 1216 2806 ΙΝ
1289 2698 1965 2804 EPISTOLAM
2046 2707 2501 2796 PRIMAM
2577 2707 2725 2794 AD
2815 2696 3604 2800 C-ORINTHIOS.

2082 2896 2322 2960 (Causa,
2354 2898 2470 2945 tom.
2506 2895 2615 2956 Vl.)

1381 3192 1537 3252 CAP.
1571 3193 1642 3251 Χ.

3012 3195 3264 3253 ΚΕΦΑΛ.
3304 3198 3366 3254 l'.

799 3291 965 3347 Vitas.
1000 3290 1055 3345 5.
1093 3307 1114 3342 ι
1142 3286 1249 3343 Sed
1276 3301 1388 3343 non,
1416 3287 1469 3342 in
1503 3287 1747 3357 pluribus
1770 3301 1956 3344 eorum
1989 3288 2298 3363 beneg‘laci-
2323 3277 2367 3335 ο

2258 3289 2298 3346 i.
2323 3277 2367 3335 C
2475 3305 2494 3338 ι
2544 3287 2704 3341 Ἀλλὰ
2730 3286 2831 3342 οὐκ
2863 3288 2919 3341 ὲν
2949 3292 3060 3350 τοῖς
3106 3286 3351 3341 πλείοσιν
3377 3288 3571 3345 »αὐτῶν
3608 3292 3902 3362 εὐδόκησενὸ

729 3396 841 3441 tum
868 3393 951 3440 est
982 3384 1111 3438 Deo.
1148 3400 1169 3434 ι

800 3477 911 3531 Hoc
942 3475 1081 3537 loco,
1128 3470 1639 3529 commemoratione
1671 3469 1935 3538 majorum
1964 3471 2133 3536 facta,
2163 3473 2298 3541 tquaa

732 3570 909 3624 facere
944 3566 1133 3622 deceat
1180 3580 1273 3620 eos
1319 3565 1517 3619 docere
1548 3573 1799 3629 conatur,
1844 3564 2134 3619 ostendens
2175 3563 2299 3618 illos

728 3676 963 3732 quoque,
998 3660 1159 3714 veluti
1184 3673 1279 3728 per
1301 3658 1528 3726 ﬁguram
1550 3658 1860 3726 quamdam,
1892 3657 2079 3712 iisdem
2106 3658 2297 3726 dignos

731 3755 943 3809 habitos
967 3753 1153 3807 fuisse.
1189 3752 1323 3806 Cum
1348 3750 1491 3803 enim
1516 3749 1595 3803 sic
1632 3750 1934 3817 exemplum
1965 3752 2295 3821 propositum

728 3846 929 3917 optime
958 3844 1274 3913 quadraret»,
1300 3841 1423 3910 jure
1447 3840 1748 3909 meritoque
1779 3854 1875 3894 eos
1909 3842 2057 3896 visus
2081 3851 2169 3895 est
2197 3843 2295 3896 ad-

729 3936 961 4003 hortari,
1008 3946 1066 3989 ut
1099 3935 1166 3991 ab
1213 3934 1402 3989 iisdem
1450 3933 1690 4003 peccatis
1745 3933 1852 3988 sibi
1902 3944 2176 3999 caverent,
2228 3949 2296 3991 ne

727 4029 914 4083 eadem
942 4036 1276 4096 paterentur.
1301 4023 1451 4091 Quod
1474 4025 1637 4093 igitur
1665 4022 1738 4078 illi
1762 4024 1862 4078 sub
1889 4024 2029 4079 nube
2056 4024 2291 4093 fuerunt,

728 4119 957 4188 gratiam
1013 4115 1249 4187 Spiritus
1294 4116 1711 4185 praeﬁgurabat:
1767 4113 1889 4171 illos
1922 4117 2065 4170 enim
2123 4116 2295 4172 nubes

729 4208 1058 4264 obumbrans
1097 4206 1166 4262 ab
1211 4204 1597 4277 Egyptiorum
1647 4205 1850 4274 impetu
1888 4205 2149 4271 defendit,
2196 4223 2295 4264 nos

728 4311 910 4356 autem
964 4300 1135 4370 gratia
1188 4307 1376 4355 contra
1423 4296 1725 4352 daemonum
1775 4297 2039 4352 malitiam
2093 4308 2292 4355 tuetur.

729 4389 884 4457 Quod
910 4397 1087 4445 autem
1121 4388 1203 4443 bis
1237 4387 1313 4442 illi
1345 4400 1495 4440 mare
1525 4385 1879 4451 transierunt,
1910 4387 2012 4442 hoc
2039 4388 2198 4444 modo
2225 4391 2295 4445 ad

728 4495 826 4535 nos
856 4479 1126 4550 pertinet:
1178 4478 1287 4533 illis
1323 4477 1520 4546 duplex
1551 4476 1718 4531 maris
1750 4477 2014 4533 transitus
2074 4481 2142 4533 ad
2190 4478 2294 4535 hoc

726 4570 945 4640 proluit,
972 4581 1031 4625 ut
1061 4583 1287 4639 prorsus
1321 4560 1557 4622 hostium
1586 4566 1898 4634 conspectui
1928 4566 2293 4621 subduceren-

729 4674 837 4729 tur,
871 4672 926 4719 et
970 4673 1231 4733 praeterea
1263 4660 1476 4715 ﬁrmam
1525 4659 1828 4714 libertatem
1886 4668 2290 4730 recuperarent,

724 4764 781 4810 et
799 4754 958 4810 nobis
985 4755 1123 4808 idem
1151 4752 1455 4808 subsidium
1484 4760 1677 4806 contra
1709 4751 1892 4806 hostes
1920 4760 2135 4806 nostros
2164 4766 2289 4821 sup-

725 4846 933 4917 peditat
964 4846 1253 4913 baptisma.
1305 4842 1437 4899 lllud
1464 4851 1647 4897 autem
1667 4882 1684 4909 ,
1730 4841 1798 4896 In
1825 4841 2006 4913 Moyse
2038 4842 2295 4912 baptizati

721 4946 869 5003 sunt,
894 4940 949 4990 in
973 4936 1105 4989 nube
1121 4945 1169 4990 et
1198 4936 1257 4989 in
1281 4934 1417 4989 mari
1436 4934 1505 4999 ",
1538 4934 1640 4989 hoc
1672 4933 1937 5005 signiﬁcat
1964 4950 1979 4987 :
2014 4930 2166 4987 Sicut
2194 4931 2293 4997 illi,

724 5029 941 5100 quando
961 5028 1028 5084 iis
1049 5029 1149 5085 hoc
1168 5028 1415 5097 contigit,
1438 5026 1685 5083 Mosaicis
1708 5025 1916 5097 legibus
1941 5026 2104 5079 vitam
2129 5038 2285 5080 suam

724 5123 1069 5186 devoverunt,
1105 5121 1180 5174 ita
1212 5134 1312 5175 nos
1341 5119 1504 5176 etiam
1541 5119 1599 5174 in
1633 5118 1974 5188 baptismate,
2010 5114 2099 5171 ubi
2126 5115 2286 5185 spiri-

722 5221 837 5266 tum
870 5212 1176 5281 adoptionis
1204 5212 1434 5267 ﬁliorum
1472 5210 1789 5281 accipimus,
1846 5223 1945 5263 nos
1990 5206 2280 5264 secundum

721 5301 918 5359 Christi
970 5309 1239 5372 pmcepta
1272 5301 1440 5358 vitam
1484 5316 1605 5358 esse
1647 5300 1986 5357 instituturos
2047 5296 2280 5367 sponde-

721 5410 841 5451 mus
869 5409 931 5451 ac
964 5407 1238 5449 VOVCIIIIIS.

1349 5597 1502 5657 CAP.
1531 5596 1645 5655 Xll.

791 5688 951 5745 Vens.
978 5688 1067 5743 28.
1102 5707 1121 5741 ‹
1155 5687 1353 5745 Deinde
1386 5700 1699 5761 potestates.
1733 5710 1751 5744 ι

785 5843 831 5874 ³⁸
856 5842 872 5896 l
895 5843 1022 5901 Cor.
1054 5860 1103 5911 ι,
1133 5846 1188 5901 2.

2394 3380 2548 3444 Θεός.
2590 3400 2610 3431 ι

2475 3471 2565 3526 Ἐν
2589 3470 2798 3535 τούτοις
2827 3470 2937 3526 ἀπὸ
2958 3472 3058 3535 τῆς
3089 3472 3196 3525 τῶν
3216 3473 3471 3528 παλαιῶν
3494 3475 3681 3538 αὐτοὺς
3708 3475 3901 3546 παραθέ-

2395 3581 2533 3627 σεως
2587 3564 2873 3618 παιδεῦσαι
2927 3564 3179 3635 βούλεται
3222 3564 3291 3618 τὰ
3335 3566 3693 3637 προσήκοντα,
3721 3566 3894 3626 δεικνὺς

2394 3656 2681 3721 κάκείνους
2710 3656 2962 3727 καθάπερ
2996 3657 3061 3710 ἄν
3081 3671 3188 3710 τινι
3216 3656 3372 3728 τύπῳ
3405 3658 3512 3711 τῶν
3536 3659 3660 3711 ίσων
3688 3657 3900 3721 ἀξιωθέν-

2393 3766 2510 3811 τας.
2548 3748 2705 3803 Οὕτω
2747 3751 2856 3819 γὰρ
2897 3748 3237 3819 καταλλήλου
3279 3750 3605 3820 φαινομένου
3638 3750 3725 3802 τοῦ
3764 3765 3901 3821 παρα-

2393 3839 2710 3910 δείγματος,
2754 3840 3036 3911 εὑρίσκετο
3067 3839 3293 3904 δικαίως
3333 3842 3517 3899 αύτοῖς
3559 3839 3812 3910 παραινῶν
3843 3837 3898 3908 μὴ

2392 3931 2462 3986 τὰ
2495 3933 2657 4003 ὃμοια
2692 3932 3063 4002 πλημμελεῖν,
3090 3931 3180 3985 ἴνα
3208 3932 3283 4004 μὴ
3325 3932 3397 3986 τὰ
3420 3936 3581 4003 ὃμοια
3607 3932 3895 3985 πείσωνται·

2392 4024 2453 4077 τὸ
2486 4024 2585 4095 μὲν
2611 4023 2706 4078 οὖν
2750 4024 2856 4076 ὑπὸ
2886 4023 2989 4095 τὴν
3030 4022 3261 4094 νεφέλην
3289 4024 3488 4088 αὐτοὺς
3517 4019 3685 4087 εἶναι,
3709 4022 3896 4091 δήλωσις

2392 4110 2461 4187 ἦν
2491 4115 2590 4186 τῆς
2633 4114 2726 4168 τοῦ
2763 4114 3082 4186 Πνεύματος
3119 4114 3342 4186 χάριτος
3369 4131 3383 4144 ·
3422 4116 3658 4179 ἐκείνους
3683 4132 3737 4167 τε
3763 4113 3897 4183 γὰρὴ

2394 4204 2591 4276 νεφέλη
2642 4203 2967 4270 σκιάζουσα,
2993 4205 3093 4273 τῆς
3139 4206 3205 4259 ἐκ
3239 4204 3350 4258 τῶν
3390 4206 3694 4276 Αἰγυπτίων
3732 4204 3896 4275 βλάϐης

2392 4300 2728 4372 ἀπήλλαττεν
2764 4316 2779 4330 ·
2836 4297 2931 4352 καὶ
2979 4300 3126 4368 ἡμᾶς
3185 4298 3219 4367 ἡ
3277 4298 3437 4369 χάρις
3490 4299 3587 4369 τῆς
3630 4295 3898 4367 δαιμονικῆς

2392 4391 2692 4464 ἐξαιρεῖται
2744 4391 2964 4453 κακίας.
2997 4389 3071 4443 Τὸ
3113 4389 3172 4443 δὲ
3191 4391 3273 4455 δὶς
3309 4393 3411 4461 τῆς
3457 4389 3718 4460 θαλάσσης
3738 4388 3895 4449 αὐτοὺς

2390 4483 2618 4540 διελθεῖν
2649 4481 2824 4537 ἔοικεν
2856 4480 3000 4535 κατὰ
3026 4481 3185 4535 τοῦτο
3212 4484 3326 4546 τοῖς
3348 4482 3660 4554 ἡμετέροις,
3692 4481 3765 4533 ὅτι
3788 4478 3893 4547 ὅπερ

2395 4575 2625 4638 ἐκείνοις
2656 4576 2690 4643 ἡ
2716 4574 2798 4637 δὶς
2823 4576 2921 4643 τῆς
2949 4572 3225 4644 θαλάσσης
3252 4574 3524 4647 παρέσχεν
3544 4571 3785 4635 διάϐασις,
3808 4567 3891 4621 τῶν

2398 4666 2498 4738 μὲν
2543 4665 2820 4736 πολεμίων
2869 4664 3067 4729 αὐτοὺς
3116 4666 3395 4731 παντελῶς
3439 4658 3892 4729 ἁπαλλάξασα,βε-

2389 4758 2551 4813 6αίαν
2582 4757 2641 4812 δὲ
2664 4757 2864 4821 αὐτοὺς
2886 4755 2984 4809 τοῦ
3014 4755 3201 4810 λοιποῦ
3232 4756 3332 4828 τὴν
3361 4756 3665 4828 ἐλευθερίαν
3684 4755 3887 4824 δωρησαο

2395 4851 2531 4922 μένη
2562 4866 2576 4880 “
2613 4848 2775 4904 τοῦτο
2825 4851 2959 4920 ἡμῖν
3019 4849 3157 4922 πρὸς
3205 4852 3333 4914 τοὺς
3378 4850 3671 4922 ἡμετέρους
3708 4841 3889 4915 ἐχθροὺς

2392 4942 2453 4995 τὸ
2486 4942 2767 5013 βάπτισμα
2810 4940 3054 5011 γέγονεν,
3098 4942 3171 4993 Τὸ
3198 4943 3255 4995 δὲ
3292 4945 3378 5008 εἰς
3421 4943 3529 4997 τὸν
3554 4936 3757 5005 Μωσῆν
3785 4935 3886 4988 ἐσα-

2388 5036 2680 5091 πτίσαντο
2700 5036 2768 5089 ἐν
2790 5033 2865 5104 τῇ
2882 5032 3108 5104 νεφέλῃ
3131 5035 3231 5090 καὶ
3250 5036 3321 5091 ἐν
3340 5035 3411 5105 τῇ
3434 5033 3717 5100 θαλάσσῃ,
3734 5026 3886 5098 σημαί-

2386 5144 2465 5182 νει
2493 5127 2673 5193 τοῦτο,
2699 5128 2782 5181 ὅτι
2828 5127 3083 5200 καθάπερ
3139 5128 3336 5181 ἐκεῖνοι
3400 5126 3601 5181 τούτων
3658 5120 3880 5190 τυχόντες»

2384 5219 2683 5289 ὑπέσχοντο
2718 5221 2833 5283 τοῖς
2877 5220 3199 5282 Μωσαῖκοῖς
3240 5218 3427 5289 νόμοις
3457 5218 3565 5289 βίον
3600 5213 3779 5282 ¹,οῦτω
3811 5204 3881 5257 καὶ

2384 5312 2547 5383 ἡμεῖς
2575 5313 2633 5364 ἐν
2664 5310 2741 5381 τῷ
2772 5310 3151 5382 βαπτίσματι,
3178 5310 3239 5364 τὸ
3268 5312 3368 5382 τῆς
3401 5306 3660 5371 υἱοθεσίας
3704 5296 3879 5371 κομιζό-

2390 5419 2542 5471 μενοι
2595 5401 2855 5471 Πνεῦμα,
2887 5402 3161 5474 συνθήκας
3207 5402 3302 5456 κα“ι
3349 5399 3628 5472 ὁμολογίας
3666 5386 3878 5462 τιθέμεθα

2385 5494 2479 5546 τοῦ
2509 5494 2649 5547 κατὰ
2673 5494 2770 5557 τὰς
2802 5490 3046 5566 Χριστοῦ
3068 5494 3251 5548 λοιπὸν
3281 5493 3380 5565 ζῇν
3410 5490 3635 5554 ἐντολάς.

2488 5644 2493 5645 κ
2978 5608 3225 5663 ΚΕΦΑΛ.
3266 5608 3364 5662 lB'.

2463 5713 2481 5745 ι
2514 5691 2648 5748 Εἶτα
2671 5695 2950 5765 δυνάμεις.
2985 5716 3005 5749 ι

2477 5851 2492 5879 ³
2525 5851 2604 5905 An
2640 5849 2833 5920 βιοῦνῖ
