4164 6528
244 382 379 447 1729

1221 376 1681 443 FRAGMENTA
1720 378 1803 439 IN
1841 377 2079 442 EPIST.
2121 377 2221 439 AD
2253 377 2519 440 GALAT.

3352 376 3489 445 1730

306 496 387 549 Τά
432 494 781 567 ἐνεργήματα
826 490 1071 562 δηλονότι
1120 489 1233 544 τῶν
1266 489 1570 558 δυναμέων.
1606 486 1672 541 Ai
1711 488 1810 558 μὲν

1978 483 2215 542 Eﬁectus
2264 485 2509 542 videlicet
2540 495 2884 555 potestatum.
2922 486 3224 544 Potestates
3270 488 3489 559 quidem

233 588 515 657 δυνάμεις,
538 585 635 640 καὶ
668 585 829 637 ίῶντο
850 583 977 646 τοὺς
1000 581 1268 644 ἀσθενεῖς,
1293 582 1385 633 καὶ
1407 577 1660 643 ἐκόλαζον
1684 578 1811 641 τοὺς

235 676 641 746 ἀντιλέγοντας,
671 675 748 737 ὡς
778 673 993 737 Παῦλος
1022 671 1112 725 τὸν
1157 669 1416 739 Ἐλύμαν,
1442 668 1535 720 καὶ
1556 670 1583 721 6
1604 666 1813 738 Πέτρος

233 770 327 825 τὸν
389 768 661 824 Ἀνανίαν.
708 769 771 820 Oi
819 767 877 819 δὲ
927 765 994 818 τά
1035 762 1353 834 χαρίσματα
1388 760 1495 815 τῶν
1566 761 1811 830 ίαμάτων

233 858 472 932 ἔχοντες,
528 860 691 932 μόνον
746 858 923 913 ἰῶντο.
969 856 1069 909 Διὰ
1126 852 1287 908 τοῦτο
1323 854 1415 907 καὶ
1442 853 1685 924 προτιμᾷ
1714 852 1813 914 τὰς

232 952 513 1023 δυνάμεις.
550 951 654 1024 [Ex
679 950 887 1006 Catena
924 944 1253 1001 OEcumenii
1292 953 1423 998 tom.
1460 944 1515 1005 2,
1562 958 1616 1013 p.
1661 936 1808 1012 546].

310 1062 330 1097 ι
365 1042 603 1115 Ζηλοῦτε
628 1042 685 1096 δὲ
717 1041 786 1095 τά
815 1039 1133 1111 χαρίσματα
1153 1036 1220 1090 τὰ
1241 1035 1543 1104 κρείττονα.
1576 1053 1594 1086 ι

303 1218 473 1275 Τοῦτό
504 1236 649 1283 τινες
680 1217 804 1272 κατ’
855 1214 1126 1288 ἐρώτησιν
1163 1212 1495 1282 ἀνέγνωσαν,
1544 1212 1663 1265 ἀντὶ
1692 1211 1813 1279 τοῦ,

235 1312 418 1378 Ὀλως
449 1311 559 1383 γάρ
592 1309 812 1380 ἐφίεσθε
847 1307 959 1361 τῶν
1008 1307 1271 1379 μειζόνων
1306 1307 1664 1378 χαρισμάτων
1692 1325 1707 1373 ;
1747 1307 1809 1359 Ei

232 1406 372 1470 ὅλως
404 1404 649 1475 ἐφίεσθε,
689 1401 801 1473 ἐγὼ
832 1403 976 1473 ὑμᾶς
998 1400 1094 1454 ἐπὶ
1138 1400 1314 1454 ταῦτα
1344 1402 1641 1471 ποδηγήσω
1674 1419 1812 1472 προ-

234 1498 445 1568 θύμως.
470 1495 639 1549 Τοῦτο
664 1496 773 1565 γάρ
794 1496 1071 1566 ἐπήγαγε,
1092 1511 1110 1545 ι
1134 1494 1245 1546 Kal.
1262 1492 1341 1547 ἔτι
1362 1493 1487 1548 καθ’
1505 1494 1811 1565 ὑπερϐολὴν

232 1592 353 1645 ὁδὸν
384 1591 515 1661 ὑμῖν
547 1589 820 1660 δείκνυμι,
855 1607 874 1641 ι
900 1588 1169 1653 τουτέστι,
1206 1586 1315 1640 τῶν
1343 1588 1468 1641 καθ’
1505 1587 1812 1659 ὑπερὸολὴν

236 1682 500 1755 μειζόνων
533 1682 894 1752 χαρισμάτων
923 1679 1176 1750 δείκνυμι
1202 1678 1302 1750 τὴν
1349 1677 1489 1732 ὁδόν.
1550 1676 1653 1751 [Ex
1710 1677 1813 1733 Ca-

233 1780 363 1829 tena
385 1769 757 1841 OEcumenii.]

818 1882 1070 1935 ΚΕΦᾹΛ.
1114 1878 1213 1935 Il".

312 2015 331 2048 ‹
371 1996 478 2049 Kal.
507 1996 601 2051 ἐὰν
627 1995 736 2067 ἔχω
770 1994 1129 2067 προφητείαν,
1158 1994 1252 2049 καὶ
1280 1993 1405 2049 εἰδῶ
1425 1994 1494 2048 τὰ
1527 1996 1802 2067 μυστήρια

234 2091 413 2143 πάντα
469 2088 563 2142 καὶ
620 2089 799 2142 πᾶσαν
848 2086 945 2157 τὴν
985 2087 1208 2155 γνῶσιν,
1239 2086 1336 2149 καὶ
1361 2087 1456 2140 ἐὰν
1486 2087 1594 2159 ἔχω
1623 2090 1804 2143 πᾶσαν

232 2178 332 2249 τὴν
380 2177 583 2245 πίστιν,
610 2178 751 2232 ὥστε
794 2176 895 2253 ὅρη
924 2177 1310 2249 ίμεθιστάνειν,
1355 2178 1577 2249 ἀγάπην
1620 2179 1677 2231 δὲ
1729 2178 1804 2259 μὴ

232 2273 363 2341 ἔχω,
392 2270 545 2323 οὐδέν
577 2271 714 2340 είμι.
744 2289 761 2322 ι
1563 2282 1582 2299 ⁸

302 2362 419 2415 Νῦν
462 2361 646 2414 πίστιν
674 2362 737 2414 οὐ
790 2362 889 2433 τὴν
917 2360 1026 2415 τῶν
1073 2363 1281 2416 πιστῶν
1315 2362 1439 2431 ἔφη,
1476 2364 1575 2435 τὴν
1618 2362 1805 2434 κοινὴν

232 2457 326 2506 καὶ
361 2452 655 2524 καθολικὴν
686 2470 700 2484 ·
736 2453 873 2508 ἀλλὰ
899 2456 959 2507 τὸ
990 2454 1239 2525 χάρισμα
1272 2454 1332 2507 τὸ
1374 2455 1473 2524 τῆς
1519 2454 1757 2519 πίστεως
1787 2470 1803 2487 ο

232 2538 303 2614 ἦν
355 2546 462 2614 γάρ
505 2562 559 2596 τι
606 2542 947 2616 χαρίσματος
991 2542 1150 2612 εἶδος,
1196 2545 1507 2616 ὁμωνύμως
1551 2544 1695 2599 οὓτω
1737 2547 1805 2617 τῇ

236 2635 418 2688 πίστει
452 2637 745 2708 λεγόμενον
774 2654 789 2668 ·
820 2638 941 2690 ὅθεν
965 2638 1058 2691 ἐπὶ
1091 2637 1399 2709 φανερώσει
1426 2637 1807 2708 πνευματικῆς

236 2730 528 2800 μετουσίας
565 2732 885 2801 ἐχορηγεῖτο
928 2730 1142 2793 πολλοῖς
1181 2731 1239 2782 ἐν
1260 2730 1339 2800 τῷ
1369 2730 1491 2782 τότε
1523 2728 1632 2781 τῶν
1653 2730 1809 2781 εὑσεο

236 2822 369 2876 ὅῶν.
400 2824 535 2895 Περὶ
559 2824 748 2877 τούτου
769 2825 876 2895 γάρ
898 2827 925 2877 ὁ
944 2822 1148 2894 Κύριος
1164 2825 1222 2875 ἐν
1243 2822 1595 2891 Εὑαγγελίοις
1617 2822 1805 2892 φησὶν,

247 2915 383 2968 Ἐὰν
423 2917 601 2983 ἔχητε
648 2917 855 2968 πίστιν
891 2915 972 2978 ὡς
1008 2916 1232 2968 κόκκον
1263 2915 1595 2979 σινάπεως,
1622 2914 1807 2982 ἐρεῖτε

234 3002 314 3069 τῷ
334 3005 453 3072 ὄρει
479 3006 685 3076 τούτῳ,
712 3007 940 3072 Ἄρθητι
959 3003 1057 3057 καὶ
1071 3004 1338 3071 βλήθητι
1355 3007 1439 3069 εἰς
1456 3004 1570 3071 τὴν
1586 3004 1807 3058 θάλασ-

235 3113 376 3161 σαν,
412 3094 510 3149 καί
547 3098 866 3165 γενήσεται
898 3096 1103 3161 οὕτως.
1136 3098 1210 3149 Οὐ
1237 3098 1408 3168 δήπου
1430 3098 1540 3167 γάρ
1572 3097 1646 3159 ὼς
1668 3098 1807 3167 πρὸς

236 3186 501 3250 ἀπίστους
524 3189 623 3257 τὴν
651 3189 834 3259 κοινὴν
857 3187 1038 3240 πίστιν
1059 3188 1232 3241 ταῦτα
1261 3188 1396 3259 πρὸς
1419 3190 1616 3253 αὐτοὺς
1637 3186 1808 3239 διελέ-

236 3296 364 3349 γετο
386 3319 401 3345 ,
433 3248 502 3319 έ-
538 3248 639 3351 [ἐκ
667 3248 871 3335 Catena
939 3279 1269 3334 0Ecumenii
1305 3248 1647 3351 supplendi]
1670 3280 1808 3333 ἀλλά
1836 3248 1876 3304 C

239 3372 377 3444 πρὸς
399 3375 525 3436 τοὺς
552 3373 787 3435 οἰκείους
814 3372 1082 3443 μαθητάς.
1104 3373 1393 3425 Τουτὲστιν
1422 3373 1547 3425 Ἐὰν
1566 3372 1730 3443 ἔχητε
1750 3371 1812 3425 τὸ

236 3464 339 3532 τῆς
368 3462 604 3528 πίστεως
632 3464 899 3537 χάρισμα.
936 3466 1001 3517 Ὀ
1029 3464 1087 3517 δὲ
1109 3459 1263 3517 εἶπεν
1281 3466 1309 3516 6
1329 3462 1531 3529 Κύριος
1547 3464 1605 3516 ἐν
1627 3463 1809 3531 Εὐαγ-

238 3554 439 3622 γελίοις
468 3554 721 3625 μέγιστον
751 3551 912 3621 εἶναι,
930 3556 991 3608 τὸ
1020 3555 1109 3609 διά
1142 3555 1375 3617 πίστεως
1399 3555 1500 3627 ὅρη
1523 3556 1806 3626 μεθιστᾶν.

237 3648 407 3727 τοῦτόν
425 3666 558 3720 φησι
591 3649 758 3723 μηδὲν
788 3646 927 3704 εἶναι
954 3648 1175 3719 ἀγάπης
1197 3648 1385 3720 χωρίς.

509 3954 630 4042 ΙΝ
712 3952 1385 4055 EPISTOLAM
1470 3953 2096 4043 SECUNDAM
2185 3954 2335 4043 AD
2409 3886 3208 4054 CORINTHIOS.

1920 590 1975 633 et
2018 578 2266 632 inﬁrmos
2314 579 2615 641 sanabant.
2683 580 2822 634 sicut
2879 578 3079 637 Paulus
3143 581 3388 652 Elymam
3434 591 3492 639 et

1918 669 2107 725 Petrus
2160 670 2427 723 Ananiam
2456 688 2469 725 :
2502 670 2594 740 qui
2631 686 2759 726 vero
2799 672 2938 725 dona
2979 673 3327 727 sanationum
3392 672 3491 729 ha-

1919 763 2142 825 bebant,
2171 763 2347 816 solum
2400 762 2672 818 sanabant
2705 782 2717 817 :
2752 774 3036 834 propterea
3066 764 3231 820 etiam
3256 775 3487 835 potesta-

1924 865 2003 909 tes
2031 852 2085 907 in
2112 855 2315 908 honore
2347 854 2629 923 praeponit.

1996 1035 2160 1091 Vens.
2195 1037 2286 1092 51.
2333 1054 2352 1088 ι
2380 1036 2734 1092 Αἰιηιιιεωὶηἰ
2767 1047 2947 1093 autem
3000 1039 3328 1095 charismata
3376 1054 3493 1096 me-

1917 1127 2074 1184 liora.
2106 1149 2125 1181 ι

1990 1221 2211 1292 (Theod.
2259 1220 2422 1275 Joan.
2459 1220 2722 1293 Cennad.)
2776 1220 3003 1286 Quidam
3046 1222 3147 1277 hoc
3186 1238 3284 1293 per
3322 1224 3491 1279 inter-

1918 1316 2249 1384 rogationem
2286 1312 2550 1384 legerunt,
2606 1315 2710 1368 hoc
2738 1324 2844 1377 est,
2893 1314 3128 1368 Omnino
3160 1314 3366 1383 majora
3396 1318 3489 1371 de-

1918 1406 2169 1458 sideratis
2223 1404 2407 1458 dona?
2464 1404 2520 1460 Si
2568 1405 2789 1460 omnino
2838 1406 2886 1459 id
2938 1406 3169 1473 cupitis,
3238 1421 3339 1477 ego
3394 1424 3491 1463 vos

1917 1503 2164 1564 prompte
2214 1498 2281 1547 ad
2317 1495 2432 1548 [nec
2461 1495 2740 1548 deducam.
2774 1494 2909 1548 Nam
2937 1497 2987 1549 id
3020 1497 3332 1565 subjungit:
3373 1516 3391 1550 ι
3425 1499 3491 1552 Et

1919 1586 2096 1639 adhuc
2151 1585 2586 1640 excellentiorem
2644 1588 2784 1641 viam
2842 1588 2994 1643 vobis
3070 1590 3416 1657 demonstro,
3465 1611 3484 1646 ι

1920 1681 2018 1734 hoc
2051 1690 2155 1745 est,
2206 1680 2271 1732 ad
2307 1693 2368 1732 ea
2406 1694 2525 1749 quae
2559 1679 2884 1734 excellenter
2934 1680 3136 1749 majora
3179 1693 3308 1737 sunt
3347 1685 3487 1739 dona

1918 1773 2058 1825 viam
2091 1770 2363 1841 ostendo.)

2536 1882 2691 1940 CAP.
2730 1882 2868 1941 XIII.

1975 1997 2141 2053 Vens.
2174 1997 2227 2051 2.
2266 2016 2286 2051 ι
2321 1998 2387 2055 Ει
2419 1999 2463 2053 si
2498 1999 2737 2053 habuero
2769 1998 3124 2068 prophetiam,
3155 2010 3208 2055 et
3239 2004 3482 2062 noverim

1906 2091 2160 2162 mysteria
2191 2092 2406 2157 omnia,
2432 2100 2486 2144 et
2508 2105 2720 2144 omnem
2748 2090 3029 2145 scientiam
3055 2108 3071 2146 :
3102 2102 3157 2147 et
3179 2093 3222 2147 si
3253 2093 3491 2151 habuero

1904 2198 2119 2249 onmem
2155 2182 2334 2246 ﬁdem,
2385 2182 2458 2235 ita
2503 2190 2561 2236 ut
2587 2190 2799 2237 montes
2847 2184 3194 2249 transferam,
3246 2188 3487 2241 charita-

1908 2286 2011 2339 tem
2043 2282 2219 2326 autem
2263 2288 2369 2327 non
2410 2272 2669 2339 habuero,
2700 2272 2829 2326 nihil
2853 2280 2991 2328 sam.
3025 2291 3043 2324 ι

1979 2364 2090 2420 Mn
2129 2364 2240 2432 jam
2294 2364 2526 2417 ﬁdelium
2562 2365 2693 2418 dicit
2729 2364 2909 2428 ﬁdem,
2965 2380 3306 2419 communem
3343 2366 3489 2419 illam

1904 2466 1960 2525 et
1990 2457 2370 2522 universalem,
2395 2458 2489 2511 sed
2517 2459 2713 2511 don-um
2752 2458 2943 2525 gratiae
2973 2457 3094 2512 ﬁdei
3123 2473 3137 2513 :
3189 2470 3307 2512 erat
3346 2460 3489 2513 enim

1906 2549 2029 2603 doni
2062 2548 2247 2615 gratiae
2278 2547 2489 2617 species
2531 2562 2651 2617 qua:
2679 2549 2867 2602 eodem
2904 2547 3143 2611 nomine,
3190 2562 3298 2617 quo
3331 2550 3487 2613 ﬁdes,

1906 2638 2296 2710 appellabatur,
2337 2655 2507 2710 quare
2539 2640 2592 2694 in
2625 2641 2961 2711 apparitione
2983 2639 3490 2695 communicationis

1906 2732 2229 2802 Spiritualis,
2251 2734 2436 2786 multis
2467 2732 2677 2802 piorum
2703 2735 2792 2801 qui
2828 2733 2917 2787 illo
2949 2742 3186 2803 tempore
3218 2733 3489 2795 vivebant,

1907 2827 2326 2881 concedebatur.
2372 2827 2448 2880 De
2500 2827 2602 2882 hoc
2632 2828 2775 2880 enim
2808 2828 3067 2882 Dominus
3096 2828 3148 2881 in
3182 2826 3493 2896 Evangeliis

1907 2917 2085 2971 dicit:
2141 2915 2204 2971 Si
2257 2916 2547 2972 habueritis
2574 2918 2732 2986 ﬁdem
2788 2919 2929 2972 sicut
2977 2934 3203 2987 granum
3267 2919 3487 2986 sinapis,

1906 3008 2088 3063 dicetis
2120 3010 2287 3063 monti
2317 3010 2438 3062 huic
2485 3025 2504 3063 .'
2547 3008 2750 3065 Tollere
2778 3021 2827 3065 et
2876 3011 3084 3064 mittere
3125 3012 3181 3064 in
3230 3025 3395 3076 mare,
3440 3018 3489 3063 et

1906 3102 1993 3170 ﬁet
2022 3104 2096 3156 ita
2119 3102 2186 3155 ⁸³.
2223 3102 2338 3156 Non
2374 3103 2539 3173 igitur
2561 3102 2708 3157 velut
2739 3104 2805 3156 ad
2852 3102 3094 3157 inﬁdeles
3125 3102 3214 3172 qui
3245 3117 3485 3157 commu—

1909 3208 2031 3246 nem
2082 3193 2236 3246 tidem
2302 3209 2407 3247 non
2480 3194 2712 3263 amplexi
2792 3188 3016 3258 essent,
3082 3196 3196 3248 haec
3256 3193 3324 3246 ad
3394 3206 3490 3246 eos

1915 3285 2377 3351 peroravit,—sed
2403 3286 2468 3339 ad
2503 3301 2629 3340 suos
2666 3286 2955 3355 discipulos
2980 3300 3162 3340 sermo
3193 3294 3311 3339 erat
3340 3305 3351 3339 :
3387 3285 3490 3338 hoc

1916 3383 2020 3439 est,
2048 3373 2104 3427 Si
2134 3375 2434 3431 habueritis
2464 3376 2585 3430 ﬁdei
2612 3377 2832 3429 donum.
2852 3375 3002 3440 Quod
3021 3384 3198 3431 autem
3236 3374 3491 3429 Dominus

1916 3462 1968 3517 in
2003 3463 2307 3533 Evangeliis
2351 3466 2646 3520 maximum
2691 3481 2815 3521 esse
2860 3464 3020 3529 dixit,
3052 3480 3248 3533 nempe
3277 3475 3489 3519 montes

1918 3565 2305 3621 transmutare,
2337 3556 2438 3611 hoc
2468 3557 2545 3612 ait
2567 3559 2684 3612 sine
2706 3557 2972 3613 charltate
2997 3556 3129 3611 nihil
3164 3570 3305 3612 esse.

3001 3811 3454 3833 Ι--η--υ-η-

1453 4143 1516 4207 (E
1544 4142 1652 4193 cod.
1682 4140 1825 4192 Bodl.
1852 4142 2067 4208 ansn,
2098 4150 2135 4207 ι,
2160 4145 2267 4210 VI.)

854 4392 1108 4447 ΚΕΦᾹΛ.
1148 4390 1206 4448 Ι’.

316 4506 335 4539 ι
368 4485 448 4540 Τά
474 4486 616 4540 κατὰ
655 4485 940 4557 πρόσωπον
970 4483 1219 4555 βλέπετε.
1258 4502 1279 4536 ›

313 4578 474 4633 Κατὰ
550 4578 944 4649 ἐπιτιμητικὴν
1002 4577 1293 4648 ὑπόκρισιν
1344 4577 1501 4631 τοῦτο
1557 4577 1805 4647 ἀναγνω-

241 4672 433 4727 στέον
469 4672 609 4732 ἀντὶ,
650 4672 762 4725 Οὐκ
794 4673 859 4724 ἐκ
897 4670 1007 4725 τῶν
1051 4672 1229 4742 ἔργων
1264 4669 1367 4740 τῆς
1410 4670 1677 4741 ἀληθείας
1703 4673 1803 4743 τὴν

242 4766 510 4831 ἐξέτασιν,
544 4767 609 4818 ἐκ
659 4765 717 4819 δὲ
764 4765 873 4818 τῶν
921 4764 1189 4834 ἐπιπολῆς
1232 4763 1419 4828 ἁπλῶς
1464 4766 1805 4836 φαινομένων

240 4855 564 4925 λαμϐάνετε.

1833 4394 1886 4454 ι)

2553 4396 2711 4454 CAP.
2754 4396 2823 4452 X.

1981 4488 2147 4545 Vens.
2186 4491 2237 4543 7.
2283 4507 2302 4543 ι
2333 4489 2463 4557 Quae
2493 4490 2792 4546 secundum
2817 4486 3009 4542 faciem
3040 4493 3183 4552 sunt,
3208 4487 3419 4544 videtis.
3451 4508 3473 4541 ι

1978 4580 2059 4633 Ad
2101 4580 2509 4649 vituperandam
2559 4581 2957 4636 simulationem
2998 4579 3099 4635 hoc
3142 4578 3333 4633 referri
3382 4582 3478 4636 de-

1908 4671 2019 4726 bet.
2052 4671 2259 4727 Sensus
2292 4681 2374 4726 est
2404 4691 2417 4726 :
2445 4670 2563 4726 Non
2600 4687 2666 4727 ex
2690 4672 2944 4741 operibus
2970 4670 3239 4734 veritatis,
3275 4672 3368 4726 sed
3410 4687 3477 4727 ex

1911 4764 1980 4818 iis
2022 4762 2367 4818 solummodo
2412 4777 2530 4831 quae
2577 4763 2631 4816 in
2682 4760 2971 4830 superﬁcie
3012 4769 3295 4841 apparent,
3335 4760 3483 4830 judi-

1913 4857 2053 4912 cium
2090 4853 2262 4910 fertis.

997 5174 1121 5260 IN
1199 5172 1870 5263 EPISTOLAM
1956 5174 2104 5261 AD
2177 5171 2728 5263 GALATAS.

1328 5366 1403 5414 Ea:
1425 5364 1601 5414 Catena
1622 5362 1913 5423 OEcumcnii,
1946 5371 2061 5426 tom,
2095 5363 2133 5426 Ι,
2157 5363 2265 5425 742,
2292 5363 2423 5429 747.)

844 5512 1100 5567 ΚΕΦᾹΛ.
1141 5510 1218 5564 Γ¹.

316 5628 335 5661 ι
382 5608 443 5661 '0
469 5606 525 5660 δὲ
555 5603 783 5677 μεσίτης
813 5603 931 5666 ἐνὸς
961 5601 1059 5655 οὐκ
1082 5599 1249 5653 ἐστιν.
1284 5618 1302 5650 ι

310 5700 472 5768 Λέγει
494 5698 696 5761 τοίνυν,
727 5697 809 5750 ὃτι
827 5696 1032 5766 Μωσῆς
1070 5694 1170 5764 μὲν
1193 5691 1512 5765 ἐμεσίτευσε
1547 5693 1683 5765 πρὸς
1709 5696 1809 5765 τὴν

268 5840 313 5875 ⁸³
338 5836 525 5892 Matth.
561 5848 691 5899 xvn,
722 5832 813 5887 l9.

2544 5514 2692 5570 CAP.
2735 5515 2821 5571 III.

1976 5605 2142 5660 Vens.
2173 5605 2265 5661 20.
2314 5625 2333 5659 ι
2368 5606 2631 5662 Mediator
2654 5619 2832 5665 autem
2872 5612 3032 5667 unius
3067 5626 3172 5665 non
3197 5619 3299 5665 est.
3334 5628 3353 5662 ι

1988 5697 2128 5752 Dicit
2155 5711 2281 5761 ergo
2308 5700 2449 5768 quod
2483 5698 2655 5755 Moses
2681 5704 2893 5771 quidem
2926 5703 3190 5759 mediator
3219 5701 3376 5759 fuerit
3404 5703 3476 5757 ad
