4164 6536
765 392 893 456 1ῗ31
1384 388 1755 451 GENNADII
1792 387 2294 449 PATRIABCHIE
2330 389 2439 450 CP.
2478 388 2559 449 IN
2594 386 2832 448 EPIST.
2863 386 2961 445 AD
2994 384 3223 445 HEBR.
3834 390 3938 458 1732

759 509 1029 563 dationem
1078 502 1237 574 legis,
1275 504 1369 558 sed
1416 506 1505 559 uni
1540 503 1637 559 soli
1681 505 1826 575 genti
1880 506 2145 559 mediator
2177 505 2277 559 fuit
2305 522 2321 560 :
2350 516 2397 570 Α

2305 522 2321 560 :
2350 516 2397 570 Α
2425 503 2572 557 δόσιν
2622 500 2716 554 τοῦ
2767 501 2956 570 νόμου,
3010 499 3127 556 ἀλλ’
3155 498 3235 551 ἐνὶ
3265 497 3423 569 μόνον
3450 498 3783 568 ἐμεσίτευσεν
3812 504 3936 563 ἔθνει.

758 606 969 669 oportet
997 606 1179 651 autem
1225 610 1348 651 eum
1382 596 1470 664 qui
1509 610 1637 650 vere
1686 593 1950 651 mediator
1989 595 2201 651 futurus
2244 605 2330 650 est

2296 605 2330 650 ει
2430 597 2520 648 Δεῖ
2538 593 2593 647 δὲ
2618 593 2708 647 τὸν
2734 592 2808 656 ὼς
2837 592 3051 661 άληθῶς
3096 590 3358 660 μέλλοντα
3391 590 3690 659 μεσιτεύειν
3726 595 3845 663 πρὸς
3873 600 3940 649 τδν

760 703 886 758 erga
913 703 1075 742 unum
1112 689 1281 742 Deum
1326 686 1566 740 omnium
1599 688 1859 756 gentium,
1896 687 2070 741 creari
2105 702 2207 740 non
2239 701 2330 740 su-

2295 702 2330 740 l-
2427 686 2536 740 τῶν
2565 684 2821 738 ἁπάντων
2851 684 3021 737 ὲθνῶν
3041 683 3136 735 ἕνα
3164 682 3317 747 Θεὸν,
3354 682 3451 751 οὐχ
3485 682 3620 752 ὑπὲρ
3652 683 3757 746 ἐνὸς
3776 686 3939 756 ἔθνους,

758 772 856 849 per
895 780 1271 834 mediationem
1314 779 1475 834 unius
1521 781 1718 850 gentis,
1765 780 1858 835 sed
1906 780 2147 833 omnium
2198 794 2329 847 gen-

2295 800 2329 833 ι-
2428 778 2543 832 ἀλλ’
2574 778 2715 845 ὑπὲρ
2746 778 2962 831 πάντων
2988 779 3144 847 κοινῇ
3182 777 3284 845 τὴν
3326 775 3604 846 μεσιτείαν
3644 780 3939 847 ποιήσασθαι,

763 875 894 927 tium
930 890 944 926 :
975 871 1420 942 quandoquidem
1461 872 1622 926 etiam
1647 872 1884 926 omnium
1912 872 2149 941 gentium
2190 886 2329 927 unus

2303 886 2329 927 s
2428 868 2619 940 ἐπειδὴ
2659 870 2752 922 καὶ⁵
2780 870 2999 923 πάντων
3037 867 3205 920 ὲϐνῶν
3234 863 3317 931 εἷς
3348 868 3467 919 ἐστι
3501 867 3650 931 Θεός.
3689 869 3777 941 Εἶη
3819 873 3857 925 δ’
3896 877 3942 928 ἂν

760 971 844 1017 est
880 962 1043 1016 Deus.
1080 961 1231 1017 liunc
1260 971 1440 1017 autem
1471 977 1595 1016 esse
1622 970 1835 1031 oportet
1866 976 1971 1014 non
1998 962 2197 1014 nudum
2227 961 2327 1015 ho-

2301 991 2327 1002 -
2428 956 2603 1027 οὗτος,
2630 964 2691 1016 οὐ
2718 963 2872 1033 φιλὸς
2893 962 3180 1033 ἄνθρωπος
3210 958 3321 1025 οἷος
3347 962 3573 1030 Μωσῆς,
3608 962 3733 1015 ἀλλὰ
3756 966 3942 1035 Χριστὸς

763 1054 986 1118 minem,
1006 1053 1180 1122 qualis
1206 1063 1323 1107 erat
1348 1052 1545 1117 Moses,
1570 1054 1664 1107 sed
1692 1052 1968 1107 Christum
1991 1051 2181 1106 Filium
2213 1051 2326 1119 Dei,

2298 1054 2326 1119 i,
2426 1055 2456 1109 6
2488 1055 2617 1120 Υἱὸς
2656 1054 2752 1108 τοῦ
2782 1053 2939 1121 Θεοῦ,
2974 1053 3106 1117 Θεός
3145 1070 3206 1106 τε
3250 1053 3325 1108 ὣν
3366 1052 3581 1123 άληθῶς
3612 1054 3640 1106 6
3668 1056 3811 1121 αὐτὸς
3838 1060 3942 1129 ἃμα,

761 1145 853 1213 qui
890 1145 1029 1199 idem
1069 1144 1229 1199 simul
1254 1160 1382 1200 vere
1415 1145 1557 1200 Deus
1584 1153 1666 1199 est
1692 1154 1745 1198 et
1767 1159 1895 1199 vere
1926 1148 2084 1201 homo
2112 1163 2124 1197 :
2157 1153 2211 1197 et
2234 1159 2327 1198 co-

2302 1173 2327 1184 -
2428 1147 2524 1201 καὶ
2552 1146 2842 1218 ἄνθρωπος
2869 1144 3107 1215 άληθῶς,
3158 1143 3254 1198 καὶ
3290 1146 3356 1215 τῇ
3413 1146 3699 1216 συγγενείᾳ
3742 1152 3800 1218 τῇ
3843 1154 3943 1221 πρὸς

762 1236 1023 1307 gnatione
1067 1252 1230 1306 quam
1278 1236 1345 1291 ad
1394 1245 1684 1304 utrumque
1723 1232 1905 1297 habet,
1944 1243 2235 1304 utrumque
2272 1234 2326 1289 in

2298 1251 2326 1289 n
2428 1240 2709 1311 ἑκάτερον,
2744 1240 2825 1302 είς
2853 1239 2910 1291 ἒν
2938 1238 3183 1304 συνάγων
3211 1238 3270 1290 ὲν
3300 1236 3479 1307 ἑαυτῷ
3510 1235 3579 1289 τὰ
3610 1238 3842 1311 ἑκάτερα.
3864 1246 3942 1297 Δὺ.

762 1332 937 1399 seipso
967 1322 1266 1400 conjungit.
1296 1328 1416 1397 ipse
1458 1326 1721 1396 siquidem
1768 1334 1854 1381 est
1890 1341 1990 1394 pax
2019 1337 2205 1381 nostra
2234 1326 2327 1397 qui

2301 1326 2327 1381 ti
2425 1332 2519 1396 τὸς
2546 1331 2656 1403 ⁴γάρ
2676 1334 2825 1385 ἐστιν
2853 1332 2887 1401 ἡ
2918 1330 3111 1402 εἰρήνη
3137 1329 3319 1400 ἡμῶν,
3350 1330 3379 1384 6
3426 1330 3657 1401 ποιήσας
3708 1335 3769 1387 τά
3810 1336 3945 1407 ἀμφό-

672 1468 685 1471 -
763 1419 892 1475 fecit
916 1435 983 1475 ex
1018 1420 1265 1489 utrisque
1297 1434 1483 1473 unum.

1029 1420 1265 1489 utrisque
1297 1434 1483 1473 unum.
2425 1440 2561 1495 τερα
2594 1422 2673 1479 ἓν.

1392 1528 1545 1586 CAP.
1588 1528 1701 1586 XV.

3089 1530 3247 1583 ΚΕΦ.
3276 1527 3346 1584 Δ’.

827 1642 991 1699 Vsus.
1031 1646 1087 1699 5.
1131 1662 1149 1697 ι
1182 1643 1273 1700 Sic
1311 1653 1366 1699 et
1408 1659 1507 1700 nos
1555 1660 1677 1700 cum
1725 1661 1971 1701 essemus
2015 1661 2192 1715 pueri,
2229 1660 2328 1702 suo

2301 1662 2328 1702 ο
2504 1662 2524 1697 ι
2567 1641 2755 1707 Οὕτως
2788 1642 2884 1697 καὶ
2900 1642 3083 1712 ἡμεῖς,
3105 1641 3195 1694 ὅτε
3228 1635 3371 1712 ἦμεν
3394 1640 3603 1711 νήπιοι,
3632 1640 3731 1693 ὑπὸ
3753 1643 3814 1695 τά
3834 1660 3945 1700 στοι-

760 1738 1041 1793 elementis
1069 1738 1249 1791 mundi
1282 1752 1500 1795 eramus
1533 1738 1587 1791 in
1616 1738 1934 1792 servitutem
1962 1737 2160 1791 adacti.
2197 1754 2217 1789 ι

1962 1737 2160 1791 adacti.
2197 1754 2217 1789 ι
2427 1740 2552 1809 χεῖα
2586 1736 2681 1790 τοῦ
2710 1735 2921 1807 κόσμου
2946 1729 3089 1806 ἦμεν
3117 1732 3531 1803 δεδουλωμένοι.
3564 1750 3582 1784 ι

835 1829 893 1883 ln
933 1828 1345 1884 similitudinem
1380 1838 1791 1899 procuratorum
1822 1838 2325 1894 et'ceconomorum,
2362 1850 2407 1907 Β

2301 1851 2325 1894 ι,
2362 1850 2407 1907 Β
2512 1830 2603 1883 Ἐν
2627 1828 2781 1895 τάξει
2814 1828 2925 1881 τῶν
2954 1826 3267 1898 ἐπιτρόπων
3298 1824 3397 1879 καὶ
3416 1825 3712 1895 οἰκονόμων
3736 1826 3829 1879 τῶν
3851 1830 3945 1892 rei»;

760 1922 851 1992 qui
880 1922 1225 1993 imperfectos
1253 1936 1353 1992 per
1390 1929 1605 1975 atatem
1639 1921 1911 1975 instruunt
1938 1935 2003 1976 ac
2025 1921 2329 1989 [moderan-

2302 1948 2329 1961 ..
2430 1920 2640 1985 ἀτελεῖς
2666 1923 2734 1992 τῇ
2775 1919 2963 1992 ἡλικίᾳ
3007 1918 3146 1989 πρὸς
3188 1915 3250 1971 τὸ
3276 1916 3560 1987 συμφέρον
3591 1918 3944 1987 παιδαγωγοῦν-

762 2026 851 2069 ιυι·
896 2015 963 2069 ad
1006 2014 1057 2069 id
1101 2013 1246 2084 quod
1292 2013 1533 2084 expedit,
1569 2012 1755 2068 mundi
1797 2014 2005 2083 accepit
2039 2013 2328 2078 elementa,

2312 2050 2328 2078 ,
2428 2030 2557 2078 των,
2585 2012 2749 2067 ἔλαϐε
2776 2011 2848 2066 τὰ
2880 2013 3124 2082 στοιχεῖα
3148 2008 3241 2065 τοῦ
3277 2010 3515 2081 κόσμου,
3547 2005 3627 2073 οἷς
3658 2005 3787 2082 ἦμεν
3809 2014 3946 2067 δεδου-

760 2111 953 2179 quibus
981 2110 1034 2163 in
1070 2108 1383 2164 servitutem
1409 2108 1611 2164 redacti
1651 2121 1868 2163 eramus
1898 2118 2117 2178 propter
2150 2108 2333 2178 cogni-

2302 2136 2333 2162 ,ο
2428 2105 2662 2177 λωμένοι
2681 2105 2774 2160 διὰ
2803 2104 2867 2159 τὸ
2891 2105 2995 2177 τῆς
3018 2103 3275 2174 γνώσεως
3301 2102 3517 2166 ἀτελές.
3540 2103 3652 2156 Οὐκ
3684 2104 3747 2157 ἂν
3778 2105 3871 2166 οὖν,
3890 2108 3946 2170 ὡς

763 2202 925 2255 tionis
972 2199 1466 2271 imperfectionem.
1511 2200 1859 2270 Nequaquam
1893 2200 2079 2271 igitur,
2117 2209 2174 2254 ut
2215 2199 2333 2269 opi-

2305 2228 2333 2239 -
2430 2193 2609 2269 οίμαι,
2646 2196 2796 2270 ἥλιον
2840 2196 2939 2249 καὶ
2965 2195 3196 2266 σελήνην
3238 2194 3433 2248 ἐλαϐεν
3460 2194 3542 2258 είς
3572 2193 3721 2261 τάξιν
3746 2195 3839 2247 τῶν
3858 2197 3946 2248 ἐπι-

758 2308 884 2357 nor,
920 2294 1087 2349 solem
1125 2301 1181 2347 et
1222 2292 1403 2347 lunam
1441 2292 1492 2347 in
1523 2294 1769 2349 ordinem
1798 2302 2210 2359 procuratorum
2244 2306 2332 2347 re-

2300 2314 2332 2342 ε-
2428 2276 2681 2361 τρόπων,
2695 2289 2785 2344 διά
2819 2292 2881 2344 τὸ
2907 2289 3223 2361 ἀσύμφορον
3247 2286 3389 2344 εἶναι
3411 2288 3514 2356 τὴν
3551 2289 3629 2350 είς
3651 2285 3809 2341 ταῦτα
3848 2290 3944 2341 ὑπο·

762 2385 931 2455 degit,
960 2392 1248 2455 propterea
1294 2385 1436 2454 quod
1466 2384 1655 2438 inutile
1694 2392 1842 2439 esset
1889 2380 1974 2438 his
2011 2398 2131 2438 esse
2158 2383 2332 2454 subje-

2300 2398 2332 2439 ι-
2429 2383 2623 2453 ταγὴν,
2654 2382 2794 2436 ἀλλὰ
2834 2382 3081 2454 στοιχεῖά
3108 2399 3242 2453 φησι
3283 2380 3381 2435 τοῦ
3415 2381 3645 2448 κόσμου,
3676 2380 3706 2449 ἢ
3735 2380 3814 2432 τὸν
3844 2397 3944 2433 στοι-

762 2484 931 2541 ctum,
976 2476 1074 2528 sed
1114 2473 1383 2528 elementa
1428 2473 1611 2527 mundi
1645 2473 1793 2536 dicit,
1827 2483 1918 2525 aut
1947 2472 2330 2529 elementarem

2301 2488 2330 2528 n
2428 2475 2627 2547 χειὼδη
2660 2476 2755 2530 καὶ
2782 2475 3148 2545 εἰσαγωγικὸν
3190 2474 3373 2545 νόμον.
3434 2473 3569 2544 (Καὶ
3619 2473 3721 2541 γὰρ
3768 2474 3861 2535 toi;
3905 2472 3945 2536 ἐξ

761 2577 816 2622 et
846 2567 1263 2623 introductivam
1293 2566 1462 2633 legem
1491 2565 1798 2627 (Scribebat
1824 2566 1968 2620 enim
1990 2566 2331 2622 credentibus

2305 2580 2331 2622 s
2441 2568 2711 2623 Ἰουδαίων
2765 2570 2976 2634 πιστοῖς
3022 2568 3251 2639 ἔγραφε,
3310 2567 3409 2623 καὶ
3465 2566 3614 2638 δηλοῖ
3633 2566 3699 2620 τά
3719 2583 3771 2618 τε
3797 2568 3945 2633 μικρξν

762 2672 794 2713 e
817 2657 1038 2723 ludatis,
1070 2667 1126 2713 et
1174 2658 1443 2728 signiﬁcat
1477 2666 1589 2710 tum
1637 2672 1698 2712 ea
1731 2673 1849 2726 quae
1884 2659 2044 2728 paulo
2084 2660 2331 2729 superius

2305 2675 2331 2716 s
2429 2659 2687 2732 ἀνωτέρω
2715 2659 3005 2732 εἰρημένα,
3036 2660 3132 2714 καὶ
3169 2659 3229 2713 τὸ
3268 2660 3363 2713 ἐὰν
3416 2656 3820 2729 περιτέμνησθε,
3847 2658 3944 2727 Χρι-

761 2750 905 2804 dicta
939 2758 1083 2813 sunt,
1116 2758 1226 2803 tum
1255 2747 1397 2816 quod
1425 2746 1469 2801 si
1501 2746 1935 2811 circumdamini,
1968 2749 2216 2805 Christus
2238 2764 2332 2806 vo-

2298 2770 2332 2801 ι-
2430 2752 2554 2817 στὸς
2583 2754 2728 2822 ὑμᾶς
2769 2753 2921 2807 οὐδὲν
2961 2753 3357 2823 ὡφελήσει).Ἦ
3390 2753 3632 2822 στοιχεῖα
3658 2750 3817 2814 καλεῖ,
3845 2750 3942 2819 ἡμέ-

765 2841 849 2894 bis
897 2840 1030 2894 nihil
1056 2842 1320 2909 proderit)
1364 2851 1457 2893 aut
1487 2840 1751 2895 elementa
1781 2853 1935 2897 vocat
1964 2845 2100 2909 dies,
2134 2859 2328 2915 aquam

2298 2861 2328 2899 n
2431 2859 2552 2913 ρας,
2588 2841 2756 2915 ὕδωρ,
2806 2842 2937 2915 πῦρ,
2982 2836 3057 2897 ὧν
3086 2840 3227 2915 ἦσαν
3254 2846 3317 2897 ὲκ
3346 2842 3445 2897 τοῦ
3485 2844 3565 2907 είς
3599 2841 3824 2895 δουλείαν
3845 2844 3942 2896 ὑπα-

763 2944 817 2986 et
849 2934 1052 3001 ignem,
1084 2950 1314 3002 quornm
1347 2946 1504 2991 erant
1532 2937 1943 2992 observationes
1972 2952 2035 2991 ex
2072 2937 2189 3006 lege
2211 2950 2329 3006 qua:

2298 2950 2329 2990 Ε
2430 2934 2692 3003 γαγόντος
2726 2936 2891 3005 νόμου
2934 2936 2989 2988 αἱ
3021 2935 3461 3006 παρατηρήσεις.
3503 2932 3753 3004 Ἥμερῶν
3783 2933 3878 3002 μὲν.
3903 2935 3942 2983 ἔν

765 3025 819 3079 in
856 3026 1170 3079 servitutem
1208 3028 1453 3097 adigebat
1485 3030 1731 3084 :dierum
1757 3030 1973 3099 quidem
2005 3030 2058 3083 in
2090 3030 2329 3085 sabbatis

2302 3044 2329 3085 s
2428 3045 2491 3082 τε
2519 3027 2821 3092 Σαϐϐάτοις
2852 3029 2948 3082 καὶ
2976 3026 3290 3098 νεομηνίαις
3320 3028 3416 3080 καὶ
3445 3028 3781 3099 περιτομαῖς.
3820 3025 3943 3077 Ὕδα-

764 3126 817 3169 et
848 3117 1144 3171 neomeniis
1188 3132 1250 3171 ac
1292 3118 1821 3185 circumcisionibus,
1868 3136 2020 3191 aqua:
2058 3132 2237 3176 autem
2273 3122 2325 3176 in

2296 3138 2325 3176 η
2429 3139 2520 3185 τος
2552 3122 2632 3189 δὲ,
2660 3124 2717 3177 ὲν
2750 3124 2870 3186 ταῖς
2891 3122 3233 3191 σωματικαῖς
3260 3118 3509 3189 ἁγνείαις
3537 3118 3629 3171 καὶ
3653 3118 3940 3185 βαπτισμοῖς·

766 3205 1235 3277 puriﬁcationihus
1269 3223 1333 3263 ac
1364 3208 1675 3274 lotionibus,
1705 3209 1844 3281 ignis
1875 3227 2002 3266 vero
2024 3212 2074 3266 in
2108 3228 2213 3268 non
2240 3228 2329 3268 ac-
2354 3229 2398 3290 ο

2298 3230 2329 3266 :-
2354 3229 2398 3290 α
2430 3214 2601 3286 πυρὸς
2634 3215 2720 3280 δὲ,
2759 3217 2815 3267 ὲν
2851 3214 2929 3285 τῷ
2964 3214 3041 3286 μὴ
3074 3214 3358 3268 ἀνακαίειν
3393 3213 3507 3284 πῦρ
3556 3213 3614 3265 ὲν
3644 3214 3749 3275 τοίς
3780 3212 3942 3264 Σαϐϐά-

766 3300 1042 3355 cendendo
1074 3299 1315 3355 sabbatis
1355 3301 1501 3372 igne,
1554 3304 1645 3356 sed
1698 3303 1921 3359 edendis
1949 3304 2211 3374 pridianis
2260 3319 2325 3360 ac

2299 3320 2325 3360 c
2428 3325 2563 3372 τοις,
2608 3307 2725 3361 ἀλλ’
2756 3306 2896 3361 ἕωλα
2929 3305 3151 3361 ἐσθίειν.
3182 3306 3329 3377 Ὅρα
3361 3304 3421 3359 δὲ
3462 3306 3517 3358 τί
3549 3300 3698 3359 εἶπεν
3731 3305 3803 3366 είς
3826 3304 3943 3354 τοῦτο

768 3390 998 3460 frigidis.
1052 3390 1181 3448 Vide
1218 3403 1398 3449 autem
1446 3395 1575 3466 quid
1619 3396 1765 3452 circa
1810 3398 1912 3453 hoc
1949 3398 2324 3454 admirandum

2298 3414 2324 3454 ιι
2431 3399 2578 3464 ξένον
2623 3399 2886 3463 Εὐσέϐιος
2921 3400 2981 3452 ὲν
3022 3399 3103 3470 τῷ
3140 3398 3386 3470 τετάρτῳ
3424 3398 3571 3468 λόγῳ
3598 3399 3693 3469 τῆς
3716 3395 3942 3464 εὐαγγελι-

765 3484 913 3536 dicat
969 3481 1235 3538 Eusebius
1282 3497 1480 3554 quarto
1537 3486 1679 3541 libro
1732 3487 1798 3542 de
1856 3488 2327 3545 Demonstratione

1287 3497 1480 3554 quarto
1537 3486 1679 3541 libro
1732 3487 1798 3542 de
1856 3488 2327 3545 Demonstratione
2429 3490 2931 3563 κῆςἊποδείξεως.

764 3572 1089 3644 evangelica.

775 3796 3921 3828 W

1503 3965 1627 4053 IN
1701 3964 2374 4058 EPISTOLAM
2448 3967 2595 4056 AD
2663 3966 3288 4064 HEBRIEOS.

1738 4177 1801 4241 (Ε
1832 4178 1939 4229 cod.
1969 4177 2136 4230 Paris.
2158 4178 2252 4229 258
2275 4180 2574 4246 deprompsit
2616 4181 2836 4246 Casus,
2858 4189 2895 4235 t.
2928 4164 3078 4250 VII.)'

1200 4506 1213 4513 ‘
1296 4517 1524 4578 CAPUT
1584 4517 1879 4578 PRIMUM.
2365 4514 2413 4570 ι)
2786 4566 2791 4572 .

2365 4514 2413 4570 D
2786 4566 2791 4572 .
2854 4521 3251 4580 ΚΕΦΑΛΔΙΟΝ
3286 4522 3586 4579 uPeToN.

840 4653 1111 4715 Vsss..i.
1177 4671 1196 4704 ι
1228 4651 1580 4711 Multifariam
1632 4655 1922 4726 multisque
1970 4657 2143 4713 modis
2202 4658 2331 4713 olim

2297 4674 2331 4713 n
2514 4682 2533 4716 ι
2570 4662 2903 4736 Πολυμερῶς
2927 4662 3021 4717 καὶ
3050 4662 3397 4733 πολυτρόπως
3427 4664 3599 4717 πάλαι
3623 4664 3651 4717 6
3674 4662 3795 4725 Θεὸς
3817 4658 3941 4727 λαλή-

774 4749 914 4804 Deus
957 4748 1180 4816 loquens
1209 4744 1451 4816 patribus
1491 4746 1546 4801 in
1572 4747 1865 4817 prophetis,
1902 4749 2194 4805 novissime
2225 4749 2335 4806 die-

2292 4766 2335 4806 ε·
2441 4772 2540 4820 σας
2591 4758 2706 4820 τοῖς
2748 4754 3026 4826 πατράσιν
3067 4754 3265 4816 ἐντοῖς
3294 4756 3624 4826 προφήταις,
3647 4752 3729 4807 ἐπ’
3758 4752 3936 4821 ἐσχάτου

771 4842 873 4896 bus
904 4839 1025 4893 istis
1054 4838 1265 4893 locutus
1297 4846 1382 4893 est
1409 4839 1565 4894 nobis
1594 4838 1647 4894 in
1675 4836 1832 4905 Filio,
1866 4853 2027 4911 quem
2054 4841 2338 4899 constituit

2295 4843 2338 4899 il.
2440 4846 2548 4901 τῶν
2575 4846 2795 4919 ἡμερῶν
2818 4845 3025 4900 τούτων
3052 4846 3314 4916 ἐλάλησεν
3336 4848 3468 4916 ἡμῖν
3499 4849 3560 4900 ὲν
3605 4847 3735 4915 Υίῷ,
3758 4847 3809 4898 ὃν
3842 4843 3937 4909 ἔθη-

774 4928 1042 4985 haeredent
1079 4930 1478 4994 universorum,
1506 4944 1602 5000 per
1627 4946 1787 5001 quem
1814 4930 1944 4988 fecit
1980 4941 2036 4987 et
2066 4932 2281 4989 saecula.
2310 4952 2331 4988 ι

2310 4952 2331 4988 ι
2436 4953 2499 4990 κε
2547 4936 2880 5008 κληρονόμον
2934 4935 3190 5002 πάντων,
3242 4936 3312 4989 δι’
3348 4931 3410 4990 οὗ
3468 4938 3566 4990 καὶ
3624 4937 3745 4999 τοὺς
3785 4933 3937 4993 αἰῶνας

2063 5039 2073 5047 '
2434 5026 2682 5096 ἐποίησε.
2713 5048 2731 5080 ι

845 5110 1003 5175 Deus,
1046 5110 1238 5179 inquit,
1274 5111 1366 5182 qui
1416 5112 1685 5169 Abraamo
1733 5124 1788 5171 et
1831 5114 1999 5188 Moysi
2042 5132 2340 5189 eorumque

2292 5134 2340 5174 te
2506 5120 2631 5182 Τοῖς
2688 5119 2832 5189 ἀμφὶ
2854 5120 2946 5173 τὸν
2987 5119 3238 5190 Ἁϐραάμ
3273 5135 3333 5171 τε
3397 5117 3493 5171 καὶ
3532 5116 3625 5169 τὸν
3670 5113 3851 5169 Μωσέα
3869 5117 3936 5163 ttat

776 5202 1009 5271 posteris
1044 5206 1192 5258 vario
1223 5204 1403 5270 modo,
1433 5222 1532 5261 nec
1566 5208 1740 5263 minus
1773 5211 1918 5264 omni
1958 5218 2195 5281 tempore
2221 5228 2339 5266 ma-

2290 5228 2339 5266 I-
2436 5208 2561 5273 τοὺς
2615 5208 2853 5279 καθεξῆς
2894 5208 3166 5279 διαφόρως
3189 5203 3304 5272 οὖν,
3336 5208 3491 5277 φησὶ,
3524 5208 3617 5261 καὶ
3642 5202 3934 5270 καταλλήλως

767 5292 974 5363 joribns
1008 5296 1211 5350 nostris
1241 5295 1451 5353 locutus
1478 5310 1561 5354 est
1592 5314 1687 5368 per
1718 5301 2009 5370 prophetas
2037 5318 2184 5369 suos,
2206 5319 2339 5360 eon-

2289 5322 2339 5359 t-
2439 5300 2654 5370 ἑκάστῳ
2712 5298 2887 5371 καιρῷ
2923 5301 3034 5362 τοῖς
3079 5298 3368 5369 ἡμετέροις
3426 5298 3709 5369 προγόνοις
3752 5293 3827 5348 διὰ
3858 5290 3933 5342 τῶν

772 5395 1041 5443 summato
1077 5388 1189 5458 jam
1238 5390 1385 5445 omni
1436 5401 1676 5461 tempore
1703 5392 1913 5448 locutus
1958 5402 2041 5448 est
2090 5395 2246 5449 nobis
2283 5395 2335 5450 in

2289 5395 2335 5450 in
2438 5391 2654 5444 οἰκείων
2710 5390 3007 5460 προφητῶν
3050 5389 3316 5461 ὁμιλήσας
3347 5388 3500 5453 Θεὸς,
3524 5388 3619 5441 τοῦ
3665 5385 3841 5444 παντὸς
3861 5380 3933 5449 ἤδη

772 5478 885 5535 Deo
914 5478 1199 5551 (Christo),
1248 5481 1300 5535 id
1347 5489 1455 5548 est,
1489 5482 1693 5552 legibus
1738 5484 1919 5553 generi
1967 5486 2201 5538 humano
2243 5500 2339 5553 per

2288 5500 2339 5538 er
2436 5483 2626 5553 χρόνου
2676 5485 3190 5557 συμπληρουμένου,
3235 5484 3535 5555 λελάκηκεν
3566 5486 3693 5556 ἡμῖν
3741 5484 3793 5535 ὲν
3829 5477 3932 5544 Θεῷ.

771 5585 961 5629 omnes
1003 5581 1190 5630 tetates
1229 5575 1518 5645 adaptatis,
1570 5576 1639 5629 ita
1693 5588 1751 5629 nt
1794 5576 1937 5630 servi
1975 5576 2141 5643 ipsius
2174 5576 2336 5646 justi-

2291 5576 2336 5629 i-
2436 5577 2701 5642 τουτέστι,
2736 5579 2923 5648 νόμοις
2961 5579 3228 5652 πρότερον
3272 5578 3332 5633 τδ
3372 5579 3525 5649 γένος
3560 5577 3711 5649 ἡμῶν
3751 5573 3935 5635 ἑκάστης

849 5748 970 5826 2C:
992 5749 1376 5826 Gramet‘iana._
1405 5750 1738 5826 Ἐλθούσης
1769 5750 1837 5804 δὲ
1858 5751 1965 5819 τῆς
1996 5752 2275 5815 πίστεως.
2316 5750 2394 5805 Οὐ
2424 5751 2603 5806 τοίνυν
2665 5754 3009 5825 ὲνδελόμενον
3038 5757 3097 5811 οὐ
3127 5758 3171 5811 δ’
3199 5757 3416 5826 εὔλογον
3441 5758 3525 5810 ἐπ’
3577 5755 3831 5823 ἀναιρέσει
3858 5745 3936 5800 τῶν

774 5818 1012 5889 εὐλογῶν
1038 5819 1278 5875 δεδόσθαι
1309 5819 1471 5888 φάναι
1507 5821 1597 5872 τὸν
1622 5821 1802 5889 νόμον.
