4164 6534
300 378 438 444 1733

1028 346 1109 437 's.
1155 375 1560 449 QUINTIANI
1601 376 1960 437 EPISCOPI.
2001 376 2400 441 ASCULANI.
2443 374 2828 447 EPISTOLA.

3371 380 3385 448 l
3404 380 3539 448 1734

296 493 488 564 γενεᾶς
507 489 865 562 καταλλήλοις
892 490 1029 562 πρὸς
1063 490 1260 561 κτῆσιν
1292 489 1637 562 δικαιοσύνης
1667 507 1727 543 τε
1763 491 1860 545 καὶ

1964 493 2093 547 tiam
2115 493 2530 564 divinarumque
2556 509 2737 550 rerum
2767 494 3052 552 scientiam
3081 496 3186 553 sibi
3218 512 3538 569 comparare

296 585 647 656 θεωγνωσίας
673 583 765 638 διὰ
786 583 895 637 τῶν
924 582 1119 638 ἑαυτοῦ
1141 582 1363 650 δούλων,
1394 584 1863 655 παιδαγωγήσεως

290 679 402 733 τῶν
442 678 650 749 χρόνων
693 676 795 748 ἤδη
831 675 1347 747 συμπληρωθέντων
1386 677 1446 728 ὲν
1495 676 1673 748 Ἰησοῦ
1730 678 1865 747 Χρι-

295 768 425 837 στῷ,
466 767 561 821 καὶ
590 769 657 837 τῇ
692 767 815 819 κατ’
839 765 1002 820 αὐτὸν
1038 765 1321 838 οἰκονομίᾳ
1345 768 1458 830 τοῖς
1477 766 1681 821 τούτων
1713 769 1861 839 ἡμᾶς

292 857 557 928 αὐτοτελῆ
580 858 738 928 χάριν
763 855 1149 927 εὐηγγελίσατο
1179 856 1362 926 (λέγει
1388 858 1447 911 δὲ
1471 861 1587 922 τοῖς
1609 859 1745 929 μετά
1771 860 1863 916 τὸν

294 950 552 1021 σταυρὸν)
580 950 671 1004 διὰ
693 951 792 1022 τῆς
818 950 1172 1014 ἀναστάσεως
1207 950 1376 1005 αὐτοῦ
1406 951 1545 1022 πρὸς
1567 953 1627 1005 τὸ
1655 953 1865 1026 ἄφθαρ-

290 1057 385 1093 τον
436 1043 531 1095 καὶ
580 1040 964 1113 ἀναμάρτητον
1011 1040 1114 1110 τῆς
1166 1039 1385 1110 φύσεως
1431 1041 1532 1112 τῆς
1582 1042 1861 1114 ἡμετέρας

288 1133 703 1196 ἀποκαταστάς.

370 1243 390 1275 ι
424 1224 501 1277 Δι’
534 1216 595 1276 οὗ
624 1223 720 1276 καὶ
746 1223 874 1287 τούς
900 1222 1102 1286 αἰῶνας
1130 1221 1405 1290 ἐποίησεν.
1437 1238 1457 1272 ι

361 1315 527 1380 Δόξαν
550 1315 812 1386 εὐφήμως
844 1315 1082 1385 κέκληκε
1112 1314 1205 1366 τὸν
1239 1312 1479 1383 Πατέρα,
1509 1314 1857 1383 ἀπαύγασμα

287 1408 348 1463 δὲ
370 1409 465 1463 τὸν
494 1408 643 1474 Υίὺν,
674 1407 940 1462 διδάσκων
964 1408 1030 1460 ὲκ
1063 1406 1530 1478 παραδείγματος,
1558 1407 1622 1459 ὲκ
1644 1405 1859 1476 Πατρός

289 1520 349 1557 τε
379 1501 539 1556 αὐτὸν
568 1497 709 1555 εἶναι
743 1502 836 1554 καλ⁵
865 1500 1133 1553 συναῖδιον
1154 1498 1232 1569 τῷ
1254 1498 1449 1568 Πατρί*
1484 1496 1723 1550 τοιοῦτον
1748 1496 1857 1566 γὰρ

288 1594 352 1649 τὺ
370 1593 710 1666 ἀπαύγασμα
732 1595 796 1647 ὲκ
814 1593 910 1646 τοῦ
931 1609 993 1645 τε
1020 1592 1100 1657 ὃν,
1129 1590 1478 1660 συνυπάρχον
1509 1588 1656 1658 αὐτῷ
1678 1606 1691 1619 ·
1722 1586 1856 1641 οὐκ·

286 1703 383 1740 ουν
414 1686 480 1740 ἂν
507 1685 660 1757 ἥλιον
702 1685 846 1738 εἴποι
875 1700 958 1747 τις
986 1683 1090 1736 ὑπό
1129 1699 1189 1735 τε
1227 1681 1323 1734 τοῦ
1370 1678 1575 1733 οἰκείου
1619 1678 1861 1749 πρεσϐύ-

288 1794 445 1849 τερον
497 1777 950 1847 ἀπαυγάσματος.
999 1775 1142 1845 Ἔφη
1181 1773 1239 1827 δὲ
1286 1772 1421 1826 αὐτὸ
1451 1770 1575 1841 δίχα
1630 1772 1735 1841 τῇς
1778 1771 1859 1835 ὡς

292 1868 579 1941 συλλαϐῆς,
606 1868 749 1922 κατὰ
779 1868 840 1920 τὸ
869 1866 1067 1936 ἰδίωμα
1093 1865 1193 1935 τῆς
1221 1864 1465 1937 Γραφῆς.

878 1978 1129 2030 ΚΕΦΑΛ.
1170 1976 1244 2029 E'.

367 2115 386 2148 ι
423 2093 812 2157 Εἰσακουσθεὶς
870 2093 979 2145 ἀπὸ
1028 2093 1127 2161 τῆς
1176 2089 1485 2154 εὐλαϐείας,
1526 2087 1727 2159 καίπερ
1783 2086 1859 2140 ὢν

291 2188 438 2255 Υίδς,
465 2187 665 2258 ἔμαθεν
695 2185 787 2255 ἀφ’
814 2178 889 2240 ὧν
919 2185 1087 2238 ἔπαθε
1110 2183 1209 2254 τὴν
1236 2180 1503 2253 ὑπακοήν.
1546 2198 1567 2232 ι

372 2374 522 2429 Ἀντὶ
549 2372 669 2437 τοῦ,
695 2370 785 2441 Τῷ
810 2371 972 2426 πάθει
996 2370 1058 2424 τὸ
1088 2368 1317 2441 μάθημα
1331 2368 1431 2439 τῆς
1453 2366 1702 2437 ὑπακοῆς
1719 2365 1859 2436 ἔχων

1967 583 2278 653 potuerint,
2327 583 2479 652 jam,
2536 585 2817 654 completis
2882 587 3141 643 doctrina:
3205 605 3302 659 per
3351 588 3537 645 Iesum

1965 674 2241 729 Christum
2291 674 2580 730 all‘erendaa
2630 678 2964 746 temporibus
2988 718 3004 745 ,
3036 694 3134 749 per
3174 681 3534 750 dispensatio-

1967 781 2092 822 nem
2119 765 2174 820 in
2210 780 2275 821 eo
2304 766 2504 821 iactam
2538 769 2694 823 nobis
2729 769 3022 838 perfectam
3057 771 3289 839 gratiam
3320 788 3533 827 annun-

1967 858 2143 925 tiavit,
2173 867 2360 929 utpote
2388 860 2478 928 qui
2506 870 2630 928 post
2660 875 2877 916 crucem
2906 877 3003 932 per
3031 862 3148 932 ejus
3176 864 3535 919 resurrectio-

1964 965 2089 1006 nem
2138 951 2205 1005 ad
2235 951 2527 1021 puritatem
2573 951 3051 1023 integritatemque
3097 963 3306 1010 naturae
3337 964 3535 1010 nostra:
3615 1012 3618 1021 ,

1965 1041 2202 1096 restituti
2235 1056 2441 1097 sumus.

2026 1226 2197 1281 Vens.
2225 1225 2280 1281 2.
2323 1244 2342 1278 ι
2373 1226 2474 1281 Per
2503 1241 2663 1296 quem
2693 1225 2823 1282 fecit
2851 1236 2905 1281 et
2932 1226 3155 1282 saecula.
3188 1246 3208 1279 ι

2029 1316 2311 1372 Gennadii.
2358 1318 2666 1373 llonorilicc
2706 1317 2933 1388 gloriam
2976 1318 3529 1387 appellavitPatrem,

1960 1408 2299 1476 Splendorem
2330 1419 2509 1463 autem
2539 1407 2753 1475 Filium,
2797 1408 3088 1463 ostendens
3119 1423 3214 1477 per
3244 1423 3531 1477 compara«

1964 1502 2185 1563 tionem,
2216 1516 2337 1552 eum
2371 1514 2491 1555 esse
2517 1516 2582 1554 ex
2614 1500 2770 1554 Patre
2803 1510 2858 1554 et
2878 1510 3205 1555 coaeternum
3233 1500 3377 1555 Patri
3407 1520 3421 1555 :
3452 1501 3533 1557 sic

1958 1590 2103 1643 enim
2154 1591 2409 1657 Splendor
2457 1598 2540 1645 est
2573 1605 2640 1644 ex
2677 1591 2856 1660 aliqua
2910 1605 2969 1644 re
3014 1590 3173 1660 eique
3226 1590 3531 1645 coexsistit.

1958 1680 2137 1747 Quare
2187 1699 2286 1737 nec
2333 1682 2499 1736 solem
2548 1684 2672 1752 quis
2704 1684 2901 1738 dixerit
2954 1684 3315 1753 antiquiorem
3366 1684 3535 1753 ipsius

1959 1774 2268 1838 splendore.
2322 1774 2508 1843 Neque
2555 1775 2753 1844 adjecit
2791 1776 3038 1832 voculam
3086 1775 3187 1841 ὡς,
3230 1778 3530 1832 secundum

1885 1852 1929 1911 Β
1960 1865 2255 1937 Scriptura:
2288 1868 2760 1923 consuetudinem.

2624 1978 2778 2034 CAP.
2810 1978 2876 2033 ν.

2031 2090 2198 2147 Vens.
2234 2092 2289 2157 7,
2321 2092 2375 2148 8.
2422 2110 2441 2144 ι
2471 2092 2764 2150 Exauditus
2804 2106 2889 2151 est
2921 2110 3018 2165 pro
3061 2111 3157 2150 sua
3205 2095 3531 2151 reverentia.

1963 2185 2031 2240 Et
2062 2184 2280 2255 quidem
2312 2199 2433 2240 cum
2465 2194 2609 2241 esset
2636 2185 2807 2242 Filius
2858 2188 2974 2255 Dei,
3007 2188 3196 2243 didicit
3227 2204 3293 2244 ex
3326 2188 3392 2243 iis
3416 2204 3534 2258 quae

1960 2290 2156 2347 passus
2187 2286 2270 2331 est
2298 2276 2681 2333 obedientiam.
2717 2296 2735 2330 ι

2029 2366 2143 2422 lloc
2169 2375 2272 2434 est,
2301 2367 2554 2436 passione
2584 2370 2868 2424 scientiam
2901 2369 3223 2425 obedientiaa
3245 2368 3533 2438 perfectis-

290 2465 694 2529 ἑντελέστατον,
726 2462 1065 2528 ἐπεδείξατο,
1089 2463 1183 2515 καὶ
1208 2460 1381 2514 ταῦτα
1407 2459 1693 2530 τυγχάνων
1708 2458 1857 2523 Υίός.

1962 2457 2148 2513 simam
2189 2468 2378 2513 nactus
2404 2472 2524 2512 esse
2559 2460 2982 2527 demonstratur,
3012 2469 3066 2514 et
3089 2460 3306 2529 quidem
3344 2470 3402 2513 ut
3431 2459 3528 2514 Fi-

290 2550 447 2605 υύτω
470 2550 528 2605 δὲ
556 2551 652 2604 καὶ
679 2552 840 2622 ἡμεῖς
876 2549 1058 2618 λέγειν
1087 2550 1360 2620 εἰώθαμεν
1385 2568 1400 2583 ο
1442 2548 1703 2615 πολλάκις
1730 2548 1862 2618 γοῦν

292 2644 491 2717 ἄριστα
523 2645 681 2712 λόγον
710 2642 1144 2712 διεξεληλυθότος
1170 2646 1334 2711 τινὸς,
1366 2645 1547 2716 φαμὲν
1579 2646 1664 2699 ὅτι
1694 2638 1863 2709 Οὗτος

290 2736 509 2806 ἀληθῶς
568 2735 775 2807 ἔμαθεν
819 2737 913 2807 ἀφ’
942 2729 1017 2790 ὧν
1045 2738 1238 2808 εἴρηκε
1275 2738 1487 2807 λόγους,
1515 2737 1761 2790 τουτέστι
1788 2739 1855 2810 τῇ

290 2828 524 2899 ἀγγελίᾳ
558 2829 653 2883 καὶ
696 2825 763 2901 τῇ
813 2828 1013 2901 φράσει
1037 2828 1285 2899 ἐβεϐαίως
1324 2830 1525 2895 ἔδειξεν
1562 2829 1858 2901 κατωρθω-

289 2920 441 2973 κέναι
473 2920 580 2975 τῶν
597 2920 769 2989 λόγων
797 2921 898 2993 τὴν
934 2921 1194 2993 μάθησιν.
1465 2936 1469 2940 ’

1956 2550 2082 2605 lius.
2125 2549 2217 2604 Sic
2254 2564 2349 2604 nos
2382 2563 2595 2619 quoque
2623 2551 2803 2606 dicere
2828 2554 3231 2617 consuevimus,
3268 2551 3532 2629 siqigdem

1958 2641 2102 2697 haud
2134 2656 2279 2707 raro,
2329 2642 2419 2697 ubi
2451 2642 2572 2709 quis
2605 2641 2741 2696 bene
2772 2645 2931 2698 verba
2964 2642 3108 2707 fecit,
3153 2658 3274 2698 eum
3305 2658 3373 2696 ex
3407 2658 3534 2696 ora-

1964 2737 2109 2792 tione
2144 2751 2242 2792 sua
2274 2750 2405 2791 vere
2431 2735 2686 2791 didicisse
2715 2737 3115 2801 contendimus,
3148 2736 3197 2790 id
3220 2745 3325 2801 est,
3353 2732 3535 2789 enun-

1965 2830 2189 2885 tiatione
2238 2839 2401 2901 atque
2449 2831 2688 2885 dictione
2728 2829 3010 2885 manifesto
3056 2831 3293 2883 ostendit
3340 2843 3398 2882 se
3444 2842 3532 2893 ea,

1962 2937 2081 2993 qua:
2128 2921 2520 2993 pronuntiavit,
2569 2923 2619 2976 in
2668 2938 2887 2978 succum
2936 2937 3000 2977 ac
3046 2920 3363 2990 sanguinem
3410 2934 3534 2975 ver-

1967 3010 2115 3066 tisse.

1472 3390 1644 3435 ANNO
1696 3388 1922 3434 DOMINI
1961 3389 2345 3435 CCCCLXXXV.
2402 3440 2409 3449 ,

656 3474 1621 3754 SANCTUS
1762 3562 3207 3793 QUINTIANUS,

1449 3871 1859 3934 EPISCOPUS
1900 3870 2243 3932 ASCULAN
2248 3868 2364 3929 US.

940 4218 1067 4345 S.
1110 4308 1113 4315 -
1172 4217 1995 4366 QUINTIANI
2089 4212 2859 4345 EPISTOLA

299 4475 451 4563 AD
520 4477 1008 4568 PETRUM
1093 4471 1742 4565 FULLONEM
1823 4468 2497 4563 EPISCOPUM
2589 4470 3296 4565 ANTIOCHIAE
3395 4458 3516 4562 (ί).

1242 4666 1439 4732 (Mmsr,
1473 4665 1633 4730 Ampi.
1677 4663 1790 4716 coll.
1828 4665 1970 4715 Cone.
1992 4676 2123 4732 gem,
2144 4668 2181 4715 t.
2210 4665 2319 4727 VII,
2340 4680 2392 4730 p.
2425 4665 2589 4727 1110.)

369 4968 727 5038 Πολυτρόπως
754 4970 853 5041 (2),
888 4972 982 5024 καὶ
1019 4969 1343 5042 πολυμερῶς
1369 4971 1654 5035 ἐξένευσας
1675 5012 1692 5037 ,
1719 4970 1858 5040 ἀγα-

300 5062 464 5133 πητὲ,
495 5061 594 5132 τῆς
626 5063 897 5131 ἀληθείας,
929 5064 1187 5118 τάναντία
1212 5064 1468 5134 πράττων
1492 5063 1584 5116 τοῦ
1615 5064 1853 5117 δεσποτι-

300 5154 400 5209 κοῦ
435 5153 756 5225 μυστηρίου,
795 5154 868 5223 μὴ
897 5156 1158 5225 ἑπόμενος
1184 5157 1295 5219 τοῖς
1329 5153 1709 5222 Εὐαγγελίοις,
1740 5153 1859 5224 ἦτοι

378 5312 454 5383 (1)
496 5310 554 5365 In
576 5308 1182 5383 Bellovarensicodice.
1224 5319 1279 5383 et
1312 5318 1478 5383 altero
1507 5310 1565 5364 S.
1601 5309 1857 5383 Victoris,

301 5382 359 5437 S.
390 5379 701 5449 Quintiani.
742 5380 979 5449 episcopi
1006 5380 1276 5441 Asculani,
1318 5381 1384 5432 ad
1426 5379 1643 5434 Petrum
1675 5380 1858 5433 Antio-

301 5456 537 5505 cheuum.
567 5451 623 5504 In
657 5448 755 5504 Ms.
772 5448 902 5502 cod.
927 5448 1063 5502 Bibl.
1091 5450 1371 5514 Caesareae,
1405 5460 1540 5505 teste
1570 5450 1857 5504 Lambecio

303 5536 432 5577 iuni.
472 5521 605 5583 Vlll,
636 5536 757 5591 pag.
798 5519 923 5577 494,
962 5517 1372 5591 tittilusGrzct-e
1411 5520 1495 5572 hic
1539 5531 1657 5575 est:
1715 5521 1860 5574 Ἴσον

300 5592 589 5659 ὲπ;στολῆς
633 5590 933 5643 Κυντιανοῦ
981 5590 1280 5642 ἐπισκόπου
1334 5590 1730 5659 Ἀρκουλιανῶν
1779 5591 1856 5651 (in

302 5662 410 5729 alio
453 5660 891 5733 Ἐρκουλιανῷν),
927 5660 1061 5733 πρὸς
1091 5659 1296 5733 Πέτρον
1321 5659 1615 5713 ἐπίσκοπον
1644 5663 1719 5733 (in
1749 5663 1857 5715 alio

796 5730 1357 5855 ἲνιοκιξίαιξοτέξιτὲυέ

398 5801 452 5869 2)
495 5801 670 5855 Edidit
704 5799 767 5856 (ἱ.
802 5800 864 5855 L.
900 5799 1059 5856 R.P.
1092 5800 1297 5855 Fronto
1327 5800 1545 5856 Ducreus
1570 5801 1627 5855 S.
1654 5800 1703 5855 J.
1737 5810 1857 5866 post

2037 4968 2380 5025 Multiiariam
2406 4971 2696 5038 multisque
2716 4969 2911 5034 modis,
2941 4968 3287 5035 cbarissime,
3322 4983 3353 5023 a
3383 4970 3527 5024 veri-

1970 5072 2079 5118 tate
2101 5062 2351 5128 deviasti,
2375 5066 2647 5117 contraria
2681 5063 2867 5118 herilis
2890 5062 3136 5133 mysterii
3174 5062 3402 5128 faciens,
3422 5077 3527 5118 non

1966 5154 2239 5222 sequendo
2256 5152 2565 5223 Evangelia,
2578 5154 2659 5208 vel
2677 5154 2970 5224 apostolos,
2986 5153 3068 5208 vel
3083 5163 3300 5210 sanctos
3315 5153 3386 5208 Pa
3396 5164 3525 5225 tres,

1964 5311 2357 5367 commentaria
2396 5310 2479 5367 Jo.
2512 5311 2736 5370 Zonarze
2781 5314 2840 5369 S.
2880 5314 2930 5371 J.
2982 5328 3123 5368 anno
3153 5312 3294 5369 1618
3345 5314 3530 5370 Graece

1962 5382 2202 5448 vulgavit
2248 5382 2434 5436 Binius
2493 5385 2680 5439 eodem
2733 5402 2895 5440 anno.
2931 5414 3001 5424 -—
3036 5384 3184 5437 Hanc
3245 5384 3526 5453 epistolam

1962 5454 2238 5523 contendit
2264 5455 2453 5508 falsam
2481 5470 2603 5509 esse
2622 5466 2675 5507 et
2695 5456 3088 5523 supposititiam
3119 5455 3363 5509 Valesius
3389 5455 3478 5508 lib.
3512 5469 3526 5506 ι

1965 5520 2180 5577 Observ.
2205 5525 2388 5578 eccles.
2417 5525 2481 5578 ad
2510 5520 2808 5594 Evagrinm
2834 5540 2953 5594 cap.
2982 5524 3045 5590 4;
3083 5526 3368 5591 genuinam
3402 5540 3530 5577 vero

1962 5608 2083 5647 esse
2116 5594 2309 5663 probat
2340 5594 2537 5664 Pagius
2563 5597 2627 5647 ad
2663 5609 2754 5650 an.
2786 5593 2913 5659 485,
2952 5613 3005 5650 ιι.
3041 5595 3107 5648 15
3138 5607 3190 5649 et
3225 5610 3404 5662 seqq.,
3435 5594 3528 5646 da-

1964 5672 2178 5732 tamque
2230 5675 2413 5717 contra
2458 5664 2758 5719 Fullonem.
2811 5665 2937 5719 Haec
2982 5664 3256 5731 Quintiani
3302 5664 3527 5731 epistola

1962 5744 2173 5803 spectat
2201 5734 2267 5789 ad
2298 5735 2563 5805 synodum
2593 5734 2867 5801 Quintiani
2900 5752 2988 5792 an.
3021 5736 3129 5790 485
3154 5734 3419 5790 habitam.
