4164 6516
678 360 815 427 1Ἶ35

1607 354 1666 413 S.
1705 352 2109 423 QUINTIANI
2146 352 2511 414 EPISCOPI.
2551 352 2949 415 ASCULANI.

3788 351 3925 417 1736

652 467 890 539 Etenim
942 460 1209 533 expositio
1266 468 1355 513 tua
1429 473 1646 526 gravem
1708 458 1813 513 fert
1863 470 2050 514 contra
2106 461 2251 529 ipsos

2352 461 2466 523 τοῖς
2494 458 2835 522 ἀποστόλοις,
2876 461 2995 529 ἦτοι
3025 460 3138 520 τοῖς
3169 458 3347 527 ἁγίοις
3376 457 3645 532 Πατράσι.
3677 460 3794 515 Καὶ
3824 460 3930 528 γὰρ

678 560 973 617 novitatem
1031 551 1312 609 catholicae
1345 550 1621 606 Ecclesize.
1664 550 1731 605 Et
1758 551 1973 621 quidem
2006 568 2112 607 non
2155 552 2256 607 ab.

674 654 853 727 jecisti
900 651 1071 721 ipsam
1098 688 1114 713 ,
1172 645 1359 700 multis
1388 644 1657 713 episcopis
1695 644 2154 712 praemonentibus
2201 652 2256 699 te

681 746 956 816 (maxime
988 739 1339 799 sanctissimo
1363 736 1771 806 archiepiscopo
1792 734 2005 806 Felice)
2043 738 2111 791 ab
2138 736 2255 806 ipsa

681 841 949 894 divertere
978 876 994 900 ,
1028 843 1084 890 et
1115 847 1237 888 esse
1271 840 1477 885 rectum
1517 840 1573 884 et
1608 830 1965 884 orthodoxnm
2017 828 2256 884 salubris

679 926 1080 1001 praedicationis
1120 931 1445 978 sectatorem
1484 939 1499 977 :
1539 922 1637 977 sed
1670 930 1821 977 certe
1853 928 2042 975 contra
2074 920 2253 974 haere-

679 1024 818 1076 sium
869 1018 1155 1073 alfectator
1187 1013 1361 1080 fuisti,
1399 1023 1455 1068 et
1481 1012 1737 1068 talentum
1769 1012 1968 1067 divinae
1996 1010 2256 1065 doctrinae

680 1113 734 1168 in
772 1124 973 1168 terram
1006 1107 1361 1171 abscondisti,
1407 1116 1462 1161 et
1508 1121 1613 1160 non
1668 1106 1846 1174 potius
1877 1107 2051 1174 ipsum
2087 1118 2254 1173 supra

680 1220 921 1259 mensam
949 1203 1217 1273 projicere
1242 1197 1526 1263 censuisti,
1546 1196 1801 1252 videlicet
1828 1210 2015 1251 sanam
2045 1194 2252 1251 doctri-

682 1312 803 1351 nam
836 1296 890 1351 in
933 1292 1188 1350 cordibus
1220 1291 1495 1346 hominum
1530 1289 1813 1353 inserere;
1855 1289 1950 1342 sed
1993 1302 2025 1342 e
2062 1296 2251 1341 contra

682 1388 890 1442 zizania
921 1385 1224 1441 seminasti.
1252 1384 1319 1438 Et
1342 1384 1467 1452 quis
1494 1382 1669 1437 adhuc
1702 1379 1995 1435 sustinebit
2028 1388 2100 1444 te,
2123 1392 2252 1446 per-

680 1488 981 1534 vertentem
1000 1475 1200 1532 Christi
1218 1474 1601 1545 Evangelium?
1624 1473 1845 1527 Scilicet
1863 1487 1966 1525 non
1992 1471 2252 1541 pradicas

680 1588 847 1627 unum
874 1570 1067 1625 Filium
1104 1571 1156 1629 in
1189 1570 1398 1625 duabus
1437 1567 1650 1623 naturis
1686 1567 1968 1620 Dominum
2005 1575 2248 1619 nostrum

679 1661 860 1717 Jcsum
883 1660 1185 1727 Christum,
1217 1670 1271 1715 et
1301 1662 1444 1715 hunc
1463 1658 1809 1725 crucifixnm;
1837 1660 1929 1713 sed
1953 1658 2117 1710 Deum
2140 1655 2252 1709 for-

683 1760 811 1820 tem,
831 1753 1216 1815 immortalem,
1236 1751 1486 1805 videlicet
1512 1765 1672 1805 unam
1693 1749 1976 1803 Trinitatis
1994 1748 2249 1802 substano

2357 551 2579 622 βαρεῖαν
2606 550 2762 622 φέρει
2787 552 2907 604 κατ’
2930 550 3112 605 αὐτῶν
3137 551 3491 622 καινοτομίαν
3512 553 3610 622 τῆς
3634 552 3931 620 καθολικῆς

2368 641 2693 712 Ἐκκλησίας
2723 642 2755 711 ἡ
2782 640 3001 705 ἔκθεσίς
3027 659 3141 696 σου.
3174 644 3285 697 Καὶ
3308 642 3556 713 μέντοιγε
3578 644 3681 695 οὐκ
3710 643 3931 695 ἀπείπω

2353 732 2590 804 ταύτην,
2648 731 2861 786 πολλῶν
2916 734 3235 788 ἐπισκόπων
3296 735 3765 805 ύπομεμνηκότων
3832 751 3889 786 σε
3912 774 3927 795 ,

2358 824 2591 897 μάλιστα
2614 824 2711 878 τοῦ
2752 824 3058 894 ἁγιωτάτου
3085 826 3522 897 ἀρχιεπισκόπου
3548 825 3803 895 Φήλικος,
3834 823 3929 876 τοῦ

2352 916 2559 988 ταύτην
2606 917 3021 989 ἀποστραφῆναι
3063 935 3123 972 σε
3150 958 3166 982 ,
3200 918 3299 972 καὶ
3334 917 3468 988 εύθῆ
3506 918 3601 971 καὶ
3634 916 3929 988 ὀρθότομον

2354 1006 2495 1066 εἶναι
2526 1010 2622 1066 τοῦ
2667 1013 2935 1084 σωτηρίου
2986 1012 3370 1085 κηρύγματοςο
3398 1012 3517 1067 ἀλλ’
3546 1009 3641 1067 οὗν
3683 1030 3749 1082 γε
3783 1014 3931 1067 ἀντι-

2355 1104 2680 1175 ποιούμενος
2698 1105 2983 1175 αἱρέσεων,
3007 1104 3068 1157 τὸ
3082 1105 3180 1172 τῆς
3201 1104 3351 1169 Θείας
3370 1105 3722 1169 διδασκαλίας
3738 1105 3932 1159 ταλαν-

2354 1214 2447 1250 τον
2474 1195 2780 1267 ἀπεκρύψω
2807 1198 2887 1260 είς
2911 1196 3011 1267 τὴν
3030 1197 3156 1267 γῆν,
3178 1199 3275 1250 xui
3300 1198 3362 1250 οὐ
3388 1198 3589 1269 μᾶλλον
3610 1199 3770 1252 τοῦτο
3795 1217 3929 1271 προ-

2356 1287 2649 1343 ϐάλλεσθαι
2680 1289 2773 1342 ἐπὶ
2799 1288 3083 1359 τράπεζαν
3111 1285 3282 1353 εἴξας,
3311 1284 3422 1343 οἷον
3452 1291 3512 1344 ὲν
3540 1293 3660 1355 ταῖς
3690 1291 3799 1343 τῶν
3831 1293 3929 1344 ἀν-

2355 1384 2591 1455 θρώπων
2619 1384 2873 1456 καρδίαις
2906 1383 3007 1455 τὴν
3033 1384 3162 1455 ὑγιῆ
3194 1384 3562 1441 διδασκαλίαν.
3607 1387 3770 1440 Ἀλλὰ
3803 1388 3929 1440 τού-

2352 1475 2567 1528 ναντίον
2595 1474 2811 1539 ζιζάνια
2842 1475 3125 1546 ἔσπειρας.
3156 1475 3301 1546 (Καὶ
3330 1476 3412 1541 τίς
3446 1476 3528 1529 ἔτι
3553 1477 3802 1541 ἀνέξεταί
3833 1494 3927 1531 σου

2350 1565 2770 1637 διαστρέφοντος
2809 1566 2874 1621 τὸ
2899 1566 2993 1620 τοῦ
3023 1566 3264 1638 Χριστοῦ
3300 1568 3696 1639 Εύαγγέλιον;)
3732 1570 3805 1622 05
3836 1569 3930 1620 τὸν

2352 1662 2412 1714 ὲν
2436 1660 2528 1713 δύο
2570 1660 2796 1730 φύσεσιν
2838 1660 2936 1714 ἕνα
2965 1661 3116 1725 Υἱὸν,
3147 1661 3239 1714 τὸν
3274 1660 3482 1733 Κύριον
3524 1660 3682 1733 ἡμῶν
3724 1660 3930 1731 Ἰησοῦν

2351 1752 2608 1823 Χριστὸν,
2641 1754 2829 1806 τοῦτον
2857 1752 3149 1825 κηρύσσων
3186 1754 3637 1827 ἐσταυρωμένον,
3672 1758 3812 1813 ἀλλὰ
3840 1760 3929 1812 τὴν

683 1846 813 1900 tiam
842 1847 976 1899 dicis
1009 1844 1327 1900 crucilixam
1356 1860 1371 1898 :
1401 1853 1457 1896 et
1488 1858 1593 1896 non
1633 1842 1829 1903 solum,
1868 1843 1960 1894 sed
2000 1850 2052 1894 et
2090 1855 2250 1895 unam

2352 1821 2488 1897 Θεὸν
2518 1844 2610 1898 τὸν
2645 1845 2885 1917 ἰσχυρὸν,
2916 1821 3010 1898 τὸν
3052 1846 3344 1911 ἀθάνατον,
3363 1821 3484 1903 ,οἷον
3521 1848 3621 1921 τὴν
3658 1850 3789 1921 μίαν
3832 1852 3931 1921 τῆς

681 1950 930 1994 naturam
969 1937 1060 1992 Dei
1092 1937 1254 1993 Verbi
1285 1946 1337 1991 et
1360 1936 1540 1991 carnis
1568 1934 1725 1989 dicis.
1751 1932 1817 1988 Et
1842 1935 1885 1989 si
1918 1950 2025 1988 una
2060 1943 2250 1987 natura

683 2031 775 2086 Dei
805 2030 963 2083 Verbi
991 2039 1047 2083 et
1076 2030 1256 2083 carnis
1288 2037 1393 2094 est,
1425 2043 1526 2080 una
1565 2036 1742 2081 autem
1786 2036 1977 2081 natura
2028 2024 2119 2077 Dei
2153 2023 2254 2079 Pa-

685 2125 783 2179 tris
816 2134 871 2177 et
909 2120 1092 2187 Verbi,
1126 2122 1398 2190 quomodo
1426 2134 1529 2173 non
1562 2135 1664 2173 una
1687 2130 1739 2173 et
1780 2119 1894 2188 ipsa
1928 2129 2115 2172 natura
2151 2117 2254 2171 Pa-

628 2256 646 2274 .
684 2217 783 2271 tris
809 2222 862 2269 et
895 2214 1138 2283 corporis
1168 2222 1223 2266 et
1250 2212 1454 2266 Verbi?
1486 2211 1541 2265 Si
1574 2221 1753 2265 autem
1782 2226 1886 2264 non
1925 2226 2027 2263 una
2059 2221 2251 2263 natura

683 2310 777 2365 Dei
812 2309 1009 2372 Patris,
1042 2316 1097 2362 et
1125 2306 1310 2362 carnis
1351 2305 1619 2369 humanae,
1650 2312 1704 2357 et
1749 2300 1907 2356 Verbi
1941 2319 1953 2355 :
1992 2303 2077 2355 dic
2120 2316 2255 2371 quo-

683 2402 846 2457 modo
868 2415 970 2454 una
998 2409 1193 2453 natura
1221 2396 1382 2452 Verbi
1409 2405 1462 2449 et
1490 2394 1714 2450 carnis?
1741 2392 2021 2459 Quomodo
2048 2406 2249 2459 creata,

683 2501 737 2547 et
764 2493 1061 2548 increatum
1088 2502 1115 2530 α
1138 2528 1153 2553 ,
1183 2503 1286 2543 una
1322 2498 1517 2541 natura
1548 2486 1677 2541 est?
1710 2486 1766 2540 Si
1805 2497 1984 2541 autem
2016 2487 2119 2539 hoc
2146 2487 2251 2539 im-

686 2584 940 2654 possibile
969 2592 1075 2650 est,
1110 2582 1381 2653 quomodo
1420 2596 1547 2636 caro
1589 2591 1645 2634 et
1683 2579 1982 2634 increatmn
2015 2578 2251 2633 Verbum

685 2692 790 2731 una
833 2686 1022 2730 natura
1050 2714 1066 2738 ,
1117 2684 1173 2728 et
1226 2689 1332 2726 nun
1393 2673 1511 2726 dua:
1542 2671 1927 2726 commutatae?
1965 2670 2021 2724 Si
2074 2680 2251 2724 autem

685 2767 843 2820 unius
874 2774 1080 2817 naturae
1113 2772 1198 2817 est
1226 2761 1475 2817 Christus
1504 2802 1518 2825 ,
1552 2773 1606 2818 et
1649 2778 1754 2817 non
1786 2763 2009 2815 duarum
2040 2775 2053 2813 :
2086 2775 2253 2829 quare

688 2872 791 2911 non
845 2857 981 2911 dicis
1016 2856 1291 2911 Christum
1328 2864 1592 2919 creatum,
1623 2854 1762 2908 sicut
1812 2853 1996 2916 Arius,
2051 2852 2131 2906 vel
2172 2854 2252 2905 in-

683 2959 968 3013 creatunt,
1026 2951 1167 3003 sicut
1204 2946 1574 3001 Manicbmus?
1617 2946 1720 3001 Ubi
1751 2956 1929 2998 autem
1975 2954 2058 2999 est
2117 2954 2253 2997 tem-

686 3040 885 3108 poralis
915 3040 1111 3094 Christi
1144 3040 1509 3109 generationis
1552 3047 1744 3090 natura
1774 3076 1789 3099 ,
1839 3049 1893 3090 et
1951 3037 2251 3090 divinitatis

2352 1938 2582 2010 Τριάδος
2601 1939 2813 2007 οὐσίαν,
2833 1938 3061 2007 φάσκων
3082 1941 3521 2012 ἐσταυρωμένονο
3540 1945 3635 1997 καὶ
3656 1945 3717 1997 ού
3746 1944 3928 2015 μόνον,

2351 2031 2488 2086 ἀλλά
2514 2048 2581 2102 γε
2625 2032 2721 2085 καὶ
2750 2032 2843 2087 τοῦ
2875 2032 3011 2087 Θεοῦ
3056 2034 3231 2103 Λόγου
3275 2024 3437 2104 φύσιν
3489 2036 3617 2107 μίαν
3641 2076 3656 2100 ,
3691 2037 3787 2090 καὶ
3829 2038 3929 2103 τῆς

2354 2123 2558 2193 σαρκὸς
2590 2124 2716 2193 φής.
2758 2125 2870 2178 Καὶ
2900 2127 2949 2177 εί
2990 2125 3089 2196 μία
3122 2125 3286 2196 φύσις
3319 2125 3415 2198 τοῦ
3451 2126 3585 2180 Θεοῦ
3621 2129 3798 2197 Λόγου
3829 2130 3925 2198 τῆς

2355 2215 2575 2285 σαρκὸς,
2613 2216 2711 2285 μία
2740 2215 2797 2268 δὲ
2832 2215 2995 2286 φύσις
3023 2216 3116 2270 τοῦ
3148 2217 3282 2270 Θεοῦ
3316 2219 3545 2291 Πατρδς,
3578 2222 3793 2274 καὶτοῦ
3826 2223 3925 2274 A6-

2353 2322 2470 2374 γου,
2506 2306 2620 2369 πῶς
2650 2308 2711 2360 ού
2752 2307 2872 2378 μία,
2907 2310 3003 2361 καὶ
3030 2310 3063 2380 ἡ
3091 2309 3229 2379 αὑτὴ
3259 2309 3420 2378 φύσις
3450 2310 3542 2362 τοῦ
3570 2312 3804 2381 Πατρὸς,
3837 2316 3930 2364 καὶ

2352 2398 2446 2452 τοῦ
2482 2398 2770 2470 σώματος,
2802 2402 2897 2453 καὶ
2933 2400 3025 2453 τοῦ
3072 2401 3281 2469 Λόγου;
3332 2403 3393 2455 Ei
3430 2403 3487 2456 δὲ
3521 2404 3581 2455 οὐ
3616 2404 3716 2474 μία
3768 2404 3931 2472 φύσις

2353 2490 2488 2545 Θεοῦ
2516 2493 2611 2546 καὶ
2647 2491 2884 2564 Πατρὸς,
2921 2494 3014 2546 καὶ
3059 2494 3262 2565 σαρκὸς
3292 2494 3659 2566 ἀνθρωπείας,
3695 2498 3791 2550 καὶ
3833 2497 3927 2548 τοῦ

2353 2584 2552 2653 Λόγου,
2583 2585 2790 2657 φράσον
2825 2585 2942 2649 πῶς
2990 2587 3089 2656 μία
3126 2585 3284 2656 φύσις
3320 2587 3415 2640 τοῦ
3461 2588 3657 2656 Λόγου,
3694 2590 3791 2642 καὶ
3830 2591 3932 2659 τῆς

2356 2680 2599 2749 σαρκός;
2635 2681 2761 2743 Πῶς
2799 2682 2910 2753 γὰρ
2938 2681 3131 2753 κτιστὴ
3168 2682 3261 2737 καὶ
3306 2684 3561 2746 ἄκτιστος
3596 2684 3694 2754 μία
3731 2685 3927 2754 φύσις

2353 2769 2415 2822 Ei
2454 2770 2512 2822 δὲ
2559 2771 2719 2824 τοῦτο
2772 2773 3058 2839 ἀδύνατον,
3109 2775 3225 2836 πῶς
3264 2776 3298 2845 ἡ
3345 2776 3537 2846 κτιστὴ
3574 2777 3731 2846 σὰρξ,
3766 2778 3859 2830 καὶ
3900 2780 3927 2829 ὁ

2352 2862 2605 2925 ἄκτιστος
2628 2863 2819 2931 Λόγος,
2849 2865 2944 2935 μία
2973 2865 3153 2933 φύσις,
3178 2868 3269 2918 καὶ
3290 2868 3349 2919 ού
3372 2867 3465 2920 δύο
3493 2868 3923 2939 ἐνηλλαγμέναι;

2353 2954 2415 3005 Ei
2442 2954 2497 3007 δὲ
2530 2954 2745 3023 φύσεως
2772 2959 2900 3025 μιᾶς
2929 2958 3077 3011 ἐστιν
3107 2962 3135 3013 6
3164 2959 3417 3031 Χριστὸς,
3446 2961 3543 3013 καὶ
3568 2962 3628 3014 ού
3655 2962 3769 3025 δύο,
3795 2963 3924 3015 τίού

2352 3046 2529 3114 λέγεις
2565 3048 2657 3101 τὸν
2695 3050 2930 3118 Χριστὸν
2959 3050 3212 3113 κτιστὺν,
3259 3051 3334 3114 ὡς
3372 3054 3399 3105 ὀ
3433 3053 3669 3123 Ἄρειος,
3704 3055 3738 3125 ἢ
3773 3056 3929 3109 ἄκτι-

687 3133 853 3198 ipsius
886 3140 1085 3184 (eterna
1122 3130 1438 3199 generatio?
1486 3130 1571 3183 ubi
1604 3139 1656 3181 et
1689 3129 1850 3193 illud,
1892 3128 2061 3182 Hodie
2097 3129 2251 3196 genui

2358 3154 2501 3201 στον,
2535 3139 2610 3201 ὡς
2635 3140 2663 3190 ὀ
2688 3141 3015 3210 Μανιχαῖος;
3047 3140 3156 3194 Ποῦ
3178 3142 3234 3195 δὲ
3257 3143 3349 3196 καὶ
3374 3145 3407 3215 ἡ
3432 3145 3659 3216 χρονικὴ
3689 3145 3925 3218 Χριστοῦ

683 3234 731 3274 te
755 3222 819 3275 ‘?
855 3232 910 3275 et
944 3221 1071 3275 illud
1094 3259 1110 3284 ,
1135 3220 1291 3276 Iesus
1322 3221 1560 3275 Christus
1590 3222 1701 3276 heri
1737 3231 1784 3274 et
1816 3223 2000 3288 hodie,
2037 3222 2147 3290 ipse
2180 3231 2251 3275 est

2357 3232 2663 3301 γεννήσεως
2704 3232 2893 3300 φύσις,
2926 3235 3019 3287 καὶ
3048 3235 3081 3305 ἡ
3116 3235 3211 3304 τῆς
3248 3235 3501 3306 θεότητος
3539 3238 3703 3291 αὑτοῦ
3736 3257 3928 3310 προαι-

680 3324 728 3365 et
761 3315 817 3366 in
851 3313 1045 3368 macula
1064 3313 1123 3366 '?
1147 3311 1428 3379 Quomodo
1459 3324 1636 3369 autem
1668 3324 1720 3367 et
1749 3314 1883 3367 dicis
1908 3353 1923 3377 ,
1955 3323 2079 3367 ante
2104 3314 2251 3367 unio-

2355 3320 2513 3385 ὡνιος
2557 3323 2847 3394 γέννησις;
2886 3324 3000 3379 Ποῦ
3025 3325 3119 3390 τὸ,
3150 3327 3422 3396 Σήμερον
3450 3329 3784 3400 γεγέννηκά
3819 3349 3929 3391 σεε

684 3421 804 3458 neut
839 3403 1005 3460 Verbi
1036 3404 1128 3459 Dei
1153 3416 1209 3458 et
1239 3406 1441 3470 carnis,
1471 3407 1587 3459 duas
1612 3405 1664 3470 ι),
1694 3408 1773 3459 vel
1803 3416 1824 3445 ε
1869 3417 1993 3460 ante
2022 3406 2121 3460 fuit
2167 3421 2251 3460 se-

2356 3412 2449 3465 xui
2473 3414 2554 3475 τὸ,
2580 3414 2683 3467 Ἐκ
2707 3416 2965 3483 γαστρὸς
2992 3417 3105 3485 πρὸ
3130 3418 3441 3487 ἑωσφόρον
3468 3424 3799 3490 γεγεννηκά
3822 3442 3929 3487 σε;

681 3495 917 3549 cundum
950 3496 1361 3550 subsistentiam
1394 3511 1461 3550 ex
1497 3494 1713 3567 Virgine
1742 3497 1909 3551 unio?
1952 3496 2162 3551 Etenim
2210 3496 2251 3553 si

2355 3505 2450 3558 καὶ
2483 3505 2563 3568 τὸ,
2604 3505 2845 3574 Ἰησοῦς
2876 3509 3129 3577 Χριστὸς
3159 3511 3301 3578 χθὲς
3332 3512 3429 3568 καί
3464 3514 3731 3584 σήμερον
3765 3519 3799 3571 ὀ
3825 3522 3930 3570 αὐ-

680 3597 765 3640 est
798 3585 1003 3641 Christi
1034 3602 1163 3641 caro
1197 3599 1324 3642 ante
1354 3586 1606 3651 Mariam,
1652 3590 1953 3643 secundum
1984 3587 2255 3643 Valentini

680 3678 905 3747 impium
962 3692 1307 3744 sermonem,
1364 3681 1635 3749 quomodo
1696 3680 1813 3733 dum
1862 3689 1986 3734 ante
2038 3679 2256 3733 fuerunt

683 3782 890 3823 natura:
937 3779 1064 3823 ante
1110 3769 1388 3822 Mariam?
1432 3768 1596 3838 Cujus
1654 3780 1830 3822 autem
1884 3780 1969 3824 est
2011 3770 2122 3838 ipsa
2154 3786 2252 3825 ex-

682 3858 934 3931 pressio?
962 3875 1064 3913 non
1088 3857 1116 3899 ἀ
1165 3859 1444 3930 Eulychis,
1480 3860 1651 3930 magis
1694 3862 1918 3932 Atychis
1947 3872 1992 3925 ε,
2021 3877 2084 3915 ex
2118 3864 2253 3916 dua-

680 3952 782 4003 bus
808 3948 991 4004 dicere
1024 3967 1185 4005 unam
1241 3960 1488 4006 naturam
1536 3953 1739 4009 factam
1787 3956 1998 4011 fuisse?
2044 3957 2101 4011 Si
2144 3957 2249 4011 ista

682 4050 858 4095 autem
898 4057 1020 4096 cum
1054 4043 1147 4098 illo
1181 4044 1343 4113 sapis,
1376 4050 1649 4113 quomodo
1680 4048 1849 4116 ipsum
1881 4048 2070 4116 abjicis
2093 4088 2109 4114 ,
2156 4050 2249 4120 qui

682 4134 852 4202 ipsius
887 4135 1084 4203 recipis
1132 4139 1397 4204 pessimas
1444 4137 1865 4195 iunovationes?
1894 4140 2047 4207 Quod
2096 4142 2142 4199 si
2192 4144 2246 4195 in

681 4222 911 4275 veritate
944 4222 1045 4275 hoc
1076 4222 1278 4276 factum
1308 4236 1411 4291 est,
1455 4236 1670 4281 sanctos
1698 4237 1881 4298 patres
1916 4233 1967 4283 in
2004 4229 2241 4285 Chalce-

680 4311 825 4367 done
853 4321 1043 4366 contra
1078 4313 1252 4383 ipsum
1294 4314 1574 4372 habuisses
1623 4329 1772 4373 certe
1824 4331 2095 4392 acceptos.
2150 4322 2247 4379 Dic

682 4414 1051 4460 verumtamen
1083 4406 1215 4460 mibi
1239 4446 1256 4472 ,
1307 4409 1578 4477 quomodo
1609 4411 1759 4465 unite
1800 4410 1958 4468 Pater
1998 4424 2053 4468 et
2076 4414 2244 4471 Filius

2352 3594 2474 3660 τὸς,
2508 3596 2604 3649 καὶ
2633 3598 2720 3663 εἰς
2743 3597 2883 3662 τοὺς
2920 3597 3180 3665 αίῶνας;
3213 3603 3337 3666 Πῶς
3362 3602 3419 3656 δὲ
3448 3605 3543 3659 καὶ
3572 3606 3785 3675 λέγει;;
3818 3611 3928 3678 πρδ

2352 3687 2451 3757 τῆς
2482 3689 2728 3752 ἐνώσεως
2763 3689 2857 3742 τοῦ
2889 3690 3026 3743 Θεοῦ
3069 3692 3266 3761 Λόγου,
3302 3696 3395 3748 καὶ
3424 3697 3525 3767 τῆς
3557 3700 3780 3770 σαρκὸς,
3813 3701 3925 3763 δύο,

2352 3780 2385 3850 ἢ
2414 3782 2737 3851 πρῦπῆρχεν
2763 3783 2795 3852 ἡ
2820 3786 2943 3836 κατ’
2962 3784 3153 3837 οὐσίαν
3177 3788 3243 3838 ὲκ
3273 3788 3546 3858 Παρθένου
3578 3790 3775 3856 ἓνωσις
3795 3810 3811 3858 ;
3834 3800 3926 3847 καὶ

2350 3871 2460 3943 γὰρ
2489 3874 2537 3925 εί
2562 3875 2908 3944 προῦπὰρχει
2939 3876 2971 3946 ἠ
2998 3875 3093 3928 τοῦ
3121 3877 3357 3947 Χριστοῦ
3385 3881 3524 3952 σὰρξ
3552 3884 3659 3953 πρὸ
3686 3886 3923 3957 Μαρίας,

2349 3967 2491 4020 κατὰ
2528 3967 2617 4020 τὸν
2644 3968 2999 4021 Οὐαλεντίνου
3031 3972 3201 4043 ἀσεϐῆ
3238 3973 3417 4041 λόγον,
3447 3976 3566 4041 πῶς
3598 3978 3694 4032 δύο
3712 3985 3927 4050 προῦπο

2346 4057 2517 4129 ἦρχον
2575 4059 2771 4128 φύσεις
2833 4062 2940 4130 πρδ
2976 4064 3229 4135 Μαρίαςς
3276 4067 3434 4131 Τίνος
3466 4068 3523 4122 δὲ
3568 4072 3663 4124 καὶ
3702 4072 3843 4144 αῦτη
3892 4078 3924 4143 ἡ

2348 4150 2638 4222 ἐκφρασις;
2684 4153 2806 4223 ούχὶ
2834 4154 3141 4226 Εὑτυχοῦς,
3176 4159 3271 4211 τοῦ
3304 4160 3504 4229 μᾶλλον
3538 4162 3831 4235 ’Λτυχοῦς,
3865 4168 3926 4219 τὸ

2347 4242 2413 4295 ὲκ
2439 4242 2533 4297 δύο
2564 4242 2745 4311 λέγειν
2780 4244 2997 4314 φύσεων
3026 4248 3156 4318 μίαν
3186 4252 3515 4321 γεγενῆσθαι
3548 4254 3745 4322 φύσιν;
3775 4258 3836 4310 Ei
3867 4259 3925 4310 δὲ

2344 4335 2517 4390 ταὺτὰ
2543 4337 2737 4407 ἐκείνῳ
2764 4342 2979 4408 φρονεῖς
3001 4379 3016 4401 ,
3058 4340 3175 4405 πῶς
3214 4343 3403 4397 τοῦτον
3434 4347 3714 4419 ἀποϐάλλῃ
3736 4390 3751 4415 ,
3797 4355 3825 4403 ὁ
3857 4358 3925 4404 τα

2346 4426 2512 4481 αὑτοῦ
2558 4429 2999 4502 παραδεχόμενος
3040 4434 3280 4488 κάκιστα
3323 4437 3689 4509 καινίσματα;
3744 4442 3924 4515 Ὅπερ

682 4506 736 4552 et
766 4496 999 4566 Spiritus
1035 4507 1257 4555 sanctus
1290 4500 1487 4555 dicitur
1518 4501 1772 4569 Trinitas,
1811 4505 1956 4560 solus
1977 4507 2243 4563 exsistens

2352 4517 2437 4570 ἐπ’
2464 4496 2719 4589 ἀληθείας
2763 4496 2852 4573 eoi
2892 4521 3049 4575 τοῦτο
3097 4525 3383 4596 πέπρακτο
3424 4496 3526 4593 ἂνξ
3558 4532 3607 4582 εί
3638 4496 3765 4597 τοὺς
3804 4496 3925 4588 κατ’

682 4588 844 4655 Deus,
874 4591 917 4643 si
946 4605 1053 4644 non
1079 4594 1324 4663 suscipis;
1344 4595 1525 4650 dicere
1548 4596 1614 4665 ,in
1642 4611 1751 4653 uno
1777 4598 1888 4652 lilio
1926 4600 2062 4654 duas
2087 4611 2249 4656 natu-

683 4682 815 4738 ras?
843 4683 908 4737 Et
941 4683 986 4738 si
1020 4683 1262 4739 Trinitas
1295 4702 1431 4740 unus
1471 4689 1609 4743 Deus
1653 4698 1755 4753 est,
1787 4693 2055 4759 quomodo
2084 4693 2247 4763 Deus,

681 4786 737 4832 et
763 4793 958 4848 corpus
992 4788 1237 4833 nostrum
1269 4778 1369 4848 ipsi
1398 4782 1628 4846 unitum,
1657 4798 1762 4837 non
1788 4784 1946 4838 debet
1972 4785 2077 4841 dici
2113 4803 2249 4844 unus

683 4868 854 4924 Filius
881 4870 933 4923 in
981 4871 1189 4925 duabus
1237 4871 1496 4926 naturis?
1529 4872 1587 4927 Si
1639 4885 1816 4928 autem
1871 4891 1975 4930 una
2034 4889 2248 4946 natura,

684 4963 825 5017 Deus
869 4962 1101 5016 Verbum
1140 4972 1195 5018 et
1230 4978 1388 5029 caro;
1434 4965 1516 5019 vel
1550 4974 1809 5020 mutatum
1859 4977 1945 5022 est
1990 4969 2247 5039 Verbum,

683 5054 767 5108 vel
798 5068 943 5109 caro.
988 5055 1055 5107 Et
1092 5056 1136 5109 si
1193 5070 1324 5111 caro
1382 5066 1611 5123 mutata,
1657 5057 1797 5112 facta
1836 5057 1941 5114 fuit
1993 5060 2248 5129 Verhmn,

687 5162 792 5201 non
828 5150 933 5201 erit
979 5148 1208 5218 amplius
1255 5164 1402 5204 caro.
1446 5150 1503 5205 Si
1561 5161 1740 5205 autem
1778 5152 1895 5207 istis
1949 5169 2056 5209 non
2107 5156 2251 5212 facta

685 5247 769 5293 est
805 5238 1055 5304 mutatio,
1090 5239 1360 5309 quomodo
1392 5240 1445 5294 in
1478 5238 1696 5294 Christo
1724 5255 1833 5295 non
1863 5252 1992 5296 sunt
2013 5244 2131 5297 duae
2161 5262 2252 5299 na-

688 5330 861 5385 tura?
892 5330 1033 5385 Caro
1058 5331 1203 5386 enim
1234 5346 1364 5387 caro
1389 5340 1493 5397 est,
1530 5347 1834 5401 quanquam
1862 5334 1933 5387 sit
1961 5333 2055 5389 Dei
2080 5351 2208 5390 caro
2233 5354 2247 5391 :

684 5429 743 5476 et
774 5420 1010 5476 Verbum
1040 5462 1056 5487 ,
1104 5421 1337 5478 Verbum
1367 5431 1489 5487 est,
1524 5423 1648 5478 licet
1688 5426 1979 5496 assumpsit
2003 5437 2247 5485 nostrum

751 5582 772 5619 ί
800 5581 944 5637 Psal.
975 5597 1037 5650 ιι,
1070 5582 1122 5637 7.
1198 5583 1405 5645 '_Hebr.
1457 5601 1579 5651 xm,
1613 5585 1666 5641 8.

753 5729 781 5758 ι
801 5715 857 5771 In
889 5715 1097 5781 Graeco,
1130 5718 1387 5776 increata.
1418 5721 1587 5779 Hann.

2356 4609 2521 4663 αὑτοῦ
2562 4610 2752 4680 ἁγίους
2793 4612 3045 4683 Πατέρας
3071 4653 3086 4678 ,
3127 4617 3253 4679 τοὺς
3286 4620 3344 4670 ἐν
3394 4620 3731 4693 Χαλκηδόνι,
3778 4622 3927 4695 εἶχες

2352 4701 2592 4767 δεκτούς.
2652 4703 2797 4775 Πλὴν
2857 4706 3065 4776 φράσον
3126 4725 3240 4777 μοι,
3305 4711 3419 4774 πῶς
3467 4716 3747 4785 ἡνωμένος
3806 4718 3923 4789 [ῑσ.

2353 4795 2671 4867 ὴνωμὲνως]
2694 4797 2722 4848 6
2746 4797 2954 4870 Πατὴρ,
2976 4800 3069 4852 καὶ
3086 4802 3114 4853 6
3136 4801 3281 4865 Υἱὸς,
3301 4804 3472 4856 καὶτὸ
3493 4805 3647 4873 ἆγιον
3673 4809 3922 4879 Πνεῦμα,

2352 4888 2567 4955 λέγεται
2595 4888 2788 4959 Τριὰς,
2821 4891 2979 4960 μόνος
3006 4893 3079 4945 ὢν
3107 4893 3269 4961 Θεός;
3302 4896 3333 4965 ἢ
3362 4896 3411 4948 εἰ
3444 4898 3504 4949 ού
3534 4900 3817 4972 παραδέχῃ
3840 4904 3926 4956 λέο

2353 4994 2471 5046 γειν
2503 4982 2559 5032 ὲν
2587 4980 2666 5032 ἑνὶ
2689 4980 2803 5052 Υίῷ
2833 4982 2927 5036 δύο
2957 4983 3170 5051 φύσεις
3201 4988 3294 5040 καὶ
3322 4989 3370 5039 εξ
3398 4990 3430 5059 ἡ
3466 4990 3638 5061 Τριάς
3666 4988 3745 5057 εἷς
3768 4995 3923 5055 Θεὸς,

2354 5070 2472 5135 πῶς
2501 5074 2529 5124 6
2558 5072 2689 5136 Θεὸς
2709 5111 2724 5137 ,
2772 5076 2865 5127 καὶ
2903 5076 2963 5128 τὸ
3006 5076 3161 5147 ἡμῶν
3191 5078 3349 5148 σῶμα
3388 5082 3539 5152 αὐτῷ
3573 5084 3793 5151 ἑνωθὲν,
3824 5089 3926 5139 οὐκ

2353 5163 2555 5232 ὀφείλει
2582 5164 2838 5232 λέγεσθαι
2860 5159 2939 5229 εἷς
2977 5167 3101 5231 Υἱὸς
3132 5170 3191 5222 ὲν
3217 5170 3337 5223 δυσὶ
3364 5172 3622 5241 φύσεσιν;
3664 5177 3714 5229 εἰ
3743 5177 3802 5231 δὲ
3827 5178 3927 5248 μίι

2355 5256 2514 5324 φύσις
2543 5258 2571 5309 6
2598 5255 2731 5319 Θεὸς
2775 5257 2972 5325 Λόγος,
3005 5260 3101 5312 καὶ
3127 5262 3160 5331 ἡ
3198 5262 3355 5332 σὰρξ,
3384 5264 3543 5335 δῆλον
3575 5267 3658 5320 ὅτι
3692 5272 3927 5339 τραπεὶς

2355 5347 2383 5398 6
2407 5346 2576 5414 Λόγος
2609 5347 2707 5400 οὐκ
2732 5346 2814 5400 ἔτι
2839 5349 2923 5420 εἴη
2950 5348 3144 5418 Λόγος,
3166 5351 3303 5405 ἀλλὰ
3330 5355 3487 5426 σὰρξ.
3519 5358 3631 5410 Καὶ
3654 5360 3705 5412 εί
3729 5362 3761 5430 ἠ
3788 5362 3926 5432 σὰρξ

2356 5442 2626 5507 τραπείσα
2668 5441 2864 5511 γέγονε
2893 5443 3067 5514 Λόγος
3090 5485 3106 5512 ,
3136 5447 3236 5500 οὐκ
3271 5448 3351 5502 ἔτι
3381 5451 3469 5522 εἴη
3511 5453 3667 5525 σάρξ.
3700 5454 3824 5512 Εἰδὲ
3865 5458 3927 5509 ὲν

1702 5728 1733 5819 ιι
1747 5728 2300 5819 fortunaturasdum,‘
2321 5735 2422 5819 vei
2441 5747 2728 5819 antequam
2829 5753 2851 5783 ο
2878 5743 3003 5811 Pro,
3024 5748 3100 5802 vel
3116 5786 3131 5815 ,
3160 5749 3300 5808 forte
3321 5752 3541 5819 rectius,
3563 5770 3654 5814 an.
3680 5754 3859 5817 Hum.

687 5785 715 5828 ἀ
740 5788 947 5851 Melius.
973 5805 1161 5845 nonne.
1194 5789 1367 5847 Hann.
1450 5805 1474 5832 ε
1496 5785 1768 5865 Eulyclies
1807 5810 1960 5853 sonat
1987 5785 2838 5878 faustum,hty'chves‘inﬁiis‘tum.
