4164 6578
264 495 395 559 1737

1554 482 2214 545 ANATHEMATISMI.

3400 463 3534 528 1738

256 605 468 667 τούτοις
498 602 559 656 οὑ
589 603 783 673 γέγονε
813 603 1023 674 τροπὴ,
1057 602 1176 666 πῶς
1209 600 1310 653 οὑκ
1352 599 1492 652 εἰσιν
1518 599 1576 651 ὲν
1619 596 1840 669 Χριστῷ

1946 608 2308 664 assumptum.
2336 595 2390 651 Si
2423 604 2603 652 autem
2636 606 2842 652 mutata
2868 604 2973 663 est,
3000 595 3275 665 quomodo
3314 610 3420 655 non
3449 612 3532 657 est
3572 619 3581 628 ο

255 696 351 750 δύο
406 695 635 765 φύσεις;
694 696 760 749 Ἦ
793 696 904 766 γάρ
941 692 1101 766 σὰρξ,
1146 690 1285 761 σάρξ
1322 690 1459 753 ἐστι,
1493 688 1592 741 καὶ
1630 690 1682 740 εἰ
1727 685 1844 739 ἔστι

254 788 388 843 Θεοῦ
421 787 585 858 σάρξ·
623 794 721 841 καὶ
762 790 791 842 6
832 788 1007 855 Λόγος
1038 786 1209 848 ἐστὶν,
1253 782 1307 836 εἴ
1351 784 1444 836 καὶ
1480 780 1713 834 ἀνέλαϐε
1744 779 1844 849 τὴν

254 880 412 951 ἡμῶν
438 880 768 950 πρόσληψιν.
819 880 880 934 Εἰ
909 880 967 933 ἑὲ
1001 878 1242 949 ἐτράπη,
1275 874 1393 939 πῶς
1432 875 1530 944 οὑχ
1557 872 1846 943 ὁμοούσιος

255 975 290 1043 ἠ
324 973 593 1043 capiam.
617 973 890 1032 συναῖδιος
909 970 988 1042 τῷ
1022 969 1232 1039 [Ia-cpi,
1258 968 1381 1025 καθ’
1410 967 1440 1020 ὃ
1465 967 1559 1021 καὶ
1581 968 1609 1019 ὁ
1630 966 1805 1033 Λόγος
1829 979 1844 1026 ;

255 1065 317 1117 Εἰ
366 1064 424 1117 δὲ
468 1064 810 1135 ἑτεροούσιός
843 1064 991 1117 ἐστιν
1039 1063 1074 1132 ἠ
1117 1060 1255 1131 σὰρξ
1296 1060 1373 1130 τῷ
1409 1059 1616 1130 Πατρὶ,
1654 1055 1845 1110 καθότι

256 1156 397 1229 αῦτη
428 1158 530 1228 μὲν
564 1158 879 1228 πρόσφατος
900 1192 915 1219 ,
947 1156 976 1209 6
1002 1154 1060 1207 δὲ
1091 1150 1282 1223 Πατὴρ
1308 1152 1557 1222 ἄχρονος,
1581 1148 1698 1211 πῶς
1724 1147 1847 1217 οὑχὶ

255 1248 571 1319 πρόσφατος
610 1247 706 1302 καὶ
733 1248 761 1300 ό
793 1246 1002 1314 Λόγος;
1032 1243 1168 1298 καθὸ
1208 1244 1318 1313 γὰρ
1348 1243 1479 1313 μίαν
1508 1238 1649 1295 εἶναι
1682 1239 1847 1308 φύσιν

253 1346 355 1413 τῆς
381 1341 583 1411 σαρκὸς
610 1343 705 1395 καὶ
753 1341 848 1395 τοῦ
870 1338 1008 1393 Θεοῦ
1027 1340 1203 1407 Λόγου
1226 1337 1426 1406 λέγεις,
1449 1334 1642 1405 καὶτῷ
1671 1333 1849 1403 Πατρὶ

256 1435 597 1505 ἑτεροούσιον
622 1434 783 1487 αὑτὸν
807 1433 1009 1501 λέγεις.
1034 1434 1098 1487 Ei
1129 1432 1189 1486 δὲ
1213 1431 1313 1501 οὑχ
1335 1432 1369 1501 ή
1398 1428 1538 1501 αὑτὴ
1560 1428 1723 1497 φύσις
1750 1424 1846 1479 τοῦ

255 1523 391 1576 Θεοῦ
429 1524 604 1593 Λόγου
668 1524 762 1577 καὶ
798 1522 901 1592 τῆς
961 1521 1189 1592 σαρκὸς,
1223 1520 1343 1584 πῶς
1382 1521 1483 1574 οὑκ
1520 1521 1626 1577 εἰσὶ
1663 1518 1779 1584 δύο,
1812 1522 1847 1588 ἠ

257 1615 395 1686 σὰρξ
444 1616 540 1669 καὶ
607 1617 636 1668 6
665 1614 838 1683 Λόγος
850 1632 871 1682 ;
905 1612 970 1669 El
1003 1613 1063 1667 δὲ
1102 1616 1257 1671 πᾶσα
1288 1614 1323 1685 ἡ
1359 1611 1550 1682 θεότης
1574 1611 1719 1681 σὰρξ
1754 1628 1849 1679 γε-

255 1722 523 1778 γενηται,
579 1706 698 1770 πῶς
731 1705 949 1777 ἔμεινεν
997 1705 1026 1758 6
1074 1705 1250 1775 Λόγος
1298 1704 1327 1759 ὃ
1370 1700 1474 1777 ἦνς
1514 1704 1634 1769 πῶς
1664 1704 1723 1757 δὲ
1753 1703 1849 1759 καὶ

256 1796 545 1866 ἀτρέπτως
570 1795 899 1871 σαρκωθεὶς,
923 1795 971 1850 εἰ
990 1795 1092 1849 οὑκ
1120 1795 1240 1849 ἐστι
1261 1795 1497 1867 Χριστὸς
1526 1796 1586 1855 ὲν
1614 1794 1710 1847 δύο
1738 1794 1843 1863 φύο

257 1905 412 1954 cecc;
452 1888 576 1952 Πῶς
616 1887 927 1959 σαρκωθεὶς
960 1890 989 1941 6
1025 1887 1160 1948 Θεὸς
1190 1887 1366 1956 Λόγος
1399 1887 1620 1957 ἔμεινεν
1666 1886 1696 1940 ὃ
1738 1882 1845 1957 ἦν;

1940 689 2433 746 λοοηευιιειουιίιιιῑε
2457 705 2590 745 caro
2626 699 2683 745 et
2723 699 2996 745 coaeterna
3045 688 3215 755 Patri,
3271 691 3420 745 sicut
3478 703 3535 747 et

1954 777 2185 832 Verbum
2212 778 2320 838 2,δί
2352 791 2531 837 autem
2565 780 2791 835 alterius
2815 781 3130 837 substantiae
3155 790 3239 835 est.
3271 797 3401 837 caro
3436 782 3537 838 Pa-

1950 868 2042 933 tri,
2062 868 2113 922 in
2137 878 2402 937 quantum
2436 871 2709 931 recentior
2727 882 2832 936 est,
2857 870 3018 927 Pater
3044 880 3223 928 autem
3246 873 3372 929 sine
3388 882 3538 929 tem-

1949 976 2079 1031 pore
2108 970 2226 1025 est,
2279 964 2552 1031 quomodo
2597 979 2701 1019 non
2756 979 2949 1019 recens
2979 975 3035 1020 et
3069 965 3350 1021 Verbum?
3395 968 3540 1022 sicut

1948 1054 2095 1107 enim
2125 1070 2287 1109 uuam
2317 1071 2441 1111 esse
2486 1067 2734 1113 naturam
2764 1060 2947 1113 carnis
2971 1069 3027 1114 et
3054 1057 3218 1115 Verbi
3241 1059 3337 1116 Dei
3377 1062 3538 1125 dicis,

1948 1154 2003 1198 et
2029 1144 2226 1200 Filium
2253 1147 2477 1203 alterius
2507 1149 2830 1204 substantim
2860 1149 3028 1217 Patri,
3060 1152 3218 1207 dicis.
3250 1150 3309 1207 Si
3355 1164 3537 1208 autem

1950 1252 2056 1291 non
2087 1249 2171 1297 est
2198 1240 2390 1299 eadem
2418 1249 2609 1296 natura
2635 1241 2795 1300 Verbi
2831 1243 2924 1297 Dei
2953 1252 3007 1297 et
3035 1246 3238 1312 carnis,
3263 1248 3537 1315 quomodo

1950 1345 2057 1383 non
2105 1339 2230 1385 sunt
2261 1333 2379 1389 duce
2400 1371 2417 1395 .
2445 1348 2576 1387 caro
2606 1345 2663 1390 et
2692 1334 2969 1391 Verbum?
2998 1335 3055 1391 Si
3098 1345 3278 1391 autem
3304 1341 3536 1394 eomnino

1950 1420 2123 1475 deitas
2146 1436 2276 1475 caro
2298 1422 2442 1479 facta
2466 1432 2568 1484 est,
2597 1426 2867 1492 quomodo
2892 1426 3094 1481 tuausit
3120 1427 3297 1483 Verbu
3309 1445 3359 1483 ιιι
3382 1437 3530 1499 quod

1951 1511 2100 1566 fuit?
2136 1512 2418 1579 Quomodo
2438 1526 2616 1569 autem
2652 1516 3169 1575 iucommutabiliter
3192 1522 3535 1578 incarnatqu

1950 1612 2066 1668 est,
2122 1606 2165 1658 si
2216 1620 2321 1660 non
2355 1616 2442 1661 est
2481 1607 2730 1663 Christus
2759 1608 2813 1662 in
2859 1608 3072 1666 duabus
3111 1614 3537 1682 naturisiQuo-

1953 1696 2113 1751 modo
2166 1696 2483 1753 incarnatus
2528 1700 2672 1757 Deus
2701 1697 2939 1756 Verbum
2979 1705 3182 1759 mansit
3211 1710 3358 1776 quod
3390 1708 3535 1764 fuit?

1950 1782 2020 1839 Et
2045 1787 2090 1839 si
2118 1797 2201 1841 est
2228 1786 2371 1843 Deus
2395 1789 2628 1844 Verbum
2656 1791 2954 1859 passibilis,
2980 1792 3331 1865 impassibilis
3355 1811 3536 1857 autem

1952 1874 2133 1940 Pater,
2177 1878 2449 1947 quomodo
2476 1897 2616 1936 unus
2636 1891 2691 1937 et
2722 1883 2871 1940 solus
2895 1895 2984 1940 est
3012 1885 3196 1944 Deus?
3252 1892 3536 1958 Quomodo

256 1982 366 2033 Kal.
409 1983 457 2033 εἰ
486 1980 633 2034 ἐστιν
664 1983 691 2033 6
733 1979 867 2043 Θεὸς
913 1980 1089 2048 Λόγος
1135 1979 1416 2050 παθητὸς,
1466 1976 1686 2051 ἀπαθὴς
1723 1977 1781 2031 δὲ
1817 1979 1842 2030 6

1954 1976 2133 2022 autem
2159 1978 2213 2022 et
2245 1970 2473 2027 istorum
2502 1987 2609 2027 una
2639 1984 2723 2029 est
2752 1984 2951 2033 natura
2981 1976 3005 2031 ?
3040 1979 3097 2033 Si
3124 1993 3304 2038 autem
3344 1996 3401 2040 et
3432 1990 3537 2041 lm—

254 2070 467 2141 Πατὴρ,
498 2070 615 2134 πῶς
642 2064 723 2134 εἷς
748 2072 841 2125 καὶ
867 2070 1029 2141 μόνος
1059 2072 1209 2139 ἐστὶν
1248 2072 1277 2124 ὀ
1300 2068 1431 2135 Θεὸς
1454 2087 1470 2135 ;
1506 2069 1631 2133 Πῶς
1669 2068 1726 2122 δὲ
1752 2071 1848 2121 καὶ

253 2162 464 2216 τούτων
490 2162 590 2232 μία
614 2164 763 2215 ἐστὶν
785 2165 817 2233 ἡ
842 2162 1038 2237 φύσι;;
1070 2163 1134 2216 Ei
1162 2162 1221 2214 δὲ
1246 2163 1342 2216 καὶ
1364 2161 1632 2232 ἀπαθὴςὴ
1653 2162 1843 2232 Τριὰς,

257 2256 376 2318 πῶς
419 2257 448 2308 6
498 2256 632 2319 Θεὸς
660 2256 833 2327 Λόγος
866 2257 1069 2310 ἔπαθεν
1115 2255 1256 2327 ὑπὲρ
1296 2256 1493 2326 ἡμῶν;
1535 2254 1600 2308 Εἰ
1646 2254 1704 2307 δὲ
1746 2256 1846 2315 οὑκ

220 2360 223 2363 ‘
254 2347 449 2410 ἔπαθε,
486 2348 603 2411 πῶς
654 2350 688 2419 ἡ
724 2350 888 2420 ἑτέρα
924 2348 1086 2418 φύσις
1118 2349 1219 2418 τῆς
1260 2347 1462 2419 σαρκὸς
1506 2348 1607 2400 οὐκ
1643 2347 1842 2414 ἕπαθε;

254 2442 367 2495 Καὶ
400 2443 448 2494 εἰ
482 2444 589 2495 πᾶν
627 2442 689 2494 τὸ
721 2442 933 2513 πάσχον
968 2441 1215 2507 κτιστὸν,
1250 2442 1370 2505 πῶς
1408 2443 1438 2495 6
1479 2440 1616 2503 Θεὸς
1668 2441 1845 2510 Λόγος

254 2536 317 2586 οὑ
356 2535 595 2600 χτιστὸς,
638 2534 864 2604 πάσχων
898 2535 1097 2604 capaci;
1148 2534 1213 2587 Ei
1257 2534 1316 2587 δὲ
1365 2534 1568 2605 πάσχει
1603 2535 1768 2604 σαρκὶ
1817 2535 1846 2586 ὁ

256 2626 408 2689 Θεὸς,
442 2626 559 2689 πῶς
599 2626 661 2678 οὑ
694 2626 897 2696 πάσχει
925 2627 1176 2696 θεότητι;
1222 2624 1287 2677 Εἰ
1312 2624 1370 2678 δὲ
1401 2626 1464 2677 οὑ
1497 2626 1696 2695 πάσχει
1728 2624 1847 2677 θεό-

255 2734 401 2786 τητι,
438 2718 545 2772 τίνι
573 2718 776 2788 πάσχει
808 2718 1007 2790 capaci;
1037 2718 1100 2771 El
1122 2717 1179 2771 δὲ
1198 2719 1363 2788 σαρκὶ
1390 2718 1612 2788 πάσχει,
1641 2717 1760 2780 πῶς
1782 2718 1844 2772 οὑ

255 2812 456 2883 πάσχει
492 2813 586 2864 καὶ
623 2810 805 2881 ἑαυτῴ
843 2812 872 2864 6
918 2810 1084 2877 Θεός;
1130 2809 1191 2875 Εἰ
1226 2810 1285 2869 δὲ
1315 2810 1513 2872 ταύτὸν
1554 2811 1614 2862 τὸ
1640 2812 1843 2872 εἰπεῖν,

252 2902 390 2956 Θεοῦ
421 2903 683 2973 παθόντος
714 2905 902 2975 capaci,
940 2902 1017 2973 τῷ
1048 2903 1247 2967 εἰπεῖν,
1291 2901 1536 2972 Χριστοῦ
1574 2902 1844 2981 παθόντος

255 2995 443 3066 σαρκὶ,
469 2997 586 3058 πῶς
613 2997 714 3049 οὑκ
738 2996 894 3057 ἔσται
916 2994 1113 3057 ταύτὸν
1132 2994 1195 3053 τὸ
1219 2993 1674 3065 εἰπεῖνμΠνεῦμα
1699 2994 1842 3051 θεῖον

252 3088 454 3158 πάσχει
507 3089 693 3159 σαρκὶ,
742 3087 945 3157 ἐπειδὴ¹
974 3087 1213 3159 Πνεῦμα
1253 3090 1282 3146 6
1324 3088 1491 3157 Θεόςά
1532 3087 1597 3147 El.
1638 3086 1698 3147 δὲ
1742 3087 1840 3157 οὐχ

251 3180 437 3250 ὅμοιον
470 3181 530 3234 τὸ
560 3182 766 3245 εἰπεῖν,
805 3180 941 3234 Θεοῦ
976 3180 1242 3241 παθόντος
1288 3181 1476 3251 σαρκὶ,
1516 3179 1596 3249 τῷ
1640 3181 1839 3243 εἰπεῖν,

252 3272 489 3343 Χριστοῦ
515 3271 781 3335 παθόντος
804 3273 989 3341 σαρκὶ,
1010 3271 1130 3332 πῶς
1155 3271 1403 3335 δυνατὸν,
1425 3269 1589 3323 πλέον
1611 3270 1842 3323 οἰκειοῦ-

256 3364 383 3415 σθαι
426 3363 518 3414 τὸν
560 3361 692 3414 Θεὸν
726 3362 898 3423 Λόγον
932 3360 1031 3429 τῆς
1073 3360 1298 3430 σαρκὸς,
1333 3353 1393 3412 οὑ
1432 3357 1731 3415 οἰκειοῦται
1762 3358 1832 3410 τὰ

254 3453 352 3507 τοῦ
380 3454 513 3509 Θεοῦ
536 3453 710 3517 Λόγου
739 3453 767 3505 6
798 3452 1031 3523 Πατήρς
1078 3452 1202 3515 Πῶς
1232 3450 1293 3506 δὲ
1322 3451 1447 3515 καὶ,
1476 3452 1527 3503 εἰ
1554 3449 1832 3507 οἰκειώσει

253 3548 285 3599 6
314 3545 446 3609 Θεὸς
491 3545 665 3613 Λόγος
706 3543 907 3615 πάσχει
937 3543 1124 3615 σαρκὶ,
1163 3542 1264 3597 οὐκ
1305 3540 1461 3595 ἔσται
1500 3538 1773 3594 οἰκειώσει
1805 3541 1834 3593 6

254 3635 448 3706 Πατὴρ
475 3634 554 3705 τῷ
574 3632 705 3704 Θεῷ
748 3632 908 3703 Λόγῳ
939 3633 1204 3702 πάσχων;
1256 3628 1370 3682 Καὶ
1403 3630 1453 3681 εἰ
1495 3625 1768 3680 ἀπέθανεν
1805 3626 1835 3679 6

254 3724 389 3788 Θεὸς
436 3724 609 3793 Λόγος
641 3724 839 3793 σαρκὶ,
873 3722 996 3787 πῶς
1032 3725 1185 3775 ἐστιν
1226 3717 1514 3790 ῥμοούσιος
1545 3716 1624 3788 τῷ
1664 3717 1840 3787 Πατρὶ

253 3819 324 3887 τῇ
360 3815 666 3888 ἀθανασία;
713 3818 743 3869 6
789 3815 898 3885 γὰρ
930 3812 1107 3867 θανὼν
1148 3813 1289 3882 ὑπὲρ
1320 3811 1516 3882 ἡμῶν,
1549 3811 1651 3864 οὑκ
1689 3810 1839 3869 ἐστιν

254 3907 545 3970 ἀθάνατος·
593 3906 834 3960 ἀπέθανε
864 3907 995 3979 γὰρ,
1025 3904 1170 3958 κατὰ
1214 3904 1311 3966 τᾶς
1352 3902 1605 3970 Γραφάς.
1648 3902 1764 3954 Καὶ
1790 3900 1840 3954 εἰ

256 3992 339 4062 εἷς
364 4000 464 4069 τῆς
502 3995 1022 4069 Τριάδοςάπέθανε,
1052 3992 1341 4057 ποτὲλδυᾰς
1370 3993 1405 4068 ἡ
1434 3992 1625 4062 Τριάς.
1654 3991 1769 4044 Καὶ
1793 3990 1841 4042 εἰ

252 4090 387 4155 δυὰς
416 4092 451 4163 ἡ
482 4091 653 4163 Τριὰς
686 4091 748 4144 οὑ
784 4089 979 4161 γέγονέ
1012 4105 1166 4156 ποτε,
1215 4087 1330 4150 πῶς
1357 4080 1437 4149 εἷς
1466 4086 1568 4155 τῆς
1613 4084 1842 4155 Τριάδος

254 4182 569 4249 ἀπέθανεν;
611 4182 679 4236 Εἴ
713 4198 778 4253 γε
819 4184 854 4254 ἡ
902 4182 1068 4252 ἑτέρα
1117 4179 1282 4250 φύσις
1325 4177 1419 4231 τοῦ
1465 4175 1599 4229 Θεοῦ
1634 4177 1836 4245 Λόγου,

254 4271 369 4329 οἷον
406 4276 440 4348 ἡ
491 4274 604 4329 τῶν
650 4274 960 4347 ἀνθρώπων
992 4272 1180 4344 φύσις,
1211 4272 1311 4326 οὑκ
1354 4270 1567 4331 ἔθανεν.
1610 4269 1673 4322 Ei
1698 4268 1763 4321 δὲ
1809 4269 1845 4338 ἠ

154 4408 168 4419 .
254 4368 517 4440 τρισαγια
569 4367 760 4438 φωνὴ,
811 4368 1003 4439 Τριὰς,
1053 4366 1152 4436 οὑχ
1185 4363 1514 4433 ὑφίσταται,
1553 4360 1715 4430 δῆλον
1762 4361 1845 4413 ὅτι

257 4463 391 4534 μιᾶς
424 4463 778 4525 ὑποστάσεως
807 4457 948 4514 εἶναι
977 4458 1159 4523 λέγεις
1186 4458 1287 4527 τὴν
1321 4454 1552 4525 Τριάδα.
1583 4452 1696 4506 Καὶ
1728 4452 1847 4516 πῶς

256 4556 318 4609 οὑ
347 4555 627 4609 δείκνυσαι
651 4549 795 4607 εἶναι
819 4550 1213 4616 Σαδελλιανό;;
1238 4549 1301 4601 Εἰ
1326 4547 1385 4603 δὲ
1410 4549 1471 4600 ὲν
1500 4543 1682 4616 τρισὶν
1710 4544 1847 4596 ὑπο-

256 4646 482 4701 στάσεσι
513 4645 612 4718 μια
644 4644 808 4716 φύσις
836 4644 1129 4713 ὑφίσταται
1160 4642 1259 4711 τῆς
1290 4637 1585 4712 τρισαγιας
1615 4635 1803 4706 φωνῆς
1826 4675 1843 4701 ,

254 4738 373 4803 πῶς
421 4738 542 4809 οὐχὶ
589 4739 690 4809 τὴν
740 4736 949 4810 Τριάδα
1006 4732 1418 4805 σταυρωθεῖσαν
1469 4729 1654 4798 λέγεις
1679 4767 1695 4793 ,
1748 4727 1846 4781 καὶ

257 4830 417 4889 ἄθεον
448 4832 664 4897 ἑαυτὸν,
694 4831 771 4895 ὡς
807 4831 861 4884 οἰ
884 4826 1329 4901 Μαρκιωνισταὶ,
1359 4821 1499 4879 εἶναι
1530 4820 1593 4876 οὑ
1621 4820 1842 4891 λέγεις;

1950 2059 2230 2127 passibilis
2260 2072 2347 2115 est
2375 2059 2642 2129 Trinitas,
2672 2069 2950 2135 quomodo
2978 2066 3119 2125 Deus
3152 2073 3380 2130 Verbum
3413 2093 3537 2147 pas-

1950 2165 2042 2205 sus
2077 2163 2162 2207 est
2191 2168 2291 2221 pro
2322 2153 2521 2209 nobis?
2550 2156 2606 2210 Si
2647 2167 2831 2217 autem
2863 2174 2967 2218 neu
3000 2176 3195 2230 passus
3229 2176 3349 2230 est,
3395 2185 3535 2239 quo-

1952 2244 2115 2299 modo
2173 2244 2345 2299 altera
2391 2256 2585 2301 natura
2635 2249 2820 2309 carnis
2871 2265 2981 2305 non
3030 2264 3111 2307 est
3157 2258 3354 2322 passa?
3388 2259 3533 2315 Etsi
3596 2288 3608 2299 -

1947 2351 2113 2391 Omne
2145 2341 2356 2405 patiens
2390 2348 2633 2395 creatura
2667 2352 2771 2407 est,
2817 2344 3092 2412 qrtomodo
3128 2346 3269 2404 Deus
3294 2348 3533 2408 Verbum

1943 2444 2055 2489 non
2091 2440 2175 2484 est
2213 2440 2428 2486 creatus
2452 2472 2469 2497 ,
2527 2433 2745 2501 patiens
2785 2437 2994 2491 carne?
3024 2438 3081 2493 Si
3136 2450 3317 2495 autem
3370 2459 3536 2499 carne

1947 2523 2154 2590 patitur
2190 2521 2357 2589 Deus,
2386 2528 2659 2593 quomodo
2689 2542 2799 2582 non
2826 2529 3039 2596 patitur
3084 2531 3187 2586 sibi
3215 2533 3318 2602 ipsi
3345 2535 3488 2593 Deus
3508 2538 3537 2592 ἲ

1950 2615 2009 2669 Si
2071 2624 2256 2670 autem
2300 2616 2440 2673 idem
2476 2627 2559 2679 est
2594 2617 2814 2684 dicere,
2860 2620 3024 2675 Deum
3059 2626 3278 2692 passum
3326 2643 3530 2691 carne;

1947 2713 2003 2757 et
2058 2704 2287 2771 dicere,
2361 2705 2639 2771 Christum
2692 2722 2915 2775 passum
2964 2728 3130 2770 carne
3177 2731 3194 2769 :
3261 2724 3533 2787 quomodo

1948 2796 2055 2853 non
2081 2799 2185 2852 erit
2224 2797 2366 2853 idem
2396 2799 2600 2865 dicere,
2632 2797 2905 2868 Spiritum
2934 2802 3176 2860 divinum
3204 2824 3372 2864 carne
3396 2814 3531 2881 pati,

1946 2904 2068 2943 cum
2098 2887 2336 2959 Spiritus
2360 2890 2504 2945 Deus
2530 2892 2648 2947 sit?
2679 2892 2735 2949 Si
2773 2909 2956 2953 autem
2986 2913 3096 2951 non
3134 2901 3333 2968 simile,
3364 2903 3532 2960 Deum

1945 2994 2165 3048 passum
2187 2996 2356 3035 carne
2390 2983 2593 3049 dicere,
2626 2997 2682 3040 et
2711 2986 2987 3042 Christum
3018 2991 3127 3058 pati
3154 3006 3321 3049 carne
3350 3011 3364 3048 :
3396 3014 3534 3067 quo-

1945 3073 2104 3126 modo
2127 3073 2393 3142 possibile
2424 3075 2551 3140 erit,
2584 3077 3065 3150 plusappropriari
3096 3081 3265 3138 Deum
3294 3085 3530 3146 Verbum

1944 3160 2165 3225 carnis,
2224 3161 2380 3231 cujus
2432 3165 2747 3234 appropriat
2772 3167 2942 3224 Pater
2980 3184 3043 3225 ea
3082 3185 3204 3239 qua
3251 3187 3378 3232 sunt
3434 3177 3529 3235 Dei

1946 3249 2151 3304 Verbi?
2180 3250 2460 3316 Quomodo
2488 3265 2668 3311 autem
2713 3269 2770 3311 et
2806 3259 2850 3315 si
2902 3265 3344 3333 appropriatione
3380 3269 3532 3329 Deus

1868 3309 1910 3380 ᾳ
1945 3338 2192 3436 Verbum
2212 3345 2416 3436 patitur
2444 3360 2636 3436 carne.
2667 3365 2776 3405 non
2813 3309 3418 3426 eritrapp:opriatione
3448 3309 3531 3436 [ft

1938 3431 2354 3509 appropriatio]
2403 3442 2459 3488 et
2488 3433 2658 3491 Pater
2699 3436 2808 3497 Deo
2849 3437 3028 3497 Verbo
3054 3443 3327 3513 (patiens?
3371 3431 3530 3510 lit—si

1941 3534 2191 3578 mortuus
2220 3535 2304 3579 est
2325 3523 2470 3580 Deus
2500 3525 2734 3583 Verbum
2767 3544 2956 3597 carne,
2985 3538 3259 3603 quomodo
3276 3552 3367 3597 est
3391 3559 3531 3600 con-

1943 3616 2324 3672 substantialis
2346 3617 2493 3673 Patri
2516 3621 2924 3687 intimortalitate
2940 3624 2965 3678 ?
2982 3624 3231 3686 Mortuus
3254 3634 3397 3689 enim
3427 3652 3531 3708 pro

1946 3710 2103 3763 nobis
2144 3725 2248 3763 non
2302 3722 2385 3765 est
2421 3712 2748 3771 immortalis
2785 3733 2800 3770 :
2840 3730 3090 3777 mortuus
3127 3734 3281 3780 ccrte
3327 3740 3413 3782 est
3442 3746 3530 3785 se-

1944 3801 2180 3859 cundum
2217 3800 2531 3872 Scripturas
2558 3802 2607 3859 ί.
2642 3804 2712 3860 Ει
2734 3807 2779 3862 si
2819 3823 2961 3864 unus
2987 3812 3059 3866 de
3089 3812 3357 3871 Triuitate
3384 3834 3530 3876 mer-

1951 3904 2074 3946 tuus
2102 3900 2211 3961 est,
2248 3896 2574 3965 quandoque
2608 3895 2853 3955 Trinitas
2876 3902 3112 3959 dualitas
3140 3906 3283 3962 facta
3313 3921 3417 3965 est.
3461 3911 3531 3967 Et

1950 3984 1996 4045 si
2032 3982 2279 4041 Trinitas
2324 4002 2602 4055 nunquam
2645 3990 2882 4059 dualitas
2917 3994 3062 4055 facta
3096 4008 3183 4053 est
3209 4040 3227 4065 ,
3258 4008 3529 4070 quomodo

1949 4094 2092 4135 unius
2123 4082 2191 4133 de
2221 4077 2494 4137 'l'r-initate
2523 4090 2770 4140 mortuus
2796 4087 2932 4141 est?
2960 4088 3028 4142 Et
3059 4090 3103 4144 si
3127 4090 3301 4149 altera
3332 4106 3529 4152 natura

1950 4171 2112 4235 Verbi
2138 4172 2255 4239 Dei,
2288 4174 2504 4230 scilicet
2538 4176 2819 4233 hominum
2869 4193 3065 4237 natura
3107 4201 3213 4241 non
3258 4198 3342 4243 est
3382 4206 3531 4245 mor-

1955 4271 2040 4318 tua
2073 4264 2099 4303 ⁸
2129 4281 2142 4317 :
2180 4273 2235 4318 et
2265 4264 2312 4319 si
2341 4266 2565 4335 trisagia
2613 4282 2741 4333 vox,
2772 4269 3049 4338 Trinitas,
3094 4290 3205 4330 non
3250 4279 3528 4345 subsistit,

1954 4355 2302 4413 manifestum
2336 4368 2421 4415 est
2455 4362 2599 4429 quod
2634 4363 2798 4419 unius
2842 4366 3210 4422 substantize-ll
3240 4384 3364 4426 esse
3390 4374 3529 4429 dicis

1955 4449 2305 4507 Trinitatem.
2330 4452 2400 4509 Et
2432 4455 2707 4522 quomodo
2729 4471 2835 4511 non
2859 4460 3107 4514 ostendis
3142 4474 3264 4516 esse
3294 4461 3313 4533 [
3336 4464 3379 4531 f.
3410 4478 3532 4520 esse

1957 4543 2043 4617 te]
2067 4545 2477 4607 Sabellianum?
2523 4547 2591 4603 Et
2626 4549 2675 4603 si
2707 4550 2762 4602 in
2796 4550 2972 4605 tribus
3002 4543 3385 4624 hypostasibus
3423 4573 3531 4613 una

1958 4644 2148 4692 natura
2184 4638 2436 4695 subsistit
2476 4639 2715 4710 trisagiae
2739 4642 2910 4707 vocis,
2952 4649 3228 4713 quomodo
3256 4663 3365 4704 non
3395 4650 3531 4704 ducis

1952 4727 2275 4789 Trinitatem
2306 4745 2429 4791 esse
2466 4732 2781 4793 cruciﬁxam
2807 4774 2825 4799 ,
2873 4746 2929 4790 et
2959 4738 3079 4794 sine
3120 4741 3230 4795 Deo
3270 4741 3521 4812 teipsum.

1951 4822 2095 4883 sicut
2119 4821 2503 4890 Marcionistae,
2532 4840 2657 4882 esse
2692 4842 2800 4881 non
2833 4828 3017 4884 dicis?

1108 5082 1180 5145 S.
1231 5080 1694 5159 QUINTIANI
1736 5078 1870 5141 XII
1910 5076 2666 5145 ANATHEMATISMI.

325 5248 409 5306 Κ.
438 5250 558 5313 Πᾶς
588 5247 743 5319 γοῦν,
771 5250 919 5315 ὅστις
950 5252 1100 5321 λέγει
1128 5254 1258 5325 μίαν
1287 5253 1451 5324 φύσιν
1499 5250 1636 5305 Θεοῦ
1668 5250 1841 5319 Λόγου

250 5344 351 5401 καὶ
386 5342 614 5415 σαρκὸς,
645 5344 740 5397 καὶ
767 5342 828 5396 οῦ
856 5342 951 5396 δύο
988 5345 1298 5417 ἡνωμένας,
1331 5341 1730 5416 καθαιρείσθω.

321 5526 402 5582 B'.
430 5526 541 5581 Καὶ
564 5526 716 5598 efﬁce
734 5524 833 5599 [τσ.
862 5524 1050 5599 ἄνουν]
1074 5527 1230 5599 φέρει
1249 5528 1350 5592 τὰς
1373 5526 1466 5581 δύο
1487 5526 1581 5582 τοῦ
1602 5524 1840 5598 Χριστοῦ

254 5617 467 5687 φύσεις,
499 5617 675 5688 λέγων
703 5618 839 5707 Θεὸν
870 5618 1113 5673 παθόντα
1142 5619 1309 5691 σαρκὶ
1331 5657 1347 5680 ,
1371 5619 1465 5673 καὶ
1492 5621 1553 5672 οὑ
1597 5619 1840 5672 παθόντα

249 5705 492 5784 Χριστὸν
517 5713 702 5784 σαρκὶ,
730 5710 875 5766 κατὰ
899 5712 995 5765 τὸν
1047 5712 1392 5777 ’Λπόστολον,
1433 5711 1831 5786 καθαιρείσθω.

2013 5249 2054 5305 l.
2089 5248 2278 5305 Omnis
2308 5264 2438 5322 ergo
2460 5251 2553 5322 qui
2584 5250 2717 5307 dicit
2758 5267 2921 5307 unam
2946 5262 3192 5309 naturam
3230 5253 3322 5309 Dei
3360 5253 3524 5314 Verbi

1939 5353 1994 5399 et
2046 5345 2267 5411 carnis,
2324 5361 2432 5401 non
2494 5346 2631 5403 duas
2680 5348 2859 5407 unitas
2908 5348 3309 5418 indivisasque,
3369 5351 3519 5407 dam-

1946 5443 2125 5489 netur.

2015 5525 2079 5580 ll.
2125 5525 2181 5581 Si
2236 5527 2360 5598 quis
2391 5529 2675 5591 confundit
2701 5531 2837 5586 duas
2869 5529 3072 5586 Christi
3114 5540 3375 5596 naturas,
3437 5531 3521 5584 di-

1940 5634 2073 5674 cens
2106 5619 2273 5674 Deum
2306 5635 2525 5690 passum
2564 5636 2731 5677 carne
2762 5631 2817 5676 et
2843 5638 2949 5677 non
2996 5638 3215 5693 passum
3241 5623 3517 5676 Christum

1939 5728 2127 5779 carne,
2159 5714 2455 5769 secundum
2489 5713 2833 5785 Apostolum,
2871 5714 3181 5770 damnetur.

338 5872 356 5906 ι
384 5865 617 5949 gitatur'
637 5868 727 5949 hic
752 5867 907 5949 locus
936 5869 1005 5923 ab
1030 5869 1324 5949 _A_nastasio
1356 5883 1457 5924 ms.
1487 5869 1583 5925 fol.
1613 5868 1717 5926 184
1743 5884 1809 5925 ex
1852 5868 2233 5938 Quintilliano.
2264 5868 2438 5926 Hann.
2513 5872 2540 5911 ε
2564 5868 2726 5929 Forte
2752 5869 2805 5927 in
2837 5868 3027 5928 Graeco
3056 5878 3315 5925 mortuus.
3345 5866 3547 5949 Iliam

250 5933 283 5976 δ
304 5937 362 5995 lu
386 5936 603 6005 Greco,
630 5938 992 6009 hyposlaseos.
1029 5936 1206 5993 Hann.

652 6034 925 6098 ΡΑτιιοι..
959 6032 1077 6093 Gtt.
1112 6032 1399 6096 LXXXV.

3140 6029 3212 6090 55
