4164 6542
752 466 892 535 1739
1760 464 1822 524 s.
1861 461 2268 535 QUINTIANI
2308 415 2968 523 ANATHENIATISMI.
3849 467 3947 533 mo

822 579 925 635 Ill.
961 576 1017 633 Si
1050 576 1173 647 quis
1230 575 1619 647 impassibilem
1654 583 1710 630 et
1760 574 2122 630 immortalem
2162 574 2329 627 Deum
2358 583 2407 639 Α

2305 588 2329 626 n
2358 583 2407 639 Α
2503 571 2578 625 Γ’.
2603 573 2713 626 Ka‘t
2744 573 2796 625 εῐ
2826 588 2911 635 τις
2968 568 3060 623 τὸν
3085 569 3272 641 ἀπαθῆ
3314 570 3409 625 καὶ
3443 570 3706 627 ἀθάνατον
3742 574 3856 631 Θεὸν
3878 586 3949 635 Δός

754 670 995 726 νονιιυιη
1027 668 1160 722 dicit
1184 680 1510 720 conversum
1542 665 1593 717 in
1632 664 1939 734 passionem
1984 670 2042 716 et
2076 669 2330 723 mortem,

2314 694 2330 723 ,
2432 677 2530 728 γον
2558 660 2863 732 τετράφθαι
2901 661 2983 723 είς
3024 660 3197 723 πάθος
3228 660 3325 713 καὶ
3381 664 3461 724 εἰς
3493 661 3678 732 θνῆσίν
3710 682 3852 734 φησι,
3883 678 3952 727 καὶ

748 770 806 816 et
838 775 944 814 non
980 757 1082 813 hoc
1114 755 1290 812 reddit
1325 754 1447 823 eius
1485 755 1670 821 carni,
1703 754 2012 808 damnetur.

2433 754 2534 807 οὐκ
2563 752 2798 822 ἀποδιδῷ
2824 751 2887 805 τὸ
2911 752 3083 816 πάθος
3110 756 3173 824 τῇ
3206 752 3370 807 αὑτοῦ
3394 755 3585 825 σαρκὶ,
3612 756 3946 830 καθαιρείσθω.

823 851 915 906 IV.
965 850 1022 904 Si
1050 848 1175 918 quis
1207 862 1406 903 nomen
1437 847 1695 916 trisagion
1720 888 1737 913 ,
1795 846 1899 900 hoc
1931 852 2050 909 est,
2089 853 2171 898 ter
2217 860 2337 898 san-

2309 862 2337 897 l-
2507 849 2580 898 A'.
2615 845 2725 898 Kai.
2756 844 2905 908 εῐτις
2937 844 3038 914 τὴν
3060 846 3376 913 τρισαγίαν
3400 846 3553 914 λέγει
3578 846 3645 900 δι’
3666 851 3803 920 ἡμᾶς
3832 870 3953 908 σταυ.

752 951 917 1006 ciunt,
948 940 1083 994 dicit
1125 947 1347 1011 propter
1376 952 1472 994 nos
1500 938 1825 994 cruciﬁxum
1857 977 1872 1002 ,
1925 947 1980 992 et
2015 952 2121 992 non
2155 936 2335 991 Domi-

2293 937 2335 990 i-
2438 937 2706 1008 ρωθείσαν
2746 936 3009 1007 θεότητα,
3043 937 3138 989 καὶ
3164 936 3290 1006 ούχὶ
3329 936 3420 989 τὸν
3455 936 3659 1010 Κύριον
3700 942 3838 1011 ἡμῶν
3882 947 3937 1020 ’1η

758 1049 885 1087 num
951 1031 1139 1088 Iesum
1195 1029 1477 1086 Christum
1550 1029 1747 1085 Filium
1806 1029 1901 1085 Dei
1952 1029 2331 1100 unigenitum,

2203 1044 2288 1083 um
2316 1070 2331 1095 ,
2438 1030 2567 1083 σοῦν
2596 1029 2853 1100 Χριστὸν,
2885 1029 2975 1083 τὸν
3002 1029 3132 1085 Υίὸν
3162 1029 3258 1082 τοῦ
3288 1028 3444 1097 Θεοῦ,
3482 1029 3847 1104 καθαιρείσθω.

753 1128 1067 1181 damnetur.

827 1218 893 1273 V.
929 1218 986 1275 Si
1016 1218 1139 1289 quis
1171 1224 1293 1289 post
1321 1232 1508 1273 vocem
1554 1225 1633 1271 ter
1671 1225 1935 1280 sanctam,
1983 1214 2149 1269 Deum
2203 1215 2336 1269 dicit

2317 1224 2336 1269 ι
2508 1213 2583 1266 E'.
2622 1212 2730 1265 Kal
2757 1211 2811 1265 εί
2833 1229 2919 1275 τις
2941 1212 3086 1266 κατά
3111 1210 3211 1282 τὴν
3228 1212 3520 1281 τρισαγίαν
3545 1215 3743 1288 φωνὴν,
3771 1218 3955 1290 Χριστὸν

757 1311 1082 1366 cruciﬁxum
1139 1319 1362 1381 propter
1402 1324 1526 1376 nos,
1576 1317 1631 1364 et
1683 1322 1787 1362 non
1828 1307 2008 1376 potius
2052 1322 2216 1361 unum
2247 1307 2338 1362 Fi-

2305 1336 2338 1358 χ-
2435 1304 2583 1373 λέγει
2623 1304 3033 1375 σταυρωθέντα,
3068 1305 3163 1357 καὶ
3207 1304 3330 1376 οὐχὶ
3366 1306 3571 1377 μᾶλλον
3613 1307 3700 1362 τὸν
3730 1310 3813 1365 ἕνα
3840 1312 3949 1382 Υίὸν,

758 1404 915 1466 lium,
943 1402 1031 1457 cui
1079 1402 1133 1457 in
1166 1402 1347 1459 medio
1387 1412 1472 1457 ter
1501 1410 1706 1458 sancta:
1747 1400 1900 1455 vocis
1935 1400 2167 1471 hymnus
2204 1400 2338 1455 dici-

2307 1427 2338 1453 η-
2435 1396 2528 1449 τὸν
2566 1398 2626 1449 ὲν
2675 1395 2826 1467 μέσῳ
2864 1395 2968 1465 τῆς
3014 1393 3305 1466 τρισαγίας
3351 1397 3539 1468 φωνῆς
3573 1398 3951 1473 ἁνυμνούμενον,

759 1504 845 1551 tur
865 1536 882 1563 ,
915 1495 1222 1549 damnetur.

2438 1484 2835 1556 καθαιρείσθω.
3780 1552 3782 1555 τ

829 1586 918 1642 VI.
967 1585 1024 1641 Si
1055 1587 1181 1656 quis
1215 1586 1489 1641 hominem
1533 1586 1665 1641 dicit
1689 1588 1782 1657 qui
1820 1601 1921 1658 pro
1962 1586 2117 1642 nobis
2160 1584 2340 1641 cruci-

2312 1614 2340 1628 -
2509 1580 2601 1645 ς’.
2634 1576 2745 1630 Kal.
2775 1573 2929 1640 εἴτις
2960 1574 3248 1648 ἄνθρωπον
3281 1576 3429 1646 λέγει
3458 1577 3553 1632 τὸν
3582 1578 3649 1633 δι’
3674 1582 3808 1651 ἡμᾶς
3829 1601 3952 1638 arae.

758 1677 901 1733 ﬁxus
928 1686 1035 1743 est,
1067 1678 1183 1733 sive
1217 1676 1408 1745 Deum,
1441 1678 1728 1734 dividendo
1758 1691 2004 1743 naturas,
2026 1689 2082 1733 et
2106 1693 2210 1732 non
2245 1692 2340 1734 eas

2306 1693 2340 1734 ps
2442 1669 2705 1742 ρωθέντα,
2738 1669 2859 1740 ἧτοι
2876 1668 2969 1723 τὸν
2995 1668 3147 1736 Θεὸν,
3182 1670 3435 1741 χωρίζων
3465 1671 3566 1736 τὰς
3589 1672 3788 1742 φύσεις,
3810 1677 3885 1730 καὶ
3908 1682 3950 1733 οὐ

757 1769 1061 1841 copulando
1085 1767 1141 1823 in
1174 1768 1530 1824 cruciﬁxioue
1552 1770 1669 1837 ejus
1696 1810 1714 1837 ,
1761 1771 2070 1825 damnetur.

2441 1765 2730 1818 συνάπτων
2762 1764 2820 1817 ὲν
2864 1762 2943 1835 τῷ
2982 1764 3350 1835 σταυροῦσθαι
3384 1766 3587 1831 αὑτὸν,
3626 1769 3952 1840 καθαιρείσθω.

829 1859 942 1916 VII.
990 1861 1052 1917 Si
1104 1862 1230 1932 quis
1278 1861 1479 1916 nudum
1514 1862 1787 1917 hominem
1818 1864 1985 1927 dicit,
2024 1864 2163 1919 sicut
2202 1862 2338 1918 Pau-
2374 1930 2398 1932 λ

2313 1891 2338 1904 -
2374 1930 2398 1932 Α
2510 1857 2586 1910 Z'.
2618 1856 2729 1909 Καὶ
2755 1856 2909 1918 εἴτις
2935 1855 3088 1924 ψιλὸν
3114 1856 3402 1928 ἄνθρωπον
3431 1857 3618 1927 λέγει,
3649 1859 3719 1924 ὡς
3747 1862 3954 1927 Παῦλοςό

757 1952 845 2007 lus
881 1930 1294 2017 Samosatenus,
1344 1960 1438 2006 aut
1482 1952 1946 2020 sicutPhotinus,
1978 1957 2282 2010 damnetur.
2368 1930 2401 1985 Ε

2368 1930 2412 1985 Β
2441 1948 2837 2018 Σαμοσατέων,
2875 1948 2908 2018 ἢ
2953 1946 3145 2019 ὥσπερ
3178 1950 3474 2018 Φωτεινὺς,
3508 1951 3952 2023 ἁναθεματιζέσθω.

836 2045 973 2103 VIII.
1008 2046 1067 2102 Si
1111 2045 1235 2116 quis
1264 2045 1557 2101 dicitduas
1594 2061 1997 2117 personas,seu
2028 2049 2337 2103 subsisten-
2443 2082 2457 2097 .
2536 2080 2553 2095 .
2635 2080 2651 2095 .
2741 2081 2756 2095 .
2840 2079 2855 2094 .
2948 2083 2961 2096 .
3041 2081 3056 2094 .
3136 2084 3149 2095 .
3230 2082 3246 2097 .
3327 2084 3341 2098 .
3437 2084 3453 2099 .
3532 2086 3548 2101 .
3626 2086 3641 2102 .
3715 2088 3729 2103 .
3797 2088 3811 2104 .
3874 2092 3952 2106 ..

761 2141 882 2207 tias,
923 2148 979 2195 et
1003 2154 1108 2193 non
1139 2138 1316 2209 potius
1341 2137 1480 2192 duas
1509 2146 1733 2193 naturas
1778 2139 1830 2192 in
1856 2154 2015 2192 unam
2050 2154 2337 2209 personam
2442 2172 2456 2187 .
2534 2173 2549 2187 .
2628 2169 2644 2186 .
2724 2170 2739 2185 .
2819 2170 2833 2185 .
2921 2169 2937 2186 .
3029 2171 3043 2185 .
3125 2172 3139 2187 .
3219 2172 3233 2187 .
3326 2174 3342 2188 .
3423 2179 3437 2191 .
3492 2206 3506 2216 θ

757 2239 813 2287 et
869 2246 1030 2285 unam
1077 2228 1487 2286 subsistentiam
1548 2240 1975 2293 concurrentes,
2028 2230 2338 2284 damnetur.

829 2320 921 2376 IX.
963 2321 1022 2377 Si
1080 2320 1202 2391 quis
1238 2320 1464 2375 alterius
1521 2319 1846 2376 substantiae
1891 2320 2091 2375 dixerit
2120 2335 2339 2374 carnem

2309 2335 2339 2373 η
2496 2316 2573 2370 8'.
2608 2315 2717 2369 Kai.
2744 2315 2899 2378 εἴτις
2929 2315 3269 2386 έτεροούσιον
3290 2316 3441 2385 λέγει
3464 2316 3564 2390 τῆς
3586 2321 3838 2391 ἡμετέρας
3856 2340 3953 2392 σαρ-

761 2413 973 2469 Domitii
1010 2429 1041 2467 a
1085 2426 1251 2469 carne
1290 2423 1473 2469 nostra
1502 2452 1517 2478 ,
1550 2421 1606 2468 et
1652 2427 1757 2467 non
1806 2413 1986 2481 potius
2014 2412 2169 2469 nobis
2211 2427 2342 2467 cou-

2310 2439 2342 2465 l"
2437 2409 2534 2473 κὸς
2561 2408 2660 2478 τὴν
2685 2407 2865 2480 σάρκα
2890 2406 2983 2461 τοῦ
3013 2407 3274 2480 Χριστοῦ,
3302 2409 3399 2462 κειιὶ¹
3424 2410 3545 2481 ούχὶ
3568 2410 3633 2482 δὴ
3661 2412 3837 2481 μᾶλλον
3858 2414 3954 2480 ἡμῖν

758 2504 1174 2562 suhstatttialem
1202 2506 1411 2575 absque
1448 2514 1709 2575 peccato,
1746 2505 2056 2560 damnetur.

2438 2502 2743 2571 ὸμοούσιον,
2775 2501 2945 2571 χωρὶς
2978 2502 3279 2573 ἁμαρτίας,
3310 2501 3702 2572 καθαιρείσθω.

831 2597 900 2653 Χ.
941 2599 996 2653 Si
1032 2596 1156 2667 quis
1186 2595 1355 2651 Deum
1387 2596 1688 2662 hominem,
1725 2606 1780 2651 et
1818 2612 1925 2651 non
1969 2598 2139 2668 magis
2171 2596 2340 2653 Deum

2309 2613 2340 2652 [ι
2510 2592 2566 2646 I'.
2601 2590 2713 2645 Kal.
2740 2591 2793 2644 ετ
2836 2607 2923 2654 τις
2966 2591 3351 2664 θεανθρωπίαν
3388 2593 3563 2662 λέγει,
3593 2594 3684 2649 καὶ
3722 2597 3827 2666 ούχὶ
3855 2598 3953 2651 Θεὸν

755 2701 813 2747 et
856 2691 1132 2745 hominem
1165 2688 1339 2756 dicit,
1378 2689 1689 2745 damnetur.

2439 2685 2536 2739 καὶ
2561 2683 2849 2755 ἄνθρωπον
2877 2684 3080 2755 μᾶλλον
3108 2684 3260 2755 λέγει
3280 2726 3295 2752 ,
3325 2685 3819 2757 ἀναθεματιζέσθω.

715 2789 730 2804 ’
831 2780 921 2836 XI.
969 2781 1026 2836 Si
1055 2781 1604 2851 quisdicitcreatum
1639 2780 1820 2836 Patris
1849 2779 2110 2848 Verbum,
2146 2792 2201 2839 et
2233 2798 2339 2838 non
2442 2818 2460 2834 .
2535 2816 2554 2833 .
2632 2817 2647 2832 .
2727 2815 2747 2833 .
2822 2818 2838 2833 .
2928 2817 2943 2833 .
3021 2815 3040 2833 .
3131 2819 3147 2834 .
3228 2819 3241 2833 .
3320 2819 3336 2835 .
3416 2818 3431 2832 .
3525 2821 3540 2836 .
3619 2819 3636 2835 .
3709 2823 3723 2837 .
3795 2819 3809 2835 .
3871 2818 3948 2835 ..

759 2875 932 2944 magis
956 2874 1073 2942 ejus
1115 2881 1472 2939 carnem,et
1516 2873 1720 2943 siquis
1744 2874 1876 2930 dicit
1906 2878 2342 2932 consubstantia-
2442 2909 2459 2924 .
2536 2909 2552 2925 .
2630 2907 2648 2925 .
2738 2909 2755 2924 .
2831 2910 2847 2926 .
2925 2912 2941 2929 .
3037 2910 3052 2925 .
3147 2910 3163 2927 .
3237 2910 3255 2927 .
3333 2912 3349 2927 .
3427 2910 3446 2929 .
3525 2910 3543 2928 .
3620 2912 3636 2925 .
3705 2911 3719 2927 .
3794 2912 3810 2928 .
3870 2908 3886 2928 .
3935 2906 3950 2926 ο

755 2964 866 3019 Iem
902 2979 1121 3019 carnem
1156 2964 1367 3020 Domini
1398 2963 1507 3019 Deo
1545 2974 1602 3019 et
1632 2964 1779 3020 Patri
1809 3003 1827 3031 ,
1886 2977 1944 3021 et
1994 2983 2102 3022 non
2155 2969 2336 3038 potius

762 3055 932 3110 Deum
968 3053 1247 3119 Verbum,
1301 3057 1609 3110 damnetur.
2444 3092 2459 3108 .
2537 3091 2554 3107 .
2634 3092 2651 3108 .
2732 3094 2747 3109 .
2828 3092 2843 3109 .
2923 3090 2942 3109 .
3012 3090 3029 3107 .
3106 3092 3124 3107 .
3201 3093 3217 3108 .
3294 3092 3312 3108 .

832 3142 950 3199 XII.
983 3145 1039 3199 Si
1076 3145 1197 3214 quis
1224 3145 1358 3199 dicit
1401 3146 1522 3199 sine
1559 3154 1740 3200 mente
1768 3154 1824 3200 et
1850 3146 1971 3201 sine
2016 3147 2197 3201 anima
2230 3146 2342 3203 Do-

2305 3172 2342 3196 ...
2511 3146 2610 3201 IB'.
2647 3146 2762 3201 Kal.
2793 3146 2956 3211 εἴτις
2986 3144 3137 3216 λέγει
3182 3145 3279 3219 [ἴσ.
3313 3145 3504 3219 φύρει]
3549 3145 3842 3217 ἄνθρωπον,
3881 3146 3949 3199 καὶ

763 3237 970 3293 minum
993 3247 1237 3293 nostrum
1264 3236 1769 3305 JesumChristum,
1795 3248 1849 3293 et
1873 3253 1971 3309 pro
1998 3253 2060 3293 ea
2084 3240 2340 3297 habuisse
2367 3277 2407 3338 Ο

2309 3256 2340 3297 e
2367 3277 2411 3338 Ο
2442 3237 2771 3338 ξψυὲονῌτὸν
2798 3238 3005 3338 Κύριον
3038 3239 3196 3338 ⁴ημῶν
3248 3238 3460 3338 ἰη-σοῦν
3479 3239 3737 3338 ’Χριστὸη
3865 3239 3950 3294 ἀντὶ

762 3329 1143 3394 divinitatem,
1189 3336 1245 3383 et
1290 3341 1357 3381 ex
1412 3328 1516 3383 hoc
1559 3327 1848 3382 dicendum
1903 3345 2125 3399 passum
2177 3346 2340 3387 carne
2371 3327 2406 3338 ’⁸

2310 3346 2340 3387 e
2371 3327 2411 3338 “’
2440 3328 2620 3400 ψυχῆς
2652 3329 2797 3401 ἔχειν
2834 3330 2937 3401 τὴν
2965 3330 3218 3399 θεότητα,
3251 3330 3347 3384 καὶ
3370 3330 3447 3393 ὡς
3476 3331 3542 3384 ὲκ
3567 3330 3752 3384 τούτου
3776 3330 3950 3398 πάσχειν

760 3422 954 3485 Deum,
978 3429 1034 3475 et
1074 3436 1183 3474 non
1225 3421 1397 3490 magis
1446 3429 1684 3476 mentem
1717 3436 1843 3477 cum
1871 3423 2050 3477 anima
2082 3424 2338 3479 rationali

2305 3424 2338 3479 li
2444 3420 2611 3491 σαρκὶ
2635 3420 2727 3473 τὸν
2756 3419 2889 3474 Θεὸν
2908 3420 3081 3490 Λόγον
3106 3420 3275 3489 λέγει,
3304 3421 3398 3474 καὶ
3426 3421 3552 3492 οὐχὶ
3580 3421 3639 3493 δὴ
3662 3422 3837 3493 μᾶλλον
3862 3419 3949 3472 νοῦν

760 3513 1116 3570 hutnanatum
1148 3510 1317 3567 Deum
1351 3511 1607 3577 Verbum,
1654 3525 1708 3568 et
1734 3515 2123 3583 impassibilem
2155 3518 2340 3573 dicen-

2304 3542 2340 3570 ι-
2441 3508 2608 3579 ἔχειν,
2640 3510 2737 3581 τὴν
2773 3510 2953 3582 ψυχὴν
2979 3510 3081 3578 τὴν
3113 3510 3341 3581 λογικὴν
3371 3509 3722 3580 ἀνειληφέναι
3751 3510 3827 3563 τὸν
3854 3508 3948 3561 Θεὸν

761 3607 888 3660 dum
914 3606 1165 3660 eumdem
1208 3604 1528 3670 divinitate,
1572 3605 1916 3662 humanitate
1942 3621 2070 3663 vero
2100 3609 2339 3678 passibi-

2304 3638 2339 3663 ,-
2440 3604 2615 3672 Λόγον
2634 3643 2649 3669 ,
2680 3603 2774 3657 καὶ
2818 3602 3005 3673 ἀπαθῆ
3032 3603 3180 3671 λέγει
3206 3604 3371 3657 αὐτὸν
3410 3606 3480 3676 τῇ
3513 3602 3742 3676 θεότητι,
3767 3602 3948 3673 παθητὸν

759 3697 889 3762 lem,
917 3698 1224 3751 damnetur.

2438 3692 2494 3746 δὲ
2520 3697 2586 3763 τῇ
2619 3693 3022 3765 ἀνθρωπότητι,
3052 3694 3444 3767 καθαιρείσθω.

768 3830 775 3835 .
825 3789 936 3845 llas
977 3788 1262 3844 duodecim
1299 3788 1666 3859 depositioues
1694 3790 1772 3860 (I)
1828 3790 1949 3845 misi
1983 3790 2099 3857 tibi,
2135 3801 2193 3846 ut
2230 3801 2340 3848 ter—

2301 3809 2340 3834 ·-
2513 3788 2728 3850 Ταύτας
2767 3788 2864 3852 τὰς
2904 3788 3111 3842 δώδεκα
3160 3787 3517 3859 καθαιρέσεις
3566 3787 3839 3844 ἀπέστειλά
3862 3802 3945 3850 σοι,

763 3880 1003 3937 reI‘actus
1043 3881 1271 3934 istorum
1301 3880 1557 3951 judiciis,
1603 3882 1937 3937 removearis
1966 3883 2036 3938 ab
2071 3885 2217 3939 omni
2252 3894 2340 3940 tua

2302 3901 2340 3940 la
2440 3880 2590 3945 ὅπως
2635 3880 2896 3950 φοϐηθεὶς
2929 3880 3137 3935 τούτων
3171 3882 3270 3945 τὰς
3305 3882 3558 3953 κρίσεις,
3589 3880 3859 3953 διεστηκὼς
3880 3880 3946 3948 ἔσῃ

762 3970 945 4040 iniqua
979 3971 1264 4036 novitate;
1304 3969 1508 4033 sciens,
1545 3972 1688 4040 quod
1721 3979 1939 4041 oportet
1984 3973 2138 4042 sequi
2192 3988 2343 4030 reve-

2303 3991 2343 4030 ιο
2439 3973 2542 4044 τῆς
2580 3974 3005 4046 πανδεινοτάτης
3045 3992 3139 4028 σου
3166 3976 3525 4046 καινοτομίας
3545 3992 3559 4007 ·
3593 3974 3740 4039 είδὼς
3773 3976 3841 4028 ὅτι
3871 3972 3947 4042 χρὴ

760 4064 1017 4118 lationem
1086 4061 1417 4118 sanctissimi
1488 4060 1670 4117 Procli
1730 4062 2342 4135 Constantinopolitanae

2304 4080 2342 4120 at
2440 4065 2813 4131 ἑξακολουθεῖν
2871 4070 2940 4138 τῇ
3000 4067 3342 4137 ἀποκαλύψει
3405 4068 3504 4122 τοῦ
3562 4068 3837 4121 ὁσιωτάτου
3879 4064 3948 4131 τῆς

761 4155 1021 4210 Ecclesia:
1046 4154 1309 4225 episcopi,
1347 4156 1620 4223 quomodo
1668 4155 1719 4209 iu
1760 4172 2014 4227 catnpum
2064 4172 2186 4211 cum
2227 4166 2339 4215 toto

2306 4173 2339 4215 0
2440 4160 3065 4224 Κωνσταντινουπόλεως
3125 4160 3458 4231 Ἐκκλησίας
3520 4160 3802 4213 ἐπισκόπου
3848 4154 3950 4224 Πρό⁴

716 4268 724 4277 ~
764 4246 961 4315 populo
987 4246 1286 4311 concurrit,
1318 4246 1618 4302 ﬂuctuante
1642 4248 1756 4317 ipsa
1787 4250 2011 4303 civitate
2033 4250 2133 4304 sub
2154 4257 2341 4306 terrae-

2306 4267 2341 4305 ι·
2440 4251 2568 4306 κλου
2588 4269 2603 4285 ο
2632 4252 2751 4316 πῶς
2777 4254 2837 4307 ὲν
2865 4252 2944 4324 τῷ
2969 4252 3178 4323 κάμπῳ
3208 4252 3581 4325 καταδραμὼν
3615 4254 3707 4305 σὺν
3737 4249 3875 4303 παντὶ
3896 4245 3950 4313 τῷ

761 4350 951 4402 ωυιυ,
1012 4345 1069 4393 et
1117 4338 1370 4393 omnibus
1425 4339 1609 4394 ﬂetum
1651 4340 2069 4409 eminentibus,
2115 4353 2340 4412 repente

2308 4357 2340 4398 e
2438 4343 2574 4414 λαῷ,
2594 4343 3035 4415 κυματιζομένης
3066 4341 3173 4395 ὑπὸ
3202 4341 3449 4412 σεισμῶν
3468 4341 3569 4412 τῆς
3591 4341 3752 4411 αὐτῆς
3770 4338 3949 4396 πόλεως,

760 4442 988 4498 puerum
1032 4427 1086 4481 in
1112 4440 1239 4481 aera
1276 4427 1443 4481 levari
1473 4444 1503 4481 a
1536 4430 1770 4498 quadam
1812 4434 2012 4485 virtute
2038 4471 2053 4496 ,
2111 4441 2166 4485 et
2212 4431 2340 4487 huic

2303 4446 2340 4487 :c
2439 4435 2535 4489 καὶ
2556 4435 2755 4505 θρήνου
2778 4434 2884 4487 ὑπὸ
2914 4432 3131 4486 πάντων
3151 4431 3641 4502 ἀναπεμπομένου,
3666 4429 3804 4499 ἄφνω
3826 4422 3947 4478 παῖδα

760 4521 963 4591 imponi
994 4520 1275 4590 trisaglum
1305 4521 1529 4584 litanias,
1580 4530 1639 4576 et
1661 4522 1847 4577 dicere
1874 4539 1888 4577 :
1920 4521 2149 4578 Sanctus
2174 4523 2334 4589 Deus,

2304 4541 2334 4589 πο
2438 4529 2518 4590 εἰς
2565 4528 2657 4581 τὸν
2707 4525 2936 4596 οὐρανὸν
2979 4524 3213 4597 ἀρθῆναι
3250 4524 3357 4579 ὑπό
3405 4541 3553 4589 τινος
3588 4525 3856 4592 δυνάμεως,
3884 4518 3948 4567 καὶ

757 4626 972 4672 sanctus
1000 4614 1176 4684 fortis,
1220 4622 1438 4667 sanctus
1466 4614 1818 4678 immortalis,
1858 4615 2104 4668 miserere
2145 4614 2291 4669 nobis
2316 4630 2337 4680 ;
2369 4621 2401 4681 ί]

2316 4630 2337 4680 ;
2369 4621 2416 4681 D
2440 4619 2616 4689 τούτῳ
2649 4618 2900 4672 ἐνθέσθαι
2929 4617 3022 4670 τοῦ
3046 4615 3348 4671 λιτανεύειν
3368 4616 3431 4671 τὸ
3453 4616 3758 4688 τρισάγιον,
3789 4611 3865 4665 καί
3888 4608 3947 4658 λέν

757 4721 814 4767 et
844 4712 957 4765 hac
980 4707 1308 4766 annuntiare
1341 4705 1601 4776 episcopo
1640 4704 1825 4774 jussus
1854 4716 1938 4761 est
1974 4726 1989 4761 :
2022 4707 2208 4777 sicque
2238 4721 2333 4776 per

2307 4722 2333 4761 r
2439 4728 2558 4780 γειν
2576 4726 2590 4742 ’
2611 4712 2813 4780 ’Ἄγιος
2826 4713 2857 4763 ὁ
2870 4709 3214 4779 Θεὸςδᾶγιος
3234 4708 3677 4778 ίσχυρὸς,’ἄγιος
3695 4704 3945 4763 ἀθάνατος.

759 4816 871 4859 tres
913 4805 1078 4858 horas
1126 4801 1182 4856 in
1221 4800 1482 4855 tribunali
1541 4808 1695 4855 stans
1747 4814 1906 4855 secus
1947 4802 2113 4871 pedes
2164 4800 2332 4871 ipsius

2304 4815 2332 4856 s
2437 4803 2701 4869 ἐλέησον
2738 4799 2915 4868 ἡμᾶς·
2950 4801 3046 4854 καὶ
3077 4799 3252 4853 ταῦτα
3289 4799 3383 4853 τοῦ
3410 4798 3662 4868 ἀγγείλαι
3691 4796 3761 4865 τῷ
3781 4790 3947 4846 ἐπισκό-

755 4894 1017 4967 episcopi,
1047 4895 1162 4949 hac
1184 4876 1453 4947 narravit.
1485 4891 1553 4947 Et
1581 4892 1660 4947 sic
1694 4901 1979 4962 postquam
2012 4891 2228 4947 litanias
2258 4890 2333 4947 fc-

2301 4909 2333 4946 :-
2439 4912 2528 4964 πῳ
2561 4893 2928 4966 προσετάχθη.
2970 4894 3068 4956 Ὃς
3096 4892 3193 4947 καὶ
3232 4892 3369 4961 μετὰ
3402 4892 3636 4963 τρίωρον
3672 4890 3788 4958 ἔστη
3823 4888 3869 4939 ὲν
3893 4878 3945 4949 τῷ

756 4996 972 5054 cerunt,
1023 4985 1174 5040 stetit
1212 4991 1574 5039 terrzetnotus.
1616 4984 1708 5038 Sic
1753 4997 1883 5054 ergo
1926 4992 1982 5038 et
2032 4993 2085 5037 tu
2117 4983 2332 5039 litanias

2297 5000 2332 5039 is
2437 4987 2797 5060 τριῦουναλίῳ
2819 4987 2973 5058 παρὰ
3005 4988 3130 5052 τοὺς
3160 4987 3327 5050 πόδας
3353 4985 3446 5039 τοῦ
3489 4985 3651 5041 αὑτοῦ
3688 4981 3941 5038 ἐπισκόπου,

764 5078 870 5140 fac,
905 5086 960 5130 et
1018 5073 1266 5144 pausabit
1291 5073 1368 5127 ira
1417 5088 1537 5143 qua:
1570 5082 1761 5127 contra
1787 5080 1840 5126 te
1872 5070 2190 5141 proferenda
2226 5080 2329 5127 est.

2296 5080 2329 5127 ιο
2438 5079 2532 5132 καὶ
2581 5077 2753 5131 ταῦτα
2792 5077 3109 5147 διηγήσατο.
3165 5076 3273 5129 Καὶ
3310 5074 3493 5141 ,οὕτως
3546 5072 3940 5128 λιτανευσάντωνς

759 5169 820 5227 Si
844 5177 1024 5223 autem
1051 5183 1179 5232 non,
1211 5168 1395 5222 veniet
1427 5180 1593 5236 super
1636 5174 1688 5219 te
1717 5165 1986 5239 depositio
2012 5178 2043 5217 a
2066 5174 2218 5233 patre
2236 5180 2333 5220 uo-

2297 5184 2333 5217 ν·
2439 5172 2673 5243 ἔστησαν
2711 5171 2761 5223 οί
2794 5169 3030 5240 σεισμοί.
3060 5168 3248 5233 Οὕτως
3275 5164 3371 5223 οὖν
3408 5170 3503 5223 καὶ
3528 5170 3590 5221 σὺ
3621 5166 3857 5223 λιτάνευε.
3876 5158 3941 5209 καὶ

757 5271 874 5316 stro
906 5257 1102 5313 Felice.
1124 5257 1411 5313 Custodiet
1440 5267 1619 5311 autem
1650 5255 1793 5311 Dcus
1810 5255 2068 5309 mundum
2102 5272 2131 5307 a
2170 5270 2331 5310 scan-

2294 5278 2331 5310 I-
2440 5259 2762 5329 παύσεταιή
2790 5259 2931 5312 κατὰ
2959 5258 3053 5311 σοῦ
3087 5258 3439 5330 μελετωμένη
3473 5254 3799 5328 ἐξενεχθῆναι
3823 5250 3938 5320 opill-

759 5352 915 5409 dalis.
944 5352 1042 5408 Cui
1068 5352 1238 5421 gloria
1268 5367 1412 5406 nunc
1432 5358 1487 5405 et
1507 5364 1722 5420 semper
1752 5359 1809 5405 et
1831 5348 1889 5404 in
1942 5346 2139 5403 saecula
2164 5363 2332 5403 sazcu-

2296 5364 2332 5403 I-
2440 5350 2505 5404 Et
2531 5351 2586 5402 δὲ
2610 5351 2708 5421 μὴ,
2733 5350 2854 5421 ἥξει
2882 5350 2977 5403 ἐπὶ
3004 5350 3063 5403 σὲ
3085 5351 3408 5423 καθαίρεσις
3433 5350 3538 5403 ὑπὸ
3556 5348 3647 5403 τοῦ
3677 5347 3812 5400 πὰπα
3829 5338 3940 5411 ἡμῶν

754 5446 956 5501 lorum.
989 5443 1183 5497 Anien.

2438 5443 2690 5513 Φήλικος.
2715 5443 2946 5508 Φυλάξει
2965 5443 3023 5497 δὲ
3046 5446 3074 5498 ὁ
3095 5444 3228 5509 Θεὸς
3251 5444 3341 5497 τδν
3368 5444 3569 5515 κόσμον
3594 5439 3697 5498 ἀπὸ
3714 5437 3807 5491 τῶν
3826 5445 3940 5485 sxa-a-

753 5542 952 5604 ὃᾴλων.
981 5535 1054 5613 ⁷ῼ
1080 5541 1114 5611 ἡ
1152 5536 1279 5602 δόξα
1305 5537 1434 5604 νῦν,
1473 5537 1567 5591 καὶ
1592 5536 1702 5603 ἀεὶ,
1738 5534 1833 5589 καὶ
1865 5534 1946 5598 είς
1974 5533 2101 5598 τοὺς
2131 5534 2336 5603 αἰῶνας
2372 5537 2479 5591 τῶν
2501 5539 2733 5593 αἰώνων.
2772 5540 2965 5611 Ἀμήν.

827 5677 906 5748 (I)
964 5674 1079 5729 Has
1114 5672 1418 5748 _duodecim
1454 5673 1967 5748 depositioues,_etc.
2023 5669 2187 5748 Vides
2221 5672 2327 5748 hoc
2435 5686 2758 5748 sequuntur,
2782 5692 2887 5731 non
2904 5677 3320 5745 suntQuintiani
3345 5675 3579 5746 episcopi
3599 5658 3939 5748 Asculanus?

757 5735 1023 5803 Iuc‘o'uon
1075 5744 1258 5814 plures
1289 5759 1466 5814 quam
1506 5735 1787 5814 duodecim
1822 5740 1994 5814 fuisse
2048 5743 2328 5814 Quintiani
2440 5735 2779 5814 Asclepiadis
2818 5735 3113 5804 'I‘rallcnsis
3145 5735 3436 5814 antistiti-8,
3469 5735 3606 5804 lit-ex
3636 5745 3803 5801 codice
3828 5735 3938 5792 Vlli-

758 5811 1496 5887 anathematismos.Iteliqui
1522 5813 1687 5887 igitur
1719 5822 1841 5868 octo
1863 5811 1989 5887 alii,
2013 5812 2102 5887 qui
2129 5820 2268 5887 tum.
2290 5814 2331 5870 ll
2441 5832 2578 5871 cauo
2606 5811 2849 5887 apparet.
2883 5817 3092 5876 Bmtus.

755 5886 965 5944 Concil.
990 5886 1384 5943 ineditiouibus
1409 5882 1908 5953 anteriorihuspust
1934 5882 2328 5939 hos'duodccim
