4164 6554
353 417 487 486 1749

1306 429 1699 491 EXCERPTA
1738 431 1785 491 E
1819 432 2134 495 CANDlDI
2184 436 2577 499 HISTORIA.

3472 436 3609 502 1750

347 533 643 603 ἀφήγησις,
663 530 757 589 καὶ
782 533 859 600 ὡς
886 536 1080 609 εἴησαν
1108 537 1366 608 ἀπόγονοι
1394 540 1489 595 τοῦ
1532 541 1727 607 Ἠσαῦ,
1760 543 1930 615 πολλὴ

2043 550 2366 646 persuadere
2391 558 2641 603 conatur.
2666 547 2733 605 Ut
2758 563 2787 602 a
2818 547 3011 604 Verina
3039 549 3294 620 deceptus
3319 550 3464 606 Zeno
3494 552 3610 625 (ιι)

348 627 556 699 σπουδὴ
588 632 684 682 καὶ
729 629 1202 701 διήγησις.”οπως
1229 648 1290 685 τε
1322 633 1508 703 Ζήνων
1549 635 1654 688 ὑπὸ
1692 636 1931 707 Βηρίνης

2043 635 2362 707 fugeritcmu
2386 653 2553 693 uxore
2566 653 2630 693 ac
2645 646 2817 693 matre
2832 653 2897 693 ex
2912 639 3047 694 urbe
3066 640 3424 711 imperioque:
3445 652 3612 710 utque

346 720 673 791 ἀπατηθεὶς,
702 722 897 793 φεύγει
936 724 1160 792 γυναικὶ
1206 724 1324 793 ἅμα
1354 725 1451 779 καὶ
1491 727 1663 799 μητρὶ
1696 730 1795 798 τῆς
1834 729 1933 781 πόα

346 813 483 878 λεως
517 816 613 869 καὶ
653 818 753 887 τῆς
794 816 1074 887 βασιλείας
1094 833 1108 847 ·
1143 818 1237 870 καὶ
1268 815 1342 881 ὡς
1371 819 1596 890 Βηρῖνα,
1632 819 1807 874 ὲλπίδι
1836 818 1931 873 τοῦ

349 905 692 976 συναφθῆναι
723 907 1007 980 Πατρικίῳ
1033 908 1110 980 τῷ
1154 910 1440 983 μαγίστρῳ
1483 913 1578 965 καὶ
1623 911 1933 982 βασιλεύειν

346 999 544 1065 αὑτὸν,
574 1001 666 1054 τὸν
718 1002 971 1072 γαμϐρὸν
1017 1001 1192 1071 αὐτῆς
1243 1003 1644 1072 φυγαδεύσασσ,
1686 1004 1745 1070 se
1790 1004 1933 1059 ἁπά-

344 1108 483 1162 της,
531 1093 628 1147 καὶ
660 1093 798 1164 αὐτὴ
831 1094 930 1164 τῆς
979 1094 1198 1159 ἐλπίδος
1251 1096 1485 1166 ἐσφάλη,
1531 1096 1642 1150 τῶν
1686 1097 1744 1148 ὲν
1786 1095 1930 1151 τέλει

347 1182 667 1238 Βασιλίσκον
706 1185 798 1238 τὸν
837 1186 1010 1257 αὐτῆς
1042 1186 1270 1257 ἀδελφὸν
1304 1187 1637 1241 ἀνειπόντων
1677 1186 1927 1257 βασιλέα·

348 1278 484 1350 Περί
516 1296 573 1332 τε
604 1280 705 1350 τῆς
738 1279 1002 1350 ἰσαύρων
1027 1282 1087 1334 ὲν
1114 1280 1683 1336 Κωνσταντινουπόλει
1713 1280 1931 1352 ἀμυθή-

348 1387 447 1424 του
495 1369 732 1440 σφαγῆς.
784 1371 895 1425 Kal.
936 1373 1011 1436 ὡς
1054 1374 1193 1443 μετὰ
1237 1373 1476 1428 Νέπωτα
1522 1374 1748 1445 βασιλέα
1796 1373 1934 1426 Ῥώ-

353 1479 461 1530 μης
502 1463 910 1533 Αὑγούστουλον
955 1465 985 1517 ὁ
1030 1466 1215 1536 πατὴρ
1248 1466 1511 1537 Ὀρέστης
1538 1466 1755 1540 Ῥώμης
1800 1483 1934 1521 κατ-

350 1556 631 1626 επρὰξατο
662 1554 989 1625 βασιλεύειν.
1020 1556 1207 1610 Ταῦτα
1240 1560 1268 1611 ὁ
1300 1558 1517 1630 πρῶτος
1541 1559 1719 1627 λόγος.

426 1645 544 1719 [l9]
578 1646 638 1702 ’0
656 1648 713 1701 δὲ
737 1648 1010 1718 δεύτερος,
1032 1649 1181 1714 ὅπως
1206 1650 1504 1720 Πατρίκιος
1525 1653 1553 1704 ὁ
1578 1651 1879 1724 μάγιστρος
1904 1653 1933 1706 ὁ

352 1739 559 1811 Βηρίνῃ
607 1739 1080 1813 συμφθειρόμενος
1108 1782 1122 1807 ,
1170 1744 1729 1814 ὲπαγανακτήσαντος
1784 1741 1934 1816 σύτῷ

353 1832 702 1892 Βασιλίσκου,
727 1832 958 1888 ἀπεὸίω.
986 1835 1096 1887 Καὶ
1123 1834 1213 1888 διὰ
1235 1835 1393 1888 τοῦτο
1419 1832 1623 1907 Βηρίνα
1644 1836 1694 1889 δι
1733 1836 1934 1909 ἔχθρας

2039 725 2233 782 Verina
2267 742 2361 797 spe
2402 727 2729 797 adiungendi
2784 727 2888 783 sibi
2934 728 3230 783 Patricium
3268 730 3609 800 magistrum,

2033 818 2259 889 fereque
2293 828 2352 875 ut
2384 820 2699 890 imperaret,
2732 835 2991 892 generum
3035 837 3189 877 suum
3217 821 3493 877 Zenonem
3524 823 3611 877 fu-

2034 913 2244 983 gaverit
2271 927 2366 982 per
2404 911 2683 978 fraudem,
2726 928 2845 983 quas
2881 923 3060 968 tamen
3101 928 3226 982 spes
3257 930 3376 970 eam
3404 914 3613 971 fefelle-

2034 1004 2130 1068 rit,
2157 1019 2279 1058 cum
2316 1004 2374 1069 ii,
2409 1004 2498 1071 qui
2544 1004 2597 1058 in
2648 1004 2968 1075 magistratu
3012 1014 3191 1069 erant,
3254 1004 3604 1069 Basiliscum,

2034 1092 2150 1162 eius
2192 1093 2437 1161 fratrem,
2491 1094 2873 1165 Imperatorem
2912 1098 3316 1151 renuntiarunt.
3351 1098 3429 1152 De
3462 1097 3611 1152 Isau-

2036 1204 2216 1244 torum
2242 1188 2545 1245 incredibili
2568 1189 3169 1258 Constantinopolitana
3198 1192 3251 1244 in
3276 1190 3409 1246 urbe
3443 1192 3608 1255 caede,

2034 1286 2221 1349 utque'
2254 1290 2374 1347 post
2416 1278 2678 1349 Nepotem
2719 1280 2855 1349 (l5),
2898 1279 3267 1335 Romanorum
3315 1281 3612 1348 imperato-

2035 1387 2172 1436 rem,
2195 1370 2413 1427 Orestes
2439 1382 2594 1442 pater
2627 1371 2984 1442 Augustulum
3020 1371 3267 1427 Romano
3297 1374 3611 1441 praefecerit

2036 1464 2283 1534 imperio.
2324 1462 2392 1517 Et
2424 1465 2538 1520 haec
2566 1462 2680 1520 fere
2712 1464 2850 1521 libro
2882 1465 3058 1535 primo
3088 1473 3275 1519 narrat
3309 1463 3605 1521 Candidus.

2105 1651 2291 1706 Altero
2334 1664 2465 1707 vero
2517 1648 2655 1705 lihro
2704 1649 2805 1705 ista
2834 1668 2852 1706 ι
2880 1650 3149 1706 Patricius
3189 1651 3483 1721 magister,
3516 1652 3605 1720 qui

2037 1760 2157 1802 cum
2182 1742 2381 1800 Verina
2399 1742 2846 1799 consuetudinem
2873 1744 3125 1806 habebat,
3160 1743 3474 1813 indignante
3504 1744 3605 1811 ipsi

2035 1836 2326 1903 Basilisco,
2361 1838 2540 1907 periit.
2571 1835 2868 1905 Eapropter
2902 1836 2957 1891 in
2998 1834 3223 1890 fratrem
3262 1835 3457 1891 Verina
3483 1836 3609 1891 odio

354 1926 492 1997 πρὸς
536 1926 630 1979 τὸν
678 1927 904 1996 ἀδελφὸν
939 1930 1279 1994 καταστᾶσα,
1310 1929 1405 1982 καὶ
1434 1931 1642 2001 Ζήνωνι
1675 1930 1765 1983 διὰ
1793 1948 1931 2001 χρη-

2043 1939 2329 1999 concepto,
2370 1946 2433 1984 ac.
2481 1929 2752 1985 Zenonem
2794 1929 3000 1999 fopibus
3044 1928 3111 1983 ad
3179 1931 3610 1999 recuperandum

358 2018 544 2089 μάτων
577 2018 677 2089 τὴν
718 2020 815 2090 τῆς
859 2019 1140 2089 βασιλείας
1179 2020 1447 2091 ἀνάληψιν
1475 2023 1929 2092 συμπράττουσα,

353 2111 425 2163 τὰ
459 2110 663 2181 ἔσχατα
697 2110 932 2183 ἔπασχεν
963 2112 1068 2165 ὑπὸ
1110 2112 1205 2166 τοῦ
1235 2113 1489 2183 ἀδελφοῦ,
1523 2114 1619 2166 καὶ
1664 2112 1713 2165 εί
1746 2111 1820 2183 μὴ
1850 2112 1931 2165 δι-

356 2202 587 2273 έκλεψεν
640 2204 810 2274 αὐτὴν
880 2204 1155 2275 Ἀρμάτος
1222 2206 1288 2258 ὲκ
1332 2204 1426 2258 τοῦ
1476 2205 1628 2270 ναοῦ,
1678 2204 1818 2273 τάχα
1867 2201 1933 2256 ἂν

356 2296 452 2351 καὶ
473 2296 760 2367 διεφθάρη.
778 2297 865 2361 Ὠς
902 2298 1173 2369 Ἀρμάτος
1193 2301 1260 2370 τῇ
1292 2300 1507 2369 γαμετῇ
1533 2296 1939 2367 συνδιαφθειρό-

360 2406 521 2459 pavo;
556 2390 904 2455 Βασιλίσκου,
936 2392 1029 2445 ἐπὶ
1082 2392 1225 2463 μέγα
1272 2391 1591 2454 δυναστείας
1632 2389 1775 2461 ἤρθη
1796 2405 1810 2419 ·
1843 2390 1939 2443 καὶ

359 2481 436 2545 ὡς
480 2482 706 2554 ὕστερον
751 2482 843 2537 τὸν
879 2485 1020 2538 κατὰ
1050 2485 1297 2557 Ζήνωνος
1331 2483 1643 2548 πιστευθεὶς
1678 2482 1938 2554 πόλεμον,

359 2573 657 2628 ἀπέκλινεν
694 2578 787 2630 ἐπὶ
816 2577 1115 2648 συνθήκαις
1141 2577 1208 2630 δι’
1237 2578 1413 2631 ἰλλου
1446 2577 1581 2649 πρὸς
1618 2576 1804 2630 αὐτόν.
1832 2576 1941 2628 Καὶ

362 2666 669 2736 εὐδοκιμῶν
702 2669 795 2722 ἐπὶ
827 2669 1093 2740 Ζήνωνος,
1124 2670 1201 2733 ὠς
1230 2671 1326 2724 καὶ
1353 2669 1443 2723 τὸν
1473 2670 1589 2722 υἱὸν
1618 2668 1940 2722 Βασιλίσκον

367 2758 621 2830 Καίσαρα
654 2761 779 2815 ίδεῖν
800 2801 815 2827 ,
844 2762 1071 2834 ὕστερον
1098 2761 1473 2833 ὲκρεουργήθη
1495 2803 1509 2824 .
1540 2762 1634 2814 καὶ
1659 2762 1687 2813 ὁ
1718 2762 1845 2822 παῖς
1880 2762 1943 2813 ὲκ

366 2850 460 2904 τοῦ
499 2852 777 2921 Καίσαρος
822 2857 900 2918 είς
933 2856 1062 2918 τοὺς
1110 2855 1169 2908 ὲν
1215 2853 1546 2924 Βλαχέρναις
1589 2850 1942 2921 ἀναγνώστας

368 2939 636 2996 ἐτέλεσεν.
708 2944 797 3007 Ὠς
863 2945 968 3016 πρὸ
1029 2944 1237 2999 τούτων
1310 2942 1632 3006 Βασιλίσκος
1712 2943 1942 3013 Μάρκον

366 3032 460 3086 τὸν
505 3030 639 3088 ῐδιον
682 3034 797 3091 υἱὸν
837 3035 1094 3109 Καίσαρα
1128 3034 1373 3103 ἀνεῖπεν,
1393 3030 1513 3089 εἶτα
1551 3035 1645 3087 καὶ
1676 3032 1933 3105 βασιλέα·

2038 2023 2324 2094 imperium
2357 2023 2638 2093 adiuvans,
2684 2033 2926 2079 extrema
2957 2037 3184 2093 quaeque
3211 2038 3240 2075 a
3288 2021 3457 2078 fratre
3489 2038 3612 2091 per-

2039 2115 2175 2179 lulit,
2218 2131 2281 2170 ac
2310 2116 2413 2172 nisi
2436 2131 2466 2170 e
2495 2115 2695 2187 templo
2721 2116 2979 2169 Armatus
2997 2130 3116 2168 eam
3147 2114 3286 2170 clam
3326 2115 3615 2170 subduxis-

2040 2218 2143 2274 set,
2163 2207 2305 2265 forte
2328 2219 2384 2264 et
2411 2210 2525 2279 ipsa
2555 2224 2585 2264 e
2617 2208 2792 2263 medio
2816 2208 3029 2285 sublata
3056 2206 3266 2264 t‘nisSet.
3297 2206 3431 2263 Cum
3456 2206 3614 2263 Basi-

2039 2302 2156 2357 lisci
2181 2301 2374 2356 deinde
2394 2317 2561 2356 uxore
2582 2285 2916 2355 alliilteratus
2938 2302 3193 2355 Armatus
3224 2299 3361 2371 (lli),
3385 2299 3450 2353 ad
3470 2315 3617 2353 sum-

2040 2408 2184 2448 mam
2223 2394 2467 2461 pervenit
2490 2392 2808 2457 potentiam,
2838 2392 2972 2445 adeo
2999 2399 3054 2443 ut
3086 2392 3298 2445 tandem
3321 2391 3369 2444 ei
3395 2390 3613 2454 bellum,

2039 2483 2182 2553 quod
2214 2484 2473 2538 adversus
2496 2481 2767 2535 Zenonem
2798 2479 3102 2548 gerebatur,
3133 2480 3398 2534 creditum
3430 2478 3614 2543 fuerit,

2042 2573 2110 2627 ad
2128 2588 2287 2643 quem
2310 2582 2488 2626 tamen
2511 2572 2680 2626 certis
2701 2570 2874 2640 pactis
2891 2569 3016 2624 Hilli
3035 2567 3616 2640 operaconditionihus

2043 2664 2264 2721 defecit.
2298 2662 2410 2719 Sub
2444 2662 2663 2717 Zenone
2701 2662 2866 2732 igitur
2898 2661 3031 2715 tanti
3060 2675 3182 2715 cum
3209 2668 3355 2713 esset
3382 2657 3618 2713 nominis
3720 2718 3723 2719 ν

2043 2756 2323 2820 Armatus,
2358 2767 2418 2810 ιιι
2460 2763 2516 2810 et
2540 2753 2707 2809 lilium
2748 2751 3063 2808 Basiliscqu
3097 2750 3367 2807 Caesarem
3400 2750 3614 2814 viderit,

2045 2856 2163 2917 post
2185 2846 2536 2902 nihilominus
2559 2845 2613 2900 in
2636 2845 2807 2900 frusta
2832 2845 3136 2912 discerptus
3152 2850 3253 2907 est,
3270 2852 3325 2896 et
3347 2857 3478 2912 puer
3501 2843 3615 2912 ipse

2043 2954 2111 2994 ex
2157 2939 2372 2993 Caesare
2418 2938 2562 2993 inter
2612 2936 2844 2993 lectores
2904 2936 2958 2991 in
3009 2933 3324 2990 Blachernis
3374 2934 3613 3005 prollteri

2045 3030 2209 3102 coepit
2244 3029 2378 3103 (l7).
2421 3029 2713 3087 Basiliscus
2742 3041 2870 3086 ante
2896 3030 3008 3087 haec
3046 3027 3284 3083 Marcum
3325 3027 3614 3098 lilium(l8)

1571 3187 1863 3245 PHILIPPI
1903 3185 2145 3241 LABBEI
2181 3183 2418 3242 ΝΟΤᾹΞ.

371 3337 440 3393 ad
464 3336 758 3392 Iustiniani
782 3336 1031 3405 principis
1071 3343 1305 3398 tempora
1350 3334 1499 3389 vixit.
1545 3331 1743 3405 Eadem
1770 3330 1933 3385 habet
1960 3333 2003 3391 (ι
2039 3328 2269 3405 lectione
2304 3330 2595 3405 familiares
2626 3329 2727 3405 sibi
2757 3329 3010 3405 fecerint.
3044 3326 3288 3405 Malchus
3302 3340 3377 3405 ac
3414 3322 3615 3405 Spidas

378 3406 616 3461 Isidorus
664 3401 869 3472 Hispal.
893 3401 960 3460 in'
992 3405 1286 3469 Chronico,
1342 3413 1504 3473 atque
1552 3417 1620 3456 ex
1672 3401 1935 3473 alterutro

376 3476 724 3533 Gmhelridus
753 3469 1108 3532 Viterhiensis
1148 3475 1202 3527 in
1240 3469 1482 3527 Pantheo
1523 3481 1675 3541 parte
1694 3487 1809 3535 xvi,
1841 3469 1935 3539 qui

381 3546 508 3601 huic
544 3546 739 3601 fabulae
759 3548 911 3615 plura
936 3547 1097 3601 etiam
1129 3546 1195 3597 de
1213 3560 1315 3615 suo
1344 3543 1568 3615 addidit.

453 3618 565 3684 (14)
598 3618 640 3669 Α
687 3612 876 3670 Verina
929 3616 1171 3685 deceptus
1225 3612 1391 3685 Zeno.
1429 3613 1659 3668 Causam
1706 3612 1849 3685 illius
1881 3612 1935 3666 in

382 3682 651 3740 Zenonem
676 3688 781 3741 odii
827 3695 1017 3739 auctor
1041 3682 1297 3739 Chrontci
1333 3684 1487 3738 Alex.
1517 3690 1657 3739 hanc
1710 3682 1936 3753 profert,

382 3756 525 3823 quod
554 3756 700 3811 Zeno
723 3770 938 3813 socrum
975 3756 1161 3810 nescio
1191 3756 1318 3824 quid
1346 3764 1613 3823 petentem
1648 3753 1936 3824 irepulerit.

381 3827 622 3880 Alteram
688 3833 953 3881 memorat
1012 3823 1307 3887 Candidus,
1337 3826 1480 3893 quod
1548 3826 1598 3877 in
1645 3823 1938 3878 Patricium

383 3894 697 3963 Magistrum
729 3898 977 3951 derivare
1010 3896 1169 3950 vellet
1209 3896 1420 3964 imperii
1470 3894 1807 3965 dignitatem,
1836 3908 1940 3962 qua

383 3981 478 4033 spe
510 3966 787 4030 frustrata,
824 3966 1142 4020 Basiliscum
1180 3965 1402 4020 fratrem
1444 3968 1825 4033 imperatorem
1857 3979 1943 4016 re-

386 4039 671 4091 nuntiarit.
702 4037 861 4091 Plura
897 4035 1276 4104 Theophanes,
1304 4036 1617 4104 Procopius.
1660 4033 1942 4104 Agathias,

386 4106 604 4173 Birinus.
629 4104 1255 4173 Evagrius,Theodorus
1314 4103 1529 4168 Lector,
1578 4103 1943 4167 Marcellinus,

385 4172 926 4247 Victor.Anonymus
960 4185 1080 4245 post
1115 4177 1459 4247 Ammianum
1490 4178 1688 4238 editus,
1722 4174 1945 4247 aliique,

387 4260 523 4312 quos
555 4248 640 4301 hic
669 4244 973 4302 conciliare
1000 4256 1095 4299 aut
1123 4246 1433 4301 exscribere
1467 4262 1574 4300 nou
1603 4256 1686 4301 est
1710 4244 1946 4299 aniums.

391 4317 576 4372 Graeca
598 4318 680 4371 sic
703 4318 1007 4387 distingue:
1038 4316 1149 4387 ιςαι
1173 4316 1250 4379 ὼς
1271 4316 1476 4387 Βηρίνα
1509 4316 1688 4387 ἑλπίδι
1709 4314 1801 4387 τοῦ
1824 4330 1950 4387 συν-

396 4387 635 4457 αφθῆναι
679 4384 960 4458 Πατριξιίῳ
1004 4385 1084 4455 τῷ
1150 4384 1436 4458 μαγίστρῳ
1495 4389 1590 4440 καὶ
1644 4384 1953 4456 βασιλεύειν

394 4456 577 4523 αὑτὸν,
606 4458 696 4511 τὸν
724 4456 970 4528 γαμϐρὸν
983 4456 1168 4528 -αὑτῆς
1195 4456 1602 4526 φυγαδεῦσασα.

466 4529 578 4599 (l5)
611 4528 685 4582 De
709 4525 934 4599 Nepote,
970 4525 1428 4599 Oreste,_lilioque
1476 4529 1594 4595 ejus
1632 4525 1952 4596 Augustulo,

393 4597 509 4654 sive
526 4599 774 4661 Romulo,
793 4598 982 4652 Graece
1007 4599 1147 4663 apud
1172 4597 1553 4666 Theophanem
1584 4610 1640 4653 et
1671 4599 1953 4665 Evagriuin

2037 3400 2442 3455 interfectorem
2498 3402 2707 3455 Armati
2761 3400 3072 3469 Onulphum
3126 3400 3241 3453 sive
3296 3394 3607 3469 Onuolphin

2038 3470 2322 3523 nominant
2368 3470 2726 3537 eamdemque
2765 3466 3063 3524 Barbarum
3114 3483 3179 3522 ac
3234 3479 3432 3535 genere
3463 3466 3618 3537 Thu-

2040 3540 2249 3610 riugmn
2295 3540 2460 3594 fuisse
2524 3535 2813 3596 testantur.
2841 3538 3028 3608 Neque
3048 3552 3175 3591 vero
3217 3537 3475 3589 Armatus
3512 3535 3605 3588 hic

2040 3610 2179 3664 idem
2223 3609 2432 3664 videtur
2485 3625 2605 3663 cum
2646 3608 2820 3663 altero
2857 3608 3100 3678 ejusdem
3134 3604 3387 3678 nominis
3412 3604 3608 3678 praefe-

2039 3690 2128 3734 cto
2156 3680 2410 3750 praetorio
2461 3678 2782 3745 Galliarum,
2809 3672 3082 3746 ad'quem
3112 3672 3617 3750 anno_425__ynlen-

2041 3743 2278 3875 ἓιιῖᾑιιιιε
2299 3749 2366 3805 ιιι
2397 3750 2695 3819 rescripsit,
2732 3743 2789 3804 ut
2823 3743 2993 3804 habes
3031 3756 3162 3801 tom.
3196 3743 3606 3801 lCouciliorum

2090 3836 2119 3875 a
2165 3838 2246 3875 ne.

2090 3821 2246 3875 alliie.

2118 3890 2230 3962 (ΓΙ)
2283 3889 2574 3962 Basiliscus
2627 3905 2693 3944 ea:
2728 3888 2938 3962 Cwsare
2990 3888 3128 3943 inter
3162 3886 3383 3941 lectores
3406 3886 3460 3939 in
3482 3884 3617 3939 Bla-

2045 3959 2253 4015 chernis
2299 3961 2537 4030 proﬁteri
2589 3962 2761 4029 capit.
2781 3959 2953 4014 Aliter
3006 3973 3116 4030 r_e_in
3175 3966 3364 4030 narrat
3421 3966 3617 4030 auctor

2045 4027 2308 4087 Chronici
2331 4027 2486 4085 Alex.
2520 4027 2860 4086 Theodorico
2920 4036 2976 4083 et
3022 4027 3291 4083 Venantio
3314 4040 3483 4088 coss.,
3521 4027 3623 4079 hoc

2048 4114 2153 4166 est,
2181 4117 2325 4156 anno
2362 4102 2628 4156 Dominici
2670 4099 2874 4155 Natalis
2910 4099 3059 4154 484:
3093 4096 3204 4150 Καὶ
3256 4094 3481 4167 μετὰ-το
3515 4110 3618 4164 φο-

2048 4164 2301 4244 νευθῆναι
2345 4172 2638 4242 Ἀρμάτον,
2672 4175 2796 4244 τότε
2852 4168 3065 4244 καὶμτδν
3106 4164 3428 4244 ᾠὸν-αὒτοῦ
3461 4165 3626 4244 βασι-

2035 4237 2236 4297 “λίσκον
2257 4242 2345 4296 τὸν
2377 4237 2631 4313 καίσαρα
2660 4240 2926 4311 νεώτερον
2954 4240 3085 4313 ὄντα
3146 4237 3625 4313 ἐπί-σιτοπονμὲχει-

2055 4314 2343 4382 ροτόνησεν
2383 4314 2462 4376 είς
2504 4306 2746 4376 Κῦζικον
2767 4349 2783 4375 ,
2818 4306 3173 4382 μητρόπολιν-
3199 4306 3620 4382 Ἑλλησπόντου.

2052 4376 2244 4452 ἐπειδῆ
2283 4379 2353 4455 ἦν
2399 4383 2639 4454 φορέσας
2694 4376 2981 4455 ποριξώραν
3031 4378 3319 4455 βασιλιιιιὴν
3350 4376 3439 4440 ὡς
3462 4376 3624 4455 Διξαῖε-

2054 4470 2181 4525 cap,
2217 4446 2320 4525 hoc
2339 4446 2442 4518 est,
2462 4446 2576 4522 post
2604 4446 3047 4525 cludent—Armati
3073 4446 3415 4525 Basiliscum,
3446 4446 3624 4525 [ilium

2054 4514 2190 4593 ejus,
2224 4514 2486 4580 (ἔωσανεή
2514 4524 2687 4577 adhuc
2737 4522 3142 4593 adolescentem,
3183 4519 3483 4593 episcopum
3516 4514 3623 4584 Cy-

2057 4590 2182 4660 iici,
2206 4594 2533 4663 Hellesponti
2563 4592 2928 4660 metropoleos,
2950 4590 3311 4657 inauguravit,
3339 4597 3620 4663 propterea

404 4670 700 4740 Ῥωμύλλῳ
726 4655 923 4749 ίῖιιιιιίο
961 4655 1572 4749 νιιίκιιιίεμθ-Μοιιιγιζο
1602 4655 1808 4722 erroris
1832 4669 1948 4721 ori-
1982 4688 2023 4743 ι)
2055 4655 2197 4749 quod
2226 4655 2519 4749 purpuram
2539 4655 2762 4749 gestaret
2796 4663 2994 4729 regiam
3018 4655 3120 4712 non
3149 4673 3310 4749 secula.
3329 4672 3391 4709 ac
3421 4655 3624 4749 ξανθαξέ

392 4756 460 4810 go
494 4739 784 4809 emanavit)
823 4753 927 4792 non
968 4739 1224 4810 estquod
1264 4739 1415 4810 plura
1447 4740 1568 4810 quis
1594 4754 1622 4792 a
1645 4752 1731 4810 me
1755 4753 1949 4805 exSpe-

395 4808 585 4882 ctetin
622 4827 679 4865 rc
710 4808 944 4865 coiitrita
985 4808 1083 4882 καὶ
1106 4808 1595 4882 καρημαξευμένῃ.
1636 4808 1729 4882 Ειι-
1760 4822 1947 4882 recen-

399 4881 627 4934 tioribus
667 4882 731 4935 de
765 4881 846 4933 his
875 4880 1100 4933 consule
1150 4878 1442 4935 llenricum
1468 4878 1628 4947 atque
1654 4878 1947 4932 Adrianmn

401 4948 660 5019 Yaleslos.
700 4966 793 5019 par
834 4950 1059 5003 fratrum
1099 4950 1546 5012 eruditissimum,
1578 4950 1719 5002 hunc
1748 4948 1884 5001 libro
1919 4963 1950 5001 ν

402 5017 593 5072 Rerum
642 5017 1045 5083 Francicarum,
1085 5019 1235 5073 illum
1295 5022 1345 5073 in
1398 5021 1543 5075 notis
1569 5020 1635 5072 ad
1680 5018 1952 5086 fragmen-

402 5098 515 5142 ιιιιιι
547 5090 807 5159 AnOnytui
861 5106 927 5142 ex
990 5090 1208 5146 schedis
1246 5089 1314 5145 Β.
1351 5090 1409 5146 Ρ.
1437 5088 1623 5145 Jacobi
1676 5087 1947 5142 Sirmoudi

423 5168 525 5231 rost
556 5160 1287 5231 AmmianumMarcellinum
1319 5161 1575 5231 evulgati.
1595 5159 1863 5231 Cabadein
1883 5172 1948 5213 ac

452 5242 680 5282 enonem
729 5228 969 5299 imperiis
1000 5230 1261 5297 spoliatos
1287 5247 1349 5286 ea
1379 5228 1729 5299 recuperasse
1756 5228 1949 5282 obser-

402 5310 494 5351 vat
524 5307 642 5367 post
664 5297 952 5368 Agathiam
981 5299 1223 5368 aliosque
1244 5297 1631 5357 Constantinus
1653 5299 1947 5362 Manasses,

404 5364 619 5440 pag.'6tl
646 5371 777 5440 edit.
809 5364 1010 5440 Regiie.
1046 5364 1231 5422 Solum
1263 5372 1519 5440 Nepotem
1538 5370 1803 5439 dejecwiu
1832 5368 1947 5424 for-

407 5438 533 5495 tuna
558 5439 803 5510 benignis
830 5438 997 5493 oculis
1022 5454 1126 5492 non
1151 5438 1405 5508 respexit.

478 5509 589 5578 (lli)
627 5513 902 5573 Armatus,
927 5510 1040 5581 sive
1064 5512 1362 5578 Armatius,
1412 5515 1516 5577 (cui
1557 5514 1674 5569 voci
1712 5522 1839 5569 sunt
1863 5514 1954 5581 qui

405 5579 1169 5654 aspirationem_praeligant,)
1207 5597 1311 5637 uou
1369 5587 1583 5654 ignotus
1619 5588 1721 5640 erit
1746 5585 1835 5651 iis,
1865 5579 1957 5652 qui

406 5651 688 5725 Malchum
715 5649 1261 5725 Philadelphiensein,
1282 5649 1416 5725 pag:
1446 5655 1516 5709 94
1553 5649 1828 5711 editionis
1858 5649 1963 5708 lle-

409 5724 531 5846 Eia,
559 5722 739 5804 suidae
790 5721 1079 5804 Excerpta,
1125 5737 1249 5792 pag.
1277 5721 1642 5808 “ejusdem
1690 5725 1965 5789 editionis,

461 5794 719 5846 ltronicon
742 5793 1190 5846 Alexandrinum.
1213 5794 1664 5846 ProcomumJib.
1694 5814 1707 5846 I
1750 5796 1965 5846 Vanda-

461 5794 719 5865 lironicon
742 5793 1190 5859 Alexandrinum,
1213 5793 1664 5865 Procopium,lib.
1694 5814 1707 5853 ι
1750 5796 1969 5850 Vanda-

2046 4725 2192 4859 IAudi
2226 4725 2657 4788 Constantinum
2707 4725 3032 4794 Maluissem,
3080 4743 3204 4796 pag.
3250 4725 3314 4780 61
3370 4725 3628 4780 editionis

2097 4820 2228 4859 ειιιιιι
2256 4820 2271 4857 :

2097 4820 2228 4874 egue
2256 4820 2271 4857 :

2047 4917 2151 4971 Τὸν
2184 4915 2283 4985 μὲν
2324 4913 2621 4984 Ἀρμάτιον
2652 4898 3510 4985 οἰκτρῷ-Θανάτῳᾲπαραπέμπει

2047 4979 2321 5056 Προδότην
2354 4979 2720 5056 δόὶξομήχανον
2744 4979 2980 5051 φανέντα
3010 4981 3088 5056 τῷ
3108 4979 3368 5056 δεσπότῃ,

2049 5040 2254 5141 ρληροῖ
2276 5040 2345 5109 ’δὲ
2368 5056 2466 5141 τῂν
2480 5040 2781 5141 inflexam;
2804 5056 2905 5141 ita):
2922 5056 3015 5141 τὸν
3040 5040 3251 5141 ἐξείνου
3279 5040 3449 5141 παῖδα

2053 5119 2517 5197 Κατἀκοσμεί’τῷ
2553 5119 2833 5197 Καίσαρος
2856 5123 3173 5197 ὀλὸιωτάτῳ
3202 5119 3417 5197 στέφει.

2054 5198 2189 5282 hiet:
2215 5198 2275 5249 οὺ
2470 5189 2723 5282 δὲάκείνου
2837 5196 2936 5257 τὰς
2952 5189 3155 5282 τρίχας
3191 5189 3495 5263 ἀποκείρας

2067 5268 2352 5338 Ἐφίστησι
2384 5266 2712 5337 Κυζικηνοῖς
2742 5264 3006 5337 ἀρχιερέα
3031 5264 3144 5336 βία.

2134 5377 2423 5443 Evagriurn
2462 5376 2623 5444 paulo
2652 5382 2771 5441 post
2798 5372 3105 5428 citahimus.
3139 5371 3216 5444 De
3264 5368 3625 5444 celeberrimo

2061 5443 2485 5501 Blachernarum
2526 5446 2723 5512 templo
2771 5445 2944 5510 plura,
2984 5444 3091 5497 Deo
3146 5443 3329 5504 dante,
3379 5443 3629 5512 dicemus

2067 5521 2120 5571 in
2170 5519 2375 5571 nostris
2432 5508 2872 5570 adnotationibus
2933 5513 3000 5567 ad
3047 5512 3456 5582 topographiam
3520 5508 3632 5564 (ἓν.

2067 5589 2211 5643 Petri
2245 5586 2428 5643 lelii.

2065 5589 2211 5643 Petri
2245 5588 2428 5643 lelii.

2143 5658 2254 5729 (l8)
2278 5651 2574 5729 Basiliscus
2600 5654 2847 5729 Marcum
2866 5654 3035 5723 ﬁlium
3062 5651 3322 5729 Caesarem
3345 5661 3455 5729 tam
3475 5655 3639 5729 inige-

2074 5720 2303 5783 rat'orém
2338 5728 2486 5795 facit.
2520 5726 2785 5795 Evagrius
2816 5720 2911 5779 lib.
2944 5740 3026 5789 ιιι,
3049 5741 3169 5795 gap.
3206 5723 3261 5785 4,
3292 5724 3486 5795 recitat
3524 5720 3644 5795 illo-

2082 5814 2201 5854 rum
2249 5790 2459 5852 litteras
2512 5798 2577 5850 ad
2633 5790 2976 5850 Timotheum
3030 5790 3280 5848 Elurum
3324 5792 3426 5847 hoc
3452 5790 3640 5845 titulo:

413 5865 531 5931 lic.,
560 5861 941 5935 Theophanem
995 5865 1311 5936 similesque
1358 5859 1648 5937 scriptares
1707 5869 1929 5939 frequen

2085 5869 2453 5941 Αὐτοκράτωρ
2487 5869 2704 5938 Καῖσαρ
2759 5866 3085 5929 Βασιλίσκος
3116 5861 3370 5934 εὐσεϐὴς,
3393 5859 3641 5933 νικητῂξ,
