4164 6548
559 475 662 539 759
1472 480 1837 543 MONITUM
1874 479 1957 541 IN
2000 477 2445 551 SEQUENTES
2481 478 2880 543 HOMILIAS.
3656 472 3796 536 1700

520 589 666 655 quod
720 588 864 646 docti
896 590 998 648 viri
1027 593 1106 664 l5)
1137 596 1501 651 communiter
1529 606 1651 666 post
1676 594 1912 651 Leonem
1942 594 2201 649 Allatium
2222 593 2300 665 (4)
2329 594 2652 652 existimant
2684 594 2827 648 hanc
2856 591 3135 648 bomiliam
3159 592 3284 663 jure
3330 589 3531 648 merito
3559 589 3791 657 Antipar

526 686 610 730 tro
648 692 772 733 esse
804 679 1188 750 tribuendam;
1228 694 1283 738 et
1314 683 1474 753 longe
1520 684 1799 753 antiquior
1832 684 1989 738 testis
2020 680 2240 738 Nicetas
2266 682 2351 738 his
2383 682 2618 749 accedit,
2655 697 2876 737 sensum
2913 683 3127 739 illorum
3160 681 3518 742 confirmans.
3552 678 3645 748 qui
3688 676 3794 731 sub

529 767 752 821 nomine
782 766 1056 838 Antipatri
1085 769 1449 841 fragmentum
1490 774 1761 843 quoddam
1789 771 1950 841 hujus
1983 769 2223 826 lioniilize
2248 770 2407 825 affert
2438 772 2490 825 in
2528 786 2626 825 sua
2667 769 2770 825 SS.
2807 769 3030 824 Patrum
3063 784 3229 840 super
3258 767 3608 838 Evangelium
3636 766 3794 819 Lucae

529 865 763 917 catena.
824 872 988 926 quam
1036 858 1228 915 Graece
1271 860 1548 931 evulgavit
1600 860 2068 917 eminentissimus
2108 859 2405 913 cardinalis
2453 858 2697 931 Angelus
2745 858 2848 913 Mai
2914 858 2967 911 in
3026 872 3124 912 sua
3184 865 3425 911 veterum
3467 853 3791 923 scripton

536 938 685 996 Nova
713 942 1050 1000 Collectione
1072 947 1174 1016 (5).
1206 945 1368 1018 Spem
1406 958 1652 1003 nostram
1677 963 1781 1002 non
1815 946 2007 1002 lefellit
2040 954 2301 1012 eventus;
2331 961 2478 1011 nam,
2504 945 2688 1001 divino
2732 945 2950 1000 favente
2980 943 3205 1009 auxilio,
3246 944 3358 998 cito
3390 942 3548 997 nobis
3576 939 3792 995 obviam

529 1029 633 1084 fuit
655 1031 852 1101 duplex
884 1032 1058 1087 Graeci
1091 1043 1271 1089 textus
1295 1036 1490 1104 codex,
1523 1046 1579 1091 et
1607 1046 1836 1105 uterque
1862 1035 2086 1089 maximi
2115 1035 2271 1104 pretii
2300 1053 2314 1089 :
2342 1034 2483 1090 alter
2503 1050 2697 1104 nempe
2720 1034 3042 1098 Vaticanus,
3075 1033 3178 1087 sub
3202 1041 3257 1086 n°
3279 1030 3385 1087 820
3409 1032 3583 1085 codic.
3613 1028 3790 1083 Graec.

530 1116 864 1188 Inscriptus;
894 1120 1033 1175 alter
1060 1120 1419 1190 Barberinus,
1457 1124 1558 1179 sub
1591 1113 1654 1177 n°
1682 1123 1788 1178 488
1814 1122 1935 1179 cod.
1978 1122 2156 1178 Graec.
2194 1122 2285 1193 qui
2315 1122 2443 1177 olim
2473 1123 2539 1177 ad
2568 1123 2995 1178 illustrissimum
3048 1119 3247 1176 Lucam
3282 1119 3623 1175 Holstenium
3656 1130 3781 1185 per-

534 1204 796 1271 tinuerat,
826 1208 906 1263 sin
931 1224 1091 1263 manu
1122 1211 1239 1281 ejus
1270 1222 1555 1277 exaratos,
1586 1212 1778 1267 saltem
1807 1226 1872 1268 eo
1909 1211 2128 1278 iubente
2153 1221 2207 1267 et
2235 1210 2506 1281 dirigente
2536 1212 2813 1266 redactus.

608 1294 863 1350 Attamen
897 1306 1076 1349 ntrurn
1108 1298 1317 1370 integer
1350 1308 1531 1354 textus
1558 1299 1748 1355 Graece
1787 1309 1935 1355 esset
1960 1301 2237 1366 edendos,
2278 1300 2468 1355 incerti
2509 1300 2861 1372 ambignique
2890 1300 3252 1365 haerebamus,
3293 1306 3348 1353 et
3386 1296 3548 1367 hujus
3582 1292 3798 1348 haesita-

538 1381 707 1436 tionis
738 1383 934 1451 duplex
964 1385 1153 1439 aderat
1178 1401 1364 1440 causa.
1394 1385 1470 1441 Ex
1503 1403 1609 1441 una
1633 1396 1805 1456 parte,
1839 1388 1893 1442 in
1926 1387 2029 1443 hac
2061 1388 2283 1442 homilia
2312 1387 2497 1443 multa:
2522 1399 2681 1443 erant
2711 1390 2996 1443 sementim
3020 1388 3087 1443 ad
3115 1400 3359 1443 nosmtm
3392 1398 3613 1452 scopum
3640 1396 3799 1451 peru-

544 1468 841 1533 tilissimze;
871 1480 928 1525 et
960 1472 1156 1527 exinde
1204 1473 1378 1529 nostri
1412 1472 1841 1530 eratLeetortnn
1888 1475 2060 1530 oculis
2091 1491 2195 1530 non
2242 1476 2416 1531 solum
2459 1476 2765 1531 sententias
2798 1476 3061 1536 auctoris.
3096 1475 3191 1529 sed
3240 1474 3402 1528 etiam
3444 1485 3632 1525 earnm
3663 1483 3796 1522 con-

535 1570 772 1624 testam,
810 1564 975 1629 quem
1013 1564 1174 1617 aliter
1208 1565 1492 1620 consulere
1535 1579 1641 1619 non
1682 1566 2010 1635 potuissent,
2040 1575 2093 1619 et
2132 1566 2332 1621 exinde
2364 1564 2643 1620 homiliam
2677 1565 2943 1635 integram
2988 1564 3281 1635 subjicere.
3325 1563 3402 1618 Ex
3441 1561 3611 1615 altera
3645 1571 3794 1619 vero,

538 1660 670 1710 pars
704 1647 940 1703 humilia:
974 1647 1090 1704 fere
1119 1653 1341 1707 dimidia
1372 1642 1520 1706 aliud
1550 1653 1716 1708 habet
1744 1662 2143 1725 argumentum,
2172 1662 2330 1724 prout
2369 1668 2437 1707 ex
2466 1652 2622 1708 titulo
2650 1652 2836 1707 videre
2858 1661 2963 1716 est,
2992 1653 3083 1721 qui
3120 1653 3201 1706 sic
3228 1666 3289 1705 se
3320 1649 3485 1705 habet
3513 1666 3526 1701 :
3552 1648 3657 1712 Εἰς
3692 1645 3800 1698 τὸν

535 1732 707 1802 ἅγιον
754 1734 1047 1804 Ἰωάννην
1075 1739 1183 1793 τὸν
1212 1742 1565 1809 Βαπτιστὴν
1617 1741 1715 1796 καὶ
1751 1744 1837 1808 εις
1866 1742 1981 1810 τὴν
2013 1741 2200 1813 σιγὴν
2228 1742 2550 1809 Ζαχαρίου,
2599 1741 2698 1794 καὶ
2729 1742 2816 1807 εὶς
2855 1742 2963 1794 τὸν
2991 1739 3324 1809 ἀσπασμὸν
3350 1736 3461 1804 τῆς
3502 1734 3802 1802 arar-ariae

537 1824 853 1880 Osotdtcov.
888 1824 956 1880 In
985 1824 1045 1882 S.
1075 1826 1339 1882 Joannem
1378 1829 1676 1900 Baptistam
1711 1841 1757 1884 et
1792 1832 1846 1884 in
1869 1831 2138 1884 silentium
2161 1828 2463 1894 Zachariar,
2501 1839 2549 1883 et
2577 1830 2634 1883 in
2659 1829 3039 1883 salutationem
3064 1828 3419 1881 sanctissima:
3443 1823 3710 1892 Deiparw.
3741 1819 3798 1873 Si

541 1912 711 1981 igitur
754 1914 1024 1985 integram
1076 1916 1362 1972 t-deremus
1401 1918 1706 1981 horniliam,
1742 1918 1913 1973 lector
1942 1920 2034 1988 qui
2070 1919 2245 1989 primo
2280 1918 2473 1971 intuitu
2508 1932 2622 1972 rem
2663 1917 3145 1979 animadverteret,
3177 1929 3277 1969 nos
3316 1928 3380 1969 ea
3410 1926 3532 1982 qua:
3570 1910 3637 1964 ad
3680 1922 3798 1963 rem

541 2016 649 2055 non
682 2003 1033 2070 pertinebant
1066 2006 1360 2061 miscuisse
1391 2007 1774 2076 exprobraret.
1804 2008 2069 2073 Tandem,
2095 2005 2349 2063 omnibus
2376 2005 2480 2060 rite
2508 2004 2813 2074 perpensis,
2844 2019 2913 2059 ne
2946 2003 3167 2059 humilia
3206 2011 3451 2057 truncata
3497 2008 3551 2053 et
3590 1998 3799 2051 ineoru-

535 2085 679 2157 pleta
707 2089 986 2153 evaderet,
1019 2096 1162 2162 quod
1192 2102 1341 2148 certe
1378 2095 1539 2164 plane
1574 2094 1911 2163 displiceret,
1955 2097 1999 2148 si
2036 2104 2243 2148 tantum
2276 2104 2482 2163 partem
2509 2107 2630 2161 qua:
2654 2091 2724 2146 ad
2759 2093 3047 2163 Deiparam
3081 2090 3358 2160 Virginem
3394 2087 3629 2158 pertinet
3668 2086 3801 2140 etle-

536 2188 742 2239 remus,
781 2185 990 2231 textum
1026 2180 1298 2250 integrum
1329 2181 1689 2248 exhibemus;
1742 2197 1916 2251 eoque
1959 2181 2134 2253 magis
2164 2196 2271 2251 quo
2315 2180 2475 2236 aliter
2514 2180 2594 2235 sic
2622 2188 2873 2235 truncata
2902 2180 3084 2236 brevis
3121 2176 3288 2233 nimis
3316 2176 3582 2230 evasisset
3609 2181 3799 2227 nostra

535 2264 802 2335 Antipatri
834 2266 1080 2327 hornilia.

606 2371 835 2443 Insuper
877 2374 1017 2429 hand
1064 2374 1255 2431 inutile
1296 2385 1421 2431 erat
1460 2376 1513 2431 in
1550 2376 1727 2432 lucem
1759 2376 2003 2448 proferre
2038 2388 2161 2445 qua:
2194 2372 2258 2429 ad
2305 2382 2554 2428 sanctum
2579 2370 2843 2427 Joannem
2874 2379 2930 2427 et
2979 2370 3048 2426 ad
3086 2370 3406 2425 Zachariam
3434 2366 3799 2440 pertinebant.

532 2457 667 2514 Nam
697 2460 1026 2519 Laurentius
1058 2462 1276 2530 Snrius,
1312 2464 1565 2535 quamvis
1617 2464 1777 2519 laude
1807 2464 2005 2534 dignus
2047 2474 2105 2518 et
2130 2480 2158 2517 a
2186 2463 2341 2517 nobis
2370 2462 2507 2517 bene
2543 2463 2770 2517 meritus
2807 2461 2906 2527 sit,
2955 2460 3122 2517 multa
3173 2460 3229 2514 in
3257 2474 3354 2514 sua
3398 2458 3657 2513 versione
3691 2471 3797 2510 non

532 2545 903 2602 beneexarata
930 2558 985 2603 et
1007 2564 1127 2619 qua:
1150 2565 1255 2605 non
1286 2551 1422 2606 satis
1449 2552 1692 2606 humana
1719 2562 1940 2606 caverat
1971 2560 2163 2606 natura
2190 2550 2448 2621 reliquit;
2480 2550 2556 2605 ita
2582 2549 2711 2604 utin
2744 2548 2878 2605 locis
2909 2562 3016 2603 non
3046 2547 3313 2617 paucis,si
3334 2547 3458 2617 quis
3493 2560 3617 2600 cum
3645 2553 3796 2598 textu

540 2631 723 2691 3rzeco
776 2634 1026 2691 Latinam
1083 2638 1374 2694 lectionem
1443 2640 1778 2705 contulerit,
1831 2655 1936 2695 non
1995 2640 2170 2695 solum
2236 2638 2480 2692 auctoris
2528 2652 2800 2700 acumen,
2860 2636 2955 2691 sed
3000 2636 3164 2689 etiam
3216 2633 3511 2701 aliquando
3574 2645 3795 2687 sensum

533 2715 712 2790 ipsum
742 2723 880 2787 male
909 2724 1140 2793 exprimi
1168 2725 1566 2794 deprehendet.
1597 2726 1952 2797 Quapropter
1976 2740 2095 2780 eam
2119 2728 2425 2783 versionem
2447 2724 2618 2795 polire
2652 2736 2747 2779 aut
2768 2724 2949 2794 potius
2978 2723 3245 2788 relingere
3275 2736 3380 2775 non
3407 2721 3797 2775 dubitavimus.

601 2809 656 2863 ln
696 2810 797 2865 hac
842 2823 1030 2867 nostra
1079 2814 1305 2869 bornilia
1364 2831 1542 2885 neque
1575 2816 1664 2869 uni
1718 2814 1983 2870 Vaticano
2028 2830 2205 2884 neque
2263 2814 2356 2869 uni
2411 2812 2713 2869 Barberino
2754 2813 2975 2867 omnino
3022 2811 3387 2876 adhatsimus;
3442 2809 3540 2864 sed
3574 2812 3797 2877 quando

532 2897 684 2951 inter
707 2913 766 2953 se
794 2899 1136 2955 dissidebant
1171 2903 1413 2967 codices,
1456 2903 1608 2956 illum
1638 2902 1977 2973 prietulinius
2003 2917 2248 2966 sensum,
2278 2902 2368 2970 qui
2414 2900 2585 2970 magis
2629 2910 3033 2955 consentaneus
3062 2898 3217 2954 nobis
3242 2898 3553 2960 videbatur,
3589 2898 3654 2950 ad
3684 2895 3797 2949 cal-

532 3001 652 3039 cem
684 2998 861 3041 tamen
920 2991 1260 3045 remittentes
1293 2992 1474 3045 varias
1506 2990 1766 3044 lectiones
1783 2988 1849 3044 ei
1878 2990 2077 3059 quibus
2104 3005 2213 3044 uno
2238 2989 2435 3044 intuitu
2472 2988 2742 3041 videbitur
2774 2987 2826 3042 in
2857 3001 2964 3057 quo
2991 2985 3335 3040 consentiant
3366 2984 3455 3039 vel
3484 2985 3791 3052 discrepent

535 3075 919 3147 rnanuscripti.
951 3075 1178 3148 Insuper
1208 3078 1491 3134 versiones
1534 3080 1796 3148 quasdam
1829 3078 2138 3133 addidimus
2160 3093 2229 3132 ex
2272 3073 2551 3145 Antipatri
2595 3073 2941 3145 Fragmentis
2975 3087 3005 3128 a
3036 3070 3227 3129 Niceta
3258 3072 3312 3127 in
3347 3085 3503 3127 suain
3534 3073 3786 3126 Catenam

534 3176 744 3233 relatis.

606 3261 762 3319 Nunc
810 3266 989 3320 dicere
1025 3276 1273 3337 superest
1305 3268 1375 3323 de
1425 3269 1797 3325 controversia
1825 3269 1894 3325 ab
1928 3268 2142 3325 Oudino
2184 3271 2446 3336 excitata,
2491 3271 2582 3343 qui
2622 3270 2983 3341 posteriorem
3026 3268 3356 3340 excogitavit
3385 3267 3731 3336 Antipatrum
3761 3281 3795 3319 ι

534 3352 813 3411 Bostrensi
844 3358 1141 3423 diversum,
1168 3360 1257 3414 cui
1290 3361 1545 3417 homilias
1574 3362 1639 3417 de
1655 3364 1855 3432 quibus
1906 3362 1996 3418 hic
2029 3364 2209 3431 agitur
2259 3359 2503 3414 ascribit.
2544 3358 2771 3414 Ubinam
2795 3373 2926 3426 ergo
2961 3356 3171 3410 invenit
3192 3353 3436 3409 ()udinus
3465 3354 3590 3422 quid
3626 3358 3799 3422 impe—

537 3442 651 3496 diat
675 3444 808 3511 quin
838 3446 1007 3500 veteri
1035 3448 1327 3523 Antipatro
1358 3448 1667 3503 tribuantur
1714 3448 1797 3503 ha:
1840 3448 2111 3504 hornilire?
2141 3446 2293 3502 Illum
2319 3447 2629 3516 loquentem
2661 3444 2946 3499 audiamus
2975 3461 2990 3497 :
3019 3440 3379 3515 Festiyitates,
3412 3443 3604 3511 inquit,
3633 3440 3802 3494 beata

547 3528 784 3603 Virginis
814 3542 864 3587 et
913 3546 1219 3589 sanctorum
1249 3538 1453 3607 synodo
1496 3539 1727 3593 secunda
1758 3537 2022 3602 Nicarna,
2051 3552 2169 3608 qua:
2206 3551 2348 3590 anno
2381 3534 2485 3590 787
2520 3534 2780 3589 celebrata
2813 3542 2889 3586 est
2909 3572 2926 3597 ,
2964 3531 3280 3600 posteriores
3308 3542 3501 3585 sunt...
3534 3529 3664 3584 Htec
3695 3531 3800 3600 igi-

537 3628 627 3673 tur
662 3621 1008 3676 homiliarnm
1045 3625 1281 3679 collectio
1315 3627 1573 3695 posterior
1615 3638 1690 3682 est
1727 3628 2081 3681 controversia
2127 3628 2192 3679 de
2229 3623 2380 3678 cultu
2419 3625 2715 3694 imaginum
2763 3640 2825 3675 ac
2867 3631 3197 3687 sanctorum,
3232 3636 3419 3689 quia...
3469 3620 3536 3673 ab
3577 3620 3797 3687 imperio

536 3705 727 3763 Leonis
767 3710 949 3764 Isauri
978 3728 1119 3764 anno
1150 3711 1253 3768 716
1286 3714 1500 3781 incepit,
1534 3725 1690 3783 atque
1719 3715 1788 3768 ad
1823 3717 2101 3779 imperium
2132 3712 2407 3783 Theophili
2437 3723 2484 3766 et
2516 3727 2715 3766 annum
2754 3710 2861 3765 842
2888 3713 3216 3778 perduravit.
3254 3709 3433 3780 Hujus
3472 3720 3647 3762 a'tatrs
3673 3718 3799 3761 sunt

538 3805 616 3849 tot
648 3796 882 3851 Iromilite
910 3798 966 3851 in
997 3797 1469 3855 Prwsentationem
1497 3803 1662 3857 beatae
1704 3800 1933 3871 Virginis
1969 3804 2024 3856 in
2060 3802 2254 3870 templo
2282 3813 2332 3856 et
2369 3803 2590 3855 humilia
2622 3804 2674 3854 in
2729 3801 3149 3867 Assumptionem
3185 3801 3349 3854 beata:
3384 3799 3636 3869 Virginis.
3666 3798 3801 3853 Cul-

538 3895 623 3938 tus
652 3885 792 3940 enim
822 3897 1126 3940 sanctorum
1155 3904 1216 3942 ac
1243 3889 1410 3944 beata:
1458 3888 1715 3958 Virginis,
1750 3891 2016 3945 invocatio
2044 3891 2278 3957 illorum,
2310 3891 2575 3946 institutio
2606 3890 2858 3958 festorum
2889 3893 2943 3944 in
2971 3906 3153 3945 eorum
3180 3890 3486 3944 memoriam
3516 3899 3565 3942 et
3593 3891 3807 3941 cultum"

542 3972 772 4028 Nicwna
823 3978 1056 4029 secunda
1103 3976 1310 4047 synodo
1347 3977 1505 4046 plane
1550 3980 1867 4032 recentiores
1921 3988 2064 4033 sunt.
2126 3980 2218 4033 Sic
2266 3981 2429 4033 habet
2465 3979 2731 4034 Oudinus.
2790 3977 3090 4032 Fatendum
3135 3978 3350 4047 quidem
3392 3988 3478 4031 est
3509 3978 3800 4046 opiniones

542 4072 650 4117 tam
682 4063 922 4118 nefarias
950 4065 1165 4120 nonnisi
1191 4084 1219 4119 a
1254 4082 1399 4119 caeco
1434 4067 1620 4121 furore
1646 4078 1837 4122 contra
1860 4068 2187 4122 catholicam
2210 4067 2507 4122 Ecclesium
2528 4068 2691 4136 impie
2717 4068 3033 4121 lasciviente
3063 4067 3364 4136 excogitari
3399 4066 3675 4135 potuisse;
3704 4069 3798 4119 sed

539 4151 823 4207 immensae
851 4155 1115 4208 caecitatis
1141 4165 1288 4209 esset
1314 4155 1405 4223 qui
1439 4171 1543 4209 non
1580 4158 1807 4210 sentiret
1831 4156 2261 4211 controversiam
2288 4156 2354 4209 de
2384 4155 2531 4209 cultu
2566 4166 2879 4210 sanctorqu
2912 4165 2968 4209 et
2996 4155 3294 4223 imaginum
3334 4170 3438 4208 non
3467 4155 3602 4207 oriri
3634 4169 3697 4207 ex
3736 4167 3813 4206 eo

539 4242 707 4309 quod,
743 4252 1004 4309 regnante
1050 4241 1233 4296 Leone
1279 4241 1489 4304 Isauro,
1540 4258 1713 4298 novus
1768 4244 1945 4298 cultus
1993 4245 2331 4298 introductus
2391 4243 2590 4310 fuerit,
2637 4244 2732 4299 sed
2773 4258 2805 4298 e
2855 4253 3042 4297 contra
3097 4243 3243 4297 venit
3285 4259 3351 4298 ex
3402 4258 3466 4297 eo
3497 4243 3646 4312 quod
3692 4240 3801 4294 Leo

547 4328 769 4382 Isauros
815 4329 1013 4383 bellum
1060 4330 1306 4385 intulerit
1349 4330 1519 4384 cultui
1553 4330 1669 4399 jant
1704 4342 1921 4400 recepto
1967 4342 2023 4385 et
2071 4332 2321 4401 pluribus
2364 4342 2512 4385 retro
2553 4330 2768 4385 saeculis
2800 4332 3119 4400 antiquiori.
3152 4332 3221 4386 Et
3249 4343 3419 4395 certe,
3449 4334 3530 4386 sui
3574 4345 3801 4397 emrrpos

542 4429 651 4469 non
683 4425 827 4470 esset
854 4416 946 4485 qui
979 4419 1049 4472 ob
1081 4418 1221 4471 hanc
1256 4418 1524 4471 rationein
1551 4426 1770 4484 negaret
1804 4418 1886 4473 vel
1917 4419 2214 4483 dubitaret,
2245 4429 2372 4474 ante
2398 4419 2686 4489 septimam
2714 4420 2978 4490 synodum
3012 4421 3228 4475 habitas
3258 4420 3428 4476 fuisse
3456 4420 3707 4475 lmrnilias
3732 4421 3801 4471 tle

441 4514 445 4519 '
539 4503 690 4558 cultu
722 4514 1034 4559 sanctorum
1073 4506 1157 4559 vel
1196 4507 1367 4562 beatae
1398 4505 1653 4577 Virginis.
1687 4507 1857 4578 Igitur
1888 4506 2088 4563 Oudini
2123 4509 2290 4564 verba
2326 4522 2437 4561 non
2472 4508 2776 4577 impediunt
2813 4508 2943 4576 quin
2975 4507 3255 4563 Bostrensi
3293 4518 3481 4563 nostro
3513 4508 3802 4576 Antipatro

542 4590 853 4647 tribuantur
885 4594 1123 4648 bomiliie
1154 4595 1221 4650 de
1256 4595 1459 4665 quibus
1490 4609 1672 4652 sermo
1700 4596 1857 4651 nobis
1884 4606 1988 4651 est.

611 4686 718 4741 Sed
750 4685 877 4742 licet
908 4691 1149 4743 rationes
1174 4705 1203 4742 a
1240 4688 1515 4745 Casirniro
1544 4687 1757 4745 Oudino
1784 4690 1983 4759 allatae,
2018 4692 2165 4747 omni
2198 4691 2555 4747 fundamento
2583 4692 2885 4760 destitutae,
2917 4694 3287 4764 perabsurda,
3318 4701 3373 4748 et
3404 4709 3630 4762 prorsus
3656 4695 3804 4748 inau-

539 4771 666 4826 dita:
694 4773 765 4826 ab
793 4774 1047 4830 omnibus
1074 4775 1308 4830 eruditis
1348 4776 1676 4842 habeantur,
1705 4778 1983 4835 fatendum
2018 4790 2198 4835 tamen
2239 4793 2346 4849 est,
2376 4799 2440 4839 ex
2473 4786 2575 4840 hac
2603 4787 2925 4855 quastione,
2974 4790 3020 4841 si
3051 4788 3151 4840 sub
3193 4785 3299 4839 alio
3344 4796 3589 4855 respectu
3616 4788 3804 4841 cousi-

540 4861 783 4926 deretnr,
813 4862 1191 4943 gravissimam
1235 4864 1366 4919 oriri
1397 4865 1790 4921 dilIicnltatern.
1821 4866 2083 4933 Quamvis
2127 4871 2271 4926 enim
2312 4875 2671 4942 protiteamur
2708 4889 2899 4930 omnes
2933 4876 2987 4929 in
3031 4875 3179 4930 omni
3219 4883 3462 4943 tempore
3494 4875 3800 4931 Ecclesiam

541 4949 743 5005 cultum
776 4938 1091 5006 sanctorum
1119 4956 1407 5010 admisisse
1446 4965 1503 5010 et
1536 4957 1926 5022 celebravisse,
1952 4968 2195 5013 attamen
2235 4938 2399 5014 simul
2432 4962 2753 5030 prolitemur
2796 4961 2955 5030 hujus
2983 4963 3161 5017 cultus
3193 4963 3413 5016 modum
3448 4978 3591 5032 saepe
3620 4976 3801 5017 muta-

542 5047 656 5091 tum
691 5036 884 5094 fuisse.
917 5039 1009 5095 Sic
1042 5042 1111 5095 ab
1136 5042 1467 5098 incunabilis
1498 5043 1755 5098 Ecclesiae
1799 5047 2187 5113 augustissimo
2220 5045 2581 5105 Eucharistiae
2608 5064 2957 5106 sacramento
3000 5052 3180 5107 cultus
3216 5050 3390 5105 latrias
3438 5050 3540 5105 fuit
3588 5052 3803 5107 exhibi—

544 5136 666 5188 tus;
702 5135 945 5181 attamen
974 5129 1294 5186 soleninitas
1319 5131 1577 5199 Corporis
1602 5131 1813 5187 Domini
1855 5136 2142 5189 recentiori
2179 5143 2422 5205 tempore
2444 5137 2549 5192 fuit
2577 5139 2846 5193 instituta.
2873 5139 3043 5194 Porro
3073 5140 3125 5194 in
3154 5139 3255 5194 hoc
3280 5142 3630 5195 consentiunt
3654 5141 3812 5194 docti.

544 5214 673 5278 viri,
696 5212 1024 5271 festivitates
1044 5216 1486 5283 Prtesentationis
1512 5220 1679 5274 beata:
1701 5220 1895 5275 Maria:
1913 5223 1965 5276 in
1982 5222 2194 5291 templo,
2210 5226 2295 5276 vel
2311 5224 2701 5294 Assumptionis
2720 5228 2771 5280 in
2785 5226 2995 5289 cretum,
3016 5236 3137 5298 post
3153 5243 3326 5281 aevum
3344 5226 3619 5296 Antipatri
3642 5227 3813 5282 luisse

544 5302 846 5357 institutas.
877 5302 1029 5359 Unde
1064 5309 1246 5376 gravis
1273 5308 1448 5363 oritur
1476 5310 1617 5363 ratio
1648 5310 1931 5364 dubitandi
1966 5324 2146 5365 utrum
2178 5313 2431 5367 collectio
2463 5315 2810 5369 homiliarum
2841 5317 2983 5370 inter
3012 5331 3150 5385 quas
3184 5316 3459 5371 nonnullas
3490 5316 3801 5371 inscribun-

543 5404 632 5444 tur
661 5390 713 5444 in
749 5387 1233 5449 Przesentationern
1264 5397 1347 5452 vel
1378 5398 1430 5451 in
1460 5397 1929 5467 Assmnptioneiu,
1969 5400 2146 5467 reipsa
2176 5404 2523 5470 Antipatrum
2558 5402 2813 5457 habuerit
2838 5414 3143 5460 auctorem.

613 5478 720 5534 Sed
756 5482 869 5536 haec
908 5484 1091 5536 onmia
1137 5484 1271 5538 nihil
1305 5486 1371 5539 ad
1414 5501 1513 5539 nos
1540 5502 1555 5541 :
1585 5501 1708 5539 nam
1744 5502 1809 5540 ex
1844 5488 2055 5542 duabus
2083 5504 2218 5558 quas
2243 5489 2563 5556 subiicimus
2613 5491 2871 5555 horniliis,
2915 5492 3062 5562 prior
3094 5492 3149 5545 in
3186 5494 3445 5547 honorem
3485 5489 3811 5547 Nativitatis

551 5569 714 5623 sancti
741 5568 969 5641 Joannis
992 5570 1248 5639 Baptista:
1269 5574 1453 5628 habita
1486 5586 1604 5638 e5t;
1633 5588 1794 5641 porro
1823 5576 2027 5630 nullum
2051 5588 2136 5633 est
2162 5580 2381 5633 dubium
2402 5583 2530 5648 quin
2561 5582 2878 5636 solernnitas
2907 5587 3080 5636 sancti
3107 5583 3335 5638 Joannis
3364 5584 3637 5651 Antipatri
3666 5594 3805 5636 teru-

549 5670 644 5730 pus
674 5660 1031 5714 antecesserit
1060 5659 1113 5713 in
1144 5658 1387 5717 Ecclesia
1418 5662 1534 5718 sive
1566 5660 1755 5718 Grmca
1784 5666 1899 5721 sive
1930 5663 2149 5724 Latina.
2183 5666 2464 5725 Posterior
2498 5687 2626 5724 vero
2660 5674 2904 5738 humilia,
2945 5678 3141 5729 ιιριιιιιιι
3175 5678 3247 5729 sit
3277 5677 3342 5730 de
3369 5673 3631 5743 peculiari
3667 5688 3811 5742 quo-

617 5838 695 5920 ςξ)
738 5838 982 5920 Patriae
1010 5839 1077 5920 eis
1111 5837 1428 5920 ἓῑηιεοιιψιι
1466 5841 1706 5920 δρύψεν
1735 5858 1859 5915 vas-
1887 5842 1976 5899 89.
2306 5847 2383 5918 (δ)
2430 5849 2545 5904 vol.
2578 5848 2669 5916 Ix.
2705 5865 2827 5920 pus.
2863 5851 2985 5906 δάε).

490 5892 509 5955 ιί
735 5892 1092 5968 Conf.VG_uill.
1126 5892 1367 5966 Cavead
1391 5892 1675 5969 attint—{60.
