4164 6584
309 431 439 498 1761
1232 429 1588 490 MONITUM
1645 429 1726 488 IN
1765 429 1953 500 SEQU

1925 429 2209 489 UENTES
2246 429 2638 491 HOMILIAS.
3431 431 3569 494 1762

303 548 426 598 dam
468 542 728 613 mysterio
758 543 931 597 beata:
968 541 1227 611 Virginis,
1279 541 1360 593 vel
1392 555 1488 608 per
1533 539 1770 607 aliquam
1807 539 2207 592 solemnitatem
2248 540 2364 608 ejus
2397 539 2542 594 dicta
2574 538 2843 600 videatur,
2895 553 2926 593 e
2973 547 3162 593 contra
3195 538 3412 593 videtur
3445 555 3568 594 esse

305 633 486 684 habita
523 632 610 685 die
645 631 946 693 Dominica,
983 632 1036 684 in
1070 645 1173 697 qua
1209 627 1504 695 explicatio
1533 625 1764 678 dabatur
1794 627 2119 680 brevissima
2150 628 2216 679 de
2247 626 2474 679 historia
2512 627 2820 694 evangelica
2849 644 2863 692 ;
2895 627 3050 696 cujus
3085 627 3319 680 homilia:
3350 627 3562 693 aliquot

303 728 520 772 exstant
560 721 784 788 vestigia
816 719 868 772 iu
903 718 1134 774 Scholiis
1166 717 1394 783 antiquis
1437 715 1492 768 in
1538 713 1880 785 Evangelium
1924 713 2106 780 Luca,
2131 729 2251 784 qua:
2275 714 2749 769 eminentissimus
2776 714 3067 769 cardinalis
3105 714 3345 785 Angelus
3378 714 3480 768 Mai
3514 715 3570 768 in

307 819 436 863 tom.
473 807 545 868 IX
569 808 926 862 Classicorum
958 809 1248 860 Auctorum
1269 803 1458 858 Graece
1490 805 1660 858 edidit
1684 805 1783 873 (4).

377 898 603 969 Insuper
632 901 753 955 addi
782 908 959 969 potest
995 899 1046 951 in
1082 907 1271 952 nostro
1307 912 1472 952 sensu
1504 897 1649 951 nullo
1683 897 1844 951 modo
1877 911 2014 966 opus
2045 908 2167 950 esse
2191 909 2290 949 cur
2321 895 2387 949 ad
2419 895 2785 950 recentiorem
2819 895 3166 966 Antipatrum
3196 909 3566 959 recurramus,

307 989 392 1042 cui
437 987 784 1042 ascribantur
834 985 1072 1040 homiliae
1120 985 1188 1039 de
1233 985 1667 1039 Praesentatione
1713 993 1768 1038 et
1797 985 1864 1038 de
1895 986 2284 1052 Assumptione
2309 983 2570 1054 Virginis.
2607 984 2878 1053 Quidquid
2925 987 2994 1038 sit
3035 986 3100 1038 de
3129 983 3450 1039 Tromhellii
3486 987 3566 1054 (5)

307 1078 600 1143 sententia,
622 1076 714 1146 qui
755 1074 1039 1128 contendit
1067 1074 1210 1127 hanc
1234 1071 1734 1142 inscriptionemln
1767 1071 2014 1141 Deiparw
2033 1073 2456 1141 Assumptionem
2488 1089 2516 1126 a
2551 1088 2710 1126 manu
2744 1074 3030 1127 recentiori
3067 1073 3120 1127 in
3164 1083 3311 1128 textu
3341 1073 3571 1143 Antipa-
3638 1074 3641 1076 ’

309 1168 378 1220 tri
413 1168 671 1222 insertam
702 1165 896 1227 fuisse,
921 1179 1045 1218 cum
1079 1164 1131 1217 in
1162 1171 1278 1217 toto
1308 1177 1562 1217 sermone
1587 1162 1730 1216 nulla
1764 1162 1969 1216 mentio
1999 1161 2160 1230 hujus
2185 1162 2431 1234 mysterii
2463 1162 2748 1227 habeatur,
2777 1161 2919 1214 nulla
2952 1172 3034 1216 est
3069 1163 3369 1217 necessitas
3400 1163 3570 1218 alium

309 1257 513 1324 lingere
547 1255 890 1325 Antipatrum
929 1269 1089 1321 quem
1128 1252 1278 1306 solus
1321 1252 1617 1307 somniavit
1646 1252 1914 1316 Oudiuus,
1948 1251 2164 1304 etiamsi
2193 1250 2449 1321 praedicta
2479 1249 2699 1304 homilia
2723 1251 2790 1303 de
2837 1248 3060 1320 Virgine
3100 1260 3385 1320 assumpta
3440 1268 3567 1318 age-

310 1355 415 1405 ret,
448 1342 586 1396 sicut
627 1351 681 1394 et
710 1351 942 1410 quatuor
973 1340 1088 1406 alii,
1131 1339 1174 1394 si
1202 1339 1375 1395 titulis
1406 1338 1539 1394 fides
1577 1340 1863 1405 habeatur,
1900 1355 2024 1408 qute
2054 1340 2122 1394 de
2164 1341 2281 1407 ejus
2310 1339 2741 1395 Praesentatione
2791 1349 3044 1394 tractant.
3103 1338 3159 1392 Si
3195 1339 3424 1406 objicias
3456 1341 3573 1396 haec

310 1433 446 1486 festa
483 1431 773 1485 recentiori
805 1440 1048 1498 tempore
1085 1427 1254 1482 fuisse
1290 1427 1566 1492 instituta,
1595 1443 1663 1482 ex
1691 1443 1757 1482 eo
1783 1429 1922 1497 quod
1955 1428 2162 1484 nullum
2190 1431 2261 1484 sit
2290 1432 2480 1484 horum
2513 1431 2886 1499 vestigium‘in
2919 1429 3290 1484 anterioribus
3321 1431 3562 1493 saeculis,

311 1519 471 1575 facile
516 1529 806 1587 reponetur
839 1520 942 1572 hoc
967 1517 1253 1587 vestigium
1289 1532 1412 1570 esse
1436 1517 1521 1570 vel
1549 1517 1802 1571 homilias
1834 1532 2021 1572 eorum
2060 1518 2346 1572 occasione
2373 1518 2607 1582 habitas,
2639 1519 2724 1570 vel
2759 1517 2952 1571 horum
2984 1517 3245 1570 festorqu
3285 1517 3490 1571 mentio
3518 1519 3573 1571 in

304 1606 648 1662 Calendariis
678 1605 963 1671 Ecclesiae;
1007 1614 1061 1658 et
1104 1604 1155 1658 in
1195 1603 1363 1658 hocce
1401 1618 1535 1658 casu
1575 1606 1742 1673 quaeri
1781 1614 1958 1673 potest
1983 1619 2080 1659 cur
2109 1622 2172 1660 ex
2217 1606 2489 1676 Antipatri
2525 1607 2768 1660 homiliis
2811 1622 2916 1660 non
2967 1617 3389 1661 concluderetur
3421 1615 3573 1659 ante-

311 1695 424 1748 rior
455 1693 646 1746 horum
677 1692 937 1746 festorum
965 1690 1311 1745 exsistentia.
1345 1689 1578 1756 Quinam
1623 1691 1815 1744 melior
1844 1693 2206 1748 ratiocinandi
2241 1694 2470 1749 modus?
2513 1689 2745 1760 Quinam
2778 1709 2924 1747 sana:
2961 1693 3166 1748 critica:
3198 1694 3576 1747 accommoda-

314 1781 454 1835 tior?
491 1781 685 1836 Utrum
723 1779 916 1835 melius
947 1788 1025 1833 est
1061 1793 1128 1832 ex
1165 1778 1482 1833 testimonio
1510 1779 1715 1848 scripto
1758 1781 1884 1834 facti
1922 1783 2300 1836 exsistentiam
2343 1783 2690 1846 concludere,
2727 1781 2808 1834 vel
2842 1797 2905 1835 ex
2936 1781 3154 1835 silentio
3188 1780 3440 1844 aliorum,
3472 1784 3573 1834 du-

312 1871 492 1925 bitare
520 1871 588 1925 de
611 1870 937 1924 exsistentia
967 1868 1213 1937 ejusdem
1248 1867 1506 1930 facti,vel
1543 1868 1743 1937 scripta
1777 1870 2090 1925 testimonia
2125 1872 2244 1926 falsi
2291 1871 2562 1940 arguere?
2595 1872 2820 1940 Insuper
2850 1871 3007 1926 facile
3038 1871 3223 1924 videre
3257 1881 3339 1924 est
3374 1870 3576 1925 nullius

235 1956 240 1962 ’
310 1974 434 2014 esse
479 1958 692 2013 roboris
735 1959 838 2012 hoc
883 1955 1196 2026 negativum
1233 1967 1643 2026 argumentum.
1677 1957 1808 2022 Quae
1841 1968 1970 2012 sunt
2018 1961 2164 2013 enim
2202 1969 2551 2013 monumenta
2588 1976 2651 2013 ex
2684 1974 2916 2028 quorum
2967 1959 3184 2012 silentio
3231 1958 3578 2013 cOucIuditur

311 2048 448 2102 festa
495 2064 600 2102 non
649 2048 899 2101 instituta
926 2044 1133 2098 fuisse?
1182 2044 1252 2098 Ea
1294 2045 1547 2100 videlicet
1575 2061 1698 2114 quae
1747 2049 1813 2101 ad
1879 2047 2153 2103 Ecclesias
2194 2048 2564 2102 occidentales
2613 2048 2697 2101 vel
2743 2047 3041 2101 orientales
3090 2047 3389 2116 pertinent,
3429 2045 3576 2100 nullo

314 2137 473 2190 modo
513 2151 640 2190 vero
679 2135 746 2190 ad
779 2135 1043 2188 Arabicas
1081 2133 1164 2187 vel
1199 2133 1564 2187 Bostrensem.
1600 2133 1827 2190 Etiamsi
1860 2137 2303 2199 concederemus,
2333 2137 2384 2188 in
2419 2136 2680 2190 Ecclesiis
2716 2137 2804 2190 ubi
2843 2145 3064 2190 exstant
3092 2137 3340 2204 quardam
3377 2151 3572 2189 monu-

315 2235 496 2277 menta
527 2239 592 2277 ex
624 2223 840 2277 silentio
871 2223 999 2292 quid
1030 2236 1190 2290 posse
1229 2220 1518 2286 concludi,
1556 2221 1853 2277 absurdum
1891 2234 2036 2278 esset
2067 2226 2147 2278 sic
2183 2224 2500 2278 ratiocinari
2546 2226 2610 2278 de
2641 2225 2764 2278 aliis
2796 2243 2808 2278 :
2843 2227 2981 2277 ratio
3020 2235 3103 2277 est
3136 2224 3260 2292 quia
3299 2225 3345 2276 si
3391 2226 3443 2277 in
3473 2225 3575 2277 ali-

311 2327 420 2380 quo
449 2314 634 2367 varius
660 2312 824 2366 fuerit
872 2327 1003 2366 usus
1036 2310 1425 2372 Ecclesiarmn,
1461 2311 1700 2364 maxime
1745 2313 1795 2365 in
1834 2311 2094 2367 festorum
2126 2311 2533 2380 celebratione;
2573 2328 2702 2383 ergo
2727 2327 2796 2369 ex
2832 2328 2896 2368 eo
2927 2314 3069 2383 quod
3117 2314 3334 2382 aliquod
3372 2311 3573 2366 festum

311 2402 490 2456 serius
529 2413 806 2469 receptum
839 2399 1003 2456 fuerit
1037 2401 1092 2453 in
1122 2399 1355 2468 quodam
1388 2399 1531 2467 locu,
1572 2399 1822 2456 concludi
1861 2416 1967 2456 non
2001 2410 2177 2470 potest
2204 2401 2308 2456 hoc
2337 2401 2533 2456 festum
2567 2413 2724 2458 antea
2758 2405 2810 2458 in
2859 2404 2963 2457 alia
2995 2404 3241 2459 Ecclesia
3285 2419 3392 2458 non
3425 2401 3573 2458 cele-

313 2488 525 2542 bratum
561 2488 750 2544 fuisse.

389 2583 526 2638 Addi
574 2583 796 2653 insuper
818 2593 1018 2653 potest,
1053 2592 1438 2657 argumentum
1485 2582 1680 2639 exinde
1721 2583 1951 2654 petitum
1994 2587 2137 2654 quod
2186 2585 2441 2640 deficiant
2469 2586 2734 2652 homilias,
2784 2587 2850 2642 ad
2899 2587 3334 2643 concludendum
3375 2587 3574 2642 festum

315 2671 588 2741 quoddam
621 2687 726 2724 non
759 2673 1060 2737 exstitisse,
1097 2673 1298 2727 nullius
1327 2685 1451 2727 esse
1484 2672 1720 2728 roboris.
1762 2668 1898 2726 Nam
1927 2673 1993 2726 ad
2027 2673 2239 2743 singula
2271 2673 2407 2728 festa
2439 2689 2543 2728 non
2571 2675 2914 2731 habebantur
2949 2677 3208 2739 homilias,
3237 2676 3322 2734 vel
3358 2676 3474 2731 istae
3507 2675 3575 2730 ad

318 2774 418 2812 nos
463 2760 731 2814 universa:
763 2776 869 2815 non
914 2768 1304 2831 pervenerunt.
1338 2759 1396 2814 Si
1429 2760 1552 2814 talis
1587 2760 1970 2815 admitteretur
2017 2763 2180 2828 ratio,
2225 2762 2473 2817 concludi
2509 2772 2692 2832 posset
2743 2764 2798 2818 in
2839 2765 3084 2820 Ecclesia
3110 2764 3394 2819 Bostreusi
3425 2766 3565 2821 festa

317 2845 600 2902 Paschalis
630 2858 687 2903 et
725 2847 1076 2903 Pentecostes
1105 2859 1233 2904 ante
1266 2851 1514 2918 quintum
1545 2849 1803 2902 saeculum
1840 2863 1943 2902 nou
1982 2849 2148 2904 fuisse
2187 2853 2460 2918 instituta,
2494 2867 2560 2908 ex
2596 2868 2660 2909 eo
2691 2856 2836 2925 quod
2879 2855 3060 2911 nullus
3087 2857 3160 2911 sit
3183 2856 3250 2912 de
3274 2856 3356 2910 eis
3385 2868 3574 2911 sermo

317 2934 399 2987 vel
442 2935 662 2990 homilia
695 2938 746 2990 in
779 2936 1066 3007 Antipatro
1091 2935 1190 3007 (6).
1232 2938 1338 2992 Sed
1367 2937 1432 2991 de
1459 2938 1545 2993 his
1569 2937 1703 2992 satis
1735 2952 2006 3006 superque
2036 2939 2260 2995 dictum.

385 3134 460 3220 (4‘)
499 3133 712 3225 :I‘itulus
739 3145 825 3225 ets!
852 3137 1118 3225 εεΣχρλιςἶ
1173 3135 1386 3225 «rallam
1435 3138 1518 3200 εἰς
1562 3137 1903 3225 Εἰὲαέγγέλιον
2004 3209 2015 3225 Ι

2004 3209 2015 3225 .
2074 3137 2152 3221 t6)
2190 3140 2344 3225 Αρυει
2367 3138 2658 3225 ,(,ἱιιάῖημιεῑι
2696 3140 2731 3195 '-
2766 3141 3244 3225 c;:..nas-.10,?aet
3274 3139 3575 3225 erudit":-

316 3207 460 3259 κατὰ
487 3207 727 3259 Λουκᾶν.
757 3205 917 3261 Conf.
947 3205 1159 3264 seltolia
1199 3210 1268 3264 ad
1302 3224 1425 3279 cap.
1456 3224 1497 3274 ι,
1528 3223 1581 3266 v.
1620 3205 1900 3280 34'seqq.,
2001 3205 2193 3263 lesium
2221 3205 2272 3263 iit
2295 3213 2477 3265 Addit.
2502 3216 2569 3266 ad
2597 3211 2767 3268 Gneo.
2791 3205 3045 3268 Biblth/t.
3073 3205 3341 3282 Fabricii,
3365 3212 3471 3270 vol.
3505 3209 3577 3279 Χ,

321 3292 459 3350 pag.“
482 3276 587 3350 435d
622 3290 776 3344 seqq.
808 3344 910 3350 _-_
1714 3282 1719 3286 ’
2003 3295 2123 3350 pag.
2155 3280 2278 3336 519.

393 3346 470 3416 (5)
511 3344 574 3399 L.
612 3359 687 3411 c.,
721 3361 775 3415 p.
807 3344 931 3402 365.
