4164 6526
618 374 755 441 1763

1611 370 2020 433 ANTIPATRI
2057 371 2522 434 BOSTRENSIS
2557 371 2895 432 EPISCOPI

3746 365 3887 429 1764

1183 689 1847 782 ANTIPATRI
1936 688 2486 783 EPISCOPI
2575 684 3309 782 BOSTRORUM

1865 906 2648 1035 HOMILUE.

1418 1149 1623 1215 (Anton.
1657 1145 1944 1209 meum",
1970 1142 2168 1212 Sylloge
2198 1149 2638 1209 monumentorum,
2668 1151 2791 1208 etc.,
2823 1150 2943 1197 tom.
2969 1144 3058 1210 Il.)

616 1564 709 1621 ΙΝ
730 1562 1075 1621 SANCTUM
1115 1560 1482 1619 ΙΟΑΝΝΕΜ
1502 1559 1948 1627 BAPTISTAM,
1990 1559 2086 1615 ET
2106 1561 2199 1615 ΙΝ

688 1632 1101 1690 SILENTIUM
1176 1630 1601 1695 ZACHAIll/E,
1663 1631 1760 1685 ET
1827 1630 1917 1685 ΙΝ
1986 1631 2200 1688 SALU-

693 1702 1095 1761 ΤΑΤΙΟΝΕΜ
1141 1699 1525 1756 ΠΕΙΡΑΒΞ.

686 1891 729 1947 l.
766 1891 916 1945 Inter
945 1898 1097 1943 natos
1162 1887 1467 1946 mulierum.
1514 1894 1677 1955 prout
1722 1883 2031 1940 Servatoris
2078 1900 2201 1941 seno

618 1982 786 2037 tentia
819 1979 1155 2033 declaratum
1198 1985 1302 2039 est,
1352 1975 1530 2028 nullus
1576 1980 1749 2043 major
1776 1974 1977 2030 Joanne
2013 1974 2199 2047 Bapti-

618 2084 704 2129 sta
731 2086 780 2126 α.
815 2072 1099 2138 Quomodo
1145 2084 1273 2138 ergo
1306 2068 1528 2122 laudum
1566 2082 1825 2122 coronam
1872 2071 1921 2125 ei
1953 2069 2199 2137 oil‘eram,

621 2167 715 2236 qui
751 2164 913 2221 talem
959 2178 988 2216 a
1038 2162 1268 2215 Domino
1313 2175 1572 2215 coronam
1626 2162 1962 2229 reportavit?
1993 2163 2199 2229 Quibus

618 2256 887 2313 encomiis
938 2269 1062 2309 eum
1098 2253 1409 2317 celebrabo,
1450 2252 1547 2321 qui
1597 2264 1891 2322 antequam
1946 2270 2201 2310 nascere-

620 2360 731 2411 tur,
784 2346 1168 2403 abscouditum
1225 2344 1543 2413 mysterium
1594 2345 1825 2399 didicit?
1880 2346 2198 2417 Priusquam

618 2441 768 2497 enim
821 2439 874 2493 in
921 2438 1096 2491 lucem
1150 2435 1241 2490 hic
1287 2434 1550 2505 prodiret,
1607 2435 1860 2491 Christus
1904 2438 2199 2505 primordia

632 2530 822 2603 gratiae
860 2527 1100 2582 revelare
1129 2527 1176 2580 ei
1208 2526 1407 2596 cmpit;
1458 2528 1510 2579 in
1542 2541 1665 2581 eum
1694 2529 1980 2583 thesauros
2011 2530 2201 2600 gratia:

617 2621 885 2687 contulit;
934 2629 988 2674 et
1027 2633 1147 2689 qna:
1181 2618 1406 2688 angelis,
1441 2619 1491 2699 in
1538 2619 1677 2675 ccelo
1709 2621 1905 2676 choros
1953 2622 2199 2678 ducenti-

623 2713 746 2775 lius,
787 2714 1125 2779 incomperta
1169 2717 1344 2774 erant,
1371 2708 1612 2765 Joannes
1644 2711 1699 2764 in
1732 2722 1908 2778 utero,
1947 2722 2003 2767 nt
2032 2730 2201 2785 nuper

619 2803 885 2867 audistis,
938 2801 1117 2854 adhuc
1169 2800 1370 2870 dcgcns
1426 2816 1523 2870 per
1577 2813 1806 2859 matrem
1859 2806 2197 2876 loquebatur.

624 2896 968 2951 Thronornm
997 2892 1169 2947 oculis
1195 2908 1255 2947 se
1296 2894 1437 2947 Deus
1468 2896 1765 2957 subtraxit.
1816 2913 1915 2953 nec
1946 2907 2124 2953 tamen
2149 2901 2198 2955 ei

624 2989 719 3059 qui
763 2988 815 3040 in
864 2997 1020 3061 utero
1050 2984 1434 3049 claudebatur,
1469 2985 1719 3039 occultus
1752 2992 2072 3057 permansit.
2114 2990 2200 3045 ln-

616 3078 959 3136 carnationis
987 3076 1308 3147 mysterium
1336 3076 1681 3132 abscondidit
1705 3079 2196 3149 nominationibus,

618 3174 765 3244 quod
799 3184 977 3226 tamen
1022 3169 1077 3224 in
1123 3169 1243 3224 sinu
1276 3178 1523 3223 materno
1560 3168 1749 3225 latenti
1786 3172 2193 3241 manifestavit;

616 3277 676 3323 et
704 3266 882 3320 laetum
910 3264 1039 3318 illud
1069 3263 1345 3327 nuntium,
1373 3262 1439 3318 ad
1471 3262 1616 3332 quod
1635 3261 1967 3318 all'erendum
1995 3280 2025 3319 e
2058 3267 2196 3322 ctelo

618 3353 770 3407 venit
815 3351 1210 3422 archangelus,
1254 3349 1421 3405 ftBltlS
1467 3351 1611 3405 intra
1662 3365 1872 3407 uterum
1918 3354 2199 3412 exsultans

620 3444 989 3501 conlirmavit.
1024 3443 1158 3497 Cum
1190 3444 1334 3498 enim
1362 3442 1429 3498 ad
1462 3459 1560 3499 nos
1584 3443 1955 3500 descendisset
1987 3450 2201 3516 generis

2226 1455 2275 1512 Α

3049 1445 3132 1499 A'.

2302 1568 2430 1622 ΕΙΣ
2471 1566 2614 1620 ΤΟΝ
2645 1566 2868 1620 ΑῙἸΟΝ
2899 1565 3236 1620 ῙΩᾹΝΝΗΝ
3272 1567 3417 1621 ΤΟΝ
3460 1569 3891 1630 ΒᾹΠΠΣΊΗΝ.

2373 1640 2506 1691 ΚΑΙ
2544 1639 2672 1690 ΕΙΣ
2717 1639 2858 1691 ΊἨΝ
2893 1638 3125 1690 ΣΙΓΗΝ
3161 1637 3561 1705 ΖΑΧΑΡΙΟΥ,
3602 1644 3723 1696 ΚΑΙ
3769 1643 3895 1695 ΕΙΣ

2556 1709 2969 1762 ΑΣΠΑΣΜΟΝ
3008 1707 3153 1762 ΤΗΣ
3202 1709 3581 1766 ΙΙΔΝΑΓΙΑΣ
3629 1714 3891 1765 ΘΕΟΥΟ-

2370 1895 2451 1945 A’.
2500 1892 2603 1947 Ἐν
2646 1893 2961 1963 γεννητοῖς
2993 1894 3298 1965 γυναικῶν
3348 1894 3553 1962 οὐδεὶς
3602 1896 3893 1950 Ἰωάννου

2297 1983 2530 2054 μείζων,
2559 1988 2588 2039 ό
2633 1986 2913 2056 Σωτήριος
2942 1988 3265 2058 ἀπεφήνατο
3311 1988 3491 2057 λόγος.
3537 1989 3663 2053 Πῶς
3708 1989 3893 2042 τοίνυν

2300 2077 2460 2146 λόγου
2496 2078 2762 2147 στέφανον
2794 2078 3169 2148 προσενέγκω,
3202 2078 3281 2150 τῷ
3309 2078 3629 2151 τηλικοῦτον
3660 2096 3891 2149 κομισα-

2305 2169 2454 2239 μένῳ
2484 2169 2635 2239 παρὰ
2682 2169 2890 2241 Κυρίου
2932 2169 3026 2224 τὸν
3079 2171 3376 2241 στέφανον;
3408 2172 3532 2235 Πῶς
3577 2172 3890 2243 εὐφημήσω

2306 2261 2398 2312 τὸν
2424 2260 2532 2331 πρὸ
2569 2259 2666 2312 τοῦ
2698 2261 2860 2314 τόκου
2894 2261 3137 2331 μαθόντα
3160 2264 3221 2316 τὸ
3259 2265 3756 2335 ἀποκεκρυμμένον
3788 2283 3891 2335 μυο

2310 2349 2570 2419 στήριον;
2608 2350 2797 2421 Τούτῳ
2814 2352 2924 2423 γὰρ
2948 2352 3056 2424 πρὸ
3075 2356 3378 2424 γεννήσεως
3406 2356 3640 2424 Χριστὸς
3666 2356 3681 2387 ⁸
3709 2356 3771 2409 τὸ
3792 2357 3891 2425 τῆς

2303 2440 2529 2511 χάριτος
2570 2444 2894 2515 προοίμιον²
2925 2446 3233 2515 ἐμφανίσας
3289 2447 3601 2518 ἐνεχείρησε
3620 2448 3640 2479 ³
3670 2463 3685 2477 ·
3718 2449 3892 2518 τούτῳ

2300 2534 2428 2596 τοὺς
2441 2533 2541 2604 τῆς
2564 2535 2786 2605 χάριτος
2804 2536 3074 2608 παρέθετο
3091 2537 3401 2609 θησαυροὺς
3424 2541 3518 2593 καὶ
3529 2539 3674 2611 ἆπερ
3690 2541 3889 2613 ἠγνόη-

2304 2642 2401 2679 σαν
2422 2626 2505 2679 οίδ
2537 2628 2594 2680 ἐν
2627 2629 2842 2700 οὐρανῷ
2864 2629 3177 2701 χορεύοντες
3205 2632 3449 2702 ἄγγελοι,
3499 2634 3771 2707 Ἰωάννης,
3797 2655 3890 2690 κα·

2303 2717 2410 2782 θὼς
2439 2719 2644 2792 ἀρτίως
2669 2722 2968 2793 ἀκηκόατε,
2992 2725 3434 2797 κυοφορούμενος
3458 2727 3613 2797 ἔλεγε
3632 2729 3653 2759 ³
3676 2728 3765 2782 διὰ
3792 2730 3893 2799 τῆς

2234 2859 2273 2913 Β
2305 2814 2782 2913 μήτρόςᾘρόνους
2806 2816 2988 2881 ἔλαθε,
3003 2819 3204 2873 καὶτὸν
3225 2822 3284 2875 ὲν
3305 2822 3490 2893 μήτρᾳ
3515 2821 3650 2886 Θεὸς
3672 2824 3731 2875 οὐ
3752 2840 3895 2894 παρο

2301 2905 2540 2977 έδραμεν
2590 2908 2631 2974 ⁸,
2667 2909 3016 2982 Κυριότητας
3054 2911 3281 2984 ἔκρυψε,
3318 2915 3414 2967 καὶ
3458 2913 3537 2985 τῷ
3580 2916 3640 2968 ὲν
3688 2917 3892 2987 γαστρὶ

2298 2997 2360 3050 τδ
2390 2998 2492 3068 τῆς
2522 3002 2837 3072 οἰκονομίας
2873 3004 3175 3076 μυστήριον
3197 3006 3519 3079 ἀπεκάλυψε
3538 3023 3554 3038 ·
3580 3008 3676 3063 καὶ
3702 3010 3845 3081 ὅπερ
3868 3009 3891 3039 ⁷

2300 3090 2564 3162 ἐλήλυθεν
2588 3096 2617 3147 ὁ
2633 3095 3004 3167 Ἀρχάγγελος
3031 3098 3274 3169 κομίζων
3292 3096 3648 3169 Εὐαγγέλιον,
3678 3102 3893 3157 ἔνδοθεν

2298 3182 2360 3235 τὸ
2410 3183 2652 3257 ἔμϐρυον
2700 3187 3082 3260 ὑπηγόρευσεν
3135 3191 3455 3263 ἁλλόμενον.
3516 3194 3893 3265 Ἐπιδημήσας

2299 3273 2431 3345 γὰρ,
2454 3275 2637 3341 καθὼς
2665 3279 2871 3350 ἀρτίως
2894 3279 3190 3351 ἠκούσατε,
3211 3283 3310 3336 τοῦ
3339 3285 3531 3353 γένους
3554 3285 3709 3355 ἡμῶν
3733 3286 3763 3338 ό
3781 3287 3894 3339 Λυ-

2303 3367 2517 3440 τρωτὴς
2533 3370 2669 3441 πρὸς
2685 3371 2776 3425 τὸν
2791 3373 2987 3427 ἑαυτοῦ
3004 3375 3158 3443 φίλον
3182 3376 3411 3446 ἀφίκετο
3427 3378 3695 3451 κυοφορού
3704 3396 3893 3450 μενον,

2310 3462 2656 3532 παραχρῆμα
2686 3465 3153 3538 κυοφορούμενος.

620 3536 794 3592 nostri
871 3535 1220 3605 Redemptor,
1265 3537 1409 3593 sicut
1449 3537 1610 3593 modo
1652 3538 1906 3603 audistis,
1943 3541 2131 3596 statim
2182 3544 2229 3599 in

2302 3557 2432 3607 utero
2472 3566 2718 3624 gestatus
2770 3560 2837 3615 ad
2867 3535 3123 3617 amicum
3169 3578 3330 3619 suum
3392 3564 3581 3621 itidem
3627 3565 3683 3620 in
3734 3570 3896 3620 utero

618 3624 865 3683 clausum
896 3627 1063 3682 venit.

694 3716 763 3771 ll.
803 3715 933 3770 Erat
963 3727 1143 3771 autem
1172 3716 1356 3771 videre
1374 3720 1553 3772 lutum
1582 3719 1806 3774 salutari
1842 3735 1872 3774 a
1905 3719 2091 3789 ﬁgulo,
2120 3738 2207 3780 re-

620 3825 745 3881 gem
778 3811 831 3864 in
879 3809 1067 3863 militis
1096 3809 1448 3865 tabernaculo
1482 3812 1684 3879 excipi,
1712 3822 1767 3868 et
1810 3813 2095 3869 Dominum
2136 3818 2202 3871 ad

622 3902 767 3959 servi
794 3900 1173 3956 domunculam
1202 3903 1513 3960 divertisse.
1544 3903 1716 3970 Quem
1746 3920 1867 3959 cum
1901 3906 1953 3960 in
1981 3908 2207 3965 matrice

619 4010 689 4049 ex
734 3993 964 4048 matrice
1015 3993 1318 4062 aspexisset
1365 3991 1624 4062 Joannes,
1655 3995 1806 4051 illum
1847 4007 1974 4053 ante
2014 4014 2074 4055 se
2116 4001 2202 4055 in-

623 4096 804 4151 tuens,
849 4084 1109 4138 exsiliens
1148 4093 1357 4138 natura:
1387 4085 1651 4143 terminos
1693 4091 1997 4159 transgredi
2036 4107 2203 4147 cona-

625 4187 712 4231 tus
726 4185 831 4230 est.
860 4174 1073 4241 Nescio,
1094 4176 1288 4244 inquit,
1312 4179 1573 4232 terminos
1595 4189 1802 4236 natura:
1824 4157 2022 4247 ,vvideo
2050 4187 2196 4240 enim
2232 4157 2275 4215 Ο

621 4269 933 4331 Dominum,
965 4268 1057 4337 qui
1088 4267 1349 4323 terminos
1386 4278 1595 4324 natura:
1622 4272 1843 4338 statuit;
1875 4289 1978 4328 non
2006 4290 2203 4346 exspe-

622 4372 713 4416 cto
749 4369 984 4430 tempus,
1014 4374 1124 4430 quo
1153 4362 1357 4431 gestari
1392 4360 1446 4415 in
1481 4371 1639 4418 utero
1672 4363 1835 4421 fastus
1860 4366 1997 4423 solet
2025 4387 2038 4423 :
2064 4378 2203 4425 tem-

621 4467 724 4524 pus
769 4467 960 4508 novem
1006 4452 1273 4507 mensium
1326 4468 1432 4508 non
1480 4464 1565 4510 est
1614 4456 1746 4511 mihi
1792 4462 2201 4530 necessarium;

616 4553 709 4600 est
747 4543 891 4599 enim
937 4558 1124 4599 coram
1179 4560 1264 4599 me
1297 4546 1389 4615 qui
1442 4553 1657 4618 tempus
1708 4552 1901 4606 nescit.
1945 4552 2200 4620 Quartam

619 4645 799 4692 mater
828 4637 995 4691 Deum
1025 4633 1266 4691 Verbum
1302 4639 1524 4707 pellexit
1557 4640 1660 4712 (1),
1696 4653 1756 4696 ιιι
1788 4644 2077 4702 manifeste
2109 4648 2198 4702 in-

618 4738 708 4785 ter
742 4744 841 4784 nos
877 4729 1082 4783 versari
1118 4729 1315 4785 vellet?
1342 4730 1601 4797 Quisnam
1630 4733 1901 4804 legatione
1944 4751 2196 4811 suscepta

612 4834 653 4876 e
676 4830 907 4893 paterno
934 4819 1057 4875 sinu
1090 4819 1257 4875 lilium
1284 4822 1402 4877 sine
1436 4835 1610 4880 matre
1631 4828 1876 4896 genitum
1909 4832 2200 4888 excitavit?

694 4912 956 4981 Quaenam
983 4922 1068 4967 est
1098 4921 1155 4967 et
1190 4913 1292 4969 ista
1324 4915 1500 4986 virgo,
1534 4931 1656 4987 qua:
1676 4922 2037 4989 potestatibus
2070 4924 2200 4997 ipsis

693 5065 723 5096 ι
744 5052 934 5108 Matth.
967 5068 1044 5117 xl,
1074 5053 1161 5108 ll.

2380 3731 2456 3784 B'.
2487 3732 2601 3787 Καὶ
2632 3730 2701 3805 ἦν
2733 3735 2862 3791 ίδεῖν
2887 3738 2979 3793 τὸν
3001 3737 3379 3813 πλαστουργδν
3399 3743 3781 3815 ἀσπαζόμενον
3803 3748 3900 3801 τὸν

2308 3822 2479 3891 πηλόν
2500 3841 2514 3855 ·
2545 3825 2637 3878 τὸν
2675 3826 2905 3897 βασιλέα
2937 3832 3019 3895 είς
3052 3831 3151 3904 τὴν
3191 3833 3286 3887 τοῦ
3319 3835 3653 3904 στρατιώτου
3683 3839 3896 3909 σκηνὴν

2306 3914 2680 3986 αὑλιζόμενοψ
2700 3920 2792 3975 τὸν
2811 3923 3092 3994 Δεσπότην
3107 3925 3186 3988 είς
3202 3925 3262 3978 τὸ
3277 3927 3369 3979 τοῦ
3385 3926 3571 3981 δούλου
3587 3928 3862 3999 δωμάτιον
3873 3932 3897 3963 ⁸

2305 4006 2628 4079 ἀφιγμένον.
2648 4012 2745 4066 Ὃν
2764 4014 2829 4066 ἐκ
2845 4015 3059 4088 μήτρας
3084 4018 3142 4071 ἐν
3162 4019 3349 4091 μήτρᾳ
3366 4018 3703 4091 Θεασάμενος
3717 4022 3897 4076 Ἰωαν-

2307 4116 2426 4171 νης,
2458 4104 2731 4176 προορῶν,
2767 4106 3062 4176 ἁλλόμενος
3086 4111 3183 4143 ⁹·¹⁰
3216 4111 3343 4175 τοὺς
3365 4115 3465 4184 τῆς
3488 4113 3705 4183 φύσεως
3733 4118 3896 4188 ὄρους

2309 4193 2689 4267 παραδραμεῖν
2716 4201 3095 4272 ἐπεχείρησεν,
3132 4203 3247 4257 Οὐκ
3275 4201 3413 4269 οἶδα,
3448 4205 3642 4275 λέγων,
3675 4209 3897 4278 φύσεως

2308 4284 2501 4355 ὅρους·
2532 4289 2645 4361 όρῶ
2676 4292 2785 4363 γὰρ
2821 4293 2914 4348 τὸν
2936 4294 3035 4365 τῆς
3064 4295 3279 4365 φύσεως
3323 4297 3588 4370 ὁροθέτην
3635 4300 3845 4372 Κύριον
3870 4319 3887 4332 ·

2308 4376 2409 4429 οὐκ
2445 4377 2703 4451 ἀναμένω
2747 4384 2998 4454 κυήσεως
3041 4387 3233 4456 χρόνον
3280 4389 3339 4442 ὲν
3374 4391 3611 4462 γαστρίο
3649 4394 3897 4464 ὲνναμη-

2310 4470 2479 4532 νιαῖος
2515 4470 2557 4501 ¹¹
2588 4473 2777 4542 χρόνος
2801 4475 2901 4527 οὐκ
2934 4476 3233 4545 ἀναγκαῖος
3268 4480 3421 4551 ἐμοί·
3458 4482 3486 4533 ό
3516 4483 3626 4554 γὰρ
3668 4483 3896 4548 αίὼνιος

2311 4561 2440 4631 παρ’
2475 4563 2596 4631 ἐμοί
2626 4565 2689 4618 ι’.
2724 4566 2821 4629 Τίς
2855 4566 2966 4638 ἄρα
3000 4570 3187 4643 μήτηρ
3217 4571 3311 4624 τὸν
3354 4572 3487 4627 Θεὸν
3513 4574 3556 4605 ⁸³
3589 4576 3766 4644 Λόγον
3796 4577 3896 4629 πέ-

2313 4668 2523 4719 πεικεν,
2555 4655 2817 4725 ἐμφανῶς
2864 4660 3000 4731 πρὸς
3047 4663 3196 4733 ἡμᾶς
3241 4663 3614 4737 ὲπιδημῆσαις
3646 4668 3745 4733 Τίς
3784 4669 3895 4740 ἄρα

2315 4745 2793 4818 πρεσϐευσάμενος
2814 4752 2879 4805 ἐκ
2903 4752 3012 4808 τῶν
3040 4756 3325 4829 πατρικῶν
3344 4759 3561 4813 κόλπων
3583 4761 3779 4832 ἤγειρε
3802 4763 3894 4814 τὸν

2305 4836 2561 4909 διμήτορα
2580 4856 2595 4905 ;

2378 4929 2477 4994 Τίς
2505 4931 2562 4985 δὲ
2610 4933 2706 4989 καὶ
2743 4936 2777 5008 ἡ
2814 4938 3091 5010 Παρθένος
3126 4940 3286 5015 αὕτη,
3321 4944 3356 5015 ἠ
3408 4944 3518 4999 τῶν
3552 4946 3693 5001 ὅλων
3717 4949 3889 5004 Δυνά·

1919 5130 2155 5188 VARUE
2197 5135 2491 5195 LECTION
2501 5143 2603 5197 ES.

694 5216 713 5307 ξ
743 5214 1271 5319 afﬂigere“
1298 5234 1322 5319 ξ,
1347 5216 1970 5319 ῑςείίξξεξ.γί⁶ειετ.9ε⁶ςο
2001 5293 2022 5319 .
2052 5225 2299 5319 28cm
2318 5233 2537 5319 γίιιεξψτ
2566 5236 2765 5319 legisse.
2785 5241 3106 5319 animo.
3183 5243 3290 5319 fc.
3321 5245 3483 5301 nam.
3510 5248 3865 5319 ἐνεχείρησαν
3919 5242 3927 5293 έ

619 5288 643 5322 ⁸
669 5286 736 5360 C.
770 5287 888 5342 Vat.
916 5286 1164 5360 abestoi.
1231 5359 1236 5360 ν
1301 5291 1322 5321 ⁵
1350 5286 1423 5343 Cf
1443 5287 1600 5345 Barb.
1655 5291 1861 5360 ἔλεγεν.

2001 5293 2093 5330 GP.
2160 5295 2217 5330 ν.

619 5295 643 5322 ⁸
669 5295 738 5368 υ..
771 5295 888 5342 Vat.
916 5295 1164 5367 abestot.
1228 5359 1239 5371 ι
1301 5295 1322 5321 ⁸
1350 5295 1410 5343 (3.
1443 5295 1600 5372 Barb.
1655 5295 1861 5360 ἔλεγεν.
2001 5295 2022 5325 ⁸
2054 5296 2113 5350 C.
2160 5295 2280 5353 Vat.
2309 5295 2647 5376 παρέδραμεῖ
2747 5295 2990 5368 ’Ἑωίάέ
3024 5295 3110 5369 ιῆεξ
3152 5318 3212 5368 ad

619 5355 1531 5449 999195-?“£8,515?:""¢!¥PF.P_'°
1571 5376 1756 5449 ῐοὲθΨ
1784 5364 2099 5449 ξρρξινδθεγν
2120 5383 2257 5449 ,ςειερ
2287 5377 2641 5441 responderet
2681 5384 2925 5449 sequenti
2955 5383 3212 5438 ἐνδοθενο

2747 5309 2765 5340 ⁷
2796 5309 2990 5400 δοιοίυὲ
3021 5316 3110 5400 hic
3152 5318 3302 5370 addit
3340 5321 3413 5399 ἱιι⁸
3442 5321 3570 5372 creto
3656 5309 3800 5373 unde
3837 5323 3874 5371 ir

3246 5403 3365 5441 cam
3402 5405 3452 5441 ΙΙΙ
3481 5404 3727 5443 νει-810118
3761 5403 3857 5444 reti

623 5426 992 5516 Erebique:
1010 5426 1153 5516 pou.
1185 5428 1517 5516 Bmu'atsiov‘.‘
1560 5433 1679 5516 ,ι’-’ζα
1702 5433 1766 5515 o.
1793 5426 1951 5516 δέῃ).
1984 5426 3559 5516 κατ’ἀᾷλόμεγοξοίήιὶεἷᾱίἶὲιυῖἒιηζιέἐ’ὸιῖἑῖἇῖὶὶίοᾶῗῖςὲἱιίὶῖ
3574 5426 3865 5516 ἓῧῗῆῘἽῖ

1082 5497 1393 5571 ὲναμηνίαιι.
1476 5502 1517 5532 ⁸³
1545 5502 1593 5557 Α
1624 5503 1769 5559 Surii
1792 5505 1979 5560 codice
2014 5497 2255 5565 abfuisse
2290 5497 2538 5570 videntur
2559 5497 2749 5584 verba:
3580 5497 3746 5584 Ἣιίὶιί
3765 5529 3862 5583 Vat

2143 5649 2369 5709 NOTAE.

618 5571 773 5624 addit
798 5570 954 5640 ἡμῖν.

691 5755 1099 5843 (ἱλεεηιεῃιίο
1136 5760 1389 5819 Patribus
1429 5766 1760 5847 communis.
1828 5768 2235 5841 pulchritudine
2274 5789 2467 5849 nempe
2518 5779 2761 5852 Dciparze
2816 5783 3055 5860 Virginis
3102 5788 3271 5847 Deum

694 5841 812 5875 erm
844 5844 965 5875 smn
1000 5848 1050 5875 In
1084 5842 1261 5875 terra:
1292 5844 1584 5875 nummum
1622 5839 1789 5875 lumen
2900 5860 2911 5875 .

619 5830 813 5885 merui
843 5830 967 5888 sinu
997 5833 1051 5890 in
1084 5842 1261 5891 terras
1291 5844 1584 5894 attractum
1620 5839 1808 5897 fuisse.

3394 5792 3582 5848 erbum
3631 5803 3661 5846 e
3707 5787 3875 5846 Patria
