4164 6528
315 438 448 504 1765
696 448 715 467 ⁶
1123 430 1448 493 HOMILIA
1488 429 1571 489 IN
1610 429 1671 489 S.
1701 428 1929 490 JOANtV

2030 425 2539 502 IBAPTISTAM,
2578 425 2737 486 ETC.
3423 417 3561 485 1766

314 571 460 629 μεων
487 548 789 623 τιμιωτέρα
820 550 1050 619 φανεῖσα
1084 546 1243 616 Θεῷ;
1280 546 1375 608 Τίς
1408 548 1440 615 ὴ
1476 545 1569 598 τὸν
1600 544 1884 617 ἀχώρητον
1906 504 1929 659 Et

2030 544 2259 598 niversis
2307 542 2660 599 excellentior
2710 540 2827 595 visa
2872 547 2957 594 est
3014 539 3125 593 Deo
3146 536 3264 610 (2)?
3304 536 3563 605 Quaenam

2030 647 2089 659 ..ρ
2130 646 2204 659 --ι
2261 651 2376 659 ---Μ
2404 646 2558 659 nn---
2597 650 2691 659 -..Α
2724 648 2841 659 An...
2872 634 3105 659 Αιιηοῖηιιι
3159 632 3248 659 nun:
3280 633 3423 659 Ωιι-..Λ
3446 634 3563 659 Α-..ιὲ

308 650 371 703 ἰν
397 649 463 717 τῇ
499 643 659 716 νηδύϊ
699 643 937 714 ἐχουσα;
969 642 1052 705 τίς
1097 643 1130 712 ἡ
1166 641 1259 693 τὸν
1304 638 1599 711 ἀπρόσιτον
1641 639 1887 708 φέρουσα
1920 632 1929 679 l

311 738 682 763 _1_---:._--.-..
704 753 718 763 .
748 735 845 763 rm-
872 736 902 763 ,ι
950 731 1311 763 “ﬂuunt----
1354 731 1432 763 ...τι
1462 729 1567 763 ...τω
1600 729 1885 763 ἀνίημι-Α-

2030 647 2095 691 tta
2126 646 2230 703 est,
2258 651 2378 705 qua:
2404 646 2562 690 utero
2595 650 2694 690 suo
2721 648 2843 689 eum
2869 634 3130 697 continet,
3157 632 3249 701 qui
3280 633 3425 687 nullo
3444 634 3565 701 capi

2030 746 2114 763 \nn
2148 730 2361 763 norant?
2392 728 2653 763 mmmam
2690 743 2751 763 no
2787 735 2866 763 ac!
2925 741 3045 763 num
3093 725 3240 763 illum
3276 726 3366 763 ηιιῖ
3408 726 3564 763 inoo-

311 738 718 808 ὕπογάστριονς
748 735 845 800 Τίς
872 736 904 806 ἡ
950 731 1316 804 μεσιτεύσασα
1354 731 1433 802 τῷ
1462 729 1567 799 τῆς
1599 729 1886 800 ἀνθρωπό-

2030 746 2115 786 )co
2148 730 2361 799 potest?
2392 728 2653 795 Quaenam
2690 743 2753 782 ea
2787 735 2892 790 est,
2925 741 3046 795 quae
3093 725 3240 779 illum
3276 726 3367 794 qui
3408 726 3564 808 inac-

313 799 475 902 τητος
509 799 713 901 κύρτῳ,
744 827 806 880 τὸ
836 799 1221 896 πύρνὲνεγκεῖν
1257 822 1304 855 ¹⁵
1326 799 1430 893 τῆς
1475 799 1760 893 θεότητοςς
1791 821 1890 885 Τίς

2030 837 2183 878 essus
2226 830 2330 887 est,
2380 830 2569 874 ventre
2617 819 2887 873 inclusum
2934 818 3117 888 gerit?
3163 799 3439 884 Quasnam'
3467 818 3567 872 ista

315 924 613 994 ἀναγγελεῖ
644 925 711 993 τῇ
754 920 849 975 τοῦ
891 918 1239 989 προπάτορος
1285 915 1461 985 Ἀδάμ
1494 916 1537 947 ¹⁸
1566 915 1789 983 γυναικὶ
1831 913 1894 968 τὸ

2030 924 2096 980 st,
2135 929 2255 983 qua:
2290 911 2580 967 mediatrix
2612 911 2758 967 fteuo
2799 910 3153 965 humanitatis
3187 909 3307 974 fuit,
3340 919 3398 963 ut
3425 910 3574 965 ferre

317 1013 415 1070 νῦν
455 1012 779 1084 τελούμενον
816 1008 1115 1081 μυστήριον
1141 1025 1157 1074 ;
1190 1008 1287 1070 Τίς
1312 1007 1476 1073 λέξει,
1505 1006 1694 1078 ὅτιπερ
1730 1008 1764 1075 ἡ
1793 1022 1894 1059 κα-

2033 1013 2183 1060 osset
2225 1003 2401 1073 ignem
2445 1001 2782 1057 divinitatis?
2833 1001 2965 1068 Quis
3004 1003 3405 1070 protoparentis
3445 1002 3574 1056 Adae
3632 1058 3638 1064 _

319 1108 581 1178 τάκριτος
614 1078 869 1176 ἐλήλυθεν
915 1100 1065 1155 ἔνδον
1110 1100 1310 1171 ἔχουσα
1358 1099 1451 1152 τὸν
1495 1098 1690 1170 κριτὴν
1726 1098 1770 1129 ³⁸
1802 1096 1897 1151 καὶ

2030 1096 2153 1151 τοι-ἰ
2201 1093 2538 1151 renuntiabit
2585 1093 2927 1164 mysterium,
2973 1092 3112 1160 quod
3165 1107 3304 1145 nunc
3355 1092 3574 1161 perfici-
3638 1078 3656 1087 6‘

319 1202 376 1272 ὴ,
398 1200 503 1255 Ἐν
516 1199 739 1263 λύπαις
759 1193 914 1260 τέξει
931 1195 974 1226 ¹⁷
995 1192 1200 1258 τέκνα,
1218 1192 1521 1255 ἀκούσασα,
1554 1189 1898 1260 βαστάζουσα

2030 1189 2131 1243 ur?
2157 1187 2290 1254 Quis
2318 1186 2467 1258 (ipsi)
2505 1184 2724 1250 referet,
2764 1184 3069 1249 mulierem,
3097 1198 3219 1253 quas
3248 1182 3389 1241 olim
3423 1185 3576 1237 dam-

320 1292 658 1362 παρεγένετο
687 1289 782 1344 τὸν
814 1288 914 1361 τῆς
957 1286 1136 1360 λύπης
1165 1286 1300 1358 ἡμῖν
1345 1283 1446 1355 τὴν
1478 1282 1647 1355 ,λύσιν
1688 1282 1897 1343 ὑπαγο-

2030 1289 2128 1332 tata
2180 1277 2378 1342 fuerat,
2411 1290 2557 1330 nunc
2605 1276 2777 1344 ipsum
2822 1272 3058 1341 judicem
3091 1275 3143 1326 in
3175 1284 3329 1328 utero
3356 1273 3577 1340 habere,

327 1384 595 1457 ρεύοντα;
2006 1385 2237 1441 quaeque
2264 1370 2391 1425 olim
2419 1368 2550 1423 illud
2582 1367 2899 1429 audieratb,
2921 1366 2987 1419 In
3015 1365 3197 1419 dolore
3220 1368 3390 1433 paries
3415 1367 3577 1433 ﬁlios,

2007 1463 2148 1518 hanc
2173 1462 2332 1517 modo
2358 1461 2478 1514 sinu
2505 1474 2605 1514 suo
2632 1458 2784 1512 illum
2814 1469 3049 1529 gestare,
3078 1458 3168 1527 qui
3199 1458 3357 1513 nobis
3379 1458 3584 1513 doloris

2008 1553 2333 1609 solutionem
2358 1549 2686 1605 annuntiat?

402 1660 576 1716 Βαὸαὶ
602 1661 702 1731 τῆς
729 1657 930 1730 τιμῆς1
965 1652 1140 1709 Βαϐαὶ
1169 1652 1270 1725 τῆς
1314 1651 1526 1721 ἅφάτου
1561 1645 1903 1720 μεταϐολῆςι

327 1754 437 1808 Τοῦ
462 1751 798 1823 παραδείσου
827 1751 855 1803 6
899 1748 1032 1810 Θεὸς
1060 1745 1293 1817 ἐχώρισε
1330 1743 1424 1796 τὸν
1455 1738 1907 1823 πρωτύπλαστον,

2080 1645 2223 1700 Proh
2250 1655 2489 1712 quantus
2514 1641 2725 1697 honor!
2755 1639 2896 1696 Proh
2934 1637 3221 1694 ineffabilis
3261 1654 3441 1694 rerum
3479 1638 3587 1694 im-

2010 1737 2267 1791 mutatio!
2302 1735 2543 1790 Primutn
2576 1749 2606 1788 a
2657 1749 2717 1790 se
2754 1734 3032 1788 conditum
3068 1732 3337 1788 hominem
3374 1731 3513 1787 Deus
3553 1746 3587 1787 e

450 1806 613 1898 αύτδν
642 1842 923 1913 ἐχώρησεν
952 1842 986 1912 ἡ
1012 1806 1205 1892 τούτου
1235 1806 1541 1904 ἀπόγονος-1
1580 1814 1640 1885 ’ό
1660 1831 1909 1901 δέρματα

2030 1828 2265 1882 )aradiso
2310 1825 2573 1890 exclusit;
2608 1834 2665 1880 et
2709 1826 2876 1880 Deum
2917 1827 2970 1879 in
3018 1839 3079 1880 se
3117 1825 3382 1880 conclusit
3426 1825 3585 1894 primi

330 1940 512 2012 ράψας
555 1939 613 1991 ὲν
665 1933 1005 2007 παραδείσῳ,
1054 1934 1111 1985 ὲν
1149 1928 1305 2001 νηδύϊ
1354 1925 1737 1981 καλύπτεται1
1784 1915 1911 1996 ὲνῇ

331 2033 423 2086 τὸν
452 2031 777 2101 προπάτορα
808 2023 1087 2097 ὀργισθεὶς
1125 2020 1401 2088 ὲξέὸαλεν,
1438 2019 1497 2072 ὲν
1539 2016 1711 2087 ταύτῃ
1745 2014 1915 2069 σπλα-

332 2122 612 2194 γχνισθεὶς
640 2120 805 2189 ὲπεδή
816 2134 990 2187 μησεν
1012 2116 1025 2168 !
1058 2114 1163 2167 Ἦν
1190 2110 1543 2183 κατηράσατο
1570 2107 1695 2177 γῆν,
1714 2105 1917 2176 ταύτην

332 2218 576 2285 ἐπάτησε
595 2215 664 2284 τῇ
686 2212 807 2283 θείᾳ
829 2211 1005 2280 βάσει,
1026 2207 1124 2278 τὴν
1146 2204 1423 2272 ἀπόφασιν
1439 2203 1543 2256 άκυ
1552 2200 1685 2272 ρῶν,
1709 2199 1911 2268 ἀχράν-

333 2325 450 2372 τοις
481 2307 655 2377 ῐχνεσι
681 2301 986 2374 συντρίόων
1007 2299 1108 2369 τῆς
1132 2296 1406 2369 ἁμαρτίας
1436 2292 1679 2350 ἄκανθαν
1702 2292 1716 2345 !

336 2396 537 2460 fuerat,
583 2395 744 2460 hanc,
787 2389 1061 2449 sententia
1108 2387 1199 2443 illa
1241 2385 1436 2450 deleta,
1473 2383 1658 2439 divino
1726 2377 1960 2436 calcavit

337 2503 523 2551 terens
542 2494 556 2549 !

412 2594 488 2647 I".
512 2589 698 2645 Ταῦτα
734 2588 983 2644 Ἰωάννου
1005 2586 1076 2642 τά
1099 2585 1476 2659 σκιρτήματα,
1503 2580 1701 2653 μᾶλλον
1731 2579 1788 2633 δὲ
1821 2577 1920 2649 ῥή-

346 2701 493 2757 ματα
513 2698 528 2715 ⁸
562 2685 783 2756 ῥήματα
826 2681 937 2751 γὰρ
966 2674 1033 2751 ἦν
1065 2678 1157 2732 τοῦ
1191 2678 1357 2749 μήπω
1398 2674 1684 2746 τεχθέντος
1729 2670 1919 2732 παιδὸς

340 2776 415 2829 τά
456 2775 829 2846 σκιρτήματα.
867 2772 965 2834 Τίς
1004 2771 1061 2837 ἐξ
1112 2768 1309 2833 αἰῶνος
1353 2766 1622 2835 Ἐλλήνων
1667 2766 1725 2817 ὲν
1759 2760 1923 2831 πολιᾷ

346 2866 528 2935 σοφῶν
554 2866 596 2898 ’⁸
616 2864 879 2928 ἐδίδαξεν,
901 2858 991 2917 οἷα
1013 2861 1121 2933 πρὸ
1147 2858 1482 2929 σπαργάνων
1500 2857 1528 2908 6
1548 2854 1861 2927 Πρόδρομος
1880 2852 1923 2884 ⁸⁸

344 2956 689 3027 ὑπηγόρευσε
711 2973 726 3022 ;
747 2952 986 3007 Τοιαῦτα
1005 2953 1116 3022 γὰρ
1136 2951 1235 3021 τῆς
1255 2947 1541 3017 παρούσης
1562 2943 1927 3015 πανηγύρεως

2018 1920 2254 1975 hominis
2306 1917 2555 1974 soboles!
2611 1917 2712 1984 Qui
2764 1916 2819 1971 in
2872 1918 3126 1986 paradiso
3170 1926 3588 1987 protoparentes

2017 2012 2247 2083 pellibus
2282 2009 2547 2076 contexit,
2583 2008 2698 2079 ipse
2731 2009 2989 2079 virgineis
3024 2010 3333 2079 contegitur
3364 2010 3591 2063 visceri-

2020 2103 2146 2158 bus!
2183 2102 2313 2169 Quae
2355 2102 2408 2156 in
2454 2117 2616 2158 causa
2651 2101 2828 2156 fuerat
2877 2111 2935 2155 ut
2968 2101 3279 2170 indignatus
3327 2110 3588 2170 protopa-

2021 2203 2229 2247 rentem
2276 2192 2519 2258 ejiceret,
2567 2193 2680 2246 haec
2710 2191 2888 2246 effecit
2915 2201 2975 2245 ut
3010 2189 3383 2246 misericordia
3412 2201 3590 2245 motus

2023 2286 2090 2339 ad
2121 2285 2369 2361 homines
2411 2284 2764 2339 adventaret!
2802 2282 2971 2350 Quam
3026 2293 3345 2339 exsecratus
3387 2291 3589 2338 terram

2025 2389 2257 2447 gressu,
2300 2375 2517 2441 peccati
2567 2374 2777 2445 spinam
2820 2373 3124 2445 'impollutis
3168 2374 3415 2445 vestigiis
3464 2389 3595 2445 pro-

2096 2570 2183 2627 lll.
2222 2571 2347 2627 Haec
2377 2570 2477 2626 sibi
2505 2570 2756 2626 volebant
2788 2568 2895 2624 illa:
2919 2566 3145 2624 Joannis
3184 2565 3597 2635 exsultationes,

2021 2681 2116 2721 seu
2148 2665 2327 2734 potius
2369 2664 2571 2731 verba;
2607 2678 2729 2717 nam
2775 2641 3167 2717 exsultationes
3214 2658 3319 2712 illa:
3358 2659 3596 2714 nondum

2026 2760 2135 2814 nati
2163 2761 2337 2813 instar
2365 2758 2656 2812 verborum
2687 2766 2863 2811 erant.
2902 2754 3034 2822 Quis
3077 2754 3357 2822 gentilium
3393 2754 3601 2823 sapien«

2025 2861 2137 2906 tum
2180 2852 2265 2906 vel
2302 2852 2356 2905 in
2405 2848 2606 2905 canitie
2647 2859 2756 2902 tam
2789 2848 3036 2903 sublimia
3082 2862 3317 2915 unquam
3361 2846 3599 2912 edocuit,

2029 2944 2208 3014 qualia
2242 2944 2325 2998 vel
2353 2952 2641 3012 antequam
2673 2940 2863 2995 fasciis
2900 2938 3266 2993 involveretur
3290 2937 3603 2995 Praecursor

341 3050 413 3103 τὰ
438 3048 735 3120 μυστήρια,
762 3045 798 3099 ἃ
821 3044 1112 3117 κηρύττειν
1136 3041 1358 3106 ἐθέλων,
1389 3038 1756 3109 εὐρεθήσομαι
1779 3032 1925 3105 βυθῷ

2033 3033 2371 3088 enuntiavit?
2406 3032 2687 3102 Ejusmodi
2718 3030 2861 3085 enim
2916 3038 3046 3085 sunt
3094 3029 3458 3084 solemnitatis
3499 3031 3605 3084 hu-

345 3141 644 3211 θαυμάτων
689 3135 1032 3207 ὲγκυϐιστῶν
1059 3136 1130 3200 ’⁸,
1176 3134 1270 3187 καὶ
1311 3132 1640 3202 ἀεροπορεῖν
1692 3128 1926 3197 οὐράνια

343 3232 704 3304 διηγούμενος
727 3245 742 3261 ⁸
778 3230 858 3283 διό
891 3246 981 3300 μοι
1011 3225 1264 3289 ἱκετεύω,
1295 3222 1599 3285 Βαπτιστὰ,
1628 3221 1728 3290 τῆς
1756 3218 1927 3287 εύχῆς

346 3325 587 3379 ἐπιδίδου
614 3324 711 3391 τὴν
734 3321 984 3393 ἄγκυραν
1012 3321 1081 3384 ⁸⁸,
1109 3317 1205 3372 καὶ
1236 3317 1512 3370 ἄπταιστα
1540 3313 1663 3368 τάδε
1692 3328 1782 3382 μοι
1809 3310 1928 3363 δια-

352 3414 610 3488 φύλαξον,
660 3414 737 3477 ὼς
770 3414 814 3444 ⁸⁸
871 3410 1023 3481 φωνὴ
1069 3408 1379 3479 τυγχάνων,
1431 3403 1541 3458 τῶν
1604 3401 1931 3473 φωνητικῶν

351 3509 601 3579 ὀργάνων
648 3505 717 3559 τά
758 3504 1123 3575 αἰσθητήριαο
1161 3498 1462 3559 πιστεύσας
1496 3496 1603 3564 γὰρ
1649 3494 1750 3548 οὐκ
1788 3494 1931 3546 ’άπι-

355 3603 559 3673 στήσας
601 3596 837 3669 ἐλήλυθα
879 3595 939 3649 τὸ
976 3593 1084 3646 τῶν
1122 3592 1297 3661 λόγων
1347 3606 1428 3642 σοι
1481 3585 1808 3658 προσφέρων
1840 3585 1934 3637 θυ-

358 3692 562 3763 μίαμα,
592 3683 636 3759 ᾧ
662 3690 711 3721 ³³
741 3688 836 3742 καὶ
875 3683 1152 3746 πεποιθὼς
1200 3682 1329 3745 τοὺς
1372 3680 1499 3744 σοὺς
1525 3676 1747 3746 ἀγῶνας
1789 3676 1934 3729 ἐκδι-

352 3785 668 3855 ηγήσομαν
702 3784 751 3834 εἰ
781 3780 860 3844 δὲ,
909 3777 1003 3831 καὶ
1035 3778 1082 3807 ’⁸
1119 3773 1500 3846 ὴττηθήσομαι
1531 3770 1736 3842 χαίρων
1758 3785 1771 3798 ·
1807 3769 1933 3838 νίκη

355 3878 467 3948 γάρ
490 3875 581 3946 μοί
608 3875 726 3927 ἐστι
748 3872 840 3926 τοῦ
862 3869 999 3942 ἐμοῦ
1023 3867 1329 3941 προστάτου
1354 3863 1646 3937 νικηθῆναι
1666 3865 1781 3927 τοῖς
1805 3860 1937 3917 θαύ-

359 3984 515 4042 μασι.

431 4245 503 4301 A'.
533 4242 829 4315 Ἐγένετο,
875 4239 1064 4311 φησὶν,
1100 4239 1171 4293 ἐν
1224 4237 1357 4304 ταῖς
1398 4236 1649 4306 ἡμέραις
1685 4233 1938 4304 Ἡρώδου

358 4339 467 4394 τοῦ
493 4335 819 4403 βασιλέως.
849 4335 1028 4401 Μήτις
1053 4334 1122 4402 τῇ
1149 4330 1436 4401 ἐπωνυμίᾳ
1458 4328 1566 4382 τῶν
1590 4326 1939 4397 Εὐαγγελίων

2024 3125 2117 3195 jus
2164 3124 2444 3197 mysteria,
2471 3138 2589 3194 qua:
2623 3119 2879 3192 persequi
2910 3119 2955 3176 si
2983 3120 3168 3187 velim,
3216 3121 3602 3175 miraculorum

2032 3218 2399 3285 profunditate
2449 3232 2537 3271 me
2592 3215 2771 3281 obrui,
2816 3216 3053 3283 dumque
3098 3212 3340 3268 caelestia
3382 3226 3605 3278 enarro,

2033 3311 2186 3379 quasi
2224 3324 2319 3378 per
2350 3322 2531 3362 aerem
2582 3308 2733 3377 gradi
2779 3321 2866 3361 me
2901 3306 3156 3361 sentiam.
3210 3306 3500 3372 Quocirca,
3552 3314 3607 3360 te

2032 3416 2183 3469 rogo,
2230 3414 2263 3453 o
2295 3397 2561 3469 Baptista,
2607 3407 2825 3452 tuarum
2873 3413 3091 3467 precum
3127 3398 3421 3452 anchoram
3472 3396 3606 3451 mihi

2034 3494 2238 3557 trihue;
2270 3499 2324 3545 et
2362 3503 2438 3555 tu,
2472 3499 2657 3559 utpote
2698 3504 2799 3542 vox
2836 3489 3125 3551 exsistens,
3176 3489 3417 3556 integros
3444 3503 3603 3542 serva

2035 3582 2167 3637 mihi
2200 3581 2401 3635 vocalis
2430 3578 2619 3648 organi
2645 3592 2856 3632 sensus.
2881 3577 3043 3632 Certa
3072 3576 3215 3631 enim
3254 3578 3357 3631 fide
3387 3576 3606 3632 innixus

2034 3691 2097 3731 ac
2126 3673 2257 3730 nihil
2289 3672 2571 3742 ambigens
2603 3669 2831 3734 accessi,
2864 3679 2923 3722 ut
2952 3668 3221 3722 sermonis
3249 3668 3341 3721 tibi
3371 3668 3605 3722 suflitum

2034 3770 2255 3825 offeram
2280 3784 2295 3833 ;
2323 3781 2388 3821 ac
2418 3773 2703 3836 propterea
2729 3762 2958 3815 fidenter
2994 3770 3082 3814 tua
3117 3761 3413 3814 certamina
3449 3776 3611 3814 enar-

2035 3862 2189 3924 rabo,
2236 3857 2361 3913 inde
2414 3855 2578 3911 etiam
2624 3866 2847 3925 sumens
2896 3858 3272 3917 argumentum
3317 3851 3518 3919 gaudii,
3563 3851 3609 3905 si

2036 3955 2197 4023 longe
2236 3950 2460 4008 inferior
2500 3946 2749 4002 laudibus
2784 3944 2889 3998 tuis
2931 3956 3111 3998 sermo
3145 3957 3296 3997 meus
3339 3944 3611 4009 evaserit;

2043 4049 2222 4105 instar
2278 4044 2423 4098 enim
2463 4040 2704 4095 victoria:
2738 4038 2867 4093 tnihi
2909 4046 3013 4101 est,
3060 4036 3202 4105 quod
3241 4036 3453 4105 patroni
3504 4034 3610 4091 mei

2041 4138 2322 4197 miraculis
2354 4136 2560 4190 vincar.

2113 4231 2202 4287 IV.
2245 4228 2395 4295 Fuit,
2430 4225 2626 4296 inquit,
2657 4223 2714 4275 in
2747 4219 2928 4273 diebus
2962 4216 3190 4271 Herodis
3215 4217 3348 4286 regis
3365 4228 3411 4271 ο.
3445 4215 3615 4270 Nemo

2042 4325 2132 4382 hic
2160 4324 2229 4378 ob
2252 4320 2531 4376 nominum
2574 4312 2983 4371 similitudinem
3015 4308 3068 4362 in
3105 4306 3411 4376 Evangeliis
3443 4306 3615 4360 inter-

359 4400 544 4502 κλαπῇ
573 4428 673 4501 τὴν
713 4427 994 4498 ἐξήγησιν.
1035 4400 1261 4495 ’Έτερος
1304 4400 1413 4491 γὰρ
1454 4423 1482 4474 6
1523 4418 1791 4491 Ἡρώδης,
1831 4421 1860 4472 6
1889 4417 1929 4450 ³⁵

2048 4415 2326 4489 pretandis
2356 4411 2676 4482 decipiatur.
2718 4406 2872 4461 Alius
2912 4406 3054 4459 enim
3088 4402 3189 4456 fuit
3240 4401 3480 4455 Herodes
3519 4400 3614 4469 qui

359 4526 453 4581 τὸν
482 4522 799 4594 Πρόδρομον
844 4516 1071 4580 ἀνελὼν,
1101 4517 1197 4569 καὶ
1234 4514 1391 4578 ἄλλος
1429 4508 1584 4577 οὗτος
1632 4511 1879 4583 Ἡρώδης
1908 4511 1937 4563 6

360 4618 469 4672 τῶν
493 4616 701 4687 νηπίων
718 4613 1006 4685 ὲκθερίσας
1027 4610 1124 4682 τὴν
1145 4608 1330 4680 χλοίην
1351 4609 1418 4671 ’⁸,
1436 4607 1527 4661 τὸν
1543 4607 1641 4671 τῆς
1657 4604 1941 4666 εὐσεϐείας

363 4712 564 4781 στάχυν
602 4708 647 4740 ²⁷
675 4707 877 4778 ζητῶν.
907 4706 1005 4758 Ἐν
1027 4702 1160 4768 ταῖς
1179 4701 1370 4754 τούτου
1401 4698 1670 4768 ἡμέραις,
1700 4695 1938 4765 ἐγένετο

361 4804 553 4872 ἱερεύς
581 4820 692 4869 τις,
737 4801 982 4868 ὀνόματι
1013 4795 1329 4864 Ζαχαρίας,
1355 4792 1456 4846 καὶ
1487 4792 1526 4860 ἡ
1564 4788 1719 4861 γυνὴ
1751 4788 1937 4843 αὐτοῦ

362 4892 704 4947 Ἕλισάὸετ’
735 4887 899 4961 ἦσαν
931 4886 1001 4941 δὲ
1026 4886 1239 4939 δίκαιοι
1264 4884 1622 4952 ἀμφότεροι*
1658 4878 1938 4931 ἐκοινώνει

363 4985 473 5057 γὰρ
498 4985 614 5055 βίου
645 4983 690 5017 ³⁸
713 4980 1001 5044 κοινωνίας
1025 4979 1086 5032 τὸ
1109 4976 1333 5047 γύναιον
1361 4973 1439 5046 τῷ
1482 4971 1636 5045 ἀνδρὶ
1659 4968 1939 5032 εὐτάκτως

442 5098 625 5154 bGen.
662 5111 743 5161 ιιι,
777 5096 867 5151 16.
941 5106 964 5135 ο
990 5093 1120 5149 Luc.
1154 5109 1192 5161 ι,
1223 5092 1278 5147 6.

2041 4520 2434 4582 praecursorem
2483 4502 2741 4567 sustulit,
2794 4510 2851 4554 et
2897 4499 3036 4553 alius
3081 4495 3324 4550 Herodes
3372 4493 3472 4548 iste
3516 4493 3615 4559 qui

2044 4600 2439 4674 germinantem
2467 4593 2754 4649 infantium
2795 4591 3018 4645 herham
3056 4586 3302 4649 messuil,
3346 4600 3467 4637 cum
3497 4584 3617 4650 pie-

2047 4673 2173 4747 tatis
2207 4689 2413 4759 spicam
2459 4684 2548 4753 (ad
2589 4684 2802 4749 necem)
2832 4688 3117 4750 quaereret.
3146 4675 3214 4730 In
3243 4678 3426 4729 diebus
3457 4673 3616 4741 hujus

2046 4782 2275 4837 Herodis
2310 4778 2411 4847 fuit
2452 4776 2697 4829 sacerdos
2731 4773 2945 4843 quidam
2974 4770 3185 4824 nomine
3214 4766 3526 4828 Zacharias,
3567 4774 3619 4818 et

2045 4868 2324 4939 umorvejus
2361 4864 2651 4919 Elisabeth.
2699 4861 2871 4915 Erant
2913 4871 3084 4912 autem
3115 4857 3241 4922 iusti
3278 4855 3430 4907 ambo
3466 4854 3616 4926 (con-

2044 4959 2263 5019 cordetn
2294 4957 2438 5012 enim
2470 4956 2594 5010 vitae
2621 4954 2934 5009 societatem
2964 4965 3086 5005 cum
3118 4949 3235 5002 viro
3266 4945 3458 5000 mulier
3481 4958 3613 5014 age-

1659 5173 1896 5231 VARIA'I
1952 5166 2354 5228 LECTIONES.

435 5313 481 5347 ’δ
502 5312 566 5367 C.
600 5310 723 5365 Vat.
759 5308 1001 5375 ἐνέγκαι.
1108 5306 1151 5338 ³⁸
1180 5305 1298 5359 Vox
1344 5303 1516 5375 Ἀδάμ

365 5385 533 5439 codex
560 5382 678 5451 ejus
700 5380 839 5434 forte
863 5367 1094 5431 addebat
1121 5392 1134 5428 :
1164 5374 1260 5428 καὶ
1285 5367 1590 5443 πρόδρομον
1620 5388 1635 5401 ο
1665 5379 1722 5423 at
1747 5367 1848 5421 abs
1878 5381 1954 5420 re.
2067 5367 2108 5395 "
2141 5367 2284 5416 Attic

365 5468 485 5488 an...
518 5454 633 5488 Innn
670 5450 914 5488 |nainn|c_
1026 5445 1070 5475 ιδ
1097 5444 1267 5488 Πηιιά-
1296 5444 1449 5488 πόλει
1481 5440 1681 5488 comam.
1790 5439 1830 5469 ³⁹
1860 5437 1920 5488 Β.
1940 5436 2060 5488 cod.
2086 5433 2284 5488 ὑποδρό

1511 5448 1681 5509 οφῶς.
1790 5448 1830 5469 ιν
1860 5448 1920 5488 li.
1940 5448 2060 5489 cad.
2086 5448 2409 5503 υποορομος.
2517 5448 2560 5460 "
2589 5448 2651 5482 υ.
2688 5448 2741 5505 ⁶υς

1511 5511 1756 5588 ἷζΑίὶςεί
1796 5500 1901 5588 ἄξει
1949 5504 2012 5561 Co
2048 5502 2209 5588 Bﬁ'k-
2241 5513 2363 5588 εεξῑι
2412 5500 2537 5588 991':
2577 5497 2741 5588 εντη-

366 5570 651 5673 star}:
684 5570 957 5673 Αμίὸξὸρ
989 5570 1108 5641 vit.
1136 5586 1200 5640 υ.
1235 5585 1404 5639 abest.
1479 5582 1525 5614 ιε
1552 5580 1614 5637 c.
1649 5580 1770 5633 Vat.
1806 5570 1991 5648 χλόην.
2080 5574 2125 5606 ³⁷
2154 5574 2215 5627 c.
2254 5570 2375 5627 Val.
2408 5570 2664 5639 ἁστάχυν.

365 5468 487 5509 seos
518 5440 633 5506 loco
669 5450 917 5518 legimus.
1007 5445 1070 5518 _‘°
1097 5440 1449 5518 Conmutasse}.
1481 5440 1681 5518 σοιρῷς.

365 5523 648 5593 ᾇγτυραν.Δ
700 5514 967 5593 λ”χᾼὼςιει
989 5515 1066 5593 the
1096 5514 1216 5593 ap.
1253 5515 1412 5593 βω».

368 5664 527 5733 gend.
560 5662 674 5733 βίου
710 5658 1018 5715 κοινωνίαν.

1547 5317 1576 5354 a
1600 5299 1787 5354 codice
1815 5296 1960 5351 Surii
1997 5293 2236 5349 abfuisse
2265 5290 2498 5345 videtur.

2070 5293 2236 5347 fuisse
2265 5290 2498 5345 videtur.
2610 5287 2654 5319 ¹⁸
2690 5284 2883 5340 Surius
2908 5282 3059 5336 addit
3084 5298 3097 5334 :
3124 5290 3174 5334 et
3202 5295 3614 5350 pra'cursorem;

2067 5365 2108 5395 tr
2149 5364 2319 5395 Διιιηο
2352 5357 2598 5395 ηιοηη-ἑῖνι
2670 5357 2811 5395 ηιιιπΙ
2860 5354 2997 5395 amni
3050 5350 3186 5395 LXX
3222 5354 3272 5395 in
3301 5351 3401 5395 Ima
3435 5348 3612 5395 Gene-

2141 5364 2319 5416 Attice
2352 5376 2449 5430 pro
2470 5357 2623 5428 τέξῃ,
2670 5357 2811 5425 quod
2858 5354 2997 5418 apud
3050 5348 3272 5406 LXX'in
3301 5351 3401 5404 hoc
3435 5348 3612 5404 Gene-

2141 5433 2409 5503 τοδρόμος.
2516 5430 2560 5460 ³⁰
2589 5428 2651 5482 C.
2688 5426 2854 5507 ,βαι-1).
2888 5422 3250 5509 ὲκκυόιστῷν.
3290 5422 3333 5451 ’⁸
3359 5420 3419 5474 C.
3449 5419 3609 5475 Barb.

2141 5504 2208 5546 -h_
2241 5513 2295 5546 at
2333 5517 2361 5546 τι
2412 5500 2532 5546 md-
2577 5497 2741 5546 Sum.
2837 5493 2883 5524 “
2912 5493 3080 5546 Abest
3123 5509 3171 5545 ει
3217 5491 3274 5544 δὲ
3309 5491 3404 5543 καὶ
3434 5506 3460 5540 a
3490 5492 3609 5544 cod.

2977 5505 3080 5547 κει
3123 5505 3171 5545 ει
3217 5505 3274 5544 σε
3309 5505 3404 5543 και
3434 5506 3460 5540 Ἀ
3490 5505 3609 5544 COtI.

2763 5569 2809 5599 ³⁸
2838 5564 2902 5620 C.
2951 5562 3112 5621 Barb.
3163 5562 3277 5633 βίον
3306 5577 3320 5592 ·
3362 5560 3499 5615 forte
3538 5559 3616 5616 le-

1866 5736 2115 5795 .NOT/E.

400 5936 403 5939 _
441 5865 520 5938 (Ξ)
559 5865 673 5923 Non
718 5864 917 5923 divina:
955 5870 1164 5920 tantum
1219 5858 1583 5916 maternitatis
1614 5857 1830 5921 decore,
1868 5855 1960 5911 sed
1996 5854 2160 5911 etiam
2200 5851 2452 5922 puritatis
2482 5860 2535 5907 et
2569 5846 2875 5907 sanctitatis
2906 5836 3245 5903 excellentia.
