  <div class='ocr_page' id='page_1' title='image "/cluster/home/n/w/nwhite01/storage/ocr_20150623/85/hvd.32044011888864/897.png"; bbox 0 0 4164 6558; ppageno 0'>
   <div class='ocr_carea' id='block_1_1' title="bbox 565 427 699 492">
    <p class='ocr_par' dir='ltr' id='par_1_1' title="bbox 565 427 699 492">
     <span class='ocr_line' id='line_1_1' title="bbox 565 427 699 492; baseline 0 -1"><span class='ocrx_word' id='word_1_1' title='bbox 565 427 699 492; x_wconf 79' lang='lat'><strong>1707</strong></span> 
     </span>
    </p>
   </div>
   <div class='ocr_carea' id='block_1_2' title="bbox 1521 412 2837 493">
    <p class='ocr_par' dir='ltr' id='par_1_2' title="bbox 1521 412 2837 493">
     <span class='ocr_line' id='line_1_2' title="bbox 1521 412 2837 493; baseline -0.002 -5"><span class='ocrx_word' id='word_1_2' title='bbox 1521 412 1960 493; x_wconf 74' lang='lat' dir='ltr'><strong>‘ANTIPATRI</strong></span> <span class='ocrx_word' id='word_1_3' title='bbox 1999 424 2467 488; x_wconf 83' lang='lat' dir='ltr'><strong>BOSTRENSIS</strong></span> <span class='ocrx_word' id='word_1_4' title='bbox 2496 422 2837 485; x_wconf 85' lang='lat' dir='ltr'><strong>EPISCOPI</strong></span> 
     </span>
    </p>
   </div>
   <div class='ocr_carea' id='block_1_3' title="bbox 3688 421 3841 487">
    <p class='ocr_par' dir='ltr' id='par_1_3' title="bbox 3688 421 3841 487">
     <span class='ocr_line' id='line_1_3' title="bbox 3688 421 3841 487; baseline -0.02 0"><span class='ocrx_word' id='word_1_5' title='bbox 3688 421 3841 487; x_wconf 81' lang='lat'><strong>1768</strong></span> 
     </span>
    </p>
   </div>
   <div class='ocr_carea' id='block_1_4' title="bbox 561 536 2140 617">
    <p class='ocr_par' dir='ltr' id='par_1_4' title="bbox 561 543 2140 617">
     <span class='ocr_line' id='line_1_4' title="bbox 561 543 2140 617; baseline -0.005 -12"><span class='ocrx_word' id='word_1_6' title='bbox 561 550 675 609; x_wconf 81' lang='lat' dir='ltr'><strong>bat,</strong></span> <span class='ocrx_word' id='word_1_7' title='bbox 724 547 950 603; x_wconf 87' lang='lat' dir='ltr'><strong>honeste</strong></span> <span class='ocrx_word' id='word_1_8' title='bbox 983 560 1043 603; x_wconf 87' lang='lat' dir='ltr'><strong>se</strong></span> <span class='ocrx_word' id='word_1_9' title='bbox 1088 546 1329 617; x_wconf 88' lang='lat' dir='ltr'><strong>gerens),</strong></span> <span class='ocrx_word' id='word_1_10' title='bbox 1371 543 1557 614; x_wconf 83' lang='lat' dir='ltr'><strong>jugum</strong></span> <span class='ocrx_word' id='word_1_11' title='bbox 1597 544 1732 614; x_wconf 88' lang='lat' dir='ltr'><strong>legis</strong></span> <span class='ocrx_word' id='word_1_12' title='bbox 1768 544 2026 608; x_wconf 78' lang='lat' dir='ltr'><strong>ferentes,</strong></span> <span class='ocrx_word' id='word_1_13' title='bbox 2052 544 2140 610; x_wconf 79' lang='lat' dir='ltr'><strong>jn-</strong></span> 
     </span>
    </p>
   </div>
   <div class='ocr_carea' id='block_1_5' title="bbox 2243 536 3847 617">
    <p class='ocr_par' dir='ltr' id='par_1_5' title="bbox 2243 536 3847 610">
     <span class='ocr_line' id='line_1_5' title="bbox 2243 536 3847 610; baseline 0 -16"><span class='ocrx_word' id='word_1_14' title='bbox 2243 542 2446 605; x_wconf 77' lang='grc' dir='ltr'>ὀδεῡον,</span> <span class='ocrx_word' id='word_1_15' title='bbox 2480 540 2572 593; x_wconf 79' lang='grc' dir='ltr'><strong>τὸν</strong></span> <span class='ocrx_word' id='word_1_16' title='bbox 2594 539 2691 593; x_wconf 78' lang='grc' dir='ltr'>τοῦ</span> <span class='ocrx_word' id='word_1_17' title='bbox 2724 540 2889 610; x_wconf 89' lang='grc' dir='ltr'>νόμου</span> <span class='ocrx_word' id='word_1_18' title='bbox 2929 536 3293 610; x_wconf 76' lang='grc' dir='ltr'><strong>βαστάζοντες</strong></span> <span class='ocrx_word' id='word_1_19' title='bbox 3331 538 3520 610; x_wconf 73' lang='grc' dir='ltr'>ζυγὸν,</span> <span class='ocrx_word' id='word_1_20' title='bbox 3550 538 3847 594; x_wconf 75' lang='grc' dir='ltr'>δικαιοσύ-</span> 
     </span>
    </p>
   </div>
   <div class='ocr_carea' id='block_1_6' title="bbox 562 634 2141 703">
    <p class='ocr_par' dir='ltr' id='par_1_6' title="bbox 562 634 2141 703">
     <span class='ocr_line' id='line_1_6' title="bbox 562 634 2141 703; baseline -0.004 -7"><span class='ocrx_word' id='word_1_21' title='bbox 562 641 715 696; x_wconf 86' lang='lat' dir='ltr'><strong>stitia</strong></span> <span class='ocrx_word' id='word_1_22' title='bbox 763 641 1128 703; x_wconf 85' lang='lat' dir='ltr'><strong>abundantes,</strong></span> <span class='ocrx_word' id='word_1_23' title='bbox 1174 639 1376 694; x_wconf 85' lang='lat' dir='ltr'><strong>liberos</strong></span> <span class='ocrx_word' id='word_1_24' title='bbox 1422 653 1528 691; x_wconf 93' lang='lat' dir='ltr'><strong>non</strong></span> <span class='ocrx_word' id='word_1_25' title='bbox 1576 637 1862 692; x_wconf 78' lang='lat' dir='ltr'><strong>habentes.</strong></span> <span class='ocrx_word' id='word_1_26' title='bbox 1912 634 2141 693; x_wconf 81' lang='lat' dir='ltr'><strong>Matrice</strong></span> 
     </span>
    </p>
   </div>
   <div class='ocr_carea' id='block_1_7' title="bbox 561 726 2142 801">
    <p class='ocr_par' dir='ltr' id='par_1_7' title="bbox 561 726 2142 801">
     <span class='ocr_line' id='line_1_7' title="bbox 561 726 2142 801; baseline -0.005 -15"><span class='ocrx_word' id='word_1_27' title='bbox 561 732 708 786; x_wconf 79' lang='lat' dir='ltr'><strong>enim</strong></span> <span class='ocrx_word' id='word_1_28' title='bbox 756 732 915 801; x_wconf 91' lang='lat' dir='ltr'><strong>longo</strong></span> <span class='ocrx_word' id='word_1_29' title='bbox 967 734 1146 786; x_wconf 70' lang='lat' dir='ltr'><strong>aetatis</strong></span> <span class='ocrx_word' id='word_1_30' title='bbox 1198 744 1458 798; x_wconf 77' lang='lat' dir='ltr'><strong>processu</strong></span> <span class='ocrx_word' id='word_1_31' title='bbox 1507 729 1806 793; x_wconf 82' lang='lat' dir='ltr'><strong>debilitata,</strong></span> <span class='ocrx_word' id='word_1_32' title='bbox 1857 727 1980 783; x_wconf 82' lang='lat' dir='ltr'><strong>siue</strong></span> <span class='ocrx_word' id='word_1_33' title='bbox 2017 726 2142 779; x_wconf 88' lang='lat' dir='ltr'><strong>tiliis</strong></span> 
     </span>
    </p>
   </div>
   <div class='ocr_carea' id='block_1_8' title="bbox 563 819 2142 885">
    <p class='ocr_par' dir='ltr' id='par_1_8' title="bbox 563 819 2142 885">
     <span class='ocr_line' id='line_1_8' title="bbox 563 819 2142 885; baseline -0.008 -5"><span class='ocrx_word' id='word_1_34' title='bbox 563 824 841 880; x_wconf 84' lang='lat' dir='ltr'><strong>Elisabetli</strong></span> <span class='ocrx_word' id='word_1_35' title='bbox 871 832 991 876; x_wconf 85' lang='lat' dir='ltr'><strong>erat</strong></span> <span class='ocrx_word' id='word_1_36' title='bbox 1023 833 1077 876; x_wconf 89' lang='lat' dir='ltr'><strong>et</strong></span> <span class='ocrx_word' id='word_1_37' title='bbox 1105 821 1327 875; x_wconf 87' lang='lat' dir='ltr'><strong>sterilis.</strong></span> <span class='ocrx_word' id='word_1_38' title='bbox 1362 819 1527 874; x_wconf 87' lang='lat' dir='ltr'><strong>Ambo</strong></span> <span class='ocrx_word' id='word_1_39' title='bbox 1566 829 1747 874; x_wconf 89' lang='lat' dir='ltr'><strong>autem</strong></span> <span class='ocrx_word' id='word_1_40' title='bbox 1778 825 2142 885; x_wconf 66' lang='lat' dir='ltr'><strong>processerant</strong></span> 
     </span>
    </p>
   </div>
   <div class='ocr_carea' id='block_1_9' title="bbox 560 909 2142 976">
    <p class='ocr_par' dir='ltr' id='par_1_9' title="bbox 560 909 2142 976">
     <span class='ocr_line' id='line_1_9' title="bbox 560 909 2142 976; baseline -0.004 -9"><span class='ocrx_word' id='word_1_41' title='bbox 560 916 617 968; x_wconf 82' lang='lat' dir='ltr'><strong>iu</strong></span> <span class='ocrx_word' id='word_1_42' title='bbox 644 915 825 968; x_wconf 79' lang='lat' dir='ltr'><strong>diebus</strong></span> <span class='ocrx_word' id='word_1_43' title='bbox 854 911 1032 967; x_wconf 72' lang='lat' dir='ltr'><strong>suisd.</strong></span> <span class='ocrx_word' id='word_1_44' title='bbox 1079 910 1155 965; x_wconf 82' lang='lat' dir='ltr'><strong>Ex</strong></span> <span class='ocrx_word' id='word_1_45' title='bbox 1182 922 1389 965; x_wconf 76' lang='lat' dir='ltr'><strong>natura:</strong></span> <span class='ocrx_word' id='word_1_46' title='bbox 1432 910 1766 971; x_wconf 86' lang='lat' dir='ltr'><strong>conditione,</strong></span> <span class='ocrx_word' id='word_1_47' title='bbox 1806 909 2004 976; x_wconf 92' lang='lat' dir='ltr'><strong>inquit,</strong></span> <span class='ocrx_word' id='word_1_48' title='bbox 2053 921 2142 960; x_wconf 89' lang='lat' dir='ltr'><strong>so-</strong></span> 
     </span>
    </p>
   </div>
   <div class='ocr_carea' id='block_1_10' title="bbox 535 994 2143 1075">
    <p class='ocr_par' dir='ltr' id='par_1_10' title="bbox 535 994 2143 1075">
     <span class='ocr_line' id='line_1_10' title="bbox 535 994 2143 1075; baseline -0.004 -14"><span class='ocrx_word' id='word_1_49' title='bbox 535 994 700 1062; x_wconf 63' lang='lat' dir='ltr'><strong>bolis</strong></span> <span class='ocrx_word' id='word_1_50' title='bbox 740 1016 898 1061; x_wconf 86' lang='lat' dir='ltr'><strong>erant</strong></span> <span class='ocrx_word' id='word_1_51' title='bbox 942 1016 1217 1075; x_wconf 79' lang='lat' dir='ltr'><strong>expertes,</strong></span> <span class='ocrx_word' id='word_1_52' title='bbox 1266 1012 1321 1058; x_wconf 92' lang='lat' dir='ltr'><strong>et</strong></span> <span class='ocrx_word' id='word_1_53' title='bbox 1357 1019 1479 1057; x_wconf 87' lang='lat' dir='ltr'><strong>cum</strong></span> <span class='ocrx_word' id='word_1_54' title='bbox 1509 1012 1728 1072; x_wconf 76' lang='lat' dir='ltr'><strong>propter</strong></span> <span class='ocrx_word' id='word_1_55' title='bbox 1760 1011 1975 1055; x_wconf 65' lang='lat' dir='ltr'><strong>aetatem</strong></span> <span class='ocrx_word' id='word_1_56' title='bbox 2016 1015 2143 1069; x_wconf 83' lang='lat' dir='ltr'><strong>pro-</strong></span> 
     </span>
    </p>
   </div>
   <div class='ocr_carea' id='block_1_11' title="bbox 560 1090 2144 1161">
    <p class='ocr_par' dir='ltr' id='par_1_11' title="bbox 560 1090 2144 1161">
     <span class='ocr_line' id='line_1_11' title="bbox 560 1090 2144 1161; baseline -0.006 -8"><span class='ocrx_word' id='word_1_57' title='bbox 560 1101 920 1153; x_wconf 83' lang='lat' dir='ltr'><strong>creandorum</strong></span> <span class='ocrx_word' id='word_1_58' title='bbox 948 1097 1182 1152; x_wconf 83' lang='lat' dir='ltr'><strong>liliorunt</strong></span> <span class='ocrx_word' id='word_1_59' title='bbox 1206 1096 1491 1155; x_wconf 88' lang='lat' dir='ltr'><strong>delinitum</strong></span> <span class='ocrx_word' id='word_1_60' title='bbox 1512 1104 1726 1161; x_wconf 77' lang='lat' dir='ltr'><strong>tempus</strong></span> <span class='ocrx_word' id='word_1_61' title='bbox 1749 1090 1983 1147; x_wconf 81' lang='lat' dir='ltr'><strong>fuissent</strong></span> <span class='ocrx_word' id='word_1_62' title='bbox 2007 1104 2144 1157; x_wconf 72' lang='lat' dir='ltr'><strong>prae-</strong></span> 
     </span>
    </p>
   </div>
   <div class='ocr_carea' id='block_1_12' title="bbox 562 1182 2141 1261">
    <p class='ocr_par' dir='ltr' id='par_1_12' title="bbox 562 1182 2141 1261">
     <span class='ocr_line' id='line_1_12' title="bbox 562 1182 2141 1261; baseline -0.006 -16"><span class='ocrx_word' id='word_1_63' title='bbox 562 1189 847 1260; x_wconf 79' lang='lat' dir='ltr'><strong>tergressi,</strong></span> <span class='ocrx_word' id='word_1_64' title='bbox 878 1204 988 1261; x_wconf 75' lang='lat' dir='ltr'><strong>pou</strong></span> <span class='ocrx_word' id='word_1_65' title='bbox 1017 1189 1238 1257; x_wconf 83' lang='lat' dir='ltr'><strong>quidem</strong></span> <span class='ocrx_word' id='word_1_66' title='bbox 1270 1201 1419 1255; x_wconf 85' lang='lat' dir='ltr'><strong>spem</strong></span> <span class='ocrx_word' id='word_1_67' title='bbox 1444 1183 1789 1253; x_wconf 81' lang='lat' dir='ltr'><strong>abjicientes,</strong></span> <span class='ocrx_word' id='word_1_68' title='bbox 1815 1182 1910 1235; x_wconf 89' lang='lat' dir='ltr'><strong>sed</strong></span> <span class='ocrx_word' id='word_1_69' title='bbox 1942 1189 2141 1235; x_wconf 86' lang='lat' dir='ltr'><strong>statam</strong></span> 
     </span>
    </p>
   </div>
   <div class='ocr_carea' id='block_1_13' title="bbox 2248 632 3847 705">
    <p class='ocr_par' dir='ltr' id='par_1_13' title="bbox 2248 632 3847 705">
     <span class='ocr_line' id='line_1_13' title="bbox 2248 632 3847 705; baseline 0.001 -18"><span class='ocrx_word' id='word_1_70' title='bbox 2248 651 2347 703; x_wconf 87' lang='grc' dir='ltr'><strong>νην</strong></span> <span class='ocrx_word' id='word_1_71' title='bbox 2392 633 2774 703; x_wconf 77' lang='grc' dir='ltr'><strong>εὐποροῦντες,</strong></span> <span class='ocrx_word' id='word_1_72' title='bbox 2823 632 3020 696; x_wconf 86' lang='grc' dir='ltr'>παῖδας</span> <span class='ocrx_word' id='word_1_73' title='bbox 3061 634 3162 686; x_wconf 77' lang='grc' dir='ltr'><strong>οὐκ</strong></span> <span class='ocrx_word' id='word_1_74' title='bbox 3190 632 3431 704; x_wconf 75' lang='grc' dir='ltr'>ἔχοντες.</span> <span class='ocrx_word' id='word_1_75' title='bbox 3472 633 3847 705; x_wconf 74' lang='grc' dir='ltr'>Πηρωθείσης</span> 
     </span>
    </p>
   </div>
   <div class='ocr_carea' id='block_1_14' title="bbox 2248 721 3845 794">
    <p class='ocr_par' dir='ltr' id='par_1_14' title="bbox 2248 721 3845 794">
     <span class='ocr_line' id='line_1_14' title="bbox 2248 721 3845 794; baseline 0.001 -18"><span class='ocrx_word' id='word_1_76' title='bbox 2248 724 2357 793; x_wconf 86' lang='grc' dir='ltr'>γὰρ</span> <span class='ocrx_word' id='word_1_77' title='bbox 2394 722 2495 792; x_wconf 84' lang='grc' dir='ltr'>τῆς</span> <span class='ocrx_word' id='word_1_78' title='bbox 2542 722 2754 792; x_wconf 81' lang='grc' dir='ltr'><strong>μήτρας</strong></span> <span class='ocrx_word' id='word_1_79' title='bbox 2788 722 2833 752; x_wconf 80' lang='grc'><strong><em>⁸⁸</em></strong></span> <span class='ocrx_word' id='word_1_80' title='bbox 2877 722 2956 792; x_wconf 84' lang='grc' dir='ltr'>τῷ</span> <span class='ocrx_word' id='word_1_81' title='bbox 2980 721 3076 775; x_wconf 80' lang='grc' dir='ltr'><strong>τοῦ</strong></span> <span class='ocrx_word' id='word_1_82' title='bbox 3125 722 3319 793; x_wconf 81' lang='grc' dir='ltr'>χρόνου</span> <span class='ocrx_word' id='word_1_83' title='bbox 3365 723 3557 793; x_wconf 83' lang='grc' dir='ltr'><strong>μήκει,</strong></span> <span class='ocrx_word' id='word_1_84' title='bbox 3603 723 3845 794; x_wconf 74' lang='grc' dir='ltr'>ᾶπαιςή</span> 
     </span>
    </p>
   </div>
   <div class='ocr_carea' id='block_1_15' title="bbox 2262 808 3850 885">
    <p class='ocr_par' dir='ltr' id='par_1_15' title="bbox 2262 808 3850 885">
     <span class='ocr_line' id='line_1_15' title="bbox 2262 808 3850 885; baseline 0.001 -18"><span class='ocrx_word' id='word_1_85' title='bbox 2262 813 2547 867; x_wconf 87' lang='grc' dir='ltr'>Ἐλισάϐετ</span> <span class='ocrx_word' id='word_1_86' title='bbox 2581 818 2675 866; x_wconf 76' lang='grc' dir='ltr'><strong>καὶ</strong></span> <span class='ocrx_word' id='word_1_87' title='bbox 2716 813 2905 885; x_wconf 86' lang='grc' dir='ltr'>στείρα</span> <span class='ocrx_word' id='word_1_88' title='bbox 2924 808 2997 884; x_wconf 81' lang='grc' dir='ltr'>ἦν</span> <span class='ocrx_word' id='word_1_89' title='bbox 3017 830 3031 845; x_wconf 76' lang='grc' dir='ltr'><strong>ο</strong></span> <span class='ocrx_word' id='word_1_90' title='bbox 3061 812 3414 883; x_wconf 65' lang='grc' dir='ltr'>Ἀμφότεροι</span> <span class='ocrx_word' id='word_1_91' title='bbox 3451 814 3510 868; x_wconf 74' lang='grc' dir='ltr'>δὲ</span> <span class='ocrx_word' id='word_1_92' title='bbox 3538 817 3850 884; x_wconf 79' lang='grc' dir='ltr'>προϐεϐη-</span> 
     </span>
    </p>
   </div>
   <div class='ocr_carea' id='block_1_16' title="bbox 2249 901 3845 977">
    <p class='ocr_par' dir='ltr' id='par_1_16' title="bbox 2249 901 3845 977">
     <span class='ocr_line' id='line_1_16' title="bbox 2249 901 3845 977; baseline 0 -16"><span class='ocrx_word' id='word_1_93' title='bbox 2249 907 2422 971; x_wconf 79' lang='grc' dir='ltr'>κότες</span> <span class='ocrx_word' id='word_1_94' title='bbox 2458 901 2624 977; x_wconf 79' lang='grc' dir='ltr'>ἦσαν</span> <span class='ocrx_word' id='word_1_95' title='bbox 2650 905 2697 937; x_wconf 78' lang='grc'><strong>³⁸</strong></span> <span class='ocrx_word' id='word_1_96' title='bbox 2724 906 2793 960; x_wconf 79' lang='grc' dir='ltr'><strong>ἐν</strong></span> <span class='ocrx_word' id='word_1_97' title='bbox 2841 906 2971 973; x_wconf 80' lang='grc' dir='ltr'>ταῖς</span> <span class='ocrx_word' id='word_1_98' title='bbox 3004 905 3251 976; x_wconf 74' lang='grc' dir='ltr'>ἡμέραις</span> <span class='ocrx_word' id='word_1_99' title='bbox 3298 907 3522 962; x_wconf 80' lang='grc' dir='ltr'>αὐτῶν.</span> <span class='ocrx_word' id='word_1_100' title='bbox 3553 910 3845 973; x_wconf 78' lang='grc' dir='ltr'>Ἀτεκνοι,</span> 
     </span>
    </p>
   </div>
   <div class='ocr_carea' id='block_1_17' title="bbox 2252 997 3852 1072">
    <p class='ocr_par' dir='ltr' id='par_1_17' title="bbox 2252 997 3852 1072">
     <span class='ocr_line' id='line_1_17' title="bbox 2252 997 3852 1072; baseline 0.001 -21"><span class='ocrx_word' id='word_1_101' title='bbox 2252 1001 2407 1071; x_wconf 63' lang='grc' dir='ltr'>φησι,</span> <span class='ocrx_word' id='word_1_102' title='bbox 2431 999 2690 1067; x_wconf 74' lang='grc' dir='ltr'>γεγόνασι</span> <span class='ocrx_word' id='word_1_103' title='bbox 2711 997 2892 1068; x_wconf 85' lang='grc' dir='ltr'>φύσει,</span> <span class='ocrx_word' id='word_1_104' title='bbox 2919 999 3017 1053; x_wconf 78' lang='grc' dir='ltr'>καὶ</span> <span class='ocrx_word' id='word_1_105' title='bbox 3040 1001 3218 1071; x_wconf 79' lang='grc' dir='ltr'>χρόνῳ</span> <span class='ocrx_word' id='word_1_106' title='bbox 3242 1001 3341 1071; x_wconf 85' lang='grc' dir='ltr'>τῆς</span> <span class='ocrx_word' id='word_1_107' title='bbox 3365 1001 3711 1065; x_wconf 80' lang='grc' dir='ltr'>παιδοποιίας</span> <span class='ocrx_word' id='word_1_108' title='bbox 3734 1000 3852 1072; x_wconf 78' lang='grc' dir='ltr'>τὴν</span> 
     </span>
    </p>
   </div>
   <div class='ocr_carea' id='block_1_18' title="bbox 2250 1090 3852 1165">
    <p class='ocr_par' dir='ltr' id='par_1_18' title="bbox 2250 1090 3852 1165">
     <span class='ocr_line' id='line_1_18' title="bbox 2250 1090 3852 1165; baseline 0.002 -22"><span class='ocrx_word' id='word_1_109' title='bbox 2250 1090 2483 1161; x_wconf 80' lang='grc' dir='ltr'><strong>νομικὴν</strong></span> <span class='ocrx_word' id='word_1_110' title='bbox 2506 1091 2820 1156; x_wconf 78' lang='grc' dir='ltr'>ἀλώσαντες</span> <span class='ocrx_word' id='word_1_111' title='bbox 2842 1092 2909 1158; x_wconf 72' lang='grc'>³⁸,</span> <span class='ocrx_word' id='word_1_112' title='bbox 2940 1093 3002 1146; x_wconf 85' lang='grc' dir='ltr'>οὺ</span> <span class='ocrx_word' id='word_1_113' title='bbox 3024 1092 3124 1164; x_wconf 83' lang='grc' dir='ltr'>τὴν</span> <span class='ocrx_word' id='word_1_114' title='bbox 3144 1092 3358 1157; x_wconf 76' lang='grc' dir='ltr'>ἐλπίδα,</span> <span class='ocrx_word' id='word_1_115' title='bbox 3390 1094 3532 1149; x_wconf 82' lang='grc' dir='ltr'>ἀλλὰ</span> <span class='ocrx_word' id='word_1_116' title='bbox 3552 1096 3643 1150; x_wconf 79' lang='grc' dir='ltr'><strong>τὸν</strong></span> <span class='ocrx_word' id='word_1_117' title='bbox 3670 1095 3852 1165; x_wconf 79' lang='grc' dir='ltr'>νόμον</span> 
     </span>
    </p>
   </div>
   <div class='ocr_carea' id='block_1_19' title="bbox 2248 1182 3850 1260">
    <p class='ocr_par' dir='ltr' id='par_1_19' title="bbox 2248 1182 3850 1260">
     <span class='ocr_line' id='line_1_19' title="bbox 2248 1182 3850 1260; baseline 0.001 -21"><span class='ocrx_word' id='word_1_118' title='bbox 2248 1182 2638 1250; x_wconf 80' lang='grc' dir='ltr'><strong>ἀπολέσαντες,</strong></span> <span class='ocrx_word' id='word_1_119' title='bbox 2691 1184 2946 1258; x_wconf 77' lang='grc' dir='ltr'>δεύτερον</span> <span class='ocrx_word' id='word_1_120' title='bbox 2981 1187 3026 1218; x_wconf 80' lang='grc'>³³</span> <span class='ocrx_word' id='word_1_121' title='bbox 3058 1188 3251 1257; x_wconf 87' lang='grc' dir='ltr'>χρόνον</span> <span class='ocrx_word' id='word_1_122' title='bbox 3294 1187 3386 1241; x_wconf 81' lang='grc' dir='ltr'>τὸν</span> <span class='ocrx_word' id='word_1_123' title='bbox 3425 1188 3630 1260; x_wconf 80' lang='grc' dir='ltr'>τρόπον</span> <span class='ocrx_word' id='word_1_124' title='bbox 3671 1188 3850 1255; x_wconf 63' lang='lat' dir='ltr'><strong>tacti;-</strong></span> 
     </span>
    </p>
   </div>
   <div class='ocr_carea' id='block_1_20' title="bbox 559 1268 2140 1352">
    <p class='ocr_par' dir='ltr' id='par_1_20' title="bbox 559 1268 2140 1352">
     <span class='ocr_line' id='line_1_20' title="bbox 559 1268 2140 1352; baseline -0.006 -16"><span class='ocrx_word' id='word_1_125' title='bbox 559 1285 773 1338; x_wconf 70' lang='lat' dir='ltr'><strong>czeteris</strong></span> <span class='ocrx_word' id='word_1_126' title='bbox 814 1282 983 1352; x_wconf 87' lang='lat' dir='ltr'><strong>legem</strong></span> <span class='ocrx_word' id='word_1_127' title='bbox 1014 1268 1342 1335; x_wconf 82' lang='lat' dir='ltr'><strong>excedentes</strong></span> <span class='ocrx_word' id='word_1_128' title='bbox 1396 1279 1695 1334; x_wconf 88' lang='lat' dir='ltr'><strong>secundum</strong></span> <span class='ocrx_word' id='word_1_129' title='bbox 1741 1272 2140 1345; x_wconf 89' lang='lat' dir='ltr'><strong>quodammodo</strong></span> 
     </span>
    </p>
   </div>
   <div class='ocr_carea' id='block_1_21' title="bbox 2243 1268 3846 1352">
    <p class='ocr_par' dir='ltr' id='par_1_21' title="bbox 2251 1276 3846 1352">
     <span class='ocr_line' id='line_1_21' title="bbox 2251 1276 3846 1352; baseline 0.003 -24"><span class='ocrx_word' id='word_1_130' title='bbox 2251 1291 2433 1331; x_wconf 89' lang='grc' dir='ltr'>σαντο.</span> <span class='ocrx_word' id='word_1_131' title='bbox 2480 1276 2760 1343; x_wconf 76' lang='grc' dir='ltr'>Ἐξέλιπεν</span> <span class='ocrx_word' id='word_1_132' title='bbox 2792 1280 2825 1348; x_wconf 79' lang='grc' dir='ltr'><strong>ἡ</strong></span> <span class='ocrx_word' id='word_1_133' title='bbox 2847 1279 3002 1352; x_wconf 72' lang='grc' dir='ltr'>γονὴ,</span> <span class='ocrx_word' id='word_1_134' title='bbox 3035 1280 3151 1335; x_wconf 80' lang='grc' dir='ltr'>ἀλλ’</span> <span class='ocrx_word' id='word_1_135' title='bbox 3176 1281 3283 1341; x_wconf 75' lang='grc' dir='ltr'>,οὐκ</span> <span class='ocrx_word' id='word_1_136' title='bbox 3312 1282 3576 1351; x_wconf 75' lang='grc' dir='ltr'>ἠτόνησεν</span> <span class='ocrx_word' id='word_1_137' title='bbox 3605 1284 3637 1350; x_wconf 86' lang='grc' dir='ltr'><strong>ἡ</strong></span> <span class='ocrx_word' id='word_1_138' title='bbox 3673 1281 3846 1351; x_wconf 74' lang='grc' dir='ltr'>εὐχή.</span> 
     </span>
    </p>
   </div>
   <div class='ocr_carea' id='block_1_22' title="bbox 561 1368 3847 1450">
    <p class='ocr_par' dir='ltr' id='par_1_22' title="bbox 561 1368 3847 1450">
     <span class='ocr_line' id='line_1_22' title="bbox 561 1368 3847 1450; baseline -0.002 -16"><span class='ocrx_word' id='word_1_139' title='bbox 561 1388 775 1449; x_wconf 87' lang='lat' dir='ltr'><strong>tempus</strong></span> <span class='ocrx_word' id='word_1_140' title='bbox 808 1377 1182 1450; x_wconf 73' lang='lat' dir='ltr'><strong>(procreanda:</strong></span> <span class='ocrx_word' id='word_1_141' title='bbox 1209 1374 1437 1441; x_wconf 83' lang='lat' dir='ltr'><strong>sobolis)</strong></span> <span class='ocrx_word' id='word_1_142' title='bbox 1466 1372 1613 1427; x_wconf 88' lang='lat' dir='ltr'><strong>nacti</strong></span> <span class='ocrx_word' id='word_1_143' title='bbox 1655 1380 1804 1425; x_wconf 91' lang='lat' dir='ltr'><strong>sunt.</strong></span> <span class='ocrx_word' id='word_1_144' title='bbox 1871 1368 2171 1439; x_wconf 84' lang='lat' dir='ltr'><strong>Elauguida</strong></span> <span class='ocrx_word' id='word_1_145' title='bbox 2211 1379 2330 1425; x_wconf 88' lang='lat' dir='ltr'><strong>erat</strong></span> <span class='ocrx_word' id='word_1_146' title='bbox 2367 1374 2665 1441; x_wconf 78' lang='lat' dir='ltr'><strong>generandi</strong></span> <span class='ocrx_word' id='word_1_147' title='bbox 2696 1374 2904 1442; x_wconf 80' lang='lat' dir='ltr'><strong>virtus;</strong></span> <span class='ocrx_word' id='word_1_148' title='bbox 2952 1386 3010 1430; x_wconf 86' lang='lat' dir='ltr'><strong>at</strong></span> <span class='ocrx_word' id='word_1_149' title='bbox 3060 1375 3275 1431; x_wconf 80' lang='lat' dir='ltr'><strong>inﬁrma</strong></span> <span class='ocrx_word' id='word_1_150' title='bbox 3326 1392 3431 1432; x_wconf 88' lang='lat' dir='ltr'><strong>non</strong></span> <span class='ocrx_word' id='word_1_151' title='bbox 3497 1378 3711 1434; x_wconf 79' lang='lat' dir='ltr'><strong>exstitit</strong></span> <span class='ocrx_word' id='word_1_152' title='bbox 3752 1378 3847 1437; x_wconf 73' lang='lat' dir='ltr'><strong>vis</strong></span> 
     </span>
    </p>
   </div>
   <div class='ocr_carea' id='block_1_23' title="bbox 558 1485 2140 1631">
    <p class='ocr_par' dir='ltr' id='par_1_23' title="bbox 558 1485 2140 1626">
     <span class='ocr_line' id='line_1_23' title="bbox 601 1486 805 1527; baseline 0 -1"><span class='ocrx_word' id='word_1_153' title='bbox 601 1486 805 1527; x_wconf 87' lang='lat' dir='ltr'><strong>recum.</strong></span> 
     </span>
     <span class='ocr_line' id='line_1_24' title="bbox 558 1485 2140 1626; baseline -0.006 -7"><span class='ocrx_word' id='word_1_154' title='bbox 558 1485 597 1544; x_wconf 61' lang='grc' dir='ltr'>Ρ</span> <span class='ocrx_word' id='word_1_155' title='bbox 634 1562 699 1620; x_wconf 82' lang='grc' dir='ltr'>ν.</span> <span class='ocrx_word' id='word_1_156' title='bbox 742 1562 967 1618; x_wconf 80' lang='lat' dir='ltr'><strong>Factum</strong></span> <span class='ocrx_word' id='word_1_157' title='bbox 1010 1573 1085 1616; x_wconf 79' lang='lat' dir='ltr'><strong>est</strong></span> <span class='ocrx_word' id='word_1_158' title='bbox 1129 1571 1302 1616; x_wconf 84' lang='lat' dir='ltr'><strong>autem</strong></span> <span class='ocrx_word' id='word_1_159' title='bbox 1337 1576 1457 1615; x_wconf 85' lang='lat' dir='ltr'><strong>cum</strong></span> <span class='ocrx_word' id='word_1_160' title='bbox 1491 1557 1788 1613; x_wconf 81' lang='lat' dir='ltr'><strong>sacerdotio</strong></span> <span class='ocrx_word' id='word_1_161' title='bbox 1832 1557 2140 1626; x_wconf 79' lang='lat' dir='ltr'><strong>fungeretur</strong></span> 
     </span>
    </p>
   </div>
   <div class='ocr_carea' id='block_1_24' title="bbox 2243 1485 3848 1631">
    <p class='ocr_par' dir='ltr' id='par_1_24' title="bbox 2320 1553 3848 1631">
     <span class='ocr_line' id='line_1_25' title="bbox 2320 1553 3848 1631; baseline 0.005 -23"><span class='ocrx_word' id='word_1_162' title='bbox 2320 1554 2398 1609; x_wconf 88' lang='lat' dir='ltr'><strong>E&#39;.</strong></span> <span class='ocrx_word' id='word_1_163' title='bbox 2428 1553 2703 1626; x_wconf 75' lang='grc' dir='ltr'><strong>Ἐγένετο</strong></span> <span class='ocrx_word' id='word_1_164' title='bbox 2741 1555 2811 1610; x_wconf 81' lang='grc' dir='ltr'>δὲ</span> <span class='ocrx_word' id='word_1_165' title='bbox 2841 1556 2889 1589; x_wconf 85' lang='grc'><strong>³⁸</strong></span> <span class='ocrx_word' id='word_1_166' title='bbox 2909 1556 2980 1610; x_wconf 81' lang='grc' dir='ltr'><strong>ἐν</strong></span> <span class='ocrx_word' id='word_1_167' title='bbox 3002 1556 3085 1624; x_wconf 84' lang='grc' dir='ltr'>τῷ</span> <span class='ocrx_word' id='word_1_168' title='bbox 3129 1560 3455 1627; x_wconf 75' lang='grc' dir='ltr'><strong>ἱερατεύειν</strong></span> <span class='ocrx_word' id='word_1_169' title='bbox 3486 1560 3598 1615; x_wconf 79' lang='grc' dir='ltr'><strong>τὸν</strong></span> <span class='ocrx_word' id='word_1_170' title='bbox 3638 1564 3848 1631; x_wconf 71' lang='grc' dir='ltr'>Ζαχαο</span> 
     </span>
    </p>
   </div>
   <div class='ocr_carea' id='block_1_25' title="bbox 561 1644 2140 1725">
    <p class='ocr_par' dir='ltr' id='par_1_25' title="bbox 561 1648 2136 1725">
     <span class='ocr_line' id='line_1_26' title="bbox 561 1648 2136 1725; baseline -0.006 -15"><span class='ocrx_word' id='word_1_171' title='bbox 561 1651 904 1710; x_wconf 77' lang='lat' dir='ltr'><strong>Zacharias°</strong></span> <span class='ocrx_word' id='word_1_172' title='bbox 943 1654 1223 1725; x_wconf 82' lang='lat' dir='ltr'><strong>(solemnis</strong></span> <span class='ocrx_word' id='word_1_173' title='bbox 1276 1663 1460 1707; x_wconf 86' lang='lat' dir='ltr'><strong>autem</strong></span> <span class='ocrx_word' id='word_1_174' title='bbox 1506 1652 1770 1721; x_wconf 76' lang='lat' dir='ltr'><strong>agebatur</strong></span> <span class='ocrx_word' id='word_1_175' title='bbox 1816 1648 2136 1715; x_wconf 74' lang='lat' dir='ltr'><strong>festivitas),</strong></span> 
     </span>
    </p>
   </div>
   <div class='ocr_carea' id='block_1_26' title="bbox 2243 1644 3843 1725">
    <p class='ocr_par' dir='ltr' id='par_1_26' title="bbox 2243 1644 3843 1723">
     <span class='ocr_line' id='line_1_27' title="bbox 2243 1644 3843 1723; baseline 0.005 -22"><span class='ocrx_word' id='word_1_176' title='bbox 2243 1648 2384 1716; x_wconf 73' lang='lat' dir='ltr'><strong>plur</strong></span> <span class='ocrx_word' id='word_1_177' title='bbox 2402 1648 2823 1720; x_wconf 53' lang='lat' dir='ltr'><strong>(érrtrpavhdst“</strong></span> <span class='ocrx_word' id='word_1_178' title='bbox 2840 1644 2908 1722; x_wconf 81' lang='grc' dir='ltr'>ἦν</span> <span class='ocrx_word' id='word_1_179' title='bbox 2927 1651 2960 1722; x_wconf 78' lang='grc' dir='ltr'><strong>ἡ</strong></span> <span class='ocrx_word' id='word_1_180' title='bbox 2977 1651 3311 1723; x_wconf 83' lang='grc' dir='ltr'>πανήγυρις,</span> <span class='ocrx_word' id='word_1_181' title='bbox 3331 1652 3435 1723; x_wconf 85' lang='grc' dir='ltr'>τῆς</span> <span class='ocrx_word' id='word_1_182' title='bbox 3457 1654 3843 1723; x_wconf 81' lang='grc' dir='ltr'>ἁγιαστείας),</span> 
     </span>
    </p>
   </div>
   <div class='ocr_carea' id='block_1_27' title="bbox 561 1738 2140 1825">
    <p class='ocr_par' dir='ltr' id='par_1_27' title="bbox 561 1744 2140 1810">
     <span class='ocr_line' id='line_1_28' title="bbox 561 1744 2140 1810; baseline -0.006 -5"><span class='ocrx_word' id='word_1_183' title='bbox 561 1750 1016 1805; x_wconf 80' lang='lat' dir='ltr'><strong>sanctiﬁcationis</strong></span> <span class='ocrx_word' id='word_1_184' title='bbox 1041 1748 1236 1802; x_wconf 81' lang='lat' dir='ltr'><strong>stolam</strong></span> <span class='ocrx_word' id='word_1_185' title='bbox 1269 1746 1512 1810; x_wconf 84' lang='lat' dir='ltr'><strong>indutus,</strong></span> <span class='ocrx_word' id='word_1_186' title='bbox 1548 1745 1748 1798; x_wconf 87' lang='lat' dir='ltr'><strong>lamina</strong></span> <span class='ocrx_word' id='word_1_187' title='bbox 1780 1744 2066 1797; x_wconf 87' lang='lat' dir='ltr'><strong>redimitus</strong></span> <span class='ocrx_word' id='word_1_188' title='bbox 2088 1750 2140 1796; x_wconf 90' lang='lat' dir='ltr'><strong>et</strong></span> 
     </span>
    </p>
   </div>
   <div class='ocr_carea' id='block_1_28' title="bbox 2243 1738 3845 1825">
    <p class='ocr_par' dir='ltr' id='par_1_28' title="bbox 2248 1738 3845 1825">
     <span class='ocr_line' id='line_1_29' title="bbox 2248 1738 3845 1825; baseline 0.007 -34"><span class='ocrx_word' id='word_1_189' title='bbox 2248 1738 2613 1825; x_wconf 72' lang='grc' dir='ltr'><strong>ἐνδυσάμενος</strong></span> <span class='ocrx_word' id='word_1_190' title='bbox 2651 1740 2751 1811; x_wconf 80' lang='grc' dir='ltr'>τὴν</span> <span class='ocrx_word' id='word_1_191' title='bbox 2781 1741 2999 1813; x_wconf 86' lang='grc' dir='ltr'>στολὴν,</span> <span class='ocrx_word' id='word_1_192' title='bbox 3032 1746 3128 1797; x_wconf 64' lang='grc' dir='ltr'><strong>καὶ⁵</strong></span> <span class='ocrx_word' id='word_1_193' title='bbox 3158 1744 3221 1798; x_wconf 87' lang='grc' dir='ltr'><strong>τὸ</strong></span> <span class='ocrx_word' id='word_1_194' title='bbox 3259 1745 3491 1815; x_wconf 62' lang='grc' dir='ltr'>πέταλον</span> <span class='ocrx_word' id='word_1_195' title='bbox 3530 1749 3845 1821; x_wconf 57' lang='grc' dir='ltr'>περιθέμεέ</span> 
     </span>
    </p>
   </div>
   <div class='ocr_carea' id='block_1_29' title="bbox 560 1831 2140 1909">
    <p class='ocr_par' dir='ltr' id='par_1_29' title="bbox 560 1836 2140 1909">
     <span class='ocr_line' id='line_1_30' title="bbox 560 1836 2140 1909; baseline -0.004 -13"><span class='ocrx_word' id='word_1_196' title='bbox 560 1841 842 1896; x_wconf 87' lang='lat' dir='ltr'><strong>incensum</strong></span> <span class='ocrx_word' id='word_1_197' title='bbox 878 1857 1185 1906; x_wconf 86' lang='lat' dir='ltr'><strong>assumens,</strong></span> <span class='ocrx_word' id='word_1_198' title='bbox 1224 1841 1281 1895; x_wconf 82' lang='lat' dir='ltr'><strong>in</strong></span> <span class='ocrx_word' id='word_1_199' title='bbox 1328 1850 1643 1895; x_wconf 87' lang='lat' dir='ltr'><strong>sanctorum</strong></span> <span class='ocrx_word' id='word_1_200' title='bbox 1678 1838 1839 1909; x_wconf 83' lang='lat' dir='ltr'><strong>adyta</strong></span> <span class='ocrx_word' id='word_1_201' title='bbox 1874 1836 2140 1907; x_wconf 84' lang='lat' dir='ltr'><strong>ingredie-</strong></span> 
     </span>
    </p>
   </div>
   <div class='ocr_carea' id='block_1_30' title="bbox 2243 1831 3845 1909">
    <p class='ocr_par' dir='ltr' id='par_1_30' title="bbox 2246 1831 3845 1907">
     <span class='ocr_line' id='line_1_31' title="bbox 2246 1831 3845 1907; baseline 0.006 -23"><span class='ocrx_word' id='word_1_202' title='bbox 2246 1849 2359 1896; x_wconf 85' lang='grc' dir='ltr'>νος,</span> <span class='ocrx_word' id='word_1_203' title='bbox 2396 1831 2577 1885; x_wconf 87' lang='grc' dir='ltr'>λαϐὼν</span> <span class='ocrx_word' id='word_1_204' title='bbox 2605 1832 2667 1886; x_wconf 87' lang='grc' dir='ltr'><strong>τὸ</strong></span> <span class='ocrx_word' id='word_1_205' title='bbox 2694 1833 2951 1905; x_wconf 78' lang='grc' dir='ltr'>θυμίαμα</span> <span class='ocrx_word' id='word_1_206' title='bbox 2980 1834 3047 1899; x_wconf 84' lang='grc'>⁸³,</span> <span class='ocrx_word' id='word_1_207' title='bbox 3078 1836 3160 1899; x_wconf 85' lang='grc' dir='ltr'><strong>είς</strong></span> <span class='ocrx_word' id='word_1_208' title='bbox 3186 1836 3258 1890; x_wconf 79' lang='grc' dir='ltr'>τὰ</span> <span class='ocrx_word' id='word_1_209' title='bbox 3294 1836 3405 1891; x_wconf 84' lang='grc' dir='ltr'><strong>τῶν</strong></span> <span class='ocrx_word' id='word_1_210' title='bbox 3444 1839 3621 1907; x_wconf 82' lang='grc' dir='ltr'>ἁγίων</span> <span class='ocrx_word' id='word_1_211' title='bbox 3646 1841 3845 1896; x_wconf 73' lang='grc' dir='ltr'>ἐϐάδι-</span> 
     </span>
    </p>
   </div>
   <div class='ocr_carea' id='block_1_31' title="bbox 560 1922 2140 2005">
    <p class='ocr_par' dir='ltr' id='par_1_31' title="bbox 560 1929 2140 2005">
     <span class='ocr_line' id='line_1_32' title="bbox 560 1929 2140 2005; baseline -0.004 -18"><span class='ocrx_word' id='word_1_212' title='bbox 560 1934 759 2001; x_wconf 85' lang='lat' dir='ltr'><strong>balur;</strong></span> <span class='ocrx_word' id='word_1_213' title='bbox 791 1944 954 2005; x_wconf 87' lang='lat' dir='ltr'><strong>atque</strong></span> <span class='ocrx_word' id='word_1_214' title='bbox 975 1936 1079 1989; x_wconf 88' lang='lat' dir='ltr'><strong>sub</strong></span> <span class='ocrx_word' id='word_1_215' title='bbox 1120 1933 1605 1988; x_wconf 81' lang='lat' dir='ltr'><strong>tintinnabulorunt</strong></span> <span class='ocrx_word' id='word_1_216' title='bbox 1635 1932 1817 1985; x_wconf 85' lang='lat' dir='ltr'><strong>sonitu</strong></span> <span class='ocrx_word' id='word_1_217' title='bbox 1846 1930 1923 2000; x_wconf 77' lang='grc'><strong>(5)</strong></span> <span class='ocrx_word' id='word_1_218' title='bbox 1955 1929 2140 1982; x_wconf 87' lang='lat' dir='ltr'><strong>multi-</strong></span> 
     </span>
    </p>
   </div>
   <div class='ocr_carea' id='block_1_32' title="bbox 2243 1922 3842 2005">
    <p class='ocr_par' dir='ltr' id='par_1_32' title="bbox 2247 1922 3842 2003">
     <span class='ocr_line' id='line_1_33' title="bbox 2247 1922 3842 2003; baseline 0.009 -28"><span class='ocrx_word' id='word_1_219' title='bbox 2247 1922 2341 1986; x_wconf 80' lang='grc' dir='ltr'>ζεν</span> <span class='ocrx_word' id='word_1_220' title='bbox 2364 1924 2535 1977; x_wconf 82' lang='grc' dir='ltr'>ἄδυτα</span> <span class='ocrx_word' id='word_1_221' title='bbox 2557 1939 2573 1955; x_wconf 75' lang='grc'><strong><em>⁸</em></strong></span> <span class='ocrx_word' id='word_1_222' title='bbox 2596 1925 3011 1997; x_wconf 81' lang='grc' dir='ltr'>προτρεχούσης</span> <span class='ocrx_word' id='word_1_223' title='bbox 3034 1927 3091 1981; x_wconf 88' lang='grc' dir='ltr'>δὲ</span> <span class='ocrx_word' id='word_1_224' title='bbox 3115 1928 3215 1998; x_wconf 83' lang='grc' dir='ltr'><strong>τῆς</strong></span> <span class='ocrx_word' id='word_1_225' title='bbox 3235 1927 3349 1981; x_wconf 86' lang='grc' dir='ltr'>τῶν</span> <span class='ocrx_word' id='word_1_226' title='bbox 3376 1929 3640 1987; x_wconf 81' lang='grc' dir='ltr'><strong>κωδώνων</strong></span> <span class='ocrx_word' id='word_1_227' title='bbox 3665 1935 3842 2003; x_wconf 75' lang='grc' dir='ltr'>ἠχῆς,</span> 
     </span>
    </p>
   </div>
   <div class='ocr_carea' id='block_1_33' title="bbox 563 2015 2140 2096">
    <p class='ocr_par' dir='ltr' id='par_1_33' title="bbox 563 2023 2140 2094">
     <span class='ocr_line' id='line_1_34' title="bbox 563 2023 2140 2094; baseline -0.001 -16"><span class='ocrx_word' id='word_1_228' title='bbox 563 2027 694 2080; x_wconf 83' lang='lat' dir='ltr'><strong>tudo</strong></span> <span class='ocrx_word' id='word_1_229' title='bbox 738 2028 1074 2082; x_wconf 87' lang='lat' dir='ltr'><strong>sacerdotem</strong></span> <span class='ocrx_word' id='word_1_230' title='bbox 1110 2042 1206 2081; x_wconf 87' lang='lat' dir='ltr'><strong>ceu</strong></span> <span class='ocrx_word' id='word_1_231' title='bbox 1244 2036 1532 2094; x_wconf 82' lang='lat' dir='ltr'><strong>augustum</strong></span> <span class='ocrx_word' id='word_1_232' title='bbox 1586 2025 1834 2078; x_wconf 87' lang='lat' dir='ltr'><strong>nuntium</strong></span> <span class='ocrx_word' id='word_1_233' title='bbox 1875 2024 1941 2076; x_wconf 88' lang='lat' dir='ltr'><strong>ad</strong></span> <span class='ocrx_word' id='word_1_234' title='bbox 1974 2023 2140 2078; x_wconf 83' lang='lat' dir='ltr'><strong>Deum</strong></span> 
     </span>
    </p>
   </div>
   <div class='ocr_carea' id='block_1_34' title="bbox 2243 2015 3843 2096">
    <p class='ocr_par' dir='ltr' id='par_1_34' title="bbox 2244 2015 3843 2096">
     <span class='ocr_line' id='line_1_35' title="bbox 2244 2015 3843 2096; baseline 0.006 -27"><span class='ocrx_word' id='word_1_235' title='bbox 2244 2015 2343 2086; x_wconf 75' lang='grc' dir='ltr'><strong>ἥτε</strong></span> <span class='ocrx_word' id='word_1_236' title='bbox 2373 2015 2584 2087; x_wconf 78' lang='grc' dir='ltr'>πληθὺς</span> <span class='ocrx_word' id='word_1_237' title='bbox 2631 2017 2739 2088; x_wconf 83' lang='grc' dir='ltr'><strong>πρὸ</strong></span> <span class='ocrx_word' id='word_1_238' title='bbox 2757 2017 2865 2071; x_wconf 82' lang='grc' dir='ltr'>τῶν</span> <span class='ocrx_word' id='word_1_239' title='bbox 2895 2018 3078 2090; x_wconf 83' lang='grc' dir='ltr'>θυρῶν</span> <span class='ocrx_word' id='word_1_240' title='bbox 3105 2019 3387 2075; x_wconf 82' lang='grc' dir='ltr'>ἐλιτάνευε</span> <span class='ocrx_word' id='word_1_241' title='bbox 3413 2023 3507 2078; x_wconf 76' lang='grc' dir='ltr'><strong>τὸν</strong></span> <span class='ocrx_word' id='word_1_242' title='bbox 3528 2026 3681 2096; x_wconf 85' lang='grc' dir='ltr'>ἱερέα</span> <span class='ocrx_word' id='word_1_243' title='bbox 3704 2027 3843 2080; x_wconf 83' lang='grc' dir='ltr'>καθ-</span> 
     </span>
    </p>
   </div>
   <div class='ocr_carea' id='block_1_35' title="bbox 561 2118 1499 2188">
    <p class='ocr_par' dir='ltr' id='par_1_35' title="bbox 561 2118 1499 2188">
     <span class='ocr_line' id='line_1_36' title="bbox 561 2118 1499 2188; baseline -0.004 -15"><span class='ocrx_word' id='word_1_244' title='bbox 561 2118 772 2187; x_wconf 83' lang='lat' dir='ltr'><strong>legans,</strong></span> <span class='ocrx_word' id='word_1_245' title='bbox 803 2132 930 2173; x_wconf 85' lang='lat' dir='ltr'><strong>ante</strong></span> <span class='ocrx_word' id='word_1_246' title='bbox 959 2120 1106 2174; x_wconf 74' lang='lat' dir='ltr'><strong>fores</strong></span> <span class='ocrx_word' id='word_1_247' title='bbox 1135 2119 1499 2188; x_wconf 79' lang='lat' dir='ltr'><strong>supplicabat.</strong></span> 
     </span>
    </p>
   </div>
   <div class='ocr_carea' id='block_1_36' title="bbox 632 2205 2142 2273">
    <p class='ocr_par' dir='ltr' id='par_1_36' title="bbox 632 2205 2142 2273">
     <span class='ocr_line' id='line_1_37' title="bbox 632 2205 2142 2273; baseline -0.003 -12"><span class='ocrx_word' id='word_1_248' title='bbox 632 2207 734 2273; x_wconf 90' lang='lat' dir='ltr'><strong>Qui</strong></span> <span class='ocrx_word' id='word_1_249' title='bbox 762 2224 884 2263; x_wconf 87' lang='lat' dir='ltr'><strong>cum</strong></span> <span class='ocrx_word' id='word_1_250' title='bbox 921 2209 1062 2262; x_wconf 86' lang='lat' dir='ltr'><strong>intra</strong></span> <span class='ocrx_word' id='word_1_251' title='bbox 1092 2209 1338 2262; x_wconf 81' lang='lat' dir='ltr'><strong>velamen</strong></span> <span class='ocrx_word' id='word_1_252' title='bbox 1368 2206 1631 2269; x_wconf 78' lang='lat' dir='ltr'><strong>venisset,</strong></span> <span class='ocrx_word' id='word_1_253' title='bbox 1663 2205 1815 2260; x_wconf 85' lang='lat' dir='ltr'><strong>visus</strong></span> <span class='ocrx_word' id='word_1_254' title='bbox 1843 2212 1928 2259; x_wconf 90' lang='lat' dir='ltr'><strong>est</strong></span> <span class='ocrx_word' id='word_1_255' title='bbox 1953 2205 2002 2257; x_wconf 87' lang='lat' dir='ltr'><strong>ei</strong></span> <span class='ocrx_word' id='word_1_256' title='bbox 2045 2221 2142 2257; x_wconf 67' lang='lat' dir='ltr'><strong>ano</strong></span> 
     </span>
    </p>
   </div>
   <div class='ocr_carea' id='block_1_37' title="bbox 2245 2099 3623 2185">
    <p class='ocr_par' dir='ltr' id='par_1_37' title="bbox 2245 2099 3623 2185">
     <span class='ocr_line' id='line_1_38' title="bbox 2245 2099 3623 2185; baseline 0.007 -22"><span class='ocrx_word' id='word_1_257' title='bbox 2245 2108 2397 2174; x_wconf 77' lang='grc' dir='ltr'>απαξ</span> <span class='ocrx_word' id='word_1_258' title='bbox 2428 2110 2663 2179; x_wconf 84' lang='grc' dir='ltr'>ἄγγελον</span> <span class='ocrx_word' id='word_1_259' title='bbox 2681 2099 2941 2180; x_wconf 68' lang='grc' dir='ltr'>’πρέσϐυν</span> <span class='ocrx_word' id='word_1_260' title='bbox 2973 2111 3050 2183; x_wconf 82' lang='grc' dir='ltr'>τῷ</span> <span class='ocrx_word' id='word_1_261' title='bbox 3083 2112 3202 2185; x_wconf 85' lang='grc' dir='ltr'><strong>Θεῷ</strong></span> <span class='ocrx_word' id='word_1_262' title='bbox 3229 2115 3623 2172; x_wconf 83' lang='grc' dir='ltr'>ἀποστείλασα.</span> 
     </span>
    </p>
   </div>
   <div class='ocr_carea' id='block_1_38' title="bbox 2316 2200 3835 2289">
    <p class='ocr_par' dir='ltr' id='par_1_38' title="bbox 2316 2200 3835 2289">
     <span class='ocr_line' id='line_1_39' title="bbox 2316 2200 3835 2289; baseline 0.01 -13"><span class='ocrx_word' id='word_1_263' title='bbox 2316 2200 2385 2278; x_wconf 75' lang='grc' dir='ltr'><strong>ᾮ</strong></span> <span class='ocrx_word' id='word_1_264' title='bbox 2416 2207 2693 2279; x_wconf 75' lang='grc' dir='ltr'>γενομένῳ</span> <span class='ocrx_word' id='word_1_265' title='bbox 2736 2207 2833 2261; x_wconf 83' lang='grc' dir='ltr'>τοῦ</span> <span class='ocrx_word' id='word_1_266' title='bbox 2885 2211 3387 2282; x_wconf 75' lang='grc' dir='ltr'>καταπετάσματος</span> <span class='ocrx_word' id='word_1_267' title='bbox 3435 2213 3619 2281; x_wconf 70' lang='grc' dir='ltr'>ἔνδον,</span> <span class='ocrx_word' id='word_1_268' title='bbox 3668 2217 3835 2289; x_wconf 69' lang='grc' dir='ltr'><strong>ὤφθη</strong></span> 
     </span>
    </p>
   </div>
   <div class='ocr_carea' id='block_1_39' title="bbox 560 2295 2140 2378">
    <p class='ocr_par' dir='ltr' id='par_1_39' title="bbox 560 2295 2140 2371">
     <span class='ocr_line' id='line_1_40' title="bbox 560 2295 2140 2371; baseline -0.003 -18"><span class='ocrx_word' id='word_1_269' title='bbox 560 2303 708 2371; x_wconf 65' lang='grc' dir='ltr'>θείω</span> <span class='ocrx_word' id='word_1_270' title='bbox 738 2299 954 2354; x_wconf 80' lang='lat' dir='ltr'><strong>Domini</strong></span> <span class='ocrx_word' id='word_1_271' title='bbox 983 2312 1133 2355; x_wconf 74' lang='lat' dir='ltr'><strong>stans</strong></span> <span class='ocrx_word' id='word_1_272' title='bbox 1177 2318 1208 2353; x_wconf 79' lang='grc' dir='ltr'><strong>ο</strong></span> <span class='ocrx_word' id='word_1_273' title='bbox 1244 2300 1443 2352; x_wconf 69' lang='lat' dir='ltr'><strong>dextris</strong></span> <span class='ocrx_word' id='word_1_274' title='bbox 1475 2299 1667 2351; x_wconf 75' lang='lat' dir='ltr'><strong>altaris</strong></span> <span class='ocrx_word' id='word_1_275' title='bbox 1698 2298 1900 2351; x_wconf 77' lang='lat' dir='ltr'><strong>incensi</strong></span> <span class='ocrx_word' id='word_1_276' title='bbox 1927 2296 1972 2351; x_wconf 68' lang='grc' dir='ltr'><strong>τι.</strong></span> <span class='ocrx_word' id='word_1_277' title='bbox 2007 2295 2140 2350; x_wconf 81' lang='lat' dir='ltr'><strong>Tur-</strong></span> 
     </span>
    </p>
   </div>
   <div class='ocr_carea' id='block_1_40' title="bbox 2243 2295 3840 2378">
    <p class='ocr_par' dir='ltr' id='par_1_40' title="bbox 2244 2296 3840 2378">
     <span class='ocr_line' id='line_1_41' title="bbox 2244 2296 3840 2378; baseline 0.009 -28"><span class='ocrx_word' id='word_1_278' title='bbox 2244 2296 2501 2367; x_wconf 71' lang='grc' dir='ltr'>ἇγγελος</span> <span class='ocrx_word' id='word_1_279' title='bbox 2529 2300 2754 2366; x_wconf 88' lang='grc' dir='ltr'><strong>Κυρίου</strong></span> <span class='ocrx_word' id='word_1_280' title='bbox 2786 2301 2858 2355; x_wconf 79' lang='grc' dir='ltr'>ἐκ</span> <span class='ocrx_word' id='word_1_281' title='bbox 2880 2300 3096 2366; x_wconf 81' lang='grc' dir='ltr'>δεξιῶν</span> <span class='ocrx_word' id='word_1_282' title='bbox 3130 2304 3322 2371; x_wconf 83' lang='grc' dir='ltr'>ἑστὼς</span> <span class='ocrx_word' id='word_1_283' title='bbox 3347 2306 3455 2360; x_wconf 80' lang='grc' dir='ltr'>τοῦ</span> <span class='ocrx_word' id='word_1_284' title='bbox 3495 2312 3840 2378; x_wconf 81' lang='grc' dir='ltr'>θυσιαστη-</span> 
     </span>
    </p>
   </div>
   <div class='ocr_carea' id='block_1_41' title="bbox 561 2387 2141 2458">
    <p class='ocr_par' dir='ltr' id='par_1_41' title="bbox 561 2387 2141 2458">
     <span class='ocr_line' id='line_1_42' title="bbox 561 2387 2141 2458; baseline 0.001 -14"><span class='ocrx_word' id='word_1_285' title='bbox 561 2392 714 2445; x_wconf 81' lang='lat' dir='ltr'><strong>batus</strong></span> <span class='ocrx_word' id='word_1_286' title='bbox 769 2402 843 2445; x_wconf 70' lang='lat' dir='ltr'><strong>est</strong></span> <span class='ocrx_word' id='word_1_287' title='bbox 902 2402 1078 2446; x_wconf 78' lang='lat' dir='ltr'><strong>autent</strong></span> <span class='ocrx_word' id='word_1_288' title='bbox 1126 2389 1421 2444; x_wconf 80' lang='lat' dir='ltr'><strong>Zacharias</strong></span> <span class='ocrx_word' id='word_1_289' title='bbox 1461 2392 1526 2455; x_wconf 71' lang='grc' dir='ltr'>δ,</span> <span class='ocrx_word' id='word_1_290' title='bbox 1584 2399 1642 2443; x_wconf 91' lang='lat' dir='ltr'><strong>et</strong></span> <span class='ocrx_word' id='word_1_291' title='bbox 1687 2387 1865 2458; x_wconf 82' lang='lat' dir='ltr'><strong>angeli</strong></span> <span class='ocrx_word' id='word_1_292' title='bbox 1908 2398 2141 2456; x_wconf 73' lang='lat' dir='ltr'><strong>aspectu</strong></span> 
     </span>
    </p>
   </div>
   <div class='ocr_carea' id='block_1_42' title="bbox 559 2478 2140 2551">
    <p class='ocr_par' dir='ltr' id='par_1_42' title="bbox 559 2478 2140 2551">
     <span class='ocr_line' id='line_1_43' title="bbox 559 2478 2140 2551; baseline -0.003 -15"><span class='ocrx_word' id='word_1_293' title='bbox 559 2496 716 2537; x_wconf 88' lang='lat' dir='ltr'><strong>actus</strong></span> <span class='ocrx_word' id='word_1_294' title='bbox 749 2494 1071 2546; x_wconf 87' lang='lat' dir='ltr'><strong>retrorsum,</strong></span> <span class='ocrx_word' id='word_1_295' title='bbox 1122 2483 1353 2536; x_wconf 87' lang='lat' dir='ltr'><strong>ulterius</strong></span> <span class='ocrx_word' id='word_1_296' title='bbox 1386 2482 1634 2551; x_wconf 79' lang='lat' dir='ltr'><strong>progredi</strong></span> <span class='ocrx_word' id='word_1_297' title='bbox 1675 2498 1780 2533; x_wconf 87' lang='lat' dir='ltr'><strong>non</strong></span> <span class='ocrx_word' id='word_1_298' title='bbox 1816 2478 2003 2533; x_wconf 88' lang='lat' dir='ltr'><strong>valuit.</strong></span> <span class='ocrx_word' id='word_1_299' title='bbox 2044 2479 2140 2532; x_wconf 91' lang='lat' dir='ltr'><strong>Diu</strong></span> 
     </span>
    </p>
   </div>
   <div class='ocr_carea' id='block_1_43' title="bbox 558 2573 2143 2644">
    <p class='ocr_par' dir='ltr' id='par_1_43' title="bbox 558 2573 2143 2644">
     <span class='ocr_line' id='line_1_44' title="bbox 558 2573 2143 2644; baseline -0.003 -14"><span class='ocrx_word' id='word_1_300' title='bbox 558 2589 739 2631; x_wconf 84' lang='lat' dir='ltr'><strong>autem</strong></span> <span class='ocrx_word' id='word_1_301' title='bbox 788 2588 1017 2644; x_wconf 81' lang='lat' dir='ltr'><strong>stupore</strong></span> <span class='ocrx_word' id='word_1_302' title='bbox 1067 2576 1276 2632; x_wconf 67' lang='lat' dir='ltr'><strong>delirus</strong></span> <span class='ocrx_word' id='word_1_303' title='bbox 1320 2576 1626 2643; x_wconf 70' lang='lat' dir='ltr'><strong>permansit</strong></span> <span class='ocrx_word' id='word_1_304' title='bbox 1674 2573 1968 2637; x_wconf 86' lang='lat' dir='ltr'><strong>immotus,</strong></span> <span class='ocrx_word' id='word_1_305' title='bbox 2029 2573 2143 2627; x_wconf 64' lang='lat' dir='ltr'><strong>haec</strong></span> 
     </span>
    </p>
   </div>
   <div class='ocr_carea' id='block_1_44' title="bbox 559 2666 2140 2738">
    <p class='ocr_par' dir='ltr' id='par_1_44' title="bbox 559 2666 2140 2738">
     <span class='ocr_line' id='line_1_45' title="bbox 559 2666 2140 2738; baseline -0.004 -15"><span class='ocrx_word' id='word_1_306' title='bbox 559 2670 743 2724; x_wconf 86' lang='lat' dir='ltr'><strong>animo</strong></span> <span class='ocrx_word' id='word_1_307' title='bbox 783 2671 1009 2725; x_wconf 83' lang='lat' dir='ltr'><strong>volvens</strong></span> <span class='ocrx_word' id='word_1_308' title='bbox 1042 2687 1055 2725; x_wconf 90' lang='lat'><strong>:</strong></span> <span class='ocrx_word' id='word_1_309' title='bbox 1088 2670 1232 2724; x_wconf 84' lang='lat' dir='ltr'><strong>Sane</strong></span> <span class='ocrx_word' id='word_1_310' title='bbox 1270 2670 1399 2738; x_wconf 85' lang='lat' dir='ltr'><strong>quid</strong></span> <span class='ocrx_word' id='word_1_311' title='bbox 1450 2669 1580 2723; x_wconf 83' lang='lat' dir='ltr'><strong>illud</strong></span> <span class='ocrx_word' id='word_1_312' title='bbox 1625 2668 1718 2730; x_wconf 87' lang='lat' dir='ltr'><strong>sit,</strong></span> <span class='ocrx_word' id='word_1_313' title='bbox 1757 2666 1899 2736; x_wconf 90' lang='lat' dir='ltr'><strong>quod</strong></span> <span class='ocrx_word' id='word_1_314' title='bbox 1949 2680 2140 2729; x_wconf 81' lang='lat' dir='ltr'><strong>cerno,</strong></span> 
     </span>
    </p>
   </div>
   <div class='ocr_carea' id='block_1_45' title="bbox 556 2757 2142 2828">
    <p class='ocr_par' dir='ltr' id='par_1_45' title="bbox 556 2757 2142 2828">
     <span class='ocr_line' id='line_1_46' title="bbox 556 2757 2142 2828; baseline -0.001 -16"><span class='ocrx_word' id='word_1_315' title='bbox 556 2773 785 2828; x_wconf 81' lang='lat' dir='ltr'><strong>prorsus</strong></span> <span class='ocrx_word' id='word_1_316' title='bbox 828 2761 1089 2827; x_wconf 80' lang='lat' dir='ltr'><strong>ambigo:</strong></span> <span class='ocrx_word' id='word_1_317' title='bbox 1121 2760 1260 2813; x_wconf 90' lang='lat' dir='ltr'><strong>alius</strong></span> <span class='ocrx_word' id='word_1_318' title='bbox 1304 2761 1376 2817; x_wconf 84' lang='lat' dir='ltr'><strong>ad</strong></span> <span class='ocrx_word' id='word_1_319' title='bbox 1427 2758 1602 2814; x_wconf 84' lang='lat' dir='ltr'><strong>altare</strong></span> <span class='ocrx_word' id='word_1_320' title='bbox 1636 2757 1839 2812; x_wconf 86' lang='lat' dir='ltr'><strong>incensi</strong></span> <span class='ocrx_word' id='word_1_321' title='bbox 1888 2758 2142 2811; x_wconf 87' lang='lat' dir='ltr'><strong>ministe-</strong></span> 
     </span>
    </p>
   </div>
   <div class='ocr_carea' id='block_1_46' title="bbox 559 2848 2141 2920">
    <p class='ocr_par' dir='ltr' id='par_1_46' title="bbox 559 2848 2141 2920">
     <span class='ocr_line' id='line_1_47' title="bbox 559 2848 2141 2920; baseline 0.001 -18"><span class='ocrx_word' id='word_1_322' title='bbox 559 2851 698 2904; x_wconf 88' lang='lat' dir='ltr'><strong>rium</strong></span> <span class='ocrx_word' id='word_1_323' title='bbox 734 2853 953 2920; x_wconf 81' lang='lat' dir='ltr'><strong>explet;</strong></span> <span class='ocrx_word' id='word_1_324' title='bbox 985 2851 1255 2919; x_wconf 85' lang='lat' dir='ltr'><strong>quomodo</strong></span> <span class='ocrx_word' id='word_1_325' title='bbox 1282 2866 1409 2905; x_wconf 87' lang='lat' dir='ltr'><strong>vero</strong></span> <span class='ocrx_word' id='word_1_326' title='bbox 1434 2865 1537 2919; x_wconf 87' lang='lat' dir='ltr'><strong>ego</strong></span> <span class='ocrx_word' id='word_1_327' title='bbox 1566 2852 1845 2907; x_wconf 84' lang='lat' dir='ltr'><strong>incensum</strong></span> <span class='ocrx_word' id='word_1_328' title='bbox 1870 2848 1924 2904; x_wconf 88' lang='lat' dir='ltr'><strong>in</strong></span> <span class='ocrx_word' id='word_1_329' title='bbox 1964 2850 2141 2918; x_wconf 88' lang='lat' dir='ltr'><strong>ignent</strong></span> 
     </span>
    </p>
   </div>
   <div class='ocr_carea' id='block_1_47' title="bbox 559 2942 2142 3012">
    <p class='ocr_par' dir='ltr' id='par_1_47' title="bbox 559 2942 2142 3012">
     <span class='ocr_line' id='line_1_48' title="bbox 559 2942 2142 3012; baseline -0.001 -16"><span class='ocrx_word' id='word_1_330' title='bbox 559 2942 855 3012; x_wconf 79' lang='lat' dir='ltr'><strong>injiciam?</strong></span> <span class='ocrx_word' id='word_1_331' title='bbox 906 2942 1219 2998; x_wconf 67' lang='lat' dir='ltr'><strong>Praescribit</strong></span> <span class='ocrx_word' id='word_1_332' title='bbox 1258 2945 1405 2997; x_wconf 90' lang='lat' dir='ltr'><strong>enim</strong></span> <span class='ocrx_word' id='word_1_333' title='bbox 1456 2943 1541 2997; x_wconf 82' lang='lat' dir='ltr'><strong>lex</strong></span> <span class='ocrx_word' id='word_1_334' title='bbox 1586 2953 1643 2995; x_wconf 85' lang='lat' dir='ltr'><strong>ut</strong></span> <span class='ocrx_word' id='word_1_335' title='bbox 1690 2958 1831 2997; x_wconf 90' lang='lat' dir='ltr'><strong>unus</strong></span> <span class='ocrx_word' id='word_1_336' title='bbox 1873 2942 2142 2995; x_wconf 79' lang='lat' dir='ltr'><strong>duntaxat</strong></span> 
     </span>
    </p>
   </div>
   <div class='ocr_carea' id='block_1_48' title="bbox 560 3032 2141 3103">
    <p class='ocr_par' dir='ltr' id='par_1_48' title="bbox 560 3032 2141 3103">
     <span class='ocr_line' id='line_1_49' title="bbox 560 3032 2141 3103; baseline -0.002 -14"><span class='ocrx_word' id='word_1_337' title='bbox 560 3034 862 3090; x_wconf 76' lang='lat' dir='ltr'><strong>sacerdoﬁs</strong></span> <span class='ocrx_word' id='word_1_338' title='bbox 906 3049 1102 3088; x_wconf 81' lang='lat' dir='ltr'><strong>nmnus</strong></span> <span class='ocrx_word' id='word_1_339' title='bbox 1130 3038 1313 3088; x_wconf 87' lang='lat' dir='ltr'><strong>obeat.</strong></span> <span class='ocrx_word' id='word_1_340' title='bbox 1344 3036 1414 3087; x_wconf 86' lang='lat' dir='ltr'><strong>At</strong></span> <span class='ocrx_word' id='word_1_341' title='bbox 1447 3033 1672 3103; x_wconf 82' lang='lat' dir='ltr'><strong>angelus</strong></span> <span class='ocrx_word' id='word_1_342' title='bbox 1713 3044 1816 3096; x_wconf 89' lang='lat' dir='ltr'><strong>est,</strong></span> <span class='ocrx_word' id='word_1_343' title='bbox 1860 3047 2018 3100; x_wconf 87' lang='lat' dir='ltr'><strong>quem</strong></span> <span class='ocrx_word' id='word_1_344' title='bbox 2056 3032 2141 3086; x_wconf 88' lang='lat' dir='ltr'><strong>vi-</strong></span> 
     </span>
    </p>
   </div>
   <div class='ocr_carea' id='block_1_49' title="bbox 561 3123 2141 3201">
    <p class='ocr_par' dir='ltr' id='par_1_49' title="bbox 561 3123 2141 3201">
     <span class='ocr_line' id='line_1_50' title="bbox 561 3123 2141 3201; baseline 0.001 -25"><span class='ocrx_word' id='word_1_345' title='bbox 561 3126 685 3189; x_wconf 88' lang='lat' dir='ltr'><strong>deo,</strong></span> <span class='ocrx_word' id='word_1_346' title='bbox 721 3140 828 3181; x_wconf 89' lang='lat' dir='ltr'><strong>non</strong></span> <span class='ocrx_word' id='word_1_347' title='bbox 884 3126 1085 3191; x_wconf 82' lang='lat' dir='ltr'><strong>homo;</strong></span> <span class='ocrx_word' id='word_1_348' title='bbox 1130 3141 1241 3179; x_wconf 87' lang='lat' dir='ltr'><strong>non</strong></span> <span class='ocrx_word' id='word_1_349' title='bbox 1282 3140 1413 3201; x_wconf 65' lang='lat' dir='ltr'><strong>ergo</strong></span> <span class='ocrx_word' id='word_1_350' title='bbox 1458 3127 1765 3179; x_wconf 87' lang='lat' dir='ltr'><strong>adeundum</strong></span> <span class='ocrx_word' id='word_1_351' title='bbox 1811 3124 1989 3195; x_wconf 89' lang='lat' dir='ltr'><strong>(mihi)</strong></span> <span class='ocrx_word' id='word_1_352' title='bbox 2040 3123 2141 3178; x_wconf 91' lang='lat' dir='ltr'><strong>hoc</strong></span> 
     </span>
    </p>
   </div>
   <div class='ocr_carea' id='block_1_50' title="bbox 559 3188 2208 3284">
    <p class='ocr_par' dir='ltr' id='par_1_50' title="bbox 559 3188 2208 3284">
     <span class='ocr_line' id='line_1_51' title="bbox 559 3188 2208 3284; baseline 0.002 -17"><span class='ocrx_word' id='word_1_353' title='bbox 559 3214 862 3267; x_wconf 82' lang='lat' dir='ltr'><strong>sacrarium</strong></span> <span class='ocrx_word' id='word_1_354' title='bbox 906 3222 1024 3280; x_wconf 86' lang='lat' dir='ltr'><strong>est;</strong></span> <span class='ocrx_word' id='word_1_355' title='bbox 1080 3228 1256 3284; x_wconf 90' lang='lat' dir='ltr'><strong>neque</strong></span> <span class='ocrx_word' id='word_1_356' title='bbox 1299 3188 1444 3270; x_wconf 69' lang='lat' dir='ltr'><strong>enim</strong></span> <span class='ocrx_word' id='word_1_357' title='bbox 1495 3215 1788 3271; x_wconf 85' lang='lat' dir='ltr'><strong>didicimus</strong></span> <span class='ocrx_word' id='word_1_358' title='bbox 1832 3216 2139 3271; x_wconf 85' lang='lat' dir='ltr'><strong>ministerio</strong></span> <span class='ocrx_word' id='word_1_359' title='bbox 2166 3188 2208 3251; x_wconf 57' lang='grc' dir='ltr'><strong>δ’</strong></span> 
     </span>
    </p>
   </div>
   <div class='ocr_carea' id='block_1_51' title="bbox 559 3305 2143 3379">
    <p class='ocr_par' dir='ltr' id='par_1_51' title="bbox 559 3305 2143 3379">
     <span class='ocr_line' id='line_1_52' title="bbox 559 3305 2143 3379; baseline 0.003 -19"><span class='ocrx_word' id='word_1_360' title='bbox 559 3319 720 3360; x_wconf 86' lang='lat' dir='ltr'><strong>sacro</strong></span> <span class='ocrx_word' id='word_1_361' title='bbox 757 3305 919 3360; x_wconf 87' lang='lat' dir='ltr'><strong>simul</strong></span> <span class='ocrx_word' id='word_1_362' title='bbox 968 3322 1090 3360; x_wconf 84' lang='lat' dir='ltr'><strong>cum</strong></span> <span class='ocrx_word' id='word_1_363' title='bbox 1132 3307 1340 3376; x_wconf 87' lang='lat' dir='ltr'><strong>angelis</strong></span> <span class='ocrx_word' id='word_1_364' title='bbox 1382 3306 1554 3379; x_wconf 81' lang='lat' dir='ltr'><strong>fungi.</strong></span> <span class='ocrx_word' id='word_1_365' title='bbox 1597 3307 1735 3373; x_wconf 88' lang='lat' dir='ltr'><strong>Quid</strong></span> <span class='ocrx_word' id='word_1_366' title='bbox 1774 3308 1842 3361; x_wconf 90' lang='lat' dir='ltr'><strong>de</strong></span> <span class='ocrx_word' id='word_1_367' title='bbox 1892 3322 1978 3363; x_wconf 91' lang='lat' dir='ltr'><strong>me</strong></span> <span class='ocrx_word' id='word_1_368' title='bbox 2008 3307 2143 3365; x_wconf 77' lang='lat' dir='ltr'><strong>ﬁet?</strong></span> 
     </span>
    </p>
   </div>
   <div class='ocr_carea' id='block_1_52' title="bbox 558 3397 2137 3468">
    <p class='ocr_par' dir='ltr' id='par_1_52' title="bbox 558 3397 2137 3468">
     <span class='ocr_line' id='line_1_53' title="bbox 558 3397 2137 3468; baseline 0.004 -19"><span class='ocrx_word' id='word_1_369' title='bbox 558 3397 697 3465; x_wconf 84' lang='lat' dir='ltr'><strong>Quid</strong></span> <span class='ocrx_word' id='word_1_370' title='bbox 743 3398 941 3468; x_wconf 80' lang='lat' dir='ltr'><strong>agam?</strong></span> <span class='ocrx_word' id='word_1_371' title='bbox 988 3399 1034 3452; x_wconf 77' lang='grc' dir='ltr'><strong>Α</strong></span> <span class='ocrx_word' id='word_1_372' title='bbox 1072 3414 1181 3468; x_wconf 82' lang='lat' dir='ltr'><strong>quo</strong></span> <span class='ocrx_word' id='word_1_373' title='bbox 1213 3410 1393 3467; x_wconf 89' lang='lat' dir='ltr'><strong>petam</strong></span> <span class='ocrx_word' id='word_1_374' title='bbox 1443 3398 1770 3457; x_wconf 79' lang='lat' dir='ltr'><strong>consilium?</strong></span> <span class='ocrx_word' id='word_1_375' title='bbox 1814 3399 1897 3453; x_wconf 79' lang='lat' dir='ltr'><strong>An</strong></span> <span class='ocrx_word' id='word_1_376' title='bbox 1949 3409 2137 3455; x_wconf 87' lang='lat' dir='ltr'><strong>sancta</strong></span> 
     </span>
    </p>
   </div>
   <div class='ocr_carea' id='block_1_53' title="bbox 558 3490 2140 3560">
    <p class='ocr_par' dir='ltr' id='par_1_53' title="bbox 558 3490 2140 3560">
     <span class='ocr_line' id='line_1_54' title="bbox 558 3490 2140 3560; baseline 0.001 -14"><span class='ocrx_word' id='word_1_377' title='bbox 558 3501 748 3546; x_wconf 82' lang='lat' dir='ltr'><strong>sancto</strong></span> <span class='ocrx_word' id='word_1_378' title='bbox 790 3490 1145 3560; x_wconf 86' lang='lat' dir='ltr'><strong>permittam?</strong></span> <span class='ocrx_word' id='word_1_379' title='bbox 1192 3490 1329 3545; x_wconf 85' lang='lat' dir='ltr'><strong>Num</strong></span> <span class='ocrx_word' id='word_1_380' title='bbox 1378 3492 1647 3549; x_wconf 87' lang='lat' dir='ltr'><strong>accedens</strong></span> <span class='ocrx_word' id='word_1_381' title='bbox 1694 3507 1817 3545; x_wconf 89' lang='lat' dir='ltr'><strong>eum</strong></span> <span class='ocrx_word' id='word_1_382' title='bbox 1858 3492 2140 3548; x_wconf 85' lang='lat' dir='ltr'><strong>salutabo?</strong></span> 
     </span>
    </p>
   </div>
   <div class='ocr_carea' id='block_1_54' title="bbox 558 3579 2138 3653">
    <p class='ocr_par' dir='ltr' id='par_1_54' title="bbox 558 3579 2138 3653">
     <span class='ocr_line' id='line_1_55' title="bbox 558 3579 2138 3653; baseline 0.001 -14"><span class='ocrx_word' id='word_1_383' title='bbox 558 3579 865 3639; x_wconf 79' lang='lat' dir='ltr'><strong>Tradamne</strong></span> <span class='ocrx_word' id='word_1_384' title='bbox 913 3581 1013 3653; x_wconf 91' lang='lat' dir='ltr'><strong>ipsi</strong></span> <span class='ocrx_word' id='word_1_385' title='bbox 1069 3583 1443 3641; x_wconf 86' lang='lat' dir='ltr'><strong>thuribnlum?</strong></span> <span class='ocrx_word' id='word_1_386' title='bbox 1483 3583 1734 3653; x_wconf 83' lang='lat' dir='ltr'><strong>Nunquid</strong></span> <span class='ocrx_word' id='word_1_387' title='bbox 1789 3599 1875 3639; x_wconf 92' lang='lat' dir='ltr'><strong>me</strong></span> <span class='ocrx_word' id='word_1_388' title='bbox 1930 3586 2138 3641; x_wconf 90' lang='lat' dir='ltr'><strong>socium</strong></span> 
     </span>
    </p>
   </div>
   <div class='ocr_carea' id='block_1_55' title="bbox 557 3674 2138 3744">
    <p class='ocr_par' dir='ltr' id='par_1_55' title="bbox 557 3674 2138 3744">
     <span class='ocr_line' id='line_1_56' title="bbox 557 3674 2138 3744; baseline 0.003 -15"><span class='ocrx_word' id='word_1_389' title='bbox 557 3674 853 3729; x_wconf 80' lang='lat' dir='ltr'><strong>admittet?</strong></span> <span class='ocrx_word' id='word_1_390' title='bbox 884 3674 967 3728; x_wconf 79' lang='lat' dir='ltr'><strong>An</strong></span> <span class='ocrx_word' id='word_1_391' title='bbox 1026 3675 1210 3744; x_wconf 90' lang='lat' dir='ltr'><strong>potius</strong></span> <span class='ocrx_word' id='word_1_392' title='bbox 1243 3676 1465 3731; x_wconf 84' lang='lat' dir='ltr'><strong>advenit</strong></span> <span class='ocrx_word' id='word_1_393' title='bbox 1500 3685 1560 3731; x_wconf 92' lang='lat' dir='ltr'><strong>ut</strong></span> <span class='ocrx_word' id='word_1_394' title='bbox 1602 3677 1842 3733; x_wconf 85' lang='lat' dir='ltr'><strong>rationes</strong></span> <span class='ocrx_word' id='word_1_395' title='bbox 1885 3693 1914 3731; x_wconf 91' lang='lat' dir='ltr'><strong>a</strong></span> <span class='ocrx_word' id='word_1_396' title='bbox 1945 3692 2138 3734; x_wconf 86' lang='lat' dir='ltr'><strong>sacro-</strong></span> 
     </span>
    </p>
   </div>
   <div class='ocr_carea' id='block_1_56' title="bbox 558 3766 1309 3838">
    <p class='ocr_par' dir='ltr' id='par_1_56' title="bbox 558 3766 1309 3838">
     <span class='ocr_line' id='line_1_57' title="bbox 558 3766 1309 3838; baseline 0.003 -17"><span class='ocrx_word' id='word_1_397' title='bbox 558 3774 679 3821; x_wconf 86' lang='lat' dir='ltr'><strong>rum</strong></span> <span class='ocrx_word' id='word_1_398' title='bbox 712 3766 980 3821; x_wconf 90' lang='lat' dir='ltr'><strong>ministris</strong></span> <span class='ocrx_word' id='word_1_399' title='bbox 1011 3769 1309 3838; x_wconf 75' lang='lat' dir='ltr'><strong>exposuat?</strong></span> 
     </span>
    </p>
   </div>
   <div class='ocr_carea' id='block_1_57' title="bbox 629 3857 2140 3922">
    <p class='ocr_par' dir='ltr' id='par_1_57' title="bbox 629 3857 2140 3922">
     <span class='ocr_line' id='line_1_58' title="bbox 629 3857 2140 3922; baseline 0.006 -9"><span class='ocrx_word' id='word_1_400' title='bbox 629 3857 953 3916; x_wconf 78' lang='lat' dir='ltr'><strong>Terribilem</strong></span> <span class='ocrx_word' id='word_1_401' title='bbox 987 3876 1111 3916; x_wconf 87' lang='lat' dir='ltr'><strong>eum</strong></span> <span class='ocrx_word' id='word_1_402' title='bbox 1151 3876 1320 3917; x_wconf 84' lang='lat' dir='ltr'><strong>cerno</strong></span> <span class='ocrx_word' id='word_1_403' title='bbox 1346 3860 1512 3916; x_wconf 88' lang='lat' dir='ltr'><strong>simul</strong></span> <span class='ocrx_word' id='word_1_404' title='bbox 1541 3868 1596 3916; x_wconf 91' lang='lat' dir='ltr'><strong>et</strong></span> <span class='ocrx_word' id='word_1_405' title='bbox 1626 3861 1876 3919; x_wconf 92' lang='lat' dir='ltr'><strong>hilarem.</strong></span> <span class='ocrx_word' id='word_1_406' title='bbox 1910 3861 2140 3922; x_wconf 84' lang='lat' dir='ltr'><strong>Venitne</strong></span> 
     </span>
    </p>
   </div>
   <div class='ocr_carea' id='block_1_58' title="bbox 554 3950 2136 4022">
    <p class='ocr_par' dir='ltr' id='par_1_58' title="bbox 554 3950 2136 4022">
     <span class='ocr_line' id='line_1_59' title="bbox 554 3950 2136 4022; baseline 0.004 -15"><span class='ocrx_word' id='word_1_407' title='bbox 554 3950 760 4007; x_wconf 83' lang='lat' dir='ltr'><strong>bonum</strong></span> <span class='ocrx_word' id='word_1_408' title='bbox 802 3953 1019 4022; x_wconf 87' lang='lat' dir='ltr'><strong>aliquod</strong></span> <span class='ocrx_word' id='word_1_409' title='bbox 1055 3955 1305 4008; x_wconf 89' lang='lat' dir='ltr'><strong>nuntium</strong></span> <span class='ocrx_word' id='word_1_410' title='bbox 1348 3953 1634 4019; x_wconf 82' lang='lat' dir='ltr'><strong>allaturos,</strong></span> <span class='ocrx_word' id='word_1_411' title='bbox 1676 3969 1746 4009; x_wconf 88' lang='lat' dir='ltr'><strong>an</strong></span> <span class='ocrx_word' id='word_1_412' title='bbox 1775 3970 1903 4013; x_wconf 80' lang='lat' dir='ltr'><strong>vero</strong></span> <span class='ocrx_word' id='word_1_413' title='bbox 1938 3957 2136 4013; x_wconf 83' lang='lat' dir='ltr'><strong>l&#39;ainetn</strong></span> 
     </span>
    </p>
   </div>
   <div class='ocr_carea' id='block_1_59' title="bbox 558 4043 2138 4115">
    <p class='ocr_par' dir='ltr' id='par_1_59' title="bbox 558 4043 2138 4115">
     <span class='ocr_line' id='line_1_60' title="bbox 558 4043 2138 4115; baseline 0.004 -16"><span class='ocrx_word' id='word_1_414' title='bbox 558 4043 833 4099; x_wconf 88' lang='lat' dir='ltr'><strong>bellumve</strong></span> <span class='ocrx_word' id='word_1_415' title='bbox 865 4044 1263 4101; x_wconf 80' lang='lat' dir='ltr'><strong>minitaturus?</strong></span> <span class='ocrx_word' id='word_1_416' title='bbox 1294 4046 1359 4099; x_wconf 78' lang='lat' dir='ltr'><strong>Et</strong></span> <span class='ocrx_word' id='word_1_417' title='bbox 1388 4060 1525 4100; x_wconf 89' lang='lat' dir='ltr'><strong>sane</strong></span> <span class='ocrx_word' id='word_1_418' title='bbox 1548 4046 1694 4115; x_wconf 89' lang='lat' dir='ltr'><strong>quod</strong></span> <span class='ocrx_word' id='word_1_419' title='bbox 1725 4048 1973 4102; x_wconf 88' lang='lat' dir='ltr'><strong>minister</strong></span> <span class='ocrx_word' id='word_1_420' title='bbox 2000 4050 2138 4105; x_wconf 70' lang='lat' dir='ltr'><strong>aula:</strong></span> 
     </span>
    </p>
   </div>
   <div class='ocr_carea' id='block_1_60' title="bbox 553 4135 2133 4211">
    <p class='ocr_par' dir='ltr' id='par_1_60' title="bbox 553 4135 2133 4211">
     <span class='ocr_line' id='line_1_61' title="bbox 553 4135 2133 4211; baseline 0.005 -22"><span class='ocrx_word' id='word_1_421' title='bbox 553 4135 798 4192; x_wconf 72' lang='lat' dir='ltr'><strong>caelestis</strong></span> <span class='ocrx_word' id='word_1_422' title='bbox 824 4139 919 4199; x_wconf 90' lang='lat' dir='ltr'><strong>sit,</strong></span> <span class='ocrx_word' id='word_1_423' title='bbox 952 4138 1193 4206; x_wconf 90' lang='lat' dir='ltr'><strong>quiante</strong></span> <span class='ocrx_word' id='word_1_424' title='bbox 1214 4140 1405 4193; x_wconf 85' lang='lat' dir='ltr'><strong>oculos</strong></span> <span class='ocrx_word' id='word_1_425' title='bbox 1430 4146 1591 4201; x_wconf 88' lang='lat' dir='ltr'><strong>astat,</strong></span> <span class='ocrx_word' id='word_1_426' title='bbox 1624 4155 1731 4193; x_wconf 88' lang='lat' dir='ltr'><strong>non</strong></span> <span class='ocrx_word' id='word_1_427' title='bbox 1759 4150 1942 4195; x_wconf 90' lang='lat' dir='ltr'><strong>autem</strong></span> <span class='ocrx_word' id='word_1_428' title='bbox 1968 4140 2133 4211; x_wconf 85' lang='lat' dir='ltr'><strong>Deus,</strong></span> 
     </span>
    </p>
   </div>
   <div class='ocr_carea' id='block_1_61' title="bbox 558 4223 2132 4296">
    <p class='ocr_par' dir='ltr' id='par_1_61' title="bbox 558 4223 2132 4296">
     <span class='ocr_line' id='line_1_62' title="bbox 558 4223 2132 4296; baseline 0.006 -18"><span class='ocrx_word' id='word_1_429' title='bbox 558 4223 684 4281; x_wconf 84' lang='lat' dir='ltr'><strong>inde</strong></span> <span class='ocrx_word' id='word_1_430' title='bbox 707 4236 852 4295; x_wconf 88' lang='lat' dir='ltr'><strong>patet</strong></span> <span class='ocrx_word' id='word_1_431' title='bbox 877 4229 1020 4296; x_wconf 85' lang='lat' dir='ltr'><strong>quod</strong></span> <span class='ocrx_word' id='word_1_432' title='bbox 1044 4236 1280 4284; x_wconf 85' lang='lat' dir='ltr'><strong>stantem</strong></span> <span class='ocrx_word' id='word_1_433' title='bbox 1309 4229 1487 4284; x_wconf 85' lang='lat' dir='ltr'><strong>video.</strong></span> <span class='ocrx_word' id='word_1_434' title='bbox 1515 4228 1688 4285; x_wconf 84' lang='lat' dir='ltr'><strong>Isaias</strong></span> <span class='ocrx_word' id='word_1_435' title='bbox 1726 4234 1871 4286; x_wconf 90' lang='lat' dir='ltr'><strong>enim</strong></span> <span class='ocrx_word' id='word_1_436' title='bbox 1890 4233 1920 4272; x_wconf 71' lang='grc' dir='ltr'>ιι</span> <span class='ocrx_word' id='word_1_437' title='bbox 1947 4233 2132 4293; x_wconf 89' lang='lat' dir='ltr'><strong>Domi-</strong></span> 
     </span>
    </p>
   </div>
   <div class='ocr_carea' id='block_1_62' title="bbox 558 4320 2133 4393">
    <p class='ocr_par' dir='ltr' id='par_1_62' title="bbox 558 4320 2133 4393">
     <span class='ocr_line' id='line_1_63' title="bbox 558 4320 2133 4393; baseline 0.007 -20"><span class='ocrx_word' id='word_1_438' title='bbox 558 4334 689 4374; x_wconf 89' lang='lat' dir='ltr'><strong>num</strong></span> <span class='ocrx_word' id='word_1_439' title='bbox 732 4320 865 4374; x_wconf 82' lang='lat' dir='ltr'><strong>vidit</strong></span> <span class='ocrx_word' id='word_1_440' title='bbox 916 4320 1232 4388; x_wconf 88' lang='lat' dir='ltr'><strong>sedentem;</strong></span> <span class='ocrx_word' id='word_1_441' title='bbox 1269 4332 1325 4377; x_wconf 91' lang='lat' dir='ltr'><strong>et</strong></span> <span class='ocrx_word' id='word_1_442' title='bbox 1376 4339 1541 4393; x_wconf 88' lang='lat' dir='ltr'><strong>supra</strong></span> <span class='ocrx_word' id='word_1_443' title='bbox 1577 4326 1831 4381; x_wconf 87' lang='lat' dir='ltr'><strong>thronum</strong></span> <span class='ocrx_word' id='word_1_444' title='bbox 1878 4325 2133 4384; x_wconf 82' lang='lat' dir='ltr'><strong>Ezechiel</strong></span> 
     </span>
    </p>
   </div>
   <div class='ocr_carea' id='block_1_63' title="bbox 555 4410 2135 4491">
    <p class='ocr_par' dir='ltr' id='par_1_63' title="bbox 555 4410 2135 4491">
     <span class='ocr_line' id='line_1_64' title="bbox 555 4410 2135 4491; baseline 0.009 -28"><span class='ocrx_word' id='word_1_445' title='bbox 555 4410 691 4465; x_wconf 63' lang='lat' dir='ltr'><strong>sidit</strong></span> <span class='ocrx_word' id='word_1_446' title='bbox 736 4410 1122 4481; x_wconf 89' lang='lat' dir='ltr'><strong>incorporeum</strong></span> <span class='ocrx_word' id='word_1_447' title='bbox 1158 4416 1215 4482; x_wconf 81' lang='lat' dir='ltr'><strong>i;</strong></span> <span class='ocrx_word' id='word_1_448' title='bbox 1266 4417 1574 4486; x_wconf 89' lang='lat' dir='ltr'><strong>iterumque</strong></span> <span class='ocrx_word' id='word_1_449' title='bbox 1616 4416 1805 4474; x_wconf 86' lang='lat' dir='ltr'><strong>Daniel</strong></span> <span class='ocrx_word' id='word_1_450' title='bbox 1839 4421 2135 4491; x_wconf 83' lang='lat' dir='ltr'><strong>Antiquum</strong></span> 
     </span>
    </p>
   </div>
   <div class='ocr_carea' id='block_1_64' title="bbox 549 4500 2137 4573">
    <p class='ocr_par' dir='ltr' id='par_1_64' title="bbox 549 4500 2137 4573">
     <span class='ocr_line' id='line_1_65' title="bbox 549 4500 2137 4573; baseline 0.008 -16"><span class='ocrx_word' id='word_1_451' title='bbox 549 4500 769 4557; x_wconf 73' lang='lat' dir='ltr'><strong>dierum</strong></span> <span class='ocrx_word' id='word_1_452' title='bbox 820 4504 1036 4573; x_wconf 75' lang='lat' dir='ltr'><strong>aspexit</strong></span> <span class='ocrx_word' id='word_1_453' title='bbox 1069 4506 1345 4562; x_wconf 87' lang='lat' dir='ltr'><strong>sedentem</strong></span> <span class='ocrx_word' id='word_1_454' title='bbox 1372 4505 1422 4563; x_wconf 73' lang='grc' dir='ltr'>ί.</span> <span class='ocrx_word' id='word_1_455' title='bbox 1474 4507 1573 4565; x_wconf 91' lang='lat' dir='ltr'><strong>Hic</strong></span> <span class='ocrx_word' id='word_1_456' title='bbox 1622 4521 1804 4565; x_wconf 86' lang='lat' dir='ltr'><strong>autem</strong></span> <span class='ocrx_word' id='word_1_457' title='bbox 1847 4521 1959 4567; x_wconf 83' lang='lat' dir='ltr'><strong>stat</strong></span> <span class='ocrx_word' id='word_1_458' title='bbox 1988 4511 2137 4569; x_wconf 82' lang='lat' dir='ltr'><strong>velut</strong></span> 
     </span>
    </p>
   </div>
   <div class='ocr_carea' id='block_1_65' title="bbox 548 4593 2130 4671">
    <p class='ocr_par' dir='ltr' id='par_1_65' title="bbox 548 4593 2130 4671">
     <span class='ocr_line' id='line_1_66' title="bbox 548 4593 2130 4671; baseline 0.006 -24"><span class='ocrx_word' id='word_1_459' title='bbox 548 4593 920 4649; x_wconf 72' lang='lat' dir='ltr'><strong>ministerium</strong></span> <span class='ocrx_word' id='word_1_460' title='bbox 951 4596 1174 4665; x_wconf 77' lang='lat' dir='ltr'><strong>explens</strong></span> <span class='ocrx_word' id='word_1_461' title='bbox 1193 4635 1208 4661; x_wconf 93' lang='lat'><strong>,</strong></span> <span class='ocrx_word' id='word_1_462' title='bbox 1240 4608 1565 4671; x_wconf 87' lang='lat' dir='ltr'><strong>partemque</strong></span> <span class='ocrx_word' id='word_1_463' title='bbox 1594 4601 1783 4658; x_wconf 82' lang='lat' dir='ltr'><strong>altaris</strong></span> <span class='ocrx_word' id='word_1_464' title='bbox 1810 4601 2130 4658; x_wconf 87' lang='lat' dir='ltr'><strong>nobiliorem</strong></span> 
     </span>
    </p>
   </div>
   <div class='ocr_carea' id='block_1_66' title="bbox 551 4685 2132 4765">
    <p class='ocr_par' dir='ltr' id='par_1_66' title="bbox 551 4685 2132 4765">
     <span class='ocr_line' id='line_1_67' title="bbox 551 4685 2132 4765; baseline 0.007 -26"><span class='ocrx_word' id='word_1_465' title='bbox 551 4694 769 4741; x_wconf 68' lang='lat' dir='ltr'><strong>tenens.</strong></span> <span class='ocrx_word' id='word_1_466' title='bbox 802 4685 901 4743; x_wconf 83' lang='lat' dir='ltr'><strong>Hei</strong></span> <span class='ocrx_word' id='word_1_467' title='bbox 929 4690 1091 4745; x_wconf 89' lang='lat' dir='ltr'><strong>mihi!</strong></span> <span class='ocrx_word' id='word_1_468' title='bbox 1127 4693 1371 4762; x_wconf 91' lang='lat' dir='ltr'><strong>nunquid</strong></span> <span class='ocrx_word' id='word_1_469' title='bbox 1406 4703 1606 4763; x_wconf 68' lang='lat' dir='ltr'><strong>praeter</strong></span> <span class='ocrx_word' id='word_1_470' title='bbox 1634 4702 1918 4765; x_wconf 87' lang='lat' dir='ltr'><strong>peccatum</strong></span> <span class='ocrx_word' id='word_1_471' title='bbox 1952 4709 2132 4750; x_wconf 87' lang='lat' dir='ltr'><strong>meum</strong></span> 
     </span>
    </p>
   </div>
   <div class='ocr_carea' id='block_1_67' title="bbox 550 4780 2134 4858">
    <p class='ocr_par' dir='ltr' id='par_1_67' title="bbox 550 4780 2134 4858">
     <span class='ocr_line' id='line_1_68' title="bbox 550 4780 2134 4858; baseline 0.005 -24"><span class='ocrx_word' id='word_1_472' title='bbox 550 4780 721 4834; x_wconf 86' lang='lat' dir='ltr'><strong>etiam</strong></span> <span class='ocrx_word' id='word_1_473' title='bbox 754 4796 852 4850; x_wconf 90' lang='lat' dir='ltr'><strong>pro</strong></span> <span class='ocrx_word' id='word_1_474' title='bbox 885 4784 1127 4852; x_wconf 88' lang='lat' dir='ltr'><strong>peccatis</strong></span> <span class='ocrx_word' id='word_1_475' title='bbox 1172 4785 1353 4855; x_wconf 90' lang='lat' dir='ltr'><strong>populi</strong></span> <span class='ocrx_word' id='word_1_476' title='bbox 1395 4800 1428 4840; x_wconf 84' lang='lat' dir='ltr'><strong>a</strong></span> <span class='ocrx_word' id='word_1_477' title='bbox 1472 4800 1562 4840; x_wconf 90' lang='lat' dir='ltr'><strong>me</strong></span> <span class='ocrx_word' id='word_1_478' title='bbox 1600 4788 1868 4842; x_wconf 86' lang='lat' dir='ltr'><strong>rationem</strong></span> <span class='ocrx_word' id='word_1_479' title='bbox 1912 4788 2134 4858; x_wconf 71' lang='lat' dir='ltr'><strong>exiget?</strong></span> 
     </span>
    </p>
   </div>
   <div class='ocr_carea' id='block_1_68' title="bbox 552 4872 2134 4950">
    <p class='ocr_par' dir='ltr' id='par_1_68' title="bbox 552 4872 2134 4950">
     <span class='ocr_line' id='line_1_69' title="bbox 552 4872 2134 4950; baseline 0.005 -23"><span class='ocrx_word' id='word_1_480' title='bbox 552 4872 809 4945; x_wconf 76' lang='lat' dir='ltr'><strong>Nunquid</strong></span> <span class='ocrx_word' id='word_1_481' title='bbox 854 4875 1078 4932; x_wconf 86' lang='lat' dir='ltr'><strong>honoris</strong></span> <span class='ocrx_word' id='word_1_482' title='bbox 1126 4878 1427 4949; x_wconf 87' lang='lat' dir='ltr'><strong>amplitudo</strong></span> <span class='ocrx_word' id='word_1_483' title='bbox 1469 4879 1743 4950; x_wconf 82' lang='lat' dir='ltr'><strong>gravioris</strong></span> <span class='ocrx_word' id='word_1_484' title='bbox 1785 4892 1962 4950; x_wconf 58' lang='lat' dir='ltr'><strong>pugna:</strong></span> <span class='ocrx_word' id='word_1_485' title='bbox 1999 4881 2134 4935; x_wconf 86' lang='lat' dir='ltr'><strong>mihi</strong></span> 
     </span>
    </p>
   </div>
   <div class='ocr_carea' id='block_1_69' title="bbox 549 4969 1034 5024">
    <p class='ocr_par' dir='ltr' id='par_1_69' title="bbox 549 4969 1034 5024">
     <span class='ocr_line' id='line_1_70' title="bbox 549 4969 1034 5024; baseline 0.008 -4"><span class='ocrx_word' id='word_1_486' title='bbox 549 4969 770 5021; x_wconf 89' lang='lat' dir='ltr'><strong>occasio</strong></span> <span class='ocrx_word' id='word_1_487' title='bbox 801 4969 1034 5024; x_wconf 84' lang='lat' dir='ltr'><strong>evadet?</strong></span> 
     </span>
    </p>
   </div>
   <div class='ocr_carea' id='block_1_70' title="bbox 625 5053 2127 5134">
    <p class='ocr_par' dir='ltr' id='par_1_70' title="bbox 625 5053 2127 5134">
     <span class='ocr_line' id='line_1_71' title="bbox 625 5053 2127 5134; baseline 0.007 -26"><span class='ocrx_word' id='word_1_488' title='bbox 625 5053 715 5110; x_wconf 79' lang='lat' dir='ltr'><strong>Vl.</strong></span> <span class='ocrx_word' id='word_1_489' title='bbox 756 5055 881 5114; x_wconf 74' lang='lat' dir='ltr'><strong>Haec</strong></span> <span class='ocrx_word' id='word_1_490' title='bbox 929 5059 1228 5117; x_wconf 85' lang='lat' dir='ltr'><strong>Zacharias</strong></span> <span class='ocrx_word' id='word_1_491' title='bbox 1278 5078 1463 5119; x_wconf 90' lang='lat' dir='ltr'><strong>secum</strong></span> <span class='ocrx_word' id='word_1_492' title='bbox 1516 5062 1633 5132; x_wconf 89' lang='lat' dir='ltr'><strong>ipse</strong></span> <span class='ocrx_word' id='word_1_493' title='bbox 1683 5073 1866 5118; x_wconf 91' lang='lat' dir='ltr'><strong>mente</strong></span> <span class='ocrx_word' id='word_1_494' title='bbox 1913 5062 2127 5134; x_wconf 88' lang='lat' dir='ltr'><strong>pervol-</strong></span> 
     </span>
    </p>
   </div>
   <div class='ocr_carea' id='block_1_71' title="bbox 552 5149 2125 5226">
    <p class='ocr_par' dir='ltr' id='par_1_71' title="bbox 552 5149 2125 5226">
     <span class='ocr_line' id='line_1_72' title="bbox 552 5149 2125 5226; baseline 0.006 -25"><span class='ocrx_word' id='word_1_495' title='bbox 552 5162 708 5215; x_wconf 82' lang='lat' dir='ltr'><strong>vens,</strong></span> <span class='ocrx_word' id='word_1_496' title='bbox 756 5149 970 5207; x_wconf 90' lang='lat' dir='ltr'><strong>interno</strong></span> <span class='ocrx_word' id='word_1_497' title='bbox 994 5153 1603 5224; x_wconf 87' lang='lat' dir='ltr'><strong>jactabatur-tumultu.</strong></span> <span class='ocrx_word' id='word_1_498' title='bbox 1639 5158 1707 5210; x_wconf 77' lang='lat' dir='ltr'><strong>At</strong></span> <span class='ocrx_word' id='word_1_499' title='bbox 1737 5157 1986 5226; x_wconf 86' lang='lat' dir='ltr'><strong>angelum</strong></span> <span class='ocrx_word' id='word_1_500' title='bbox 2012 5155 2125 5211; x_wconf 77' lang='lat' dir='ltr'><strong>Ga-</strong></span> 
     </span>
    </p>
   </div>
   <div class='ocr_carea' id='block_1_72' title="bbox 626 5286 1965 5357">
    <p class='ocr_par' dir='ltr' id='par_1_72' title="bbox 626 5286 1965 5357">
     <span class='ocr_line' id='line_1_73' title="bbox 626 5286 1965 5357; baseline 0.01 -14"><span class='ocrx_word' id='word_1_501' title='bbox 626 5286 655 5329; x_wconf 70' lang='grc' dir='ltr'><em>δ</em></span> <span class='ocrx_word' id='word_1_502' title='bbox 676 5286 810 5345; x_wconf 88' lang='lat' dir='ltr'><strong>Luc.</strong></span> <span class='ocrx_word' id='word_1_503' title='bbox 842 5305 881 5356; x_wconf 89' lang='lat' dir='ltr'><strong>t,</strong></span> <span class='ocrx_word' id='word_1_504' title='bbox 919 5290 975 5351; x_wconf 85' lang='lat'><strong>7.</strong></span> <span class='ocrx_word' id='word_1_505' title='bbox 1054 5303 1079 5333; x_wconf 75' lang='grc' dir='ltr'><strong><em>ο</em></strong></span> <span class='ocrx_word' id='word_1_506' title='bbox 1104 5294 1235 5351; x_wconf 86' lang='lat' dir='ltr'><strong>ibid.</strong></span> <span class='ocrx_word' id='word_1_507' title='bbox 1267 5294 1323 5352; x_wconf 87' lang='lat'><strong>8.</strong></span> <span class='ocrx_word' id='word_1_508' title='bbox 1404 5295 1423 5336; x_wconf 75' lang='grc' dir='ltr'><strong>ί</strong></span> <span class='ocrx_word' id='word_1_509' title='bbox 1452 5299 1584 5354; x_wconf 89' lang='lat' dir='ltr'><strong>ibid.</strong></span> <span class='ocrx_word' id='word_1_510' title='bbox 1666 5300 1691 5340; x_wconf 74' lang='grc' dir='ltr'><strong>ε</strong></span> <span class='ocrx_word' id='word_1_511' title='bbox 1716 5299 1847 5355; x_wconf 85' lang='lat' dir='ltr'><strong>ibid.</strong></span> <span class='ocrx_word' id='word_1_512' title='bbox 1876 5298 1965 5357; x_wconf 72' lang='grc'><strong>12.</strong></span> 
     </span>
    </p>
   </div>
   <div class='ocr_carea' id='block_1_73' title="bbox 2238 2391 3840 2470">
    <p class='ocr_par' dir='ltr' id='par_1_73' title="bbox 2238 2391 3840 2470">
     <span class='ocr_line' id='line_1_74' title="bbox 2238 2391 3840 2470; baseline 0.008 -27"><span class='ocrx_word' id='word_1_513' title='bbox 2238 2392 2377 2460; x_wconf 84' lang='grc' dir='ltr'><strong>ρίου</strong></span> <span class='ocrx_word' id='word_1_514' title='bbox 2420 2392 2530 2444; x_wconf 83' lang='grc' dir='ltr'>τοῦ</span> <span class='ocrx_word' id='word_1_515' title='bbox 2575 2391 2960 2461; x_wconf 81' lang='grc' dir='ltr'>θυμιάματος.</span> <span class='ocrx_word' id='word_1_516' title='bbox 3002 2394 3336 2465; x_wconf 76' lang='grc' dir='ltr'>Ἔταράχθη</span> <span class='ocrx_word' id='word_1_517' title='bbox 3384 2398 3454 2451; x_wconf 67' lang='grc' dir='ltr'>δὲ</span> <span class='ocrx_word' id='word_1_518' title='bbox 3493 2402 3840 2470; x_wconf 82' lang='grc' dir='ltr'>Ζαχαρίας,</span> 
     </span>
    </p>
   </div>
   <div class='ocr_carea' id='block_1_74' title="bbox 2245 2481 3838 2564">
    <p class='ocr_par' dir='ltr' id='par_1_74' title="bbox 2245 2481 3838 2564">
     <span class='ocr_line' id='line_1_75' title="bbox 2245 2481 3838 2564; baseline 0.008 -31"><span class='ocrx_word' id='word_1_519' title='bbox 2245 2483 2340 2534; x_wconf 75' lang='grc' dir='ltr'>καὶ</span> <span class='ocrx_word' id='word_1_520' title='bbox 2371 2481 2689 2551; x_wconf 83' lang='grc' dir='ltr'>προϐαίνειν</span> <span class='ocrx_word' id='word_1_521' title='bbox 2717 2484 2817 2537; x_wconf 81' lang='grc' dir='ltr'><strong>οὐκ</strong></span> <span class='ocrx_word' id='word_1_522' title='bbox 2856 2485 3079 2556; x_wconf 78' lang='grc' dir='ltr'>ἴσχυσεν</span> <span class='ocrx_word' id='word_1_523' title='bbox 3109 2495 3174 2559; x_wconf 79' lang='grc' dir='ltr'>τῇ</span> <span class='ocrx_word' id='word_1_524' title='bbox 3208 2488 3305 2541; x_wconf 82' lang='grc' dir='ltr'><strong>τοῦ</strong></span> <span class='ocrx_word' id='word_1_525' title='bbox 3351 2491 3587 2559; x_wconf 78' lang='grc' dir='ltr'>ἀγγέλου</span> <span class='ocrx_word' id='word_1_526' title='bbox 3622 2493 3721 2564; x_wconf 82' lang='grc' dir='ltr'><strong>θέᾳ</strong></span> <span class='ocrx_word' id='word_1_527' title='bbox 3749 2495 3838 2557; x_wconf 81' lang='grc' dir='ltr'><strong>είς</strong></span> 
     </span>
    </p>
   </div>
   <div class='ocr_carea' id='block_1_75' title="bbox 2242 2573 3839 2658">
    <p class='ocr_par' dir='ltr' id='par_1_75' title="bbox 2242 2573 3839 2658">
     <span class='ocr_line' id='line_1_76' title="bbox 2242 2573 3839 2658; baseline 0.01 -32"><span class='ocrx_word' id='word_1_528' title='bbox 2242 2573 2313 2627; x_wconf 87' lang='grc' dir='ltr'>τὰ</span> <span class='ocrx_word' id='word_1_529' title='bbox 2340 2574 2516 2628; x_wconf 83' lang='grc' dir='ltr'>ὀπίσω</span> <span class='ocrx_word' id='word_1_530' title='bbox 2546 2577 2931 2646; x_wconf 82' lang='grc' dir='ltr'>πεμπόμενος·</span> <span class='ocrx_word' id='word_1_531' title='bbox 2974 2582 3208 2634; x_wconf 81' lang='grc' dir='ltr'>ἐπιπολὺ</span> <span class='ocrx_word' id='word_1_532' title='bbox 3247 2582 3304 2636; x_wconf 86' lang='grc' dir='ltr'>δὲ</span> <span class='ocrx_word' id='word_1_533' title='bbox 3339 2586 3652 2655; x_wconf 76' lang='grc' dir='ltr'>μεμένηκεν</span> <span class='ocrx_word' id='word_1_534' title='bbox 3682 2591 3839 2658; x_wconf 38' lang='lat'><strong>67.3-</strong></span> 
     </span>
    </p>
   </div>
   <div class='ocr_carea' id='block_1_76' title="bbox 2244 2666 3832 2749">
    <p class='ocr_par' dir='ltr' id='par_1_76' title="bbox 2244 2666 3832 2749">
     <span class='ocr_line' id='line_1_77' title="bbox 2244 2666 3832 2749; baseline 0.009 -30"><span class='ocrx_word' id='word_1_535' title='bbox 2244 2667 2341 2735; x_wconf 77' lang='grc' dir='ltr'>νὴς</span> <span class='ocrx_word' id='word_1_536' title='bbox 2380 2666 2555 2720; x_wconf 84' lang='grc' dir='ltr'>ταῦτα</span> <span class='ocrx_word' id='word_1_537' title='bbox 2582 2667 2761 2737; x_wconf 85' lang='grc' dir='ltr'>λέγων</span> <span class='ocrx_word' id='word_1_538' title='bbox 2796 2670 2919 2725; x_wconf 82' lang='grc' dir='ltr'>καθ’</span> <span class='ocrx_word' id='word_1_539' title='bbox 2958 2673 3172 2727; x_wconf 76' lang='grc' dir='ltr'>ἑαυτόνο</span> <span class='ocrx_word' id='word_1_540' title='bbox 3208 2676 3273 2727; x_wconf 85' lang='grc' dir='ltr'>Τί</span> <span class='ocrx_word' id='word_1_541' title='bbox 3311 2677 3376 2747; x_wconf 81' lang='grc' dir='ltr'>δὴ</span> <span class='ocrx_word' id='word_1_542' title='bbox 3410 2678 3470 2730; x_wconf 88' lang='grc' dir='ltr'><strong>τὸ</strong></span> <span class='ocrx_word' id='word_1_543' title='bbox 3508 2678 3832 2749; x_wconf 74' lang='grc' dir='ltr'>ὁρώμενονς</span> 
     </span>
    </p>
   </div>
   <div class='ocr_carea' id='block_1_77' title="bbox 2243 2758 3835 2841">
    <p class='ocr_par' dir='ltr' id='par_1_77' title="bbox 2243 2758 3835 2841">
     <span class='ocr_line' id='line_1_78' title="bbox 2243 2758 3835 2841; baseline 0.009 -30"><span class='ocrx_word' id='word_1_544' title='bbox 2243 2758 2438 2830; x_wconf 81' lang='grc' dir='ltr'>ἀπορῶ</span> <span class='ocrx_word' id='word_1_545' title='bbox 2459 2775 2473 2788; x_wconf 78' lang='grc' dir='ltr'><strong>ο</strong></span> <span class='ocrx_word' id='word_1_546' title='bbox 2505 2760 2693 2830; x_wconf 77' lang='grc' dir='ltr'>ἔτερος</span> <span class='ocrx_word' id='word_1_547' title='bbox 2727 2762 2999 2834; x_wconf 85' lang='grc' dir='ltr'>ίερατεύει</span> <span class='ocrx_word' id='word_1_548' title='bbox 3030 2766 3182 2838; x_wconf 77' lang='grc' dir='ltr'>παρὰ</span> <span class='ocrx_word' id='word_1_549' title='bbox 3211 2768 3272 2820; x_wconf 87' lang='grc' dir='ltr'><strong>τὸ</strong></span> <span class='ocrx_word' id='word_1_550' title='bbox 3313 2768 3704 2841; x_wconf 73' lang='grc' dir='ltr'>θυσιαστήριον</span> <span class='ocrx_word' id='word_1_551' title='bbox 3733 2771 3835 2825; x_wconf 80' lang='grc' dir='ltr'>τοῦ</span> 
     </span>
    </p>
   </div>
   <div class='ocr_carea' id='block_1_78' title="bbox 2244 2852 3835 2935">
    <p class='ocr_par' dir='ltr' id='par_1_78' title="bbox 2244 2852 3835 2935">
     <span class='ocr_line' id='line_1_79' title="bbox 2244 2852 3835 2935; baseline 0.009 -30"><span class='ocrx_word' id='word_1_552' title='bbox 2244 2852 2619 2924; x_wconf 71' lang='grc' dir='ltr'>θυμιάματοςι</span> <span class='ocrx_word' id='word_1_553' title='bbox 2648 2854 2762 2924; x_wconf 78' lang='grc' dir='ltr'><strong>ἐγὼ</strong></span> <span class='ocrx_word' id='word_1_554' title='bbox 2808 2856 2865 2913; x_wconf 78' lang='grc' dir='ltr'>δὲ</span> <span class='ocrx_word' id='word_1_555' title='bbox 2899 2857 3016 2922; x_wconf 84' lang='grc' dir='ltr'>πῶς</span> <span class='ocrx_word' id='word_1_556' title='bbox 3061 2860 3311 2931; x_wconf 76' lang='grc' dir='ltr'>ἐπιθήσω</span> <span class='ocrx_word' id='word_1_557' title='bbox 3348 2862 3429 2933; x_wconf 84' lang='grc' dir='ltr'><strong>τῷ</strong></span> <span class='ocrx_word' id='word_1_558' title='bbox 3460 2867 3595 2935; x_wconf 78' lang='grc' dir='ltr'>πυρὶ</span> <span class='ocrx_word' id='word_1_559' title='bbox 3625 2866 3685 2918; x_wconf 79' lang='grc' dir='ltr'>τὸ</span> <span class='ocrx_word' id='word_1_560' title='bbox 3730 2866 3835 2919; x_wconf 84' lang='grc' dir='ltr'>θυ-</span> 
     </span>
    </p>
   </div>
   <div class='ocr_carea' id='block_1_79' title="bbox 2246 2944 3832 3023">
    <p class='ocr_par' dir='ltr' id='par_1_79' title="bbox 2246 2944 3832 3023">
     <span class='ocr_line' id='line_1_80' title="bbox 2246 2944 3832 3023; baseline 0.008 -27"><span class='ocrx_word' id='word_1_561' title='bbox 2246 2944 2462 3015; x_wconf 74' lang='grc' dir='ltr'>μίαμας</span> <span class='ocrx_word' id='word_1_562' title='bbox 2497 2947 2633 2999; x_wconf 86' lang='grc' dir='ltr'>Ἕνα</span> <span class='ocrx_word' id='word_1_563' title='bbox 2682 2945 2845 3017; x_wconf 84' lang='grc' dir='ltr'>μόνον</span> <span class='ocrx_word' id='word_1_564' title='bbox 2888 2951 3190 3019; x_wconf 78' lang='grc' dir='ltr'>ἱερατεύειν</span> <span class='ocrx_word' id='word_1_565' title='bbox 3225 2956 3254 3006; x_wconf 92' lang='lat'><strong>6</strong></span> <span class='ocrx_word' id='word_1_566' title='bbox 3290 2954 3455 3023; x_wconf 82' lang='grc' dir='ltr'>νόμος</span> <span class='ocrx_word' id='word_1_567' title='bbox 3500 2955 3790 3010; x_wconf 79' lang='grc' dir='ltr'>ἐκέλευσεν</span> <span class='ocrx_word' id='word_1_568' title='bbox 3813 2972 3832 2987; x_wconf 75' lang='grc'><strong>’</strong></span> 
     </span>
    </p>
   </div>
   <div class='ocr_carea' id='block_1_80' title="bbox 2243 3035 3830 3115">
    <p class='ocr_par' dir='ltr' id='par_1_80' title="bbox 2243 3035 3830 3115">
     <span class='ocr_line' id='line_1_81' title="bbox 2243 3035 3830 3115; baseline 0.008 -25"><span class='ocrx_word' id='word_1_569' title='bbox 2243 3035 2493 3104; x_wconf 78' lang='grc' dir='ltr'>ἄγγελος,</span> <span class='ocrx_word' id='word_1_570' title='bbox 2518 3039 2617 3091; x_wconf 83' lang='grc' dir='ltr'><strong>οὐκ</strong></span> <span class='ocrx_word' id='word_1_571' title='bbox 2644 3040 2931 3111; x_wconf 78' lang='grc' dir='ltr'>ἄνθρωπος</span> <span class='ocrx_word' id='word_1_572' title='bbox 2955 3043 2984 3095; x_wconf 88' lang='lat'><strong>6</strong></span> <span class='ocrx_word' id='word_1_573' title='bbox 3005 3043 3305 3115; x_wconf 82' lang='grc' dir='ltr'>ὁρώμενος,</span> <span class='ocrx_word' id='word_1_574' title='bbox 3338 3048 3434 3099; x_wconf 77' lang='grc' dir='ltr'><strong>καὶ</strong></span> <span class='ocrx_word' id='word_1_575' title='bbox 3456 3042 3612 3113; x_wconf 76' lang='grc' dir='ltr'>οὗτος</span> <span class='ocrx_word' id='word_1_576' title='bbox 3638 3050 3668 3101; x_wconf 98' lang='lat'><strong>6</strong></span> <span class='ocrx_word' id='word_1_577' title='bbox 3698 3049 3830 3112; x_wconf 80' lang='grc' dir='ltr'>ναδς</span> 
     </span>
    </p>
   </div>
   <div class='ocr_carea' id='block_1_81' title="bbox 2243 3129 3831 3213">
    <p class='ocr_par' dir='ltr' id='par_1_81' title="bbox 2243 3129 3831 3213">
     <span class='ocr_line' id='line_1_82' title="bbox 2243 3129 3831 3213; baseline 0.008 -30"><span class='ocrx_word' id='word_1_578' title='bbox 2243 3129 2444 3193; x_wconf 81' lang='grc' dir='ltr'>ἄϐατος</span> <span class='ocrx_word' id='word_1_579' title='bbox 2465 3131 2547 3169; x_wconf 52' lang='grc' dir='ltr'><strong>³⁸ν·</strong></span> <span class='ocrx_word' id='word_1_580' title='bbox 2583 3133 2643 3185; x_wconf 81' lang='grc' dir='ltr'><strong>οὐ</strong></span> <span class='ocrx_word' id='word_1_581' title='bbox 2682 3137 2791 3205; x_wconf 83' lang='grc' dir='ltr'><strong>γάρ</strong></span> <span class='ocrx_word' id='word_1_582' title='bbox 2843 3135 3127 3207; x_wconf 75' lang='grc' dir='ltr'>ἐμάθομεν</span> <span class='ocrx_word' id='word_1_583' title='bbox 3173 3138 3430 3207; x_wconf 79' lang='grc' dir='ltr'>ἀγγέλοις</span> <span class='ocrx_word' id='word_1_584' title='bbox 3476 3140 3831 3213; x_wconf 81' lang='grc' dir='ltr'>συλλειτουρ-</span> 
     </span>
    </p>
   </div>
   <div class='ocr_carea' id='block_1_82' title="bbox 2243 3216 3830 3303">
    <p class='ocr_par' dir='ltr' id='par_1_82' title="bbox 2243 3216 3830 3303">
     <span class='ocr_line' id='line_1_83' title="bbox 2243 3216 3830 3303; baseline 0.007 -28"><span class='ocrx_word' id='word_1_585' title='bbox 2243 3227 2380 3291; x_wconf 85' lang='grc' dir='ltr'>γεῖν.</span> <span class='ocrx_word' id='word_1_586' title='bbox 2442 3224 2539 3289; x_wconf 82' lang='grc' dir='ltr'>Τίς</span> <span class='ocrx_word' id='word_1_587' title='bbox 2593 3226 2884 3298; x_wconf 76' lang='grc' dir='ltr'>γένωμαι;</span> <span class='ocrx_word' id='word_1_588' title='bbox 2934 3229 3000 3282; x_wconf 88' lang='grc' dir='ltr'>Τί</span> <span class='ocrx_word' id='word_1_589' title='bbox 3042 3230 3271 3301; x_wconf 75' lang='grc' dir='ltr'>πράξως</span> <span class='ocrx_word' id='word_1_590' title='bbox 3330 3231 3466 3286; x_wconf 84' lang='grc' dir='ltr'>Τίνα</span> <span class='ocrx_word' id='word_1_591' title='bbox 3521 3216 3830 3303; x_wconf 76' lang='grc' dir='ltr'>σύμϐουλον</span> 
     </span>
    </p>
   </div>
   <div class='ocr_carea' id='block_1_83' title="bbox 2242 3314 3833 3392">
    <p class='ocr_par' dir='ltr' id='par_1_83' title="bbox 2242 3314 3833 3392">
     <span class='ocr_line' id='line_1_84' title="bbox 2242 3314 3833 3392; baseline 0.007 -25"><span class='ocrx_word' id='word_1_592' title='bbox 2242 3314 2430 3382; x_wconf 87' lang='grc' dir='ltr'>λάϐω;</span> <span class='ocrx_word' id='word_1_593' title='bbox 2476 3317 2877 3389; x_wconf 85' lang='grc' dir='ltr'>Παραχωρήσω</span> <span class='ocrx_word' id='word_1_594' title='bbox 2914 3319 2995 3390; x_wconf 80' lang='grc' dir='ltr'>τῷ</span> <span class='ocrx_word' id='word_1_595' title='bbox 3036 3320 3179 3392; x_wconf 85' lang='grc' dir='ltr'>ἁγίῳ</span> <span class='ocrx_word' id='word_1_596' title='bbox 3225 3322 3295 3375; x_wconf 76' lang='grc' dir='ltr'>τὰ</span> <span class='ocrx_word' id='word_1_597' title='bbox 3341 3324 3507 3391; x_wconf 75' lang='grc' dir='ltr'>ἆγιας</span> <span class='ocrx_word' id='word_1_598' title='bbox 3560 3325 3833 3388; x_wconf 77' lang='grc' dir='ltr'>Ἀσπάζο-</span> 
     </span>
    </p>
   </div>
   <div class='ocr_carea' id='block_1_84' title="bbox 2242 3406 3831 3488">
    <p class='ocr_par' dir='ltr' id='par_1_84' title="bbox 2242 3406 3831 3488">
     <span class='ocr_line' id='line_1_85' title="bbox 2242 3406 3831 3488; baseline 0.009 -31"><span class='ocrx_word' id='word_1_599' title='bbox 2242 3420 2344 3475; x_wconf 85' lang='grc' dir='ltr'><strong>μαι</strong></span> <span class='ocrx_word' id='word_1_600' title='bbox 2399 3406 2713 3476; x_wconf 86' lang='grc' dir='ltr'>προσελθὼν</span> <span class='ocrx_word' id='word_1_601' title='bbox 2754 3410 2799 3440; x_wconf 88' lang='grc'><strong>³⁷</strong></span> <span class='ocrx_word' id='word_1_602' title='bbox 2830 3408 2892 3462; x_wconf 86' lang='grc' dir='ltr'><strong>τὸ</strong></span> <span class='ocrx_word' id='word_1_603' title='bbox 2937 3410 3297 3484; x_wconf 84' lang='grc' dir='ltr'>θυμιατήριον</span> <span class='ocrx_word' id='word_1_604' title='bbox 3339 3414 3635 3481; x_wconf 80' lang='grc' dir='ltr'>ἐπιδώσω;</span> <span class='ocrx_word' id='word_1_605' title='bbox 3676 3413 3831 3488; x_wconf 63' lang='grc' dir='ltr'><strong>Ἀρὰ</strong></span> 
     </span>
    </p>
   </div>
   <div class='ocr_carea' id='block_1_85' title="bbox 2242 3497 3826 3582">
    <p class='ocr_par' dir='ltr' id='par_1_85' title="bbox 2242 3497 3826 3582">
     <span class='ocr_line' id='line_1_86' title="bbox 2242 3497 3826 3582; baseline 0.01 -33"><span class='ocrx_word' id='word_1_606' title='bbox 2242 3514 2312 3567; x_wconf 84' lang='grc' dir='ltr'><strong>με</strong></span> <span class='ocrx_word' id='word_1_607' title='bbox 2340 3497 2572 3569; x_wconf 80' lang='grc' dir='ltr'>λήψεται</span> <span class='ocrx_word' id='word_1_608' title='bbox 2596 3502 2882 3569; x_wconf 86' lang='grc' dir='ltr'>κοινωνόν;</span> <span class='ocrx_word' id='word_1_609' title='bbox 2907 3500 3056 3576; x_wconf 62' lang='grc' dir='ltr'>*Αρα</span> <span class='ocrx_word' id='word_1_610' title='bbox 3081 3506 3158 3577; x_wconf 76' lang='grc' dir='ltr'>μὴ</span> <span class='ocrx_word' id='word_1_611' title='bbox 3182 3506 3560 3579; x_wconf 81' lang='grc' dir='ltr'>λογοθετήσων</span> <span class='ocrx_word' id='word_1_612' title='bbox 3589 3510 3826 3582; x_wconf 78' lang='grc' dir='ltr'>ἐλήλυθε</span> 
     </span>
    </p>
   </div>
   <div class='ocr_carea' id='block_1_86' title="bbox 2239 3589 2960 3665">
    <p class='ocr_par' dir='ltr' id='par_1_86' title="bbox 2239 3589 2960 3665">
     <span class='ocr_line' id='line_1_87' title="bbox 2239 3589 2960 3665; baseline 0.012 -23"><span class='ocrx_word' id='word_1_613' title='bbox 2239 3589 2348 3643; x_wconf 83' lang='grc' dir='ltr'><strong>τῶν</strong></span> <span class='ocrx_word' id='word_1_614' title='bbox 2375 3592 2547 3660; x_wconf 81' lang='grc' dir='ltr'>ἁγίων</span> <span class='ocrx_word' id='word_1_615' title='bbox 2571 3592 2919 3665; x_wconf 83' lang='grc' dir='ltr'>λειτουργούς</span> <span class='ocrx_word' id='word_1_616' title='bbox 2943 3613 2960 3663; x_wconf 90' lang='lat'><strong>;</strong></span> 
     </span>
    </p>
   </div>
   <div class='ocr_carea' id='block_1_87' title="bbox 2307 3852 3827 3935">
    <p class='ocr_par' dir='ltr' id='par_1_87' title="bbox 2307 3852 3827 3935">
     <span class='ocr_line' id='line_1_88' title="bbox 2307 3852 3827 3935; baseline 0.007 -30"><span class='ocrx_word' id='word_1_617' title='bbox 2307 3852 2543 3926; x_wconf 80' lang='grc' dir='ltr'>Φοϐερδν</span> <span class='ocrx_word' id='word_1_618' title='bbox 2567 3855 2681 3926; x_wconf 77' lang='grc' dir='ltr'><strong>ὁρῶ</strong></span> <span class='ocrx_word' id='word_1_619' title='bbox 2710 3856 2804 3911; x_wconf 76' lang='grc' dir='ltr'><strong>καὶ</strong></span> <span class='ocrx_word' id='word_1_620' title='bbox 2826 3857 3052 3929; x_wconf 80' lang='grc' dir='ltr'>φαιδρόν</span> <span class='ocrx_word' id='word_1_621' title='bbox 3070 3875 3085 3890; x_wconf 88' lang='grc'><strong>·</strong></span> <span class='ocrx_word' id='word_1_622' title='bbox 3115 3859 3411 3929; x_wconf 78' lang='grc' dir='ltr'>εὐαγγέλια</span> <span class='ocrx_word' id='word_1_623' title='bbox 3432 3861 3676 3932; x_wconf 76' lang='grc' dir='ltr'>κομίζων</span> <span class='ocrx_word' id='word_1_624' title='bbox 3698 3862 3827 3935; x_wconf 74' lang='grc' dir='ltr'><strong>ἐλή-</strong></span> 
     </span>
    </p>
   </div>
   <div class='ocr_carea' id='block_1_88' title="bbox 2238 3944 3820 4026">
    <p class='ocr_par' dir='ltr' id='par_1_88' title="bbox 2238 3944 3820 4026">
     <span class='ocr_line' id='line_1_89' title="bbox 2238 3944 3820 4026; baseline 0.009 -29"><span class='ocrx_word' id='word_1_625' title='bbox 2238 3944 2386 4012; x_wconf 83' lang='grc' dir='ltr'>λυθε,</span> <span class='ocrx_word' id='word_1_626' title='bbox 2426 3946 2606 4018; x_wconf 80' lang='grc' dir='ltr'>λιμὸν,</span> <span class='ocrx_word' id='word_1_627' title='bbox 2636 3948 2670 4020; x_wconf 83' lang='grc' dir='ltr'>ἢ</span> <span class='ocrx_word' id='word_1_628' title='bbox 2703 3950 2940 4021; x_wconf 87' lang='grc' dir='ltr'>πόλεμον</span> <span class='ocrx_word' id='word_1_629' title='bbox 2976 3952 3247 4018; x_wconf 58' lang='lat' dir='ltr'><strong>ansam;</strong></span> <span class='ocrx_word' id='word_1_630' title='bbox 3285 3954 3382 4006; x_wconf 84' lang='grc' dir='ltr'>καὶ</span> <span class='ocrx_word' id='word_1_631' title='bbox 3409 3955 3490 4007; x_wconf 80' lang='grc' dir='ltr'>ὅτι</span> <span class='ocrx_word' id='word_1_632' title='bbox 3523 3957 3623 4026; x_wconf 82' lang='grc' dir='ltr'><strong>μὲν</strong></span> <span class='ocrx_word' id='word_1_633' title='bbox 3650 3957 3820 4026; x_wconf 62' lang='grc' dir='ltr'>οὐράς</span> 
     </span>
    </p>
   </div>
   <div class='ocr_carea' id='block_1_89' title="bbox 2239 4039 3825 4117">
    <p class='ocr_par' dir='ltr' id='par_1_89' title="bbox 2239 4039 3825 4117">
     <span class='ocr_line' id='line_1_90' title="bbox 2239 4039 3825 4117; baseline 0.005 -26"><span class='ocrx_word' id='word_1_634' title='bbox 2239 4055 2350 4102; x_wconf 91' lang='grc' dir='ltr'>νιος</span> <span class='ocrx_word' id='word_1_635' title='bbox 2377 4039 2676 4112; x_wconf 79' lang='grc' dir='ltr'>δορυφόρος</span> <span class='ocrx_word' id='word_1_636' title='bbox 2709 4044 2739 4095; x_wconf 93' lang='lat'><strong>6</strong></span> <span class='ocrx_word' id='word_1_637' title='bbox 2765 4041 3063 4114; x_wconf 85' lang='grc' dir='ltr'>ὁρώμενος,</span> <span class='ocrx_word' id='word_1_638' title='bbox 3112 4044 3207 4098; x_wconf 66' lang='grc' dir='ltr'><strong>κα)⁸</strong></span> <span class='ocrx_word' id='word_1_639' title='bbox 3240 4045 3301 4097; x_wconf 78' lang='grc' dir='ltr'>οὐ</span> <span class='ocrx_word' id='word_1_640' title='bbox 3344 4044 3496 4109; x_wconf 83' lang='grc' dir='ltr'>Θεὸς,</span> <span class='ocrx_word' id='word_1_641' title='bbox 3540 4050 3572 4117; x_wconf 83' lang='grc' dir='ltr'>ή</span> <span class='ocrx_word' id='word_1_642' title='bbox 3628 4049 3825 4112; x_wconf 68' lang='grc' dir='ltr'>στάσεις</span> 
     </span>
    </p>
   </div>
   <div class='ocr_carea' id='block_1_90' title="bbox 2237 4131 3825 4209">
    <p class='ocr_par' dir='ltr' id='par_1_90' title="bbox 2237 4131 3825 4209">
     <span class='ocr_line' id='line_1_91' title="bbox 2237 4131 3825 4209; baseline 0.005 -24"><span class='ocrx_word' id='word_1_643' title='bbox 2237 4131 2408 4203; x_wconf 82' lang='grc' dir='ltr'>δηλοῖ.</span> <span class='ocrx_word' id='word_1_644' title='bbox 2458 4134 2687 4197; x_wconf 80' lang='grc' dir='ltr'>Ἡσαΐας</span> <span class='ocrx_word' id='word_1_645' title='bbox 2714 4135 2822 4206; x_wconf 87' lang='grc' dir='ltr'>γὰρ</span> <span class='ocrx_word' id='word_1_646' title='bbox 2850 4135 3166 4207; x_wconf 84' lang='grc' dir='ltr'>καθήμενον</span> <span class='ocrx_word' id='word_1_647' title='bbox 3195 4132 3304 4190; x_wconf 74' lang='grc' dir='ltr'>εἶδε</span> <span class='ocrx_word' id='word_1_648' title='bbox 3327 4137 3419 4190; x_wconf 81' lang='grc' dir='ltr'><strong>τὸν</strong></span> <span class='ocrx_word' id='word_1_649' title='bbox 3448 4137 3686 4209; x_wconf 76' lang='grc' dir='ltr'>Κύριονο</span> <span class='ocrx_word' id='word_1_650' title='bbox 3728 4140 3825 4193; x_wconf 81' lang='grc' dir='ltr'><strong>ἰε-</strong></span> 
     </span>
    </p>
   </div>
   <div class='ocr_carea' id='block_1_91' title="bbox 2239 4224 3823 4305">
    <p class='ocr_par' dir='ltr' id='par_1_91' title="bbox 2239 4224 3823 4305">
     <span class='ocr_line' id='line_1_92' title="bbox 2239 4224 3823 4305; baseline 0.005 -28"><span class='ocrx_word' id='word_1_651' title='bbox 2239 4224 2429 4296; x_wconf 79' lang='grc' dir='ltr'>ζεκιὴλ</span> <span class='ocrx_word' id='word_1_652' title='bbox 2461 4226 2555 4280; x_wconf 72' lang='grc' dir='ltr'><strong>ἐπὶ</strong></span> <span class='ocrx_word' id='word_1_653' title='bbox 2586 4226 2777 4297; x_wconf 78' lang='grc' dir='ltr'>θρόνον</span> <span class='ocrx_word' id='word_1_654' title='bbox 2808 4229 3105 4299; x_wconf 81' lang='grc' dir='ltr'>κατενόησε</span> <span class='ocrx_word' id='word_1_655' title='bbox 3134 4229 3223 4282; x_wconf 78' lang='grc' dir='ltr'><strong>τὸν</strong></span> <span class='ocrx_word' id='word_1_656' title='bbox 3256 4228 3549 4299; x_wconf 77' lang='grc' dir='ltr'>ἀσώματον</span> <span class='ocrx_word' id='word_1_657' title='bbox 3578 4248 3589 4259; x_wconf 91' lang='grc'><strong>·</strong></span> <span class='ocrx_word' id='word_1_658' title='bbox 3623 4233 3823 4305; x_wconf 74' lang='grc' dir='ltr'>Δανιὴλ</span> 
     </span>
    </p>
   </div>
   <div class='ocr_carea' id='block_1_92' title="bbox 2236 4317 3819 4394">
    <p class='ocr_par' dir='ltr' id='par_1_92' title="bbox 2236 4317 3819 4394">
     <span class='ocr_line' id='line_1_93' title="bbox 2236 4317 3819 4394; baseline 0.003 -22"><span class='ocrx_word' id='word_1_659' title='bbox 2236 4317 2504 4382; x_wconf 80' lang='grc' dir='ltr'>ὡσαύτως</span> <span class='ocrx_word' id='word_1_660' title='bbox 2532 4318 2626 4373; x_wconf 82' lang='grc' dir='ltr'><strong>τὸν</strong></span> <span class='ocrx_word' id='word_1_661' title='bbox 2661 4319 2901 4375; x_wconf 77' lang='grc' dir='ltr'>Παλαιὸν</span> <span class='ocrx_word' id='word_1_662' title='bbox 2923 4320 3032 4373; x_wconf 86' lang='grc' dir='ltr'><strong>τῶν</strong></span> <span class='ocrx_word' id='word_1_663' title='bbox 3078 4320 3306 4392; x_wconf 78' lang='grc' dir='ltr'>ἡμερῶν</span> <span class='ocrx_word' id='word_1_664' title='bbox 3342 4321 3677 4394; x_wconf 81' lang='grc' dir='ltr'>καθήμενον.</span> <span class='ocrx_word' id='word_1_665' title='bbox 3712 4319 3819 4377; x_wconf 65' lang='lat'><strong>05-</strong></span> 
     </span>
    </p>
   </div>
   <div class='ocr_carea' id='block_1_93' title="bbox 2237 4410 3820 4487">
    <p class='ocr_par' dir='ltr' id='par_1_93' title="bbox 2237 4410 3820 4487">
     <span class='ocr_line' id='line_1_94' title="bbox 2237 4410 3820 4487; baseline 0.002 -23"><span class='ocrx_word' id='word_1_666' title='bbox 2237 4427 2328 4474; x_wconf 89' lang='grc' dir='ltr'><strong>τος</strong></span> <span class='ocrx_word' id='word_1_667' title='bbox 2352 4410 2552 4482; x_wconf 74' lang='grc' dir='ltr'>ἕστηκε</span> <span class='ocrx_word' id='word_1_668' title='bbox 2579 4412 2678 4483; x_wconf 82' lang='grc' dir='ltr'><strong>τὴν</strong></span> <span class='ocrx_word' id='word_1_669' title='bbox 2700 4412 2977 4467; x_wconf 81' lang='grc' dir='ltr'>διακονίαν</span> <span class='ocrx_word' id='word_1_670' title='bbox 3001 4413 3226 4485; x_wconf 84' lang='grc' dir='ltr'>πληρῶν</span> <span class='ocrx_word' id='word_1_671' title='bbox 3251 4416 3318 4479; x_wconf 79' lang='grc'><strong>³⁸,</strong></span> <span class='ocrx_word' id='word_1_672' title='bbox 3340 4415 3410 4469; x_wconf 84' lang='grc' dir='ltr'><strong>τά</strong></span> <span class='ocrx_word' id='word_1_673' title='bbox 3434 4431 3495 4467; x_wconf 78' lang='grc' dir='ltr'><strong>τε</strong></span> <span class='ocrx_word' id='word_1_674' title='bbox 3515 4414 3820 4487; x_wconf 63' lang='grc' dir='ltr'>τιμιώτερα</span> 
     </span>
    </p>
   </div>
   <div class='ocr_carea' id='block_1_94' title="bbox 2240 4504 3821 4578">
    <p class='ocr_par' dir='ltr' id='par_1_94' title="bbox 2240 4504 3821 4578">
     <span class='ocr_line' id='line_1_95' title="bbox 2240 4504 3821 4578; baseline 0.003 -21"><span class='ocrx_word' id='word_1_675' title='bbox 2240 4505 2383 4576; x_wconf 84' lang='grc' dir='ltr'>μέρη</span> <span class='ocrx_word' id='word_1_676' title='bbox 2412 4504 2508 4559; x_wconf 81' lang='grc' dir='ltr'>τοῦ</span> <span class='ocrx_word' id='word_1_677' title='bbox 2540 4505 2933 4577; x_wconf 81' lang='grc' dir='ltr'>θυσιαστηρίου</span> <span class='ocrx_word' id='word_1_678' title='bbox 2975 4506 3175 4562; x_wconf 83' lang='grc' dir='ltr'>λαϐὼν.</span> <span class='ocrx_word' id='word_1_679' title='bbox 3211 4507 3407 4577; x_wconf 71' lang='grc' dir='ltr'>Οἶμοιί</span> <span class='ocrx_word' id='word_1_680' title='bbox 3437 4511 3650 4578; x_wconf 77' lang='grc' dir='ltr'>μήποτε</span> <span class='ocrx_word' id='word_1_681' title='bbox 3682 4510 3821 4578; x_wconf 75' lang='grc' dir='ltr'>πρὸς</span> 
     </span>
    </p>
   </div>
   <div class='ocr_carea' id='block_1_95' title="bbox 2236 4595 3820 4669">
    <p class='ocr_par' dir='ltr' id='par_1_95' title="bbox 2236 4595 3820 4669">
     <span class='ocr_line' id='line_1_96' title="bbox 2236 4595 3820 4669; baseline 0.003 -22"><span class='ocrx_word' id='word_1_682' title='bbox 2236 4598 2302 4666; x_wconf 76' lang='grc' dir='ltr'>τῇ</span> <span class='ocrx_word' id='word_1_683' title='bbox 2335 4597 2443 4667; x_wconf 79' lang='grc' dir='ltr'><strong>ἐμῇ</strong></span> <span class='ocrx_word' id='word_1_684' title='bbox 2476 4596 2723 4668; x_wconf 84' lang='grc' dir='ltr'>ἁμαρτίᾳ</span> <span class='ocrx_word' id='word_1_685' title='bbox 2756 4598 2853 4650; x_wconf 73' lang='grc' dir='ltr'>καὶ</span> <span class='ocrx_word' id='word_1_686' title='bbox 2881 4596 2975 4650; x_wconf 83' lang='grc' dir='ltr'>τοῦ</span> <span class='ocrx_word' id='word_1_687' title='bbox 3008 4595 3141 4650; x_wconf 83' lang='grc' dir='ltr'>λαοῦ</span> <span class='ocrx_word' id='word_1_688' title='bbox 3175 4596 3273 4660; x_wconf 80' lang='grc' dir='ltr'>τὰς</span> <span class='ocrx_word' id='word_1_689' title='bbox 3312 4597 3544 4662; x_wconf 83' lang='grc' dir='ltr'>εὐθύνας</span> <span class='ocrx_word' id='word_1_690' title='bbox 3580 4600 3820 4669; x_wconf 80' lang='grc' dir='ltr'>εἰσπρα-</span> 
     </span>
    </p>
   </div>
   <div class='ocr_carea' id='block_1_96' title="bbox 2239 4686 3816 4763">
    <p class='ocr_par' dir='ltr' id='par_1_96' title="bbox 2239 4686 3816 4763">
     <span class='ocr_line' id='line_1_97' title="bbox 2239 4686 3816 4763; baseline 0.002 -23"><span class='ocrx_word' id='word_1_691' title='bbox 2239 4686 2398 4760; x_wconf 78' lang='grc' dir='ltr'>ξηται</span> <span class='ocrx_word' id='word_1_692' title='bbox 2418 4688 2749 4759; x_wconf 50' lang='grc' dir='ltr'><strong>υλΜήποτέ</strong></span> <span class='ocrx_word' id='word_1_693' title='bbox 2780 4706 2871 4759; x_wconf 87' lang='grc' dir='ltr'><strong>μοι</strong></span> <span class='ocrx_word' id='word_1_694' title='bbox 2904 4689 2967 4743; x_wconf 81' lang='grc' dir='ltr'><strong>τὸ</strong></span> <span class='ocrx_word' id='word_1_695' title='bbox 2996 4688 3225 4759; x_wconf 82' lang='grc' dir='ltr'>μέγεθος</span> <span class='ocrx_word' id='word_1_696' title='bbox 3247 4688 3350 4760; x_wconf 80' lang='grc' dir='ltr'>τῆς</span> <span class='ocrx_word' id='word_1_697' title='bbox 3370 4690 3539 4763; x_wconf 79' lang='grc' dir='ltr'>τιμῆς</span> <span class='ocrx_word' id='word_1_698' title='bbox 3565 4690 3816 4761; x_wconf 68' lang='grc' dir='ltr'>μείζονος</span> 
     </span>
    </p>
   </div>
   <div class='ocr_carea' id='block_1_97' title="bbox 2235 4782 3059 4856">
    <p class='ocr_par' dir='ltr' id='par_1_97' title="bbox 2235 4782 3059 4856">
     <span class='ocr_line' id='line_1_98' title="bbox 2235 4782 3059 4856; baseline 0.021 -22"><span class='ocrx_word' id='word_1_699' title='bbox 2235 4783 2467 4854; x_wconf 81' lang='grc' dir='ltr'>γένηται</span> <span class='ocrx_word' id='word_1_700' title='bbox 2494 4782 2771 4855; x_wconf 77' lang='grc' dir='ltr'>τιμωρίας</span> <span class='ocrx_word' id='word_1_701' title='bbox 2798 4784 3026 4856; x_wconf 79' lang='grc' dir='ltr'><strong>ἀφορμή</strong></span> <span class='ocrx_word' id='word_1_702' title='bbox 3043 4801 3059 4851; x_wconf 73' lang='grc' dir='ltr'><strong>ἰ</strong></span> 
     </span>
    </p>
   </div>
   <div class='ocr_carea' id='block_1_98' title="bbox 2307 5055 3807 5133">
    <p class='ocr_par' dir='ltr' id='par_1_98' title="bbox 2307 5055 3807 5133">
     <span class='ocr_line' id='line_1_99' title="bbox 2307 5055 3807 5133; baseline -0.002 -17"><span class='ocrx_word' id='word_1_703' title='bbox 2307 5063 2381 5116; x_wconf 85' lang='grc' dir='ltr'><strong>Ζ’.</strong></span> <span class='ocrx_word' id='word_1_704' title='bbox 2412 5060 2598 5115; x_wconf 82' lang='grc' dir='ltr'>Ταῦτα</span> <span class='ocrx_word' id='word_1_705' title='bbox 2624 5058 2897 5133; x_wconf 81' lang='grc' dir='ltr'>Ζαχαρίας</span> <span class='ocrx_word' id='word_1_706' title='bbox 2920 5058 3295 5131; x_wconf 78' lang='grc' dir='ltr'>λογιζόμενος,</span> <span class='ocrx_word' id='word_1_707' title='bbox 3327 5058 3675 5131; x_wconf 74' lang='grc' dir='ltr'>ἐταράττετο.</span> <span class='ocrx_word' id='word_1_708' title='bbox 3701 5055 3807 5113; x_wconf 74' lang='grc' dir='ltr'><strong>Οὗι</strong></span> 
     </span>
    </p>
   </div>
   <div class='ocr_carea' id='block_1_99' title="bbox 2236 5155 3807 5247">
    <p class='ocr_par' dir='ltr' id='par_1_99' title="bbox 2236 5155 3807 5247">
     <span class='ocr_line' id='line_1_100' title="bbox 2236 5155 3807 5247; baseline -0.003 -37"><span class='ocrx_word' id='word_1_709' title='bbox 2236 5158 2395 5213; x_wconf 70' lang='grc' dir='ltr'>ἔλαθε</span> <span class='ocrx_word' id='word_1_710' title='bbox 2424 5159 2484 5217; x_wconf 79' lang='grc' dir='ltr'>δὲ</span> <span class='ocrx_word' id='word_1_711' title='bbox 2508 5158 2607 5211; x_wconf 75' lang='grc' dir='ltr'><strong>τὸν</strong></span> <span class='ocrx_word' id='word_1_712' title='bbox 2630 5157 2862 5247; x_wconf 76' lang='grc' dir='ltr'>ἄγγελον</span> <span class='ocrx_word' id='word_1_713' title='bbox 2885 5156 3126 5228; x_wconf 79' lang='grc' dir='ltr'>Γαϐριὴλ</span> <span class='ocrx_word' id='word_1_714' title='bbox 3148 5156 3244 5209; x_wconf 83' lang='grc' dir='ltr'><strong>τοῦ</strong></span> <span class='ocrx_word' id='word_1_715' title='bbox 3270 5156 3460 5227; x_wconf 76' lang='grc' dir='ltr'>ἱερέως</span> <span class='ocrx_word' id='word_1_716' title='bbox 3484 5158 3514 5207; x_wconf 92' lang='lat'><strong>6</strong></span> <span class='ocrx_word' id='word_1_717' title='bbox 3539 5155 3777 5224; x_wconf 79' lang='grc' dir='ltr'>τάραχος</span> <span class='ocrx_word' id='word_1_718' title='bbox 3794 5168 3807 5183; x_wconf 86' lang='grc'><strong>·</strong></span> 
     </span>
    </p>
   </div>
   <div class='ocr_carea' id='block_1_100' title="bbox 2062 5296 3419 5365">
    <p class='ocr_par' dir='ltr' id='par_1_100' title="bbox 2062 5296 3419 5365">
     <span class='ocr_line' id='line_1_101' title="bbox 2062 5296 3419 5365; baseline 0.002 -15"><span class='ocrx_word' id='word_1_719' title='bbox 2062 5299 2089 5339; x_wconf 77' lang='lat' dir='ltr'><strong>h</strong></span> <span class='ocrx_word' id='word_1_720' title='bbox 2117 5296 2223 5353; x_wconf 86' lang='lat' dir='ltr'><strong>lsa.</strong></span> <span class='ocrx_word' id='word_1_721' title='bbox 2255 5312 2329 5363; x_wconf 80' lang='grc' dir='ltr'><strong>νι,</strong></span> <span class='ocrx_word' id='word_1_722' title='bbox 2360 5297 2414 5354; x_wconf 78' lang='grc'><strong>1.</strong></span> <span class='ocrx_word' id='word_1_723' title='bbox 2491 5296 2726 5353; x_wconf 76' lang='lat' dir='ltr'><strong>iEzecb.</strong></span> <span class='ocrx_word' id='word_1_724' title='bbox 2764 5313 2804 5365; x_wconf 84' lang='grc' dir='ltr'><strong>ι,</strong></span> <span class='ocrx_word' id='word_1_725' title='bbox 2830 5296 2923 5354; x_wconf 75' lang='lat'><strong>26.</strong></span> <span class='ocrx_word' id='word_1_726' title='bbox 3015 5300 3029 5348; x_wconf 73' lang='grc' dir='ltr'>ἱ</span> <span class='ocrx_word' id='word_1_727' title='bbox 3070 5297 3206 5353; x_wconf 89' lang='lat' dir='ltr'><strong>Dan.</strong></span> <span class='ocrx_word' id='word_1_728' title='bbox 3238 5312 3335 5362; x_wconf 80' lang='lat' dir='ltr'><strong>vn,</strong></span> <span class='ocrx_word' id='word_1_729' title='bbox 3365 5297 3419 5353; x_wconf 92' lang='lat'><strong>9.</strong></span> 
     </span>
    </p>
   </div>
   <div class='ocr_carea' id='block_1_101' title="bbox 1864 5416 2538 5474">
    <p class='ocr_par' dir='ltr' id='par_1_101' title="bbox 1864 5416 2538 5474">
     <span class='ocr_line' id='line_1_102' title="bbox 1864 5416 2538 5474; baseline -0.004 0"><span class='ocrx_word' id='word_1_730' title='bbox 1864 5416 2098 5474; x_wconf 69' lang='lat' dir='ltr'><strong>VARUE</strong></span> <span class='ocrx_word' id='word_1_731' title='bbox 2132 5416 2538 5474; x_wconf 82' lang='lat' dir='ltr'><strong>LECTIONES.</strong></span> 
     </span>
    </p>
   </div>
   <div class='ocr_carea' id='block_1_102' title="bbox 617 5501 1442 5572">
    <p class='ocr_par' dir='ltr' id='par_1_102' title="bbox 617 5501 1442 5572">
     <span class='ocr_line' id='line_1_103' title="bbox 617 5501 1442 5572; baseline 0.01 -17"><span class='ocrx_word' id='word_1_732' title='bbox 617 5502 665 5536; x_wconf 80' lang='lat'><strong>”</strong></span> <span class='ocrx_word' id='word_1_733' title='bbox 698 5501 828 5572; x_wconf 84' lang='lat' dir='ltr'><strong>Seq.</strong></span> <span class='ocrx_word' id='word_1_734' title='bbox 860 5503 1019 5560; x_wconf 83' lang='lat' dir='ltr'><strong>aliter</strong></span> <span class='ocrx_word' id='word_1_735' title='bbox 1058 5503 1121 5561; x_wconf 91' lang='lat' dir='ltr'><strong>C.</strong></span> <span class='ocrx_word' id='word_1_736' title='bbox 1148 5505 1309 5562; x_wconf 77' lang='lat' dir='ltr'><strong>Barli.</strong></span> <span class='ocrx_word' id='word_1_737' title='bbox 1349 5509 1442 5563; x_wconf 73' lang='grc' dir='ltr'><strong>καὶ</strong></span> 
     </span>
    </p>
   </div>
   <div class='ocr_carea' id='block_1_103' title="bbox 1480 5502 3808 5582">
    <p class='ocr_par' dir='ltr' id='par_1_103' title="bbox 1480 5502 3808 5582">
     <span class='ocr_line' id='line_1_104' title="bbox 1480 5502 3808 5582; baseline 0.002 -20"><span class='ocrx_word' id='word_1_738' title='bbox 1480 5509 1673 5582; x_wconf 81' lang='grc' dir='ltr'>χρόνου</span> <span class='ocrx_word' id='word_1_739' title='bbox 1726 5511 1899 5582; x_wconf 78' lang='grc' dir='ltr'>μῆκος</span> <span class='ocrx_word' id='word_1_740' title='bbox 1928 5512 2198 5582; x_wconf 70' lang='grc' dir='ltr'>ἀνήλωσε</span> <span class='ocrx_word' id='word_1_741' title='bbox 2220 5509 2319 5582; x_wconf 82' lang='grc' dir='ltr'>τὴν</span> <span class='ocrx_word' id='word_1_742' title='bbox 2351 5508 2902 5582; x_wconf 23' lang='grc' dir='ltr'>νομικὴνΑἘλισάϐετ</span> <span class='ocrx_word' id='word_1_743' title='bbox 2939 5509 3196 5582; x_wconf 38' lang='grc' dir='ltr'>στείραη,</span> <span class='ocrx_word' id='word_1_744' title='bbox 3228 5509 3272 5544; x_wconf 84' lang='grc'><strong><em>³⁸</em></strong></span> <span class='ocrx_word' id='word_1_745' title='bbox 3304 5502 3707 5582; x_wconf 18' lang='grc' dir='ltr'>Αίιοθι-ᾗσανῃι</span> <span class='ocrx_word' id='word_1_746' title='bbox 3744 5508 3808 5568; x_wconf 91' lang='lat' dir='ltr'><strong>C.</strong></span> 
     </span>
    </p>
   </div>
   <div class='ocr_carea' id='block_1_104' title="bbox 544 5562 3802 5649">
    <p class='ocr_par' dir='ltr' id='par_1_104' title="bbox 544 5562 3802 5649">
     <span class='ocr_line' id='line_1_105' title="bbox 544 5562 3802 5649; baseline 0.002 -21"><span class='ocrx_word' id='word_1_747' title='bbox 544 5571 712 5649; x_wconf 73' lang='lat' dir='ltr'><strong>Barb.</strong></span> <span class='ocrx_word' id='word_1_748' title='bbox 770 5562 821 5649; x_wconf 57' lang='grc' dir='ltr'>εξ</span> <span class='ocrx_word' id='word_1_749' title='bbox 851 5575 983 5649; x_wconf 67' lang='lat' dir='ltr'><strong>oon.</strong></span> <span class='ocrx_word' id='word_1_750' title='bbox 1018 5577 1138 5631; x_wconf 82' lang='lat' dir='ltr'><strong>Vat.</strong></span> <span class='ocrx_word' id='word_1_751' title='bbox 1170 5562 1978 5644; x_wconf 58' lang='lat' dir='ltr'><strong>széaavug.“‘&quot;c.tiai-tiL&#39;tiic</strong></span> <span class='ocrx_word' id='word_1_752' title='bbox 2003 5562 2608 5635; x_wconf 49' lang='lat' dir='ltr'><strong>maserutari;</strong></span> <span class='ocrx_word' id='word_1_753' title='bbox 2640 5600 2665 5631; x_wconf 70' lang='grc' dir='ltr'><strong>ει</strong></span> <span class='ocrx_word' id='word_1_754' title='bbox 2695 5562 2949 5636; x_wconf 57' lang='grc' dir='ltr'><strong>ϐξιιεὲιὲι).</strong></span> <span class='ocrx_word' id='word_1_755' title='bbox 3002 5562 3613 5649; x_wconf 32' lang='grc' dir='ltr'><strong>έι⁸ι3.ίνει.γάρ.”ιεό.</strong></span> <span class='ocrx_word' id='word_1_756' title='bbox 3643 5562 3802 5635; x_wconf 58' lang='lat' dir='ltr'><strong>Bari}.</strong></span> 
     </span>
    </p>
   </div>
   <div class='ocr_carea' id='block_1_105' title="bbox 546 5643 3803 5726">
    <p class='ocr_par' dir='ltr' id='par_1_105' title="bbox 546 5643 3803 5726">
     <span class='ocr_line' id='line_1_106' title="bbox 546 5643 3803 5726; baseline 0.003 -29"><span class='ocrx_word' id='word_1_757' title='bbox 546 5643 753 5714; x_wconf 79' lang='grc' dir='ltr'>μᾶλλον</span> <span class='ocrx_word' id='word_1_758' title='bbox 769 5644 828 5699; x_wconf 83' lang='grc' dir='ltr'><strong>τδ</strong></span> <span class='ocrx_word' id='word_1_759' title='bbox 852 5644 1181 5719; x_wconf 82' lang='grc' dir='ltr'>θυμιάματι.</span> <span class='ocrx_word' id='word_1_760' title='bbox 1222 5650 1267 5681; x_wconf 83' lang='grc'><strong>³⁸</strong></span> <span class='ocrx_word' id='word_1_761' title='bbox 1285 5650 1346 5705; x_wconf 82' lang='lat' dir='ltr'><strong>C.</strong></span> <span class='ocrx_word' id='word_1_762' title='bbox 1377 5643 1538 5707; x_wconf 67' lang='grc' dir='ltr'>ωτι).</span> <span class='ocrx_word' id='word_1_763' title='bbox 1558 5652 1587 5705; x_wconf 90' lang='lat'><strong>6</strong></span> <span class='ocrx_word' id='word_1_764' title='bbox 1605 5651 1821 5718; x_wconf 70' lang='grc' dir='ltr'>ἄϐατος.</span> <span class='ocrx_word' id='word_1_765' title='bbox 1868 5652 1909 5685; x_wconf 87' lang='grc'><strong>³⁷</strong></span> <span class='ocrx_word' id='word_1_766' title='bbox 1926 5652 1987 5709; x_wconf 87' lang='lat' dir='ltr'><strong>C.</strong></span> <span class='ocrx_word' id='word_1_767' title='bbox 2008 5650 2166 5706; x_wconf 81' lang='lat' dir='ltr'><strong>Barli.</strong></span> <span class='ocrx_word' id='word_1_768' title='bbox 2192 5652 2494 5722; x_wconf 74' lang='grc' dir='ltr'>προελθών.</span> <span class='ocrx_word' id='word_1_769' title='bbox 2539 5650 2659 5707; x_wconf 72' lang='lat' dir='ltr'><strong>&quot;li.</strong></span> <span class='ocrx_word' id='word_1_770' title='bbox 2676 5651 2836 5707; x_wconf 87' lang='lat' dir='ltr'><strong>Barb.</strong></span> <span class='ocrx_word' id='word_1_771' title='bbox 2854 5652 3052 5726; x_wconf 77' lang='grc' dir='ltr'>δηλῶν.</span> <span class='ocrx_word' id='word_1_772' title='bbox 3091 5653 3134 5684; x_wconf 80' lang='grc'>³³</span> <span class='ocrx_word' id='word_1_773' title='bbox 3153 5652 3215 5709; x_wconf 80' lang='lat' dir='ltr'><strong>C.</strong></span> <span class='ocrx_word' id='word_1_774' title='bbox 3234 5643 3404 5706; x_wconf 13' lang='lat' dir='ltr'><strong>.Ba&#39;rb&#39;.</strong></span> <span class='ocrx_word' id='word_1_775' title='bbox 3423 5651 3803 5723; x_wconf 76' lang='grc' dir='ltr'>εἰσπράξεται.</span> 
     </span>
    </p>
   </div>
   <div class='ocr_carea' id='block_1_106' title="bbox 2100 5741 2331 5800">
    <p class='ocr_par' dir='ltr' id='par_1_106' title="bbox 2100 5741 2331 5800">
     <span class='ocr_line' id='line_1_107' title="bbox 2100 5741 2331 5800; baseline 0.004 -1"><span class='ocrx_word' id='word_1_776' title='bbox 2100 5741 2331 5800; x_wconf 59' lang='lat' dir='ltr'><strong>NOTAE.</strong></span> 
     </span>
    </p>
   </div>
   <div class='ocr_carea' id='block_1_107' title="bbox 618 5831 1357 5907">
    <p class='ocr_par' dir='ltr' id='par_1_107' title="bbox 618 5831 1357 5907">
     <span class='ocr_line' id='line_1_108' title="bbox 618 5831 1357 5907; baseline 0.004 -19"><span class='ocrx_word' id='word_1_777' title='bbox 618 5831 697 5907; x_wconf 74' lang='grc' dir='ltr'><strong>(Ξ)</strong></span> <span class='ocrx_word' id='word_1_778' title='bbox 725 5831 811 5891; x_wconf 80' lang='lat' dir='ltr'><strong>Cf.</strong></span> <span class='ocrx_word' id='word_1_779' title='bbox 846 5832 1019 5893; x_wconf 77' lang='lat' dir='ltr'><strong>Exod.</strong></span> <span class='ocrx_word' id='word_1_780' title='bbox 1050 5848 1242 5902; x_wconf 76' lang='lat' dir='ltr'><strong>xxxix,</strong></span> <span class='ocrx_word' id='word_1_781' title='bbox 1267 5833 1357 5891; x_wconf 73' lang='lat'><strong>25.</strong></span> 
     </span>
    </p>
   </div>
  </div>
