4164 6516
663 418 787 483 1771

1630 414 2042 473 ANTIPATRI
2082 414 2544 477 BOSTRENSIS
2576 414 2915 475 EPISCOPI

3761 398 3915 461 .1772

664 550 785 588 nem
830 538 893 585 de
925 548 1027 598 qua
1058 531 1223 585 Isaias
1252 529 1440 584 multis
1472 537 1597 581 ante
1634 528 1845 582 saeculis
1889 529 2234 598 prophetavit

2358 532 2586 594 Ἐκεῖνος
2633 529 2932 592 πιστεύσας
2979 526 3038 580 τὸ
3072 522 3525 596 μεῖζονὲκήρυξε
3554 537 3566 549 ·
3609 523 3676 575 σύ
3726 522 3810 584 δὲ,
3837 520 3916 588 τῷ

660 628 891 679 dicens:
926 624 1057 677 Ecce
1101 624 1245 691 virgo
1296 623 1351 674 in
1401 630 1550 674 utero
1586 621 1814 683 habebit,
1860 630 1907 673 et
1951 620 2120 688 pariet
2160 620 2228 687 [ἱ-

624 782 629 791 .
661 717 790 768 lium
815 716 877 768 s?
910 713 1002 769 llle
1032 713 1193 768 fidem
1223 713 1429 767 habens
1450 752 1464 774 ,
1497 713 1548 764 id
1597 714 1739 780 quod
1783 711 1957 781 majus
1983 722 2067 766 est
2093 726 2232 780 pra:-

624 804 630 821 '
662 810 898 876 dicavit;
930 820 983 861 tu
1017 824 1167 869 vero,
1205 808 1256 861 in
1291 822 1349 861 re
1385 806 1574 861 leviori
1610 806 1935 869 incredulus,
1967 821 1995 858 a
2038 820 2124 859 me
2148 820 2235 857 ra—

667 900 841 951 tiones
881 897 1074 967 exigis,
1105 898 1196 965 qui
1229 897 1296 949 ad
1339 905 1389 949 te
1431 904 1650 964 propter
1695 905 1746 949 te
1778 911 1808 949 e
1837 894 1992 949 cmlis
2038 894 2236 948 missus

664 992 814 1044 sum!
868 989 974 1043 Sed
1006 990 1259 1057 quoniam
1306 988 1401 1042 tibi
1452 988 1601 1042 cordi
1643 996 1727 1041 est
1758 988 1971 1056 signum
2022 985 2238 1054 aliquod

666 1080 934 1147 accipere,
963 1080 1036 1150 (id
1062 1081 1204 1135 enim
1230 1081 1456 1149 petiisti,
1481 1090 1643 1150 atque
1674 1079 1879 1133 utinam
1913 1092 2018 1131 non
2051 1078 2239 1145 petiis-

667 1173 814 1239 scs!)
840 1174 1117 1241 gignenda:
1143 1173 1312 1240 prolis
1355 1174 1546 1242 pignus
1579 1172 1721 1226 habe
1744 1171 1838 1224 tibi
1879 1170 2104 1239 loquelae
2141 1171 2242 1222 im-

671 1262 1035 1329 pedimeutum
1070 1282 1082 1317 :
1114 1274 1295 1318 mlllllS
1348 1264 1480 1327 eris,
1533 1262 1708 1317 donec
1757 1276 2036 1317 sermones
2094 1277 2243 1315 meos

672 1354 811 1409 facta
847 1358 1310 1410 conﬁrmaverint.
1344 1355 1659 1410 Transeant
1689 1370 1717 1407 a
1758 1354 2050 1428 generandi
2080 1368 2242 1423 orga-

674 1451 758 1504 nis
786 1452 852 1504 ad
875 1464 1073 1519 organa
1103 1451 1247 1504 vocis
1279 1449 1587 1503 Sterilitatis
1611 1448 1825 1501 vincula
1854 1466 1866 1501 :
1902 1462 2032 1501 voce
2070 1447 2241 1516 impe-

675 1539 840 1601 ditus,
890 1540 1048 1608 gigne
1102 1540 1234 1593 mihi
1278 1554 1403 1594 eum
1445 1540 1535 1608 qui
1586 1554 1690 1593 vox
1737 1539 1951 1593 futurus
2003 1546 2104 1592 est.
2166 1537 2244 1591 llli

675 1632 820 1685 enim
860 1631 955 1684 soli
989 1632 1159 1699 patris
1195 1643 1476 1700 peccatum
1518 1631 1860 1686 condonabo.
1893 1630 2117 1684 Amicus
2159 1638 2246 1683 est

682 1722 896 1776 Domini
924 1739 939 1774 :
967 1736 1304 1790 quaecunque
1355 1722 1487 1786 vult,
1544 1732 1799 1791 tanquam
1839 1720 2051 1773 amicus
2086 1718 2243 1787 petit.

750 1815 887 1869 Vill.
929 1815 1066 1869 Cum
1106 1818 1217 1869 haec
1254 1816 1394 1867 intra
1429 1814 1799 1868 sanctuarium
1827 1820 2116 1883 agerentur
2148 1826 2244 1864 seu

2334 623 2577 676 ἐλάττονι
2631 623 2964 690 ἀπιστήσας,
2996 619 3227 681 εὐθύνας
3268 618 3591 687 εἰσπράττει
3628 630 3719 683 μοι
3742 614 3791 643 ⁵*
3822 612 3917 664 τὸν

2335 714 2627 784 οὐρανόθεν
2656 712 3033 767 ἀποσταλέντα
3057 710 3193 780 πρὸς
3225 708 3305 771 σὲ,
3324 708 3413 761 διὰ
3445 706 3525 759 σέ.
3558 704 3698 757 Ἀλλ’
3723 701 3917 771 ἐπειδὴ

2339 823 2422 858 σοι
2459 805 2799 874 καταθύμιον
2838 804 3062 872 σημεῖον
3094 801 3281 854 λαϐεῖν
3320 798 3497 870 (τοῦτο
3526 797 3634 867 γὰρ
3680 796 3919 865 ᾔτησας,

2342 898 2419 959 ὡς
2449 897 2549 949 οὐκ
2586 896 2795 965 ὤφελες
2823 896 2913 963 ⁸ο),
2948 894 3104 963 δέχου
3149 893 3247 961 τὴν
3293 890 3557 959 ἀφωνίαν,
3607 889 3707 957 τῆς
3730 887 3924 939 παιδο-

2341 988 2523 1050 ποιίας
2549 988 2803 1057 ἐνέχυρον
2822 1003 2834 1016 ·
2870 986 2969 1058 ἔσῃ
2994 985 3160 1053 σιγῶν
3191 983 3384 1054 μέχρις
3406 982 3472 1034 ἂν
3502 982 3628 1043 τοὺς
3658 980 3857 1046 λόγους
3875 979 3921 1009 ⁸⁸

2343 1078 2567 1151 κυρὼσῃ
2596 1080 2664 1133 τὰ
2704 1080 3027 1150 πράγματα.
3070 1078 3165 1129 Ἐκ
3210 1076 3319 1128 τῶν
3363 1072 3700 1143 γεννητικῶν
3736 1071 3820 1134 είς
3851 1068 3928 1121 τὰ

2344 1174 2627 1243 φωνητικά
2671 1174 2880 1243 ὅργανα
2928 1170 3303 1242 μεταϐαινέτω
3332 1170 3376 1199 ⁶¹
3424 1168 3527 1235 τῆς
3574 1163 3927 1235 στειριὶωεως

2343 1266 2413 1319 τὰ
2439 1266 2635 1335 δεσμὰ,
2672 1265 2929 1335 πεδηΘεὶς
2954 1266 3019 1333 τῇ
3050 1264 3223 1332 φωνῇ,
3260 1261 3517 1329 κυοφόρει
3560 1276 3651 1327 μοι
3681 1257 3779 1327 τὴν
3809 1274 3929 1323 (pw-

2346 1358 2441 1426 νὴν
2464 1357 2529 1387 ⁸³·
2556 1356 2749 1425 ἐκείνῳ
2777 1357 2886 1425 γὰρ
2912 1355 3058 1423 μόνῳ
3089 1353 3478 1421 παραχωρήσω
3506 1349 3601 1401 τοῦ
3633 1347 3839 1416 πατρὸς
3860 1346 3927 1397 τὸ

2347 1448 2722 1517 παράπτωμα.
2756 1444 3083 1504 Δεσποτικὸς
3116 1443 3269 1512 φίλος
3302 1441 3473 1495 ἐστίν·
3502 1441 3644 1509 ἆπερ
3675 1438 3820 1491 οέλει
3852 1438 3927 1501 ⁶ἓ,

2347 1540 2424 1603 ὡς
2458 1540 2611 1607 φίλος
2644 1540 2804 1592 αἰτεῖ.

2424 1822 2503 1872 H’.
2534 1820 2751 1873 Τούτων
2780 1819 2928 1871 ἔνδον
2958 1818 3296 1888 τελουμένων
3325 1818 3357 1887 ἢ
3387 1816 3720 1885 λεγομένων,
3753 1818 3784 1868 ὀ
3812 1833 3936 1867 xsu-

682 1907 1009 1972 dicerentur,
1052 1916 1327 1974 protracta
1374 1905 1736 1973 (sacerdotis)
1789 1918 1939 1957 mora
1996 1917 2247 1972 magnum

2359 1912 2450 1983 ρὸς
2486 1911 2907 1981 συστελλόμενος
2939 1911 2983 1941 ⁸⁵
3015 1912 3093 1973 είς
3121 1881 3311 1980 δαῦμα
3337 1881 3439 1979 ἦγε
3463 1881 3645 1977 -δδήτὴν
3676 1909 3894 1980 πληϐύν
3916 1924 3930 1939 ⁶

682 1998 1013 2053 multitudini
1048 2006 1322 2066 stuporem
1352 1997 1591 2062 creabat,
1618 2010 1913 2063 eorumque
1937 1996 2173 2063 suspicio
2200 1996 2251 2049 in

681 2091 863 2143 varias
904 2097 1087 2157 partes
1118 2087 1381 2141 distracta
1430 2088 1719 2155 unicuique
1755 2088 1932 2139 varias
1970 2086 2257 2153 ingerebat

686 2183 1051 2251 conjecturas,
1090 2180 1264 2234 donec
1293 2180 1550 2248 prodiens
1578 2180 1871 2235 Zacharias
1911 2179 2129 2233 silentio
2159 2193 2258 2232 suo

684 2275 901 2330 edocmt
923 2290 1063 2344 quae,
1090 2274 1216 2329 dum
1254 2272 1396 2327 intus
1441 2274 1653 2338 lateret,
1682 2287 1873 2342 passus
1900 2273 2097 2327 fuerat.
2122 2270 2255 2326 Cum

688 2376 870 2421 autem
901 2368 1017 2422 dies
1051 2367 1338 2421 ministerii
1390 2365 1684 2435 explesset,
1721 2367 1937 2418 domum
1973 2377 2032 2418 se
2064 2371 2257 2417 contu-

679 2464 769 2526 lit,
823 2464 877 2517 in
923 2462 1235 2530 praecordiis
1281 2462 1479 2515 bonum
1525 2459 1795 2521 nuntium,
1832 2458 1883 2511 in
1926 2472 2021 2511 ore
2075 2466 2255 2510 autem

684 2557 899 2612 frenum
937 2570 1150 2626 gerens.
1207 2553 1273 2608 Et
1309 2556 1409 2607 hoc
1449 2554 1687 2623 quidem,
1741 2553 1783 2606 si
1814 2552 1885 2604 ita
1914 2551 2055 2619 loqui
2087 2550 2255 2612 lubet,

687 2650 901 2707 init-ium
934 2658 1019 2703 est
1066 2646 1438 2717 conceptionls
1472 2644 1832 2699 Prtecursoris
1863 2662 1875 2697 :
1913 2643 2069 2712 cujus
2117 2642 2260 2695 nati-

686 2744 907 2797 vitatem
939 2741 1221 2797 celebrare
1260 2739 1305 2794 si
1355 2739 1581 2793 velimus
1606 2777 1621 2801 ,
1656 2751 1880 2792 necesse
1921 2749 2143 2805 prorsus
2177 2741 2260 2787 est

688 2844 747 2887 ut
780 2842 1021 2903 cognatae
1044 2832 1405 2887 solemnitatis
1432 2830 1759 2884 mentionem
1791 2827 2075 2882 faciamus.

762 2925 851 2979 ΙΧ.
897 2925 1062 2979 Sexto
1108 2925 1252 2978 enim
1307 2938 1334 2975 a
1393 2922 1749 2991 conceptione
1778 2918 2002 2974 Joannis
2046 2935 2254 2983 mense,

676 3017 906 3071 Gabriel
945 3018 999 3068 in
1038 3016 1226 3067 urbem
1260 3012 1529 3066 Nazareth
1560 3011 1726 3073 venit,
1780 3020 1837 3063 ut
1868 3009 2072 3064 faustas
2102 3024 2129 3061 a
2162 3010 2256 3061 Pa-

693 3118 776 3161 tre
829 3107 1269 3160 annuntiationes
1332 3108 1398 3157 ad
1448 3104 1723 3170 Virginem
1773 3102 2028 3156 deferret.
2086 3101 2257 3168 Quam

692 3215 813 3252 cum
861 3200 1003 3253 domi
1054 3199 1290 3259 visisset,
1324 3199 1475 3266 prior
1515 3196 1774 3251 salutavit
1818 3195 2091 3265 (dicens):
2126 3195 2252 3257 Ave,
2285 3230 2329 3289 ο

691 3293 865 3363 gratia
913 3291 1101 3359 plena,
1149 3290 1406 3344 Dominus
1468 3302 1635 3343 tecum
1660 3289 1706 3341 ί.
1758 3288 1906 3350 Ave,
1969 3286 2255 3355 inquiens,

692 3399 813 3452 qua:
861 3383 1032 3452 prima
1074 3391 1127 3434 et
1163 3382 1274 3435 sola
1309 3379 1760 3450 parisjnfantem
1800 3394 1827 3429 a
1880 3377 2261 3432 maledictione

694 3478 943 3530 liberum.
997 3475 1131 3537 Ave,
1175 3489 1293 3542 qtne
1343 3473 1541 3526 mundo
1584 3472 1758 3541 gignis
1802 3471 2065 3538 originem
2116 3469 2259 3522 vilte.

693 3572 824 3632 Ave,
876 3582 995 3636 quae
1050 3568 1384 3633 incorrupta,
1436 3565 1529 3618 sed
1578 3579 1682 3617 non
1733 3578 1929 3631 expers
1967 3577 2026 3615 es
2068 3561 2258 3630 prolis.

692 3663 844 3725 Ave,
898 3675 1022 3730 quae
1078 3662 1303 3729 innupta
1353 3672 1577 3722 manes,
1643 3656 1737 3711 sed
1788 3671 1892 3709 non
1945 3654 2258 3709 infecunda.

693 3755 827 3817 Ave,
859 3768 979 3821 qum
1016 3763 1157 3815 satu,
1202 3752 1296 3805 sed
1338 3764 1441 3803 non
1480 3749 1659 3803 fructu
1694 3764 1871 3804 cares.
1920 3748 2053 3815 Ave,
2100 3764 2260 3818 quam

694 3845 1031 3900 acerbissimi
1072 3844 1287 3898 dolores
1334 3851 1573 3905 manent,
1622 3850 1675 3896 et
1720 3851 1907 3910 partus
1939 3851 2115 3894 tamen
2166 3843 2263 3895 do-

694 3941 837 3993 lores
882 3938 1109 3992 nescies.
1168 3936 1302 3997 Ave,
1356 3951 1475 4004 qnze
1520 3935 1699 4000 primo
1749 3945 1839 3989 tuo
1882 3936 2089 4003 parenti
2134 3935 2265 3989 Adae

693 4030 1032 4086 defensorem
1062 4026 1294 4097 profers.
1322 4028 1455 4091 Ave,
1481 4040 1602 4094 quae
1628 4025 1746 4080 sine
1775 4024 2098 4079 lassitudine
2121 4026 2265 4095 geris

696 4126 859 4177 totius
893 4133 1089 4175 creata:
1134 4128 1338 4173 natura:
1370 4118 1804 4173 fundamentum.
1854 4118 1987 4181 Ave,
2026 4133 2145 4186 qua)
2183 4118 2266 4170 fa~

692 4217 795 4269 cile
852 4213 1177 4269 humanitati
1238 4212 1521 4266 mediatrix
1581 4212 1891 4265 intercedis.
1946 4212 2093 4273 Ave,
2148 4225 2268 4278 quae

622 4310 629 4317 ‘
695 4301 861 4355 Deum
893 4301 985 4355 sed
1014 4315 1118 4354 non
1144 4301 1367 4362 nmium,
1395 4311 1450 4354 et
1478 4301 1748 4354 hominem
1788 4300 1879 4353 sed
1918 4314 2020 4353 non
2054 4315 2264 4353 merum

698 4394 970 4447 hominem
1005 4393 1174 4460 paris.
1206 4392 1328 4456 Ave,
1364 4394 1535 4461 gratia
1570 4392 1742 4458 plena,
1790 4391 2046 4444 Dominus
2072 4403 2262 4444 tecum.

766 4483 834 4537 Χ.
876 4482 968 4535 illa
997 4498 1125 4537 vero
1159 4485 1259 4536 etsi
1311 4484 1562 4553 gaudium
1592 4483 1828 4537 nuntiari
1872 4484 2107 4548 audiret,
2156 4498 2264 4537 non

694 4576 902 4631 arrexit
942 4589 1123 4637 aures,
1161 4574 1253 4629 sed
1295 4590 1599 4629 sermonem
1647 4576 2033 4643 perpendebat,
2077 4590 2259 4631 secum

692 4670 945 4737 inquiens
972 4686 987 4723 :
1015 4667 1203 4733 Qualis
1248 4678 1324 4721 est
1368 4669 1471 4721 ista
1504 4668 1846 4721 salutatio“?
1876 4669 2007 4734 Quis
2039 4670 2144 4723 iste
2184 4678 2266 4724 est

692 4764 914 4835 (inquit)
948 4766 1037 4833 qui
1067 4780 1173 4817 non
1206 4773 1429 4817 vocatus
1458 4772 1698 4818 nostram
1731 4766 2007 4834 ingressus
2055 4775 2138 4818 est
2170 4764 2269 4818 do-

693 4856 1043 4910 munculam?
1104 4872 1208 4909 non
1262 4856 1583 4919 familiaris,
1642 4871 1745 4909 non
1799 4867 2094 4926 cognatus,
2156 4873 2261 4911 non

694 4964 862 5018 genus
887 4951 1091 5003 ducens
1122 4949 1187 5004 ab
1217 4949 1459 5013 Adamo;
1504 4965 1568 5002 ex
1616 4950 1729 5019 ipsa
1761 4949 1932 5002 forma
1984 4950 2034 5003 id
2071 4962 2258 5018 arguo.

765 5105 907 5159 'lsa.
942 5122 1039 5169 vn,
1075 5106 1161 5160 14.
1248 5106 1417 5159 'Luc.
1450 5122 1487 5169 ι,
1518 5107 1606 5158 28.
1706 5114 1733 5140 ιι
1762 5106 1889 5159 ibid.
1921 5107 2012 5159 29.

2356 2005 2471 2073 ἥτε
2498 2005 2541 2035 ⁸⁷
2573 2004 2795 2056 ὑπόνοια
2844 2005 2924 2066 είς
2977 2001 3145 2055 πολλά
3199 2001 3555 2073 μεριζομένη,
3607 2002 3826 2071 ἑκάστῳ
3868 2001 3935 2052 τὺ

2356 2095 2546 2150 δοκοῦν
2588 2096 2934 2167 ὐπηγόρευσε
2962 2096 3028 2161 ⁸⁸,
3081 2095 3276 2166 μέχρις
3306 2090 3367 2149 οὐ
3402 2095 3680 2165 Ζαχαρίας
3715 2097 3932 2162 φανεὶς,

2358 2187 2560 2252 ἐδίδαξε
2597 2188 2763 2256 σιγῶν
2792 2187 2828 2243 ἀ
2856 2188 3089 2241 πέπονθε
3109 2187 3309 2241 λαθών.
3349 2188 3462 2250 Τὰς
3484 2187 3540 2241 δὲ
3564 2191 3663 2257 τῆς
3692 2188 3929 2257 λειτουρ-

2359 2280 2482 2348 γίας
2504 2280 2719 2350 ἡμέρας
2741 2280 2994 2344 ἀποδοὺς,
3018 2279 3264 2350 ἀπῆλθεν
3291 2281 3336 2312 ⁸⁸
3365 2280 3549 2333 οἴκαδε
3568 2280 3709 2350 ἔχων
3735 2282 3794 2333 ἐν
3820 2284 3933 2343 τοῖς

2362 2371 2690 2441 σπλάγχνοις
2726 2370 2785 2422 τὸ
2815 2371 3155 2439 εὐαγγέλιον,
3195 2374 3291 2425 καὶ
3323 2372 3380 2424 ὲν
3416 2370 3495 2441 τῷ
3525 2372 3754 2440 στόματι
3775 2371 3933 2439 χαλιο

2360 2462 2469 2516 νόν.
2501 2463 2612 2516 Καὶ
2641 2462 2780 2531 αὐτη
2812 2462 2931 2531 μὲν,
2967 2463 3041 2526 ὡς
3071 2463 3135 2516 ἂν
3163 2464 3308 2517 εἴποι
3329 2464 3376 2495 ⁷ο
3402 2481 3504 2529 τις,
3542 2464 3641 2534 τῆς
3669 2462 3763 2515 τοῦ
3792 2464 3929 2533 Προο

2359 2554 2564 2625 δρόμου
2607 2554 2920 2624 συλλήψεως
2962 2556 2994 2625 ἡ
3021 2558 3194 2625 ἀρχὴ’
3218 2550 3280 2609 οὐ
3307 2555 3396 2608 τὸν
3430 2555 3585 2608 τόκον
3639 2556 3935 2625 κηρύττω.

2363 2646 2648 2709 ἐθέλοντας
2676 2648 2742 2710 ⁸η,
2771 2648 2983 2717 ἀνάγκη
3018 2647 3167 2700 πᾶσα
3197 2647 3295 2715 τῆς
3322 2646 3563 2714 γείτονος
3592 2647 3789 2717 ἑορτῆς
3816 2648 3931 2699 ὲπιο

2364 2754 2470 2805 μνη
2480 2736 2691 2806 σθῆναι.

2431 2925 2509 2978 Θ’.
2536 2926 2721 2995 Ἔκτῳ
2750 2924 2857 2995 γὰρ
2884 2924 3018 2994 μηνὶ
3042 2924 3140 2994 τῆς
3166 2923 3481 2993 συλλήψεως
3510 2926 3575 2994 τῇ
3606 2922 3866 2994 Ναζαρὲτ
3894 2925 3926 2954 ⁷⁸

2363 3018 2675 3089 ἐπεδήμησε
2704 3018 2946 3091 Γαϐριὴλ
2972 3016 3231 3088 Παρθένῳ
3260 3017 3498 3088 κομίζων
3530 3018 3747 3088 Πατρὸς
3779 3018 3929 3083 εὐαγ-

2361 3111 2517 3179 γέλια
2535 3128 2547 3141 ’
2578 3112 2643 3182 ἣν
2668 3113 2760 3164 ἐπ’·
2780 3110 2931 3165 οἴκου
2955 3110 3308 3179 θεασάμενος,
3340 3108 3615 3179 ἠσπάζετο
3639 3110 3934 3180 πρότερος·

2363 3203 2557 3272 Χαῖρε,
2596 3204 3054 3272 κεχαριτωμένη,
3082 3205 3113 3255 ὀ
3146 3203 3359 3269 Κύριος
3388 3203 3539 3272 μετὰ
3569 3202 3707 3259 σοῦ.
3742 3205 3933 3272 Χαῖρε,

2366 3294 2572 3362 λέγων,
2616 3296 2649 3363 ἡ
2674 3291 2865 3363 πρώτη
2907 3294 3000 3346 καὶ
3028 3295 3162 3364 μόνη
3196 3295 3241 3325 ⁷³
3278 3295 3539 3347 τίκτουσα
3580 3292 3780 3363 βρέφος
3810 3312 3933 3347 κατ-

2366 3387 2501 3457 άρας
2524 3385 2827 3457 ἐλεύθερον.
2854 3387 3047 3456 Χαῖρε,
3075 3388 3107 3456 ή
3131 3387 3320 3456 κόσμῳ
3343 3386 3591 3454 γεννῶσα
3607 3385 3755 3454 ζωῆς
3774 3386 3943 3455 ἀφορ-

2369 3478 2496 3549 μήν.
2526 3480 2719 3547 Χαῖρε,
2759 3478 2792 3545 ἡ
2827 3477 3088 3547 ἄφθορος,
3116 3477 3232 3530 ἀλλ’
3265 3478 3365 3530 οὐκ
3402 3477 3648 3539 ἄτεκνος.
3680 3478 3880 3547 Χαῖρε,
3906 3479 3938 3545 ἡ

2368 3572 2600 3639 ἄγαμος,
2632 3569 2745 3621 ἀλλ’
2774 3570 2876 3622 οὐκ
2908 3571 3099 3638 ἄγονος
3128 3572 3194 3624 ⁷⁸.
3234 3572 3425 3641 Χαῖρε,
3461 3571 3494 3639 ἡ
3528 3571 3790 3640 ἄσπορος,
3825 3570 3940 3621 ἀλλ’

2368 3664 2468 3715 οὐκ
2493 3663 2768 3732 ἄκαρπος.
2812 3663 3004 3732 Χαῖρε,
3037 3664 3069 3731 ἡ
3108 3662 3300 3725 ὀδύνας
3326 3662 3371 3693 ⁷⁸
3408 3663 3780 3730 ἀναμένουσα,
3818 3662 3933 3713 dm“?-

2368 3773 2464 3818 νας
2486 3755 2585 3807 οὐκ
2622 3754 2839 3823 ἔχουσα.
2879 3755 3072 3823 Χαῖρε,
3104 3756 3136 3822 ἡ
3186 3752 3264 3823 τῷ
3303 3754 3379 3824 σῷ
3421 3755 3729 3824 προπάτορι
3772 3754 3933 3823 Ἀδὰμ

2368 3846 2682 3915 προστάτην
2722 3847 2983 3915 φέρουσα.
3014 3846 3209 3913 Χαῖρε,
3248 3847 3281 3915 ή
3328 3846 3550 3908 ἀκόπως
3596 3845 3933 3914 βαστάζουσα

2368 3940 2467 4009 τῆς
2517 3939 2747 4001 κτίσεως
2779 3938 2869 3990 τὸν
2910 3938 3182 4007 θεμέλιον.
3224 3939 3475 4008 Χαῖρε,ή
3524 3939 3739 4001 ἀπόνως
3790 3955 3937 4006 μεσιο

2367 4028 2595 4082 τεύουσα
2644 4030 2707 4098 τῇ
2761 4026 3069 4097 Ονητότητι.
3104 4028 3298 4095 Χαῖρε,
3335 4027 3369 4097 η
3407 4025 3667 4079 τίκτουσα
3717 4025 3851 4077 Θεὸν
3880 4025 3936 4077 οἱ

2368 4121 2594 4190 γυμνὸν,
2640 4121 2733 4173 καὶ
2775 4119 3060 4189 ἄνθρωπον
3089 4120 3147 4171 οὐ
3189 4118 3362 4186 ψιλόν.
3399 4117 3596 4185 Χαῖρε,
3628 4133 3940 4186 κεχαριτωο

2367 4212 2538 4283 μένη,
2566 4216 2597 4267 ό
2629 4214 2843 4280 Κύριος
2864 4214 3016 4282 μετὰ
3044 4213 3182 4265 σοῦ.
3828 4230 3834 4235 ·

3660 4378 3687 4401 Ι

2442 4493 2497 4545 l'.
2547 4491 2608 4543 Ἡ
2630 4492 2685 4543 δὲ
2717 4490 2892 4561 χαρὰν
2912 4489 3217 4554 ἀκούσασα,
3248 4490 3345 4559 οὐχ
3374 4490 3597 4559 ἦπλωσε
3623 4487 3721 4557 τὴν
3749 4487 3943 4558 ἀκοὴν,

2368 4584 2484 4636 ἀλλ’
2537 4584 2831 4636 ἐϐασάνισε
2879 4584 2977 4655 τὴν
3019 4584 3238 4652 φωνήν’
3276 4583 3570 4647 Ποταπός.
3617 4581 3877 4648 λέγουσα,
3914 4588 3941 4633 c'

2372 4676 2694 4743 ἀσπασμὸς
2729 4672 2943 4741 οὖτος;
2992 4676 3050 4729 Ὀ
3094 4674 3423 4744 αὐτόκλητος
3455 4676 3499 4705 ⁷⁸
3534 4676 3611 4736 εἰς
3652 4674 3714 4725 τὸ
3756 4674 3940 4743 δωμὰ-

2371 4785 2484 4821 τιον
2513 4768 2670 4838 ἡμῶν
2696 4767 2976 4829 εἰσελθὼν,
3007 4766 3122 4831 Τίς,
3155 4768 3340 4837 φησὶν,
3372 4760 3525 4828 οὗτος
3550 4783 3563 4828 ;
3588 4767 3646 4817 οὐ
3679 4766 3941 4836 συνήθης,

2370 4860 2430 4912 οὐ
2460 4860 2749 4927 συγγενὴς,
2782 4859 2881 4911 οὐκ
2916 4858 3087 4928 ’Δδάμ
3133 4858 3396 4926 ἀπόγονος
3418 4875 3431 4887 υ
3480 4856 3852 4927 τεκμαίρομαι
3876 4860 3943 4927 τῇ

2375 4954 2556 5022 μορφῇ
2585 4952 2629 4981 ⁷⁷
2652 4950 2727 5014 ὡς
2755 4951 2801 4982 ⁷⁸
2837 4949 2987 5014 ξένος
3014 4952 3042 5003 ὁ
3066 4948 3357 5019 ἀσπασμός
3377 4966 3390 4981 ·
3419 4948 3480 5000 οὐ
3520 4950 3786 5018 πάρεστιν
3829 4950 3939 5001 ἰω-

1972 5261 2204 5316 VARI/IS
2244 5261 2640 5321 LECTIHNES.

766 5381 810 5411 5’
842 5378 1169 5448 Εἰσπράττει
1206 5382 1367 5435 Attic.
1400 5397 1497 5445 pro
1532 5380 1832 5450 εισπράττῃ
1862 5394 1877 5408 ·
1915 5396 2005 5447 μοι
2041 5387 2219 5431 autem

768 5451 905 5504 ελες.
1012 5451 1051 5480 ⁶¹
1079 5451 1141 5504 C.
1169 5451 1327 5504 Βία-1).
1358 5453 1600 5504 γρόνους.
1698 5452 1739 5479 ⁶¹
1774 5450 1833 5504 C.
1865 5449 2022 5500 Barb.
2050 5448 2255 5504 μεταὸα

2384 5383 2689 5436 redundare
2740 5379 2971 5441 videtur,
3000 5378 3082 5431 vel
3136 5376 3419 5442 legendum
3458 5375 3545 5445 μέ.

2358 5468 2453 5504 τω.
2564 5454 2609 5483 ⁸³
2636 5452 2747 5504 Τὴν
2790 5448 2973 5504 φωνὴν
3005 5450 3157 5500 abest
3185 5463 3213 5499 a
3245 5446 3307 5499 C.
3346 5446 3506 5498 Barb.

1821 5489 1833 5499 .
1866 5466 1932 5500 υει
1944 5466 2022 5500 I'U.
2050 5466 2453 5514 μεταοαΑΛετω.

694 5451 905 5519 ὃφελες.
1012 5451 1051 5480 ⁶¹
1079 5451 1141 5505 C.
1169 5451 1327 5506 Βία-1).
1358 5469 1389 5519 χ

1397 5453 1600 5519 ρόνους.

3649 5376 3693 5407 ⁸⁸
3723 5376 3785 5427 C.
3818 5374 3936 5429 Vat.

2564 5454 2609 5483 ⁸³
2636 5452 2747 5531 Τὴν
2790 5448 2984 5531 φωνὴν
3005 5450 3158 5531 abest
3185 5446 3307 5531 a’C.
3346 5444 3514 5531 Ball);
3568 5445 3663 5531 ‘7“
3688 5444 3754 5531 (3ι
3780 5444 3935 5531 ΒΜ).

693 5508 841 5592 θέλῃ.
865 5508 878 5512 ⁷
921 5521 965 5552 ⁸⁵
1000 5520 1296 5592 Apudt‘iic.
1330 5508 1754 5592 τέᾶρελκύμενος.
1807 5508 2066 5592 A‘ﬂApud
2090 5515 2255 5592 ΜιξῘᾷ

2358 5538 2375 5571 ν
2404 5520 2508 5585 ἔξω
2532 5508 2814 5592 ἑστῶσανξ
2874 5508 3199 5592 “7'C18karb,
3228 5512 3358 5592 ἦτε.Δ
3412 5516 3454 5545 ⁸⁸
3476 5515 3544 5592 C.
3568 5514 3691 5568 Vat.
3734 5516 3938 5592 ὐπηγό-

698 5590 922 5662 ρευσενν
959 5591 1110 5662 Apud
1152 5590 1648 5662 Νἱο.ηὐπη-(όρευε.

697 5660 816 5729 μεν.
905 5660 945 5693 τ’
983 5662 1045 5715 C.
1083 5660 1241 5713 Barb.
1272 5660 1552 5730 Ναζαρήτ.

1727 5591 1769 5620 ⁸³
1794 5590 1853 5643 C.
1886 5589 2043 5642 Barb.
2078 5588 2312 5657 ἀπῆλθε.

1648 5662 1691 5690 ⁷³
1723 5661 1780 5713 C.
1812 5661 1929 5737 Yat.
1962 5662 2141 5737 χαῖρε,

2358 5660 2450 5731 ὓτη
2486 5662 2588 5737 ’καὶ
2627 5662 2782 5729 μόνη,
2816 5655 3007 5727 λέγων.
3087 5658 3133 5687 ⁷⁵
3161 5657 3413 5737 illia-rb.
3450 5657 3535 5709 hic
3560 5658 3755 5718 repetit
3816 5655 3938 5737 ἅτε»

2400 5593 2446 5622 ⁷⁰
2474 5592 2534 5647 C.
2567 5593 2723 5644 Barh.
2759 5591 2906 5658 εῖπῃ,
2985 5590 3026 5618 ⁷¹
3062 5585 3126 5639 G.
3163 5584 3277 5658 Vat.
3314 5588 3360 5638 εί
3407 5585 3698 5658 κηρύττειν
3744 5584 3941 5658 ἐθέλοι-

696 5727 841 5794 κνος.
865 5731 1056 5786 Surius
1090 5746 1213 5783 vero
1237 5732 1373 5784 hanc
1395 5727 1674 5795 pericopcn
1709 5732 1920 5800 penitus
1950 5727 2149 5784 omisit.
2173 5727 2228 5781 In
2252 5727 2537 5797 propatulo
2563 5727 2925 5783 antem-causa
2955 5737 3038 5781 est
3065 5727 3397 5789 omissionis,
3429 5741 3527 5800 vox
3559 5739 3751 5793 nempe
3779 5728 3935 5793 χαῖρε

696 5803 894 5871 επψίιιε
915 5802 1160 5869 repetita.
1226 5802 1271 5830 ⁷³
1303 5801 1363 5853 C.
1398 5800 1519 5854 Vat.
1550 5795 1766 5861 ὠδῖνας,
1790 5810 1839 5851 et
1869 5800 2163 5871 secundum
2190 5795 2643 5871 hancjectionem
2677 5800 2892 5863 Snrius,
2912 5800 3032 5871 Ave,
3050 5814 3164 5871 quo:
3190 5795 3618 5871 part_us_dol_orcs
3644 5809 3932 5863 exspectas,

689 5869 783 5929 qui
812 5883 859 5927 te
898 5872 1113 5926 minime
1148 5873 1410 5925 invadent.
1488 5873 1534 5902 ⁷⁸
1563 5873 1621 5925 (1.
1658 5871 1774 5925 Vat.
1806 5869 2171 5937 αὐτοκλήτως.

2248 5871 2292 5903 ⁷⁷
2324 5868 2386 5925 C.
2423 5871 2541 5926 Vat.
2576 5875 2748 5942 φωνῇ.

2827 5872 2870 5902 ⁷⁸
2896 5864 3069 5924 Abest
3122 5868 3196 5931 ὡς
3234 5882 3261 5921 a
3292 5867 3353 5922 C.
3389 5864 3547 5921 Barb.
