4164 6576
295 426 427 494 1773

1112 427 1437 489 HOMILIA
1475 428 1560 491 IN
1587 429 1649 489 S.
1688 428 2040 491 JOANNEM
2069 432 2514 508 BAPTISTAM,
2547 433 2705 495 ETC.

3398 431 3537 498 1m
3598 396 3601 403 ’

293 544 401 613 σήφ
421 557 435 570 '
477 540 579 595 οὐκ
610 537 897 609 ἀπάγομαι
927 539 994 610 τῇ
1020 539 1172 609 φωνῇ
1201 555 1214 568 ο
1246 537 1380 607 μόνῃ
1413 537 1543 607 γάρ,
1580 538 1655 601 ὣς
1702 554 1859 605 φασι,
1889 592 1894 602 η

1967 541 2137 605 Quam
2164 556 2300 595 nova
2342 543 2457 595 hinc
2477 542 2771 595 salutatio!
2815 539 2934 595 Non
2967 540 3124 596 adest
3153 538 3387 610 Ioseph;
3413 560 3538 599 ver-

289 632 581 703 λελάληκεν
600 631 630 685 δ
656 628 964 701 ἀρχέκακος
987 630 1055 699 τῇ
1089 626 1523 699 πρωτοπλάστῳ.

385 912 427 963 Ο
465 908 525 964 δὲ
554 907 784 977 ἄγγελος
810 908 947 982 πρὸς
980 906 1183 978 αὐτήν·
1215 905 1312 975 Μὴ
1347 905 1557 975 φοϐοῦ,
1588 903 1855 974 Μαριάμ·

286 1000 464 1073 χάριν
510 1000 621 1071 γὰρ
661 996 853 1069 εὗρες,
879 1001 947 1071 ἥν
994 998 1280 1053 ἀπώλεσεν
1314 1000 1348 1070 ἡ
1404 998 1857 1070 πρωτόπλαστος·

288 1091 473 1162 ἐκείνη
512 1092 648 1162 μόνη
695 1092 794 1162 τὴν
834 1091 1050 1159 ἀπάτην
1102 1090 1341 1155 ἐδέξατο,
1374 1090 1438 1143 σὺ
1469 1090 1526 1143 δὲ
1583 1090 1718 1161 μόνη
1758 1090 1860 1159 τῆς

287 1183 507 1254 ἀπάτης
536 1184 634 1254 τὴν
662 1182 816 1236 λύσιν
843 1181 1131 1252 ἐκόμισας.
1175 1181 1370 1248 Τέεεις
1402 1179 1556 1246 υἱὸν,
1590 1180 1689 1237 καὶ
1718 1179 1857 1235 τοῦ·

285 1291 393 1328 τον
421 1275 701 1340 καλέσεις
728 1275 775 1305 "
822 1273 1086 1341 Ἰησοῦν.

369 1458 436 1510 Ἥ
474 1456 531 1511 δὲ
574 1455 732 1510 τόκον
769 1457 1052 1511 ἀκούσασα
1081 1459 1177 1512 καὶ
1209 1458 1322 1512 υιδν
1347 1458 1418 1523 ⁸ο,
1449 1460 1603 1525 Πῶς,
1651 1460 1857 1528 ἔλεγεν,

287 1547 459 1602 ἔσται
487 1564 590 1616 μοι
629 1546 825 1613 τοῦτο,
876 1549 1004 1601 ἐπεὶ
1053 1548 1241 1616 ἄνδρα
1280 1552 1352 1604 οὐ
1400 1550 1716 1619 τινώσκω;
1746 1552 1860 1605 Οὐκ

290 1639 671 1707 ἀντιλέγουσα,
716 1639 852 1693 ἀλλὰ
890 1640 1035 1693 κατά
1072 1641 1268 1695 πεῦσιν
1302 1642 1652 1712 μανθάνουσα
1675 1659 1689 1673 ο
1728 1642 1860 1709 Πῶς

289 1730 460 1783 ἔσται
479 1747 580 1799 μοι
604 1731 820 1793 τοῦτο;
866 1731 1024 1799 Ἐγὼ,
1064 1733 1217 1801 φησὶ,
1258 1735 1394 1804 μόνη
1418 1734 1516 1805 τὴν
1546 1733 1709 1803 φύσιν
1742 1753 1863 1789 και-

290 1823 532 1892 νοτομῶ;
574 1824 691 1876 Ἐπ’
729 1825 856 1895 ἐμοὶ
910 1812 1238 1895 λυθήσονται
1274 1825 1376 1896 τῆς
1412 1829 1759 1897 τεκνογονίας
1805 1830 1864 1884 αί

288 1917 562 1987 ἀφορμαί;
612 1916 753 1985 Λέγε
789 1935 900 1988 μοι,
937 1918 1077 1984 ξένε,
1129 1916 1222 1970 τὸν
1272 1919 1511 1989 τρόπον’
1559 1919 1710 1986 ξένον
1753 1920 1863 1991 γάρ
1893 1908 1937 1963 Β

293 2024 387 2062 σου
414 2010 475 2062 τὸ
499 2009 850 2078 εὐαγγέλιον.

359 2193 467 2247 IA'.
518 2192 762 2263 Πνεῦμα
807 2191 1001 2263 ἅγιον,
1040 2191 1251 2265 ἔφησεν
1293 2194 1323 2247 ό
1359 2191 1602 2265 Γαϐριὴλ
1629 2193 1698 2257 ⁸⁸,
1759 2194 1865 2248 ἐπ-

287 2285 603 2338 ελεύσεται
624 2285 719 2338 ἐπὶ
746 2284 841 2351 σὲ,
872 2286 970 2339 καί
986 2285 1239 2356 δύναμις
1260 2286 1559 2354 Ὑψίστου
1583 2286 1861 2341 ἐπισκιά-

288 2393 387 2431 σει
427 2393 545 2431 σοι.
580 2377 770 2448 Δέχου,
798 2378 953 2447 φησὶ,
996 2377 1262 2449 Παρθένε,
1305 2378 1367 2431 τὸ
1408 2378 1622 2448 λεχθὲν,
1663 2378 1757 2431 καὶ
1792 2376 1866 2447 μὴ

290 2468 739 2539 πολυπραγμόνει
779 2470 839 2522 τὸ
871 2470 1093 2540 σιγηθέν
1113 2486 1127 2500 σ
1171 2470 1250 2541 τῷ
1279 2471 1424 2541 τόκῳ
1469 2469 1753 2542 μαρτυρῶ,
1786 2469 1867 2539 τῷ

289 2560 479 2631 τρόπῳ
517 2561 830 2633 παραχωρῶ
863 2563 929 2616 ⁸³.
962 2562 1229 2630 Ἀγγελος
1256 2562 1389 2633 γὰρ,
1436 2564 1497 2616 οὐ
1547 2561 1869 2625 διδάσκαλός

294 2668 377 2706 σοι
407 2655 507 2725 τῆς
549 2655 863 2725 οἰκονομίας
891 2654 1157 2725 ἐλήλυθα·
1199 2655 1379 2726 κῆρυξ
1420 2655 1736 2723 ἀπεστάλην
1768 2655 1868 2726 τῆς

292 2746 635 2815 Δεσποτικῆς
667 2747 985 2818 ἐπιδημίας,
1016 2749 1115 2819 οὐχ
1145 2749 1444 2820 ἑρμηνεύς-

356 3007 490 3076 Πῶς
509 3010 679 3064 ἔσται
703 3011 962 3079 τοῦτο⁸³;
994 3011 1055 3065 τὸ
1074 3012 1192 3075 πῶς
1216 3006 1359 3065 οἶδεν
1382 3010 1545 3074 αὐτὸς
1571 3012 1600 3064 ὁ
1630 3009 1821 3083 παρών
1842 3026 1858 3041 ο

285 3099 367 3153 ὅτι
400 3102 500 3169 μὲν
538 3103 647 3175 γὰρ
674 3103 969 3175 πάρεστιν,
991 3104 1329 3170 ἐπίσταμαιο
1369 3103 1624 3175 προπηδᾷ
1666 3105 1775 3174 γὰρ
1808 3105 1867 3157 ἐν

288 3190 375 3243 σοὶ
410 3192 472 3244 τὸ
508 3192 721 3246 ἔνδοθεν
746 3195 1046 3264 τεκμήριον
1067 3212 1080 3225 ·
1118 3195 1208 3247 τὸν
1234 3194 1292 3247 δὲ
1338 3193 1539 3263 τρόπον
1569 3193 1770 3261 λέγειν,
1803 3195 1865 3247 οὐ

285 3277 545 3350 δύναμαι.
577 3283 699 3334 Ὅτι
728 3282 784 3334 δὲ
810 3284 870 3335 οὐ
892 3283 1217 3351 ψευδολόγος
1247 3282 1379 3348 ἐγὼ,
1414 3282 1699 3337 Ἐλισάὸετ
1728 3300 1866 3352 μαρ-
1893 3268 1935 3326 C

287 3373 519 3442 τυρήσει
568 3390 680 3437 μοι,
729 3374 787 3427 ὲν
819 3374 1108 3443 στειρώσει
1153 3375 1251 3428 καὶ
1288 3375 1437 3445 γήρα
1462 3373 1557 3427 τοῦ
1609 3376 1667 3427 ὲν
1701 3374 1785 3426 σοὶ
1817 3374 1863 3406 ⁸⁸

290 3463 636 3532 κυοφοροῦσα
668 3464 759 3518 τὸν
792 3464 1127 3536 Πρόδρομον.
1162 3467 1224 3518 Εἰ
1251 3465 1308 3519 δὲ
1342 3467 1403 3517 ὲν
1452 3463 1737 3535 στειρώσει
1769 3464 1865 3517 καὶ

288 3556 440 3627 γήρᾳ
462 3557 730 3628 κυοφόρον
741 3558 1024 3628 ⁸⁵,εῖρηκα,
1042 3559 1105 3612 οὐ
1123 3559 1321 3630 μικρὸν
1343 3558 1405 3610 τὸ
1431 3558 1589 3627 ἐνέχυ
1600 3574 1708 3627 ρον.
1723 3557 1865 3610 Στει-

290 3664 393 3718 ρας
412 3650 520 3721 γὰρ
555 3634 909 3722 πρεσϐύτιδος
943 3652 1038 3705 καὶ
1061 3650 1331 3722 παρθένου
1378 3652 1437 3714 ἐς
1469 3651 1531 3704 τὸ
1556 3653 1738 3703 τεκεῖν
1768 3652 1864 3721 μέ-

291 3756 385 3794 σον
411 3742 583 3796 οὐδέν.

361 4020 460 4077 ῙΒ’.
487 4022 672 4078 Ταῦτα
696 4024 730 4094 ἡ
760 4022 1036 4095 Παρθένος
1064 4021 1367 4087 ἀκούσασα,
1402 4022 1674 4094 Ζαχαρίου
1726 4040 1860 4077 κατ-

289 4112 452 4167 έλαϐε
477 4115 539 4168 τὸ
556 4115 851 4184 δωμάτιον.
866 4116 961 4169 καὶ
983 4116 1081 4186 τὴν
1098 4114 1383 4168 Ἐλισάϐετ
1404 4102 1640 4186 εὑροῦσα
1663 4116 1861 4185 κυοφό-

290 4224 407 4277 ρον,
455 4206 751 4276 ἠσπάζετο.
797 4207 983 4279 Μαρία
1035 4207 1135 4279 τὴν
1173 4206 1458 4260 Ἐλισάὸετ
1506 4206 1785 4276 ἠσπάζετο
1813 4206 1861 4239 ⁸⁸

288 4298 386 4352 καὶ
415 4300 476 4352 τὸ
509 4298 709 4370 βρέφος
746 4298 955 4353 ἔνδοθεν
984 4300 1354 4371 ἀπεκρίνατο·
1387 4298 1464 4369 τῷ
1494 4299 1602 4369 γὰρ
1632 4299 1859 4370 ἑμὸρύῳ

286 4395 513 4463 γέγονεν
540 4397 679 4467 ἀκοὴ
707 4400 739 4467 ὴ
771 4398 869 4467 τῆς
896 4399 1102 4470 μητρὸς
1140 4400 1278 4469 ἀκοή
1303 4416 1318 4431 ·
1356 4399 1451 4452 καὶ
1483 4400 1782 4470 ἐπειδήπερ
1813 4400 1857 4432 ⁸⁷

288 4488 503 4557 φύσεως
550 4491 696 4560 ὅροις
734 4491 989 4561 Ἰωάννης
1031 4491 1321 4562 εἱργμένος
1365 4491 1466 4545 οὐκ
1509 4491 1659 4562 ἴσχυε
1689 4490 1735 4523 ⁸⁸
1761 4491 1859 4544 λα-

285 4575 421 4641 λεῖν,
449 4578 739 4649 ἀλλόμενος
772 4580 924 4650 ἔλεγε
958 4584 1024 4652 τῇ
1048 4582 1227 4653 οἰκείᾳ
1255 4599 1360 4651 μητ
1372 4582 1424 4652 ρί
1447 4582 1534 4635 διὰ
1558 4583 1664 4635 τῶν
1700 4600 1855 4654 σκιρ-

1966 633 2050 687 bis
2081 648 2166 688 me
2195 634 2387 689 abduci
2415 635 2557 689 haud
2594 635 2894 690 committo.
2929 633 3166 690 Primam
3199 650 3228 687 a
3264 633 3374 689 Deo
3401 652 3536 690 con-

1964 723 2133 779 ditam
2159 725 2469 789 mulierem,
2500 734 2559 779 ut
2587 737 2831 790 narrant,
2878 741 3000 781 cum
3053 726 3165 780 sola
3196 737 3359 789 esset,
3405 729 3538 782 allo-

1964 827 2125 873 cutus
2158 828 2241 872 est
2270 818 2480 886 primus
2505 818 2769 872 malorum
2797 829 3008 873 auctor.

2035 912 2274 982 Angelus
2302 925 2431 966 vero
2461 910 2526 963 ad
2578 925 2697 965 eam
2727 927 2741 963 :
2772 908 2855 964 Ne
2894 911 3099 972 timeas.
3134 910 3355 976 Maria;
3392 913 3538 965 iuve-

1966 1006 2092 1059 niin
2136 1002 2511 1075 gratiam’hl)
2540 1018 2701 1071 quam
2750 1002 2982 1071 perdidit
3027 1019 3148 1072 qua:
3179 1004 3352 1072 primo
3403 1021 3537 1057 con-

1966 1098 2078 1151 dita
2107 1105 2210 1153 est.
2248 1096 2387 1166 Ipsa,
2428 1110 2551 1151 cum
2585 1095 2698 1150 sola
2741 1104 2908 1160 esset,
2940 1097 3318 1165 deceptionem
3361 1099 3536 1150 admi-

1967 1190 2072 1255 sit;
2105 1200 2164 1243 tu
2197 1202 2341 1249 vero,
2372 1187 2495 1241 dum
2535 1186 2646 1241 sola
2692 1201 2899 1249 manes,
2933 1187 3268 1255 deceptionis
3311 1189 3538 1243 solutio-

1968 1296 2089 1334 nem
2138 1279 2418 1335 obtinuisti
2464 1277 2697 1333 :Paries
2752 1277 2969 1347 ﬁlium,
3027 1289 3073 1332 el
3131 1280 3272 1332 hunc
3328 1281 3539 1333 vocabis

1970 1372 2146 1425 Iesum
2168 1380 2216 1426 κ.

2038 1461 2157 1528 Ipsa
2197 1473 2375 1516 autem
2403 1476 2528 1516 cum
2567 1470 2783 1530 partum
2826 1462 3038 1515 audiret
3070 1470 3125 1515 et
3172 1460 3363 1524 lilium,
3390 1461 3539 1527 Quo-

1967 1553 2143 1613 modo.
2180 1553 2354 1622 inquit
2376 1561 2428 1617 γ,
2460 1553 2559 1606 erit
2607 1554 2703 1606 hoc
2741 1552 2891 1613 mihi,
2936 1553 3186 1622 quoniam
3221 1558 3389 1606 virum
3437 1569 3541 1606 non

1968 1646 2262 1717 cognosco?
2290 1644 2407 1699 Non
2440 1656 2500 1698 ut
2530 1644 2949 1707 contradiceret,
2988 1642 3083 1696 sed
3117 1652 3175 1696 ut
3207 1642 3541 1697 sciscitando

1970 1740 2288 1793 edoceretur
2336 1737 2666 1808 (respondit)
2710 1754 2723 1790 :
2762 1736 3035 1802 Quomodo
3084 1737 3185 1789 erit
3230 1736 3325 1788 hoc
3374 1738 3542 1791 mihi?

1971 1829 2176 1900 Egone,
2210 1829 2405 1900 inquit,
2454 1829 2567 1883 sola
2604 1837 2811 1883 natura:
2854 1827 3000 1896 leges
3042 1827 3276 1882 innovo?
3310 1826 3445 1881 Num
3486 1829 3540 1881 in

1967 1936 2053 1976 me
2099 1922 2393 1976 liberorum
2434 1920 2833 1990 procreationis
2883 1927 3204 1974 evertentur
3255 1920 3542 1974 rationes?

1966 2012 2187 2082 Expone
2213 2012 2364 2077 mihi,
2396 2012 2705 2082 peregrine,
2741 2009 2955 2066 modum
2984 2027 2997 2063 :
3029 2010 3372 2081 peregrinum
3396 2013 3540 2065 enim

1966 2110 2070 2167 est,
2102 2101 2247 2171 quod
2276 2100 2460 2163 aﬂ‘ers,
2490 2100 2763 2155 nuntium.

2037 2190 2128 2245 XI.
2166 2190 2403 2259 Spiritus
2456 2199 2694 2255 sanctus,
2728 2190 2805 2244 ait
2830 2189 3053 2246 Gabriel
3079 2229 3095 2249 .
3133 2191 3457 2259 superveniet
3486 2192 3542 2244 in

1964 2294 2036 2350 te,
2062 2293 2110 2337 et
2141 2283 2307 2337 virtus
2326 2282 2587 2335 Altissimi
2612 2281 2940 2335 obumbrabit
2966 2282 3057 2334 tibi
3081 2290 3128 2336 ι.
3147 2281 3317 2346 Tene,
3342 2286 3539 2352 inquit,

1964 2390 1998 2429 ο
2032 2373 2219 2444 Virgo,
2242 2376 2386 2443 quod
2419 2373 2622 2428 dictum
2670 2382 2792 2439 est;
2824 2383 2879 2428 et
2907 2388 2974 2427 ne
3005 2373 3081 2427 sis
3119 2372 3349 2428 sollicita
3380 2377 3447 2427 de
3477 2389 3542 2428 eo

1966 2468 2110 2536 quod
2139 2466 2360 2521 silentio
2382 2465 2651 2520 occultum
2679 2473 2883 2520 manet.
2919 2466 3137 2520 Certum
3179 2466 3246 2521 de
3274 2476 3429 2534 partu
3457 2476 3541 2521 te-

1968 2560 2282 2614 stimonium
2330 2558 2484 2625 fero;
2553 2559 2769 2612 modum
2816 2559 3051 2624 docere,
3109 2557 3213 2613 hoc
3259 2558 3543 2614 facultates

1966 2664 2117 2705 meas
2151 2649 2385 2703 excedit.
2426 2647 2661 2703 Nuntius
2702 2649 2847 2702 enim
2892 2651 3137 2719 mystica:
3175 2650 3540 2717 dispensatio~

1967 2742 2053 2795 nis
2090 2740 2156 2794 ad
2203 2749 2256 2795 te
2284 2740 2429 2805 veni,
2472 2754 2580 2795 non
2621 2738 2862 2807 ejusdem
2894 2740 3161 2808 interpres
3188 2758 3201 2794 :
3232 2741 3428 2796 missus
3459 2743 3541 2798 l'ui

1968 2840 2028 2885 ut
2048 2830 2392 2885 Dominicum
2425 2829 2833 2886 manifeStarem
2873 2833 3187 2895 adventum,
3230 2847 3337 2887 non
3373 2843 3431 2887 ut
3463 2849 3542 2887 ra-

1967 2923 2169 2977 tionem
2202 2922 2555 2991 explicarem.

2039 3013 2315 3080 Quomodo
2350 3013 2581 3085 (inquis)
2608 3014 2707 3068 hoc
2740 3016 2880 3069 erit?
2924 3015 3217 3083 quomodo,
3246 3018 3395 3071 novit
3424 3019 3543 3087 ipse

1967 3106 2059 3175 qui
2090 3105 2280 3172 adest;
2322 3105 2521 3159 adesse
2551 3106 2699 3160 enim
2733 3120 2859 3160 eum
2901 3105 3047 3171 scio;
3076 3120 3198 3160 nam
3236 3115 3444 3160 certum
3488 3109 3542 3162 in

1971 3207 2024 3252 te
2069 3197 2282 3267 signum
2313 3198 2382 3251 ab
2424 3198 2726 3253 intrinseco
2756 3212 2815 3253 se
2857 3197 3042 3267 prodit
3072 3216 3086 3251 :
3115 3207 3172 3251 at
3203 3201 3420 3253 modum
3452 3200 3542 3256 di-

1970 3300 2096 3342 cere
2126 3289 2177 3341 in
2206 3302 2325 3341 mea
2354 3303 2457 3343 non
2480 3298 2569 3343 est
2590 3298 2880 3359 potestate.
2913 3290 3066 3354 Quod
3095 3305 3222 3344 vero
3259 3291 3392 3346 falsa
3433 3307 3543 3347 non

1972 3382 2201 3450 loquar,
2249 3381 2618 3434 testimonium
2666 3382 2796 3435 mihi
2842 3382 2979 3437 ler'et
3017 3382 3335 3448 Elisabeth,
3385 3401 3541 3453 quae,

1970 3472 2171 3527 sterilis
2202 3472 2328 3526 licet
2358 3481 2413 3527 et
2436 3487 2631 3544 senex,
2660 3473 2825 3538 illius,
2862 3475 2953 3543 qui
2982 3475 3035 3527 in
3069 3483 3121 3529 te
3157 3486 3263 3541 est,
3296 3476 3546 3530 Praecur—

1969 3574 2147 3614 sorem
2178 3569 2377 3631 gestat.
2407 3559 2562 3627 Quod
2594 3562 2636 3616 si
2668 3562 2951 3616 habentem
2988 3563 3040 3616 in
3068 3573 3218 3618 utero
3246 3566 3542 3622 memoravi

1969 3652 2210 3707 sterilem
2245 3662 2301 3707 et
2344 3663 2744 3715 senescentem,
2782 3651 2894 3721 jam
2927 3652 3068 3705 haud
3108 3653 3241 3706 levis
3280 3656 3542 3709 momenti

1970 3745 2167 3815 pignus
2209 3746 2395 3800 habes.
2444 3745 2597 3812 Quod
2643 3745 2789 3798 enim
2842 3744 2911 3797 ad
2956 3744 3278 3813 gignendum
3322 3746 3538 3811 attinet,

1972 3835 2107 3889 nihil
2146 3850 2175 3889 a
2208 3836 2380 3890 sterili
2408 3851 2512 3889 anu
2543 3850 2606 3889 ea
2636 3835 2853 3889 demum
2882 3835 3065 3897 distat,
3093 3848 3214 3902 qua:
3244 3835 3394 3904 virgo
3420 3850 3543 3891 esse

1969 3938 2303 3998 perseveret.

2044 4019 2154 4075 XII.
2196 4020 2322 4076 llaec
2349 4036 2471 4075 cum
2503 4018 2670 4089 Virgo
2712 4020 2998 4083 audiisset,
3030 4023 3097 4076 ad
3146 4021 3425 4078 Zachariae
3452 4024 3542 4078 do-

1969 4112 2276 4167 munculam
2315 4127 2373 4168 se
2399 4114 2652 4174 contulit,
2684 4128 2921 4182 cumque
2961 4113 3229 4168 Elisabeth
3257 4129 3539 4183 praegnan-

1969 4214 2075 4260 tem
2119 4205 2432 4274 reperisset,
2468 4220 2588 4260 eam
2632 4204 2909 4259 salutavit.
2937 4204 3105 4259 Maria
3152 4206 3406 4260 salutavit
3432 4204 3541 4259 Eli-

1966 4298 2272 4361 sahetham,
2322 4306 2379 4351 et
2424 4297 2605 4351 infans
2655 4297 2985 4351 intrinsecus
3029 4298 3329 4364 respondit.
3375 4299 3540 4353 Auris

1967 4388 2119 4443 fmtui
2145 4389 2359 4443 exstitit
2390 4389 2580 4443 matris
2609 4390 2790 4455 auris;
2823 4397 2876 4443 et
2923 4389 3181 4458 quoniam
3232 4401 3440 4444 naturae
3477 4391 3541 4444 li-

1967 4483 2128 4538 nibus
2167 4484 2497 4537 constrictus
2523 4480 2757 4537 Joannes
2787 4483 2969 4552 lingua
3012 4487 3091 4537 uti
3136 4499 3242 4538 non
3289 4494 3530 4552 poterat,

1968 4575 2180 4631 locutus
2201 4586 2307 4641 est,
2344 4586 2573 4645 matrem
2600 4575 2815 4643 quidem
2848 4576 3121 4644 propriam
3158 4590 3253 4644 per
3296 4576 3540 4630 saltatio-

284 4670 547 4740 τημάτων
578 4671 967 4741 φθεγγόμενος,
995 4676 1061 4743 τῇ
1084 4673 1139 4725 δὲ
1169 4673 1264 4725 τοῦ
1288 4673 1545 4743 Σωτῆρος
1578 4674 1749 4744 μητρὶ
1769 4672 1861 4727 διὰ
1891 4667 1894 4685 λ

1967 4683 2060 4723 nes
2099 4667 2315 4731 allatus,
2366 4667 2665 4723 Salvatoris
2720 4681 2848 4720 vero
2892 4668 3053 4721 matri
3098 4682 3195 4735 per
3238 4676 3535 4722 maternam

284 4761 389 4831 τῆς
421 4765 696 4832 μητρικῆς
727 4762 981 4832 γλώσσης
1012 4763 1467 4833 ἀποκρινόμενος.

361 4854 474 4906 Οὐκ
497 4854 768 4923 ἐνέγκασα
796 4855 853 4908 δὲ
883 4856 917 4925 ἡ
952 4855 1233 4909 Ἑλισάὸετ
1258 4854 1327 4908 τὰ
1356 4853 1451 4907 τοῦ
1481 4853 1672 4909 τέκνου
1708 4872 1860 4926 σκιρ-

286 4944 530 5015 τήματα,
576 4947 899 5017 Πνεῦματος
939 4947 1097 5016 ἁγίου
1150 4946 1456 5017 πλησθεῖσα
1511 4946 1855 5017 ἀνεφώνησε,

287 5036 524 5103 λέγουσα
548 5039 615 5106 τῇ
646 5039 906 5109 Παρθένῳ
921 5054 935 5068 ο
965 5037 1369 5109 Εὐλογημένη
1391 5036 1474 5091 σὺ
1497 5037 1569 5091 ἐν
1591 5038 1858 5106 γυναιξί,

287 5128 391 5183 καὶ
409 5128 812 5198 εὐλογημένος
844 5133 876 5184 ό
898 5131 1124 5199 καρπὸς
1163 5130 1275 5199 τῆς
1309 5130 1543 5197 κοιλίας
1588 5145 1729 5188 σου.
1761 5130 1859 5194 Σὺ,

361 5220 540 5277 'Luc.
565 5236 605 5287 ι,
632 5220 721 5278 50.
797 5235 827 5263 ι
847 5224 978 5281 ibid.
1013 5225 1101 5280 5i.
1180 5233 1209 5272 Υ
1231 5225 1363 5280 ibid.
1392 5224 1484 5280 54.

1564 5233 1588 5261 ²
1614 5225 1749 5279 ibid.
1822 5222 1917 5279 55.

1957 4760 2199 4829 linguam
2226 4759 2581 4829 respondens.

2034 4853 2168 4909 Cum
2211 4862 2390 4907 autem
2437 4851 2709 4906 Elisabelh
2755 4850 2847 4905 lilii
2888 4851 3208 4905 saltationes
3248 4852 3358 4920 jam
3392 4852 3537 4906 ferre

1967 4960 2074 4999 non
2104 4953 2309 5013 posset,
2358 4943 2561 5010 repleta
2594 4943 2802 5011 Spiritu
2853 4951 3043 4998 sancto
3081 4942 3424 5005 exclamavit,
3457 4945 3540 4997 di-

1967 5049 2095 5089 cens
2129 5051 2142 5088 :
2174 5032 2459 5087 Benedicta
2505 5045 2562 5087 tu
2612 5036 2669 5087 in
2726 5033 3077 5099 mulieribus,
3133 5044 3183 5087 et
3234 5034 3538 5087 benedictus

1970 5127 2175 5198 fructus
2227 5126 2420 5179 centris
2468 5128 2614 5179 (uia.
2666 5126 2767 5193 Tu,
2821 5126 3014 5195 inquit,
3069 5125 3376 5191 benedicta,
3421 5142 3539 5195 qua:

1988 5231 2009 5252 "
2045 5221 2177 5275 ibid.
2208 5219 2301 5274 42.

1552 5320 1788 5375 VARl/E
1824 5316 2226 5374 LECTIONES.

358 5416 405 5449 ”
432 5416 492 5471 Ο.
518 5413 642 5469 Val.
675 5413 929 5475 καλέσεις
948 5413 1155 5469 τοῦτον.
1231 5416 1277 5449 ⁸ο
1300 5415 1501 5480 Verba,
1546 5419 1612 5470 Ἦ
1644 5416 1701 5469 δὲ
1737 5416 1897 5468 τόκον
1937 5413 2221 5468 ἀκούσασα
2257 5410 2350 5464 καὶ
2375 5408 2509 5466 υἱόν.
2541 5425 2569 5463 a
2600 5408 2663 5465 C.
2693 5408 2854 5463 Barb.
2897 5412 3115 5466 absunt.
3193 5408 3234 5440 ⁸¹
3267 5408 3476 5480 Αιιειιιιῑ
3503 5423 3534 5461 a

282 5486 534 5560 C._Barb.
554 5485 757 5560 Averba,
781 5485 1024 5560 Ἐφησεν
1050 5487 1078 5537 ὁ
1098 5484 1361 5560 Γαϐριὴλ.
1402 5488 1454 5560 δέ
1473 5478 1605 5560 Cod.
1631 5486 1793 5560 Bari).
1819 5486 2005 5560 τρόπω
2027 5482 2361 5560 παραχωρῷ.
2402 5482 2448 5512 ⁸³
2465 5483 2685 5560 Abest}
2799 5480 2919 5535 Vat.
2957 5478 3536 5560 ἰιιεῖευιηζητὶὦςιέσται

283 5556 476 5623 τοῦτο;
552 5555 600 5586 ⁸⁸
632 5548 801 5610 Voces
831 5548 926 5608 τοῦ
953 5557 1011 5607 ὲν
1046 5555 1129 5608 σοὶ
1160 5571 1190 5608 a
1214 5548 1400 5612 codice
1423 5558 1565 5611 Surii
1601 5557 1842 5612 abfuisse
1856 5548 2137 5609 'videntur.
2178 5548 2272 5584 ’“⁸⁸’
2296 5548 2516 5623 Abe_st_a
2540 5549 2602 5623 (ζ.
2628 5551 3107 5623 Βοτι).κυοφόρον.
3148 5549 3233 5623 *⁸⁸
3252 5548 3534 5623 Pericope,

283 5616 477 5697 Μαρίοὶ
491 5626 589 5698 τὴν
604 5624 886 5681 Ἐλισάϐετ
909 5625 1206 5692 ᾖσπάζετο,
1234 5627 1389 5683 abest
1411 5643 1439 5682 a
1464 5627 1525 5684 C.
1554 5626 1675 5684 Vat.
1703 5636 1755 5684 et
1772 5643 1801 5680 a
1825 5627 2074 5681 versione
2102 5624 2269 5680 Surii.
2324 5616 2367 5654 ⁸⁷
2384 5621 2446 5675 C.
2467 5621 2628 5675 Barb.
2651 5616 2956 5691 ὲπηδήπερζ
2993 5616 3044 5653 ³⁸
3062 5621 3122 5677 C.
3144 5619 3301 5675 Barb.
3326 5616 3532 5688 ἴσχυσε.

1790 5712 2022 5771 NOTAE.
2242 5745 2273 5754 ο

361 5813 436 5885 (ιι)
471 5810 713 5869 Gratiam
744 5811 953 5870 scilicet
978 5810 1339 5889 originalem.
