4164 6524
700 412 836 475 1775

1565 440 1576 449 -
1654 407 2066 469 ANTIPATBI
2103 405 2568 467 BOSTRENSIS
2603 402 2940 464 EPISCOPI

3810 402 3947 464 1776

697 520 1093 578 maledictionis
1117 527 1301 588 portas
1329 518 1678 576 solutionem.
1703 519 1785 574 Tu
1811 519 2117 586 benedicta,
2143 535 2265 590 qua:

2372 519 2551 590 φησὶν,
2585 517 2949 588 εὐλογημένη,
2971 517 3005 588 ἠ
3035 515 3137 586 τῆς
3158 494 3409 587 κατάρας
3432 512 3534 588 τὴν
3555 509 3712 570 λύσιν
3743 515 3953 587 βαστά-

696 619 894 671 donum
925 613 1207 684 sapientiae
1232 613 1413 668 aﬂ'ers.
1447 611 1525 666 Tu
1549 611 1856 677 benedicta,
1882 627 2004 682 quae
2035 612 2186 665 illum
2213 612 2268 667 in

698 689 857 764 utero
889 715 1093 777 gestas,
1133 706 1223 775 qui
1267 705 1320 760 in
1354 705 1608 773 paradiso
1639 704 2027 759 deambulavit.
2059 704 2145 759 ’l‘u
2175 705 2270 760 he-

699 801 934 864 uedicta,
958 799 1112 868 cujus
1133 807 1328 854 venter
1355 807 1605 852 sanctum
1638 797 1902 866 templum
1934 797 2134 851 evasit.
2162 795 2268 851 Be-

699 894 902 946 nedicta
941 901 998 946 tu
1045 893 1099 944 iu
1137 890 1467 954 mulieribus,
1504 901 1552 945 et
1585 891 1884 944 benedictus
1915 889 2123 958 {ructus
2148 907 2269 943 ven-

695 985 793 1039 tria
823 984 925 1048 tui,
953 998 984 1034 e
1013 997 1122 1052 quo
1151 998 1274 1036 eum
1316 983 1484 1036 Adam
1513 981 1832 1045 comederit,
1863 981 2142 1036 inimicum
2177 996 2268 1036 su-

699 1079 927 1146 perabit.
972 1075 1300 1131 Benedictus
1339 1075 1573 1138 fructus,
1607 1075 1697 1142 qui
1747 1075 1932 1128 mundi
1965 1073 2142 1129 factus
2185 1083 2269 1129 est

698 1169 1009 1222 alimentum
1041 1177 1095 1222 et
1139 1167 1534 1222 indumentum.
1580 1165 1651 1218 Et
1689 1166 1829 1218 unde
1875 1165 1970 1218 hoc
2019 1165 2168 1229 milii,
2212 1173 2268 1218 ut

641 1267 648 1278 '
697 1262 869 1314 veniat
911 1269 1081 1314 mater
1126 1258 1338 1312 Domini
1387 1259 1488 1311 mei
1537 1259 1604 1310 ad
1644 1257 1806 1310 meb?
1838 1255 1984 1322 Huic,
2021 1271 2053 1310 ο
2081 1254 2264 1326 Virgo,

699 1354 845 1408 i-ntns
875 1368 960 1406 me
983 1352 1168 1405 docuit
1199 1347 1396 1411 infans,
1431 1351 1496 1402 ad
1520 1348 1900 1401 salutationem
1939 1357 2084 1401 tuam
2106 1361 2266 1415 supra

699 1455 908 1501 natura:
947 1445 1190 1498 ordinem
1237 1443 1513 1497 exsiliens.
1547 1440 1676 1496 Haec
1707 1440 1972 1508 inspirata
2005 1440 2269 1493 divinitus

701 1538 850 1593 fuere
876 1533 1154 1589 Elisabeth
1183 1534 1370 1588 verba.

771 1721 899 1776 Xlll.
943 1719 1236 1775 Zacharias
1285 1727 1504 1783 autem,
1555 1727 1715 1786 prout
1759 1717 1892 1779 dixi,
1944 1717 2268 1771 constrictus

701 1816 885 1877 freim,
911 1813 1052 1881 quod
1086 1809 1444 1866 incredulitas
1469 1809 1570 1878 ipsi
1605 1811 1956 1878 imposuerat.
1977 1808 2139 1862 domo
2163 1822 2266 1860 non

2369 614 2558 676 ζουσα.
2584 612 2662 664 ’Σὺ
2692 609 3118 681 εὐλογημένη,ἡ
3153 609 3255 680 τὴν
3285 609 3389 679 τῆς
3423 609 3615 678 σοφίας
3639 610 3952 680 κομίζουσα

2365 703 2594 776 δωρεάν.
2627 703 2699 756 Σὺ
2724 703 3091 773 εὐλογημένη,
3123 702 3157 772 ή
3185 701 3530 774 κυοφοροῦσα
3557 702 3648 756 τὸν
3674 705 3733 755 ὲν
3765 720 3956 775 παρα-

2368 798 2532 867 δείσῳ
2560 797 3033 866 περιπατήσαντα.
3061 796 3131 849 Σὺ
3155 795 3521 866 εὐλογημένη,
3539 789 3607 866 ἧς
3631 795 3777 866 ἱερὸν
3799 797 3953 850 ὅσιον

2369 888 2613 959 ὑπῆρξεν
2648 889 2681 959 ή
2736 889 2969 960 γαστήρ.
3005 888 3397 959 Εὐλογημένη
3445 888 3527 942 σὺ
3567 889 3636 942 ἐν
3680 890 3953 956 γυναιξί,

2369 980 2470 1034 καί
2507 980 2916 1050 εὐλογημένος
2956 983 2989 1034 ό
3021 980 3250 1048 καρπὸς
3291 980 3402 1048 τῆς
3437 982 3668 1046 κοιλίας
3718 997 3859 1045 σου,
3892 981 3957 1046 ἐξ

2369 1066 2429 1126 οὗ
2461 1069 2653 1140 φαγὼν
2679 1073 2708 1124 6
2755 1071 2926 1142 Ἀδὰμ
2957 1072 3171 1142 νικήσει
3203 1071 3292 1124 τὸν
3329 1071 3546 1142 ἐχθρόν.
3573 1073 3958 1143 Εὐλογημένος

2367 1161 2396 1215 ὁ
2426 1162 2654 1231 καρπὸς,
2680 1164 2708 1215 6
2733 1162 2938 1232 κόσμου
2969 1162 3261 1231 γενόμενος
3288 1163 3466 1234 τροφὴ
3491 1165 3586 1217 καὶ
3617 1164 3802 1234 στολή.
3837 1163 3954 1218 Καὶ

2369 1251 2556 1305 πόθεν
2593 1271 2696 1322 μοι
2744 1253 2942 1314 τοῦτο,
2969 1253 3070 1306 ἵνα
3098 1253 3244 1321 ἔλθη
3275 1254 3314 1320 ὴ
3352 1252 3550 1322 μήτηρ
3581 1254 3689 1308 τοῦ
3724 1257 3957 1323 Κυρίου

2362 1363 2482 1414 μου
2527 1345 2677 1413 πρός
2710 1360 2822 1414 με;
2857 1344 3045 1398 Ταῦτά
3096 1362 3164 1414 με
3189 1345 3257 1410 ⁸³,
3294 1346 3561 1416 Παρθένε,
3610 1347 3670 1399 τὸ
3707 1347 3956 1417 ἔμϐρυον

2370 1435 2604 1501 ἐδίδαξεν
2657 1435 2893 1502 ἔνδοθεν,
2923 1436 3016 1488 ἐπὶ
3043 1435 3122 1506 τῷ
3165 1436 3244 1506 σῷ
3285 1435 3563 1508 ἀσπασμῷ
3609 1437 3749 1507 ὑπὲρ
3786 1437 3956 1506 φύσιν

2369 1529 2686 1599 ἀλλόμενον.
2743 1527 2928 1583 Ταῦτα
2984 1529 3084 1598 τῆς
3142 1528 3428 1584 Ἐλισάϐετ
3487 1529 3556 1582 τὰ
3613 1529 3958 1583 θεόπνευστα

2371 1624 2615 1691 ῥήματα.

2443 1715 2537 1766 ll".
2571 1715 2847 1784 Ζαχαρίας
2873 1715 2929 1768 δὲ
2956 1716 3047 1767 ἐπὶ
3071 1715 3243 1779 οἴκου,
3276 1715 3528 1786 καθάπερ
3555 1710 3711 1770 εἷπον
3734 1716 3808 1780 ’⁸,
3849 1733 3955 1783 με·

2375 1808 2578 1878 μένηκε
2599 1809 2688 1861 τὸν
2708 1809 2808 1878 τῆς
2831 1808 3092 1871 ἀπιστίας
3116 1808 3498 1879 περικείμενος
3528 1809 3747 1878 χαλινόν
3769 1826 3785 1838 ⁸
3824 1809 3883 1865 σνξ
3902 1824 3959 1877 ι’..

700 1915 1022 1969 secesserat,
1061 1914 1244 1973 utpote
1269 1902 1360 1972 qui
1384 1915 1570 1954 vocem
1603 1900 1671 1954 ab
1704 1914 1769 1954 eo
1799 1910 2038 1969 tempore
2069 1899 2264 1952 amise-

2372 1916 2558 1970 χρονον
2579 1902 2644 1970 τῇ
2669 1901 2861 1970 κυήσει
2891 1900 2990 1972 τὴν
3019 1901 3261 1970 ἀφωνίαν
3289 1900 3492 1968 λαϐὼν,
3521 1902 3644 1974 ὅρον
3659 1904 3758 1973 τῆς
3781 1920 3959 1956 κατα-

702 2011 808 2068 rat,
857 2014 962 2068 quo
1010 1996 1246 2052 Joannes
1291 2003 1587 2062 conceptus
1633 2001 1738 2056 est,
1792 2007 1893 2045 nec
1946 2001 2074 2045 ante
2116 1991 2266 2058 pueri

700 2091 1039 2147 nativitatem
1067 2087 1223 2140 linem
1249 2099 1422 2152 ptenae
1450 2083 1662 2137 inﬂicta:
1681 2083 1832 2136 vidit.
1857 2083 1960 2135 Sed
1984 2090 2268 2150 postquam

700 2200 732 2239 e
771 2181 1011 2237 solitaria
1057 2178 1300 2232 matrieis
1335 2177 1463 2230 sede
1496 2177 1550 2229 in
1586 2175 1761 2230 lucem
1790 2173 1990 2241 prodiit
2025 2171 2273 2226 solitudi-

701 2277 787 2331 nis
821 2275 1014 2332 ineola,
1045 2282 1222 2341 pater,
1263 2269 1581 2340 pugillarem
1612 2268 1916 2336 postulans,
1960 2265 2180 2332 scripsit
2210 2265 2272 2317 ii-

701 2368 896 2422 deliter
937 2381 1057 2436 qua:
1107 2364 1417 2419 incredulus
1461 2365 1734 2424 audierat,
1793 2373 1848 2416 et
1900 2378 2026 2418 cum
2079 2359 2272 2415 infanti

699 2475 894 2515 nomen
925 2459 1302 2528 imposuisset,
1332 2471 1518 2511 vocem
1549 2456 1773 2526 recepit.

775 2548 924 2604 Talia
961 2558 1111 2616 sunt,
1157 2564 1190 2602 ο
1237 2547 1552 2604 Prtecursor
1604 2559 1658 2603 et
1704 2547 1970 2616 Baptista,
2011 2546 2301 2618 mysteria.

703 2647 817 2702 tua,
845 2648 1132 2707 antequam
1170 2639 1506 2703 nascereris;
1545 2639 1702 2694 talem
1738 2641 1832 2694 tibi
1869 2640 2007 2694 Dens
2037 2639 2121 2694 vel
2147 2648 2275 2692 ante

701 2734 1109 2802 conceptionem
1148 2733 1405 2786 honorem
1433 2731 1664 2796 largitus
1711 2741 1813 2786 est.
1853 2729 1998 2786 Idem
2037 2732 2178 2786 enim
2219 2737 2273 2784 ct

704 2825 1039 2879 D’ominicam
1069 2823 1430 2888 nativitatem,
1466 2833 1520 2878 et
1549 2833 1690 2879 tuam
1715 2825 2123 2893 conceptionem
2152 2823 2274 2879 Ga-

703 2914 839 2969 briel
879 2915 1241 2980 annnntiaviJ,
1279 2923 1341 2969 et“
1367 2917 1417 2968 in
1447 2915 1665 2984 templo,
1716 2915 1883 2969 veluti
1923 2916 1974 2970 in
2012 2917 2272 2980 thalamo,

703 3017 1021 3074 conceptum
1052 3014 1198 3061 tuum
1227 3007 1559 3075 prazdicavit.
1587 3007 1775 3061 Ortum
1809 3018 1982 3071 tuum,
2017 3017 2272 3076 tauquam

705 3097 903 3151 donum
949 3097 1059 3152 Deo
1105 3109 1410 3166 acceptum,
1456 3113 1552 3167 per
1593 3097 1887 3154 solemnem
1921 3098 2272 3154 festivitatem

2371 1993 2527 2062 δίκης
2547 1994 2639 2046 τοῦ
2673 1994 2860 2057 παιδὸς
2891 1995 2984 2047 τδν
3009 1995 3170 2048 τόκον
3193 1995 3506 2066 δεξάμενος.
3546 1997 3634 2060 Ὠς
3661 1996 3718 2049 δὲ
3749 1997 3961 2067 προῆλο

2372 2085 2464 2138 οεν
2498 2089 2563 2140 ὲκ
2591 2087 2691 2157 τῆς
2741 2088 2950 2157 ἐρήμου
2998 2089 3212 2159 μήτρας
3259 2091 3289 2142 6
3319 2090 3416 2155 τῆς
3448 2090 3654 2160 ἐρήμου
3702 2089 3955 2158 πολίτης,

2371 2179 2552 2232 δέλτον
2576 2180 2806 2249 αἰτήσας
2832 2181 2860 2232 6
2889 2179 3074 2250 πατὴρ
3116 2180 3474 2250 εὐγνωμόνως
3507 2179 3770 2250 ἔγραφεν,
3808 2179 3957 2249 ἅπερ

2371 2272 2614 2342 ἀκήκοεν
2636 2272 2696 2324 οὐ
2725 2271 2954 2336 πιστῶς·
2983 2274 3080 2326 καὶ
3106 2272 3186 2342 τῷ
3221 2273 3417 2343 παιδίῳ
3456 2272 3555 2342 τήν
3578 2274 3954 2342 προσηγορίαν

2323 2435 2330 2442 _
2372 2364 2626 2429 ἀποδοὺς,
2659 2364 2902 2418 ἀπέλαϐε
2925 2365 3023 2434 τὴν
3058 2365 3241 2436 φωνήν
3265 2365 3310 2395 ’ί

2444 2551 2684 2606 Τοιαῦτά
2724 2569 2842 2611 σου,
2878 2547 3294 2622 Πρόδρομεςκαὶ
3323 2551 3366 2582 ⁹¹
3393 2549 3703 2614 Βαπτιστά,
3738 2549 3806 2603 τὰ
3849 2551 3957 2619 πρὸ

2372 2644 2468 2698 τοῦ
2492 2645 2654 2698 τόκου
2690 2644 2988 2713 μυστήρια,
3020 2641 3284 2712 τοιαύτην
3311 2659 3392 2694 σοι
3424 2641 3453 2693 ό
3491 2641 3623 2706 Θεὸς
3648 2643 3756 2711 πρὸ
3783 2643 3882 2712 τῆς
3907 2641 3956 2672 ’³

2377 2735 2688 2806 συλλήψεως
2713 2733 2870 2799 ἀξίαν
2896 2734 3247 2804 κεχάρισται.
3274 2732 3516 2803 Γαϐριὴλ
3543 2733 3654 2803 γὰρ
3675 2733 3724 2764 ³⁸
3746 2732 3839 2785 τὸν
3853 2734 3957 2785 Δε-

2377 2829 2634 2882 σποτικὸν
2665 2827 2821 2880 τόκον
2853 2828 2946 2879 καὶ
2966 2826 3062 2897 τήν
3103 2827 3202 2897 σὴν
3233 2825 3629 2896 εὐηγγελίσατο
3665 2825 3951 2895 σύλληψιν,

2376 2923 2434 2976 ὲν
2464 2921 2541 2992 τῷ
2569 2919 2684 2990 ναῷ
2705 2920 2959 2990 καθάπερ
2990 2921 3047 2972 ὲν
3069 2918 3319 2989 νυμφῶνι
3347 2919 3446 2988 τὴν
3474 2918 3572 2990 σὴν
3603 2920 3952 2990 ὺπηγόρευςε

2375 3013 2594 3084 κύησιν.
2627 3013 2809 3083 Δῶρον
2839 3012 2919 3082 τῷ
2945 3011 3056 3081 ναῷ
3089 3011 3135 3043 ’⁸
3164 3013 3222 3063 ὲν
3252 3009 3561 3081 πανηγύρει
3589 3009 3838 3079 θεοφιλὲς
3862 3013 3953 3063 τὸν

2378 3104 2470 3158 σὺν
2513 3104 2674 3157 τόκον
2718 3106 2926 3174 ἢγαγεν
2979 3104 3006 3156 6
3058 3102 3438 3175 ἀρχάγγελος-ο
3493 3103 3952 3173 Πνευματοφόρος

706 3190 1064 3260 archangelum
1097 3190 1295 3258 templo
1329 3190 1521 3246 detulit
1549 3207 1564 3246 :
1595 3190 1646 3244 in
1681 3201 1830 3245 utero
1863 3191 2064 3260 degens
2091 3191 2271 3245 divino

2376 3194 2628 3262 γέγονας,
2648 3196 2986 3264 προφητείας
3017 3194 3268 3265 χάρισμα
3289 3195 3346 3246 ὲν
3377 3194 3562 3266 μήτρᾳ
3581 3193 3764 3248 λαὸὼν
3795 3195 3889 3246 καὶ
3909 3195 3952 3225 ἐ

705 3281 918 3335 aﬁlatus
947 3281 1098 3336 fuisti
1129 3282 1344 3350 spiritu,
1372 3281 1666 3351 prophetia:
1700 3284 1839 3335 dono
1869 3293 2187 3346 exornatus,
2221 3291 2271 3336 et

2378 3251 2670 3356 ἀλλόμενος
2693 3251 2704 3264 ⁸
2729 3251 2912 3353 ἔλεγες
2939 3251 2996 3337 ὲν
3019 3251 3259 3355 "Veiath,
3298 3283 3333 3338 ἃ
3377 3251 3720 3355 ἱγεγηρακότι
3767 3285 3953 3338 Musei

707 3373 908 3427 saliens
939 3372 990 3426 in
1018 3382 1209 3427 ventre
1251 3381 1498 3427 materno
1525 3388 1586 3427 ea
1621 3373 1926 3441 praedicasti
1965 3389 2086 3442 qua:
2135 3373 2271 3428 Deus

2376 3377 2646 3449 ἐδήλωσεν
2671 3377 2716 3408 ⁹⁷
2747 3379 2774 3430 ό
2804 3378 2937 3440 Θεός
2957 3391 2970 3405 °
2999 3376 3081 3428 διό
3112 3393 3170 3429 σε
3206 3375 3430 3446 μείζονα
3461 3375 3759 3444 προφητῶν
3787 3375 3816 3426 6
3855 3373 3954 3441 τῆς

706 3465 875 3536 Moysi
911 3465 1023 3535 jam
1075 3467 1190 3520 seni
1236 3467 1601 3520 Inauifestavit
1637 3484 1647 3518 :
1677 3467 1796 3520 ideo
1855 3466 2114 3535 majorem
2153 3481 2271 3534 pro-

2387 3468 2716 3534 Ἐκκλησίας
2745 3468 2978 3538 νυμφίος
3012 3467 3263 3520 ἐκάλεσε.
3293 3467 3390 3530 Τίς
3423 3467 3530 3538 γὰρ
3565 3467 3864 3538 προφητῶν
3894 3467 3954 3518 ὲκ

707 3559 885 3626 phetis
915 3567 967 3613 te
1001 3557 1243 3626 Sponsus
1274 3557 1530 3613 Ecclesiae
1561 3558 1849 3626 appellavit
1873 3569 1921 3612 ε.
1963 3559 2098 3623 Quis
2128 3559 2271 3610 enim

2381 3562 2596 3632 μήτρας
2625 3561 2924 3631 μυστήριον
2965 3561 3340 3630 ὑπηγόρευσε;
3376 3560 3472 3622 Τίς
3529 3558 3759 3611 δικαίων
3789 3559 3837 3590 ⁸⁸
3863 3575 3954 3610 τε-

708 3650 853 3704 inter
889 3651 1184 3718 prephetas
1225 3664 1290 3704 ex
1329 3659 1486 3703 utero
1526 3649 1783 3719 mysteria
1838 3650 1996 3703 matri
2037 3664 2148 3703 suae
2187 3664 2271 3703 re-

2379 3653 2552 3724 χθεὶς,
2583 3653 2751 3718 ξένιον
2776 3653 2958 3723 φωνὴν
3003 3654 3348 3722 προσήνεγκε
3378 3653 3423 3684 ⁹⁹
3459 3652 3664 3721 πατρί;
3702 3653 3767 3708 ei:
3807 3650 3868 3703 δὲ
3898 3653 3955 3703 ὲν

705 3740 938 3795 velavit?
973 3741 1238 3806 Quisnam
1283 3755 1313 3795 e
1347 3740 1511 3808 justis
1561 3743 1613 3795 in
1667 3751 1788 3795 ortu
1831 3755 1931 3796 suo
1960 3755 2143 3794 vocem
2180 3756 2271 3809 pa-

2373 3743 2555 3812 ταυτῷ
2577 3745 2668 3796 τὸν
2689 3743 3059 3815 γεγεννηκότα
3079 3742 3325 3810 ἀφωνίας
3345 3742 3678 3810 ἀπήλλαξας,
3705 3742 3799 3793 καὶ
3822 3759 3953 3811 προ-

709 3834 846 3887 reuti
890 3841 1142 3900 tanquam
1177 3833 1394 3887 xenium
1437 3833 1686 3888 obtulit?
1725 3832 1804 3886 Tu
1840 3841 1969 3886 vero
2014 3846 2137 3886 eum
2181 3831 2271 3901 qui

2375 3833 2601 3903 φητείας
2628 3833 2887 3902 ἠξίωσας.
2923 3834 2980 3888 Ὀ
3009 3837 3117 3908 γὰρ
3149 3838 3253 3907 πρὸ
3282 3837 3514 3908 βραχέος
3534 3839 3770 3906 ἄφωνος,
3795 3838 3952 3904 ἁγίου

708 3933 760 3978 te
815 3934 1096 4003 genuerat,
1149 3942 1180 3978 a
1228 3925 1424 3994 lingua:
1484 3925 1870 3994 impedimento
1915 3923 2180 3988 liberasti,
2223 3931 2271 3978 el

2375 3925 2692 3994 Πνεύματος
2752 3927 3035 3997 πλησθεὶς,
3077 3930 3218 4000 ᾠδὴν
3268 3933 3398 4001 ἡμῖν
3453 3930 3856 4000 ὑπηγόρευσεν,
3887 3930 3955 3999 ἣν

708 4015 870 4069 simul
903 4015 1198 4086 pr0phetiaz
1231 4032 1453 4072 munere
1486 4017 1704 4086 dignum
1737 4015 1986 4071 effecisti.
2012 4014 2112 4081 Qui
2133 4015 2271 4067 enim

2380 4017 2574 4088 μικρὸν
2631 4019 2944 4086 ὑπαλλάξας
2987 4022 3067 4084 εἰς
3109 4021 3368 4093 εὔκαιρον
3418 4021 3851 4090 ἀνακρούσομαι.
3896 4021 3953 4074 '0

707 4109 868 4178 paulo
916 4117 1040 4162 ante
1091 4120 1272 4163 mutus
1315 4119 1452 4175 erat,
1515 4109 1750 4178 repletus
1809 4107 2016 4176 Spiritu
2063 4113 2275 4169 sancto,

707 4201 982 4254 canticum
1009 4200 1164 4255 nobis
1195 4200 1505 4254 modulatus
1544 4211 1648 4266 est,
1676 4200 1820 4269 quod
1858 4197 2136 4267 paululum
2179 4195 2280 4248 im-

707 4301 949 4354 mutans,
988 4300 1290 4360 opportune
1310 4294 1622 4348 recantabo.
1664 4293 1756 4348 Ille
1795 4295 1936 4346 enim
1969 4289 2138 4344 dicit:
2167 4289 2282 4343 Be-

706 4384 947 4439 nedictus
986 4383 1238 4439 Dominus
1288 4384 1425 4439 Deus
1453 4384 1703 4452 Israeld;
1749 4399 1850 4454 ego
1883 4394 2064 4437 autern
2110 4383 2232 4436 dico
2265 4399 2278 4435 :

2385 4109 2483 4178 μὲν
2535 4107 2644 4180 γάρ
2679 4126 2878 4179 φησιν·
2929 4113 3279 4180 Εὐλογητὸς
3310 4113 3528 4179 Κύριος
3577 4115 3609 4166 ό
3654 4113 3798 4178 Θεὸς
3849 4111 3955 4164 τοῦ

2394 4201 2640 4271 Ἰσραήλ
2661 4220 2676 4234 ’
2708 4204 2820 4272 ἐγὼ
2851 4203 2906 4257 δέ
2940 4222 3115 4274 φημι·
3144 4205 3449 4274 Εὐλογητὸς
3478 4207 3505 4258 6
3534 4204 3664 4269 Θεὸς
3692 4205 3797 4258 τῶν
3823 4205 3954 4272 Χρι-

2392 4295 2645 4348 στιανῶν.
2677 4295 2835 4365 Αὑτῷ
2873 4299 2906 4366 ἡ
2931 4297 3059 4364 δόξα
3091 4299 3173 4361 είς
3198 4298 3324 4361 τοὺς
3347 4297 3551 4360 αἰῶνας
3601 4296 3711 4349 τῶν
3746 4295 3958 4349 αἰώνων

2398 4383 2456 4436 ’Λ
2465 4387 2594 4456 μήν.

704 4480 1032 4535 Benedictus
1054 4479 1194 4536 Deus
1225 4481 1657 4537 Christianorum
1691 4502 1703 4538 :
1732 4484 1832 4553 ipsi
1865 4482 2042 4553 lgloria
2081 4482 2133 4535 in
2171 4479 2369 4536 saecula
2400 4485 2748 4540 szeculorum.
2791 4488 2983 4542 Amen.

1455 4577 1518 4629 ll.

3129 4578 3181 4634 Β.

707 4662 797 4721 ΙΝ
848 4663 1382 4722 SANCTISSIM/E
1441 4621 1796 4723 ᾖίίΙΡΑιῖίΕ
1849 4669 2271 4724 ΑΝΝΗΝΤΙΑ-

2384 4673 2510 4726 ΕΙΣ
2552 4674 2688 4726 ΤοΝ
2723 4674 3318 4728 ΕΥΑΓΓΕἊΙΣΜΟΝ
3359 4675 3494 4726 ΤΗΣ
3541 4671 3960 4726 ΥΠΕΡΑΓΙΑΣ

1301 4737 1591 4792 TIONEM
1621 4741 1696 4809 (α)

1261 4856 1507 4922 Benedic,
1545 4856 1701 4910 Pater

778 4967 818 5022 I.
861 4968 1121 5025 Anteacta
1168 4970 1255 5025 die
1287 4971 1568 5026 Dominica
1625 4973 1998 5042 interpretatio
2041 4992 2277 5045 przeces-

2947 4745 3352 4797 ΘΕΟΤΟΚΟΥ.

2859 4858 3237 4926 Εὑλόγησον,
3269 4855 3479 4924 Πάτερ.

2457 4974 2534 5029 A'.
2562 4973 2911 5044 Προέδραμεν
2935 4973 2992 5024 ὲν
3015 4973 3080 5044 τῇ
3119 4971 3362 5042 προτέρᾳ.
3407 4973 3662 5044 Κυριακῇ
3695 4973 3730 5044 ή
3757 4945 3957 5044 ἐξήγη.

783 5102 968 5162 han.
1001 5123 1041 5172 ι,
1115 5109 1205 5164 45.
1249 5120 1271 5148 ο
1304 5107 1435 5164 Luc.
1467 5124 1576 5173 vn,
1618 5107 1709 5162 28.
1751 5107 1805 5162 in
1843 5110 2098 5166 Ecclesiae
2118 5113 2335 5182 hymnis
2372 5113 2643 5168 Maximus
2684 5121 2864 5166 vatum
2909 5111 3233 5180 appellatur.
3275 5107 3303 5148 ἀ
3329 5108 3466 5164 Luc.
3500 5125 3539 5178 ι,
3570 5109 3661 5165 68.

1972 5222 2208 5280 VARI/ﬁ
2247 5223 2654 5280 LECTIONES.

781 5315 826 5347 ”
932 5315 1054 5370 Vat.
1081 5317 1260 5372 Ταῦτά
1294 5336 1402 5385 μοι.
1443 5319 1488 5350 ⁹⁰
1512 5317 1571 5373 C.
1605 5316 1721 5370 Vat.
1743 5318 1886 5370 καθᾶ
1926 5321 2206 5388 προεῖπον.
2247 5321 2290 5351 ⁹¹
2331 5320 2479 5382 Apud
2502 5317 2674 5372 Νίσου.
2707 5317 2958 5388 additur;
2993 5317 3086 5368 καὶ
3106 5317 3284 5388 ήῗχείρ
3309 5315 3554 5388 έλυεμτῆς
3588 5313 3838 5388 γλώττης
3869 5314 3956 5388 τὴν

709 5387 949 5457 σιωπήν.
1017 5388 1118 5440 ⁹¹Λ
1143 5388 1207 5445 C.
1227 5389 1341 5442 Vat.
1361 5391 1512 5443 abest
1533 5391 1645 5442 καί.
1687 5385 2022 5457 ⁹³Αιιιιειτῆς
2048 5406 2074 5441 a
2101 5389 2345 5444 VatimC.
2379 5389 2778 5455 ’δΑΙιεειγᾶρο
2809 5389 2870 5438 t1.
2903 5387 3018 5440 Vat.
3067 5385 3193 5440 “(3.
3217 5387 3336 5440 Vat.
3360 5385 3491 5457 λαῷ,
3511 5394 3698 5438 etcum
3723 5401 3790 5439 eo
3818 5387 3951 5440 Surd

708 5456 888 5512 versio
917 5459 1062 5523 legit,
1095 5460 1301 5526 populo.
1353 5461 1398 5492 9“
1425 5461 1634 5514 Abesta
1663 5459 1723 5513 C.
1756 5457 1874 5513 Vat.
1908 5456 2022 5513 καί.
2057 5460 2100 5490 ’⁷
2125 5459 2187 5514 C.
2217 5459 2379 5514 Barh.
2408 5460 2612 5527 ἔλεγεν.
2657 5458 2774 5512 "C.
2805 5458 2967 5513 Barb.
2993 5457 3224 5520 δικαίας.
3259 5460 3304 5491 θ’
3325 5457 3387 5511 C.
3409 5456 3570 5510 Barb.
3598 5458 3954 5527 προσήνεγγε.

2227 5551 2452 5606 ΝΟΤᾸΞ.

809 5643 861 5712 α)
883 5642 1066 5698 Brevis
1095 5646 1208 5698 haec
1241 5645 1459 5698 homilia
1491 5655 1543 5697 et
1568 5644 1912 5712 simplicitate
1939 5645 2277 5715 etelcgantia
2385 5642 2602 5715 Andrea
2659 5641 3007 5715 Steinhubor,
3069 5657 3238 5697 sacra:
3291 5641 3574 5715 theologia;
3624 5642 3676 5696 in
3731 5640 3952 5715 collegio

711 5724 992 5786 praestans,
1036 5715 1278 5786 ejusdem
1328 5724 1412 5768 est
1452 5717 1690 5786 auctoris
1725 5733 1786 5769 ac
1833 5713 2160 5786 prmeedcn‘s,
2195 5721 2272 5769 uti
2380 5714 2630 5786 Romano
2657 5714 2902 5786 doctore,
2933 5713 3121 5786 Graece
3155 5713 3568 5786 propria-manu
3601 5713 3949 5781 transcripta,

713 5781 1122 5854 atylus‘aperte
1170 5785 1529 5839 demonstrat.
1586 5785 1626 5837 Ε
1679 5781 1869 5840 codice
1919 5789 2270 5854 Augustano,
2380 5793 2434 5837 ct
2463 5782 2530 5835 ab
2561 5783 2927 5854 illustrissimo
2965 5782 3202 5851 Georgio
3233 5781 3576 5854 Krahingero
3615 5795 3741 5854 cum
3773 5793 3951 5851 proto-

714 5868 860 5906 nunc
901 5852 1272 5918 Monachcusi,
1315 5856 1543 5910 deducta
1587 5864 1692 5919 est.
1740 5872 1768 5910 a
1800 5852 2113 5914 doctissimo
2157 5858 2273 5910 viro
2383 5863 2510 5924 typo
2536 5853 2752 5910 collata.
2788 5853 3035 5925 Uterque
3065 5856 3132 5910 de
3163 5855 3320 5911 nobis
3346 5853 3482 5910 bene
3516 5852 3766 5909 meritus.
