4164 6550
291 497 426 564 I777

1045 503 1373 570 HOMILIA
1394 503 1495 564 ,ΙΝ
1526 504 1628 563 SS.
1671 505 2021 565 DEIPAR/E
2055 507 2772 572 ANNUNTIATIONEM.

3397 505 3532 568 1778

287 628 376 675 σις
403 613 436 682 ἠ
470 612 600 683 περὶ
629 613 725 668 τοῦ
752 614 1070 687 Προδρόμου
1097 633 1111 646 ’
1142 617 1266 685 ἄγει
1291 617 1348 670 δὲ
1377 617 1472 670 νῦν
1498 620 1646 688 ἡμᾶς
1675 619 1704 670 6
1730 618 1868 689 H96-

1967 621 2058 686 sit,
2094 636 2217 689 quae
2265 623 2408 677 circa
2457 623 2856 678 Przecttrsorem
2907 628 3189 684 versatur;
3227 634 3367 673 nunc
3401 635 3532 676 vero

284 703 484 770 δρομος
538 701 621 764 εἰς
676 701 768 755 τὸν
815 705 1239 775 κηρυττόμενον.
1290 705 1352 758 Ei
1400 705 1457 758 δὲ
1505 706 1772 778 εὔφρανεν
1824 709 1858 780 ἡ

292 792 538 861 γέννησις
583 795 679 851 τοῦ
723 797 1060 868 Προδρύμου,
1088 799 1412 869 εὐφρανάτω
1450 801 1608 854 πλέον
1649 803 1793 873 ἡμᾶς,
1824 803 1858 872 ἡ

292 887 540 956 γέννησις
555 888 652 946 ,τοῦ
683 889 862 943 κοινοῦ
889 891 1160 960 Σωτῆρος.
1206 892 1440 954 Ἐκεῖνος
1467 894 1567 964 μὲν
1596 894 1704 964 γὰρ
1729 911 1861 965 προ-

290 976 522 1048 έδραμεν
549 981 711 1050 μόνον
739 984 818 1044 εἰς
846 982 907 1035 τὸ
937 982 1170 1052 κηρῦξαι
1197 1001 1210 1014 ⁶
1241 981 1396 1050 οὗτος
1416 986 1755 1072 δὲβλήλυθεν
1779 991 1860 1051 εἰς

295 1069 346 1121 το
381 1070 574 1125 σῶσαι.
608 1073 717 1125 Καὶ
746 1072 834 1125 διὰ
878 1074 1112 1143 Χριστὸν
1157 1076 1409 1146 Ἰωάννης
1430 1095 1444 1108 ο
1478 1069 1507 1129 6
1537 1077 1593 1130 δὲ
1623 1079 1859 1149 Χριστὸς

277 1159 346 1213 οὐ
365 1160 454 1214 διὰ
505 1162 780 1232 Ἰωάννην,
812 1163 951 1216 ἀλλὰ
981 1165 1072 1218 διὰ
1092 1166 1183 1218 τὸν
1206 1167 1448 1222 Πατέρα.

354 1427 428 1482 B'.
467 1429 748 1499 Ἐλθωμεν
767 1431 947 1484 τοίνυν
971 1434 1050 1495 εἰς
1075 1433 1172 1504 τὴν
1195 1432 1455 1506 ἐξήγησιν
1484 1437 1594 1491 τῶν
1621 1439 1856 1508 εὐαγγε-

282 1520 451 1572 λικῶν
480 1522 763 1591 ῥημάτων.
799 1523 857 1577 '0
898 1523 1006 1593 γὰρ
1032 1526 1196 1588 αὐτὸς
1232 1529 1566 1598 ἀρχάγγελος
1599 1531 1855 1599 διακονεῖ,

289 1613 380 1666 καὶ
414 1614 658 1667 Ἰωάννου
687 1620 1029 1688 γεννωμένου
1058 1621 1072 1650 ¹
1103 1621 1196 1673 καὶ
1223 1621 1316 1674 τοῦ
1343 1621 1593 1694 Σωτῆρος
1621 1626 1859 1696 συλλαμ-

287 1702 609 1774 ϐανομένου.
650 1706 798 1759 Ἐκεῖ
826 1709 923 1778 μὲν
961 1705 1052 1762 οὖν
1085 1712 1304 1782 στείρας
1345 1715 1371 1764 6
1402 1715 1538 1786 ἀνὴρ
1573 1717 1856 1784 εὐαγγελίο

287 1792 473 1857 ζεταιο
502 1797 740 1851 ἐνταῦθα
769 1799 826 1852 δὲ
878 1801 1148 1871 Παρθένος
1195 1803 1524 1858 διδάσκεται.
1566 1808 1858 1863 Ἀποστέλ-

1961 711 2274 766 Praecursor
2312 716 2378 767 ad
2407 729 2528 768 eum
2572 730 2732 783 quem
2775 713 3107 782 praedicavit,
3145 726 3242 766 uos
3289 711 3526 765 adducit.

1959 805 2153 870 Porro,
2185 807 2232 860 si
2275 808 2452 861 fausta
2489 809 2664 861 illuxit
2688 806 3042 864 Praecursoris
3066 807 3340 876 nativitas,
3365 806 3532 862 multo
3566 860 3570 861 ν

1960 900 2134 966 magis
2177 915 2313 966 opus
2361 910 2442 953 cst
2479 911 2532 952 ιιι
2587 915 2684 953 nos
2731 900 2986 953 nativitas
3040 898 3340 952 Salvatoris
3379 911 3531 952 cout-

1961 990 2141 1043 munis
2180 989 2468 1044 exhilaret.
2504 989 2600 1043 llle
2633 991 2777 1043 enim
2816 991 3189 1044 tantummodo
3223 989 3531 1058 praecurrit,

1959 1091 2018 1134 ut
2058 1083 2200 1135 hunc
2231 1083 2612 1147 aunuutiaret;
2644 1083 2732 1136 hic
2769 1098 2898 1137 vero
2940 1093 2998 1134 ιιι
3024 1083 3250 1135 salutem
3284 1080 3519 1144 afferret,

1960 1174 2201 1226 advenit.
2255 1173 2321 1227 Et
2377 1172 2616 1228 Joannes
2667 1174 2882 1242 quidem
2938 1181 3159 1241 propter
3202 1173 3527 1225 Christum:

1959 1266 2211 1320 Christus
2245 1282 2396 1333 vero,
2443 1283 2548 1322 non
2591 1276 2812 1336 prouter
2841 1264 3126 1331 Joannem,
3169 1263 3263 1318 sed
3312 1273 3531 1333 propter

1959 1355 2192 1410 Patrem.

2028 1448 2092 1501 11.
2135 1450 2429 1504 Veniamus
2457 1450 2638 1518 itaque
2669 1447 2734 1501 ad
2766 1449 3199 1518 evangelii-orum
3241 1447 3528 1500 verborum

1958 1543 2417 1610 explanationem.
2457 1541 2632 1608 Atque
2667 1540 2806 1594 idem
2848 1556 2977 1593 sane
3008 1538 3369 1608 archangelus
3406 1537 3529 1591 lun-

1960 1628 2104 1697 gitur
2153 1629 2387 1682 ministri
2441 1641 2665 1681 munere
2726 1636 2838 1680 tum
2880 1628 2932 1680 iu
2986 1627 3235 1680 uatalitio
3284 1624 3528 1688 Joannis,

1962 1729 2072 1773 tum
2110 1720 2163 1774 in
2197 1719 2501 1774 Servatoris
2532 1719 2902 1788 conceptione.
2940 1719 3055 1772 lllic
3089 1719 3251 1786 igitur
3283 1716 3527 1770 nuutiqu

1963 1813 2078 1866 viro
2109 1813 2312 1866 Sterilis
2339 1813 2525 1866 uxoris
2563 1812 2842 1890 defertur;
2882 1810 2968 1863 hic
3033 1825 3162 1862 vero
3193 1823 3277 1862 res
3321 1807 3529 1876 Virgini

287 1890 431 1972 λεται
479 1887 610 1954 γοῦν
635 1889 664 1942 6
693 1891 1034 1962 ἀρχάγγελος
1075 1894 1176 1946 οὐκ
1208 1894 1286 1946 ἐτι
1338 1899 1418 1959 εἰς
1463 1897 1612 1960 ναὸν,
1644 1900 1719 1962 ὼς
1770 1901 1860 1954 ἐπὶ

1960 1905 2221 1972 aperitur.
2257 1903 2462 1957 Idcirco
2487 1887 2845 1972 archangelus
2887 1917 2990 1955 nou
3016 1899 3125 1969 jam
3157 1901 3221 1952 ad
3250 1898 3527 1966 templum,

294 1970 562 2038 Ἰωάννου,
594 1977 708 2030 ἀλλ’
741 1981 833 2032 ἐπὶ
873 1980 964 2034 τὸν
997 1981 1241 2052 ἔμψυχον
1275 1985 1397 2038 ναὸν
1430 1986 1528 2056 τὴν
1560 1989 1853 2058 Παρθένον.

1960 1996 2414 2065 quemadmodum
2455 2011 2577 2051 cum
2635 1997 2700 2049 de
2744 1994 2950 2048 Joanne
2998 1996 3280 2060 agebatur,
3321 1992 3415 2045 sed
3461 1989 3529 2044 ad

292 2063 442 2118 Ἐκεῖ
489 2069 762 2139 Ζαχαρίας
807 2073 836 2124 6
885 2075 1063 2144 ἱερεὺς
1121 2075 1370 2146 εἰσῆλθεν
1420 2078 1715 2148 θυμιᾶσαι.
1763 2082 1857 2136 καὶ

285 2156 512 2224 ἤκουσεν
542 2161 666 2224 τοὺς
686 2162 906 2227 εὐώδεις
921 2165 1110 2232 λόγους
1138 2168 1263 2232 τοὺς
1295 2171 1446 2241 napi:
1468 2172 1560 2224 τοῦ
1585 2173 1856 2242 ἀρχαγγέ·

283 2256 394 2300 λου·
412 2252 643 2306 ἐνταῦθα
657 2255 712 2306 δὲ
726 2256 825 2308 οὐκ
840 2256 920 2309 ἔτι
940 2258 1083 2320 ναὸς,
1099 2258 1233 2312 ἀλλὰ
1252 2260 1424 2331 ναὸςή
1445 2262 1856 2333 Παρθένος.οὐκ

283 2338 503 2410 ἔρχεται
534 2345 561 2396 6
589 2345 819 2414 ἄγγελος
853 2351 988 2420 πρὸς
1031 2351 1120 2404 τὸν
1149 2353 1413 2422 ἀρχιερέα
1432 2372 1447 2388 ’
1477 2356 1592 2408 ἀλλ’
1636 2357 1855 2426 ἔρχεται

283 2435 416 2504 πρὸς
436 2434 534 2507 τὴν
563 2437 852 2494 τίκτουσαν
877 2443 967 2496 τὸν
992 2445 1244 2513 οὐράνιον
1267 2447 1547 2518 ἀρχιερέα.
1586 2449 1734 2502 Ἐκεῖ
1760 2433 1870 2521 ἦλέ

281 2520 372 2575 θεν
391 2525 418 2576 6
439 2526 780 2596 ἀρχάγγελος
815 2532 872 2584 ὲν
894 2533 1068 2603 καιρῷ
1092 2533 1429 2604 λειτουργίας
1453 2551 1465 2564 '
1494 2538 1732 2592 ἐνταῦθα
1755 2520 1854 2593 ούκ

285 2616 338 2667 ἓν
384 2618 562 2689 καιρῷ
618 2621 961 2693 λειτουργίας
987 2641 999 2655 ο
1033 2625 1258 2695 ἔμελλεν
1301 2628 1411 2698 γὰρ
1455 2631 1484 2682 6
1535 2632 1854 2702 τικτόμενος

287 2709 472 2760 παύειν
496 2713 594 2780 τὴν
620 2714 936 2786 σωματικὴν
958 2714 1232 2786 λατρείαν.
1252 2718 1399 2771 Ἐκεῖ
1429 2719 1647 2790 ἔρχεται
1666 2724 1692 2773 ὁ
1713 2723 1852 2792 ἀρχ-

283 2795 508 2866 άγγελος
542 2803 678 2872 πρὸς
725 2805 818 2857 τὸν
865 2806 1110 2875 πατέρα·
1155 2807 1388 2860 ἐνταῦθα
1412 2807 1467 2860 δὲ
1506 2810 1606 2861 οὐκ
1635 2810 1852 2881 ἔρχεται

282 2891 418 2961 πρὸς
448 2893 537 2946 τὸν
569 2895 644 2966 μὴ
673 2897 960 2967 γενόμενον
988 2899 1200 2969 πατέρα
1236 2900 1459 2970 Ἰωσὴφ,
1493 2903 1606 2954 ἀλλ’
1631 2904 1850 2974 ἔρχεται
1896 2929 1900 2933 -

278 2983 416 3052 πρὸς
442 2986 540 3053 τὴν
569 2987 842 3056 Παρθένον
880 2988 977 3058 τὴν
1007 2991 1308 3062 γενομένην
1337 2994 1466 3047 ἄνευ
1499 2996 1709 3067 πατρὸς
1740 3001 1848 3070 μη-

281 3072 428 3142 τέρα.
479 3073 625 3128 Ἐκεῖ
653 3071 720 3148 ἦν
759 3078 1040 3132 Ἐλισάῦετ
1069 3081 1162 3133 καὶ
1192 3083 1500 3152 Ζαχαρίας-⁸
1530 3085 1765 3141 ἐνταῦθα
1792 3089 1847 3141 δὲ

277 3164 411 3236 μόνη
442 3167 650 3237 Μαρία.
687 3166 795 3222 Ἦν
828 3171 934 3242 γὰρ
966 3173 994 3224 6
1035 3171 1233 3243 Ἰωσὴφ
1275 3174 1349 3236 ὡς
1385 3175 1634 3247 μνηστήρ
1667 3180 1808 3250 ἀνήρ
1831 3196 1847 3210 ’

1961 2090 2216 2157 templum
2256 2092 2574 2156 animatum,
2619 2093 2684 2147 ad
2706 2088 2983 2162 Virginem
3027 2081 3238 2159 netupe,
3275 2089 3525 2142 mittitur.

1957 2182 2030 2235 lhi
2081 2183 2374 2238 Zacharias
2423 2187 2680 2239 sacerdos
2729 2183 2795 2238 ad
2852 2186 3148 2254 thyuuama
3202 2181 3525 2235 adolcudum

1959 2274 2234 2342 ingressus
2279 2286 2382 2339 cst,
2424 2285 2477 2330 et
2521 2276 2588 2329 ab
2633 2275 2962 2345 archangelo
3006 2289 3198 2328 suaves
3247 2287 3528 2327 sermones

1958 2368 2314 2425 audivit;hic
2353 2383 2479 2422 vero
2523 2383 2625 2419 non
2655 2368 2762 2435 jam
2819 2365 3072 2445 templum
3110 2365 3284 2419 oculis
3335 2363 3527 2433 objici-

1959 2468 2068 2521 tur,
2097 2459 2189 2510 sed
2219 2458 2473 2527 templum
2501 2457 2576 2529 (5)
2620 2459 2732 2525 ipsa
2774 2465 2857 2508 est
2889 2456 3072 2522 Virgo.
3116 2451 3237 2510 Non
3281 2455 3345 2507 ad
3379 2469 3528 2507 sum-

1957 2564 2104 2604 ntum
2141 2550 2288 2603 illum
2328 2551 2664 2603 sacerdotem
2692 2547 2918 2616 angelus
2962 2548 3128 2610 venit,
3172 2547 3266 2601 sed
3301 2545 3366 2598 ad
3405 2559 3525 2599 eam

1957 2642 2152 2713 pergit,
2189 2657 2310 2710 qua:
2352 2641 2628 2695 caelestem
2669 2654 2938 2694 smnmum
2981 2639 3329 2694 Sacerdotem
3367 2651 3528 2706 gene-

1958 2745 2060 2788 rat.
2102 2735 2175 2789 lhi
2224 2734 2583 2805 archangelus
2618 2735 2767 2786 venit
2828 2745 3072 2802 tempore
3108 2731 3396 2794 sacriﬁcii;
3438 2729 3526 2784 hic

1955 2840 2133 2883 autem
2188 2844 2294 2882 nou
2343 2836 2569 2896 apparet
2613 2830 2744 2882 hora
2790 2827 3069 2893 sacriﬁcii,
3129 2825 3386 2894 quoniam
3430 2822 3525 2892 qui

1954 2921 2304 2985 nascebatur,
2330 2921 2496 2973 cultui
2548 2919 2622 2973 illi
2666 2918 2932 2973 materiali
2972 2918 3132 2971 linem
3168 2917 3526 2985 impositurus

1951 3023 2087 3066 erat.
2121 3011 2196 3065 Ibi
2230 3010 2594 3079 archangelus
2625 3025 2683 3065 se
2720 3010 2930 3064 confert
2956 3011 3022 3064 ad
3077 3009 3404 3078 genitorem;
3439 3005 3526 3061 hic

1950 3119 2078 3158 vero
2107 3111 2228 3158 non
2255 3118 2314 3158 se
2357 3102 2593 3172 Josepho
2628 3103 2797 3167 sistit,
2828 3102 3029 3171 quippe
3069 3099 3159 3169 qui
3211 3099 3527 3153 nullatenus

1951 3201 2104 3258 pater
2141 3192 2264 3254 fuit,
2291 3193 2384 3246 sed
2415 3191 2686 3260 Virginem
2711 3192 2846 3254 adit,
2878 3205 2998 3257 qua:
3037 3199 3249 3244 semoto
3279 3188 3526 3258 genitore

279 3252 389 3327 εἶχε
420 3258 474 3310 δὲ
505 3261 603 3330 τὴν
634 3261 902 3331 παρθένον
952 3263 1242 3330 παρθένον.
1276 3266 1389 3318 Οὐκ
1422 3265 1640 3336 ἔρχεται
1671 3270 1848 3322 τοίνυν
1876 3312 1880 3339 γ

1955 3292 2126 3336 mater
2163 3283 2356 3335 evasit.
2395 3282 2470 3336 lbi
2505 3283 2677 3336 locum
2715 3284 2951 3337 habuere
3001 3283 3272 3338 Elisaheth
3329 3293 3382 3336 et
3425 3279 3526 3332 Za-

279 3350 418 3419 πρὸς
466 3353 627 3405 αὐτὸν
675 3356 703 3407 6
750 3355 1114 3424 ἀρχάγγελος’
1149 3357 1262 3409 ἀλλ’
1297 3358 1519 3429 ἔρχεται
1567 3362 1705 3428 πρὸς
1749 3363 1848 3431 τὴν

281 3441 576 3512 Παρθένον.

278 3544 399 3590 ctus
420 3545 570 3605 erat;
609 3552 793 3594 verum
827 3555 985 3608 quam
1026 3543 1292 3614 virginem
1334 3546 1525 3599 halmit
1574 3547 1840 3614 virginem
1916 3557 2174 3612 servavit.

279 3628 668 3700 archangelus;
702 3635 794 3688 sed
829 3637 895 3688 ad
932 3633 1202 3706 Virginem
1238 3653 1298 3693 se
1324 3641 1576 3696 contulit.

347 3740 422 3799 Γ’.
451 3744 564 3798 Καὶ
600 3747 654 3799 τί
703 3747 851 3816 λέγει
902 3752 1074 3822 «Citii;
1123 3753 1320 3822 Χαῖρε,
1367 3760 1845 3826 κεχαριτωμένη·

277 3838 465 3910 ἐπειδὴ
483 3837 636 3894 εἶπεν
655 3843 682 3896 ὁ
703 3843 835 3907 Θεὸς
856 3847 918 3916 τῇ
945 3845 1080 3916 Εὕα·
1113 3848 1210 3900 Ἐν
1230 3852 1454 3915 λύπαις
1477 3852 1621 3920 τέξῃ
1648 3853 1846 3909 τέκνα.

276 3928 474 3997 Χαῖρε,
497 3935 934 4004 κεχαριτωμένη
957 3953 969 3966 ⁸
997 3937 1180 3992 λύεται
1205 3941 1313 4011 γὰρ
1341 3942 1374 4010 ὴ
1398 3941 1539 4012 λύπη
1566 3943 1662 4013 τῆς
1684 3944 1844 4007 Εὔας.

1952 3373 2168 3427 charias
2197 3391 2210 3427 :
2243 3375 2329 3427 hic
2362 3388 2491 3428 vero
2525 3375 2636 3427 sola
2665 3373 2832 3426 Maria
2863 3374 2960 3443 (6).
3003 3374 3132 3426 Nam
3179 3374 3368 3441 utique
3430 3370 3524 3424 Jo-

1954 3464 2158 3530 sephus
2195 3463 2269 3531 ei,
2316 3473 2506 3532 utpote
2541 3478 2796 3532 Sponsus,
2833 3465 3086 3518 connubii
3121 3463 3245 3531 jure
3287 3461 3525 3528 conjun-

2260 3557 2373 3612 llac
2421 3553 2588 3627 igitur
2622 3559 2686 3610 de
2725 3570 2892 3610 causa
2948 3571 3053 3610 non
3109 3570 3231 3610 eum
3273 3552 3525 3608 convenit

2021 3755 2110 3820 Ill.
2153 3757 2290 3823 Quid
2325 3773 2485 3826 porro
2511 3758 2642 3812 dicit
2668 3756 2915 3826 Virgini?
2941 3757 3064 3818 Ave,
3096 3757 3269 3824 gralia
3299 3756 3450 3824 plena
3477 3767 3525 3824 ε,

1947 3849 2377 3918 quandoquidem
2418 3849 2559 3903 Deus
2588 3849 2713 3902 Eva:
2741 3848 2953 3902 dixerat
2981 3865 2994 3898 :
3027 3845 3094 3899 In
3123 3846 3396 3899 doloribus
3432 3863 3499 3915 pa

1947 3943 2048 3994 ries
2084 3941 2224 4008 ﬁlios
2254 3939 2275 3978 ί
2309 3940 2411 4011 (7).
2454 3942 2591 4008 Ave,
2634 3944 2810 4010 gratia
2855 3940 3043 4010 plena;
3095 3938 3327 3993 solvitur
3381 3939 3524 3990 enim

288 4024 352 4076 Ἦ
387 4021 500 4078 Εὔα
529 4025 587 4078 ἐν
617 4025 816 4090 λύπαις
844 4029 1086 4083 ἔτικτενο
1120 4031 1256 4100 αὕτη
1294 4033 1472 4084 τοίνυν
1502 4035 1534 4098 ἡ
1569 4035 1710 4104 χαρὰ
1731 4035 1848 4088 λύει

1955 4034 2070 4088 Ενιε
2109 4033 2284 4088 dolor.
2333 4033 2444 4086 Eva
2479 4033 2531 4086 in
2577 4034 2854 4087 doloribus
2897 4029 3180 4099 pariebat;
3213 4031 3316 4082 hoc
3353 4028 3524 4095 igitur

276 4117 494 4186 ἐκείνην
527 4118 625 4190 τὴν
667 4119 863 4189 λύπην.
899 4121 999 4174 Διὰ
1029 4123 1184 4175 τοῦτο
1209 4124 1426 4190 ἔλεγενο
1457 4125 1652 4192 Χαῖρε,
1676 4143 1849 4194 κεχα-

275 4209 565 4277 ριτωμένη
592 4227 606 4242 ο
640 4213 673 4264 ό
701 4213 914 4279 Κύριος
945 4215 1094 4283 μετὰ
1131 4214 1270 4268 σοῦ.
1309 4211 1414 4268 Ἦν
1452 4217 1560 4286 γὰρ
1603 4219 1718 4287 μετ’
1749 4220 1850 4271 αὐ-

275 4302 375 4370 τῆς
406 4301 433 4352 6
472 4303 666 4373 μικρὸν
693 4301 918 4375 ὕστερον
952 4306 1009 4371 ἐξ
1036 4307 1226 4377 αὐτῆς.

267 4477 276 4483 ι
347 4417 418 4468 Δ’.
455 4414 522 4469 ἸΙ
547 4415 615 4469 δὲ
635 4417 731 4470 ἐπὶ
755 4417 833 4484 τῷ
853 4422 1014 4488 λόγῳ
1038 4420 1420 4489 διεταράχθη’
1449 4421 1508 4473 οὐ
1540 4421 1648 4492 γὰρ
1673 4422 1849 4492 ἠσπάα

279 4524 412 4560 σατο
444 4508 579 4580 γυνὴ
626 4513 878 4577 γυναῖκα,
918 4511 1035 4564 ἀλλ’
1065 4513 1313 4582 οὐράνιος
1352 4513 1573 4584 πολίτης
1619 4515 1718 4584 τὴν
1760 4515 1854 4568 ἐπὶ
1899 4553 1907 4560 .

1949 4124 2203 4192 gaudium
2233 4124 2475 4178 dolorem
2512 4123 2658 4178 illum
2691 4123 2883 4193 abigit.
2923 4121 3220 4190 Propterea
3256 4121 3390 4173 dixit
3414 4118 3526 4188 (an-

1950 4217 2122 4292 gelus)
2151 4233 2163 4270 :
2197 4215 2325 4281 Ave,
2390 4217 2566 4286 gratia
2610 4215 2800 4284 plena,
2845 4212 3107 4268 Dominus
3151 4223 3341 4265 tecum.
3397 4211 3527 4264 Erat

1951 4309 2093 4363 enim
2120 4324 2242 4362 cum
2273 4324 2358 4370 ea,
2384 4308 2474 4376 qui
2517 4305 2675 4375 paulo
2705 4315 2826 4374 post
2856 4306 2922 4358 ab
2953 4305 3070 4372 ipsa
3111 4302 3352 4357 oriturus
3383 4309 3524 4354 erat.

2025 4418 2113 4475 ιν.
2155 4418 2244 4472 Illa
2297 4435 2423 4474 vero
2456 4421 2668 4472 turbata
2702 4429 2777 4472 est
2809 4419 2864 4471 in
2899 4432 3134 4471 sermone
3161 4417 3214 4480 ες
3247 4429 3352 4468 non
3381 4413 3525 4466 enim

1956 4509 2151 4562 mulier
2185 4508 2465 4562 mulierem
2501 4508 2855 4569 salutaverat,
2895 4505 2990 4559 sed
3023 4503 3266 4559 cmlestis
3300 4501 3436 4556 civis
3471 4501 3522 4552 in

276 4599 379 4665 γῆς
402 4600 862 4670 προσηγόρευσεν.
897 4601 968 4656 Ἦ
988 4601 1056 4654 δὲ
1075 4603 1172 4655 ἐπὶ
1193 4603 1271 4666 τῷ
1286 4604 1445 4673 λόγῳ
1465 4604 1842 4675 διεταράχθη.
1879 4602 1880 4607 “

1955 4604 2112 4657 terris
2149 4601 2434 4671 degentem
2495 4599 2762 4652 allocutus
2811 4599 3007 4650 fuerat.
3065 4594 3194 4663 Ipsa
3239 4602 3416 4646 autem
3470 4592 3524 4643 iu

277 4689 426 4759 Τάχα
456 4691 511 4744 δὲ
543 4694 634 4745 καὶ
671 4693 746 4756 ὡς
785 4692 922 4764 πρὸς
947 4695 1139 4764 ἀνδρὸς
1170 4698 1350 4766 φωνήν
1374 4713 1387 4726 ·
1439 4696 1614 4767 ἀήθης
1641 4700 1750 4769 γάρ
1778 4695 1845 4769 ἦν

275 4781 309 4848 ἡ
338 4782 464 4847 ἁγία
487 4783 561 4845 ὡς
585 4785 720 4855 πρὸς
744 4785 952 4856 ἀνδρῶν
980 4787 1288 4856 ἀσπασμόν.
1319 4788 1484 4842 Μὲνει
1511 4790 1688 4842 τοίνυν
1711 4791 1846 4860 πτή-

280 4870 414 4936 ξασα
445 4877 542 4944 τὴν
589 4879 793 4947 φωνὴν,
823 4879 912 4930 καὶ
940 4877 1262 4946 διελογίζετο
1298 4882 1356 4933 ἐν
1388 4881 1546 4950 αὐτῇ,
1579 4883 1847 4947 ποταπὸς

357 5023 379 5051 ε
405 5011 536 5066 Luc.
570 5027 608 5076 ι,
632 5014 722 5068 28.
808 5015 993 5071 fGen.
1021 5031 1105 5081 ιιι,
1139 5015 1226 5070 16.
1311 5017 1334 5055 ε
1365 5014 1496 5070 Luc.
1538 5032 1574 5078 ι,
1607 5017 1701 5071 29.

1951 4711 2186 4751 sermone
2216 4695 2427 4746 turbata
2463 4701 2561 4746 est.
2597 4690 2869 4744 Fortassis
2902 4703 3063 4758 porro
3102 4687 3321 4756 expavit
3361 4682 3522 4736 etiam

1952 4789 2017 4842 ad
2071 4801 2259 4840 vocem
2299 4785 2455 4853 quasi
2497 4783 2746 4847 virilem;
2797 4783 2940 4850 quod
2987 4781 3130 4834 enim
3171 4779 3237 4832 ad
3283 4777 3523 4829 virorum

1953 4876 2303 4930 salutationes
2342 4874 2562 4938 attinet,
2599 4873 2910 4927 nullatenus
2940 4880 3128 4927 sancta
3164 4870 3254 4923 illa
3299 4869 3382 4925 his
3408 4877 3524 4920 erat

1572 5117 1800 5186 VARI/ia
1839 5129 2236 5186 LECTlt‘iNES.

353 5215 370 5246 ⁸
404 5213 540 5270 Cod.
567 5215 912 5285 γεννομὲνου.

1780 5315 2008 5371 NOTAE.

349 5431 426 5501 (ὃ)
468 5428 524 5501 In
569 5429 744 5501 ol'lieio
775 5430 1160 5501 (lonccptionis
1196 5433 1553 5489 immaculatre
1590 5437 1788 5489 dicitur
1820 5454 1833 5488 :

278 5498 447 5572 Beata
480 5499 586 5572 Dei
605 5498 846 5553 Genitria;
878 5499 1054 5555 Maria
1085 5500 1259 5572 Virgo,
1298 5506 1542 5572 templum
1601 5505 1834 5560 Domini.

279 5571 522 5638 Liturgia
549 5568 732 5623 Grznca
773 5572 838 5624 tle
887 5584 1148 5639 conceptu
1176 5568 1254 5626 'in
1303 5568 1461 5628 utero
1508 5577 1676 5627 Annze
1710 5579 1846 5630 hanc

280 5634 491 5693 laudent
527 5639 781 5708 praedicat
812 5659 825 5693 :
862 5634 1133 5707 Templum
1157 5643 1394 5696 divinum
1423 5663 1482 5697 ac
1518 5645 1753 5697 salutare
1793 5649 1845 5699 in
1884 5634 1894 5650 ’

279 5724 427 5764 utero
466 5710 754 5778 concipitur
777 5727 838 5764 ac
869 5713 1232 5778 construitur;
1265 5715 1320 5764 in
1355 5717 1538 5766 matris
1563 5717 1844 5770 visceribus

279 5781 552 5851 plantatur
584 5781 752 5845 scala,
776 5799 894 5851 qua:
922 5782 1167 5834 mortales
1197 5799 1374 5836 omnes
1408 5786 1476 5835 ad
1510 5783 1736 5836 caelestia
1766 5803 1846 5839 re-

281 5850 461 5921 ducit;
502 5851 727 5917 ﬁdeliter
759 5850 1142 5917 canceptionem
1187 5853 1300 5921 ejus
1337 5854 1557 5906 summis
1596 5855 1841 5908 laudibus

279 5920 590 5978 celebremus
623 5937 641 5976 :
670 5924 869 5994 γαστρὶ
907 5925 1164 5993 χωρεῖται
1209 5920 1304 5978 καὶ
1338 5922 1630 5980 πλάττεται
1670 5925 1794 5988 ναὸς
1815 5929 1842 5978 6

1946 5437 2124 5499 037.26;
2160 5437 2253 5489 καὶ
2287 5439 2554 5506 σωτήριος
2676 5436 2807 5503 πρὸς
2834 5437 2901 5487 τὰ
2928 5436 3039 5488 ἄνω
3065 5435 3265 5506 πάντας
3299 5430 3521 5506 βροτούς

1948 5507 2376 5575 ἐπαναγαγοῦσα
2545 5501 2646 5577 τὴν
2680 5501 2942 5576 σύλληψιν
2966 5505 3176 5568 πιστῶς
3209 5501 3520 5571 πανηγυρί-

1958 5596 2162 5632 ςωιιεν.

2024 5629 2103 5713 (li)
2124 5629 2315 5702 διωοί
2346 5649 2557 5700 beatam
2583 5645 2857 5715 Virginem
2890 5656 2948 5700 ut
2976 5645 3144 5700 solum
3175 5642 3272 5696 Dei
3299 5650 3519 5693 matrem

1954 5717 2268 5782 frequenter
2296 5719 2553 5772 salutant.

2022 5781 2097 5855 (7)
2139 5784 2610 5855 Frequentissima
2639 5787 2777 5855 apud
2807 5786 2997 5842 Patres
3031 5783 3256 5855 Marium
3288 5781 3428 5834 inter
3458 5795 3519 5855 ac

1951 5851 2118 5938 Evam
2162 5851 2468 5937 antithesis.
2504 5851 2782 5914 Posterior
2817 5857 2928 5913 Eva
2957 5859 3009 5912 in
3059 5853 3322 5911 medelam
3363 5851 3518 5906 malis

1948 5937 2145 5996 prioris
2176 5937 2360 5984 cessn.
