4164 6546
664 493 802 560 1779

1638 495 2043 555 ANTIPATRI
2084 495 2553 555 BOSTRENSIS
2587 493 2926 554 EPISCOPI

3790 490 3904 557 1780

662 618 901 661 assueta.
941 604 1117 659 Haeret
1148 604 1312 675 igitur
1340 606 1491 659 vocis
1535 604 1679 660 illius
1726 601 1920 662 timore
1958 608 2227 677 perculsa,
2260 659 2263 667 ι

2344 606 2424 674 εἵη
2453 609 2475 637 ²
2502 608 2536 660 ό
2563 604 2890 673 ἀσπασμὸς
2940 597 3155 666 οὗτος·
3211 600 3262 653 τί
3318 598 3477 652 θέλει
3525 596 3666 669 αὕτη
3718 594 3845 656 εἶναι
3879 608 3907 674 ἡ

664 708 719 750 et
748 698 889 751 intra
921 711 981 750 se
1008 697 1231 762 cogitat,
1262 696 1437 765 qualis
1470 697 1541 749 sit
1582 699 1685 750 ista
1722 697 1979 753 salutatio
2002 699 2068 766 h;
2100 700 2230 769 quid

663 802 859 856 nempe
883 787 984 839 sibi
1025 787 1137 841 vult
1176 787 1280 840 iste
1308 787 1524 840 sermo?

738 880 802 933 V.
843 878 1013 932 Porro
1057 879 1123 933 ad
1172 893 1291 932 eam
1340 878 1602 947 angelus:
1639 879 1717 934 Ne
1754 882 1975 944 timeas,
2027 881 2234 950 inquit,

2337 697 2681 769 προσηγορία
2701 714 2717 762 ;

2410 880 2485 934 Ε’.
2512 879 2626 933 Καὶ
2654 873 2809 930 εἶπεν
2850 879 2880 930 6
2925 874 3156 943 ἄγγελος
3186 873 3331 943 αὐτῇ
3359 889 3374 902 ’
3432 869 3536 938 Μὴ
3572 872 3775 940 φοϐοῦ,
3806 879 3910 931 Ma-

666 968 882 1031 Maria;
914 968 1157 1021 invenisti
1194 969 1331 1020 enim
1368 970 1597 1035 gratiam
1635 971 1779 1036 apud
1810 969 1978 1022 Deum
2004 985 2022 1023 :
2049 980 2097 1023 et
2122 986 2238 1024 ecce

2344 971 2507 1041 ριάμ·
2534 966 2707 1038 εὗρες
2721 968 2840 1061 γὰρ
2862 967 3038 1037 χάριν
3064 967 3225 1035 παρὰ
3251 964 3339 1030 τῷ
3376 963 3511 1030 Θεῷ
3532 981 3546 995 ·
3587 966 3687 1019 καί
3717 968 3833 1022 ἰδοὺ
3854 972 3912 1023 ἐν

666 1060 721 1112 in
767 1071 912 1111 utero
960 1058 1217 1123 concipies
1248 1059 1292 1111 ί,
1342 1056 1497 1121 Illud,
1527 1059 1769 1112 invenisti
1806 1062 2059 1129 gratiam,
2090 1074 2242 1114 com-

667 1166 833 1204 mune
866 1149 987 1203 aliis
1025 1149 1157 1214 fuit;
1196 1165 1320 1203 nam
1356 1159 1407 1203 et
1431 1148 1523 1203 alii
1554 1160 1679 1203 :mte
1725 1167 1845 1203 eam
1879 1153 2109 1219 gratiam
2157 1151 2241 1205 in-

667 1252 955 1299 venerunt.
1001 1243 1155 1310 Quod
1203 1259 1331 1299 vero
1379 1244 1618 1306 additur,
1657 1242 1940 1311 concipies,
1989 1258 2096 1296 non
2128 1242 2241 1311 jam

671 1350 961 1391 commune
998 1348 1138 1401 erat,
1178 1336 1271 1389 sed
1309 1349 1531 1403 prorsus
1562 1334 1834 1404 singulare
1878 1334 2085 1389 ratione
2114 1350 2240 1404 pro-

673 1427 980 1483 tuissionisi
1010 1426 1119 1494 ;"et
1167 1444 1283 1482 ecce
1323 1429 1377 1481 in
1427 1436 1576 1481 utero
1610 1428 1869 1497 concipies
1909 1428 2061 1497 virgo
2101 1446 2116 1483 :
2148 1443 2246 1481 no-

672 1533 799 1571 vum
860 1534 992 1573 sane
1048 1534 1111 1573 ac
1169 1518 1450 1572 mirabile!
1510 1516 1766 1571 Invenisti
1818 1519 2051 1587 gratiam
2104 1520 2245 1588 apud

682 1605 882 1671 Deum;
914 1623 1036 1661 cum
1065 1608 1208 1661 enim
1242 1623 1465 1676 prorsus
1492 1622 1716 1663 necesse
1744 1608 1815 1662 sit
1840 1618 1900 1662 ut
1929 1623 1996 1663 ex
2028 1608 2243 1676 virgine

677 1699 905 1764 prodeat
936 1699 1026 1767 qui
1056 1700 1366 1754 nasciturus
1399 1709 1504 1764 est,
1536 1714 1647 1768 prae
1668 1699 1920 1756 omnibus
1947 1700 2249 1772 virginibus

678 1789 773 1843 tibi
810 1790 897 1845 hic
932 1790 1109 1844 honor
1136 1791 1345 1845 delatus
1371 1802 1473 1845 est.

753 1880 842 1937 VI.
886 1882 1142 1938 Invenisti
1171 1884 1310 1937 enim
1347 1885 1573 1952 gratiam
1605 1883 1744 1951 apud
1776 1883 1965 1947 Deum,
1998 1892 2046 1937 et
2075 1883 2251 1953 paries

2342 1063 2553 1134 γαστρὶ
2602 1055 2903 1129 συλῖὶήψῃ
2929 1060 2971 1113 ³.
3013 1059 3107 1124 Τὸ,
3137 1055 3314 1127 εὗρες
3363 1056 3577 1127 χάριν,
3629 1060 3797 1112 κοινὸν
3821 1059 3908 1132 ἦν·

2343 1150 2498 1225 εὗρον
2548 1154 2659 1225 γὰρ
2710 1152 2859 1206 ἄλλοι
2915 1152 3023 1223 πρὸ
3060 1151 3231 1221 αὐτῆς
3276 1151 3479 1220 χάριν.
3517 1150 3595 1202 Τὸ
3641 1150 3697 1202 δὲ
3745 1154 3909 1221 εἰπεῖν,

2343 1248 2664 1315 συλλήψῃ,
2696 1243 2900 1297 οὐκέτι
2929 1243 3109 1296 κοινὸν
3139 1237 3231 1312 ἦν,
3267 1240 3393 1294 ἀλλ’
3429 1240 3643 1305 ἰδιάζον
3669 1242 3745 1304 si;
3766 1245 3910 1314 ἐπαγ-

2347 1336 2558 1405 γελίανο
2605 1335 2700 1388 καὶ
2743 1332 2873 1387 ιδοὺ
2916 1329 3217 1399 συλλήψῃ
3241 1330 3311 1383 ἐν
3353 1328 3599 1399 γαστρὶ
3640 1330 3909 1397 παρθένος·

2347 1428 2497 1495 ξένον
2545 1427 2605 1481 τὸ
2652 1426 2885 1496 πρᾶγμα
2911 1425 2971 1477 δί
3008 1418 3195 1490 Εὗρες
3229 1421 3421 1492 χάριν
3465 1421 3635 1488 παρὰ
3664 1420 3742 1486 τῷ
3778 1421 3910 1489 Θεῷ·

2346 1521 2425 1573 δεῖ
2452 1520 2550 1590 μὲν
2573 1519 2682 1590 γὰρ
2705 1517 2801 1571 τοῦ
2829 1517 3149 1587 τικτομένου
3177 1513 3513 1582 ἀναγκαίως
3545 1515 3612 1566 ἐκ
3635 1514 3908 1585 παρθένου*

2350 1616 2415 1668 σὺ
2443 1614 2501 1668 δὲ
2529 1611 2635 1667 τῶν
2661 1611 2837 1667 ἄλλων
2871 1609 3156 1682 παρθένων
3190 1605 3635 1679 προτετίμησαι.

2424 1897 2515 1963 ς’.
2545 1888 2736 1962 Εὗρες
2778 1892 2888 1963 γὰρ
2928 1892 3105 1961 χάριν
3144 1888 3305 1957 παρὰ
3349 1887 3440 1954 τῷ
3478 1886 3625 1953 Θεῷ,
3667 1888 3759 1942 καί
3790 1890 3912 1957 τέξῃ

684 1976 877 2041 lilium,
922 1989 970 2031 et
1011 1976 1217 2031 vocabis
1268 1993 1452 2031 nomen
1491 1978 1603 2046 ejus
1631 1977 1836 2032 Jesum.
1873 1974 2038 2046 Virgo
2070 1977 2251 2045 itaque

2351 1959 2520 2043 vidi”
2568 1959 2667 2039 καὶ
2715 1959 3046 2051 καλέσειςιί⁵
3072 1982 3141 2037 τὸ
3193 1983 3391 2052 ὄνομα
3442 1980 3638 2035 αὑτοῦ
3679 1981 3908 2046 Ἰησοῦν.

679 2088 802 2126 cum
845 2071 913 2125 ab
949 2070 1138 2138 angelo
1170 2069 1398 2125 salutata
1436 2082 1603 2135 esset,
1644 2069 1940 2140 angebatur
1967 2068 2168 2135 animo,
2196 2078 2252 2124 et

681 2178 796 2216 rem
827 2177 1011 2217 secum
1049 2162 1165 2231 ipsa
1210 2163 1611 2230 perpendebat;
1653 2164 1743 2217 ubi
1791 2177 1924 2216 vero
1982 2164 2254 2232 persentit

681 2268 789 2320 quo
831 2264 1043 2320 spectet
1085 2252 1268 2309 fausta
1317 2253 1410 2307 illa
1462 2255 1829 2319 :munntiatio,
1872 2269 1978 2308 non
2022 2255 2254 2324 amplius

680 2347 947 2401 adversus
991 2360 1299 2402 sermonem
1349 2348 1639 2412 obnititur,
1690 2362 1876 2402 verum
1916 2347 1981 2401 de
2035 2362 2094 2401 re
2135 2362 2256 2417 qua:

686 2440 791 2493 sibi
841 2439 1166 2508 proponitur
1204 2455 1407 2509 anceps
1445 2440 1630 2494 baret.
1668 2439 1807 2494 Hinc
1847 2440 1980 2494 dicit
2018 2439 2251 2506 angelo:

684 2531 959 2598 Quomodo
990 2533 1091 2587 erit
1128 2537 1225 2587 hoc
1250 2534 1403 2598 mihi,
1433 2535 1685 2602 quoniam
1721 2536 1891 2587 virum
1928 2551 2030 2587 non
2060 2550 2257 2603 cogno-

682 2621 856 2679 sco“?
888 2624 1077 2680 Fidem
1110 2626 1269 2682 dictis
1302 2642 1412 2681 non
1447 2636 1639 2697 negat;
1676 2627 1770 2681 sed
1798 2628 1863 2681 de
1886 2628 2046 2682 modo
2080 2628 2258 2697 inqui-

688 2716 781 2771 rit.
813 2717 1155 2773 lncredulnm
1192 2734 1322 2787 ergo
1354 2719 1544 2789 utique
1580 2734 1640 2775 se
1670 2718 1968 2774 Zacharias
1994 2721 2257 2789 praebuit;

688 2824 797 2864 non
826 2817 1006 2864 autem
1042 2808 1206 2879 Virgo
1240 2811 1448 2880 pariter
1472 2810 1747 2866 incredula
1782 2811 2020 2866 exsistit.
2054 2810 2261 2867 Idcirco

687 2898 783 2953 ille
809 2899 1124 2954 sciscitatus
1152 2909 1236 2955 est
1262 2917 1275 2953 :
1309 2896 1457 2953 Unde
1478 2899 1574 2952 hoc
1594 2901 1761 2953 sciam
1791 2899 1938 2955 1?Ut
1962 2900 2106 2955 enim
2139 2916 2261 2955 cre-

687 2990 862 3053 deret,
892 2990 1107 3057 signum
1139 2990 1245 3043 sibi
1285 2988 1533 3044 exhiberi
1567 2991 1902 3057 postulabat.
1934 2990 2102 3061 Virgo
2136 3006 2264 3047 vero

688 3080 907 3147 inquit:
938 3079 1212 3145 Quomodo
1257 3082 1353 3134 hoc
1384 3082 1526 3134 erit?
1555 3080 1782 3149 Nempe,
1832 3097 2014 3137 sermo
2044 3084 2263 3152 quidem

691 3172 797 3225 [ide
831 3173 1025 3241 dignus
1061 3182 1173 3237 est;
1216 3184 1273 3226 at
1306 3173 1500 3228 modus
1534 3173 1702 3227 menti
1737 3175 2037 3244 impervius
2066 3193 2080 3229 :
2114 3186 2267 3230 natu-

690 3261 825 3315 ralis
857 3260 1162 3317 intellectus
1189 3278 1529 3333 nequaquam
1560 3265 1893 3335 assequitur,
1924 3282 2044 3336 qua:
2077 3266 2218 3322 dicis
2247 3285 2261 3321 :

692 3371 819 3409 nam
851 3355 999 3421 illud,
1034 3372 1151 3410 ecce
1183 3357 1465 3426 concipies,
1490 3357 1558 3410 ad
1586 3368 1910 3426 praesentem
1944 3359 2049 3413 mei
2078 3359 2267 3414 condi-

694 3446 896 3500 tionem
928 3454 1161 3515 spectat,
1193 3462 1367 3516 neque
1391 3448 1565 3502 locum
1591 3448 1706 3503 viro
1736 3449 1959 3518 prabet.
1985 3448 2266 3515 Quomodo

694 3537 799 3591 hoc
826 3536 971 3590 erit?
1005 3536 1117 3590 Eva
1148 3553 1254 3592 non
1280 3538 1432 3606 prius
1476 3538 1729 3607 concepit
1756 3553 1919 3607 quam
1944 3554 2066 3592 cum
2095 3541 2266 3594 Adam

2354 2079 2483 2134 Ὅτε
2519 2080 2616 2148 μὲν
2644 2073 2740 2132 οὖν
2781 2076 2997 2141 ἐδέξατο
3034 2075 3134 2147 τὴν
3183 2074 3499 2145 ἀγγελικὴν
3549 2074 3908 2144 προσηγορίαν,

2353 2170 2565 2241 ἠγωνία
2592 2171 2614 2203 ⁸
2645 2171 2739 2223 καὶ
2769 2167 3096 2237 διελογίζετο
3127 2170 3160 2238 ἡ
3193 2166 3511 2239 παρθένος·
3539 2167 3628 2218 ὅτε
3670 2165 3725 2217 δὲ
3752 2165 3911 2219 ἀκούει

2352 2264 2445 2318 τὸν
2473 2262 2828 2331 εὐαγγελικδν
2859 2261 3038 2329 λόγον,
3074 2260 3176 2313 οὐκ
3211 2259 3293 2312 ἔτι
3329 2257 3551 2327 ἀγωνιᾷ
3580 2255 3712 2327 πρὸς
3739 2254 3821 2307 τὸν
3841 2256 3908 2307 λό-

2355 2371 2451 2424 γον
2470 2370 2484 2384 °
2514 2353 2630 2407 ἀλλ’
2672 2353 2945 2421 ὲπαπορεῖ
2969 2350 3105 2420 πρὸς
3142 2348 3241 2419 τὴν
3273 2346 3640 2415 ἐπαγγελίαν.
3669 2346 3773 2398 Καὶ
3790 2345 3911 2411 λέγει

2357 2447 2495 2520 πρὸς
2525 2446 2616 2500 τὸν
2648 2444 2877 2513 ἄγγελον
2897 2461 2911 2475 ·
2939 2441 3073 2507 Πῶς
3104 2441 3276 2494 ἔσται
3299 2456 3409 2509 μοι
3445 2436 3646 2501 τοῦτο,
3683 2434 3804 2489 ἐπεὶ
3825 2435 3909 2489 ἅν-

2358 2542 2471 2610 δρα
2498 2542 2569 2594 οὐ
2594 2540 2903 2610 riu-(boum;
2937 2536 3049 2589 Οὐκ
3078 2536 3301 2588 ἀπιστεί
3325 2530 3470 2603 πρὸς
3496 2530 3589 2582 τὸν
3611 2528 3791 2596 λόγον·
3818 2526 3910 2580 ἀλλ’

2358 2634 2580 2688 ἀπαιτεῖ
2619 2631 2711 2684 τὸν
2744 2630 2965 2701 τρόπον.
3010 2628 3069 2680 '0
3118 2626 3215 2697 μὲν
3261 2622 3358 2678 οὖν
3390 2621 3671 2693 Ζαχαρίας
3709 2619 3909 2688 ἠπίστη-

2362 2740 2483 2777 σεν·
2512 2725 2546 2793 ἡ
2574 2722 2632 2775 δὲ
2669 2718 2941 2791 παρθένος
2967 2718 3068 2771 οὐκ
3115 2718 3357 2770 ἀπιστεῖ.
3401 2715 3642 2776 Ἐκεῖνος
3670 2710 3790 2779 γοῦν
3816 2711 3910 2761 ἔλε-

2361 2830 2457 2882 γεν
2475 2830 2488 2843 ·
2517 2810 2675 2867 Κατὰ
2698 2811 2755 2863 τι
2780 2808 3085 2880 γνώσομαι
3108 2807 3323 2869 τοῦτο;
3361 2806 3582 2875 Ἐζήτει
3605 2802 3707 2871 γὰρ
3723 2802 3909 2871 σημεῖον

2362 2905 2568 2968 λαϐεῖν,
2598 2903 2686 2956 ἵνα
2731 2902 3019 2972 πιστεύσῃ.
3064 2901 3130 2953 Ἦ
3158 2901 3215 2952 δὲ
3248 2898 3530 2971 παρθένος
3571 2895 3777 2962 ἔλεγεν·
3803 2892 3908 2955 Ηῶς

2363 2998 2535 3051 ἔσται
2560 2995 2737 3048 τοῦτο
2758 3009 2777 3057 ;
2815 2994 2874 3045 Ὀ
2909 2994 3006 3062 μὲν
3031 2991 3188 3060 λόγος
3217 2990 3541 3057 ἀξιόπιστος
3566 3005 3581 3019 ο
3605 2989 3633 3040 6
3657 2986 3712 3040 δὲ
3742 2984 3906 3054 τρόπος

2364 3086 2600 3157 ἄπορος·
2637 3085 2741 3137 οὐκ
2786 3078 2926 3137 οἶδεν
2952 3085 2985 3153 ή
3030 3082 3214 3151 φύσις.
3241 3082 3277 3136 ἃ
3320 3081 3540 3149 λέγεις’
3571 3078 3631 3131 τὸ
3655 3077 3774 3147 γὰρ,
3806 3073 3907 3128 ιδοὺ

2367 3177 2691 3246 συλλήψῃ,
2719 3177 2780 3230 τὸ
2800 3176 2972 3249 παρὸν
3001 3177 3300 3247 ἐσήμανεν,
3330 3174 3434 3228 οὐκ
3463 3172 3633 3244 ἄνδρα
3658 3168 3904 3237 ἐξεδέχετο.

2367 3268 2501 3335 Πῶς
2531 3268 2704 3322 ἔσται
2724 3270 2899 3324 τοῦτο
2916 3286 2934 3333 ;
2968 3268 3078 3321 Εὕα
3108 3268 3406 3322 συνέλαϐεν
3428 3267 3491 3320 ού
3532 3265 3662 3336 πρὶν
3698 3264 3728 3333 ἢ
3758 3258 3906 3313 συνελ-

2372 3360 2484 3413 θεῖν
2533 3361 2626 3414 τδν
2667 3360 2872 3430 Ἀδάμο
2904 3353 3061 3423 οὗτος
3085 3363 3113 3413 6
3155 3359 3367 3431 βαθμὸς
3391 3358 3494 3427 τῆς
3540 3355 3772 3425 φύσεως*
3797 3347 3906 3416 αὕτη

2372 3456 2406 3524 ὴ
2435 3454 2660 3517 κάθοδος
2692 3455 2791 3523 τῆς
2807 3453 3173 3516 παιδοποιίαςο
3198 3446 3355 3515 οὗτος
3369 3454 3398 3504 6
3416 3448 3621 3519 θεσμὸς
3644 3446 3739 3513 τῆς
3758 3439 3905 3495 διαδο-

2374 3547 2494 3617 χῆς.
2520 3546 2838 3617 Πῶς-,ἕσται
2862 3564 2963 3615 μοι
2984 3546 3182 3611 τοῦτο,
3197 3546 3327 3599 ἐπεὶ
3359 3544 3555 3612 ἄνδρα
3573 3542 3643 3595 οὐ
3661 3536 3909 3609 γινώσκωῖ

695 3634 1118 3704 congrederetur
1152 3653 1164 3689 :
1203 3634 1324 3689 talis
1370 3643 1451 3689 est
1498 3636 1634 3691 ordo
1680 3644 1917 3703 naturae;
1960 3636 2076 3691 hac
2122 3640 2265 3695 ratio
2304 3646 2470 3711 prolis
2539 3646 2931 3715 suscipiendae;
2966 3644 3080 3699 haec
3116 3642 3203 3697 lex
3238 3641 3291 3697 in
3357 3633 3703 3709 propaganda
3730 3625 3897 3684 sobole.

695 3725 980 3795 Quomodo
1012 3731 1114 3784 erit
1161 3732 1263 3785 hoc
1298 3730 1454 3793 mihi,
1499 3731 1755 3798 quoniam
1802 3731 1981 3786 virum
2022 3747 2130 3787 non
2176 3739 2487 3800 cognosco?

769 3820 885 3876 Vll.
939 3820 1387 3890 Quandoquidem
1435 3821 1602 3894 Virgo
1650 3823 1924 3893 sapienter
1972 3825 2277 3895 interroga‘

2452 3832 2526 3885 Z’.
2573 3831 2791 3903 Ἐπειδὴ
2822 3832 3002 3894 καλῶς
3031 3828 3242 3900 ἠρώτα,
3279 3827 3308 3879 ὁ
3333 3822 3566 3893 ἄγγελος
3590 3817 3718 3889 πρὸς
3741 3812 3903 3880 αὐτήν

698 3918 813 3983 bat,
839 3916 1063 3985 angelus
1097 3916 1198 3986 ipsi
1227 3917 1442 3986 reponit
1470 3935 1483 3970 :
1508 3916 1661 3983 Quod
1689 3917 1953 3987 ambigas,
1983 3917 2155 3973 facilis
2182 3919 2257 3972 tib

2381 3920 2686 3994 Συγγνώμη
2715 3940 2798 3975 σοι
2827 3920 3110 3991 ἀπορούσῃ
3142 3920 3161 3950 ⁷
3189 3934 3203 3948 ·
3234 3914 3314 3987 τῷ
3339 3915 3440 3986 μὲν
3468 3908 3705 3980 Ζαχαρία
3729 3904 3784 3957 οὐ
3806 3916 3906 3994 συγο

702 4008 884 4062 venia.
932 4006 1215 4061 Zachariae
1244 4007 1461 4074 quidem
1498 4022 1605 4061 non
1639 4007 1813 4076 parcit
1843 4007 2147 4079 (angelus);
2181 4023 2276 4063 ve-

703 4115 826 4154 rum
866 4099 1007 4155 male
1034 4099 1195 4154 ﬁdem
1239 4099 1503 4154 abnuenti
1539 4114 1600 4155 os
1626 4100 1940 4166 obstruxit;
1975 4110 2032 4153 at
2061 4100 2279 4171 Virgini

704 4191 986 4263 ignoscit:
1034 4205 1211 4260 neque
1270 4192 1414 4245 enim
1464 4190 1703 4260 Virginis
1750 4190 1905 4261 (qua:
1967 4193 2279 4262 genuisset)

707 4284 1019 4354 exemplum
1067 4293 1444 4352 praecesserat.
1497 4282 1664 4338 Venia
1707 4281 1933 4354 (inquit)
1984 4282 2103 4349 tibi,
2135 4283 2281 4353 quod

2383 3992 2683 4082 YtthO'XEt'v
2721 4014 2835 4067 ἀλλ’
2889 4010 3249 4081 ἐπεστόμισεν
3289 4006 3457 4061 αὑτὸν
3495 3999 3679 4060 κακῶς
3715 3992 3905 4059 ἀπιστή-

2385 4124 2555 4162 σαντα
2576 4122 2590 4137 '
2620 4110 2685 4178 τῇ
2708 4106 2764 4160 δὲ
2792 4105 3053 4179 Παρθένῳ
3070 4100 3447 4171 ’συγγινώσκει
3469 4114 3483 4127 ·
3518 4095 3578 4148 ού
3600 4092 3702 4185 γὰρ
3731 4083 3791 4185 ἦν
3806 4084 3909 4185 ὑπί-

2385 4197 2581 4267 δειγμα
2619 4171 2916 4267 Παρθένου.
2954 4171 3264 4262 Συγγνώμη
3299 4208 3383 4243 σοι
3433 4181 3724 4254 ἀπορούσῃ,
3757 4171 3904 4267 ἐπειδῆ

2385 4291 2447 4343 οὐ
2479 4263 2672 4358 γέγονε
2705 4263 2969 4359 πρότερον
2991 4303 3005 4317 ·
3037 4286 3150 4339 ἀλλ’
3176 4283 3286 4338 ἀπὸ
3325 4280 3421 4336 σοῦ
3449 4279 3542 4333 καὶ
3562 4275 3662 4335 ἕως
3690 4267 3773 4323 σοῦ
3804 4263 3907 4330 στή-

709 4378 1017 4443 addubites,
1066 4378 1355 4443 tribuitur;
1406 4376 1661 4445 quoniam
1706 4390 1980 4444 nunquam
2030 4385 2191 4432 antea
2229 4377 2263 4429 il

2388 4400 2540 4436 σεται
2568 4384 2627 4435 τὸ
2652 4358 2905 4452 πρᾶγμα.
2952 4377 3094 4447 Ἐγὼ
3115 4377 3171 4431 δέ
3205 4393 3289 4429 σοι
3321 4375 3470 4443 λέγω
3500 4365 3699 4424 καὶτὸν
3726 4358 3904 4429 τρόπον’

710 4470 920 4525 factum
953 4479 1065 4536 est;
1099 4470 1208 4524 imo
1238 4470 1340 4524 hoc
1372 4470 1510 4524 idem
1558 4479 1613 4524 et
1648 4468 1861 4523 initium
1892 4468 1989 4523 abs
2034 4477 2088 4523 te
2133 4480 2187 4521 et
2216 4469 2282 4522 li-

2392 4475 2467 4546 μὴ
2507 4475 2726 4544 ὲκδέχου
2763 4473 2932 4541 ἄνδρα
2957 4490 2971 4503 ·
3007 4470 3082 4543 μὴ
3116 4472 3356 4540 ἀνάμενε
3405 4465 3592 4537 ἀνδρὸς
3638 4452 3905 4513 κοινωνίαν’

712 4579 839 4618 nem
871 4564 927 4618 in
959 4573 1011 4618 te
1051 4534 1291 4617 babebit.
1324 4560 1539 4617 Modum
1578 4572 1757 4616 autem
1785 4561 1900 4631 ipse
1931 4560 2025 4617 tibi
2058 4575 2249 4631 promo

2344 4536 2361 4587 )
2389 4568 2519 4620 ἄνευ
2554 4566 2755 4635 σαρκὸς
2788 4568 2819 4633 ἠ
2855 4563 3021 4633 σάρξ’
3056 4563 3184 4616 ἄνευ
3217 4560 3501 4621 κοινωνίας
3527 4556 3587 4608 τὸ
3617 4547 3904 4635 τικτόμενονς

711 4672 786 4711 ne
820 4656 1117 4725 suspiceris
1144 4669 1495 4711 accessurum
1524 4654 1589 4708 ad
1628 4662 1682 4708 te
1719 4654 1897 4707 virum
1935 4669 1951 4706 :
1980 4668 2049 4708 ne
2090 4654 2263 4708 timea:

2388 4658 2522 4710 Τίνα
2562 4629 2636 4727 δὴ·
2677 4629 2906 4727 τρόπον;
2929 4629 3194 4723 *Πνεῦμα
3236 4653 3410 4723 ἅγιον
3438 4644 3801 4704 ἐπελεύσεται
3832 4629 3909 4683 ἐπὶ

712 4749 781 4802 de
814 4747 915 4802 viri
953 4748 1345 4803 consuetudine
1373 4764 1388 4800 :
1421 4745 1540 4800 sine
1586 4746 1769 4799 carnis
1806 4760 1973 4815 opera
2000 4760 2127 4800 caro
2159 4761 2289 4816 pro-

715 4839 885 4905 clibit;
921 4840 1041 4894 sine
1071 4839 1172 4893 viri
1204 4836 1625 4893 conversatione
1658 4835 1760 4891 erit
1785 4844 1998 4906 partus.
2031 4836 2149 4903 Quo
2173 4847 2289 4891 tan-

716 4930 838 4985 dem
890 4933 1091 4999 pacto?
1141 4930 1370 4999 Spiritus
1414 4939 1629 4985 sanctus
1678 4931 2006 4998 superveniet
2053 4930 2109 4982 in
2152 4940 2198 4983 te
2222 4941 2283 4984 ω.

2389 4748 2482 4802 σέ.
2542 4726 2935 4818 Πνευματικῶς
2994 4747 3159 4800 ἄκουε
3213 4745 3345 4813 περὶ
3405 4739 3726 4808 Πνεύματος.
3778 4726 3905 4824 ’Δνξυ

2396 4841 2727 4911 σπέρματος,
2773 4840 3043 4910 xcutiam
3097 4838 3451 4906 Πνεύματος.
3507 4828 3780 4904 βουλήματι
3822 4826 3907 4882 γαρ

2394 4932 2528 4985 Θεοῦ
2554 4933 2869 4985 συνίσταται
2898 4932 2960 4984 τὸ
2978 4932 3281 5000 γινόμενον.

718 5022 1095 5091 bpiritualiter
1139 5024 1349 5093 accipe,
1384 5038 1505 5092 quae
1555 5031 1684 5077 sunt
1734 5020 1989 5091 Spiritus.
2025 5020 2155 5077 Sine
2203 5022 2413 5079 semine
2479 5026 2734 5095 (gignes),
2802 5024 3162 5079 descendente
3203 5023 3279 5093 (in
3333 5022 3404 5093 te)
3458 5024 3638 5076 sancto
3696 5002 3898 5074 Spiritu:

718 5116 815 5172 Dei
858 5118 1001 5171 enim
1043 5118 1321 5173 voluntate
1349 5118 1616 5174 formatur
1636 5118 1779 5186 quod
1807 5116 2070 5172 nascitur.

794 5206 929 5263 Vlll.
974 5210 1202 5277 Spiritus
1233 5221 1442 5265 sanctus
1469 5209 1788 5278 superveniet
1815 5209 1872 5260 in
1909 5217 1978 5261 te.
2013 5206 2294 5274 Quomodo

721 5302 1113 5371 superveniet?
1142 5304 1274 5357 Dum
1315 5301 1682 5373 superveniet,
1724 5299 1896 5355 oculis
1928 5314 2052 5354 eum
2080 5315 2187 5353 non
2219 5300 2299 5353 vi-

723 5391 914 5455 debis;
939 5391 1058 5455 sed,
1089 5400 1363 5461 utcunque
1416 5390 1727 5451 invisibilis,
1752 5390 2091 5459 operabitur.
2128 5386 2297 5458 Spiri-

726 5494 809 5538 tus
845 5494 1062 5538 sanctus
1102 5484 1418 5553 superveniet
1462 5482 1519 5536 in
1563 5494 1631 5537 te.
1672 5481 1943 5548 Quorsum
1980 5481 2297 5551 supervenit

2475 5201 2557 5257 H’.
2589 5202 2833 5270 Πνεῦμα
2852 5201 3021 5271 ἅγιον
3046 5199 3434 5253 ἐπελεύσεται
3454 5194 3549 5251 ἐπὶ
3573 5191 3658 5246 σέ.
3689 5185 3794 5281 Πῷς

2403 5298 2719 5357 clauserat;
2749 5268 2864 5346 Οὐκ
2900 5268 3105 5361 δψειὶτὸ
3144 5290 3508 5361 ἐπερχόμενον
3530 5303 3543 5316 ·
3579 5279 3826 5351 ἐνεργήσει
3859 5268 3903 5320 δέ

2408 5389 2482 5460 μὴ
2511 5387 2853 5457 φαινόμενον.
2881 5360 3121 5453 Πκεῦμα
3146 5360 3316 5453 ἅγιον·
3341 5366 3805 5460 ἐπελεύσεταιὰῇ
3828 5360 3900 5460 σε.

2410 5447 2534 5531 λίνα.
2553 5478 2606 5529 τί
2630 5476 2650 5507 ⁸
2673 5447 2973 5544 ’ἐπέρχεται
3000 5447 3223 5542 Πνεῦμα
3250 5472 3439 5539 ἆγιον;
3479 5462 3677 5528 Ἐπειδὴ
3699 5455 3807 5524 ἁγία
3826 5447 3903 5518 μὲν

797 5604 826 5644 h
850 5606 985 5660 an.
1022 5623 1058 5672 ι,
1083 5603 1174 5660 29.
1258 5608 1274 5647 i
1316 5606 1445 5661 ibid.
1476 5605 1568 5661 50.
1650 5602 1664 5654 i
1697 5602 1799 5659 lsa.
1839 5620 1935 5672 vn,
1968 5604 2055 5659 M.
2135 5604 2161 5642 ιι
2187 5602 2262 5656 Lu

2354 5618 2394 5667 ι,
2435 5601 2524 5656 54.
2606 5599 2787 5654 1ibid.
2824 5598 2908 5652 18.
2991 5594 3183 5651 Imibid.
3215 5595 3301 5650 55.

1992 5695 2224 5751 VARUS
2264 5692 2556 5750 LECTION
2566 5691 2667 5746 ES.

800 5798 821 5827 ²
853 5796 953 5866 Εἵη
979 5810 1103 5848 cum
1134 5802 1282 5866 textu
1309 5791 1384 5866 [ι.
1406 5791 1597 5855 Lucae;
1635 5806 1756 5844 nam
1793 5792 1960 5866 rudes
1990 5787 2254 5866 liabet_eI_.
2300 5862 2312 5866 _
2333 5793 2354 5823 ³
2374 5789 2514 5866 Coll.
2550 5790 2731 5866 lucet
2770 5784 2930 5866 paulo
2964 5791 3108 5852 post,
3140 5784 3400 5866 συλλήψει
3422 5769 3893 5866 ’,λυοξιιιιξιξηξξβξηξξξξξ

734 5878 842 5918 tem
872 5856 1011 5919 sacri
1045 5876 1227 5920 textus
1263 5861 1553 5917 lectionem
1579 5862 1907 5928 sequendam
1933 5864 2080 5916 duxi.
2157 5864 2178 5893 ⁸⁵
2205 5862 2338 5916 God.
2374 5862 2461 5916 bic
2504 5871 2559 5914 et
2599 5858 2746 5920 alibi,
2797 5856 3051 5928 πρᾴγμα.

3147 5856 3167 5885 ⁸
3194 5838 3335 5908 Cod:
3358 5850 3616 5910 καλλσείς.
3641 5840 3686 5896 at
3716 5838 3760 5891 in
3786 5840 3896 5885 tuar-

734 5938 860 6006 gine
887 5937 1178 6007 corrigitur
1201 5934 1388 5991 eadem
1422 5949 1583 5989 manu
1618 5925 1886 5996 καλέσεις.
1967 5934 1987 5965 ⁸
2020 5932 2151 5989 Cod.
2181 5932 2393 6003 ἠγονία.
2472 5934 2491 5966 ⁷
2527 5930 2657 5987 Cod.
2696 5925 2995 5997 ἀπορούσῃ.
3073 5926 3091 5957 ⁷
3124 5925 3254 5981 Cod.
3285 5925 3444 5980 ἱνατί,
