4164 6552
291 478 418 546 1781

1089 489 1415 551 IIOMILIA
1454 493 1536 553 IN
1577 494 1676 554 SS.
1706 494 2058 554 DEIPAR/‘E
2097 495 2814 556 ANNUNTIATIONEM.

3398 496 3533 560 1782

287 595 553 665 ὑπάρχεις
573 611 584 623 ·
621 595 701 648 δεῖ
727 595 785 649 δε
817 613 875 650 σε
910 598 1163 666 γενέσθαι
1191 602 1517 673 ἁγιωτέραν.
1556 604 1724 658 Ὅταν
1753 606 1858 677 γὰρ

1967 607 2205 676 Spiritus
2238 609 2502 662 sanctus?
2529 608 2666 672 Quia
2701 607 2907 662 scilicet
2953 617 3141 662 sancta
3176 609 3392 677 quidem
3437 629 3528 679 es,

282 682 424 757 λάϐῃ
455 684 485 736 6
511 684 717 738 τέκτων
768 685 946 752 ξύλον,
981 688 1014 758 ἢ
1061 689 1296 758 χαλκεὺς
1341 692 1576 764 σίδηρον,
1609 693 1689 748 ἔτι
1725 696 1858 748 αὐτὸ

281 775 562 846 καθαίρει,
583 778 1132 849 καὶέπιτηδειότερον
1167 782 1304 852 πρὸς
1327 784 1428 855 τὴν
1461 785 1656 855 τέχνην
1695 787 1859 856 ἐργά-

281 863 454 930 ζεται.
505 869 616 922 Καὶ
651 870 714 922 σὺ
766 870 946 924 τοίνυν
995 871 1261 942 παρθένος
1304 875 1403 944 μέν
1455 872 1544 929 εἴ·
1587 878 1667 932 δεῖ
1693 878 1750 931 δέ
1796 897 1856 932 σε

280 958 588 1032 ἁγιωτέραν
620 963 898 1031 γενέσθαι,
927 963 1014 1017 ἵνα
1046 964 1138 1020 τὸν
1165 965 1323 1035 ἅγιον
1358 967 1654 1042 συλλάόῃς.

352 1164 427 1218 8'.
460 1165 697 1235 Πνεῦμα
733 1165 905 1235 ἅγιον
939 1165 1330 1223 ἐπελεύσεται
1369 1165 1595 1236 satos,
1626 1170 1857 1228 καὶδύ-

278 1274 454 1327 ναμις
482 1258 775 1326 Ὑψίστου
791 1259 1131 1313 ἐπισκιάσει
1157 1276 1278 1314 σοι.
1300 1261 1406 1314 Δύο
1425 1261 1574 1330 λέγει
1595 1281 1607 1292 ·
1632 1261 1856 1333 Πνεῦμα

279 1346 455 1418 ἅγιον,
489 1351 583 1402 καὶ
631 1349 877 1420 δύναμιν.
922 1351 1016 1415 Τίς
1047 1355 1080 1423 η
1123 1353 1351 1424 δύναμίς
1394 1355 1570 1420 ἐστινς
1603 1356 1858 1423 Χριστὸς

283 1444 430 1498 Θεοῦ
453 1443 719 1514 δύναμις.
740 1447 999 1517 Ἔρχεται
1015 1450 1195 1501 τοίνυν
1215 1451 1282 1502 τὰ
1303 1449 1396 1502 δύο
1410 1467 1426 1481 ο
1446 1451 1614 1504 καὶτὸ
1633 1451 1856 1521 Πνεῦμα

279 1534 339 1587 τὸ
357 1535 531 1603 ἆγιον,
550 1538 645 1590 καὶ
663 1539 691 1590 6
712 1538 754 1590 Χ
767 1539 945 1608 ριστὸς
963 1542 989 1592 6
1011 1541 1305 1612 μονογενὴς
1325 1541 1418 1594 τοῦ
1434 1542 1590 1596 Θεοῦ.
1621 1543 1854 1611 Ἐπειδὴ

276 1626 346 1682 τό
379 1629 753 1700 γεννώμενον
780 1633 801 1664 ⁹
825 1632 893 1684 ἐκ
923 1633 1042 1686 σοῦ
1083 1633 1255 1702 ἅγιον
1297 1636 1681 1702 κληθήσεται.
1717 1639 1858 1708 Ὅρα

282 1736 373 1788 μοι
403 1720 464 1784 ¹⁰’,
496 1722 612 1784 πῶς
641 1721 760 1776 ὅλον
792 1723 1045 1794 ἤκουσεν,
1088 1724 1312 1794 Πνεῦμα
1345 1725 1520 1794 ἅγιον,
1561 1729 1657 1780 καὶ
1698 1728 1856 1782 δύνα-

282 1827 373 1879 μιν
401 1811 688 1882 ’Ὑψίστοιλ
726 1815 783 1867 Ὀ
822 1815 1052 1884 ἄγγελος
1078 1817 1228 1869 οὐδὲν
1249 1819 1483 1889 ἀφῆκεν,
1518 1821 1668 1873 οὐδὲν
1691 1821 1856 1874 ἐσιώ-

277 1917 474 1971 πησεν.
522 1905 762 1972 Πνεῦμα
832 1907 1004 1978 ἅγιον
1053 1911 1445 1965 ἐπελεύσεται
1483 1912 1580 1964 ἐπὶ
1619 1913 1730 1977 σὲ,
1759 1914 1857 1967 καὶ

279 1997 534 2066 δύναμις
570 2000 865 2068 ’Υψίστου
906 2002 1248 2058 ἐπισκιάσει
1288 2021 1408 2069 σοι,
1446 2007 1732 2076 περιϐαλεί
1760 2008 1853 2061 καὶ

277 2090 487 2144 ἐνδόσει
519 2094 558 2124 η
597 2111 676 2157 σε,
709 2096 804 2148 καὶ
835 2096 1022 2168 κύκλῳ
1050 2116 1142 2151 σου
1175 2101 1467 2170 γενήσεται
1501 2101 1596 2154 καὶ
1621 2117 1853 2172 περιχα-

280 2183 520 2254 ρακώσει
561 2201 642 2252 σε,
675 2188 770 2240 καὶ
805 2190 980 2260 σκέπη
1017 2207 1099 2243 σοι
1132 2191 1307 2246 ἕσται.

1182 2263 1202 2296 ἢ

346 2321 402 2375 Ρ.
442 2321 666 2393 Πνεῦμα
699 2327 874 2393 ἅγιον,
911 2329 1169 2398 Δύναμις,
1205 2330 1470 2400 ’Ύψιστος
1495 2347 1508 2362 ⁸
1548 2332 1856 2405 ἀρίθμησόν

279 2430 369 2482 μοι
415 2415 482 2466 τὰ
515 2417 839 2487 πράγματα,
885 2421 978 2471 καὶ
1015 2422 1292 2490 εὑρίσκεις
1332 2423 1428 2475 ὅλα
1475 2423 1850 2495 ἡκριϐωμένα.

275 2504 342 2558 Τί
371 2507 482 2578 γάρ
507 2510 623 2560 ἐστι
645 2510 853 2576 ταῦτα;
893 2511 1215 2583 Ἀνθρωπος
1243 2515 1336 2567 ἐπὶ
1371 2515 1474 2586 γῆς
1493 2532 1508 2547 ·
1545 2516 1778 2584 ἄγγελος
1797 2519 1857 2570 ὲν

275 2597 492 2668 οὐρανῷ
514 2617 526 2630 °
564 2600 788 2672 Πνεῦμα
821 2603 994 2672 Ξιγιον,
1032 2606 1128 2659 καὶ
1160 2606 1309 2673 Υἱὸς,
1351 2610 1449 2662 καὶ
1483 2609 1699 2681 Πατήρ.
1735 2610 1856 2664 ”Οτ’

275 2688 342 2742 ἂν
368 2692 575 2763 ἀναθῇς
605 2696 686 2756 εἰς
718 2695 819 2764 τὴν
848 2697 1045 2766 ἀρχὴν,
1073 2698 1174 2750 οὐκ
1211 2697 1292 2752 ἔτι
1313 2703 1515 2770 χωρεῖς
1547 2699 1852 2772 ἀνώτερον·

275 2783 434 2845 αὐτὸς
461 2785 570 2855 γάρ
609 2788 754 2839 ἐστιν
785 2789 814 2840 6
841 2787 1128 2856 ’Ύψιστος,
1168 2784 1230 2843 οῦ
1256 2791 1408 2844 οὐδὲν
1435 2793 1708 2860 φαίνεται.
1735 2793 1858 2846 Τοίσ

272 2888 370 2923 νυν
400 2873 474 2937 ὼς
517 2877 575 2926 ἐν
599 2875 677 2946 τῷ
718 2875 860 2946 λόγῳ
885 2877 963 2946 τῷ
991 2879 1033 2909 ¹²
1080 2881 1208 2948 περὶ
1248 2881 1518 2947 γενέσεως
1565 2882 1660 2934 τοῦ
1701 2883 1852 2949 Υἱοῦ,

271 2961 369 3014 ὅλα
401 2968 662 3036 συνῆπτε,
709 2969 804 3019 καὶ
832 2968 927 3020 ὄλα
961 2971 1349 3038 κεκοινώνηκε,
1383 2973 1478 3025 καὶ
1516 2974 1594 3036 είς
1627 2974 1857 3044 ἑνότητα

273 3061 556 3130 συνῆλθεν.
596 3063 786 3117 Ἔστιν
811 3065 920 3135 γὰρ
952 3066 1090 3136 μόνα
1116 3066 1321 3120 ταῦτα’
1359 3067 1614 3136 ἄγγελος,
1644 3069 1857 3140 ἄνθρω-

269 3167 389 3214 πος,
435 3153 659 3224 Πνεῦμα
712 3155 890 3223 ἆγιον,
944 3157 1090 3222 Υἱὸς,
1129 3160 1225 3210 καὶ
1275 3159 1508 3230 Πατήρο
1561 3161 1656 3212 καλ⁹
1704 3161 1858 3232 παρὰ

269 3242 466 3304 ταῦτα,
494 3243 629 3298 άλλα
656 3246 757 3300 οὐκ
789 3245 889 3301 ἔνι.
928 3249 1101 3316 ’Δφες
1135 3249 1246 3317 γάρ
1282 3267 1372 3318 μοι
1411 3251 1480 3303 τὰ
1509 3251 1679 3318 ἄλογα
1715 3251 1854 3316 ζῶα,

272 3329 309 3384 ἂ
341 3331 456 3384 ἐστι
497 3333 585 3388 διὰ
635 3336 726 3388 τὸν
765 3324 1088 3409 ἄνθρωπονῖ
1136 3339 1299 3408 λόγου
1351 3342 1412 3393 οὐ
1463 3343 1704 3413 μετέχει,
1750 3345 1850 3414 οὐχ

271 3423 578 3497 ἁμαρτάνει
606 3427 668 3492 ¹³,
698 3428 759 3480 οὐ
787 3430 1052 3497 κρίνεται,
1078 3432 1139 3484 οὐ
1169 3433 1447 3504 κατορθοῖ,
1475 3436 1589 3487 οὒκ-
1609 3437 1851 3490 ἐπαινεί-

270 3532 383 3578 ται,
431 3517 576 3589 ζωὴν
618 3519 837 3574 αἰώνιον
876 3524 977 3576 οὐκ
1029 3523 1164 3593 ἔχει,
1215 3517 1316 3578 ὧδε
1361 3527 1570 3594 γίνεται
1617 3529 1712 3580 καὶ
1748 3522 1849 3582 ὦδε

269 3609 590 3666 ἀπόλλυται.
625 3614 949 3684 Ἀνθρωπος
973 3616 1030 3670 δὲ
1056 3616 1274 3685 λογικὸν
1298 3617 1459 3683 ζῶον,
1487 3619 1850 3688 βασιλικώτα-

269 3720 361 3756 τον
385 3703 494 3759 τῶν
521 3705 695 3769 ζώων,
725 3707 932 3776 κόσμου
962 3709 1206 3780 πολίτης,
1241 3712 1430 3780 κύριος
1453 3711 1563 3762 τῶν
1595 3712 1638 3742 ³⁸
1663 3711 1730 3764 δι’
1762 3712 1850 3764 αὒ-

269 3797 363 3849 τὺν
414 3798 744 3868 γενομένων.
783 3801 937 3853 Ἐπεὶ
969 3802 1150 3854 τοίνυν
1183 3802 1520 3856 ταῦτά·ὲστι
1565 3803 1720 3873 μόνα,
1756 3804 1847 3856 ἄν·

271 3889 508 3961 θρωπος,
549 3890 802 3960 ἄγγελος,
837 3893 1064 3964 Πνεῦμα
1115 3896 1289 3963 ἅγιον,
1329 3895 1457 3958 Υἱὸς
1501 3897 1597 3948 καὶ
1634 3897 1846 3967 Πατὴρ,

269 3982 392 4052 ἔρα,
415 3982 534 4044 πῶς
562 3984 830 4054 συνῆπται
855 3986 924 4038 τὰ
956 3987 1276 4056 πράγματα·
1309 3987 1680 4057 Ἀνθρωποςὴ
1711 3991 1850 4058 Παρ-

269 4069 442 4135 θένος,
476 4071 745 4142 παρθένος
777 4073 1048 4144 παρθένου
1073 4074 1492 4144 ἀνακαλουμένη
1519 4073 1580 4125 τὸ
1600 4073 1844 4140 σφάλμα·

270 4161 414 4232 ἔχεις
443 4163 726 4234 ἄνθρωπον
765 4163 864 4234 τὴν
899 4163 1179 4236 Παρθένον
1203 4179 1214 4190 ·
1251 4164 1482 4231 ἄγγελος
1507 4165 1536 4216 ὁ
1566 4163 1843 4232 Γαϐριὴλ·

271 4253 494 4323 Πνεῦμα
517 4254 671 4322 ἆγιον
701 4254 762 4307 τὸ
791 4254 1162 4326 ἐπερχόμενον
1185 4271 1197 4284 ·
1234 4255 1462 4324 δύναμις
1503 4253 1783 4323 Ὑψίστου,
1813 4255 1846 4325 ἠ

270 4346 667 4409 ἐπισκιάζουσα
711 4345 958 4417 δύναμις.
999 4349 1163 4417 ’(ὶρα,
1207 4347 1326 4410 πῶς
1378 4347 1454 4416 τῷ
1486 4345 1628 4414 λόγῳ
1683 4348 1741 4398 ἐν
1777 4349 1842 4416 τῇ

271 4440 484 4507 γενέσει
511 4439 604 4493 τοῦ
629 4440 837 4511 Κυρίου
863 4439 1125 4510 συνῆλθεν
1155 4440 1224 4492 τὰ
1245 4441 1396 4495 ὄντα.
1424 4439 1687 4506 Ἀγγελος
1711 4457 1846 4493 κατ-

270 4530 400 4598 ἦλθε
429 4531 567 4601 πρὸς
602 4532 698 4602 τὴν
743 4531 1050 4601 Παρθένον
1082 4533 1308 4603 Πνεῦμα
1337 4532 1491 4599 ἅγιον
1526 4533 1843 4602 ἐπέρχεται*

272 4626 365 4676 καὶ
399 4625 628 4692 δύναμις
673 4626 940 4695 Ὑψίστου.
977 4625 1320 4689 ἐπισκιάζει·
1357 4626 1518 4686 αὐτὸς
1547 4628 1573 4678 6
1625 4625 1846 4695 ὕψιστος

269 4717 297 4769 6
330 4721 596 4788 γεννήσας
645 4719 736 4771 τὸν
767 4719 1070 4787 Μονογενῆ,
1121 4721 1215 4771 καὶ
1263 4720 1645 4788 οἰκονομήσας,
1685 4719 1847 4771 αὑτὸν

1953 4717 2081 4770 mini
2122 4725 2387 4785 quotquot
2430 4728 2578 4778 sunt,
2616 4723 2971 4769 concurrant.

272 4811 363 4860 καὶ
393 4810 458 4862 ὲκ
499 4810 776 4881 Παρθένου
825 4811 1104 4882 τεχθῆναι,
1141 4812 1228 4865 ἵνα
1257 4814 1285 4863 6
1315 4812 1372 4877 ἐξ
1410 4811 1587 4880 ἀρχῆς
1618 4811 1842 4878 σφαλεὶς

273 4895 358 4948 διὰ
381 4897 475 4965 τῆς
509 4897 672 4962 Εὔας,
705 4900 866 4964 αὐτὸς
889 4900 1129 4972 διασωθῇ
1151 4901 1236 4954 διὰ
1269 4901 1367 4971 τῆς
1404 4899 1719 4971 συλλήψεως
1743 4901 1840 4970 τῆς

273 4987 568 5057 Παρθένου.

1962 701 2054 754 sed
2095 716 2231 771 opus
2259 699 2343 756 est
2385 712 2442 754 ιιι
2490 702 2666 754 adhuc
2697 701 2938 755 sanctior
2973 701 3089 755 tias.
3135 700 3271 755 Nam
3307 713 3364 757 et
3410 721 3531 761 cum

1961 791 2120 848 faber
2150 792 2412 864 lignarios
2445 795 2613 848 sumit
2645 793 2869 860 lignum,
2917 805 3010 846 aut
3039 795 3267 850 :erarius
3301 798 3529 865 ferrum,

1962 884 2102 937 idem
2136 884 2298 938 etiam
2345 883 2645 954 expoliunt,
2679 895 2731 938 et
2764 885 2940 954 aptius
2991 886 3055 938 ad
3096 901 3230 955 opus
3272 887 3530 943 eiiiciunt.

1962 973 2030 1028 Et
2053 986 2108 1029 tu
2144 976 2310 1045 igitur
2348 991 2407 1031 es
2433 977 2650 1045 quidem
2677 976 2830 1046 virgo
2856 975 2973 1046 (8);
3002 976 3098 1030 sed
3132 980 3378 1033 sanctior
3410 995 3535 1034 eva-

1960 1068 2057 1122 das
2091 1075 2326 1138 oportet,
2357 1077 2417 1122 ut
2447 1078 2701 1122 sanctum
2735 1069 2884 1122 illum
2912 1070 3212 1139 concipias.

2033 1177 2126 1234 IX.
2169 1179 2394 1249 Spiritus
2436 1191 2649 1234 sanctus
2693 1183 3012 1247 superveniet
3060 1184 3116 1236 in
3161 1194 3231 1248 te,
3274 1194 3322 1238 et
3371 1187 3534 1240 virtus

1962 1267 2224 1322 Altissimi
2273 1269 2601 1323 obumbrabt’t
2653 1270 2744 1324 tibi
2768 1271 2814 1324 ”.
2870 1272 2985 1326 Duo
3041 1273 3218 1328 dicit:
3267 1273 3533 1344 Spiritum

1961 1370 2234 1425 sanctum,
2269 1372 2324 1415 et
2353 1361 2630 1415 virtutem.
2659 1363 2916 1428 Quaenam
2949 1364 3053 1418 ista
3084 1375 3166 1420 est
3197 1366 3414 1420 virtus?
3440 1368 3534 1422 Dei

1974 1447 2150 1504 Virtus
2184 1461 2261 1504 est
2289 1450 2535 1506 Christus
2560 1468 2601 1506 °.
2643 1452 2756 1506 Duo
2789 1453 2955 1523 igitur
2985 1455 3316 1521 adveniunt;
3342 1472 3536 1527 nempe

1961 1552 2018 1595 et
2067 1543 2310 1612 Spiritus
2368 1554 2614 1606 sanctus,
2661 1555 2714 1598 et
2762 1543 3014 1599 Christus
3059 1544 3154 1599 Dei
3205 1548 3532 1618 unigenitus.

1964 1635 2118 1701 Quod
2155 1639 2293 1691 enim
2320 1653 2384 1695 ea:
2431 1647 2480 1690 te
2511 1638 2771 1703 nascitur,
2796 1650 3033 1691 sanciunt
3061 1641 3351 1694 vocabitur.
3379 1640 3531 1706 Vide,

1962 1747 2165 1800 quzeso,
2212 1734 2482 1800 quomodo
2541 1741 2709 1786 totum
2765 1732 2902 1804 (illa)
2949 1735 3213 1803 percepit,
3269 1733 3532 1803 Spiritum

1962 1835 2210 1879 sanctum
2243 1835 2296 1878 et
2323 1825 2585 1878 Altissimi
2623 1826 2902 1879 virtutem.
2939 1825 3085 1879 Nihil
3131 1827 3355 1896 angelus
3391 1828 3535 1881 nmi-

1962 1915 2054 1977 sit,
2097 1913 2232 1967 nihil
2266 1914 2452 1966 tacuit.
2491 1912 2724 1981 Spiritus
2763 1924 2976 1966 sanctus
3004 1916 3338 1982 superveniet
3374 1914 3428 1965 in
3461 1923 3531 1976 te,

1959 2015 2007 2058 et
2038 2006 2199 2058 virtus
2240 2004 2505 2056 Altissimi
2552 2004 2876 2058 obumbrabit
2917 2005 3033 2064 tibi,
3084 2005 3446 2060 circumdabit
3477 2016 3533 2060 et

1956 2098 2363 2152 circumvestiet
2414 2107 2485 2159 te,
2536 2106 2591 2150 et
2635 2098 3063 2168 circumquaque
3110 2109 3160 2152 te
3214 2098 3421 2168 cinget,
3470 2113 3534 2153 ac

1957 2190 2177 2244 vallabit
2207 2199 2278 2255 te,
2316 2200 2373 2244 et
2405 2191 2640 2260 tegimen
2683 2190 2780 2244 tibi
2818 2190 2944 2244 erit.

2027 2324 2097 2380 Χ.
2131 2322 2364 2393 Spiritus
2382 2332 2624 2387 sanctus,
2649 2323 2857 2386 Virtus,
2881 2324 3199 2378 Altissimus
3230 2341 3244 2378 :
3270 2338 3531 2379 enumera

1957 2417 2090 2472 mihi
2118 2416 2404 2483 ejusmodi,
2430 2427 2486 2470 et
2515 2416 2769 2470 universa
2805 2418 3012 2486 reperis
3051 2427 3306 2470 accurate
3339 2432 3529 2473 recen-

1958 2513 2084 2566 sita.
2119 2509 2262 2565 Sane
2306 2525 2557 2580 qumnam
2583 2510 2699 2564 lianc
2731 2510 2900 2566 sunt?
2937 2509 3108 2563 Homo
3147 2511 3202 2565 in
3241 2519 3383 2564 terra
3419 2529 3434 2577 ;
3477 2513 3533 2566 in

1957 2603 2097 2658 caelo
2122 2603 2342 2674 angelus
2375 2620 2389 2669 ;
2424 2601 2664 2671 Spiritus
2693 2611 3013 2664 sanctus,et
3045 2601 3236 2668 Filius,
3267 2613 3322 2658 et
3347 2602 3528 2661 Pater.

1957 2697 2403 2766 Quandoquidem
2434 2695 2476 2749 si
2515 2693 2728 2748 initium
2757 2709 2947 2748 versus
2969 2695 3252 2760 ascendas,
3285 2695 3532 2764 profecto

1958 2791 2120 2845 altius
2156 2806 2259 2844 non
2287 2803 2548 2843 excurres
2577 2805 2593 2849 ς
2619 2787 2738 2857 ipso
2769 2789 2914 2841 enim
2968 2797 3054 2841 est
3077 2786 3410 2854 Altissimus,
3441 2789 3530 2856 qui

1958 2880 2116 2951 plane
2140 2878 2428 2934 invisibilis
2452 2887 2552 2931 est.
2588 2876 2759 2946 igitur
2787 2891 2908 2930 cum
2937 2877 3116 2946 agitur
3141 2877 3206 2931 de
3226 2876 3345 2930 Filii
3365 2891 3531 2946 gene-

1960 2975 2189 3037 ratione,
2237 2970 2568 3040 colliguntur
2598 2969 2802 3032 omnia,
2861 2980 2916 3023 et
2956 2970 3139 3022 omnia
3177 2969 3532 3036 conveniunt,

1959 3075 2119 3134 atque
2147 3065 2199 3117 in
2245 3063 2508 3116 unitatem
2540 3072 2894 3115 concurrunt.
2955 3061 3080 3115 Haec
3116 3061 3262 3115 enim
3290 3070 3530 3116 tantum-

1958 3159 2119 3211 modo
2155 3156 2462 3210 habentur:
2495 3155 2739 3222 angelus,
2784 3154 2966 3220 homo,
3020 3152 3258 3222 Spiritus
3288 3164 3531 3222 sanctus,

1961 3249 2150 3310 Filius,
2197 3259 2250 3301 et
2276 3247 2476 3312 Pater;
2506 3257 2560 3300 et
2615 3260 2812 3316 printer
2866 3247 3005 3310 lucc,
3064 3247 3137 3300 nil
3184 3248 3326 3302 inest
3364 3248 3529 3302 aliud.

1878 3324 1922 3381 (ἶ
1958 3338 2297 3392 lrrationalia
2336 3339 2480 3390 enim
2512 3337 2599 3390 fac
2646 3338 2772 3390 mihi
2822 3339 3043 3392 omittas
3099 3339 3376 3402 animalia,
3409 3355 3528 3409 qua:

1954 3440 2083 3481 sunt
2110 3437 2329 3496 propter
2355 3427 2626 3480 hominem
2657 3443 2671 3490 ;
2707 3426 2934 3479 rationis
2970 3437 3098 3479 sunt
3126 3429 3392 3496 expertia,
3424 3444 3529 3482 non

1953 3530 2201 3588 peccant,
2247 3533 2353 3571 non
2407 3520 2644 3572 subeunt
2691 3517 2977 3584 judicium,
3038 3531 3186 3572 recta
3237 3518 3379 3571 facta
3425 3533 3529 3572 non

1955 3622 2177 3678 norunt,
2214 3627 2317 3666 non
2361 3611 2562 3665 habent
2590 3611 2829 3673 laudem.
2862 3612 3026 3664 vitam
3083 3627 3188 3666 non
3225 3612 3528 3666 sortiuntur

1952 3717 2230 3766 aeternam,
2256 3702 2382 3757 talia
2402 3711 2718 3766 nascuntur,
2743 3702 2870 3755 talia
2895 3702 3215 3757 moriuntur.
3245 3704 3346 3757 Ast
3369 3704 3528 3758 homo

1953 3796 2152 3851 animal
2181 3807 2267 3851 est
2295 3798 2502 3852 ratione
2546 3796 2857 3864 prteditum,
2889 3796 3244 3848 animantium
3285 3796 3526 3850 omnium

1953 3889 2378 3953 nobilissimum,
2418 3889 2604 3943 mundi
2644 3889 2801 3952 civis,
2849 3889 3100 3942 dominus
3161 3903 3350 3942 eorum
3407 3905 3526 3957 qua:

1951 3983 2003 4036 in
2027 3983 2256 4052 gratiam
2295 3983 2466 4051 ipsius
2493 3992 2678 4036 creata
2706 3991 2852 4036 sunt.
2906 3980 3178 4047 Quoniam
3207 3982 3378 4052 igitur
3412 3981 3526 4036 haec

1950 4073 2062 4128 sola
2100 4075 2385 4140 habentur,
2446 4074 2629 4139 homo,
2687 4075 2931 4143 angelus,
2994 4071 3232 4141 Spiritus
3281 4083 3522 4137 sanctus,

1951 4166 2138 4231 Filius,
2170 4175 2224 4221 et
2255 4165 2447 4232 Pater,
2501 4165 2624 4220 vide
2676 4168 2946 4236 quomodo
2998 4166 3113 4220 hare
3156 4166 3210 4220 in
3265 4166 3524 4236 mysterio

1949 4259 2294 4312 conveniunt.
2329 4256 2501 4311 llomo
2531 4257 2723 4329 (adest)
2769 4256 2951 4326 Virgo,
3009 4257 3161 4328 virgo
3202 4273 3395 4328 nempe
3441 4259 3524 4312 la-

1949 4365 2102 4419 psum
2131 4350 2354 4417 virginis
2407 4365 2706 4417 reparans;
2768 4350 2818 4403 in
2855 4349 3076 4419 Virgine
3121 4350 3303 4419 itaque
3356 4351 3524 4404 habes

1951 4441 2222 4494 hominem
2251 4456 2265 4504 ;
2306 4441 2531 4510 angelus
2555 4441 2750 4512 (adest)
2780 4441 2998 4496 Gabriel
3025 4440 3294 4510 ;Spiritus
3310 4450 3525 4495 sanctus

1948 4539 2031 4583 est
2061 4530 2152 4598 qui
2183 4529 2498 4594 descendit;
2531 4531 2704 4584 virtus
2752 4531 3022 4584 Altissimi
3070 4542 3154 4584 est
3199 4533 3374 4584 virtus
3406 4546 3524 4599 qua:

1949 4624 2254 4678 obumbrat.
2300 4620 2435 4676 Vide
2477 4624 2745 4691 quomodo
2785 4638 2910 4676 vere
2950 4625 3002 4678 in
3035 4627 3386 4691 generatione
3421 4623 3523 4677 Do-

3078 4715 3265 4784 ngelus
3296 4715 3362 4767 ad
3398 4713 3523 4767 Vir-

1951 4805 2128 4874 ginem
2156 4803 2475 4858 descendit:
2529 4804 2766 4872 Spiritus
2817 4813 3040 4858 sanctus
3071 4805 3385 4872 supervenit
3417 4819 3431 4868 ;
3474 4813 3522 4856 et

1948 4897 2118 4949 virtus
2144 4895 2409 4948 Altissimi
2436 4897 2726 4949 obumbrat
2759 4894 2874 4964 (9),
2916 4895 3227 4948 Altissimus
3276 4894 3389 4962 ipse
3413 4903 3523 4957 est,

1947 4989 2036 5057 qui
2068 4989 2400 5058 unigenitum
2446 4987 2639 5042 Filium
2681 4989 2984 5058 generavit,
3048 4996 3101 5040 et
3149 4987 3435 5042 constituit
3463 4995 3522 5039 ut

271 5096 300 5134 e
336 5078 552 5148 Virgine
601 5100 811 5152 ιιιιοιιιιο
840 5087 926 5142 hic
980 5098 1356 5155 generarctur,
1391 5103 1496 5157 quo
1542 5087 1586 5141 is
1638 5085 1725 5155 qui
1767 5085 1833 5138 ah
1868 5083 2022 5139 initio
2037 5097 2133 5153 per
2163 5083 2327 5136 Evam
2383 5082 2640 5150 deceptus
2706 5083 2903 5147 fuerat,
2934 5083 3050 5150 ipse
3075 5096 3169 5148 per
3202 5089 3522 5148 conceptum

273 5174 515 5243 Virginis
539 5177 860 5232 salvaretur.

340 5316 367 5343 η
391 5307 524 5362 Luc.
557 5323 598 5376 ι,
630 5309 720 5364 35.
804 5309 870 5362 οι
901 5311 1024 5364 Cor.
1058 5296 1097 5376 ι,
1129 5315 1222 5366 24.

1543 5427 1774 5483 VARle
1818 5422 2223 5480 Ll'lC'l‘lONES.

339 5537 360 5568 ⁸
387 5538 520 5592 Cod.
551 5540 892 5608 γεννόμενῡν.
976 5545 1018 5573 ¹⁰
1044 5541 1174 5596 Cozl.
1215 5545 1311 5615 μή.

1396 5547 1432 5576 ¹¹
1466 5544 1602 5600 Cod.
1637 5544 1854 5614 ὲνδύση.

1945 5545 1986 5572 ¹²
2018 5540 2153 5596 Cod.
2181 5537 2297 5592 τοῦ.
2390 5539 2431 5568 ³³
2463 5537 2598 5591 Cod.
2628 5536 2726 5589 οὐκ
2758 5536 3084 5607 ἁμαρτάνει.
3165 5536 3207 5566 ⁸⁸
3239 5533 3374 5589 Cod.
3406 5534 3516 5588 τόν.

1765 5657 1994 5715 ΝΟΤέΕ.

271 5837 274 5840 γ
340 5764 421 5847 (Si
455 5763 570 5819 Non
615 5778 838 5847 propter
887 5773 1129 5847 corporis
1184 5783 1390 5847 tantum
1447 5777 1539 5828 sed
1595 5777 1828 5831 maxime

271 5845 493 5915 propter
541 5841 736 5915 anima:
782 5841 1168 5915 integritatem.
1198 5845 1340 5910 Ergo
1379 5846 1564 5898 habuit
1599 5847 1824 5915 Dcipara

271 5906 412 5964 hanc
447 5906 829 5977 virginitatem,
876 5906 920 5969 ev
950 5927 1051 5981 qua
1101 5914 1233 5970 dicit
1272 5906 1712 5986 Chrysostmmts',
1758 5920 1826 5972 ob

1935 5776 2064 5829 Adre
2111 5772 2958 5844 prmvaricationemmortalium
3004 5788 3175 5844 genus
3218 5773 3513 5844 excidisse.

2006 5846 2080 5914 (9)
2121 5845 2400 5916 Antipater
2441 5844 2556 5915 ipse
2587 5843 2844 5916 _Virgiuis
2898 5843 3378 5900 obuinbi‘ationem
3421 5843 3513 5895 Det

1941 5915 2116 5972 Verbo
2141 5915 2411 5969 attribuit.
