  <div class='ocr_page' id='page_1' title='image "/cluster/home/n/w/nwhite01/storage/ocr_20150623/85/hvd.32044011888864/906.png"; bbox 0 0 4164 6552; ppageno 0'>
   <div class='ocr_carea' id='block_1_1' title="bbox 368 451 1939 546">
    <p class='ocr_par' dir='ltr' id='par_1_1' title="bbox 368 451 1939 519">
     <span class='ocr_line' id='line_1_1' title="bbox 368 451 1939 519; baseline 0.003 -5"><span class='ocrx_word' id='word_1_1' title='bbox 368 451 504 516; x_wconf 78' lang='grc' dir='ltr'><strong>1Ἰ85</strong></span> <span class='ocrx_word' id='word_1_2' title='bbox 1100 454 1430 514; x_wconf 75' lang='grc' dir='ltr'><strong>ῙΙΟΜΗᾸΑ</strong></span> <span class='ocrx_word' id='word_1_3' title='bbox 1469 456 1551 516; x_wconf 87' lang='lat' dir='ltr'><strong>IN</strong></span> <span class='ocrx_word' id='word_1_4' title='bbox 1602 459 1707 518; x_wconf 90' lang='lat' dir='ltr'><strong>SS.</strong></span> <span class='ocrx_word' id='word_1_5' title='bbox 1746 459 1939 519; x_wconf 72' lang='lat' dir='ltr'><strong>DEIPJ</strong></span> 
     </span>
    </p>
   </div>
   <div class='ocr_carea' id='block_1_2' title="bbox 2039 451 3610 546">
    <p class='ocr_par' dir='ltr' id='par_1_2' title="bbox 2039 462 3610 546">
     <span class='ocr_line' id='line_1_2' title="bbox 2039 462 3610 546; baseline 0.004 -26"><span class='ocrx_word' id='word_1_6' title='bbox 2039 462 2098 520; x_wconf 74' lang='grc' dir='ltr'><strong>ΛΞ</strong></span> <span class='ocrx_word' id='word_1_7' title='bbox 2132 463 2848 525; x_wconf 83' lang='lat' dir='ltr'><strong>ANNUNTIATIONEM.</strong></span> <span class='ocrx_word' id='word_1_8' title='bbox 2905 543 2908 546; x_wconf 8' lang='grc' dir='ltr'><strong><em>ἢ</em></strong></span> <span class='ocrx_word' id='word_1_9' title='bbox 3477 462 3610 528; x_wconf 81' lang='grc'><strong>1786</strong></span> 
     </span>
    </p>
   </div>
   <div class='ocr_carea' id='block_1_3' title="bbox 365 563 1939 642">
    <p class='ocr_par' dir='ltr' id='par_1_3' title="bbox 365 563 1937 641">
     <span class='ocr_line' id='line_1_3' title="bbox 365 563 1937 641; baseline 0.003 -20"><span class='ocrx_word' id='word_1_10' title='bbox 365 567 431 621; x_wconf 80' lang='grc' dir='ltr'>σὺ</span> <span class='ocrx_word' id='word_1_11' title='bbox 460 563 625 640; x_wconf 77' lang='grc' dir='ltr'>ἦλθες</span> <span class='ocrx_word' id='word_1_12' title='bbox 653 566 790 639; x_wconf 88' lang='grc' dir='ltr'>πρός</span> <span class='ocrx_word' id='word_1_13' title='bbox 835 583 937 636; x_wconf 90' lang='grc' dir='ltr'>με;</span> <span class='ocrx_word' id='word_1_14' title='bbox 977 567 1040 622; x_wconf 78' lang='grc' dir='ltr'><strong>σύ</strong></span> <span class='ocrx_word' id='word_1_15' title='bbox 1072 586 1140 639; x_wconf 87' lang='grc' dir='ltr'><strong>με</strong></span> <span class='ocrx_word' id='word_1_16' title='bbox 1168 569 1402 639; x_wconf 78' lang='grc' dir='ltr'>ὴσπάσω</span> <span class='ocrx_word' id='word_1_17' title='bbox 1442 571 1790 641; x_wconf 87' lang='grc' dir='ltr'>προλαϐοῦσα</span> <span class='ocrx_word' id='word_1_18' title='bbox 1817 589 1832 638; x_wconf 87' lang='grc'><strong>;</strong></span> <span class='ocrx_word' id='word_1_19' title='bbox 1865 573 1937 626; x_wconf 82' lang='grc' dir='ltr'><strong>Σὺ</strong></span> 
     </span>
    </p>
   </div>
   <div class='ocr_carea' id='block_1_4' title="bbox 2039 563 3611 642">
    <p class='ocr_par' dir='ltr' id='par_1_4' title="bbox 2043 575 3611 642">
     <span class='ocr_line' id='line_1_4' title="bbox 2043 575 3611 642; baseline 0.005 -14"><span class='ocrx_word' id='word_1_20' title='bbox 2043 586 2094 630; x_wconf 91' lang='grc' dir='ltr'><strong>ιε</strong></span> <span class='ocrx_word' id='word_1_21' title='bbox 2130 577 2314 631; x_wconf 87' lang='lat' dir='ltr'><strong>venire</strong></span> <span class='ocrx_word' id='word_1_22' title='bbox 2348 594 2362 642; x_wconf 92' lang='lat'>;</span> <span class='ocrx_word' id='word_1_23' title='bbox 2401 588 2456 630; x_wconf 87' lang='lat' dir='ltr'><strong>et</strong></span> <span class='ocrx_word' id='word_1_24' title='bbox 2485 588 2540 632; x_wconf 87' lang='lat' dir='ltr'><strong>tu</strong></span> <span class='ocrx_word' id='word_1_25' title='bbox 2583 579 2649 631; x_wconf 88' lang='lat' dir='ltr'><strong>ad</strong></span> <span class='ocrx_word' id='word_1_26' title='bbox 2695 594 2780 631; x_wconf 85' lang='lat' dir='ltr'><strong>me</strong></span> <span class='ocrx_word' id='word_1_27' title='bbox 2815 576 3007 631; x_wconf 85' lang='lat' dir='ltr'><strong>venisti</strong></span> <span class='ocrx_word' id='word_1_28' title='bbox 3037 577 3060 629; x_wconf 82' lang='lat'><strong>?</strong></span> <span class='ocrx_word' id='word_1_29' title='bbox 3089 575 3168 630; x_wconf 87' lang='lat' dir='ltr'><strong>Tu</strong></span> <span class='ocrx_word' id='word_1_30' title='bbox 3209 591 3293 630; x_wconf 87' lang='lat' dir='ltr'><strong>me</strong></span> <span class='ocrx_word' id='word_1_31' title='bbox 3321 576 3611 636; x_wconf 79' lang='lat' dir='ltr'><strong>salutando</strong></span> 
     </span>
    </p>
   </div>
   <div class='ocr_carea' id='block_1_5' title="bbox 361 654 1939 738">
    <p class='ocr_par' dir='ltr' id='par_1_5' title="bbox 361 654 1939 735">
     <span class='ocr_line' id='line_1_5' title="bbox 361 654 1939 735; baseline 0.004 -23"><span class='ocrx_word' id='word_1_32' title='bbox 361 659 422 712; x_wconf 79' lang='grc' dir='ltr'><strong>δὲ</strong></span> <span class='ocrx_word' id='word_1_33' title='bbox 451 654 504 713; x_wconf 85' lang='grc' dir='ltr'>εἷ</span> <span class='ocrx_word' id='word_1_34' title='bbox 535 659 876 730; x_wconf 78' lang='grc' dir='ltr'><strong>εὐλογημένη</strong></span> <span class='ocrx_word' id='word_1_35' title='bbox 919 661 979 713; x_wconf 80' lang='grc' dir='ltr'>ἐν</span> <span class='ocrx_word' id='word_1_36' title='bbox 1020 661 1266 728; x_wconf 82' lang='grc' dir='ltr'>γυναιξί·</span> <span class='ocrx_word' id='word_1_37' title='bbox 1300 663 1607 732; x_wconf 86' lang='grc' dir='ltr'>μονογενῶς</span> <span class='ocrx_word' id='word_1_38' title='bbox 1641 665 1939 735; x_wconf 83' lang='grc' dir='ltr'>εὐλόγησαι</span> 
     </span>
    </p>
   </div>
   <div class='ocr_carea' id='block_1_6' title="bbox 2039 654 3608 738">
    <p class='ocr_par' dir='ltr' id='par_1_6' title="bbox 2043 667 3608 738">
     <span class='ocr_line' id='line_1_6' title="bbox 2043 667 3608 738; baseline 0.003 -16"><span class='ocrx_word' id='word_1_39' title='bbox 2043 668 2478 738; x_wconf 69' lang='lat' dir='ltr'><strong>praeoccupasti?</strong></span> <span class='ocrx_word' id='word_1_40' title='bbox 2513 671 2618 724; x_wconf 87' lang='lat' dir='ltr'><strong>Sed</strong></span> <span class='ocrx_word' id='word_1_41' title='bbox 2643 669 2926 724; x_wconf 70' lang='lat' dir='ltr'><strong>benedicta</strong></span> <span class='ocrx_word' id='word_1_42' title='bbox 2964 677 3018 720; x_wconf 86' lang='lat' dir='ltr'><strong>tu</strong></span> <span class='ocrx_word' id='word_1_43' title='bbox 3061 683 3121 722; x_wconf 85' lang='lat' dir='ltr'><strong>es</strong></span> <span class='ocrx_word' id='word_1_44' title='bbox 3162 668 3215 722; x_wconf 86' lang='lat' dir='ltr'><strong>in.</strong></span> <span class='ocrx_word' id='word_1_45' title='bbox 3253 667 3608 726; x_wconf 82' lang='lat' dir='ltr'><strong>mulieribus:</strong></span> 
     </span>
    </p>
   </div>
   <div class='ocr_carea' id='block_1_7' title="bbox 361 751 1939 829">
    <p class='ocr_par' dir='ltr' id='par_1_7' title="bbox 361 751 1937 825">
     <span class='ocr_line' id='line_1_7' title="bbox 361 751 1937 825; baseline 0.003 -21"><span class='ocrx_word' id='word_1_46' title='bbox 361 751 642 823; x_wconf 82' lang='grc' dir='ltr'>Μονογενῆ</span> <span class='ocrx_word' id='word_1_47' title='bbox 686 753 969 806; x_wconf 79' lang='grc' dir='ltr'><strong>τίκτουσα.</strong></span> <span class='ocrx_word' id='word_1_48' title='bbox 1024 752 1300 824; x_wconf 87' lang='grc' dir='ltr'>Παρθένος</span> <span class='ocrx_word' id='word_1_49' title='bbox 1334 753 1470 825; x_wconf 89' lang='grc' dir='ltr'>μόνη</span> <span class='ocrx_word' id='word_1_50' title='bbox 1505 757 1569 808; x_wconf 82' lang='grc' dir='ltr'>σὺ</span> <span class='ocrx_word' id='word_1_51' title='bbox 1607 756 1843 820; x_wconf 86' lang='grc' dir='ltr'>τίκτεις·</span> <span class='ocrx_word' id='word_1_52' title='bbox 1875 757 1937 811; x_wconf 83' lang='grc' dir='ltr'>οὐ</span> 
     </span>
    </p>
   </div>
   <div class='ocr_carea' id='block_1_8' title="bbox 2039 751 3614 829">
    <p class='ocr_par' dir='ltr' id='par_1_8' title="bbox 2042 755 3614 829">
     <span class='ocr_line' id='line_1_8' title="bbox 2042 755 3614 829; baseline 0 -16"><span class='ocrx_word' id='word_1_53' title='bbox 2042 761 2212 813; x_wconf 86' lang='lat' dir='ltr'><strong>instar</strong></span> <span class='ocrx_word' id='word_1_54' title='bbox 2238 759 2530 829; x_wconf 69' lang='lat' dir='ltr'><strong>unigenitae</strong></span> <span class='ocrx_word' id='word_1_55' title='bbox 2558 757 2835 812; x_wconf 88' lang='lat' dir='ltr'><strong>benedicta</strong></span> <span class='ocrx_word' id='word_1_56' title='bbox 2888 757 3061 821; x_wconf 76' lang='lat' dir='ltr'><strong>luisti,</strong></span> <span class='ocrx_word' id='word_1_57' title='bbox 3087 771 3208 825; x_wconf 65' lang='lat' dir='ltr'><strong>quae</strong></span> <span class='ocrx_word' id='word_1_58' title='bbox 3251 755 3398 826; x_wconf 86' lang='lat' dir='ltr'><strong>paris</strong></span> <span class='ocrx_word' id='word_1_59' title='bbox 3421 758 3614 827; x_wconf 84' lang='lat' dir='ltr'><strong>unige-</strong></span> 
     </span>
    </p>
   </div>
   <div class='ocr_carea' id='block_1_9' title="bbox 364 843 1940 918">
    <p class='ocr_par' dir='ltr' id='par_1_9' title="bbox 364 843 1940 918">
     <span class='ocr_line' id='line_1_9' title="bbox 364 843 1940 918; baseline 0.003 -22"><span class='ocrx_word' id='word_1_60' title='bbox 364 843 686 914; x_wconf 78' lang='grc' dir='ltr'><strong>συνείληφεν</strong></span> <span class='ocrx_word' id='word_1_61' title='bbox 711 843 843 915; x_wconf 81' lang='grc' dir='ltr'>ἄλλη</span> <span class='ocrx_word' id='word_1_62' title='bbox 882 845 923 874; x_wconf 72' lang='grc'>³⁷</span> <span class='ocrx_word' id='word_1_63' title='bbox 957 844 1063 914; x_wconf 84' lang='grc' dir='ltr'><strong>πρὸ</strong></span> <span class='ocrx_word' id='word_1_64' title='bbox 1100 843 1220 908; x_wconf 90' lang='grc' dir='ltr'>σοῦ,</span> <span class='ocrx_word' id='word_1_65' title='bbox 1252 846 1314 897; x_wconf 78' lang='grc' dir='ltr'>οὐ</span> <span class='ocrx_word' id='word_1_66' title='bbox 1347 845 1680 917; x_wconf 78' lang='grc' dir='ltr'><strong>συλλήψεται</strong></span> <span class='ocrx_word' id='word_1_67' title='bbox 1708 849 1848 918; x_wconf 85' lang='grc' dir='ltr'>μετὰ</span> <span class='ocrx_word' id='word_1_68' title='bbox 1879 848 1940 900; x_wconf 81' lang='grc' dir='ltr'>σὲ</span> 
     </span>
    </p>
   </div>
   <div class='ocr_carea' id='block_1_10' title="bbox 364 936 1939 1009">
    <p class='ocr_par' dir='ltr' id='par_1_10' title="bbox 364 936 1939 1009">
     <span class='ocr_line' id='line_1_10' title="bbox 364 936 1939 1009; baseline 0.003 -21"><span class='ocrx_word' id='word_1_69' title='bbox 364 936 634 1008; x_wconf 83' lang='grc' dir='ltr'>παρθένος</span> <span class='ocrx_word' id='word_1_70' title='bbox 654 937 712 989; x_wconf 87' lang='grc' dir='ltr'>ὲν</span> <span class='ocrx_word' id='word_1_71' title='bbox 736 936 982 1004; x_wconf 80' lang='grc' dir='ltr'>γυναιξίν</span> <span class='ocrx_word' id='word_1_72' title='bbox 1007 951 1020 965; x_wconf 83' lang='grc'><strong><em>⁸</em></strong></span> <span class='ocrx_word' id='word_1_73' title='bbox 1059 939 1115 992; x_wconf 77' lang='grc' dir='ltr'>ἐν</span> <span class='ocrx_word' id='word_1_74' title='bbox 1139 937 1244 1008; x_wconf 80' lang='grc' dir='ltr'><strong>ὅλῳ</strong></span> <span class='ocrx_word' id='word_1_75' title='bbox 1272 938 1328 991; x_wconf 79' lang='grc' dir='ltr'><strong>δὲ</strong></span> <span class='ocrx_word' id='word_1_76' title='bbox 1353 937 1431 1009; x_wconf 82' lang='grc' dir='ltr'><strong>τῷ</strong></span> <span class='ocrx_word' id='word_1_77' title='bbox 1457 939 1602 1008; x_wconf 86' lang='grc' dir='ltr'>γένει</span> <span class='ocrx_word' id='word_1_78' title='bbox 1626 939 1736 993; x_wconf 87' lang='grc' dir='ltr'><strong>τῶν</strong></span> <span class='ocrx_word' id='word_1_79' title='bbox 1756 957 1939 1008; x_wconf 84' lang='grc' dir='ltr'>γυναι-</span> 
     </span>
    </p>
   </div>
   <div class='ocr_carea' id='block_1_11' title="bbox 361 1025 1938 1100">
    <p class='ocr_par' dir='ltr' id='par_1_11' title="bbox 361 1025 1938 1100">
     <span class='ocr_line' id='line_1_11' title="bbox 361 1025 1938 1100; baseline 0.005 -22"><span class='ocrx_word' id='word_1_80' title='bbox 361 1025 474 1079; x_wconf 83' lang='grc' dir='ltr'><strong>κῶν</strong></span> <span class='ocrx_word' id='word_1_81' title='bbox 509 1029 644 1098; x_wconf 89' lang='grc' dir='ltr'>μόνη</span> <span class='ocrx_word' id='word_1_82' title='bbox 679 1027 856 1090; x_wconf 76' lang='grc' dir='ltr'>οὕτως</span> <span class='ocrx_word' id='word_1_83' title='bbox 899 1027 1242 1100; x_wconf 78' lang='grc' dir='ltr'>εὐλογημένη</span> <span class='ocrx_word' id='word_1_84' title='bbox 1282 1030 1594 1100; x_wconf 80' lang='grc' dir='ltr'><strong>τυγχάνεις.</strong></span> <span class='ocrx_word' id='word_1_85' title='bbox 1626 1030 1737 1086; x_wconf 81' lang='grc' dir='ltr'><strong>Καὶ</strong></span> <span class='ocrx_word' id='word_1_86' title='bbox 1765 1034 1938 1086; x_wconf 71' lang='grc' dir='ltr'>εὐλοι-</span> 
     </span>
    </p>
   </div>
   <div class='ocr_carea' id='block_1_12' title="bbox 360 1117 1938 1194">
    <p class='ocr_par' dir='ltr' id='par_1_12' title="bbox 360 1117 1938 1194">
     <span class='ocr_line' id='line_1_12' title="bbox 360 1117 1938 1194; baseline 0.003 -23"><span class='ocrx_word' id='word_1_87' title='bbox 360 1117 618 1187; x_wconf 63' lang='lat' dir='ltr'><strong>Myer-oc</strong></span> <span class='ocrx_word' id='word_1_88' title='bbox 644 1121 676 1173; x_wconf 82' lang='grc' dir='ltr'><strong>ό</strong></span> <span class='ocrx_word' id='word_1_89' title='bbox 703 1121 934 1187; x_wconf 81' lang='grc' dir='ltr'>καρπὸς</span> <span class='ocrx_word' id='word_1_90' title='bbox 951 1118 1063 1188; x_wconf 83' lang='grc' dir='ltr'>τῆς</span> <span class='ocrx_word' id='word_1_91' title='bbox 1091 1122 1328 1187; x_wconf 74' lang='grc' dir='ltr'>κοιλίας</span> <span class='ocrx_word' id='word_1_92' title='bbox 1351 1136 1468 1175; x_wconf 88' lang='grc' dir='ltr'><strong>σου</strong></span> <span class='ocrx_word' id='word_1_93' title='bbox 1493 1137 1508 1151; x_wconf 83' lang='lat'><strong><em>°</em></strong></span> <span class='ocrx_word' id='word_1_94' title='bbox 1542 1123 1641 1193; x_wconf 85' lang='grc' dir='ltr'>οὐχ</span> <span class='ocrx_word' id='word_1_95' title='bbox 1667 1125 1695 1176; x_wconf 88' lang='grc' dir='ltr'>ὁ</span> <span class='ocrx_word' id='word_1_96' title='bbox 1727 1124 1938 1194; x_wconf 83' lang='grc' dir='ltr'>καρπὸς</span> 
     </span>
    </p>
   </div>
   <div class='ocr_carea' id='block_1_13' title="bbox 359 1208 1935 1283">
    <p class='ocr_par' dir='ltr' id='par_1_13' title="bbox 359 1208 1935 1283">
     <span class='ocr_line' id='line_1_13' title="bbox 359 1208 1935 1283; baseline 0.004 -22"><span class='ocrx_word' id='word_1_97' title='bbox 359 1208 456 1262; x_wconf 87' lang='grc' dir='ltr'><strong>τοῦ</strong></span> <span class='ocrx_word' id='word_1_98' title='bbox 480 1210 554 1280; x_wconf 80' lang='grc' dir='ltr'>μὴ</span> <span class='ocrx_word' id='word_1_99' title='bbox 585 1209 778 1280; x_wconf 85' lang='grc' dir='ltr'>ἀνδρός</span> <span class='ocrx_word' id='word_1_100' title='bbox 805 1227 928 1262; x_wconf 87' lang='grc' dir='ltr'>σου·</span> <span class='ocrx_word' id='word_1_101' title='bbox 965 1211 1027 1264; x_wconf 85' lang='grc' dir='ltr'>οὑ</span> <span class='ocrx_word' id='word_1_102' title='bbox 1071 1212 1181 1283; x_wconf 82' lang='grc' dir='ltr'><strong>γὰρ</strong></span> <span class='ocrx_word' id='word_1_103' title='bbox 1211 1211 1271 1276; x_wconf 75' lang='grc' dir='ltr'>ἐξ</span> <span class='ocrx_word' id='word_1_104' title='bbox 1299 1211 1492 1282; x_wconf 79' lang='grc' dir='ltr'>ἀνδρὸς</span> <span class='ocrx_word' id='word_1_105' title='bbox 1533 1215 1596 1266; x_wconf 89' lang='grc' dir='ltr'>τὸ</span> <span class='ocrx_word' id='word_1_106' title='bbox 1625 1213 1935 1282; x_wconf 87' lang='grc' dir='ltr'>γινόμενον,</span> 
     </span>
    </p>
   </div>
   <div class='ocr_carea' id='block_1_14' title="bbox 359 1299 1096 1369">
    <p class='ocr_par' dir='ltr' id='par_1_14' title="bbox 359 1299 1096 1369">
     <span class='ocr_line' id='line_1_14' title="bbox 359 1299 1096 1369; baseline 0.003 -17"><span class='ocrx_word' id='word_1_107' title='bbox 359 1299 474 1352; x_wconf 83' lang='grc' dir='ltr'>ἀλλ’</span> <span class='ocrx_word' id='word_1_108' title='bbox 509 1301 573 1352; x_wconf 82' lang='grc' dir='ltr'>ἐκ</span> <span class='ocrx_word' id='word_1_109' title='bbox 604 1301 700 1369; x_wconf 82' lang='grc' dir='ltr'>τῆς</span> <span class='ocrx_word' id='word_1_110' title='bbox 734 1299 942 1364; x_wconf 72' lang='grc' dir='ltr'>κοιλίας</span> <span class='ocrx_word' id='word_1_111' title='bbox 978 1317 1096 1354; x_wconf 89' lang='grc' dir='ltr'>σου.</span> 
     </span>
    </p>
   </div>
   <div class='ocr_carea' id='block_1_15' title="bbox 431 1482 1934 1557">
    <p class='ocr_par' dir='ltr' id='par_1_15' title="bbox 431 1482 1934 1557">
     <span class='ocr_line' id='line_1_15' title="bbox 431 1482 1934 1557; baseline 0.003 -22"><span class='ocrx_word' id='word_1_112' title='bbox 431 1482 534 1536; x_wconf 86' lang='lat' dir='ltr'><strong>lE&#39;.</strong></span> <span class='ocrx_word' id='word_1_113' title='bbox 568 1484 710 1552; x_wconf 81' lang='grc' dir='ltr'>Ὅρα</span> <span class='ocrx_word' id='word_1_114' title='bbox 739 1482 838 1553; x_wconf 80' lang='grc' dir='ltr'>τὴν</span> <span class='ocrx_word' id='word_1_115' title='bbox 883 1484 1096 1555; x_wconf 89' lang='grc' dir='ltr'>μητέρα</span> <span class='ocrx_word' id='word_1_116' title='bbox 1127 1485 1222 1538; x_wconf 93' lang='grc' dir='ltr'><strong>τοῦ</strong></span> <span class='ocrx_word' id='word_1_117' title='bbox 1262 1484 1533 1554; x_wconf 83' lang='grc' dir='ltr'>Ἰωάννου,</span> <span class='ocrx_word' id='word_1_118' title='bbox 1566 1487 1726 1540; x_wconf 81' lang='grc' dir='ltr'>ὁποῖα</span> <span class='ocrx_word' id='word_1_119' title='bbox 1765 1486 1934 1557; x_wconf 72' lang='grc' dir='ltr'>φθέγσ</span> 
     </span>
    </p>
   </div>
   <div class='ocr_carea' id='block_1_16' title="bbox 359 1572 1932 1648">
    <p class='ocr_par' dir='ltr' id='par_1_16' title="bbox 359 1572 1932 1648">
     <span class='ocr_line' id='line_1_16' title="bbox 359 1572 1932 1648; baseline 0.006 -24"><span class='ocrx_word' id='word_1_120' title='bbox 359 1589 536 1639; x_wconf 82' lang='grc' dir='ltr'>γεται,</span> <span class='ocrx_word' id='word_1_121' title='bbox 565 1572 881 1644; x_wconf 77' lang='grc' dir='ltr'>Πνεῦματος</span> <span class='ocrx_word' id='word_1_122' title='bbox 912 1575 1069 1643; x_wconf 88' lang='grc' dir='ltr'>ἁγίου</span> <span class='ocrx_word' id='word_1_123' title='bbox 1095 1575 1463 1646; x_wconf 82' lang='grc' dir='ltr'>πληρωθεῖσα.</span> <span class='ocrx_word' id='word_1_124' title='bbox 1480 1579 1587 1631; x_wconf 80' lang='grc' dir='ltr'><strong>Καὶ</strong></span> <span class='ocrx_word' id='word_1_125' title='bbox 1610 1579 1796 1632; x_wconf 80' lang='grc' dir='ltr'>πόθεν</span> <span class='ocrx_word' id='word_1_126' title='bbox 1809 1597 1932 1648; x_wconf 82' lang='grc' dir='ltr'>μοι,</span> 
     </span>
    </p>
   </div>
   <div class='ocr_carea' id='block_1_17' title="bbox 360 1664 1936 1742">
    <p class='ocr_par' dir='ltr' id='par_1_17' title="bbox 360 1664 1936 1742">
     <span class='ocr_line' id='line_1_17' title="bbox 360 1664 1936 1742; baseline 0.004 -24"><span class='ocrx_word' id='word_1_127' title='bbox 360 1666 462 1720; x_wconf 79' lang='grc' dir='ltr'><strong>ἵνα</strong></span> <span class='ocrx_word' id='word_1_128' title='bbox 497 1664 646 1733; x_wconf 75' lang='grc' dir='ltr'><strong>ἔλθῃ</strong></span> <span class='ocrx_word' id='word_1_129' title='bbox 672 1666 709 1733; x_wconf 72' lang='grc' dir='ltr'>ἡ</span> <span class='ocrx_word' id='word_1_130' title='bbox 737 1666 937 1735; x_wconf 76' lang='grc' dir='ltr'>μήτηρ</span> <span class='ocrx_word' id='word_1_131' title='bbox 963 1667 1070 1721; x_wconf 84' lang='grc' dir='ltr'><strong>τοῦ</strong></span> <span class='ocrx_word' id='word_1_132' title='bbox 1093 1670 1317 1736; x_wconf 81' lang='grc' dir='ltr'>Κυρίου</span> <span class='ocrx_word' id='word_1_133' title='bbox 1334 1689 1454 1738; x_wconf 85' lang='grc' dir='ltr'><strong>μου</strong></span> <span class='ocrx_word' id='word_1_134' title='bbox 1488 1672 1638 1738; x_wconf 80' lang='grc' dir='ltr'>πρός</span> <span class='ocrx_word' id='word_1_135' title='bbox 1657 1688 1764 1738; x_wconf 87' lang='grc' dir='ltr'>με;</span> <span class='ocrx_word' id='word_1_136' title='bbox 1787 1672 1936 1742; x_wconf 87' lang='grc' dir='ltr'>Παρ-</span> 
     </span>
    </p>
   </div>
   <div class='ocr_carea' id='block_1_18' title="bbox 359 1755 1936 1835">
    <p class='ocr_par' dir='ltr' id='par_1_18' title="bbox 359 1755 1936 1835">
     <span class='ocr_line' id='line_1_18' title="bbox 359 1755 1936 1835; baseline 0.005 -26"><span class='ocrx_word' id='word_1_137' title='bbox 359 1755 512 1812; x_wconf 88' lang='grc' dir='ltr'>θένον</span> <span class='ocrx_word' id='word_1_138' title='bbox 536 1759 657 1830; x_wconf 84' lang='grc' dir='ltr'>ὁρᾷ,</span> <span class='ocrx_word' id='word_1_139' title='bbox 683 1759 779 1812; x_wconf 81' lang='grc' dir='ltr'>καὶ</span> <span class='ocrx_word' id='word_1_140' title='bbox 813 1759 1030 1831; x_wconf 87' lang='grc' dir='ltr'>μητέρα</span> <span class='ocrx_word' id='word_1_141' title='bbox 1061 1761 1238 1823; x_wconf 86' lang='grc' dir='ltr'>καλεῖ,</span> <span class='ocrx_word' id='word_1_142' title='bbox 1266 1762 1548 1831; x_wconf 78' lang='grc' dir='ltr'>φθάνουσα</span> <span class='ocrx_word' id='word_1_143' title='bbox 1579 1763 1936 1835; x_wconf 82' lang='grc' dir='ltr'>προφητικῶς</span> 
     </span>
    </p>
   </div>
   <div class='ocr_carea' id='block_1_19' title="bbox 356 1849 1934 1927">
    <p class='ocr_par' dir='ltr' id='par_1_19' title="bbox 356 1849 1934 1927">
     <span class='ocr_line' id='line_1_19' title="bbox 356 1849 1934 1927; baseline 0.004 -25"><span class='ocrx_word' id='word_1_144' title='bbox 356 1849 435 1920; x_wconf 85' lang='grc' dir='ltr'>τῷ</span> <span class='ocrx_word' id='word_1_145' title='bbox 451 1850 592 1921; x_wconf 82' lang='grc' dir='ltr'>λόγῳ</span> <span class='ocrx_word' id='word_1_146' title='bbox 608 1851 704 1920; x_wconf 87' lang='grc' dir='ltr'>τὴν</span> <span class='ocrx_word' id='word_1_147' title='bbox 720 1850 946 1904; x_wconf 77' lang='grc' dir='ltr'>ἔκϐασιν</span> <span class='ocrx_word' id='word_1_148' title='bbox 962 1868 976 1882; x_wconf 89' lang='grc'><strong>·</strong></span> <span class='ocrx_word' id='word_1_149' title='bbox 995 1855 1091 1907; x_wconf 76' lang='grc' dir='ltr'>καὶ</span> <span class='ocrx_word' id='word_1_150' title='bbox 1107 1856 1152 1923; x_wconf 46' lang='lat' dir='ltr'><strong>ip.</strong></span> <span class='ocrx_word' id='word_1_151' title='bbox 1159 1854 1386 1926; x_wconf 83' lang='grc' dir='ltr'>μηδέπω</span> <span class='ocrx_word' id='word_1_152' title='bbox 1405 1857 1586 1926; x_wconf 80' lang='grc' dir='ltr'>μήτηρ</span> <span class='ocrx_word' id='word_1_153' title='bbox 1601 1856 1934 1927; x_wconf 80' lang='grc' dir='ltr'>καλουμένη,</span> 
     </span>
    </p>
   </div>
   <div class='ocr_carea' id='block_1_20' title="bbox 358 1939 1939 2018">
    <p class='ocr_par' dir='ltr' id='par_1_20' title="bbox 358 1939 1939 2018">
     <span class='ocr_line' id='line_1_20' title="bbox 358 1939 1939 2018; baseline 0.004 -25"><span class='ocrx_word' id='word_1_154' title='bbox 358 1940 537 1994; x_wconf 85' lang='grc' dir='ltr'>καίτοι</span> <span class='ocrx_word' id='word_1_155' title='bbox 563 1939 728 1994; x_wconf 86' lang='grc' dir='ltr'>πάλαι</span> <span class='ocrx_word' id='word_1_156' title='bbox 758 1942 1134 2014; x_wconf 80' lang='grc' dir='ltr'>συνειληφυῖα,</span> <span class='ocrx_word' id='word_1_157' title='bbox 1162 1945 1373 2016; x_wconf 89' lang='grc' dir='ltr'>μητέρα</span> <span class='ocrx_word' id='word_1_158' title='bbox 1397 1945 1552 2000; x_wconf 82' lang='grc' dir='ltr'>καλεῖ</span> <span class='ocrx_word' id='word_1_159' title='bbox 1571 1946 1670 2018; x_wconf 78' lang='grc' dir='ltr'>τὴν</span> <span class='ocrx_word' id='word_1_160' title='bbox 1692 1947 1772 2000; x_wconf 76' lang='grc' dir='ltr'>ἔτι</span> <span class='ocrx_word' id='word_1_161' title='bbox 1797 1964 1939 2017; x_wconf 89' lang='grc' dir='ltr'>παρ-</span> 
     </span>
    </p>
   </div>
   <div class='ocr_carea' id='block_1_21' title="bbox 357 2031 1935 2110">
    <p class='ocr_par' dir='ltr' id='par_1_21' title="bbox 357 2031 1935 2110">
     <span class='ocr_line' id='line_1_21' title="bbox 357 2031 1935 2110; baseline 0.005 -26"><span class='ocrx_word' id='word_1_162' title='bbox 357 2031 532 2088; x_wconf 89' lang='grc' dir='ltr'>θένον.</span> <span class='ocrx_word' id='word_1_163' title='bbox 569 2034 679 2088; x_wconf 78' lang='grc' dir='ltr'><strong>Καὶ</strong></span> <span class='ocrx_word' id='word_1_164' title='bbox 707 2034 932 2102; x_wconf 85' lang='grc' dir='ltr'>γέγονεν</span> <span class='ocrx_word' id='word_1_165' title='bbox 966 2037 1002 2105; x_wconf 85' lang='grc' dir='ltr'><strong>ή</strong></span> <span class='ocrx_word' id='word_1_166' title='bbox 1033 2035 1222 2106; x_wconf 88' lang='grc' dir='ltr'>στείρα</span> <span class='ocrx_word' id='word_1_167' title='bbox 1254 2038 1354 2108; x_wconf 85' lang='grc' dir='ltr'>τῆς</span> <span class='ocrx_word' id='word_1_168' title='bbox 1390 2037 1672 2110; x_wconf 81' lang='grc' dir='ltr'>Παρθένου</span> <span class='ocrx_word' id='word_1_169' title='bbox 1703 2039 1935 2110; x_wconf 88' lang='grc' dir='ltr'>πρόδρο-</span> 
     </span>
    </p>
   </div>
   <div class='ocr_carea' id='block_1_22' title="bbox 361 2125 1316 2202">
    <p class='ocr_par' dir='ltr' id='par_1_22' title="bbox 361 2125 1316 2202">
     <span class='ocr_line' id='line_1_22' title="bbox 361 2125 1316 2202; baseline 0.007 -25"><span class='ocrx_word' id='word_1_170' title='bbox 361 2141 484 2195; x_wconf 86' lang='grc' dir='ltr'>μος,</span> <span class='ocrx_word' id='word_1_171' title='bbox 512 2125 588 2190; x_wconf 83' lang='grc' dir='ltr'>ὡς</span> <span class='ocrx_word' id='word_1_172' title='bbox 618 2126 714 2180; x_wconf 89' lang='grc' dir='ltr'><strong>τοῦ</strong></span> <span class='ocrx_word' id='word_1_173' title='bbox 742 2127 997 2200; x_wconf 79' lang='grc' dir='ltr'><strong>Σωτῆρος</strong></span> <span class='ocrx_word' id='word_1_174' title='bbox 1040 2128 1316 2202; x_wconf 85' lang='grc' dir='ltr'>Ἰωάννης.</span> 
     </span>
    </p>
   </div>
   <div class='ocr_carea' id='block_1_23' title="bbox 440 2305 1934 2382">
    <p class='ocr_par' dir='ltr' id='par_1_23' title="bbox 440 2305 1934 2382">
     <span class='ocr_line' id='line_1_23' title="bbox 440 2305 1934 2382; baseline 0.003 -23"><span class='ocrx_word' id='word_1_175' title='bbox 440 2305 506 2360; x_wconf 82' lang='grc' dir='ltr'><strong>Ἦ</strong></span> <span class='ocrx_word' id='word_1_176' title='bbox 535 2307 593 2360; x_wconf 82' lang='grc' dir='ltr'><strong>δὲ</strong></span> <span class='ocrx_word' id='word_1_177' title='bbox 622 2308 810 2380; x_wconf 89' lang='grc' dir='ltr'>Μαρία</span> <span class='ocrx_word' id='word_1_178' title='bbox 835 2310 1176 2382; x_wconf 81' lang='grc' dir='ltr'>πανταχόθεν</span> <span class='ocrx_word' id='word_1_179' title='bbox 1225 2310 1634 2381; x_wconf 78' lang='grc' dir='ltr'>εὐηγγελίζετο.</span> <span class='ocrx_word' id='word_1_180' title='bbox 1678 2311 1934 2380; x_wconf 84' lang='grc' dir='ltr'>Ἀγγέλου</span> 
     </span>
    </p>
   </div>
   <div class='ocr_carea' id='block_1_24' title="bbox 361 2395 1941 2473">
    <p class='ocr_par' dir='ltr' id='par_1_24' title="bbox 361 2395 1941 2473">
     <span class='ocr_line' id='line_1_24' title="bbox 361 2395 1941 2473; baseline 0.003 -24"><span class='ocrx_word' id='word_1_181' title='bbox 361 2395 462 2466; x_wconf 79' lang='grc' dir='ltr'>μὲν</span> <span class='ocrx_word' id='word_1_182' title='bbox 508 2397 742 2468; x_wconf 82' lang='grc' dir='ltr'>ἀνήκοος</span> <span class='ocrx_word' id='word_1_183' title='bbox 788 2400 1078 2472; x_wconf 83' lang='grc' dir='ltr'>γενομένη,</span> <span class='ocrx_word' id='word_1_184' title='bbox 1113 2401 1211 2470; x_wconf 83' lang='grc' dir='ltr'>τῆς</span> <span class='ocrx_word' id='word_1_185' title='bbox 1246 2399 1304 2453; x_wconf 83' lang='grc' dir='ltr'><strong>δὲ</strong></span> <span class='ocrx_word' id='word_1_186' title='bbox 1341 2400 1637 2469; x_wconf 90' lang='grc' dir='ltr'>συγγενοῦς</span> <span class='ocrx_word' id='word_1_187' title='bbox 1662 2401 1732 2454; x_wconf 83' lang='grc' dir='ltr'>τὰ</span> <span class='ocrx_word' id='word_1_188' title='bbox 1760 2418 1941 2473; x_wconf 81' lang='grc' dir='ltr'>παρα-</span> 
     </span>
    </p>
   </div>
   <div class='ocr_carea' id='block_1_25' title="bbox 359 2487 1941 2563">
    <p class='ocr_par' dir='ltr' id='par_1_25' title="bbox 359 2487 1941 2563">
     <span class='ocr_line' id='line_1_25' title="bbox 359 2487 1941 2563; baseline 0.004 -23"><span class='ocrx_word' id='word_1_189' title='bbox 359 2487 571 2559; x_wconf 84' lang='grc' dir='ltr'>πλήσια</span> <span class='ocrx_word' id='word_1_190' title='bbox 618 2489 1045 2563; x_wconf 83' lang='grc' dir='ltr'>διαλεγομένης,</span> <span class='ocrx_word' id='word_1_191' title='bbox 1103 2491 1488 2562; x_wconf 80' lang='grc' dir='ltr'>προστιθείσης</span> <span class='ocrx_word' id='word_1_192' title='bbox 1531 2491 1611 2555; x_wconf 84' lang='grc' dir='ltr'>τὸ,</span> <span class='ocrx_word' id='word_1_193' title='bbox 1663 2494 1941 2562; x_wconf 82' lang='grc' dir='ltr'>Μακαρία</span> 
     </span>
    </p>
   </div>
   <div class='ocr_carea' id='block_1_26' title="bbox 357 2579 1938 2650">
    <p class='ocr_par' dir='ltr' id='par_1_26' title="bbox 357 2579 1938 2650">
     <span class='ocr_line' id='line_1_26' title="bbox 357 2579 1938 2650; baseline 0.003 -15"><span class='ocrx_word' id='word_1_194' title='bbox 357 2579 397 2648; x_wconf 71' lang='grc' dir='ltr'>ἡ</span> <span class='ocrx_word' id='word_1_195' title='bbox 444 2583 859 2636; x_wconf 80' lang='grc' dir='ltr'>πιστεύσασα·</span> <span class='ocrx_word' id='word_1_196' title='bbox 903 2582 992 2636; x_wconf 85' lang='grc' dir='ltr'>ὅτι</span> <span class='ocrx_word' id='word_1_197' title='bbox 1035 2584 1207 2638; x_wconf 80' lang='grc' dir='ltr'>ἔσται</span> <span class='ocrx_word' id='word_1_198' title='bbox 1245 2584 1554 2649; x_wconf 82' lang='grc' dir='ltr'>τελείωσις</span> <span class='ocrx_word' id='word_1_199' title='bbox 1591 2583 1715 2650; x_wconf 77' lang='grc' dir='ltr'>τοῖς</span> <span class='ocrx_word' id='word_1_200' title='bbox 1756 2588 1938 2638; x_wconf 71' lang='grc' dir='ltr'>,λελα-</span> 
     </span>
    </p>
   </div>
   <div class='ocr_carea' id='block_1_27' title="bbox 362 2672 1941 2745">
    <p class='ocr_par' dir='ltr' id='par_1_27' title="bbox 362 2672 1941 2745">
     <span class='ocr_line' id='line_1_27' title="bbox 362 2672 1941 2745; baseline 0.001 -19"><span class='ocrx_word' id='word_1_201' title='bbox 362 2672 658 2742; x_wconf 73' lang='grc' dir='ltr'>λημένοις</span> <span class='ocrx_word' id='word_1_202' title='bbox 693 2672 849 2742; x_wconf 74' lang='grc' dir='ltr'>αὐτῇ</span> <span class='ocrx_word' id='word_1_203' title='bbox 878 2675 1040 2742; x_wconf 77' lang='grc' dir='ltr'>παρὰ</span> <span class='ocrx_word' id='word_1_204' title='bbox 1071 2675 1312 2742; x_wconf 52' lang='grc' dir='ltr'>Κιχρίου,</span> <span class='ocrx_word' id='word_1_205' title='bbox 1333 2672 1655 2744; x_wconf 83' lang='grc' dir='ltr'>βεϐαιοτέρα</span> <span class='ocrx_word' id='word_1_206' title='bbox 1683 2674 1819 2744; x_wconf 79' lang='grc' dir='ltr'>πρὸς</span> <span class='ocrx_word' id='word_1_207' title='bbox 1843 2675 1941 2745; x_wconf 80' lang='grc' dir='ltr'>τὴν</span> 
     </span>
    </p>
   </div>
   <div class='ocr_carea' id='block_1_28' title="bbox 362 2761 1935 2838">
    <p class='ocr_par' dir='ltr' id='par_1_28' title="bbox 362 2761 1935 2838">
     <span class='ocr_line' id='line_1_28' title="bbox 362 2761 1935 2838; baseline 0.002 -22"><span class='ocrx_word' id='word_1_208' title='bbox 362 2763 548 2818; x_wconf 85' lang='grc' dir='ltr'>πίστιν</span> <span class='ocrx_word' id='word_1_209' title='bbox 609 2765 848 2834; x_wconf 75' lang='grc' dir='ltr'>ἐγένετο,</span> <span class='ocrx_word' id='word_1_210' title='bbox 884 2761 958 2820; x_wconf 82' lang='grc' dir='ltr'>ὧν</span> <span class='ocrx_word' id='word_1_211' title='bbox 988 2767 1198 2838; x_wconf 71' lang='grc' dir='ltr'>ἤκουσε</span> <span class='ocrx_word' id='word_1_212' title='bbox 1246 2765 1398 2837; x_wconf 77' lang='grc' dir='ltr'>παρὰ</span> <span class='ocrx_word' id='word_1_213' title='bbox 1439 2765 1536 2819; x_wconf 80' lang='grc' dir='ltr'><strong>τοῦ</strong></span> <span class='ocrx_word' id='word_1_214' title='bbox 1569 2766 1935 2836; x_wconf 79' lang='grc' dir='ltr'>ἀρχαγγέλου,</span> 
     </span>
    </p>
   </div>
   <div class='ocr_carea' id='block_1_29' title="bbox 363 2856 1944 2930">
    <p class='ocr_par' dir='ltr' id='par_1_29' title="bbox 363 2856 1944 2930">
     <span class='ocr_line' id='line_1_29' title="bbox 363 2856 1944 2930; baseline -0.001 -20"><span class='ocrx_word' id='word_1_215' title='bbox 363 2856 785 2928; x_wconf 77' lang='grc' dir='ltr'>μακαριζομένη</span> <span class='ocrx_word' id='word_1_216' title='bbox 816 2857 912 2910; x_wconf 80' lang='grc' dir='ltr'>ἐὰν</span> <span class='ocrx_word' id='word_1_217' title='bbox 941 2857 1236 2928; x_wconf 76' lang='grc' dir='ltr'>πιστεύσῃ,</span> <span class='ocrx_word' id='word_1_218' title='bbox 1271 2858 1506 2926; x_wconf 80' lang='grc' dir='ltr'>ἀγγέλου</span> <span class='ocrx_word' id='word_1_219' title='bbox 1543 2875 1602 2910; x_wconf 85' lang='grc' dir='ltr'><strong>τε</strong></span> <span class='ocrx_word' id='word_1_220' title='bbox 1633 2857 1944 2930; x_wconf 84' lang='grc' dir='ltr'>προσημαί-</span> 
     </span>
    </p>
   </div>
   <div class='ocr_carea' id='block_1_30' title="bbox 359 2949 1942 3021">
    <p class='ocr_par' dir='ltr' id='par_1_30' title="bbox 359 2949 1942 3021">
     <span class='ocr_line' id='line_1_30' title="bbox 359 2949 1942 3021; baseline 0 -19"><span class='ocrx_word' id='word_1_221' title='bbox 359 2965 566 3016; x_wconf 87' lang='grc' dir='ltr'>νοντος,</span> <span class='ocrx_word' id='word_1_222' title='bbox 599 2949 812 3018; x_wconf 74' lang='grc' dir='ltr'>καὶτῆς</span> <span class='ocrx_word' id='word_1_223' title='bbox 836 2949 1135 3018; x_wconf 87' lang='grc' dir='ltr'>συγγενοῦς</span> <span class='ocrx_word' id='word_1_224' title='bbox 1165 2951 1527 3020; x_wconf 83' lang='grc' dir='ltr'>παραπλήσια</span> <span class='ocrx_word' id='word_1_225' title='bbox 1563 2949 1942 3021; x_wconf 59' lang='grc' dir='ltr'>προρρητευού-</span> 
     </span>
    </p>
   </div>
   <div class='ocr_carea' id='block_1_31' title="bbox 359 3040 1422 3109">
    <p class='ocr_par' dir='ltr' id='par_1_31' title="bbox 359 3040 1422 3109">
     <span class='ocr_line' id='line_1_31' title="bbox 359 3040 1422 3109; baseline 0.004 -17"><span class='ocrx_word' id='word_1_226' title='bbox 359 3055 460 3109; x_wconf 75' lang='grc' dir='ltr'><strong>σης</strong></span> <span class='ocrx_word' id='word_1_227' title='bbox 489 3043 582 3093; x_wconf 78' lang='grc' dir='ltr'><strong>ἐπὶ</strong></span> <span class='ocrx_word' id='word_1_228' title='bbox 613 3040 849 3106; x_wconf 79' lang='grc' dir='ltr'>τούτοις,</span> <span class='ocrx_word' id='word_1_229' title='bbox 883 3041 1149 3106; x_wconf 83' lang='grc' dir='ltr'>Θεοτόκος</span> <span class='ocrx_word' id='word_1_230' title='bbox 1178 3042 1422 3096; x_wconf 75' lang='grc' dir='ltr'>ἔσεσθαι.</span> 
     </span>
    </p>
   </div>
   <div class='ocr_carea' id='block_1_32' title="bbox 429 3132 1939 3205">
    <p class='ocr_par' dir='ltr' id='par_1_32' title="bbox 429 3132 1939 3205">
     <span class='ocr_line' id='line_1_32' title="bbox 429 3132 1939 3205; baseline 0.001 -21"><span class='ocrx_word' id='word_1_231' title='bbox 429 3133 546 3199; x_wconf 66' lang='grc' dir='ltr'>ις’.</span> <span class='ocrx_word' id='word_1_232' title='bbox 588 3132 935 3203; x_wconf 80' lang='grc' dir='ltr'>Πανταχόθεν</span> <span class='ocrx_word' id='word_1_233' title='bbox 961 3135 994 3205; x_wconf 82' lang='grc' dir='ltr'>ἡ</span> <span class='ocrx_word' id='word_1_234' title='bbox 1022 3133 1300 3203; x_wconf 88' lang='grc' dir='ltr'>Παρθένος</span> <span class='ocrx_word' id='word_1_235' title='bbox 1332 3133 1812 3202; x_wconf 79' lang='grc' dir='ltr'>εῦαγγελισθεῖσα,</span> <span class='ocrx_word' id='word_1_236' title='bbox 1838 3135 1939 3187; x_wconf 77' lang='grc' dir='ltr'>οὐκ</span> 
     </span>
    </p>
   </div>
   <div class='ocr_carea' id='block_1_33' title="bbox 2039 845 3612 917">
    <p class='ocr_par' dir='ltr' id='par_1_33' title="bbox 2039 845 3612 917">
     <span class='ocr_line' id='line_1_33' title="bbox 2039 845 3612 917; baseline -0.002 -12"><span class='ocrx_word' id='word_1_237' title='bbox 2039 851 2234 905; x_wconf 90' lang='lat' dir='ltr'><strong>nitum.</strong></span> <span class='ocrx_word' id='word_1_238' title='bbox 2293 848 2373 903; x_wconf 91' lang='lat' dir='ltr'><strong>Tu</strong></span> <span class='ocrx_word' id='word_1_239' title='bbox 2426 849 2538 903; x_wconf 85' lang='lat' dir='ltr'><strong>sola</strong></span> <span class='ocrx_word' id='word_1_240' title='bbox 2584 849 2824 916; x_wconf 89' lang='lat' dir='ltr'><strong>parturis</strong></span> <span class='ocrx_word' id='word_1_241' title='bbox 2878 848 3068 917; x_wconf 86' lang='lat' dir='ltr'><strong>virgo;</strong></span> <span class='ocrx_word' id='word_1_242' title='bbox 3133 862 3238 900; x_wconf 92' lang='lat' dir='ltr'><strong>non</strong></span> <span class='ocrx_word' id='word_1_243' title='bbox 3309 845 3412 899; x_wconf 85' lang='lat' dir='ltr'><strong>alia</strong></span> <span class='ocrx_word' id='word_1_244' title='bbox 3484 859 3612 903; x_wconf 90' lang='lat' dir='ltr'><strong>ante</strong></span> 
     </span>
    </p>
   </div>
   <div class='ocr_carea' id='block_1_34' title="bbox 2038 938 3619 1011">
    <p class='ocr_par' dir='ltr' id='par_1_34' title="bbox 2038 938 3619 1011">
     <span class='ocr_line' id='line_1_34' title="bbox 2038 938 3619 1011; baseline -0.002 -14"><span class='ocrx_word' id='word_1_245' title='bbox 2038 942 2306 1011; x_wconf 88' lang='lat' dir='ltr'><strong>concepit,</strong></span> <span class='ocrx_word' id='word_1_246' title='bbox 2365 957 2469 996; x_wconf 92' lang='lat' dir='ltr'><strong>non</strong></span> <span class='ocrx_word' id='word_1_247' title='bbox 2519 941 2788 1010; x_wconf 75' lang='lat' dir='ltr'><strong>concipiet</strong></span> <span class='ocrx_word' id='word_1_248' title='bbox 2839 949 2960 1011; x_wconf 93' lang='lat' dir='ltr'><strong>post</strong></span> <span class='ocrx_word' id='word_1_249' title='bbox 3023 949 3075 993; x_wconf 87' lang='lat' dir='ltr'><strong>te</strong></span> <span class='ocrx_word' id='word_1_250' title='bbox 3123 939 3230 992; x_wconf 84' lang='lat' dir='ltr'><strong>alia</strong></span> <span class='ocrx_word' id='word_1_251' title='bbox 3277 939 3420 992; x_wconf 86' lang='lat' dir='ltr'><strong>inter</strong></span> <span class='ocrx_word' id='word_1_252' title='bbox 3459 938 3619 994; x_wconf 80' lang='lat' dir='ltr'><strong>femi-</strong></span> 
     </span>
    </p>
   </div>
   <div class='ocr_carea' id='block_1_35' title="bbox 2035 1027 3603 1103">
    <p class='ocr_par' dir='ltr' id='par_1_35' title="bbox 2035 1027 3603 1103">
     <span class='ocr_line' id='line_1_35' title="bbox 2035 1027 3603 1103; baseline -0.006 -14"><span class='ocrx_word' id='word_1_253' title='bbox 2035 1051 2132 1089; x_wconf 87' lang='lat' dir='ltr'><strong>nas</strong></span> <span class='ocrx_word' id='word_1_254' title='bbox 2187 1036 2378 1103; x_wconf 80' lang='lat' dir='ltr'><strong>virgo;</strong></span> <span class='ocrx_word' id='word_1_255' title='bbox 2439 1042 2495 1086; x_wconf 87' lang='lat' dir='ltr'><strong>tu</strong></span> <span class='ocrx_word' id='word_1_256' title='bbox 2558 1032 2670 1086; x_wconf 86' lang='lat' dir='ltr'><strong>sola</strong></span> <span class='ocrx_word' id='word_1_257' title='bbox 2727 1031 2783 1084; x_wconf 91' lang='lat' dir='ltr'><strong>in</strong></span> <span class='ocrx_word' id='word_1_258' title='bbox 2841 1031 3096 1084; x_wconf 86' lang='lat' dir='ltr'><strong>universo</strong></span> <span class='ocrx_word' id='word_1_259' title='bbox 3167 1027 3418 1082; x_wconf 83' lang='lat' dir='ltr'><strong>muliebri</strong></span> <span class='ocrx_word' id='word_1_260' title='bbox 3469 1043 3603 1082; x_wconf 74' lang='lat' dir='ltr'><strong>sexu</strong></span> 
     </span>
    </p>
   </div>
   <div class='ocr_carea' id='block_1_36' title="bbox 2040 1117 3617 1188">
    <p class='ocr_par' dir='ltr' id='par_1_36' title="bbox 2040 1117 3617 1188">
     <span class='ocr_line' id='line_1_36' title="bbox 2040 1117 3617 1188; baseline -0.006 -10"><span class='ocrx_word' id='word_1_261' title='bbox 2040 1123 2252 1178; x_wconf 78' lang='lat' dir='ltr'><strong>ratione</strong></span> <span class='ocrx_word' id='word_1_262' title='bbox 2277 1125 2375 1177; x_wconf 88' lang='lat' dir='ltr'><strong>ista</strong></span> <span class='ocrx_word' id='word_1_263' title='bbox 2400 1138 2460 1178; x_wconf 89' lang='lat' dir='ltr'><strong>es</strong></span> <span class='ocrx_word' id='word_1_264' title='bbox 2491 1122 2795 1176; x_wconf 79' lang='lat' dir='ltr'><strong>benedicta.</strong></span> <span class='ocrx_word' id='word_1_265' title='bbox 2836 1119 2904 1173; x_wconf 83' lang='lat' dir='ltr'><strong>Et</strong></span> <span class='ocrx_word' id='word_1_266' title='bbox 2929 1119 3229 1172; x_wconf 75' lang='lat' dir='ltr'><strong>benedictus</strong></span> <span class='ocrx_word' id='word_1_267' title='bbox 3255 1117 3460 1186; x_wconf 69' lang='lat' dir='ltr'><strong>[ructas</strong></span> <span class='ocrx_word' id='word_1_268' title='bbox 3492 1133 3617 1188; x_wconf 73' lang='lat' dir='ltr'><strong>ven-</strong></span> 
     </span>
    </p>
   </div>
   <div class='ocr_carea' id='block_1_37' title="bbox 2041 1208 3615 1280">
    <p class='ocr_par' dir='ltr' id='par_1_37' title="bbox 2041 1208 3615 1280">
     <span class='ocr_line' id='line_1_37' title="bbox 2041 1208 3615 1280; baseline -0.006 -12"><span class='ocrx_word' id='word_1_269' title='bbox 2041 1218 2137 1268; x_wconf 74' lang='lat' dir='ltr'><strong>(ris</strong></span> <span class='ocrx_word' id='word_1_270' title='bbox 2166 1215 2284 1280; x_wconf 86' lang='lat' dir='ltr'><strong>tui;</strong></span> <span class='ocrx_word' id='word_1_271' title='bbox 2317 1229 2424 1268; x_wconf 91' lang='lat' dir='ltr'><strong>non</strong></span> <span class='ocrx_word' id='word_1_272' title='bbox 2458 1213 2672 1267; x_wconf 78' lang='lat' dir='ltr'><strong>fructus</strong></span> <span class='ocrx_word' id='word_1_273' title='bbox 2702 1227 2835 1267; x_wconf 87' lang='lat' dir='ltr'><strong>sane</strong></span> <span class='ocrx_word' id='word_1_274' title='bbox 2879 1211 3024 1264; x_wconf 92' lang='lat' dir='ltr'><strong>illius</strong></span> <span class='ocrx_word' id='word_1_275' title='bbox 3050 1210 3144 1279; x_wconf 86' lang='lat' dir='ltr'><strong>qui</strong></span> <span class='ocrx_word' id='word_1_276' title='bbox 3174 1223 3242 1264; x_wconf 88' lang='lat' dir='ltr'><strong>ne</strong></span> <span class='ocrx_word' id='word_1_277' title='bbox 3279 1209 3363 1261; x_wconf 88' lang='lat' dir='ltr'><strong>vir</strong></span> <span class='ocrx_word' id='word_1_278' title='bbox 3393 1208 3615 1277; x_wconf 81' lang='lat' dir='ltr'><strong>quidem</strong></span> 
     </span>
    </p>
   </div>
   <div class='ocr_carea' id='block_1_38' title="bbox 2038 1297 3614 1370">
    <p class='ocr_par' dir='ltr' id='par_1_38' title="bbox 2038 1297 3614 1370">
     <span class='ocr_line' id='line_1_38' title="bbox 2038 1297 3614 1370; baseline -0.007 -8"><span class='ocrx_word' id='word_1_279' title='bbox 2038 1318 2121 1362; x_wconf 86' lang='lat' dir='ltr'><strong>est</strong></span> <span class='ocrx_word' id='word_1_280' title='bbox 2154 1307 2249 1362; x_wconf 92' lang='lat' dir='ltr'><strong>tibi</strong></span> <span class='ocrx_word' id='word_1_281' title='bbox 2279 1322 2294 1368; x_wconf 89' lang='lat'><strong>;</strong></span> <span class='ocrx_word' id='word_1_282' title='bbox 2351 1319 2459 1358; x_wconf 90' lang='lat' dir='ltr'><strong>non</strong></span> <span class='ocrx_word' id='word_1_283' title='bbox 2505 1304 2650 1359; x_wconf 86' lang='lat' dir='ltr'><strong>enim</strong></span> <span class='ocrx_word' id='word_1_284' title='bbox 2675 1317 2744 1356; x_wconf 75' lang='lat' dir='ltr'><strong>ex</strong></span> <span class='ocrx_word' id='word_1_285' title='bbox 2776 1303 2893 1355; x_wconf 89' lang='lat' dir='ltr'><strong>viro</strong></span> <span class='ocrx_word' id='word_1_286' title='bbox 2931 1311 3013 1356; x_wconf 89' lang='lat' dir='ltr'><strong>est</strong></span> <span class='ocrx_word' id='word_1_287' title='bbox 3046 1300 3190 1370; x_wconf 86' lang='lat' dir='ltr'><strong>quod</strong></span> <span class='ocrx_word' id='word_1_288' title='bbox 3228 1299 3488 1363; x_wconf 82' lang='lat' dir='ltr'><strong>nascitur,</strong></span> <span class='ocrx_word' id='word_1_289' title='bbox 3520 1297 3614 1352; x_wconf 85' lang='lat' dir='ltr'><strong>sed</strong></span> 
     </span>
    </p>
   </div>
   <div class='ocr_carea' id='block_1_39' title="bbox 2039 1405 2427 1454">
    <p class='ocr_par' dir='ltr' id='par_1_39' title="bbox 2039 1405 2427 1454">
     <span class='ocr_line' id='line_1_39' title="bbox 2039 1405 2427 1454; baseline -0.01 0"><span class='ocrx_word' id='word_1_290' title='bbox 2039 1415 2105 1454; x_wconf 78' lang='lat' dir='ltr'><strong>ex</strong></span> <span class='ocrx_word' id='word_1_291' title='bbox 2129 1407 2282 1453; x_wconf 87' lang='lat' dir='ltr'><strong>utero</strong></span> <span class='ocrx_word' id='word_1_292' title='bbox 2314 1405 2427 1450; x_wconf 91' lang='lat' dir='ltr'><strong>tuo.</strong></span> 
     </span>
    </p>
   </div>
   <div class='ocr_carea' id='block_1_40' title="bbox 2109 1482 3609 1555">
    <p class='ocr_par' dir='ltr' id='par_1_40' title="bbox 2109 1482 3609 1555">
     <span class='ocr_line' id='line_1_40' title="bbox 2109 1482 3609 1555; baseline -0.007 -12"><span class='ocrx_word' id='word_1_293' title='bbox 2109 1489 2226 1543; x_wconf 81' lang='lat' dir='ltr'><strong>XV.</strong></span> <span class='ocrx_word' id='word_1_294' title='bbox 2261 1486 2471 1555; x_wconf 85' lang='lat' dir='ltr'><strong>Inspice</strong></span> <span class='ocrx_word' id='word_1_295' title='bbox 2535 1494 2762 1540; x_wconf 88' lang='lat' dir='ltr'><strong>matrem</strong></span> <span class='ocrx_word' id='word_1_296' title='bbox 2818 1482 3061 1548; x_wconf 85' lang='lat' dir='ltr'><strong>Joannis,</strong></span> <span class='ocrx_word' id='word_1_297' title='bbox 3124 1495 3395 1550; x_wconf 71' lang='lat' dir='ltr'><strong>quaenam,</strong></span> <span class='ocrx_word' id='word_1_298' title='bbox 3453 1487 3609 1548; x_wconf 85' lang='lat' dir='ltr'><strong>post-</strong></span> 
     </span>
    </p>
   </div>
   <div class='ocr_carea' id='block_1_41' title="bbox 2037 1571 3608 1653">
    <p class='ocr_par' dir='ltr' id='par_1_41' title="bbox 2037 1571 3608 1653">
     <span class='ocr_line' id='line_1_41' title="bbox 2037 1571 3608 1653; baseline -0.007 -18"><span class='ocrx_word' id='word_1_299' title='bbox 2037 1598 2199 1653; x_wconf 86' lang='lat' dir='ltr'><strong>quam</strong></span> <span class='ocrx_word' id='word_1_300' title='bbox 2239 1580 2442 1650; x_wconf 90' lang='lat' dir='ltr'><strong>Spiritu</strong></span> <span class='ocrx_word' id='word_1_301' title='bbox 2469 1585 2658 1633; x_wconf 87' lang='lat' dir='ltr'><strong>sancto</strong></span> <span class='ocrx_word' id='word_1_302' title='bbox 2683 1577 2898 1647; x_wconf 85' lang='lat' dir='ltr'><strong>impleta</strong></span> <span class='ocrx_word' id='word_1_303' title='bbox 2918 1586 3022 1640; x_wconf 85' lang='lat' dir='ltr'><strong>est,</strong></span> <span class='ocrx_word' id='word_1_304' title='bbox 3049 1576 3338 1644; x_wconf 84' lang='lat' dir='ltr'><strong>loquatur:</strong></span> <span class='ocrx_word' id='word_1_305' title='bbox 3377 1571 3442 1624; x_wconf 86' lang='lat' dir='ltr'><strong>Et</strong></span> <span class='ocrx_word' id='word_1_306' title='bbox 3469 1571 3608 1628; x_wconf 78' lang='lat' dir='ltr'><strong>unde</strong></span> 
     </span>
    </p>
   </div>
   <div class='ocr_carea' id='block_1_42' title="bbox 2038 1661 3609 1738">
    <p class='ocr_par' dir='ltr' id='par_1_42' title="bbox 2038 1661 3609 1738">
     <span class='ocr_line' id='line_1_42' title="bbox 2038 1661 3609 1738; baseline -0.007 -11"><span class='ocrx_word' id='word_1_307' title='bbox 2038 1674 2190 1738; x_wconf 73' lang='lat' dir='ltr'><strong>mihi,</strong></span> <span class='ocrx_word' id='word_1_308' title='bbox 2212 1682 2271 1726; x_wconf 80' lang='lat' dir='ltr'><strong>ut</strong></span> <span class='ocrx_word' id='word_1_309' title='bbox 2300 1671 2475 1725; x_wconf 75' lang='lat' dir='ltr'><strong>veniat</strong></span> <span class='ocrx_word' id='word_1_310' title='bbox 2504 1678 2673 1723; x_wconf 83' lang='lat' dir='ltr'><strong>mater</strong></span> <span class='ocrx_word' id='word_1_311' title='bbox 2701 1667 2912 1721; x_wconf 86' lang='lat' dir='ltr'><strong>Domini</strong></span> <span class='ocrx_word' id='word_1_312' title='bbox 2929 1668 3030 1720; x_wconf 82' lang='lat' dir='ltr'><strong>mei</strong></span> <span class='ocrx_word' id='word_1_313' title='bbox 3057 1667 3124 1718; x_wconf 83' lang='lat' dir='ltr'><strong>ad</strong></span> <span class='ocrx_word' id='word_1_314' title='bbox 3151 1681 3232 1718; x_wconf 87' lang='lat' dir='ltr'><strong>me</strong></span> <span class='ocrx_word' id='word_1_315' title='bbox 3251 1665 3314 1717; x_wconf 74' lang='lat' dir='ltr'><strong>n?</strong></span> <span class='ocrx_word' id='word_1_316' title='bbox 3335 1661 3609 1734; x_wconf 84' lang='lat' dir='ltr'><strong>Virginem</strong></span> 
     </span>
    </p>
   </div>
   <div class='ocr_carea' id='block_1_43' title="bbox 2038 1753 3611 1830">
    <p class='ocr_par' dir='ltr' id='par_1_43' title="bbox 2038 1753 3611 1830">
     <span class='ocr_line' id='line_1_43' title="bbox 2038 1753 3611 1830; baseline -0.007 -12"><span class='ocrx_word' id='word_1_317' title='bbox 2038 1767 2206 1829; x_wconf 81' lang='lat' dir='ltr'><strong>videt,</strong></span> <span class='ocrx_word' id='word_1_318' title='bbox 2236 1772 2290 1816; x_wconf 91' lang='lat' dir='ltr'><strong>et</strong></span> <span class='ocrx_word' id='word_1_319' title='bbox 2324 1771 2552 1815; x_wconf 85' lang='lat' dir='ltr'><strong>matrem</strong></span> <span class='ocrx_word' id='word_1_320' title='bbox 2584 1758 2837 1830; x_wconf 76' lang='lat' dir='ltr'><strong>appellat,</strong></span> <span class='ocrx_word' id='word_1_321' title='bbox 2863 1759 3068 1812; x_wconf 75' lang='lat' dir='ltr'><strong>exitum</strong></span> <span class='ocrx_word' id='word_1_322' title='bbox 3113 1755 3327 1811; x_wconf 81' lang='lat' dir='ltr'><strong>scilicet</strong></span> <span class='ocrx_word' id='word_1_323' title='bbox 3370 1768 3466 1824; x_wconf 87' lang='lat' dir='ltr'><strong>per</strong></span> <span class='ocrx_word' id='word_1_324' title='bbox 3498 1753 3611 1822; x_wconf 87' lang='lat' dir='ltr'><strong>spi-</strong></span> 
     </span>
    </p>
   </div>
   <div class='ocr_carea' id='block_1_44' title="bbox 2042 1834 3630 1925">
    <p class='ocr_par' dir='ltr' id='par_1_44' title="bbox 2042 1834 3630 1925">
     <span class='ocr_line' id='line_1_44' title="bbox 2042 1834 3630 1925; baseline -0.009 -12"><span class='ocrx_word' id='word_1_325' title='bbox 2042 1859 2204 1913; x_wconf 84' lang='lat' dir='ltr'><strong>ritum</strong></span> <span class='ocrx_word' id='word_1_326' title='bbox 2228 1854 2526 1925; x_wconf 71' lang='lat' dir='ltr'><strong>propbetite</strong></span> <span class='ocrx_word' id='word_1_327' title='bbox 2547 1867 2800 1908; x_wconf 84' lang='lat' dir='ltr'><strong>sermone</strong></span> <span class='ocrx_word' id='word_1_328' title='bbox 2829 1861 3199 1922; x_wconf 66' lang='lat' dir='ltr'><strong>praeverteris;</strong></span> <span class='ocrx_word' id='word_1_329' title='bbox 3235 1858 3288 1902; x_wconf 88' lang='lat' dir='ltr'><strong>et</strong></span> <span class='ocrx_word' id='word_1_330' title='bbox 3320 1863 3439 1918; x_wconf 77' lang='lat' dir='ltr'><strong>quat</strong></span> <span class='ocrx_word' id='word_1_331' title='bbox 3474 1834 3630 1900; x_wconf 51' lang='lat' dir='ltr'><strong>non:</strong></span> 
     </span>
    </p>
   </div>
   <div class='ocr_carea' id='block_1_45' title="bbox 1968 1928 3606 2010">
    <p class='ocr_par' dir='ltr' id='par_1_45' title="bbox 1968 1928 3606 2010">
     <span class='ocr_line' id='line_1_45' title="bbox 1968 1928 3606 2010; baseline -0.009 -8"><span class='ocrx_word' id='word_1_332' title='bbox 1968 1928 2012 1987; x_wconf 76' lang='grc' dir='ltr'><strong><em>Β</em></strong></span> <span class='ocrx_word' id='word_1_333' title='bbox 2039 1949 2168 2002; x_wconf 89' lang='lat' dir='ltr'><strong>dum</strong></span> <span class='ocrx_word' id='word_1_334' title='bbox 2214 1954 2409 2007; x_wconf 88' lang='lat' dir='ltr'><strong>mater,</strong></span> <span class='ocrx_word' id='word_1_335' title='bbox 2447 1953 2568 1997; x_wconf 91' lang='lat' dir='ltr'><strong>utut</strong></span> <span class='ocrx_word' id='word_1_336' title='bbox 2589 1943 2794 2009; x_wconf 87' lang='lat' dir='ltr'><strong>jamdiu</strong></span> <span class='ocrx_word' id='word_1_337' title='bbox 2821 1941 3182 2010; x_wconf 86' lang='lat' dir='ltr'><strong>concepisset,</strong></span> <span class='ocrx_word' id='word_1_338' title='bbox 3214 1937 3606 2007; x_wconf 79' lang='lat' dir='ltr'><strong>appellabatur,</strong></span> 
     </span>
    </p>
   </div>
   <div class='ocr_carea' id='block_1_46' title="bbox 2039 2023 3612 2100">
    <p class='ocr_par' dir='ltr' id='par_1_46' title="bbox 2039 2023 3612 2100">
     <span class='ocr_line' id='line_1_46' title="bbox 2039 2023 3612 2100; baseline -0.008 -8"><span class='ocrx_word' id='word_1_339' title='bbox 2039 2047 2271 2092; x_wconf 87' lang='lat' dir='ltr'><strong>matrem</strong></span> <span class='ocrx_word' id='word_1_340' title='bbox 2329 2051 2448 2090; x_wconf 89' lang='lat' dir='ltr'><strong>eam</strong></span> <span class='ocrx_word' id='word_1_341' title='bbox 2492 2034 2649 2094; x_wconf 83' lang='lat' dir='ltr'><strong>dicit,</strong></span> <span class='ocrx_word' id='word_1_342' title='bbox 2693 2047 2816 2100; x_wconf 80' lang='lat' dir='ltr'><strong>qtue</strong></span> <span class='ocrx_word' id='word_1_343' title='bbox 2865 2031 3044 2084; x_wconf 83' lang='lat' dir='ltr'><strong>adhuc</strong></span> <span class='ocrx_word' id='word_1_344' title='bbox 3096 2037 3216 2082; x_wconf 86' lang='lat' dir='ltr'><strong>erat</strong></span> <span class='ocrx_word' id='word_1_345' title='bbox 3241 2029 3414 2095; x_wconf 80' lang='lat' dir='ltr'><strong>virgo.</strong></span> <span class='ocrx_word' id='word_1_346' title='bbox 3473 2023 3612 2079; x_wconf 35' lang='lat' dir='ltr'><strong>l‘linc</strong></span> 
     </span>
    </p>
   </div>
   <div class='ocr_carea' id='block_1_47' title="bbox 2036 2117 3612 2193">
    <p class='ocr_par' dir='ltr' id='par_1_47' title="bbox 2036 2117 3612 2193">
     <span class='ocr_line' id='line_1_47' title="bbox 2036 2117 3612 2193; baseline -0.009 -9"><span class='ocrx_word' id='word_1_347' title='bbox 2036 2126 2242 2184; x_wconf 77' lang='lat' dir='ltr'><strong>sterilis</strong></span> <span class='ocrx_word' id='word_1_348' title='bbox 2279 2125 2426 2182; x_wconf 80' lang='lat' dir='ltr'><strong>facta</strong></span> <span class='ocrx_word' id='word_1_349' title='bbox 2472 2135 2559 2180; x_wconf 78' lang='grc' dir='ltr'><strong>εει</strong></span> <span class='ocrx_word' id='word_1_350' title='bbox 2605 2123 2849 2193; x_wconf 77' lang='lat' dir='ltr'><strong>Virginis</strong></span> <span class='ocrx_word' id='word_1_351' title='bbox 2902 2134 3224 2190; x_wconf 65' lang='lat' dir='ltr'><strong>praecursor,</strong></span> <span class='ocrx_word' id='word_1_352' title='bbox 3259 2117 3612 2186; x_wconf 76' lang='lat' dir='ltr'><strong>quemadmo-</strong></span> 
     </span>
    </p>
   </div>
   <div class='ocr_carea' id='block_1_48' title="bbox 2039 2215 2788 2276">
    <p class='ocr_par' dir='ltr' id='par_1_48' title="bbox 2039 2215 2788 2276">
     <span class='ocr_line' id='line_1_48' title="bbox 2039 2215 2788 2276; baseline -0.007 -1"><span class='ocrx_word' id='word_1_353' title='bbox 2039 2223 2164 2276; x_wconf 88' lang='lat' dir='ltr'><strong>dum</strong></span> <span class='ocrx_word' id='word_1_354' title='bbox 2203 2218 2502 2276; x_wconf 84' lang='lat' dir='ltr'><strong>Salvatoris</strong></span> <span class='ocrx_word' id='word_1_355' title='bbox 2529 2215 2788 2271; x_wconf 83' lang='lat' dir='ltr'><strong>Joannes.</strong></span> 
     </span>
    </p>
   </div>
   <div class='ocr_carea' id='block_1_49' title="bbox 2110 2303 3609 2376">
    <p class='ocr_par' dir='ltr' id='par_1_49' title="bbox 2110 2303 3609 2376">
     <span class='ocr_line' id='line_1_49' title="bbox 2110 2303 3609 2376; baseline -0.007 -11"><span class='ocrx_word' id='word_1_356' title='bbox 2110 2311 2294 2366; x_wconf 67' lang='lat' dir='ltr'><strong>Maria:</strong></span> <span class='ocrx_word' id='word_1_357' title='bbox 2332 2318 2512 2363; x_wconf 88' lang='lat' dir='ltr'><strong>autem</strong></span> <span class='ocrx_word' id='word_1_358' title='bbox 2540 2307 2718 2362; x_wconf 81' lang='lat' dir='ltr'><strong>felicia</strong></span> <span class='ocrx_word' id='word_1_359' title='bbox 2750 2306 2896 2362; x_wconf 90' lang='lat' dir='ltr'><strong>omni</strong></span> <span class='ocrx_word' id='word_1_360' title='bbox 2925 2321 2988 2361; x_wconf 81' lang='lat' dir='ltr'><strong>ex</strong></span> <span class='ocrx_word' id='word_1_361' title='bbox 3026 2317 3178 2376; x_wconf 85' lang='lat' dir='ltr'><strong>parte</strong></span> <span class='ocrx_word' id='word_1_362' title='bbox 3213 2303 3609 2358; x_wconf 85' lang='lat' dir='ltr'><strong>denuntiaban-</strong></span> 
     </span>
    </p>
   </div>
   <div class='ocr_carea' id='block_1_50' title="bbox 2040 2397 3609 2470">
    <p class='ocr_par' dir='ltr' id='par_1_50' title="bbox 2040 2397 3609 2470">
     <span class='ocr_line' id='line_1_50' title="bbox 2040 2397 3609 2470; baseline -0.008 -12"><span class='ocrx_word' id='word_1_363' title='bbox 2040 2413 2150 2459; x_wconf 87' lang='lat' dir='ltr'><strong>tur.</strong></span> <span class='ocrx_word' id='word_1_364' title='bbox 2189 2401 2300 2457; x_wconf 83' lang='lat' dir='ltr'><strong>Etsi</strong></span> <span class='ocrx_word' id='word_1_365' title='bbox 2338 2400 2516 2470; x_wconf 79' lang='lat' dir='ltr'><strong>angeli</strong></span> <span class='ocrx_word' id='word_1_366' title='bbox 2546 2414 2729 2454; x_wconf 85' lang='lat' dir='ltr'><strong>vocem</strong></span> <span class='ocrx_word' id='word_1_367' title='bbox 2769 2408 2894 2453; x_wconf 90' lang='lat' dir='ltr'><strong>tunc</strong></span> <span class='ocrx_word' id='word_1_368' title='bbox 2933 2413 3044 2452; x_wconf 88' lang='lat' dir='ltr'><strong>non</strong></span> <span class='ocrx_word' id='word_1_369' title='bbox 3102 2397 3338 2458; x_wconf 85' lang='lat' dir='ltr'><strong>audiret,</strong></span> <span class='ocrx_word' id='word_1_370' title='bbox 3385 2403 3444 2448; x_wconf 87' lang='lat' dir='ltr'><strong>at</strong></span> <span class='ocrx_word' id='word_1_371' title='bbox 3485 2407 3609 2447; x_wconf 89' lang='lat' dir='ltr'><strong>cum</strong></span> 
     </span>
    </p>
   </div>
   <div class='ocr_carea' id='block_1_51' title="bbox 2039 2488 3609 2564">
    <p class='ocr_par' dir='ltr' id='par_1_51' title="bbox 2039 2488 3609 2564">
     <span class='ocr_line' id='line_1_51' title="bbox 2039 2488 3609 2564; baseline -0.004 -14"><span class='ocrx_word' id='word_1_372' title='bbox 2039 2503 2291 2564; x_wconf 81' lang='lat' dir='ltr'><strong>cognata,</strong></span> <span class='ocrx_word' id='word_1_373' title='bbox 2340 2491 2646 2548; x_wconf 85' lang='lat' dir='ltr'><strong>consimilia</strong></span> <span class='ocrx_word' id='word_1_374' title='bbox 2678 2491 2963 2561; x_wconf 79' lang='lat' dir='ltr'><strong>eloquens,</strong></span> <span class='ocrx_word' id='word_1_375' title='bbox 3013 2499 3067 2544; x_wconf 90' lang='lat' dir='ltr'><strong>et</strong></span> <span class='ocrx_word' id='word_1_376' title='bbox 3111 2489 3241 2543; x_wconf 86' lang='lat' dir='ltr'><strong>illud</strong></span> <span class='ocrx_word' id='word_1_377' title='bbox 3295 2488 3609 2555; x_wconf 59' lang='lat' dir='ltr'><strong>adiecisset,</strong></span> 
     </span>
    </p>
   </div>
   <div class='ocr_carea' id='block_1_52' title="bbox 2043 2582 3613 2655">
    <p class='ocr_par' dir='ltr' id='par_1_52' title="bbox 2043 2582 3613 2655">
     <span class='ocr_line' id='line_1_52' title="bbox 2043 2582 3613 2655; baseline -0.006 -14"><span class='ocrx_word' id='word_1_378' title='bbox 2043 2587 2234 2649; x_wconf 72' lang='lat' dir='ltr'><strong>Beata,</strong></span> <span class='ocrx_word' id='word_1_379' title='bbox 2265 2601 2384 2655; x_wconf 66' lang='lat' dir='ltr'><strong>qum</strong></span> <span class='ocrx_word' id='word_1_380' title='bbox 2412 2584 2686 2637; x_wconf 81' lang='lat' dir='ltr'><strong>credidiin</strong></span> <span class='ocrx_word' id='word_1_381' title='bbox 2710 2600 2730 2648; x_wconf 88' lang='lat'><strong><em>;</em></strong></span> <span class='ocrx_word' id='word_1_382' title='bbox 2759 2585 3012 2648; x_wconf 85' lang='lat' dir='ltr'><strong>quoniam</strong></span> <span class='ocrx_word' id='word_1_383' title='bbox 3044 2582 3380 2649; x_wconf 72' lang='lat' dir='ltr'><strong>perﬁciantur</strong></span> <span class='ocrx_word' id='word_1_384' title='bbox 3399 2595 3460 2633; x_wconf 75' lang='lat' dir='ltr'><strong>ea</strong></span> <span class='ocrx_word' id='word_1_385' title='bbox 3496 2593 3613 2646; x_wconf 67' lang='lat' dir='ltr'><strong>qua</strong></span> 
     </span>
    </p>
   </div>
   <div class='ocr_carea' id='block_1_53' title="bbox 2038 2670 3612 2745">
    <p class='ocr_par' dir='ltr' id='par_1_53' title="bbox 2038 2670 3612 2745">
     <span class='ocr_line' id='line_1_53' title="bbox 2038 2670 3612 2745; baseline -0.005 -13"><span class='ocrx_word' id='word_1_386' title='bbox 2038 2680 2180 2733; x_wconf 74' lang='lat' dir='ltr'><strong>dicta</strong></span> <span class='ocrx_word' id='word_1_387' title='bbox 2211 2689 2334 2733; x_wconf 75' lang='lat' dir='ltr'><strong>sunt</strong></span> <span class='ocrx_word' id='word_1_388' title='bbox 2365 2679 2515 2731; x_wconf 85' lang='lat' dir='ltr'><strong>tibia</strong></span> <span class='ocrx_word' id='word_1_389' title='bbox 2539 2675 2770 2731; x_wconf 85' lang='lat' dir='ltr'><strong>Domina</strong></span> <span class='ocrx_word' id='word_1_390' title='bbox 2797 2685 2822 2712; x_wconf 77' lang='grc' dir='ltr'>ν</span> <span class='ocrx_word' id='word_1_391' title='bbox 2849 2715 2864 2740; x_wconf 90' lang='grc'><strong>,</strong></span> <span class='ocrx_word' id='word_1_392' title='bbox 2915 2675 3086 2745; x_wconf 83' lang='lat' dir='ltr'><strong>magis</strong></span> <span class='ocrx_word' id='word_1_393' title='bbox 3126 2675 3196 2728; x_wconf 82' lang='lat' dir='ltr'><strong>ad</strong></span> <span class='ocrx_word' id='word_1_394' title='bbox 3235 2689 3298 2729; x_wconf 82' lang='lat' dir='ltr'><strong>ea</strong></span> <span class='ocrx_word' id='word_1_395' title='bbox 3340 2670 3612 2727; x_wconf 82' lang='lat' dir='ltr'><strong>credenda</strong></span> 
     </span>
    </p>
   </div>
   <div class='ocr_carea' id='block_1_54' title="bbox 2040 2763 3614 2838">
    <p class='ocr_par' dir='ltr' id='par_1_54' title="bbox 2040 2763 3614 2838">
     <span class='ocr_line' id='line_1_54' title="bbox 2040 2763 3614 2838; baseline -0.006 -12"><span class='ocrx_word' id='word_1_396' title='bbox 2040 2771 2502 2835; x_wconf 74' lang='lat' dir='ltr'><strong>conﬁrmabatur,</strong></span> <span class='ocrx_word' id='word_1_397' title='bbox 2531 2783 2651 2838; x_wconf 75' lang='lat' dir='ltr'><strong>quze</strong></span> <span class='ocrx_word' id='word_1_398' title='bbox 2686 2768 2754 2822; x_wconf 88' lang='lat' dir='ltr'><strong>ab</strong></span> <span class='ocrx_word' id='word_1_399' title='bbox 2780 2767 3102 2837; x_wconf 86' lang='lat' dir='ltr'><strong>arebangelo</strong></span> <span class='ocrx_word' id='word_1_400' title='bbox 3146 2764 3409 2829; x_wconf 84' lang='lat' dir='ltr'><strong>audierat,</strong></span> <span class='ocrx_word' id='word_1_401' title='bbox 3455 2763 3614 2817; x_wconf 81' lang='lat' dir='ltr'><strong>beata</strong></span> 
     </span>
    </p>
   </div>
   <div class='ocr_carea' id='block_1_55' title="bbox 2041 2859 3616 2935">
    <p class='ocr_par' dir='ltr' id='par_1_55' title="bbox 2041 2859 3616 2935">
     <span class='ocr_line' id='line_1_55' title="bbox 2041 2859 3616 2935; baseline -0.006 -16"><span class='ocrx_word' id='word_1_402' title='bbox 2041 2866 2362 2935; x_wconf 65' lang='lat' dir='ltr'><strong>praedicata,</strong></span> <span class='ocrx_word' id='word_1_403' title='bbox 2387 2862 2432 2916; x_wconf 91' lang='lat' dir='ltr'><strong>si</strong></span> <span class='ocrx_word' id='word_1_404' title='bbox 2468 2872 2524 2916; x_wconf 89' lang='lat' dir='ltr'><strong>et</strong></span> <span class='ocrx_word' id='word_1_405' title='bbox 2546 2860 2737 2931; x_wconf 81' lang='lat' dir='ltr'><strong>angelo</strong></span> <span class='ocrx_word' id='word_1_406' title='bbox 2759 2863 2911 2927; x_wconf 89' lang='lat' dir='ltr'><strong>prius</strong></span> <span class='ocrx_word' id='word_1_407' title='bbox 2930 2859 3270 2930; x_wconf 89' lang='lat' dir='ltr'><strong>signilicante</strong></span> <span class='ocrx_word' id='word_1_408' title='bbox 3300 2867 3358 2912; x_wconf 89' lang='lat' dir='ltr'><strong>et</strong></span> <span class='ocrx_word' id='word_1_409' title='bbox 3385 2866 3616 2926; x_wconf 82' lang='lat' dir='ltr'><strong>cognata</strong></span> 
     </span>
    </p>
   </div>
   <div class='ocr_carea' id='block_1_56' title="bbox 2041 2956 3614 3026">
    <p class='ocr_par' dir='ltr' id='par_1_56' title="bbox 2041 2956 3614 3026">
     <span class='ocr_line' id='line_1_56' title="bbox 2041 2956 3614 3026; baseline -0.003 -18"><span class='ocrx_word' id='word_1_410' title='bbox 2041 2957 2194 3026; x_wconf 80' lang='lat' dir='ltr'><strong>paria</strong></span> <span class='ocrx_word' id='word_1_411' title='bbox 2226 2971 2325 3024; x_wconf 90' lang='lat' dir='ltr'><strong>per</strong></span> <span class='ocrx_word' id='word_1_412' title='bbox 2364 2956 2707 3024; x_wconf 83' lang='lat' dir='ltr'><strong>prophetiam</strong></span> <span class='ocrx_word' id='word_1_413' title='bbox 2763 2956 3140 3024; x_wconf 80' lang='lat' dir='ltr'><strong>portendeutc,</strong></span> <span class='ocrx_word' id='word_1_414' title='bbox 3176 2963 3462 3022; x_wconf 85' lang='lat' dir='ltr'><strong>propterea</strong></span> <span class='ocrx_word' id='word_1_415' title='bbox 3496 2963 3614 3005; x_wconf 85' lang='lat' dir='ltr'><strong>cre-</strong></span> 
     </span>
    </p>
   </div>
   <div class='ocr_carea' id='block_1_57' title="bbox 2042 3045 3049 3118">
    <p class='ocr_par' dir='ltr' id='par_1_57' title="bbox 2042 3045 3049 3118">
     <span class='ocr_line' id='line_1_57' title="bbox 2042 3045 3049 3118; baseline -0.004 -16"><span class='ocrx_word' id='word_1_416' title='bbox 2042 3051 2193 3102; x_wconf 85' lang='lat' dir='ltr'><strong>deret</strong></span> <span class='ocrx_word' id='word_1_417' title='bbox 2223 3063 2281 3102; x_wconf 85' lang='lat' dir='ltr'><strong>se</strong></span> <span class='ocrx_word' id='word_1_418' title='bbox 2315 3047 2408 3102; x_wconf 89' lang='lat' dir='ltr'><strong>Dei</strong></span> <span class='ocrx_word' id='word_1_419' title='bbox 2434 3048 2756 3118; x_wconf 79' lang='lat' dir='ltr'><strong>genitricem</strong></span> <span class='ocrx_word' id='word_1_420' title='bbox 2789 3045 3049 3100; x_wconf 87' lang='lat' dir='ltr'><strong>luturam.</strong></span> 
     </span>
    </p>
   </div>
   <div class='ocr_carea' id='block_1_58' title="bbox 2115 3134 3617 3204">
    <p class='ocr_par' dir='ltr' id='par_1_58' title="bbox 2115 3134 3617 3204">
     <span class='ocr_line' id='line_1_58' title="bbox 2115 3134 3617 3204; baseline -0.005 -8"><span class='ocrx_word' id='word_1_421' title='bbox 2115 3140 2257 3196; x_wconf 69' lang='lat' dir='ltr'><strong>XVI.</strong></span> <span class='ocrx_word' id='word_1_422' title='bbox 2291 3140 2423 3194; x_wconf 88' lang='lat' dir='ltr'><strong>Boni</strong></span> <span class='ocrx_word' id='word_1_423' title='bbox 2449 3140 2649 3195; x_wconf 83' lang='lat' dir='ltr'><strong>ominis</strong></span> <span class='ocrx_word' id='word_1_424' title='bbox 2688 3140 2870 3194; x_wconf 79' lang='lat' dir='ltr'><strong>verbis</strong></span> <span class='ocrx_word' id='word_1_425' title='bbox 2918 3137 3089 3191; x_wconf 78' lang='lat' dir='ltr'><strong>Maria</strong></span> <span class='ocrx_word' id='word_1_426' title='bbox 3142 3137 3381 3204; x_wconf 83' lang='lat' dir='ltr'><strong>undique</strong></span> <span class='ocrx_word' id='word_1_427' title='bbox 3415 3134 3617 3190; x_wconf 73' lang='lat' dir='ltr'><strong>confir-</strong></span> 
     </span>
    </p>
   </div>
   <div class='ocr_carea' id='block_1_59' title="bbox 359 3223 1939 3301">
    <p class='ocr_par' dir='ltr' id='par_1_59' title="bbox 359 3223 1939 3296">
     <span class='ocr_line' id='line_1_59' title="bbox 359 3223 1939 3296; baseline 0.001 -20"><span class='ocrx_word' id='word_1_428' title='bbox 359 3223 440 3277; x_wconf 75' lang='grc' dir='ltr'>ἔτι</span> <span class='ocrx_word' id='word_1_429' title='bbox 484 3226 582 3293; x_wconf 84' lang='grc' dir='ltr'>μὲν</span> <span class='ocrx_word' id='word_1_430' title='bbox 616 3225 980 3294; x_wconf 72' lang='grc' dir='ltr'>ἀμφιϐάλλειο</span> <span class='ocrx_word' id='word_1_431' title='bbox 1014 3225 1152 3277; x_wconf 78' lang='grc' dir='ltr'>ἀλλὰ</span> <span class='ocrx_word' id='word_1_432' title='bbox 1178 3227 1270 3278; x_wconf 80' lang='grc' dir='ltr'>τὸν</span> <span class='ocrx_word' id='word_1_433' title='bbox 1316 3227 1658 3296; x_wconf 79' lang='grc' dir='ltr'>ἑκατέρωθεν</span> <span class='ocrx_word' id='word_1_434' title='bbox 1705 3226 1939 3296; x_wconf 81' lang='grc' dir='ltr'>ῥηθέντα</span> 
     </span>
    </p>
   </div>
   <div class='ocr_carea' id='block_1_60' title="bbox 2039 3223 3620 3301">
    <p class='ocr_par' dir='ltr' id='par_1_60' title="bbox 2045 3227 3620 3301">
     <span class='ocr_line' id='line_1_60' title="bbox 2045 3227 3620 3301; baseline -0.003 -15"><span class='ocrx_word' id='word_1_435' title='bbox 2045 3243 2210 3297; x_wconf 89' lang='lat' dir='ltr'><strong>mata,</strong></span> <span class='ocrx_word' id='word_1_436' title='bbox 2246 3248 2350 3286; x_wconf 91' lang='lat' dir='ltr'><strong>non</strong></span> <span class='ocrx_word' id='word_1_437' title='bbox 2382 3233 2613 3301; x_wconf 89' lang='lat' dir='ltr'><strong>amplius</strong></span> <span class='ocrx_word' id='word_1_438' title='bbox 2642 3230 2886 3299; x_wconf 79' lang='lat' dir='ltr'><strong>profecto</strong></span> <span class='ocrx_word' id='word_1_439' title='bbox 2919 3227 3147 3283; x_wconf 80' lang='lat' dir='ltr'><strong>ﬂuctuat</strong></span> <span class='ocrx_word' id='word_1_440' title='bbox 3163 3228 3385 3293; x_wconf 87' lang='lat' dir='ltr'><strong>animo;</strong></span> <span class='ocrx_word' id='word_1_441' title='bbox 3420 3228 3516 3280; x_wconf 91' lang='lat' dir='ltr'><strong>sed</strong></span> <span class='ocrx_word' id='word_1_442' title='bbox 3552 3227 3620 3282; x_wconf 90' lang='lat' dir='ltr'><strong>iis</strong></span> 
     </span>
    </p>
   </div>
   <div class='ocr_carea' id='block_1_61' title="bbox 361 3315 1942 3387">
    <p class='ocr_par' dir='ltr' id='par_1_61' title="bbox 361 3315 1942 3387">
     <span class='ocr_line' id='line_1_61' title="bbox 361 3315 1942 3387; baseline 0.002 -18"><span class='ocrx_word' id='word_1_443' title='bbox 361 3318 500 3386; x_wconf 76' lang='grc' dir='ltr'>αὐτῇ</span> <span class='ocrx_word' id='word_1_444' title='bbox 530 3315 688 3383; x_wconf 88' lang='grc' dir='ltr'>λόγον</span> <span class='ocrx_word' id='word_1_445' title='bbox 722 3317 831 3369; x_wconf 84' lang='grc' dir='ltr'>τῶν</span> <span class='ocrx_word' id='word_1_446' title='bbox 865 3317 1324 3387; x_wconf 80' lang='grc' dir='ltr'>συμϐησομένων,</span> <span class='ocrx_word' id='word_1_447' title='bbox 1353 3319 1481 3386; x_wconf 80' lang='grc' dir='ltr'>παρ’</span> <span class='ocrx_word' id='word_1_448' title='bbox 1506 3319 1742 3386; x_wconf 82' lang='grc' dir='ltr'>ἀγγέλου</span> <span class='ocrx_word' id='word_1_449' title='bbox 1762 3336 1822 3372; x_wconf 91' lang='grc' dir='ltr'><strong>τε</strong></span> <span class='ocrx_word' id='word_1_450' title='bbox 1850 3321 1942 3372; x_wconf 80' lang='grc' dir='ltr'>καὶ</span> 
     </span>
    </p>
   </div>
   <div class='ocr_carea' id='block_1_62' title="bbox 362 3405 1942 3479">
    <p class='ocr_par' dir='ltr' id='par_1_62' title="bbox 362 3405 1942 3479">
     <span class='ocr_line' id='line_1_62' title="bbox 362 3405 1942 3479; baseline 0.001 -19"><span class='ocrx_word' id='word_1_451' title='bbox 362 3407 462 3476; x_wconf 76' lang='grc' dir='ltr'>τῆς</span> <span class='ocrx_word' id='word_1_452' title='bbox 495 3407 798 3470; x_wconf 84' lang='grc' dir='ltr'>Ἑλισάϐετ,</span> <span class='ocrx_word' id='word_1_453' title='bbox 825 3405 1116 3478; x_wconf 82' lang='grc' dir='ltr'>δεξαμένη,</span> <span class='ocrx_word' id='word_1_454' title='bbox 1142 3408 1420 3475; x_wconf 83' lang='grc' dir='ltr'>ἐνδέχεται</span> <span class='ocrx_word' id='word_1_455' title='bbox 1440 3408 1538 3479; x_wconf 83' lang='grc' dir='ltr'>τὴν</span> <span class='ocrx_word' id='word_1_456' title='bbox 1563 3409 1806 3462; x_wconf 82' lang='grc' dir='ltr'>ἔκϐασιν.</span> <span class='ocrx_word' id='word_1_457' title='bbox 1831 3411 1942 3464; x_wconf 79' lang='grc' dir='ltr'><strong>Καὶ</strong></span> 
     </span>
    </p>
   </div>
   <div class='ocr_carea' id='block_1_63' title="bbox 365 3498 1942 3571">
    <p class='ocr_par' dir='ltr' id='par_1_63' title="bbox 365 3498 1942 3571">
     <span class='ocr_line' id='line_1_63' title="bbox 365 3498 1942 3571; baseline 0.001 -20"><span class='ocrx_word' id='word_1_458' title='bbox 365 3500 580 3570; x_wconf 83' lang='grc' dir='ltr'>σιωπᾷν</span> <span class='ocrx_word' id='word_1_459' title='bbox 610 3499 710 3552; x_wconf 79' lang='grc' dir='ltr'>οὐκ</span> <span class='ocrx_word' id='word_1_460' title='bbox 745 3498 999 3568; x_wconf 82' lang='grc' dir='ltr'>ἀνέχεται</span> <span class='ocrx_word' id='word_1_461' title='bbox 1024 3515 1038 3529; x_wconf 87' lang='grc'><strong>·</strong></span> <span class='ocrx_word' id='word_1_462' title='bbox 1089 3499 1206 3552; x_wconf 76' lang='grc' dir='ltr'>ἀλλ’</span> <span class='ocrx_word' id='word_1_463' title='bbox 1233 3500 1336 3570; x_wconf 72' lang='grc' dir='ltr'><strong>ἤδη</strong></span> <span class='ocrx_word' id='word_1_464' title='bbox 1375 3500 1437 3552; x_wconf 79' lang='grc' dir='ltr'>τὸ</span> <span class='ocrx_word' id='word_1_465' title='bbox 1467 3499 1650 3571; x_wconf 84' lang='grc' dir='ltr'>γεῦμα</span> <span class='ocrx_word' id='word_1_466' title='bbox 1695 3502 1790 3554; x_wconf 73' lang='grc' dir='ltr'>καὶ</span> <span class='ocrx_word' id='word_1_467' title='bbox 1842 3501 1942 3570; x_wconf 81' lang='grc' dir='ltr'>τὴν</span> 
     </span>
    </p>
   </div>
   <div class='ocr_carea' id='block_1_64' title="bbox 363 3591 1939 3662">
    <p class='ocr_par' dir='ltr' id='par_1_64' title="bbox 363 3591 1939 3662">
     <span class='ocr_line' id='line_1_64' title="bbox 363 3591 1939 3662; baseline -0.001 -17"><span class='ocrx_word' id='word_1_468' title='bbox 363 3591 617 3662; x_wconf 78' lang='grc' dir='ltr'>ἀπαρχὴν</span> <span class='ocrx_word' id='word_1_469' title='bbox 647 3591 742 3645; x_wconf 84' lang='grc' dir='ltr'><strong>τοῦ</strong></span> <span class='ocrx_word' id='word_1_470' title='bbox 777 3591 1099 3656; x_wconf 76' lang='grc' dir='ltr'>ἐπελθόντος</span> <span class='ocrx_word' id='word_1_471' title='bbox 1131 3592 1268 3662; x_wconf 83' lang='grc' dir='ltr'>αὐτῇ</span> <span class='ocrx_word' id='word_1_472' title='bbox 1319 3592 1477 3661; x_wconf 81' lang='grc' dir='ltr'>ἁγίου</span> <span class='ocrx_word' id='word_1_473' title='bbox 1510 3592 1830 3662; x_wconf 79' lang='grc' dir='ltr'>Πνεῦματος</span> <span class='ocrx_word' id='word_1_474' title='bbox 1860 3592 1939 3644; x_wconf 85' lang='grc' dir='ltr'><strong>δί-</strong></span> 
     </span>
    </p>
   </div>
   <div class='ocr_carea' id='block_1_65' title="bbox 361 3680 1939 3756">
    <p class='ocr_par' dir='ltr' id='par_1_65' title="bbox 361 3680 1939 3756">
     <span class='ocr_line' id='line_1_65' title="bbox 361 3680 1939 3756; baseline 0.001 -18"><span class='ocrx_word' id='word_1_475' title='bbox 361 3684 516 3748; x_wconf 77' lang='grc' dir='ltr'>δωσι,</span> <span class='ocrx_word' id='word_1_476' title='bbox 547 3685 612 3738; x_wconf 87' lang='grc' dir='ltr'>δι’</span> <span class='ocrx_word' id='word_1_477' title='bbox 646 3680 720 3739; x_wconf 83' lang='grc' dir='ltr'>ὧν</span> <span class='ocrx_word' id='word_1_478' title='bbox 751 3684 1072 3755; x_wconf 74' lang='grc' dir='ltr'>φθέγγεται.</span> <span class='ocrx_word' id='word_1_479' title='bbox 1103 3686 1208 3739; x_wconf 74' lang='grc' dir='ltr'>Τοῦ</span> <span class='ocrx_word' id='word_1_480' title='bbox 1240 3685 1351 3756; x_wconf 84' lang='grc' dir='ltr'><strong>γὰρ</strong></span> <span class='ocrx_word' id='word_1_481' title='bbox 1379 3685 1615 3754; x_wconf 82' lang='grc' dir='ltr'>ἀγγέλου</span> <span class='ocrx_word' id='word_1_482' title='bbox 1644 3688 1939 3755; x_wconf 82' lang='grc' dir='ltr'>φήσαντος,</span> 
     </span>
    </p>
   </div>
   <div class='ocr_carea' id='block_1_66' title="bbox 363 3780 1941 3853">
    <p class='ocr_par' dir='ltr' id='par_1_66' title="bbox 363 3780 1941 3853">
     <span class='ocr_line' id='line_1_66' title="bbox 363 3780 1941 3853; baseline -0.003 -17"><span class='ocrx_word' id='word_1_483' title='bbox 363 3782 459 3836; x_wconf 66' lang='grc' dir='ltr'><strong>καλ⁸</strong></span> <span class='ocrx_word' id='word_1_484' title='bbox 493 3781 681 3851; x_wconf 75' lang='grc' dir='ltr'>σαφῶς</span> <span class='ocrx_word' id='word_1_485' title='bbox 726 3782 1223 3853; x_wconf 80' lang='grc' dir='ltr'>ἐπαγγειλαμένου,</span> <span class='ocrx_word' id='word_1_486' title='bbox 1259 3781 1486 3852; x_wconf 79' lang='grc' dir='ltr'>Πνεῦμα</span> <span class='ocrx_word' id='word_1_487' title='bbox 1527 3781 1684 3850; x_wconf 83' lang='grc' dir='ltr'>ἆγιον</span> <span class='ocrx_word' id='word_1_488' title='bbox 1714 3780 1941 3833; x_wconf 79' lang='grc' dir='ltr'>ἐπελεύ-</span> 
     </span>
    </p>
   </div>
   <div class='ocr_carea' id='block_1_67' title="bbox 364 3871 1942 3946">
    <p class='ocr_par' dir='ltr' id='par_1_67' title="bbox 364 3871 1942 3946">
     <span class='ocr_line' id='line_1_67' title="bbox 364 3871 1942 3946; baseline -0.002 -20"><span class='ocrx_word' id='word_1_489' title='bbox 364 3890 518 3928; x_wconf 86' lang='grc' dir='ltr'>σεται</span> <span class='ocrx_word' id='word_1_490' title='bbox 571 3874 894 3945; x_wconf 70' lang='grc' dir='ltr'>ὲπ⁹αὐτήνυ</span> <span class='ocrx_word' id='word_1_491' title='bbox 946 3875 1134 3946; x_wconf 79' lang='grc' dir='ltr'>ἐπειδὴ</span> <span class='ocrx_word' id='word_1_492' title='bbox 1175 3873 1376 3945; x_wconf 71' lang='grc' dir='ltr'>ἤκουσε</span> <span class='ocrx_word' id='word_1_493' title='bbox 1426 3871 1524 3926; x_wconf 90' lang='grc' dir='ltr'><strong>τοῦ</strong></span> <span class='ocrx_word' id='word_1_494' title='bbox 1575 3872 1740 3926; x_wconf 85' lang='grc' dir='ltr'>αὑτοῦ</span> <span class='ocrx_word' id='word_1_495' title='bbox 1785 3871 1942 3940; x_wconf 87' lang='grc' dir='ltr'>ἁγίου</span> 
     </span>
    </p>
   </div>
   <div class='ocr_carea' id='block_1_68' title="bbox 364 3955 1943 4039">
    <p class='ocr_par' dir='ltr' id='par_1_68' title="bbox 364 3955 1943 4039">
     <span class='ocr_line' id='line_1_68' title="bbox 364 3955 1943 4039; baseline -0.003 -19"><span class='ocrx_word' id='word_1_496' title='bbox 364 3968 684 4038; x_wconf 72' lang='grc' dir='ltr'>Πνεῦματος</span> <span class='ocrx_word' id='word_1_497' title='bbox 707 3967 798 4021; x_wconf 78' lang='grc' dir='ltr'>διὰ</span> <span class='ocrx_word' id='word_1_498' title='bbox 824 3967 932 4020; x_wconf 83' lang='grc' dir='ltr'>τῶν</span> <span class='ocrx_word' id='word_1_499' title='bbox 962 3970 1064 4039; x_wconf 82' lang='grc' dir='ltr'>τῆς</span> <span class='ocrx_word' id='word_1_500' title='bbox 1095 3955 1395 4035; x_wconf 87' lang='grc' dir='ltr'>συγγενοῦς</span> <span class='ocrx_word' id='word_1_501' title='bbox 1418 3965 1614 4034; x_wconf 87' lang='grc' dir='ltr'>λόγων,</span> <span class='ocrx_word' id='word_1_502' title='bbox 1645 3964 1943 4036; x_wconf 84' lang='grc' dir='ltr'>πλήττεται</span> 
     </span>
    </p>
   </div>
   <div class='ocr_carea' id='block_1_69' title="bbox 363 4056 1943 4128">
    <p class='ocr_par' dir='ltr' id='par_1_69' title="bbox 363 4056 1943 4128">
     <span class='ocr_line' id='line_1_69' title="bbox 363 4056 1943 4128; baseline -0.003 -15"><span class='ocrx_word' id='word_1_503' title='bbox 363 4062 459 4114; x_wconf 67' lang='grc' dir='ltr'>καὶ</span> <span class='ocrx_word' id='word_1_504' title='bbox 507 4061 645 4128; x_wconf 84' lang='grc' dir='ltr'>αὑτὴ</span> <span class='ocrx_word' id='word_1_505' title='bbox 692 4060 732 4092; x_wconf 77' lang='grc'><strong>⁸⁸</strong></span> <span class='ocrx_word' id='word_1_506' title='bbox 775 4060 867 4113; x_wconf 86' lang='grc' dir='ltr'>τὸν</span> <span class='ocrx_word' id='word_1_507' title='bbox 909 4059 1069 4123; x_wconf 89' lang='grc' dir='ltr'>νοῦν,</span> <span class='ocrx_word' id='word_1_508' title='bbox 1121 4061 1216 4112; x_wconf 80' lang='grc' dir='ltr'>καὶ</span> <span class='ocrx_word' id='word_1_509' title='bbox 1264 4062 1495 4112; x_wconf 82' lang='grc' dir='ltr'>κινεῖται</span> <span class='ocrx_word' id='word_1_510' title='bbox 1542 4056 1943 4128; x_wconf 79' lang='grc' dir='ltr'>παραπλησίως</span> 
     </span>
    </p>
   </div>
   <div class='ocr_carea' id='block_1_70' title="bbox 365 4149 1945 4226">
    <p class='ocr_par' dir='ltr' id='par_1_70' title="bbox 365 4149 1945 4226">
     <span class='ocr_line' id='line_1_70' title="bbox 365 4149 1945 4226; baseline -0.004 -20"><span class='ocrx_word' id='word_1_511' title='bbox 365 4152 552 4226; x_wconf 75' lang='grc' dir='ltr'>ἐκείνῃ</span> <span class='ocrx_word' id='word_1_512' title='bbox 581 4151 660 4222; x_wconf 85' lang='grc' dir='ltr'>τῷ</span> <span class='ocrx_word' id='word_1_513' title='bbox 692 4152 842 4223; x_wconf 85' lang='grc' dir='ltr'><strong>αὑτῷ</strong></span> <span class='ocrx_word' id='word_1_514' title='bbox 879 4152 1193 4223; x_wconf 75' lang='grc' dir='ltr'>Πνεῦματιο</span> <span class='ocrx_word' id='word_1_515' title='bbox 1227 4152 1317 4205; x_wconf 81' lang='grc' dir='ltr'>ἵνα</span> <span class='ocrx_word' id='word_1_516' title='bbox 1345 4152 1441 4205; x_wconf 72' lang='grc' dir='ltr'>καὶ</span> <span class='ocrx_word' id='word_1_517' title='bbox 1477 4152 1506 4204; x_wconf 83' lang='grc' dir='ltr'><strong>ὁ</strong></span> <span class='ocrx_word' id='word_1_518' title='bbox 1548 4150 1778 4220; x_wconf 78' lang='grc' dir='ltr'>ἄγγελος</span> <span class='ocrx_word' id='word_1_519' title='bbox 1812 4149 1945 4220; x_wconf 89' lang='grc' dir='ltr'>ἀλη-</span> 
     </span>
    </p>
   </div>
   <div class='ocr_carea' id='block_1_71' title="bbox 365 4243 1940 4318">
    <p class='ocr_par' dir='ltr' id='par_1_71' title="bbox 365 4243 1940 4318">
     <span class='ocr_line' id='line_1_71' title="bbox 365 4243 1940 4318; baseline -0.003 -19"><span class='ocrx_word' id='word_1_520' title='bbox 365 4245 555 4318; x_wconf 77' lang='grc' dir='ltr'>θεύσῃ,</span> <span class='ocrx_word' id='word_1_521' title='bbox 603 4244 768 4310; x_wconf 83' lang='grc' dir='ltr'>ὀξέως</span> <span class='ocrx_word' id='word_1_522' title='bbox 813 4245 909 4298; x_wconf 88' lang='grc' dir='ltr'><strong>τοῦ</strong></span> <span class='ocrx_word' id='word_1_523' title='bbox 957 4244 1118 4313; x_wconf 89' lang='grc' dir='ltr'>λόγου</span> <span class='ocrx_word' id='word_1_524' title='bbox 1170 4245 1252 4308; x_wconf 88' lang='grc' dir='ltr'><strong>είς</strong></span> <span class='ocrx_word' id='word_1_525' title='bbox 1298 4243 1460 4314; x_wconf 74' lang='grc' dir='ltr'>ἔργον</span> <span class='ocrx_word' id='word_1_526' title='bbox 1503 4243 1940 4313; x_wconf 87' lang='grc' dir='ltr'>μεταϐαίνοντος,</span> 
     </span>
    </p>
   </div>
   <div class='ocr_carea' id='block_1_72' title="bbox 363 4335 1942 4408">
    <p class='ocr_par' dir='ltr' id='par_1_72' title="bbox 363 4335 1942 4408">
     <span class='ocr_line' id='line_1_72' title="bbox 363 4335 1942 4408; baseline -0.001 -18"><span class='ocrx_word' id='word_1_527' title='bbox 363 4337 460 4390; x_wconf 89' lang='grc' dir='ltr'><strong>τοῦ</strong></span> <span class='ocrx_word' id='word_1_528' title='bbox 493 4339 652 4406; x_wconf 83' lang='grc' dir='ltr'>ἁγίου</span> <span class='ocrx_word' id='word_1_529' title='bbox 692 4337 1007 4408; x_wconf 73' lang='grc' dir='ltr'>Πνεῦματος</span> <span class='ocrx_word' id='word_1_530' title='bbox 1033 4336 1348 4408; x_wconf 82' lang='grc' dir='ltr'>ἀρξαμένου</span> <span class='ocrx_word' id='word_1_531' title='bbox 1380 4335 1592 4389; x_wconf 82' lang='grc' dir='ltr'>ἐπιέναι</span> <span class='ocrx_word' id='word_1_532' title='bbox 1629 4338 1697 4406; x_wconf 81' lang='grc' dir='ltr'>τῇ</span> <span class='ocrx_word' id='word_1_533' title='bbox 1729 4335 1942 4407; x_wconf 77' lang='grc' dir='ltr'>Μαρίᾳ.</span> 
     </span>
    </p>
   </div>
   <div class='ocr_carea' id='block_1_73' title="bbox 438 4507 1946 4582">
    <p class='ocr_par' dir='ltr' id='par_1_73' title="bbox 438 4507 1946 4582">
     <span class='ocr_line' id='line_1_73' title="bbox 438 4507 1946 4582; baseline -0.003 -17"><span class='ocrx_word' id='word_1_534' title='bbox 438 4511 536 4568; x_wconf 84' lang='grc' dir='ltr'><strong>1Ζ’.</strong></span> <span class='ocrx_word' id='word_1_535' title='bbox 567 4513 696 4566; x_wconf 83' lang='grc' dir='ltr'>Ὅτε</span> <span class='ocrx_word' id='word_1_536' title='bbox 727 4511 786 4565; x_wconf 83' lang='grc' dir='ltr'><strong>δὲ</strong></span> <span class='ocrx_word' id='word_1_537' title='bbox 815 4511 938 4565; x_wconf 89' lang='grc' dir='ltr'>καθ’</span> <span class='ocrx_word' id='word_1_538' title='bbox 967 4512 1063 4566; x_wconf 80' lang='grc' dir='ltr'>’ένα</span> <span class='ocrx_word' id='word_1_539' title='bbox 1094 4509 1288 4582; x_wconf 76' lang='grc' dir='ltr'>καιρὸν</span> <span class='ocrx_word' id='word_1_540' title='bbox 1329 4511 1389 4564; x_wconf 86' lang='grc' dir='ltr'>ὲν</span> <span class='ocrx_word' id='word_1_541' title='bbox 1419 4509 1498 4580; x_wconf 85' lang='grc' dir='ltr'><strong>τῷ</strong></span> <span class='ocrx_word' id='word_1_542' title='bbox 1529 4507 1679 4579; x_wconf 80' lang='grc' dir='ltr'><strong>αὑτῷ</strong></span> <span class='ocrx_word' id='word_1_543' title='bbox 1710 4508 1864 4579; x_wconf 83' lang='grc' dir='ltr'>τόπῳ</span> <span class='ocrx_word' id='word_1_544' title='bbox 1888 4509 1946 4560; x_wconf 83' lang='grc' dir='ltr'>ἐν</span> 
     </span>
    </p>
   </div>
   <div class='ocr_carea' id='block_1_74' title="bbox 2045 3318 3617 3392">
    <p class='ocr_par' dir='ltr' id='par_1_74' title="bbox 2045 3318 3617 3392">
     <span class='ocr_line' id='line_1_74' title="bbox 2045 3318 3617 3392; baseline -0.003 -17"><span class='ocrx_word' id='word_1_545' title='bbox 2045 3339 2165 3392; x_wconf 65' lang='lat' dir='ltr'><strong>quae</strong></span> <span class='ocrx_word' id='word_1_546' title='bbox 2199 3323 2300 3375; x_wconf 87' lang='lat' dir='ltr'><strong>sibi</strong></span> <span class='ocrx_word' id='word_1_547' title='bbox 2335 3323 2403 3376; x_wconf 86' lang='lat' dir='ltr'><strong>ab</strong></span> <span class='ocrx_word' id='word_1_548' title='bbox 2424 3323 2687 3389; x_wconf 83' lang='lat' dir='ltr'><strong>utrisque,</strong></span> <span class='ocrx_word' id='word_1_549' title='bbox 2719 3322 2784 3375; x_wconf 82' lang='lat' dir='ltr'><strong>al.</strong></span> <span class='ocrx_word' id='word_1_550' title='bbox 2816 3321 3006 3390; x_wconf 80' lang='lat' dir='ltr'><strong>angelo</strong></span> <span class='ocrx_word' id='word_1_551' title='bbox 3029 3335 3220 3387; x_wconf 89' lang='lat' dir='ltr'><strong>nempe</strong></span> <span class='ocrx_word' id='word_1_552' title='bbox 3245 3328 3298 3372; x_wconf 92' lang='lat' dir='ltr'><strong>et</strong></span> <span class='ocrx_word' id='word_1_553' title='bbox 3318 3318 3617 3382; x_wconf 85' lang='lat' dir='ltr'><strong>Elisabeth,</strong></span> 
     </span>
    </p>
   </div>
   <div class='ocr_carea' id='block_1_75' title="bbox 2045 3412 3615 3481">
    <p class='ocr_par' dir='ltr' id='par_1_75' title="bbox 2045 3412 3615 3481">
     <span class='ocr_line' id='line_1_75' title="bbox 2045 3412 3615 3481; baseline -0.003 -13"><span class='ocrx_word' id='word_1_554' title='bbox 2045 3417 2112 3468; x_wconf 86' lang='lat' dir='ltr'><strong>de</strong></span> <span class='ocrx_word' id='word_1_555' title='bbox 2166 3414 2368 3469; x_wconf 82' lang='lat' dir='ltr'><strong>futuris</strong></span> <span class='ocrx_word' id='word_1_556' title='bbox 2399 3415 2542 3468; x_wconf 87' lang='lat' dir='ltr'><strong>dicta</strong></span> <span class='ocrx_word' id='word_1_557' title='bbox 2597 3412 2835 3476; x_wconf 82' lang='lat' dir='ltr'><strong>fuerant,</strong></span> <span class='ocrx_word' id='word_1_558' title='bbox 2890 3412 3049 3481; x_wconf 87' lang='lat' dir='ltr'><strong>plane</strong></span> <span class='ocrx_word' id='word_1_559' title='bbox 3088 3412 3318 3473; x_wconf 83' lang='lat' dir='ltr'><strong>conlisa,</strong></span> <span class='ocrx_word' id='word_1_560' title='bbox 3361 3421 3615 3465; x_wconf 81' lang='lat' dir='ltr'><strong>eventum</strong></span> 
     </span>
    </p>
   </div>
   <div class='ocr_carea' id='block_1_76' title="bbox 2043 3503 3620 3574">
    <p class='ocr_par' dir='ltr' id='par_1_76' title="bbox 2043 3503 3620 3574">
     <span class='ocr_line' id='line_1_76' title="bbox 2043 3503 3620 3574; baseline -0.004 -14"><span class='ocrx_word' id='word_1_561' title='bbox 2043 3514 2344 3574; x_wconf 82' lang='lat' dir='ltr'><strong>exspectat.</strong></span> <span class='ocrx_word' id='word_1_562' title='bbox 2372 3504 2480 3560; x_wconf 86' lang='lat' dir='ltr'><strong>Sed</strong></span> <span class='ocrx_word' id='word_1_563' title='bbox 2520 3519 2619 3558; x_wconf 89' lang='lat' dir='ltr'><strong>nec</strong></span> <span class='ocrx_word' id='word_1_564' title='bbox 2635 3504 2894 3558; x_wconf 79' lang='lat' dir='ltr'><strong>cohibere</strong></span> <span class='ocrx_word' id='word_1_565' title='bbox 2920 3503 3154 3571; x_wconf 83' lang='lat' dir='ltr'><strong>linguam</strong></span> <span class='ocrx_word' id='word_1_566' title='bbox 3183 3513 3396 3571; x_wconf 80' lang='lat' dir='ltr'><strong>potest;</strong></span> <span class='ocrx_word' id='word_1_567' title='bbox 3432 3516 3620 3554; x_wconf 82' lang='lat' dir='ltr'><strong>verum</strong></span> 
     </span>
    </p>
   </div>
   <div class='ocr_carea' id='block_1_77' title="bbox 2045 3593 3623 3668">
    <p class='ocr_par' dir='ltr' id='par_1_77' title="bbox 2045 3593 3623 3668">
     <span class='ocr_line' id='line_1_77' title="bbox 2045 3593 3623 3668; baseline -0.003 -16"><span class='ocrx_word' id='word_1_568' title='bbox 2045 3614 2144 3668; x_wconf 92' lang='lat' dir='ltr'><strong>per</strong></span> <span class='ocrx_word' id='word_1_569' title='bbox 2177 3611 2349 3651; x_wconf 86' lang='lat' dir='ltr'><strong>voces</strong></span> <span class='ocrx_word' id='word_1_570' title='bbox 2388 3596 2442 3649; x_wconf 91' lang='lat' dir='ltr'><strong>in</strong></span> <span class='ocrx_word' id='word_1_571' title='bbox 2482 3611 2619 3664; x_wconf 88' lang='lat' dir='ltr'><strong>quas</strong></span> <span class='ocrx_word' id='word_1_572' title='bbox 2654 3596 2909 3662; x_wconf 88' lang='lat' dir='ltr'><strong>erumpit,</strong></span> <span class='ocrx_word' id='word_1_573' title='bbox 2942 3595 3216 3660; x_wconf 82' lang='lat' dir='ltr'><strong>specimen</strong></span> <span class='ocrx_word' id='word_1_574' title='bbox 3249 3607 3312 3647; x_wconf 92' lang='lat' dir='ltr'><strong>ac</strong></span> <span class='ocrx_word' id='word_1_575' title='bbox 3353 3593 3623 3662; x_wconf 81' lang='lat' dir='ltr'><strong>primitias</strong></span> 
     </span>
    </p>
   </div>
   <div class='ocr_carea' id='block_1_78' title="bbox 2046 3685 3624 3762">
    <p class='ocr_par' dir='ltr' id='par_1_78' title="bbox 2046 3685 3624 3762">
     <span class='ocr_line' id='line_1_78' title="bbox 2046 3685 3624 3762; baseline -0.006 -13"><span class='ocrx_word' id='word_1_576' title='bbox 2046 3696 2220 3749; x_wconf 81' lang='lat' dir='ltr'><strong>sancti</strong></span> <span class='ocrx_word' id='word_1_577' title='bbox 2247 3693 2503 3762; x_wconf 87' lang='lat' dir='ltr'><strong>Spiritus,</strong></span> <span class='ocrx_word' id='word_1_578' title='bbox 2534 3691 2627 3761; x_wconf 90' lang='lat' dir='ltr'><strong>qui</strong></span> <span class='ocrx_word' id='word_1_579' title='bbox 2659 3689 2712 3743; x_wconf 94' lang='lat' dir='ltr'><strong>in</strong></span> <span class='ocrx_word' id='word_1_580' title='bbox 2749 3705 2868 3744; x_wconf 89' lang='lat' dir='ltr'><strong>eam</strong></span> <span class='ocrx_word' id='word_1_581' title='bbox 2898 3695 3306 3758; x_wconf 85' lang='lat' dir='ltr'><strong>supervenerat,</strong></span> <span class='ocrx_word' id='word_1_582' title='bbox 3332 3685 3450 3756; x_wconf 78' lang='lat' dir='ltr'><strong>jam</strong></span> <span class='ocrx_word' id='word_1_583' title='bbox 3485 3701 3624 3756; x_wconf 65' lang='lat' dir='ltr'><strong>prte-</strong></span> 
     </span>
    </p>
   </div>
   <div class='ocr_carea' id='block_1_79' title="bbox 2044 3777 3624 3850">
    <p class='ocr_par' dir='ltr' id='par_1_79' title="bbox 2044 3777 3624 3850">
     <span class='ocr_line' id='line_1_79' title="bbox 2044 3777 3624 3850; baseline -0.006 -10"><span class='ocrx_word' id='word_1_584' title='bbox 2044 3785 2160 3840; x_wconf 86' lang='lat' dir='ltr'><strong>bet.</strong></span> <span class='ocrx_word' id='word_1_585' title='bbox 2203 3784 2338 3838; x_wconf 88' lang='lat' dir='ltr'><strong>Cum</strong></span> <span class='ocrx_word' id='word_1_586' title='bbox 2390 3783 2534 3837; x_wconf 87' lang='lat' dir='ltr'><strong>enim</strong></span> <span class='ocrx_word' id='word_1_587' title='bbox 2569 3780 2790 3850; x_wconf 83' lang='lat' dir='ltr'><strong>angelus</strong></span> <span class='ocrx_word' id='word_1_588' title='bbox 2821 3779 3067 3843; x_wconf 84' lang='lat' dir='ltr'><strong>dixisset,</strong></span> <span class='ocrx_word' id='word_1_589' title='bbox 3100 3788 3259 3847; x_wconf 87' lang='lat' dir='ltr'><strong>atque</strong></span> <span class='ocrx_word' id='word_1_590' title='bbox 3307 3786 3491 3848; x_wconf 80' lang='lat' dir='ltr'><strong>aperte</strong></span> <span class='ocrx_word' id='word_1_591' title='bbox 3525 3777 3624 3831; x_wconf 85' lang='lat' dir='ltr'><strong>de-</strong></span> 
     </span>
    </p>
   </div>
   <div class='ocr_carea' id='block_1_80' title="bbox 2047 3873 3620 3944">
    <p class='ocr_par' dir='ltr' id='par_1_80' title="bbox 2047 3873 3620 3944">
     <span class='ocr_line' id='line_1_80' title="bbox 2047 3873 3620 3944; baseline -0.004 -12"><span class='ocrx_word' id='word_1_592' title='bbox 2047 3877 2353 3932; x_wconf 81' lang='lat' dir='ltr'><strong>nuntiasset</strong></span> <span class='ocrx_word' id='word_1_593' title='bbox 2385 3885 2413 3912; x_wconf 71' lang='grc' dir='ltr'><strong><em>ι</em></strong></span> <span class='ocrx_word' id='word_1_594' title='bbox 2437 3913 2454 3941; x_wconf 90' lang='grc'><strong>,</strong></span> <span class='ocrx_word' id='word_1_595' title='bbox 2493 3875 2754 3944; x_wconf 79' lang='lat' dir='ltr'><strong>Spiritum</strong></span> <span class='ocrx_word' id='word_1_596' title='bbox 2786 3884 3036 3928; x_wconf 81' lang='lat' dir='ltr'><strong>sanctum</strong></span> <span class='ocrx_word' id='word_1_597' title='bbox 3081 3882 3533 3942; x_wconf 82' lang='lat' dir='ltr'><strong>superventurum</strong></span> <span class='ocrx_word' id='word_1_598' title='bbox 3569 3873 3620 3926; x_wconf 89' lang='lat' dir='ltr'><strong>in</strong></span> 
     </span>
    </p>
   </div>
   <div class='ocr_carea' id='block_1_81' title="bbox 2047 3965 3625 4040">
    <p class='ocr_par' dir='ltr' id='par_1_81' title="bbox 2047 3965 3625 4040">
     <span class='ocr_line' id='line_1_81' title="bbox 2047 3965 3625 4040; baseline -0.005 -15"><span class='ocrx_word' id='word_1_599' title='bbox 2047 3971 2264 4040; x_wconf 88' lang='lat' dir='ltr'><strong>ipsam;</strong></span> <span class='ocrx_word' id='word_1_600' title='bbox 2316 3979 2600 4039; x_wconf 81' lang='lat' dir='ltr'><strong>postquam</strong></span> <span class='ocrx_word' id='word_1_601' title='bbox 2651 3968 2901 4021; x_wconf 86' lang='lat' dir='ltr'><strong>eumdem</strong></span> <span class='ocrx_word' id='word_1_602' title='bbox 2949 3975 3198 4021; x_wconf 75' lang='lat' dir='ltr'><strong>sanctum</strong></span> <span class='ocrx_word' id='word_1_603' title='bbox 3239 3965 3499 4033; x_wconf 85' lang='lat' dir='ltr'><strong>Spiritum</strong></span> <span class='ocrx_word' id='word_1_604' title='bbox 3528 3980 3625 4034; x_wconf 91' lang='lat' dir='ltr'><strong>per</strong></span> 
     </span>
    </p>
   </div>
   <div class='ocr_carea' id='block_1_82' title="bbox 2051 4057 3626 4133">
    <p class='ocr_par' dir='ltr' id='par_1_82' title="bbox 2051 4057 3626 4133">
     <span class='ocr_line' id='line_1_82' title="bbox 2051 4057 3626 4133; baseline -0.006 -14"><span class='ocrx_word' id='word_1_605' title='bbox 2051 4073 2290 4133; x_wconf 71' lang='lat' dir='ltr'><strong>cognata:</strong></span> <span class='ocrx_word' id='word_1_606' title='bbox 2322 4075 2600 4117; x_wconf 87' lang='lat' dir='ltr'><strong>sermones</strong></span> <span class='ocrx_word' id='word_1_607' title='bbox 2631 4059 2990 4133; x_wconf 84' lang='lat' dir='ltr'><strong>(loquentem)</strong></span> <span class='ocrx_word' id='word_1_608' title='bbox 3047 4057 3272 4123; x_wconf 77' lang='lat' dir='ltr'><strong>audivit,</strong></span> <span class='ocrx_word' id='word_1_609' title='bbox 3319 4057 3626 4126; x_wconf 77' lang='lat' dir='ltr'><strong>percellitur</strong></span> 
     </span>
    </p>
   </div>
   <div class='ocr_carea' id='block_1_83' title="bbox 2049 4149 3619 4222">
    <p class='ocr_par' dir='ltr' id='par_1_83' title="bbox 2049 4149 3619 4222">
     <span class='ocr_line' id='line_1_83' title="bbox 2049 4149 3619 4222; baseline -0.003 -15"><span class='ocrx_word' id='word_1_610' title='bbox 2049 4164 2106 4207; x_wconf 87' lang='lat' dir='ltr'><strong>et</strong></span> <span class='ocrx_word' id='word_1_611' title='bbox 2140 4155 2279 4222; x_wconf 87' lang='lat' dir='ltr'><strong>ipsa,</strong></span> <span class='ocrx_word' id='word_1_612' title='bbox 2309 4163 2365 4207; x_wconf 86' lang='lat' dir='ltr'><strong>et</strong></span> <span class='ocrx_word' id='word_1_613' title='bbox 2393 4153 2580 4207; x_wconf 87' lang='lat' dir='ltr'><strong>eodem</strong></span> <span class='ocrx_word' id='word_1_614' title='bbox 2611 4151 2813 4222; x_wconf 83' lang='lat' dir='ltr'><strong>pariter</strong></span> <span class='ocrx_word' id='word_1_615' title='bbox 2854 4165 2918 4204; x_wconf 85' lang='lat' dir='ltr'><strong>ac</strong></span> <span class='ocrx_word' id='word_1_616' title='bbox 2943 4151 3032 4204; x_wconf 89' lang='lat' dir='ltr'><strong>illa</strong></span> <span class='ocrx_word' id='word_1_617' title='bbox 3079 4149 3271 4218; x_wconf 84' lang='lat' dir='ltr'><strong>spiritu</strong></span> <span class='ocrx_word' id='word_1_618' title='bbox 3320 4151 3522 4220; x_wconf 85' lang='lat' dir='ltr'><strong>agitur,</strong></span> <span class='ocrx_word' id='word_1_619' title='bbox 3555 4159 3619 4203; x_wconf 90' lang='lat' dir='ltr'><strong>ut</strong></span> 
     </span>
    </p>
   </div>
   <div class='ocr_carea' id='block_1_84' title="bbox 2050 4242 3626 4317">
    <p class='ocr_par' dir='ltr' id='par_1_84' title="bbox 2050 4242 3626 4317">
     <span class='ocr_line' id='line_1_84' title="bbox 2050 4242 3626 4317; baseline -0.003 -19"><span class='ocrx_word' id='word_1_620' title='bbox 2050 4245 2442 4317; x_wconf 85' lang='lat' dir='ltr'><strong>pollicitatione</strong></span> <span class='ocrx_word' id='word_1_621' title='bbox 2473 4245 2654 4298; x_wconf 89' lang='lat' dir='ltr'><strong>statim</strong></span> <span class='ocrx_word' id='word_1_622' title='bbox 2679 4244 2731 4296; x_wconf 92' lang='lat' dir='ltr'><strong>in</strong></span> <span class='ocrx_word' id='word_1_623' title='bbox 2762 4257 2897 4312; x_wconf 89' lang='lat' dir='ltr'><strong>opus</strong></span> <span class='ocrx_word' id='word_1_624' title='bbox 2919 4242 3170 4304; x_wconf 79' lang='lat' dir='ltr'><strong>deducta,</strong></span> <span class='ocrx_word' id='word_1_625' title='bbox 3203 4252 3392 4295; x_wconf 71' lang='lat' dir='ltr'><strong>Sancto</strong></span> <span class='ocrx_word' id='word_1_626' title='bbox 3433 4242 3626 4308; x_wconf 83' lang='lat' dir='ltr'><strong>nempe</strong></span> 
     </span>
    </p>
   </div>
   <div class='ocr_carea' id='block_1_85' title="bbox 2051 4332 3621 4406">
    <p class='ocr_par' dir='ltr' id='par_1_85' title="bbox 2051 4332 3621 4406">
     <span class='ocr_line' id='line_1_85' title="bbox 2051 4332 3621 4406; baseline -0.003 -16"><span class='ocrx_word' id='word_1_627' title='bbox 2051 4339 2253 4406; x_wconf 81' lang='lat' dir='ltr'><strong>Spiritu</strong></span> <span class='ocrx_word' id='word_1_628' title='bbox 2281 4337 2462 4391; x_wconf 62' lang='lat' dir='ltr'><strong>Maria</strong></span> <span class='ocrx_word' id='word_1_629' title='bbox 2492 4335 2637 4390; x_wconf 88' lang='lat' dir='ltr'><strong>illabi</strong></span> <span class='ocrx_word' id='word_1_630' title='bbox 2672 4336 2990 4405; x_wconf 89' lang='lat' dir='ltr'><strong>incipiente,</strong></span> <span class='ocrx_word' id='word_1_631' title='bbox 3017 4336 3179 4388; x_wconf 86' lang='lat' dir='ltr'><strong>etiam</strong></span> <span class='ocrx_word' id='word_1_632' title='bbox 3203 4332 3429 4402; x_wconf 78' lang='lat' dir='ltr'><strong>angelus</strong></span> <span class='ocrx_word' id='word_1_633' title='bbox 3458 4347 3621 4386; x_wconf 76' lang='lat' dir='ltr'><strong>verax</strong></span> 
     </span>
    </p>
   </div>
   <div class='ocr_carea' id='block_1_86' title="bbox 2049 4438 2352 4500">
    <p class='ocr_par' dir='ltr' id='par_1_86' title="bbox 2049 4438 2352 4500">
     <span class='ocr_line' id='line_1_86' title="bbox 2049 4438 2352 4500; baseline 0 -17"><span class='ocrx_word' id='word_1_634' title='bbox 2049 4438 2352 4500; x_wconf 86' lang='lat' dir='ltr'><strong>appareret.</strong></span> 
     </span>
    </p>
   </div>
   <div class='ocr_carea' id='block_1_87' title="bbox 2121 4515 3625 4586">
    <p class='ocr_par' dir='ltr' id='par_1_87' title="bbox 2121 4515 3625 4586">
     <span class='ocr_line' id='line_1_87' title="bbox 2121 4515 3625 4586; baseline -0.005 -10"><span class='ocrx_word' id='word_1_635' title='bbox 2121 4521 2285 4576; x_wconf 79' lang='lat' dir='ltr'><strong>XVII.</strong></span> <span class='ocrx_word' id='word_1_636' title='bbox 2313 4522 2447 4577; x_wconf 91' lang='lat' dir='ltr'><strong>Cum</strong></span> <span class='ocrx_word' id='word_1_637' title='bbox 2479 4531 2658 4575; x_wconf 89' lang='lat' dir='ltr'><strong>autem</strong></span> <span class='ocrx_word' id='word_1_638' title='bbox 2685 4521 2874 4574; x_wconf 87' lang='lat' dir='ltr'><strong>eodem</strong></span> <span class='ocrx_word' id='word_1_639' title='bbox 2906 4527 3151 4586; x_wconf 86' lang='lat' dir='ltr'><strong>tempore</strong></span> <span class='ocrx_word' id='word_1_640' title='bbox 3173 4516 3474 4584; x_wconf 86' lang='lat' dir='ltr'><strong>eodemque</strong></span> <span class='ocrx_word' id='word_1_641' title='bbox 3502 4515 3625 4569; x_wconf 92' lang='lat' dir='ltr'><strong>loco</strong></span> 
     </span>
    </p>
   </div>
   <div class='ocr_carea' id='block_1_88' title="bbox 368 4601 1939 4680">
    <p class='ocr_par' dir='ltr' id='par_1_88' title="bbox 368 4601 1939 4677">
     <span class='ocr_line' id='line_1_88' title="bbox 368 4601 1939 4677; baseline -0.004 -18"><span class='ocrx_word' id='word_1_642' title='bbox 368 4607 494 4660; x_wconf 74' lang='grc' dir='ltr'>δυσὶ</span> <span class='ocrx_word' id='word_1_643' title='bbox 537 4606 786 4676; x_wconf 79' lang='grc' dir='ltr'>γυναιξὶν</span> <span class='ocrx_word' id='word_1_644' title='bbox 827 4604 1085 4677; x_wconf 79' lang='grc' dir='ltr'>ἐνεργοῦν</span> <span class='ocrx_word' id='word_1_645' title='bbox 1119 4603 1390 4674; x_wconf 80' lang='grc' dir='ltr'>ἐφαίνετο,</span> <span class='ocrx_word' id='word_1_646' title='bbox 1444 4604 1503 4656; x_wconf 80' lang='grc' dir='ltr'>ὲν</span> <span class='ocrx_word' id='word_1_647' title='bbox 1547 4601 1736 4674; x_wconf 85' lang='grc' dir='ltr'>στείρᾳ</span> <span class='ocrx_word' id='word_1_648' title='bbox 1761 4619 1821 4655; x_wconf 85' lang='grc' dir='ltr'><strong>τε</strong></span> <span class='ocrx_word' id='word_1_649' title='bbox 1852 4601 1939 4655; x_wconf 65' lang='grc' dir='ltr'>καὶ</span> 
     </span>
    </p>
   </div>
   <div class='ocr_carea' id='block_1_89' title="bbox 2039 4601 3625 4680">
    <p class='ocr_par' dir='ltr' id='par_1_89' title="bbox 2055 4607 3625 4680">
     <span class='ocr_line' id='line_1_89' title="bbox 2055 4607 3625 4680; baseline -0.007 -9"><span class='ocrx_word' id='word_1_650' title='bbox 2055 4616 2107 4671; x_wconf 91' lang='lat' dir='ltr'><strong>in</strong></span> <span class='ocrx_word' id='word_1_651' title='bbox 2132 4615 2342 4669; x_wconf 86' lang='lat' dir='ltr'><strong>duabus</strong></span> <span class='ocrx_word' id='word_1_652' title='bbox 2371 4611 2686 4666; x_wconf 83' lang='lat' dir='ltr'><strong>mulieribus</strong></span> <span class='ocrx_word' id='word_1_653' title='bbox 2719 4610 2937 4680; x_wconf 86' lang='lat' dir='ltr'><strong>operari</strong></span> <span class='ocrx_word' id='word_1_654' title='bbox 2973 4620 3291 4664; x_wconf 84' lang='lat' dir='ltr'><strong>cerneretur</strong></span> <span class='ocrx_word' id='word_1_655' title='bbox 3321 4607 3625 4678; x_wconf 86' lang='lat' dir='ltr'><strong>(Spiritus),</strong></span> 
     </span>
    </p>
   </div>
   <div class='ocr_carea' id='block_1_90' title="bbox 371 4695 1939 4772">
    <p class='ocr_par' dir='ltr' id='par_1_90' title="bbox 371 4695 1939 4772">
     <span class='ocr_line' id='line_1_90' title="bbox 371 4695 1939 4772; baseline -0.005 -18"><span class='ocrx_word' id='word_1_656' title='bbox 371 4700 647 4772; x_wconf 87' lang='grc' dir='ltr'>παρθένῳ,</span> <span class='ocrx_word' id='word_1_657' title='bbox 693 4701 793 4768; x_wconf 82' lang='grc' dir='ltr'>τῆς</span> <span class='ocrx_word' id='word_1_658' title='bbox 842 4700 942 4770; x_wconf 81' lang='grc' dir='ltr'>μὲν</span> <span class='ocrx_word' id='word_1_659' title='bbox 977 4698 1198 4768; x_wconf 80' lang='grc' dir='ltr'>στείρας</span> <span class='ocrx_word' id='word_1_660' title='bbox 1241 4695 1643 4768; x_wconf 85' lang='grc' dir='ltr'>προλαϐούσης,</span> <span class='ocrx_word' id='word_1_661' title='bbox 1686 4696 1809 4749; x_wconf 79' lang='grc' dir='ltr'>ἐπεὶ</span> <span class='ocrx_word' id='word_1_662' title='bbox 1855 4697 1939 4750; x_wconf 60' lang='grc' dir='ltr'><strong>καί</strong></span> 
     </span>
    </p>
   </div>
   <div class='ocr_carea' id='block_1_91' title="bbox 2039 4695 3626 4772">
    <p class='ocr_par' dir='ltr' id='par_1_91' title="bbox 2057 4700 3626 4772">
     <span class='ocr_line' id='line_1_91' title="bbox 2057 4700 3626 4772; baseline -0.007 -9"><span class='ocrx_word' id='word_1_663' title='bbox 2057 4718 2112 4763; x_wconf 89' lang='grc' dir='ltr'><strong>ει</strong></span> <span class='ocrx_word' id='word_1_664' title='bbox 2140 4708 2193 4761; x_wconf 93' lang='lat' dir='ltr'><strong>in</strong></span> <span class='ocrx_word' id='word_1_665' title='bbox 2223 4705 2394 4760; x_wconf 88' lang='lat' dir='ltr'><strong>sterili</strong></span> <span class='ocrx_word' id='word_1_666' title='bbox 2441 4705 2654 4758; x_wconf 90' lang='lat' dir='ltr'><strong>scilicet</strong></span> <span class='ocrx_word' id='word_1_667' title='bbox 2696 4712 2750 4757; x_wconf 90' lang='lat' dir='ltr'><strong>et</strong></span> <span class='ocrx_word' id='word_1_668' title='bbox 2803 4703 2854 4756; x_wconf 93' lang='lat' dir='ltr'><strong>in</strong></span> <span class='ocrx_word' id='word_1_669' title='bbox 2891 4703 3125 4772; x_wconf 79' lang='lat' dir='ltr'><strong>virgine.</strong></span> <span class='ocrx_word' id='word_1_670' title='bbox 3174 4701 3340 4757; x_wconf 81' lang='lat' dir='ltr'><strong>sterili</strong></span> <span class='ocrx_word' id='word_1_671' title='bbox 3385 4700 3626 4768; x_wconf 87' lang='lat' dir='ltr'><strong>quidem,</strong></span> 
     </span>
    </p>
   </div>
   <div class='ocr_carea' id='block_1_92' title="bbox 373 4789 1939 4869">
    <p class='ocr_par' dir='ltr' id='par_1_92' title="bbox 373 4789 1939 4864">
     <span class='ocr_line' id='line_1_92' title="bbox 373 4789 1939 4864; baseline -0.003 -17"><span class='ocrx_word' id='word_1_672' title='bbox 373 4794 688 4864; x_wconf 83' lang='grc' dir='ltr'>Πρόδρομον</span> <span class='ocrx_word' id='word_1_673' title='bbox 714 4793 1049 4863; x_wconf 80' lang='grc' dir='ltr'>συνειλήφει,</span> <span class='ocrx_word' id='word_1_674' title='bbox 1072 4791 1166 4844; x_wconf 72' lang='grc' dir='ltr'>καὶ</span> <span class='ocrx_word' id='word_1_675' title='bbox 1194 4789 1605 4862; x_wconf 80' lang='grc' dir='ltr'>μακαριζούσης</span> <span class='ocrx_word' id='word_1_676' title='bbox 1639 4789 1736 4859; x_wconf 76' lang='grc' dir='ltr'>τὴν</span> <span class='ocrx_word' id='word_1_677' title='bbox 1758 4789 1939 4842; x_wconf 87' lang='grc' dir='ltr'>Θεοτό-</span> 
     </span>
    </p>
   </div>
   <div class='ocr_carea' id='block_1_93' title="bbox 2039 4789 3631 4869">
    <p class='ocr_par' dir='ltr' id='par_1_93' title="bbox 2056 4796 3631 4869">
     <span class='ocr_line' id='line_1_93' title="bbox 2056 4796 3631 4869; baseline -0.006 -17"><span class='ocrx_word' id='word_1_678' title='bbox 2056 4810 2345 4869; x_wconf 88' lang='lat' dir='ltr'><strong>postquam</strong></span> <span class='ocrx_word' id='word_1_679' title='bbox 2391 4796 2790 4850; x_wconf 68' lang='lat' dir='ltr'><strong>Praecursorem</strong></span> <span class='ocrx_word' id='word_1_680' title='bbox 2851 4803 3203 4862; x_wconf 81' lang='lat' dir='ltr'><strong>conceperat,</strong></span> <span class='ocrx_word' id='word_1_681' title='bbox 3240 4798 3533 4860; x_wconf 64' lang='lat' dir='ltr'><strong>praeeunte,</strong></span> <span class='ocrx_word' id='word_1_682' title='bbox 3572 4801 3631 4843; x_wconf 86' lang='lat' dir='ltr'><strong>et</strong></span> 
     </span>
    </p>
   </div>
   <div class='ocr_carea' id='block_1_94' title="bbox 376 4880 1939 4956">
    <p class='ocr_par' dir='ltr' id='par_1_94' title="bbox 376 4880 1939 4956">
     <span class='ocr_line' id='line_1_94' title="bbox 376 4880 1939 4956; baseline -0.003 -20"><span class='ocrx_word' id='word_1_683' title='bbox 376 4901 491 4945; x_wconf 86' lang='grc' dir='ltr'>κον,</span> <span class='ocrx_word' id='word_1_684' title='bbox 525 4888 624 4956; x_wconf 82' lang='grc' dir='ltr'>τῆς</span> <span class='ocrx_word' id='word_1_685' title='bbox 663 4885 722 4938; x_wconf 82' lang='grc' dir='ltr'><strong>δὲ</strong></span> <span class='ocrx_word' id='word_1_686' title='bbox 760 4883 1029 4956; x_wconf 83' lang='grc' dir='ltr'>παρθένου</span> <span class='ocrx_word' id='word_1_687' title='bbox 1070 4881 1566 4951; x_wconf 69' lang='grc' dir='ltr'>ἐπακολουθούσης,</span> <span class='ocrx_word' id='word_1_688' title='bbox 1619 4880 1808 4949; x_wconf 83' lang='grc' dir='ltr'>ἐπειδὴ</span> <span class='ocrx_word' id='word_1_689' title='bbox 1860 4881 1939 4935; x_wconf 71' lang='grc' dir='ltr'><strong>τοι</strong></span> 
     </span>
    </p>
   </div>
   <div class='ocr_carea' id='block_1_95' title="bbox 2039 4880 3628 4956">
    <p class='ocr_par' dir='ltr' id='par_1_95' title="bbox 2058 4885 3628 4956">
     <span class='ocr_line' id='line_1_95' title="bbox 2058 4885 3628 4956; baseline -0.005 -14"><span class='ocrx_word' id='word_1_690' title='bbox 2058 4890 2271 4942; x_wconf 88' lang='lat' dir='ltr'><strong>beatam</strong></span> <span class='ocrx_word' id='word_1_691' title='bbox 2303 4887 2637 4956; x_wconf 74' lang='lat' dir='ltr'><strong>przedicante</strong></span> <span class='ocrx_word' id='word_1_692' title='bbox 2696 4885 2981 4954; x_wconf 85' lang='lat' dir='ltr'><strong>Deiparam</strong></span> <span class='ocrx_word' id='word_1_693' title='bbox 3016 4902 3030 4951; x_wconf 93' lang='lat'><strong>;</strong></span> <span class='ocrx_word' id='word_1_694' title='bbox 3058 4885 3264 4953; x_wconf 84' lang='lat' dir='ltr'><strong>virgine</strong></span> <span class='ocrx_word' id='word_1_695' title='bbox 3295 4896 3442 4946; x_wconf 89' lang='lat' dir='ltr'><strong>vero,</strong></span> <span class='ocrx_word' id='word_1_696' title='bbox 3480 4891 3628 4949; x_wconf 88' lang='lat' dir='ltr'><strong>post-</strong></span> 
     </span>
    </p>
   </div>
   <div class='ocr_carea' id='block_1_96' title="bbox 377 4965 1939 5048">
    <p class='ocr_par' dir='ltr' id='par_1_96' title="bbox 377 4965 1939 5044">
     <span class='ocr_line' id='line_1_96' title="bbox 377 4965 1939 5044; baseline -0.001 -18"><span class='ocrx_word' id='word_1_697' title='bbox 377 4974 775 5043; x_wconf 85' lang='grc' dir='ltr'>κηρυττόμενον</span> <span class='ocrx_word' id='word_1_698' title='bbox 828 4973 1274 5044; x_wconf 76' lang='grc' dir='ltr'>συνελάμϐανεν·</span> <span class='ocrx_word' id='word_1_699' title='bbox 1324 4974 1419 5027; x_wconf 73' lang='grc' dir='ltr'>καὶ</span> <span class='ocrx_word' id='word_1_700' title='bbox 1469 4965 1552 5034; x_wconf 74' lang='grc' dir='ltr'>εἷς</span> <span class='ocrx_word' id='word_1_701' title='bbox 1580 4971 1833 5041; x_wconf 82' lang='grc' dir='ltr'>τεχνίτης</span> <span class='ocrx_word' id='word_1_702' title='bbox 1888 4971 1939 5024; x_wconf 71' lang='grc' dir='ltr'><strong>τί</strong></span> 
     </span>
    </p>
   </div>
   <div class='ocr_carea' id='block_1_97' title="bbox 2039 4965 3632 5048">
    <p class='ocr_par' dir='ltr' id='par_1_97' title="bbox 2054 4976 3632 5048">
     <span class='ocr_line' id='line_1_97' title="bbox 2054 4976 3632 5048; baseline -0.003 -17"><span class='ocrx_word' id='word_1_703' title='bbox 2054 4995 2216 5048; x_wconf 85' lang='lat' dir='ltr'><strong>quam</strong></span> <span class='ocrx_word' id='word_1_704' title='bbox 2248 4976 2664 5046; x_wconf 78' lang='lat' dir='ltr'><strong>przenuntiatum</strong></span> <span class='ocrx_word' id='word_1_705' title='bbox 2701 4984 3046 5044; x_wconf 84' lang='lat' dir='ltr'><strong>conceperat,</strong></span> <span class='ocrx_word' id='word_1_706' title='bbox 3072 4981 3351 5041; x_wconf 84' lang='lat' dir='ltr'><strong>sequente,</strong></span> <span class='ocrx_word' id='word_1_707' title='bbox 3403 4979 3458 5025; x_wconf 86' lang='lat' dir='ltr'><strong>el.</strong></span> <span class='ocrx_word' id='word_1_708' title='bbox 3491 4987 3632 5027; x_wconf 86' lang='lat' dir='ltr'><strong>unus</strong></span> 
     </span>
    </p>
   </div>
   <div class='ocr_carea' id='block_1_98' title="bbox 377 5063 1939 5140">
    <p class='ocr_par' dir='ltr' id='par_1_98' title="bbox 377 5063 1939 5136">
     <span class='ocr_line' id='line_1_98' title="bbox 377 5063 1939 5136; baseline -0.002 -18"><span class='ocrx_word' id='word_1_709' title='bbox 377 5063 603 5133; x_wconf 82' lang='grc' dir='ltr'>Πνεῦμα</span> <span class='ocrx_word' id='word_1_710' title='bbox 646 5066 708 5118; x_wconf 86' lang='grc' dir='ltr'>τὸ</span> <span class='ocrx_word' id='word_1_711' title='bbox 747 5068 902 5134; x_wconf 74' lang='grc' dir='ltr'>ἅγιον</span> <span class='ocrx_word' id='word_1_712' title='bbox 955 5066 1049 5120; x_wconf 84' lang='grc' dir='ltr'>δύο</span> <span class='ocrx_word' id='word_1_713' title='bbox 1097 5065 1272 5136; x_wconf 84' lang='grc' dir='ltr'>λύρας</span> <span class='ocrx_word' id='word_1_714' title='bbox 1308 5066 1568 5128; x_wconf 87' lang='grc' dir='ltr'>ἀνεκίνει,</span> <span class='ocrx_word' id='word_1_715' title='bbox 1616 5064 1711 5116; x_wconf 87' lang='grc' dir='ltr'>δύο</span> <span class='ocrx_word' id='word_1_716' title='bbox 1771 5063 1939 5133; x_wconf 76' lang='grc' dir='ltr'>ψυχὰς</span> 
     </span>
    </p>
   </div>
   <div class='ocr_carea' id='block_1_99' title="bbox 2039 5063 3628 5140">
    <p class='ocr_par' dir='ltr' id='par_1_99' title="bbox 2059 5069 3628 5140">
     <span class='ocr_line' id='line_1_99' title="bbox 2059 5069 3628 5140; baseline -0.004 -16"><span class='ocrx_word' id='word_1_717' title='bbox 2059 5070 2279 5136; x_wconf 76' lang='lat' dir='ltr'><strong>artifex,</strong></span> <span class='ocrx_word' id='word_1_718' title='bbox 2321 5069 2561 5140; x_wconf 89' lang='lat' dir='ltr'><strong>Spiritus</strong></span> <span class='ocrx_word' id='word_1_719' title='bbox 2606 5077 2848 5132; x_wconf 80' lang='lat' dir='ltr'><strong>sanctus,</strong></span> <span class='ocrx_word' id='word_1_720' title='bbox 2883 5071 3019 5124; x_wconf 89' lang='lat' dir='ltr'><strong>duas</strong></span> <span class='ocrx_word' id='word_1_721' title='bbox 3057 5069 3269 5121; x_wconf 87' lang='lat' dir='ltr'><strong>animas</strong></span> <span class='ocrx_word' id='word_1_722' title='bbox 3316 5076 3628 5120; x_wconf 87' lang='lat' dir='ltr'><strong>sanctarum</strong></span> 
     </span>
    </p>
   </div>
   <div class='ocr_carea' id='block_1_100' title="bbox 378 5157 1939 5232">
    <p class='ocr_par' dir='ltr' id='par_1_100' title="bbox 378 5157 1939 5232">
     <span class='ocr_line' id='line_1_100' title="bbox 378 5157 1939 5232; baseline -0.003 -20"><span class='ocrx_word' id='word_1_723' title='bbox 378 5159 551 5226; x_wconf 86' lang='grc' dir='ltr'>ἁγίων</span> <span class='ocrx_word' id='word_1_724' title='bbox 579 5159 850 5226; x_wconf 81' lang='grc' dir='ltr'>γυναικῶν</span> <span class='ocrx_word' id='word_1_725' title='bbox 871 5177 885 5191; x_wconf 75' lang='grc' dir='ltr'><strong><em>ο</em></strong></span> <span class='ocrx_word' id='word_1_726' title='bbox 918 5161 952 5230; x_wconf 78' lang='grc' dir='ltr'><strong>ἡ</strong></span> <span class='ocrx_word' id='word_1_727' title='bbox 982 5161 1082 5229; x_wconf 83' lang='grc' dir='ltr'>μὲν</span> <span class='ocrx_word' id='word_1_728' title='bbox 1108 5161 1218 5232; x_wconf 86' lang='grc' dir='ltr'>γὰρ</span> <span class='ocrx_word' id='word_1_729' title='bbox 1254 5159 1537 5214; x_wconf 85' lang='grc' dir='ltr'>Ἐλισάϐετ</span> <span class='ocrx_word' id='word_1_730' title='bbox 1572 5157 1939 5228; x_wconf 72' lang='grc' dir='ltr'>ἐμακάριζεν·</span> 
     </span>
    </p>
   </div>
   <div class='ocr_carea' id='block_1_101' title="bbox 2039 5157 3630 5232">
    <p class='ocr_par' dir='ltr' id='par_1_101' title="bbox 2060 5157 3630 5231">
     <span class='ocr_line' id='line_1_101' title="bbox 2060 5157 3630 5231; baseline -0.007 -13"><span class='ocrx_word' id='word_1_731' title='bbox 2060 5164 2374 5228; x_wconf 88' lang='lat' dir='ltr'><strong>mulierum,</strong></span> <span class='ocrx_word' id='word_1_732' title='bbox 2402 5177 2499 5216; x_wconf 82' lang='lat' dir='ltr'><strong>ceu</strong></span> <span class='ocrx_word' id='word_1_733' title='bbox 2530 5163 2663 5214; x_wconf 85' lang='lat' dir='ltr'><strong>duas</strong></span> <span class='ocrx_word' id='word_1_734' title='bbox 2690 5161 2835 5231; x_wconf 85' lang='lat' dir='ltr'><strong>lyras</strong></span> <span class='ocrx_word' id='word_1_735' title='bbox 2868 5161 3114 5230; x_wconf 88' lang='lat' dir='ltr'><strong>pulsaret</strong></span> <span class='ocrx_word' id='word_1_736' title='bbox 3145 5175 3159 5224; x_wconf 91' lang='lat'><strong>;</strong></span> <span class='ocrx_word' id='word_1_737' title='bbox 3191 5158 3471 5212; x_wconf 84' lang='lat' dir='ltr'><strong>Elisabeth</strong></span> <span class='ocrx_word' id='word_1_738' title='bbox 3509 5157 3630 5224; x_wconf 78' lang='lat' dir='ltr'><strong>qui-</strong></span> 
     </span>
    </p>
   </div>
   <div class='ocr_carea' id='block_1_102' title="bbox 376 5247 1939 5324">
    <p class='ocr_par' dir='ltr' id='par_1_102' title="bbox 376 5250 1939 5324">
     <span class='ocr_line' id='line_1_102' title="bbox 376 5250 1939 5324; baseline -0.001 -20"><span class='ocrx_word' id='word_1_739' title='bbox 376 5255 411 5322; x_wconf 85' lang='grc' dir='ltr'>ὴ</span> <span class='ocrx_word' id='word_1_740' title='bbox 447 5250 504 5304; x_wconf 84' lang='grc' dir='ltr'><strong>δὲ</strong></span> <span class='ocrx_word' id='word_1_741' title='bbox 529 5250 716 5322; x_wconf 80' lang='grc' dir='ltr'>Μαρία</span> <span class='ocrx_word' id='word_1_742' title='bbox 742 5251 794 5303; x_wconf 89' lang='grc' dir='ltr'><strong>τί</strong></span> <span class='ocrx_word' id='word_1_743' title='bbox 819 5267 1010 5322; x_wconf 82' lang='grc' dir='ltr'>φησιν;</span> <span class='ocrx_word' id='word_1_744' title='bbox 1051 5253 1388 5324; x_wconf 74' lang='grc' dir='ltr'>Μεγαλύνει</span> <span class='ocrx_word' id='word_1_745' title='bbox 1427 5252 1466 5320; x_wconf 77' lang='grc' dir='ltr'>ἡ</span> <span class='ocrx_word' id='word_1_746' title='bbox 1495 5251 1667 5320; x_wconf 70' lang='grc' dir='ltr'>ψυχή</span> <span class='ocrx_word' id='word_1_747' title='bbox 1695 5267 1815 5320; x_wconf 79' lang='grc' dir='ltr'>μου</span> <span class='ocrx_word' id='word_1_748' title='bbox 1847 5251 1939 5303; x_wconf 66' lang='grc' dir='ltr'>τὸν</span> 
     </span>
    </p>
   </div>
   <div class='ocr_carea' id='block_1_103' title="bbox 2039 5247 3633 5324">
    <p class='ocr_par' dir='ltr' id='par_1_103' title="bbox 2063 5247 3633 5322">
     <span class='ocr_line' id='line_1_103' title="bbox 2063 5247 3633 5322; baseline -0.008 -13"><span class='ocrx_word' id='word_1_749' title='bbox 2063 5257 2190 5309; x_wconf 86' lang='lat' dir='ltr'><strong>dem</strong></span> <span class='ocrx_word' id='word_1_750' title='bbox 2239 5257 2453 5309; x_wconf 88' lang='lat' dir='ltr'><strong>beatam</strong></span> <span class='ocrx_word' id='word_1_751' title='bbox 2509 5252 2779 5322; x_wconf 81' lang='lat' dir='ltr'><strong>(Mariam)</strong></span> <span class='ocrx_word' id='word_1_752' title='bbox 2844 5251 3220 5320; x_wconf 75' lang='lat' dir='ltr'><strong>praedicabat;</strong></span> <span class='ocrx_word' id='word_1_753' title='bbox 3280 5247 3446 5302; x_wconf 81' lang='lat' dir='ltr'><strong>Maria</strong></span> <span class='ocrx_word' id='word_1_754' title='bbox 3501 5261 3633 5298; x_wconf 89' lang='lat' dir='ltr'><strong>vero</strong></span> 
     </span>
    </p>
   </div>
   <div class='ocr_carea' id='block_1_104' title="bbox 376 5338 3557 5416">
    <p class='ocr_par' dir='ltr' id='par_1_104' title="bbox 376 5338 3557 5416">
     <span class='ocr_line' id='line_1_104' title="bbox 376 5338 3557 5416; baseline -0.005 -13"><span class='ocrx_word' id='word_1_755' title='bbox 376 5345 620 5412; x_wconf 78' lang='grc' dir='ltr'>Κύριον.</span> <span class='ocrx_word' id='word_1_756' title='bbox 2063 5346 2190 5416; x_wconf 88' lang='lat' dir='ltr'><strong>quid</strong></span> <span class='ocrx_word' id='word_1_757' title='bbox 2219 5343 2459 5398; x_wconf 80' lang='lat' dir='ltr'><strong>ellatur?</strong></span> <span class='ocrx_word' id='word_1_758' title='bbox 2498 5341 2807 5412; x_wconf 76' lang='lat' dir='ltr'><strong>Magni/icui</strong></span> <span class='ocrx_word' id='word_1_759' title='bbox 2840 5341 3017 5394; x_wconf 84' lang='lat' dir='ltr'><strong>anima</strong></span> <span class='ocrx_word' id='word_1_760' title='bbox 3048 5356 3161 5393; x_wconf 84' lang='lat' dir='ltr'><strong>mea</strong></span> <span class='ocrx_word' id='word_1_761' title='bbox 3197 5338 3478 5391; x_wconf 68' lang='lat' dir='ltr'><strong>Dominum</strong></span> <span class='ocrx_word' id='word_1_762' title='bbox 3506 5343 3557 5388; x_wconf 67' lang='grc'><strong>1.</strong></span> 
     </span>
    </p>
   </div>
   <div class='ocr_carea' id='block_1_105' title="bbox 451 5426 1939 5508">
    <p class='ocr_par' dir='ltr' id='par_1_105' title="bbox 451 5434 1939 5508">
     <span class='ocr_line' id='line_1_105' title="bbox 451 5434 1939 5508; baseline -0.001 -18"><span class='ocrx_word' id='word_1_763' title='bbox 451 5438 555 5491; x_wconf 83' lang='lat' dir='ltr'><strong>lll&#39;.</strong></span> <span class='ocrx_word' id='word_1_764' title='bbox 595 5435 705 5489; x_wconf 73' lang='grc' dir='ltr'>Καὶ</span> <span class='ocrx_word' id='word_1_765' title='bbox 739 5434 955 5508; x_wconf 80' lang='grc' dir='ltr'>πρῶτον</span> <span class='ocrx_word' id='word_1_766' title='bbox 1003 5435 1280 5489; x_wconf 86' lang='grc' dir='ltr'>δείκνυσιν</span> <span class='ocrx_word' id='word_1_767' title='bbox 1318 5437 1399 5490; x_wconf 84' lang='grc' dir='ltr'>ὃτι</span> <span class='ocrx_word' id='word_1_768' title='bbox 1429 5435 1677 5491; x_wconf 80' lang='grc' dir='ltr'>πιστεύει</span> <span class='ocrx_word' id='word_1_769' title='bbox 1708 5439 1823 5499; x_wconf 85' lang='grc' dir='ltr'>τοῖς</span> <span class='ocrx_word' id='word_1_770' title='bbox 1857 5435 1939 5488; x_wconf 90' lang='grc' dir='ltr'>λα-</span> 
     </span>
    </p>
   </div>
   <div class='ocr_carea' id='block_1_106' title="bbox 2039 5426 3630 5508">
    <p class='ocr_par' dir='ltr' id='par_1_106' title="bbox 2137 5426 3630 5506">
     <span class='ocr_line' id='line_1_106' title="bbox 2137 5426 3630 5506; baseline -0.008 -17"><span class='ocrx_word' id='word_1_771' title='bbox 2137 5433 2329 5492; x_wconf 80' lang='lat' dir='ltr'><strong>XVIII.</strong></span> <span class='ocrx_word' id='word_1_772' title='bbox 2378 5437 2456 5489; x_wconf 84' lang='lat' dir='ltr'><strong>Ac</strong></span> <span class='ocrx_word' id='word_1_773' title='bbox 2491 5436 2669 5506; x_wconf 89' lang='lat' dir='ltr'><strong>primo</strong></span> <span class='ocrx_word' id='word_1_774' title='bbox 2705 5433 2922 5502; x_wconf 83' lang='lat' dir='ltr'><strong>quidem</strong></span> <span class='ocrx_word' id='word_1_775' title='bbox 2949 5433 3074 5486; x_wconf 88' lang='lat' dir='ltr'><strong>dum</strong></span> <span class='ocrx_word' id='word_1_776' title='bbox 3103 5432 3272 5485; x_wconf 85' lang='lat' dir='ltr'><strong>dicit:</strong></span> <span class='ocrx_word' id='word_1_777' title='bbox 3321 5426 3630 5497; x_wconf 70' lang='lat' dir='ltr'><strong>Hagniﬁcat</strong></span> 
     </span>
    </p>
   </div>
   <div class='ocr_carea' id='block_1_107' title="bbox 379 5520 1939 5601">
    <p class='ocr_par' dir='ltr' id='par_1_107' title="bbox 379 5528 1939 5601">
     <span class='ocr_line' id='line_1_107' title="bbox 379 5528 1939 5601; baseline 0.001 -22"><span class='ocrx_word' id='word_1_778' title='bbox 379 5529 625 5601; x_wconf 84' lang='grc' dir='ltr'>ληθεῖσιν</span> <span class='ocrx_word' id='word_1_779' title='bbox 648 5530 786 5599; x_wconf 83' lang='grc' dir='ltr'>αὐτῇ</span> <span class='ocrx_word' id='word_1_780' title='bbox 817 5529 906 5583; x_wconf 85' lang='grc' dir='ltr'><strong>διὰ</strong></span> <span class='ocrx_word' id='word_1_781' title='bbox 928 5529 1012 5591; x_wconf 88' lang='grc' dir='ltr'>τὸ,</span> <span class='ocrx_word' id='word_1_782' title='bbox 1046 5531 1326 5596; x_wconf 82' lang='grc' dir='ltr'>Μακαρία</span> <span class='ocrx_word' id='word_1_783' title='bbox 1352 5531 1391 5598; x_wconf 74' lang='grc' dir='ltr'><strong>’ἡ</strong></span> <span class='ocrx_word' id='word_1_784' title='bbox 1429 5532 1838 5596; x_wconf 84' lang='grc' dir='ltr'>πιστεύσασα,</span> <span class='ocrx_word' id='word_1_785' title='bbox 1867 5528 1939 5582; x_wconf 57' lang='grc' dir='ltr'>ὅτη</span> 
     </span>
    </p>
   </div>
   <div class='ocr_carea' id='block_1_108' title="bbox 2039 5520 3631 5601">
    <p class='ocr_par' dir='ltr' id='par_1_108' title="bbox 2065 5520 3631 5594">
     <span class='ocr_line' id='line_1_108' title="bbox 2065 5520 3631 5594; baseline -0.007 -11"><span class='ocrx_word' id='word_1_786' title='bbox 2065 5532 2247 5583; x_wconf 84' lang='lat' dir='ltr'><strong>anima</strong></span> <span class='ocrx_word' id='word_1_787' title='bbox 2277 5545 2391 5583; x_wconf 87' lang='lat' dir='ltr'><strong>mea</strong></span> <span class='ocrx_word' id='word_1_788' title='bbox 2429 5528 2735 5594; x_wconf 85' lang='lat' dir='ltr'><strong>Dominum,</strong></span> <span class='ocrx_word' id='word_1_789' title='bbox 2789 5525 3020 5582; x_wconf 88' lang='lat' dir='ltr'><strong>ostendit</strong></span> <span class='ocrx_word' id='word_1_790' title='bbox 3045 5540 3104 5580; x_wconf 86' lang='lat' dir='ltr'><strong>se</strong></span> <span class='ocrx_word' id='word_1_791' title='bbox 3142 5525 3297 5580; x_wconf 84' lang='lat' dir='ltr'><strong>tidem</strong></span> <span class='ocrx_word' id='word_1_792' title='bbox 3333 5521 3398 5576; x_wconf 87' lang='lat' dir='ltr'><strong>iis</strong></span> <span class='ocrx_word' id='word_1_793' title='bbox 3431 5520 3631 5575; x_wconf 85' lang='lat' dir='ltr'><strong>habere</strong></span> 
     </span>
    </p>
   </div>
   <div class='ocr_carea' id='block_1_109' title="bbox 445 5639 1991 5708">
    <p class='ocr_par' dir='ltr' id='par_1_109' title="bbox 445 5639 1991 5708">
     <span class='ocr_line' id='line_1_109' title="bbox 445 5639 1991 5708; baseline -0.001 -12"><span class='ocrx_word' id='word_1_794' title='bbox 445 5650 470 5678; x_wconf 78' lang='grc' dir='ltr'>α</span> <span class='ocrx_word' id='word_1_795' title='bbox 502 5641 633 5696; x_wconf 82' lang='lat' dir='ltr'><strong>Luc.</strong></span> <span class='ocrx_word' id='word_1_796' title='bbox 663 5657 706 5708; x_wconf 87' lang='grc' dir='ltr'><strong>ι,</strong></span> <span class='ocrx_word' id='word_1_797' title='bbox 735 5641 826 5694; x_wconf 75' lang='grc'><strong>45.</strong></span> <span class='ocrx_word' id='word_1_798' title='bbox 891 5649 916 5677; x_wconf 72' lang='grc' dir='ltr'><strong>ν</strong></span> <span class='ocrx_word' id='word_1_799' title='bbox 948 5639 1080 5697; x_wconf 87' lang='lat' dir='ltr'><strong>ibid.</strong></span> <span class='ocrx_word' id='word_1_800' title='bbox 1152 5639 1241 5694; x_wconf 76' lang='grc'><strong>45.</strong></span> <span class='ocrx_word' id='word_1_801' title='bbox 1305 5654 1330 5681; x_wconf 72' lang='grc' dir='ltr'><strong>κ</strong></span> <span class='ocrx_word' id='word_1_802' title='bbox 1366 5641 1494 5696; x_wconf 86' lang='lat' dir='ltr'><strong>ibid.</strong></span> <span class='ocrx_word' id='word_1_803' title='bbox 1526 5643 1616 5699; x_wconf 76' lang='grc'><strong>55.</strong></span> <span class='ocrx_word' id='word_1_804' title='bbox 1694 5650 1723 5690; x_wconf 70' lang='grc' dir='ltr'><em>Τ</em></span> <span class='ocrx_word' id='word_1_805' title='bbox 1747 5641 1876 5695; x_wconf 85' lang='lat' dir='ltr'><strong>ibid.</strong></span> <span class='ocrx_word' id='word_1_806' title='bbox 1901 5640 1991 5696; x_wconf 67' lang='grc'><strong>47.</strong></span> 
     </span>
    </p>
   </div>
   <div class='ocr_carea' id='block_1_110' title="bbox 1664 5757 2336 5817">
    <p class='ocr_par' dir='ltr' id='par_1_110' title="bbox 1664 5757 2336 5817">
     <span class='ocr_line' id='line_1_110' title="bbox 1664 5757 2336 5817; baseline 0 0"><span class='ocrx_word' id='word_1_807' title='bbox 1664 5760 1897 5817; x_wconf 72' lang='grc' dir='ltr'>γΑῐὶΙίΕ</span> <span class='ocrx_word' id='word_1_808' title='bbox 1932 5757 2336 5817; x_wconf 64' lang='lat' dir='ltr'><strong>LECTIO&#39;NES.</strong></span> 
     </span>
    </p>
   </div>
   <div class='ocr_carea' id='block_1_111' title="bbox 461 5849 1379 5928">
    <p class='ocr_par' dir='ltr' id='par_1_111' title="bbox 461 5849 1379 5928">
     <span class='ocr_line' id='line_1_111' title="bbox 461 5849 1379 5928; baseline 0.002 -21"><span class='ocrx_word' id='word_1_809' title='bbox 461 5849 502 5884; x_wconf 83' lang='lat'>&quot;</span> <span class='ocrx_word' id='word_1_810' title='bbox 531 5849 664 5908; x_wconf 83' lang='lat' dir='ltr'><strong>Cod.</strong></span> <span class='ocrx_word' id='word_1_811' title='bbox 695 5849 808 5907; x_wconf 86' lang='grc' dir='ltr'>ἀλλ’</span> <span class='ocrx_word' id='word_1_812' title='bbox 844 5853 898 5923; x_wconf 84' lang='grc' dir='ltr'>ή.</span> <span class='ocrx_word' id='word_1_813' title='bbox 977 5853 1020 5886; x_wconf 74' lang='grc'><strong>⁸⁸</strong></span> <span class='ocrx_word' id='word_1_814' title='bbox 1045 5852 1178 5910; x_wconf 88' lang='lat' dir='ltr'><strong>Cod.</strong></span> <span class='ocrx_word' id='word_1_815' title='bbox 1220 5853 1379 5928; x_wconf 75' lang='grc' dir='ltr'>αὐτῇ.</span> 
     </span>
    </p>
   </div>
  </div>
