4164 6556
682 460 783 522 787

1628 416 2039 521 ANTIPATRI
2078 461 2228 523 BOS?

2327 461 2543 522 ENSIS
2584 455 2921 519 EPISCOPI
3773 456 3885 519 1788

650 591 771 643 qua:
800 576 945 629 dicta
978 575 1080 630 sibi
1111 573 1327 629 fuerant
1361 590 1459 645 per
1487 575 1616 628 illud
1641 593 1656 629 :
1715 574 1883 629 Beata
1912 593 2027 645 quw
2051 576 2218 629 Credi-

2327 576 2489 631 ἔσται
2520 576 2829 637 τελείωσις
2866 570 2992 638 τοῖς
3020 569 3385 637 λαληθεῖσιν
3425 564 3585 635 αὐτῇ
3623 568 3770 632 παρὰ
3794 574 3887 625 Κυ.

651 669 801 731 dixti,
852 668 1102 736 quoniam
1150 667 1491 736 perﬁciantur
1528 683 1644 734 qua:
1699 667 1839 719 dicta
1879 677 2000 720 sunt
2048 666 2142 720 tibi
2188 686 2220 721 a

651 759 880 811 Domino
908 768 953 811 ι.
994 758 1198 813 Deinde
1246 774 1353 813 non
1406 760 1618 813 beatam
1670 759 1911 812 vicissim
1964 760 2222 828 praedicat

654 848 951 911 Elisabeth,
987 864 1054 902 ne
1087 848 1358 917 cquuari
1395 864 1459 903 ea
1500 849 1835 911 viderentur,
1870 863 1990 916 qua:
2025 849 2220 902 mirum

652 949 918 1009 quantum
956 940 1184 994 invicem
1215 940 1485 999 differant.
1542 942 1714 1007 Quam
1749 941 1892 994 enim
1942 954 2223 1009 compara-

656 1032 856 1085 tionem
890 1045 1080 1086 servus
1102 1033 1169 1086 ad
1209 1033 1511 1093 dominum,
1541 1047 1638 1086 seu
1680 1046 1911 1100 persona
1943 1032 2129 1085 militis
2156 1031 2223 1086 ad

652 1123 858 1189 regiam
886 1123 1221 1189 majestatem
1262 1124 1424 1178 habet
1452 1125 1475 1176 ?
1503 1124 1768 1189 Quocirca
1801 1124 1971 1177 beata:
2004 1122 2222 1190 quidem

654 1212 771 1279 ipsa
802 1214 1240 1282 pranlicationem
1283 1215 1465 1278 liabet,
1527 1216 1626 1269 sed
1676 1213 1851 1268 laudis
1883 1214 2110 1284 gloriam
2168 1213 2223 1267 in

653 1303 945 1357 Dominum
1007 1304 1195 1370 refert,
1256 1307 1479 1361 dicens:
1540 1304 1858 1375 Magniﬁcat
1899 1306 2077 1358 anima
2108 1321 2224 1359 mea

654 1395 963 1449 Dominum.
1002 1395 1448 1465 Quandoquidem
1473 1397 1616 1452 enim
1648 1407 1845 1465 praeter
1875 1411 2222 1451 communem

652 1497 868 1540 natura:
916 1488 1160 1542 ordinem
1204 1490 1255 1541 in
1291 1500 1467 1555 utero,
1496 1489 1648 1558 virgo
1691 1488 1977 1552 exsistens,
2026 1504 2225 1557 corpo-

656 1578 846 1632 raliter
875 1590 1219 1647 conceperat,
1250 1580 1627 1649 corporaliter,
1664 1580 1909 1649 inquam,
1942 1581 2141 1651 quippe
2170 1581 2226 1635 in

654 1686 901 1739 corpore,
936 1671 1031 1724 sed
1088 1672 1466 1740 spiritualiter,
1528 1672 1651 1740 quia
1702 1673 1824 1726 sine
1858 1672 1962 1725 viri
1987 1687 2227 1727 commu-

655 1762 857 1827 nione;
893 1769 1132 1815 attamen
1165 1763 1418 1829 quoniam
1456 1763 1508 1815 in
1532 1778 1757 1831 corpore
1788 1763 2055 1831 completa
2108 1763 2224 1816 fue-

658 1861 748 1906 rat
786 1853 1106 1907 admiranda
1132 1852 1219 1905 illa
1253 1852 1606 1920 dispensatio,
1647 1855 1761 1921 ipsa
1799 1854 1933 1907 dicit
1964 1872 1977 1907 :
2019 1853 2229 1923 Magni-

2321 670 2479 736 ρίου,
2511 667 2825 735 φάσκουσα·
2858 664 3197 734 Μεγαλύνει
3236 663 3273 730 ἡ
3303 659 3491 731 ψυχή
3527 675 3647 727 μου
3682 660 3781 710 τὸν
3802 663 3889 715 Κύ-

2321 776 2476 827 ριον.
2508 759 2737 811 Ἔπειτα
2772 758 2874 810 οὐκ
2918 755 3224 810 ἀντιδίδωσι
3258 750 3653 824 μακαρισμὸν,
3702 752 3784 803 ἵνα
3828 754 3889 825 μὴ

2327 847 2422 904 ἶσα
2474 851 2697 919 γένηται
2743 850 2810 903 τὰ.
2841 848 3169 920 πράγματα,
3224 847 3490 899 πλεῖστον
3540 844 3664 895 ὅσον
3706 842 3890 914 διεστηο

2331 942 2464 995 κὸτα
2493 944 2556 996 ⁷³⁵.
2583 943 2751 995 Ποίαν
2778 941 2886 1012 γὰρ
2933 939 3044 1010 ἔχει
3095 938 3388 1010 σύγκρισιν
3434 934 3627 997 δοῦλος
3657 935 3784 1004 πρὸς
3814 937 3889 990 τὸν

2329 1034 2616 1104 δεσπότην,
2646 1035 2678 1103 ἢ
2715 1031 3106 1104 στρατιωτικὸν
3138 1030 3441 1102 πρόσωπον
3489 1026 3628 1096 πρὸς
3658 1025 3892 1094 βασιλέως

2332 1124 2548 1192 ἀξίωμα
2573 1140 2588 1190 ;
2615 1123 2780 1179 Ὅθεν
2829 1121 3194 1193 μακαρίζεται
3230 1120 3351 1190 μὲν,
3387 1115 3714 1185 ἀναπέμπει
3742 1116 3793 1168 δὲ
3828 1120 3892 1180 είς

2330 1217 2419 1269 τὸν
2453 1218 2656 1287 Κύριον
2694 1218 2794 1285 τὴν
2829 1215 3156 1282 δοξολογίαν,
3198 1213 3528 1280 φάσκουσα·
3586 1210 3893 1275 Μεγαλύνει

2331 1310 2371 1375 ’ὴ
2414 1308 2583 1377 ψυχή
2615 1325 2733 1377 μου
2777 1306 2884 1361 τὸν
2928 1309 3170 1372 Κύριον.
3215 1302 3446 1370 Ἐπειδὴ
3494 1298 3604 1371 γὰρ
3656 1298 3893 1369 παρθένος

2331 1400 2465 1453 οὖσα
2494 1401 2551 1451 ὲν
2593 1399 2791 1468 γαστρί¹
2825 1395 3156 1468 σωματικῶς
3200 1395 3354 1465 παρὰ
3388 1392 3495 1463 τὴν
3542 1390 3728 1461 κοινὴν
3786 1409 3893 1452 συν-

2332 1490 2638 1561 ελάμὸανεν
2672 1490 2853 1557 φύσιν,
2892 1485 3223 1557 σωματικῶς
3244 1484 3461 1555 μέντοι,
3489 1484 3568 1544 ὡς
3600 1483 3658 1533 ἐν
3686 1479 3889 1551 σώματι,

2334 1580 2717 1651 πνευματικῶς
2734 1578 2811 1640 δὲ,
2826 1578 2907 1630 ὅτι
2922 1576 3050 1630 ἄνευ
3064 1574 3355 1635 κοινωνίας
3372 1588 3388 1601 ·
3412 1572 3569 1639 ὅμως
3590 1569 3645 1621 δὲ
3670 1569 3840 1638 ἐπειδὴ
3857 1572 3892 1599 ²⁶

2337 1674 2395 1726 ὲν
2454 1672 2663 1742 σώματι
2702 1670 2915 1738 ἐγένετο
2956 1669 3018 1722 τὸ
3068 1665 3399 1737 παραδόξως
3443 1661 3891 1732 οἰκονομούμενοι),

2334 1764 2529 1834 φησίν·
2573 1761 2909 1831 Μεγαλύνει
2956 1760 2994 1826 ἡ
3035 1758 3204 1827 ψυχή
3231 1774 3353 1825 μου
3388 1754 3503 1806 τὸν
3532 1754 3766 1820 Κύριον.
3796 1753 3893 1806 Κᾶν

2334 1856 2443 1924 γὰρ
2472 1855 2528 1907 ἐν
2555 1851 2631 1923 τῷ
2667 1851 2785 1922 ὲμῷ
2830 1852 3043 1919 σώματι
3095 1848 3390 1919 θαυμαστὰ
3451 1843 3894 1914 ἐπαγγειλάμενος

657 1944 785 2012 ﬁcat
805 1946 982 1998 anima
1010 1961 1121 1998 mea
1145 1944 1446 1998 Dominum.
1484 1945 1597 1999 Etsi
1620 1950 1785 2013 enim,
1819 1948 2013 2016 inquit,
2047 1949 2228 2017 utique

2331 1946 2463 2007 Θεὸς
2507 1944 2800 2015 ὲνεργὴσῃ,
2836 1941 2973 1994 ἀλλά
3023 1940 3086 2009 γέ
3135 1957 3261 2009 μου,
3296 1937 3494 2007 φησὶν.
3618 1936 3777 2004 ψυχὴ,
3810 1936 3894 1987 οὐκ

657 2036 710 2089 in
743 2037 1046 2090 substantia
1076 2036 1176 2089 hac
1203 2051 1320 2090 mea
1353 2051 1613 2105 corporea
1659 2038 1797 2091 Deus
1820 2053 1877 2093 se
1912 2038 2224 2093 admiranda

653 2125 975 2181 eli‘ecturum
1002 2128 1416 2196 signiﬁcaverit,
1439 2144 1503 2183 ac
1534 2144 1695 2198 porro
1717 2128 1976 2195 olfecerit,
2007 2139 2227 2185 atcerte

668 2230 851 2269 coram
885 2214 1111 2271 Domino
1130 2232 1302 2286 neque
1320 2218 1500 2271 anima
1534 2233 1649 2272 mea
1677 2229 1759 2271 est
1781 2217 1984 2273 fructus
2008 2234 2225 2286 expers.

657 2306 726 2360 Et
757 2321 886 2360 sane
921 2308 1215 2361 maximum
1250 2309 1468 2378 quidem
1521 2310 1780 2375 fructum,
1806 2320 1963 2379 prout
1994 2312 2107 2379 ipsa
2152 2312 2229 2365 in-

655 2400 903 2467 quiebas,
939 2401 1297 2466 oElisabetlt,
1356 2418 1551 2470 corpus
1617 2404 1918 2472 praebebit;
1977 2413 2031 2458 tu
2083 2405 2225 2459 enim

658 2492 789 2545 tnilti
817 2492 1039 2547 dixisti:
1071 2492 1391 2549 Benedictus
1422 2496 1624 2565 fructus
1641 2498 1836 2551 ventris
1860 2498 1979 2563 tui;
2014 2513 2227 2552 verum-

660 2594 838 2636 tamen
870 2582 1136 2650 ejusmodi
1167 2585 1377 2640 fructus
1408 2589 1619 2641 censeri
1650 2588 1792 2642 haud
1825 2599 2003 2658 potest
2038 2590 2090 2644 in
2126 2605 2225 2645 vo-

657 2674 884 2730 luntatis
914 2689 1047 2729 meae
1074 2685 1221 2731 recte
1251 2676 1434 2743 factis,
1458 2681 1551 2733 sed
1576 2694 1710 2748 opus
1732 2691 1815 2734 est
1840 2680 1933 2735 Dei
1966 2696 2084 2749 quae
2102 2691 2228 2735 sunt

658 2786 821 2838 supra
894 2781 1142 2823 naturam
1197 2772 1249 2825 in
1301 2787 1384 2825 me
1420 2773 1744 2826 mirabiliter
1790 2774 2090 2829 efficientis.
2124 2773 2228 2827 Par

655 2872 740 2917 es:
787 2874 965 2917 autem
1002 2872 1056 2917 ut
1113 2864 1275 2917 etiam
1312 2864 1609 2919 voluntatis
1653 2865 1883 2920 fructum
1914 2868 2223 2934 proferam;

655 2955 792 3007 adeo
829 2963 885 3007 ut
920 2969 1025 3007 non
1056 2955 1220 3007 modo
1253 2970 1453 3023 corpus
1489 2971 1666 3008 meum
1699 2956 2012 3020 fructiticet,
2043 2958 2138 3011 sed
2173 2966 2227 3011 et

657 3046 839 3099 anima
870 3061 988 3099 mea
1026 3044 1133 3099 Deo
1160 3047 1211 3099 in
1242 3061 1329 3099 me
1355 3048 1622 3101 mirabilia
1680 3049 1926 3115 operanti
1988 3047 2222 3102 fructum

659 3138 846 3191 libera:
877 3136 1168 3191 voluntatis
1226 3137 1416 3190 offerat
1448 3155 1465 3204 ;
1510 3138 1628 3192 ideo
1656 3139 1865 3206 inquit:
1920 3138 2225 3209 Magni/ient

655 3230 837 3282 anima
873 3244 986 3280 mea
1026 3226 1357 3290 Dominum;
1396 3228 1605 3282 scilicet
1636 3244 1738 3283 tt0tt
1790 3230 1950 3284 modo
2002 3244 2221 3297 corpus,

2333 2037 2479 2090 ἔστιν
2506 2037 2755 2106 ἄκαρπος
2799 2035 2933 2105 πρὸς
2969 2034 3059 2087 τὸν
3090 2032 3314 2104 Κύριον.
3345 2030 3424 2081 Τὸ
3465 2028 3569 2098 μὲν
3610 2029 3717 2097 γὰρ
3759 2027 3891 2096 σῶμα

2333 2130 2543 2200 καρπὸν
2596 2130 2851 2199 μέγιστον
2895 2129 3037 2181 κατὰ
3068 2126 3157 2178 τὸν
3206 2125 3318 2187 σὸν,
3372 2122 3569 2192 φησὶν,
3616 2119 3889 2183 Ἐλισὰϐετ,

2332 2223 2488 2291 λόγον
2532 2221 2851 2291 προσοίσει·
2888 2221 2952 2272 σὺ
2991 2219 3099 2288 γαρ
3135 2235 3226 2287 μοι
3277 2216 3469 2283 ἔλεγες
3498 2231 3512 2244 ·
3548 2213 3835 2279 Μακάριος
3864 2217 3890 2265 ὁ

2333 2314 2563 2383 καρπὸς
2598 2313 2706 2380 τῆς
2754 2312 2986 2377 κοιλίας
3012 2328 3128 2363 σου
3157 2326 3172 2341 ·
3203 2308 3317 2362 ἀλλ’
3348 2310 3505 2378 ὅμως
3551 2298 3703 2366 οὗτος
3731 2307 3755 2357 ὁ
3779 2322 3889 2374 καρ-

2334 2408 2434 2469 πὸς
2454 2408 2514 2459 οὐ
2543 2406 2641 2475 τῆς
2665 2404 2805 2473 ἐμῆς
2836 2403 3205 2474 προαιρέσεως
3236 2398 3601 2469 κατόρθωμα,
3626 2397 3758 2449 ἀλλὰ
3777 2396 3888 2448 Θεοῦ

2332 2498 2427 2552 τοῦ
2473 2495 3015 2567 θαυματουργοῦντος
3042 2494 3100 2546 ἐν
3140 2492 3262 2561 ἐμοὶ
3289 2492 3358 2543 τὰ
3404 2489 3552 2559 ὑπὲρ
3588 2488 3761 2556 φύσιν.
3788 2488 3886 2557 Χρὴ

2333 2592 2389 2644 δέ
2444 2608 2508 2660 με
2556 2590 2650 2642 καὶ
2684 2588 3055 2661 προαιρέσεως
3103 2583 3318 2655 καρπὸν
3365 2582 3783 2654 προσενεγκεῖν·
3816 2580 3885 2631 ἵνα

2337 2681 2412 2751 μὴ
2443 2681 2601 2751 μόνον
2632 2680 2693 2732 τὸ
2741 2678 2903 2749 σῶμά
2949 2695 3052 2747 μου
3101 2676 3531 2748 καρποφορήσῃ,
3580 2672 3713 2725 ἀλλὰ
3752 2671 3882 2739 καὶὴ

2332 2774 2476 2844 ψυχή
2508 2789 2607 2844 μου
2630 2772 2721 2824 τὸν
2740 2770 3117 2841 προαιρετικὸν
3140 2767 3448 2840 καρπὸντῷ
3475 2770 3533 2819 ὲν
3557 2767 3678 2835 ἐμοὶ
3698 2765 3884 2832 Θαυμα-

2333 2865 2652 2936 τουργοῦντι
2676 2863 2794 2933 Θεῷ
2813 2862 3138 2931 προσαγάγῃ
3161 2880 3174 2893 ·
3197 2862 3291 2914 καί
3316 2877 3454 2930 φησι
3481 2877 3495 2891 ·
3520 2858 3881 2927 Μεταλύνειή

2332 2957 2502 3026 ψυχή
2530 2972 2650 3025 μου
2678 2956 2785 3009 τὸν
2804 2956 3049 3024 Κύριον·
3075 2956 3135 3007 οὐ
3170 2958 3329 3025 μόνον
3360 2956 3423 3005 τὸ
3447 2952 3632 3022 σῶμα,
3664 2949 3884 3004 ἀλλὰκαὶ

2334 3050 2367 3118 ἡ
2399 3048 2544 3117 ψυχή
2582 3064 2703 3117 μου.
2736 3048 2901 3099 ’Ὅσον
2950 3047 3058 3116 γὰρ
3090 3044 3479 3116 ὐηρετοῦμαι
3518 3043 3733 3113 μεγάλῳ
3771 3040 3880 3092 θαύ-

2336 3156 2465 3208 ματι
2486 3140 2580 3191 καὶ
2609 3137 3016 3209 κατορθώματι,
3042 3136 3291 3191 τοσοῦτον
3314 3137 3520 3205 ὀφείλω
3544 3134 3730 3207 πρώτῃ
3758 3132 3882 3199 δοξά·

2333 3230 2447 3295 ζειν
2480 3232 2571 3284 τὸν
2603 3233 2659 3284 ὲν
2690 3233 2814 3300 ἐμοὶ
2842 3232 3120 3303 παράδοξα
3151 3231 3507 3300 ἐνεργοῦντα.

657 3318 751 3370 sed
788 3318 952 3370 etiam
983 3318 1163 3370 anima
1189 3331 1328 3369 mea.
1364 3317 1636 3382 Quantum
1686 3317 1829 3371 enim
1897 3318 2177 3372 deservire
2244 3328 2297 3373 et
2338 3321 2538 3390 ingenti
2595 3322 2858 3375 miraculo
2905 3332 2960 3376 et
3016 3331 3164 3376 recte
3211 3321 3374 3376 factis
3433 3320 3568 3375 mibi
3621 3320 3878 3386 contingit,

660 3412 993 3465 tantumdem
1047 3410 1353 3479 gloriﬁcare
1403 3424 1548 3476 eum,
1606 3411 1695 3480 qtti
1752 3394 2014 3481 operatur
2046 3412 2216 3467 inme
2258 3423 2528 3482 portenta,
2560 3426 2687 3468 ante
2721 3415 2905 3467 outnia
2933 3416 3125 3469 debeo.

727 3501 870 3557 XIX.
902 3499 973 3554 Et
1022 3502 1303 3557 exsultavit
1336 3502 1555 3567 spiritus
1584 3519 1728 3556 meus
1771 3505 1824 3555 in
1864 3502 1971 3558 Deo
2004 3504 2231 3558 salutari
2258 3513 2301 3568 C

656 3607 867 3661 meae;
924 3609 1076 3649 meus
1127 3594 1273 3647 enim
1315 3593 1569 3647 Salvator
1624 3594 1766 3649 Deus
1826 3604 1929 3649 est.
1995 3594 2228 3663 Spiritus

658 3706 827 3754 meus,
853 3687 1049 3757 duplici
1099 3686 1306 3741 scilicet
1336 3689 1553 3742 nomine
1579 3688 1826 3757 designat
1864 3702 2015 3742 suam
2060 3688 2230 3756 ipsius

658 3781 915 3834 animam.
960 3778 1283 3844 Exsultavit,
1347 3780 1538 3847 inquit,
1587 3781 1802 3847 spiritus
1860 3796 2049 3843 meus;
2095 3795 2230 3848 quo-

661 3872 807 3925 niam
844 3880 953 3924 tam
980 3870 1174 3941 amplis
1208 3871 1365 3925 donis
1398 3871 1559 3937 digna
1592 3871 1814 3926 habeor.
1844 3869 1912 3924 In
1940 3871 2049 3924 Deo
2085 3871 2231 3924 salu-

660 3964 768 4017 tari
794 3979 927 4027 meo,
962 3964 1064 4017 hoc
1095 3973 1197 4028 est,
1231 3961 1376 4018 Deus
1402 3964 1602 4015 mundo
1656 3961 1991 4017 Salvatorem
2039 3977 2104 4017 ex
2147 3979 2231 4018 me

660 4058 909 4124 largitur.

733 4144 875 4209 Quia
923 4145 1142 4211 respexit
1197 4143 1550 4198 humilitatem
1601 4144 1809 4196 ancilla:
1840 4145 2037 4198 suwb.
2088 4144 2227 4209 Quid

660 4236 950 4289 enimsunt
986 4252 1105 4303 ego,
1134 4235 1177 4288 si
1201 4251 1321 4289 cum
1370 4246 1516 4289 tanto
1570 4250 1732 4304 opere
1771 4234 2071 4291 conferor?
2110 4234 2227 4304 Ipse

666 4331 948 4397 respexit;
983 4345 1081 4400 ego
1129 4346 1194 4383 ne
1232 4314 1505 4398 suspicata
1542 4330 1755 4397 quidem
1801 4329 1852 4384 id
1908 4346 2065 4393 sum;
2109 4345 2232 4381 nam

663 4422 873 4490 abjecta
904 4437 1003 4490 ego
1038 4437 1185 4475 erant
1222 4432 1274 4476 et
1304 4430 1633 4490 contempta,
1666 4436 1764 4475 nec
1792 4421 1936 4474 aliud
1960 4422 2233 4489 quidpiam

584 4543 587 4546 ν
660 4512 907 4580 cogitare
937 4521 1177 4580 poteram
1211 4522 1568 4581 praeterquam
1602 4513 1777 4565 virum
1828 4513 2147 4577 advenisse;
2182 4524 2236 4567 at

663 4622 761 4673 pro
816 4605 933 4658 viro
994 4604 1304 4672 supervenit
1358 4605 1592 4673 Spiritus
1648 4618 1905 4660 sanctus:
1949 4620 1979 4659 e
2011 4616 2150 4659 terra
2184 4608 2234 4659 in

2404 3506 2498 3560 16'.
2529 3506 2640 3560 Kal
2673 3507 3009 3577 ἠγαλλίασε
3042 3505 3109 3559 τὸ
3137 3505 3375 3574 πνεῦμά
3401 3522 3524 3574 μου
3544 3502 3655 3557 ἐπὶ
3676 3500 3748 3566 τῷ
3779 3501 3879 3566 Θεῷ

2337 3596 2417 3662 τῷ
2454 3597 2682 3667 Σωτῆρί
2710 3616 2829 3667 μου
2856 3615 2871 3630 ·
2901 3599 3094 3668 Σωτήρ
3134 3615 3235 3667 μου
3264 3598 3374 3668 γάρ
3412 3599 3564 3649 ἐστιν
3591 3598 3619 3648 ὁ
3652 3593 3792 3655 Θεός.
3822 3592 3878 3645 Τὸ

2335 3690 2481 3758 ἐμὸν
2508 3690 2745 3758 πνεῦμα
2766 3706 2781 3721 ·
2827 3690 3018 3752 διττῶς
3051 3689 3393 3759 ὀνομάζουσα
3425 3690 3526 3759 τὴν
3575 3686 3765 3754 ἑαυτῆς
3793 3684 3876 3752 ψυ-

2337 3782 2457 3852 χήν.
2512 3782 2927 3849 Ἠγαλλίασεν,
2957 3783 3111 3850 φησι,
3149 3781 3213 3834 τὸ
3238 3782 3478 3851 πνεῦμά
3501 3796 3649 3850 μου·
3683 3777 3873 3842 ἐπειδὴ·

2337 3891 2444 3943 περ
2465 3873 2723 3927 τοιούτων
2751 3873 3137 3945 καταξιοῦμαι.
3164 3874 3288 3927 Ἐπί
3317 3874 3396 3939 τῷ
3427 3874 3550 3939 Θεῷ
3574 3872 3651 3937 τῷ
3680 3868 3874 3935 Σωτῆρι

2329 3982 2470 4033 μου,
2501 3966 2528 4015 ὃ
2555 3967 2721 4029 ἐστιν,
2749 3968 2776 4019 ὀ
2809 3965 2942 4030 Θεὸς
2972 3967 3198 4037 Σωτῆρα
3233 3967 3293 4032 ἐξ
3324 3966 3464 4036 ἐμοῦ
3495 3966 3571 4036 τῷ
3597 3968 3775 4033 κόσμῳ
3795 3978 3871 4030 xa-

2334 4054 2633 4125 ριζόμενος.

2406 4145 2535 4197 Ὅτι
2578 4144 2915 4215 ἐπέϐλεψεν
2954 4146 3052 4199 ἐπὶ
3087 4146 3201 4213 δὴν
3233 4147 3597 4200 ταπείνωσιν
3632 4144 3737 4212 τῆς
3759 4143 3868 4195 δού-

2331 4240 2447 4302 λης
2472 4236 2658 4291 αὐτοῦ
2698 4240 2762 4291 ²¹.
2804 4239 2901 4301 Τίς
2929 4240 3037 4310 γὰρ
3069 4241 3184 4309 εἰμι
3217 4240 3327 4306 ἐγὼ
3361 4240 3499 4310 πρὸς
3526 4237 3766 4291 τοσοῦτον
3798 4235 3869 4304 ξρ-

2332 4345 2460 4396 γον;
2495 4328 2665 4391 Αὐτὸς
2705 4327 3035 4396 ἐπέϐλεψεν·
3072 4330 3171 4381 οὑκ
3211 4329 3322 4397 ἐγὼ
3352 4329 3755 4399 προσεδόκησα·
3792 4340 3871 4375 ταί

2333 4420 2492 4491 πεινὴ
2517 4422 2624 4492 γὰρ
2646 4423 2816 4490 ἥμην,
2841 4422 3231 4493 ἁπερῤιμμὲνη
3262 4424 3327 4488 ¹’,
3354 4422 3507 4475 οὐδὲν
3534 4421 3711 4490 ἕτερον
3737 4419 3868 4469 ἐπεκ-

2331 4514 2615 4583 δεχομένη,
2657 4514 2689 4581 ἢ
2733 4513 2925 4582 ἀνδρὸς
2968 4514 3305 4584 παρουσίαν·
3336 4514 3461 4567 ἀντὶ
3514 4511 3697 4581 ἀνδρὸς
3724 4508 3866 4573 ἀπέρ-

2332 4622 2485 4674 χεται
2512 4604 2728 4673 Πνεῦμα
2750 4605 2902 4672 ἆγιον
2921 4620 2936 4635 ⁸
2965 4606 3071 4658 ἀπὸ
3093 4606 3197 4675 γῆς
3214 4607 3295 4669 εἰς
3319 4607 3548 4675 οὐρανὸν
3573 4600 3864 4673 μεταδαίνων

662 4698 858 4751 malum
891 4706 1128 4759 transeo,
1158 4704 1212 4749 et
1247 4697 1312 4749 ad
1354 4697 1773 4750 tninistrantlutn
1832 4697 2085 4750 incliabili
2121 4699 2228 4751 dis-

2334 4696 2428 4748 καὶ
2453 4696 2532 4757 εὶς
2558 4695 2797 4766 ἄρρητον
2822 4697 3134 4766 οἰκονομίαν
3166 4698 3395 4766 ἕλκομαι
3416 4716 3429 4727 ·
3462 4698 3548 4750 διὰ
3574 4696 3740 4755 τοῦτο,
3781 4690 3866 4741 ἑπ-

664 4786 965 4854 pensationi
999 4786 1256 4842 asciscor.
1298 4785 1608 4854 Propterea,
1639 4789 1859 4855 respexit
1884 4786 2229 4841 humilitatem

661 4877 869 4929 ancilla:
894 4894 1024 4930 suw.
1162 4862 1169 4867 ’

737 4967 853 5020 XX.
889 4967 1023 5021 Ecce
1056 4969 1192 5021 enim
1218 4984 1283 5020 ex
1323 4967 1418 5019 hoc
1467 4968 1671 5020 beatam
1717 4985 1796 5021 me
1829 4971 1999 5022 dicent
2052 4986 2227 5022 omnes

663 5060 1025 5129 generationes
1052 5071 1076 5097 ο
1098 5102 1117 5119 .
1191 5059 1256 5113 Ει
1282 5075 1341 5114 se
1372 5060 1486 5128 ipsa
1523 5061 1738 5114 beatam
1772 5062 2026 5129 praedicat
2054 5081 2069 5127 ;
2122 5077 2227 5114 non

664 5152 819 5219 quasi
878 5168 943 5206 ex
992 5168 1087 5205 ore
1147 5154 1365 5222 proprio
1401 5156 1645 5222 loquens,
1698 5154 1789 5207 sed
1838 5153 1903 5207 ad
1956 5154 2225 5222 specimen

667 5242 906 5311 Spiritus
950 5243 1144 5304 sancti,
1198 5242 1288 5310 qui
1337 5242 1388 5295 in
1439 5258 1558 5295 eam
1621 5252 2028 5311 supervenerat,
2060 5242 2217 5297 verba

669 5332 801 5385 facit
834 5347 899 5387 ac
949 5332 1296 5398 vaticinatur,
1356 5334 1637 5401 inquiens:
1691 5333 1823 5388 Ecce
1851 5335 1981 5387 enim
2024 5351 2088 5386 ea:
2130 5343 2219 5395 hac

668 5426 870 5478 beatam
907 5439 988 5477 me
1008 5424 1178 5478 dicent
1203 5442 1377 5479 omnes
1435 5426 1815 5495 generationes,
1860 5430 2050 5479 nedum
2087 5439 2213 5493 pro-

735 5523 758 5552 ³
782 5514 916 5568 Luc.
948 5530 986 5580 ι,
1013 5514 1102 5569 45.
1179 5526 1205 5555 δ
1231 5517 1357 5570 ibid.
1392 5516 1470 5568 Π.
1546 5515 1572 5554 b
1605 5517 1730 5569 ibid.
1766 5514 1854 5569 48.
1920 5526 1942 5553 ε
1974 5514 2102 5567 ibid.

2336 4788 2595 4855 ἐϐλεψεν
2648 4788 2749 4842 ἐπὶ
2806 4787 2923 4855 τὴν
2959 4791 3322 4843 ταπείνωσιν
3360 4790 3471 4855 τῆς
3517 4788 3730 4852 δούλης
3775 4783 3864 4834 αὐ-

2335 4880 2441 4934 τοῦ
2466 4880 2532 4933 ’³.

2408 4970 2491 5023 K'.
2535 4970 2689 5024 Ἰδοὺ
2724 4970 2830 5039 γὰρ
2863 4970 2979 5023 ἀπὸ
3013 4971 3120 5024 τοῦ
3159 4971 3276 5023 νῦν
3297 4968 3653 5040 μακαριοῦσί
3676 4982 3744 5034 με
3768 4960 3861 5015 πᾶ·

2339 5080 2439 5119 σαι
2465 5064 2525 5113 al
2556 5062 2774 5129 γενεαί.
2797 5062 2903 5113 Καὶ
2934 5063 3132 5130 ἑαυτὴν
3167 5062 3491 5131 μακαρίζει·
3522 5059 3617 5112 οὑκ
3639 5059 3696 5108 ἐκ
3721 5050 3861 5121 γλώτ-

2331 5164 2429 5211 της
2454 5149 2709 5217 λαλοῦσα,
2750 5150 2885 5204 ἀλλὰ
2928 5152 2988 5205 τὸ
3024 5151 3204 5220 γεῦμα
3243 5151 3338 5203 τοῦ
3381 5152 3535 5219 ἁγίου
3561 5145 3854 5215 Πνεύματος.

2333 5242 2425 5292 τοῦ
2478 5241 2795 5305 ἐπελθόντος
2842 5244 3003 5313 αὐτῇ,
3068 5244 3418 5315 παρεχομένη
3457 5245 3521 5309 ’³,
3553 5240 3640 5293 καί
3680 5249 3857 5304 προφη-

2336 5332 2565 5385 τεύουσά
2594 5349 2779 5403 φησιν·
2813 5334 2968 5386 Ἰδοὺ
3001 5334 3109 5402 γὰρ
3132 5336 3250 5388 ἀπὸ
3276 5335 3382 5388 τοῦ
3402 5335 3515 5388 νῦν
3535 5320 3857 5401 μακαριοῦσι

2334 5438 2409 5491 με
2438 5420 2623 5481 πᾶσαι
2685 5426 2745 5493 ai
2770 5425 2990 5492 γενεαί,
3026 5429 3083 5495 οὐ
3122 5428 3185 5479 σὺ
3219 5426 3283 5496 δὴ
3319 5427 3474 5498 μόνη.
3508 5424 3633 5479 Ποία
3657 5419 3750 5487 γὰρ
3776 5429 3852 5481 γε·

1942 5605 2171 5659 νΑΒἘ
2216 5600 2614 5656 LECTIONES.

739 5700 780 5730 ¹⁹
816 5697 948 5752 COtl.
979 5697 1325 5752 διεστικῶτα.

666 5772 708 5801 ’ί
741 5768 874 5823 Cod.
908 5769 1095 5822 αὑτοῦ.

1402 5700 1447 5729 ²⁰
1481 5698 1590 5753 Vox
1633 5698 1927 5767 ἐπειδήξίιι
1970 5699 2213 5767 margine
2262 5697 2449 5751 eadem
2503 5711 2659 5748 manu
2697 5697 2929 5761 ascripta
2961 5698 3084 5752 huic
3117 5700 3234 5755 loco
3297 5702 3576 5756 inserenda
3619 5697 3715 5747 visa
3757 5696 3842 5763 est.

1194 5768 1400 5843 “god.
1434 5770 1787 5843 ἁπερῤιμήνη
1820 5786 1833 5799 ·
1877 5784 1928 5823 et
1960 5767 2268 5843 Trntnntius
2310 5768 2523 5843 quidem
2558 5767 2720 5843 (adv.
2765 5768 3111 5843 ἀπορρίπτω)
3161 5787 3346 5826 vocem
3378 5774 3681 5843 anépétpat,
3715 5770 3841 5843 quasi

666 5840 722 5893 in
757 5837 1122 5911 psalmoxxx,
1151 5854 1215 5911 v.
1241 5839 1311 5891 ‘25
1340 5828 1850 5911 legatur'findica't;
1884 5848 1933 5891 at
1967 5856 2141 5906 neque
2170 5839 2221 5891 in
2263 5828 2422 5891 editis
2452 5828 2622 5911 neque
2665 5839 2718 5892 in
2755 5828 3105 5896 varia-intibus,
3134 5844 3378 5899 codicum
3409 5828 3536 5911 mss:
3569 5828 3840 5895 lectionibus

668 5913 916 5969 invenire
941 5909 991 5966 id
1019 5911 1149 5965 tnilti
1184 5909 1350 5966 licuit.
1431 5912 1473 5942 ³³
1508 5911 1640 5966 Cod.
1676 5910 1857 5965 αὑτοῦ.

1940 5912 1983 5941 ²’⁶
2017 5905 2150 5966 Cod.
2185 5925 2321 5979 παρε
2333 5905 2588 5978 ρχομένη.
