4164 6548
345 476 481 538 1789

1086 476 1414 562 HOMILIA
1451 478 1534 538 IN
1567 478 1667 537 SS.
1697 478 2049 537 DEiPAR/E
2082 478 2791 541 ANNUNTIATIONEM.

3456 473 3590 537 1790

342 592 437 646 νεά
462 594 521 658 ἐξ
537 589 743 643 ἐκείνου
758 589 856 661 τὴν
879 590 1116 662 Μαριὰμ
1135 592 1195 643 οὐ
1222 588 1518 661 μακαρίζει
1546 590 1613 654 ’⁸,
1637 590 1735 659 τὴν
1756 591 1913 642 ἁπει-
1944 639 1946 646 ,

2022 594 2161 645 let-to
2196 602 2248 646 tu
2281 592 2414 646 sola.
2474 592 2538 645 Et
2581 607 2713 645 sane
2744 603 2993 658 quamam
3050 597 3250 641 extunc
3315 590 3591 655 generatio

348 682 584 755 ρόγαμον
614 680 736 733 κατ’
760 680 949 751 ἄνδρα,
980 681 1239 751 θεοφόρον
1266 679 1322 731 δὲ
1351 678 1491 732 κατὰ
1522 680 1777 749 πνεῦμα;
1805 680 1915 732 Καὶ

352 773 640 842 προέλαϐεν
672 774 772 843 μὲν
803 775 831 827 ὁ
872 772 1029 840 λόγος
1056 772 1155 842 τῆς
1206 772 1544 844 προφητείας
1568 790 1582 804 -
1619 772 1915 843 ἡλήθευσεν

338 864 456 935 δέή
488 864 712 928 ἐκϐασις
745 866 879 935 πρὸς
903 865 996 917 τὸν
1029 864 1210 931 λόγον.

410 1045 543 1099 KA’.
608 1046 728 1099 Ὅτι
767 1045 1018 1111 ἐποίησέ
1050 1064 1153 1114 μοι
1208 1048 1496 1117 μεγαλεῖα
1555 1052 1587 1103 d
1631 1048 1911 1115 δυνατός.

346 1138 467 1201 Πῶς
489 1138 598 1209 γάρ
620 1139 678 1191 οὐ
723 1138 1011 1208 μεγαλεῖα;
1036 1140 1159 1193 Ὅτι
1199 1141 1466 1210 παρθένος
1511 1135 1645 1193 οὖσα
1676 1140 1914 1209 συλλαμ-

350 1230 511 1293 ϐάνω,
538 1231 820 1299 ὑπερϐἄσα
852 1232 1150 1303 βουλήματι
1177 1232 1309 1285 Θεοῦ
1337 1232 1434 1301 τὴν
1461 1231 1642 1301 φύσιν,
1666 1233 1759 1284 καὶ
1785 1247 1915 1282 κατ-

350 1321 643 1391 αξιουμένη
695 1324 824 1376 ἄνευ
876 1324 1067 1394 ἀνδρὸς
1123 1324 1220 1394 οὐχ
1278 1324 1465 1386 ἁπλῶς
1516 1319 1656 1378 εἶναι
1708 1323 1911 1393 μήτηρ,

347 1412 481 1467 ἀλλὰ
510 1412 725 1467 καὶτοῦ
762 1416 930 1485 μόνου
966 1415 1215 1487 animo;
1240 1410 1379 1468 εἶναι
1412 1416 1618 1486 μήτηρ.

416 1598 600 1666 Λέγει,
633 1600 666 1651 ό
694 1596 982 1664 δυνατός·
1019 1597 1315 1669 ἐπειδήπερ
1349 1598 1702 1667 ἀπιστήσειεν
1733 1598 1798 1652 ἀν
1830 1615 1913 1661 τις

350 1689 480 1761 πρὸς
512 1690 607 1762 τὴν
645 1691 930 1761 ἐνέργειαν
964 1692 1062 1761 τῆς
1092 1689 1427 1761 συλλήψεως.
1465 1690 1528 1742 Ei
1559 1689 1667 1760 γὰρ
1706 1689 1912 1757 παρθέ-

355 1796 433 1842 νος
467 1775 601 1832 οὖσα
632 1778 892 1851 συλλάϐῃ,
934 1782 1122 1849 φησὶν,
1160 1779 1411 1848 ἐποίησέ
1436 1798 1538 1849 μοι
1571 1780 1851 1850 μεγαλεῖα
1883 1783 1915 1833 ό

348 1872 601 1937 δυνατός
620 1886 633 1900 ·
663 1870 741 1941 τῷ
760 1873 982 1942 ὀνόματι
1006 1871 1101 1924 τοῦ
1123 1872 1347 1925 δυνατοῦ
1373 1873 1472 1943 τὴν
1492 1873 1748 1926 ἀπιστίαν
1764 1874 1914 1943 παρά

343 1962 504 2031 φύσιν
525 1963 887 2027 ἐκϐάλλουσα,
910 1964 997 2018 ἵνα
1016 1982 1097 2027 τις
1114 1967 1178 2035 τῇ
1206 1964 1431 2034 δυνάμει
1448 1962 1539 2017 τοῦ
1567 1963 1913 2034 ἐνεργοῦντος

345 2055 639 2127 ἀναπέμψῃ
661 2056 721 2108 τὸ
735 2056 1061 2127 κατόρθωμα
1078 2073 1090 2086 °
1112 2056 1277 2109 καὶτὸ
1301 2055 1377 2127 μὴ
1392 2058 1530 2110 κατὰ
1548 2057 1709 2126 φύσιν
1726 2056 1913 2123 ἐξετά-

344 2127 452 2195 ζων
477 2143 809 2215 ἐκπέσῃ,τῆς
856 2143 1089 2218 ἀληθοῦς
1134 2144 1591 2213 συγκαταθέσεως
1634 2147 1744 2199 τῶν
1783 2146 1915 2218 ἀλη-

347 2232 453 2297 θῶς
487 2236 891 2306 γεγενημένων.

414 2509 523 2562 Καὶ
551 2510 784 2580 ἐπάγει·
814 2513 923 2567 Καὶ
954 2511 1127 2583 ἅγιον
1158 2513 1225 2567 τὸ
1247 2512 1436 2583 ὄνομα
1464 2516 1672 2571 αὐτοῦ.
1704 2517 1778 2570 Οὐ
1806 2519 1914 2590 γὰρ

344 2600 465 2655 ἐπεὶ
507 2600 728 2671 ἔρχεται
760 2604 788 2655 ὁ
838 2606 1134 2674 μονογενὴς
1174 2605 1339 2657 αὑτοῦ
1383 2607 1463 2668 είς
1514 2609 1767 2674 γυναῖκα,
1812 2610 1911 2679 ήδη

348 2691 496 2760 παρά
537 2692 696 2745 τοῦτο
733 2695 1027 2764 μιαίνεται.
1060 2696 1250 2764 ’Ἂγιον
1282 2697 1391 2767 γὰρ
1428 2697 1490 2749 τὸ
1518 2697 1689 2769 ὄνομα
1722 2700 1912 2764 αὑτοῦ,

351 2783 529 2853 ἐπειδὴ
556 2784 711 2855 κάγὼ
764 2788 1036 2857 Παρθένος
1067 2790 1219 2856 ἁγία.
1264 2791 1429 2843 Οὐδὲν
1477 2794 1914 2862 παραχραίνεται

345 2874 469 2927 οὔτε
496 2879 525 2929 ό
556 2877 1063 2949 συλλαμϐανόμενος
1098 2880 1287 2952 Σωτὴρ
1325 2884 1382 2935 ἐν
1406 2883 1530 2953 ἐμοὶ
1560 2886 1624 2953 τῇ
1659 2886 1913 2956 παρθένῳ

343 2969 592 3021 πλάττων
619 2969 666 3001 ²⁶
682 2971 745 3023 τὸ
772 2971 900 3023 ἰδιον
926 2972 1103 3041 σῶμα.
1134 2973 1324 3041 ’Ἄγιος
1352 2975 1458 3046 γὰρ
1487 2976 1657 3042 ἁγίως
1680 2982 1835 3047 φορεῖ
1852 2979 1914 3030 τὸ

338 3059 469 3114 ίδιον
503 3060 748 3130 πλάσμα.
780 3062 880 3115 Διά
918 3062 1077 3116 τοῦτο
1115 3066 1209 3116 καὶ
1249 3064 1474 3137 Πνεῦμα
1496 3067 1650 3134 ἅγιον
1689 3070 1915 3139 ἐπέρχε-

342 3166 459 3204 ται’
506 3152 592 3205 ἴνα
643 3154 773 3221 ἁγία
820 3155 1087 3225 γενομένη
1126 3158 1159 3225 ἡ
1216 3158 1479 3229 σύλληψις
1531 3160 1689 3228 ἆγιον
1729 3179 1913 3232 παρα-

2017 701 2122 738 non
2169 685 2381 739 beatam
2422 682 2661 753 appellat
2690 681 2937 747 Mariam,
2962 682 3272 749 nuptiarum
3328 681 3590 745 nesciam,

2016 777 2156 847 quod
2184 777 2248 828 ad
2279 777 2452 828 virum
2519 784 2750 843 spectat,
2786 775 2881 827 sed
2922 773 3032 827 Deo
3096 773 3259 826 fetam
3312 789 3374 826 ex
3404 784 3592 827 sancto

2017 866 2271 937 Spiritu?
2332 866 2618 921 Praecessit
2683 866 2892 921 scilicet
2946 879 3125 920 sermo
3194 864 3587 933 propheticus;

2014 964 2193 1018 exitus
2218 975 2346 1014 vero
2379 974 2685 1013 sermonem
2718 973 2963 1013 veracem
2996 956 3389 1025 comprobavit.

2089 1052 2228 1110 XXI.
2268 1052 2407 1118 Quia
2429 1052 2551 1120 fecit
2570 1051 2698 1104 mihi
2724 1066 2916 1119 magna
2939 1050 3026 1119 qui
3050 1059 3228 1113 potens
3250 1059 3322 1101 est
3350 1048 3377 1087 ι)
3401 1087 3414 1100 .
3441 1048 3589 1113 Quo-

1991 1126 2177 1198 'modo
2213 1144 2356 1197 enim
2430 1158 2533 1195 non
2601 1140 2773 1208 (fecit)
2834 1138 3078 1208 magna?
3143 1138 3589 1207 Quandoquidem

2014 1236 2297 1289 voluntate
2327 1233 2422 1287 Dei
2479 1234 2725 1287 ordinem
2758 1241 2964 1285 natura:
2993 1231 3400 1290 transcenderis,
3436 1231 3591 1299 virgo

2015 1324 2284 1376 exsistcns
2316 1320 2505 1375 [aetum
2551 1336 2699 1389 gero,
2742 1330 2795 1373 et
2843 1321 2999 1388 digna
3060 1319 3262 1372 habeor
3305 1336 3427 1388 qua:
3468 1318 3590 1374 sine

2015 1417 2133 1470 viro
2158 1430 2265 1469 non
2309 1414 2480 1468 solum
2518 1414 2618 1467 sint
2648 1422 2837 1475 mater,
2871 1414 2964 1467 sed
3012 1412 3232 1480 insuper
3267 1421 3441 1465 mater
3470 1411 3588 1480 ejus

2015 1509 2137 1570 sini,
2173 1506 2260 1574 qui
2297 1504 2444 1559 solus
2481 1514 2567 1557 est
2600 1502 2867 1556 Salvator.

2088 1599 2247 1661 Dicit,
2266 1597 2356 1667 qui
2372 1606 2554 1665 potens
2579 1605 2654 1650 est
2673 1613 2692 1660 ;
2714 1595 3148 1663 quandoquidem
3170 1593 3325 1647 lidein
3350 1596 3591 1650 abnuere

2016 1692 2083 1746 de
2114 1706 2242 1746 vera
2276 1702 2570 1760 conceptus
2601 1688 2807 1742 ratione
2864 1690 2987 1757 quis
3019 1685 3246 1754 posset?
3274 1686 3341 1740 Et
3398 1688 3591 1742 merito

2017 1799 2169 1848 sane,
2204 1784 2250 1838 si
2284 1782 2537 1852 concepit
2566 1783 2717 1850 virgo
2761 1795 3142 1849 perseverans,
3195 1780 3344 1848 fecit,
3392 1781 3588 1848 inquit,

2018 1879 2146 1929 milii
2179 1892 2373 1946 magna
2402 1876 2491 1945 qui
2518 1888 2699 1944 potens
2720 1883 2818 1938 est,
2849 1873 3085 1944 potentis
3141 1888 3334 1941 nempe
3375 1872 3593 1927 nomine

2021 1965 2455 2021 incredulitatem
2494 1980 2809 2028 removens,
2857 1981 2977 2033 quae
3010 1979 3076 2018 ex
3127 1980 3186 2019 re
3224 1964 3468 2018 ordinem
3497 1981 3592 2018 na-

2019 2070 2155 2113 tura:
2192 2058 2671 2129 prietergrediente
2694 2058 2890 2121 oritur,
2927 2058 3061 2111 adeo
3098 2070 3156 2110 nt
3182 2057 3248 2111 ad
3289 2059 3591 2127 potentiam

2018 2150 2159 2221 (Dei)
2184 2148 2466 2203 emcientis
2500 2148 2705 2203 referre
2729 2149 2851 2218 quis
2877 2164 3013 2217 Opus
3044 2148 3241 2202 debeat
3267 2164 3281 2213 ;
3336 2148 3427 2218 qui
3462 2163 3592 2202 vero

2017 2241 2288 2296 subtiliter
2320 2241 2651 2309 perscrutari
2681 2240 2733 2294 id
2764 2241 2917 2305 velit,
2944 2241 3091 2308 quod
3134 2256 3238 2293 non
3267 2251 3350 2294 est
3398 2256 3593 2294 securi-

2017 2335 2143 2387 dum
2172 2344 2379 2387 natura:
2416 2331 2582 2401 leges,
2629 2348 2661 2386 a
2700 2332 2881 2386 veraci
2922 2347 3110 2386 eorum
3146 2348 3265 2401 quia
3300 2348 3427 2386 vere
3450 2333 3592 2387 facta

2017 2432 2164 2489 sunt,
2193 2422 2296 2477 [ide
2323 2423 2553 2476 excidat.

2086 2515 2251 2569 Addit
2304 2528 2489 2582 porro,
2520 2523 2568 2566 et
2601 2522 2842 2565 sanctum
2881 2528 3065 2565 nomen
3106 2512 3241 2580 ejus.
3296 2510 3410 2565 Non
3444 2512 3591 2567 enim

2018 2608 2160 2678 quod
2206 2606 2516 2674 unigenitus
2558 2605 2678 2673 ejus
2724 2604 2790 2657 ad
2823 2604 3102 2659 mulierem
3138 2604 3437 2669 diverterit,
3469 2620 3593 2671 pr0«

2017 2712 2203 2769 pterea
2230 2697 2343 2764 jam
2372 2697 2649 2767 polluitur.
2672 2695 2930 2751 Sanctum
2961 2697 3106 2751 enim
3128 2707 3209 2749 est
3230 2710 3423 2750 nomen
3451 2698 3589 2766 ejus,

2015 2791 2270 2862 quoniam
2301 2801 2357 2844 et
2384 2806 2485 2858 ego
2532 2788 2697 2858 Virgo
2728 2790 3076 2857 sancta(l4).
3118 2788 3263 2843 Nihil
3325 2791 3592 2843 contami-

2017 2895 2179 2937 natur
2214 2896 2390 2952 neque
2423 2882 2550 2934 dum
2582 2881 2890 2949 concipitur
2914 2879 3187 2942 Salvator,
3223 2895 3377 2950 suum
3414 2878 3465 2931 in
3504 2895 3593 2932 me

2014 2976 2222 3045 virgine
2257 2989 2455 3043 corpus
2476 2974 2768 3041 plasmatis.
2826 2973 3058 3026 Sanctus
3109 2972 3253 3026 enim
3300 2981 3486 3026 sancte
3512 2971 3593 3024 iii-

2015 3069 2131 3122 duit
2188 3082 2323 3136 opus
2368 3068 2480 3133 ipse
2540 3080 2696 3118 suum
2723 3063 2870 3133 (15).
2901 3062 3105 3117 Idcirco
3149 3063 3310 3115 etiam
3360 3062 3594 3128 Spiritus

2016 3170 2233 3214 sanctus
2265 3157 2597 3227 supervenit,
2642 3171 2748 3225 quo
2772 3164 2958 3209 sancta
2989 3154 3259 3208 exsislens
3288 3155 3591 3223 conceptio,

342 3244 599 3297 σκευάσει
631 3246 726 3296 καὶ
762 3246 852 3299 τὸν
880 3247 1040 3299 τόκον
1083 3247 1362 3316 γενέσθαι.
1393 3251 1585 3319 ’Ἀγιον
1632 3252 1809 3307 τοίνυν
1855 3254 1946 3318 τὸ(

2019 3262 2074 3303 ut
2101 3261 2287 3320 partus
2305 3264 2517 3319 quoque
2534 3258 2752 3302 sanctus
2771 3258 3052 3316 sequatur,
3081 3245 3300 3301 eﬂiciat.
3331 3246 3593 3301 Sanctum

343 3334 513 3403 ὄνομα
532 3334 715 3389 αὑτοῦ.

414 3425 543 3478 KB’.
574 3429 685 3480 Καὶ
712 3427 779 3481 τὸ
817 3430 988 3496 ἕλεος
1044 3430 1232 3485 αὐτοῦ
1284 3434 1373 3499 εἰς
1416 3434 1628 3503 γενεὰς
1674 3436 1913 3506 γενεῶν.

344 3518 517 3585 Κάγὼ
556 3519 938 3591 συλλαμϐάνω,
966 3524 1059 3575 καὶ
1088 3524 1251 3588 αὐτὸς
1289 3526 1450 3596 σῶμα
1485 3531 1645 3598 φορεῖ
1669 3545 1683 3559 ³
1720 3533 1811 3583 καὶ
1838 3532 1917 3595 εἰς

344 3610 550 3680 κόσμον
572 3610 811 3683 ἔρχεται,
846 3616 943 3667 καὶ
977 3616 1113 3685 μετὰ
1146 3615 1450 3687 ἀνθρώπων
1489 3620 1916 3692 ἀναστρέφεται,

344 3705 441 3758 καὶ
488 3706 639 3759 κάτω
684 3707 1058 3772 πολιτεύεται,
1103 3711 1198 3761 καὶ
1250 3712 1429 3764 πάντα
1473 3714 1782 3784 οἰκονομεί’
1832 3717 1919 3771 ἵνα

342 3798 640 3869 ἐλεηθῶσιν
679 3801 730 3853 οἱ
777 3800 984 3866 ἀνάξιοι
1021 3802 1107 3856 διά
1135 3803 1195 3855 τὸ
1242 3804 1449 3874 πλῆθος
1492 3804 1601 3858 τῶν
1632 3808 1919 3879 ἁμαρτιῶν

343 3894 722 3963 τυγχάνοντες.
758 3894 889 3961 Τοῖς
944 3895 1127 3966 μέντοι
1161 3896 1556 3966 φοϐουμένοις
1591 3903 1798 3960 αὐτόν.
1845 3904 1919 3956 Οὐ

345 3985 455 4057 γὰρ
502 3988 550 4039 oi
585 3986 759 4058 πάντη
791 3987 999 4052 ἀνάξιοι
1032 3988 1338 4043 ἐλεοῦνται·
1372 3990 1508 4044 ἀλλὰ
1552 3993 1601 4045 οἱ
1640 3992 1729 4047 διὰ
1752 4012 1922 4065 μετα-

346 4079 495 4141 νοίας
529 4076 665 4149 πρὸς
706 4079 871 4148 φόϐον
908 4082 1395 4152 μετατρεπόμενοι.

420 4257 548 4312 Kl".
600 4260 923 4327 Ἐποίησεν
969 4257 1083 4316 οὖν
1125 4261 1342 4329 κράτος
1381 4264 1452 4317 ἐν
1494 4265 1777 4334 βραχίονι
1819 4272 1925 4324 αὑ-

348 4350 457 4403 τοῦ
489 4352 531 4380 ιτ
555 4366 568 4381 .
605 4351 771 4404 αὐτοῦ
804 4352 913 4424 γὰρ
943 4354 976 4423 ἡ
1006 4354 1148 4423 χεὶρ,
1183 4355 1283 4407 οὐκ
1318 4355 1606 4427 ἀνθρώπου
1636 4359 1697 4412 τὸ
1742 4360 1923 4430 ἔργον.

344 4442 781 4507 ,διεσκόρπισεν
801 4444 1243 4512 ὑπερηφάνους.
1275 4447 1337 4499 Εἰ
1358 4449 1465 4515 γὰρ
1484 4448 1771 4522 ἀλαζονείᾳ
1790 4451 1926 4520 χρώ-

2018 3343 2183 3411 igitur
2208 3356 2403 3394 nomen
2427 3340 2541 3407 ejus
2575 3338 2685 3409 (16)

2092 3433 2259 3489 XXII.
2296 3432 2361 3485 Et
2414 3432 2782 3485 misericordia
2826 3436 2938 3499 ejus
2972 3449 3003 3483 α
3028 3431 3273 3499 progenie
3312 3431 3367 3483 in
3404 3446 3592 3499 proge-

2020 3531 2130 3581 nies
2163 3538 2214 3583 ο.
2263 3526 2332 3580 Ει
2375 3540 2475 3595 ego
2524 3522 2793 3591 concipio,
2822 3533 2879 3575 et
2925 3524 3039 3591 ipse
3085 3537 3282 3590 corpus
3326 3523 3593 3585 assumit;

2020 3623 2073 3673 et
2102 3618 2249 3673 venit
2274 3616 2329 3670 in
2371 3613 2656 3677 mundum,
2706 3624 2759 3669 et
2790 3630 2912 3667 cum
2958 3612 3270 3667 hominibus
3297 3626 3595 3665 conversa-

2024 3726 2132 3779 tur,
2164 3722 2220 3765 et
2243 3718 2562 3764 terrestrem
2591 3707 2755 3761 vitam
2783 3707 2915 3777 agit,
2941 3717 2996 3761 et
3017 3706 3198 3761 omnia
3250 3705 3489 3774 disponit
3535 3718 3597 3761 ut

2022 3807 2111 3876 qui
2148 3803 2350 3873 indigni
2382 3809 2538 3855 erant
2564 3810 2785 3870 propter
2801 3798 3196 3853 multitudinem
3224 3809 3594 3867 peccatorum,

2024 3894 2455 3953 misericordiam
2485 3900 2913 3960 consequantur.
2985 3887 3373 3944 Verumtamen
3414 3892 3598 3943 linteu-

2024 3992 2161 4043 tibus
2187 4004 2328 4042 eum.
2364 3978 2480 4040 Non
2512 3984 2657 4040 enim
2686 3983 2972 4053 participes
2992 3994 3117 4036 sunt
3158 3983 3596 4047 miserationum,

2024 4082 2114 4149 qui
2154 4080 2371 4149 penitus
2422 4078 2491 4132 iis
2522 4077 2774 4145 indignos
2814 4093 2872 4129 se
2901 4074 3196 4142 exhibent;
3247 4076 3340 4131 sed
3378 4077 3468 4145 qui
3504 4092 3600 4145 per

2027 4170 2401 4244 pwnitentiam
2437 4169 2502 4222 ad
2536 4169 2788 4221 timorem
2815 4165 3124 4222 ﬂectuntur.

2100 4260 2285 4316 XXIII.
2346 4259 2500 4313 Fecit
2542 4260 2706 4329 igitur
2742 4260 3028 4327 potentiam
3082 4258 3138 4311 in
3171 4257 3381 4311 brachio
3410 4276 3504 4311 suo
3528 4257 3554 4297 ά
3582 4276 3596 4324 ;

2030 4356 2172 4409 illius
2197 4354 2341 4408 enim
2369 4365 2580 4415 manus,
2612 4365 2717 4403 non
2744 4364 2880 4418 Opus
2913 4359 2997 4403 est
3031 4348 3285 4404 hominis.
3341 4349 3597 4417 Dispersit

2033 4447 2302 4517 superbos.
2339 4442 2471 4496 Nam
2496 4442 2540 4496 si
2563 4442 2685 4509 quis
2712 4439 2961 4509 superbia
2997 4449 3231 4504 tumens,
3272 4440 3413 4494 haud
3447 4452 3599 4509 putat

352 4551 534 4605 μενος,
554 4536 655 4588 οὐκ
685 4536 854 4588 οἴεται
874 4536 1080 4589 δεῖσθαι
1101 4532 1576 4607 μετανοίας,οὗτος
1602 4541 1921 4613 διασκορπί-

2028 4562 2087 4600 se
2122 4540 2439 4614 poenitentia
2466 4538 2737 4605 indigere,
2774 4534 2862 4587 hic
2894 4533 3245 4601 disperditur.
3281 4533 3599 4586 Subindicat

349 4628 522 4693 ςεται,
546 4631 889 4701 αἰνιττομένη
920 4631 966 4661 ⁸⁸
997 4630 1106 4682 τῶν
1139 4631 1406 4685 Ἰουδαίων
1434 4634 1524 4687 τὸν
1550 4635 1676 4688 λαὸν
1698 4637 1787 4689 τὸν
1808 4639 1922 4692 δια-

349 4723 884 4794 σκορπισθησόμενον
896 4725 964 4777 δι’
978 4726 1351 4795 ὑπερηφανίαν
1368 4727 1464 4798 τὴν
1477 4731 1617 4782 κατὰ
1632 4731 1723 4783 τοῦ
1741 4733 1921 4803 Σωτῆ-

352 4829 463 4881 ρος.
496 4816 929 4883 Διεσκόρπισεν
953 4815 1377 4885 ὑπερηφάνους
1408 4818 1640 4885 διανοίᾳ
1675 4822 1922 4890 καρδίας

429 4927 456 4967 b
480 4927 613 4983 an.
639 4947 680 4996 ι,
711 4931 799 4987 49.
879 4944 901 4971 c
936 4933 1069 4988 ibid.
1095 4932 1184 4989 50.
1260 4933 1286 4973 ἀ
1321 4934 1449 4989 ibid.
1484 4934 1571 4990 51.

2026 4651 2207 4694 autem
2233 4636 2540 4690 Juda:orum
2568 4630 2845 4699 populum,
2876 4630 2965 4697 qui
3000 4637 3219 4697 propter
3268 4628 3598 4697 superbiam,

2028 4748 2135 4801 qua
2172 4726 2445 4783 Salvatori
2481 4724 2704 4787 restitit,
2739 4720 3139 4792 disperdeudus
3166 4732 3307 4774 erat.
3337 4720 3597 4789 Disperu’t

2027 4825 2279 4896 superbos
2310 4832 2480 4877 mente
2506 4819 2679 4874 cordis
2707 4817 2813 4871 sui.
2897 4813 3283 4885 Unusquisque
3328 4814 3474 4869 enim
3504 4832 3597 4886 per

1634 5030 1871 5087 VARUE
1928 5031 2332 5103 LECTIONES.

426 5116 471 5199 ’ξ
500 5116 632 5169 Cod.
677 5119 1005 5199 μακαρήζει,
1032 5130 1095 5199 et_
1112 5121 1216 5199 alia
1238 5137 1416 5199 “manu
1442 5124 1832 5199 supralineam
1867 5129 2184 5199 μακαρίζει.
2261 5128 2305 5158 ²⁶
2332 5124 2469 5180 Cod.
2511 5122 2768 5187 πλάττον,
2804 5121 2896 5177 sed
2951 5136 2985 5175 n
3018 5121 3265 5187 margine
3297 5121 3401 5175 alia
3435 5135 3595 5175 manu

355 5185 627 5240 πλάττων.
706 5186 749 5217 ²⁷
778 5185 909 5243 cod.
936 5190 1121 5245 αὑτοῦ.
1158 5192 1202 5223 ³⁸
1236 5190 1456 5248 Scilicet
1479 5185 1684 5264 Μαρία.

1894 5291 2077 5347 ΟΤιΕ.
2987 5330 3005 5345 .

1894 5291 1936 5343 0
2060 5331 2077 5347 .
2987 5330 3005 5345 .

426 5377 777 5459 (1-4)_Sancta
814 5393 919 5459 non
938 5382 1195 5459 corporis
1218 5391 1446 5459 tantum,
1474 5384 1793 5459 sedaninne
1843 5290 1925 5440 il:-
1941 5291 2170 5456 TAipp.
2203 5386 2263 5439 S.
2292 5382 2605 5459 Augustini,
2634 5395 2764 5459 cap.
2814 5376 2919 5459 V);
2950 5375 3076 5459 .Ego.
3106 5388 3353 5440 matrem,
3381 5377 3448 5459 de
3486 5392 3591 5459 qua

354 5450 605 5519 tegritate
624 5464 728 5505 non
754 5450 911 5503 modo
932 5450 1329 5518 Conceptionis,
1362 5454 1409 5507 id
1434 5465 1514 5508 est
1536 5455 1728 5509 divinae
1749 5458 1924 5509 incar-

353 5520 591 5573 nationis
620 5530 915 5587 momento,
951 5522 1220 5590 quodnon
1250 5523 1383 5578 satis
1408 5534 1554 5578 esset
1585 5535 1641 5578 ut
1665 5523 1919 5579 Sanctum

354 5598 639 5644 vocaretur
672 5592 811 5665 quod
847 5606 929 5665 ex‘
952 5606 1015 5645 ea
1047 5592 1373 5645 nasciturum
1411 5605 1566 5657 erat;
1597 5599 1689 5651 sed
1722 5611 1920 5665 semper

354 5670 409 5712 et
442 5672 553 5713 tata
585 5671 638 5714 et
666 5661 887 5730 perfecte
917 5662 1125 5729 integra
1150 5671 1203 5714 et
1232 5674 1441 5717 sancta.

426 5730 539 5800 (15)
594 5731 708 5785 Hoc
756 5744 1075 5802 argumento
1124 5732 1321 5799 saepius
1374 5744 1595 5788 utuntur
1627 5734 1812 5790 Patres
1859 5746 1918 5790 ut

357 5814 423 5852 ex
453 5799 677 5871 muliere
702 5799 876 5856 matre
898 5802 991 5855 Dei
1013 5799 1247 5855 Verbum
1269 5820 1370 5856 non
1399 5803 1565 5858 fuisse
1590 5807 1927 5871 inquinatum

356 5879 614 5925 statuant.
642 5870 735 5926 llis
765 5873 902 5926 mire
927 5882 1228 5926 consonant
1255 5875 1416 5929 verba
1447 5870 1685 5929 auctoris
1714 5875 1932 5929 Trocm-

358 5950 440 5993 tus
470 5943 714 5999 adversus
750 5947 975 6015 quinque
1016 5942 1249 5998 Ila'reses
1274 5946 1350 6014 (in
1388 5946 1630 6013 Append.
1669 5956 1797 6001 tom.
1825 5946 1930 6002 VIII

2032 5448 2291 5518 mis-terer,
2313 5448 2446 5522 feci;
2481 5469 2573 5521 ego
2596 5448 2733 5505 viam
2755 5467 2869 5503 meo
2890 5448 3413 5522 itineriprwpuravi,
3441 5458 3593 5513 atque
3658 5458 3665 5473 ’

2028 5517 2695 5590 ιηιιηιίαυὶξΗαηεῖιιωηι
2753 5520 3009 5585 despicis,
3066 5517 3378 5590 Manu/mae,
3426 5529 3592 5590 mater

2026 5614 2140 5649 mea
2174 5604 2275 5659 est,
2321 5597 2409 5647 sed
2454 5587 2615 5644 manu
2646 5591 2911 5653 fabricatu
2953 5598 3028 5641 est
3073 5605 3209 5641 mea.
3251 5587 3309 5640 Si
3343 5590 3487 5649 potui
3516 5588 3593 5639 in-

2024 5668 2240 5736 quinari
2266 5658 2383 5717 cum
2413 5678 2529 5717 eam
2561 5662 2811 5730 facerem,
2835 5660 2984 5729 potui
3021 5658 3285 5726 inquinari
3310 5674 3426 5710 cum
3449 5673 3514 5711 ex
3533 5673 3592 5712 ea

2027 5751 2290 5789 nascerer.

2102 5807 2211 5875 (lii)
2245 5803 2481 5875 Virginis
2507 5803 2767 5857 sanctitas
2794 5799 3033 5875 'reliquis
3065 5798 3459 5875 omnibus_non
3502 5812 3592 5875 re:

2032 5868 2416 5942 spoinl'eret,'si
2470 5891 2574 5928 non
2610 5887 2820 5939 semper
2851 5868 2997 5927 etab
3044 5870 3218 5924 omnis
3262 5868 3343 5924 vel
3385 5868 3590 5927 minimi

2034 5949 2240 6018 peccati
2272 5946 2389 6002 labe
2414 5944 2666 6001 immunis
2700 5942 2908 5999 fuisset.
