4164 6564
618 438 748 497 1791

1595 443 2005 499 ΑΝἹῚΡΑἸἩΙ
2047 442 2506 503 BUSTRENSIS
2538 445 2874 506 EPISCOPI

3773 442 3894 504 17⁸12

617 565 678 606 se
723 562 822 619 pro
869 550 1064 605 mentis
1102 566 1212 606 sua:
1271 568 1429 608 sensu
1485 554 1774 624 semetipse
1828 557 2110 626 disperdit,
2141 565 2194 612 et

2302 560 2508 615 αὐτῶν.
2547 561 2716 624 Αὐτὸς
2747 562 2855 631 γάρ
2885 577 2968 623 τις
2991 559 3169 628 ἐαυτῳ
3207 571 3502 618 exuo-20:.
3543 554 3634 622 ἐφ’
3683 549 3764 617 οἷς
3790 556 3895 608 δια-

618 642 897 713 indignum
928 657 987 698 se
1021 653 1259 712 prastat,
1286 660 1447 716 quem
1478 644 1636 701 Jesus
1662 656 1839 703 vocet.

565 899 568 908 λ
684 825 879 881 XXIV.
915 827 1164 896 Deposuit
1201 838 1436 896 potentes
1473 829 1538 884 de
1560 831 1705 897 sede,
1728 842 1773 884 et
1795 833 2046 886 exultavit
2088 834 2188 887 Ιιιι-

616 921 768 976 miles
800 931 849 975 ε.
886 919 1109 989 Magnos
1139 920 1284 976 enim
1309 922 1532 991 spiritus
1565 925 1824 991 gerebant
1852 923 2104 978 Pharisaei
2124 939 2188 980 ac

618 1012 845 1076 Scribae,
875 1023 927 1067 et
946 1013 1146 1080 primas
1172 1014 1458 1069 cathedras
1476 1015 1788 1069 ambiebant
1812 1015 1832 1053 τ
1867 1033 1882 1082 ;
1908 1032 1938 1070 e
1966 1017 2186 1084 quibus,

618 1114 904 1175 propterea
925 1105 1067 1174 quod
1095 1103 1222 1160 Jesu
1250 1107 1714 1172 contradixerunt,
1741 1109 2008 1163 deturbati
2040 1118 2188 1164 sunt.

690 1196 760 1250 Et
784 1196 1037 1250 exultavit
1066 1198 1286 1253 Immites
1323 1200 1623 1268 dispersos,
1671 1201 1929 1270 quoniam
1957 1201 2130 1270 ipsum
2161 1217 2192 1255 e

621 1289 758 1344 cmlo
786 1298 840 1343 et
866 1289 933 1342 ab
964 1289 1073 1344 alto
1104 1290 1316 1344 venisse
1338 1291 1707 1345 crediderunt.
1757 1291 2060 1348 Esurientes
2089 1295 2192 1347 im—

620 1382 776 1450 plevit
813 1381 960 1435 bonis
987 1382 1047 1434 ε.
1084 1381 1414 1436 Universum
1470 1384 1614 1436 enim
1675 1383 1953 1437 hominum
1999 1400 2188 1454 genus,

621 1473 820 1528 .Iudaris
853 1473 1114 1542 exceptis,
1149 1471 1292 1528 fame
1318 1472 1624 1530 laborabat.
1659 1473 1728 1528 Et
1777 1475 1962 1529 divites
1989 1478 2193 1530 dimisit

623 1564 856 1628 inanes;
908 1562 1121 1618 Judzeos
1168 1562 1445 1628 videlicet,
1490 1567 1582 1634 qui
1629 1577 1684 1620 et
1726 1578 1949 1635 accepta
1995 1567 2110 1637 lege
2143 1576 2197 1621 et

625 1664 939 1710 sanctorum
959 1656 1342 1726 prophetarum
1375 1656 1638 1712 doctrinis
1655 1658 1805 1712 ditati
1837 1656 2070 1712 fuerant.
2096 1656 2195 1724 Qui

626 1747 844 1816 quidem
871 1747 1153 1816 quoniam,
1180 1761 1280 1816 pro
1313 1761 1500 1801 eorum
1529 1748 1780 1816 superbia
1837 1749 2035 1802 acriter
2068 1764 2196 1802 con-

631 1836 934 1902 tendentes,
960 1851 1168 1905 suaque
1193 1837 1455 1907 dignitate
1488 1837 1642 1892 valde
1674 1838 1824 1902 elati,
1848 1842 1913 1892 ad
1947 1837 2198 1895 Salvato-

628 1941 744 1982 rem
786 1927 1021 1982 humano
1051 1929 1240 1983 habitu
1271 1929 1412 1984 inter
1442 1945 1534 1985 eos
1577 1939 1892 1986 versantem
1938 1932 2200 1986 accedere

629 2018 910 2073 humiliter
958 2019 1198 2074 animum
1246 2035 1354 2075 non
1419 2020 1772 2086 induxerunt,
1802 2024 1958 2077 vacui
1991 2023 2201 2079 dimissi

630 2119 779 2177 sunt,
813 2110 948 2166 nihil
979 2126 1165 2166 secum
1219 2112 1529 2179 afferentes,
1574 2129 1748 2182 neque
1793 2114 1974 2181 ﬁdem,
2033 2130 2206 2184 neque

631 2203 1022 2272 cognitionem,
1053 2220 1227 2274 neque
1258 2220 1407 2274 spem
1439 2206 1701 2260 bonorum
1730 2225 1744 2273 ;
1778 2208 1871 2261 sed
1902 2223 1930 2260 a
1962 2210 2207 2263 terrestri

633 2292 931 2350 Jerusalem
955 2295 1109 2364 juxta
1139 2311 1203 2350 ac
1232 2311 1262 2348 a
1297 2295 1472 2351 futura
1507 2297 1616 2350 vita
1643 2298 1978 2354 exciderunt.

705 2384 873 2442 XXV.
907 2387 1146 2454 Suscepit
1193 2388 1369 2443 Israel
1415 2405 1636 2458 puerum
1693 2407 1850 2444 suum
1875 2391 1947 2457 11;
2005 2406 2110 2445 non
2144 2391 2211 2446 ad

636 2495 833 2535 nomen
876 2481 1136 2552 (Israelis)
1173 2491 1402 2551 spectat,
1428 2483 1523 2537 sed
1562 2497 1751 2536 verum
1791 2482 2087 2551 (Israelem)
2122 2485 2214 2538 de-

638 2572 836 2643 signat,
869 2574 1081 2650 scilicet
1113 2590 1216 2629 uou
1269 2589 1363 2630 eos
1392 2577 1484 2643 qui
1509 2575 1728 2630 nomine
1754 2575 2082 2646 gloriantur,
2112 2577 2212 2630 sed

639 2665 728 2734 qui
757 2665 989 2720 nominis
1021 2667 1179 2720 ﬁdem
1207 2667 1570 2722 servaverint.
1623 2665 1947 2722 Recordatus
2006 2667 2216 2721 miseri-

642 2757 836 2810 cordia:
893 2773 1026 2822 sure,
1086 2760 1224 2810 sicut
1259 2757 1463 2812 locutus
1509 2769 1587 2813 est
1626 2761 1693 2813 ad
1739 2769 1916 2829 patres
1975 2769 2208 2826 nostros,

643 2847 914 2902 Abraham
959 2858 1010 2903 et
1063 2849 1220 2904 Isaac
1250 2861 1297 2905 et
1327 2851 1520 2917 Jacob,
1552 2862 1600 2906 et
1647 2853 1832 2906 semini
1870 2851 1984 2921 ejus
2031 2854 2087 2906 in
2119 2868 2219 2907 sw-

643 2941 766 2994 rulu
796 2943 809 2981 ί
835 2981 850 2996 .

722 3031 1050 3086 Vaticinium
1075 3048 1178 3086 non
1211 3047 1366 3086 suum
1399 3033 1678 3092 duntaxat.
1717 3035 1811 3088 sed
1851 3043 1907 3088 et
1933 3035 2221 3103 pr0pbeta-

647 3139 768 3178 rum
803 3125 1036 3177 absolvit
1065 3124 1454 3192 pollicitatione
1487 3123 1601 3186 Dei,
1646 3125 1737 3192 qui
1791 3140 1855 3180 ex
1899 3126 2012 3194 ipsa
2044 3128 2222 3181 nasci-

2285 656 2506 717 νοεῖται,
2554 655 2744 707 ἑαυτὸν
2794 652 3099 722 σκορπίζει,
3143 649 3390 716 ἀνάξιος
3432 646 3546 717 τῆς
3597 645 3696 700 τοῦ
3735 647 3894 720 Ἰησοῦ

2323 744 2532 815 λήσεως
2567 747 2880 816 γενόμενος.

2357 839 2482 890 ΚΔ’.
2506 837 2794 892 Καθεῐλεν
2809 835 3114 901 δυνάστας
3131 834 3255 889 ἀπὸ
3277 830 3564 901 θρόνων,
3583 829 3684 883 καί
3705 828 3893 899 ὕψωσε

2289 931 2628 994 ταπεινούς.
2675 901 2901 998 Μεγάλαι
2958 929 3067 1000 γὰρ
3121 926 3411 999 ἐφρόνουν
3470 924 3764 991 Φαρισαῖοι
3811 927 3891 976 καὶ

2289 1021 2661 1091 Γραμματεῖς,
2693 1022 2794 1085 τὰς
2830 1018 3327 1093 πρωτοκαθεδρίας
3387 1014 3687 1086 μετιόντες
3709 1031 3721 1043 ·
3753 1031 3822 1067 ων
3856 1016 3896 1048 ²⁹

2291 1111 2674 1183 καθῃρέθησαν
2701 1113 2790 1166 διὰ
2838 1113 2936 1182 τὴν
2964 1111 3098 1182 πρὸς
3124 1111 3216 1163 τὸν
3279 1105 3520 1175 Ἰησοῦν
3572 1104 3891 1172 ἀντιλογίαν.

2365 1204 2474 1258 Καὶ
2500 1204 2746 1272 ὕψωσεν
2771 1203 3087 1268 ταπεινοὺς
3119 1203 3247 1264 τοὺς
3304 1200 3427 1252 ἀπε
3438 1196 3893 1266 σκορπισμένονς,

2295 1294 2481 1366 ἐπειδὴ
2530 1294 2609 1364 τῷ
2655 1293 2942 1364 οὐρανόθεν
2993 1294 3089 1346 καὶ
3138 1294 3202 1344 ἐκ
3230 1289 3359 1342 τῶν
3414 1285 3653 1357 ὑψηλῶν
3703 1286 3895 1340 ἐλθόντι

2296 1387 2748 1440 πεπιστεύκασιν.
2809 1384 3146 1449 Πεινῶντας
3209 1379 3597 1445 ἐνέπλησεν
3656 1378 3894 1446 ἀπηθῶν.

2306 1478 2601 1547 Ἐλίμωττε
2631 1476 2739 1547 γὰρ
2778 1476 2837 1529 τὸ
2880 1476 3034 1543 γένος
3077 1474 3186 1527 τῶν
3221 1470 3564 1541 ἀνθρώπων
3607 1469 3745 1541 πλὴν
3781 1472 3892 1526 ’ἰου-

2294 1569 2476 1623 δαίων.
2539 1569 2646 1622 Καὶ
2705 1567 3125 1632 πλουτοῦντας
3183 1564 3619 1631 ἐξαπέστειλε
3675 1565 3894 1628 κενούς.

2309 1657 2593 1721 Ἰουδαίους
2622 1658 2848 1728 δηλαδὴ,
2875 1657 3345 1725 πεπλουτηκότας
3385 1656 3459 1725 τῇ
3495 1651 3791 1722 νομοθεσία
3811 1656 3893 1706 καὶ

2297 1753 2364 1820 τῇ
2395 1748 2711 1819 διδασκαλίᾳ
2747 1748 2856 1800 τῶν
2881 1747 3052 1816 ἁγίων
3077 1745 3418 1817 προφητῶν.
3449 1743 3676 1804 Οῖτινες
3701 1741 3802 1793 ὐπε
3815 1759 3896 1812 ρη.

2301 1841 2468 1914 (ρανίᾳ
2493 1841 3005 1910 ὐπερμαχήσαντες,
3037 1839 3132 1892 καὶ
3161 1837 3290 1890 λίαν
3325 1834 3413 1905 τῷ
3444 1832 3726 1904 ἀξιώματι
3746 1835 3894 1904 ἐπαρ-

2304 1935 2511 1996 θέντες,
2542 1932 2630 1985 διὰ
2657 1933 2718 1986 τὸ
2750 1933 2825 2002 μὴ
2847 1930 3120 1994 ταπεινῶς
3153 1928 3502 2000 προσελθεῖν
3538 1925 3620 1994 τῷ
3649 1925 3895 1995 ἐνανθριυ-

2304 2025 2544 2088 πίσαντι,
2558 2023 3007 2094 ἐξαπεστάλησαν
3027 2023 3196 2080 κενοὶ,
3220 2019 3406 2090 μηδὲν
3429 2019 3478 2050 ³⁸
3499 2016 3887 2088 ἐπιφερόμενοι,

2307 2112 2446 2181 μήτε
2496 2111 2701 2176 πίστιν,
2744 2113 2882 2182 μήτε
2925 2111 3154 2178 γνῶσιν,
3196 2111 3348 2179 μήτε
3397 2107 3605 2160 ἐλπίδα
3656 2105 3886 2172 ἀγαθῶν

2305 2202 2418 2255 ἀλλ’
2445 2203 2833 2256 ὲκπεπτώκασι
2858 2203 2953 2255 καὶ
2978 2203 3075 2272 τῆς
3098 2201 3359 2271 ἐπιγείου
3398 2198 3785 2271 Ἰερουσαλὴμ,
3811 2199 3887 2250 καὶ

2306 2297 2402 2366 τῆς
2437 2296 2738 2365 μελλούσης
2768 2296 2932 2365 ζωῆς.

2381 2388 2488 2440 KE’
2556 2387 2938 2442 Ἀντελάϐετο
2971 2386 3218 2454 Ἰσραὴλ
3255 2385 3492 2451 παιδὸς
3540 2383 3764 2439 αὑτοῦ·
3803 2384 3886 2436 οὐκ

2311 2479 2642 2549 ὀνοματίζει,
2676 2479 2768 2531 τὸν
2803 2479 3055 2550 ἀληθινὸν
3091 2476 3391 2548 σημαίνει·
3421 2478 3489 2530 οὐ
3526 2480 3654 2540 τοὺς
3684 2477 3887 2545 ὀνόματι

2315 2574 2769 2646 σεμνυνομένους,
2806 2571 2946 2626 ἀλλὰ»
2965 2574 3092 2635 τοὺς
3124 2571 3224 2644 τὴν
3278 2573 3482 2624 πίστιν
3518 2566 3887 2639 διατετηρηκό-

2317 2684 2418 2729 τας
2445 2667 2543 2736 τῆς
2585 2665 2977 2737 προσηγορίας.
3018 2663 3394 2732 Μνησθῆναι
3447 2663 3685 2725 ἐλέους,
3717 2657 3886 2724 καθὼς

2315 2761 2584 2828 ἐλάλησε
2625 2761 2775 2828 πρὸς
2825 2760 2967 2825 τοὺς
2997 2759 3257 2828 πατέρας
3302 2757 3508 2827 ἡμῶν,
3535 2754 3618 2819 τῷ
3656 2753 3884 2823 Ἀϐραὰμ

2317 2854 2415 2908 καί
2466 2853 2546 2918 τῷ
2593 2853 2799 2908 Ἰσαὰκ
2845 2852 2945 2905 καὶ
2985 2850 3066 2918 τῷ
3100 2850 3334 2916 Ἰακὼϐ,
3367 2850 3473 2902 καὶ
3503 2846 3586 2913 τῷ
3617 2847 3882 2914 σπέρματι

2319 2945 2503 3000 αὐτοῦ
2529 2947 2616 3010 εἰς
2644 2945 2750 2998 τὸν
2769 2943 2974 2997 αἰῶνα.

2390 3035 2599 3089 Τελειοί
2621 3035 2722 3106 τὴν
2754 3033 3106 3105 προφητείαν,
3151 3033 3210 3087 οὐ
3246 3033 3422 3102 μόνον
3454 3030 3556 3100 τὴν
3588 3029 3743 3090 ἰδίαν,
3766 3025 3880 3080 ἀλλὰ

2323 3129 2418 3182 καὶ
2459 3127 2567 3181 τῶν
2603 3127 2898 3198 προφητῶν
2937 3127 3077 3180 κατὰ
3109 3128 3208 3197 τὴν
3245 3123 3598 3192 ἐπαγγελίαν
3635 3119 3726 3172 τοῦ
3767 3114 3881 3170 Θεοῦ

649 3225 804 3268 turus
827 3225 944 3268 erat
969 3215 1274 3270 communis
1321 3214 1573 3268 Salvator
1595 3212 1751 3270 Jesus
1779 3217 2047 3271 Christus.
2095 3218 2210 3271 Non

2328 3219 2614 3291 μέλλοντος
2639 3217 2699 3284 ἐξ
2727 3217 2899 3286 αὐτῆς
2931 3216 3242 3284 γεννᾶσθαι,
3283 3215 3384 3268 τοῦ
3431 3210 3618 3266 κοινοῦ
3658 3207 3877 3277 Σωτῆρος

648 3307 938 3362 humiliora
967 3309 1147 3378 itaque
1190 3309 1518 3363 vaticinatur
1545 3308 1735 3375 Maria,
1767 3309 1894 3362 dun:
1935 3310 2218 3378 perlectis-

651 3400 804 3457 simaa
832 3401 1222 3468 dispensationi
1251 3401 1562 3465 ministrat;
1613 3411 1666 3456 et
1714 3401 1950 3456 exsultat
1993 3403 2221 3472 spiritus

650 3490 772 3560 ejus
796 3493 847 3544 in
880 3489 1130 3547 Domino.
1164 3491 1410 3548 Essultet
1444 3500 1500 3545 et
1543 3492 1784 3547 Ecclesia
1825 3492 1878 3546 in
1909 3508 2113 3563 sponso
2159 3509 2222 3549 ac

656 3583 955 3639 Salvatore.
999 3585 1056 3639 Si
1086 3586 1230 3640 enim
1257 3585 1472 3640 laetatur
1500 3584 1588 3637 illa
1620 3583 1702 3638 vel
1754 3593 1882 3638 ante
1903 3585 2085 3654 operis
2107 3587 2222 3640 exi-

656 3687 791 3743 tum,
824 3678 914 3747 qui
949 3693 1050 3732 uou
1091 3680 1261 3748 magis
1290 3679 1542 3747 congruit
1571 3688 1629 3731 ut
1674 3675 1918 3730 Ecclesia
1965 3677 2077 3746 jam
2129 3680 2222 3733 de-

655 3780 907 3838 sponsata
939 3780 994 3823 et
1019 3785 1112 3839 per
1142 3771 1368 3841 angelici
1399 3771 1666 3825 sermonis
1694 3770 1995 3825 doctrinam
2049 3775 2222 3828 saneti

659 3861 854 3930 Sponsi
893 3866 1102 3918 semine
1113 3862 1224 3932 jam
1254 3865 1559 3929 fecumlata,
1585 3867 1752 3922 multo
1781 3869 1952 3939 magis
1972 3869 2238 3939 gaudeat,

657 3965 716 4010 et
749 3956 982 4026 gaudeat
1013 3958 1398 4022 indesinenter,
1432 3967 1486 4012 et
1515 3960 1776 4013 miriﬁcas
1822 3962 2030 4030 gratias
2079 3971 2224 4030 agat,

667 4057 724 4101 et
763 4049 982 4104 virtutis
1009 4049 1266 4118 operibus
1315 4052 1532 4120 placere
1583 4052 1800 4106 studeat
1847 4051 2087 4117 Christo,
2139 4053 2229 4120 qui

663 4136 840 4193 factus
866 4149 949 4192 est
977 4139 1026 4194 ei
1058 4139 1347 4196 Salvator?
1386 4141 1483 4195 Cui
1527 4142 1695 4213 gloria
1745 4153 1797 4198 et
1844 4143 2127 4212 imperium
2176 4143 2229 4196 in

664 4229 860 4284 saecula
883 4231 1225 4285 swculoruttt.
1258 4231 1448 4289 Amen.

2334 3311 2508 3382 Ἰησοῦ
2552 3309 2813 3382 Χριστοῦ.
2855 3311 2970 3363 Οὐκ
3009 3309 3103 3363 οὖν
3131 3309 3502 3378 εὐτελέστερα
3544 3300 3880 3374 μὲνὴΜαρία

2323 3404 2678 3475 προφητεύει,
2710 3406 2778 3474 τῇ
2808 3402 3119 3472 τελειοτάτη
3146 3400 3443 3470 οἰκονομίᾳ
3474 3392 3873 3461 διακονουμένη·

2323 3499 2418 3552 καὶ
2442 3496 2736 3564 ἀγάλλεται
2769 3496 2938 3566 αὐτῆς
2969 3495 3030 3547 τὸ
3057 3493 3274 3562 πνεῦμα
3307 3492 3408 3544 ἐπὶ
3451 3489 3532 3559 τῷ
3560 3486 3762 3556 Κυρίῳ.
3793 3482 3878 3534 Εὐ-

2327 3588 2640 3661 φραινέσθω
2673 3589 2728 3641 δὲ
2759 3588 2853 3641 καὶ
2883 3589 2917 3657 ἡ
2961 3585 3257 3654 Ἐκκλησία
3304 3583 3401 3636 ἐπὶ
3446 3580 3524 3651 τῷ
3554 3577 3761 3648 νυμφίῳ
3799 3573 3875 3625 καὶ

2328 3683 2559 3752 Σωτῆρι.
2588 3682 2650 3734 Εἰ
2674 3681 2782 3750 γὰρ
2808 3679 2988 3748 ὲκείνη
3015 3677 3345 3748 εὐφραίνετο
3367 3675 3464 3728 καὶ
3489 3671 3598 3742 πρὸ
3621 3669 3714 3738 τῆς
3737 3663 3875 3718 ἐκδά-

2330 3791 2470 3837 σεως
2494 3775 2586 3827 τοῦ
2611 3774 2794 3842 ἔργου,
2824 3771 2939 3833 πῶς
2965 3771 3025 3823 οὐ
3055 3769 3253 3840 μᾶλλον
3293 3766 3406 3838 χρὴ
3440 3764 3542 3835 τὴν
3575 3755 3870 3827 Ἐκκλησίαν

2330 3866 2752 3936 νυμφευθεῖσαν,
2785 3863 2877 3914 καὶ
2901 3861 3000 3932 ἤδη
3024 3860 3093 3912 τὰ
3125 3858 3426 3928 σπέρματα
3452 3853 3547 3906 τοῦ
3583 3850 3732 3916 ἁγίου
3757 3861 3872 3914 νυμ-

2325 3961 2447 4028 φίου
2465 3957 2595 4032 ,δεξα
2607 3957 2777 4026 μένην
2796 3957 2862 4025 τῇ
2887 3951 3206 4022 διδασκαλίᾳ
3242 3949 3357 4003 τῶν
3382 3943 3687 4015 ἀγγελικῶν
3706 3939 3868 4032 λογων,

2327 4027 2490 4105 πλέον
2537 4051 2632 4121 μὲν
2667 4046 3074 4118 εὐφραίνεσθαι,
3116 4043 3479 4102 ἀδιαλείπτως
3518 4038 3575 4090 δὲ
3602 4027 3872 4121 ἁγγαλλιδξ

2332 4145 2476 4204 σθαι,
2514 4142 2856 4212 εὐχαριστεῖν
2885 4139 2940 4191 δὲ
2974 4136 3459 4208 ὑπερϐαλλόντως,
3507 4126 3792 4195 εὐδοκιμεῖν
3824 4119 3869 4171 δὲ

2331 4236 2672 4306 ἀρεσκόντως
2701 4234 2758 4284 ἐν
2783 4231 2966 4302 ἔργοις
2993 4229 3192 4300 ἀρετῆς
3221 4227 3296 4297 τῷ
3341 4220 3760 4314 παραγενομένῳ
3785 4213 3869 4314 Σιο-

2333 4329 2461 4397 τῆρι
2508 4323 2762 4396 Χριστῷς
2795 4316 2864 4394 ᾯ
2914 4323 2946 4392 ἡ
2988 4320 3115 4384 δόξα
3171 4320 3266 4372 καὶ
3312 4319 3378 4371 τὸ
3415 4317 3612 4387 κράτος
3661 4310 3736 4371 εἰς
3767 4310 3868 4364 τοὺς

2336 4418 2538 4480 αἰῶνας
2575 4417 2683 4470 τῶν
2721 4414 2952 4470 αἰώνων.
2991 4414 3187 4483 ’Δμήν.

3537 4581 3848 4608 Α

3537 4602 3716 4608 ____,,

3107 4617 3534 4632 -——————-'

1860 4779 2700 4888 FRAGMENTA.

676 4967 1087 5046 ΑΝΤΙΒΑΤΒΙ
1139 4975 1216 5045 (l)
1270 4975 1499 5046 episcOpi
1529 4974 1737 5046 Bpstra:
1785 4972 2240 5046 Contradjctiones

748 5041 800 5093 in
828 5038 1157 5113 ‘Eusebium'
1191 5038 1488 5113 episcopum
1541 5044 1799 5098 Cwsarete
1850 5059 1943 5111 pro
2000 5041 2240 5112 Origenis

746 5110 1066 5180 defensione,
1099 5110 1268 5168 seruio
1295 5110 1518 5186 primus,
1548 5114 1698 5182 cujus
1728 5114 1935 5166 initium
1962 5121 2036 5167 est
2064 5127 2083 5165 :

2343 4969 2811 5025 ΑΝΤΙΠΑΤΡΟΥ
2862 4967 3200 5022 ἐπισκόπου
3231 4947 3858 5031 Βόστρηςᾊνῖίριἓηῗξς

2417 5039 2529 5108 τῆς
2547 5040 2841 5094 Εὐσεϐίου
2872 5039 3204 5092 ἐπισκόπου
3238 5026 3588 5108 Ιςαισὶιρειίίς
3611 5026 3858 5108 ὑπεξ

2417 5087 2792 5233 ξβιξέῑοῑίξ
2811 5087 3194 5178 assam;
3217 5087 3398 5175 ,ξενος
3424 5087 3680 5166 space
3721 5087 3782 5138 οῡ
3822 5087 3853 5143 η

2449 5197 2605 5249 ρχηι·
3638 5243 3642 5248 ι

749 5292 865 5362 Ego
913 5294 1128 5362 quidem
1186 5294 1518 5350 sullicicnter
1582 5293 1914 5349 :cstimabam
1972 5308 2059 5347 me
2109 5295 2210 5348 scri

2302 5309 2319 5359 )
2433 5294 2574 5364 Ἐγὼ
2607 5297 2702 5366 μὲν
2735 5294 3050 5366 ἀρκούντως
3081 5291 3331 5363 ἐνόμιζον
3359 5260 3852 5366 γεγραφηκέναιζκαὶ

679 5387 876 5457 psissc,
905 5397 957 5442 et
980 5387 1065 5443 his
1095 5403 1212 5457 qua:
1247 5403 1276 5440 a
1312 5399 1397 5441 tua
1437 5389 1722 5443 sanctitate
1747 5386 1892 5455 jussa
1917 5395 2060 5448 sunt,
2094 5387 2248 5440 satis-

2360 5388 2420 5441 τὸ
2455 5352 2638 5441 ἱκάνὸν
2663 5352 2790 5451 τοῖς·
2814 5387 2964 5458 παρὰ
2993 5352 3092 5456 si};
3133 5352 3535 5455 σὴς-ὀσιδτητος
3581 5352 3850 5431 ἐπιταχθεὶς

814 5501 943 5570 Luc.
968 5517 1006 5567 ι,
1042 5503 1135 5558 52.
1214 5501 1234 5542 ί
1274 5501 1464 5558 Matth.
1496 5517 1652 5569 χχιιι,
1684 5503 1758 5570 6;
1791 5501 1924 5558 Luc.
1950 5519 2026 5568 xi,
2058 5502 2145 5558 45.

2302 5519 2409 5560 ΛΙΟ.
2445 5521 2481 5570 t,
2513 5505 2602 5560 55.
2677 5505 2702 5546 δ
2742 5506 2871 5563 ibid.
2907 5504 2995 5560 54.
3070 5505 3088 5545 ί
3128 5501 3258 5558 ibid.
3291 5500 3373 5557 55.

1965 5595 2198 5652 VARle
2243 5597 2647 5654 LECTIONES.

751 5684 798 5719 ιο
821 5657 955 5741 Cod.
985 5679 1083 5742 ὧν.
1157 5687 1202 5720 ιο
1233 5685 1364 5743 Cod.
1395 5682 1471 5755 μὴ
1493 5686 1600 5741 δέν.

2196 5757 2430 5814 ΝΟΤᾸΕ.

758 5870 835 5942 (ι)
860 5870 1054 5937 Maust,
1095 5869 1256 5928 Couc.
1288 5886 1403 5940 gen.
1436 5878 1473 5925 t.
1509 5869 1644 5942 .\'lll,
1677 5887 1729 5941 p.
1761 5871 1882 5926 177.
