  <div class='ocr_page' id='page_1' title='image "/cluster/home/n/w/nwhite01/storage/ocr_20150623/85/hvd.32044011888864/910.png"; bbox 0 0 4164 6562; ppageno 0'>
   <div class='ocr_carea' id='block_1_1' title="bbox 393 452 529 516">
    <p class='ocr_par' dir='ltr' id='par_1_1' title="bbox 393 452 529 516">
     <span class='ocr_line' id='line_1_1' title="bbox 393 452 529 516; baseline 0.029 -4"><span class='ocrx_word' id='word_1_1' title='bbox 393 452 529 516; x_wconf 82' lang='lat' dir='ltr'><strong>I793</strong></span> 
     </span>
    </p>
   </div>
   <div class='ocr_carea' id='block_1_2' title="bbox 1763 453 2251 515">
    <p class='ocr_par' dir='ltr' id='par_1_2' title="bbox 1763 453 2251 515">
     <span class='ocr_line' id='line_1_2' title="bbox 1763 453 2251 515; baseline 0.004 -3"><span class='ocrx_word' id='word_1_2' title='bbox 1763 453 2251 515; x_wconf 79' lang='lat' dir='ltr'><strong>FRAGMENTA.</strong></span> 
     </span>
    </p>
   </div>
   <div class='ocr_carea' id='block_1_3' title="bbox 3501 458 3638 524">
    <p class='ocr_par' dir='ltr' id='par_1_3' title="bbox 3501 458 3638 524">
     <span class='ocr_line' id='line_1_3' title="bbox 3501 458 3638 524; baseline 0.007 -4"><span class='ocrx_word' id='word_1_3' title='bbox 3501 458 3638 524; x_wconf 71' lang='grc'><strong>1794</strong></span> 
     </span>
    </p>
   </div>
   <div class='ocr_carea' id='block_1_4' title="bbox 389 561 1956 642">
    <p class='ocr_par' dir='ltr' id='par_1_4' title="bbox 389 561 1956 633">
     <span class='ocr_line' id='line_1_4' title="bbox 389 561 1956 633; baseline 0 -16"><span class='ocrx_word' id='word_1_4' title='bbox 389 564 640 632; x_wconf 85' lang='grc' dir='ltr'>ποιῆσαι,</span> <span class='ocrx_word' id='word_1_5' title='bbox 670 561 742 616; x_wconf 84' lang='grc' dir='ltr'>τὰ</span> <span class='ocrx_word' id='word_1_6' title='bbox 783 562 963 617; x_wconf 83' lang='grc' dir='ltr'>πάντα</span> <span class='ocrx_word' id='word_1_7' title='bbox 1007 562 1390 633; x_wconf 78' lang='grc' dir='ltr'><strong>θεοφιλέστατε</strong></span> <span class='ocrx_word' id='word_1_8' title='bbox 1439 562 1534 616; x_wconf 75' lang='grc' dir='ltr'><strong>καὶ</strong></span> <span class='ocrx_word' id='word_1_9' title='bbox 1564 561 1823 618; x_wconf 80' lang='grc' dir='ltr'>ὁσιώτατε</span> <span class='ocrx_word' id='word_1_10' title='bbox 1855 564 1956 617; x_wconf 59' lang='grc' dir='ltr'>πάν</span> 
     </span>
    </p>
   </div>
   <div class='ocr_carea' id='block_1_5' title="bbox 2060 561 3638 642">
    <p class='ocr_par' dir='ltr' id='par_1_5' title="bbox 2060 564 3638 642">
     <span class='ocr_line' id='line_1_5' title="bbox 2060 564 3638 642; baseline 0.008 -24"><span class='ocrx_word' id='word_1_11' title='bbox 2060 564 2276 632; x_wconf 65' lang='lat' dir='ltr'><strong>fecisse,</strong></span> <span class='ocrx_word' id='word_1_12' title='bbox 2301 580 2400 635; x_wconf 86' lang='lat' dir='ltr'><strong>per</strong></span> <span class='ocrx_word' id='word_1_13' title='bbox 2423 567 2603 621; x_wconf 85' lang='lat' dir='ltr'><strong>omnia</strong></span> <span class='ocrx_word' id='word_1_14' title='bbox 2626 565 2738 622; x_wconf 89' lang='lat' dir='ltr'><strong>Deo</strong></span> <span class='ocrx_word' id='word_1_15' title='bbox 2755 566 3003 623; x_wconf 79' lang='lat' dir='ltr'><strong>amabilis</strong></span> <span class='ocrx_word' id='word_1_16' title='bbox 3032 575 3080 623; x_wconf 88' lang='lat' dir='ltr'><strong>et</strong></span> <span class='ocrx_word' id='word_1_17' title='bbox 3110 569 3452 625; x_wconf 82' lang='lat' dir='ltr'><strong>sanctissime</strong></span> <span class='ocrx_word' id='word_1_18' title='bbox 3484 584 3638 642; x_wconf 87' lang='lat' dir='ltr'><strong>pater</strong></span> 
     </span>
    </p>
   </div>
   <div class='ocr_carea' id='block_1_6' title="bbox 387 653 1962 726">
    <p class='ocr_par' dir='ltr' id='par_1_6' title="bbox 387 653 1962 726">
     <span class='ocr_line' id='line_1_6' title="bbox 387 653 1962 726; baseline 0 -18"><span class='ocrx_word' id='word_1_19' title='bbox 387 672 482 726; x_wconf 97' lang='grc' dir='ltr'><strong>τερ</strong></span> <span class='ocrx_word' id='word_1_20' title='bbox 519 653 761 726; x_wconf 83' lang='grc' dir='ltr'><strong>Ἰωάννη.</strong></span> <span class='ocrx_word' id='word_1_21' title='bbox 803 654 912 709; x_wconf 80' lang='grc' dir='ltr'><strong>Καὶ</strong></span> <span class='ocrx_word' id='word_1_22' title='bbox 951 655 1079 724; x_wconf 78' lang='grc' dir='ltr'>μετ’</span> <span class='ocrx_word' id='word_1_23' title='bbox 1121 656 1326 725; x_wconf 72' lang='grc' dir='ltr'>ὀλίγαο</span> <span class='ocrx_word' id='word_1_24' title='bbox 1377 655 1595 726; x_wconf 80' lang='grc' dir='ltr'><strong>Ἐπειδὴ</strong></span> <span class='ocrx_word' id='word_1_25' title='bbox 1635 656 1744 726; x_wconf 80' lang='grc' dir='ltr'><strong>γάρ</strong></span> <span class='ocrx_word' id='word_1_26' title='bbox 1795 655 1962 708; x_wconf 85' lang='grc' dir='ltr'>πολυ-</span> 
     </span>
    </p>
   </div>
   <div class='ocr_carea' id='block_1_7' title="bbox 386 747 1960 819">
    <p class='ocr_par' dir='ltr' id='par_1_7' title="bbox 386 747 1960 819">
     <span class='ocr_line' id='line_1_7' title="bbox 386 747 1960 819; baseline 0 -19"><span class='ocrx_word' id='word_1_27' title='bbox 386 749 560 817; x_wconf 81' lang='grc' dir='ltr'>ῖστωρ</span> <span class='ocrx_word' id='word_1_28' title='bbox 595 749 623 800; x_wconf 86' lang='grc' dir='ltr'>ὁ</span> <span class='ocrx_word' id='word_1_29' title='bbox 649 747 791 818; x_wconf 84' lang='grc' dir='ltr'>ἀνὴρ</span> <span class='ocrx_word' id='word_1_30' title='bbox 843 747 1058 816; x_wconf 84' lang='grc' dir='ltr'>γέγονε.</span> <span class='ocrx_word' id='word_1_31' title='bbox 1100 747 1280 810; x_wconf 86' lang='grc' dir='ltr'>πάσας</span> <span class='ocrx_word' id='word_1_32' title='bbox 1308 748 1408 810; x_wconf 82' lang='grc' dir='ltr'>τὰς</span> <span class='ocrx_word' id='word_1_33' title='bbox 1434 747 1544 800; x_wconf 88' lang='grc' dir='ltr'><strong>τῶν</strong></span> <span class='ocrx_word' id='word_1_34' title='bbox 1588 749 1960 819; x_wconf 82' lang='grc' dir='ltr'>ἀρχαιοτέρων</span> 
     </span>
    </p>
   </div>
   <div class='ocr_carea' id='block_1_8' title="bbox 389 840 1960 912">
    <p class='ocr_par' dir='ltr' id='par_1_8' title="bbox 389 840 1960 912">
     <span class='ocr_line' id='line_1_8' title="bbox 389 840 1960 912; baseline 0.001 -19"><span class='ocrx_word' id='word_1_35' title='bbox 389 840 605 912; x_wconf 87' lang='grc' dir='ltr'>βίϐλους</span> <span class='ocrx_word' id='word_1_36' title='bbox 630 857 690 894; x_wconf 89' lang='grc' dir='ltr'><strong>τε</strong></span> <span class='ocrx_word' id='word_1_37' title='bbox 726 841 822 895; x_wconf 77' lang='grc' dir='ltr'>καὶ</span> <span class='ocrx_word' id='word_1_38' title='bbox 865 841 1282 912; x_wconf 88' lang='grc' dir='ltr'>συγγράμματα</span> <span class='ocrx_word' id='word_1_39' title='bbox 1316 841 1676 912; x_wconf 77' lang='grc' dir='ltr'>ἐξερευνήσας</span> <span class='ocrx_word' id='word_1_40' title='bbox 1722 843 1818 896; x_wconf 76' lang='grc' dir='ltr'><strong>καὶ</strong></span> <span class='ocrx_word' id='word_1_41' title='bbox 1867 843 1960 894; x_wconf 85' lang='grc' dir='ltr'>ἀν-</span> 
     </span>
    </p>
   </div>
   <div class='ocr_carea' id='block_1_9' title="bbox 386 933 1958 1005">
    <p class='ocr_par' dir='ltr' id='par_1_9' title="bbox 386 933 1958 1005">
     <span class='ocr_line' id='line_1_9' title="bbox 386 933 1958 1005; baseline 0.001 -19"><span class='ocrx_word' id='word_1_42' title='bbox 386 933 664 1004; x_wconf 79' lang='grc' dir='ltr'>ιχνεῦσας,</span> <span class='ocrx_word' id='word_1_43' title='bbox 692 933 903 998; x_wconf 73' lang='grc' dir='ltr'>καὶτὰς</span> <span class='ocrx_word' id='word_1_44' title='bbox 933 936 1151 989; x_wconf 88' lang='grc' dir='ltr'>πάντων</span> <span class='ocrx_word' id='word_1_45' title='bbox 1185 933 1384 1005; x_wconf 90' lang='grc' dir='ltr'>μικροῦ</span> <span class='ocrx_word' id='word_1_46' title='bbox 1413 935 1524 988; x_wconf 84' lang='grc' dir='ltr'>δεῖν</span> <span class='ocrx_word' id='word_1_47' title='bbox 1547 935 1704 1001; x_wconf 82' lang='grc' dir='ltr'>δόξας</span> <span class='ocrx_word' id='word_1_48' title='bbox 1727 935 1958 1004; x_wconf 79' lang='grc' dir='ltr'>ἐκθέμε-</span> 
     </span>
    </p>
   </div>
   <div class='ocr_carea' id='block_1_10' title="bbox 383 1028 1955 1100">
    <p class='ocr_par' dir='ltr' id='par_1_10' title="bbox 383 1028 1955 1100">
     <span class='ocr_line' id='line_1_10' title="bbox 383 1028 1955 1100; baseline 0.001 -21"><span class='ocrx_word' id='word_1_49' title='bbox 383 1045 496 1091; x_wconf 82' lang='grc' dir='ltr'>νος,</span> <span class='ocrx_word' id='word_1_50' title='bbox 522 1029 616 1081; x_wconf 80' lang='grc' dir='ltr'><strong>καὶ</strong></span> <span class='ocrx_word' id='word_1_51' title='bbox 651 1028 876 1082; x_wconf 87' lang='grc' dir='ltr'>πλεῖστα</span> <span class='ocrx_word' id='word_1_52' title='bbox 899 1028 1316 1099; x_wconf 87' lang='grc' dir='ltr'>συγγράμματα</span> <span class='ocrx_word' id='word_1_53' title='bbox 1348 1029 1685 1099; x_wconf 74' lang='grc' dir='ltr'><strong>καταλείψας</strong></span> <span class='ocrx_word' id='word_1_54' title='bbox 1714 1030 1792 1100; x_wconf 84' lang='grc' dir='ltr'><strong>τῷ</strong></span> <span class='ocrx_word' id='word_1_55' title='bbox 1822 1030 1919 1100; x_wconf 81' lang='grc' dir='ltr'>βίῳ</span> <span class='ocrx_word' id='word_1_56' title='bbox 1940 1047 1955 1062; x_wconf 79' lang='grc' dir='ltr'><strong><em>ο</em></strong></span> 
     </span>
    </p>
   </div>
   <div class='ocr_carea' id='block_1_11' title="bbox 380 1113 1955 1193">
    <p class='ocr_par' dir='ltr' id='par_1_11' title="bbox 380 1113 1955 1193">
     <span class='ocr_line' id='line_1_11' title="bbox 380 1113 1955 1193; baseline 0 -19"><span class='ocrx_word' id='word_1_57' title='bbox 380 1113 457 1174; x_wconf 79' lang='grc' dir='ltr'>ὧν</span> <span class='ocrx_word' id='word_1_58' title='bbox 509 1121 625 1175; x_wconf 77' lang='grc' dir='ltr'>ἔνια</span> <span class='ocrx_word' id='word_1_59' title='bbox 679 1122 773 1176; x_wconf 76' lang='grc' dir='ltr'><strong>καὶ</strong></span> <span class='ocrx_word' id='word_1_60' title='bbox 832 1122 1013 1192; x_wconf 82' lang='grc' dir='ltr'><strong>πάσης</strong></span> <span class='ocrx_word' id='word_1_61' title='bbox 1066 1122 1342 1192; x_wconf 81' lang='grc' dir='ltr'><strong>ἀποδοχῆς</strong></span> <span class='ocrx_word' id='word_1_62' title='bbox 1390 1122 1517 1186; x_wconf 81' lang='grc' dir='ltr'>ἄξια</span> <span class='ocrx_word' id='word_1_63' title='bbox 1565 1123 1860 1193; x_wconf 83' lang='grc' dir='ltr'><strong>τυγχάνει·</strong></span> <span class='ocrx_word' id='word_1_64' title='bbox 1889 1125 1955 1193; x_wconf 80' lang='grc' dir='ltr'>τῇ</span> 
     </span>
    </p>
   </div>
   <div class='ocr_carea' id='block_1_12' title="bbox 382 1211 1956 1284">
    <p class='ocr_par' dir='ltr' id='par_1_12' title="bbox 382 1211 1956 1284">
     <span class='ocr_line' id='line_1_12' title="bbox 382 1211 1956 1284; baseline 0.001 -20"><span class='ocrx_word' id='word_1_65' title='bbox 382 1213 606 1284; x_wconf 80' lang='grc' dir='ltr'>τοιαύτῃ</span> <span class='ocrx_word' id='word_1_66' title='bbox 646 1211 739 1266; x_wconf 87' lang='grc' dir='ltr'><strong>τοῦ</strong></span> <span class='ocrx_word' id='word_1_67' title='bbox 782 1212 974 1283; x_wconf 77' lang='grc' dir='ltr'>ἀνδρὸς</span> <span class='ocrx_word' id='word_1_68' title='bbox 1025 1212 1292 1284; x_wconf 73' lang='grc' dir='ltr'><strong>ὑπολήψει</strong></span> <span class='ocrx_word' id='word_1_69' title='bbox 1335 1214 1626 1284; x_wconf 81' lang='grc' dir='ltr'>χρώμενοι,</span> <span class='ocrx_word' id='word_1_70' title='bbox 1673 1213 1956 1283; x_wconf 80' lang='grc' dir='ltr'>συναρπά-</span> 
     </span>
    </p>
   </div>
   <div class='ocr_carea' id='block_1_13' title="bbox 384 1303 1959 1375">
    <p class='ocr_par' dir='ltr' id='par_1_13' title="bbox 384 1303 1959 1375">
     <span class='ocr_line' id='line_1_13' title="bbox 384 1303 1959 1375; baseline 0.001 -20"><span class='ocrx_word' id='word_1_71' title='bbox 384 1304 497 1369; x_wconf 79' lang='grc' dir='ltr'>ζειν</span> <span class='ocrx_word' id='word_1_72' title='bbox 543 1305 912 1374; x_wconf 79' lang='grc' dir='ltr'>ἐπιχειροῦσιν</span> <span class='ocrx_word' id='word_1_73' title='bbox 947 1303 1144 1368; x_wconf 78' lang='grc' dir='ltr'>ἐνίους,</span> <span class='ocrx_word' id='word_1_74' title='bbox 1183 1304 1258 1368; x_wconf 87' lang='grc' dir='ltr'>ὡς</span> <span class='ocrx_word' id='word_1_75' title='bbox 1283 1307 1386 1370; x_wconf 84' lang='grc' dir='ltr'>ὅτι,</span> <span class='ocrx_word' id='word_1_76' title='bbox 1421 1307 1607 1375; x_wconf 75' lang='grc' dir='ltr'>φησὶν,</span> <span class='ocrx_word' id='word_1_77' title='bbox 1653 1305 1753 1358; x_wconf 89' lang='grc' dir='ltr'><strong>οὐκ</strong></span> <span class='ocrx_word' id='word_1_78' title='bbox 1780 1305 1845 1358; x_wconf 82' lang='grc' dir='ltr'>ἂν</span> <span class='ocrx_word' id='word_1_79' title='bbox 1885 1306 1959 1357; x_wconf 80' lang='grc' dir='ltr'><strong>εἴ·</strong></span> 
     </span>
    </p>
   </div>
   <div class='ocr_carea' id='block_1_14' title="bbox 383 1395 1958 1468">
    <p class='ocr_par' dir='ltr' id='par_1_14' title="bbox 383 1395 1958 1468">
     <span class='ocr_line' id='line_1_14' title="bbox 383 1395 1958 1468; baseline 0.001 -21"><span class='ocrx_word' id='word_1_80' title='bbox 383 1395 504 1448; x_wconf 88' lang='grc' dir='ltr'>λετο</span> <span class='ocrx_word' id='word_1_81' title='bbox 527 1395 786 1459; x_wconf 83' lang='grc' dir='ltr'>Εὐσέϐιος</span> <span class='ocrx_word' id='word_1_82' title='bbox 813 1396 908 1449; x_wconf 78' lang='grc' dir='ltr'>ὲπὶ</span> <span class='ocrx_word' id='word_1_83' title='bbox 933 1395 1090 1449; x_wconf 88' lang='grc' dir='ltr'>τοῦτο</span> <span class='ocrx_word' id='word_1_84' title='bbox 1117 1397 1266 1458; x_wconf 80' lang='grc' dir='ltr'>ἰδεῖν,</span> <span class='ocrx_word' id='word_1_85' title='bbox 1305 1400 1354 1450; x_wconf 85' lang='grc' dir='ltr'><strong>εί</strong></span> <span class='ocrx_word' id='word_1_86' title='bbox 1395 1397 1470 1467; x_wconf 82' lang='grc' dir='ltr'>μὴ</span> <span class='ocrx_word' id='word_1_87' title='bbox 1501 1397 1680 1458; x_wconf 87' lang='grc' dir='ltr'>πάσας</span> <span class='ocrx_word' id='word_1_88' title='bbox 1713 1397 1958 1468; x_wconf 86' lang='grc' dir='ltr'>ἀκριϐῶς</span> 
     </span>
    </p>
   </div>
   <div class='ocr_carea' id='block_1_15' title="bbox 381 1488 1952 1561">
    <p class='ocr_par' dir='ltr' id='par_1_15' title="bbox 381 1488 1952 1561">
     <span class='ocr_line' id='line_1_15' title="bbox 381 1488 1952 1561; baseline 0.004 -22"><span class='ocrx_word' id='word_1_89' title='bbox 381 1488 654 1555; x_wconf 84' lang='grc' dir='ltr'>ἠπίστατο</span> <span class='ocrx_word' id='word_1_90' title='bbox 675 1489 784 1541; x_wconf 90' lang='grc' dir='ltr'><strong>τῶν</strong></span> <span class='ocrx_word' id='word_1_91' title='bbox 811 1489 1056 1543; x_wconf 92' lang='grc' dir='ltr'>παλαιῶν</span> <span class='ocrx_word' id='word_1_92' title='bbox 1087 1489 1187 1554; x_wconf 76' lang='grc' dir='ltr'><strong>τὰς</strong></span> <span class='ocrx_word' id='word_1_93' title='bbox 1215 1488 1372 1556; x_wconf 84' lang='grc' dir='ltr'>δόξας</span> <span class='ocrx_word' id='word_1_94' title='bbox 1413 1489 1571 1544; x_wconf 88' lang='grc' dir='ltr'>τοῦτο</span> <span class='ocrx_word' id='word_1_95' title='bbox 1601 1489 1952 1561; x_wconf 80' lang='grc' dir='ltr'><strong>βουλομένας.</strong></span> 
     </span>
    </p>
   </div>
   <div class='ocr_carea' id='block_1_16' title="bbox 394 1578 1956 1654">
    <p class='ocr_par' dir='ltr' id='par_1_16' title="bbox 394 1578 1956 1654">
     <span class='ocr_line' id='line_1_16' title="bbox 394 1578 1956 1654; baseline 0.001 -21"><span class='ocrx_word' id='word_1_96' title='bbox 394 1578 536 1647; x_wconf 86' lang='grc' dir='ltr'><strong>Ἐγὼ</strong></span> <span class='ocrx_word' id='word_1_97' title='bbox 565 1579 643 1644; x_wconf 74' lang='grc' dir='ltr'><strong>δὲ,</strong></span> <span class='ocrx_word' id='word_1_98' title='bbox 684 1582 766 1634; x_wconf 85' lang='grc' dir='ltr'><strong>ὅτι</strong></span> <span class='ocrx_word' id='word_1_99' title='bbox 823 1580 922 1651; x_wconf 81' lang='grc' dir='ltr'><strong>μὲν</strong></span> <span class='ocrx_word' id='word_1_100' title='bbox 975 1581 1285 1652; x_wconf 84' lang='grc' dir='ltr'>πολυῖστωρ</span> <span class='ocrx_word' id='word_1_101' title='bbox 1330 1583 1358 1634; x_wconf 88' lang='grc' dir='ltr'>ὁ</span> <span class='ocrx_word' id='word_1_102' title='bbox 1393 1581 1551 1654; x_wconf 78' lang='grc' dir='ltr'>ἀνὴρ,</span> <span class='ocrx_word' id='word_1_103' title='bbox 1585 1583 1678 1635; x_wconf 71' lang='grc' dir='ltr'>καὶ</span> <span class='ocrx_word' id='word_1_104' title='bbox 1712 1581 1866 1635; x_wconf 86' lang='grc' dir='ltr'>οὐδέν</span> <span class='ocrx_word' id='word_1_105' title='bbox 1904 1599 1956 1634; x_wconf 90' lang='grc' dir='ltr'><strong>τι</strong></span> 
     </span>
    </p>
   </div>
   <div class='ocr_carea' id='block_1_17' title="bbox 380 1671 1955 1745">
    <p class='ocr_par' dir='ltr' id='par_1_17' title="bbox 380 1671 1955 1745">
     <span class='ocr_line' id='line_1_17' title="bbox 380 1671 1955 1745; baseline 0 -21"><span class='ocrx_word' id='word_1_106' title='bbox 380 1671 489 1724; x_wconf 88' lang='grc' dir='ltr'><strong>τῶν</strong></span> <span class='ocrx_word' id='word_1_107' title='bbox 507 1673 882 1745; x_wconf 81' lang='grc' dir='ltr'>παλαιοτέρων</span> <span class='ocrx_word' id='word_1_108' title='bbox 910 1673 1363 1744; x_wconf 82' lang='grc' dir='ltr'>συγγραμμάτων</span> <span class='ocrx_word' id='word_1_109' title='bbox 1386 1671 1484 1743; x_wconf 83' lang='grc' dir='ltr'><strong>τὴν</strong></span> <span class='ocrx_word' id='word_1_110' title='bbox 1502 1673 1714 1726; x_wconf 78' lang='grc' dir='ltr'>ἐκείνου</span> <span class='ocrx_word' id='word_1_111' title='bbox 1744 1671 1955 1725; x_wconf 88' lang='grc' dir='ltr'>διέλαθε</span> 
     </span>
    </p>
   </div>
   <div class='ocr_carea' id='block_1_18' title="bbox 379 1762 1957 1836">
    <p class='ocr_par' dir='ltr' id='par_1_18' title="bbox 379 1762 1957 1836">
     <span class='ocr_line' id='line_1_18' title="bbox 379 1762 1957 1836; baseline -0.001 -20"><span class='ocrx_word' id='word_1_112' title='bbox 379 1762 606 1830; x_wconf 85' lang='grc' dir='ltr'>γνῶσιν,</span> <span class='ocrx_word' id='word_1_113' title='bbox 654 1763 909 1834; x_wconf 82' lang='grc' dir='ltr'>σύμφημι</span> <span class='ocrx_word' id='word_1_114' title='bbox 958 1765 1052 1818; x_wconf 80' lang='grc' dir='ltr'>καὶ</span> <span class='ocrx_word' id='word_1_115' title='bbox 1091 1764 1357 1835; x_wconf 84' lang='grc' dir='ltr'>ὁμολογῶ.</span> <span class='ocrx_word' id='word_1_116' title='bbox 1397 1764 1658 1836; x_wconf 82' lang='grc' dir='ltr'>Βασιλικῇ</span> <span class='ocrx_word' id='word_1_117' title='bbox 1691 1763 1802 1834; x_wconf 82' lang='grc' dir='ltr'>γὰρ</span> <span class='ocrx_word' id='word_1_118' title='bbox 1833 1780 1957 1816; x_wconf 90' lang='grc' dir='ltr'>συν-</span> 
     </span>
    </p>
   </div>
   <div class='ocr_carea' id='block_1_19' title="bbox 379 1855 1956 1928">
    <p class='ocr_par' dir='ltr' id='par_1_19' title="bbox 379 1855 1956 1928">
     <span class='ocr_line' id='line_1_19' title="bbox 379 1855 1956 1928; baseline 0 -20"><span class='ocrx_word' id='word_1_119' title='bbox 379 1855 542 1928; x_wconf 77' lang='grc' dir='ltr'>εργίᾳ</span> <span class='ocrx_word' id='word_1_120' title='bbox 572 1855 856 1927; x_wconf 84' lang='grc' dir='ltr'>χρώμενος</span> <span class='ocrx_word' id='word_1_121' title='bbox 878 1895 893 1919; x_wconf 89' lang='grc'><strong>,</strong></span> <span class='ocrx_word' id='word_1_122' title='bbox 949 1857 1148 1928; x_wconf 80' lang='grc' dir='ltr'><strong>ῥᾳδίως</strong></span> <span class='ocrx_word' id='word_1_123' title='bbox 1177 1856 1245 1911; x_wconf 75' lang='grc' dir='ltr'>τὰ</span> <span class='ocrx_word' id='word_1_124' title='bbox 1276 1856 1555 1928; x_wconf 83' lang='grc' dir='ltr'>πανταχοῦ</span> <span class='ocrx_word' id='word_1_125' title='bbox 1591 1857 1728 1928; x_wconf 80' lang='grc' dir='ltr'>πρὸς</span> <span class='ocrx_word' id='word_1_126' title='bbox 1765 1855 1956 1909; x_wconf 76' lang='grc' dir='ltr'>ἑαυτὸν</span> 
     </span>
    </p>
   </div>
   <div class='ocr_carea' id='block_1_20' title="bbox 2063 656 3636 728">
    <p class='ocr_par' dir='ltr' id='par_1_20' title="bbox 2063 656 3636 728">
     <span class='ocr_line' id='line_1_20' title="bbox 2063 656 3636 728; baseline 0.008 -18"><span class='ocrx_word' id='word_1_127' title='bbox 2063 656 2323 714; x_wconf 79' lang='lat' dir='ltr'><strong>Joannes.</strong></span> <span class='ocrx_word' id='word_1_128' title='bbox 2371 657 2437 712; x_wconf 85' lang='grc' dir='ltr'>Ει</span> <span class='ocrx_word' id='word_1_129' title='bbox 2467 670 2583 728; x_wconf 82' lang='lat' dir='ltr'><strong>post</strong></span> <span class='ocrx_word' id='word_1_130' title='bbox 2613 677 2819 728; x_wconf 84' lang='lat' dir='ltr'><strong>pauca:</strong></span> <span class='ocrx_word' id='word_1_131' title='bbox 2845 660 3110 726; x_wconf 81' lang='lat' dir='ltr'><strong>Quoniam</strong></span> <span class='ocrx_word' id='word_1_132' title='bbox 3145 662 3346 718; x_wconf 91' lang='lat' dir='ltr'><strong>multus</strong></span> <span class='ocrx_word' id='word_1_133' title='bbox 3375 663 3427 716; x_wconf 90' lang='lat' dir='ltr'><strong>iu</strong></span> <span class='ocrx_word' id='word_1_134' title='bbox 3462 664 3636 721; x_wconf 87' lang='lat' dir='ltr'><strong>histo-</strong></span> 
     </span>
    </p>
   </div>
   <div class='ocr_carea' id='block_1_21' title="bbox 2068 749 3636 821">
    <p class='ocr_par' dir='ltr' id='par_1_21' title="bbox 2068 749 3636 821">
     <span class='ocr_line' id='line_1_21' title="bbox 2068 749 3636 821; baseline 0.007 -19"><span class='ocrx_word' id='word_1_135' title='bbox 2068 749 2163 804; x_wconf 83' lang='lat' dir='ltr'><strong>riis</strong></span> <span class='ocrx_word' id='word_1_136' title='bbox 2213 749 2312 805; x_wconf 77' lang='lat' dir='ltr'><strong>l‘uit</strong></span> <span class='ocrx_word' id='word_1_137' title='bbox 2347 751 2450 813; x_wconf 88' lang='lat' dir='ltr'><strong>vir.</strong></span> <span class='ocrx_word' id='word_1_138' title='bbox 2496 755 2675 806; x_wconf 89' lang='lat' dir='ltr'><strong>omnia</strong></span> <span class='ocrx_word' id='word_1_139' title='bbox 2709 754 3056 821; x_wconf 89' lang='lat' dir='ltr'><strong>antiquorum</strong></span> <span class='ocrx_word' id='word_1_140' title='bbox 3093 753 3368 808; x_wconf 86' lang='lat' dir='ltr'><strong>volumina</strong></span> <span class='ocrx_word' id='word_1_141' title='bbox 3414 765 3469 811; x_wconf 90' lang='lat' dir='ltr'><strong>et</strong></span> <span class='ocrx_word' id='word_1_142' title='bbox 3503 772 3636 812; x_wconf 90' lang='lat' dir='ltr'><strong>con-</strong></span> 
     </span>
    </p>
   </div>
   <div class='ocr_carea' id='block_1_22' title="bbox 2061 843 3639 912">
    <p class='ocr_par' dir='ltr' id='par_1_22' title="bbox 2061 843 3639 912">
     <span class='ocr_line' id='line_1_22' title="bbox 2061 843 3639 912; baseline 0.006 -16"><span class='ocrx_word' id='word_1_143' title='bbox 2061 843 2265 910; x_wconf 87' lang='lat' dir='ltr'><strong>scripta</strong></span> <span class='ocrx_word' id='word_1_144' title='bbox 2292 852 2564 897; x_wconf 83' lang='lat' dir='ltr'><strong>scrutatus</strong></span> <span class='ocrx_word' id='word_1_145' title='bbox 2591 854 2754 912; x_wconf 85' lang='lat' dir='ltr'><strong>atque</strong></span> <span class='ocrx_word' id='word_1_146' title='bbox 2803 846 3047 911; x_wconf 88' lang='lat' dir='ltr'><strong>rimatus,</strong></span> <span class='ocrx_word' id='word_1_147' title='bbox 3096 853 3150 900; x_wconf 88' lang='lat' dir='ltr'><strong>et</strong></span> <span class='ocrx_word' id='word_1_148' title='bbox 3192 856 3418 902; x_wconf 87' lang='lat' dir='ltr'><strong>cunctas</strong></span> <span class='ocrx_word' id='word_1_149' title='bbox 3465 847 3639 905; x_wconf 81' lang='lat' dir='ltr'><strong>ferme</strong></span> 
     </span>
    </p>
   </div>
   <div class='ocr_carea' id='block_1_23' title="bbox 2063 933 3639 1006">
    <p class='ocr_par' dir='ltr' id='par_1_23' title="bbox 2063 933 3639 1006">
     <span class='ocr_line' id='line_1_23' title="bbox 2063 933 3639 1006; baseline 0.006 -21"><span class='ocrx_word' id='word_1_150' title='bbox 2063 933 2347 1001; x_wconf 87' lang='lat' dir='ltr'><strong>opiniones</strong></span> <span class='ocrx_word' id='word_1_151' title='bbox 2371 947 2668 1004; x_wconf 75' lang='lat' dir='ltr'><strong>exponens,</strong></span> <span class='ocrx_word' id='word_1_152' title='bbox 2687 945 2738 989; x_wconf 93' lang='lat' dir='ltr'><strong>et</strong></span> <span class='ocrx_word' id='word_1_153' title='bbox 2763 935 2993 1004; x_wconf 89' lang='lat' dir='ltr'><strong>plurima</strong></span> <span class='ocrx_word' id='word_1_154' title='bbox 3017 937 3326 1006; x_wconf 88' lang='lat' dir='ltr'><strong>conscripta</strong></span> <span class='ocrx_word' id='word_1_155' title='bbox 3355 937 3408 992; x_wconf 88' lang='lat' dir='ltr'><strong>in</strong></span> <span class='ocrx_word' id='word_1_156' title='bbox 3439 941 3639 995; x_wconf 64' lang='lat' dir='ltr'><strong>smeulo</strong></span> 
     </span>
    </p>
   </div>
   <div class='ocr_carea' id='block_1_24' title="bbox 2065 1024 3640 1101">
    <p class='ocr_par' dir='ltr' id='par_1_24' title="bbox 2065 1024 3640 1101">
     <span class='ocr_line' id='line_1_24' title="bbox 2065 1024 3640 1101; baseline 0.007 -24"><span class='ocrx_word' id='word_1_157' title='bbox 2065 1024 2485 1094; x_wconf 84' lang='lat' dir='ltr'><strong>derelinquens,</strong></span> <span class='ocrx_word' id='word_1_158' title='bbox 2531 1041 2761 1096; x_wconf 91' lang='lat' dir='ltr'><strong>quorum</strong></span> <span class='ocrx_word' id='word_1_159' title='bbox 2808 1028 3064 1082; x_wconf 87' lang='lat' dir='ltr'><strong>nonnulla</strong></span> <span class='ocrx_word' id='word_1_160' title='bbox 3130 1029 3274 1084; x_wconf 82' lang='grc' dir='ltr'>οηιηὶ</span> <span class='ocrx_word' id='word_1_161' title='bbox 3328 1033 3640 1101; x_wconf 89' lang='lat' dir='ltr'><strong>receptione</strong></span> 
     </span>
    </p>
   </div>
   <div class='ocr_carea' id='block_1_25' title="bbox 2062 1114 3638 1190">
    <p class='ocr_par' dir='ltr' id='par_1_25' title="bbox 2062 1114 3638 1190">
     <span class='ocr_line' id='line_1_25' title="bbox 2062 1114 3638 1190; baseline 0.007 -23"><span class='ocrx_word' id='word_1_162' title='bbox 2062 1114 2223 1186; x_wconf 82' lang='lat' dir='ltr'><strong>digna</strong></span> <span class='ocrx_word' id='word_1_163' title='bbox 2256 1118 2579 1180; x_wconf 80' lang='lat' dir='ltr'><strong>cunsisuut,</strong></span> <span class='ocrx_word' id='word_1_164' title='bbox 2621 1119 2748 1172; x_wconf 90' lang='lat' dir='ltr'><strong>talis</strong></span> <span class='ocrx_word' id='word_1_165' title='bbox 2787 1119 2885 1173; x_wconf 89' lang='lat' dir='ltr'><strong>viri</strong></span> <span class='ocrx_word' id='word_1_166' title='bbox 2915 1121 3170 1190; x_wconf 79' lang='lat' dir='ltr'><strong>Opinione</strong></span> <span class='ocrx_word' id='word_1_167' title='bbox 3196 1131 3437 1190; x_wconf 87' lang='lat' dir='ltr'><strong>utentes,</strong></span> <span class='ocrx_word' id='word_1_168' title='bbox 3467 1125 3638 1179; x_wconf 90' lang='lat' dir='ltr'><strong>subri-</strong></span> 
     </span>
    </p>
   </div>
   <div class='ocr_carea' id='block_1_26' title="bbox 2062 1209 3641 1281">
    <p class='ocr_par' dir='ltr' id='par_1_26' title="bbox 2062 1209 3641 1281">
     <span class='ocr_line' id='line_1_26' title="bbox 2062 1209 3641 1281; baseline 0.008 -20"><span class='ocrx_word' id='word_1_169' title='bbox 2062 1220 2194 1275; x_wconf 84' lang='lat' dir='ltr'><strong>pere</strong></span> <span class='ocrx_word' id='word_1_170' title='bbox 2224 1218 2494 1261; x_wconf 86' lang='lat' dir='ltr'><strong>conautur</strong></span> <span class='ocrx_word' id='word_1_171' title='bbox 2535 1209 2844 1274; x_wconf 87' lang='lat' dir='ltr'><strong>nonnullos,</strong></span> <span class='ocrx_word' id='word_1_172' title='bbox 2897 1212 3129 1267; x_wconf 80' lang='lat' dir='ltr'><strong>fatentes</strong></span> <span class='ocrx_word' id='word_1_173' title='bbox 3181 1214 3322 1281; x_wconf 89' lang='lat' dir='ltr'><strong>quod</strong></span> <span class='ocrx_word' id='word_1_174' title='bbox 3369 1214 3641 1273; x_wconf 83' lang='lat' dir='ltr'><strong>Eusebius</strong></span> 
     </span>
    </p>
   </div>
   <div class='ocr_carea' id='block_1_27' title="bbox 2062 1302 3640 1372">
    <p class='ocr_par' dir='ltr' id='par_1_27' title="bbox 2062 1302 3640 1372">
     <span class='ocr_line' id='line_1_27' title="bbox 2062 1302 3640 1372; baseline 0.004 -17"><span class='ocrx_word' id='word_1_175' title='bbox 2062 1302 2176 1372; x_wconf 86' lang='lat' dir='ltr'><strong>(l7)</strong></span> <span class='ocrx_word' id='word_1_176' title='bbox 2232 1303 2297 1356; x_wconf 90' lang='lat' dir='ltr'><strong>ad</strong></span> <span class='ocrx_word' id='word_1_177' title='bbox 2354 1303 2456 1357; x_wconf 93' lang='lat' dir='ltr'><strong>hoc</strong></span> <span class='ocrx_word' id='word_1_178' title='bbox 2512 1318 2616 1358; x_wconf 91' lang='lat' dir='ltr'><strong>non</strong></span> <span class='ocrx_word' id='word_1_179' title='bbox 2667 1306 2973 1360; x_wconf 79' lang='lat' dir='ltr'><strong>traheretur</strong></span> <span class='ocrx_word' id='word_1_180' title='bbox 3011 1305 3229 1372; x_wconf 81' lang='lat' dir='ltr'><strong>vidisse,</strong></span> <span class='ocrx_word' id='word_1_181' title='bbox 3296 1307 3398 1362; x_wconf 89' lang='lat' dir='ltr'><strong>nisi</strong></span> <span class='ocrx_word' id='word_1_182' title='bbox 3448 1323 3640 1362; x_wconf 85' lang='lat' dir='ltr'><strong>omnes</strong></span> 
     </span>
    </p>
   </div>
   <div class='ocr_carea' id='block_1_28' title="bbox 2062 1389 3638 1465">
    <p class='ocr_par' dir='ltr' id='par_1_28' title="bbox 2062 1389 3638 1465">
     <span class='ocr_line' id='line_1_28' title="bbox 2062 1389 3638 1465; baseline 0.007 -23"><span class='ocrx_word' id='word_1_183' title='bbox 2062 1390 2130 1444; x_wconf 91' lang='lat' dir='ltr'><strong>ad</strong></span> <span class='ocrx_word' id='word_1_184' title='bbox 2187 1389 2448 1460; x_wconf 89' lang='lat' dir='ltr'><strong>liquidum</strong></span> <span class='ocrx_word' id='word_1_185' title='bbox 2501 1401 2743 1446; x_wconf 82' lang='lat' dir='ltr'><strong>veterum</strong></span> <span class='ocrx_word' id='word_1_186' title='bbox 2802 1393 2968 1448; x_wconf 85' lang='lat' dir='ltr'><strong>sciret</strong></span> <span class='ocrx_word' id='word_1_187' title='bbox 3018 1396 3304 1465; x_wconf 83' lang='lat' dir='ltr'><strong>opiniones</strong></span> <span class='ocrx_word' id='word_1_188' title='bbox 3356 1397 3456 1452; x_wconf 91' lang='lat' dir='ltr'><strong>hoc</strong></span> <span class='ocrx_word' id='word_1_189' title='bbox 3501 1397 3638 1453; x_wconf 86' lang='lat' dir='ltr'><strong>velle</strong></span> 
     </span>
    </p>
   </div>
   <div class='ocr_carea' id='block_1_29' title="bbox 2063 1485 3638 1557">
    <p class='ocr_par' dir='ltr' id='par_1_29' title="bbox 2063 1485 3638 1557">
     <span class='ocr_line' id='line_1_29' title="bbox 2063 1485 3638 1557; baseline 0.006 -21"><span class='ocrx_word' id='word_1_190' title='bbox 2063 1493 2453 1539; x_wconf 84' lang='lat' dir='ltr'><strong>monstrantes.</strong></span> <span class='ocrx_word' id='word_1_191' title='bbox 2481 1485 2548 1538; x_wconf 85' lang='lat' dir='ltr'><strong>At</strong></span> <span class='ocrx_word' id='word_1_192' title='bbox 2578 1500 2700 1554; x_wconf 73' lang='lat' dir='ltr'><strong>ego.</strong></span> <span class='ocrx_word' id='word_1_193' title='bbox 2733 1487 2874 1554; x_wconf 91' lang='lat' dir='ltr'><strong>quod</strong></span> <span class='ocrx_word' id='word_1_194' title='bbox 2907 1487 3107 1542; x_wconf 89' lang='lat' dir='ltr'><strong>multus</strong></span> <span class='ocrx_word' id='word_1_195' title='bbox 3133 1489 3349 1557; x_wconf 81' lang='lat' dir='ltr'><strong>quidem</strong></span> <span class='ocrx_word' id='word_1_196' title='bbox 3379 1491 3432 1543; x_wconf 88' lang='lat' dir='ltr'><strong>in</strong></span> <span class='ocrx_word' id='word_1_197' title='bbox 3465 1490 3638 1546; x_wconf 88' lang='lat' dir='ltr'><strong>histo-</strong></span> 
     </span>
    </p>
   </div>
   <div class='ocr_carea' id='block_1_30' title="bbox 2063 1574 3636 1650">
    <p class='ocr_par' dir='ltr' id='par_1_30' title="bbox 2063 1574 3636 1650">
     <span class='ocr_line' id='line_1_30' title="bbox 2063 1574 3636 1650; baseline 0.006 -24"><span class='ocrx_word' id='word_1_198' title='bbox 2063 1575 2161 1628; x_wconf 85' lang='lat' dir='ltr'><strong>riis</strong></span> <span class='ocrx_word' id='word_1_199' title='bbox 2191 1574 2356 1628; x_wconf 88' lang='lat' dir='ltr'><strong>l&#39;uerit</strong></span> <span class='ocrx_word' id='word_1_200' title='bbox 2383 1576 2488 1641; x_wconf 91' lang='lat' dir='ltr'><strong>vir,</strong></span> <span class='ocrx_word' id='word_1_201' title='bbox 2514 1587 2570 1631; x_wconf 88' lang='lat' dir='ltr'><strong>et</strong></span> <span class='ocrx_word' id='word_1_202' title='bbox 2593 1577 2724 1631; x_wconf 92' lang='lat' dir='ltr'><strong>nihil</strong></span> <span class='ocrx_word' id='word_1_203' title='bbox 2751 1593 2816 1631; x_wconf 80' lang='lat' dir='ltr'><strong>ex</strong></span> <span class='ocrx_word' id='word_1_204' title='bbox 2845 1579 3120 1632; x_wconf 84' lang='lat' dir='ltr'><strong>veteribus</strong></span> <span class='ocrx_word' id='word_1_205' title='bbox 3140 1579 3636 1650; x_wconf 83' lang='lat' dir='ltr'><strong>conscriptionibus</strong></span> 
     </span>
    </p>
   </div>
   <div class='ocr_carea' id='block_1_31' title="bbox 2063 1665 3634 1734">
    <p class='ocr_par' dir='ltr' id='par_1_31' title="bbox 2063 1665 3634 1734">
     <span class='ocr_line' id='line_1_31' title="bbox 2063 1665 3634 1734; baseline 0.004 -14"><span class='ocrx_word' id='word_1_206' title='bbox 2063 1666 2207 1721; x_wconf 91' lang='lat' dir='ltr'><strong>illius</strong></span> <span class='ocrx_word' id='word_1_207' title='bbox 2281 1665 2502 1721; x_wconf 82' lang='lat' dir='ltr'><strong>latuerit</strong></span> <span class='ocrx_word' id='word_1_208' title='bbox 2557 1669 2847 1734; x_wconf 81' lang='lat' dir='ltr'><strong>notitiam,</strong></span> <span class='ocrx_word' id='word_1_209' title='bbox 2899 1673 3180 1726; x_wconf 83' lang='lat' dir='ltr'><strong>consentio</strong></span> <span class='ocrx_word' id='word_1_210' title='bbox 3247 1681 3300 1726; x_wconf 91' lang='lat' dir='ltr'><strong>et</strong></span> <span class='ocrx_word' id='word_1_211' title='bbox 3351 1671 3634 1727; x_wconf 80' lang='lat' dir='ltr'><strong>conﬁteor.</strong></span> 
     </span>
    </p>
   </div>
   <div class='ocr_carea' id='block_1_32' title="bbox 2061 1759 3636 1836">
    <p class='ocr_par' dir='ltr' id='par_1_32' title="bbox 2061 1759 3636 1836">
     <span class='ocr_line' id='line_1_32' title="bbox 2061 1759 3636 1836; baseline 0.004 -22"><span class='ocrx_word' id='word_1_212' title='bbox 2061 1759 2333 1829; x_wconf 87' lang='lat' dir='ltr'><strong>Imperiali</strong></span> <span class='ocrx_word' id='word_1_213' title='bbox 2349 1761 2546 1832; x_wconf 88' lang='lat' dir='ltr'><strong>quippe</strong></span> <span class='ocrx_word' id='word_1_214' title='bbox 2567 1763 2949 1830; x_wconf 89' lang='lat' dir='ltr'><strong>cooperatione</strong></span> <span class='ocrx_word' id='word_1_215' title='bbox 2966 1779 3113 1829; x_wconf 87' lang='lat' dir='ltr'><strong>usus,</strong></span> <span class='ocrx_word' id='word_1_216' title='bbox 3133 1763 3288 1818; x_wconf 84' lang='lat' dir='ltr'><strong>facile</strong></span> <span class='ocrx_word' id='word_1_217' title='bbox 3301 1779 3420 1834; x_wconf 67' lang='lat' dir='ltr'><strong>quae</strong></span> <span class='ocrx_word' id='word_1_218' title='bbox 3435 1765 3636 1836; x_wconf 88' lang='lat' dir='ltr'><strong>ubique</strong></span> 
     </span>
    </p>
   </div>
   <div class='ocr_carea' id='block_1_33' title="bbox 2061 1855 3637 1926">
    <p class='ocr_par' dir='ltr' id='par_1_33' title="bbox 2061 1855 3637 1926">
     <span class='ocr_line' id='line_1_33' title="bbox 2061 1855 3637 1926; baseline 0.003 -19"><span class='ocrx_word' id='word_1_219' title='bbox 2061 1867 2248 1922; x_wconf 87' lang='lat' dir='ltr'><strong>sparsa</strong></span> <span class='ocrx_word' id='word_1_220' title='bbox 2293 1863 2496 1917; x_wconf 80' lang='lat' dir='ltr'><strong>erant,</strong></span> <span class='ocrx_word' id='word_1_221' title='bbox 2555 1855 2808 1924; x_wconf 74' lang='lat' dir='ltr'><strong>colligere</strong></span> <span class='ocrx_word' id='word_1_222' title='bbox 2860 1865 3094 1926; x_wconf 86' lang='lat' dir='ltr'><strong>poterat.</strong></span> <span class='ocrx_word' id='word_1_223' title='bbox 3155 1855 3273 1912; x_wconf 79' lang='lat' dir='ltr'><strong>Non</strong></span> <span class='ocrx_word' id='word_1_224' title='bbox 3331 1866 3511 1912; x_wconf 89' lang='lat' dir='ltr'><strong>autem</strong></span> <span class='ocrx_word' id='word_1_225' title='bbox 3567 1858 3637 1912; x_wconf 88' lang='lat' dir='ltr'><strong>ad</strong></span> 
     </span>
    </p>
   </div>
   <div class='ocr_carea' id='block_1_34' title="bbox 381 1939 1956 2020">
    <p class='ocr_par' dir='ltr' id='par_1_34' title="bbox 381 1948 1956 2020">
     <span class='ocr_line' id='line_1_34' title="bbox 381 1948 1956 2020; baseline -0.001 -19"><span class='ocrx_word' id='word_1_226' title='bbox 381 1949 635 2017; x_wconf 81' lang='grc' dir='ltr'>συνάγειν</span> <span class='ocrx_word' id='word_1_227' title='bbox 661 1949 913 2019; x_wconf 72' lang='grc' dir='ltr'>ἠδύνατο.</span> <span class='ocrx_word' id='word_1_228' title='bbox 939 1950 1138 2002; x_wconf 82' lang='grc' dir='ltr'>Οὐκέτι</span> <span class='ocrx_word' id='word_1_229' title='bbox 1157 1949 1214 2002; x_wconf 81' lang='grc' dir='ltr'>δὲ</span> <span class='ocrx_word' id='word_1_230' title='bbox 1249 1949 1385 2020; x_wconf 80' lang='grc' dir='ltr'>πρὸς</span> <span class='ocrx_word' id='word_1_231' title='bbox 1407 1950 1505 2018; x_wconf 82' lang='grc' dir='ltr'>τὴν</span> <span class='ocrx_word' id='word_1_232' title='bbox 1531 1948 1642 2002; x_wconf 84' lang='grc' dir='ltr'><strong>τῶν</strong></span> <span class='ocrx_word' id='word_1_233' title='bbox 1671 1948 1956 2017; x_wconf 86' lang='grc' dir='ltr'>δογμάτων</span> 
     </span>
    </p>
   </div>
   <div class='ocr_carea' id='block_1_35' title="bbox 2060 1939 3632 2020">
    <p class='ocr_par' dir='ltr' id='par_1_35' title="bbox 2063 1945 3632 2018">
     <span class='ocr_line' id='line_1_35' title="bbox 2063 1945 3632 2018; baseline 0.004 -22"><span class='ocrx_word' id='word_1_234' title='bbox 2063 1945 2370 2016; x_wconf 80' lang='lat' dir='ltr'><strong>dogmatum</strong></span> <span class='ocrx_word' id='word_1_235' title='bbox 2403 1945 2660 2000; x_wconf 85' lang='lat' dir='ltr'><strong>acribiam</strong></span> <span class='ocrx_word' id='word_1_236' title='bbox 2691 1945 2804 2018; x_wconf 89' lang='grc'><strong>(18)</strong></span> <span class='ocrx_word' id='word_1_237' title='bbox 2825 1947 2969 2001; x_wconf 90' lang='lat' dir='ltr'><strong>hunc</strong></span> <span class='ocrx_word' id='word_1_238' title='bbox 3003 1947 3316 2017; x_wconf 85' lang='lat' dir='ltr'><strong>pervenisse</strong></span> <span class='ocrx_word' id='word_1_239' title='bbox 3353 1948 3632 2016; x_wconf 85' lang='lat' dir='ltr'><strong>perhiheo.</strong></span> 
     </span>
    </p>
   </div>
   <div class='ocr_carea' id='block_1_36' title="bbox 381 2040 1960 2112">
    <p class='ocr_par' dir='ltr' id='par_1_36' title="bbox 381 2040 1960 2112">
     <span class='ocr_line' id='line_1_36' title="bbox 381 2040 1960 2112; baseline -0.001 -17"><span class='ocrx_word' id='word_1_240' title='bbox 381 2041 670 2112; x_wconf 85' lang='grc' dir='ltr'>ἀκρίϐειαν</span> <span class='ocrx_word' id='word_1_241' title='bbox 706 2041 908 2110; x_wconf 80' lang='grc' dir='ltr'>φθάσαι</span> <span class='ocrx_word' id='word_1_242' title='bbox 935 2042 1080 2111; x_wconf 75' lang='grc' dir='ltr'>φημὶ</span> <span class='ocrx_word' id='word_1_243' title='bbox 1105 2041 1195 2095; x_wconf 84' lang='grc' dir='ltr'><strong>τὸν</strong></span> <span class='ocrx_word' id='word_1_244' title='bbox 1225 2041 1588 2111; x_wconf 82' lang='grc' dir='ltr'>ἀνδρα.”Οθεν</span> <span class='ocrx_word' id='word_1_245' title='bbox 1617 2040 1960 2110; x_wconf 77' lang='grc' dir='ltr'>πολυμαθίας</span> 
     </span>
    </p>
   </div>
   <div class='ocr_carea' id='block_1_37' title="bbox 382 2133 1957 2206">
    <p class='ocr_par' dir='ltr' id='par_1_37' title="bbox 382 2133 1957 2206">
     <span class='ocr_line' id='line_1_37' title="bbox 382 2133 1957 2206; baseline -0.001 -19"><span class='ocrx_word' id='word_1_246' title='bbox 382 2135 482 2203; x_wconf 80' lang='grc' dir='ltr'><strong>μὲν</strong></span> <span class='ocrx_word' id='word_1_247' title='bbox 511 2135 940 2204; x_wconf 84' lang='grc' dir='ltr'>παραχωρητέον</span> <span class='ocrx_word' id='word_1_248' title='bbox 983 2135 1153 2206; x_wconf 81' lang='grc' dir='ltr'>αὐτῷ,</span> <span class='ocrx_word' id='word_1_249' title='bbox 1192 2135 1478 2205; x_wconf 82' lang='grc' dir='ltr'>δογμάτων</span> <span class='ocrx_word' id='word_1_250' title='bbox 1509 2134 1566 2187; x_wconf 83' lang='grc' dir='ltr'>δὲ</span> <span class='ocrx_word' id='word_1_251' title='bbox 1594 2133 1798 2203; x_wconf 88' lang='grc' dir='ltr'>γνῶσιν</span> <span class='ocrx_word' id='word_1_252' title='bbox 1829 2133 1957 2186; x_wconf 84' lang='grc' dir='ltr'>οὐκ·</span> 
     </span>
    </p>
   </div>
   <div class='ocr_carea' id='block_1_38' title="bbox 380 2225 1960 2296">
    <p class='ocr_par' dir='ltr' id='par_1_38' title="bbox 380 2225 1960 2296">
     <span class='ocr_line' id='line_1_38' title="bbox 380 2225 1960 2296; baseline -0.002 -14"><span class='ocrx_word' id='word_1_253' title='bbox 380 2228 498 2282; x_wconf 72' lang='grc' dir='ltr'>έτιο</span> <span class='ocrx_word' id='word_1_254' title='bbox 545 2226 684 2280; x_wconf 76' lang='grc' dir='ltr'>ἀλλὰ</span> <span class='ocrx_word' id='word_1_255' title='bbox 727 2227 823 2280; x_wconf 81' lang='grc' dir='ltr'><strong>καὶ</strong></span> <span class='ocrx_word' id='word_1_256' title='bbox 867 2227 1012 2281; x_wconf 87' lang='grc' dir='ltr'>πάνυ</span> <span class='ocrx_word' id='word_1_257' title='bbox 1070 2227 1302 2280; x_wconf 84' lang='grc' dir='ltr'>κατόπιν</span> <span class='ocrx_word' id='word_1_258' title='bbox 1334 2226 1526 2279; x_wconf 87' lang='grc' dir='ltr'>τοῦτον</span> <span class='ocrx_word' id='word_1_259' title='bbox 1567 2229 1669 2293; x_wconf 82' lang='grc' dir='ltr'><strong>τῆς</strong></span> <span class='ocrx_word' id='word_1_260' title='bbox 1700 2225 1960 2296; x_wconf 78' lang='grc' dir='ltr'>τοιαύτης</span> 
     </span>
    </p>
   </div>
   <div class='ocr_carea' id='block_1_39' title="bbox 381 2317 1957 2393">
    <p class='ocr_par' dir='ltr' id='par_1_39' title="bbox 381 2317 1957 2393">
     <span class='ocr_line' id='line_1_39' title="bbox 381 2317 1957 2393; baseline -0.001 -21"><span class='ocrx_word' id='word_1_261' title='bbox 381 2317 665 2393; x_wconf 77' lang='grc' dir='ltr'>ἀκριϐείας</span> <span class='ocrx_word' id='word_1_262' title='bbox 693 2320 985 2389; x_wconf 81' lang='grc' dir='ltr'>γενόμενον</span> <span class='ocrx_word' id='word_1_263' title='bbox 1005 2318 1376 2390; x_wconf 75' lang='grc' dir='ltr'>ἐπιστάμεθα.</span> <span class='ocrx_word' id='word_1_264' title='bbox 1404 2318 1515 2372; x_wconf 76' lang='grc' dir='ltr'><strong>Καὶ</strong></span> <span class='ocrx_word' id='word_1_265' title='bbox 1531 2319 1678 2388; x_wconf 81' lang='grc' dir='ltr'>μετὰ</span> <span class='ocrx_word' id='word_1_266' title='bbox 1701 2319 1957 2387; x_wconf 82' lang='grc' dir='ltr'>βραχέα·</span> 
     </span>
    </p>
   </div>
   <div class='ocr_carea' id='block_1_40' title="bbox 372 2407 1956 2482">
    <p class='ocr_par' dir='ltr' id='par_1_40' title="bbox 372 2407 1956 2482">
     <span class='ocr_line' id='line_1_40' title="bbox 372 2407 1956 2482; baseline -0.003 -18"><span class='ocrx_word' id='word_1_267' title='bbox 372 2411 546 2464; x_wconf 69' lang='grc' dir='ltr'>’Ὥστε</span> <span class='ocrx_word' id='word_1_268' title='bbox 577 2411 664 2480; x_wconf 77' lang='grc' dir='ltr'><strong>δὴ,</strong></span> <span class='ocrx_word' id='word_1_269' title='bbox 719 2411 808 2464; x_wconf 79' lang='grc' dir='ltr'>ἵνα</span> <span class='ocrx_word' id='word_1_270' title='bbox 853 2411 926 2481; x_wconf 83' lang='grc' dir='ltr'>μὴ</span> <span class='ocrx_word' id='word_1_271' title='bbox 962 2410 1204 2482; x_wconf 85' lang='grc' dir='ltr'>δόξωμεν</span> <span class='ocrx_word' id='word_1_272' title='bbox 1251 2409 1606 2480; x_wconf 74' lang='grc' dir='ltr'>ἐπεμϐαίνειν</span> <span class='ocrx_word' id='word_1_273' title='bbox 1649 2409 1728 2479; x_wconf 81' lang='grc' dir='ltr'>τῷ</span> <span class='ocrx_word' id='word_1_274' title='bbox 1775 2407 1956 2478; x_wconf 75' lang='grc' dir='ltr'>ἀνδρὶ,</span> 
     </span>
    </p>
   </div>
   <div class='ocr_carea' id='block_1_41' title="bbox 381 2495 1955 2573">
    <p class='ocr_par' dir='ltr' id='par_1_41' title="bbox 381 2495 1955 2573">
     <span class='ocr_line' id='line_1_41' title="bbox 381 2495 1955 2573; baseline -0.001 -19"><span class='ocrx_word' id='word_1_275' title='bbox 381 2502 508 2572; x_wconf 76' lang='grc' dir='ltr'>περὶ</span> <span class='ocrx_word' id='word_1_276' title='bbox 539 2495 613 2555; x_wconf 84' lang='grc' dir='ltr'>ὧν</span> <span class='ocrx_word' id='word_1_277' title='bbox 637 2503 696 2555; x_wconf 87' lang='grc' dir='ltr'><strong>οὐ</strong></span> <span class='ocrx_word' id='word_1_278' title='bbox 728 2502 1018 2572; x_wconf 90' lang='grc' dir='ltr'>πρόκειται</span> <span class='ocrx_word' id='word_1_279' title='bbox 1045 2504 1178 2573; x_wconf 80' lang='grc' dir='ltr'>ἡμῖν</span> <span class='ocrx_word' id='word_1_280' title='bbox 1210 2504 1302 2554; x_wconf 74' lang='grc' dir='ltr'>ἐπὶ</span> <span class='ocrx_word' id='word_1_281' title='bbox 1327 2501 1421 2554; x_wconf 91' lang='grc' dir='ltr'><strong>τοῦ</strong></span> <span class='ocrx_word' id='word_1_282' title='bbox 1450 2501 1718 2572; x_wconf 77' lang='grc' dir='ltr'>παρόντος</span> <span class='ocrx_word' id='word_1_283' title='bbox 1754 2500 1955 2568; x_wconf 88' lang='grc' dir='ltr'>λέγειν,</span> 
     </span>
    </p>
   </div>
   <div class='ocr_carea' id='block_1_42' title="bbox 380 2593 1958 2666">
    <p class='ocr_par' dir='ltr' id='par_1_42' title="bbox 380 2593 1958 2666">
     <span class='ocr_line' id='line_1_42' title="bbox 380 2593 1958 2666; baseline -0.001 -18"><span class='ocrx_word' id='word_1_284' title='bbox 380 2595 466 2649; x_wconf 76' lang='grc' dir='ltr'>ἵνα</span> <span class='ocrx_word' id='word_1_285' title='bbox 524 2595 908 2666; x_wconf 79' lang='grc' dir='ltr'>βασανίζοντες</span> <span class='ocrx_word' id='word_1_286' title='bbox 955 2595 1093 2664; x_wconf 83' lang='grc' dir='ltr'>πρὸς</span> <span class='ocrx_word' id='word_1_287' title='bbox 1154 2594 1446 2664; x_wconf 88' lang='grc' dir='ltr'>ἀκρίϐειαν</span> <span class='ocrx_word' id='word_1_288' title='bbox 1500 2595 1600 2664; x_wconf 81' lang='grc' dir='ltr'>τὴν</span> <span class='ocrx_word' id='word_1_289' title='bbox 1655 2593 1958 2665; x_wconf 85' lang='grc' dir='ltr'>γενομένην</span> 
     </span>
    </p>
   </div>
   <div class='ocr_carea' id='block_1_43' title="bbox 382 2684 1960 2759">
    <p class='ocr_par' dir='ltr' id='par_1_43' title="bbox 382 2684 1960 2759">
     <span class='ocr_line' id='line_1_43' title="bbox 382 2684 1960 2759; baseline -0.003 -17"><span class='ocrx_word' id='word_1_290' title='bbox 382 2688 713 2758; x_wconf 76' lang='grc' dir='ltr'>ἀπολογίαν,</span> <span class='ocrx_word' id='word_1_291' title='bbox 760 2688 1072 2759; x_wconf 80' lang='grc' dir='ltr'>αἱρετικοὺς</span> <span class='ocrx_word' id='word_1_292' title='bbox 1116 2686 1493 2757; x_wconf 80' lang='grc' dir='ltr'>ἀποδείξωμεν</span> <span class='ocrx_word' id='word_1_293' title='bbox 1544 2687 1672 2750; x_wconf 76' lang='grc' dir='ltr'>τοὺς</span> <span class='ocrx_word' id='word_1_294' title='bbox 1721 2684 1960 2756; x_wconf 77' lang='grc' dir='ltr'>ἀμφοτέο</span> 
     </span>
    </p>
   </div>
   <div class='ocr_carea' id='block_1_44' title="bbox 383 2781 1958 2852">
    <p class='ocr_par' dir='ltr' id='par_1_44' title="bbox 383 2781 1958 2852">
     <span class='ocr_line' id='line_1_44' title="bbox 383 2781 1958 2852; baseline -0.001 -18"><span class='ocrx_word' id='word_1_295' title='bbox 383 2797 529 2852; x_wconf 83' lang='grc' dir='ltr'>ρους,</span> <span class='ocrx_word' id='word_1_296' title='bbox 579 2782 744 2834; x_wconf 82' lang='grc' dir='ltr'>αὐτόν</span> <span class='ocrx_word' id='word_1_297' title='bbox 774 2799 834 2834; x_wconf 90' lang='grc' dir='ltr'><strong>τε</strong></span> <span class='ocrx_word' id='word_1_298' title='bbox 878 2781 970 2834; x_wconf 79' lang='grc' dir='ltr'><strong>τὸν</strong></span> <span class='ocrx_word' id='word_1_299' title='bbox 1019 2781 1522 2852; x_wconf 85' lang='grc' dir='ltr'>ἀπολογησάμενον,</span> <span class='ocrx_word' id='word_1_300' title='bbox 1567 2781 1782 2834; x_wconf 75' lang='grc' dir='ltr'>καὶτὸν</span> <span class='ocrx_word' id='word_1_301' title='bbox 1819 2781 1958 2851; x_wconf 85' lang='grc' dir='ltr'>ὑπὲρ</span> 
     </span>
    </p>
   </div>
   <div class='ocr_carea' id='block_1_45' title="bbox 381 2871 1960 2944">
    <p class='ocr_par' dir='ltr' id='par_1_45' title="bbox 381 2871 1960 2944">
     <span class='ocr_line' id='line_1_45' title="bbox 381 2871 1960 2944; baseline -0.001 -19"><span class='ocrx_word' id='word_1_302' title='bbox 381 2873 501 2925; x_wconf 82' lang='grc' dir='ltr'>ὅτου</span> <span class='ocrx_word' id='word_1_303' title='bbox 534 2873 632 2944; x_wconf 83' lang='grc' dir='ltr'>τὴν</span> <span class='ocrx_word' id='word_1_304' title='bbox 659 2872 954 2941; x_wconf 87' lang='grc' dir='ltr'>ἀπολογίαν</span> <span class='ocrx_word' id='word_1_305' title='bbox 991 2872 1269 2938; x_wconf 88' lang='grc' dir='ltr'>συνέταξε.</span> <span class='ocrx_word' id='word_1_306' title='bbox 1301 2873 1412 2927; x_wconf 83' lang='lat' dir='ltr'><strong>Kal</strong></span> <span class='ocrx_word' id='word_1_307' title='bbox 1438 2875 1579 2941; x_wconf 83' lang='grc' dir='ltr'>μηθ’</span> <span class='ocrx_word' id='word_1_308' title='bbox 1625 2871 1816 2940; x_wconf 67' lang='grc' dir='ltr'>ἕτεραι</span> <span class='ocrx_word' id='word_1_309' title='bbox 1848 2874 1960 2925; x_wconf 76' lang='grc' dir='ltr'>Δεῖο</span> 
     </span>
    </p>
   </div>
   <div class='ocr_carea' id='block_1_46' title="bbox 377 2962 1959 3036">
    <p class='ocr_par' dir='ltr' id='par_1_46' title="bbox 377 2962 1959 3036">
     <span class='ocr_line' id='line_1_46' title="bbox 377 2962 1959 3036; baseline -0.001 -19"><span class='ocrx_word' id='word_1_310' title='bbox 377 2962 469 3028; x_wconf 81' lang='grc' dir='ltr'><strong>ξον</strong></span> <span class='ocrx_word' id='word_1_311' title='bbox 509 2967 705 3036; x_wconf 70' lang='grc' dir='ltr'>τρανὸν</span> <span class='ocrx_word' id='word_1_312' title='bbox 743 2965 838 3018; x_wconf 63' lang='grc' dir='ltr'><strong>καλ⁵</strong></span> <span class='ocrx_word' id='word_1_313' title='bbox 867 2965 1238 3036; x_wconf 85' lang='grc' dir='ltr'>ἀναμφίϐολόν</span> <span class='ocrx_word' id='word_1_314' title='bbox 1275 2982 1399 3019; x_wconf 85' lang='grc' dir='ltr'>τινα</span> <span class='ocrx_word' id='word_1_315' title='bbox 1428 2964 1538 3018; x_wconf 88' lang='grc' dir='ltr'><strong>τῶν</strong></span> <span class='ocrx_word' id='word_1_316' title='bbox 1571 2965 1674 3034; x_wconf 81' lang='grc' dir='ltr'>τῆς</span> <span class='ocrx_word' id='word_1_317' title='bbox 1723 2964 1959 3034; x_wconf 86' lang='grc' dir='ltr'>Ἐκκλη-</span> 
     </span>
    </p>
   </div>
   <div class='ocr_carea' id='block_1_47' title="bbox 379 3056 1956 3129">
    <p class='ocr_par' dir='ltr' id='par_1_47' title="bbox 379 3056 1956 3129">
     <span class='ocr_line' id='line_1_47' title="bbox 379 3056 1956 3129; baseline -0.001 -19"><span class='ocrx_word' id='word_1_318' title='bbox 379 3056 501 3120; x_wconf 85' lang='grc' dir='ltr'>σίας</span> <span class='ocrx_word' id='word_1_319' title='bbox 551 3057 824 3126; x_wconf 75' lang='grc' dir='ltr'>διαφανῶν</span> <span class='ocrx_word' id='word_1_320' title='bbox 867 3057 1232 3124; x_wconf 83' lang='grc' dir='ltr'>διδασκάλων,</span> <span class='ocrx_word' id='word_1_321' title='bbox 1263 3059 1347 3110; x_wconf 85' lang='grc' dir='ltr'>ὅτι</span> <span class='ocrx_word' id='word_1_322' title='bbox 1394 3058 1848 3129; x_wconf 81' lang='grc' dir='ltr'>προῦπάρχουσιν</span> <span class='ocrx_word' id='word_1_323' title='bbox 1900 3058 1956 3109; x_wconf 80' lang='grc' dir='ltr'>αἱ</span> 
     </span>
    </p>
   </div>
   <div class='ocr_carea' id='block_1_48' title="bbox 377 3151 1957 3222">
    <p class='ocr_par' dir='ltr' id='par_1_48' title="bbox 377 3151 1957 3222">
     <span class='ocr_line' id='line_1_48' title="bbox 377 3151 1957 3222; baseline -0.001 -18"><span class='ocrx_word' id='word_1_324' title='bbox 377 3153 486 3204; x_wconf 90' lang='grc' dir='ltr'><strong>τῶν</strong></span> <span class='ocrx_word' id='word_1_325' title='bbox 520 3151 824 3222; x_wconf 78' lang='grc' dir='ltr'>ἀνθρώπων</span> <span class='ocrx_word' id='word_1_326' title='bbox 846 3151 1038 3222; x_wconf 73' lang='grc' dir='ltr'>ψυχαὶ,</span> <span class='ocrx_word' id='word_1_327' title='bbox 1067 3151 1475 3221; x_wconf 88' lang='grc' dir='ltr'>δογματίσαντα</span> <span class='ocrx_word' id='word_1_328' title='bbox 1497 3170 1510 3182; x_wconf 89' lang='grc'><strong>·</strong></span> <span class='ocrx_word' id='word_1_329' title='bbox 1546 3152 1641 3205; x_wconf 66' lang='grc' dir='ltr'><strong>καλ⁴</strong></span> <span class='ocrx_word' id='word_1_330' title='bbox 1667 3151 1743 3221; x_wconf 83' lang='grc' dir='ltr'>μὴ</span> <span class='ocrx_word' id='word_1_331' title='bbox 1775 3167 1957 3221; x_wconf 90' lang='grc' dir='ltr'>παρα-</span> 
     </span>
    </p>
   </div>
   <div class='ocr_carea' id='block_1_49' title="bbox 380 3241 1957 3314">
    <p class='ocr_par' dir='ltr' id='par_1_49' title="bbox 380 3241 1957 3314">
     <span class='ocr_line' id='line_1_49' title="bbox 380 3241 1957 3314; baseline -0.001 -19"><span class='ocrx_word' id='word_1_332' title='bbox 380 3243 671 3313; x_wconf 69' lang='grc' dir='ltr'>λογισμοὺς</span> <span class='ocrx_word' id='word_1_333' title='bbox 699 3262 850 3308; x_wconf 89' lang='grc' dir='ltr'>τινας</span> <span class='ocrx_word' id='word_1_334' title='bbox 886 3243 1185 3314; x_wconf 77' lang='grc' dir='ltr'>προφέρειν</span> <span class='ocrx_word' id='word_1_335' title='bbox 1216 3244 1393 3314; x_wconf 88' lang='grc' dir='ltr'>πειρῶ</span> <span class='ocrx_word' id='word_1_336' title='bbox 1426 3245 1506 3307; x_wconf 87' lang='grc' dir='ltr'><strong>είς</strong></span> <span class='ocrx_word' id='word_1_337' title='bbox 1547 3241 1844 3306; x_wconf 83' lang='grc' dir='ltr'>ἀπόδειξιν.</span> <span class='ocrx_word' id='word_1_338' title='bbox 1884 3242 1957 3294; x_wconf 86' lang='grc' dir='ltr'>Τὸ</span> 
     </span>
    </p>
   </div>
   <div class='ocr_carea' id='block_1_50' title="bbox 382 3330 1956 3404">
    <p class='ocr_par' dir='ltr' id='par_1_50' title="bbox 382 3330 1956 3404">
     <span class='ocr_line' id='line_1_50' title="bbox 382 3330 1956 3404; baseline -0.003 -17"><span class='ocrx_word' id='word_1_339' title='bbox 382 3335 488 3403; x_wconf 79' lang='grc' dir='ltr'><strong>γὰρ</strong></span> <span class='ocrx_word' id='word_1_340' title='bbox 517 3333 792 3386; x_wconf 77' lang='grc' dir='ltr'>δεικνύναι</span> <span class='ocrx_word' id='word_1_341' title='bbox 839 3349 898 3385; x_wconf 91' lang='grc' dir='ltr'><strong>σε</strong></span> <span class='ocrx_word' id='word_1_342' title='bbox 935 3333 1207 3397; x_wconf 83' lang='grc' dir='ltr'>σπεύδειν,</span> <span class='ocrx_word' id='word_1_343' title='bbox 1241 3332 1338 3404; x_wconf 79' lang='grc' dir='ltr'><strong>τὴν</strong></span> <span class='ocrx_word' id='word_1_344' title='bbox 1383 3331 1478 3385; x_wconf 89' lang='grc' dir='ltr'><strong>τοῦ</strong></span> <span class='ocrx_word' id='word_1_345' title='bbox 1513 3330 1643 3384; x_wconf 76' lang='grc' dir='ltr'>Υἱοῦ</span> <span class='ocrx_word' id='word_1_346' title='bbox 1690 3331 1828 3400; x_wconf 81' lang='grc' dir='ltr'>πρὸς</span> <span class='ocrx_word' id='word_1_347' title='bbox 1863 3331 1956 3383; x_wconf 79' lang='grc' dir='ltr'><strong>τὸν</strong></span> 
     </span>
    </p>
   </div>
   <div class='ocr_carea' id='block_1_51' title="bbox 382 3423 1953 3495">
    <p class='ocr_par' dir='ltr' id='par_1_51' title="bbox 382 3423 1953 3495">
     <span class='ocr_line' id='line_1_51' title="bbox 382 3423 1953 3495; baseline -0.003 -16"><span class='ocrx_word' id='word_1_348' title='bbox 382 3426 604 3495; x_wconf 80' lang='grc' dir='ltr'>Πατέρα</span> <span class='ocrx_word' id='word_1_349' title='bbox 643 3424 907 3477; x_wconf 84' lang='grc' dir='ltr'>ὑπόϐασιν</span> <span class='ocrx_word' id='word_1_350' title='bbox 964 3424 1166 3494; x_wconf 77' lang='grc' dir='ltr'>ὁμοίως</span> <span class='ocrx_word' id='word_1_351' title='bbox 1227 3423 1377 3494; x_wconf 87' lang='grc' dir='ltr'>αὐτῷ</span> <span class='ocrx_word' id='word_1_352' title='bbox 1423 3440 1575 3487; x_wconf 89' lang='grc' dir='ltr'>τινας</span> <span class='ocrx_word' id='word_1_353' title='bbox 1628 3423 1953 3494; x_wconf 79' lang='grc' dir='ltr'>εἰρηκότας,</span> 
     </span>
    </p>
   </div>
   <div class='ocr_carea' id='block_1_52' title="bbox 383 3509 1958 3586">
    <p class='ocr_par' dir='ltr' id='par_1_52' title="bbox 383 3509 1958 3586">
     <span class='ocr_line' id='line_1_52' title="bbox 383 3509 1958 3586; baseline -0.004 -17"><span class='ocrx_word' id='word_1_354' title='bbox 383 3515 602 3586; x_wconf 84' lang='grc' dir='ltr'>πρῶτον</span> <span class='ocrx_word' id='word_1_355' title='bbox 646 3516 746 3585; x_wconf 79' lang='grc' dir='ltr'><strong>μὲν</strong></span> <span class='ocrx_word' id='word_1_356' title='bbox 774 3515 835 3567; x_wconf 90' lang='grc' dir='ltr'><strong>οὐ</strong></span> <span class='ocrx_word' id='word_1_357' title='bbox 878 3513 1211 3584; x_wconf 80' lang='grc' dir='ltr'>ξενισθῶμεν</span> <span class='ocrx_word' id='word_1_358' title='bbox 1237 3526 1252 3542; x_wconf 76' lang='grc'>⁸</span> <span class='ocrx_word' id='word_1_359' title='bbox 1288 3511 1382 3566; x_wconf 90' lang='grc' dir='ltr'><strong>σοῦ</strong></span> <span class='ocrx_word' id='word_1_360' title='bbox 1412 3511 1520 3582; x_wconf 83' lang='grc' dir='ltr'><strong>γάρ</strong></span> <span class='ocrx_word' id='word_1_361' title='bbox 1555 3511 1652 3564; x_wconf 71' lang='grc' dir='ltr'><strong>καὶ</strong></span> <span class='ocrx_word' id='word_1_362' title='bbox 1685 3509 1792 3562; x_wconf 86' lang='grc' dir='ltr'><strong>τῶν</strong></span> <span class='ocrx_word' id='word_1_363' title='bbox 1830 3511 1958 3582; x_wconf 75' lang='grc' dir='ltr'>περὶ</span> 
     </span>
    </p>
   </div>
   <div class='ocr_carea' id='block_1_53' title="bbox 384 3603 1956 3677">
    <p class='ocr_par' dir='ltr' id='par_1_53' title="bbox 384 3603 1956 3677">
     <span class='ocr_line' id='line_1_53' title="bbox 384 3603 1956 3677; baseline -0.003 -17"><span class='ocrx_word' id='word_1_364' title='bbox 384 3608 442 3660; x_wconf 88' lang='grc' dir='ltr'>σὲ</span> <span class='ocrx_word' id='word_1_365' title='bbox 475 3609 507 3677; x_wconf 84' lang='grc' dir='ltr'>ἡ</span> <span class='ocrx_word' id='word_1_366' title='bbox 540 3606 766 3677; x_wconf 83' lang='grc' dir='ltr'>τοιαύτη</span> <span class='ocrx_word' id='word_1_367' title='bbox 800 3606 947 3672; x_wconf 84' lang='grc' dir='ltr'>δόξα.</span> <span class='ocrx_word' id='word_1_368' title='bbox 977 3605 1140 3659; x_wconf 86' lang='grc' dir='ltr'>Ὅθεν</span> <span class='ocrx_word' id='word_1_369' title='bbox 1171 3605 1298 3676; x_wconf 74' lang='grc' dir='ltr'>περὶ</span> <span class='ocrx_word' id='word_1_370' title='bbox 1335 3603 1527 3657; x_wconf 82' lang='grc' dir='ltr'>τούτου</span> <span class='ocrx_word' id='word_1_371' title='bbox 1567 3603 1660 3657; x_wconf 69' lang='grc' dir='ltr'>ἐπὶ</span> <span class='ocrx_word' id='word_1_372' title='bbox 1687 3603 1779 3654; x_wconf 84' lang='grc' dir='ltr'><strong>τοῦ</strong></span> <span class='ocrx_word' id='word_1_373' title='bbox 1810 3619 1956 3672; x_wconf 88' lang='grc' dir='ltr'>παρ-</span> 
     </span>
    </p>
   </div>
   <div class='ocr_carea' id='block_1_54' title="bbox 382 3698 1955 3771">
    <p class='ocr_par' dir='ltr' id='par_1_54' title="bbox 382 3698 1955 3771">
     <span class='ocr_line' id='line_1_54' title="bbox 382 3698 1955 3771; baseline -0.003 -17"><span class='ocrx_word' id='word_1_374' title='bbox 382 3702 534 3765; x_wconf 85' lang='grc' dir='ltr'>όντος</span> <span class='ocrx_word' id='word_1_375' title='bbox 583 3701 740 3769; x_wconf 84' lang='grc' dir='ltr'>λόγος</span> <span class='ocrx_word' id='word_1_376' title='bbox 793 3702 925 3771; x_wconf 81' lang='grc' dir='ltr'>ἡμῖν</span> <span class='ocrx_word' id='word_1_377' title='bbox 974 3699 1170 3764; x_wconf 78' lang='grc' dir='ltr'>οὐδεὶς,</span> <span class='ocrx_word' id='word_1_378' title='bbox 1232 3698 1401 3753; x_wconf 82' lang='grc' dir='ltr'>πάλαι</span> <span class='ocrx_word' id='word_1_379' title='bbox 1455 3699 1552 3768; x_wconf 84' lang='grc' dir='ltr'>μὲν</span> <span class='ocrx_word' id='word_1_380' title='bbox 1601 3698 1955 3767; x_wconf 82' lang='grc' dir='ltr'>οίκουμενικῇ</span> 
     </span>
    </p>
   </div>
   <div class='ocr_carea' id='block_1_55' title="bbox 382 3789 1957 3865">
    <p class='ocr_par' dir='ltr' id='par_1_55' title="bbox 382 3789 1957 3865">
     <span class='ocr_line' id='line_1_55' title="bbox 382 3789 1957 3865; baseline -0.003 -18"><span class='ocrx_word' id='word_1_381' title='bbox 382 3796 609 3865; x_wconf 75' lang='grc' dir='ltr'>ζητήσει</span> <span class='ocrx_word' id='word_1_382' title='bbox 638 3792 1039 3863; x_wconf 84' lang='grc' dir='ltr'>ὐποϐληθέντος</span> <span class='ocrx_word' id='word_1_383' title='bbox 1069 3792 1166 3847; x_wconf 74' lang='grc' dir='ltr'>καὶ</span> <span class='ocrx_word' id='word_1_384' title='bbox 1189 3789 1687 3862; x_wconf 84' lang='grc' dir='ltr'>ἀποκηρυχθέντος.</span> <span class='ocrx_word' id='word_1_385' title='bbox 1715 3791 1806 3860; x_wconf 84' lang='grc' dir='ltr'><strong>Μὴ</strong></span> <span class='ocrx_word' id='word_1_386' title='bbox 1837 3790 1957 3842; x_wconf 60' lang='grc' dir='ltr'>πεί-</span> 
     </span>
    </p>
   </div>
   <div class='ocr_carea' id='block_1_56' title="bbox 383 3874 1956 3956">
    <p class='ocr_par' dir='ltr' id='par_1_56' title="bbox 383 3874 1956 3956">
     <span class='ocr_line' id='line_1_56' title="bbox 383 3874 1956 3956; baseline -0.007 -17"><span class='ocrx_word' id='word_1_387' title='bbox 383 3885 571 3939; x_wconf 86' lang='grc' dir='ltr'>θεσθαι</span> <span class='ocrx_word' id='word_1_388' title='bbox 601 3885 656 3938; x_wconf 85' lang='grc' dir='ltr'>δὲ</span> <span class='ocrx_word' id='word_1_389' title='bbox 687 3887 746 3938; x_wconf 84' lang='grc' dir='ltr'>ὲν</span> <span class='ocrx_word' id='word_1_390' title='bbox 779 3883 954 3956; x_wconf 83' lang='grc' dir='ltr'>τούτῳ</span> <span class='ocrx_word' id='word_1_391' title='bbox 978 3883 1090 3955; x_wconf 57' lang='lat' dir='ltr'><strong>[Ian</strong></span> <span class='ocrx_word' id='word_1_392' title='bbox 1118 3883 1256 3952; x_wconf 82' lang='grc' dir='ltr'>μήτε</span> <span class='ocrx_word' id='word_1_393' title='bbox 1286 3879 1569 3933; x_wconf 86' lang='grc' dir='ltr'>πείθεσθαι</span> <span class='ocrx_word' id='word_1_394' title='bbox 1598 3878 1716 3931; x_wconf 84' lang='grc' dir='ltr'>δέον</span> <span class='ocrx_word' id='word_1_395' title='bbox 1736 3874 1956 3949; x_wconf 56' lang='lat' dir='ltr'><strong>setiam],</strong></span> 
     </span>
    </p>
   </div>
   <div class='ocr_carea' id='block_1_57' title="bbox 385 3968 1958 4051">
    <p class='ocr_par' dir='ltr' id='par_1_57' title="bbox 385 3968 1958 4051">
     <span class='ocr_line' id='line_1_57' title="bbox 385 3968 1958 4051; baseline -0.006 -20"><span class='ocrx_word' id='word_1_396' title='bbox 385 3979 520 4051; x_wconf 74' lang='grc' dir='ltr'>μηδὲ</span> <span class='ocrx_word' id='word_1_397' title='bbox 550 3979 616 4031; x_wconf 79' lang='grc' dir='ltr'>δι’</span> <span class='ocrx_word' id='word_1_398' title='bbox 647 3977 742 4040; x_wconf 85' lang='grc' dir='ltr'><strong>οὒς</strong></span> <span class='ocrx_word' id='word_1_399' title='bbox 787 3976 960 4030; x_wconf 83' lang='grc' dir='ltr'>ταῦτα</span> <span class='ocrx_word' id='word_1_400' title='bbox 988 3977 1118 4046; x_wconf 86' lang='grc' dir='ltr'>ἡμῖν</span> <span class='ocrx_word' id='word_1_401' title='bbox 1164 3974 1477 4045; x_wconf 89' lang='grc' dir='ltr'>πρόκειται,</span> <span class='ocrx_word' id='word_1_402' title='bbox 1513 3970 1823 4040; x_wconf 75' lang='grc' dir='ltr'>βασανίζειν</span> <span class='ocrx_word' id='word_1_403' title='bbox 1847 3985 1860 3999; x_wconf 80' lang='grc'><strong><em>⁸</em></strong></span> <span class='ocrx_word' id='word_1_404' title='bbox 1898 3968 1958 4021; x_wconf 86' lang='grc' dir='ltr'><strong>τὸ</strong></span> 
     </span>
    </p>
   </div>
   <div class='ocr_carea' id='block_1_58' title="bbox 379 4063 1957 4145">
    <p class='ocr_par' dir='ltr' id='par_1_58' title="bbox 379 4063 1957 4145">
     <span class='ocr_line' id='line_1_58' title="bbox 379 4063 1957 4145; baseline -0.006 -19"><span class='ocrx_word' id='word_1_405' title='bbox 379 4075 438 4127; x_wconf 82' lang='grc' dir='ltr'><strong>δὲ</strong></span> <span class='ocrx_word' id='word_1_406' title='bbox 458 4073 620 4144; x_wconf 72' lang='grc' dir='ltr'>ψιλὴν</span> <span class='ocrx_word' id='word_1_407' title='bbox 655 4073 752 4142; x_wconf 84' lang='grc' dir='ltr'>τὴν</span> <span class='ocrx_word' id='word_1_408' title='bbox 781 4072 910 4145; x_wconf 73' lang='grc' dir='ltr'>περ).</span> <span class='ocrx_word' id='word_1_409' title='bbox 933 4069 1116 4141; x_wconf 81' lang='grc' dir='ltr'>ἀρχῶν</span> <span class='ocrx_word' id='word_1_410' title='bbox 1141 4070 1323 4139; x_wconf 81' lang='grc' dir='ltr'>φωνην</span> <span class='ocrx_word' id='word_1_411' title='bbox 1346 4065 1676 4128; x_wconf 88' lang='grc' dir='ltr'>διαϐάλλειν,</span> <span class='ocrx_word' id='word_1_412' title='bbox 1703 4063 1957 4134; x_wconf 84' lang='grc' dir='ltr'>οὐδαμῶς</span> 
     </span>
    </p>
   </div>
   <div class='ocr_carea' id='block_1_59' title="bbox 382 4152 1954 4236">
    <p class='ocr_par' dir='ltr' id='par_1_59' title="bbox 382 4152 1954 4236">
     <span class='ocr_line' id='line_1_59' title="bbox 382 4152 1954 4236; baseline -0.006 -17"><span class='ocrx_word' id='word_1_413' title='bbox 382 4165 532 4236; x_wconf 87' lang='grc' dir='ltr'>παρά</span> <span class='ocrx_word' id='word_1_414' title='bbox 555 4181 700 4228; x_wconf 88' lang='grc' dir='ltr'>τινος</span> <span class='ocrx_word' id='word_1_415' title='bbox 723 4163 884 4234; x_wconf 86' lang='grc' dir='ltr'>μέχρι</span> <span class='ocrx_word' id='word_1_416' title='bbox 913 4162 1009 4216; x_wconf 87' lang='grc' dir='ltr'><strong>τοῦ</strong></span> <span class='ocrx_word' id='word_1_417' title='bbox 1034 4159 1128 4214; x_wconf 90' lang='grc' dir='ltr'><strong>νῦν</strong></span> <span class='ocrx_word' id='word_1_418' title='bbox 1155 4161 1420 4228; x_wconf 78' lang='grc' dir='ltr'>ἀκήκοας,</span> <span class='ocrx_word' id='word_1_419' title='bbox 1449 4152 1493 4211; x_wconf 85' lang='grc' dir='ltr'>ὦ</span> <span class='ocrx_word' id='word_1_420' title='bbox 1519 4157 1660 4210; x_wconf 84' lang='grc' dir='ltr'>δεινὲ</span> <span class='ocrx_word' id='word_1_421' title='bbox 1688 4157 1954 4228; x_wconf 81' lang='grc' dir='ltr'>συνήγορε</span> 
     </span>
    </p>
   </div>
   <div class='ocr_carea' id='block_1_60' title="bbox 379 4257 1236 4328">
    <p class='ocr_par' dir='ltr' id='par_1_60' title="bbox 379 4257 1236 4328">
     <span class='ocr_line' id='line_1_60' title="bbox 379 4257 1236 4328; baseline -0.004 -17"><span class='ocrx_word' id='word_1_422' title='bbox 379 4263 491 4321; x_wconf 79' lang='grc' dir='ltr'>τοῖς</span> <span class='ocrx_word' id='word_1_423' title='bbox 529 4259 838 4328; x_wconf 84' lang='grc' dir='ltr'>Ὠριγένους</span> <span class='ocrx_word' id='word_1_424' title='bbox 868 4257 1046 4327; x_wconf 83' lang='grc' dir='ltr'>ἀτοπή</span> <span class='ocrx_word' id='word_1_425' title='bbox 1055 4271 1236 4326; x_wconf 86' lang='grc' dir='ltr'>μασιν.</span> 
     </span>
    </p>
   </div>
   <div class='ocr_carea' id='block_1_61' title="bbox 385 4388 1953 4465">
    <p class='ocr_par' dir='ltr' id='par_1_61' title="bbox 385 4388 1953 4465">
     <span class='ocr_line' id='line_1_61' title="bbox 385 4388 1953 4465; baseline -0.006 -13"><span class='ocrx_word' id='word_1_426' title='bbox 385 4398 520 4452; x_wconf 84' lang='grc' dir='ltr'><strong>ῚῸΥ</strong></span> <span class='ocrx_word' id='word_1_427' title='bbox 571 4398 820 4450; x_wconf 86' lang='grc' dir='ltr'><em>ΑΥΤΟΥ</em></span> <span class='ocrx_word' id='word_1_428' title='bbox 851 4395 1061 4465; x_wconf 72' lang='grc' dir='ltr'><strong>(1).Ἐκ</strong></span> <span class='ocrx_word' id='word_1_429' title='bbox 1091 4391 1403 4465; x_wconf 49' lang='grc' dir='ltr'>τοῦ-λόγου</span> <span class='ocrx_word' id='word_1_430' title='bbox 1448 4389 1557 4465; x_wconf 69' lang='grc' dir='ltr'><strong>τοῦ</strong></span> <span class='ocrx_word' id='word_1_431' title='bbox 1593 4391 1680 4454; x_wconf 82' lang='grc' dir='ltr'><strong>είς</strong></span> <span class='ocrx_word' id='word_1_432' title='bbox 1707 4388 1824 4456; x_wconf 76' lang='grc' dir='ltr'><strong>τὴν</strong></span> <span class='ocrx_word' id='word_1_433' title='bbox 1865 4391 1953 4442; x_wconf 78' lang='lat' dir='ltr'><strong>al-</strong></span> 
     </span>
    </p>
   </div>
   <div class='ocr_carea' id='block_1_62' title="bbox 821 4458 1501 4535">
    <p class='ocr_par' dir='ltr' id='par_1_62' title="bbox 821 4458 1501 4535">
     <span class='ocr_line' id='line_1_62' title="bbox 821 4458 1501 4535; baseline -0.004 -18"><span class='ocrx_word' id='word_1_434' title='bbox 821 4458 1085 4535; x_wconf 63' lang='grc' dir='ltr'><strong>ιλόρῤουν</strong></span> <span class='ocrx_word' id='word_1_435' title='bbox 1108 4479 1121 4492; x_wconf 89' lang='grc'><strong>·</strong></span> <span class='ocrx_word' id='word_1_436' title='bbox 1143 4458 1215 4517; x_wconf 89' lang='grc' dir='ltr'>οὖ</span> <span class='ocrx_word' id='word_1_437' title='bbox 1244 4462 1281 4526; x_wconf 74' lang='grc' dir='ltr'>ἡ</span> <span class='ocrx_word' id='word_1_438' title='bbox 1303 4458 1461 4530; x_wconf 72' lang='grc' dir='ltr'>ἀρχή</span> <span class='ocrx_word' id='word_1_439' title='bbox 1488 4477 1501 4490; x_wconf 88' lang='grc'>·</span> 
     </span>
    </p>
   </div>
   <div class='ocr_carea' id='block_1_63' title="bbox 452 4570 1948 4651">
    <p class='ocr_par' dir='ltr' id='par_1_63' title="bbox 452 4570 1948 4651">
     <span class='ocr_line' id='line_1_63' title="bbox 452 4570 1948 4651; baseline -0.006 -17"><span class='ocrx_word' id='word_1_440' title='bbox 452 4582 573 4634; x_wconf 83' lang='grc' dir='ltr'>’Ὀτι</span> <span class='ocrx_word' id='word_1_441' title='bbox 627 4580 725 4651; x_wconf 81' lang='grc' dir='ltr'><strong>μὲν</strong></span> <span class='ocrx_word' id='word_1_442' title='bbox 778 4579 968 4650; x_wconf 85' lang='grc' dir='ltr'>πρώτη</span> <span class='ocrx_word' id='word_1_443' title='bbox 1036 4575 1306 4628; x_wconf 80' lang='grc' dir='ltr'>Ἰουδαίων</span> <span class='ocrx_word' id='word_1_444' title='bbox 1362 4573 1573 4643; x_wconf 80' lang='grc' dir='ltr'>κλῆσις,</span> <span class='ocrx_word' id='word_1_445' title='bbox 1633 4570 1870 4637; x_wconf 78' lang='grc' dir='ltr'>ἐδίδαξεν</span> <span class='ocrx_word' id='word_1_446' title='bbox 1917 4575 1948 4644; x_wconf 76' lang='grc' dir='ltr'>ἡ</span> 
     </span>
    </p>
   </div>
   <div class='ocr_carea' id='block_1_64' title="bbox 379 4669 1118 4745">
    <p class='ocr_par' dir='ltr' id='par_1_64' title="bbox 379 4669 1118 4745">
     <span class='ocr_line' id='line_1_64' title="bbox 379 4669 1118 4745; baseline -0.008 -18"><span class='ocrx_word' id='word_1_447' title='bbox 379 4673 592 4745; x_wconf 63' lang='grc' dir='ltr'>Γραφή.</span> <span class='ocrx_word' id='word_1_448' title='bbox 625 4672 730 4726; x_wconf 74' lang='grc' dir='ltr'><strong>Καὶ</strong></span> <span class='ocrx_word' id='word_1_449' title='bbox 759 4671 889 4738; x_wconf 82' lang='grc' dir='ltr'>μεθ’</span> <span class='ocrx_word' id='word_1_450' title='bbox 927 4669 1118 4737; x_wconf 72' lang='grc' dir='ltr'>ἕτεραο</span> 
     </span>
    </p>
   </div>
   <div class='ocr_carea' id='block_1_65' title="bbox 448 4756 1948 4833">
    <p class='ocr_par' dir='ltr' id='par_1_65' title="bbox 448 4756 1948 4833">
     <span class='ocr_line' id='line_1_65' title="bbox 448 4756 1948 4833; baseline -0.006 -16"><span class='ocrx_word' id='word_1_451' title='bbox 448 4765 632 4819; x_wconf 87' lang='grc' dir='ltr'>Ταῦτα</span> <span class='ocrx_word' id='word_1_452' title='bbox 663 4763 757 4816; x_wconf 82' lang='grc' dir='ltr'><strong>τοῦ</strong></span> <span class='ocrx_word' id='word_1_453' title='bbox 793 4762 1064 4833; x_wconf 83' lang='grc' dir='ltr'>σωτηρίου</span> <span class='ocrx_word' id='word_1_454' title='bbox 1095 4759 1402 4830; x_wconf 84' lang='grc' dir='ltr'>κρασπέδου</span> <span class='ocrx_word' id='word_1_455' title='bbox 1446 4756 1720 4828; x_wconf 88' lang='grc' dir='ltr'>λαϐομένη</span> <span class='ocrx_word' id='word_1_456' title='bbox 1762 4757 1948 4824; x_wconf 74' lang='grc' dir='ltr'>ἔλεγεν</span> 
     </span>
    </p>
   </div>
   <div class='ocr_carea' id='block_1_66' title="bbox 379 4847 1946 4928">
    <p class='ocr_par' dir='ltr' id='par_1_66' title="bbox 379 4847 1946 4928">
     <span class='ocr_line' id='line_1_66' title="bbox 379 4847 1946 4928; baseline -0.007 -19"><span class='ocrx_word' id='word_1_457' title='bbox 379 4857 413 4926; x_wconf 80' lang='grc' dir='ltr'><strong>ἡ</strong></span> <span class='ocrx_word' id='word_1_458' title='bbox 439 4858 762 4928; x_wconf 73' lang='grc' dir='ltr'>αἱμόρρους,</span> <span class='ocrx_word' id='word_1_459' title='bbox 793 4854 868 4917; x_wconf 84' lang='grc' dir='ltr'>ὡς</span> <span class='ocrx_word' id='word_1_460' title='bbox 899 4852 1124 4924; x_wconf 80' lang='grc' dir='ltr'>βασιλέα</span> <span class='ocrx_word' id='word_1_461' title='bbox 1166 4853 1262 4920; x_wconf 78' lang='grc' dir='ltr'><strong>τῆς</strong></span> <span class='ocrx_word' id='word_1_462' title='bbox 1292 4851 1505 4919; x_wconf 78' lang='grc' dir='ltr'>φύσεως</span> <span class='ocrx_word' id='word_1_463' title='bbox 1549 4847 1824 4918; x_wconf 79' lang='grc' dir='ltr'>κρατοῦσα</span> <span class='ocrx_word' id='word_1_464' title='bbox 1855 4847 1946 4899; x_wconf 72' lang='grc' dir='ltr'>τὸν</span> 
     </span>
    </p>
   </div>
   <div class='ocr_carea' id='block_1_67' title="bbox 383 4940 1942 5016">
    <p class='ocr_par' dir='ltr' id='par_1_67' title="bbox 383 4940 1942 5016">
     <span class='ocr_line' id='line_1_67' title="bbox 383 4940 1942 5016; baseline -0.005 -17"><span class='ocrx_word' id='word_1_465' title='bbox 383 4946 606 5016; x_wconf 79' lang='grc' dir='ltr'>Κύριον,</span> <span class='ocrx_word' id='word_1_466' title='bbox 643 4948 737 4999; x_wconf 71' lang='grc' dir='ltr'><strong>καὶ</strong></span> <span class='ocrx_word' id='word_1_467' title='bbox 767 4945 862 4998; x_wconf 88' lang='grc' dir='ltr'><strong>τοῦ</strong></span> <span class='ocrx_word' id='word_1_468' title='bbox 895 4945 1102 5007; x_wconf 88' lang='grc' dir='ltr'>πάθους</span> <span class='ocrx_word' id='word_1_469' title='bbox 1141 4943 1238 5013; x_wconf 84' lang='grc' dir='ltr'><strong>τὴν</strong></span> <span class='ocrx_word' id='word_1_470' title='bbox 1270 4941 1560 5013; x_wconf 87' lang='grc' dir='ltr'>τυραννίδα</span> <span class='ocrx_word' id='word_1_471' title='bbox 1593 4940 1942 4994; x_wconf 78' lang='grc' dir='ltr'>διδάσκουσα.</span> 
     </span>
    </p>
   </div>
   <div class='ocr_carea' id='block_1_68' title="bbox 382 5030 1951 5108">
    <p class='ocr_par' dir='ltr' id='par_1_68' title="bbox 382 5030 1951 5108">
     <span class='ocr_line' id='line_1_68' title="bbox 382 5030 1951 5108; baseline -0.006 -18"><span class='ocrx_word' id='word_1_472' title='bbox 382 5038 492 5091; x_wconf 81' lang='grc' dir='ltr'><strong>Καὶ</strong></span> <span class='ocrx_word' id='word_1_473' title='bbox 515 5037 748 5106; x_wconf 82' lang='grc' dir='ltr'>τυχοῦσα</span> <span class='ocrx_word' id='word_1_474' title='bbox 776 5039 873 5107; x_wconf 71' lang='grc' dir='ltr'>τῆς</span> <span class='ocrx_word' id='word_1_475' title='bbox 899 5037 1128 5108; x_wconf 82' lang='grc' dir='ltr'>δωρεᾶς,</span> <span class='ocrx_word' id='word_1_476' title='bbox 1160 5036 1460 5105; x_wconf 85' lang='grc' dir='ltr'>ἀνδριάντα</span> <span class='ocrx_word' id='word_1_477' title='bbox 1505 5034 1693 5104; x_wconf 67' lang='grc' dir='ltr'>ἥγειρε</span> <span class='ocrx_word' id='word_1_478' title='bbox 1724 5030 1799 5100; x_wconf 82' lang='grc' dir='ltr'><strong>τῷ</strong></span> <span class='ocrx_word' id='word_1_479' title='bbox 1825 5032 1951 5100; x_wconf 83' lang='grc' dir='ltr'>Χρι-</span> 
     </span>
    </p>
   </div>
   <div class='ocr_carea' id='block_1_69' title="bbox 382 5120 1946 5198">
    <p class='ocr_par' dir='ltr' id='par_1_69' title="bbox 382 5120 1946 5198">
     <span class='ocr_line' id='line_1_69' title="bbox 382 5120 1946 5198; baseline -0.005 -17"><span class='ocrx_word' id='word_1_480' title='bbox 382 5128 515 5198; x_wconf 81' lang='grc' dir='ltr'>στῷ,</span> <span class='ocrx_word' id='word_1_481' title='bbox 549 5127 639 5179; x_wconf 77' lang='grc' dir='ltr'><strong>τὸν</strong></span> <span class='ocrx_word' id='word_1_482' title='bbox 698 5127 794 5196; x_wconf 86' lang='grc' dir='ltr'><strong>μὲν</strong></span> <span class='ocrx_word' id='word_1_483' title='bbox 822 5128 1047 5181; x_wconf 80' lang='grc' dir='ltr'>πλοῦτον</span> <span class='ocrx_word' id='word_1_484' title='bbox 1097 5130 1301 5198; x_wconf 75' lang='grc' dir='ltr'>ἰατροῖς</span> <span class='ocrx_word' id='word_1_485' title='bbox 1349 5125 1698 5186; x_wconf 82' lang='grc' dir='ltr'>ἀναλώσασα,</span> <span class='ocrx_word' id='word_1_486' title='bbox 1746 5122 1842 5176; x_wconf 88' lang='grc' dir='ltr'><strong>τοῦ</strong></span> <span class='ocrx_word' id='word_1_487' title='bbox 1890 5120 1946 5174; x_wconf 81' lang='grc' dir='ltr'>δὲ</span> 
     </span>
    </p>
   </div>
   <div class='ocr_carea' id='block_1_70' title="bbox 380 5214 1858 5288">
    <p class='ocr_par' dir='ltr' id='par_1_70' title="bbox 380 5214 1858 5288">
     <span class='ocr_line' id='line_1_70' title="bbox 380 5214 1858 5288; baseline -0.004 -15"><span class='ocrx_word' id='word_1_488' title='bbox 380 5219 614 5273; x_wconf 79' lang='grc' dir='ltr'>πλούτου</span> <span class='ocrx_word' id='word_1_489' title='bbox 643 5220 710 5271; x_wconf 81' lang='grc' dir='ltr'><strong>τά</strong></span> <span class='ocrx_word' id='word_1_490' title='bbox 742 5218 1038 5288; x_wconf 82' lang='grc' dir='ltr'>λειπόμενα</span> <span class='ocrx_word' id='word_1_491' title='bbox 1071 5219 1488 5288; x_wconf 80' lang='grc' dir='ltr'>προσενέγκασα</span> <span class='ocrx_word' id='word_1_492' title='bbox 1511 5217 1588 5287; x_wconf 83' lang='grc' dir='ltr'>τῷ</span> <span class='ocrx_word' id='word_1_493' title='bbox 1617 5214 1858 5288; x_wconf 75' lang='grc' dir='ltr'>Χριστῷ.</span> 
     </span>
    </p>
   </div>
   <div class='ocr_carea' id='block_1_71' title="bbox 443 5353 1888 5424">
    <p class='ocr_par' dir='ltr' id='par_1_71' title="bbox 443 5353 1888 5424">
     <span class='ocr_line' id='line_1_71' title="bbox 443 5353 1888 5424; baseline 0 -16"><span class='ocrx_word' id='word_1_494' title='bbox 443 5354 588 5408; x_wconf 86' lang='grc' dir='ltr'><strong>ΤΟΥ</strong></span> <span class='ocrx_word' id='word_1_495' title='bbox 621 5353 872 5407; x_wconf 84' lang='grc' dir='ltr'><strong>ΑΥΤΟΥ</strong></span> <span class='ocrx_word' id='word_1_496' title='bbox 896 5355 992 5424; x_wconf 73' lang='grc'><strong>(2).</strong></span> <span class='ocrx_word' id='word_1_497' title='bbox 1049 5356 1143 5408; x_wconf 69' lang='grc' dir='ltr'>Ἐκ</span> <span class='ocrx_word' id='word_1_498' title='bbox 1194 5354 1312 5407; x_wconf 73' lang='grc' dir='ltr'>τῶν</span> <span class='ocrx_word' id='word_1_499' title='bbox 1338 5354 1488 5408; x_wconf 80' lang='grc' dir='ltr'>κατὰ</span> <span class='ocrx_word' id='word_1_500' title='bbox 1532 5353 1888 5423; x_wconf 74' lang='grc' dir='ltr'>Ὠριγένους.</span> 
     </span>
    </p>
   </div>
   <div class='ocr_carea' id='block_1_72' title="bbox 461 5464 1950 5538">
    <p class='ocr_par' dir='ltr' id='par_1_72' title="bbox 461 5464 1950 5538">
     <span class='ocr_line' id='line_1_72' title="bbox 461 5464 1950 5538; baseline -0.003 -17"><span class='ocrx_word' id='word_1_501' title='bbox 461 5465 520 5520; x_wconf 79' lang='grc' dir='ltr'>Ὀ</span> <span class='ocrx_word' id='word_1_502' title='bbox 553 5467 658 5538; x_wconf 88' lang='grc' dir='ltr'><strong>γάρ</strong></span> <span class='ocrx_word' id='word_1_503' title='bbox 697 5484 777 5519; x_wconf 90' lang='grc' dir='ltr'><strong>τοι</strong></span> <span class='ocrx_word' id='word_1_504' title='bbox 807 5465 1049 5528; x_wconf 85' lang='grc' dir='ltr'>διάϐολος</span> <span class='ocrx_word' id='word_1_505' title='bbox 1079 5466 1176 5534; x_wconf 79' lang='grc' dir='ltr'><strong>τῆς</strong></span> <span class='ocrx_word' id='word_1_506' title='bbox 1205 5466 1380 5535; x_wconf 80' lang='grc' dir='ltr'>αὐτῆς</span> <span class='ocrx_word' id='word_1_507' title='bbox 1412 5466 1681 5520; x_wconf 85' lang='grc' dir='ltr'>ἀθανάτου</span> <span class='ocrx_word' id='word_1_508' title='bbox 1712 5464 1820 5516; x_wconf 88' lang='grc' dir='ltr'><strong>τῶν</strong></span> <span class='ocrx_word' id='word_1_509' title='bbox 1852 5466 1950 5532; x_wconf 86' lang='grc' dir='ltr'>ἀγ-</span> 
     </span>
    </p>
   </div>
   <div class='ocr_carea' id='block_1_73' title="bbox 380 5557 1950 5630">
    <p class='ocr_par' dir='ltr' id='par_1_73' title="bbox 380 5557 1950 5630">
     <span class='ocr_line' id='line_1_73' title="bbox 380 5557 1950 5630; baseline -0.002 -17"><span class='ocrx_word' id='word_1_510' title='bbox 380 5559 554 5628; x_wconf 77' lang='grc' dir='ltr'>γέλων</span> <span class='ocrx_word' id='word_1_511' title='bbox 588 5560 845 5630; x_wconf 81' lang='grc' dir='ltr'>ὑπάρχων</span> <span class='ocrx_word' id='word_1_512' title='bbox 867 5558 1046 5628; x_wconf 82' lang='grc' dir='ltr'>δόξης,</span> <span class='ocrx_word' id='word_1_513' title='bbox 1079 5558 1156 5628; x_wconf 81' lang='grc' dir='ltr'>μὴ</span> <span class='ocrx_word' id='word_1_514' title='bbox 1181 5558 1428 5628; x_wconf 79' lang='grc' dir='ltr'>τηρήσας</span> <span class='ocrx_word' id='word_1_515' title='bbox 1450 5560 1548 5630; x_wconf 81' lang='grc' dir='ltr'>τὴν</span> <span class='ocrx_word' id='word_1_516' title='bbox 1569 5557 1763 5612; x_wconf 82' lang='grc' dir='ltr'>ἑαυτοῦ</span> <span class='ocrx_word' id='word_1_517' title='bbox 1795 5559 1950 5624; x_wconf 79' lang='grc' dir='ltr'>ἀξίαν</span> 
     </span>
    </p>
   </div>
   <div class='ocr_carea' id='block_1_74' title="bbox 457 5734 1942 5822">
    <p class='ocr_par' dir='ltr' id='par_1_74' title="bbox 457 5734 1942 5822">
     <span class='ocr_line' id='line_1_74' title="bbox 457 5734 1942 5822; baseline -0.002 -27"><span class='ocrx_word' id='word_1_518' title='bbox 457 5739 566 5822; x_wconf 77' lang='grc'><strong>(17)</strong></span> <span class='ocrx_word' id='word_1_519' title='bbox 603 5735 696 5794; x_wconf 85' lang='lat' dir='ltr'><strong>Gr.</strong></span> <span class='ocrx_word' id='word_1_520' title='bbox 731 5736 992 5792; x_wconf 89' lang='lat' dir='ltr'><strong>noluisset</strong></span> <span class='ocrx_word' id='word_1_521' title='bbox 1026 5734 1130 5789; x_wconf 85' lang='lat' dir='ltr'><strong>hoc</strong></span> <span class='ocrx_word' id='word_1_522' title='bbox 1174 5736 1467 5806; x_wconf 86' lang='lat' dir='ltr'><strong>suscipere,</strong></span> <span class='ocrx_word' id='word_1_523' title='bbox 1511 5735 1942 5807; x_wconf 55' lang='lat' dir='ltr'><strong>nisifviderctur</strong></span> 
     </span>
    </p>
   </div>
   <div class='ocr_carea' id='block_1_75' title="bbox 384 5826 618 5866">
    <p class='ocr_par' dir='ltr' id='par_1_75' title="bbox 384 5826 618 5866">
     <span class='ocr_line' id='line_1_75' title="bbox 384 5826 618 5866; baseline -0.013 0"><span class='ocrx_word' id='word_1_524' title='bbox 384 5826 618 5866; x_wconf 73' lang='lat' dir='ltr'><strong>venisse.</strong></span> 
     </span>
    </p>
   </div>
   <div class='ocr_carea' id='block_1_76' title="bbox 451 5874 1255 5952">
    <p class='ocr_par' dir='ltr' id='par_1_76' title="bbox 451 5874 1255 5952">
     <span class='ocr_line' id='line_1_76' title="bbox 451 5874 1255 5952; baseline -0.004 -17"><span class='ocrx_word' id='word_1_525' title='bbox 451 5881 557 5952; x_wconf 83' lang='lat' dir='ltr'><strong>(I8)</strong></span> <span class='ocrx_word' id='word_1_526' title='bbox 590 5879 846 5934; x_wconf 72' lang='lat' dir='ltr'><strong>Exactam</strong></span> <span class='ocrx_word' id='word_1_527' title='bbox 872 5874 1255 5949; x_wconf 80' lang='lat' dir='ltr'><strong>cognitionem.</strong></span> 
     </span>
    </p>
   </div>
   <div class='ocr_carea' id='block_1_77' title="bbox 2062 2035 3635 2109">
    <p class='ocr_par' dir='ltr' id='par_1_77' title="bbox 2062 2035 3635 2109">
     <span class='ocr_line' id='line_1_77' title="bbox 2062 2035 3635 2109; baseline 0.002 -18"><span class='ocrx_word' id='word_1_528' title='bbox 2062 2035 2216 2092; x_wconf 87' lang='lat' dir='ltr'><strong>Unde</strong></span> <span class='ocrx_word' id='word_1_529' title='bbox 2274 2038 2680 2093; x_wconf 88' lang='lat' dir='ltr'><strong>concedendum</strong></span> <span class='ocrx_word' id='word_1_530' title='bbox 2732 2041 2947 2107; x_wconf 89' lang='lat' dir='ltr'><strong>quidem</strong></span> <span class='ocrx_word' id='word_1_531' title='bbox 2995 2048 3076 2094; x_wconf 91' lang='lat' dir='ltr'><strong>est</strong></span> <span class='ocrx_word' id='word_1_532' title='bbox 3130 2039 3226 2101; x_wconf 89' lang='lat' dir='ltr'><strong>illi,</strong></span> <span class='ocrx_word' id='word_1_533' title='bbox 3279 2040 3423 2109; x_wconf 88' lang='lat' dir='ltr'><strong>quod</strong></span> <span class='ocrx_word' id='word_1_534' title='bbox 3465 2039 3635 2094; x_wconf 89' lang='lat' dir='ltr'><strong>multa</strong></span> 
     </span>
    </p>
   </div>
   <div class='ocr_carea' id='block_1_78' title="bbox 2062 2130 3632 2202">
    <p class='ocr_par' dir='ltr' id='par_1_78' title="bbox 2062 2130 3632 2202">
     <span class='ocr_line' id='line_1_78' title="bbox 2062 2130 3632 2202; baseline 0.003 -19"><span class='ocrx_word' id='word_1_535' title='bbox 2062 2130 2312 2185; x_wconf 85' lang='lat' dir='ltr'><strong>didicerit</strong></span> <span class='ocrx_word' id='word_1_536' title='bbox 2336 2148 2350 2196; x_wconf 91' lang='lat'><strong>;</strong></span> <span class='ocrx_word' id='word_1_537' title='bbox 2374 2131 2518 2200; x_wconf 91' lang='lat' dir='ltr'><strong>quod</strong></span> <span class='ocrx_word' id='word_1_538' title='bbox 2537 2139 2715 2186; x_wconf 90' lang='lat' dir='ltr'><strong>autem</strong></span> <span class='ocrx_word' id='word_1_539' title='bbox 2737 2131 3048 2202; x_wconf 79' lang='lat' dir='ltr'><strong>dogmatum</strong></span> <span class='ocrx_word' id='word_1_540' title='bbox 3064 2130 3314 2186; x_wconf 86' lang='lat' dir='ltr'><strong>habuerit</strong></span> <span class='ocrx_word' id='word_1_541' title='bbox 3332 2132 3632 2198; x_wconf 84' lang='lat' dir='ltr'><strong>notionem,</strong></span> 
     </span>
    </p>
   </div>
   <div class='ocr_carea' id='block_1_79' title="bbox 2063 2222 3633 2294">
    <p class='ocr_par' dir='ltr' id='par_1_79' title="bbox 2063 2222 3633 2294">
     <span class='ocr_line' id='line_1_79' title="bbox 2063 2222 3633 2294; baseline 0.003 -18"><span class='ocrx_word' id='word_1_542' title='bbox 2063 2222 2214 2277; x_wconf 87' lang='lat' dir='ltr'><strong>nullo</strong></span> <span class='ocrx_word' id='word_1_543' title='bbox 2239 2224 2400 2278; x_wconf 87' lang='lat' dir='ltr'><strong>modo</strong></span> <span class='ocrx_word' id='word_1_544' title='bbox 2427 2240 2441 2276; x_wconf 91' lang='lat'><strong>:</strong></span> <span class='ocrx_word' id='word_1_545' title='bbox 2479 2238 2639 2290; x_wconf 85' lang='lat' dir='ltr'><strong>quem</strong></span> <span class='ocrx_word' id='word_1_546' title='bbox 2671 2225 2929 2280; x_wconf 87' lang='lat' dir='ltr'><strong>videlicet</strong></span> <span class='ocrx_word' id='word_1_547' title='bbox 2954 2225 3117 2280; x_wconf 88' lang='lat' dir='ltr'><strong>nimis</strong></span> <span class='ocrx_word' id='word_1_548' title='bbox 3151 2223 3324 2281; x_wconf 79' lang='lat' dir='ltr'><strong>fuisse</strong></span> <span class='ocrx_word' id='word_1_549' title='bbox 3347 2225 3535 2294; x_wconf 85' lang='lat' dir='ltr'><strong>procul</strong></span> <span class='ocrx_word' id='word_1_550' title='bbox 3562 2226 3633 2280; x_wconf 89' lang='lat' dir='ltr'><strong>ab</strong></span> 
     </span>
    </p>
   </div>
   <div class='ocr_carea' id='block_1_80' title="bbox 2062 2313 3636 2386">
    <p class='ocr_par' dir='ltr' id='par_1_80' title="bbox 2062 2313 3636 2386">
     <span class='ocr_line' id='line_1_80' title="bbox 2062 2313 3636 2386; baseline 0.004 -18"><span class='ocrx_word' id='word_1_551' title='bbox 2062 2314 2253 2369; x_wconf 88' lang='lat' dir='ltr'><strong>horum</strong></span> <span class='ocrx_word' id='word_1_552' title='bbox 2307 2314 2511 2369; x_wconf 87' lang='lat' dir='ltr'><strong>acribia</strong></span> <span class='ocrx_word' id='word_1_553' title='bbox 2547 2315 2770 2370; x_wconf 85' lang='lat' dir='ltr'><strong>scimus.</strong></span> <span class='ocrx_word' id='word_1_554' title='bbox 2825 2313 2895 2369; x_wconf 80' lang='lat' dir='ltr'><strong>Et</strong></span> <span class='ocrx_word' id='word_1_555' title='bbox 2943 2315 3104 2386; x_wconf 84' lang='lat' dir='ltr'><strong>paulo</strong></span> <span class='ocrx_word' id='word_1_556' title='bbox 3154 2327 3313 2386; x_wconf 76' lang='lat' dir='ltr'><strong>post:</strong></span> <span class='ocrx_word' id='word_1_557' title='bbox 3345 2317 3530 2386; x_wconf 83' lang='lat' dir='ltr'><strong>Itaque</strong></span> <span class='ocrx_word' id='word_1_558' title='bbox 3565 2333 3636 2375; x_wconf 83' lang='lat' dir='ltr'><strong>ne</strong></span> 
     </span>
    </p>
   </div>
   <div class='ocr_carea' id='block_1_81' title="bbox 2061 2405 3634 2478">
    <p class='ocr_par' dir='ltr' id='par_1_81' title="bbox 2061 2405 3634 2478">
     <span class='ocr_line' id='line_1_81' title="bbox 2061 2405 3634 2478; baseline 0.007 -19"><span class='ocrx_word' id='word_1_559' title='bbox 2061 2405 2348 2462; x_wconf 83' lang='lat' dir='ltr'><strong>videamur</strong></span> <span class='ocrx_word' id='word_1_560' title='bbox 2376 2408 2594 2477; x_wconf 76' lang='lat' dir='ltr'><strong>aggredi</strong></span> <span class='ocrx_word' id='word_1_561' title='bbox 2629 2408 2830 2471; x_wconf 85' lang='lat' dir='ltr'><strong>virum,</strong></span> <span class='ocrx_word' id='word_1_562' title='bbox 2867 2409 2935 2464; x_wconf 93' lang='lat' dir='ltr'><strong>de</strong></span> <span class='ocrx_word' id='word_1_563' title='bbox 2974 2411 3174 2478; x_wconf 89' lang='lat' dir='ltr'><strong>quibus</strong></span> <span class='ocrx_word' id='word_1_564' title='bbox 3210 2427 3316 2466; x_wconf 90' lang='lat' dir='ltr'><strong>non</strong></span> <span class='ocrx_word' id='word_1_565' title='bbox 3347 2421 3432 2466; x_wconf 90' lang='lat' dir='ltr'><strong>est</strong></span> <span class='ocrx_word' id='word_1_566' title='bbox 3479 2415 3634 2470; x_wconf 91' lang='lat' dir='ltr'><strong>nobis</strong></span> 
     </span>
    </p>
   </div>
   <div class='ocr_carea' id='block_1_82' title="bbox 2063 2496 3636 2573">
    <p class='ocr_par' dir='ltr' id='par_1_82' title="bbox 2063 2496 3636 2573">
     <span class='ocr_line' id='line_1_82' title="bbox 2063 2496 3636 2573; baseline 0.006 -23"><span class='ocrx_word' id='word_1_567' title='bbox 2063 2496 2551 2566; x_wconf 52' lang='lat' dir='ltr'><strong>impraesentiarum</strong></span> <span class='ocrx_word' id='word_1_568' title='bbox 2581 2501 2791 2556; x_wconf 88' lang='lat' dir='ltr'><strong>dicendi</strong></span> <span class='ocrx_word' id='word_1_569' title='bbox 2824 2503 3159 2571; x_wconf 83' lang='lat' dir='ltr'><strong>prepositum</strong></span> <span class='ocrx_word' id='word_1_570' title='bbox 3197 2520 3212 2570; x_wconf 90' lang='lat'><strong>;</strong></span> <span class='ocrx_word' id='word_1_571' title='bbox 3247 2519 3422 2573; x_wconf 90' lang='lat' dir='ltr'><strong>neque</strong></span> <span class='ocrx_word' id='word_1_572' title='bbox 3452 2505 3636 2560; x_wconf 86' lang='lat' dir='ltr'><strong>discu-</strong></span> 
     </span>
    </p>
   </div>
   <div class='ocr_carea' id='block_1_83' title="bbox 2062 2591 3632 2665">
    <p class='ocr_par' dir='ltr' id='par_1_83' title="bbox 2062 2591 3632 2665">
     <span class='ocr_line' id='line_1_83' title="bbox 2062 2591 3632 2665; baseline 0.005 -21"><span class='ocrx_word' id='word_1_573' title='bbox 2062 2591 2260 2647; x_wconf 86' lang='lat' dir='ltr'><strong>tientes</strong></span> <span class='ocrx_word' id='word_1_574' title='bbox 2289 2591 2605 2662; x_wconf 75' lang='lat' dir='ltr'><strong>diligentius</strong></span> <span class='ocrx_word' id='word_1_575' title='bbox 2639 2594 2943 2664; x_wconf 73' lang='lat' dir='ltr'><strong>apologiam</strong></span> <span class='ocrx_word' id='word_1_576' title='bbox 2979 2611 3097 2665; x_wconf 75' lang='lat' dir='ltr'><strong>qute</strong></span> <span class='ocrx_word' id='word_1_577' title='bbox 3134 2595 3275 2650; x_wconf 80' lang='lat' dir='ltr'><strong>facta</strong></span> <span class='ocrx_word' id='word_1_578' title='bbox 3308 2606 3415 2663; x_wconf 89' lang='lat' dir='ltr'><strong>est,</strong></span> <span class='ocrx_word' id='word_1_579' title='bbox 3454 2599 3632 2654; x_wconf 60' lang='lat' dir='ltr'><strong>hatre-</strong></span> 
     </span>
    </p>
   </div>
   <div class='ocr_carea' id='block_1_84' title="bbox 2062 2684 3633 2759">
    <p class='ocr_par' dir='ltr' id='par_1_84' title="bbox 2062 2684 3633 2759">
     <span class='ocr_line' id='line_1_84' title="bbox 2062 2684 3633 2759; baseline 0.006 -22"><span class='ocrx_word' id='word_1_580' title='bbox 2062 2684 2199 2739; x_wconf 87' lang='lat' dir='ltr'><strong>ticos</strong></span> <span class='ocrx_word' id='word_1_581' title='bbox 2255 2687 2603 2740; x_wconf 82' lang='lat' dir='ltr'><strong>ostendamus</strong></span> <span class='ocrx_word' id='word_1_582' title='bbox 2657 2696 2969 2758; x_wconf 89' lang='lat' dir='ltr'><strong>utrumque,</strong></span> <span class='ocrx_word' id='word_1_583' title='bbox 3041 2689 3214 2757; x_wconf 86' lang='lat' dir='ltr'><strong>ipsum</strong></span> <span class='ocrx_word' id='word_1_584' title='bbox 3273 2690 3484 2745; x_wconf 88' lang='lat' dir='ltr'><strong>scilicet</strong></span> <span class='ocrx_word' id='word_1_585' title='bbox 3539 2691 3633 2759; x_wconf 90' lang='lat' dir='ltr'><strong>qui</strong></span> 
     </span>
    </p>
   </div>
   <div class='ocr_carea' id='block_1_85' title="bbox 2059 2781 3635 2852">
    <p class='ocr_par' dir='ltr' id='par_1_85' title="bbox 2059 2781 3635 2852">
     <span class='ocr_line' id='line_1_85' title="bbox 2059 2781 3635 2852; baseline 0.003 -20"><span class='ocrx_word' id='word_1_586' title='bbox 2059 2788 2378 2842; x_wconf 85' lang='lat' dir='ltr'><strong>excusatur,</strong></span> <span class='ocrx_word' id='word_1_587' title='bbox 2421 2787 2477 2834; x_wconf 90' lang='lat' dir='ltr'><strong>et</strong></span> <span class='ocrx_word' id='word_1_588' title='bbox 2514 2794 2637 2834; x_wconf 89' lang='lat' dir='ltr'><strong>eum</strong></span> <span class='ocrx_word' id='word_1_589' title='bbox 2669 2781 2761 2850; x_wconf 91' lang='lat' dir='ltr'><strong>qui</strong></span> <span class='ocrx_word' id='word_1_590' title='bbox 2786 2795 2884 2851; x_wconf 87' lang='lat' dir='ltr'><strong>pro</strong></span> <span class='ocrx_word' id='word_1_591' title='bbox 2911 2796 2976 2836; x_wconf 88' lang='lat' dir='ltr'><strong>eo</strong></span> <span class='ocrx_word' id='word_1_592' title='bbox 3019 2781 3422 2837; x_wconf 76' lang='lat' dir='ltr'><strong>excusationem</strong></span> <span class='ocrx_word' id='word_1_593' title='bbox 3466 2798 3635 2852; x_wconf 71' lang='lat' dir='ltr'><strong>expo~</strong></span> 
     </span>
    </p>
   </div>
   <div class='ocr_carea' id='block_1_86' title="bbox 2059 2869 3634 2945">
    <p class='ocr_par' dir='ltr' id='par_1_86' title="bbox 2059 2869 3634 2945">
     <span class='ocr_line' id='line_1_86' title="bbox 2059 2869 3634 2945; baseline 0.006 -22"><span class='ocrx_word' id='word_1_594' title='bbox 2059 2869 2188 2923; x_wconf 82' lang='lat' dir='ltr'><strong>suit.</strong></span> <span class='ocrx_word' id='word_1_595' title='bbox 2219 2870 2418 2938; x_wconf 77' lang='lat' dir='ltr'><strong>Elpoal</strong></span> <span class='ocrx_word' id='word_1_596' title='bbox 2443 2871 2552 2925; x_wconf 84' lang='lat' dir='ltr'><strong>alia</strong></span> <span class='ocrx_word' id='word_1_597' title='bbox 2574 2885 2593 2924; x_wconf 91' lang='lat'><strong><em>:</em></strong></span> <span class='ocrx_word' id='word_1_598' title='bbox 2626 2870 2867 2928; x_wconf 90' lang='lat' dir='ltr'><strong>Ostende</strong></span> <span class='ocrx_word' id='word_1_599' title='bbox 2887 2888 3215 2945; x_wconf 89' lang='lat' dir='ltr'><strong>quemquam</strong></span> <span class='ocrx_word' id='word_1_600' title='bbox 3245 2890 3308 2928; x_wconf 82' lang='lat' dir='ltr'><strong>ex</strong></span> <span class='ocrx_word' id='word_1_601' title='bbox 3332 2875 3634 2932; x_wconf 86' lang='lat' dir='ltr'><strong>illustribus</strong></span> 
     </span>
    </p>
   </div>
   <div class='ocr_carea' id='block_1_87' title="bbox 2059 2959 3624 3038">
    <p class='ocr_par' dir='ltr' id='par_1_87' title="bbox 2059 2959 3624 3038">
     <span class='ocr_line' id='line_1_87' title="bbox 2059 2959 3624 3038; baseline 0.006 -25"><span class='ocrx_word' id='word_1_602' title='bbox 2059 2959 2315 3016; x_wconf 76' lang='lat' dir='ltr'><strong>Ecclesia:</strong></span> <span class='ocrx_word' id='word_1_603' title='bbox 2346 2964 2641 3032; x_wconf 76' lang='lat' dir='ltr'><strong>magistris,</strong></span> <span class='ocrx_word' id='word_1_604' title='bbox 2688 2965 2779 3034; x_wconf 91' lang='lat' dir='ltr'><strong>qui</strong></span> <span class='ocrx_word' id='word_1_605' title='bbox 2808 2979 3064 3038; x_wconf 67' lang='lat' dir='ltr'><strong>eXpresse</strong></span> <span class='ocrx_word' id='word_1_606' title='bbox 3093 2976 3147 3021; x_wconf 85' lang='lat' dir='ltr'><strong>et</strong></span> <span class='ocrx_word' id='word_1_607' title='bbox 3179 2967 3624 3036; x_wconf 86' lang='lat' dir='ltr'><strong>indubitabiliter,</strong></span> 
     </span>
    </p>
   </div>
   <div class='ocr_carea' id='block_1_88' title="bbox 2059 3054 3634 3128">
    <p class='ocr_par' dir='ltr' id='par_1_88' title="bbox 2059 3054 3634 3128">
     <span class='ocr_line' id='line_1_88' title="bbox 2059 3054 3634 3128; baseline 0.005 -23"><span class='ocrx_word' id='word_1_608' title='bbox 2059 3054 2204 3121; x_wconf 89' lang='lat' dir='ltr'><strong>quod</strong></span> <span class='ocrx_word' id='word_1_609' title='bbox 2253 3054 2874 3122; x_wconf 67' lang='lat' dir='ltr'><strong>prazexsistantanimae,</strong></span> <span class='ocrx_word' id='word_1_610' title='bbox 2922 3057 3375 3128; x_wconf 81' lang='lat' dir='ltr'><strong>dogmatizaverit</strong></span> <span class='ocrx_word' id='word_1_611' title='bbox 3414 3077 3427 3112; x_wconf 91' lang='lat'><strong>:</strong></span> <span class='ocrx_word' id='word_1_612' title='bbox 3476 3070 3634 3113; x_wconf 88' lang='lat' dir='ltr'><strong>etne</strong></span> 
     </span>
    </p>
   </div>
   <div class='ocr_carea' id='block_1_89' title="bbox 2059 3135 3682 3222">
    <p class='ocr_par' dir='ltr' id='par_1_89' title="bbox 2059 3135 3682 3222">
     <span class='ocr_line' id='line_1_89' title="bbox 2059 3135 3682 3222; baseline 0.004 -20"><span class='ocrx_word' id='word_1_613' title='bbox 2059 3149 2442 3217; x_wconf 86' lang='lat' dir='ltr'><strong>subreptiones</strong></span> <span class='ocrx_word' id='word_1_614' title='bbox 2487 3151 2748 3220; x_wconf 88' lang='lat' dir='ltr'><strong>quasdam</strong></span> <span class='ocrx_word' id='word_1_615' title='bbox 2798 3151 3044 3221; x_wconf 88' lang='lat' dir='ltr'><strong>proferre</strong></span> <span class='ocrx_word' id='word_1_616' title='bbox 3080 3161 3253 3206; x_wconf 90' lang='lat' dir='ltr'><strong>tentes</strong></span> <span class='ocrx_word' id='word_1_617' title='bbox 3281 3153 3349 3206; x_wconf 92' lang='lat' dir='ltr'><strong>ad</strong></span> <span class='ocrx_word' id='word_1_618' title='bbox 3384 3167 3640 3222; x_wconf 77' lang='lat' dir='ltr'><strong>compro-</strong></span> <span class='ocrx_word' id='word_1_619' title='bbox 3677 3135 3682 3138; x_wconf 42' lang='grc'><em>’</em></span> 
     </span>
    </p>
   </div>
   <div class='ocr_carea' id='block_1_90' title="bbox 2060 3240 3633 3312">
    <p class='ocr_par' dir='ltr' id='par_1_90' title="bbox 2060 3240 3633 3312">
     <span class='ocr_line' id='line_1_90' title="bbox 2060 3240 3633 3312; baseline 0.004 -20"><span class='ocrx_word' id='word_1_620' title='bbox 2060 3240 2356 3296; x_wconf 85' lang='lat' dir='ltr'><strong>bationem.</strong></span> <span class='ocrx_word' id='word_1_621' title='bbox 2412 3241 2546 3297; x_wconf 89' lang='lat' dir='ltr'><strong>Illud</strong></span> <span class='ocrx_word' id='word_1_622' title='bbox 2588 3243 2731 3297; x_wconf 88' lang='lat' dir='ltr'><strong>enim</strong></span> <span class='ocrx_word' id='word_1_623' title='bbox 2767 3244 2913 3312; x_wconf 90' lang='lat' dir='ltr'><strong>quod</strong></span> <span class='ocrx_word' id='word_1_624' title='bbox 2974 3243 3354 3299; x_wconf 88' lang='lat' dir='ltr'><strong>demonstrare</strong></span> <span class='ocrx_word' id='word_1_625' title='bbox 3385 3245 3633 3304; x_wconf 81' lang='lat' dir='ltr'><strong>festinas.</strong></span> 
     </span>
    </p>
   </div>
   <div class='ocr_carea' id='block_1_91' title="bbox 2059 3329 3636 3398">
    <p class='ocr_par' dir='ltr' id='par_1_91' title="bbox 2059 3329 3636 3398">
     <span class='ocr_line' id='line_1_91' title="bbox 2059 3329 3636 3398; baseline 0.003 -14"><span class='ocrx_word' id='word_1_626' title='bbox 2059 3329 2178 3384; x_wconf 84' lang='lat' dir='ltr'><strong>Filii</strong></span> <span class='ocrx_word' id='word_1_627' title='bbox 2225 3329 2293 3382; x_wconf 90' lang='lat' dir='ltr'><strong>ad</strong></span> <span class='ocrx_word' id='word_1_628' title='bbox 2333 3329 2550 3384; x_wconf 88' lang='lat' dir='ltr'><strong>Patrem</strong></span> <span class='ocrx_word' id='word_1_629' title='bbox 2605 3331 2994 3398; x_wconf 74' lang='lat' dir='ltr'><strong>subiectionem</strong></span> <span class='ocrx_word' id='word_1_630' title='bbox 3040 3335 3204 3387; x_wconf 89' lang='lat' dir='ltr'><strong>etiam</strong></span> <span class='ocrx_word' id='word_1_631' title='bbox 3235 3335 3338 3389; x_wconf 89' lang='lat' dir='ltr'><strong>sibi</strong></span> <span class='ocrx_word' id='word_1_632' title='bbox 3383 3333 3636 3390; x_wconf 87' lang='lat' dir='ltr'><strong>similiter</strong></span> 
     </span>
    </p>
   </div>
   <div class='ocr_carea' id='block_1_92' title="bbox 2061 3421 3631 3493">
    <p class='ocr_par' dir='ltr' id='par_1_92' title="bbox 2061 3421 3631 3493">
     <span class='ocr_line' id='line_1_92' title="bbox 2061 3421 3631 3493; baseline 0.004 -19"><span class='ocrx_word' id='word_1_633' title='bbox 2061 3421 2274 3491; x_wconf 89' lang='lat' dir='ltr'><strong>aliquos</strong></span> <span class='ocrx_word' id='word_1_634' title='bbox 2331 3422 2642 3490; x_wconf 88' lang='lat' dir='ltr'><strong>perhibere,</strong></span> <span class='ocrx_word' id='word_1_635' title='bbox 2690 3424 2866 3491; x_wconf 91' lang='lat' dir='ltr'><strong>primo</strong></span> <span class='ocrx_word' id='word_1_636' title='bbox 2917 3425 3134 3493; x_wconf 88' lang='lat' dir='ltr'><strong>quidem</strong></span> <span class='ocrx_word' id='word_1_637' title='bbox 3183 3441 3288 3479; x_wconf 85' lang='lat' dir='ltr'><strong>nun</strong></span> <span class='ocrx_word' id='word_1_638' title='bbox 3333 3426 3631 3480; x_wconf 88' lang='lat' dir='ltr'><strong>miremur:</strong></span> 
     </span>
    </p>
   </div>
   <div class='ocr_carea' id='block_1_93' title="bbox 2062 3516 3630 3586">
    <p class='ocr_par' dir='ltr' id='par_1_93' title="bbox 2062 3516 3630 3586">
     <span class='ocr_line' id='line_1_93' title="bbox 2062 3516 3630 3586; baseline 0.004 -19"><span class='ocrx_word' id='word_1_639' title='bbox 2062 3526 2150 3568; x_wconf 87' lang='lat' dir='ltr'><strong>tua</strong></span> <span class='ocrx_word' id='word_1_640' title='bbox 2203 3525 2294 3569; x_wconf 91' lang='lat' dir='ltr'><strong>est</strong></span> <span class='ocrx_word' id='word_1_641' title='bbox 2335 3524 2388 3569; x_wconf 90' lang='lat' dir='ltr'><strong>et</strong></span> <span class='ocrx_word' id='word_1_642' title='bbox 2426 3529 2614 3569; x_wconf 83' lang='lat' dir='ltr'><strong>eorum</strong></span> <span class='ocrx_word' id='word_1_643' title='bbox 2663 3516 2757 3585; x_wconf 92' lang='lat' dir='ltr'><strong>qui</strong></span> <span class='ocrx_word' id='word_1_644' title='bbox 2790 3517 2934 3570; x_wconf 88' lang='lat' dir='ltr'><strong>circa</strong></span> <span class='ocrx_word' id='word_1_645' title='bbox 2989 3529 3039 3571; x_wconf 89' lang='lat' dir='ltr'><strong>te</strong></span> <span class='ocrx_word' id='word_1_646' title='bbox 3078 3527 3225 3580; x_wconf 89' lang='lat' dir='ltr'><strong>sunt,</strong></span> <span class='ocrx_word' id='word_1_647' title='bbox 3271 3517 3394 3572; x_wconf 90' lang='lat' dir='ltr'><strong>talis</strong></span> <span class='ocrx_word' id='word_1_648' title='bbox 3425 3518 3630 3586; x_wconf 90' lang='lat' dir='ltr'><strong>opinio.</strong></span> 
     </span>
    </p>
   </div>
   <div class='ocr_carea' id='block_1_94' title="bbox 2061 3604 3634 3678">
    <p class='ocr_par' dir='ltr' id='par_1_94' title="bbox 2061 3604 3634 3678">
     <span class='ocr_line' id='line_1_94' title="bbox 2061 3604 3634 3678; baseline 0.002 -17"><span class='ocrx_word' id='word_1_649' title='bbox 2061 3604 2214 3661; x_wconf 89' lang='lat' dir='ltr'><strong>Unde</strong></span> <span class='ocrx_word' id='word_1_650' title='bbox 2268 3619 2367 3660; x_wconf 89' lang='lat' dir='ltr'><strong>nec</strong></span> <span class='ocrx_word' id='word_1_651' title='bbox 2417 3622 2582 3676; x_wconf 87' lang='lat' dir='ltr'><strong>super</strong></span> <span class='ocrx_word' id='word_1_652' title='bbox 2633 3606 2736 3662; x_wconf 90' lang='lat' dir='ltr'><strong>hoc</strong></span> <span class='ocrx_word' id='word_1_653' title='bbox 2778 3608 2830 3661; x_wconf 90' lang='lat' dir='ltr'><strong>in</strong></span> <span class='ocrx_word' id='word_1_654' title='bbox 2886 3609 3135 3678; x_wconf 84' lang='lat' dir='ltr'><strong>pra-senti</strong></span> <span class='ocrx_word' id='word_1_655' title='bbox 3188 3609 3341 3664; x_wconf 88' lang='lat' dir='ltr'><strong>nobis</strong></span> <span class='ocrx_word' id='word_1_656' title='bbox 3375 3609 3518 3664; x_wconf 90' lang='lat' dir='ltr'><strong>ullus</strong></span> <span class='ocrx_word' id='word_1_657' title='bbox 3547 3619 3634 3665; x_wconf 88' lang='lat' dir='ltr'><strong>est</strong></span> 
     </span>
    </p>
   </div>
   <div class='ocr_carea' id='block_1_95' title="bbox 2059 3698 3631 3772">
    <p class='ocr_par' dir='ltr' id='par_1_95' title="bbox 2059 3698 3631 3772">
     <span class='ocr_line' id='line_1_95' title="bbox 2059 3698 3631 3772; baseline 0.003 -20"><span class='ocrx_word' id='word_1_658' title='bbox 2059 3713 2263 3758; x_wconf 85' lang='lat' dir='ltr'><strong>sermo.</strong></span> <span class='ocrx_word' id='word_1_659' title='bbox 2299 3713 2419 3753; x_wconf 89' lang='lat' dir='ltr'><strong>cum</strong></span> <span class='ocrx_word' id='word_1_660' title='bbox 2461 3698 2718 3754; x_wconf 89' lang='lat' dir='ltr'><strong>videlicet</strong></span> <span class='ocrx_word' id='word_1_661' title='bbox 2767 3699 3054 3756; x_wconf 86' lang='lat' dir='ltr'><strong>universali</strong></span> <span class='ocrx_word' id='word_1_662' title='bbox 3109 3699 3179 3754; x_wconf 87' lang='lat' dir='ltr'><strong>sit</strong></span> <span class='ocrx_word' id='word_1_663' title='bbox 3229 3701 3359 3754; x_wconf 94' lang='lat' dir='ltr'><strong>olim</strong></span> <span class='ocrx_word' id='word_1_664' title='bbox 3398 3701 3631 3772; x_wconf 89' lang='lat' dir='ltr'><strong>inquisi—</strong></span> 
     </span>
    </p>
   </div>
   <div class='ocr_carea' id='block_1_96' title="bbox 2061 3791 3628 3862">
    <p class='ocr_par' dir='ltr' id='par_1_96' title="bbox 2061 3791 3628 3862">
     <span class='ocr_line' id='line_1_96' title="bbox 2061 3791 3628 3862; baseline 0.003 -18"><span class='ocrx_word' id='word_1_665' title='bbox 2061 3791 2207 3846; x_wconf 90' lang='lat' dir='ltr'><strong>tione</strong></span> <span class='ocrx_word' id='word_1_666' title='bbox 2241 3791 2542 3861; x_wconf 88' lang='lat' dir='ltr'><strong>projectum</strong></span> <span class='ocrx_word' id='word_1_667' title='bbox 2596 3791 2708 3861; x_wconf 88' lang='grc'><strong>(19)</strong></span> <span class='ocrx_word' id='word_1_668' title='bbox 2751 3802 2911 3862; x_wconf 85' lang='lat' dir='ltr'><strong>atque</strong></span> <span class='ocrx_word' id='word_1_669' title='bbox 2954 3791 3268 3860; x_wconf 77' lang='lat' dir='ltr'><strong>repulsumi</strong></span> <span class='ocrx_word' id='word_1_670' title='bbox 3319 3803 3374 3848; x_wconf 87' lang='lat' dir='ltr'><strong>et</strong></span> <span class='ocrx_word' id='word_1_671' title='bbox 3416 3809 3521 3847; x_wconf 91' lang='lat' dir='ltr'><strong>non</strong></span> <span class='ocrx_word' id='word_1_672' title='bbox 3573 3794 3628 3848; x_wconf 89' lang='lat' dir='ltr'><strong>in</strong></span> 
     </span>
    </p>
   </div>
   <div class='ocr_carea' id='block_1_97' title="bbox 2060 3882 3631 3956">
    <p class='ocr_par' dir='ltr' id='par_1_97' title="bbox 2060 3882 3631 3956">
     <span class='ocr_line' id='line_1_97' title="bbox 2060 3882 3631 3956; baseline 0.003 -20"><span class='ocrx_word' id='word_1_673' title='bbox 2060 3882 2165 3938; x_wconf 86' lang='lat' dir='ltr'><strong>hoc</strong></span> <span class='ocrx_word' id='word_1_674' title='bbox 2213 3883 2519 3950; x_wconf 83' lang='lat' dir='ltr'><strong>obediatur,</strong></span> <span class='ocrx_word' id='word_1_675' title='bbox 2567 3899 2744 3954; x_wconf 90' lang='lat' dir='ltr'><strong>neque</strong></span> <span class='ocrx_word' id='word_1_676' title='bbox 2776 3883 3098 3939; x_wconf 83' lang='lat' dir='ltr'><strong>discutiatur</strong></span> <span class='ocrx_word' id='word_1_677' title='bbox 3125 3893 3345 3952; x_wconf 88' lang='lat' dir='ltr'><strong>propter</strong></span> <span class='ocrx_word' id='word_1_678' title='bbox 3380 3900 3494 3951; x_wconf 88' lang='lat' dir='ltr'><strong>eos,</strong></span> <span class='ocrx_word' id='word_1_679' title='bbox 3530 3901 3631 3956; x_wconf 94' lang='lat' dir='ltr'><strong>pro</strong></span> 
     </span>
    </p>
   </div>
   <div class='ocr_carea' id='block_1_98' title="bbox 2059 3973 3628 4046">
    <p class='ocr_par' dir='ltr' id='par_1_98' title="bbox 2059 3973 3628 4046">
     <span class='ocr_line' id='line_1_98' title="bbox 2059 3973 3628 4046; baseline 0.003 -19"><span class='ocrx_word' id='word_1_680' title='bbox 2059 3973 2258 4046; x_wconf 89' lang='lat' dir='ltr'><strong>quibus</strong></span> <span class='ocrx_word' id='word_1_681' title='bbox 2285 3976 2401 4030; x_wconf 55' lang='lat' dir='ltr'><strong>huc</strong></span> <span class='ocrx_word' id='word_1_682' title='bbox 2430 3975 2586 4029; x_wconf 89' lang='lat' dir='ltr'><strong>nobis</strong></span> <span class='ocrx_word' id='word_1_683' title='bbox 2627 3976 2902 4044; x_wconf 90' lang='lat' dir='ltr'><strong>proposita</strong></span> <span class='ocrx_word' id='word_1_684' title='bbox 2948 3985 3091 4029; x_wconf 88' lang='lat' dir='ltr'><strong>sunt.</strong></span> <span class='ocrx_word' id='word_1_685' title='bbox 3135 3975 3304 4030; x_wconf 89' lang='lat' dir='ltr'><strong>Porro</strong></span> <span class='ocrx_word' id='word_1_686' title='bbox 3332 3992 3482 4046; x_wconf 72' lang='lat' dir='ltr'><strong>pura:</strong></span> <span class='ocrx_word' id='word_1_687' title='bbox 3508 3977 3628 4032; x_wconf 87' lang='lat' dir='ltr'><strong>voci</strong></span> 
     </span>
    </p>
   </div>
   <div class='ocr_carea' id='block_1_99' title="bbox 2058 4057 3627 4137">
    <p class='ocr_par' dir='ltr' id='par_1_99' title="bbox 2058 4057 3627 4137">
     <span class='ocr_line' id='line_1_99' title="bbox 2058 4057 3627 4137; baseline 0.001 -17"><span class='ocrx_word' id='word_1_688' title='bbox 2058 4082 2180 4137; x_wconf 71' lang='lat' dir='ltr'><strong>qua:</strong></span> <span class='ocrx_word' id='word_1_689' title='bbox 2197 4075 2281 4122; x_wconf 90' lang='lat' dir='ltr'><strong>est</strong></span> <span class='ocrx_word' id='word_1_690' title='bbox 2299 4067 2631 4122; x_wconf 89' lang='lat' dir='ltr'><strong>Periarchon</strong></span> <span class='ocrx_word' id='word_1_691' title='bbox 2654 4067 2892 4132; x_wconf 89' lang='lat' dir='ltr'><strong>detrahi,</strong></span> <span class='ocrx_word' id='word_1_692' title='bbox 2923 4082 3266 4137; x_wconf 87' lang='lat' dir='ltr'><strong>nequaquam</strong></span> <span class='ocrx_word' id='word_1_693' title='bbox 3296 4084 3324 4122; x_wconf 90' lang='lat' dir='ltr'><strong>a</strong></span> <span class='ocrx_word' id='word_1_694' title='bbox 3355 4057 3627 4136; x_wconf 86' lang='lat' dir='ltr'><strong>quoquam</strong></span> 
     </span>
    </p>
   </div>
   <div class='ocr_carea' id='block_1_100' title="bbox 2059 4157 3626 4228">
    <p class='ocr_par' dir='ltr' id='par_1_100' title="bbox 2059 4157 3626 4228">
     <span class='ocr_line' id='line_1_100' title="bbox 2059 4157 3626 4228; baseline 0.002 -16"><span class='ocrx_word' id='word_1_695' title='bbox 2059 4173 2237 4228; x_wconf 91' lang='lat' dir='ltr'><strong>usque</strong></span> <span class='ocrx_word' id='word_1_696' title='bbox 2273 4174 2416 4214; x_wconf 90' lang='lat' dir='ltr'><strong>nunc</strong></span> <span class='ocrx_word' id='word_1_697' title='bbox 2445 4159 2665 4224; x_wconf 86' lang='lat' dir='ltr'><strong>audisti,</strong></span> <span class='ocrx_word' id='word_1_698' title='bbox 2701 4174 2735 4214; x_wconf 92' lang='grc' dir='ltr'><strong>ο</strong></span> <span class='ocrx_word' id='word_1_699' title='bbox 2764 4171 2890 4213; x_wconf 90' lang='lat' dir='ltr'><strong>acer</strong></span> <span class='ocrx_word' id='word_1_700' title='bbox 2926 4160 3187 4214; x_wconf 79' lang='lat' dir='ltr'><strong>advocate</strong></span> <span class='ocrx_word' id='word_1_701' title='bbox 3215 4157 3465 4228; x_wconf 84' lang='lat' dir='ltr'><strong>Origenis</strong></span> <span class='ocrx_word' id='word_1_702' title='bbox 3499 4175 3626 4228; x_wconf 77' lang='lat' dir='ltr'><strong>pra-</strong></span> 
     </span>
    </p>
   </div>
   <div class='ocr_carea' id='block_1_101' title="bbox 2057 4254 2304 4307">
    <p class='ocr_par' dir='ltr' id='par_1_101' title="bbox 2057 4254 2304 4307">
     <span class='ocr_line' id='line_1_101' title="bbox 2057 4254 2304 4307; baseline 0.012 -3"><span class='ocrx_word' id='word_1_703' title='bbox 2057 4254 2304 4307; x_wconf 86' lang='lat' dir='ltr'><strong>vitatum.</strong></span> 
     </span>
    </p>
   </div>
   <div class='ocr_carea' id='block_1_102' title="bbox 2055 4387 3624 4461">
    <p class='ocr_par' dir='ltr' id='par_1_102' title="bbox 2055 4387 3624 4461">
     <span class='ocr_line' id='line_1_102' title="bbox 2055 4387 3624 4461; baseline 0.004 -21"><span class='ocrx_word' id='word_1_704' title='bbox 2055 4387 2428 4446; x_wconf 77' lang='lat' dir='ltr'><strong>EIUSDEM.</strong></span> <span class='ocrx_word' id='word_1_705' title='bbox 2469 4387 2553 4443; x_wconf 78' lang='lat' dir='ltr'><strong>Ea:</strong></span> <span class='ocrx_word' id='word_1_706' title='bbox 2580 4406 2821 4443; x_wconf 79' lang='lat' dir='ltr'><strong>sermone</strong></span> <span class='ocrx_word' id='word_1_707' title='bbox 2862 4391 2915 4443; x_wconf 87' lang='lat' dir='ltr'><strong>in</strong></span> <span class='ocrx_word' id='word_1_708' title='bbox 2947 4390 3216 4443; x_wconf 80' lang='lat' dir='ltr'><strong>mulierem</strong></span> <span class='ocrx_word' id='word_1_709' title='bbox 3263 4409 3380 4460; x_wconf 73' lang='lat' dir='ltr'><strong>qum</strong></span> <span class='ocrx_word' id='word_1_710' title='bbox 3419 4393 3624 4461; x_wconf 76' lang='lat' dir='ltr'><strong>[luxum</strong></span> 
     </span>
    </p>
   </div>
   <div class='ocr_carea' id='block_1_103' title="bbox 2244 4461 3400 4531">
    <p class='ocr_par' dir='ltr' id='par_1_103' title="bbox 2244 4461 3400 4531">
     <span class='ocr_line' id='line_1_103' title="bbox 2244 4461 3400 4531; baseline -0.001 -15"><span class='ocrx_word' id='word_1_711' title='bbox 2244 4462 2521 4531; x_wconf 75' lang='lat' dir='ltr'><strong>sanguinis</strong></span> <span class='ocrx_word' id='word_1_712' title='bbox 2545 4477 2703 4530; x_wconf 80' lang='lat' dir='ltr'><strong>passa</strong></span> <span class='ocrx_word' id='word_1_713' title='bbox 2732 4471 2804 4515; x_wconf 72' lang='lat' dir='ltr'><strong>est</strong></span> <span class='ocrx_word' id='word_1_714' title='bbox 2837 4481 2849 4515; x_wconf 91' lang='lat'><strong>:</strong></span> <span class='ocrx_word' id='word_1_715' title='bbox 2879 4461 3032 4530; x_wconf 74' lang='lat' dir='ltr'><strong>cujus</strong></span> <span class='ocrx_word' id='word_1_716' title='bbox 3059 4463 3269 4514; x_wconf 80' lang='lat' dir='ltr'><strong>initium</strong></span> <span class='ocrx_word' id='word_1_717' title='bbox 3304 4473 3400 4516; x_wconf 78' lang='lat' dir='ltr'><strong>est.</strong></span> 
     </span>
    </p>
   </div>
   <div class='ocr_carea' id='block_1_104' title="bbox 2123 4570 3622 4641">
    <p class='ocr_par' dir='ltr' id='par_1_104' title="bbox 2123 4570 3622 4641">
     <span class='ocr_line' id='line_1_104' title="bbox 2123 4570 3622 4641; baseline 0.003 -18"><span class='ocrx_word' id='word_1_718' title='bbox 2123 4571 2276 4638; x_wconf 84' lang='lat' dir='ltr'><strong>Quod</strong></span> <span class='ocrx_word' id='word_1_719' title='bbox 2323 4571 2473 4641; x_wconf 87' lang='lat' dir='ltr'><strong>prior</strong></span> <span class='ocrx_word' id='word_1_720' title='bbox 2519 4571 2736 4639; x_wconf 84' lang='lat' dir='ltr'><strong>quidem</strong></span> <span class='ocrx_word' id='word_1_721' title='bbox 2800 4570 2965 4625; x_wconf 85' lang='lat' dir='ltr'><strong>fuerit</strong></span> <span class='ocrx_word' id='word_1_722' title='bbox 3031 4570 3338 4626; x_wconf 67' lang='lat' dir='ltr'><strong>Judazorum</strong></span> <span class='ocrx_word' id='word_1_723' title='bbox 3387 4573 3622 4640; x_wconf 80' lang='lat' dir='ltr'><strong>vocatio,</strong></span> 
     </span>
    </p>
   </div>
   <div class='ocr_carea' id='block_1_105' title="bbox 1976 4645 3017 4733">
    <p class='ocr_par' dir='ltr' id='par_1_105' title="bbox 1976 4645 3017 4733">
     <span class='ocr_line' id='line_1_105' title="bbox 1976 4645 3017 4733; baseline -0.002 -15"><span class='ocrx_word' id='word_1_724' title='bbox 1976 4645 2024 4704; x_wconf 80' lang='grc' dir='ltr'>ί)</span> <span class='ocrx_word' id='word_1_725' title='bbox 2055 4663 2339 4733; x_wconf 83' lang='lat' dir='ltr'><strong>Scriptura</strong></span> <span class='ocrx_word' id='word_1_726' title='bbox 2376 4663 2578 4716; x_wconf 87' lang='lat' dir='ltr'><strong>docuit.</strong></span> <span class='ocrx_word' id='word_1_727' title='bbox 2613 4664 2682 4715; x_wconf 79' lang='lat' dir='ltr'><strong>Et</strong></span> <span class='ocrx_word' id='word_1_728' title='bbox 2716 4674 2831 4728; x_wconf 79' lang='lat' dir='ltr'><strong>part</strong></span> <span class='ocrx_word' id='word_1_729' title='bbox 2865 4665 2973 4715; x_wconf 80' lang='lat' dir='ltr'><strong>alia</strong></span> <span class='ocrx_word' id='word_1_730' title='bbox 2998 4677 3017 4716; x_wconf 92' lang='lat'><em>:</em></span> 
     </span>
    </p>
   </div>
   <div class='ocr_carea' id='block_1_106' title="bbox 2127 4752 3626 4822">
    <p class='ocr_par' dir='ltr' id='par_1_106' title="bbox 2127 4752 3626 4822">
     <span class='ocr_line' id='line_1_106' title="bbox 2127 4752 3626 4822; baseline 0.003 -14"><span class='ocrx_word' id='word_1_731' title='bbox 2127 4755 2250 4808; x_wconf 63' lang='lat' dir='ltr'><strong>Ilrc</strong></span> <span class='ocrx_word' id='word_1_732' title='bbox 2277 4753 2502 4807; x_wconf 87' lang='lat' dir='ltr'><strong>salutari</strong></span> <span class='ocrx_word' id='word_1_733' title='bbox 2528 4752 2739 4806; x_wconf 82' lang='lat' dir='ltr'><strong>[imbria</strong></span> <span class='ocrx_word' id='word_1_734' title='bbox 2769 4755 3156 4822; x_wconf 82' lang='lat' dir='ltr'><strong>comprehensa</strong></span> <span class='ocrx_word' id='word_1_735' title='bbox 3191 4754 3406 4809; x_wconf 91' lang='lat' dir='ltr'><strong>dicebat</strong></span> <span class='ocrx_word' id='word_1_736' title='bbox 3431 4757 3626 4813; x_wconf 88' lang='lat' dir='ltr'><strong>mulier</strong></span> 
     </span>
    </p>
   </div>
   <div class='ocr_carea' id='block_1_107' title="bbox 2054 4842 3627 4916">
    <p class='ocr_par' dir='ltr' id='par_1_107' title="bbox 2054 4842 3627 4916">
     <span class='ocr_line' id='line_1_107' title="bbox 2054 4842 3627 4916; baseline 0.003 -18"><span class='ocrx_word' id='word_1_737' title='bbox 2054 4843 2413 4914; x_wconf 69' lang='lat' dir='ltr'><strong>qutejluxum</strong></span> <span class='ocrx_word' id='word_1_738' title='bbox 2468 4842 2748 4911; x_wconf 81' lang='lat' dir='ltr'><strong>sanguinis</strong></span> <span class='ocrx_word' id='word_1_739' title='bbox 2791 4843 3134 4911; x_wconf 86' lang='lat' dir='ltr'><strong>patiebatur,</strong></span> <span class='ocrx_word' id='word_1_740' title='bbox 3183 4854 3240 4897; x_wconf 89' lang='lat' dir='ltr'><strong>ut</strong></span> <span class='ocrx_word' id='word_1_741' title='bbox 3285 4860 3463 4916; x_wconf 79' lang='lat' dir='ltr'><strong>regem</strong></span> <span class='ocrx_word' id='word_1_742' title='bbox 3528 4864 3627 4902; x_wconf 86' lang='lat' dir='ltr'><strong>na-</strong></span> 
     </span>
    </p>
   </div>
   <div class='ocr_carea' id='block_1_108' title="bbox 2055 4934 3622 5007">
    <p class='ocr_par' dir='ltr' id='par_1_108' title="bbox 2055 4934 3622 5007">
     <span class='ocr_line' id='line_1_108' title="bbox 2055 4934 3622 5007; baseline 0.005 -18"><span class='ocrx_word' id='word_1_743' title='bbox 2055 4945 2189 4990; x_wconf 59' lang='lat' dir='ltr'><strong>turae</strong></span> <span class='ocrx_word' id='word_1_744' title='bbox 2246 4944 2436 4990; x_wconf 91' lang='lat' dir='ltr'><strong>tenens</strong></span> <span class='ocrx_word' id='word_1_745' title='bbox 2485 4934 2792 4998; x_wconf 74' lang='lat' dir='ltr'><strong>Douiinum,</strong></span> <span class='ocrx_word' id='word_1_746' title='bbox 2857 4944 2910 4988; x_wconf 90' lang='lat' dir='ltr'><strong>et</strong></span> <span class='ocrx_word' id='word_1_747' title='bbox 2966 4935 3232 5003; x_wconf 88' lang='lat' dir='ltr'><strong>passionis</strong></span> <span class='ocrx_word' id='word_1_748' title='bbox 3282 4939 3622 5007; x_wconf 88' lang='lat' dir='ltr'><strong>tyrannidem</strong></span> 
     </span>
    </p>
   </div>
   <div class='ocr_carea' id='block_1_109' title="bbox 2055 5028 3623 5099">
    <p class='ocr_par' dir='ltr' id='par_1_109' title="bbox 2055 5028 3623 5099">
     <span class='ocr_line' id='line_1_109' title="bbox 2055 5028 3623 5099; baseline 0.004 -16"><span class='ocrx_word' id='word_1_749' title='bbox 2055 5031 2325 5085; x_wconf 87' lang='lat' dir='ltr'><strong>edocens:</strong></span> <span class='ocrx_word' id='word_1_750' title='bbox 2350 5038 2714 5099; x_wconf 85' lang='lat' dir='ltr'><strong>perceploque</strong></span> <span class='ocrx_word' id='word_1_751' title='bbox 2737 5028 2902 5091; x_wconf 88' lang='lat' dir='ltr'><strong>dono,</strong></span> <span class='ocrx_word' id='word_1_752' title='bbox 2932 5037 3166 5082; x_wconf 87' lang='lat' dir='ltr'><strong>statuam</strong></span> <span class='ocrx_word' id='word_1_753' title='bbox 3186 5030 3362 5084; x_wconf 81' lang='lat' dir='ltr'><strong>erexit</strong></span> <span class='ocrx_word' id='word_1_754' title='bbox 3383 5031 3623 5089; x_wconf 87' lang='lat' dir='ltr'><strong>Christo.</strong></span> 
     </span>
    </p>
   </div>
   <div class='ocr_carea' id='block_1_110' title="bbox 2054 5118 3626 5190">
    <p class='ocr_par' dir='ltr' id='par_1_110' title="bbox 2054 5118 3626 5190">
     <span class='ocr_line' id='line_1_110' title="bbox 2054 5118 3626 5190; baseline 0.004 -15"><span class='ocrx_word' id='word_1_755' title='bbox 2054 5121 2118 5175; x_wconf 85' lang='lat' dir='ltr'><strong>Et</strong></span> <span class='ocrx_word' id='word_1_756' title='bbox 2153 5120 2369 5189; x_wconf 88' lang='lat' dir='ltr'><strong>quidem</strong></span> <span class='ocrx_word' id='word_1_757' title='bbox 2423 5118 2640 5172; x_wconf 82' lang='lat' dir='ltr'><strong>divitias</strong></span> <span class='ocrx_word' id='word_1_758' title='bbox 2689 5119 2741 5172; x_wconf 92' lang='lat' dir='ltr'><strong>in</strong></span> <span class='ocrx_word' id='word_1_759' title='bbox 2808 5119 3050 5174; x_wconf 82' lang='lat' dir='ltr'><strong>medicos</strong></span> <span class='ocrx_word' id='word_1_760' title='bbox 3113 5121 3467 5190; x_wconf 83' lang='lat' dir='ltr'><strong>expenderat,</strong></span> <span class='ocrx_word' id='word_1_761' title='bbox 3530 5126 3626 5180; x_wconf 89' lang='lat' dir='ltr'><strong>sed</strong></span> 
     </span>
    </p>
   </div>
   <div class='ocr_carea' id='block_1_111' title="bbox 2053 5210 3115 5268">
    <p class='ocr_par' dir='ltr' id='par_1_111' title="bbox 2053 5210 3115 5268">
     <span class='ocr_line' id='line_1_111' title="bbox 2053 5210 3115 5268; baseline -0.002 0"><span class='ocrx_word' id='word_1_762' title='bbox 2053 5213 2363 5268; x_wconf 83' lang='lat' dir='ltr'><strong>divitiarum</strong></span> <span class='ocrx_word' id='word_1_763' title='bbox 2399 5211 2612 5267; x_wconf 89' lang='lat' dir='ltr'><strong>residua</strong></span> <span class='ocrx_word' id='word_1_764' title='bbox 2648 5210 2845 5266; x_wconf 90' lang='lat' dir='ltr'><strong>obtulit</strong></span> <span class='ocrx_word' id='word_1_765' title='bbox 2876 5211 3115 5266; x_wconf 89' lang='lat' dir='ltr'><strong>Christo.</strong></span> 
     </span>
    </p>
   </div>
   <div class='ocr_carea' id='block_1_112' title="bbox 2054 5347 3624 5421">
    <p class='ocr_par' dir='ltr' id='par_1_112' title="bbox 2054 5347 3624 5421">
     <span class='ocr_line' id='line_1_112' title="bbox 2054 5347 3624 5421; baseline 0.003 -19"><span class='ocrx_word' id='word_1_766' title='bbox 2054 5347 2417 5405; x_wconf 70' lang='lat' dir='ltr'><strong>EIUSDEM.</strong></span> <span class='ocrx_word' id='word_1_767' title='bbox 2451 5348 2534 5403; x_wconf 77' lang='lat' dir='ltr'><strong>Ex</strong></span> <span class='ocrx_word' id='word_1_768' title='bbox 2561 5349 3006 5416; x_wconf 75' lang='lat' dir='ltr'><strong>disputationibus</strong></span> <span class='ocrx_word' id='word_1_769' title='bbox 3027 5351 3278 5405; x_wconf 70' lang='lat' dir='ltr'><strong>adversus</strong></span> <span class='ocrx_word' id='word_1_770' title='bbox 3322 5349 3624 5421; x_wconf 74' lang='lat' dir='ltr'><strong>Origeuem.</strong></span> 
     </span>
    </p>
   </div>
   <div class='ocr_carea' id='block_1_113' title="bbox 2124 5463 3626 5535">
    <p class='ocr_par' dir='ltr' id='par_1_113' title="bbox 2124 5463 3626 5535">
     <span class='ocr_line' id='line_1_113' title="bbox 2124 5463 3626 5535; baseline 0.001 -19"><span class='ocrx_word' id='word_1_771' title='bbox 2124 5463 2380 5518; x_wconf 88' lang='lat' dir='ltr'><strong>Diabolus</strong></span> <span class='ocrx_word' id='word_1_772' title='bbox 2419 5464 2583 5530; x_wconf 91' lang='lat' dir='ltr'><strong>enim,</strong></span> <span class='ocrx_word' id='word_1_773' title='bbox 2627 5464 2864 5534; x_wconf 87' lang='lat' dir='ltr'><strong>ejusdem</strong></span> <span class='ocrx_word' id='word_1_774' title='bbox 2900 5481 3021 5520; x_wconf 89' lang='lat' dir='ltr'><strong>cum</strong></span> <span class='ocrx_word' id='word_1_775' title='bbox 3058 5466 3267 5535; x_wconf 79' lang='lat' dir='ltr'><strong>angelis</strong></span> <span class='ocrx_word' id='word_1_776' title='bbox 3301 5465 3489 5535; x_wconf 76' lang='lat' dir='ltr'><strong>gloriae</strong></span> <span class='ocrx_word' id='word_1_777' title='bbox 3525 5467 3626 5520; x_wconf 87' lang='lat' dir='ltr'><strong>im-</strong></span> 
     </span>
    </p>
   </div>
   <div class='ocr_carea' id='block_1_114' title="bbox 2058 5553 3624 5626">
    <p class='ocr_par' dir='ltr' id='par_1_114' title="bbox 2058 5553 3624 5626">
     <span class='ocr_line' id='line_1_114' title="bbox 2058 5553 3624 5626; baseline 0.001 -17"><span class='ocrx_word' id='word_1_778' title='bbox 2058 5553 2303 5610; x_wconf 84' lang='lat' dir='ltr'><strong>mortalis</strong></span> <span class='ocrx_word' id='word_1_779' title='bbox 2327 5554 2620 5626; x_wconf 85' lang='lat' dir='ltr'><strong>pnrticeps,</strong></span> <span class='ocrx_word' id='word_1_780' title='bbox 2649 5555 2965 5624; x_wconf 81' lang='lat' dir='ltr'><strong>dignitatem</strong></span> <span class='ocrx_word' id='word_1_781' title='bbox 2997 5570 3149 5611; x_wconf 86' lang='lat' dir='ltr'><strong>suam</strong></span> <span class='ocrx_word' id='word_1_782' title='bbox 3182 5569 3245 5611; x_wconf 83' lang='lat' dir='ltr'><strong>ac</strong></span> <span class='ocrx_word' id='word_1_783' title='bbox 3278 5555 3452 5610; x_wconf 90' lang='lat' dir='ltr'><strong>locum</strong></span> <span class='ocrx_word' id='word_1_784' title='bbox 3480 5555 3624 5611; x_wconf 86' lang='lat' dir='ltr'><strong>haud</strong></span> 
     </span>
    </p>
   </div>
   <div class='ocr_carea' id='block_1_115' title="bbox 2124 5733 3090 5805">
    <p class='ocr_par' dir='ltr' id='par_1_115' title="bbox 2124 5733 3090 5805">
     <span class='ocr_line' id='line_1_115' title="bbox 2124 5733 3090 5805; baseline 0.003 -17"><span class='ocrx_word' id='word_1_785' title='bbox 2124 5734 2235 5805; x_wconf 86' lang='lat' dir='ltr'><strong>(I9)</strong></span> <span class='ocrx_word' id='word_1_786' title='bbox 2262 5733 2354 5788; x_wconf 82' lang='lat' dir='ltr'><strong>Gr.</strong></span> <span class='ocrx_word' id='word_1_787' title='bbox 2399 5734 2732 5804; x_wconf 87' lang='lat' dir='ltr'><strong>inquisitioni</strong></span> <span class='ocrx_word' id='word_1_788' title='bbox 2765 5736 3090 5799; x_wconf 76' lang='lat' dir='ltr'><strong>subiectum.</strong></span> 
     </span>
    </p>
   </div>
   <div class='ocr_carea' id='block_1_116' title="bbox 2148 5805 3212 5876">
    <p class='ocr_par' dir='ltr' id='par_1_116' title="bbox 2148 5805 3212 5876">
     <span class='ocr_line' id='line_1_116' title="bbox 2148 5805 3212 5876; baseline 0.003 -18"><span class='ocrx_word' id='word_1_789' title='bbox 2148 5806 2198 5873; x_wconf 91' lang='grc'><strong>1)</strong></span> <span class='ocrx_word' id='word_1_790' title='bbox 2231 5805 2390 5860; x_wconf 76' lang='lat' dir='ltr'><strong>LABB.</strong></span> <span class='ocrx_word' id='word_1_791' title='bbox 2428 5823 2573 5876; x_wconf 79' lang='lat' dir='ltr'><strong>conc.</strong></span> <span class='ocrx_word' id='word_1_792' title='bbox 2610 5823 2752 5876; x_wconf 64' lang='lat' dir='ltr'><strong>gem,</strong></span> <span class='ocrx_word' id='word_1_793' title='bbox 2785 5818 2823 5861; x_wconf 93' lang='lat' dir='ltr'><strong>I.</strong></span> <span class='ocrx_word' id='word_1_794' title='bbox 2862 5808 2968 5874; x_wconf 82' lang='lat' dir='ltr'><strong>VII,</strong></span> <span class='ocrx_word' id='word_1_795' title='bbox 2998 5826 3049 5875; x_wconf 90' lang='lat' dir='ltr'><strong>p.</strong></span> <span class='ocrx_word' id='word_1_796' title='bbox 3085 5807 3212 5862; x_wconf 68' lang='lat'><strong>208.</strong></span> 
     </span>
    </p>
   </div>
   <div class='ocr_carea' id='block_1_117' title="bbox 2121 5808 3462 5948">
    <p class='ocr_par' dir='ltr' id='par_1_117' title="bbox 2121 5808 3462 5948">
     <span class='ocr_line' id='line_1_117' title="bbox 2148 5808 3212 5876; baseline 0.003 -18"><span class='ocrx_word' id='word_1_797' title='bbox 2148 5808 2198 5873; x_wconf 91' lang='grc'><strong>1)</strong></span> <span class='ocrx_word' id='word_1_798' title='bbox 2231 5808 2390 5860; x_wconf 64' lang='grc' dir='ltr'><strong>ιω.</strong></span> <span class='ocrx_word' id='word_1_799' title='bbox 2428 5823 2573 5859; x_wconf 85' lang='lat' dir='ltr'><strong>conc.</strong></span> <span class='ocrx_word' id='word_1_800' title='bbox 2610 5823 2752 5876; x_wconf 64' lang='lat' dir='ltr'><strong>gem,</strong></span> <span class='ocrx_word' id='word_1_801' title='bbox 2785 5818 2823 5861; x_wconf 93' lang='lat' dir='ltr'><strong>I.</strong></span> <span class='ocrx_word' id='word_1_802' title='bbox 2862 5808 2968 5874; x_wconf 82' lang='lat' dir='ltr'><strong>VII,</strong></span> <span class='ocrx_word' id='word_1_803' title='bbox 2998 5826 3049 5875; x_wconf 90' lang='lat' dir='ltr'><strong>p.</strong></span> <span class='ocrx_word' id='word_1_804' title='bbox 3085 5808 3212 5862; x_wconf 69' lang='lat'><strong>208.</strong></span> 
     </span>
     <span class='ocr_line' id='line_1_118' title="bbox 2121 5808 3462 5948; baseline 0.001 -18"><span class='ocrx_word' id='word_1_805' title='bbox 2121 5808 2200 5948; x_wconf 48' lang='grc' dir='ltr'><strong>ξε)</strong></span> <span class='ocrx_word' id='word_1_806' title='bbox 2231 5877 2363 5934; x_wconf 75' lang='lat' dir='ltr'><strong>Anc.</strong></span> <span class='ocrx_word' id='word_1_807' title='bbox 2393 5875 2525 5945; x_wconf 77' lang='grc' dir='ltr'><strong>ΜΑΙ,</strong></span> <span class='ocrx_word' id='word_1_808' title='bbox 2565 5876 2682 5933; x_wconf 75' lang='lat' dir='ltr'><strong>Vel.</strong></span> <span class='ocrx_word' id='word_1_809' title='bbox 2719 5876 2873 5936; x_wconf 80' lang='lat' dir='ltr'><strong>l’atr.</strong></span> <span class='ocrx_word' id='word_1_810' title='bbox 2912 5877 3168 5934; x_wconf 79' lang='lat' dir='ltr'><strong>Biblioth.</strong></span> <span class='ocrx_word' id='word_1_811' title='bbox 3197 5876 3308 5947; x_wconf 74' lang='lat' dir='ltr'><strong>VII,</strong></span> <span class='ocrx_word' id='word_1_812' title='bbox 3337 5875 3462 5934; x_wconf 70' lang='lat'><strong>208.</strong></span> 
     </span>
    </p>
   </div>
  </div>
