4164 6644
560 458 699 524 1795

1307 448 1723 512 ANTIPATRI
1761 444 2227 508 BOSTRENSIS
2258 442 2600 505 EPISCOPI
2639 442 3126 503 FRAGMENTA.

3672 438 3826 505 1796

559 569 900 630 conservavit
944 586 960 635 ;
1008 575 1062 622 et
1109 566 1353 634 deiectus
1402 567 1468 621 de
1514 580 1636 627 sua,
1693 572 1746 618 et
1793 562 2049 617 excideris
2098 577 2130 617 e

2246 564 2328 616 καὶ
2359 562 2534 628 τάξιν,
2569 560 2669 632 τῆς
2714 559 2852 623 ιδίας
2884 557 3239 628 ἀποϐληθεὶς,
3269 555 3364 611 καὶ
3392 555 3492 626 τῆς
3529 555 3622 610 τοῦ
3672 558 3824 610 Θεοῦ

560 666 737 721 divina
773 663 970 733 gloria,
1006 660 1209 714 mansit
1237 660 1451 729 quidem
1482 658 1625 728 quod
1658 666 1800 722 erat,
1835 658 2129 713 secundum

560 765 810 809 naturam
847 749 1196 814 immortalis,
1230 762 1329 803 nec
1357 748 1562 810 amisit,
1612 747 1707 800 sed
1738 747 1961 801 retinuit
1984 755 2134 816 pote-

560 855 754 899 statem
780 856 940 911 quam
974 842 1041 894 ab
1074 839 1249 903 initio,
1287 838 1461 907 ipsius
1486 846 1694 891 natura:
1725 839 2129 900 convenienter,

560 950 590 989 a
623 934 734 988 Deo
764 940 1072 999 acceperat,
1104 928 1396 999 impeditur
1451 936 1628 982 autem
1674 942 1817 981 nunc
1842 926 2133 997 quominus

561 1029 662 1082 hac
694 1033 963 1096 potestate
1016 1030 1202 1075 utatur
1248 1032 1304 1075 et
1341 1020 1476 1074 iram
1528 1035 1688 1089 quam
1732 1030 1917 1073 contra
1966 1031 2134 1085 genus

562 1119 862 1173 humanum
898 1111 1170 1181 concepit,
1196 1112 1250 1164 in
1293 1111 1586 1180 perniciem
1629 1118 1868 1161 nostram
1899 1106 2131 1175 expleat,

572 1208 838 1278 siquidem
868 1206 1010 1260 Deus
1035 1204 1190 1259 nobis
1222 1203 1482 1272 prospicit
1524 1203 1589 1256 ab
1643 1200 1897 1269 illiusque
1930 1199 2133 1253 malitia

563 1316 661 1356 nos
689 1297 950 1363 defendit,
975 1296 1264 1349 dummodo
1290 1292 1407 1362 ejus
1434 1292 1596 1347 tutela
1620 1292 1764 1360 digni
1784 1291 2132 1345 exsistamus.

563 1395 695 1451 Cum
720 1401 901 1446 autem
932 1405 1032 1460 per
1064 1388 1368 1443 socordiam
1388 1388 1589 1456 reperti
1628 1385 1893 1439 fuerimus
1930 1383 2135 1454 indigni

563 1483 679 1553 ejus
724 1482 949 1545 auxilio,
987 1482 1088 1534 iste
1132 1480 1454 1548 pravitatem
1507 1492 1660 1532 suam
1717 1491 1781 1530 ac
1839 1474 2133 1544 potentiam

564 1577 820 1631 adversus
850 1589 948 1629 nos
987 1573 1209 1637 exserit,
1243 1571 1333 1625 ubi
1380 1570 1660 1631 nimirum,
1703 1581 1935 1635 prorsus
1970 1566 2138 1619 desti-

565 1668 664 1720 tuti
695 1667 850 1720 bonis
883 1664 1160 1732 operibus,
1195 1680 1223 1714 a
1261 1660 1443 1715 divina
1490 1659 1827 1728 prOVidentia
1889 1672 1987 1711 nos
2043 1658 2139 1710 aba

564 1758 1002 1812 alienaverimus.
1041 1754 1140 1809 Ubi
1162 1768 1291 1808 vero
1314 1755 1462 1822 digni
1485 1768 1673 1807 sumus
1698 1751 1787 1821 qui
1808 1749 1925 1819 ejus
1956 1757 2139 1819 patro-

2233 654 2392 725 δόξης
2443 651 2758 718 ἀποπεσὼν,
2809 650 3023 720 ἔμεινεν
3060 650 3181 716 μὲν,
3222 650 3361 721 ὅπερ
3392 645 3462 719 ἦν
3490 649 3589 719 τὴν
3620 651 3822 717 φύσιν,

2233 746 2525 810 ἀθάνατος,
2560 744 2657 798 καὶ
2685 743 2785 813 τὴν
2820 742 3045 812 δύναμιν
3077 741 3362 805 ὡσαύτως.
3404 742 3499 795 καὶ
3530 741 3687 795 οὐδὲν
3720 737 3821 812 ἧτ-

2232 856 2322 891 τον
2373 833 2559 909 ἧσπερ
2610 836 2670 899 ἐξ
2702 836 2878 906 ἀρχῆς
2909 836 2965 887 ὲν
2993 837 3058 905 τῇ
3100 833 3261 901 φύσει
3302 832 3491 904 εἴληφε
3526 833 3680 903 παρά
3713 832 3823 885 τοῦ

2233 928 2370 984 Θεοῦ
2396 947 2410 961 ·
2435 929 2777 998 κωλυόμενος
2809 926 2867 980 δὲ
2902 926 2996 980 νῦν
3028 927 3132 980 ὑπὸ
3160 926 3297 978 Θεοῦ
3327 926 3426 995 τῆς
3468 926 3641 996 ῥοπῆς
3669 925 3823 993 χρή-

2237 1023 2434 1077 σασθαι
2459 1020 2685 1090 ταύτης,
2716 1019 2812 1073 καὶ
2836 1019 2937 1089 τὴν
2964 1018 3087 1072 καθ’
3126 1018 3285 1088 ἡμῶν
3320 1017 3628 1088 πληρῶσαι,
3657 1018 3724 1086 ἣν
3747 1018 3823 1067 ἐν

2233 1114 2330 1173 ’τοῦ
2365 1114 2561 1185 φθόνου
2611 1112 2879 1182 ἐκτήσατο
2906 1110 3047 1163 κατά
3074 1109 3168 1163 τοῦ
3213 1109 3406 1177 γένους
3446 1108 3638 1179 ὀργὴν,
3678 1125 3824 1179 προ-

2236 1207 2547 1277 νοουμένων
2574 1206 2667 1258 καὶ
2688 1201 3111 1272 φυλαττομένων
3137 1200 3297 1269 ἡμῶν
3326 1200 3431 1253 ὑπὸ
3458 1200 3553 1252 τοῦ
3576 1198 3714 1252 Θεοῦ
3749 1201 3825 1251 ὲκ

2236 1302 2333 1371 τῆς
2362 1300 2572 1353 ἐκείνου
2604 1296 2892 1367 πονηρίας,
2928 1295 3034 1358 ἓως
3064 1294 3131 1347 ἂν
3164 1294 3308 1360 ἄξιοι
3338 1294 3437 1362 τῆς
3470 1292 3681 1345 ἐκείνου
3715 1309 3826 1359 κη⁸

2236 1391 2490 1460 δεμονίας
2532 1390 2893 1461 ὑπάρχωμεν.
2919 1388 2982 1440 Ei
3019 1388 3078 1440 δὲ
3124 1385 3695 1457 καταρᾳθυμήσαντες
3717 1383 3826 1434 ἁν-

2237 1482 2375 1546 άξιοι
2397 1480 2712 1551 εὑρεθῶμεν
2728 1480 2824 1548 τῆς
2848 1475 3012 1531 αὐτοῦ
3032 1476 3306 1546 βοηθείας,
3320 1474 3381 1527 τὸ
3394 1472 3694 1543 τηνικαῦτα
3718 1470 3827 1540 τὴν

2238 1572 2404 1625 αὐτοῦ
2437 1570 2706 1641 πονηρίαν
2738 1572 2836 1624 καὶ
2867 1569 3096 1639 δύναμιν
3139 1567 3261 1621 καθ’
3296 1566 3453 1637 ἡμῶν
3501 1565 3825 1618 ἐπιδείκνυ-

2237 1680 2351 1726 ται,
2380 1662 2457 1715 ὅτ’
2490 1662 2554 1715 ἂν
2585 1659 2867 1723 παντελῶς
2900 1660 3146 1731 ἐρήμους
3180 1658 3239 1724 ἐξ
3266 1657 3444 1727 ἔργων
3471 1656 3692 1724 ἀγαθῶν
3723 1672 3827 1721 γε-

2239 1755 2467 1823 γονότας
2493 1754 2721 1816 ἑαυτοὺς
2756 1753 3073 1822 ἀλλοτρίους
3110 1750 3209 1820 τῆς
3242 1749 3335 1803 τοῦ
3381 1748 3519 1803 Θεοῦ
3559 1750 3827 1819 προνοίας

564 1847 1191 1909 cinium-nanciscamur,
1216 1845 1363 1898 nullo
1390 1844 1549 1898 modo
1578 1852 1766 1897 contra
1802 1856 1902 1895 nos
1925 1838 2139 1894 diabolo

2246 1849 2699 1917 καταστήσωμεν.
2731 1847 2876 1909 Ἕως
2926 1845 2973 1897 δ’
3004 1844 3072 1897 ἂν
3100 1842 3240 1908 ἄξιοι
3285 1838 3433 1913 ὦμεν
3482 1840 3829 1895 οἰκειοῦσθαι

565 1939 812 2010 progredi
849 1937 1203 2008 permittitur,
1243 1937 1387 2006 quod
1428 1944 1705 1989 testantur
1727 1932 2134 1989 Gadarenorum

2246 1946 2308 2013 τῇ
2363 1914 2493 2012 ’παρζ
2543 1914 2707 1994 αῦτοῦ
2764 1937 3070 2009 ἀντι-λήψει,
3127 1937 3381 2006 οὐδαμῶς
3435 1938 3637 2006 χωρεῖν
3692 1930 3826 1986 καθ’

566 2030 738 2100 porci,
774 2031 1034 2083 adversus
1058 2042 1194 2097 quos
1229 2025 1613 2098 (dmmonibus)
1655 2033 1903 2093 potestas
1928 2022 2138 2091 injuria:

566 2138 839 2190 nunquam
882 2132 1001 2177 erat
1029 2135 1313 2185 concessa,
1342 2133 1502 2188 quam
1538 2125 1718 2171 autem
1762 2126 1887 2169 tunc
1917 2127 2138 2181 accepe-

567 2225 712 2277 runt,
734 2215 805 2268 ob
836 2214 1031 2268 multas
1063 2214 1351 2281 variasque
1378 2209 1695 2265 oeconomia:
1734 2208 1971 2261 rationes
2000 2218 2138 2274 quas

569 2323 855 2364 recensere
885 2317 1103 2363 nonest
1134 2305 1292 2372 hujus
1320 2302 1610 2372 temporis.

2244 2034 2401 2105 ἡμῶν
2428 2034 2815 2103 συγχωρεῖται.
2845 2032 2952 2084 Καὶ
2994 2027 3367 2101 μαρτυροῦσιν
3392 2030 3441 2080 oi
3483 2029 3540 2080 ὲν
3569 2025 3828 2094 Γαδίροις

2245 2129 2417 2198 χοῖροι
2446 2126 2522 2189 ὡς
2571 2125 2693 2177 οὐδὲ
2741 2123 2863 2176 κατ’
2902 2123 3082 2175 αὐτῶν
3134 2119 3583 2191 συγχωρηθέντες
3637 2118 3826 2188 χώραν

2241 2216 2459 2276 ἀδικίας
2507 2214 2826 2283 ἐκέκτηντο,
2859 2212 3033 2282 ἥνπερ
3076 2210 3268 2264 ἔλαϐον
3310 2210 3453 2272 τότε,
3492 2208 3580 2261 διὰ
3622 2206 3827 2269 πολλὰς

2243 2307 2341 2359 καὶ
2374 2306 2667 2375 διαφόρους
2694 2303 3032 2374 οἰκονομίας,
3058 2302 3125 2365 ἃς
3170 2302 3232 2355 οὐ
3267 2300 3455 2372 καιρὸς
3487 2299 3822 2367 καταλέγειν

2244 2398 2339 2451 ἐπὶ
2365 2397 2460 2451 τοῦ
2488 2398 2775 2469 παρόντος.

649 2688 863 2762 Longe
899 2682 1080 2759 plura
1115 2687 1176 2739 et
1206 2676 1514 2762 ampliora
1554 2676 1621 2729 ὲκ
1664 2675 1765 2762 τῆς
1786 2673 2097 2762 faceer
2132 2672 2145 2744 ε

2246 2668 2493 2742 ςφημιῶν
2534 2666 2863 2762 Ὠριγένους,
2892 2639 3283 2756 πραγματείας
3312 2664 3531 2755 ’κεφαλ
3579 2669 3663 2725 ιε’,
3723 2668 3823 2762 ις’,

568 2742 1160 2827 εθιῖιᾘνῗίϊοληηεε
1210 2742 1638 2819 DAitASCENus
1671 2742 1737 2815 in
1786 2754 2110 2815 Parallelis
2134 2742 2363 2822 sacris,
2388 2759 2541 2811 tom.
2594 2750 2676 2819 ll,
2712 2747 3018 2827 editionis
3053 2744 3640 2827 Lequinianagpag.
3680 2742 3823 2816 7&7,

570 2824 866 2913 πίει-772,
902 2856 1061 2918 quas
1095 2839 1262 2917 typis
1296 2835 1748 2915 grandioribus
1782 2850 2119 2911 expressas
2182 2830 2479 2893 invenies
2514 2827 2783 2906 hujusce
2817 2824 3128 2904 Patrolog.
3164 2834 3318 2884 tom.
3363 2824 3581 2885 XCVI.

755 2998 1120 3056 EJUSDEM.
1149 2998 1231 3051 Ex
1252 2997 1621 3050 dissertatione
1652 2997 1706 3047 in
1736 3008 1960 3047 crucem.

646 3204 955 3261 Secundum
996 3203 1289 3256 humanam
1349 3200 1681 3253 voluntatem
1726 3214 1829 3268 qua
1866 3199 2007 3254 sicut
2054 3214 2153 3253 nos

2330 2991 2473 3043 ΤΟΥ
2506 2990 2747 3042 ΑΥΤΟΥ
2778 2986 2885 3057 (3).
2911 2988 3016 3039 Ἐκ
3052 2985 3158 3108 τρῇῦ
3181 2984 3369 3053 λόγου
3402 2984 3509 3039 τοῦ
3533 2986 3620 3050 εἰς
3648 2986 3759 3038 τὸν

2895 3072 3087 3108 atavo
3125 3073 3182 3108 ν.

2895 3072 3182 3124 σταυρον.

2329 3191 2436 3245 Τοῦ
2474 3191 2583 3261 γὰρ
2614 3190 2954 3262 ἀνθρωπίνου
2988 3190 3091 3258 τῆς
3121 3190 3395 3260 ἡμετέρας
3426 3189 3639 3258 φύσεως
3668 3188 3828 3257 051:)-

575 3298 837 3369 prmditus
881 3308 1002 3349 erat
1059 3294 1327 3354 Christus,
1379 3293 1519 3346 unde
1570 3292 1736 3346 dicit:
1776 3309 1794 3341 ι
1834 3291 1959 3345 Νοη
2008 3310 2143 3356 mea,

2254 3302 2425 3354 ματος
2455 3288 2512 3338 ὲν
2541 3283 2785 3353 Χριστῷ,
2806 3283 2937 3354 περὶ
2957 3277 3018 3338 οῦ
3055 3282 3312 3354 φησι,Μὴ
3334 3281 3398 3335 τὸ
3425 3282 3572 3352 ἐμὸν
3599 3281 3833 3348 θέλημα

576 3386 668 3440 sed
694 3395 784 3437 tua
809 3383 905 3452 ﬁat
929 3381 1191 3443 voluntas,
1230 3399 1247 3431 ι
1287 3391 1513 3433 mortem
1537 3379 1855 3433 detrectavit
1881 3397 1895 3445 ;
1927 3380 2146 3443 etenim,

576 3494 682 3547 qua
719 3478 856 3530 Deus
884 3476 1129 3545 [inediin
1149 3473 1367 3527 calicem
1397 3473 1568 3542 ipsum
1593 3487 1711 3526 esse
1726 3472 2145 3541 praeteritorum.

580 3570 854 3626 Nimirum
879 3575 1008 3639 post
1042 3577 1150 3620 tres
1198 3565 1313 3619 dies
1345 3564 1667 3629 resurrexit,
1707 3574 1994 3633 postquam
2032 3580 2153 3618 car-

579 3679 701 3717 nem
771 3659 1182 3714 immortalitate
1227 3658 1524 3713 donaverat
1566 3666 1621 3710 et
1677 3656 1868 3710 mortis
1925 3656 2147 3711 calicem

580 3754 949 3823 conire-gerat.

657 3883 1022 3941 EIUSDEM.
1052 3885 1136 3940 Ea:
1163 3856 1395 3939 tractatu
1423 3886 1674 3939 adversus
1698 3885 2097 3953 Apollinarium.

655 4091 755 4157 Qui
802 4089 967 4161 igitur
1026 4106 1122 4157 pro
1180 4090 1336 4143 nobis
1388 4104 1579 4158 passus
1628 4098 1735 4151 est,
1788 4104 1892 4143 non
1944 4098 2152 4143 tantum

584 4194 865 4253 peccatum
900 4198 1006 4236 non
1048 4182 1197 4245 fecit,
1246 4197 1430 4237 verum
1483 4184 1646 4235 etiam
1696 4182 1901 4251 peccati
1949 4183 2155 4235 radices

585 4274 827 4328 funditus
867 4274 1080 4327 evulsit.
1113 4273 1291 4338 Quare
1343 4274 1484 4325 haud
1518 4273 1665 4325 velut
1715 4274 1821 4326 Deo
1856 4274 2153 4325 relractans

586 4366 737 4429 dicit,
783 4363 908 4417 Non
948 4381 1061 4417 mea
1110 4364 1205 4432 ﬁat
1252 4364 1489 4418 voluntas
1512 4383 1529 4427 ,·
1587 4366 1679 4419 sed
1713 4374 1769 4417 ut
1816 4366 1968 4418 nobis
1994 4365 2157 4417 ratio-

588 4471 712 4510 nem
756 4456 1010 4508 ostendat
1056 4454 1328 4522 quomodo
1382 4454 1436 4507 in
1498 4455 1885 4507 teutatiouibus
1942 4454 2153 4522 precari

586 4547 902 4602 debeamus.
964 4544 1020 4599 Si
1070 4560 1198 4599 vero
1254 4545 1618 4613 Apollinarius
1679 4555 1957 4614 prepterea
2013 4547 2155 4614 quod

2253 3377 2538 3446 γενέσθω,
2561 3376 2721 3430 ἀλλὰ
2740 3376 2805 3429 τό
2836 3375 2972 3441 σόν,
3004 3375 3132 3428 ἴδιον
3152 3371 3219 3444 ἦν
3249 3376 3281 3444 ἡ
3308 3373 3400 3427 τοῦ
3432 3374 3663 3428 θανάτου
3686 3390 3830 3441 παρ-

2252 3471 2466 3540 αίτησις
2484 3485 2498 3498 '
2530 3471 2846 3539 προεμήνυε
2870 3469 2978 3539 γὰρ
3000 3468 3075 3531 ὼς
3105 3468 3239 3530 Θεὸς
3261 3469 3345 3521 ὅτι
3373 3468 3705 3537 παρέρχεται
3736 3467 3835 3518 αὑ-

2254 3565 2345 3618 τὸν
2373 3563 2430 3615 τὸ
2463 3563 2745 3631 ποτήριον.
2795 3561 3019 3631 Ἀνέστη
3051 3560 3159 3631 γὰρ
3204 3560 3526 3630 τριήμερονς,
3557 3558 3834 3629 ἁθανατή-

2258 3676 2356 3721 σας
2391 3662 2488 3728 τὴν
2520 3659 2720 3729 σάρκα,
2758 3659 2852 3711 καὶ
2893 3654 3192 3725 συντρίψας
3222 3654 3284 3708 τὸ
3317 3653 3413 3708 τοῦ
3460 3654 3696 3708 θανάτου
3728 3670 3830 3706 πο-

2256 3753 2467 3821 τήριον.

2261 3886 2397 3940 ΤΟΥ
2448 3888 2696 3941 ΑΥΤΟΥ
2741 3886 2838 3954 (4).
2888 3885 2997 4009 ᾏΕκ
3056 3885 3163 3971 τοῦ
3210 3887 3398 3955 λόγου
3450 3885 3599 3937 κατὰ
3659 3886 3833 3938 Ἀπο-

2934 3972 3184 4009 ιναοιου.

2934 3972 3184 4023 ιναριου.

2339 4092 2395 4144 Ὀ
2424 4090 2555 4159 γοῦν
2585 4090 2727 4160 ὑπὲρ
2749 4091 2908 4159 ἡμῶν
2936 4089 3123 4143 παθὼν
3154 4091 3213 4143 οὐ
3243 4090 3402 4161 μόνον
3427 4090 3704 4161 ἁμαρτίαν
3732 4091 3832 4143 οὐκ

2257 4183 2532 4249 ἐποίησεν,
2564 4182 2700 4236 ἀλλὰ
2729 4184 2942 4243 καὶτὰς
2968 4182 3119 4253 ῥίζας
3143 4185 3244 4253 τῆς
3268 4184 3541 4254 ἁμαρτίας
3573 4186 3636 4235 ὲκ
3670 4183 3830 4252 θεμε-

2256 4276 2386 4328 λίων
2440 4273 2755 4343 ἀνέτρεψεν.
2793 4272 3001 4326 Οὐκοῦν
3047 4276 3147 4345 οὐχ
3179 4276 3256 4338 ὡς
3302 4275 3543 4337 ἐναντίος
3599 4274 3720 4343 Θεῷ
3755 4271 3830 4326 ὢν

2256 4370 2427 4436 λέγει,
2446 4366 2541 4435 Μὴ
2572 4367 2638 4419 τὸ
2660 4366 2807 4435 ἐμὸν
2840 4365 3069 4435 θέλημα
3094 4367 3378 4436 γενέσθω.
3397 4366 3514 4420 ἀλλ’
3540 4365 3829 4419 ὑποτυπώ-

2260 4477 2372 4522 σεις
2401 4461 2535 4529 ἡμῖν
2576 4460 2833 4529 παρέχων
2861 4458 2978 4520 πῶς
3010 4460 3067 4510 ἐν
3094 4462 3206 4522 τοῖς
3228 4461 3559 4530 πειρασμοῖς
3596 4458 3830 4527 προσεύ-

2257 4552 2449 4622 χεσθαι
2478 4550 2615 4620 Θεῷ.
2647 4552 2710 4602 El
2754 4550 2810 4602 δὲ
2839 4550 2926 4603 διὰ
2962 4550 3024 4602 τὸ
3069 4549 3271 4618 λέγειν,
3326 4550 3423 4615 Μὴ
3458 4550 3525 4603 τὸ
3562 4550 3710 4617 ἐμὸν
3739 4549 3831 4603 θέ-

586 4639 837 4695 Christus
871 4638 1028 4704 dixit,
1072 4636 1194 4691 Non
1239 4654 1349 4691 mea
1382 4639 1479 4707 ﬁat
1522 4640 1779 4703 voluntas,
1839 4638 2145 4693 rationabile

2259 4648 2421 4711 λημα
2452 4643 2733 4711 γενέσθω,
2767 4645 2986 4712 ἀναιρεῖ
3022 4643 3187 4696 αὑτοῦ
3218 4644 3277 4697 τὺ
3302 4644 3488 4713 νοερὸν
3524 4645 3623 4713 τῆς
3652 4643 3827 4713 ψυχῆς

586 4736 700 4805 ejus
741 4736 934 4790 animae
982 4735 1141 4800 tollit,
1185 4744 1261 4798 et,
1296 4743 1473 4788 mente
1505 4734 1644 4803 capti
1685 4734 1875 4796 instar,
1910 4733 2157 4787 inhuma-

588 4828 863 4882 nationem
893 4827 1011 4896 ejus
1056 4827 1174 4881 sine
1203 4826 1383 4879 anima
1431 4834 1485 4878 et
1518 4833 1697 4879 mente
1734 4825 1905 4880 fuisse
1936 4835 2160 4880 conten-

585 4919 686 4980 dit,
738 4916 905 4970 multo
962 4915 1133 4985 magis
1184 4929 1345 4983 quam
1399 4915 1542 4982 quod
1592 4916 1657 4968 de
1712 4914 1990 4969 voluntate
2036 4916 2160 4972 vita).

588 5021 807 5065 amante
837 5009 1088 5075 habetur,
1124 5008 1572 5062 contumeliosum
1608 5008 1713 5062 erit
1754 5009 1954 5072 dicere,
1998 5008 2157 5064 Chri-

587 5111 731 5155 stum
765 5101 969 5155 l‘actum
1002 5116 1123 5155 esse
1167 5100 1631 5155 abominatioucm
1676 5110 1729 5154 et
1772 5111 2070 5168 peccatum,
2106 5112 2160 5156 ct

592 5200 855 5247 tentatum
908 5208 937 5245 a
991 5192 1189 5246 Satana
1242 5208 1338 5261 per
1394 5192 1752 5261 quadraginta
1794 5193 1948 5255 dies,
1991 5202 2044 5247 et
2094 5195 2161 5248 ab

591 5282 803 5337 Herode
839 5281 1041 5351 fugisse
1082 5284 1134 5336 in
1177 5282 1494 5355 Aﬁgyptum,
1550 5292 1606 5338 et
1650 5283 1949 5351 subjectum
1998 5285 2163 5338 fuisse

589 5374 824 5442 Josepho
870 5372 1023 5427 fabro
1051 5373 1303 5442 lignario,
1336 5384 1391 5429 et
1417 5374 1829 5431 corroboratum
1869 5377 1937 5430 ab
1972 5376 2163 5444 angelo

591 5474 652 5523 ut
679 5466 771 5536 qui
812 5475 1039 5520 mortem
1080 5466 1541 5523 reformidaverit.

664 5649 738 5719 (5)
770 5650 904 5705 Anc.
940 5647 1066 5716 MAI,
1090 5648 1192 5706 loc.
1226 5652 1345 5719 cit.,
1377 5666 1430 5721 p.
1458 5650 1565 5704 204

2258 4738 2286 4788 ὁ
2328 4736 2699 4804 ’Λπολινάριος
2732 4734 2939 4806 ἄψυχον
2980 4736 3143 4788 αὐτοῦ
3174 4738 3269 4789 καὶ
3294 4737 3453 4790 ἄνουν
3481 4737 3509 4787 ό
3539 4737 3699 4799 ἄνους
3731 4753 3827 4803 κη-

2261 4826 2471 4898 ρύττων
2517 4827 2613 4899 τὴν
2661 4827 2962 4897 σάρκωσιν,
2992 4828 3173 4899 πολλῴ
3199 4830 3383 4882 πλεῖον
3426 4828 3520 4881 τοῦ
3564 4827 3824 4897 φιλοζῴου

2258 4918 2564 4990 Θελήματος
2602 4917 2929 4989 ὲφύὸριστόν
2964 4921 3081 4973 ἐστι
3123 4919 3300 4989 λέγειν
3344 4920 3437 4972 τὸν
3467 4918 3703 4989 Χριστὸν
3731 4935 3824 4986 γε·

2257 5011 2483 5081 νόμενον
2506 5011 2749 5081 κατάραν
2769 5011 2863 5063 καὶ⁹
2892 5012 3187 5082 ἁμαρτίαν,
3214 5013 3307 5065 καὶ
3337 5012 3702 5082 πειρασθέντα
3727 5012 3827 5065 ὑπὸ

2256 5101 2351 5154 τοῦ
2389 5102 2604 5153 Σατανᾶ
2633 5102 3042 5170 τεσσαράκοντα
3063 5102 3298 5173 ἡμέρας,
3331 5105 3426 5155 καὶ
3455 5104 3700 5171 φυγόντα
3723 5102 3826 5155 ἀπὸ

2271 5194 2510 5264 Ἡρώδου
2543 5196 2599 5245 ἐν
2626 5192 2911 5263 Αἰγύπτῳ,
2941 5195 3035 5247 καὶ
3062 5195 3497 5264 ὑποταττόμενον
3530 5197 3728 5267 Ίωσὴρ
3754 5194 3826 5265 τῷ

2259 5286 2493 5351 τέκτονι,
2530 5285 2625 5337 καὶ
2651 5286 3032 5356 ὲνισχυόμενον
3053 5288 3158 5340 ὑπὸ
3188 5288 3421 5356 ἀγγέλου
3452 5288 3526 5351 ὡς
3557 5287 3828 5341 δειλιῶντα

2261 5380 2352 5432 τὸν
2377 5377 2624 5431 Θάνατον.

2339 5648 2415 5718 (4)
2446 5648 2578 5703 Amo.
2619 5648 2742 5715 MAI,
2778 5649 2879 5706 loc.
2911 5651 3031 5719 cit.,
3066 5667 3122 5723 p.
3148 5651 3273 5708 204.
3328 5562 3371 5614 Ι
