4164 6522
342 431 3598 484 ιεξεξξξΞΞεΞεΞΞΞΞΞΞεξεεεεξξεεεεεΞΞΞΞεεεΞΞΞΞΕΞΞΞΞΞΞΞΞξΞΞΞΞΞΞΞεΞΞΞΞΞξΞξεεεεεΞΞΞΞΞΞΞΞΞΞΞΞΞΞΞΞΞΞΞΞΞΞΞΞ

1560 578 1737 634 ANNO
1780 584 1927 629 sese.
1967 584 2012 627 v
2064 584 2356 629 INCERTO.

594 723 1871 910 DALMATIUS
2009 722 3215 910 MONACHUS
3262 865 3304 949 ,

1868 1000 2046 1036 ΡωἩΈΔ

1227 1114 1725 1229 ΟΥΖΙΟΙ
1848 1026 2663 1231 ιῖᾗδοοΡυδ.

1668 1424 2226 1517 ΝΟΤΙΤΙᾹ-.

1247 1580 1414 1644 (Mica.
1449 1578 1700 1639 LEQUIEN.,
1729 1579 1902 1631 Oriens
1935 1580 2254 1640 Christianus,
2292 1588 2327 1631 t.
2367 1583 2405 1643 ἶ,
2444 1598 2493 1645 p.
2530 1582 2663 1645 752.)

1930 1720 2000 1731 —-

391 1798 562 1877 Inter
593 1796 807 1877 Cyzicit
833 1796 1136 1877 prtesules
1180 1802 1546 1877 numeratur
1575 1800 2003 1862 sanctissimus
2043 1798 2326 1869 Proclus,
2367 1816 2554 1877 quem
2593 1797 2903 1858 Sisinnius
2950 1799 3059 1857 CP.
3117 1798 3404 1877 rescripti
3463 1817 3580 1861 cu-

394 1816 562 1858 tnter
593 1816 795 1873 uyzwt
833 1816 1136 1877 prtesutes
1180 1816 1546 1857 numeratur
1575 1816 2003 1862 sancussmus
2045 1816 2326 1869 l’l‘OCIUS,
2412 1816 2554 1859 item
2594 1816 2903 1858 DlSlDDlUS
2950 1816 3059 1857 ιλιι.
3117 1816 3404 1877 rescripti
3463 1817 3580 1861 cu—

305 1876 555 1957 jusdam
596 1875 934 1957 Theodosii
985 1876 1261 1957 Junioris
1300 1877 1558 1957 Augusti
1592 1880 1791 1939 Attico
1822 1879 2140 1941 decessori
2180 1878 2314 1957 ejus
2367 1816 2501 1938 illati
2534 1878 2903 1957 auctoritate
2951 1878 3171 1948 fretus,
3213 1878 3389 1939 urbis
3420 1878 3586 1941 illius

317 1954 687 2038 episcopum
719 1956 956 2038 civibus
984 1954 1196 2016 insciis
1235 1956 1573 2038 ordinarat.
1601 1957 1834 2038 AVerum
1866 1958 2152 2038 Cyziceni
2185 1954 2524 2038 adventum
2558 1954 3201 2038 ejusprazvertentes,
3218 1957 3587 2038 Dalmatium

313 2033 697 2118 monachum
725 2035 1096 2118 episcopum
1127 2051 1310 2094 suum
1340 2033 1613 2118 ordinari
1648 2033 1945 2118 curarunt
1974 2039 2080 2118 (1).
2115 2036 2453 2118 Dalmatius
2481 2033 2799 2118 Ephesino
2830 2036 3101 2096 concilio
3131 2033 3354 2118 adfuit,
3403 2054 3581 2097 cum-

315 2132 440 2192 que
478 2117 753 2175 Joannes
785 2114 1217 2175 Antiochenus
1253 2131 1394 2174 cum
1429 2115 1847 2177 Orientalibus
1881 2114 2011 2179 suis
2036 2114 2113 2177 ad
2150 2114 2562 2177 constitutum
2592 2116 2757 2175 diem
2800 2132 2929 2175 non
2973 2116 3377 2188 accessisset,
3425 2134 3586 2177 unus

312 2192 453 2282 ipse
498 2212 573 2255 ex
610 2194 729 2282 illis
909 2194 1043 2282 qui_
1068 2193 1530 2282 Contestatiope
1568 2203 2023 2282 repugnarunt,
2065 2212 2146 2282 ne
2182 2194 2450 2282 Cyrillus
2488 2194 3261 2282 ‘Alexandrinus.coticjlii
3304 2193 3588 2282 celebra-

313 2272 551 2355 tionem
589 2281 730 2334 ante
768 2272 932 2355 illius
972 2272 1306 2355 adventum
1339 2272 1687 2355 inchoaret.
1718 2276 2109 2355 Subscripsit
2148 2274 2418 2353 perinde
2449 2272 2627 2355 alteri
2659 2273 3105 2355 contestationi
3150 2273 3582 2355 Orientalium,

313 2352 734 2433 quiclausam
759 2351 876 2413 sibi
904 2352 1183 2431 Apostoli
1208 2352 1468 2433 Joannis
1505 2353 1833 2415 ecclesiam
1864 2351 2319 2433 querebantur,
2363 2370 2505 2433 cum
2547 2353 2829 2433 interim”
2853 2352 3193 2413 concilium
3249 2352 3312 2433 in
3346 2353 3585 2433 majore

312 2431 577 2493 ecclesia
637 2430 1031 2513 haberetur,
1069 2434 1232 2513 Quas
1311 2430 1566 2513 quidem
1600 2430 2122 2513 subscriptiones
2168 2432 2381 2513 legere
2417 2432 2564 2513 licet
2606 2432 2669 2493 in
2706 2430 3089 2513 Collectione
3127 2448 3203 2513 ex
3263 2431 3584 2513 Syfnodico

311 2527 426 2571 seu
463 2512 786 2590 Tragmdia
814 2511 1037 2572 Irenaai
1065 2509 1236 2590 Tyrii
1266 2527 1407 2589 cap.
1435 2510 1465 2570 7
1502 2519 1564 2571 et
1593 2510 1648 2572 8.
1689 2512 1798 2573 His
1830 2509 1997 2573 enim
2030 2511 2605 2590 Contestationibus
2636 2511 3031 2590 subscriptus
3072 2509 3301 2587 legitur
3324 2509 3584 2570 Dalma-

313 2590 438 2649 tius
469 2593 789 2669 episcopus
824 2591 1062 2669 Cyzici,
1092 2589 1440 2650 Dalmatius
1472 2592 1795 2671 episcopus
1828 2591 2043 2670 Cyzici
2070 2589 2616 2669 metropolitanus.
2657 2594 2729 2650 At
2761 2606 2908 2651 vero
2938 2589 3005 2649 in
3034 2590 3321 2727 ipsismet
3349 2590 3584 2650 Graecis

314 2675 376 2727 et
411 2670 638 2727 Latinis
677 2671 903 2727 svnodi
935 2670 1088 2727 actis
1121 2718 1135 2727 .
1184 2669 1370 2727 etiam
1417 2670 1588 2727 apud
1624 2671 1881 2727 Marium
1937 2672 2349 2727 Mercatorem
2385 2717 2400 2727 .
2442 2670 2670 2727 diserte
2720 2668 2918 2727 fertur
2948 2670 3043 2727 Da
3072 2670 3331 2727 matiam
3369 2669 3584 2727 Cuzici

314 2675 376 2728 et
411 2668 638 2732 Latinis
674 2668 903 2748 synodi
935 2670 1088 2731 actis
1120 2718 1135 2742 ,
1184 2669 1390 2748 etiam
1417 2670 1588 2748 apud
1623 2668 1896 2732 Marium
1937 2668 2349 2732 Mercatorem
2385 2717 2400 2741 ,
2442 2670 2670 2730 diserte
2720 2668 2918 2729 fertur
2948 2668 3331 2728 Dalmatium
3357 2669 3586 2748 ‘Cyzici

316 2750 668 2829 episcopum
695 2746 926 2811 actioni
974 2749 1192 2829 primm
1224 2746 1501 2829 ejusdem
1539 2750 1792 2812 concilii
1839 2768 1983 2812 cum
2027 2750 2256 2828 Cyrillo
2317 2748 2741 2829 Alexandrino
2794 2754 2855 2808 et
2892 2749 3225 2829 Memnone
3260 2746 3581 2829 Ephesino

311 2826 691 2904 interfuisse,
722 2831 817 2881 καὶ
846 2826 1139 2898 Δαλματίῳ
1179 2827 1441 2890 Κυζίκου,
1489 2836 1547 2887 et
1601 2829 1874 2889 Dalmati

1979 2826 2192 2906 Iyzici,
2226 2828 2381 2907 quin
2410 2828 2689 2907 etiamin
2720 2826 3291 2906 subscriptionibtts
3328 2826 3577 2907 legitur,

270 2974 275 2979 Ι
310 2906 617 2977 Δαλμὰτιος
648 2908 945 2973 ἐπίσκοπος
969 2913 1071 2980 τῆς
1101 2907 1243 2962 κατὰ
1276 2907 1511 2972 Κύζικον
1530 2908 1692 2976 ἁγίας
1714 2906 1811 2960 τοῦ
1839 2908 1874 2960 Θ

2004 2906 2360 2978 Ἐκκλησῖας·
2401 2906 2754 2966 Dalmatius
2808 2907 3132 2984 episcopus
3187 2914 3415 2965 sanctae
3464 2906 3581 2984 Dei

305 2985 601 3048 Ecclesia:
642 2988 877 3064 Cyzici.
919 2985 1201 3047 Gelasius
1230 2984 1574 3063 Cyzicenus
1614 2984 1795 3048 initio
1826 2986 2262 3049 commentarii
2298 2987 2396 3046 sui
2428 2991 2711 3046 actorum
2745 2983 3290 3058 conciliiNiczeni,
3326 3001 3392 3064 se
3422 2983 3580 3064 illud

306 3082 469 3143 opus
520 3062 926 3144 exscripsisse
964 3071 1223 3144 testatur
1258 3062 1336 3144 ex
1367 3064 1624 3144 vetustis
1653 3067 2037 3128 membranis
2076 3066 2281 3127 divini
2310 3065 2859 3143 iaudatissimique
2892 3063 3196 3144 Dalmatii
3224 3111 3237 3136 ,
3289 3063 3385 3114 τοῦ
3433 3062 3581 3114 θείου

304 3142 402 3196 καὶ
435 3145 681 3213 ἀοιδίμου
710 3142 1016 3213 Ᾱαλματίου
1047 3143 1139 3195 τοῦ
1178 3142 1337 3209 ἁγίας
1361 3144 1455 3194 καὶ
1479 3142 1775 3213 καθολικῆς
1810 3147 1952 3197 κατά
1984 3144 2222 3209 Κύζικον
2285 3144 2607 3215 Εκκλησίας
2640 3142 3101 3213 ἀρχιεπισκόπου,
3133 3151 3361 3201 sancta:
3391 3151 3446 3201 ct
3469 3160 3576 3202 ca-

306 3222 552 3282 tholica:
579 3223 791 3299 Cyzici
821 3222 1117 3282 Ecclesia:
1147 3220 1624 3297 archiepiscopi,

380 3350 454 3419 (t)
498 3349 569 3402 De
601 3350 861 3403 Dalmatio
897 3350 1019 3409 hoc.
1062 3364 1221 3417 quem
1257 3364 1323 3403 ex
1366 3348 1634 3403 monacho
1664 3350 1876 3415 episco-

306 3435 430 3489 ptnn
461 3420 563 3475 sibi
603 3420 913 3489 delegerunt
940 3419 1219 3488 Cyziceni,
1259 3420 1462 3473 mentio
1506 3420 1645 3487 apud
1682 3420 1876 3474 Socra-

1984 3360 2121 3471 ἔξω.
2154 3364 2255 3414 vu,
2300 3347 2407 3413 28;
2464 3347 2719 3415 Tripart.,
2765 3363 2864 3412 xu,
2910 3349 2985 3413 '5;
3029 3346 3280 3413 Niceph.,
3326 3361 3439 3409 xw,
3486 3344 3580 3403 9.9.

2029 3435 2149 3471 ABR.

2029 3435 2149 3473 ABR.

317 3586 3537 3613 ww

1059 3762 1879 3890 DALMA‘TII‘
1943 3762 2810 3891 EPISTOL/E.

1296 3964 1473 4028 (Μλκει
1509 3964 1667 4028 Ampi.
1704 3962 1817 4013 coll.
1839 3975 1972 4013 conc.
2000 3975 2126 4025 gem,
2157 3967 2190 4010 t.
2216 3961 2298 4021 IV,
2333 3974 2376 4010 c.
2404 3960 2569 4021 1258.)

312 4214 637 4282 Ἐπιστολὴ
677 4217 1016 4283 πεμφθεῖσα
1067 4217 1217 4283 πρὸς
1272 4217 1386 4281 τὴν
1448 4216 1628 4285 ἁγίαν
1675 4216 1745 4267 ἐν
1804 4213 1874 4282 τῇ

1984 4208 2229 4285 Epistola
2272 4210 2433 4285 missa
2486 4209 2554 4261 ad
2604 4220 2845 4285 sanctam
2891 4213 3149 4280 synodum
3184 4213 3507 4283 Epltesmam
3540 4236 3580 4273 α

380 4286 670 4356 Ἐρεσίων
710 4287 883 4339 πόλει
924 4287 1192 4340 σύνοδον
1229 4289 1390 4354 παρὰ
1411 4286 1747 4356 Δαλματίου
1769 4286 1876 4339 τοῦ

365 4352 691 4425 ἁγιωτάτων
727 4357 1214 4426 ἀρχιμανδρίτου.

366 4469 479 4538 Τὴν
537 4468 827 4540 ἐπιστολὴν
874 4470 973 4539 τὴν
1023 4469 1371 4541 πεμφθεῖσάν
1427 4488 1517 4540 μοι
1572 4470 1724 4541 παρὰ
1774 4469 1876 4539 τῆς

296 4561 459 4626 ἁγίας
503 4561 723 4613 συνόδου
774 4561 1066 4632 ἐδεξάμην,
1100 4564 1196 4616 καὶ
1224 4564 1383 4631 γνοὺς
1421 4561 1491 4614 τὰ
1523 4564 1580 4615 ὲν
1606 4564 1743 4632 αὑτῇ
1773 4563 1877 4633 ὲμ-

295 4653 596 4723 φερόμενα,
635 4654 694 4703 ἐν
722 4651 962 4718 πρώτοις
987 4652 1085 4721 μὲν
1115 4653 1394 4724 ἐλυπήθην
1427 4654 1633 4724 σφόδρα
1660 4654 1749 4707 διὰ
1776 4655 1877 4717 τὰς

297 4741 719 4813 συμδεόηκυίας
772 4743 902 4812 ὑμῖν
955 4744 1305 4814 περιστάσεις
1352 4761 1410 4797 τε
1467 4746 1564 4798 καί⁵
1618 4745 1826 4814 θλίψεις
1857 4762 1871 4775 ·

301 4829 608 4898 ἒγέγραπτο
640 4828 750 4901 γὰρ
788 4832 845 4883 ὲν
872 4833 940 4901 τῇ
973 4831 1255 4902 ἐπιστολῇ,
1289 4833 1372 4885 ὅτι
1401 4832 1546 4895 τινὲς
1572 4832 1680 4885 τῶν
1704 4833 1874 4900 ἁγίων

301 4918 550 4988 πατέρων
586 4918 775 4972 αὐτόθι
810 4918 1113 4986 διάγοντες,
1142 4920 1207 4973 ὲκ
1236 4922 1335 4991 τῆς
1362 4920 1725 4991 στενοχωρίας
1756 4922 1872 4972 ἐτε-

296 5011 584 5080 λεύτησαν.
631 5013 829 5067 Λοιπὸν
872 5014 930 5068 δὲ
982 5014 1304 5083 γινώσκετε,
1354 5017 1438 5069 ὅτι
1488 5015 1719 5084 ἑτοίμως
1766 5014 1875 5084 ἔχω

258 5120 261 5155 ξ
296 5106 482 5157 πᾶσαν
519 5104 765 5156 κέλευσιν
806 5107 960 5173 ὑμῶν
990 5108 1303 5177 πληρῶσαι,
1328 5110 1421 5162 καὶ
1450 5110 1508 5161 ἐν
1531 5109 1705 5161 οὐδενὶ
1734 5125 1874 5178 παρ-

296 5195 491 5266 εῖδονῆ
523 5196 881 5265 παραϐλέπω,
921 5200 1253 5271 ἢὴμέλησα,
1288 5203 1383 5255 καὶ
1424 5202 1661 5271 μάλιστα
1680 5203 1759 5254 ὅτι
1782 5203 1875 5255 καὶ

295 5289 436 5357 ὑπὲρ
470 5290 571 5358 τῆς
598 5288 889 5358 ὀρθοδόξου
924 5292 1159 5355 πίστεώς
1202 5295 1319 5346 ἐστι
1371 5295 1433 5346 τὸ
1478 5296 1728 5365 πρᾶγμα,
1782 5298 1876 5347 καὶ

292 5378 533 5447 ἁρμόζον
561 5378 698 5449 πρὸς
727 5379 819 5431 τὸν
848 5378 999 5434 Θεόν.
1031 5383 1221 5446 Οὐδεὶς
1242 5384 1349 5455 γὰρ
1384 5384 1610 5437 δύναται
1631 5386 1874 5454 ἀποστῆ-

292 5488 382 5523 ναι
412 5471 521 5523 ἀπὸ
554 5470 689 5524 Θεοῦ
723 5472 945 5536 ζῶντος,
1002 5475 1096 5527 καὶ
1146 5476 1283 5529 ἄλλα
1334 5478 1456 5531 τινὰ
1500 5478 1872 5548 βουλεύεσθαι.

2180 4279 2452 4332 Dalmatia
2485 4282 2819 4334 sanctissimo
2855 4279 3298 4340 are/timandrita.

2054 4470 2250 4537 Accepi
2274 4467 2561 4537 epistolam
2593 4484 2619 4521 a
2653 4478 2841 4524 sancta
2873 4464 3176 4540 synodo'ad
3204 4489 3289 4527 me
3320 4474 3565 4540 missam,

1979 4570 2035 4617 et
2066 4561 2250 4622 legens
2283 4577 2404 4630 quae
2433 4562 2763 4624 contineret,
2821 4564 2872 4615 in
2933 4565 3121 4630 primis
3170 4565 3373 4620 indolui
3410 4569 3572 4623 velte-

1979 4666 2193 4707 menter
2250 4661 2470 4721 propter
2525 4666 2588 4706 ea
2648 4668 2768 4721 quae
2828 4655 2982 4709 vobis
3031 4656 3356 4711 acciderunt
3403 4659 3568 4713 mala.

1981 4750 2253 4817 Scriptum
2291 4749 2434 4802 enim
2466 4756 2584 4802 erat
2637 4748 2689 4802 in
2723 4736 2951 4817 episiola
2985 4750 3196 4818 aliquos
3240 4766 3305 4804 ex
3363 4754 3570 4806 sanctis

1977 4839 2230 4893 Patribus
2284 4838 2393 4893 illic
2448 4848 2693 4909 agentes,
2741 4852 2966 4909 propter
3001 4842 3277 4911 angustias
3326 4842 3567 4899 locorum

1978 4933 2274 4988 exstinctos
2305 4946 2443 4987 esse.
2481 4931 2748 4987 Caeterum
2797 4933 2993 4988 scitote
3029 4950 3114 4988 me
3142 4947 3387 5005 prompte
3415 4938 3567 5007 jussa

1978 5025 2234 5095 quaelibet
2264 5036 2444 5079 vestra
2493 5026 2862 5093 impleturum,
2917 5044 3017 5083 nec
3047 5028 3348 5097 quidquam
3380 5032 3569 5087 hacte-

1979 5133 2082 5172 nus
2104 5118 2449 5187 prteleriisse.
2470 5116 2657 5187 Neque
2682 5120 2827 5173 enim
2858 5119 3195 5189 negligenter
3220 5121 3422 5191 aliquid
3451 5139 3573 5191 pro—

1977 5209 2153 5271 video,
2192 5224 2289 5263 nec
2322 5210 2630 5264 incuriosus
2663 5225 2807 5273 sum,
2841 5227 2962 5264 cum
2999 5214 3297 5279 praesertim
3331 5228 3416 5268 res
3446 5214 3569 5269 lidei

1979 5300 2299 5355 orthodoxa:
2346 5300 2550 5368 Deique
2600 5311 2811 5369 agatur.
2864 5299 3034 5354 Nemo
3067 5305 3209 5356 enim
3264 5314 3439 5372 potest
3473 5305 3570 5357 de-

1980 5392 2146 5443 ﬁcere
2178 5407 2205 5443 a
2236 5391 2345 5446 Deo
2383 5393 2619 5456 vivente,
2659 5402 2713 5445 et
2758 5394 2862 5445 alia
2897 5397 3141 5460 quantam
3194 5396 3418 5449 consilia
3473 5410 3567 5447 ca-

1979 5500 2125 5552 perc.
2164 5483 2265 5549 Qui
2327 5487 2471 5539 enim
2529 5495 2674 5539 recte
2730 5496 2965 5540 tractant
3015 5486 3237 5540 verbum
3302 5489 3566 5552 veritatis,

292 5562 356 5614 Οί
385 5562 495 5633 γὰρ
524 5562 951 5633 ὀρθοτομοῦντες
985 5565 1078 5618 τὸν
1115 5566 1274 5633 λόγον
1327 5569 1427 5636 τῆς
1473 5570 1733 5641 ἀληθείας
1780 5571 1874 5623 τοῦ

1980 5576 2073 5629 Dei
2112 5578 2274 5629 vitam
2334 5578 2533 5631 habent
2577 5585 2631 5632 et
2664 5578 2720 5631 in
2771 5579 2875 5631 hoc
2933 5579 3131 5633 sacculo
3160 5588 3214 5633 et
3254 5578 3305 5631 in
3342 5578 3563 5646 futuro;

292 5653 450 5715 Θεοῦ.
483 5654 630 5726 ζωὴν
662 5656 898 5726 ἔχουσιν,
939 5657 1036 5711 καὶ
1066 5659 1122 5711 ὲν
1158 5658 1237 5729 τῷ
1267 5662 1424 5713 αἰῶνι
1454 5662 1649 5733 τούτῳ.
1675 5664 1771 5718 καὶ
1817 5667 1874 5717 ὲν

300 5745 371 5817 εῷ
421 5748 667 5818 μέλλοντι
698 5766 711 5778 ⁸
758 5752 807 5803 οἱ
851 5750 907 5801 δὲ
953 5751 1316 5822 ἀφιστάμενοι
1347 5753 1455 5806 ἀπὸ
1485 5756 1583 5826 τῆς
1610 5757 1705 5810 τοῦ
1735 5757 1870 5811 Θεοῦ

326 5839 513 5909 ἀριτος
548 5841 919 5913 κατηραμένοι
946 5842 1104 5909 εἰσὶν,
1131 5843 1459 5916 ἐρριμμένοι
1490 5848 1572 5911 είς
1596 5847 1655 5902 τὸ
1681 5849 1871 5914 σκότος

1984 5669 2074 5736 qui
2106 5683 2233 5722 vero
2267 5670 2526 5723 deﬁciunt
2556 5685 2585 5723 a
2618 5669 2709 5723 Dei
2741 5671 2936 5741 gratia,
2989 5671 3283 5737 eiiciuntur
3335 5671 3387 5723 in
3417 5676 3568 5724 tene-

1976 5759 2103 5813 bras
2130 5760 2451 5824 exteriores,
2504 5762 2957 5830 quemadmodum
3009 5760 3315 5825 Nestorius,
3366 5772 3421 5817 et
3470 5764 3569 5833 qui

1975 5853 2162 5909 eadem
2210 5869 2333 5910 cum
2390 5855 2506 5923 ipso
2534 5855 2796 5911 sentiunt.
2834 5852 2979 5911 Deus
3010 5856 3154 5910 enim
3183 5865 3238 5911 et
3267 5855 3427 5912 Pater
3460 5856 3567 5912 Do»
