4164 6588
356 484 486 549 1801

1795 494 2195 555 APOLOGIA.

3473 507 3611 573 1802

418 596 726 668 Δαλμάτιος
742 600 1011 671 πρεσϐὑτε
1022 620 1112 672 ρος
1132 601 1173 632 ⁸⁸
1196 603 1292 656 καὶ
1318 601 1773 674 ἀρχιμανδρίτης.
1795 604 1910 656 Πα-

2090 604 2390 662 Dalmatius
2441 611 2726 683 presbyter
2755 621 2810 666 ει
2835 614 3285 681 archimamlrita,
3334 631 3608 673 monaste-

346 688 451 760 τὴρ
484 692 887 762 μοναστηρίων,
927 692 1329 764 ὑπερεὺχεσθαί
1363 711 1464 764 μου
1498 693 1803 765 παρακαλῶ
1823 693 1924 766 τὴν

348 780 621 853 ὑμετέραν
651 782 981 855 ἁγιωσύνην,
1007 778 1051 837 ὦ
1082 783 1201 838 θεία
1240 785 1335 838 καὶ
1366 786 1487 856 ἱερὰ
1511 785 1845 849 συνέλευσις.

727 1011 1121 1066 ΔᾹΛΜΔΤΙΟΥ
1157 1015 1522 1069 ΑΠΟΛΟΓΙΑ.

425 1132 678 1203 Ἀνῆλθεν
702 1133 788 1201 ἐφ’
813 1132 1018 1204 ὑψηλοῦ
1040 1136 1069 1188 ό
1093 1136 1248 1205 ἆγιος
1268 1137 1595 1208 Δαλμάτιος,
1625 1143 1719 1195 καὶ
1743 1137 1920 1197 εἶπενο

363 1222 408 1275 il
451 1223 632 1276 θέλετε
680 1223 930 1289 ἀκοῦσαι,
965 1228 1295 1298 ἡσυχάσατε,
1332 1231 1431 1284 καὶ
1468 1232 1795 1301 μανθάνετε,
1827 1235 1922 1289 καὶ

347 1317 422 1386 μὴ
475 1315 734 1388 θελήσητε
781 1319 1069 1388 ἐμποδίσαι
1114 1325 1227 1384 τοῖς
1254 1323 1590 1394 λεγομένοις,
1618 1326 1753 1380 ἀλλά
1816 1345 1921 1398 μα-

345 1406 752 1478 κροθυμήσατε,
797 1410 884 1464 ἵνα
936 1412 1005 1465 τὰ
1060 1414 1282 1485 ῥήματα
1329 1415 1575 1487 ἀκριϐῶς
1624 1418 1918 1491 ἀκούσητε.

345 1499 458 1568 Τὴν
489 1501 779 1569 ἐπιστολὴν
814 1500 914 1571 τὴν
964 1501 1060 1555 νῦν
1092 1504 1531 1572 ἀναγνωσθεῖσαν
1572 1512 1639 1579 τῇ
1673 1509 1919 1582 ὑμετέρᾳ

343 1591 628 1663 εὑσεῦείᾳ,
690 1593 719 1645 ὁ
776 1593 1162 1659 εὐσεϐέστατος
1220 1596 1471 1667 βασιλεὺς
1528 1602 1762 1670 ἀνέγνω,
1824 1606 1919 1659 καὶ

344 1679 594 1749 ἐπείσθη.
648 1683 869 1754 Ἐπειδὴ
910 1684 1060 1755 ἥμην
1093 1685 1206 1753 ἐγὼ
1266 1689 1506 1758 εἰρηκὼς
1550 1692 1628 1762 τῷ
1685 1692 1915 1763 βασιλεῖ,

342 1770 431 1823 ὅτε
468 1766 596 1843 ἦλθε
648 1774 785 1843 πρός
813 1793 902 1843 με,
937 1776 1018 1828 ὅτι
1051 1775 1249 1844 ῶφειλε
1291 1781 1498 1850 γράψαι
1530 1787 1594 1855 τῇ
1632 1786 1765 1858 ἁγίᾳ
1795 1804 1918 1840 συν⁹

2030 696 2234 751 riorum
2284 697 2476 765 Pater,
2531 703 2707 755 divina
2771 716 3067 776 sanctaque
3116 708 3491 777 congregatio,
3550 721 3611 765 ut.

2027 802 2152 845 ores
2183 804 2281 858 pro
2313 806 2419 859 me,
2450 802 2503 847 te
2531 794 2777 850 obsecro.
3611 841 3623 895 ί

2456 1020 2797 1077 APOLOGIA
2838 1020 3184 1079 DALMATII.

2101 1133 2333 1188 Sanctus
2360 1133 2542 1202 itaque
2574 1132 2895 1198 Dalmatius,
2941 1135 3029 1189 ubi
3060 1135 3113 1189 in
3158 1146 3469 1207 suggestum
3513 1155 3605 1194 as-

2029 1230 2327 1294 cendisset,
2360 1228 2494 1282 dixit
2521 1243 2536 1281 :
2583 1226 2638 1280 Si
2676 1228 2841 1282 vultis
2872 1227 3080 1293 audire,
3118 1231 3285 1297 quieti
3315 1231 3521 1299 adeste,
3552 1245 3607 1286 ρι

2030 1320 2221 1374 discite
2247 1338 2262 1374 :
2295 1332 2471 1388 neque
2503 1318 2587 1372 his
2614 1332 2734 1386 qua:
2765 1319 3033 1383 dicentur,
3061 1319 3375 1391 obstrepere
3405 1324 3601 1378 velitis.

2028 1409 2232 1465 Adeste
2263 1418 2442 1463 autem
2479 1408 2706 1477 patienti
2749 1409 2952 1472 animo,
2984 1420 3039 1464 nt
3070 1411 3234 1464 verba
3265 1423 3453 1469 exacte
3483 1430 3608 1483 per—

2029 1501 2209 1569 cipere
2241 1499 2487 1554 valeatis.
2524 1500 2695 1566 Quam
2728 1516 2871 1555 mine
2904 1502 3077 1570 pietas
3113 1513 3291 1557 vestra
3323 1506 3604 1574 epistolam

2024 1590 2253 1653 audivit,
2288 1605 2409 1645 eam
2456 1592 2735 1662 piissimus
2788 1593 3085 1662 imperator
3127 1608 3340 1664 quoque
3372 1596 3519 1667 legit,
3551 1608 3608 1653 et

2026 1696 2313 1750 persuasus
2350 1691 2455 1736 εει.
2492 1681 2625 1735 Nam
2655 1698 2777 1747 ego,
2806 1699 2927 1737 cum
2961 1686 3023 1737 ad
3058 1700 3143 1739 me
3176 1688 3432 1751 venisset,
3462 1690 3603 1742 dixe-

2026 1788 2141 1826 ram
2179 1759 2513 1839 iuiperatori,
2540 1789 2663 1827 eum
2690 1776 2756 1826 ad
2786 1783 3027 1827 sanctam
3061 1778 3322 1844 synodum
3355 1778 3605 1834 debuisse

343 1864 469 1936 όδῳ,
504 1865 540 1920 ἃ
571 1866 764 1937 ἐλέχθη
800 1868 969 1937 αὑτῷ,
1003 1871 1096 1922 καὶ
1126 1871 1225 1923 οὑκ
1254 1872 1347 1905 νσίθ
1384 1874 1626 1945 ἐγράφη.
1669 1878 1919 1947 Ἔπεμψε

2026 1865 2266 1919 scribere
2319 1881 2439 1933 qua:
2497 1878 2745 1935 suggesta
2795 1868 3009 1934 quidem
3054 1868 3152 1937 ipsi
3205 1868 3441 1934 fuerunt,
3493 1888 3603 1925 non

341 1957 400 2010 δὲ
427 1959 563 2029 πρός
597 1976 686 2028 με,
718 1961 814 2012 καὶ
842 1961 1183 2034 ἀνεγνώσθη.
1208 1964 1321 2019 Καὶ
1351 1966 1435 2018 ἵνα
1471 1969 1545 2037 μὴ
1571 1968 1799 2040 λυπήσω
1821 1972 1921 2025 αὑ-

342 2049 457 2111 τὸν,
491 2052 558 2104 τά
588 2051 857 2105 ἀκόλουθα
888 2055 1245 2124 προέπεμψεν
1281 2058 1347 2119 ¹¹,
1378 2059 1413 2112 ἃ
1458 2062 1507 2113 οἱ
1551 2061 1922 2135 ἀποφέροντες

342 2144 445 2197 οὑκ
465 2142 698 2209 ἔδειξαν,
725 2145 861 2199 ἀλλά
884 2146 1005 2200 ἀντὶ
1029 2147 1212 2199 αὑτῶν
1241 2148 1378 2202 ἀλλα
1410 2149 1702 2217 ὑπέδειξαν
1736 2152 1922 2223 γράμ-

344 2252 513 2304 ματα,
549 2235 633 2287 Τά
669 2236 948 2308 πρέποντα
978 2234 1073 2292 οὖν
1103 2239 1200 2293 καὶ
1254 2241 1322 2295 τὰ
1372 2243 1645 2296 ἀκόλουθα
1688 2244 1924 2317 ἐλάλησα

340 2326 513 2398 αὑτῷ,
544 2327 579 2381 ἀ
612 2329 710 2381 οὑκ
755 2329 930 2393 ἔξεστι
980 2331 1075 2385 νῦν
1117 2334 1294 2386 εἰπεῖν
1354 2334 1449 2387 ἐπὶ
1509 2337 1607 2407 τῆς
1652 2338 1923 2409 ὑμετέρας

340 2418 649 2484 εὑλαδείας,
682 2421 774 2489 Μὴ
799 2422 908 2493 γάρ
936 2425 1216 2495 νομίσητε,
1255 2427 1339 2480 ὄτι
1392 2427 1827 2501 ὑπεραιρόμενός
1878 2433 1921 2464 ¹¹

339 2512 424 2575 τίς
458 2514 595 2581 είμι,
629 2515 659 2584 ἢ
690 2515 1049 2585 καυχώμενος
1078 2534 1092 2549 ’
1128 2518 1410 2591 συντρίψει
1442 2521 1552 2592 γὰρ
1579 2524 1608 2575 ό
1638 2522 1771 2587 Θεὸς
1792 2524 1925 2578 ὀστᾶ

341 2603 653 2673 ὑποκριτῶν
700 2606 764 2658 ⁸³.
814 2606 872 2658 '0
906 2608 1183 2679 Δεσπότης
1230 2609 1339 2681 γάρ
1387 2611 1565 2665 πάντα
1616 2612 1924 2678 ἀκολούθως

339 2696 542 2764 ἤκουσε
572 2695 641 2747 τά
665 2697 1033 2767 γεγενημένα,
1071 2700 1166 2752 καὶ
1199 2702 1370 2773 ἐχάρη
1405 2702 1544 2772 μετά
1570 2704 1924 2773 εὐχαριστίας

340 2787 436 2855 τῆς
468 2786 603 2857 πρὸς
655 2788 809 2853 Θεὸν,
859 2789 955 2842 καὶ
1012 2791 1363 2864 συνεφώνησε
1405 2798 1518 2857 τοῖς
1569 2797 1777 2866 ῥήμασι
1822 2800 1924 2867 τῆς

341 2877 667 2941 ἀκολουθίας
699 2880 800 2948 τῆς
847 2880 1007 2947 ἁγίας
1048 2881 1291 2945 συνόδου,
1323 2881 1398 2945 ὡς
1425 2884 1629 2953 πρέπει
1652 2888 1718 2956 τῇ
1755 2884 1921 2939 αὑτοῦ

340 2969 608 3042 βασιλείᾳ,
634 2971 695 3022 οὑ
721 2972 834 3034 τοῖς
857 2974 1011 3043 ἐμοῖς
1035 2974 1273 3043 ῥήμασιν
1295 2973 1754 3045 ἐξακολουθήσας,
1787 2975 1923 3030 ἀλλά

336 3064 404 3132 τῇ
464 3063 645 3115 πίστει
685 3063 793 3118 τῶν
825 3064 1069 3118 πάππων
1098 3065 1265 3118 αὑτοῦ
1306 3067 1401 3119 καὶ
1432 3067 1707 3137 πατέρων.
1746 3068 1921 3139 Πλὴν,

337 3151 525 3215 καθὼς
556 3152 814 3223 ἔπρεπεν,
842 3155 1078 3221 ἐδέξατο,
1118 3156 1212 3207 καὶ
1254 3156 1487 3223 ἀνέγνω,
1524 3158 1620 3211 καὶ
1667 3158 1916 3229 ἐπείσθη,

338 3246 437 3298 κα)⁵
473 3244 629 3297 τοῦτο
652 3242 823 3309 εἶπεν,
849 3247 931 3298 ὃτι
971 3246 1096 3299 Ἐἀν
1119 3246 1294 3309 οὕτως
1322 3248 1487 3309 ἐστὶν,
1512 3248 1668 3317 ἄφες,
1692 3250 1917 3305 ἔλθωσιν

338 3336 390 3387 οἱ
420 3336 857 3406 παραγενόμενοι
888 3336 1197 3389 ἐπίσκοποι.
1242 3338 1354 3390 Kal
1391 3333 1547 3391 εἷπον
1603 3340 1773 3410 αὑτῷ,
1834 3342 1919 3394 ὅτι

340 3427 533 3490 Οὑδεὶς
560 3428 743 3490 αὑτοῖς
777 3430 1054 3499 συγχωρεῖ
1079 3428 1174 3481 τοῦ
1197 3428 1371 3482 ἐλθεῖν
1396 3446 1411 3461 ’
1448 3431 1542 3483 καὶ
1564 3426 1721 3486 εἶπεν
1753 3448 1767 3462 °
1811 3434 1918 3486 Οὑ-

339 3518 453 3582 δεὶς
481 3518 699 3574 κωλύει.
743 3518 884 3587 Ἐγὼ
912 3519 967 3572 δὲ
998 3514 1172 3583 εἶπον,
1225 3521 1306 3573 ὅτι
1360 3523 1765 3594 ἐκρατήθησαν,
1823 3525 1919 3578 καὶ

341 3608 690 3679 ἐκωλύθησαν
722 3608 816 3662 τοῦ
855 3608 1051 3662 ἐλθεῖν.
1082 3611 1194 3664 Καὶ
1230 3606 1387 3664 εἷπον
1422 3613 1608 3678 πάλιν,
1631 3617 1714 3668 ὅτι
1736 3616 1798 3668 ὲκ
1825 3615 1918 3669 τοῦ

342 3704 547 3774 μέρους
574 3703 788 3756 ἐκείνου
827 3703 923 3756 καὶ
946 3703 1200 3775 ἔρχονται
1230 3705 1440 3768 πολλοὶ,
1473 3706 1567 3760 καὶ
1591 3707 1917 3779 ἀπέρχονται

339 3795 635 3859 ἀκωλύτως
670 3812 682 3825 ’
717 3796 786 3848 τά
815 3795 871 3849 δέ
904 3795 1059 3865 παρά
1093 3797 1192 3866 τῆς
1220 3798 1385 3865 ἁγίας
1416 3799 1636 3852 συνόδου
1680 3800 1918 3872 πραττό-

344 3904 485 3957 μενα
523 3887 695 3949 οὐδεὶς
730 3889 1005 3957 συγχωρεῖ
1029 3888 1383 3959 ἀνενεχθῆναι
1413 3890 1506 3942 ἐπὶ
1533 3890 1629 3961 τὴν
1650 3890 1919 3962 ὑμετέραν

344 3979 634 4033 εὐλάϐειαν
665 3978 727 4031 ¹⁸.
763 3980 859 4042 Εἰς
885 3978 943 4032 δὲ
988 3978 1049 4031 τὸ
1087 3980 1252 4050 μέρος
1294 3982 1356 4033 τὸ
1407 3980 1615 4053 ἕτερον,
1641 3982 1919 4036 τουτέστιν

341 4072 425 4136 εις
447 4070 511 4124 τὸ
558 4070 653 4123 τοῦ
689 4070 982 4141 Κυρίλλου,
1016 4064 1174 4123 εἷπον
1212 4071 1365 4141 αὑτῷ
1422 4072 1502 4143 τῷ
1555 4074 1768 4143 βασιλεῖ
1821 4073 1920 4144 ἔμ’

323 4160 579 4236 ’πρόσθεν
616 4164 865 4217 πάντωνο
901 4163 1059 4225 Τίνος
1092 4163 1265 4227 θέλεις
1296 4165 1543 4233 ἀκοῦσαι,
1571 4165 1677 4220 τῶν
1696 4166 1917 4231 ἑξακισ-

340 4256 526 4325 χιλίων
557 4255 778 4325 ἀριθμῷ
811 4255 1150 4318 ἐπισκόπων,
1190 4254 1222 4326 ἢ
1253 4257 1373 4319 ἐνὸς
1408 4256 1696 4328 ἀνθρώπου
1727 4258 1917 4311 δυσσε-

340 4347 518 4413 ϐοὖς;
566 4348 683 4400 Τῶν
737 4348 1114 4419 ἑξακισχιλίων
1159 4350 1200 4380 ¹⁸
1273 4347 1463 4412 εἷπον,
1511 4351 1707 4414 οἵτινές
1785 4352 1919 4403 εἰσιν

341 4442 447 4493 ὑπὸ
487 4442 586 4511 τὴν
616 4442 867 4507 ἐξουσίαν
897 4444 1005 4496 τῶν
1036 4442 1452 4513 μητροπολιτῶν
1479 4443 1587 4495 τῶν
1607 4444 1779 4511 ἁγίων
1804 4446 1922 4497 ἐπι-

1273 4346 1426 4402 εἳπον
1448 4390 1463 4412 ,
1511 4351 1707 4414 οἵτινές

2027 1966 2205 2011 tamen
2233 1956 2390 2023 plene
2422 1958 2745 2026 perscripta.
2779 1957 2924 2012 Misit
2946 1969 3124 2013 autem
3156 1963 3219 2012 ad
3252 1976 3358 2021 me,
3390 1974 3442 2016 et
3469 1962 3604 2016 lecta

2026 2058 2171 2101 sunt.
2224 2047 2422 2102 Verum
2477 2065 2542 2103 ne
2568 2065 2676 2118 qua
2714 2049 2862 2102 ἰΙιιιιιι
2895 2051 3111 2104 tristitia
3169 2049 3459 2116 adicerem,
3487 2062 3609 2121 (iure

2022 2143 2514 2210 consequebantur,
2571 2142 2850 2210 prtemisi;
2894 2158 3015 2212 qua:
3059 2143 3265 2198 latores
3296 2161 3400 2197 non
3450 2143 3607 2199 exiri.-

2022 2235 2211 2300 bnere,
2240 2235 2332 2289 sed
2363 2235 2576 2288 illorum
2604 2235 2723 2289 loco
2768 2236 2902 2288 alias
2931 2237 3194 2305 quasdam
3246 2237 3450 2293 litteras
3481 2240 3607 2293 sub-

2023 2327 2403 2383 ostenderunt.
2434 2326 2618 2391 Itaque
2647 2328 3050 2392 convenientia,
3082 2342 3138 2383 et
3164 2331 3228 2382 ad
3264 2347 3374 2385 rem
3409 2347 3606 2400 oppor-

2024 2426 2152 2472 tuna
2179 2434 2301 2474 cum
2338 2434 2404 2474 eo
2437 2418 2653 2473 loeutus
2679 2433 2820 2483 sum,
2869 2433 2988 2486 quae
3034 2436 3177 2473 nunc
3209 2436 3391 2474 coram
3425 2432 3605 2477 vestra

2023 2510 2225 2579 pietate
2260 2521 2504 2580 repetere
2531 2526 2664 2583 opus
2691 2526 2795 2564 non
2829 2518 2931 2576 est,
2964 2526 3033 2566 ne
3058 2511 3252 2575 elatus,
3284 2522 3375 2565 aut
3403 2513 3569 2583 gloria
3589 2544 3606 2554 ο

2024 2601 2236 2658 bundus
2282 2619 2311 2657 a
2357 2604 2510 2659 vobis
2538 2603 2840 2658 existimer.
2879 2601 3134 2657 Conteret
3163 2604 3307 2657 enim
3358 2604 3496 2659 Dens
3527 2605 3607 2658 si-

2024 2694 2351 2751 mulatorum
2384 2711 2532 2750 ossa.
2568 2693 2869 2765 Imperator
2898 2696 3079 2749 omnia
3115 2710 3233 2764 quae
3286 2694 3426 2750 facta
3480 2713 3606 2750 nar-

2024 2788 2306 2853 rabantur,
2340 2788 2531 2843 ordine
2561 2788 2788 2854 audivit,
2842 2787 3223 2859 audiendoque
3249 2790 3465 2859 gavisus
3495 2800 3602 2853 est,

2023 2892 2078 2935 et
2115 2881 2224 2936 Deo
2268 2885 2475 2952 gratias
2505 2881 2657 2952 egit;
2694 2891 2749 2936 et
2791 2882 3120 2937 narrationis
3155 2898 3370 2953 quoque
3402 2883 3601 2937 seriem

2023 2982 2226 3027 sanctae
2247 2974 2456 3044 synodi,
2490 2975 2629 3028 sicut
2656 2974 2798 3029 illius
2822 2975 3158 3044 maiestatem
3184 2973 3432 3037 decebat,
3465 2990 3608 3029 com-

2022 3067 2292 3135 probavit,
2331 3081 2435 3119 nou
2468 3066 2601 3121 meis
2631 3066 2846 3135 quidem
2877 3066 3057 3121 verbis
3094 3065 3161 3120 ad
3197 3066 3300 3120 hoc
3332 3066 3605 3130 inductus,

2023 3158 2117 3212 sed
2172 3169 2385 3227 patrum
2446 3168 2502 3212 et
2555 3172 2777 3215 avorum
2853 3173 3076 3214 suorum
3142 3156 3303 3213 fidem
3366 3168 3605 3213 secutus.

2023 3250 2238 3319 Scripta
2295 3252 2499 3320 itaque,
2552 3262 2612 3305 ut
2644 3267 2739 3320 par
2770 3261 2910 3314 erat,
2962 3250 3203 3319 suscepit
3246 3259 3303 3304 et
3348 3249 3497 3320 legit,
3544 3266 3611 3305 ac

2019 3352 2313 3407 persuasus
2364 3340 2480 3392 ait:
2526 3338 2582 3393 Si
2635 3356 2722 3395 res
2757 3340 2829 3393 ita
2863 3339 3047 3403 habet,
3104 3339 3221 3393 sine
3272 3349 3332 3393 ut
3375 3338 3607 3407 profect,

2019 3430 2258 3499 episc0pi
2291 3431 2396 3485 hnc
2425 3431 2666 3484 veniant.
2698 3430 2793 3484 Cui
2823 3446 2922 3500 ego
2952 3449 2965 3483 :
2994 3428 3166 3485 Nemo
3195 3445 3384 3485 eorum
3420 3431 3610 3487 venire

2018 3521 2258 3588 sinitur;
2296 3532 2349 3577 et
2377 3521 2502 3576 ille:
2552 3520 2721 3576 Nemo
2750 3522 3019 3592 prohibet.
3058 3522 3295 3576 Rursum
3330 3536 3473 3592 ego:
3503 3522 3608 3576 De-

2019 3614 2288 3675 tinentur,
2326 3616 2567 3683 inquam,
2599 3624 2652 3668 et
2686 3613 3065 3682 prohibentur,
3096 3628 3161 3666 ne
3188 3613 3429 3669 veniant.
3468 3614 3609 3668 Sub-

2012 3707 2168 3788 jeci:
2218 3705 2320 3772 Qui
2372 3719 2403 3760 e
2454 3704 2688 3759 Nestorii
2750 3706 2984 3761 factione
3040 3716 3185 3769 sunt,
3219 3720 3407 3761 eorum
3448 3707 3606 3761 multi

2018 3809 2150 3853 eunt
2174 3808 2229 3853 et
2260 3800 2486 3853 redeunt
2511 3798 2718 3854 libere:
2764 3815 2883 3869 quae
2930 3814 3061 3853 vero
3093 3814 3122 3851 a
3168 3808 3353 3853 sancta
3402 3800 3607 3869 synodo

2020 3901 2275 3960 aguntur,
2309 3906 2369 3944 ea
2400 3907 2562 3946 nemo
2592 3892 2657 3945 ad
2692 3900 2928 3945 vestram
2962 3892 3218 3960 pietatem
3251 3888 3443 3945 rel‘erri
3478 3904 3607 3958 per-

2020 3983 2207 4038 mittit.
2240 3983 2511 4038 Cteterum
2547 3999 2644 4053 pro
2674 3983 2839 4037 altera
2891 3994 3065 4051 parte,
3120 3982 3411 4051 Cyrilliana
3464 3982 3606 4037 scili-

2018 4084 2128 4143 cet,
2168 4091 2350 4129 coram
2387 4076 2641 4128 omnibus
2673 4074 2989 4142 imperatori
3023 4073 3131 4127 dixi
3164 4092 3175 4125 :
3229 4074 3335 4127 Sex
3366 4072 3607 4127 milliane

2018 4166 2394 4235 episcoporum
2452 4166 2641 4219 audire
2699 4165 2899 4224 mavis.
2961 4181 3027 4217 an
3079 4180 3243 4217 numn
3304 4164 3605 4228 hominem,

2019 4270 2252 4324 eumque
2310 4256 2582 4325 impium?
2619 4256 2720 4310 Sex
2772 4256 2936 4308 millia
2992 4266 3171 4309 autem
3222 4270 3316 4310 eos
3368 4255 3605 4321 aiebam,

2021 4347 2239 4414 quisnb
2285 4348 2823 4416 metropolitanorum
2874 4348 3342 4402 sanetissimorum
3395 4349 3603 4417 episco-

2020 4455 2209 4507 porum
2274 4450 2538 4509 potestate
2588 4441 2809 4511 degunt.
2868 4440 3019 4511 (llaec
3071 4450 3249 4492 antem
3305 4442 3487 4492 omnia
3538 4454 3603 4492 eo
3644 4424 3657 4441 ‘

340 4532 584 4584 σκόπων.
634 4533 806 4586 Τοῦτο
831 4530 926 4586 οὖν
960 4535 1197 4603 ἐγένετο,
1231 4535 1322 4587 ἵνα
1355 4535 1603 4606 πεμφθῇ,
1630 4536 1724 4589 καὶ
1752 4536 1918 4589 ἔλθω»

2024 4532 2360 4600 spectabant,
2418 4542 2476 4586 ut
2527 4543 2940 4585 accerserentur
2986 4541 3040 4586 et
3090 4532 3355 4593 venirent,
3410 4531 3498 4598 qui
3538 4545 3601 4583 ea

342 4641 427 4676 σιν
476 4626 526 4678 οί
571 4626 883 4695 ἐρχόμενοι,
918 4628 968 4679 οἱ
1001 4628 1097 4680 καὶ
1136 4627 1204 4680 τὰ
1239 4630 1601 4697 πεπραγμένα
1639 4629 1919 4692 ποιοῦντες

340 4716 552 4787 φανερά
590 4718 946 4788 καταστῆναι.
991 4719 1150 4788 Λέγω
1184 4719 1268 4791 δὴ,
1311 4721 1357 4773 οἱ
1389 4720 1677 4787 ἁγιώτατοι
1702 4722 1919 4775 ἐπίσκο-

340 4826 453 4874 ποι,
503 4811 551 4861 οἰ
595 4808 690 4861 νῦν
731 4810 1018 4880 ἐρχόμενοι
1051 4812 1202 4881 παρὰ
1226 4812 1326 4881 τῆς
1346 4812 1511 4877 ἁγίας
1537 4812 1776 4866 συνόδου.
1809 4813 1920 4866 Kal

340 4894 494 4952 εἷπον
525 4901 589 4963 ¹⁶,
610 4901 692 4954 ὅτι
723 4901 917 4964 Καλῶς
952 4903 1245 4973 ἐζήτησας.
1276 4905 1386 4958 Kal
1425 4901 1586 4956 πάλιν
1612 4904 1917 4974 προσέθηκε

347 4991 501 5061 ῥῆμα
530 4992 607 5056 ἓν,
634 4995 729 5047 καὶ
764 4991 918 5048 εἶπεν
952 5013 965 5026 ⁸
1004 4995 1244 5067 Εὑχεσθε
1275 4997 1416 5069 ὑπὲρ
1440 4997 1573 5068 ἐμοῦ
1608 5014 1623 5028 ’
1656 4999 1749 5051 καὶ
1780 4993 1915 5062 οἶδα,

343 5084 428 5136 ὅτι
454 5085 483 5136 ὁ
514 5083 763 5152 βασιλεὺς
787 5088 1183 5161 ἐξηκολούθησε
1217 5091 1418 5161 μᾶλλον
1445 5090 1525 5161 τῷ
1551 5091 1693 5161 Θεῷ,
1726 5092 1819 5145 καὶ
1848 5095 1914 5163 τῇ

344 5173 478 5244 ἁγίᾳ
510 5174 733 5244 συνόδῳ,
762 5178 859 5229 καὶ
884 5178 1067 5232 οὐκέτι
1091 5183 1208 5243 τοῖς
1232 5181 1688 5253 διεστραμμένοις
1715 5182 1919 5253 ἀνθρώ·

344 5283 489 5327 ποις.
515 5263 754 5335 Εὑχεσθε
778 5262 868 5321 οὗν
885 5269 1026 5340 ὑπὲρ
1046 5272 1139 5325 τοῦ
1162 5273 1447 5342 βασιλέως,
1465 5274 1559 5327 καὶ
1578 5273 1718 5346 ὑπὲρ
1736 5272 1912 5345 ἡμῶν.

421 5355 485 5411 '0
516 5357 647 5421 λαὸς
678 5361 706 5412 ὁ
739 5358 782 5389 ¹⁷
818 5361 876 5411 ἐν
904 5362 1478 5418 Κωνσταντινουπόλει
1517 5366 1617 5435 μιᾷ
1652 5364 1746 5435 βοῇ
1778 5365 1916 5418 πάν-

342 5469 471 5504 των’
512 5452 785 5521 Ἀνάθεμα
807 5453 1112 5525 Νεστορίῳῑ

2027 4637 2144 4691 quae
2198 4621 2337 4677 facta
2390 4632 2535 4685 sunt,
2584 4624 2973 4690 patefacerent.
3037 4620 3254 4689 Loquor
3304 4631 3481 4674 autem
3535 4622 3602 4673 de

2026 4711 2384 4765 Sanctissimis
2443 4712 2732 4780 episcOpis,
2782 4727 2918 4781 quos
2967 4723 3155 4766 sancta
3205 4711 3443 4781 synodus
3499 4712 3601 4763 huc

2027 4802 2362 4873 destinavit.)
2423 4801 2491 4857 Ει
2520 4803 2841 4872 respondit:
2892 4803 3061 4857 llecte
3086 4802 3404 4872 quaesivisti.
3461 4801 3600 4854 Rur-

2024 4907 2252 4962 sumque
2282 4894 2476 4962 adjecit
2501 4895 2721 4948 verbum
2767 4909 2956 4956 unum,
2993 4903 3046 4948 et
3075 4893 3246 4946 dixit:
3297 4891 3599 4945 Precemim

2025 5000 2123 5054 pro
2151 5001 2235 5040 me
2266 5004 2279 5040 :
2331 4996 2385 5040 et
2415 4996 2564 5040 certo
2600 4986 2741 5039 novi.
2765 4987 3147 5055 imperatorem
3182 4986 3290 5039 Deo
3315 4995 3369 5037 et
3400 4995 3599 5037 sanctae

2026 5080 2235 5150 synodo
2284 5080 2602 5133 obsecutum
2645 5080 2824 5147 potius
2875 5094 3036 5146 quam
3069 5076 3337 5145 perversis
3367 5077 3598 5130 homini.

2026 5174 2148 5227 bus.
2181 5172 2345 5227 Orate
2379 5174 2541 5243 igitur
2574 5187 2672 5241 pro
2699 5172 3043 5240 imperatore,
3080 5180 3133 5224 et
3161 5184 3257 5238 pro
3289 5170 3463 5222 nobis.

2088 5264 2329 5333 Papulus
2393 5262 3030 5330 Cortstaulinopolitamts
3100 5276 3204 5315 una
3255 5261 3410 5315 simul
3471 5274 3599 5314 voce

2022 5356 2348 5410 exclamavit
2374 5370 2391 5409 :
2421 5356 2724 5410 Anathema
2754 5353 3033 5409 Nestoriol

417 5589 458 5677 ξ·
483 5591 799 5677 Ξπίσκοπος.
828 5592 1086 5677 mendose
1117 5594 1375 5677 .ompiuo,
1405 5611 1506 5649 nec
1541 5595 1592 5649 in
1620 5612 1722 5651 ms.
1762 5596 1919 5649 habet

2076 5596 2169 5628 "’°
2198 5596 2425 5677 πλείρης
2441 5596 2561 5649 οὑκ.
2638 5596 2678 5625 ¹¹
2710 5592 3063 5677 προέπεμψα.
3141 5594 3183 5623 ¹’
3211 5591 3598 5660 ἐπαιρόμενος.

347 5660 390 5690 ¹³
415 5660 915 5730 ἀνθρωπαρέσκων.

626 5990 893 6052 Parma.
947 5992 1061 6051 Gn.
1099 5991 1377 6053 LXXXV.

1007 5663 1049 5692 "
1079 5663 1381 5718 εὑσέὗειαν.
1461 5667 1503 5697 ’⁸
1535 5668 1661 5729 τοὺς
1693 5667 1749 5720 δὲ
1797 5666 2213 5736 ἑξακισχιλίους.
2292 5668 2334 5699 ⁸⁸
2365 5664 2536 5719 εἶπεν.
2616 5668 2657 5697 ’⁷
2688 5663 2845 5736 ὁμοῦ.
