4164 6560
532 484 663 547 1807
1160 476 1574 542 lAPPENDIX
1611 478 1711 537 ΛἹ)
1752 473 1924 539 δὶΈΟ.
1967 480 2033 539 ν.
2070 506 2092 513 -

2197 476 2633 539 ῗΒΑὓΜΕΝΤΛ
2674 476 3107 543 HISTORICA.
3652 484 3791 548 1803

529 609 635 646 non
701 598 807 644 tam
868 598 925 643 ut
984 602 1115 644 mete
1166 589 1543 659 rusticationis
1594 587 1800 642 fructus
1855 586 2054 655 aliquis
2109 596 2307 659 exstet,
2360 603 2521 657 qttam
2582 588 2708 657 quia
2746 591 2986 658 reliquiae
3043 592 3125 645 ba:
3161 591 3373 659 (utpote
3419 591 3651 647 hominis
3683 594 3790 649 sub

526 661 860 723 Justiniano,
887 668 947 713 ut
986 660 1119 723 dixi,
1151 661 1462 723 scribentis,
1496 657 1724 725 ideoque
1755 658 2030 728 praedictis
2058 658 2684 728 omnibusantiquioris)
2707 662 2810 715 sub
2836 657 2939 715 illis
2970 657 3271 716 Homerica:
3304 662 3468 716 vestis
3496 663 3793 719 involucris

532 731 905 797 relinquenda:
940 744 1046 783 non
1078 737 1257 785 erant.
1286 729 1499 801 lmert
1539 744 1711 801 meam
1750 726 2259 801 interpretationem
2303 726 2571 801 Latinam
2598 729 2991 798 adjungendam
3039 746 3162 786 esse
3192 733 3392 799 putavi.
3437 730 3698 801 Namque,
3727 746 3794 787 ut;

529 802 726 868 legenti
770 802 1067 862 constabit,
1109 812 1163 854 et
1207 801 1330 853 novi
1386 798 1589 867 aliquid
1616 801 1926 868 continent,
1967 808 2022 852 et
2068 798 2123 868 in
2171 797 2291 851 aliis
2335 798 2618 868 historicis
2637 797 2895 868 quaedam
2941 797 3252 865 emendant,
3290 812 3343 855 et
3404 797 3605 857 fontem
3646 797 3791 857 unde.

532 867 682 924 inulti
722 872 1025 925 hauserunt
1054 872 1451 923 demonstrant.
1486 868 1616 941 Quis
1636 867 2147 941 G_argili_i_Martialis
2165 869 2580 941 quaternionem
2604 867 3014 937 Neapolitanum
3040 887 3145 925 non
3178 874 3441 926 edendum
3467 874 3784 941 judicasset,

529 952 817 1009 propterea
856 942 997 1012 quod
1033 944 1108 993 rei
1153 941 1368 1012 rusticae
1413 940 1646 1012 scriptor
1674 936 1943 1012 Palladius
1986 936 2274 1012 nonnullos
2311 952 2379 991 ex
2412 952 2481 1012 eo
2529 936 3185 1012 locosjsibisurripnerat
3215 941 3240 994 ἲ
3273 936 3547 1009 ὃμεοὶοὶω
3570 958 3791 1012 quoque

529 1006 809 1078 Scriptura:
854 1010 1088 1077 dignitas
1153 1026 1237 1062 tne
1281 1006 1603 1073 delectabat,
1638 1025 1757 1077 qum
1792 1009 1881 1061 vix
1931 1022 2046 1078 uno,
2081 1006 2279 1060 smculo
2326 1024 2355 1061 a
2404 1007 2722 1075 Justiniani,
2777 1010 2829 1063 id
2878 1020 2963 1064 est
2994 1006 3060 1065 ab
3098 1006 3341 1065 auctoris
3373 1022 3552 1077 :etate,
3589 1006 3791 1067 alie-sse

527 1077 764 1145 videtur,
788 1081 902 1150 lnisi
930 1080 1067 1133 forte
1100 1089 1154 1131 et
1187 1081 1495 1150 synchrona
1525 1081 1791 1133 credenda
1817 1086 1921 1132 est.
1948 1077 2118 1150 Hujus
2138 1078 2445 1150 specimen,
2482 1092 2739 1150 quantum
2774 1096 2879 1133 una
2912 1083 3103 1149 pagina
3137 1082 3338 1135 codicis
3382 1082 3792 1143 continebatur,

528 1142 1066 1204 mnissa'Hotnerit-a
1122 1142 1291 1212 vesie,
1348 1150 1650 1203 cudendnm
1708 1164 1815 1202 aere
1874 1142 2079 1209 curavi,
2119 1142 2446 1202 delineatutn
2499 1142 2925 1206 all'abreameté
2975 1142 3341 1206 rusticationis
3387 1155 3582 1206 comite
3624 1142 3797 1208 Petro

528 1221 825 1289 Matranga,
859 1220 975 1273 viro
1008 1219 1193 1273 Graeca
1226 1235 1331 1272 non
1368 1221 1548 1272 minus
1579 1218 1747 1285 stirpe
1774 1232 1935 1289 quam
1964 1217 2227 1271 doctrinis
2257 1218 2498 1273 cluente.

604 1288 1029 1358 Exspectabam,
1064 1290 1247 1353 credo,
1272 1290 1528 1349 lectores,
1564 1299 1621 1341 ut
1652 1288 2297 1360 borumjfragmentorum
2348 1300 2644 1355 auctorem,
2675 1289 2720 1343 si
2775 1289 2890 1345 ﬁeri
2926 1292 3116 1360 possit,
3148 1292 3374 1347 revelem
3402 1308 3416 1354 ;
3446 1293 3529 1346 sin
3574 1291 3787 1355 minus,

528 1375 675 1415 meas
716 1355 903 1431 saltem
949 1360 1292 1427 conjecturas
1341 1361 1392 1411 in
1449 1360 1683 1431 medium
1728 1355 2045 1431 proferam._
2085 1355 2486 1431 Sane_quina_m
2534 1355 2999 1431 Graci__ltistorici
3052 1355 3193 1415 circa
3226 1373 3466 1431 tempora
3494 1360 3796 1416 Iustiniani.-

530 1433 705 1493 tnagui
738 1425 1443 1495 ﬂoruerint,'dcmonStraut
1470 1428 1581 1483 l'ere
1613 1425 1789 1482 Pbotii
1829 1428 2188 1499 Bibliotheca,
2219 1425 2682 1491 SuidmLexicon,
2716 1429 3051 1499 Nirephorns
3081 1425 3349 1486 Callistus
3378 1435 3469 1488 lib.
3504 1448 3542 1494 t,
3577 1432 3792 1499 σαρκί,

526 1512 578 1555 et
612 1501 1029 1570 Byzantinorum
1069 1499 1451 1570 historicorum
1491 1499 1757 1570 collectio
1799 1498 1849 1570 in
1892 1514 2005 1570 qua,
2046 1498 2262 1570 nomina
2306 1500 2480 1570 multa
2535 1498 2936 1570 (lepertlitoritttt
2987 1502 3296 1565 laudantur,
3349 1503 3476 1555 item
3530 1498 3797 1557 Labbeus

529 1574 581 1641 in
611 1566 907 1641 Apparatu,
942 1570 1227 1641 llodius_iu
1249 1568 1664 1641 ‘Prolegmnenis
1695 1568 1763 1641 ad
1792 1567 1879 1621 Jo.
1908 1566 2437 1641 Ma_lalatn,__Vossius
2471 1569 2523 1641 in
2558 1566 2699 1624 Hist.
2733 1566 2854 1634 Gr.,
2886 1572 3119 1641 denique
3154 1588 3380 1641 magnus
3410 1572 3687 1626 Fabricius
3730 1574 3795 1628 in

527 1637 712 1695 Graeca
741 1640 1094 1693 Bibliotheca.
1119 1638 1379 1708 Equidem
1409 1640 1728 1706 suspicabar
1753 1639 1807 1692 itt
1836 1639 2129 1710 primis__de
2149 1637 2444 1710 Theodoro
2480 1640 2708 1705 lectore,
2744 1641 2896 1703 cujus
2924 1637 3149 1696 historia
3190 1637 3286 1710 pe'r
3319 1658 3518 1708 annos,
3551 1656 3797 1704 menses,

528 1722 584 1764 et
627 1711 969 1769 indictiones,
1018 1719 1077 1762 ut
1137 1706 1194 1761 lit
1252 1711 1304 1762 in
1365 1719 1569 1773 nostro,
1612 1709 1983 1777 digerebatur.
2030 1706 2330 1761 Veniebant
2355 1711 2518 1762 etiam
2570 1711 2622 1763 in
2682 1724 2916 1764 mentem
2965 1706 3261 1765 Zacharias
3311 1706 3689 1773 scholsSticus,
3729 1722 3800 1766 et.

524 1781 718 1834 Petrus
768 1782 1073 1849 patricius;
1113 1779 1206 1833 sed
1242 1780 1377 1832 duos
1414 1780 1621 1847 priores
1670 1779 1960 1837 malebam,
2020 1787 2207 1849 utpote
2258 1779 2663 1833 ecclesiasticos
2708 1797 2721 1831 :
2779 1780 2893 1833 brec
2930 1781 3074 1833 enim
3124 1782 3430 1835 Tusculana
3482 1782 3796 1848 fragments.

524 1847 801 1904 auctorem
829 1850 1025 1903 laicum
1050 1864 1156 1903 non
1192 1850 1443 1903 videntur
1468 1849 1691 1901 habere.
1721 1850 1861 1914 Quid
1882 1847 2167 1920 jam‘alios
2189 1850 2483 1912 nominem,
2519 1859 2613 1903 aut
2640 1849 2845 1920 diutius
2877 1850 3155 1920 harioler?
3183 1852 3484 1920 praesertim
3515 1847 3637 1905 cum
3668 1851 3795 1905 base

524 1921 806 1988 inquisitio
830 1919 990 1992 paulo
1022 1921 1307 1992 operosior
1330 1922 1443 1992 sit,“
1455 1933 1617 1992 quam
1651 1921 1753 1971 mei
1791 1917 2241 1992 temporisotiive
2270 1918 2960 1992 ratiopostnlare'videtur.
2989 1917 3196 1975 Totum'
3217 1921 3379 1992 igitur
3404 1921 3505 1977 hoc
3519 1921 3791 1990 judicium

523 1987 678 2044 caute
708 1987 1010 2059 supprime,
1043 1987 1125 2044 Vel
1162 1999 1309 2044 certe
1344 1987 1557 2053 dill‘ero,
1598 1990 1650 2042 in
1684 2004 1793 2057 quo
1823 2003 1909 2043 me
1933 1989 2001 2042 ab
2026 1987 2151 2041 aliis
2176 1987 2701 2056 praverti’lattabor.

1836 2216 2366 2277 FRAGMENTUM
2410 2215 2457 2274 Ι.

2968 2173 2990 2199 tl

591 2365 688 2420 His
713 2365 973 2436 prodigiis
997 2363 1214 2420 Juliano
1242 2364 1340 2435 ipsi
1400 2366 1643 2434 Augusto
1676 2364 1879 2431 relatis,
1913 2364 2092 2434 templi

2276 2366 2428 2438 [Cod.
2459 2366 2550 2421 l'ol.
2578 2366 2646 2422 69
2675 2364 2755 2438 3.]
2782 2364 2893 2420 Καὶ
2919 2363 3269 2436 ἀνηχθέντων
3295 2360 3505 2416 τούτων
3524 2357 3601 2429 τῷ
3628 2358 3797 2429 αὑτῷ

519 2460 802 2514 aediﬁcatio
830 2460 1081 2514 cessavit.

579 2640 723 2695 idem
749 2653 879 2693 vero
904 2637 1153 2694 Julianus
1178 2640 1451 2710 Augustus
1475 2644 1819 2712 expeditione
1841 2658 2093 2718 suscepta

520 2731 782 2785 adversus
807 2728 1223 2797 Saporarsacem
1269 2731 1557 2786 Persarum
1620 2749 1823 2803 regem,
1867 2740 2097 2793 contulit

520 2841 579 2881 se
612 2824 966 2892 Hierapolim,
1001 2824 1181 2878 missis
1217 2824 1309 2891 qui
1338 2825 1479 2893 apud
1508 2825 1695 2879 urbem
1724 2824 2098 2895 Ettphratcsie

521 2917 804 2969 Samosata
862 2928 1028 2968 naves
1076 2924 1334 2985 pararent
1382 2916 1581 2983 partim
1641 2916 1847 2989 ligneas
1900 2922 2095 2989 partim

518 3008 815 3072 pelliceas,
876 3006 1031 3061 sicuti
1138 3007 1592 3077 chronographus
1666 3011 2097 3078 sapientissimus

520 3099 751 3169 Magnus
842 3096 1130 3153 Carrensis
1211 3096 1473 3167 seri-ptum
1548 3100 1788 3169 reliquit,
1861 3104 1951 3172 qui
2016 3106 2098 3173 ip-

520 3197 635 3247 sius
696 3191 922 3261 Augusti
983 3188 1182 3243 Juliaui
1250 3190 1301 3243 iu
1373 3191 1631 3244 comitatu
1694 3200 1831 3247 erat.
1897 3195 2098 3250 Deinde

518 3285 885 3355 proﬁciscens
943 3282 1239 3350 Hierapoli,
1275 3285 1421 3336 venit
1444 3283 1511 3337 ad
1548 3285 1734 3338 urbem
1762 3284 1981 3341 Carras.
2021 3287 2095 3343 lbi

512 3388 700 3430 autem
739 3378 856 3428 dua:
906 3389 963 3428 se
991 3374 1306 3428 obtulerunt
1334 3376 1456 3441 viae,
1483 3391 1587 3428 una
1621 3377 1825 3433 ducens
1864 3379 2095 3447 Nisibin,

520 3484 642 3537 qua:
678 3477 802 3521 tunc
846 3476 965 3519 erat
993 3465 1252 3519 Romana:
1300 3466 1525 3521 ditionis
1560 3467 1775 3535 civitas,
1824 3470 1993 3525 altera
2028 3473 2095 3526 ad

526 3560 828 3615 lietnanunt
859 3568 1118 3625 castrum,
1153 3560 1236 3613 cui
1259 3574 1453 3613 nomen
1479 3559 1788 3626 Circisium,
1822 3562 1962 3615 intra
1993 3564 2097 3617 duo

520 3656 746 3708 llumiua
792 3654 985 3712 situm,
1030 3650 1359 3719 Euphratem
1408 3659 1571 3721 atque
1618 3651 1912 3715 Abboram,
1954 3653 2095 3722 quod

523 3745 894 3799 Diocletianus
918 3743 1290 3796 Romanorum
1321 3742 1621 3811 imperator
1678 3744 1969 3798 exstruxit.
2018 3743 2094 3798 lbi

524 3838 770 3891 exercitu
792 3853 894 3891 suo
912 3840 962 3889 iu
987 3836 1119 3889 duas
1146 3846 1326 3903 partes
1343 3833 1535 3899 diviso,
1560 3831 1803 3889 Julianus
1823 3837 2095 3907 Augustus

524 3931 674 3986 misit
696 3930 922 3985 Nisibim
974 3943 1161 3983 versus
1196 3929 1375 3997 gravis
1404 3936 1697 3983 armatura:
1742 3929 1941 3984 milites
1967 3946 2093 3985 sex-

524 4026 696 4078 decim
724 4024 887 4088 mille,
920 4038 1041 4077 cum
1068 4023 1277 4076 duobus
1298 4021 1524 4075 ducibus
1550 4020 1871 4076 Sebastiano
1892 4020 2094 4076 etPro-

524 4117 706 4185 c0pio.
744 4117 991 4171 Perrexit
1019 4124 1196 4169 autem
1237 4115 1303 4167 ad
1348 4113 1636 4168 Circisium
1682 4123 1921 4168 castrum
1980 4115 2093 4184 ipse

522 4208 796 4272 Julianus,
830 4207 1013 4274 ibique
1064 4207 1290 4269 relictis,
1329 4215 1595 4275 quotquot
1650 4208 1874 4275 reperit,
1905 4209 2096 4261 statio-

525 4300 696 4351 nariis
725 4314 818 4353 sex
871 4301 1038 4363 mille,
1065 4300 1294 4366 adjectis
1317 4298 1439 4351 aliis
1480 4314 1693 4368 quoque
1708 4303 1893 4368 gravis
1918 4316 2095 4353 arma-

524 4402 657 4443 tura:
679 4389 960 4454 militibus,
985 4405 1105 4442 cum
1122 4390 1333 4443 duobus
1352 4389 1577 4442 ducibtts
1596 4391 1796 4443 Acnteo
1812 4400 1865 4443 et
1883 4390 2093 4457 Mauro,

432 4470 436 4476 “
520 4482 779 4536 discessit
806 4483 949 4546 inde,
995 4482 1374 4548 Abboramque
1412 4480 1612 4536 ﬂumen
1666 4492 1827 4550 ponte
1853 4482 2091 4550 trajecit,

518 4572 817 4639 praemissis
859 4586 955 4637 per
997 4567 1323 4639 Euphratem
1375 4570 1623 4634 navibus,
1689 4585 1918 4639 quarum
1975 4581 2094 4625 erat

520 4678 781 4718 numerus
833 4662 979 4718 mille
1048 4672 1103 4716 et
1158 4664 1404 4717 ducenta:
1466 4664 1884 4734 quinquagena}.
1954 4662 2089 4718 Tum

512 4755 761 4810 exercitu
845 4770 945 4810 suo
1036 4756 1483 4825 adjconcionem
1561 4766 1791 4825 avocato,
1888 4755 2092 4812 habens

588 4914 607 4943 ¹
650 4912 872 4965 Malalas
902 4910 996 4962 καὶ
1020 4907 1243 4963 κατιών.

516 4983 699 5047 legere
730 4984 782 5034 in
812 4982 997 5034 codice
1045 4977 1244 5043 ποδὼν,
1295 4982 1436 5047 quod
1472 4980 1741 5032 interdum
1790 4980 1895 5032 dici
1930 4994 2026 5048 pro
2058 4980 2212 5031 remis
2245 4977 2467 5034 scimus.

517 5052 539 5083 ‘
562 5050 687 5103 Mat.
718 5051 817 5103 τὴν
851 5049 1067 5103 Νίσιϐιν
1094 5050 1185 5103 hic
1208 5060 1263 5103 et
1299 5049 1457 5101 infra.
1535 5051 1553 5080 "
1592 5048 1715 5101 Mal.
1755 5048 1909 5102 ποτέ.
2022 5048 2043 5079 ⁸
2068 5047 2191 5103 Mal.
2229 5049 2464 5103 Ἀϐὅοοᾶ

2123 5066 2191 5103 at.
2234 5066 2483 5121 'Aooopa.

517 5052 539 5083 ‘
562 5050 687 5105 Mat.
718 5051 817 5120 τὴν
851 5049 1067 5103 Νίσιϐιν
1094 5050 1185 5103 hic
1208 5060 1263 5103 et
1299 5049 1457 5120 inl_r_a.
1535 5051 1553 5080 "
1592 5048 1715 5101 Mal.
1755 5048 1909 5102 ποτέ.

518 5117 807 5175 Ammiano
836 5120 932 5173 lib.
970 5135 1102 5183 xxv,
1135 5121 1187 5183 l,
1220 5130 1303 5173 est
1354 5117 1735 5172 Machamwus.

586 5279 670 5351 (l)
695 5277 1042 5351 Perspicuum
1068 5287 1184 5351 est,
1222 5290 1526 5351 sermonem
1577 5275 1665 5351 hic
1713 5289 1841 5351 esse
1866 5273 1934 5328 de
1964 5290 2090 5351 pro-

516 5344 698 5421 dig'iis,
732 5344 855 5420 quas
890 5349 1016 5421 dum
1062 5347 1261 5401 .lnliaui
1288 5349 1440 5414 jussu
1475 5347 1742 5421 templum-
1779 5344 2092 5421 Hierosolyf

518 5416 782 5475 mitanuiit
827 5420 1211 5479 aediﬁcaretur,
1245 5426 1581 5482 evenerunt;
1634 5416 1831 5484 quibus
1861 5417 2089 5484 principi

1321 4912 1341 4940 ²
1384 4907 1476 4963 Sic
1502 4916 1606 4971 est,
1634 4924 1741 4963 non
1774 4907 1954 4971 πόλει,
1986 4917 2090 4961 tam
2126 4908 2178 4962 in
2210 4908 2584 4979 palimpsesto,
2614 4925 2774 4977 quam
2807 4914 2946 4978 apud
2977 4911 3251 4967 Malalam.

2201 2456 2414 2526 βασιλεί
2460 2456 2760 2526 Ἰουλιανῷ,
2797 2455 3105 2511 ἐπαύσαντο
3152 2452 3248 2509 τοῦ
3292 2449 3645 2507 ἐπιϐαλέσθαι
3681 2450 3785 2503 τοῦ

2199 2550 2384 2602 κτίσαι
2409 2550 2501 2603 τὸν
2532 2551 2659 2604 ναόν
2689 2549 2789 2619 (1).

2272 2642 2489 2695 Κατιὼν
2522 2642 2577 2696 δὲ
2602 2645 2616 2674 ¹
2648 2643 2677 2694 6
2704 2641 2868 2705 αὐτὸς
2898 2641 3154 2712 βασιλεὺς
3194 2640 3481 2705 Ἰουλιανὸς
3508 2642 3651 2695 κατὰ
3677 2641 3785 2695 Σα-

2202 2736 2588 2807 ϐουραρσάκου
2631 2734 2899 2804 βασιλέως
2934 2734 3185 2806 Περσῶν,
3209 2734 3556 2804 κατέφθασεν
3593 2735 3652 2787 ὲν
3685 2734 3784 2787 ’ἰεδ

2204 2826 2460 2897 ραπὸλει·
2490 2827 2585 2878 καὶ
2618 2826 2841 2896 πέμψας
2866 2824 3276 2878 κατεσκεύασεν
3309 2824 3468 2877 πλοῖα
3500 2824 3558 2875 ὲν
3580 2824 3784 2892 Σαμο-

2202 2917 2407 2981 σάτοις,
2464 2917 2673 2980 πόλεως
2702 2919 2722 2947 ⁸
2753 2916 2853 2984 τῆς
2884 2915 3300 2987 Εὑφρατησίας,
3338 2914 3409 2967 τὰ
3445 2916 3545 2985 μὲν
3574 2913 3664 2966 διὰ
3691 2911 3788 2976 ξύ-

2200 3005 2306 3059 λων
2334 3007 2375 3069 ³,
2406 3007 2473 3059 τὰ
2498 3006 2554 3059 δὲ
2586 3006 2674 3059 διὰ
2709 3004 2947 3076 βυρσῶν,
2992 3004 3067 3067 ὡς
3090 3005 3120 3056 ὁ
3148 3003 3462 3072 σοφώτατος
3501 3002 3723 3070 Μάγνος
3753 3005 3787 3053 ὁ

2201 3099 2576 3171 χρονογράφος
2596 3100 2625 3150 6
2656 3099 2911 3169 Καρηνδς
2942 3099 2971 3150 6
3003 3098 3178 3150 συνὼν
3209 3095 3358 3165 αὐτῷ
3401 3094 3613 3165 βασιλεῖ
3647 3094 3789 3145 ἰου-

2199 3191 2370 3263 λιανῷ
2413 3191 2809 3261 συνεγράψατο.
2872 3190 3006 3243 Ἀπὸ
3053 3190 3111 3243 δὲ
3152 3188 3509 3259 Ἰεραπὸλεως
3551 3184 3789 3250 ἐξελθὼν

2200 3282 2366 3356 ἦλθεν
2392 3285 2451 3337 ὲν
2477 3284 2690 3354 Κάραις
2718 3285 2782 3355 τῇ
2815 3282 2968 3335 πόλει
2990 3299 3003 3312 ·
3040 3281 3297 3336 κάκεῖθεν
3316 3281 3362 3333 δ’
3388 3281 3409 3312 ⁸
3437 3274 3599 3351 εὗρεν
3628 3281 3789 3344 ὁδοὺς

2200 3375 2293 3429 δύο
2323 3377 2367 3441 ⁸,
2404 3376 2533 3445 μίαν
2564 3376 2885 3442 ἀπάγουσαν
2918 3375 2997 3436 εἰς
3022 3374 3083 3426 τὸ
3126 3371 3402 3436 Νιτζίειος
3429 3372 3449 3402 ⁸
3482 3371 3636 3425 πόλιν
3690 3372 3784 3425 οὗ·

2202 3484 2300 3519 σαν
2328 3467 2447 3520 τότε
2481 3467 2501 3500 ’
2546 3466 2859 3537 Ῥωμαίων,
2904 3465 2999 3518 καὶ
3027 3463 3194 3533 ἄλλην
3228 3465 3322 3516 ἐπὶ
3364 3464 3427 3515 τὸ
3468 3464 3789 3534 Ῥωμαϊκὴν

2199 3561 2435 3630 κὰστρον
2466 3559 2801 3629 καλούμενον
2847 3557 3159 3629 Κιρκίσιον,
3204 3556 3459 3626 κείμενον
3493 3558 3571 3619 al;
3596 3560 3655 3607 τὸ
3684 3556 3787 3624 μέ-

2201 3669 2291 3703 σον
2323 3652 2430 3704 τῶν
2480 3650 2573 3704 δύο
2620 3650 2882 3721 ποταμῶν
2912 3650 3006 3702 τοῦ
3050 3649 3339 3719 Εὐφράτου
3379 3649 3475 3701 καὶ
3519 3648 3614 3702 τοῦ
3655 3648 3787 3700 Ἀσι

2128 3724 2170 3781 Β
2198 3744 2353 3815 δῶρα
2382 3744 2425 3808 ⁸,
2450 3744 2588 3813 ὅπερ
2619 3742 2833 3795 ἔκτισεν
2858 3740 3243 3812 Διοκλητιανδς
3266 3743 3294 3792 6
3318 3743 3337 3773 ’
3366 3740 3620 3811 βασιλεὺς
3656 3743 3793 3795 Ῥω-

2201 3835 2396 3905 μαίων.
2428 3834 2548 3899 ⁴Καὶ.
2599 3835 2829 3904 μερίσας
2883 3833 2976 3886 τὸν
3044 3833 3275 3903 στρατὸν
3328 3833 3492 3887 αὑτοῦ
3542 3836 3570 3887 6
3623 3836 3785 3890 αὐτὸ.

2199 3927 2478 3997 βασιλεὺς,
2526 3926 2735 3995 πέμπει
2772 3926 2868 3978 ἐπὶ
2902 3926 2964 3979 τὸ
3006 3925 3287 3990 Νιτζίσιος
3334 3926 3790 3997 ὀπ).ίτα;ἄνδρας

2199 4020 2427 4090 μυρίους
2448 4020 2870 4089 ἑξακισχιλίους,
2912 4018 3051 4089 μετὰ
3084 4019 3177 4073 δύο
3205 4019 3453 4090 ἐξάρχων
3486 4020 3788 4072 Σεϐαστιαο

2195 4111 2289 4163 νοῦ
2339 4115 2435 4165 καὶ
2480 4112 2810 4183 Προκοπίου.
2846 4112 2959 4165 Καὶ
3006 4113 3350 4180 κατέψθασεν
3377 4115 3405 4166 6
3441 4113 3603 4177 αὐτὸς
3639 4114 3783 4165 ἰου-

2201 4203 2381 4265 λιανὸς
2411 4204 2485 4271 (2)
2513 4202 2596 4275 [τὸ
2630 4204 2917 4273 Κιρκίσιον
2961 4205 3230 4275 κάστρον·
3260 4204 3357 4257 καὶ¹
3388 4204 3556 4267 ἐάσας
3590 4206 3684 4257 καὶ
3722 4207 3787 4257 ἐν

2198 4295 2278 4365 τῷ
2313 4295 2586 4366 Κιρκίσιῳ
2614 4296 2839 4366 κὰστρῳ
2871 4297 3031 4359 ὅσους
3063 4290 3221 4367 εὗρεν
3254 4296 3584 4363 ἐγκαθέτους
3615 4312 3786 4368 στρα-

2196 4387 2395 4449 τιώτας
2442 4386 2865 4456 ἑξακισχιλίους,
2910 4388 3200 4461 προσθεὶς]
3253 4390 3437 4452 αὐτοῖς
3465 4393 3558 4442 καὶ
3587 4391 3783 4452 ἄλλους

2197 4479 2424 4541 ὁπλίτας
2473 4477 2671 4547 ἄνδρας
2723 4482 2861 4548 μετὰ
2904 4480 3152 4551 ἐξάρχων
3200 4481 3293 4533 δύο
3343 4480 3403 4550 μ’.
3440 4479 3507 4535 69
3547 4479 3602 4549 li]
3651 4481 3779 4533 Ἀκ-

2201 4573 2333 4642 μέου
2367 4573 2409 4603 ¹⁰
2441 4574 2537 4626 καὶ
2565 4573 2794 4643 Μαύρου
2827 4577 2927 4645 (5),
2977 4576 3203 4645 ἐξῆλθεν
3252 4577 3483 4639 ἐκεῖθεν,
3515 4578 3610 4629 καὶ
3637 4592 3781 4647 παρ-

2197 4664 2363 4733 ῆλθεν
2417 4664 2515 4716 τὸν
2575 4664 2859 4736 ’Λϐὂώραν
2912 4669 3155 4737 ποταμὸν
3202 4668 3293 4721 διὰ
3342 4671 3443 4739 τῆς
3491 4669 3779 4739 γεφύρης,

2200 4756 2309 4809 τῶν
2338 4756 2543 4810 πλοίων
2575 4758 2898 4827 φθασάντων
2924 4763 3003 4824 εἰς
3033 4762 3123 4814 τὸν
3162 4760 3454 4832 Εὐφράτην
3499 4762 3742 4832 ποταμόν
3762 4786 3775 4797 ·

3328 4914 3349 4944 ³
3377 4913 3507 4968 Mihi
3551 4917 3779 4973 videbar

3127 4987 3147 5015 ⁸
3175 4984 3391 5036 Malalas
3418 4986 3512 5037 δύο
3533 4987 3706 5050 ὁδούς.

3195 5054 3241 5084 ¹⁰
3273 5055 3401 5112 Mal.
3445 5058 3778 5127 Ἀκκαμέου.

2567 4981 2588 5011 ⁸
2624 4983 2781 5034 Deest
2816 4983 2866 5034 in
2907 4983 3030 5036 Mal.

2572 5052 2591 5083 ⁹
2624 5050 2781 5105 Deest
2801 5056 2939 5120 apud
2976 5053 3103 5107 Mal.

2202 5278 2253 5330 in
2282 5278 2502 5350 τιναξνίοΑ
2532 5294 2780 5333 sermone
2816 5282 3024 5346 monui,
3079 5299 3268 5350 parum
3306 5284 3593 5338 laudabilis
3645 5302 3778 5338 con-

2201 5352 2433 5423 suetudo
2483 5348 2703 5423 l'ttit,_tit
2743 5368 2772 5403 a
2834 5348 3135 5423 minoribus
3181 5356 3492 5423 superiores
3538 5373 3673 5423 pene
3714 5362 3779 5409 ad

2202 5421 2424 5494 verbum
2450 5420 2927 5494 “scriberentur.
2958 5421 3156 5477 Noster
3189 5420 3405 5494 quoque
3452 5420 3607 5479 valde
3660 5430 3779 5479 imi-

517 5492 804 5555 unutiatis,
839 5490 1125 5542 atdilicatio
1153 5490 1238 5541 illa
1280 5488 1536 5542 cessavit.
1586 5484 1703 5538 lam
1751 5500 1875 5555 vero
1932 5502 2097 5554 quum
2191 5498 2339 5541 tatus
2365 5489 2544 5542 fuerat
2572 5488 2850 5543 Zosimum
2879 5493 2973 5545 lib.
3003 5508 3087 5545 ιιι.

518 5564 678 5628 ltnjus
703 5553 1008 5615 rei—nullam
1046 5574 1268 5626 prorsus
1294 5556 1815 5628 meutiouettrl'aciat
1852 5553 2088 5628 Joannes

520 5626 762 5696 Malalas,
793 5632 878 5685 vel
912 5631 1035 5683 hinc
1057 5629 1193 5681 satis
1234 5629 1598 5695 cognoscitur,
1631 5626 1767 5679 hanc
1795 5626 2088 5695 palimpse-

516 5703 585 5755 sti
623 5700 913 5755 Tusculani
973 5698 1267 5751 Historiam
1294 5700 1457 5749 alimu
1488 5708 1682 5765 praeter
1713 5696 1959 5749 Matalam
2000 5699 2087 5749 ba-

517 5774 647 5826 liere
676 5781 971 5825 auctorem.
1010 5770 1161 5833 Quod
1198 5778 1381 5820 autem
1411 5771 1615 5835 reliqua
1646 5784 1767 5835 qua:
1782 5778 2088 5834 sequuntur

518 5847 582 5893 de
628 5841 866 5904 Jullauo,
917 5842 1018 5893 sibi
1077 5838 1297 5892 Malalas
1338 5840 1712 5905 usurpaverit,
1771 5842 1859 5889 cd.
1900 5835 2085 5891 Venet.

516 5922 658 5983 part.
692 5928 751 5979 tt,
788 5926 841 5979 p.
876 5908 996 5975 8-9,
1033 5912 1144 5965 hzcc
1177 5910 1393 5963 demum
1425 5906 1869 5976 Byzantiuorum,
1897 5916 1953 5960 ut
1975 5905 2085 5975 jam

2262 5558 2340 5627 (2)
2373 5558 2664 5612 Decnrtata
2715 5563 3046 5629 palimpsesti
3087 5568 3422 5629 membrana,
3454 5565 3651 5618 desunt
3693 5567 3779 5619 hic

2196 5640 2307 5682 tres
2340 5631 2612 5691 versiculi,
2644 5646 2783 5699 quos
2824 5647 2892 5683 ex
2930 5633 3118 5685 Malala
3176 5639 3460 5687 sumimus.
3512 5637 3776 5688 Danmum

2196 5702 2299 5753 hoc
2354 5709 2671 5766 perpetuum
2729 5701 3079 5770 palimpsesto
3132 5704 3337 5757 illatum
3381 5704 3484 5757 luit
3530 5706 3691 5761 modo
3720 5706 3776 5760 iu

2198 5771 2453 5843 interiore
2476 5773 2760 5840 .margine,
2795 5776 2955 5825 modo
2984 5774 3036 5827 in
3070 5777 3370 5843 superiore.

2263 5841 2339 5910 (3)
2368 5839 2585 5897 Fratres
2612 5839 2771 5897 erant
2807 5843 2885 5907 hi,
2919 5852 3056 5900 teste
3079 5839 3367 5901 Ammiano
3397 5845 3503 5901 loc.
3540 5845 3635 5901 cit.
