4164 6586
358 559 492 625 1809

356 765 624 835 ἀθροίσας
653 766 745 819 τὸν
793 768 923 821 ἴδιον
956 767 1123 821 αὑτοῦ
1167 770 1423 841 στρατὸν,
1471 772 1612 842 ἔχων
1657 772 1779 843 μεθ’
1812 775 1943 827 ἐαυ-

362 858 454 910 τοῦ
502 858 806 912 Ἀνατόλιον
837 858 1157 932 μάγιστρον,
1178 861 1273 914 καὶ
1296 861 1656 916 Σαλλούστιον
1693 864 1733 894 ¹¹
1771 862 1945 936 ἔπαρ-

363 966 454 1017 χον
505 950 890 1020 πραιτωρίων,
958 953 1053 1004 καὶ
1111 954 1239 1017 τοὺς
1304 956 1687 1026 στρατηλάτας
1737 958 1945 1021 αὑτοῦ,

362 1039 604 1093 ἀνελθὼν
641 1043 699 1095 ὲν
725 1040 913 1112 ὑψηλῷ
944 1042 1173 1112 βήματι,
1204 1045 1275 1097 δι’
1299 1047 1494 1099 ἑαυτοῦ
1520 1049 1950 1119 προσεφώνησεν

361 1133 442 1203 τῷ
480 1135 718 1204 στρατῷ,
753 1134 997 1188 ἐπαινῶν
1021 1137 1224 1200 αὑτοὺς
1248 1138 1343 1189 καὶ
1377 1141 1705 1209 προτρέπων
1728 1142 1792 1206 ",
1818 1157 1951 1211 προ-

367 1223 556 1295 θύμως
603 1225 692 1278 καὶ
736 1227 1032 1297 σωφρόνως
1072 1228 1447 1296 ἀγωνίσασθαι
1495 1231 1637 1284 κατὰ
1678 1232 1946 1304 Περσῶνο

366 1316 462 1370 καὶ
491 1316 694 1381 εὐθέως
725 1318 1011 1388 ἐμϐαίνειν
1042 1322 1122 1382 εἰς
1150 1321 1216 1373 τά
1244 1322 1405 1375 πλοῖα
1435 1323 1756 1394 ἐπέτρεψεν,
1781 1325 1952 1378 ἀπελ-

368 1407 477 1459 θὼν
509 1408 551 1439 ¹³
577 1408 672 1461 καὶ
696 1410 860 1473 αὐτὸς
880 1411 907 1461 6
938 1410 1189 1480 βασιλεὺς
1221 1413 1301 1475 είς
1330 1413 1389 1466 τὸ
1421 1414 1780 1484 εὑτρεπισθὲν
1804 1416 1952 1485 αὑτῷ

368 1501 587 1556 πλοῖον·
634 1504 728 1557 καὶ
766 1504 1021 1573 ἡγεῖσθαι
1080 1503 1263 1557 αὑτῶν
1317 1506 1875 1577 προσκο(ιλλ)ἀτορας
1910 1508 1954 1539 ιδ

368 1595 706 1665 προσέταξεν
745 1595 947 1667 ἄνδρας
987 1597 1270 1665 γενναίους
1292 1596 1388 1650 τοῦ
1424 1598 1657 1669 ἀριθμοῦ
1690 1599 1799 1652 τῶν
1824 1599 1955 1667 λαγ-

370 1685 599 1756 κιαρίων
626 1688 722 1739 καὶ
756 1686 1102 1757 ματτιαρίων
1130 1689 1254 1757 ,αφ’,
1282 1689 1549 1753 κελεύσας
1576 1693 1671 1744 καὶ
1694 1691 1760 1744 τά
1792 1693 1953 1759 σίγνα

368 1777 537 1831 αὑτοῦ
567 1778 933 1849 βαστάζεσθαι
955 1779 1219 1852 (-ι),,[καὶ
1246 1782 1336 1834 τὸν
1368 1783 1587 1853 κόμητα
1631 1785 1951 1848 Λουκιανὸν,

369 1872 538 1941 ἄνδρα
592 1870 1042 1940 πολεμικώτατον
1089 1869 1253 1927 εἷναοτ
1281 1875 1379 1927 σὺν
1433 1874 1619 1945 αὑτῷ,
1669 1877 1818 1940 ὅστις
1861 1879 1956 1929 καὶ

369 1961 543 2015 πολλὰ
590 1962 803 2032 κάστρα
845 1963 1088 2034 Περσικά
1131 1962 1194 2036 [Γ.
1231 1965 1300 2018 62
1329 1964 1380 2037 a]
1417 1967 1565 2037 παρὰ
1594 1967 1685 2022 τὸν
1734 1967 1953 2039 Εὐφρά-

1295 569 1519 629 FR‘AG.
1554 570 1605 630 Ι.
1644 570 1957 630 JULIANI
1999 572 2157 632 IMP.
2201 574 2346 633 RES
2382 571 2660 633 GESTAE.

362 668 431 725 ὧν
461 690 621 725 τινων
653 673 852 727 πλοίων
889 675 1137 745 ὑπῆρχεν
1162 674 1191 727 ὁ
1225 675 1465 747 ἀριθμὸς
1497 684 1649 740 ,ασν’.
1679 679 1789 731 Καὶ
1822 696 1951 733 συν·
1981 688 2023 741 Α
2053 697 2236 736 secum

3421 561 3431 571 '
3492 575 3625 639 1310

2337 683 2647 736 Anatolium
2756 683 3076 754 magistrum
3170 695 3251 741 et
3308 686 3625 742 Sallustium

2053 772 2366 842 praefectum
2395 774 2867 841 praetorianorum,
2908 775 3151 845 aliosque
3202 779 3385 840 duces.
3436 781 3503 834 de
3533 797 3628 835 su-

2052 866 2203 921 blimi
2242 873 2490 937 suggestu
2533 882 2627 935 per
2670 882 2729 922 se
2786 869 2900 938 ipse
2949 870 3149 925 milites
3195 871 3467 925 allocutus
3514 883 3623 937 est,

2055 959 2281 1013 laudans
2308 974 2424 1023 cos,
2459 967 2512 1013 et
2551 960 2848 1014 adhortans
2872 970 2931 1015 ut
2959 961 3300 1017 alacriter‘et
3329 964 3633 1030 composite

2056 1053 2313 1107 adversus
2342 1050 2537 1107 Persas
2567 1053 2948 1107 decertarent:
2982 1055 3277 1124 statimque
3309 1055 3631 1111 inscendere

2055 1160 2221 1199 naves
2247 1142 2428 1212 jussit,
2456 1159 2685 1214 pergens
2711 1155 2763 1199 et
2818 1147 2933 1215 ipse
2954 1147 3240 1216 'Augustus
3275 1148 3340 1201 ad
3372 1158 3627 1217 paratum

2055 1237 2155 1291 sibi
2192 1238 2464 1306 navigium
2488 1254 2501 1291 :
2533 1238 2895 1307 praecepitque
2913 1248 2969 1293 ut
2996 1250 3437 1306 procursatorum
3462 1242 3634 1295 instar

2056 1328 2430 1397 praecederent
2500 1329 2601 1383 viri
2663 1331 2866 1383 strenui
2927 1330 3071 1384 mille
3124 1340 3178 1384 et
3225 1331 3505 1401 quingenti
3562 1347 3631 1386 ex

2058 1418 2273 1488 agmine
2305 1418 2696 1473 lanceariorum
2741 1429 2793 1474 et
2824 1420 3250 1481 mattiariorum,
3286 1436 3426 1482 quos
3467 1421 3631 1475 etiam

2057 1510 2210 1577 signa
2273 1511 2617 1579 imperatoria
2683 1522 2899 1581 gestare
2952 1514 3142 1566 voluit.
3204 1512 3401 1566 Secum
3454 1524 3651 1568 autem

2060 1601 2282 1654 retinuit
2322 1600 2618 1655 Lucianum
2653 1602 2907 1657 comitem
2939 1602 3111 1655 virum
3152 1602 3633 1672 pugnacissimum,

2059 1696 2149 1762 qui
2181 1694 2455 1765 complura
2486 1696 2629 1761 circa
2661 1695 3016 1764 Euphratem,
3069 1711 3277 1750 necnon
3315 1697 3368 1750 in
3402 1695 3635 1752 ﬂuminis

2060 1786 2252 1841 insulis
2283 1786 2455 1856 posita
2501 1797 2681 1841 caStra
2740 1788 3081 1856 deprzedatus
3108 1796 3207 1850 est,
3239 1788 3553 1859 Persasque
3582 1791 3635 1844 in

2064 1879 2291 1934 navibus
2339 1878 2440 1933 sibi
2470 1888 2823 1934 occurrentes
2865 1881 3083 1934 occidit.
3136 1879 3307 1933 Porro
3359 1880 3634 1935 Victorem

2061 1971 2522 2041 et.Daglaipbum
2582 1982 2729 2026 retro
2786 1972 3153 2027 collocaverat
3222 1982 3345 2040 post
3395 1973 3636 2042 reliquas

366 2075 471 2128 την
519 2057 769 2127 κείμενα,
804 2058 896 2111 καὶ
941 2057 1186 2129 ἐνμέσῳ
1239 2059 1347 2112 τῶν
1399 2058 1607 2115 ὑδάτων
1663 2061 1721 2114 ὲν
1770 2062 1959 2130 νήσοις

2065 2078 2250 2130 naves,
2280 2063 2617 2119 ntexcubias
2643 2071 2886 2133 agerent.
2942 2060 3101 2116 Venit
3152 2077 3280 2132 ergo
3347 2062 3640 2130 imperator

366 2154 499 2207 ὄντα
530 2153 855 2224 ἐπόρθησεν,
890 2154 1035 2224 (καὶ)
1059 2155 1188 2217 τοὺς
1214 2154 1274 2208 ἐν
1297 2156 1486 2209 ναυσὶν
1518 2142 1782 2220 ¹⁵’ίέντας
1812 2142 1953 2228 hsp-

371 2258 470 2306 σας
500 2244 701 2296 ἀνεῖλε.
736 2242 989 2315 Βίκτωρα
1038 2244 1097 2298 δὲ
1140 2245 1235 2298 καὶ
1265 2245 1571 2315 Δαγλάῖφον
1614 2246 1954 2300 κατέτασσεν

364 2334 593 2389 ὄπισθεν
635 2336 677 2365 ¹⁶
705 2335 813 2387 τῶν
864 2335 1070 2389 λοιπῶν
1103 2336 1305 2389 πλοίων
1345 2333 1507 2402 εἶναι,
1554 2337 1714 2391 aut"
1751 2338 1956 2407 φυλάτι⁹

367 2444 482 2480 τειν
514 2427 584 2480 τὰ
621 2427 825 2497 πλήθη.
860 2429 971 2481 Καὶ
1004 2427 1273 2497 κατῆλθεν
1316 2430 1344 2481 6
1397 2428 1656 2499 βασιλεὺς
1692 2430 1830 2500 μετὰ
1858 2430 1952 2484 τοῦ

372 2519 606 2589 στρατοῦ
659 2519 864 2584 παντὸς
913 2518 1002 2573 διά
1038 2519 1141 2591 τῆς
1190 2522 1438 2592 μεγάλης
1489 2523 1746 2593 διορυγῆς
1782 2522 1827 2554 ⁸⁸
1856 2522 1954 2577 τοῦ

368 2610 684 2683 Εὐφράτου,
711 2612 810 2679 τῆς
838 2612 1143 2683 μισγούσης
1172 2613 1250 2684 τῷ
1282 2613 1475 2685 Τίγρει
1503 2615 1546 2645 ⁸⁸
1578 2613 1832 2685 ποταμῷ,
1860 2616 1956 2677 καὶ

368 2703 625 2775 εἰσῆλθεν
649 2707 730 2768 εἰς
767 2704 859 2759 τὸν
888 2706 1052 2760 αὑτὸν
1094 2706 1288 2778 Τίγριν
1320 2707 1365 2738 ²⁰
1398 2708 1646 2778 ποταμὸν
1689 2709 1822 2761 ὅπου
1862 2709 1955 2777 μίο

370 2797 667 2863 γνυνταιοὶ
689 2796 783 2849 δύο
812 2798 1071 2868 ποταμοὶ,
1107 2798 1203 2852 καὶ
1237 2799 1599 2853 ἀποτελοῦσιν
1627 2800 1823 2872 λίμνην
1856 2818 1956 2871 με·

366 2890 545 2959 γάλην
563 2907 577 2920 ·
605 2890 699 2943 καὶ
727 2889 1037 2961 παρέϐαλεν
1068 2891 1112 2921 ’ί
1135 2893 1215 2954 εἰς
1238 2892 1307 2945 τά
1340 2893 1607 2963 Περσικὰ,
1631 2893 1689 2945 ὲν
1710 2896 1776 2964 τῇ
1807 2892 1959 2964 χώρᾳ

367 2981 481 3036 τῶν
511 2981 822 3053 λεγομένων
851 2980 1238 3047 Μαυζανιτῶν,
1276 2982 1506 3054 πλησίον
1561 2983 1959 3053 Κτησιφῶντος

2065 2171 2187 2212 cum
2250 2155 2505 2211 universo
2563 2157 2804 2210 exercitu
2866 2170 2960 2225 per
3032 2170 3277 2223 magnam
3338 2153 3639 2223 Euphratis

2066 2248 2291 2311 fossam,
2316 2263 2436 2318 qua:
2463 2246 2673 2319 Tigridi
2705 2248 2868 2303 ﬂuvio
2901 2249 3183 2313 miscetur,
3214 2249 3496 2317 ipsumque
3541 2245 3638 2302 Ti-

2062 2340 2267 2410 gridem
2296 2338 2577 2410 ingressus
2603 2348 2707 2402 est,
2757 2354 2866 2408 quo
2895 2339 3013 2394 loco
3038 2349 3266 2409 uterque
3295 2337 3491 2392 ﬂuvius
3509 2351 3641 2391 con-

2062 2440 2349 2487 currentes
2380 2446 2631 2500 magnum
2680 2432 2855 2485 lacum
2903 2429 3187 2497 eﬂiciunt;
3225 2428 3641 2496 transmisitque

2064 2524 2119 2579 in
2152 2523 2410 2579 Persicos
2437 2524 2593 2590 lines,
2626 2523 2680 2578 in
2722 2523 2944 2593 regione
2973 2521 3405 2577 Mauzanitarum
3427 2557 3446 2585 ,
3473 2532 3640 2587 prope

2062 2616 2468 2688 Ctesiphontem
2493 2618 2705 2683 urbem,
2730 2618 2821 2672 ubi
2855 2616 3196 2673 Persicorum
3223 2630 3407 2685 regum
3437 2611 3637 2682 palatia
3738 2689 3740 2692 ν

2063 2712 2221 2764 erant
2248 2727 2263 2775 ;
2296 2720 2458 2779 atque
2488 2711 2595 2765 hoc
2617 2711 2684 2764 ad
2736 2708 3064 2781 Babylonem
3110 2707 3257 2763 aditu
3291 2706 3517 2775 potitus,
3545 2717 3643 2773 per

2064 2801 2430 2871 Ctesiphontis
2464 2800 2738 2870 planitiem
2774 2799 3082 2873 incedebat,
3102 2798 3289 2854 volens
3316 2794 3640 2866 Babylonem

2066 2909 2301 2964 quoque,
2329 2893 2626 2948 comitante
2664 2903 2879 2958 senatu,
2910 2892 3085 2957 adire,
3134 2904 3365 2959 eamque
3409 2887 3464 2942 in
3489 2898 3649 2941 suam
3680 2918 3683 2921 ι

2066 2993 2389 3053 potestatem
2422 2983 2688 3053 redigere.

371 3075 619 3142 πόλεως,
680 3075 808 3129 ἔνθα
864 3075 1115 3146 ὑπῆρχεν
1173 3076 1235 3130 τὸ
1294 3076 1563 3149 Περσικὸν
1618 3075 1891 3145 βασίλειον
1924 3092 1941 3108 ⁸
2010 3078 2106 3132 καὶ
2131 3080 2247 3134 ³⁸...
2278 3095 2348 3149 κη
2384 3076 2691 3148 ὲπικρατὴς
2762 3075 3062 3146 γενάμενος
3087 3076 3133 3107 ’³
3190 3074 3345 3129 τοῦδε
3390 3076 3628 3130 ἀνόδου*

369 3168 717 3232 Βαϐυλῶνος,
748 3164 911 3238 ἦλθεν
939 3168 986 3198 ’⁸
1004 3169 1097 3221 διὰ
1134 3168 1233 3239 τήν
1258 3168 1484 3222 πεδιάδα
1529 3168 1629 3238 τῆς
1662 3169 1832 3238 αὑτῆς
1861 3169 2063 3234 πόλεως
2094 3170 2509 3242 Κτησιφῶντος,
2543 3169 2867 3241 βουλόμενος
2905 3167 3044 3237 μετά
3082 3167 3180 3237 τῆς
3213 3167 3347 3233 ἰδίας
3377 3168 3624 3240 συγκλήυ
3657 3212 3659 3215 .

371 3279 470 3315 του
515 3262 609 3313 καὶ
654 3260 1106 3329 τῆςξῐῖαϐυλῶνος
1156 3258 1404 3311 ἐπελθεῖν
1452 3259 1547 3313 καὶ
1605 3260 1943 3330 παραλαϐεῖν
1974 3262 2071 3330 (5).

459 3356 518 3408 Ὀ
550 3354 605 3407 δὲ
639 3352 1106 3423 Σαϐουραρσάκης
1132 3350 1466 3423 [ὑπονοήσας
1492 3351 1574 3403 ὅτι
1607 3349 1695 3404 διὰ
1737 3350 1799 3403 τὸ
1827 3351 1959 3403 Νιτ-

2133 3352 2357 3408 Interim
2384 3370 2514 3409 vero
2565 3353 2983 3423 Sapnrarsaces,
3017 3353 3351 3421 suspicatus,
3398 3353 3647 3421 impera-

378 3446 556 3513 ζίϐιος
610 3444 677 3518 [Γ.
711 3444 780 3499 62
817 3443 873 3516 1)]
913 3446 1115 3515 ἤρχετο
1148 3444 1175 3495 6
1203 3442 1459 3513 βασιλεὺς
1500 3442 1788 3513 Ῥωμαίων
1829 3444 1958 3495 Ἰου-

377 3540 583 3612 λιανὸς]
617 3539 879 3609 ὥρμησεν
922 3538 1043 3590 κατ’
1070 3535 1235 3589 αὑτοῦ
1285 3534 1423 3606 μετά
1464 3534 1558 3589 τοῦ
1589 3534 1832 3604 πλήθους
1862 3535 1958 3588 αὑ-

378 3632 476 3685 τοῦ
529 3631 759 3693 παντός·
816 3627 1259 3696 ἀπαγγελθέντος
1315 3627 1371 3681 δὲ
1414 3626 1566 3697 αὑτῷ
1615 3627 1696 3681 ὅτι
1735 3626 1959 3680 ϐπισθεν

378 3720 547 3776 αὑτοῦ
582 3724 737 3774 ἐστιν
778 3720 806 3772 6
847 3718 1104 3790 βασιλεὺς
1150 3717 1439 3788 Ῥωμαίων
1500 3718 1836 3787 παραλαϐὼν
1893 3718 1961 3771 τὰ

380 3814 631 3884 Περσικά
674 3812 849 3883 μέρη,⁵
884 3812 977 3864 καὶ
1000 3812 1098 3865 ὅτι
1142 3811 1456 3882 ἔμπροσθεν
1484 3812 1529 3841 ’⁸
1563 3809 1880 3865 ἀπαντῶσιν
1912 3813 1961 3863 οἱ

381 3906 684 3975 στρατηγοὶ
707 3905 819 3959 τῶν
862 3905 1149 3975 Ῥωμαίων
1172 3907 1267 3958 καὶ
1288 3905 1357 3957 τὰ
1386 3903 1568 3975 πλήθη
1594 3905 1659 3967 ’⁷,
1692 3904 1853 3971 γνοὺς
1882 3904 1964 3956 ὅτι

382 3998 905 4069 ὲμεσάσθηιφεὺγει
930 3998 1027 4052 ἐπὶ
1058 4000 1157 4066 τὴν
1188 3997 1630 4070 Περσαρμενίαν,
1661 3997 1796 4068 δόλῳ
1825 3997 1967 4068 πέμ-

378 4093 492 4160 ψας
529 4091 623 4144 δύο
659 4091 1063 4163 συγκλητικοὺς
1094 4092 1283 4157 αὑτοῦ,
1306 4094 1402 4146 καὶ
1436 4093 1635 4156 αὑτοὺς
1680 4095 1805 4149 κατῒ
1832 4092 1969 4145 ἰδίαν

384 4184 1060 4257 βούλησινκρινοτομήσας,
1098 4186 1237 4257 πρὸς
1276 4186 1564 4239 Ἰουλιανδν
1599 4187 1689 4239 τὸν
1737 4186 1968 4257 βασιλέα

398 4279 708 4350 Ῥωμαίων,
741 4281 828 4333 ἵνα
864 4279 1213 4349 πλανήσωσιν
1242 4279 1407 4333 αὐτὸν
1431 4280 1567 4351 πρὸς
1595 4281 1665 4333 τὸ
1688 4279 1765 4350 μὴ
1797 4296 1967 4334 κατα-

381 4372 685 4441 διωχθέντα
722 4373 885 4427 αὑτὸν
918 4372 1247 4442 ,φθασθῆναι
1279 4373 1445 4427 ²⁸.ίοί
1491 4373 1548 4425 δὲ
1598 4373 1974 4444 ρινοτομηθέν-

383 4481 477 4525 τες
508 4467 553 4496 ⁸³
582 4459 745 4534 ἦλθον
771 4464 907 4534 πρὸς
935 4465 1026 4518 τὸν
1054 4462 1279 4534 βασιλέα
1312 4464 1624 4534 Ῥωμαίων,
1649 4462 1969 4535 προδοῦναι,

385 4556 575 4626 φησιν,
610 4556 859 4619 θέλοντες
900 4557 992 4609 τὸν
1026 4555 1251 4626 βασιλέα
1284 4557 1511 4628 Περσῶν
1553 4558 1630 4618 ὡς
1658 4555 1975 4627 τιμωρησά-

390 4666 554 4720 μενον
574 4649 790 4711 αὐτούς.
836 4650 1163 4720 Ἀπατηθεὶς
1192 4649 1246 4702 δὲ
1265 4648 1357 4702 ὑπ’
1386 4648 1972 4720 ³⁰λαὺτῶνηὲπομνυμέ-

2063 3456 2232 3501 torem
2256 3446 2623 3499 Romanorum
2642 3444 2911 3501 lulianum
2940 3459 3037 3513 per
3060 3444 3268 3499 Nisibin
3293 3444 3397 3498 iter
3412 3443 3639 3509 habere,

2062 3555 2185 3595 cum
2216 3539 2329 3593 suis
2357 3539 2611 3594 omnibus
2631 3538 2801 3608 copiis
2832 3546 3023 3592 contra
3076 3536 3253 3606 ipsum
3282 3535 3636 3604 properabat.

2064 3632 2188 3689 M‘ox
2215 3633 2406 3688 nuntio
2462 3641 2709 3700 accepto,
2759 3632 2901 3700 quod
2952 3628 3054 3684 sibi
3094 3644 3124 3682 a
3155 3638 3303 3698 tergo
3342 3636 3488 3682 esset
3525 3626 3638 3680 Ro—
3676 3672 3682 3678 .

2064 3740 2257 3781 manus
2287 3725 2580 3792 imperator
2600 3723 2689 3790 qui
2718 3720 2829 3791 jam
2861 3719 3111 3775 Persicos
3138 3718 3273 3773 lines
3294 3727 3641 3787 occupasset,

2065 3826 2115 3871 et
2153 3815 2297 3885 quod
2345 3814 2446 3868 sibi
2484 3830 2513 3867 a
2558 3814 2737 3867 fronte
2774 3811 3006 3865 Romani
3064 3811 3231 3864 duces
3272 3824 3394 3863 cum
3449 3823 3644 3879 magna

2067 3924 2227 3964 manu
2259 3914 2634 3969 occurrerent,
2659 3906 2853 3959 videns
2875 3921 2933 3959 se
2955 3903 3191 3957 medium
3218 3902 3407 3968 teneri,
3433 3900 3568 3971 fugit
3592 3902 3647 3956 in

2068 3999 2528 4054 Persarmeniam.
2565 3997 2707 4052 Duos
2736 4005 2921 4050 tamen
2950 3994 3328 4049 fraudulenter
3372 3994 3517 4049 misit
3562 4008 3648 4049 sc-

2072 4101 2294 4147 natores
2322 4106 2472 4153 suos,
2501 4091 2699 4158 quibus
2728 4087 3204 4144 consentientibus
3248 4102 3411 4141 nares
3458 4087 3649 4156 prazci-

2016 4244 2018 4247 ,
2073 4187 2250 4251 derat,
2286 4186 2352 4239 ad
2397 4186 2781 4253 imperatorem
2839 4183 3210 4237 Romanorum
3262 4178 3560 4243 lulianum,
3592 4188 3650 4234 ut

2074 4295 2196 4333 eum
2224 4277 2478 4333 fallerent
2510 4279 2802 4347 quominus
2833 4291 2892 4331 se
2917 4276 3294 4345 persequendo
3332 4273 3649 4344 attingeret.

2075 4369 2165 4424 Isti
2191 4384 2321 4423 vero
2350 4370 2609 4438 prmeisas
2654 4382 2814 4422 nares
2856 4376 3219 4431 ostentantes,
3249 4366 3316 4421 ad
3350 4367 3653 4421 Romanum

2077 4465 2458 4533 imperatorem
2483 4470 2775 4526 venerunt,
2810 4461 3099 4530 prodituri,
3127 4470 3185 4514 ut
3233 4461 3473 4521 aiebant,
3519 4456 3653 4512 Pero

2078 4572 2261 4612 sarum
2297 4571 2509 4627 regem,
2524 4555 2612 4621 qui
2640 4555 2784 4623 ipsos
2814 4569 2882 4607 eo
2907 4554 3178 4623 supplicio
3201 4552 3476 4607 all‘ecerat.
3512 4552 3654 4620 Ergo
3691 4592 3697 4596 .
3750 4610 3753 4613 η

2082 4653 2148 4705 ab
2168 4650 2357 4703 horum
2376 4645 2611 4715 perjurio
2637 4645 2774 4697 idem
2806 4643 3055 4699 Julianus
3079 4645 3354 4714 Augustus
3371 4643 3650 4712 deceptus.

326 4712 497 4814 ’δνων
523 4744 551 4795 6
596 4743 756 4805 αὐτὸς
798 4712 1053 4812 βασιλεὺς
1104 4712 1410 4806 Ἰουλιανὸς,
1448 4712 1820 4811 ἠκολούθησεν
1870 4712 1960 4794 αὑ-

2078 4741 2410 4811 sequebatur
2440 4738 2586 4806 ipsos
2632 4752 2754 4791 cum
2806 4738 3049 4790 exercitu
3083 4755 3097 4791 :
3132 4737 3222 4806 qui
3252 4736 3402 4790 illum
3438 4750 3533 4804 per
3563 4733 3655 4787 de-

342 5060 352 5127 ἰ

388 4834 478 4896 τὸς
513 4835 556 4865 ³¹
612 4835 750 4904 μετά
780 4834 874 4886 τοῦ
914 4833 1177 4905 στρατοὺ⁶
1212 4835 1305 4888 καὶ
1355 4835 1643 4904 ἀπήγαγον
1678 4833 1842 4885 αὑτὸν
1890 4833 1967 4894 εἰς

391 4926 490 4997 τὴν
514 4924 718 4998 ἔρημον
747 4928 840 4981 καὶ
860 4926 1087 4999 ἄνυδρον
1109 4928 1202 4980 ἐπὶ
1229 4927 1483 4999 μίλιανρψ
1517 4925 1894 4995 πλανηθέντας
1923 4925 1965 4955 ⁸²

492 5103 533 5136 ¹¹
565 5103 787 5159 Malalas
832 5123 952 5161 cum
1010 5109 1168 5163 unica
1216 5109 1266 5163 λ.
1327 5108 1433 5162 Sed
1484 5108 1684 5163 rectius
1730 5114 1938 5169 noster,
1971 5104 2051 5158 uti
2102 5117 2293 5171 reapse
2339 5101 2517 5157 Latini
2550 5101 2817 5157 scribunt.

989 5178 1035 5209 “
1064 5179 1139 5231 Ita
1181 5179 1310 5233 mihi
1357 5179 1533 5232 dubia:
1572 5185 1730 5230 erant
1767 5177 1820 5229 in
1858 5174 2046 5230 codice
2088 5184 2198 5229 tres
2235 5174 2451 5228 litterm.
2483 5171 2837 5227 Chilmeadus
2865 5172 3082 5237 quidem
3113 5171 3395 5235 legendum
3434 5170 3662 5237 putabat

394 5246 449 5299 in
477 5244 667 5299 Malala
702 5247 1240 5319 προσκουλκάτορας,
1276 5249 1431 5320 quasi
1464 5248 1791 5320 excubitores
1825 5244 2307 5320 velexploratores.
2344 5244 2453 5320 Ego
2481 5258 2610 5320 vero
2645 5243 2963 5320 suspicabar
2988 5241 3273 5320 legendum

394 5332 563 5386 τορας
592 5311 1009 5382 procursatores.
1044 5311 1153 5387 quo
1191 5311 1453 5372 vocabulo
1504 5334 1649 5389 saepe
1696 5318 1866 5370 utitur
1896 5311 2222 5369 Ammianus
2268 5317 2319 5369 in
2355 5311 2457 5368 hac
2489 5313 2603 5382 ipsa
2638 5312 2838 5367 Juliani
2871 5311 3240 5378 expeditione.

394 5402 492 5438 sus
514 5386 801 5438 videbatur
832 5388 882 5438 in
914 5386 1036 5438 cod.
1066 5390 1134 5438 At
1163 5388 1383 5438 Malalas
1411 5392 1468 5438 ὲν
1507 5390 1688 5438 αὐτοῖς
1710 5387 1889 5438 ϐντας.
1970 5386 2013 5417 ¹⁶
2043 5382 2261 5438 Malalas
2289 5384 2497 5438 ὄπιθεν.
2576 5384 2618 5415 ¹⁷
2650 5383 2773 5436 Mal.
2806 5384 2924 5436 sine
2954 5381 3068 5435 καί.
3149 5382 3192 5413 ³⁸
3226 5381 3240 5433 l

2097 5397 2261 5438 alalas
2289 5397 2497 5442 οπιυεν.

396 5176 441 5206 ¹³
473 5174 598 5228 Mal.
632 5175 909 5230 εἰσελθών.

394 5402 492 5440 sus
514 5386 801 5440 videbatur
832 5388 882 5439 in
914 5386 1036 5441 cod.
1066 5390 1134 5440 At
1163 5388 1383 5443 Malalas
1411 5392 1468 5442 ὲν
1507 5386 1688 5451 αὐτοῖς
1710 5387 1889 5450 ὄντας.

2078 4840 2223 4885 serta
2255 4838 2313 4884 et
2362 4829 2621 4897 inaquosa
2648 4827 2763 4882 loca
2799 4829 3068 4883 duxerunt
3118 4830 3257 4882 ultra
3295 4826 3652 4883 centesimum

2077 4934 2131 4977 et
2151 4920 2658 4991 quinquagesimum
2685 4918 2915 4989 lapidem
2936 4936 3056 4975 cum
3082 4921 3327 4977 exercitu
3348 4918 3658 4977 errabundo

2922 5102 2965 5132 "
3001 5098 3129 5153 Mal.
3189 5099 3655 5170 προτρεπόμενος.

3311 5240 3661 5342 προκουρσά-

3322 5311 3339 5341 ι
3396 5311 3433 5342 In
3445 5324 3471 5342 ο
3500 5325 3657 5342 ιιι-ην-

3322 5311 3366 5342 ¹⁸
3396 5311 3473 5363 Ita
3500 5325 3658 5377 prur-

2576 5384 2618 5415 ”
2650 5383 2773 5436 Mal.
2806 5384 2924 5436 sine
2954 5381 3068 5435 καί.
3149 5382 3192 5413 ³⁸
3226 5380 3351 5436 Mal.
3388 5380 3657 5448 διόρυγος.

400 5456 443 5528 ’ἒ
472 5456 595 5528 Mal.
628 5457 883 5528 Τίγρητι.
959 5458 1004 5488 ¹⁰
1026 5458 1148 5510 Mal.
1182 5460 1449 5528 Τίγρητα.
1509 5462 1552 5491 ²¹
1587 5459 1713 5511 Mal.
1738 5459 1960 5528 mendos

2063 5455 2359 5528 παρέλαϐεν.
2423 5457 2482 5528 7”
2503 5454 2631 5522 Legi
2655 5455 2919 5528 nequitia
2954 5455 3078 5508 cod.
3110 5467 3276 5528 upum
3308 5451 3656 5528 vocabulum.

394 5527 444 5559 ’³
474 5524 611 5597 Mal._
639 5524 952 5597 γενόμενος.
1029 5528 1075 5559 ’⁵
1104 5529 1238 5583 Cod.
1264 5524 1560 5583 videbatur
1590 5530 1809 5582 άνόσου.

396 5598 427 5647 6
461 5596 715 5667 βασιλεὺς
761 5600 1072 5667 ἐσκήνωσεν
1101 5600 1158 5651 ὲν
1201 5599 1433 5651 πεδιάδι.

400 5668 603 5740 habere
642 5668 976 5740 ἔμπροσθεν,
1011 5670 1129 5723 loco
1168 5668 1499 5738 φθασθῆναι.

399 5737 445 5766 ³³
479 5736 601 5794 Mal.
634 5736 1032 5808 πλανήσαντες.

470 5916 544 5985 (4)
568 5918 694 5972 Item
726 5920 951 5973 aliscissi
983 5935 1010 5971 a
1043 5919 1228 5974 codice
1261 5928 1375 5972 tres
1406 5932 1615 5973 versus.

467 5988 542 6059 (5)
599 5987 721 6044 ηερε
782 5991 845 6044 ad
889 5991 1122 6044 litteram
1177 5992 1603 6059 propemodum,
1639 6004 1667 6043 a
1714 5989 1971 6047 vocabulo

1910 5527 1957 5558 ³⁸
1987 5526 2063 5580 Ita
2104 5519 2389 5579 videbatur
2422 5519 2631 5580 incod.
2667 5519 2988 5578 At'Malalas
3041 5522 3333 5591 γενόμενος
3372 5519 3660 5582 Ἰουλιανὸς

1526 5600 1570 5630 ³⁸
1607 5600 1729 5653 Mal.
1774 5598 1923 5653 addit
1963 5594 2134 5664 αὐτῷ.

1540 5718 1545 5723 ,
1592 5671 1636 5702 ²²
1669 5669 1793 5725 Mal.
1828 5669 1997 5723 addit.
2056 5666 2266 5736 Πέρσες
2302 5683 2403 5736 pro
2435 5668 2661 5737 Πέρσαι.

2234 5599 2277 5627 ³⁷
2318 5596 2443 5650 Mal.
2477 5597 2571 5649 καὶ
2620 5596 2803 5659 πλήθη
2845 5594 3039 5649 πολλά.
3118 5595 3162 5624 ³⁸
3193 5594 3325 5644 Cod.
3374 5592 3662 5644 videbatur

2718 5641 2726 5665 ¹
2760 5641 2804 5696 ³δ
2831 5665 2957 5720 Mal.
2993 5664 3149 5735 παρ’.
3226 5664 3265 5693 ³¹
3300 5661 3425 5714 Mal.
3452 5662 3657 5722 αὑτοῖς.

2079 5916 2467 5987 Κτησιφῶντος
2508 5918 2572 5971 ad
2604 5912 3314 5987 napa).16si{v_,scripserat
3370 5909 3658 5983 liutyrbia-

2085 5983 2694 6059 nusclirmtngrapltus,
2720 5995 2855 6042 teste
2900 5983 3085 6040 Malitia
3128 5999 3179 6053 p.
3218 5984 3305 6039 10.
