4164 6580
566 551 696 618 1811

1271 561 1657 622 APPENDiX
1688 564 1786 623 AD
1805 565 2579 629 S.EC.V.—FRAG:\IENTA
2619 572 3054 638 HISTORICA.

3679 577 3808 639 1812

555 680 728 736 usque
753 666 820 720 ad
849 665 1013 731 Desii,
1037 665 1086 720 id
1114 673 1198 720 est
1226 664 1370 722 Junii
1394 669 1593 724 mensis
1621 670 1933 725 vicesimam
1965 669 2126 740 quiu-

2235 676 2428 753 αὐτοὺς
2462 679 2549 730 ἐπ’
2583 679 2757 744 εἰκάδι
2789 679 3043 755 [πέμπτῃ
3069 683 3165 739 τοῦ
3192 685 3388 740 Δεσίου
3413 685 3507 743 τοῦ
3543 689 3636 746 καὶ
3679 691 3807 741 Ὶους

556 765 666 814 tam
695 762 855 816 diem.

2233 766 2342 820 νέου
2373 770 2594 841 μηνός.]

1871 991 2402 1054 FRAGMENTUM
2439 993 2518 1056 ΙΙ.

631 1125 824 1199 [Igitur
863 1135 986 1194 post
1038 1124 1329 1181 Theodosii
1385 1127 1582 1198 Magni,
1645 1139 1810 1196 gente
1872 1133 2130 1203 Hispani,

557 1235 810 1289 regnum,
840 1219 1127 1289 imperavit
1163 1219 1304 1273 Iilius
1339 1219 1462 1288 ejus
1489 1221 1762 1276 Arcadius
1797 1220 1966 1276 Roma
2004 1241 2130 1292 pro-

558 1314 756 1376 fectus,
787 1313 944 1367 anuis
976 1314 1196 1368 omnino
1248 1326 1408 1375 χχιιι,
1447 1313 1636 1367 relicto
1684 1315 1737 1368 in
1775 1317 1909 1370 urbe
1958 1316 2130 1372 Roma

555 1403 820 1474 Honorio]
854 1405 1020 1460 fratre
1067 1419 1165 1458 suo
1200 1406 1428 1459 minore.
1467 1405 1596 1459 Erat
1626 1417 1807 1459 autem
1864 1410 2130 1466 Arcadius

554 1500 641 1552 vir
681 1515 810 1554 acer
851 1509 906 1554 et
963 1510 1245 1566 strenuus,
1291 1504 1381 1570 qui
1433 1501 1615 1555 statim
1661 1512 1784 1569 post
1836 1505 2128 1559 adventum

556 1605 714 1644 suum
744 1588 1274 1660 Constantinopolim
1317 1593 1612 1661 assumpsit
1643 1592 1858 1662 imperii
1919 1595 2128 1649 socium

556 1680 728 1737 tilium
755 1697 910 1737 suum
936 1683 1296 1738 Theodosium
1323 1687 1412 1754 qui
1451 1685 1654 1740 dicitur
1681 1684 1883 1742 Minor.

627 1868 862 1922 Arcadio
893 1878 1172 1940 regnante,
1196 1869 1381 1939 pulsus
1407 1871 1461 1924 in
1489 1870 1745 1924 exsilium
1771 1870 1873 1924 fuit
1891 1872 2135 1927 sanctis-

558 1962 728 2017 simus
769 1961 1010 2016 Joannes
1060 1961 1614 2031 Constantinopoleos
1646 1964 1960 2032 episcopus,
2000 1979 2136 2018 con-

559 2055 898 2122 spirantibus
942 2057 1206 2110 adversus
1259 2070 1382 2108 eum
1417 2055 1718 2125 Theopliilo
1764 2055 2136 2113 Alexandrino

559 2147 838 2215 episcOpo,
875 2146 1169 2204 Severiano
1216 2148 1544 2203 Gabalorum
1599 2151 1726 2203 item
1766 2151 2046 2220 episcopo,
2082 2160 2138 2205 et

557 2238 800 2294 Eudoxia
827 2240 1069 2310 Augusta
1099 2240 1278 2308 ipsius
1303 2241 1520 2295 Arcadii
1542 2243 1807 2312 conjuge:
1832 2243 2138 2312 missusque

556 2340 643 2385 est
671 2333 736 2386 ad
763 2334 1036 2390 Armenia:
1070 2335 1262 2389 urbem
1305 2334 1638 2390 Cucussum.
1686 2335 1881 2404 Itaque
1933 2337 2137 2391 indicta

555 2421 733 2476 exsilii
776 2424 1071 2491 sententia,
1109 2426 1350 2480 accessit
1381 2427 1446 2478 ad
1501 2426 1890 2481 sacratissima:
1931 2425 2136 2497 Magnae

554 2515 801 2570 ecclesia:
879 2515 1432 2587 Constantinopoleos
1523 2518 1910 2588 baptisterium
1987 2519 2132 2573 idem

551 2608 936 2664 sanctissimus
958 2611 1275 2680 episcopus,
1309 2611 1494 2681 ibique
1521 2611 1782 2667 salutavit
1837 2612 2136 2682 religiosis-

553 2700 748 2754 simant
792 2701 1205 2771 Olympiadem,
1279 2702 1492 2758 Seleuci
1552 2704 1867 2773 exprmfecti
1930 2705 2132 2772 tiliam,

553 2791 799 2861 aliasque
856 2793 1068 2848 nobiles
1123 2794 1395 2848 feminas:
1449 2805 1504 2849 et
1555 2809 1677 2862 post
1737 2797 2130 2865 precationem,

553 2885 786 2939 ecclesia
821 2895 906 2958 est
949 2901 1224 2956 egressus.
1280 2887 1499 2941 interim
1556 2903 1687 2942 vero
1733 2889 1871 2958 ignis
1912 2899 2134 2954 repente

555 2987 723 3032 totam
746 2980 1018 3047 corripuit
1043 2981 1355 3036 ecclesiam.
1387 2982 1694 3048 Erumpeus
1714 2983 1857 3035 enim
1880 2997 1947 3035 ex
1975 2981 2130 3036 altari

553 3071 875 3125 conscendit
906 3073 1046 3126 idem
1084 3073 1223 3139 ignis
1254 3089 1349 3141 per
1381 3083 1628 3127 catenam
1667 3073 1956 3141 lampadis,
2014 3090 2134 3142 qua:

553 3177 718 3231 super
752 3163 942 3217 altaris
968 3167 1232 3219 concham
1270 3171 1540 3233 perpetuo
1609 3165 1856 3230 ardebat,
1903 3165 2120 3221 univero

553 3269 781 3324 samque
850 3255 1140 3310 ecclesiam
1213 3255 1615 3322 inﬂammarit,
1689 3257 1946 3326 circaque
2009 3272 2130 3312 eam

553 3355 779 3400 senatus
801 3347 947 3400 :rdes
971 3361 1139 3415 usque
1163 3347 1230 3400 ad
1257 3346 1543 3416 palatium:
1573 3330 1910 3416 magnusque
1935 3349 2133 3401 tumul—

555 3448 643 3494 tus
674 3448 1002 3496 consecutus
1023 3448 1105 3493 est
1137 3454 1232 3508 per
1255 3439 1544 3494 ecclesiam
1570 3450 1626 3494 et
1659 3441 1955 3494 civitatem.
1994 3440 2127 3494 Nam

552 3545 610 3599 et
684 3532 925 3603 episcopi
989 3533 1333 3588 diversarum
1400 3533 1623 3588 urbium
1683 3533 2131 3602 expellebantur,

557 3630 797 3696 itemque
827 3625 1104 3680 variorum
1141 3626 1390 3680 ordinum
1425 3624 1631 3689 clerici,
1665 3639 1880 3678 necnon
1939 3640 2131 3680 mona—

554 3721 644 3775 chi
680 3729 735 3775 et
769 3718 891 3773 laici
927 3718 1197 3792 homines,
1228 3726 1499 3788 quotquot
1540 3732 1662 3772 cum
1703 3715 1948 3771 Ecclesia
1987 3732 2138 3772 com-

555 3812 836 3866 municare
917 3810 1222 3865 retinebant
1307 3819 1532 3879 propter
1593 3807 1835 3864 Joannis
1894 3809 2138 3878 episcopi

549 3903 831 3957 exsilium.
882 3901 1034 3956 Multi
1089 3903 1254 3957 etiam
1308 3902 1363 3956 in
1426 3900 1788 3969 dignitatibus
1823 3901 2125 3965 constituti,

555 3997 730 4068 plagis
762 3997 1137 4062 caedebantur,
1173 4003 1228 4050 et
1272 3996 1542 4050 bonorum
1590 3993 1958 4062 publicatione
1995 3992 2130 4046 inul-

552 4074 829 4152 ίιιδαηιιιτ,
856 4090 980 4159 quia
1017 4104 1078 4143 se
1107 4105 1139 4143 a
1169 4088 1551 4142 communione
1588 4087 1842 4141 Ecclesiae
1885 4096 2132 4140 retraxe-

553 4191 712 4249 rant;
740 4196 918 4250 neque
951 4181 1157 4234 idcirco
1188 4180 1477 4249 quisquam
1515 4180 1919 4234 communicare
1951 4179 2120 4247 patieo

553 4277 735 4329 batur.
769 4272 909 4340 Quin
951 4273 1086 4328 adeo
1116 4273 1381 4327 senatorii
1409 4288 1628 4342 quoque
1652 4271 1860 4326 ordinis
1889 4271 2130 4325 illustres

627 4454 703 4526 (6)
749 4453 1020 4508 Hactenus
1069 4454 1268 4526 estin
1298 4452 1644 4526 palimpsesto
1687 4453 1884 4526 pagina
1940 4467 2135 4513 vacua,

556 4522 747 4582 relicto
769 4536 1004 4596 quatuor
1037 4523 1432 4579 versiculorum
1462 4524 1658 4593 spatio.
1687 4522 1956 4596 ldautein
1988 4526 2134 4579 acci-

551 4601 632 4652 dit
683 4592 942 4666 vel—quia
974 4597 1150 4650 scriba
1193 4596 1368 4650 locum
1427 4592 1710 4666 reliquerit
1757 4592 2130 4657 illuminatOri,

2311 1135 2332 1209 f
2355 1137 2512 1191 Μετὰ
2530 1135 2625 1192 οὖν
2663 1139 2763 1211 τὴν
2800 1139 3080 1210 βασιλείαν
3125 1143 3407 1196 Θεοδοσίου
3436 1143 3529 1196 τοῦ
3557 1145 3811 1212 Μεγάλου

2238 1229 2334 1283 τοῦ
2373 1231 2586 1285 Σπανοῦ
2612 1273 2626 1296 ,
2676 1235 3027 1290 ἐϐασίλευσεν
3065 1237 3094 1289 6
3140 1237 3256 1299 υἱὸς
3293 1236 3461 1289 αὑτοῦ
3502 1237 3809 1307 Ἀρκάδιος,

2239 1319 2412 1372 ἐλθὼν
2455 1321 2565 1375 ἀπὸ
2613 1321 2868 1395 Ῥώμης,
2912 1325 2983 1379 τὰ
3025 1325 3205 1379 πάντα
3256 1326 3348 1399 ἔτη
3395 1326 3500 1395 κγ’,
3549 1329 3716 1390 ἒάσας
3753 1330 3816 1382 ὲν

2249 1413 2434 1485 Ῥώμῃ
2480 1414 2736 1485 Ὀνὼριον
2764 1417 2778 1488 ]
2808 1419 2884 1486 (6)
2929 1419 3022 1472 τὸν
3059 1418 3290 1489 ἀδελφὸν
3344 1417 3507 1472 αὐτοῦ
3559 1422 3809 1491 μικρότε-

2240 1523 2353 1577 ρον.
2388 1504 2494 1561 *Ην
2542 1509 2598 1561 δὲ
2641 1510 2970 1580 περίγοργος
3009 1512 3104 1564 καὶ
3131 1511 3152 1583 [
3177 1510 3215 1566 I'.
3247 1511 3334 1565 67.
3372 1511 3468 1583 a.]
3507 1512 3770 1584 ὲνδρανής
3794 1529 3809 1544 ⁸

2238 1597 2333 1650 καὶ
2411 1598 2615 1662 εὐθέως
2697 1600 2957 1671 ἐποίησεν
3014 1603 3183 1654 ἐλθὼν
3248 1603 3474 1672 βασιλέα
3528 1605 3586 1657 ὲν
3657 1607 3811 1658 Κων-

2239 1693 2683 1747 σταντινουπὸλει
2739 1693 2830 1748 τὸν
2879 1695 2996 1749 υἱὸν
3039 1697 3206 1751 αὑτοῦ
3252 1696 3529 1751 Θεοδόσιον
3579 1699 3673 1752 τὸν
3701 1701 3811 1753 Μι-

2237 1801 2368 1854 κρον
2403 1786 2500 1856 (7).

2324 1875 2446 1930 Ἐπὶ
2484 1878 2540 1931 δὲ
2579 1879 2678 1945 τῆς
2719 1878 2998 1949 βασιλείας
3042 1878 3137 1932 τοῦ
3177 1880 3344 1933 αὑτοῦ
3399 1879 3686 1951 Ἀρκαδῐου
3724 1882 3813 1947 ἐξ-

2239 1967 2446 2040 ωρίσθη
2481 1966 2544 2039 [6
2573 1968 2875 2036 ἁγιώτατος
2909 1970 3164 2040 Ἰωάννης
3193 1971 3621 2041 ἀρχιεπίσκοπος
3651 1973 3810 2025 Κων-

2168 2037 2212 2092 B
2242 2037 2737 2122 oravttvo—urto').ew;
2771 2060 2846 2130 (8)
2877 2059 2899 2132 ]
2928 2037 3403 2126 κατασκευασθεὶς
3429 2064 3534 2116 ὑπὸ
3553 2063 3824 2134 Θεοφίλους

2239 2152 2541 2204 ἐπισκόπου
2583 2151 2992 2222 Ἀλεξανδρείας
3035 2153 3136 2222 τῆς
3195 2154 3473 2225 μεγάλης,
3526 2157 3620 2208 καὶ
3677 2159 3814 2210 Esu-

2239 2243 2468 2314 ηριανοῢ
2529 2243 2829 2297 ἐπισκόπου
2884 2245 3188 2310 Γαὸἁλων,
3255 2248 3350 2301 καὶ
3408 2246 3671 2313 Εὖδοξίας
3699 2250 3825 2303 Δύυ⁴

2243 2335 2480 2404 γούστας
2506 2335 2762 2403 γυναικὸς
2778 2335 2872 2389 τοῦ
2899 2336 3065 2390 αὑτοῦ
3087 2338 3378 2407 Ἀρκαδίου
3395 2356 3410 2370 ·
3436 2340 3530 2392 καὶ
3556 2340 3810 2408 ἐπέμφθη

2238 2430 2319 2491 είς
2359 2426 2706 2480 Κούκουσσον
2751 2429 2905 2481 πόλιν
2950 2429 3048 2498 τῆς
3101 2429 3418 2500 Ἀρμενίας.
3472 2432 3583 2484 Καὶ
3624 2434 3682 2484 ὲν
3732 2433 3812 2503 τῷ

2238 2515 2583 2588 ἐξορίζεσθαι
2617 2517 2815 2580 αὑτὸν,
2873 2518 3152 2571 κατελθὼν
3196 2523 3253 2574 ἐν
3305 2522 3382 2592 τῷ
3437 2522 3820 2595 βαπτιστηρίῳ

2236 2609 2336 2676 τῆς
2373 2605 2685 2674 ἁγιωτάτης
2729 2607 2993 2677 Μεγάλης
3031 2609 3330 2679 ἐκκλησίας
3372 2613 3815 2667 Κωνσταντινου-

2238 2697 2448 2759 πόλεως
2499 2699 2527 2750 ὁ
2566 2697 2730 2760 αὐτὸς
2782 2697 3079 2764 ὁσιώτατος
3135 2699 3468 2765 ἐπίσκοπος,
3526 2703 3818 2772 ἠσπάσατο

2251 2792 2595 2861 Ὀλυμπιάδα
2634 2793 2735 2863 τὴν
2781 2793 3210 2865 εὐλαϐεστάτην,
3257 2795 3355 2865 τὴν
3399 2797 3677 2868 Θυγατέρα
3715 2798 3814 2850 Σε-

2237 2885 2432 2937 λεύκου
2489 2884 2564 2956 (9)
2623 2885 2717 2938 τοῦ
2770 2887 2880 2938 ἀπὸ
2922 2885 3198 2957 ἐπάρχων,
3251 2891 3347 2942 καὶ
3392 2889 3560 2952 ἄλλας
3611 2891 3820 2958 σεμνὰς

2236 2983 2536 3048 γυναῖκας·
2576 2980 2672 3033 καὶ
2711 2979 3013 3048 εὐξάμενος
3043 2980 3265 3051 ἐξῆλθεν
3299 2983 3400 3050 τῆς
3426 2981 3537 3052 (I0)
3566 2980 3586 3053 [
3612 2980 3816 3053 ἐκκλη-

2240 3072 2380 3134 σίας.
2421 3072 2509 3123 Ἐν
2540 3071 2716 3142 τούτῳ
2741 3073 2797 3124 δὲ
2839 3073 2951 3144 πῦρ
3000 3072 3262 3143 ἐξαπίνης
3300 3073 3566 3126 πάντοθεν
3589 3075 3689 3144 τὴν
3720 3077 3820 3130 ὲκ·

2237 3163 2472 3232 κλησίαν
2531 3163 2902 3218 ἐπεῦόσκετο·
2957 3165 3180 3234 ἐξῆλθεν
3219 3165 3327 3232 γὰρ
3362 3166 3547 3236 ὁρμῶν
3593 3165 3704 3237 (II)
3749 3167 3820 3218 ὲκ

2237 3255 2334 3308 τοῦ
2375 3255 2769 3326 θυσιαστηρίου
2811 3255 2956 3325 (12)ξ,
2999 3256 3095 3308 καὶ
3139 3254 3209 3327 [τ.
3248 3257 3335 3310 G7.
3366 3256 3458 3328 b.]
3484 3255 3726 3327 ἀπῆλθεν
3752 3255 3826 3310 τὸ

2238 3349 2370 3402 αὐτὸ
2399 3348 2510 3419 πῦρ
2539 3348 2627 3402 διὰ
2646 3350 2745 3419 τῆς
2781 3348 3030 3412 ἁλύσιδος
3067 3349 3170 3418 τῆς
3211 3351 3514 3419 ἀκοιμήτου
3542 3349 3818 3418 κανδήλας

2233 3444 2332 3512 τῆς
2383 3441 2743 3512 κρεμαμένης
2792 3443 2886 3494 ἐπὶ
2927 3445 2992 3512 τῇ
3022 3441 3195 3512 κόγχῃ
3241 3441 3336 3494 τοῦ
3392 3440 3813 3512 θυσιαστηρίου,

2236 3535 2332 3588 καὶ
2359 3534 2700 3587 κατέκαυσεν
2734 3535 2916 3586 πᾶσαν
2945 3533 3046 3603 τὴν
3074 3533 3394 3602 ἐκκλησίαν,
3419 3534 3511 3586 καὶ
3534 3535 3594 3587 ἐν
3632 3531 3821 3604 κύκλῳ

2237 3627 2336 3694 τῆς
2385 3625 2557 3696 αὐτῆς
2597 3625 2896 3696 ἐκκλησίας
2929 3623 3056 3696 [τὸν
3101 3623 3404 3693 συγκλήτου
3456 3620 3576 3676 οἷκο
3593 3622 3656 3695 ]·ν
3700 3625 3820 3692 (15)

2239 3717 2345 3780 ἓως
2372 3717 2467 3769 τοῦ
2514 3717 2782 3770 παλατίου
2809 3734 2824 3748 ·
2859 3719 2956 3769 καὶ
2988 3716 3205 3784 ἐγένετο
3250 3714 3463 3788 ταραχὴ
3515 3714 3726 3786 μεγάλη
3757 3717 3821 3766 ὲν

2243 3815 2309 3883 τῇ
2356 3811 2622 3883 ἐκκλησία
2679 3812 2774 3864 καὶ
2820 3812 2878 3864 ἐν
2927 3814 2992 3882 τῇ
3044 3810 3220 3863 πόλει.
3289 3806 3644 3877 Ἐξωρίζοντο
3705 3809 3818 3878 γὰρ

2239 3905 2534 3957 ἐπίσκοποι
2610 3904 2720 3956 ἀπὸ
2769 3904 3047 3974 διαφόρων
3111 3901 3358 3962 πόλεων,
3412 3902 3473 3952 οὺ
3530 3900 3635 3970 μὴν
3679 3899 3820 3952 ἀλλὰ

2238 3993 2334 4046 καὶ
2379 3994 2633 4064 κληρικοὶ
2675 3994 2784 4046 ἀπὸ
2819 3993 3098 4062 διαφόρων
3138 3992 3460 4062 ταγμάτων,
3512 3993 3607 4043 καὶ
3647 3990 3818 4059 μονά-

2238 4087 2423 4152 ζοντες
2465 4087 2560 4140 καὶ
2597 4087 2776 4139 λαῖκοὶ
2817 4087 2892 4156 μὴ
2940 4086 3189 4148 θέλοντες
3220 4084 3548 4152 κοινωνῆσαι
3577 4087 3643 4154 τῇ
3688 4084 3814 4135 Ἐκ-

2238 4179 2438 4249 κλησίᾳ
2466 4179 2554 4231 διὰ
2577 4178 2676 4249 τὴν
2696 4178 2916 4248 ὲξορίαν
2948 4178 3203 4230 Ἰωάννου
3234 4177 3331 4229 τοῦ
3354 4175 3654 4229 ἐπισκόπου
3677 4192 3690 4204 ·
3720 4177 3816 4227 καὶ

2235 4270 2426 4324 πολλοὶ
2467 4271 2526 4324 δὲ
2557 4272 2620 4322 ἐν
2646 4269 2829 4337 ἀξίαις
2859 4269 3011 4334 ὅντες
3044 4268 3406 4340 συγκλητικοὶ
3449 4265 3817 4338 ὲμαστίζοντο

2243 4452 2474 4505 diversis
2503 4454 2570 4506 ab
2599 4461 2820 4506 auctore
2847 4461 3032 4505 nostro
3051 4450 3253 4504 verbis.

2307 4522 2384 4591 (8)
2432 4522 2554 4576 Ilaec
2605 4521 2852 4590 supplevi
2887 4523 3070 4587 verba,
3107 4536 3228 4590 qua:
3273 4521 3326 4574 in
3376 4518 3815 4591 codiceqiesunt,

2245 4587 2432 4646 relicto
2463 4587 2892 4648 duoruuiierme
2921 4587 3313 4657 versiculorum
3341 4591 3539 4657 spatio.
3572 4587 3634 4642 Ili
3665 4590 3818 4642 vidc-

550 4669 644 4744 qui
689 4683 785 4720 eos
834 4654 1141 4720 'versiculos
1183 4676 1366 4737 utpote
1406 4654 1698 4718 novi'libri
1724 4666 1949 4744 primos,
2002 4654 2135 4717 auro
2168 4671 2210 4724 ι)
2241 4661 2370 4716 licet
2390 4678 2524 4716 auro
2561 4663 2640 4714 vel
2665 4662 3078 4744 colorealiquo
3120 4654 3316 4730 insig'ui
3367 4654 3637 4714 scribendi
3698 4657 3818 4712 Iuc-

557 4733 639 4794 r'cl
666 4739 773 4791 alio
805 4738 986 4791 colore
1029 4733 1318 4796 scriberet,
1353 4738 1496 4802 quod
1555 4745 1739 4804 postea
1785 4733 1983 4787 factum
2024 4750 2128 4786 non

554 4810 673 4874 t'uil,
703 4817 760 4860 ttt
785 4823 885 4877 ego
911 4808 961 4860 in
1000 4807 1184 4859 multis
1209 4806 1492 4861 codicibus
1518 4805 1834 4877 usuveuisse
1859 4806 2085 4877 cognovi
2113 4822 2125 4857 :

554 4881 638 4940 \el
673 4879 800 4946 quia.
825 4875 1041 4946 reapse
1075 4878 1258 4944 scripti
1315 4876 1546 4946 fuerint
1575 4875 1797 4930 colorati
1856 4875 2126 4946 versiculi,

553 4944 782 5017 quorum
817 4944 1052 5001 tinctura
1085 4947 1136 5000 itt
1171 4946 1420 5000 faciendo
1449 4945 1796 5014 palimpsesto
1824 4944 1967 4998 eluta
1995 4946 2125 5017 fuit;

555 5016 728 5086 neque
767 5022 910 5071 cnim
956 5018 1165 5072 colores
1215 5018 1395 5071 caeteri
1443 5017 1786 5071 tenacitatem
1839 5016 2128 5069 atramenti

553 5091 813 5152 retinent,
877 5097 936 5142 ut
987 5104 1086 5155 ego
1144 5089 1349 5156 pariter
1393 5087 1514 5140 aliis
1567 5087 1834 5155 exetnplis
1864 5087 2126 5152 comperi.

552 5160 667 5214 Hac
722 5173 886 5223 super
933 5175 990 5212 re
1043 5159 1236 5227 scripsi
1299 5156 1609 5227 accuratius
1665 5157 1718 5209 in
1754 5156 1958 5227 monito
2002 5167 2130 5227 ante

552 5232 751 5287 librum
783 5227 827 5293 Ii
893 5229 1010 5284 Cic.
1062 5225 1284 5298 De'rep.
1317 5226 1518 5298 (Verba
1549 5235 1730 5298 autem
1765 5226 1851 5280 hic
1881 5225 2127 5298 suppleri

551 5318 618 5357 ex
652 5298 842 5354 Malala
890 5315 942 5369 p.
978 5299 1068 5364 I7,
1107 5314 1213 5351 uno
1232 5296 1326 5350 'vel
1373 5296 1544 5351 altero
1585 5297 1789 5354 omisso
1841 5296 2125 5361 vocabulo,

554 5387 677 5442 qua
701 5371 878 5442 spatio
921 5386 1026 5424 non
1057 5369 1422 5442 quadrabaut.

627 5443 704 5512 (7)
727 5435 918 5496 Omnia
944 5435 1346 5512 qua'deinceps
1377 5447 1686 5512 sequuntur
1708 5437 1775 5491 de
1801 5435 2130 5512 Chrysosto-

560 5508 643 5566 11ιῖ
659 5508 875 5576 exsilio,
914 5508 1268 5579 désuutapud
1300 5508 1569 5579 Malalattt,
1597 5508 1690 5576 qui
1716 5509 1900 5561 Statim
1927 5508 2129 5561 claudit

555 5583 926 5638 narrationem
984 5598 1136 5635 suam
1189 5583 1254 5633 de
1313 5578 1527 5633 Areadii
1579 5581 1757 5641 rebus,
1809 5579 1956 5633 obitu
2008 5580 2128 5645 ejus

557 5656 729 5709 tribus
769 5655 952 5708 verbis
995 5651 1266 5706 nuntiato.
1298 5649 1442 5717 Ergo
1470 5651 1596 5703 liinc
1629 5664 1818 5702 rursus
1845 5646 2129 5714 evidenter

555 5735 722 5793 patet,
777 5723 1024 5777 Malalam
1085 5724 1301 5789 quidem
1338 5730 1550 5793 nostro
1624 5720 1886 5773 historico
1950 5719 2124 5786 plagia

557 5791 726 5848 inulta
782 5795 1000 5857 fecisse,
1056 5791 1348 5858 caeteroqui
1401 5791 1566 5843 alium
1623 5805 1845 5856 prorsus
1879 5803 2002 5842 esse
2028 5805 2126 5840 au-

554 5878 782 5919 ctoretn.
815 5864 1074 5918 Exsilium
1104 5863 1475 5930 Chrysustomi
1503 5862 1826 5914 brevissime
1859 5867 2126 5930 memorat

554 5934 912 6000 TlteOpbaues
950 5953 999 6004 ν.
1029 5934 1118 5997 68,
1152 5928 1448 6004 edLI‘aris.
1479 5928 2126 6004 (litettrt3¥$CTIil_Il_Gt30t'-:

555 6021 674 6077 gius
705 6000 1048 6061 lIaumrtdlus
1091 6019 1192 6058 nis.
1222 6001 1456 6056 Narrant
1489 6013 1540 6056 ct
1575 6001 1660 6054 alii
1709 6001 1973 6065 historici,
2031 6000 2126 6054 sed

2240 4742 2384 4796 rant,
2418 4742 2638 4802 prOpter
2667 4733 2902 4784 hominis
2937 4733 3278 4800 dignitatem.

2307 4803 2384 4873 (9)
2418 4797 2932 4861 Attiuiailvertatnus
2978 4797 3278 4873 [faeculenti
3327 4797 3666 4873 Olympiadis
3715 4798 3818 4873 Se-

2234 4868 2466 4938 leucum,
2498 4884 2718 4941 propter
2749 4889 2810 4926 ea
2858 4868 2994 4941 qua
3028 4871 3184 4941 aliter
3228 4868 3481 4941 dicuntur
3531 4886 3583 4941 a_
3608 4868 3819 4941 Savilio

2236 4943 2288 4995 in
2329 4937 2530 4997 monito
2564 4937 2614 5011 p.
2641 4943 2768 5002 59.9.
2800 4953 2838 4995 t.
2874 4937 2961 5004 Ill,
2991 4956 3116 5012 app.
3148 4940 3368 5062 Chlgys"
3409 4937 3820 4992 Montl'aucouio

2236 5021 2414 5062 latnon
2445 5014 2652 5062 mlitore
2678 5013 3084 5062 subdubitante.
3115 5010 3192 5062 Ne
3281 5008 3567 5062 iceoltorus
3592 5008 3817 5062 uuitlem

2236 5021 2414 5066 tamen
2445 5008 2652 5068 editore
2678 5008 3084 5074 subdubitante.
3115 5010 3192 5064 Ne
3231 5008 3567 5078 Nicepltorus
3592 5008 3817 5074 quidem

2233 5083 2512 5153 Callistus,
2548 5099 2858 5153 quanquam
2898 5081 3064 5136 multa
3095 5084 3162 5145 de
3193 5077 3514 5148 Olympiade
3539 5077 3670 5132 dicit

2235 5152 2370 5216 XIII,
2402 5155 2493 5217 24,
2521 5147 2761 5222 parentis
2789 5169 2982 5206 nomen
3026 5147 3360 5221 prodiderat,
3391 5153 3599 5202 tantum
3643 5147 3814 5201 nobili

2232 5238 2432 5292 genere
2471 5234 2646 5277 ortam
2675 5223 2970 5276 aliirtuaus.

2301 5293 2412 5364 (I0)
2449 5295 2650 5348 Desunt
2682 5303 2792 5364 tres
2814 5293 3005 5346 saltem
3048 5292 3323 5356 versiculi.

2296 5360 2410 5436 (II)
2440 5365 2567 5436 [hec
2593 5363 2968 5436 supplementa
2998 5365 3194 5436 partim
3223 5379 3377 5421 sunto
3401 5377 3469 5416 ex
3501 5360 3813 5436 Sozouieno

2232 5429 2328 5488 lib.
2365 5429 2484 5497 νίιι,
2506 5434 2598 5505 22,
2621 5429 2714 5502 qui
2743 5443 2920 5487 tatueu
2939 5429 3247 5505 nullatenus
3267 5448 3387 5486 cunt
3413 5442 3600 5505 nostro
3626 5429 3814 5505 verbis

2231 5507 2500 5575 congruit.
2529 5498 3394 5575 Rcui-inoruntetiani'Socrates
3447 5501 3540 5555 Iib.
3575 5516 3652 5564 vt,
3719 5498 3816 5562 18,

2231 5585 2286 5630 et
2305 5572 2579 5629 Palladius
2605 5577 2657 5628 in
2694 5573 2814 5628 Vita
2847 5572 3244 5644 Cbrysostoiui.

2300 5646 2412 5715 (I2)
2444 5645 2518 5698 Ita
2550 5645 2790 5716 legebam
2817 5645 2870 5698 in
2893 5640 3012 5698 cod.
3052 5643 3340 5716 Palladius
3396 5653 3576 5697 autem
3607 5640 3818 5716 _tuiuus

2232 5716 2582 5783 probabiliter
2605 5714 2679 5767 ait
2704 5730 2768 5768 ex
2805 5717 2937 5770 sede
2975 5715 3266 5783 episcopali
3314 5718 3557 5782 erupisse
3606 5714 3812 5778 ignem.

2231 5787 2334 5839 Alii
2372 5789 2647 5856 incensam
2683 5785 2848 5838 fuisse
2888 5802 2917 5837 a
2950 5785 3145 5854 populo
3170 5785 3457 5856 ecclesiam
3494 5784 3714 5856 dicunt.
3797 5848 3810 5856 ο

2298 5856 2408 5925 (15)
2457 5855 2816 5912 Obscuratqu
2887 5851 2975 5910 ltic
3020 5851 3260 5911 modicis
3319 5855 3501 5909 locum
3561 5851 3812 5920 suppleri

2234 5939 2506 5997 utcunque
2544 5942 2610 5981 ex
2643 5925 2903 5980 Palladio.
