4164 6546
409 495 546 564 1813

1332 506 1554 567 FRAG.
1595 508 1676 566 ΙΙ.
1717 509 2130 568 Tl—lEUDOSU
2166 510 2224 568 II
2268 509 2416 568 RES
2454 507 2715 570 GEST/E

3525 509 3663 588 ιδιι

406 618 500 670 καλ⁵
521 616 888 686 ἑδημεύσαντο
917 618 1102 673 ἕνεκεν
1141 618 1237 672 τοῦ
1275 620 1350 692 μὴ
1384 626 1712 695 κοινωνῆσαι
1742 629 1808 696 τῇ
1854 627 1969 680 Ἐκ·

2084 635 2346 680 matrona:
2372 640 2437 680 ex
2486 623 2696 681 aedibus
2728 624 2842 680 suis
2884 624 3244 694 trahebantur
3291 629 3576 684 inhoueSIe
3607 630 3659 683 iu

405 707 605 780 κλησία
627 727 640 742 ο
675 711 769 764 καὶ
807 710 987 774 οὐδεὶς
1027 712 1276 784 ἠνείχετο
1306 717 1656 788 κοινωνῆσαι.
1690 718 1852 773 Ἀλλὰ
1883 721 1978 773 καὶ

404 800 615 869 σεμνὰς
666 803 932 868 γυναῖκας
974 806 1074 874 τῆς
1115 805 1422 876 συγκλήτου
1475 807 1642 874 οὔσας
1671 811 1976 882 κατέφερον

403 891 468 944 ἐκ
524 891 636 945 τῶν
678 893 867 947 οίκιῶν
928 895 1108 949 αὐτῶν
1174 897 1434 969 σύροντες
1485 900 1655 966 αὑτὰς
1711 903 1977 975 ἀσχὴμως

401 983 638 1057 δημοσίᾳ
672 985 801 1040 ἄνευ
853 987 1138 1058 μαφορίων
1163 991 1256 1044 καὶ
1287 992 1652 1064 ὑποδημάτων
1681 1011 1695 1026 ·
1747 996 1842 1050 καὶ
1869 996 1975 1050 ἁπ-

399 1075 564 1146 ῄτουν
604 1078 746 1132 κατὰ
783 1079 1033 1133 κὲλευσιν
1065 1081 1159 1134 τοῦ
1202 1083 1366 1138 αὑτοῦ
1389 1084 1681 1155 Ἀρκαδίου
1709 1085 1975 1156 βασιλέως

400 1168 496 1222 καλ¹
527 1168 790 1233 Εὺδοκίας
816 1171 915 1241 τῆς
959 1172 1219 1239 γυναικὸς
1261 1173 1430 1228 αὐτοῦ
1461 1174 1492 1244 ἢ
1531 1176 1866 1247 κοινωνῆσαι
1905 1181 1972 1249 τῇ

412 1258 752 1332 Ἐκκλησία)
791 1276 804 1291 ⁸
847 1277 861 1292 ο
913 1263 1160 1334 ποταμὸν
1187 1266 1440 1337 ιχρυσίου
1494 1265 1560 1320 λα
1591 1283 1606 1298 ⁸
1648 1284 1660 1296 ο
1697 1285 1710 1296 '
1752 1269 1971 1342 (14)[Ι’.

400 1349 487 1404 64.
525 1368 579 1404 α.
654 1367 666 1380 ⁸
697 1368 710 1382 °
743 1367 757 1382 °
800 1351 966 1425 [Ἐκέ
995 1353 1017 1426 ]
1051 1353 1242 1410 λευσεν
1271 1355 1291 1430 [
1321 1356 1609 1431 ἐνεχθῆναι
1643 1360 1704 1413 τὸ
1763 1360 1971 1434 μῆλον]

398 1441 494 1494 καὶ
524 1439 727 1506 ἔδειξεν
769 1443 906 1516 αὐτῇ
939 1445 1101 1498 αὑτό·
1142 1445 1278 1519 [καὶ
1319 1449 1705 1520 ἠγανάκτησεν
1744 1451 1772 1504 ό
1816 1451 1974 1522 βασι-

397 1532 565 1607 λεὺς]
623 1531 734 1605 (15)
775 1535 835 1589 τὸ
872 1535 1093 1604 λοιπὸν,
1155 1541 1251 1593 καὶ
1315 1540 1612 1614 ὑπενόησεν
1663 1543 1758 1597 τὸν
1809 1543 1974 1598 αὐτὸν

396 1626 663 1681 Παυλῖνον
708 1626 1026 1700 [ἀγαπᾷν]
1063 1630 1232 1702 αὐτὴν
1284 1631 1603 1703 βασίλισσαν
1648 1635 1908 1689 Εὐδοκίαν
1945 1639 1974 1689 6

395 1719 712 1783 Θεοδόσιος·
749 1719 838 1774 διὰ
865 1720 965 1792 τὴν
996 1723 1165 1795 αὐτὴν
1212 1725 1395 1779 αἰτίαν
1423 1727 1635 1782 ἀνεῖλεν
1671 1727 1761 1782 τὸν
1812 1729 1973 1783 αὑτὸν

396 1812 663 1873 Παυλῖνον
703 1814 732 1866 6
784 1813 947 1877 αὐτὸς
987 1815 1240 1886 βασιλεὺς
1293 1818 1592 1882 Θεοδόσιος.
1641 1821 1752 1874 Καὶ
1794 1820 1968 1892 λυπη-

396 1901 553 1956 θεῖσα
576 1903 864 1973 Δὺγούστα
903 1905 1161 1961 δέσποινα
1187 1909 1440 1975 Εὑδοκία,
1495 1912 1588 1965 καὶ
1618 1911 1970 1983 ὑϐρισθεῖσα·

396 1994 642 2067 ἐγνώσθη
667 1996 774 2068 γὰρ
804 1998 1077 2068 πανταχοῦ
1100 1999 1183 2053 ὅτι
1211 2001 1280 2055 δι’
1307 2001 1480 2074 αὐτὴν
1509 2003 1722 2074 ἐσφάγη
1756 2005 1785 2058 6
1821 2005 1970 2058 Παυ⁸

395 2087 558 2152 λῖνος,
587 2088 664 2151 ὡς
697 2089 976 2163 εΰμορφος
1008 2091 1304 2165 νεώτερος·
1338 2095 1432 2149 καὶ
1461 2097 1702 2168 ᾐτήσατο
1737 2098 1832 2153 τὸν
1871 2098 1970 2170 βα-

399 2179 552 2232 σιλέα
571 2180 852 2238 Θεοδόσιον
875 2184 1012 2256 αὑτὴ
1032 2185 1266 2240 Εὑδοκία
1293 2187 1388 2240 τοῦ
1422 2189 1706 2244 κατελθεῖν
1740 2193 1822 2254 είς
1847 2193 1973 2256 τοὺς

396 2272 585 2342 ἁγίους
621 2273 819 2338 τόπους
853 2277 934 2339 είς
968 2276 1135 2348 εὐχήν
1157 2295 1169 2307 °
1206 2278 1299 2333 καὶ
1337 2279 1613 2349 παρέσχεν
1655 2281 1827 2352 αὐτῇ·
1882 2283 1974 2342 καὶ.

398 2365 668 2435 κατῆλθεν
689 2367 800 2420 ἀπὸ
828 2368 1457 2434 Κωνσταντινουπόλεως
1489 2372 1582 2424 ἐπὶ
1625 2372 1975 2443 Ἱεροσόλυμα

397 2453 686 2522 εὔξασθαι,
728 2458 892 2529 φησίν
915 2459 1050 2529 (16).
1087 2461 1196 2514 Καὶ
1236 2461 1553 2518 εἰσελθοῦσα
1582 2467 1639 2529 ὲν
1675 2465 1974 2538 Ἀντιοχείᾳ

395 2549 702 2625 τῇᾚμεγὰλῃ
749 2545 947 2621 (εἶπεν)
982 2552 1040 2604 ὲν
1079 2551 1158 2623 τῷ
1198 2553 1571 2628 βουλευτηρίῳ
1605 2556 1764 2624 λόγον
1794 2559 1966 2611 ἐνκω-

397 2641 685 2709 μιαστικὸν
723 2643 805 2703 εἰς
857 2643 957 2713 τὴν
995 2643 1163 2715 αὐτὴν
1207 2645 1542 2718 Ἀντιόχειαν
1582 2649 1738 2703 πόλιν
1777 2651 1875 2705 καὶ
1911 2652 1973 2704 τὸ

394 2729 691 2803 λεγόμενον
729 2733 1136 2806 βουλευτήριον,
1175 2737 1464 2811 καθημένη
1513 2741 1738 2796 εἴσωθεν
1777 2741 1969 2814 δίφρου

393 2823 689 2895 όλοχρύσου
713 2827 806 2879 καὶ
835 2827 1078 2882 διαλίθου
1112 2829 1396 2900 βασιλικοῦ
1414 2848 1428 2861 '
1465 2832 1558 2885 καὶ
1579 2831 1816 2904 ἔκραξαν
1833 2835 1968 2906 αὐτῇ

394 2915 444 2966 oi
483 2913 584 2984 τῆς
631 2916 804 2986 αὐτῆς
851 2919 1088 2983 πόλεως·
1141 2921 1234 2975 καὶ
1275 2921 1542 2995 ἀνηνέχθη
1595 2926 1729 2995 αὐτῇ
1782 2926 1970 2998 ἐντῷ

397 3006 766 3082 βουλευτηρίῳ
791 3011 921 3066 είσω
948 3012 1114 3066 είκὼν
1129 3013 1410 3086 ένχρυσος,
1438 3018 1531 3070 καὶ
1559 3017 1660 3088 (εἰς
1682 3017 1742 3072 τὸ
1766 3018 1980 3088 αὐτῶν)

2082 716 2384 780 publicum,
2415 716 2688 785 capitibus
2732 717 2951 772 nudatis
2987 728 3037 774 et
3080 721 3436 775 excalcea'aa.
3470 718 3662 789 EXigP-

2084 811 2243 864 batur
2304 821 2524 872 autem,
2571 809 2724 876 jussu
2787 811 2955 879 ipsius
3026 812 3246 868 Arcadii
3298 813 3530 880 Augusti
3609 824 3661 866 et

2081 901 2338 956 Eudoxiu:
2381 901 2652 972 conjugis,
2686 910 2744 956 ιιι
2775 902 2857 956 vel
2894 918 3014 958 cum
3051 903 3297 960 Ecclesia
3340 904 3662 960 communi-

2081 1002 2290 1057 carent,
2320 993 2404 1046 vel
2434 1007 2685 1064 magnam
2735 994 2852 1046 auri
2887 995 2992 1048 vim
3036 995 3412 1063 persolverent
3451 1034 3468 1050 .
3547 1033 3563 1049 .
3641 1033 3660 1050 .

2082 1123 2097 1138 .
2176 1123 2192 1139 .
2270 1124 2284 1139 .
2313 1084 2536 1141 Pomum
2568 1083 2748 1141 aﬂ'erri
2774 1083 2956 1153 jussit,
2983 1086 3143 1158 eique
3172 1088 3449 1154 ostendit;
3474 1089 3663 1159 iraque

2078 1193 2201 1232 cum
2237 1176 2418 1246 jurgio
2443 1186 2727 1246 concepta,
2749 1177 3059 1245 suspicatus
3089 1192 3305 1247 quoque
3336 1185 3422 1233 est
3452 1193 3480 1232 a
3517 1177 3660 1232 Pau-

2081 1271 2189 1326 lino
2232 1270 2524 1325 Eudociam
2553 1269 2855 1336 Augustam
2905 1269 3076 1322 amari
3116 1283 3131 1323 :
3180 1285 3342 1338 quam
3393 1270 3464 1325 ob
3519 1285 3665 1333 rem.

2077 1362 2326 1417 eumdem
2365 1360 2650 1415 Paulinum
2683 1361 2911 1415 interﬁci
2943 1356 3116 1429 jussit
3149 1359 3447 1430 imperator
3491 1360 3659 1416 Theo.-

2077 1454 2281 1509 dosius.
2337 1452 2475 1508 Hinc
2522 1451 2761 1521 Augusta
2826 1451 3053 1506 domina
3128 1450 3364 1507 Eudocia
3425 1467 3657 1507 interere

2077 1553 2350 1613 correpta,
2381 1553 2436 1598 et
2467 1557 2525 1598 se
2575 1543 2905 1601 contumelia
2956 1541 3204 1601 affectam
3261 1551 3480 1613 putans,
3529 1543 3656 1606 quia

2077 1635 2278 1705 ubique
2312 1633 2548 1693 innotuit
2577 1633 2722 1704 quod
2759 1631 2879 1701 ejus
2911 1647 3075 1687 causa
3141 1630 3401 1687 Paulinus
3454 1632 3658 1688 formo-

2076 1743 2170 1782 sus
2207 1726 2424 1796 juvenis
2487 1725 2680 1782 fuisset
2736 1727 2992 1790 occisus...
3043 1726 3200 1796 petiit
3259 1742 3287 1780 a
3346 1723 3672 1784 Theodosio.

2075 1822 2339 1892 Augusto,
2380 1829 2438 1876 ut
2465 1820 2568 1876 sibi
2600 1821 2666 1875 ad
2699 1829 2895 1875 sancta
2947 1819 3066 1876 loca
3099 1819 3290 1874 arandi
3325 1819 3498 1889 gratia
3524 1834 3654 1888 prov-

2079 1916 2246 1973 lieisci
2273 1915 2496 1980 liceret;
2529 1929 2638 1984 qua
2671 1912 2932 1969 facultate
2982 1913 3296 1982 impetrata,
3339 1910 3656 1967 Constanti-

2078 2005 2257 2074 nopoli
2293 2002 2863 2083 venitliierosolyma,
2923 2003 3460 2059 orationiscausam
3514 2017 3655 2072 prae-

2078 2110 2301 2166 texens;
2339 2106 2394 2153 et
2421 2097 3068 2168 Antiochiammagnam
3101 2097 3370 2168 ingressa,
3416 2109 3659 2166 panegy-

2076 2187 2248 2241 ricum
2292 2200 2601 2242 sermonem
2635 2185 2688 2239 in
2735 2185 2886 2242 curia
2922 2186 3057 2240 dixit
3102 2185 3169 2240 de
3201 2186 3315 2254 ipsa
3362 2184 3654 2240 Antiochia

2074 2279 2302 2349 ejusque
2362 2287 2578 2342 senatu,
2642 2277 2840 2334 sedens
2907 2277 2960 2332 in
3021 2292 3188 2332 aurea
3247 2275 3424 2332 curuli
3494 2273 3648 2343 sella,

2076 2351 2355 2439 regalibus
2384 2368 2616 2439 gemmis
2651 2367 2950 2432 distincta;
2984 2367 3143 2437 eique
3166 2382 3196 2420 a
3241 2367 3450 2422 civibus
3496 2366 3652 2435 plau-

2075 2479 2196 2518 sum
2256 2472 2378 2529 est;
2441 2462 2727 2530 eidemque
2785 2460 3040 2515 dedicata
3100 2459 3202 2515 fuit
3261 2461 3406 2515 intra
3478 2459 3648 2528 ipsam

2075 2555 2286 2611 curiam
2338 2569 2507 2613 aurea
2561 2555 2761 2623 imago,
2817 2562 2872 2609 et
2929 2555 2981 2608 in
3029 2553 3236 2608 urbano
3273 2566 3461 2606 museo
3509 2565 3649 2604 terea

2076 2660 2280 2714 statua.
2345 2664 2574 2719 quarum
2643 2645 3011 2717 utraque'ad
3076 2647 3217 2700 hanc
3272 2659 3448 2714 usque
3507 2643 3662 2698 diem.

2077 2751 2283 2796 manet.
2315 2739 2451 2794 Tum
2486 2739 2804 2796 muneribus
2825 2738 3179 2794 Autiochena:
3206 2737 3326 2792 urbi
3369 2737 3669 2800 donatis...,

2077 2833 2248 2889 multa
2292 2833 2684 2905 Hierosolymis
2736 2833 2940 2888 struxit
2987 2829 3239 2896 aediﬁcia,
3295 2837 3350 2883 et
3400 2837 3675 2884 sanctum.

2074 2941 2292 2996 quoque
2368 2941 2584 2980 murum
2657 2923 3209 2994 Hierosolymitanum
3282 2919 3672 2983 instauravit,_

2073 3017 2259 3072 dicens
2287 3016 2544 3071 Davidem
2570 3015 2637 3071 de
2657 3029 2716 3070 se
2745 3015 2860 3085 ipsa
2894 3014 3059 3068 verba
3089 3013 3175 3066 illa
3230 3011 3521 3081 protulisse
3545 3032 3558 3066 :
3592 3009 3670 3078 lu.

397 3101 648 3167 μουσεῖον
697 3101 865 3172 στήλη
910 3102 1087 3174 χαλκῆ
1128 3105 1281 3169 εἴσω,
1332 3106 1534 3173 (ἅτινα)
1584 3107 1690 3172 ἕως
1733 3109 1832 3179 τῆς
1871 3110 1968 3163 νῦν

2074 3106 2416 3178 beneplacito
2450 3104 2714 3177 (εὐδοκία)
2742 3114 2833 3160 ιιιο
2879 3101 3292 3158 aadilicabuntur
3320 3101 3466 3156 muri
3492 3097 3651 3154 Jeru-

396 3187 664 3244 ίστανται.
706 3191 818 3257 Καὶ
863 3193 1337 3264 φιλοτιμησαμένη
1381 3199 1449 3264 τῇ
1486 3195 1593 3249 τῶν
1648 3197 1968 3268 ’Λντιοχέων

2074 3199 2264 3263 salem,
2294 3199 2544 3253 Domine.
2599 3197 2844 3266 Cumque
2869 3195 3264 3267 Hierosolymis
3316 3191 3650 3249 domicilium

395 3277 548 3331 πόλει
579 3294 592 3307 °
629 3295 642 3308 ·
687 3295 702 3310 ⁸
746 3279 896 3350 (17)·
935 3298 948 3311 ο
995 3299 1007 3312 ο
1050 3271 1582 3355 [κα“ιὲκτισεν]ἐίς
1620 3284 1968 3358 Ἱεροσόλυμα

2074 3291 2471 3354 constituisset,
2509 3291 2692 3360 ibique
2716 3289 2896 3358 regale
2921 3287 3023 3342 sibi
3045 3287 3355 3356 sepulcrum
3383 3291 3649 3354 parasset»,

395 3369 568 3423 πολλὰ
608 3369 683 3443 [ί.
721 3370 809 3426 64.
839 3374 935 3445 1).]
960 3417 973 3438 ,
1017 3375 1113 3427 καὶ
1159 3374 1220 3427 τὸ
1258 3377 1436 3445 τεῖχος
1475 3376 1629 3444 ἅγιον
1667 3377 1969 3433 ἅνενέωσεν

2077 3380 2315 3435 excessit
2364 3395 2395 3435 e
2426 3381 2556 3444 vita,
2615 3380 2898 3434 eteadem
2949 3379 3002 3432 in
3059 3379 3192 3432 urbe
3243 3385 3324 3431 est
3381 3373 3650 3444 deposita.

393 3463 496 3532 τῆς
529 3464 906 3536 Ἰερουσαλὴμ.
951 3464 1182 3520 εἰποῦσα
1215 3466 1296 3519 ὃτι
1329 3468 1408 3519 Δι’
1445 3467 1543 3536 ἐμὲ
1576 3463 1727 3521 εἶπεν
1760 3471 1788 3522 6
1835 3489 1969 3542 προ-

2077 3471 2235 3526 Morti
2284 3485 2413 3527 vero
2469 3471 2741 3539 proxima,
2771 3467 3127 3536 jurejurando
3173 3463 3480 3527 afﬁrmavit,
3518 3461 3653 3517 nihil

393 3555 574 3625 φήτης
615 3556 796 3619 Δαόἱδ,
857 3557 944 3612 Ἐν
985 3558 1202 3629 εὐδοκία
1231 3575 1324 3611 σου
1370 3558 1858 3630 οἰκοδομηθήσεται
1899 3564 1968 3619 τὰ

2074 3565 2141 3619 ad
2175 3579 2235 3621 se
2292 3565 2570 3636 pertinere
2617 3562 3162 3632 calumniam,quam
3219 3558 3428 3625 Paulini
3483 3573 3650 3616 causa

393 3645 547 3716 τείχη
583 3646 968 3720 Ἰερουσαλὴμ,
1009 3648 1200 3720 Κύριε.
1234 3649 1362 3702 Kal;
1378 3649 1606 3719 μείνασα
1645 3652 1726 3714 είς
1745 3652 1840 3722 τὴν
1865 3654 1964 3708 αὑ-

2074 3657 2178 3712 sibi
2217 3657 2536 3712 intulerant.

391 3741 490 3810 τὴν
517 3739 894 3813 Ἰερουσαλὴμ,
917 3743 1011 3795 καὶ
1033 3742 1266 3796 κτίσασα
1293 3742 1408 3794 ἐκεῖ
1442 3744 1608 3815 ἑαυτῇ
1677 3747 1866 3818 μνῆμα
1901 3747 2199 3818 βασιλικὸν,
2273 3750 2552 3816 ἐτελεύτα,
2614 3751 2706 3806 καὶ
2769 3749 2929 3821 ἐτέθη
2964 3751 3082 3803 ἐκεῖ
3119 3749 3178 3800 ὲν
3214 3745 3608 3815 Ἱεροσολύμοις
3632 3758 3648 3775 ⁸

391 3831 521 3886 ἔνθα
559 3833 604 3886 δ’
671 3833 896 3903 ἔμελλεν
960 3834 1221 3906 τελευτᾷν
1241 3872 1268 3900 ,_
1327 3835 1652 3906 ἐπωμόσατο
1699 3838 1775 3909 μὴ
1834 3840 2128 3897 συνειδέναι
2164 3845 2230 3915 τῇ
2299 3843 2606 3915 κατηγορίᾳ
2630 3846 2718 3918 τῇ.
2764 3842 3039 3912 γεναμένῃ
3099 3839 3221 3905 κατ’
3255 3837 3424 3910 αὐτῆς
3462 3839 3651 3891 ἕνεκεν

391 3925 660 3989 Παυλίνου
695 3926 830 3998 (l8).

471 4018 531 4072 '0
563 4018 621 4071 δὲ
667 4018 831 4083 αὐτὸς
887 4020 1168 4085 Θεοδόσιος
1218 4019 1477 4099 βασιλεὺς
1517 4018 1920 4096 [ἐτελεύτησεν
1950 4043 1963 4056 ·

388 4105 457 4191 ἦν
487 4110 582 4182 δὲ]
611 4110 774 4181 φύσιν
800 4111 1021 4183 ὡραῖος,
1051 4113 1400 4186 λευκόχρους,
1446 4114 1698 4183 εὔθετος.⁹
1734 4115 1967 4190 εὗρινος,

389 4203 678 4276 εὖστηθος,
750 4205 975 4276 μέλασιν
1025 4206 1250 4276 ὅφροις,
1327 4209 1627 4281 ἁπλόθριξ,
1707 4210 1969 4265 δασυπώ-

2074 4221 2416 4280 pcetorosus,
2477 4211 2646 4281 nigris
2718 4211 3048 4281 superciliis,
3114 4218 3370 4280 porrecto
3430 4207 3650 4276 capillo,

388 4313 501 4365 γων
539 4313 554 4326 ο
589 4313 602 4326 ·
640 4315 652 4328 ·
685 4298 714 4362 ξ
746 4313 761 4329 ⁸
800 4314 814 4327 ⁸
852 4315 864 4328 ”
897 4299 1309 4370 μεγαλόψυχος,
1353 4301 1713 4373 εὐχαρ(ίεις),
1761 4303 1969 4373 ἐλλόγι-

2074 4304 2345 4372 densaque
2373 4302 2540 4364 barba
2569 4302 2686 4368 vlr;
2727 4303 2942 4372 idem...
2987 4301 3391 4371 magnanimus,
3440 4298 3649 4368 gratio-

393 4409 520 4462 μσς,
575 4392 726 4462 παρὰ
771 4394 973 4457 παντὸς
1027 4392 1119 4447 τοῦ
1165 4394 1338 4466 δήμου
1379 4393 1707 4468 φιλούμενος
1750 4397 1846 4452 καὶ
1865 4399 1967 4470 τῆς

2074 4409 2185 4460 sus,
2212 4395 2712 4467 eruditus,_populo
2746 4395 3005 4458 universo
3055 4408 3133 4454 ac,
3161 4391 3372 4450 senatui
3422 4393 3646 4456 charos,

393 4485 722 4556 συγκλήτου.

472 4598 593 4651 Ἐπὶ
625 4600 682 4653 δὲ
715 4601 814 4667 τῆς
859 4601 1136 4670 βασιλείας
1163 4599 1258 4654 τοῦ
1311 4602 1478 4656 αὐτοῦ
1529 4602 1814 4658 Θεοδοσίου
1863 4607 1961 4660 καὶ

2141 4602 2447 4658 Theodosio
2479 4611 2534 4658 et
2575 4601 2958 4669 Valentiniano
2996 4597 3370 4668 regnantibus,
3419 4597 3650 4665 expedi;

390 4692 799 4748 Βαλεντινιανοῦ
829 4695 940 4766 (19)
966 4695 1404 4767 ἐπεστράτευσεν
1430 4697 1568 4750 κατὰ
1608 4697 1827 4769 Ῥώμης
1871 4701 1966 4753 καὶ

2074 4697 2266 4752 tionem
2295 4695 2532 4764 suscepit
2556 4693 2824 4757 adversus
2851 4690 3078 4760 Romam
3105 4700 3162 4745 et
3182 4691 3670 4757 Coustautiuopo;

389 4787 1016 4852 Κωνσταντινουπόλεως
1051 4789 1318 4894 Ὀττιλᾶς,
1347 4793 1376 4844 ὁ
1411 4791 1476 4844 ἐκ
1497 4788 1593 4844 τοῦ
1636 4790 1828 4858 γένους
1855 4790 1964 4842 τῶν

390 4877 661 4951 Γηπίδων,
697 4881 838 4954 ἔχων
869 4877 1083 4954 πλῆθοξ
1114 4884 1396 4954 μυριάδων
1437 4882 1680 4950 πολλῶν,
1716 4883 1966 4955 δηλώσας

2138 4026 2260 4097 Ipse
2289 4042 2507 4098 quoque
2555 4027 2896 4090 Theodosius
2955 4025 3130 4092 obiit;
3177 4024 3287 4099 qui:
3320 4022 3420 4078 fuit
3469 4023 3651 4092 specie

2071 4120 2331 4184 formosa,
2395 4121 2676 4186 candidus,
2726 4121 2863 4174 bene
2919 4127 3258 4188 compactus,
3305 4118 3454 4186 justo
3493 4130 3649 4179 naso,

2066 4884 2219 4954 isque
2276 4881 2443 4949 misso
2477 4879 2686 4947 ,nuntio
2720 4875 2952 4942 Romam
2985 4877 3052 4930 ad
3089 4877 3526 4937 Valentinianum
3569 4877 3671 4936 ita,

2063 5059 2229 5125 linum
2251 5058 2642 5128 jussitoccidi.

2138 5123 2269 5197 (16f
2307 5123 2584 5183 Hactenus
2629 5129 2989 5200 fragmentum
3054 5144 3241 5200 prupei
3298 5129 3391 5182 ad
3420 5129 3642 5181 verbum

2064 5210 2245 5256 exstat
2275 5200 2606 5268 exscriptqu
2648 5199 2786 5267 apud
2828 5199 3076 5253 lllalalam
3102 5216 3154 5266 p.
3184 5199 3290 5265 22;
3326 5213 3430 5252 non
3461 5208 3642 5252 tamen

2065 5271 2347 5338 sequentia
2379 5273 2445 5322 de
2475 5269 2724 5324 Eudociu:
2755 5272 2806 5322 in
2841 5272 2986 5326 urbe,
3016 5269 3304 5323 Antiochia
3351 5269 3640 5332 concione,

2066 5353 2121 5394 et
2154 5341 2219 5395 de
2249 5342 2546 5394 honoribus
2573 5341 2621 5393 ei
2651 5341 2919 5403 decretis;
2952 5355 3071 5406 qua:
3096 5340 3218 5392 aliis
3253 5340 3434 5392 verbis
3456 5338 3646 5406 legun-

2071 5421 2156 5466 tur
2189 5410 2384 5480 partim
2418 5409 2556 5479 apud
2588 5410 2874 5480 Evagrium
2903 5409 3040 5463 Hist.
3067 5410 3165 5480 lib.
3187 5426 3224 5473 ι,
3250 5410 3346 5480 20.

2138 5482 2250 5551 (l7)
2285 5479 2489 5551 Desunt
2530 5491 2648 5551 tres
2694 5479 2894 5551 saltent
2938 5479 3250 5551 versit-uli._
3279 5479 3413 5551 lliuc
3462 5489 3640 5551 autem

459 5057 572 5128 (li)
602 5057 870 5128 Graphice
894 5073 1080 5115 narrat
1114 5061 1258 5116 hunc
1300 5062 1556 5116 adversus
1581 5059 1952 5130 Chrysostomi

389 5137 689 5183 sectatores
749 5133 1177 5194 persecutionem
1240 5131 1405 5184 etiam
1472 5130 1811 5185 Sozomenus
1856 5130 1951 5185 lib.

388 5213 512 5264 vut,
553 5201 643 5264 ‘23,
674 5210 730 5254 et
751 5199 843 5254 24.
879 5201 946 5254 Et
989 5203 1206 5270 quidem
1253 5203 1394 5256 inter
1445 5202 1700 5255 multatos
1739 5201 1808 5255 ob
1836 5217 1954 5254 eam

389 5285 504 5341 rem
529 5271 756 5341 pecunia
789 5271 945 5338 ponit
969 5269 1101 5325 duas
1131 5273 1372 5326 illustres
1408 5271 1640 5330 feminas
1682 5269 1957 5341 Olympia-

385 5339 508 5394 dem
540 5350 596 5395 et
623 5339 750 5394 Nica
761 5351 947 5394 retetu.

459 5410 574 5482 (l5)
610 5410 714 5482 Res
747 5427 812 5464 ex
848 5411 967 5464 aliis
1020 5425 1238 5480 quoque
1272 5411 1577 5482 historicis.
1611 5411 1746 5466 satis
1805 5423 1969 5476 nuta,

389 5479 609 5538 Scilicet
640 5481 1010 5552 nTheodosius
1039 5479 1047 5552 ξ
1083 5482 1212 5547 imp.
1238 5481 1499 5552 insignis
1526 5539 1530 5543 ,
1567 5484 1955 5552 magnitudinis

386 5567 604 5622 pauium
636 5551 886 5606 Eudociae
931 5551 1143 5620 conjugi
1200 5547 1507 5622 obtulerat;
1562 5547 1684 5606 haec
1735 5551 1960 5606 Paulino
2065 5547 2252 5605 rursus
2284 5550 2502 5604 Malalas
2542 5567 2598 5619 p.
2625 5549 2714 5617 29,,
2755 5561 2809 5606 et
2859 5550 3056 5622 Glycns
3097 5553 3184 5603 ed.
3229 5549 3407 5622 Paris.
3433 5563 3486 5617 p.
3515 5547 3638 5622 261.

381 5616 767 5692 juvettjiaulieo
799 5616 1208 5687 transmiserat:
1235 5621 1325 5692 qui
1358 5616 1776 5690 praecedentium
1810 5625 1958 5692 igna-
2136 5623 2248 5688 (18}
2280 5623 2409 5687 Qua:
2433 5616 3017 5692 sequunturdeforme
3057 5622 3301 5692 corporis
3347 5616 3638 5692 Theodosii

387 5688 504 5757 rus,
536 5690 842 5747 Theodosio
895 5693 991 5762 ipsi
1043 5688 1268 5760 pomum
1291 5688 1434 5745 idem
1467 5693 1606 5746 dono
1639 5694 1784 5746 misit
1809 5688 1953 5762 z'qui
2063 5692 2431 5760 imperatoris,
2463 5695 2661 5762 absunt
2691 5707 2720 5744 a
2746 5690 2970 5756 Malala;
2998 5691 3090 5744 sed
3135 5688 3463 5762 conferenda
3514 5698 3645 5762 sunt

387 5758 1003 5833 zelotypiu.couuuntits,
1042 5758 1264 5814 uxorem
1296 5763 1669 5833 interrogavit,
1695 5758 1950 5830 quidnam
2060 5758 2180 5814 cum
2230 5764 2392 5816 dictis
2453 5765 2520 5816 ab
2577 5761 2883 5830 lipbrnemio
2918 5759 3458 5833 chronograpltu__(_v.
3514 5758 3638 5811 700.

2057 5833 2234 5900 seqq.)
2264 5849 2424 5900 (ιιιιτηι
2463 5848 2558 5885 nos
2605 5829 2873 5885 edidimus
2905 5831 3099 5896 Scripl.
3136 5841 3230 5883 vet.
3269 5841 3307 5885 t.
3342 5829 3422 5881 Ill.

2126 5897 2235 5970 (l9)
2283 5897 2511 5968 Ὶιιιιτιιξ
2572 5901 2789 5960 Μειιοίιιδ
2867 5902 2969 5968 loc.
3034 5902 3180 5976 sit,
3218 5911 3269 5956 et
3341 5897 3638 5964 (.‘Iujouicop

2049 5978 2317 6042 paschale.
3613 5989 3615 5992 ⁴

387 5831 602 5888 demunt
627 5849 783 5902 pomo
818 5833 886 5884 illi
919 5833 1116 5884 factum
1168 5843 1332 5886 esset.
1373 5831 1464 5902 Illa
1500 5831 1559 5884 si:
1592 5833 1950 5894 manducasse

389 5901 740 5957 tuentita’cst.
785 5904 921 5956 Tum
973 5918 1130 5969 pomo
1167 5903 1374 5970 prolato
1424 5901 1775 5966 Tlteodusius-
1810 5921 1946 5956 uxo-

386 5989 501 6029 rem
535 5975 733 6030 acriter
767 5974 1054 6043 increpuit,
1085 5983 1137 6028 et
1177 5973 1517 6048 deportatum
1569 5974 1753 6042 procul
1803 5974 1943 6029 Pau-

2065 4791 2156 4844 lim
2191 4787 2410 4852 Attilas,
2444 4797 2605 4858 gente
2625 4785 2851 4855 Gepida,
2881 4799 3004 4838 cum
3040 4784 3332 4838 innumero
3359 4783 3599 4848 exercitu
3625 4798 3676 4851 ς,
3738 4824 3740 4826 .
