4164 6528
561 477 697 545 1815

1266 481 1654 542 ΑΡΡΕΝΒΙΧ
1685 480 1783 538 AD
1822 478 1996 540 S.EC.
2035 480 2101 539 V.

2238 478 2706 539 FRAGMENTA
2746 484 3177 547 IIIS'I‘ORICA.

3675 478 3817 540 18l6

559 594 831 651 inttmavit
850 610 865 645 :
886 592 1101 649 Nuntiat
1134 593 1227 648 libi
1255 609 1350 662 per
1380 607 1465 646 me
1496 593 1743 646 dominus
1761 607 1913 646 meus
1936 590 2128 645 simul-

2236 588 2323 642 διὰ
2344 590 2680 660 πρεσϐευτοῦ
2710 595 2874 647 αὐτοῦ
2910 596 3305 666 Βαλεντινιανῴ
3351 593 3558 664 βασιλεῖ
3583 593 3639 644 ὲν
3675 592 3815 641 Τὼ-

559 704 667 758 que
714 686 968 743 dominus
1013 696 1134 741 tuus
1186 686 1404 749 Attilas,
1455 695 1513 738 ut
1561 686 1609 739 ei
1662 684 1924 754 palatium
1984 694 2135 737 tuum

561 784 763 837 habeas
794 790 1132 850 apparatum.

2245 698 2321 751 μη
2344 698 2357 711 ”
2409 684 2729 737 Ἐκέλευσὲν
2758 704 2838 739 σοι
2865 689 2931 740 δι’
2972 691 3107 758 ἐμοῦ
3130 690 3159 740 ό
3178 689 3447 755 δεσπότης
3477 702 3577 756 μου
3602 683 3696 735 καὶ
3723 682 3815 733 65-

2245 772 2450 840 σπότης
2475 791 2569 826 σου
2617 776 2882 843 Ἀττιλᾶς,
2905 781 2989 833 ἵνα
3028 780 3397 852 [εὐτρεπίσῃς
3420 775 3568 848 αὑτῷ
3600 775 3661 828 τὸ
3703 790 3813 826 πα-

2240 862 2424 916 λάτιόν
2447 882 2561 919 σου.
2588 866 2607 937 ]
2954 884 2955 887 ‘

1851 1151 2383 1214 FRAGMENTUM
2436 1158 2543 1217 III.

542 1282 546 1305 ²
628 1292 857 1349 Creatus
895 1304 977 1349 est
1007 1293 1295 1363 priefectus
1346 1294 1593 1359 Ruﬁnus,
1626 1296 1851 1365 Augusti
1908 1295 2123 1359 aliinis;

558 1386 650 1438 sed
676 1387 869 1442 deinde
894 1387 1047 1456 quasi
1074 1386 1411 1458 tyrannidem
1439 1385 1702 1441 allectans
1728 1389 1843 1441 neci
1874 1389 2127 1443 traditus.

629 1568 772 1622 Idem
804 1566 1141 1624 TheodOsius
1163 1566 1563 1639 Clirysapliium
1592 1569 1809 1622 amabat
1849 1570 2132 1624 cubicula-

557 1662 719 1724 rium,
748 1661 1071 1730 cognomine
1102 1660 1417 1725 Summane,
1449 1671 1506 1713 ut
1537 1663 1748 1732 egregia
1774 1662 1929 1729 plane
1960 1662 2133 1719 forma

557 1755 864 1823 praeditum,
889 1763 941 1807 et
965 1755 1009 1806 ei
1032 1755 1292 1823 quidquid
1327 1765 1535 1823 peteret
1570 1754 2135 1827 largiebatur:itaque

558 1846 606 1898 is
641 1845 876 1914 potentia
906 1846 1136 1916 plurima
1168 1856 1329 1915 atque
1354 1847 1547 1902 liducia
1576 1850 1717 1917 apud
1743 1850 1989 1904 eumdem
2022 1851 2137 1919 pol-

2308 1300 2327 1373 [
2358 1304 2613 1375 Προήχῦη
2656 1306 2894 1376 ἔπαρχος
2934 1307 3213 1373 Ῥουφῖνος
3257 1302 3437 1373 (19⁵)]
3476 1304 3504 1355 ὀ
3537 1298 3813 1368 συγγενὴς

2239 1394 2320 1468 [ί.
2349 1398 2436 1451 (i5.
2462 1397 2554 1470 a.]
2582 1399 2853 1461 Βασιλέως
2904 1399 2999 1451 καὶ
3042 1395 3311 1466 ὲφονεύθη
3377 1394 3452 1459 ὡς
3508 1392 3813 1463 μελετήσας

2237 1490 2551 1555 τυραννίδα.

2322 1582 2378 1635 Ὀ
2415 1582 2470 1634 δὲ
2501 1582 2663 1645 αὐτὸς
2704 1582 2983 1644 Θεοδόσιος
3024 1580 3199 1650 ἐφίλει
3240 1579 3331 1632 τὸν
3378 1578 3694 1649 Χρυσάφιον
3718 1573 3813 1627 τὸν

2240 1675 2704 1748 κουϐικουλάριον,
2743 1676 2835 1727 τὸν
2876 1675 3171 1744 λεγόμενον
3199 1672 3495 1743 Στούμμαν
3515 1711 3529 1735 ,
3565 1674 3640 1734 ὡς
3665 1670 3812 1727 τάνυ

2237 1766 2487 1837 εὐπρεπῆ
2526 1768 2691 1833 ὅντα,
2724 1768 2818 1820 καὶ
2861 1769 3121 1837 παρεῖχεν
3172 1764 3322 1836 αὑτῷ
3368 1764 3537 1817 πολλὰ
3581 1764 3681 1816 ὅσα
3742 1762 3813 1814 ἂν

2238 1857 2438 1928 ᾔτησεν
2486 1858 2670 1922 αὑτὸν,
2720 1858 2812 1911 καὶ
2852 1857 3085 1928 ἠδύνατο
3136 1858 3263 1927 παρ’
3306 1856 3456 1926 αὐτῷ
3497 1853 3813 1926 παρρησίαν

559 1937 735 2000 lebat,
766 1953 1142 2007 summamque
1183 1941 1517 2008 negotiorum
1582 1940 1820 2005 tenebat,
1849 1953 2041 1996 cuncta
2066 1943 2129 1996 ad

2238 1950 2396 2019 ἔχων,
2432 1949 2525 2003 καὶ
2552 1952 2800 2020 κατεῖχεν
2839 1948 2946 2002 τῶν
2996 1949 3339 2020 πραγμάτων
3389 1947 3570 2019 (πρὸς)
3616 1946 3811 1999 ἑαυτὸν

557 2048 711 2085 suam
764 2034 1047 2086 utilitatem
1091 2044 1412 2089 convertens
1460 2045 1518 2091 et
1562 2036 1796 2101 rapiens.
1831 2036 1960 2090 Erat
1989 2038 2133 2091 enim

558 2122 757 2191 ubique
798 2132 1056 2191 patronus
1083 2134 1137 2177 et
1164 2140 1363 2194 praeses
1394 2124 1642 2179 factionis
1677 2124 1938 2180 Prasinw.

630 2216 827 2271 Eodem
861 2216 1171 2272 Theodosio
1220 2228 1499 2288 regnante,
1536 2219 1836 2273 neomeniae
1864 2230 2131 2286 tempore,

556 2309 870 2364 Nicomedia
930 2308 1197 2381 Bithynia:
1267 2312 1583 2378 metropolis
1668 2313 1912 2380 quintam
1978 2327 2132 2365 suam

557 2402 922 2457 calamitatem
978 2418 1135 2471 passa
1191 2412 1296 2468 est,
1355 2403 1472 2458 solo
1517 2412 1808 2473 prostrata,
1866 2412 1922 2457 et
1972 2402 2134 2456 simul

557 2496 813 2564 absorpta
842 2496 998 2548 mari.
1025 2493 1100 2548 Ibi
1131 2510 1349 2564 quoque
1382 2495 1719 2550 Theodosius
1748 2494 1915 2549 multa
1963 2496 2134 2549 aedili-

557 2589 637 2642 cia
701 2589 962 2650 condidit,
1025 2590 1215 2644 balnea
1276 2588 1511 2652 scilicet,
1564 2588 1841 2657 porticus,
1893 2598 2131 2657 portum,

554 2690 718 2748 atque
758 2681 1093 2748 prretorium,
1130 2682 1257 2735 item
1280 2679 1684 2736 confessionem
1712 2680 1886 2736 sancti
1933 2679 2129 2734 Anthi-

555 2770 655 2833 mi,
680 2770 903 2838 ejusque
946 2786 1136 2826 omnes
1157 2772 1439 2825 ecclesias.

624 2955 824 3009 Eodem
883 2956 1057 3009 adhuc
1111 2963 1391 3025 regnante,
1424 2952 1593 3008 Isauri
1630 2954 1945 3022 praedonum
1967 2954 2132 3008 duces

557 3045 861 3100 Seleuciam
901 3046 1071 3115 Syriae
1118 3054 1546 3114 occupaverunt,
1583 3060 1768 3101 mense
1812 3045 2127 3110 Februario,

554 3138 866 3192 consulibus
895 3137 1013 3206 ipso
1060 3136 1366 3192 Theodosio
1394 3147 1448 3191 et
1490 3136 1816 3192 Romoride:
1864 3138 2130 3205 pristiam-

2237 2042 2388 2109 ἄγων
2421 2042 2516 2094 καὶ
2565 2042 2829 2114 ἁρπάζων
2882 2041 3062 2096 πάντα
3081 2041 3156 2073 ³³’
3202 2037 3268 2114 ἦν
3308 2041 3417 2111 γὰρ
3439 2042 3660 2110 πάτρων
3712 2037 3813 2091 καὶ

2237 2134 2550 2205 προστάτης
2577 2135 2687 2187 τῶν
2727 2135 3014 2206 Πρασίνων
3056 2134 3354 2204 πανταχοῦ.

2319 2224 2439 2276 Ἐπὶ
2464 2225 2520 2277 δὲ
2557 2225 2657 2294 τῆς
2696 2223 2977 2295 βασιλείας
3017 2224 3109 2278 τοῦ
3160 2223 3326 2277 αὑτοῦ
3357 2221 3643 2276 Θεοδοσίου
3672 2218 3811 2272 Eua.-

2236 2317 2327 2370 οεν
2359 2318 2496 2389 αὐτῇ
2531 2320 2797 2389 νεομηνία¹
2833 2319 2897 2351 ³³⁸
2936 2318 3274 2388 Νικομήδεια
3315 2314 3645 2387 μητρόπολις
3709 2313 3813 2382 τῆς

2236 2411 2489 2474 Βιθυνίας
2519 2412 2579 2464 τὸ
2600 2411 2851 2481 πέμπτον
2878 2411 3047 2480 αὐτῆς
3068 2410 3259 2475 πάθος,
3297 2410 3536 2481 ἑσπέρας
3565 2405 3811 2477 βαθείαςο

2235 2505 2331 2559 καὶ
2358 2505 2610 2559 ἀπώλετο
2655 2507 2735 2569 είς
2776 2509 2941 2573 γαῖαν
2977 2506 3072 2559 καὶ
3105 2507 3184 2568 εἰς
3218 2504 3493 2559 Θάλασσαν
3536 2518 3814 2555 καταπον-

2232 2600 2503 2653 τισθεῖσα.
2527 2600 2638 2653 Καὶ
2660 2599 2834 2652 πολλὰ
2884 2598 3096 2651 ἔκτισεν
3142 2598 3279 2662 ἐκεῖ,
3317 2598 3410 2650 καὶ
3451 2595 3521 2649 τὰ
3548 2595 3807 2665 δημόσια,

2233 2694 2327 2745 καὶ
2355 2693 2478 2754 τοὺς
2504 2691 2789 2761 ἐμϐόλους,
2826 2691 2921 2743 καὶ
2951 2690 3044 2743 τὸν
3072 2688 3290 2759 λιμένα,
3333 2687 3426 2741 καὶ
3452 2687 3521 2740 τὰ
3552 2703 3567 2717 ο
3598 2702 3612 2716 ·
3650 2701 3665 2714 ο
3705 2683 3813 2737 τώο

2236 2802 2328 2856 ρια
2357 2785 2425 2851 ³³,
2459 2785 2554 2837 καὶ
2593 2784 2655 2837 τὸ
2708 2782 3007 2853 μαρτύριον
3064 2782 3158 2835 τοῦ
3199 2780 3357 2850 ἁγίου
3406 2779 3685 2850 Ἀνθίμου,
3714 2775 3813 2832 καὶ

2235 2876 2417 2938 πάσας
2446 2875 2544 2937 τὰς
2570 2874 2868 2943 ἐκκλησίας
2894 2871 3081 2927 αὐτοῦ,

2319 2966 2442 3019 Ἐπὶ
2465 2965 2521 3018 δὲ
2551 2966 2650 3035 τῆς
2691 2964 2971 3036 βασιλείας
3003 2962 3167 3017 αὑτοῦ
3206 2962 3517 3033 παρέλαϐον
3555 2964 3605 3015 οἱ
3632 2963 3813 3015 Ἰσαυ-

2235 3074 2318 3127 ροι
2378 3056 2812 3129 λῃσταρχοῦντες
2866 3055 3186 3109 Σελεύκειαν
3222 3054 3368 3127 [τῆς
3410 3056 3633 3125 Συρίας,
3678 3053 3814 3124 μηνὶ

2233 3150 2474 3221 Περιτίῳ
2508 3149 2602 3201 ἐπὶ
2637 3148 2735 3217 τῆς
2764 3147 3030 3210 ὑπατείας
3055 3146 3147 3200 τοῦ
3180 3146 3344 3200 αὐτοῦ
3377 3146 3659 3199 Θεοδοσίου
3706 3146 3802 3198 καὶ

554 3244 658 3298 que
688 3240 939 3299 egerunt,
977 3240 1031 3282 et
1072 3230 1347 3299 regionem
1381 3238 1693 3295 vastarunt,
1754 3227 1901 3283 facta
1949 3230 2126 3297 irrup-

2244 3240 2560 3311 Ῥομορίδου
2581 3256 2594 3269 ⁸
2629 3239 2726 3292 καὶ
2754 3239 3155 3312 ἐπραίδευσαν[
3189 3239 3226 3294 f.
3260 3240 3347 3295 65.
3384 3242 3437 3294 b.
3459 3239 3477 3311 ]
3502 3241 3593 3292 καὶ
3617 3240 3813 3309 ἔστρε-

553 3324 701 3377 tione
732 3338 824 3391 per
850 3321 1091 3377 Amanos
1113 3333 1359 3388 montes;
1391 3321 1731 3392 direptisque
1772 3319 2044 3387 omnibus,
2074 3320 2125 3375 in

554 3412 817 3468 Isauriam
867 3416 1071 3469 reversi
1103 3424 1256 3469 sunt.

628 3601 741 3656 Sub
767 3600 955 3655 eodem
980 3601 1328 3669 imperatore,
1362 3600 1541 3655 divina
1585 3601 1957 3671 indignatione
1989 3602 2131 3658 Con-

554 3694 939 3761 stantinopolis
969 3695 1019 3747 in
1072 3694 1262 3761 primis
1312 3704 1473 3749 terra:
1531 3707 1677 3749 motu
1730 3713 1994 3752 concussa
2027 3698 2128 3751 fuit

553 3788 757 3841 mensis
784 3782 1028 3838 Januarii
1055 3784 1141 3838 die
1166 3784 1424 3852 vigesima
1464 3796 1640 3849 sexta,
1671 3798 1829 3841 noctu
1853 3804 1870 3853 ;
1914 3789 2130 3858 ruitque

552 3881 686 3933 urbs
721 3894 750 3931 a
803 3875 1107 3932 Troadensi
1173 3877 1386 3945 porticu
1422 3891 1593 3945 usque
1647 3879 1714 3931 ad
1774 3876 2127 3951 Tetrapyluni

552 3986 792 4036 aereum;
864 3971 936 4023 ita
993 3979 1051 4023 ut
1124 3971 1419 4039 imperator
1474 3987 1598 4025 cum
1659 3975 1885 4040 populo,
1943 3985 2130 4029 senatu

553 4064 829 4133 cleroque,
893 4063 1121 4132 nudipes
1186 4063 1371 4117 multis
1423 4063 1617 4118 diebus
1680 4064 2131 4135 supplicationem

553 4159 712 4210 dulei
729 4156 790 4209 it.

626 4347 825 4401 Eodem
861 4357 1103 4415 tempore
1120 4346 1313 4401 bellum
1342 4346 1519 4399 intulit
1546 4346 1809 4401 Romanis
1842 4347 2130 4403 Persarum

552 4458 650 4497 rex
701 4440 921 4510 Blasys:
950 4455 1055 4509 qua
1106 4455 1166 4494 re
1214 4440 1454 4510 cognita,
1501 4438 1780 4494 Romanus
1835 4443 2135 4510 imperator

553 4536 761 4590 ereavit
794 4536 984 4589 ducem
1022 4535 1077 4587 in
1103 4532 1473 4588 Orientalibus
1521 4534 1772 4603 partibus
1803 4533 2126 4604 Procopium

2230 3335 2339 3405 ψαν
2365 3337 2464 3406 τὴν
2495 3334 2705 3406 χώραν,
2742 3334 2989 3400 ἐλθόντες
3012 3334 3033 3407 ]
3067 3335 3156 3388 διὰ
3178 3335 3287 3387 τῶν
3327 3335 3498 3405 ὀρέων
3518 3334 3626 3386 τῶν
3653 3334 3811 3401 λεγο⁴

2234 3430 2411 3499 μένων
2461 3429 2710 3498 Ἀμανῶν
2735 3430 2800 3493 ³⁸,
2842 3429 2938 3481 κει)⁹
2967 3428 3145 3482 πάντα
3179 3427 3435 3491 λαϐόντες
3463 3428 3507 3459 ³⁸
3540 3426 3821 3496 ὑπέστρεο

2230 3520 2340 3591 ψαν
2372 3522 2452 3585 είς
2483 3520 2582 3591 τὴν
2608 3521 2905 3593 ἰσαυρίαν.

2319 3615 2441 3667 Ἐπὶ
2479 3614 2536 3667 δὲ
2566 3615 2665 3683 τῆς
2700 3614 2869 3682 αὐτῆς
2902 3614 3192 3678 Βασιλείας
3222 3614 3425 3667 ἔπαθεν
3472 3613 3578 3667 ὑπὸ
3607 3612 3816 3683 Θεομη-

2232 3708 2350 3771 νίας
2401 3707 2493 3759 καὶ
2548 3706 3118 3768 Κωνσταντινούπολις
3190 3706 3383 3778 πρώτη
3447 3705 3604 3778 [ὑπὸ
3664 3703 3816 3776 τοῦ]

2234 3797 2484 3867 σεισμοῦ,
2538 3797 2668 3866 μηνὶ
2720 3796 2960 3865 Αὐδινέῳ
2982 3797 3025 3827 ³⁷
3078 3796 3157 3867 τῷ
3188 3798 3281 3849 καί
3340 3795 3689 3866 ’Ῑανοῦαρίῳ,
3734 3797 3818 3847 εἰ-

2233 3890 2355 3941 κάδι
2384 3889 2540 3959 ἕκτῃ.
2558 3888 2751 3951 νυκτὸς
2773 3905 2784 3915 ·
2817 3891 2912 3941 καὶ⁵
2930 3887 3133 3942 ἔπεσαν
3152 3890 3195 3921 ³⁸
3225 3888 3332 3941 ἀπὸ
3351 3888 3462 3941 τῶν
3492 3888 3814 3959 λεγομένων

2233 3980 2604 4050 Τρωαδησίων
2672 3980 2920 4050 ἐμϐόλων
2958 3982 3003 4013 ³³
3047 3980 3156 4044 ἓως
3203 3982 3299 4035 τοῦ
3354 3979 3817 4050 Χαλκοτετραπύ-

2232 4073 2326 4125 λου
2369 4073 2508 4145 (20),
2548 4073 2689 4127 ὥστε
2718 4072 2765 4105 ⁵ο
2808 4075 2837 4126 ὁ
2877 4073 3133 4144 βασιλεὺς
3171 4074 3512 4128 ὲλιτάνευσεν
3548 4072 3687 4145 μετὰ
3718 4074 3815 4126 τοῦ

2232 4166 2389 4236 ὄχλου
2430 4166 2525 4220 καὶ
2550 4168 2647 4237 τῆς
2676 4165 2983 4237 συγκλήτου
3015 4168 3108 4220 καὶ
3130 4164 3224 4219 τοῦ
3251 4166 3455 4237 κλήρου
3479 4166 3815 4236 ἀνυπόδητος

2234 4262 2327 4311 ἐπὶ
2366 4259 2579 4330 ἡμέρας
2612 4260 2832 4322 πολλάς.

2319 4353 2406 4404 Ἐν
2449 4353 2503 4405 δὲ
2532 4352 2609 4422 τῷ
2642 4352 2789 4423 αὐτῷ
2818 4355 2997 4425 χρόνῳ
3020 4350 3185 4426 ἦλθεν
3220 4353 3476 4422 πολεμῶν
3518 4352 3815 4422 Ῥωμαίοις

2234 4438 2445 4502 Βλάσυς
2480 4437 2733 4507 βασιλεὺς
2778 4440 3004 4511 Περσῶν
3024 4457 3038 4469 ⁸
3076 4441 3172 4494 καὶ
3197 4441 3361 4508 γνοὺς
3386 4438 3561 4493 ταῦτα
3581 4441 3623 4470 ⁵¹
3653 4440 3680 4490 ὁ
3713 4438 3811 4508 βα-

2236 4532 2417 4593 σιλεὺς
2464 4531 2750 4601 Ῥωμαίων
2798 4531 3054 4602 ἐποίησεν
3097 4532 3479 4602 στρατηλάτην
3518 4530 3812 4599 Ἀνατολῆς

551 4627 867 4696 patricium,
927 4641 1160 4694 eumque
1195 4642 1316 4678 cum
1359 4626 1601 4679 exercitu
1635 4626 1802 4681 misit.
1862 4626 1957 4681 Cui
1991 4644 2129 4698 pra:-

2235 4623 2326 4677 τδν
2367 4624 2659 4694 πατρίκιον
2695 4625 3025 4694 Προκόπιον,
3058 4626 3153 4678 καὶ
3193 4623 3439 4694 ἐπεμψεν
3478 4625 3640 4676 αὑτὸν
3671 4622 3813 4692 μετὰ

553 4721 682 4774 lium
733 4719 968 4788 paranti,
1030 4717 1179 4771 misit
1220 4716 1467 4770 nuntium
1508 4716 1815 4786 huiusmodi
1858 4733 1952 4770 rex
2003 4718 2129 4773 Per-

550 4827 770 4865 sarum:
806 4825 999 4878 nempe
1026 4809 1071 4863 si
1101 4808 1155 4861 in
1187 4809 1305 4877 ejus
1339 4818 1538 4862 cuncto
1566 4808 1806 4862 exercitu
1856 4810 1939 4861 vir
1967 4808 2126 4876 foret,

550 4906 642 4973 qui
673 4904 934 4973 singulari
970 4901 1277 4957 certamine
1304 4900 1527 4955 Persam
1576 4918 1606 4955 a
1664 4916 1724 4957 se
1780 4900 2128 4972 deligendum

546 5000 816 5058 vinceret,
874 4997 1024 5065 pacis
1081 4994 1230 5048 illico
1291 4994 1343 5047 in
1402 4996 1800 5065 quinquaginta
1848 5011 2020 5050 annos
2072 5011 2130 5050 se

546 5092 728 5146 fmdus
760 5105 882 5144 esse
911 5090 1177 5144 icturum:
1215 5088 1357 5157 quod
1403 5088 1446 5141 si
1484 5086 1760 5142 Romanus
1784 5088 2121 5153 vinceretur,

642 5295 685 5325 ³³
726 5294 857 5347 (Ind.
890 5292 1088 5345 πάντα.

549 5364 682 5419 Nam
722 5368 801 5417 sic
839 5365 1004 5416 etiam
1034 5371 1221 5416 noster
1251 5362 1410 5428 paulo
1458 5362 1617 5416 inl'ra.

556 5436 810 5504 Snpplevi
841 5434 1023 5501 igitur.
1047 5450 1205 5501 πραι.
1238 5432 1456 5504 Malalas
1482 5432 1642 5486 habet
1668 5431 1893 5504 θεώρια.

551 5512 831 5558 evidenter
878 5504 1125 5567 λαϐότες.

552 5576 598 5606 ⁴⁰
627 5575 760 5632 Cod.
786 5593 923 5638 οστι,
964 5573 1086 5629 Mal.
1123 5575 1289 5637 ὅστις.
1388 5574 1430 5603 ⁵¹
1468 5573 1628 5626 Deest
1665 5575 1805 5642 apud
1839 5573 1961 5626 Mal.

623 5781 758 5851 (ΗΓ)
791 5782 1038 5861 Supplevi
1074 5798 1137 5834 ex
1174 5781 1358 5860 Malala
1403 5798 1457 5850 p.
1505 5784 1593 5846 9.4,
1624 5783 1794 5861 _apud
1845 5801 2004 5852 quem
2040 5786 2117 5840 lc-

553 5861 752 5917 guntur
828 5855 990 5904 etiam
1063 5855 1340 5918 sequentia
1420 5870 1523 5904 non
1592 5855 1709 5907 sine
1793 5864 1970 5909 tamen
2028 5873 2121 5908 Va-

555 5920 857 5985 rictatibus,
904 5930 959 5975 et
1002 5921 1207 5988 aliquot
1264 5921 1402 5989 apud
1463 5932 1704 5976 nostrum
1752 5924 2117 5981 incrementis.

1205 5504 1246 5534 ³⁷
1286 5501 1448 5555 Deest
1485 5504 1584 5556 hoc
1614 5501 1933 5556 voeab'ulum
1969 5506 2110 5572 apud
2140 5504 2267 5557 Mal.

2235 4715 2543 4781 ἐξπαιδίτου
2584 4715 2869 4787 πολεμεῖν.
2909 4716 3214 4781 Μέλλοντος
3260 4717 3318 4770 δὲ
3356 4715 3523 4771 αὐτοῦ
3565 4716 3812 4784 συμϐαλ-

2233 4808 2367 4872 λειν,
2400 4808 2669 4877 ἐδήλωσεν
2696 4807 2843 4878 αὐτῷ
2871 4810 2898 4860 ὁ
2920 4808 3171 4878 βασιλεὺς
3206 4809 3453 4881 Περσῶν,
3483 4809 3565 4861 ὅτι
3600 4808 3662 4859 Εἰ
3695 4808 3809 4877 ἔχει

2232 4901 2352 4954 ὅλον
2372 4901 2433 4953 τὸ
2459 4900 2765 4967 ὲξπαίδιτόν
2790 4917 2882 4953 σου
2904 4900 3073 4972 ἄνδρα
3094 4902 3391 4971 δυνάμενον
3411 4901 3811 4971 μονομαχῆσαι,

2236 4994 2329 5047 καὶ
2351 4995 2601 5061 νικῆσαι,
2633 4994 2729 5046 ἕνα
2759 4994 2975 5063 Πέρσην
3005 4992 3447 5063 προϐαλλόμενον
3486 4994 3615 5063 παρ’
3651 4991 3811 5062 ἐμοῦ,

2233 5086 2437 5149 εὐθέως
2488 5087 2625 5140 ποιῶ
2658 5087 2726 5139 τὰ
2760 5086 2944 5139 πάκτα
2992 5089 3091 5156 τῆς
3132 5088 3353 5157 εἰρήνης
3380 5087 3475 5139 ἐπὶ
3522 5093 3565 5137 ν’
3590 5085 3721 5155 ἔτη·
3762 5087 3813 5138 εί

1194 5291 1257 5322 ³³·
1292 5289 1370 5366 lia
1406 5291 1646 5366 legebam
1677 5292 1730 5366 in
1765 5296 1886 5366 cod.
1936 5293 2040 5346 Sed
2083 5292 2129 5346 Μ

2235 5297 2302 5347 Ias
2342 5295 2450 5347 ὑπὸ
2484 5294 2818 5366 Οεομηνίας,
2870 5311 2987 5361 (iure
3019 5297 3253 5350 fortasse
3288 5296 3468 5349 verior
3506 5292 3809 5366 estulectio.

1696 5362 1741 5392 ³⁸
1771 5362 1944 5432 τὼρια
1985 5366 2200 5424 quidem
2233 5366 2453 5419 evidens
2482 5376 2564 5419 est
2584 5362 2812 5431 in'eod.,
2846 5378 2974 5420 ante
3001 5381 3130 5419 vero
3160 5368 3330 5419 latent
3363 5366 3570 5429 aliquot
3598 5363 3808 5416 litterse.

1970 5435 2016 5464 ³³
2046 5436 2245 5505 Desunt
2273 5437 2414 5505 apud
2448 5433 2569 5489 Mal.
2600 5437 2757 5489 verba
2786 5435 2894 5505 τῶν
2914 5437 3225 5503 λεγομένων
3255 5435 3527 5505 Ἀμανῶν.

3606 5434 3651 5465 ³⁶
3673 5433 3808 5487 C(itl.

2346 5505 2390 5536 ³⁸
2423 5505 2586 5559 Deest
2612 5507 2750 5574 apud
2782 5504 2904 5558 Mal.
2982 5508 3027 5537 "
3049 5503 3463 5562 Mcndose‘Mal.
3498 5503 3807 5574 συμϐόλων.

2298 5788 2409 5855 (9.0)
2447 5788 2519 5841 De
2546 5789 2631 5844 his
2657 5790 2865 5842 duobus
2905 5790 3152 5843 zexlilietis
3200 5788 3420 5843 (‘fillSUIe
3450 5788 3714 5850 Cangium
3754 5786 3805 5837 in

2230 5858 2638 5928 Cunstantinop.
2668 5860 2838 5914 christ
2877 5860 2968 5913 lib.
3003 5878 3059 5915 ll.
3087 5876 3136 5928 p.
3165 5860 3268 5913 110
3306 5874 3359 5912 et
3396 5858 3514 5913 I78.
3543 5856 3678 5912 Rem
3711 5858 3807 5911 ba-

2235 5928 2419 5983 bemus
2449 5929 2611 5984 etiam
2637 5931 2778 6001 apud
2813 5932 3122 5985 Chronicon
3150 5930 3421 5999 paschale.
