4164 6554
326 461 458 530 1817

1316 469 1540 531 FRAG.
1581 471 1698 530 III.
1737 471 2149 531 THEODOSII
2186 473 2245 530 II
2285 473 2434 534 RES
2470 474 2752 536 GEST/E.

3444 468 3584 534 1818

320 582 376 634 δὲ
422 581 711 653 ἡττηθείη,
759 580 1062 651 λαμϐάνειν
1101 599 1169 652 με
1204 582 1536 654 κεντηνάρια
1565 580 1607 635 ν’
1637 582 1786 653 (2!),
1832 584 1900 637 τὰ

2016 587 2395 658 quinquaginta
2424 603 2482 642 se
2528 587 2790 641 librarum
2854 588 3164 642 ccutcnaria
3204 595 3578 656 accepturum,

322 672 381 737 ἐξ
412 671 568 736 ἔθους
599 671 974 742 παρεχόμενα.
1000 671 1221 725 Τούτων
1251 673 1543 739 δοξάντων,
1570 675 1904 746 προεϐάλετο

320 766 351 817 6
384 765 643 835 βασιλεὺς
665 764 896 835 Περσῶν
929 766 992 818 ἐκ
1010 764 1107 817 τοῦ
1148 765 1428 837 τάγματος
1456 766 1565 820 τῶν
1594 767 1904 838 λεγομένων

319 856 607 910 ἀθανάτων
649 856 868 927 Πέρσην
900 856 1121 925 ὀνόματι
1158 854 1234 928 [ί.
1271 856 1360 911 68.
1394 856 1487 929 a.]
1529 857 1863 929 Ἀρδαζάνην
1885 876 1899 890 ο

316 949 369 1001 oi
398 949 456 1002 δὲ
488 950 751 1019 Ῥωμαῖοι
794 948 1131 1019 Ἀρεόόινδον
1165 948 1258 1002 τὸν
1303 950 1525 1018 Γόθθον,
1582 951 1811 1022 κόμιταν
1858 953 1904 984 ⁸²

316 1040 660 1112 φοιδεράτων
695 1039 832 1109 (22).
870 1041 980 1093 Καὶ
1014 1039 1243 1111 ἐξῆλθον
1285 1042 1335 1094 οἱ
1376 1041 1470 1095 δύο
1520 1041 1751 1112 ἔφιπποι
1811 1044 1906 1099 καὶ

314 1132 536 1186 ἔνοπλοι
568 1151 584 1164 ο
637 1135 666 1186 6
709 1134 766 1187 δὲ
815 1133 1149 1202 Ἀρεόϐινδος
1202 1133 1507 1189 ἐϐάστασαν
1550 1135 1645 1189 καὶ
1700 1135 1903 1190 σόκκα-

322 1241 409 1295 ριν
440 1226 552 1295 (Ξό)
576 1226 719 1281 κατὰ
746 1226 808 1283 τὸ
837 1227 877 1279 Γ
881 1227 1099 1281 οθθικὺν
1130 1226 1273 1290 ἔθος.
1303 1227 1528 1298 Πρῶτος
1549 1228 1606 1281 δὲ
1634 1230 1664 1280 6
1684 1228 1904 1299 Πέρσης

320 1317 586 1390 ὥρμησεν
617 1319 757 1389 μετὰ
794 1320 887 1373 τοῦ
924 1320 1117 1373 κὸντου
1139 1336 1154 1352 σ
1185 1321 1280 1374 mi.
1318 1321 1629 1388 πλαγιάσας
1654 1323 1682 1375 ὁ
1722 1321 1905 1392 Ἀρεό⁴

322 1410 499 1474 ϐινὸος
531 1411 626 1463 ἐπὶ
655 1412 718 1464 τὸ
743 1412 915 1478 δεξιὸν
939 1412 1105 1466 αὐτοῦ
1133 1412 1298 1484 μέρος
1316 1455 1331 1477 ,
1362 1412 1689 1466 ἐσόκκευσεν
1716 1413 1902 1479 αὑτὸν,

322 1502 421 1556 καὶ
478 1504 823 1572 κατήνεγκεν
875 1507 940 1557 ἐκ
990 1506 1083 1558 τοῦ
1130 1506 1332 1571 ἵππου,
1378 1507 1471 1559 καὶ
1502 1503 1777 1574 ἔσφαξεν·
1810 1507 1905 1559 καὶ

322 1594 510 1648 λοιπὸν
540 1597 568 1648 6
605 1596 864 1666 βασιλεὺς
889 1597 1114 1668 Περσῶν
1143 1598 1403 1668 ἐποίησεν
1433 1597 1621 1651 πάκτα
1644 1600 1902 1669 εἰρήνης·

322 1691 420 1744 καὶ
452 1690 693 1745 ἀνελθὼν
722 1694 862 1761 μετὰ
881 1694 980 1763 τὴν
1021 1695 1182 1765 νίκην
1208 1696 1236 1748 6
1267 1694 1433 1757 αὐτὸς
1476 1695 1815 1766 ’Δρεόὸινδος
1845 1698 1905 1749 ἐν

322 1780 918 1843 Κωνσταντινουπόλει,
978 1784 1095 1854 ἄμα
1147 1784 1226 1855 τῷ
1288 1785 1633 1857 στρατηλάτῃ
1681 1787 1891 1856 Προκο-

323 1871 454 1942 πίῳ,
490 1875 585 1927 καὶ
608 1875 958 1945 εύχαρισθεὶς
992 1876 1142 1948 παρὰ
1185 1877 1282 1930 τοῦ
1327 1877 1621 1948 βασιλέως,
1649 1878 1904 1950 προήχθη

323 1964 552 2029 ὕπατος.

407 2055 466 2111 Ὀ
494 2057 555 2110 δὲ
587 2056 750 2122 αὐτὸς
794 2058 1053 2130 βασιλεὺς
1080 2061 1338 2132 ἐποίησεν
1367 2063 1661 2134 ἐπαρχίαν,
1697 2067 1907 2134 ἀπομε-

326 2149 485 2220 ρίσας
512 2150 621 2203 ἀπὸ
653 2152 753 2221 τῆς
786 2154 1118 2222 Λυκαονίας,
1152 2156 1345 2225 ἥντινα
1376 2156 1639 2211 ἐκάλεσεν
1674 2158 1903 2222 Λυκίαν,

323 2239 505 2303 δώσας
530 2242 739 2296 δίκαιον
781 2244 1199 2316 μητροπόλεως,
1244 2247 1340 2299 καί⁵
1381 2247 1619 2317 ἄρχοντα
1648 2250 1715 2319 τῇ
1761 2247 1910 2317 λεγο-

329 2333 475 2407 μένῃ
522 2334 677 2389 πόλει
730 2335 898 2408 Μύρα
946 2337 1051 2407 τῆς
1085 2338 1257 2408 αὐτῆς
1293 2340 1523 2403 Λυκίας,
1568 2341 1702 2394 ἔνθα
1761 2341 1910 2393 ἐστὶν

326 2424 466 2479 Θεοῦ
529 2426 867 2499 μυστήριον,
920 2428 1048 2500 ὅρος
1100 2430 1290 2485 τίκτον
1319 2431 1367 2463 ⁸³
1398 2431 1513 2502 πῦρ
1577 2433 1909 2503 αὐτόματον.

339 2517 581 2590 Ὁμοίως
606 2519 662 2573 δὲ
691 2522 722 2574 6
761 2520 926 2585 αὐτὸς
976 2521 1236 2594 βασιλεὺς
1285 2524 1382 2577 καὶ
1427 2524 1626 2597 Συρίαν
1655 2524 1913 2596 δευτέραν

326 2610 675 2683 ἀπομερίσας
707 2613 815 2667 ἀπὸ
843 2614 944 2683 τῆς
984 2613 1233 2685 πρώτης,
1264 2615 1525 2685 ἐποίησεν
1546 2617 1821 2687 ἐπαρχίαν
1844 2620 1914 2681 ⁵⁵,

327 2702 507 2768 δώσας
533 2703 744 2758 δίκαιον
773 2707 1187 2777 μητροπόλεως,
1224 2706 1321 2762 καὶ
1359 2708 1637 2779 ’Δπαμεία
1657 2711 1724 2781 τῇ
1758 2708 1913 2762 πόλει

329 2796 588 2867 ἄρχοντα.
625 2799 737 2852 Καὶ
770 2798 1032 2853 Κιλικίαν
1058 2800 1104 2833 ’⁸⁸
1136 2800 1398 2873 δευτέραν
1429 2802 1778 2873 ἁπομερίσας
1803 2801 1913 2855 άπὸ

330 2889 432 2958 τῆς
479 2888 739 2961 πρώτης,
797 2892 1053 2962 ἐποίησεν
1105 2893 1410 2963 ἐπαρχίαν,
1470 2893 1648 2956 δώσας
1707 2893 1916 2947 δίκαιον

332 2981 751 3052 μητροπόλεως,
801 2984 898 3037 καὶ
940 2983 1178 3053 ἄρχοντα
1223 2985 1543 3055 Ἀναζάρϐῳ
1590 2986 1659 3055 τῇ
1712 2984 1865 3037 πόλει
1898 2999 1911 3012 ·

327 3072 427 3127 καὶ
458 3072 628 3144 ἀλλην
657 3075 929 3145 ἐπαρχίαν
964 3076 1312 3147 ἁπομερίσας
1343 3076 1453 3129 ἀπὸ
1494 3076 1595 3145 τῆς
1637 3076 1913 3142 Βιθυνίας,

326 3164 396 3234 ἦν
431 3182 553 3219 τινα
578 3164 840 3217 ἐκάλεσεν
881 3165 1188 3236 Ὀνωριάδα
1210 3167 1255 3198 ⁸⁸
1283 3169 1364 3229 είς
1393 3167 1566 3235 ὄνομα
1611 3166 1706 3219 τοῦ
1749 3168 1915 3221 αὐτοῦ

329 3255 478 3308 θείου
521 3255 805 3325 Ὀνωρίου,
848 3254 1031 3319 δώσας
1083 3256 1294 3309 δίκαιον
1350 3256 1763 3325 μητροπόλεως,
1821 3257 1919 3310 καὶ

329 3346 570 3416 ἄρχοντα
621 3345 920 3418 Ἡρακλείᾳ
950 3349 1016 3417 τῇ
1058 3346 1210 3399 πόλει
1246 3347 1346 3417 τῆς
1368 3347 1597 3401 Πόντου.

414 3438 537 3490 Ἐπὶ
569 3437 626 3490 δὲ
669 3438 768 3507 τῆς
811 3436 979 3492 αὐτοῦ
1010 3437 1294 3509 βασιλείας
1322 3437 1648 3491 ἐπεθολοῠτο
1688 3438 1757 3492 τὰ
1784 3440 1916 3511 περὶ

328 3525 631 3599 Νεστορίου
664 3528 801 3599 (‘Mr
831 3530 927 3582 καὶ
967 3529 1215 3599 ταραχῆς
1256 3529 1566 3599 γεναμένης
1604 3530 1663 3582 ἐν
1693 3528 1771 3599 τῷ
1792 3531 1916 3600 ὁμι-

329 3620 444 3673 λεῖν
476 3620 659 3682 αὐτὸν.
693 3620 1019 3693 ἠναγκάσθη
1051 3624 1079 3675 6
1127 3621 1292 3685 αὐτὸς
1338 3620 1620 3686 Θεοδόσιος
1660 3621 1917 3692 βασιλεὺς

330 3714 776 3768 ἀνακαλέσασθαι
823 3716 920 3786 τὴν
968 3714 1189 3770 σύνοδον
1215 3714 1327 3767 τῶν
1377 3712 1465 3785 σμ’
1496 3716 1813 3769 ἐπισκόπων
1858 3718 1917 3769 ὲν

342 3805 558 3876 Ἐφέσῳ
590 3807 735 3860 κατὰ
766 3805 861 3860 τοῦ
890 3806 1058 3860 αὐτοῦ
1087 3807 1409 3877 Νεστορίου·
1442 3808 1539 3859 καὶ
1566 3807 1918 3871 καθείλαντες

330 3896 584 3964 ὲξέὅαλον
614 3896 708 3951 τὸν
738 3898 899 3952 αὐτὸν
931 3899 1231 3971 Νεστὸριον
1258 3899 1367 3953 άπὸ
1396 3899 1507 3953 τῶν
1529 3899 1690 3971 ἱερῶν
1719 3899 1921 3954 δυπτύ-

330 4006 445 4062 χων
482 3988 619 4058 (25).

415 4084 505 4138 Ἐν
535 4083 688 4154 αύτῷ
711 4083 769 4138 δὲ
803 4083 982 4157 καιρῷ
1008 4086 1068 4138 ἐν
1094 4089 1162 4157 τῇ
1203 4086 1393 4158 Ῥώμῃ
1423 4087 1693 4156 διάγουσα
1711 4088 1859 4159 χήρα
1883 4088 1919 4158 ἡ

330 4175 596 4231 δέσποινα
645 4176 893 4243 Εύδοξία,
927 4180 960 4249 ἠ
998 4179 1279 4251 γεναμένη
1328 4178 1467 4251 γυνὴ
1498 4180 1540 4212 ⁸⁷
1571 4181 1921 4235 Βαλεντινια-

332 4268 427 4323 νοῦ
473 4269 765 4339 βασιλέως,
801 4270 1051 4342 θυγάτηρ
1093 4271 1153 4325 δὲ
1193 4271 1477 4326 Θεοδοσίου
1505 4274 1601 4325 καὶ
1631 4273 1919 4339 Εύδοκίας,

331 4361 649 4432 λυπουμένη
676 4362 819 4415 κατὰ
846 4361 1104 4433 Μαξίμου
1130 4363 1225 4416 τοῦ
1260 4363 1551 4435 τυράννου,
1589 4365 1684 4418 τοῦ
1715 4364 1923 4435 φονεύ-

336 4470 534 4516 σαντος
563 4454 658 4508 τὸν
711 4454 879 4526 ἄνδρα
928 4455 1124 4525 αὐτῆς,
1159 4456 1259 4509 καὶ
1301 4456 1745 4526 βασιλεύσαντος,
1786 4476 1921 4529 προ-

334 4543 603 4615 ετρέψατο
650 4546 956 4618 Γινζίριχον
1010 4547 1103 4600 τὸν
1150 4548 1456 4601 Ούὰνδαλον
1489 4549 1581 4601 τὸν
1634 4549 1777 4619 ρῆγα
1826 4550 1926 4620 τῆς

346 4637 617 4709 Ἀφρικῆς
646 4638 821 4693 ἐλθεῖν
850 4641 995 4694 κατὰ
1027 4640 1285 4711 Μαξίμου
1316 4640 1603 4711 βασιλέως,
1634 4642 1728 4694 καὶ
1755 4642 1802 4674 ⁸⁸
1826 4641 1926 4712 τῆς

344 4729 587 4800 Ῥώμης·
621 4734 771 4797 ὅστις
813 4733 1081 4804 ἐξαίφνης
1110 4733 1364 4803 εἰσῆλθεν
1403 4735 1461 4786 ἐν
1495 4736 1563 4803 τῇ
1598 4732 1752 4786 πόλει
1784 4733 1924 4786 Ῥώ-

344 4843 419 4896 μῃ
454 4826 593 4898 μετὰ
622 4824 887 4896 πλήθους,
913 4826 1008 4880 καὶ
1029 4826 1311 4897 παρέλαϐε
1362 4826 1460 4895 τήν
1489 4826 1645 4880 πόλιν
1681 4825 1920 4897 Ῥώμην,

341 4918 438 4969 καὶ
478 4918 768 4985 ἐφόνευσεν
806 4919 899 4972 τὸν
949 4917 1204 4989 Μάξιμον
1259 4917 1511 4988 βασιλέα..
1558 4921 1654 4972 καὶ
1712 4920 1921 4983 πάντας

342 5005 615 5062 ἀπώλεσε.

413 5166 468 5238 ⁵1
490 5165 604 5220 Cod
663 5165 772 5238 hic.
824 5168 1046 5238 κόμιτα.

2007 680 2256 749 quacjam
2293 681 2451 748 pendi
2502 681 2773 736 solebant.
2809 681 3140 735 Couditione
3184 689 3431 750 accepta,
3485 695 3581 734 rex

2004 772 2294 827 Persarum
2328 772 2527 840 delegit
2559 774 2625 828 de
2659 774 2898 845 agmine,
2937 776 3077 841 quod
3124 773 3326 828 dicitur
3357 772 3587 825 immor-

2008 865 2217 929 talium,
2243 866 2417 919 virum
2446 864 2671 920 Persam
2697 866 2915 920 nomine
2944 866 3285 919 Ardazanem
3310 881 3326 930 ;
3350 862 3583 917 Romani

2005 971 2137 1012 vero
2168 956 2536 1012 Areobindum
2572 955 2838 1021 Gothum,
2879 956 3271 1010 fuederatorum
3300 954 3581 1009 comitem.

2006 1049 2251 1118 Uterque
2280 1048 2444 1118 igitur
2478 1048 2528 1101 in
2564 1048 2721 1117 equis
2748 1058 2997 1102 armatus
3050 1047 3277 1116 prodiit.
3310 1045 3585 1101 Areobin-

2005 1141 2109 1196 dus
2137 1150 2319 1195 autem
2346 1139 2613 1194 soccarim
2646 1155 2863 1209 quoque
2906 1152 3058 1193 more
3107 1137 3341 1193 Gothico
3393 1151 3581 1191 secum

2007 1233 2149 1287 tulit.
2179 1230 2395 1285 Primus
2417 1245 2538 1283 cum
2572 1240 2733 1284 conto
2779 1228 2907 1283 fecit
2955 1229 3215 1297 impetum
3249 1225 3441 1291 Persa;
3487 1224 3585 1279 sed

2005 1324 2349 1380 Areobindus
2402 1323 2747 1377 dextrorsum
2783 1322 2833 1375 in
2864 1320 3007 1374 latus
3058 1327 3233 1374 semet
3270 1317 3585 1387 obliquans,

2007 1414 2273 1471 soccarim
2333 1412 2515 1465 Persae
2568 1410 2777 1479 injecit,
2840 1410 3257 1476 detractumque
3313 1419 3380 1459 ex
3441 1416 3585 1471 equo

2006 1505 2307 1562 interemit.
2334 1503 2490 1569 Quod
2523 1518 2652 1572 ergo
2676 1501 2945 1569 reliquum
2983 1507 3125 1563 erat,
3160 1512 3254 1552 rex
3287 1494 3579 1552 Persarum

2006 1599 2157 1668 pacis
2212 1596 2388 1651 ftedus
2453 1592 2781 1661 composuit.
2841 1592 2963 1660 Ipse
3019 1599 3201 1644 autem
3266 1604 3295 1641 a
3354 1583 3581 1640 victoria

2009 1692 2227 1745 rediens
2271 1686 2617 1743 Areobindus
2670 1682 3221 1752 ConstantinOpolim,
3271 1693 3393 1734 cum
3443 1681 3583 1732 duce

2006 1782 2295 1852 Procopio,
2338 1780 2527 1852 gratiis
2546 1779 2595 1835 ei
2631 1780 2700 1832 ab
2747 1778 2988 1846 Augusto
3033 1773 3195 1839 actis,
3257 1771 3436 1827 factus
3473 1776 3582 1833 est

2007 1877 2219 1932 consul.

2081 2060 2227 2116 Idem
2301 2060 2598 2132 imperator
2663 2071 2861 2113 novam
2921 2054 3259 2125 provinciam
3337 2048 3487 2116 fecit,
3547 2065 3579 2104 ι

2008 2156 2282 2226 Lycaonia
2316 2153 2663 2217 abscindens,
2694 2166 2856 2221 quam
2879 2148 3099 2220 Lyciam
3122 2143 3434 2216 appellavit,
3458 2143 3588 2197 dato

2007 2248 2058 2303 ei
2090 2248 2213 2319 jure
2240 2246 2625 2318 metropoleos,
2666 2256 2718 2300 et
2746 2244 2977 2312 praeside
3004 2242 3122 2295 urbi
3152 2239 3428 2310 Myrorum
3449 2236 3590 2303 ejus-

2013 2341 2136 2394 dem
2170 2338 2375 2410 Lycia,
2416 2338 2509 2392 ubi
2550 2346 2605 2392 et
2665 2335 2861 2390 visitur
2890 2331 2985 2387 Dei
3036 2330 3382 2391 miraculum,
3434 2341 3591 2381 mons

2013 2445 2371 2510 spontaneum
2408 2433 2589 2501 ignem
2618 2428 2956 2501 parturiens.
3007 2426 3183 2495 Eque
3224 2426 3365 2479 idem
3420 2425 3591 2490 impe-

2013 2544 2167 2588 rator
2187 2529 2404 2600 Syriam
2429 2526 2723 2583 secundam
2765 2540 2794 2577 a
2843 2523 3017 2586 prima
3045 2532 3331 2589 separatis,
3386 2529 3586 2572 novam

2015 2620 2146 2677 fecit
2169 2615 2680 2688 provinciam,dato
2704 2610 2910 2682 pariter
2940 2606 3302 2677 metropoleos
3352 2605 3497 2675 jure.
3531 2611 3587 2658 et

2020 2713 2135 2768 urbi
2156 2713 2407 2779 Apamea:
2452 2706 2706 2777 praeside.
2760 2702 3011 2757 Ciliciam
3064 2700 3191 2754 item
3232 2696 3523 2753 secundam
3558 2709 3593 2748 a

2016 2807 2193 2877 prima
2222 2800 2483 2870 seiunxit,
2528 2797 2863 2867 provinciam
2911 2808 3104 2849 novam
3154 2788 3410 2854 elﬁciens,
3459 2802 3594 2842 con-

2017 2912 2172 2953 cesso
2198 2895 2321 2965 jure
2351 2889 2733 2961 metropoleos,
2769 2897 2825 2942 et
2869 2884 3157 2940 Auazarbo
3188 2881 3308 2936 urbi
3344 2880 3593 2951 pra-side.

2020 2987 2265 3056 Denique
2320 2992 2375 3038 et
2433 2981 2594 3035 aliam
2649 2978 2985 3049 provinciam
3034 2991 3063 3028 a
3097 2973 3348 3043 Bithynia
3372 2969 3599 3033 avulsit,

2018 3094 2181 3149 quam
2234 3071 2599 3130 Honoriadem
2640 3071 2708 3124 de
2762 3068 2939 3137 patrui
2976 3067 3061 3120 sui
3098 3064 3323 3119 Honorii
3378 3061 3599 3116 nomine

2021 3170 2182 3234 dixit,
2223 3182 2330 3221 non
2357 3165 2477 3220 sine
2498 3163 2619 3232 iure
2646 3158 3033 3227 metropoleos,
3065 3155 3433 3223 attributoque
3456 3167 3600 3222 pra:-

2022 3261 2141 3315 side
2176 3257 2419 3312 Pontica:
2450 3255 2570 3310 urbi
2604 3252 2902 3308 Heraclea.
3316 3258 3321 3261 ·

2090 3440 2291 3496 Eodem
2327 3446 2614 3508 regnante,
2667 3434 2908 3489 Nestorii
2966 3432 3309 3502 perturbatio
3350 3427 3598 3507 contigit.

2022 3533 2276 3589 Tumultu
2332 3531 2477 3586 enim
2514 3545 2578 3583 ex
2626 3528 2872 3598 ejusdem
2909 3526 3172 3581 concione
3206 3533 3414 3588 coorto,
3473 3538 3601 3575 coa-

2022 3639 2146 3683 ctus
2217 3634 2302 3680 est
2357 3621 2701 3677 Theodosius
2742 3633 3049 3675 convocare
3107 3616 3400 3672 concilium
3469 3629 3605 3668 ccxx.

2022 3720 2411 3790 episcoporum
2463 3714 2664 3784 presi
2710 3713 2975 3769 adversus
3033 3712 3210 3781 ipsum
3265 3708 3601 3764 Nestorium.

2023 3809 2213 3881 Itaque
2246 3808 2529 3878 depositus
2561 3803 2664 3859 fuit
2692 3802 3073 3873 diptycbisque
3113 3806 3417 3868 expunctus
3459 3796 3605 3851 idem

2023 3899 2327 3956 Nestorius.

2095 4086 2202 4142 Per
2260 4085 2404 4141 idem
2434 4092 2650 4151 tempus
2686 4080 2849 4136 vidua
2883 4079 3074 4134 Romae
3130 4080 3333 4148 degens
3387 4076 3609 4132 domina

2025 4178 2291 4243 Eudoxia,
2336 4191 2457 4246 quae
2522 4171 2889 4230 Valentiniani
2937 4171 3193 4242 Augusti:
3227 4183 3364 4224 uxor
3407 4168 3605 4233 fuerat,

2026 4271 2137 4345 lilia
2171 4279 2357 4325 autem
2409 4264 2704 4323 Theodosii
2737 4273 2793 4320 et
2818 4264 3095 4327 Eudociae,
3133 4262 3380 4333 iramque
3421 4260 3608 4317 fovens

2028 4372 2217 4420 contra
2248 4374 2536 4434 tyrannum
2562 4358 2878 4423 Maximum,
2905 4358 2995 4428 qui
3026 4358 3143 4411 viro
3172 4371 3269 4412 suo
3298 4354 3610 4419 interfecto,

2028 4456 2316 4526 imperium
2375 4452 2733 4523 arripuerat,
2799 4448 3199 4505 Genserichum
3267 4446 3612 4513 Vandalum,

2027 4547 2226 4603 Africae
2283 4560 2489 4618 regem,
2536 4542 2930 4605 exstimulavit.
2980 4553 3041 4596 ut
3085 4551 3278 4597 contra
3312 4540 3609 4596 Maximum

2032 4642 2422 4708 imperatorem
2487 4636 2830 4703 Romamque
2889 4633 3146 4689 veniret:
3210 4633 3364 4702 isque
3432 4633 3610 4687 subito

2030 4732 2299 4786 accedens
2325 4770 2340 4794 ,
2380 4726 2693 4782 Romanam
2738 4724 2927 4780 urbem
2958 4724 3264 4795 occupavit,
3315 4723 3613 4779 Maximum

2034 4825 2422 4893 imperatorem
2453 4821 2674 4886 occidit,
2708 4830 2764 4875 et
2784 4819 3093 4889 generalem
3133 4828 3373 4889 stragem
3419 4818 3614 4873 edidit.

337 5238 385 5268 u
413 5165 604 5268 “:ICud
663 5165 772 5220 hic.
824 5168 1046 5238 κόμιτα.
1146 5167 1193 5200 ’⁵³
1242 5169 1406 5225 Deest
1466 5167 1609 5257 apud
1658 5168 1783 5227 Mal.
1817 5169 1912 5240 ὅρο

481 5238 528 5268 nl
583 5237 837 5268 ann-\n'nnn
865 5247 1069 5268 InnIn-nn
1109 5239 1214 5268 1-1
1263 5241 1365 5268 -2-
1409 5257 1637 5268 --.λ-...ρ
1683 5240 1912 5268 ι--,...ι-

2016 5168 2196 5223 ῖίκτον.
2232 5169 2328 5223 Est
2378 5177 2558 5223 autem
2609 5166 2696 5223 hic
2741 5166 3063 5223 notissimus
3108 5178 3264 5219 mons
3314 5162 3617 5219 Chimzera.

2096 5240 2143 5268 ιι
2166 5239 2277 5268 Plu!
2342 5240 2602 5268 ..ν-Ληιιηοιι
2661 5237 2860 5268 Anan...
3008 5236 3055 5268 δι
3082 5234 3336 5268 ιιοηιιηω
3388 5232 3614 5268 Mula]..-

427 5235 837 5312 Mal._rnen«_l9s§
865 5235 1069 5291 tantum
1088 5239 1365 5312 ﬁcosi];
1409 5235 1637 5312 πρώτης
1681 5235 1973 5312 ἐπαρχίας.

2096 5240 2143 5271 ⁸⁵
2166 5239 2299 5295 Cod.
2342 5240 2602 5293 mendose
2650 5237 2882 5291 Λυκίαν.
3008 5236 3055 5268 ⁸⁸
3082 5234 3336 5289 Mendose
3388 5232 3621 5290 Malalas

347 5306 639 5377 Ὀνωρξδα.
714 5306 763 5338 ⁸⁷
795 5306 1057 5363 Perverse
1084 5303 1360 5380 Malalasﬁ
1391 5303 1660 5382 γενομένη
1697 5303 1865 5382 χήραξ

2021 5310 2157 5366 Male
2190 5311 2466 5367 connectit
2503 5307 2726 5364 Malalas
2760 5306 3025 5379 βασιλέως
3052 5307 3155 5377 τῆς
3191 5303 3435 5377 Ῥώμης.

405 5487 519 5557 ('21)
548 5486 807 5561 Pericopa
837 5502 867 5541 a
903 5488 1087 5561 verbis
1112 5490 1163 5542 et
1200 5490 1259 5542 δὲ
1291 5493 1445 5545 deest
1474 5492 1612 5561 apud
1638 5490 1907 5556 Malalam;

340 5569 518 5611 exstat
552 5569 730 5631 tamen
768 5558 821 5612 in
851 5558 1042 5631 codice
1089 5563 1337 5631 quamvis
1374 5563 1462 5617 hic
1508 5558 1707 5631 partim
1756 5561 1924 5615 oblit-

344 5640 540 5701 terato,
571 5628 655 5680 cui
690 5630 970 5698 suppetias
1021 5629 1125 5683 fert
1152 5627 1793 5699 Hamartolns'ineditus,
1826 5630 1924 5701 qui

346 5697 598 5772 trocloco
628 5697 965 5772 cumcodice
996 5711 1185 5755 nostro
1222 5704 1496 5772 congruit.

326 5761 341 5787 ¹
411 5767 522 5837 (2‘2)
556 5766 1126 5851 QetppeJGolhorum,
1161 5773 1253 5840 qui
1277 5761 1487 5839 ja‘indiu
1530 5784 1688 5828 erant
1726 5772 1929 5827 Roma-

346 5854 536 5893 norum
569 5838 835 5894 l'mderati.

415 5908 506 5976 (:25
542 5908 614 5962 Eu
651 5924 835 5965 veram
860 5914 1185 5983 scripturam
1224 5913 1508 5986 σόκκαριν,
1540 5931 1657 5985 quae
1694 5916 1924 5974 aliorum

2021 5500 2305 5546 auctorum
2334 5492 2591 5545 mendosa
2625 5488 2884 5544 vocabula
2932 5486 3228 5557 coarguit._
3252 5485 3380 5538 Erat
3417 5491 3612 5557 autem

2033 5562 2085 5615 id
2117 5562 2291 5631 laquei
2333 5576 2527 5631 genus,
2556 5574 2663 5630 quo
2688 5560 2853 5616 ϐοιὴί
2878 5552 3185 5631 utebantur
3212 5554 3279 5631 l_n_
3304 5552 3606 5631 praeliis_ad

2035 5622 2218 5687 hostes
2255 5622 2599 5691 irrétieudos'.
2647 5639 2703 5684 et
2736 5633 2815 5685 sic
2871 5629 3084 5683 facilius
3125 5624 3475 5682 occidendos.
3511 5622 3613 5679 Le—

2034 5715 2194 5773 gatur
2217 5704 2304 5757 hic
2325 5701 2624 5757 Cliilmeadi
2657 5699 2939 5773 ailnotatio
2970 5700 3035 5755 ad
3068 5695 3340 5754 Malallm.

2110 5773 2224 5838 (24)
2256 5773 2429 5827 Paulo
2470 5773 2630 5828 aliter
2660 5771 2905 5825 Malalas.

2112 5844 2221 5916 (25)
2260 5845 2391 5900 ltcm
2423 5844 2581 5900 aliter
2609 5842 2850 5898 Malalas.
