4164 6566
545 482 552 487 ’
634 497 764 564 tam

1341 497 1724 559 APPENDIX
1770 500 1866 559 AD
1891 498 2672 561 ΞρΕΕΝπ-ΕΗΑΟΜΕΝΤΑ
2711 493 3140 557 IIISTORICA.

3762 483 3898 550 1820

1939 727 2476 792 FRAGMENTUM
2525 726 2621 785 ιν.

704 851 879 916 Quum
911 850 1066 904 lieret
1098 848 1482 919 imperatorius
1517 865 1810 920 processus
1832 851 1885 904 in
1913 851 2210 915 Hebdomo,
2243 856 2287 910 Α

634 943 837 996 domini
871 942 1039 996 nostri
1097 940 1395 996 Justiniani
1436 943 1666 1010 Augusti
1696 957 1953 998 coronam
2013 941 2212 996 amise-

637 1042 762 1088 runt
797 1033 1058 1098 vestiarii,
1085 1049 1207 1104 qua:
1255 1044 1380 1089 octo
1411 1045 1534 1105 post
1577 1049 1790 1090 menses
1821 1035 2037 1088 inventa
2067 1045 2147 1088 est
2183 1049 2214 1087 a

633 1127 832 1181 comite
858 1134 1109 1194 praetore,
1150 1134 1510 1191 cognomento
1561 1125 1988 1192 Dapnndarista,
2027 1126 2212 1194 inqua

634 1231 690 1274 et
722 1218 938 1273 unicttm
1003 1219 1360 1285 margaritum
1414 1228 1468 1271 et
1505 1218 1696 1288 reliqui
1742 1233 1935 1273 omnes
1992 1218 2212 1287 pretiosi

635 1312 842 1381 lapides
880 1322 1199 1366 manserunt
1232 1312 1556 1366 incolumes.

713 1403 899 1459 Mense
930 1403 1173 1468 Octobri,
1223 1402 1524 1457 indictione
1573 1413 1764 1472 quarta
1799 1404 2030 1465 decima,
2087 1404 2212 1455 dmn

636 1496 744 1549 ludi
775 1504 1063 1565 equestres
1107 1494 1324 1559 tierent,
1363 1494 1647 1564 ingressus
1673 1504 1755 1548 est
1800 1495 2212 1565 hippodromum

634 1585 881 1656 elephas,
941 1586 1030 1643 cui
1095 1585 1346 1641 Indorum
1412 1586 1621 1656 legatus
1684 1586 1970 1640 insidebat.
2034 1585 2217 1642 Mense

634 1675 918 1743 Januario,
953 1678 1252 1733 indictione
1295 1677 1452 1730 tertia
1488 1677 1717 1741 decima,
1761 1679 2078 1747 depressum
2115 1675 2218 1730 fuit

638 1771 691 1824 in
749 1772 924 1825 sacris
969 1770 1242 1840 diptychis
1291 1769 1498 1823 Mem-tte
1553 1771 1945 1839 archiepiscopi
1993 1786 2213 1834 nomen,

641 1863 926 1932 primoque
962 1863 1080 1918 loco
1128 1862 1468 1916 recitabatur
1517 1877 1711 1915 nomen
1769 1860 1945 1930 Vigilii
1979 1861 2215 1916 Romani

640 1955 932 2025 pontiﬁcis.
969 1955 1152 2009 Mense
1178 1953 1395 2017 Martio,
1445 1953 1742 2008 indictione
1791 1954 1950 2007 tertia
1985 1955 2216 2019 decima,

636 2049 862 2117 elephas
905 2049 970 2102 de
1017 2046 1233 2102 stabulo
1278 2063 1378 2100 suo
1437 2056 1600 2099 noctu
1643 2045 1861 2114 prodiit,
1915 2047 2219 2114 multosque

640 2141 888 2195 homines
937 2139 1217 2193 interemit
1279 2149 1373 2191 aut
1409 2138 1729 2192 debilitavit.
1767 2137 1967 2192 Mensis
2015 2139 2218 2207 Aprilis

639 2234 728 2286 die
761 2242 911 2286 sexta
940 2231 1175 2291 decima.
1209 2229 1510 2284 indictione
1539 2229 1750 2284 decima
1813 2230 1992 2295 tertia,
2042 2229 2219 2283 eonti—
2249 2206 2292 2260 Β

639 2325 717 2395 git
749 2339 976 2393 vespere
1007 2322 1290 2378 conﬂictus
1331 2321 1881 2378 Prasinovenetorum
1938 2323 1990 2376 in
2017 2322 2216 2391 hippo-

641 2418 850 2478 dromo,
886 2429 1008 2470 cum
1047 2413 1154 2466 ludi
1210 2421 1490 2481 equestres
1547 2427 1650 2464 non
1686 2411 1901 2474 ﬁerent,
1955 2412 2218 2481 multique

647 2507 907 2562 mortales
961 2506 1194 2574 periere,
1259 2504 1476 2573 quidam
1539 2504 1702 2558 etiam
1746 2504 1812 2558 de
1868 2503 2219 2572 p0pnlarihus

642 2600 840 2655 acerba
870 2597 1091 2653 vulnera
1120 2597 1535 2668 pertulerunt...
1573 2596 1712 2662 Quin
1739 2597 1874 2650 adeo
1917 2596 2130 2651 factiosi
2165 2598 2216 2650 in

641 2692 884 2746 ullicinas
914 2690 1078 2745 etiam
1111 2690 1410 2755 irruerunt,
1441 2697 1492 2741 et
1526 2688 1722 2744 deinde
1751 2688 1796 2743 si
1824 2688 1952 2758 quid
1993 2689 2219 2745 Joannis

641 2793 1004 2852 cognomento
1029 2780 1352 2836 Coccorohii
1403 2781 1682 2835 inventum
1718 2790 1826 2846 est,
1851 2781 2216 2851 diripuerunt:

642 2893 754 2948 quo
789 2877 840 2930 in
899 2876 1154 2930 conliicm
1220 2875 1540 2931 adolescens
1594 2890 1808 2943 quoque
1857 2875 2220 2943 Pamphemus

641 2969 853 3024 occisus
876 2976 960 3022 est
999 2968 1065 3020 de
1089 2975 1255 3034 gente
1284 2983 1404 3035 qua:
1428 2967 1733 3036 appellatur
1775 2966 2079 3034 Ilagiothei.

717 3060 915 3113 Mensis
970 3057 1114 3112 Junii
1169 3059 1256 3113 die
1285 3059 1538 3113 vicesima
1575 3069 1802 3123 octava,
1854 3057 1988 3112 feria
2042 3061 2222 3124 tertia,

645 3153 946 3206 indictione
1000 3152 1224 3215 eadem,
1276 3161 1396 3219 post
1443 3152 1783 3205 consulatum
1836 3152 2021 3206 Basilii
2083 3169 2226 3206 anno

644 3259 808 3309 nono,
843 3241 961 3298 acta
1004 3253 1131 3298 sunt
1160 3245 1400 3299 encaeuia
1455 3243 1786 3299 Sanctorum
1817 3245 2223 3314 Apostolorum,

718 3403 760 3434 ’⁸⁸
789 3401 928 3456 Male
950 3403 1092 3471 apttd
1121 3402 1510 3470 Theophanem
1543 3402 1676 3474 θέα.
1697 3403 1771 3474 De
1813 3402 2078 3457 vocabulo
2110 3401 2224 3455 λιθέ

2326 3402 2530 3473 legatur
2582 3403 2840 3474 Cangius.

645 3473 874 3544 phanes,
912 3475 977 3526 ad
1014 3474 1210 3529 retinet
1242 3488 1364 3527 cum
1417 3484 1604 3529 nostro
1631 3472 1875 3528 Malalas.

2390 845 2723 918 [Προκένσου
2754 843 2810 896 δὲ
2841 842 3134 912 γενομένου
3170 843 3228 896 ὲν
3265 842 3342 913 τῷ
3385 839 3654 910 Ἑϐδόμῳ,
3681 838 3894 892 ἀπώλεο

2317 956 2415 992 σαν
2457 940 2508 992 οἱ
2546 935 2606 1010 [1⁵.
2638 936 2727 996 65.
2763 936 2818 1008 a]
2866 935 3190 1004 βεστήτορες
3227 934 3288 987 τὸ
3335 934 3554 1004 στέμμα
3602 931 3699 986 τοῦ
3747 931 3898 1003 βασι-

2313 1033 2452 1095 λέως
2487 1029 2623 1102 (26)]
2653 1029 2812 1100 ἡμῶν
2861 1029 3124 1082 δεσπότου
3179 1025 3564 1080 Ἰουστινιανοῦ
3612 1023 3752 1094 (27)·
3811 1024 3899 1076 καὶ

2320 1125 2460 1194 μετὰ
2485 1126 2657 1196 μῆνας
2687 1121 2833 1177 ὀκτὼ
2854 1120 3063 1193 ηὑρέθη
3093 1121 3181 1174 διὰ
3210 1120 3412 1190 κομίτα
3453 1119 3772 1189 πραίτωρος
3808 1115 3902 1168 τοῦ

2317 1217 2549 1287 ἐπίκλην
2592 1212 3086 1284 Διαπουνδαριστοῦ
3122 1213 3258 1282 (28).
3287 1214 3423 1266 ὅπου
3463 1214 3560 1266 καὶ
3593 1212 3654 1265 ἓν
3689 1228 3903 1281 μαργα-

2319 1307 2552 1378 ριτὰριν,
2583 1306 2678 1357 καὶ
2709 1305 2861 1357 πᾶσα
2892 1303 2948 1356 δὲ
2973 1305 3007 1370 ἡ
3036 1302 3195 1373 λοιπὴ
3225 1302 3391 1356 αὑτοῦ
3423 1301 3577 1356 λιθέα
3613 1304 3660 1335 ⁸⁸
3693 1301 3901 1371 ἐσώθη.

2386 1399 2534 1468 Μηνὶ
2558 1395 2894 1467 ’οκτω6ρίῳ,
2924 1393 3216 1447 ἰνδικτιῶνι
3235 1395 3682 1465 τρισκαιδεκάτῃ.
3703 1392 3903 1464 ἀχθέν-

2316 1509 2407 1554 τος
2460 1487 2711 1552 ἱππικοῦ,
2755 1486 3007 1558 εἰσῆλθεν
3055 1485 3252 1555 Electa;
3291 1487 3388 1539 καὶ
3437 1483 3906 1556 πρεσὸευτὴςςιν.

2317 1587 2422 1639 δῶν
2467 1587 2547 1647 εἰς
2593 1583 2656 1636 τὸ
2686 1582 2818 1637 αὐτὸ
2865 1580 3113 1634 ἱππικόν.
3145 1581 3292 1650 Μηνὶ
3346 1579 3686 1651 Ἰανουαρίῳ,
3731 1579 3907 1632 ξνδικ-

2316 1677 2470 1731 τιῶνι
2508 1674 2952 1748 τρισκαιδεκάτῃ,
3000 1672 3374 1745 κατεὸιῦἁσθη
3426 1673 3488 1726 τὸ
3527 1673 3702 1743 δνομα
3739 1672 3908 1742 Μηνᾶ

2315 1770 2411 1823 τοῦ
2464 1768 2895 1840 ἀρχιεπισκόπου
2937 1764 3158 1836 Ῥώμης
3213 1765 3432 1836 πρῶτον
3489 1765 3710 1834 ἐλέγετο
3766 1764 3904 1833 (29).

2318 1862 2464 1932 Μηνὶ
2517 1859 2769 1931 Μαρτίῳ,
2825 1856 3119 1912 ὶνδικτιῶνι
3165 1857 3614 1929 τρισκαιδεκάτῃ,
3673 1856 3906 1925 ἐξῆλθεν

2319 1954 2517 2024 ἕλεφας
2545 1953 2656 2007 ἀπὸ
2692 1951 2787 2006 τοῦ
2823 1950 3056 2004 στάϐλου
3097 1949 3265 2004 αὐτοῦ
3300 1950 3515 2014 νυκτὸς,
3547 1951 3643 2004 καὶ
3671 1949 3908 2012 πολλοὺς

2320 2049 2607 2118 ἐφόνευσεν
2640 2045 2738 2099 καὶ
2767 2044 3098 2098 ὲκύλλωσεν.
3138 2044 3287 2115 Μηνὶ
3332 2043 3630 2114 Ἀπριλίῳ,
3661 2041 3907 2108 ἑξκαιδε-

2322 2142 2483 2212 κάτῃ,
2537 2137 2830 2193 ἱνδικτιῶνι
2885 2134 3340 2208 τρισκαιδεκάτῃ,
3389 2135 3608 2203 ἐγένετο
3660 2133 3905 2206 συμδοὶῂ

2322 2229 2802 2305 Πρασινοὸενέτων
2857 2227 3096 2298 δειλινῆς
3134 2229 3192 2281 ἐν
3237 2225 3316 2298 τῷ
3347 2227 3694 2298 ἱπποδρόμῳ,
3741 2229 3819 2296 μὴ
3861 2228 3905 2258 ⁸ο

2323 2324 2590 2396 ἀγομένου
2623 2321 2717 2376 τοῦ
2765 2320 2931 2375 αὐτοῦ
2979 2318 3231 2385 ἱππικοῦ,
3267 2320 3364 2372 καὶ
3393 2319 3575 2373 πολλοὶ
3605 2319 3905 2383 ἀπέθανον,

2321 2419 2465 2481 τινὲς
2513 2417 2570 2470 δὲ
2619 2417 2714 2470 καὶ
2741 2414 3106 2486 θραύματα...
3158 2415 3222 2467 ἐκ
3262 2412 3374 2466 τῶν
3420 2411 3671 2484 δημοτῶν
3717 2413 3910 2481 ἐφωδι-

2323 2510 2582 2584 νη[ρὰ]...
2628 2507 2763 2562 ἀλλᾶ
2801 2509 2896 2561 καὶ
2947 2508 3028 2570 εἰς
3072 2507 3139 2560 τὰ
3191 2507 3529 2576 ἐργαστήρια
3566 2505 3821 2576 εἰσῆλθον
3860 2508 3909 2558 οἱ

2323 2605 2455 2672 δη...
2490 2600 2612 2672 [καὶ
2655 2597 2934 2670 ἥρπασ]αν
2971 2599 3022 2651 εἰ
3055 2615 3108 2650 τι
3141 2590 3308 2665 ηὗρον
3345 2595 3588 2666 ἐπάρχου
3617 2597 3680 2650 τὸ
3721 2594 3913 2648 λοιπὸν

2328 2697 2424 2750 τοῦ
2467 2695 2713 2750 Ἰωάννου
2743 2691 2839 2745 τοῦ
2880 2690 3113 2760 ἐπίκλην
3145 2687 3547 2760 Κοκκοροϐίου·
3577 2691 3634 2741 ὲν
3759 2688 3911 2758 μάχῃ

2327 2786 2543 2856 ἐσφάγη
2562 2785 2656 2838 καὶ
2673 2777 2753 2845 εἷς
2769 2780 3030 2853 νεώτερος
3058 2781 3248 2850 Πάνφη
3258 2796 3356 2850 μος
3376 2775 3914 2851 τῆςγειτνξαςζτιῖιειιδτ

2337 2877 2614 2948 Ἀγιοθέου
2628 2877 2943 2946 ὀνομάτων.

2395 3060 2540 3128 Μηνὶ
2560 3057 2786 3128 Ἱουνίῳ,
2808 3057 2986 3112 εἰκάδι
3012 3055 3196 3130 ὀγδόῃ,
3211 3055 3397 3127 ἡμέρᾳ
3411 3052 3593 3127 τρίτῃ,
3614 3051 3912 3107 ἱνδικτιῶνι

2324 3157 2391 3224 τῇ
2441 3154 2603 3224 αὐτῇ,
2639 3153 2778 3222 μετὰ
2821 3152 2920 3223 τὴν
2967 3150 3233 3204 ὑπατείαν
3278 3149 3552 3233 βασιλείου
3585 3148 3741 3212 ἔτους
3783 3148 3910 3202 ἐνά-

2328 3263 2422 3298 του
2453 3245 2588 3316 (50),
2628 3246 2843 3312 ἐγένετο
2875 3243 2944 3296 τὰ
2975 3243 3227 3311 ὲγκαίνια
3259 3241 3364 3295 τῶν
3401 3240 3599 3309 Ἀγῑων
3649 3239 3912 3294 ’Δποστό-

2919 3403 2966 3434 ⁵ο
2994 3400 3206 3463 Omittit
3259 3401 3580 3474 particulam
3615 3402 3692 3474 μὴ
3727 3401 3912 3459 Theo—

717 3628 832 3754 ?6)
867 3629 1314 3712 $upplementum
1350 3631 1452 3684 hoc
1499 3646 1655 3717 sunlo
1686 3647 1752 3686 ex
1782 3629 2116 3703 Theophane
2164 3647 2221 3704 p.
2251 3638 2292 3695 (ζ
2327 3633 2500 3720 (inpio
2547 3631 2743 3700 inspici
2795 3633 2862 3688 ab
2895 3631 3077 3703 aliquo
3121 3633 3361 3714 codicem
3411 3632 3731 3715 Anglicum.
3769 3638 3910 3689 unde

645 3702 712 3756 19
757 3741 769 3756 .
799 3717 882 3752 cut
915 3701 1475 3756 consonatCedrenns
1504 3718 1556 3756 ι).
1594 3703 1722 3756 ο75.
2325 3703 2683 3756 Lhtlttteadus
2734 3704 2984 3756 Malalam
3037 3714 3306 3756 SIIIIIDSII:
3364 3704 3597 3756 fortasse
3644 3719 3792 3756 enim
3847 3723 3908 3756 ea

757 3741 769 3757 .
799 3701 882 3752 cui
915 3710 1180 3755 consonat
1201 3701 1475 3757 Cedrenns
1504 3718 1556 3768 p.
1594 3703 1722 3757 575.

718 3771 831 3842 (27)
868 3771 952 3853 En-
978 3771 1261 3853 evidenter
1312 3772 1608 3853 hominem,
1662 3773 1751 3853 qui
1797 3773 2221 3853 Justinianovi-

645 3854 806 3896 vente
830 3842 1050 3903 scribit;
1089 3857 1262 3908 neque
1301 3843 1445 3894 enim
1497 3842 1600 3895 nisi
1655 3845 1899 3897 viventes
1949 3845 2221 3911 principes

647 3914 888 3966 dominos
931 3923 1137 3965 nostros
1185 3911 1538 3978 appellamus.
1583 3913 1784 3967 Eadem
1833 3914 2034 3968 locutio
2079 3915 2219 3967 infra

649 3984 730 4035 bis
764 3982 1013 4036 recurrit.
1052 3982 1116 4035 Et
1147 3984 1363 4051 quidem
1399 3982 1538 4035 hunc
1573 3984 1774 4036 domini
1799 3986 1967 4038 nostri
2007 3985 2220 4038 titulum

646 4054 903 4107 omittunt
961 4068 1184 4120 prorsus
1231 4051 1476 4111 Malalas.
1523 4053 1884 4121 Theophanes
1928 4069 1982 4106 et
2015 4055 2222 4108 (ἶιιιιτθο

651 4140 788 4179 nus.
852 4131 1036 4188 utpote
1086 4121 1330 4189 iuniores
1384 4135 1662 4179 auctores.
1711 4123 1766 4177 ln
1823 4125 2008 4180 codice
2058 4125 2217 4178 lium.

648 4193 886 4246 basilica:
915 4195 1270 4253 Sessoriauaa,
1330 4209 1489 4261 quem
1531 4195 1664 4256 vidi,
1708 4194 1960 4262 leguntur
2021 4197 2224 4249 litanite

649 4265 894 4323 quaedam
935 4280 1058 4315 cum
1104 4262 1188 4314 his
1234 4264 1747 4318 acclamationibus:
1783 4264 1984 4318 Damno
2039 4280 2222 4317 Nostro

651 4331 878 4385 Nicolao
904 4350 936 4385 ιι
967 4331 1074 4385 Deo
1097 4345 1368 4402 coronato,
1403 4351 1605 4386 summa
1637 4336 1874 4402 ponti/xci
1919 4347 1966 4387 et
2012 4337 2224 4388 unirer—

651 4404 950 4470 salipapw,
978 4404 1101 4454 vita.
1149 4401 1388 4457 lteinde:
1443 4403 1647 4456 Damno
1689 4401 1870 4458 nostra
1929 4404 2222 4459 llludovico

651 4473 886 4542 Augusto
911 4489 942 4525 a
975 4471 1080 4525 Deo
1108 4479 1382 4538 coronato,
1413 4490 1624 4540 magna,
1652 4476 1871 4540 paci/ica
1897 4477 2222 4542 imperatori,

649 4545 759 4596 vita
772 4543 1075 4615 etAvictotia;
1097 4543 1314 4615 ejusque
1327 4543 1821 4615 praecellentissimis
1840 4547 1992 4615 [il-iis,
2017 4547 2226 4614 regibus

651 4615 783 4667 vita.
815 4612 970 4679 Quis,
1002 4612 1239 4681 inquam,
1265 4614 1348 4667 his
1370 4614 1550 4680 lectis,
1576 4629 1681 4668 non
1710 4612 1974 4681 agnoscit,
1997 4612 2139 4684 ipsas
2165 4619 2228 4667 li-

654 4685 830 4738 tanias
849 4686 1079 4754 scriptas
1104 4683 1594 4754 luisselviventibus
1619 4685 1841 4741 Nicolao
1863 4686 1898 4741 Ι.
1929 4683 2028 4740 l'P.
2051 4701 2096 4741 et
2122 4687 2228 4744 Lu-

653 4754 845 4809 dovico
877 4754 917 4809 ll
953 4753 1106 4822 itnp..
1127 4753 1379 4825 adquam
1412 4770 1602 4824 reapse
1629 4767 1841 4810 {etatem
1873 4759 2227 4812 Sessorianus

653 4826 821 4897 codex
859 4825 1133 4897 pertinet?
1168 4823 1484 4897 Nemoergo
1510 4823 1634 4881 item
1660 4826 1892 4888 dubitet,
1915 4831 2048 4896 quin
2085 4827 2226 4880 'l‘ns—

654 4896 842 4949 culana
875 4895 1177 4966 fragmenta
1213 4912 1280 4949 ex
1305 4895 1567 4952 historico
1609 4913 1778 4965 opere
1831 4895 2035 4965 reliqua
2089 4899 2223 4960 sint,

656 4968 796 5037 quod
833 4966 1136 5021 Justiniano
1167 4967 1182 5019 l
1217 4976 1478 5037 regnante
1507 4971 1866 5034 compositum
1908 4969 2090 5022 fuerit.

728 5035 842 5108 @8)
879 5038 1051 5090 Silont
1074 5037 1217 5091 hunc
1245 5035 1460 5090 coronae
1487 5039 1822 5093 inventorem
1859 5037 2227 5108 Theophanes

657 5117 712 5160 et
733 5107 1031 5160 Gedrruus.
1229 5132 1236 5138 ’

728 5173 968 5248 ('29)rSic
1011 5177 1254 5235 omnino,
1287 5194 1599 5248 quanquam
1651 5179 1772 5234 aliis
1807 5180 2008 5243 verbis,
2064 5181 2224 5234 etiam

658 5245 1014 5318 Theophanes
1062 5263 1115 5318 p.
1170 5245 1655 5318 192.:Auastasius
1693 5252 1819 5304 item
1856 5250 2223 5305 Bibliotheca-

658 5319 771 5373 rins
799 5314 850 5369 in
891 5314 1124 5372 Historia
1177 5320 1262 5374 ed.
1301 5317 1472 5371 Parts.
1534 5337 1587 5386 p.
1625 5321 1725 5373 σιτ
1782 5319 2047 5374 Januario
2108 5338 2224 5374 vero

657 5405 832 5442 mense
881 5390 1210 5454 suppositum
1275 5398 1345 5442 est
1403 5406 1589 5442 nomen
1644 5389 1852 5444 Manna:
1907 5391 2226 5458 patriai-clue

659 5458 1326 5531 Constantiuottolitani,“
1354 5461 1680 5531 propositum
1747 5461 1794 5514 ei
1835 5477 2036 5531 nomen
2083 5460 2224 5531 Vigi-

658 5530 720 5583 lii
748 5530 1048 5599 prwcellens
1081 5530 1138 5582 in
1167 5531 1444 5599 diptychis.
1515 5529 1691 5584 Locus
1725 5530 1917 5585 nobilis
1963 5533 2032 5586 ob
2067 5529 2226 5586 adsie-

662 5597 888 5654 retidum
933 5597 1231 5656 Pontilicis
1272 5597 1502 5656 Romani
1533 5603 1848 5669 primatum.
1901 5603 1996 5657 Est
2046 5613 2227 5657 autem

660 5674 884 5725 omnino
929 5679 1217 5742 corruptus
1253 5671 1474 5728 Malalas
1520 5672 1588 5742 in,
1631 5671 1870 5726 editione
1905 5690 1952 5742 p.
2015 5673 2102 5736 79,
2141 5675 2231 5727 ubi

662 5742 965 5810 utriusque,
1000 5751 1107 5794 tam
1139 5740 1342 5796 Henna:
1364 5759 1524 5810 quam
1551 5741 1747 5811 Vigilii,
1801 5740 1996 5798 nomen
2018 5760 2232 5811 expuu-

662 5821 810 5884 etum
838 5827 883 5884 e_
925 5813 1194 5884 diptychis
1240 5813 1404 5884 luisse
1439 5814 1658 5867 dicitur.
1697 5812 1900 5867 itevcra
1932 5824 2050 5883 post
2111 5831 2230 5868 voc.

664 5883 823 5954 πὰπα
871 5881 1088 5954 Ῥώμης
1125 5881 1410 5954 excidisse
1465 5884 1704 5937 arbitror
1764 5899 1794 5938 e
1835 5881 1974 5938 libro
2029 5884 2234 5938 Μςιιοιίιι

663 5952 828 6010 verba
879 5951 992 6010 duo
1031 5951 1245 6025 πρῶτον
1299 5951 1536 6023 ἐλέγετο,
1601 5969 1719 6024 (ιιιιο
1782 5965 1964 6012 noster
2019 5957 2232 6014 retinet.

2325 3703 2683 3758 Chiltneadus
2734 3704 2984 3758 Ma-lalam
3037 3704 3306 3772 sumpsit;
3364 3704 3597 3758 fortasse
3644 3705 3792 3758 enim
3847 3723 3908 3761 ea

2323 3774 2488 3828 verba
2515 3774 2586 3826 ibi
2625 3790 2730 3827 non
2761 3777 2989 3839 desunt;
3013 3788 3326 3843 quanquam
3375 3777 3442 3828 de
3475 3773 3776 3830 Chiltneadi
3810 3776 3911 3829 lide

2326 3845 2579 3898 dubitare
2613 3844 2757 3898 nolo.
2785 3845 2943 3900 Certe
2979 3845 3081 3897 sub
3101 3843 3432 3909 Justiniano,
3476 3844 3736 3900 Romanae
3766 3849 3912 3899 sedis

2326 3913 2796 3979 reverentissimo,
2828 3930 3023 3968 nomen
3063 3930 3213 3984 papa:
3238 3914 3318 3970 sic
3349 3915 3520 3970 fuisse
3556 3917 3906 3978 honoratum,

2327 4001 2432 4040 non
2466 3984 2669 4050 miror;
2708 4002 2830 4039 nam
2873 3996 3072 4053 pra-ter
3099 3985 3344 4050 ejusdem
3400 3985 3691 4041 Justiniani
3750 3991 3907 4039 testi-

2326 4056 2577 4110 monium
2602 4071 2630 4107 a
2666 4072 2752 4112 me
2794 4058 2846 4109 in
2876 4056 2978 4109 hoc
3012 4053 3302 4124 Spicilegio
3337 4067 3376 4109 t.
3409 4055 3524 4118 νη.
3566 4056 3716 4125 praef.
3741 4059 3908 4125 p.28.

2327 4127 2582 4189 relatum,
2633 4127 2844 4182 accedit
2875 4126 3018 4177 aliud
3049 4126 3291 4192 prazdicti
3317 4125 3666 4195 imperatoris
3699 4126 3749 4180 in
3783 4130 3906 4181 cod.

2327 4195 2423 4250 lib.
2473 4213 2510 4258 ι,
2548 4198 2630 4250 tit.
2665 4197 2715 4256 1,
2772 4201 2823 4250 in
2864 4196 3092 4264 epistola
3148 4199 3213 4250 atl
3265 4195 3531 4251 Joannem
3585 4197 3627 4251 ll
3689 4211 3904 4264 papam.

2330 4266 2623 4320 Reddentes
2687 4269 2936 4320 honorem
3002 4267 3310 4333 apostolicw
3377 4269 3528 4328 sedi,
3598 4278 3645 4320 et
3725 4279 3910 4321 vestra!

2328 4340 2602 4392 sanctitati
2638 4339 2805 4408 (quod
2835 4353 3040 4405 semper
3073 4339 3220 4391 nobis
3256 4339 3468 4408 ittMvOlO
3511 4349 3557 4392 et
3591 4337 3690 4408 fuit
3726 4349 3776 4389 et
3808 4342 3908 4403 est)

2329 4419 2373 4464 et
2406 4420 2458 4460 ut
2495 4405 2890 4478 decet'patrent
2939 4411 3251 4478 honorantes
3312 4405 3554 4461 Vestram
3593 4405 3911 4461 ’Beatitudi-

2330 4495 2464 4539 nem,
2491 4479 2665 4531 omnia
2691 4474 2828 4546 qua:
2867 4478 2934 4529 ad
2976 4474 3334 4530 Ecclesiarum
3359 4487 3572 4546 _statum
3627 4481 3901 4544 pertinent,

2329 4549 2690 4615 festiuavimus
2718 4543 2786 4600 ad
2824 4549 3064 4601 notitiam
3093 4549 3297 4613 deferre
3335 4543 3534 4601 Vestra:
3571 4547 3903 4604 Sanctitatis:

2327 4621 2574 4684 quoniam
2606 4635 2806 4682 semper
2839 4618 2985 4671 nobis
3022 4617 3119 4686 fuit
3151 4635 3400 4687 magnum
3440 4621 3678 4671 studium
3727 4618 3907 4672 unita-

2331 4697 2430 4741 tem
2465 4702 2645 4741 restrtc
2674 4689 2977 4756 apostolica:
3027 4689 3185 4748 sedis,
3241 4700 3288 4740 et
3353 4697 3552 4742 statuat
3603 4689 3905 4743 sancturitm

2335 4759 2428 4812 Dei
2460 4758 2823 4812 Ecclesiarum
2847 4756 3138 4822 custodire,
3186 4759 3276 4824 qui
3335 4758 3586 4811 hactenus
3620 4758 3816 4811 obtinet
3859 4769 3906 4812 et

2330 4829 2642 4882 incomntote
2667 4840 2952 4893 permanet,
2975 4828 3124 4880 nulla
3143 4829 3494 4882 intercedente
3511 4830 3904 4882 contrarietate.

2331 4897 2560 4966 Ideoque
2589 4917 2766 4952 omnes
2800 4899 3101 4952 sacerdotes
3145 4901 3371 4952 universi
3429 4900 3722 4952 Orientalis
3789 4912 3905 4951 tra-

2261 4993 2304 5048 ι)
2333 4981 2446 5023 ctus
2473 4982 2520 5048 et
2549 4971 2812 5039 subjicere
2840 4981 2885 5021 et
2917 4970 3066 5048 uni-re
3095 4970 3204 5021 sedi
3225 4981 3421 5048 restria
3451 4969 3768 5048 sanctitatis
3793 4985 3906 5048 pro:

2335 5042 2627 5108 peravimus
2650 5051 2777 5098 etc...
2813 5056 2904 5091 nec
2933 5040 3070 5091 enim
3123 5042 3360 5106 patimur
3415 5039 3905 5110 quidquam,quod

2336 5113 2405 5165 ad
2440 5110 2796 5164 Ecclesiarum
2831 5119 3026 5162 statum
3049 5112 3364 5176 pertineant
3395 5126 3500 5162 non
3527 5115 3685 5162 etiam
3716 5109 3906 5163 Vestra:

2336 5186 2627 5235 innotescat
2660 5181 2969 5239 Sanctitati.
3011 5196 3129 5248 qua:
3161 5192 3313 5246 caput
3347 5191 3423 5232 est
3448 5183 3685 5233 omnium
3719 5179 3906 5233 Eccle-

2335 5253 2535 5306 siarunt
2562 5267 2668 5308 etc.
2709 5249 2900 5304 Omnes
2922 5267 3037 5302 rero
3069 5257 3364 5304 sacerdotes
3399 5259 3601 5304 sanctw
3636 5254 3909 5303 cat/taliae

2335 5335 2490 5392 atque
2536 5322 2836 5388 apostolicw
2896 5319 3174 5383 Ecclesitv,
3227 5333 3497 5388 sequentes
3557 5319 3908 5376 Sanctitatem

2345 5391 2608 5460 vestram,
2644 5402 2691 5460 et
2717 5394 3066 5444 custodientes
3108 5401 3303 5443 statum
3327 5402 3374 5443 et
3403 5393 3659 5444 unitatem
3702 5404 3910 5443 sancta-

2339 5480 2452 5516 rum
2487 5459 2601 5516 Dei
2636 5459 3021 5515 Ecclesiarum.
3053 5478 3210 5529 quam
3263 5461 3563 5530 habentia!)
3614 5462 3911 5530 apostolica

2346 5532 2545 5586 Vestra:
2589 5533 2903 5588 Sanctitatis
2935 5533 3058 5584 sede
3085 5541 3189 5587 etc.
3239 5530 3363 5586 lla'c
3402 5548 3430 5584 a
3465 5529 3752 5588 Photianis
3789 5532 3908 5585 ntiti

2338 5603 2608 5671 docilique
2641 5604 2821 5657 animo
2859 5603 2957 5667 legi
3009 5603 3190 5654 velim.

2410 5670 2533 5741 (50)
2552 5674 2742 5729 Annus
2790 5687 2963 5727 nouus
3015 5682 3135 5740 post
3184 5671 3522 5726 consulatum
3558 5670 3767 5739 Basilii,
3825 5688 3910 5726 se-

2339 5744 2571 5798 cundum
2601 5753 2890 5798 accuratos
2925 5742 3092 5797 fastos
3143 5743 3335 5798 incidit
3365 5743 3416 5794 in
3444 5741 3649 5796 Christi
3707 5759 3907 5796 annum

2340 5833 2424 5870 οι..
2461 5814 2747 5886 Quaeergo
2785 5823 3082 5886 sequuntur
3137 5814 3321 5886 iu_lol.
3379 5811 3468 5875 66,
3503 5814 3824 5886 posteriora
3880 5832 3907 5864 ει

2342 5894 2526 5940 nostro
2562 5882 2821 5940 historico
2856 5884 3169 5954 creduntur.
3208 5882 3340 5937 Nam
3374 5883 3514 5952 quod
3552 5885 3672 5938 tinis
3703 5885 3908 5954 paginae

2343 5956 2502 6027 hujus
2529 5971 2697 6013 versa:
2723 5954 2836 6013 folii
2861 5953 2949 6022 6‘5,
2985 5964 3336 6012 connectatur
3369 5969 3493 6010 cum
3521 5954 3672 6011 initio
3703 5957 3908 6025 pagina:
