4164 6572
301 528 441 592 1821

1263 536 1486 596 FRAG.
1523 538 1620 597 IV.
1652 539 2092 601 JUSTINIANI
2134 542 2161 599 Ι
2204 542 2350 601 RES
2378 539 2659 601 GEST/E.

3447 531 3579 595 15%

295 646 438 713 λων,
470 647 565 701 καὶ
600 647 893 712 κατὰθεσις
937 648 1047 701 τῶν
1095 648 1269 717 ἁγίων
1297 651 1567 721 λειψάνων
1615 655 1889 726 Ἀνδρέου,

2003 667 2049 711 et
2082 657 2340 725 repositio
2366 664 2684 710 sanctarum
2713 650 3069 720 reliquiarum
3111 648 3364 713 Andreae,
3396 647 3576 709 Luem,

296 739 517 804 Λουκᾶ,
551 739 647 793 καὶ
684 738 951 810 Τιμοθέου
985 740 1044 793 ἐν
1073 739 1152 810 τῷ
1175 740 1308 812 οἴκῳ
1332 742 1443 797 τῶν
1469 746 1651 799 αὐτῶν
1697 747 1893 815 Ἀγίων

316 830 660 884 Ἀποστόλων
692 833 750 883 ἐν
777 832 1372 886 Κωνσταντινουπόλει·
1412 836 1506 889 καὶ
1543 836 1758 907 διῆλθεν
1784 839 1898 891 ἐπίο

300 938 517 985 σκοπος
544 922 740 993 Μηνᾶς
759 923 898 992 μετὰ
920 922 1029 976 τῶν
1053 924 1233 978 αὐτῶν
1265 925 1436 995 ἁγίων
1465 927 1734 997 λειψάνων
1757 931 1895 983 καθ-

300 1014 509 1085 ήμενος
535 1016 592 1067 ἐν
624 1015 864 1085 ὀχήματι
896 1015 1184 1087 βασιλικῷ,
1222 1020 1442 1089 κρατῶν
1474 1020 1573 1085 τὰς
1615 1025 1763 1092 τρεῖς
1797 1023 1895 1094 θή-

300 1124 412 1171 κας
448 1106 560 1160 τῶν
605 1108 775 1175 ἁγίων
806 1108 1074 1177 λειψάνων
1100 1112 1182 1174 εἰς
1207 1112 1277 1165 τὰ
1301 1113 1506 1181 γόνατα
1537 1115 1705 1169 αὐτοῦ
1730 1135 1744 1147 ·
1802 1119 1898 1171 καὶ

299 1198 437 1253 ἄλλο
480 1198 591 1267 (51)
629 1197 687 1250 ἓν
714 1197 898 1269 ὄχημα
930 1199 1233 1269 βασιλικὸν,
1274 1204 1302 1258 ὃ
1332 1205 1398 1275 δὴ
1426 1205 1618 1259 τοῦτον
1651 1212 1896 1277 προῆγεν

301 1289 377 1341 τὰ
409 1289 554 1343 αὐτὰ
600 1276 734 1359 ἁγῖα
765 1291 1019 1362 λείψανα,
1050 1295 1145 1347 καὶ
1179 1295 1273 1349 τὸν
1300 1297 1733 1367 ἁρχιεπίσκοπον
1771 1302 1898 1371 Μη-

307 1383 431 1437 νᾶν.

384 1475 527 1540 Μηνὶ
572 1475 860 1549 Ἀπριλίῳ,
894 1478 1191 1533 ίνδικτιώνι
1233 1482 1675 1555 τρισκαιδεκάτῃ,
1702 1484 1900 1557 [ἐπέμ-

309 1567 425 1639 φθη
458 1567 685 1639 Ναρσῆς
740 1568 801 1641 [f.
848 1572 939 1635 66,
988 1572 1044 1645 a]
1082 1574 1111 1627 ὁ
1171 1575 1619 1647 κουϐικουλάριος
1651 1577 1764 1648 (32)
1816 1580 1898 1642 είς

323 1648 557 1729 Ῥώμην
588 1660 682 1712 ἐπὶ
731 1659 811 1728 τῷ
852 1662 1160 1733 πολεμῆσαι
1203 1669 1317 1729 τοῖς
1347 1665 1569 1729 Γόθθοις
1598 1670 1711 1731 τοῖς
1759 1687 1897 1740 κρα-

308 1750 494 1805 τοῦσιν
522 1751 623 1822 τὴν
650 1752 821 1821 αὐτὴν
864 1753 1103 1826 Ῥώμηνο
1143 1757 1225 1810 ὅτι
1278 1758 1416 1827 μετὰ
1451 1758 1510 1811 τὸ
1553 1760 1895 1829 παραλαϐεῖν

308 1842 627 1913 Βελισὰριον
658 1862 804 1899 πα...
834 1848 945 1916 (55)
969 1849 1069 1919 τὴν
1096 1850 1266 1921 αὐτὴν
1312 1850 1537 1921 Ῥώμην
1584 1853 1748 1907 πάλιν
1785 1871 1893 1907 πα-

311 1937 728 2009 ραλημφθείσαν
762 1939 867 1992 ὑπὸ
895 1939 1003 1995 τῶν
1032 1941 1215 1995 αὐτῶν
1246 1943 1482 1997 Γόθθων.

380 2030 530 2099 Μηνὶ
572 2030 795 2100 Ἰουνίῳ,
845 2032 1022 2085 είκάδι
1070 2032 1225 2103 ἕκτῃ,
1278 2034 1568 2088 ίνδικτιώνι
1613 2039 1679 2107 τῇ
1731 2037 1893 2107 αὐτῇ,
1932 2019 1970 2072 Β

307 2120 500 2191 ἐδέχθη
531 2122 561 2173 ό
591 2122 889 2186 ἐπίσκοπος
928 2123 1147 2195 Ῥώμης
1170 2126 1409 2194 Βιγίλιος
1451 2128 1599 2199 παρὰ
1626 2126 1721 2180 τοῦ
1745 2129 1899 2181 εὐσε-

306 2212 441 2274 ϐοῦς
472 2214 628 2283 ἡμῶν
654 2214 914 2268 δεσπότου
941 2233 953 2245 ·
990 2217 1073 2270 ὅτι
1115 2213 1181 2287 ἦν
1212 2218 1320 2271 ἀπὸ
1367 2220 1543 2287 ὅψεως
1581 2221 1769 2284 αὐτοῦ,
1804 2223 1899 2274 καὶ

307 2297 379 2371 ἦν
412 2302 746 2372 προσφυγὼν
776 2305 855 2366 εἰς
879 2304 970 2357 τὸν
1001 2305 1155 2373 ἆγιον
1182 2306 1405 2377 Σέργιον
1433 2309 1490 2360 ἐν
1519 2312 1633 2373 τοῖς
1665 2310 1898 2380 ἐπίκλην

323 2393 613 2465 Ὀρμίσδου
634 2396 706 2458 δι’..
731 2395 838 2457 Καὶ
867 2395 1112 2466 ἔπεμψεν
1141 2398 1170 2450 ὁ
1200 2398 1431 2471 εὐσεϐὴς
1455 2400 1609 2471 ἡμῶν
1630 2401 1898 2473 δεσπότης

308 2483 544 2554 κόμιταν
596 2486 689 2541 τὸν
740 2486 1025 2557 πραίτωρα
1073 2488 1165 2540 τὸν
1224 2489 1455 2561 ἐπίκλην
1510 2492 1900 2561 Διαπουνδαρι-

312 2578 480 2645 στήνο
530 2577 623 2628 καὶ
673 2576 899 2645 γέγονεν
932 2579 1121 2641 στάσις
1158 2581 1407 2650 μεγάληο
1455 2584 1552 2635 καὶ
1600 2582 1843 2651 ἀπῆλθεν
1871 2584 1898 2634 ὁ

314 2670 549 2738 Βιγίλιος
583 2670 768 2739 πὰπας
803 2672 882 2733 εἰς
908 2672 968 2737 τὸ
992 2672 1145 2739 ἅγιον
1172 2672 1583 2745 θυσιαστήριον,
1617 2676 1709 2729 καὶ
1731 2675 1901 2746 ἐκρά-

313 2778 477 2830 τησεν
505 2762 668 2814 αὐτὸν
698 2765 726 2814 ὁ
760 2762 991 2831 κόμιτας
1030 2764 1123 2816 τοῦ
1156 2764 1419 2833 πωγῶνος
1453 2766 1587 2837 (54),
1614 2767 1755 2819 ὥστε
1805 2770 1900 2818 ἐκ-

318 2853 502 2907 ϐαλεῖν
541 2856 604 2907 ἐκ
634 2854 728 2907 τοῦ
770 2855 925 2924 ἁγίου
955 2855 1345 2927 θυσιαστηρίου
1368 2873 1380 2885 ·
1413 2858 1508 2910 καὶ
1534 2859 1840 2928 ἐκράτησεν
1874 2861 1902 2911 ὁ

317 2946 611 3009 ἐπίσκοπος
644 2947 702 2999 τὸ
730 2947 930 3000 κιόνιον
953 2948 1051 3017 τῆς
1079 2947 1241 3016 ἁγίας
1263 2949 1566 3019 τραπέζης,
1588 2950 1682 3001 καὶ
1705 2948 1901 3001 ἔπεσεν

318 3038 351 3107 ἡ
383 3038 510 3104 ἁγία
536 3038 787 3109 τράπεζα
817 3040 899 3101 είς
923 3040 981 3092 τὸ
1009 3039 1198 3108 ἔδαφος
1221 3055 1235 3069 ⁸
1266 3040 1361 3093 καὶ
1391 3038 1620 3111 ὕστερον
1652 3040 1900 3110 ἀπῆλθεν

315 3132 345 3182 ὁ
372 3131 533 3193 αὐτὸς
561 3131 749 3193 πάπας
779 3133 836 3183 ἐν
862 3131 1166 3200 Χαλκηδόνι
1186 3133 1233 3163 ⁸³
1270 3132 1422 3184 πόλει
1457 3131 1560 3202 [εἰς
1589 3131 1686 3201 τὴν
1710 3132 1904 3201 ἐκκλη-

320 3220 444 3275 σίαν
474 3221 575 3287 τῆς
609 3221 794 3288 Ἀγίας
826 3221 1146 3292 Εὐφημίαςο
1181 3221 1333 3283 τέλος
1357 3222 1416 3275 δὲ
1450 3223 1642 3292 ἐδέχθη
1670 3224 1774 3276 ὐπὸ
1804 3242 1904 3294 με-

321 3309 725 3379 ταμεληθέντος
760 3309 869 3380 (55)
904 3311 922 3380 j
950 3310 1341 3365 εὐσεϐεστάτου
1366 3312 1521 3382 ἡμῶν
1546 3310 1609 3382 [ί.
1640 3313 1707 3367 66
1734 3313 1790 3385 b]
1821 3314 1906 3366 δε-

322 3400 524 3455 σπότου
559 3403 587 3453 ό
616 3401 779 3464 αὐτὸς
806 3401 991 3464 πάπας
1022 3402 1279 3469 Βιγίλιος.

393 3584 503 3638 Καὶ
549 3584 625 3654 τῷ
664 3583 812 3654 αὐτῴ
857 3584 967 3638 ἔτει
1018 3586 1111 3637 ἐπὶ
1139 3587 1241 3655 τῆς
1277 3586 1557 3656 βασιλείας
1602 3587 1698 3641 τοῦ
1736 3587 1904 3642 αὐτοῦ

322 3677 721 3735 εὐσεϐεστάτου
770 3678 931 3747 ἡμῶν
974 3679 1257 3742 δεσπότου,
1307 3682 1436 3750 μηνὶ
1470 3680 1697 3752 Ἰουλίῳ,
1729 3684 1787 3736 ἐν
1833 3684 1898 3754 τῇ

320 3768 506 3840 ἡμέρᾳ
531 3768 684 3849 ἕκτη,
714 3769 1001 3823 ἱνδικτιῶνι
1025 3771 1588 3847 τεσσαρισκαιδεκᾲτῃ
1610 3772 1655 3803 ⁸³
1685 3773 1902 3842 ἐγένετο

324 3862 547 3932 σεισμὸς
582 3862 754 3933 μέγας
795 3862 891 3916 καὶ
941 3862 1173 3933 φοϐερὸς
1213 3864 1273 3915 ὲν
1313 3864 1462 3937 πάσῃ
1497 3868 1563 3935 τῇ
1609 3864 1765 3936 χώρᾳ.
1802 3866 1903 3936 τῆς

416 4039 458 4070 ³⁸
484 4039 753 4108 Corrupte
781 4038 1001 4097 Malalas
1034 4040 1340 4111 ὐρμοδίου.

321 4125 539 4180 quoque
586 4111 866 4164 codicibus
918 4112 1181 4165 interdmu
1211 4112 1341 4163 vidi.

321 4177 737 4235 cod.’Vaticauo
776 4196 1056 4235 sacrorum
1096 4181 1405 4237 bibliormn.

325 4350 490 4393 recta:
552 4338 663 4394 folii
726 4338 817 4403 66,
886 4338 1001 4393 sole
1064 4339 1367 4392 meridiano
1435 4339 1738 4393 evidentius
1799 4349 1902 4394 est.

320 4407 536 4463 Etenim
561 4412 720 4463 verba
759 4409 894 4479 μηνὶ
941 4407 1550 4479 Ἀπριλίῳηὶνδικτιῶνι
1590 4410 1904 4479 τρισκαιδεε

324 4481 467 4549 κὰτῃ
510 4479 671 4548 (quod
710 4489 793 4549 est
849 4491 1099 4549 tempus,
1129 4489 1264 4532 teste
1308 4479 1637 4547 Theophane
1687 4496 1738 4546 p.
1782 4481 1901 4544 192,

321 4547 683 4619 expeditionis
714 4547 958 4604 Narsetis
998 4551 1048 4602 in
1083 4548 1313 4619 Italiam)
1336 4549 1675 4619 concludunt
1714 4551 1899 4605 folium

322 4617 494 4681 65b;
530 4623 713 4673 statim
747 4627 927 4673 autem
970 4619 1128 4672 initio
1158 4618 1269 4672 folii
1322 4617 1391 4672 66
1438 4634 1489 4680 a,
1552 4622 1902 4688 prosequitur

1928 3371 1977 3434 ο

1996 766 2059 803 ac
2083 748 2350 803 Timothei
2393 748 2458 801 in.
2479 748 2593 799 azde
2624 746 2871 814 ipsorum
2925 740 3255 796 Sanctorum
3288 738 3579 809 Apostolo-

1998 858 2115 896 rum
2148 838 2652 907 Constantinopoli.
2679 835 2959 891 Processit
2988 834 3245 887 nimirum
3292 832 3582 901 episcomis

2000 933 2182 988 Menas
2213 949 2337 986 cum
2383 932 2518 998 ipsis
2567 930 2774 985 sanctis
2819 926 3065 995 reliquiis
3138 923 3303 992 regali
3341 923 3581 992 plaustro

2000 1027 2289 1091 insidens,
2356 1033 2576 1092 tresque
2628 1030 2939 1077 sanctarum
2991 1018 3342 1085 reliquiarum
3394 1014 3582 1069 thecas

1999 1102 2242 1187 gentibus
2272 1116 2389 1170 suis
2415 1123 2673 1185 gestans:
2714 1110 3155 1182 procedebatque
3187 1105 3332 1160 aliud
3373 1106 3578 1171 regium

1998 1225 2150 1277 a-que
2196 1208 2492 1274 plaustrum
2546 1213 2673 1258 ante
2730 1216 2917 1257 sacras
2973 1198 3230 1267 reliquias
3279 1204 3333 1249 et
3370 1194 3578 1248 Menam

2000 1301 2325 1368 pontilicetn.

2070 1484 2252 1539 Mense
2287 1483 2485 1554 Aprili,
2524 1479 2820 1535 indictione
2889 1476 3048 1531 tertia
3099 1475 3331 1539 decima,
3384 1476 3580 1528 missus

2002 1574 2096 1629 fuit
2130 1574 2328 1630 Narses
2355 1572 2723 1629 cubicularius
2753 1568 2979 1624 Romam
3015 1575 3353 1636 pugnaturus
3387 1568 3581 1618 adver-

1999 1684 2093 1723 sus
2117 1667 2347 1733 Gothos,
2383 1666 2473 1734 qui
2498 1663 2742 1717 eamdem
2778 1660 3006 1714 Romam
3053 1660 3330 1713 tenebant.
3367 1656 3579 1711 Etenim

2000 1759 2249 1822 Ruinam,
2281 1773 2442 1827 quam
2481 1756 2565 1810 bis
2596 1756 2710 1825 jam
2747 1752 3040 1807 Belisarius
3072 1759 3377 1818 receperat,
3406 1750 3581 1804 detmo

2000 1851 2159 1906 Gothi
2188 1857 2613 1919 occupaverant.

2070 2035 2269 2090 Mensis
2291 2035 2435 2088 Junii
2463 2035 2550 2088 die
2585 2034 2845 2088 vicesima
2881 2029 3135 2099 septima,
3169 2026 3358 2080 eadem
3411 2022 3583 2077 iudic-

2003 2128 2172 2190 tioue,
2219 2139 2474 2196 receptus
2507 2126 2608 2180 fuit
2643 2124 2922 2179 Romanus
2964 2122 3252 2190 episcopus
3294 2114 3522 2185 Vigilius
3552 2129 3584 2167 ιι

2002 2222 2264 2290 religioso
2296 2220 2520 2275 domino
2575 2228 2783 2274 nostro.
2812 2216 2985 2270 Antea
3017 2214 3162 2268 enim
3208 2227 3266 2266 se
3311 2210 3379 2263 ab
3421 2207 3583 2276 hujus

2000 2324 2294 2378 Conspectu
2322 2313 2679 2373 subduxerat,
2716 2309 3037 2377 fugeratque
3062 2306 3127 2358 ad
3167 2313 3415 2359 sanctum
3450 2302 3583 2354 Ser-

2000 2403 2146 2473 gium
2209 2402 2260 2454 in
2312 2401 2431 2455 loco
2468 2399 2559 2469 qui
2596 2399 2798 2453 dicitur
2830 2395 3154 2450 llormisdae.
3212 2391 3581 2458 Quamobrem

2002 2494 2228 2549 miserat
2286 2491 2571 2562 religiosus
2626 2499 2814 2544 noster
2858 2488 3112 2543 dominus
3145 2486 3398 2539 comitem
3450 2499 3584 2552 prte-

2003 2599 2211 2650 Iorem,
2269 2594 2634 2651 cognomento
2693 2580 3211 2650 Diapundaristam;
3281 2590 3586 2645 magnoque

2002 2682 2274 2735 concitato
2330 2678 2594 2737 tumultu,
2651 2674 2977 2744 confugerat
3043 2670 3277 2741 Vigilins
3333 2684 3466 2739 papa
3519 2667 3585 2720 ad

2004 2782 2258 2828 sanctum
2295 2771 2486 2835 altare,
2531 2770 2621 2823 ubi
2671 2784 2795 2823 eum
2823 2780 3007 2820 comes
3042 2779 3205 2817 manu
3258 2763 3308 2816 in
3362 2761 3584 2814 barbam

2003 2867 2201 2934 injecta
2248 2863 2536 2932 corripuit,
2568 2870 2626 2914 ιιι
2661 2875 2727 2914 ex
2784 2857 2940 2911 altari
2990 2855 3255 2923 ejiceret;
3307 2853 3399 2906 sed
3440 2852 3585 2905 enim

2001 2959 2290 3027 episcopus
2325 2969 2497 3008 sacra:
2537 2966 2741 3005 mensa:
2795 2946 3141 3003 columellam
3174 2944 3450 3013 amplexus
3481 2954 3586 3007 cst,

2002 3048 2073 3101 ita
2100 3049 2229 3100 utin
2266 3045 2639 3116 pavimentum
2676 3056 2861 3095 mensa
2892 3038 3177 3093 deciderit.
3216 3035 3418 3088 Deinde
3462 3050 3592 3088 vero

2004 3138 2140 3192 idem
2168 3152 2300 3207 papa
2336 3136 2561 3206 Vigilius
2607 3134 2673 3188 ad
2699 3133 2887 3187 urbem
2919 3129 3314 3185 Chalcedouem
3351 3142 3408 3181 se
3444 3142 3589 3179 con-

2005 3232 2225 3297 tulerat,
2252 3232 2615 3297 manebatque
2646 3228 2786 3297 apud
2817 3224 3105 3280 ecclesiam
3133 3221 3345 3277 Sanctae
3369 3220 3591 3287 Euphe-

1984 3292 2152 3376 ’mitn.
2222 3321 2507 3374 Postremo
2583 3317 3028 3386 religiosissimus
3093 3324 3275 3391 noster
3341 3311 3593 3367 dominus

2006 3412 2319 3479 paenitentia
2348 3420 2522 3464 tactus
2539 3410 2789 3464 emndem
2821 3409 2872 3462 in
2901 3408 3131 3477 gratiam
3164 3406 3369 3473 recepit
3397 3418 3591 3472 papam

2008 3502 2288 3571 Vigilium.
3058 3494 3061 3497 ’

2080 3596 2282 3652 Eodem
2342 3611 2519 3658 anno,
2587 3602 2846 3663 regnante
2902 3591 3316 3662 religiosissime
3372 3591 3593 3644 domino

2010 3697 2219 3751 nostro,
2264 3689 2468 3742 mensis
2534 3686 2658 3740 Julii
2718 3686 2807 3740 die
2854 3694 3029 3746 sexta,
3060 3683 3353 3737 indictione
3399 3692 3589 3750 quarta

2011 3781 2240 3844 decima,
2281 3779 2586 3835 horrendus
2616 3776 3001 3833 acciditterrze
3026 3785 3205 3830 motus
3248 3776 3299 3829 in
3338 3776 3589 3827 universa

2001 3869 2249 3925 Orientis
2315 3868 2572 3935 regione,
2636 3868 2689 3921 in
2749 3868 2990 3931 Arabia,
3046 3867 3302 3935 inquam,
3375 3875 3592 3932 totaque

1440 4042 1487 4113 β’·
1515 4041 1648 4097 Cod.
1701 4043 1901 4113 Καλχηι

2003 4082 2031 4106 ι,
2080 4058 2242 4112 quam
2292 4043 2344 4097 in
2416 4043 2520 4098 hoc
2560 4042 2821 4097 vocabulo
2879 4042 3222 4097 metathesim
3279 4042 3330 4095 in
3386 4042 3590 4097 Latinis

1437 4112 1485 4143 ⁵⁸
1518 4114 1592 4167 lla
1637 4118 1757 4168 cod.
1805 4112 1901 4168 nun

2003 4116 2229 4184 έσσαρες
2278 4113 2374 4168 sed
2413 4114 2698 4184 τέσσαρες,
2738 4113 2815 4167 uti
2867 4122 3185 4168 constanter
3234 4115 3484 4169 usuvenit
3535 4118 3586 4168 in

2015 4340 2281 4407 duplicem
2365 4339 2680 4394 earumdem
2762 4340 3117 4410 reliquiarum
3179 4340 3586 4395 translationem

2012 4420 2446 4549 "afﬂigumpsi
2485 4480 2600 4535 haec
2657 4482 2817 4535 verba
2872 4497 2935 4535 ex
2990 4479 3322 4551 Theophane
3369 4498 3421 4549 p.
3468 4482 3584 4536 192.

2011 4550 2208 4603 Eadem
2252 4551 2365 4605 fere
2396 4552 2711 4604 scribuntur
2741 4570 2768 4603 ιι
2802 4552 3048 4605 Cedrcno
3082 4550 3302 4619 p.675.

2082 4619 2334 4692 (55)[)ιιυ
2388 4622 2648 4692 vocabula
2685 4621 2805 4692 legi
2849 4621 3213 4692 nequiverunt
3275 4623 3324 4692 i_n
3377 4621 3584 4675 codice.

322 4680 568 4743 Narsetis
614 4689 809 4744 bellum
860 4697 1047 4743 contra
1080 4690 1285 4758 Gothos
1350 4680 1585 4742 Italicos.
1647 4680 1817 4758 lgiiur
1854 4692 1898 4744 si
1938 4680 1983 4734 ί)
2011 4680 2227 4744 Scimus
2255 4702 2434 4745 autem
2488 4691 2568 4743 bis
2606 4680 3226 4758 llelisarium‘recepisse
3284 4689 3508 4744 Romam
3555 4710 3583 4743 ιι

324 4760 469 4828 forte
519 4762 933 4828 prteposuisscm
978 4760 1167 4815 folium
1208 4757 1276 4813 66
1334 4759 1463 4813 folio
1488 4759 1577 4820 65.
1630 4757 1772 4813 hunc
1827 4762 1901 4814 rei

326 4841 487 4898 gestae
552 4846 812 4895 cursum,
881 4829 1343 4891 ettuarratiouis
1410 4846 1607 4881 nexum
1680 4847 1905 4896 prorsus

326 4897 686 4968 abrupissent.
726 4901 789 4954 Et
814 4900 1032 4970 quidem
1065 4901 1227 4970 etiam
1260 4897 1642 4967 Theophanes,
1679 4919 1729 4969 p.
1777 4901 1901 4961 19‘2.

326 4970 396 5029 de
424 4972 621 5038 amissa
672 4980 728 5026 et
759 4969 1074 5037 recuperata
1130 4969 1425 5023 Justiniaui
1481 4985 1685 5024 corona
1739 4970 1902 5038 (apud

328 5054 427 5092 nos
458 5037 551 5110 fol.
602 5041 691 5106 65)
728 5052 856 5095 ante
910 5042 1149 5106 loquitur
1195 5055 1372 5110 quam
1412 5040 1479 5093 de
1524 5039 1697 5110 Syria:
1749 5037 1904 5095 terra:

328 5118 479 5175 motu
514 5109 673 5179 (apud
707 5128 801 5164 nos
835 5110 928 5166 fol.
971 5110 1084 5180 66).
1143 5112 1275 5164 item
1326 5108 1713 5164 Malalas‘ante
1763 5111 1905 5165 hunc

327 5188 490 5234 terra:
526 5189 751 5245 motum,
789 5189 973 5233 narrat
1016 5190 1123 5235 non
1178 5180 1350 5234 solum
1387 5181 1662 5235 Geuserici
1715 5182 1904 5234 adver-

326 5265 420 5319 sus
457 5248 680 5304 Romam
716 5252 1135 5317 expeditionem,
1180 5250 1277 5304 Sed
1309 5251 1469 5303 etiam
1499 5252 1602 5304 alia
1631 5254 1898 5318 quaedam,

327 5334 448 5388 qua!
509 5332 694 5374 noster
760 5322 811 5374 in
876 5320 1005 5373 folio
1069 5320 1136 5373 65
1217 5322 1462 5389 scripsit.
1540 5322 1644 5375 Res
1721 5332 1900 5375 tamen

329 5389 510 5458 Vigilii
547 5405 631 5443 me
662 5391 982 5452 turbabant;
1033 5406 1266 5457 namque
1293 5391 1613 5449 Anastasius
1643 5401 1696 5445 et
1725 5390 1903 5445 Theo-

329 5462 536 5529 phanes
573 5462 917 5530 przepositum
961 5458 1165 5525 Merula:
1226 5462 1277 5515 in
1323 5462 1593 5530 uiptychis
1647 5462 1899 5530 Vigilium

330 5541 578 5596 narrant,
605 5544 889 5600 postquam
923 5530 1068 5582 illaut
1100 5531 1339 5597 ejusdem
1370 5530 1545 5600 fugam
1579 5531 1644 5582 ad
1680 5534 1739 5584 ὃ.
1771 5534 1902 5586 Scr-

329 5602 477 5669 gium
546 5601 901 5671 scripserant.
963 5600 1055 5653 Vel
1106 5601 1347 5669 prtedicti
1407 5602 1587 5667 itaque
1636 5602 1895 5660 historici.

331 5671 415 5723 vel
489 5683 697 5733 noster,
776 5686 887 5725 rem
949 5671 1287 5738 aliquantum
1347 5683 1692 5739 pervertunt;
1756 5676 1898 5741 quod

336 5756 657 5810 magnOpere
694 5758 797 5797 non
844 5741 1012 5812 miror
1035 5756 1048 5805 ;
1070 5757 1304 5810 namque
1336 5752 1391 5796 et
1421 5744 1522 5794 alia
1549 5754 1673 5795 sunt
1713 5744 1899 5812 hujus-

331 5812 473 5864 ιιιυιιὶ
505 5812 555 5865 iu
591 5812 673 5877 his
694 5811 1026 5867 auctoribus.

404 5880 517 5951 (51)
570 5882 1181 5953 Ambignamihisunt
1240 5882 1572 5951 aliquantum
1634 5900 1754 5953 qua:
1814 5885 1899 5937 hic

333 5963 638 6020 sequuntur
684 5953 749 6007 de
806 5952 891 6007 bis
957 5951 1223 6022 reliquiis.
1268 5956 1522 6008 Attamen
1576 5951 1897 6009 Anastasius

2011 4760 2205 4815 Gothis
2241 4763 2461 4813 totidem
2513 4761 2723 4814 vicibus
2755 4770 3096 4826 occupatam.
3137 4760 3333 4824 Quinta
3372 4762 3584 4813 denmm

2011 4831 2148 4892 vice.
2178 4842 2231 4883 ιιι
2264 4832 2334 4884 ait
2372 4830 2707 4897 Nil-ephorus
2741 4829 2875 4883 Call.
2904 4845 3036 4891 xm,
3108 4831 3194 4892 l3,
3238 4829 3434 4883 Nurses
3466 4849 3585 4884 eam

2010 4900 2255 4954 Romano
2288 4902 2515 4969 imperio
2543 4902 2858 4954 vindicavit.

2082 4969 2469 5042 (54)Nar:atio
2497 4973 2631 5042 tneo,
2669 4981 2724 5022 nt
2770 4971 2881 5038 jatn
2914 4971 3047 5037 dixi,
3093 4980 3271 5024 exstat
3300 4970 3423 5021 aliis
3465 4986 3584 5022 ver-

2010 5038 2099 5095 bis
2146 5043 2283 5110 apud
2327 5038 2708 5106 Theophanem
2768 5057 2821 5108 ιι.
2891 5041 3032 5105 iiii;
3091 5054 3298 5093 necu0u
3347 5042 3585 5110 breviter

2008 5109 2203 5165 Latine
2259 5112 2396 5179 apud
2445 5110 2792 5162 Auastasinm
2827 5110 3311 5164 Bibliothecarium
3342 5109 3394 5162 in
3444 5109 3582 5162 llisl.

2008 5200 2060 5250 p.
2134 5182 2222 5235 64.
2299 5182 2500 5233 Neuter
2574 5192 2751 5233 tanien
2836 5182 3085 5233 meminit
3152 5179 3584 5245 Diapundartsta:

2008 5253 2224 5307 comitis
2266 5253 2333 5304 ad
2382 5250 2664 5317 captorum
2699 5250 2871 5316 missi,
2920 5262 2973 5303 et
3008 5251 3148 5317 quod
3197 5251 3281 5302 hic
3318 5252 3585 5311 Sacrilego

2006 5324 2232 5376 barbam
2272 5322 2542 5389 pontificis
2594 5321 2938 5388 corripuerit.
2994 5319 3254 5373 Panciora
3312 5321 3585 5389 prmdiclis

2006 5391 2200 5445 scribit
2227 5388 2450 5445 Malalas
2482 5408 2533 5459 p.
2570 5390 2660 5442 79.
2703 5389 2873 5444 Porro
2907 5393 3247 5444 notissimmn
3294 5403 3396 5449 est.
3434 5388 3582 5457 Vigi-

2008 5463 2135 5516 liutn
2189 5463 2332 5516 hanc
2376 5461 2812 5530 persecutionem
2884 5463 3098 5514 fortiter
3143 5462 3462 5528 pertulisse,
3516 5475 3581 5512 ne

2005 5533 2323 5586 Anthimum
2354 5531 3082 5601 patriarchantqlucreticum
3116 5532 3431 5601 otlicio_suo
3488 5546 3579 5582 rc~

2007 5604 2281 5669 stitueret,
2311 5598 2472 5671 quam
2508 5615 2621 5653 rem
2649 5616 2677 5651 ει
2716 5599 2911 5670 Vigitio
2950 5602 3257 5671 postulabat
3292 5598 3578 5653 'l‘heodora

2006 5680 2245 5742 Angusta
2281 5672 2571 5727 Justiniani
2604 5685 2765 5742 uxor.

2077 5738 2186 5813 (35)
2218 5743 2539 5798 Oblitterato
2599 5741 2685 5813 hic
2712 5743 2930 5813 codice,
2963 5744 3076 5797 haec
3119 5739 3342 5813 suppleo
3397 5738 3579 5813 calli:

2005 5807 2195 5870 storm.
2226 5816 2290 5868 de
2318 5830 2419 5882 qua
2457 5812 2680 5866 consule
2707 5812 3000 5867 Baronium
3022 5814 3086 5864 ad
3116 5807 3203 5863 an.
3225 5807 3341 5882 DLl
3366 5818 3419 5860 ct
3450 5807 3579 5860 DLll

2004 5896 2122 5938 mnu
2178 5880 2372 5955 l’agio.
2430 5897 2661 5953 quorum
2723 5895 2950 5953 uterque
2998 5880 3327 5939 ordiuationi
3381 5890 3585 5933 nosttae

2006 5958 2052 6009 la
2065 5968 2140 6011 vel
2154 5996 2166 6009 .

3614 4864 3629 4951 ί

3618 4966 3625 4981 ι
