4058 6178
2916 355 3101 369 «ιη-υ*

225 355 3523 413 Eam

376 403 560 412 ’,Ψ

1425 511 1627 572 SSMO
1676 511 1989 573 DOMINO
2033 511 2348 573 NOSTRO

1154 712 2178 841 BENEDICTO
2248 718 2615 863 XIV,

1315 992 1909 1078 PONTIFICI
1984 994 2485 1076 MAXIMO

877 1200 1235 1251 VENANTIL'S
1271 1199 1684 1251 MONALDINUS
1717 1199 2101 1251 BIBLIOPULA
2136 1201 2438 1253 ROMANUS
2472 1202 2915 1254 FELICITATEM.

319 1376 473 1441 Quod
494 1373 778 1445 sumptibus
805 1374 930 1426 meis
961 1373 1131 1442 prodit
1153 1372 1381 1429 Missal'e.
1400 1371 1809 1434 Mozarabicum,
1838 1372 2029 1425 nemini
2055 1373 2222 1439 potius
2240 1390 2389 1442 quam
2409 1372 2689 1427 Sanctitati
2716 1381 2818 1426 tua:
2841 1374 3247 1426 consecrandum
3270 1373 3404 1443 fuit;
3436 1389 3533 1425 ne-

243 1486 343 1540 que
367 1472 500 1519 en'm
531 1466 717 1534 niajori
744 1463 900 1516 tutela
940 1463 1068 1516 liber
1105 1465 1303 1533 protegi
1360 1478 1519 1533 neque
1548 1462 1781 1532 digniore
1823 1463 2029 1516 nomine
2054 1465 2293 1534 insigniri
2344 1472 2509 1531 potest
2529 1506 2543 1530 ,
2571 1468 2723 1535 quam
2747 1464 3009 1517 Benedicti
3041 1462 3180 1517 XIV
3201 1504 3216 1528 ,
3249 1465 3536 1519 doctissimi

248 1559 565 1628 maximique
605 1556 901 1625 pontificis,
957 1556 1067 1624 ejus
1113 1555 1306 1607 scilicet
1356 1570 1541 1623 quem,
1604 1554 1921 1606 nobilissima
1990 1558 2042 1606 in
2098 1554 2249 1607 domo
2312 1564 2464 1625 atque
2510 1556 2563 1607 in
2613 1555 3036 1624 splendidissima
3078 1557 3282 1608 civitate
3333 1563 3530 1614 natum.

250 1652 377 1713 rita,
409 1667 524 1703 cum
555 1651 813 1719 prtrclara
854 1648 1097 1700 uirtutum
1130 1648 1272 1717 fama
1294 1647 1347 1699 in
1388 1646 1593 1707 litteris.
1626 1654 1676 1698 et
1719 1647 1769 1697 in
1791 1645 2139 1699 sollicitudine
2186 1647 2435 1715 pastorali
2465 1655 2608 1710 acta,
2654 1664 2745 1713 per
2789 1648 3136 1716 amplissimos
3176 1664 3444 1701 munerum
3490 1655 3539 1699 et

251 1743 719 1796 ecclesiasticarum
739 1718 1005 1793 .honorum
1054 1740 1266 1809 gradus,
1315 1738 1383 1791 ad
1432 1737 1678 1791 Ecclesia:
1721 1739 2067 1807 principatum
2106 1740 2293 1793 evexit.
2340 1739 2409 1792 Et
2455 1742 2684 1811 quamvis
2737 1742 2929 1793 nemini
2977 1742 3210 1809 ignotum
3262 1742 3327 1793 sit
3376 1740 3536 1793 bonas

256 1852 583 1908 (ptascnnque
608 1843 773 1897 artes,
805 1842 1085 1903 cunctaque
1107 1833 1441 1887 laudabilium
1466 1835 1795 1885 scientiarum
1824 1850 2012 1903 genera
2061 1832 2401 1887 Sauctitatem
2452 1844 2591 1885 tuam
2630 1834 2894 1902 complecti
2937 1842 3088 1903 atque
3126 1836 3312 1901 fovere,
3340 1834 3541 1901 ipsum-

257 1941 356 1993 que
380 1934 459 1990 te,
502 1934 557 1976 ut
579 1925 696 1977 aliis
736 1926 968 1993 exemplo
993 1926 1096 1987 sis,
1127 1924 1179 1976 in
1208 1924 1454 1976 maximis
1505 1922 1802 1991 reipublicte
1851 1925 2150 1977 christiana:
2199 1926 2453 1995 negotiis,
2502 1926 2781 1978 litterarias
2832 1935 2944 1978 tuas
2992 1927 3353 1992 occupationes
3401 1941 3537 1977 nun-

257 2036 412 2090 quam
458 2018 831 2081 intermittere;
875 2026 1045 2069 tamen
1086 2024 1299 2085 apparet
1340 2022 1429 2067 tua
1472 2015 1709 2086 qutedam
1749 2016 2025 2084 peculiaris
2062 2032 2221 2079 cura,
2277 2031 2389 2085 qua:
2429 2017 2566 2067 circa
2614 2032 2693 2068 res
2737 2016 3006 2085 liturgicas
3053 2024 3316 2081 uersatur,
3357 2015 3542 2086 quibus

260 2108 556 2164 excolendis
584 2110 637 2160 in
668 2106 865 2175 palatio
906 2105 1170 2175 pontiﬁcio
1199 2102 1519 2157 academiam
1559 2105 1866 2167 instituisti,
1905 2106 2070 2175 iisque
2115 2105 2314 2173 publice
2354 2106 2625 2159 tradendis
2650 2106 2853 2159 scholas
2876 2108 2926 2159 in
2963 2104 3101 2159 Urbe
3128 2122 3241 2165 esse,
3287 2108 3495 2160 voluisti
3525 2146 3539 2171 ,

262 2210 311 2253 et
352 2199 460 2267 ipse
510 2214 638 2265 opus
667 2198 872 2266 insigne
918 2196 1285 2263 composuisti;
1333 2211 1432 2265 quo
1484 2195 1812 2248 eucharistici
1862 2196 2109 2264 sacriﬁcii
2150 2196 2279 2248 ritus
2325 2213 2539 2263 omnes,
2588 2214 2889 2269 omnemque
2931 2199 3303 2260 arcanomiam,
3346 2213 3537 2268 magna

261 2296 513 2349 doctrinm
540 2310 704 2347 sacrae
728 2295 875 2363 copia
897 2334 909 2354 ,
938 2292 1101 2345 tribus
1136 2292 1281 2345 libris
1322 2291 1545 2345 dilucide
1578 2292 1872 2363 eruditeque
1897 2292 2186 2362 explicasti.
2216 2290 2345 2344 Hcce
2385 2293 2539 2356 mihi,
2597 2292 2901 2346 Beatissime
2935 2292 3122 2358 Pater,
3173 2310 3314 2362 spem
3361 2295 3536 2346 maxi-

264 2405 345 2441 me
371 2390 600 2459 {ecerunt
628 2396 874 2440 recentem
905 2386 1040 2437 hanc
1085 2382 1317 2437 Missalis
1346 2382 1668 2438 Mozorabici
1693 2384 1967 2438 editionem
2007 2400 2038 2437 a
2069 2383 2360 2437 Sanctitate
2403 2392 2492 2435 tua
2522 2393 2766 2436 consueta
2816 2384 3089 2437 clementia
3120 2395 3167 2437 et
3217 2386 3533 2457 benignitate

263 2492 556 2549 susceptum
582 2482 665 2533 iri.
702 2478 845 2531 Nam
877 2496 988 2531 cum
1018 2478 1143 2531 liber
1172 2477 1299 2529 adeo
1331 2493 1480 2529 rarus
1508 2478 1779 2541 evasisset,
1820 2486 1875 2528 ut
1915 2493 2052 2544 (egre
2100 2492 2191 2529 nec
2234 2476 2333 2528 nisi
2381 2477 2568 2547 grandi
2610 2479 2824 2544 pecunia
2870 2480 3167 2545 comparari
3215 2480 3331 2547 jam
3364 2490 3536 2549 posset

267 2573 553 2641 disciplina:
581 2570 837 2640 liturgica:
864 2568 1187 2621 commodum
1217 2574 1366 2636 atque
1392 2567 1589 2618 utilitas
1620 2566 1859 2634 ﬂagitare
1899 2563 2201 2617 videbantur
2244 2574 2297 2617 ut
2325 2568 2486 2633 prtelo
2530 2584 2711 2620 rursus
2757 2570 3157 2621 committeretur
3176 2611 3191 2635 ,
3221 2587 3285 2623 ne
3311 2570 3537 2624 celeber-

267 2667 518 2718 rimarum
544 2660 898 2713 Ecelesiurum
924 2658 1105 2710 vetusti
1136 2658 1266 2709 ritus
1291 2673 1352 2707 ac
1375 2658 1696 2710 cwremoniu:
1720 2658 1771 2707 in
1801 2656 2091 2724 principum
2119 2666 2166 2708 et
2206 2669 2621 2726 sumptuosorum
2672 2659 2936 2712 hominum
2976 2659 3294 2716 bibliothecis
3314 2705 3325 2725 ,
3362 2681 3546 2732 prope-

269 2756 473 2809 modum
503 2754 697 2824 iguota:
716 2791 730 2815 ,
762 2750 954 2801 diutius
985 2747 1357 2801 delitescerent.
1393 2745 1467 2798 Tu
1498 2762 1614 2799 vero
1640 2785 1655 2810 ,
1684 2745 1975 2799 beatissime
1995 2745 2177 2809 Pater,
2211 2764 2304 2816 pro
2335 2748 2587 2817 singulari
2609 2764 2707 2819 qua
2736 2749 2897 2817 polles
2922 2764 3101 2802 earum
3131 2768 3301 2805 rerum
3330 2754 3544 2819 notitia,

267 2846 406 2899 illico
430 2843 710 2911 perspicies
732 2841 965 2894 ordinem
996 2840 1071 2891 rei
1102 2837 1289 2892 divina:
1332 2836 1591 2906 faciendw
1633 2852 1779 2906 quem
1808 2834 2023 2891 Missale
2073 2837 2465 2893 Mozarabicum
2511 2840 2711 2894 exhibet
2742 2842 2806 2894 ab
2826 2860 2884 2897 eo
2932 2847 3013 2898 cui
3059 2845 3227 2900 (ἱνωεὶ
3259 2856 3308 2899 et
3355 2846 3547 2900 Orien-

271 2936 397 2989 tales
428 2940 756 2985 assuererunt
785 2930 1040 2983 diversum
1068 2944 1198 2988 esse;
1242 2927 1581 2980 Ambrosiano
1617 2942 1811 2997 quoque
1844 2923 2030 2980 Ordini
2053 2969 2065 2994 ,
2094 2938 2143 2981 et
2173 2931 2219 2982 ei
2248 2947 2346 3001 quo
2372 2930 2609 2985 Romana
2648 2935 2809 2986 utitur
2838 2934 3074 2990 Ecclesia
3096 2978 3110 3003 ,
3141 2938 3194 2991 in
3225 2940 3402 2992 multis
3443 2941 3546 2993 dis-

272 3024 510 3076 similem.
544 3020 697 3073 Hane
725 3036 925 3091 quoque
947 3020 1188 3071 continuo
1234 3017 1612 3071 animadvertes
1658 3034 1770 3069 eam
1817 3034 1926 3073 esse
1976 3018 2240 3087 li'urgiam
2287 3037 2439 3090 quam
2481 3022 2751 3077 catholica:
2797 3024 3174 3095 Hispaniarum
3223 3029 3471 3085 Ecclesia:
3512 3050 3545 3084 (ι

270 3126 505 3182 suscepta
536 3114 637 3179 fide
666 3112 965 3167 Christiana
985 3110 1054 3162 ad
1078 3109 1437 3179 pontiﬁcatum
1465 3109 1735 3178 fortissimi
1766 3111 2178 3180 sanctissimique
2207 3112 2303 3163 viri
2349 3111 2589 3182 Gregorii
2637 3117 2841 3185 septimi
2877 3127 3175 3172 constanter
3204 3122 3546 3183 retinuerunt,

269 3224 423 3276 quam
478 3204 696 3259 concilia
750 3202 993 3271 Hispana
1044 3201 1279 3270 plurimis
1331 3199 1546 3253 decretis
1601 3200 1979 3267 conﬁrmarunt
2028 3211 2076 3254 et
2128 3219 2281 3271 quam
2328 3215 2533 3258 sanctus
2586 3204 2823 3261 Isidorus
2878 3210 3185 3265 doctissimis
3236 3226 3541 3269 continentis

271 3299 815 3365 illustrauit;eamque
837 3294 1015 3347 statim
1041 3292 1390 3359 deprehendes
1415 3293 1603 3362 prisca:
1650 3291 2000 3346 Ecclesiarum
2045 3293 2232 3347 Gallice
2284 3297 2619 3365 sacriﬁcandi
2662 3300 2899 3353 met/mdo
2943 3303 3070 3355 adeo
3112 3305 3345 3373 omnem,
3393 3318 3546 3368 atque

272 3396 491 3448 similem
519 3408 662 3455 esse,
695 3399 876 3443 utuna
905 3397 1057 3458 atque
1080 3387 1258 3441 eadem
1308 3396 1528 3459 utraque
1575 3388 1677 3441 dici
1723 3387 1999 3460 haberique
2034 3391 2216 3458 possit.
2274 3388 2398 3443 Non
2448 3390 2583 3443 enim
2610 3434 2623 3453 ,
2676 3393 2815 3461 q‘od
2836 3394 2984 3464 vulgo
3026 3397 3249 3449 traditur
3276 3440 3290 3464 ,
3332 3400 3546 3467 nuli-pta

270 3490 364 3542 illa
413 3486 681 3539 Gallorum
706 3483 917 3553 liturgia
947 3490 1035 3534 aut
1066 3480 1129 3533 ab
1162 3478 1403 3549 Hispana
1434 3478 1770 3533 dissentiebat
1794 3519 1807 3543 ,
1862 3488 1952 3532 aut
1989 3481 2300 3550 exemplaris
2344 3484 2549 3546 instar,
2599 3482 2826 3554 liturgice
2876 3484 3131 3554 Hispana:
3173 3489 3551 3558 quodammodo

271 3578 468 3648 pra'irit
487 3618 502 3639 ,
530 3574 621 3628 sed
649 3572 784 3627 idem
806 3570 987 3625 modus
1016 3578 1166 3639 atque
1188 3569 1317 3623 ordo
1347 3570 1593 3638 mysteria
1614 3569 1791 3623 divina
1812 3580 1859 3622 et
1882 3570 2231 3624 ecclesiastica
2261 3574 2430 3643 ofﬁcia
2481 3573 2701 3627 obeundi
2735 3576 2786 3627 in
2832 3578 3101 3648 utriusque
3148 3581 3316 3647 gentis
3364 3580 3549 3634 Eccle-

270 3672 364 3722 siis
392 3668 671 3736 antiquitus
699 3666 981 3717 obtinuere.
1014 3662 1206 3716 Verum
1235 3678 1299 3714 ne
1326 3660 1559 3731 pluribus
1583 3664 1837 3731 ejusmodi
1864 3664 2186 3717 ricensendis
2236 3664 2604 3719 beatitudinem
2654 3677 2795 3721 tuam
2845 3670 3037 3724 diutius
3087 3675 3282 3726 morari
3329 3674 3506 3727 videar
3530 3717 3545 3742 ,

269 3760 353 3811 cui
379 3756 594 3810 .llissale
625 3753 1275 3823 Mozarabieum,ejusq:te
1315 3768 1437 3805 usus
1466 3791 1481 3815 ,
1531 3762 1681 3823 atque
1730 3755 2036 3821 prtestantia
2081 3757 2287 3823 cognita
2339 3756 2496 3824 plane
2544 3767 2698 3829 atque
2744 3772 3014 3830 perspecta
3062 3776 3221 3829 sunt,
3271 3766 3341 3819 ad
3388 3766 3543 3834 pedes

269 3849 562 3902 sanctitatis
595 3857 693 3900 tua:
720 3844 1058 3913 procumbens
1106 3883 1121 3910 ,
1152 3861 1276 3915 rogo
1305 3853 1360 3896 ut
1408 3845 1725 3911 amplissimo
1778 3854 1864 3898 tuo
1912 3846 2117 3899 nomine
2160 3848 2345 3900 librum
2392 3852 2571 3903 ornari
2617 3854 2916 3921 permittas,
2967 3873 3142 3925 meque
3195 3862 3552 3928 potentissimo

269 3953 357 3995 tuo
392 3941 676 4008 patrocinio
706 3940 917 3991 tuearis.

1329 4263 1401 4338 [⁸]
1490 4276 1997 4405 ΡΡιίἘΡ
2025 4276 2495 4405 ATIO.

348 4537 397 4591 Ι.
441 4537 573 4592 Cum
635 4535 847 4591 Missale
894 4536 1235 4593 Mozarabum
1261 4574 1274 4598 ,
1321 4535 1471 4604 jussu
1494 4542 1548 4589 et
1606 4532 1860 4603 impensis
1892 4537 1934 4594 Α
1954 4532 2229 4601 habebam
2258 4574 2271 4595 ,
2320 4547 2419 4587 nec
2445 4533 2586 4587 enim
2616 4533 2850 4587 moribus
2880 4534 3068 4603 Optimi
3099 4538 3386 4597 cardinalis
3415 4558 3550 4599 con-

275 4627 543 4681 Francisci
572 4626 861 4681 cardinalis
882 4625 1109 4681 Ximenii
1139 4626 1204 4679 de
1224 4625 1495 4688 Cisneros,
1520 4622 1695 4677 Toloti
1722 4623 1859 4692 typis

270 4720 475 4773 editum
501 4759 517 4783 ,
562 4719 612 4771 in
659 4733 850 4772 manus
902 4733 1049 4772 meas
1086 4718 1317 4788 primum
1366 4717 1641 4780 venisset,
1684 4714 1809 4769 hmsi
1841 4757 1855 4779 ,

274 4810 446 4864 lateor
472 4852 487 4875 ,
518 4810 568 4862 in
598 4810 713 4878 ipso
746 4809 923 4865 titulo.
972 4809 1111 4876 Quid
1154 4810 1257 4863 hoc
1282 4848 1297 4869 .
1349 4808 1557 4862 aiebam
1581 4849 1595 4873 ,
1640 4805 1856 4859 Missale

273 4901 478 4952 mistum
505 4900 786 4953 secundum
817 4901 1047 4970 regulam
1075 4899 1206 4953 beati
1232 4899 1425 4953 Isidori
1453 4899 1644 4951 dictum
1672 4895 1862 4949 Maza-

274 4988 462 5042 rubes?
485 4989 617 5043 Num
643 4998 861 5045 sanctus
886 4989 1119 5044 Isidorus
1151 4989 1365 5044 Missale
1390 4988 1675 5059 aliquando
1706 5000 1857 5040 com-

274 5083 455 5150 posuit
483 5122 496 5144 ,
528 5082 671 5150 quod
712 5082 1055 5137 Braulionem
1084 5123 1098 5147 ,
1131 5091 1185 5135 et
1214 5079 1580 5135 llildelonsum
1613 5079 1767 5132 latuit
1794 5079 1817 5131 ἲ

348 5170 402 5224 9..
445 5170 577 5225 Tum
638 5172 765 5226 illud
816 5173 1026 5226 mistum
1084 5188 1179 5226 cur
1220 5170 1475 5225 additur?
1516 5185 1581 5223 an
1628 5168 1858 5223 fortasse

275 5262 449 5331 (quod
476 5261 740 5331 Eugenius
768 5262 836 5318 de
862 5262 1063 5319 Robles
1095 5263 1325 5333 prodidit
1344 5303 1359 5327 ,
1393 5261 1470 5315 De
1496 5264 1595 5315 vita
1624 5270 1673 5314 et
1702 5262 1856 5332 gestis

274 5350 419 5403 card.
452 5349 699 5416 Ximenii,
732 5369 777 5406 c.
809 5350 895 5416 52,
930 5362 984 5406 ct
1015 5353 1173 5419 vulgo
1198 5352 1473 5421 creditur)
1520 5350 1733 5406 Missale
1761 5366 1857 5419 ap-

272 5440 527 5508 pellatum
560 5451 640 5495 est
668 5444 876 5495 mislum
896 5483 910 5506 ,
944 5442 1065 5512 quia
1097 5443 1170 5497 illi
1204 5443 1505 5497 rccvnliora
1531 5442 1795 5511 quaedam,
1826 5455 1858 5496 e

275 5532 469 5587 Missali
502 5533 761 5589 Toletnno
789 5534 1107 5604 deprompta
1130 5576 1144 5599 ,
1196 5534 1262 5588 de
1292 5534 1545 5589 mandato
1584 5532 1807 5586 Ximenii
1838 5572 1853 5597 ,

275 5624 473 5678 inserta
522 5624 779 5679 fuerunt?
827 5627 930 5682 Sed
976 5628 1231 5682 Roblesio
1279 5636 1491 5683 centum
1524 5635 1578 5681 et
1627 5624 1857 5695 amplius

273 5730 445 5772 annos
475 5726 595 5787 post
621 5718 821 5771 editum
852 5719 1064 5773 Missale
1093 5722 1125 5774 h
1146 5740 1157 5771 ι
1177 5738 1205 5776 c
1234 5721 1487 5777 scribenti
1528 5733 1670 5788 aegre
1700 5718 1856 5774 Iidem

520 5809 598 5867 ΡΑ
617 5828 789 5868 tum”
840 5810 1159 5871 LXXXV.

124 5985 326 6152 Ἇῡχ
860 6095 887 6113 η

1966 4620 2147 4676 venire
2175 4621 2458 4675 videbatur
2484 4637 2621 4690 opus
2641 4622 2911 4689 egregium
2937 4624 3005 4678 de
3037 4625 3293 4681 industria
3326 4631 3548 4702 vitiare,

1965 4723 2018 4767 et
2041 4712 2267 4782 posteris
2297 4710 2537 4767 fraudem
2566 4712 2741 4766 facere
2765 4712 3014 4768 voluisse.
3052 4713 3347 4787 Utrumque
3369 4732 3551 4779 autem

1966 4801 2216 4867 fecisset,
2255 4803 2337 4865 si,
2387 4803 2531 4856 uul'a
2583 4805 2855 4872 przetuissa
2888 4806 3254 4865 admonitione
3284 4852 3301 4879 ,
3340 4810 3554 4870 Missale

1968 4892 2315 4948 Mozarahum
2343 4893 2662 4963 interpolari
2684 4893 2954 4962 iussisset.

2038 4985 2091 5037 5.
2132 4983 2215 5037 Me
2244 4984 2405 5039 etiam
2434 4985 2721 5041 sollicitum
2742 4987 3013 5043 habebant
3036 4992 3196 5046 varia:
3220 4992 3289 5049 de
3308 4993 3549 5049 Mozara-

1971 5080 2094 5133 bum
2123 5078 2312 5134 ritibus
2339 5078 2622 5135 doctorum
2655 5080 2931 5136 hominum
2962 5084 3244 5152 opiniones
3262 5128 3276 5151 ,
3302 5104 3434 5157 quas
3454 5089 3547 5149 alii

1969 5178 2210 5226 vetustos
2232 5184 2351 5224 esse
2376 5209 2391 5233 ,
2420 5178 2476 5224 et
2505 5170 2557 5224 in
2605 5169 2873 5240 Hispania:
2914 5172 3167 5230 Ecclesiis
3197 5176 3287 5230 diu
3318 5179 3549 5235 usitatos

1966 5271 2231 5319 asserunt.
2264 5260 2363 5316 Alii
2384 5271 2569 5316 Contra
2602 5276 2631 5317 e
2661 5262 3019 5318 Romanorum
3043 5266 3553 5341 Gallicanorumque

1966 5357 2165 5410 rituum
2210 5354 2561 5425 permistione
2604 5353 2743 5407 haud
2785 5355 2855 5407 ita
2899 5355 3104 5423 pridem
3136 5365 3292 5413 natos
3319 5371 3551 5418 conten-

1966 5445 2131 5499 dum.
2187 5443 2285 5501 Alii
2317 5444 2532 5501 demum
2579 5445 2744 5499 libros
2781 5446 3058 5514 liturgicos
3100 5447 3445 5509 Mozarabum
3480 5457 3549 5510 ab

1964 5538 2229 5591 haereticis
2248 5538 2377 5592 olim
2410 5537 2569 5592 fuisse
2598 5538 2809 5591 vitiatas
2836 5540 3148 5607 opinantur.

2036 5627 2086 5680 4.
2132 5626 2205 5680 Ea
2224 5627 2353 5681 mihi
2374 5627 2811 5691 obversabantur,
2838 5631 2921 5685 cui
2945 5630 3155 5690 Missale
3176 5634 3403 5692 Ximeuii
3426 5638 3547 5694 solo

1966 5720 2180 5774 nomi':c
2211 5720 2380 5775 adhuc
2402 5726 2586 5773 nutum
2618 5728 2750 5777 erat.
2780 5720 2883 5776 Sed
2915 5725 3000 5778 ubi
3034 5726 3225 5780 librum
3252 5744 3346 5798 per
3373 5730 3546 5785 otium

3077 5819 3107 5877 1
