4058 6178
324 395 397 450 l3
1788 399 2175 455 PlUEFATlO.
3548 413 3609 465 Η

324 508 605 563 Alionsum
638 506 897 561 Martinez
919 550 933 572 ,
968 507 1255 562 Antonium
1280 508 1609 580 Rodriquez,
1642 518 1697 564 et
1722 509 1914 566 lliero-
1947 515 1997 573 Α
2024 511 2236 567 Missale
2260 511 2510 575 Ximenii,
2531 528 2627 583 pro
2650 514 2822 580 titulo,
2850 517 3174 585 appellatum
3194 519 3608 593 l‘neritMirtum,

325 617 544 673 nymum
594 599 894 664 Gnttierez,
927 600 1272 671 presbyteros
1327 599 1687 656 Beclesiarum
1746 601 1924 656 Μοιρ-

326 696 628 749 rabiearum
654 701 855 748 sancttr.
905 690 1144 756 Eulaliae,
1195 702 1503 748 sanctarum
1550 695 1713 749 Justzc
1735 704 1789 751 et
1815 695 1924 750 Bu-

327 783 468 849 lbm,
496 793 550 839 et
590 783 763 837 sancti
796 781 952 836 Lucae
982 782 1275 851 parocbm,
1304 784 1448 839 viros
1488 786 1706 855 probos,
1738 794 1793 840 et
1839 787 1924 840 lit-

328 885 566 931 terarum
591 875 928 944 gothiearum
962 875 1188 943 peritos.

400 964 486 1020 15.
527 964 740 1018 Missale
770 962 1114 1017 Mozarabum
1152 963 1356 1019 editum
1396 965 1495 1019 fuit
1547 965 1720 1020 Toleti
1776 982 1919 1022 anno

334 1056 469 1111 1500
497 1072 526 1110 a
566 1054 729 1109 Petro
768 1053 1113 1122 l'lagetnbach
1151 1058 1511 1126 typographo,
1562 1059 1653 1127 qui
1698 1073 1921 1127 operam

330 1164 485 1202 suam
513 1147 790 1201 locaverat
838 1144 1115 1200 Melchiori
1159 1143 1259 1218 [tv]
1290 1145 1509 1201 Goricio
1544 1148 1710 1202 nobili
1746 1148 1925 1205 Nova-

330 1238 517 1299 ricnsi,
547 1237 696 1305 cujus
726 1236 1012 1296 industria.
1044 1246 1099 1292 et
1120 1238 1378 1308 impensis
1411 1254 1499 1293 ars
1535 1242 1920 1310 typographica

330 1328 505 1384 Toleti
522 1328 973 1399 promovebatur;
994 1336 1048 1383 et
1069 1340 1191 1398 post
1207 1344 1380 1383 annos
1394 1340 1521 1393 tres,
1538 1330 1743 1385 scilicet
1760 1329 1918 1396 1502,

330 1422 667 1478 Breviarium
690 1421 1034 1477 Mozarabum
1063 1421 1239 1477 Toleti
1261 1422 1479 1492 prodiit,
1503 1424 1569 1477 ab
1599 1423 1791 1479 eodem
1816 1423 1917 1479 Pe-

330 1523 415 1569 tro
441 1513 785 1585 llagcmbach
820 1514 960 1584 typis
982 1527 1260 1568 excusum.

397 1603 485 1657 16.
503 1602 844 1673 Exemplaria
872 1602 1101 1658 Missalis
1127 1602 1458 1660 Mozarabici
1481 1618 1607 1659 raro
1632 1603 1791 1661 admo
1808 1604 1919 1660 lum

327 1693 694 1748 inveniuntur.
724 1692 847 1747 Tria
878 1693 1011 1747 mihi
1041 1693 1242 1749 vidisse
1266 1694 1515 1763 conligit,
1561 1711 1726 1750 unum
1755 1697 1917 1751 cbar-

327 1792 540 1839 taeeum
562 1825 579 1852 ,
607 1782 716 1838 duo
747 1797 1103 1854 pergamena;
1132 1785 1330 1854 quibus
1368 1785 1578 1841 duobus
1608 1802 1735 1841 usus
1774 1802 1913 1842 sum.

2026 616 2231 670 suaque
2264 604 2586 659 auctoritate
2612 604 2755 659 viros
2782 606 3041 675 quosdam
3085 608 3330 666 eruditos
3358 613 3412 666 in
3460 628 3613 669 erro-

2026 708 2139 744 rem
2182 692 2408 757 induxit,
2432 701 2492 748 ut
2519 693 2802 749 crederent
2826 698 3101 764 nonnulla,
3136 714 3167 753 a
3197 702 3387 757 ritibus
3419 701 3608 759 Mosa-

2026 780 2220 835 rabicis
2247 781 2443 848 aliena,
2489 783 2713 850 jubente
2739 784 3015 853 Xintenio,
3059 787 3275 855 Missali,
3304 807 3425 847 cum
3464 795 3609 865 typis

2025 872 2298 935 ederetur,
2334 874 2495 930 fuisse
2517 876 2857 946 interpolata.

2096 962 2184 1018 2t.
2235 964 2453 1020 Missale
2494 965 2841 1023 Mozarabum
2879 970 2946 1025 ah
2998 970 3241 1029 Adventu
3299 976 3601 1043 inchoatur,

2024 1069 2129 1123 qua
2160 1055 2213 1110 in
2236 1070 2297 1110 re
2316 1072 2435 1110 cum
2472 1054 2770 1114 Orationali
2796 1058 3051 1129 Gothico,
3082 1079 3203 1118 cum
3238 1064 3485 1122 Bobiensi
3507 1067 3608 1124 Sa-

2024 1147 2406 1213 cramentario,
2424 1147 2649 1219 aliisque
2676 1150 2824 1207 libris
2844 1151 3104 1222 liturgicis
3132 1154 3444 1223 Gallicanis,
3474 1175 3609 1219 eon-

2025 1236 2230 1290 cordat.
2267 1234 2345 1311 [v]
2378 1238 2448 1292 At
2474 1248 2683 1296 vetusta
2714 1240 3146 1301 Sacramentaria
3190 1246 3323 1303 ritus
3354 1249 3605 1320 Romani,

2024 1336 2115 1379 aut
2138 1342 2167 1379 a
2186 1325 2438 1382 Kalendis
2457 1326 2699 1384 Januarii
2722 1331 2929 1387 initium
2948 1333 3234 1402 ducebant,
3258 1339 3397 1394 utde
3415 1339 3609 1396 Sacra-

2024 1416 2290 1472 mentario
2322 1417 2597 1475 Leoniano
2626 1422 2888 1490 suspicari
2919 1424 3067 1493 licet,
3104 1435 3197 1480 aut
3225 1442 3254 1482 a
3285 1429 3462 1499 vigilia
3499 1430 3609 1486 Na-

2024 1505 2146 1562 talis
2177 1507 2408 1575 Domini,
2440 1525 2473 1564 a
2500 1525 2609 1581 qua
2637 1510 3128 1570 Sacramentarium
3158 1517 3523 1587 Gelasianum,
3553 1530 3612 1578 et

2021 1596 2353 1668 Gregoriana
2384 1603 2690 1670 antiquiora
2720 1603 3150 1664 Sacramentaria
3181 1610 3462 1681 incipiunt.

2091 1689 2180 1742 22.
2222 1690 2510 1747 Dominicae
2531 1693 2808 1750 Adventus
2830 1710 2926 1751 sex
2952 1698 3003 1751 in
3048 1697 3247 1755 Missali
3272 1700 3612 1760 Mozarabico

2020 1790 2394 1848 recensentur,
2422 1783 2616 1854 quibus
2641 1782 2864 1853 singulis
2889 1786 3106 1856 prOpria
3148 1797 3232 1844 est
3271 1792 3454 1849 missa.
3506 1792 3614 1853 Ea-

328 1873 505 1930 Ubum
556 1884 675 1930 erat
716 1889 747 1929 e
795 1874 1120 1931 bibliotheca
1176 1876 1585 1931 eminentissimi
1628 1876 1914 1932 cardinalis
1945 1863 1995 1925 Β
2021 1888 2249 1945 rumque
2267 1874 2442 1943 prima
2470 1890 2572 1947 pro
2600 1876 2849 1949 exemplo
2877 1878 3055 1935 missa:
3081 1878 3431 1940 Mozarabicte
3452 1886 3612 1956 poni-

327 1967 483 2025 Nerei
504 1968 739 2033 Corsini,
759 1967 1060 2023 Clementis
1084 1967 1174 2021 XII
1198 1966 1468 2039 pontiﬁcis
1497 1969 1717 2023 maximi
1737 1968 1918 2023 fratris

329 2058 456 2123 lilii;
509 2059 656 2114 aliud
711 2074 743 2114 e
784 2059 1115 2114 bibliotheca
1167 2060 1578 2115 eminentissimi
1632 2060 1917 2116 cardinalis

326 2150 478 2207 Silvii
503 2152 734 2207 Vulcatii
765 2150 1037 2221 Gomagte
1073 2151 1130 2206 S.
1156 2151 1221 2206 R.
1250 2150 1309 2205 Ε.
1366 2153 1667 2207 camerarii.
1699 2151 1917 2207 Utrum-

327 2258 433 2314 que
475 2244 757 2312 exemplar
788 2243 1079 2312 integrum.
1111 2252 1166 2298 et
1190 2242 1321 2298 folio
1360 2243 1572 2312 majori,
1602 2254 1661 2299 nt
1697 2253 1914 2310 vocant,

328 2338 667 2407 impressum.

398 2429 489 2483 t7.
532 2428 746 2484 Missalo
778 2438 991 2485 constat
1022 2430 1164 2487 foliis
1192 2432 1597 2503 quadringentis
1637 2433 1915 2500 sexaginta

329 2528 381 2574 et
396 2535 614 2587 novem,
644 2531 838 2590 praeter
857 2521 1092 2588 t’tulum,
1110 2523 1493 2592 prmiationem,
1513 2520 1912 2587 Kalendarium,

328 2625 479 2681 aquae
509 2612 962 2679 benedictionem,
1012 2623 1089 2682 et,
1139 2615 1192 2668 in
1233 2614 1365 2677 line,
1402 2614 1633 2669 indicem
1675 2614 1912 2679 brevem,

328 2716 445 2771 qute
472 2702 659 2756 omnia
689 2701 828 2757 foliis
856 2703 1043 2758 decem
1075 2704 1448 2760 absolvuntur.
1476 2704 1695 2772 Singula
1726 2704 1915 2759 Missa-

329 2790 393 2846 lis
415 2790 541 2846 folia
566 2806 790 2862 paginas
809 2792 961 2858 duas,
993 2794 1200 2863 paginae
1218 2794 1451 2863 singulae
1475 2794 1754 2850 columnas
1782 2795 1917 2849 duas

328 2882 552 2950 habent,
578 2884 764 2953 paucis
790 2884 1082 2940 admodum
1122 2887 1388 2955 exceptis.
1413 2885 1769 2943 Characteres
1798 2888 1917 2958 qui-

325 2975 426 3030 bus
457 2976 823 3047 typograpbus
846 2993 981 3033 usus
1022 2988 1106 3032 est
1135 2978 1201 3033 ad
1226 2977 1578 3037 Germanicas
1625 2980 1913 3050 accedunt,

326 3064 533 3120 crebra
560 3074 685 3121 sunt
705 3067 1004 3131 litterarum
1026 3084 1328 3139 vocumque
1349 3072 1768 3126 contractiones.

396 3154 486 3211 l8.
530 3156 880 3213 Prmmittilur
924 3160 1112 3214 titulus
1150 3160 1369 3216 Missale
1396 3163 1603 3217 mistum
1632 3164 1913 3220 secundum

325 3249 558 3320 regulam
596 3249 733 3303 beati
766 3249 962 3305 Isidori
1006 3252 1197 3306 dictum
1228 3252 1556 3318 Mosarabes,
1590 3255 1911 3324 titulumque

325 3348 482 3394 ornat
511 3341 690 3408 imago
720 3341 892 3396 beatae
909 3340 1141 3411 Virginis
1167 3352 1414 3398 sanctum
1444 3343 1705 3399 lsidorum
1728 3346 1911 3401 casula

325 3429 616 3487 induentis.
639 3430 1008 3503 Consequitur
1034 3432 1296 3504 praefatio,
1337 3435 1454 3489 sive
1480 3436 1659 3506 potius
1684 3436 1911 3506 epistola

325 3523 653 3579 dedicatorii
684 3523 753 3577 ad
784 3526 1117 3580 cardinalem
1151 3524 1481 3594 Ximenium,
1521 3541 1628 3595 qua
1659 3526 1913 3583 Alfonsus

327 3613 473 3668 Diti:
496 3616 759 3671 rationem
782 3616 957 3671 reddit
984 3616 1207 3686 iujuncti
1237 3619 1337 3672 sibi
1365 3620 1564 3688 aperis,
1596 3628 1652 3673 et
1680 3636 1831 3673 suam
1858 3620 1911 3675 in

326 3706 685 3774 exsequendis
712 3708 1002 3763 cardinalis
1033 3706 1260 3762 Ximenii
1285 3709 1553 3764 mandatis
1583 3711 1908 3780 diligentiam

325 3797 593 3866 ﬁdemque
619 3806 1031 3854 commemorat.

393 3888 477 3943 £9,
498 3888 705 3944 Deinde
731 3892 1079 3959 consequitur
1096 3890 1475 3948 Kalendarium
1490 3894 1907 3962 Mozarabicum,

322 3982 518 4050 saepius
558 3990 793 4045 auctum,
840 3982 891 4035 in
918 3997 1025 4050 quo
1051 3985 1227 4038 sancti
1275 3986 1523 4053 leguntur
1565 3986 1908 4053 Franciscus,

324 4070 658 4138 Dominicus,
690 4070 929 4127 Thomas
955 4072 1022 4128 de
1052 4073 1282 4143 Aquino,
1317 4076 1507 4133 Petrus
1537 4088 1760 4150 martyr,
1796 4079 1909 4133 An-

324 4165 505 4217 tonius
530 4164 599 4218 de
622 4162 801 4218 Padua
842 4165 908 4219 ad
926 4167 1182 4220 saeculum
1208 4183 1298 4222 xm
1334 4170 1685 4237 pertinentes.
1715 4168 1911 4226 Kalen-

320 4255 532 4309 datium
563 4255 668 4310 hoc
690 4256 889 4325 excipit
916 4270 1070 4326 aqua:
1096 4257 1421 4321 benedictio,
1452 4257 1682 4314 formula
1704 4260 1911 4315 scilicet

320 4343 678 4400 benedicendi
730 4361 924 4416 aquam
975 4347 1322 4415 aspersionis,
1370 4348 1529 4417 plane
1568 4350 1813 4420 antiqua,
1853 4358 1911 4404 et

320 4432 789 4502 Cottio-Hispana,
825 4445 988 4505 atque
1032 4437 1145 4491 haec
1170 4453 1295 4493 cum
1342 4438 1723 4493 benedictione
1752 4439 1910 4509 panis

322 4524 587 4594 Eulogici,
619 4526 869 4581 etindiee
899 4528 952 4580 in
996 4525 1103 4580 {ine
1142 4527 1284 4593 libri,
1328 4537 1481 4583 extra
1513 4528 1726 4584 Missale
1766 4544 1903 4598 quo-

325 4618 617 4673 dummodo
646 4627 791 4673 sunt.
986 4679 1008 4697 .

389 4709 479 4764 20.
523 4708 734 4763 Missale
783 4717 963 4764 autem
1008 4708 1408 4765 Mozarabicum
1435 4711 1553 4780 ejus
1582 4711 1796 4781 generis
1823 4720 1910 4766 est

320 4799 465 4869 quod
518 4798 818 4863 l’lenariunt
844 4801 1146 4871 perfectum,
1184 4802 1299 4855 sive
1340 4800 1574 4868 Mistum,
1608 4801 1903 4872 appellant.

321 4888 437 4943 Non
494 4896 637 4942 enim
666 4890 813 4944 solas
860 4891 1135 4945 orationes
1163 4898 1220 4944 et
1264 4906 1455 4962 preces
1501 4894 1905 4963 complectitur,

318 4982 412 5033 sed
442 4979 850 5035 ὺειιε-ιίειὶοιιθε
874 4995 1118 5049 quoque,
1147 4992 1203 5036 et
1238 4983 1583 5051 antiphonas,
1615 4999 1907 5053 responso-

319 5073 420 5134 ria,
449 5071 679 5132 cantica.
713 5070 973 5141 hymnos,
1014 5071 1275 5126 lectiones
1302 5071 1733 5142 Scripturarum,
1766 5074 1904 5128 alia-

318 5176 427 5229 que
468 5171 685 5223 cuncta,
722 5176 843 5229 quae
870 5163 922 5215 iu
949 5162 1107 5217 Missa
1155 5164 1453 5219 recitantur
1490 5166 1590 5221 rite
1619 5165 1901 5235 disposita,

318 5262 395 5320 et,
423 5256 534 5307 suis
565 5254 697 5306 locis
718 5256 947 5322 digesta,
979 5256 1240 5311 continet.
1272 5255 1544 5326 Ejusmodi
1575 5266 1753 5313 autem
1784 5258 1905 5313 libri

318 5358 349 5398 e
376 5345 753 5400 contritistimte
790 5345 1019 5401 Missalis
1056 5348 1333 5416 simplicis,
1372 5347 1717 5413 Lectionarii,
1751 5349 1903 5404 Anti-

318 5437 565 5504 photiarii
588 5446 643 5490 et
667 5436 1116 5492 Beuedietionalis
1130 5439 1435 5509 compositi.
1468 5438 1709 5494 unum
1749 5440 1903 5495 mista

316 5529 883 5601 perfecte,etplenaria
903 5533 1371 5603 nuncupabantur.
1399 5531 1563 5600 Cujus
1590 5532 1907 5586 denomina-

318 5623 477 5675 tioni~
497 5624 942 5690 sign‘licationem
968 5640 1091 5678 cum
1123 5623 1389 5693 Eugenius
1415 5624 1482 5678 de
1506 5622 1707 5677 Rabies
1746 5624 1870 5693 igno
1886 5654 1903 5665 -

317 5725 511 5780 rasset,
536 5718 803 5771 rationem
856 5726 1195 5772 commentus
1235 5727 1339 5783 est,
1385 5720 1545 5789 plane
1575 5718 1780 5784 falsam,
1805 5734 1904 5774 cur

2022 1971 2126 2031 tur,
2156 1965 2258 2020 etsi
2287 1964 2364 2019 illi
2392 1965 2647 2033 nonnulla
2674 1967 2854 2023 desint
2877 1969 2947 2025 ab
2976 1969 3250 2029 ordinario
3271 1973 3464 2041 Missas,
3495 1985 3551 2034 et
3577 1994 3610 2034 a

2021 2056 2157 2111 libro
2195 2057 2537 2113 oll‘erentinm
2566 2060 2830 2129 petenda—

2089 2148 2179 2203 23.
2219 2148 2409 2206 Missas
2451 2150 2804 2210 dominicales
2852 2154 3129 2214 Adventus
3156 2174 3250 2215 sex
3276 2161 3454 2217 missa:
3481 2178 3612 2234 pro-

2018 2240 2147 2310 pria:
2168 2248 2479 2298 sanctorum
2508 2243 2800 2314 excipiunt.
2830 2245 3093 2303 Nimirum
3121 2252 3291 2305 sancti
3317 2249 3614 2310 Clementis

2020 2330 2177 2400 primi
2206 2346 2358 2400 papa:
2407 2340 2465 2388 et
2510 2335 2783 2404 martyris,
2832 2336 3004 2392 sancti
3057 2336 3335 2397 Saturnini
3371 2343 3611 2414 episcopi

2021 2419 2270 2476 Tolosani
2294 2430 2352 2477 et
2375 2424 2644 2495 martyris,
2668 2425 2839 2481 sancti
2886 2427 3113 2483 Andrem
3140 2431 3371 2500 apostoli
3395 2442 3450 2489 et
3470 2448 3613 2489 mar-

2020 2512 2170 2583 tyris,
2190 2521 2390 2568 sanctte
2408 2512 2625 2569 Eulalia:
2643 2513 2991 2573 Emeritensis
3010 2518 3232 2587 virginis
3255 2529 3311 2575 et
3336 2522 3609 2593 martyris.

2018 2604 2454 2659 Annuntiationis
2491 2604 2665 2661 beata:
2693 2605 2874 2662 Maria:
2902 2608 3145 2679 virginis,
3173 2616 3229 2664 et
3272 2612 3443 2666 sancti
3469 2611 3614 2667 Tito-

2017 2710 2119 2749 mze
2149 2696 2402 2766 apOstoli.
2882 2744 2897 2759 ._

2087 2786 2177 2841 2-4.
2210 2786 2624 2860 Subsequuntur
2650 2789 2813 2845 missa
2861 2788 3018 2845 unica
3068 2789 3269 2845 Natalis
3293 2790 3526 2859 Domini,
3555 2801 3612 2848 et

2018 2877 2136 2933 aliae
2164 2888 2396 2948 quatuor
2425 2880 2620 2945 missae,
2654 2879 2863 2937 scilicet
2908 2882 3079 2937 sancti
3125 2880 3382 2953 Stephani
3428 2893 3614 2956 proto-

2017 2972 2286 3044 martyris,
2314 2972 2485 3027 sancti
2533 2970 2758 3028 Joannis
2809 2974 3059 3044 apostoli,
3107 2983 3414 3031 sanctorum
3446 2973 3609 3031 luno-

2016 3072 2234 3118 centum
2288 3069 2625 3134 martyrum,
2683 3071 2740 3119 et
2789 3065 2962 3119 sancti
3016 3062 3203 3120 Jacobi
3268 3065 3448 3120 fratris
3501 3066 3607 3122 Do-

2019 3154 2169 3207 mini.

2087 3244 2175 3300 25.
2216 3244 2274 3299 In
2305 3244 2501 3303 Missali
2530 3243 2761 3300 Ximenii
2806 3260 2913 3301 non
2951 3246 3180 3302 habetur
3217 3248 3375 3305 missa
3418 3248 3608 3323 vigilite

2016 3338 2218 3395 Natalis
2264 3339 2494 3395 Domini.
2552 3337 2801 3407 Hispanis
2844 3337 2986 3393 enim
3039 3345 3285 3407 tempore
3336 3338 3610 3394 Adventus

2017 3433 2147 3488 olim
2174 3432 2397 3489 vetitum
2429 3429 2601 3487 fuerat
2625 3430 2893 3501 jejunare,
2923 3438 3017 3486 aut
3055 3430 3264 3499 vigilias
3309 3431 3606 3495 celebrare.

2015 3525 2087 3580 ob
2117 3524 2448 3594 impietatem
2475 3523 3020 3592 Priscillianistarnm,
3048 3524 3161 3594 qui,
3208 3524 3375 3579 Deum
3407 3523 3612 3582 factum

2015 3633 2137 3675 esse
2165 3618 2437 3673 hominem
2470 3626 2748 3688 negantes,
2795 3618 2898 3673 hoc
2939 3618 3175 3674 maxime
3202 3628 3467 3688 tempore,
3509 3636 3612 3675 nu-

2015 3710 2097 3766 dis
2124 3711 2352 3780 pedibus
2379 3711 2723 3780 incedebant,
2759 3719 2814 3766 et
2828 3710 3032 3781 jejunia
3064 3709 3496 3781 frequentabant.

2085 3823 2176 3880 26.
2214 3825 2331 3881 Diei
2360 3824 2565 3881 Natalis
2595 3824 2803 3880 Domini
2826 3834 2934 3880 tim
2965 3826 3018 3880 in
3048 3824 3162 3881 llis
3175 3826 3245 3880 ali
3272 3825 3609 3882 Mosarabico

2013 3934 2172 3988 quam
2204 3920 2256 3973 in
2285 3918 2589 3974 Missalibus
2624 3916 2912 3974 Gallicanis
2958 3919 3115 3974 unica
3158 3919 3317 3973 missa
3369 3920 3614 3974 attribui-

2015 4020 2132 4076 tur;
2161 4019 2216 4064 at
2242 4011 2292 4065 in
2322 4011 2546 4067 vetustis
2584 4007 3031 4066 Sacramentariis
3062 4012 3194 4066 titus
3241 4011 3468 4067 Romani
3501 4022 3612 4067 tres

2014 4102 2187 4159 tuisse
2219 4101 2321 4155 hac
2345 4100 2432 4154 die
2456 4100 2815 4154 inveniuntur.

2083 4214 2174 4268 27.
2208 4211 2345 4268 Galli
2375 4213 2523 4279 olim,
2549 4221 2605 4268 et
2631 4211 3063 4282 Gotho-Hispani
3090 4212 3341 4269 Kalendis
3368 4216 3609 4272 Januarii

2006 4306 2346 4375 jejunabant,
2374 4306 2425 4360 in
2456 4313 2824 4374 contemptum
2854 4305 3251 4375 superstitionis
3301 4307 3604 4375 gentilium.

2012 4399 2082 4453 At
2105 4406 2292 4469 postea
2322 4399 2666 4454 instituerunt
2692 4406 2773 4463 ut,
2804 4398 3024 4454 ineunte
3045 4412 3206 4463 anno,
3238 4397 3492 4455 Kalendis
3520 4400 3605 4455 Ja-

2012 4490 2186 4545 nuarii
2210 4488 2404 4546 festum
2433 4489 2871 4547 Circumcisionis
2898 4490 3093 4545 Christi
3118 4490 3331 4547 Domini
3360 4492 3607 4548 celebra-

1936 4590 1988 4651 ο
2013 4590 2163 4636 retur
2185 4582 2285 4653 (a),
2317 4582 2472 4651 cujus
2495 4582 2660 4636 missa
2686 4581 2739 4635 in
2766 4580 2966 4639 Missali
2989 4582 3331 4638 Mozarabum
3354 4584 3597 4640 habetur.

2016 4671 2081 4727 Et
2101 4672 2295 4729 deinde
2312 4671 2662 4742 consequitur
2689 4672 2853 4727 missa
2890 4672 3181 4728 Dominicte
3204 4680 3332 4729 ante
3364 4674 3601 4745 Epipbao

2016 4763 2181 4830 niam,
2212 4777 2331 4816 eam
2362 4762 2530 4832 ipsum
2561 4777 2721 4831 quam
2750 4770 2909 4816 antea
2936 4760 3189 4818 Kalendis
3232 4761 3471 4818 Januarii
3515 4778 3608 4818 ce-

2015 4853 2226 4908 lebrare
2248 4852 2514 4908 solebant.
2547 4851 2915 4924 Eamdemque
2962 4855 3015 4909 in
3060 4853 3265 4925 jejunio
3290 4853 3599 4927 Epiphaniae

2012 4951 2284 5013 repetunt,
2318 4950 2510 5009 nraater
2548 4942 2809 4999 lectiones
2835 4942 3253 5014 Saipturarum,
3298 4945 3510 5002 laudant
3548 4953 3604 5000 et

2012 5033 2357 5101 sacriﬁcium,
2385 5046 2508 5104 qua:
2532 5033 2748 5091 divexsa
2774 5043 2919 5089 sunt.

2078 5143 2169 5200 28.
2212 5144 2573 5215 Consequitur
2616 5144 2721 5200 mis
2748 5158 2781 5199 a
2814 5142 3140 5215 Epiphaniae,
3167 5158 3269 5213 qua
3313 5140 3604 5198 mstivilate

2008 5239 2230 5311 Hispani
2259 5238 2554 5309 antiquitus
2582 5237 2882 5293 Adventum
2912 5238 3295 5292 terminabant.

2074 5351 2166 5408 ‘29.
2206 5350 2289 5407 Ab
2310 5350 2603 5421 Epiphania
2625 5362 2797 5421 usque
2841 5348 2906 5403 ad
2941 5348 3147 5403 initium
3168 5346 3600 5415 Quatlragesima

2011 5457 2204 5497 novem
2245 5442 2422 5497 misere
2448 5440 2805 5497 dominicales
2846 5446 3219 5507 numerantur,
3249 5453 3475 5509 quarum
3513 5441 3602 5493 uio

2010 5534 2139 5589 lima
2170 5534 2480 5590 inscribitur
2508 5542 2627 5587 tmte
2676 5533 2816 5586 diem
2872 5530 3090 5597 Cineris,
3148 5543 3203 5588 et
3254 5541 3374 5588 ante
3414 5541 3597 5586 cantes

2009 5625 2285 5680 tollendas.

2080 5716 2168 5770 50.
2212 5717 2365 5772 Nulla
2394 5717 2651 5774 autemin
2678 5715 2874 5775 Missali
2919 5715 3279 5781 Mozarabum,
3330 5724 3419 5769 aut
3448 5714 3499 5769 in
3527 5712 3592 5770 li-

386 5836 466 5910 (u)
496 5836 629 5894 Cod.
661 5836 765 5906 leg.
799 5835 1088 5909 V’isigoth.,
1114 5834 1206 5891 lib.
1251 5851 1304 5903 ιι,
1341 5836 1419 5890 tit.
1450 5853 1485 5901 ι,
1513 5837 1617 5907 leg.
1651 5835 1703 5891 ll
1735 5852 1749 5901 ;
1781 5836 1871 5890 lib.
1917 5852 2010 5903 sit,
2044 5834 2125 5889 tit.
2162 5849 2233 5901 tv,
2260 5834 2361 5907 leg.
2396 5835 2448 5892 6.
