4058 6178
425 374 490 428 If;
1888 366 2277 420 l‘lldii’A'l'lO.
3629 367 3688 420 18

415 494 522 547 bris
571 489 826 559 liturgicis
876 480 1182 551 Gallicanis,
1243 486 1445 539 ment'o
1478 486 1534 537 iit
1562 481 1999 553 S.-ptuagesim:e,
2035 486 2074 538 Α
2107 482 2517 549 quatriduanum
2563 482 2821 538 Lazarum
2871 483 2938 537 ad
2988 481 3146 537 vitam
3186 480 3476 548 revocavit,
3519 483 3593 538 uti
3624 501 3690 540 ex

421 582 792 651 Sexagesimm,
826 588 915 634 aut
944 577 1423 647 Quiuquagesinue.

488 695 546 749 5|
564 737 575 748 .
602 696 647 749 Α
669 695 753 749 die
774 693 1023 748 Cinerum
1043 692 1107 745 ad
1135 690 1462 745 Dominicam
1488 688 1606 743 PaSt
1625 687 1784 751 batis,
1805 686 1855 739 in
1878 684 2003 739 Mis-

415 785 512 839 sali
544 783 775 838 Ximenii
806 783 979 836 missae
1005 787 1128 833 sunt
1169 794 1273 831 una
1304 786 1359 832 et
1386 776 1601 845 viginti;
1634 788 1863 843 quarum
1909 790 2001 827 sex

411 884 537 929 sunt
563 873 932 937 dominicales,
955 879 1163 925 caeteras
1192 869 1421 922 furiales.

483 986 572 1040 52.
593 985 844 1039 Ordinem
875 992 1141 1037 vetustum
1173 982 1452 1035 missarum
1478 978 1741 1033 ferialium
1772 976 2006 1044 Quadra-

413 1081 629 1147 gesimas
658 1078 966 1135 Mozarabes
991 1078 1319 1131 recentiores
1343 1077 1597 1130 intactam
1625 1074 1793 1129 ferme
1820 1087 2005 1128 scrva-

416 1181 559 1225 runt.
618 1173 686 1224 At
738 1170 966 1239 priscam
1020 1170 1302 1223 missarum
1356 1167 1755 1221 dominicalinm
1809 1165 2003 1218 seriem

414 1265 552 1314 male
584 1260 984 1330 perturbarunt.
1013 1258 1164 1320 Nam,
1197 1272 1317 1312 cum
1345 1264 1540 1326 praeter
1569 1269 1771 1307 morem
1795 1250 1998 1306 Gotho-

418 1353 733 1420 lhspanum,
764 1348 1235 1416 Quadrageimam
1268 1347 1564 1415 inciperent
1595 1359 1623 1397 a
1656 1344 1782 1398 feria
1814 1350 2004 1412 quarta

417 1439 904 1507 Qninquagesima‘,
958 1453 1131 1506 neque
1182 1434 1413 1490 ofﬁciunt
1460 1435 1599 1488 illius
1654 1434 1779 1500 diei,
1831 1448 2006 1501 neque

415 1526 512 1600 lu]
539 1529 753 1582 missam
785 1528 1056 1597 propriam
1088 1527 1139 1581 iu
1167 1528 1312 1581 libris
1338 1526 1449 1579 suis
1471 1525 1748 1586 haberent,
1769 1522 2004 1576 cilicium

416 1617 762 1672 henctliccmli
803 1627 857 1671 et
885 1615 1237 1671 distribuendi
1283 1617 1493 1670 cineres
1543 1623 1712 1668 totum
1762 1616 1927 1668 ferme
1975 1629 2005 1668 a

417 1708 612 1761 Missafi
651 1707 915 1771 Romano,
964 1723 1070 1776 quo
1114 1706 1371 1761 Toletana
1427 1706 1666 1760 Ecclesia
1725 1705 2004 1769 utebatur,

415 1797 643 1849 mutuati
672 1806 815 1849 sunt.
851 1796 1064 1851 Missam
1095 1811 1222 1850 vero
1247 1811 1297 1864 qi
1320 1810 1365 1849 te
1395 1805 1554 1849 antea
1581 1794 1853 1849 Dominica
1894 1794 2003 1863 pri-

413 1906 497 1943 ma
528 1888 956 1959 Quadragesima:
997 1888 1311 1953 canebatur,
1344 1888 1431 1943 die
1473 1887 1681 1942 Cineris
1729 1886 2006 1940 celebrare

418 1983 789 2036 instituerunt.
820 1979 1129 2047 Eademque
1173 1979 1290 2046 lege
1317 1979 1533 2032 missam
1581 1977 1871 2033 Dominicze
1916 1990 2005 2029 se-

416 2072 603 2125 ρυιιιιιυ
631 2071 697 2124 ad
745 2070 1081 2124 Dominicam
1128 2070 1377 2139 primam,
1412 2068 1586 2121 tertia:
1625 2066 1912 2120 Dominicze
1939 2064 2006 2118 ad

414 2161 725 2227 secundum,
756 2170 810 2215 et
842 2162 1041 2231 quinta:
1070 2160 1136 2213 ad
1165 2159 1378 2214 tertiam
1411 2159 1741 2213 Dominicam
1798 2167 2006 2227 protra-

419 2260 633 2304 xerunt.
662 2250 850 2304 Missas
881 2249 1171 2305 Dmninicm
1200 2257 1403 2319 quarta:
1430 2249 1708 2313 mediante,
1740 2258 1793 2303 et
1825 2246 2007 2301 Durni-

414 2342 549 2394 nim:
595 2351 757 2394 sextae
784 2341 837 2394 in
868 2341 1142 2394 traditione
1172 2338 1427 2409 Symboli,
1480 2339 1729 2392 innnotas
1776 2336 2006 2405 relique-

413 2444 559 2498 rant,
588 2443 641 2487 et
663 2449 759 2503 pro
777 2435 957 2502 quinta
978 2433 1273 2499 Dominica,
1292 2433 1374 2487 cui
1400 2432 1559 2485 missa
1578 2431 1779 2494 deerat,
1812 2446 2005 2483 novam

416 2533 858 2593 composuerunt,
903 2534 1063 2591 atque
1109 2523 1249 2577 hunc
1279 2523 1521 2575 ordinetn
1576 2522 1749 2573 stsae
1775 2520 2007 2574 domini-

414 2618 558 2671 cales
589 2616 1037 2684 Quadragesimae,
1078 2615 1129 2668 in
1154 2613 1348 2667 Missali
1376 2612 1627 2677 Ximenii,
1657 2621 1859 2668 tenent.

493 2729 580 2781 53.
623 2728 866 2782 Ol‘l‘teium
891 2729 1140 2780 Cinerum
1173 2734 1383 2779 constat
1423 2724 1797 2779 benedictitrnc
1826 2736 1880 2779 et
1924 2726 2008 2779 ὁὶ·-

418 2821 739 2874 διιὶὺιδιὶοηθ
767 2819 1025 2883 cinerum,
1062 2818 1426 2888 processione,
1457 2820 1718 2873 concione
1744 2827 1795 2871 et
1824 2818 2004 2873 missa.

421 2910 669 2962 Formula
695 2908 1041 2963 bcnedicendi
1068 2909 1276 2962 cineres
1299 2916 1518 2961 utuntur
1536 2909 1776 2962 nonnihil
1798 2909 2008 2965 diversa

416 3002 485 3053 ali
514 3016 575 3053 ea
607 3014 726 3068 qum
766 3000 816 3052 in
849 2998 1047 3053 Missali
1090 3000 1256 3054 sancti
1290 2999 1366 3053 Pii
1413 2998 1453 3053 γ
1497 3001 1741 3056 habetur.
1786 3000 2009 3056 Cineres

419 3090 668 3147 omnibus
698 3088 1157 3144 indiscriminatim
1183 3091 1601 3154 distribuuntur,
1634 3092 1775 3145 nulla
1806 3091 2006 3146 mentio

419 3179 699 3245 e;cctionis
723 3180 1093 3248 pmnitentum,
1126 3197 1188 3235 ac
1232 3182 1387 3237 cilicii
1418 3181 1802 3251 paenitentibus
1831 3182 2001 3251 impo-
2033 3176 2083 3240 C

420 3262 605 3326 nendi.
638 3270 917 3327 Processio
946 3280 999 3327 et
1028 3272 1219 3327 concio
1261 3273 1477 3327 nomine
1509 3281 1663 3327 tenus
1689 3272 2004 3326 indicantur.

420 3363 477 3417 ln
500 3362 680 3429 Missa,
710 3364 992 3435 prophetia
1018 3365 1207 3433 legitur
1237 3381 1265 3419 e
1292 3366 1467 3435 capite
1498 3365 1670 3434 primo
1695 3363 2013 3420 Proverbia-

420 3470 556 3519 rum,
587 3469 705 3523 qua:
736 3454 863 3508 olim
890 3454 1166 3523 legebatur
1223 3456 1351 3509 feria
1406 3464 1595 3524 quarta
1638 3465 1760 3525 po:-t
1787 3456 2010 3525 primam

420 3544 751 3597 Dominieam
780 3543 1229 3611 Quadragesimaa,
1282 3544 1570 3611 Apostolus
1609 3544 1748 3598 idem
1798 3546 2009 3611 legitur,

422 3634 511 3702 qui
538 3635 724 3688 eadem
755 3642 946 3702 quarta
978 3635 1106 3688 feria
1130 3635 1304 3689 adhuc
1334 3634 1437 3702 legi
1481 3634 1637 3689 solet.
1666 3634 2012 3704 Evangelium

421 3746 451 3783 e
480 3731 654 3799 capite
675 3739 866 3798 quarto
895 3731 1065 3785 sancti
1106 3730 1360 3797 Mtttlizei,
1396 3730 1522 3785 illud
1555 3730 1694 3785 idem
1740 3740 1822 3788 est
1867 3734 2010 3801 quod

422 3822 587 3875 modo
614 3822 743 3875 feria
770 3831 965 3889 quarta
1000 3832 1119 3893 post
1147 3831 1393 3890 quartam
1424 3822 1756 3878 Dominicam
1797 3825 2012 3892 legitur,

423 3918 516 3971 sed
549 3917 691 3985 quod
732 3917 859 3970 olim
916 3916 1027 3985 ipsa
1080 3916 1356 3971 Dominica
1388 3920 1554 3988 prima
1586 3919 2015 3987 Quadragesimte

425 4006 721 4073 legebatur.
750 4005 924 4061 liabet
947 4005 1205 4076 jejunium
1226 4005 1422 4062 Christi
1443 4009 1666 4078 ejusque
1690 4011 2014 4064 tentationes

423 4098 473 4150 in
496 4097 729 4152 deserto.
765 4097 883 4164 Quo
908 4106 1154 4166 spectant
1198 4098 1467 4153 orationes
1495 4115 1613 4168 qtae
1654 4101 1705 4153 in
1735 4103 1895 4155 missa
1927 4116 2016 4155 re-

422 4189 676 4255 citantur,
706 4188 772 4253 ad
805 4188 1050 4242 eamdem
1081 4188 1411 4242 Dominieam
1464 4191 1828 4259 pertinentes:
1879 4206 2013 4259 quas

427 4278 689 4333 Mozarabo
711 4295 737 4334 s
767 4281 1095 4333 recentiores
1150 4277 1217 4331 ad
1272 4277 1455 4331 feriam
1488 4288 1731 4347 quartam
1760 4280 2011 4334 Cinerum

426 4369 831 4433 transtulerunt,
858 4369 955 4423 etsi
979 4369 1234 4438 pleraque
1278 4368 1591 4422 contineant
1619 4383 1735 4438 quae
1764 4384 1862 4424 nec
1908 4369 2012 4423 dici

423 4460 674 4515 solemnis
697 4458 910 4527 jejunii,
939 4473 1113 4528 neque.
1137 4466 1341 4526 quarta:
1372 4456 1514 4511 ferite
1560 4460 1901 4513 conveniant.

446 4619 451 4627 .
496 4570 585 4623 5.5.
641 4569 913 4625 Dominica
968 4571 1135 4640 prima
1194 4569 1621 4640 Quadragesimte
1668 4570 2011 4641 Evangelimn

425 4661 621 4726 legitur
642 4676 705 4715 ex
739 4658 1026 4728 Evangelio
1046 4662 1216 4715 sancti
1245 4659 1469 4717 Joannis
1510 4659 1662 4730 (Cap.
1695 4664 1786 4727 IV).
1844 4663 2013 4719 liabet

425 4751 755 4819 colloquium
783 4749 979 4804 Christi
1008 4767 1128 4805 eum
1159 4752 1515 4818 Samaritana,
1547 4753 1844 4823 eodemque
1888 4769 2012 4807 ora-

426 4843 600 4896 tiones
629 4841 785 4909 hujus
808 4842 983 4895 missa:
1010 4851 1278 4910 spectant,
1301 4859 1418 4912 quia
1457 4844 1583 4897 olim
1628 4843 1901 4898 Dominica
1930 4859 2015 4898 se-

427 4934 599 4988 cunda
626 4933 1053 5002 Quadragesima:
1098 4935 1444 4989 recitabatur.
1477 4936 1752 4990 Dominica
1780 4938 2013 4991 secunda

430 5024 774 5096 Evangelium
816 5027 977 5082 habet
1017 5042 1087 5081 ex
1133 5028 1303 5082 sancti
1341 5026 1562 5084 Joannis
1605 5027 1777 5098 (Cap.
1807 5029 1905 5098 ix),
1949 5028 2017 5084 de

431 5130 574 5169 eaeo
622 5130 651 5168 a
701 5116 998 5183 natit'itate,
1042 5115 1110 5171 de
1141 5131 1246 5187 quo
1288 5123 1453 5186 agunt
1491 5118 1782 5184 orationes,
1815 5133 1935 5187 qua:
1963 5119 2017 5173 in

430 5211 618 5261 eadem
646 5208 804 5262 missa
836 5208 1100 5263 dicuntur.

626 5321 899 5379 Dominica
934 5322 1088 5378 tertia
1121 5321 1463 5393 Evangelimn
1494 5323 1656 5380 habet
1682 5340 1749 5380 ex
1773 5324 2017 5396 Evange-

432 5412 504 5468 lio
531 5415 701 5470 sancti
724 5411 945 5471 Joannis
976 5417 1129 5487 (Cap.
1162 5417 1257 5486 xl),
1283 5416 1335 5471 in
1358 5432 1466 5486 quo
1487 5414 1553 5470 de
1583 5415 1785 5471 Lazaro
1808 5433 1837 5471 a
1870 5434 2017 5472 mor-

432 5506 537 5561 tuis
558 5506 795 5561 exeitato
817 5522 996 5562 sermo
1019 5517 1119 5573 est,
1147 5509 1444 5577 eodemque
1459 5517 1704 5578 spectant
1723 5510 2013 5575 orationes,

431 5596 630 5666 quasin
651 5596 808 5651 missa
822 5608 1038 5651 canunt.
1063 5597 1270 5654 Atoiim
1291 5598 1718 5668 Getho-llispani
1744 5598 2017 5655 Dominica

430 5686 613 5756 quinta
636 5687 1076 5755 Quadragcsima:
1126 5690 1175 5743 in
1222 5690 1385 5744 missa
1415 5698 1471 5744 et
1502 5689 1552 5744 in
1575 5688 1753 5744 ot'licio
1778 5704 2016 5745 comme-

431 5796 644 5837 morare
665 5779 909 5835 solebant
939 5779 1141 5848 insigne
1158 5780 1287 5833 illud
1311 5780 1622 5836 miraculum
1646 5795 1752 5851 quo
1774 5779 2020 5838 Christus

2106 569 2398 626 Orationali
2428 571 2657 627 Gothico
2694 582 2941 642 apparet.
3696 632 3699 635 _

2178 660 2264 714 56.
2297 662 2656 730 Consequitur
2703 662 2978 717 Dominiea
3027 663 3301 727 mediante,
3330 671 3519 731 quarta
3547 662 3694 730 Qua-

2108 752 2438 819 (lragcsimtc,
2469 752 2620 821 cujus
2672 753 2832 808 missa
2870 754 3046 808 locum
3076 769 3229 808 suurn
3258 753 3535 821 antiquum
3564 756 3694 806 reti-

2106 847 2239 900 nuit.
2274 845 2615 912 Evangelimn
2651 860 2716 899 ex
2746 844 3035 912 Evangelio
3064 844 3285 899 Joannis
3308 843 3461 915 (Cap.
3492 843 3609 914 vn),
3639 853 3695 899 et

2107 936 2603 990 orationessuntde
2624 951 2873 989 sermone
2894 935 3090 989 Christi
3125 936 3177 987 in
3200 935 3418 1004 templo,
3450 936 3532 988 die
3564 937 3695 1005 [tuo

2106 1025 2380 1078 mediante.
2428 1023 2707 1078 ,Dominica
2763 1025 2949 1093 quinta
2998 1024 3426 1093 Quatlragesimm
3477 1025 3694 1079 mis-ant

2107 1116 2269 1170 habet
2323 1132 2353 1169 a
2413 1115 2710 1169 lllozarabis
2778 1116 3166 1169 recentioribus
3222 1118 3692 1180 consarcinatam,

2105 1206 2453 1275 Evangelium
2481 1208 2673 1276 legitur
2698 1222 2761 1259 ex
2782 1205 3080 1275 Evangeiio
3102 1207 3274 1260 sancti
3296 1206 3519 1261 Joannis
3540 1205 3691 1276 (Cap.

2107 1299 2185 1367 λ),
2238 1299 2289 1351 in
2333 1314 2440 1365 quo
2495 1296 2761 1363 Christus,
2810 1312 2974 1368 agrns
3020 1297 3086 1351 de
3135 1298 3383 1365 legitimis
3413 1298 3495 1353 sui
3523 1300 3696 1369 gregis

2107 1389 2431 1457 pastoribus,
2456 1403 2514 1443 se
2546 1387 2817 1442 Pastorem
2849 1388 3035 1441 bonum
3062 1386 3179 1461 [vn]
3212 1399 3401 1458 aperte
3427 1390 3573 1455 dicit,
3604 1390 3695 1459 qni

2107 1498 2233 1537 oves
2254 1498 2378 1536 snas
2400 1485 2698 1553 cognoscit,
2725 1491 2778 1536 et
2804 1483 2871 1537 ab
2902 1484 2965 1537 iis
2993 1484 3355 1552 cognoscitur.
3390 1484 3695 1550 Orationes,

2111 1590 2258 1628 more
2283 1590 2449 1642 suo,e
2470 1574 2540 1629 Mi
2572 1575 2668 1629 sali
2692 1584 2745 1629 et
2770 1574 3045 1629 Breviario
3058 1574 3412 1643 collegerunt,
3430 1590 3547 1643 quae
3562 1576 3695 1628 nihil

2108 1667 2304 1721 habent
2333 1683 2617 1723 commune
2664 1682 2783 1722 cum
2841 1665 3160 1734 Evangelio;
3192 1666 3431 1735 quaedam
3470 1666 3537 1721 de
3558 1666 3697 1735 jeju-

2110 1758 2199 1809 nio
2230 1757 2553 1811 mentionem
2581 1758 2801 1825 faciunt,
2823 1748 2915 1813 sed
2938 1757 3055 1811 alia:
3084 1772 3152 1812 ne
3200 1756 3410 1827 quidem
3434 1757 3695 1827 jejunium

2038 1832 2082 1891 Β
2112 1859 2554 1903 Commemorant.

2177 1940 2263 1994 57.
2299 1940 2576 1996 Dominiea
2601 1952 2750 1997 sexta
2781 1942 3235 2011 Quadragesimr,
3256 1958 3375 2013 qua:
3403 1951 3454 1998 et
3478 1940 3694 1998 Palma—

2107 2043 2246 2095 rum,
2278 2038 2334 2084 et
2361 2030 2411 2084 in
2446 2030 2734 2085 traditione
2761 2031 3007 2102 Symboli
3041 2033 3446 2100 denominatur,
3466 2033 3694 2103 primum

2110 2119 2271 2175 habet
2317 2121 2744 2176 benedictionem
2788 2124 3087 2192 palmarum
3141 2132 3197 2179 et
3244 2125 3541 2189 olivarum,
3583 2134 3694 2178 tum

2107 2213 2454 2279 consequitur
2483 2213 2669 2279 missa,
2690 2230 2806 2284 qua:
2824 2216 3002 2269 locum
3024 2232 3177 2270 suum
3198 2216 3418 2270 immota
3447 2217 3693 2283 retinuit,

2109 2311 2230 2369 prst
2248 2302 2380 2357 duas
2403 2304 2660 2358 lectiones
2678 2304 2890 2359 Veteris
2913 2305 3006 2361 Fte
3029 2307 3173 2371 leris,
3196 2304 3509 2375 Symbolum
3533 2321 3695 2375 apos-

2110 2392 2344 2446 tolornm
2385 2394 2698 2449 solemnitcr
2738 2397 2985 2462 traditur;
3016 2398 3207 2453 deinde
3235 2399 3430 2468 legitur
3458 2399 3695 2469 Aposto-

2109 2484 2213 2550 lus,
2244 2496 2298 2539 et
2322 2494 2457 2556 post.
2478 2503 2507 2541 a
2538 2488 2604 2542 de
2634 2504 2784 2542 more
2814 2487 3343 2559 Ev‘angelium,quod
3360 2507 3423 2547 ex
3447 2492 3620 2561 capite
3642 2506 3695 2545 χι

2108 2577 2279 2630 sancti
2325 2576 2546 2633 Joannis
2577 2578 2895 2643 desumitur,
2923 2580 3286 2649 describitque
3316 2582 3695 2651 triumphalem

2110 2666 2308 2723 Christi
2340 2668 2545 2723 Domini
2586 2672 2882 2738 ingressum
2927 2673 2977 2725 in
3030 2673 3214 2726 urbem
3242 2672 3694 2745 Hierosolymila-

2110 2775 2254 2813 nam.
2284 2759 2567 2813 Orationes
2587 2798 2601 2822 ,
2636 2762 2704 2813 ob
2734 2760 2969 2829 Symboli
3008 2761 3373 2827 traditionem,
3404 2767 3569 2816 multa
3599 2763 3699 2817 ha-

2108 2849 2241 2904 bent
2267 2849 2334 2903 de
2368 2848 2642 2905 Trinitatis
2670 2850 2959 2921 mysterio,
2991 2858 3044 2904 et
3072 2852 3319 2921 quaedam
3346 2854 3412 2908 de
3444 2854 3697 2909 lnearna-

2112 2942 2279 2995 tione.
2327 2939 2512 2997 Oratio
2569 2941 2698 2997 Post
2735 2942 2905 3013 pridie
2954 2944 3197 2998 meminit
3241 2946 3308 3000 de
3352 2945 3696 3002 solemnitate

2109 3022 2433 3089 Palmarum.

2181 3124 2270 3179 '58.
2304 3126 2478 3194 Atque
2508 3128 2620 3181 [nec
2657 3136 2741 3183 est
2787 3127 3066 3182 missarum
3107 3128 3509 3184 dominicalium
3551 3130 3695 3198 Qua-

2112 3219 2429 3287 dragesimte
2460 3221 2661 3287 series,
2718 3235 2877 3289 quam
2911 3222 3239 3276 recentiores
3276 3221 3586 3277 Mozarabes
3613 3225 3695 3276 in-

2112 3314 2401 3367 duxerunt.
2444 3310 2500 3366 Si
2529 3313 2645 3381 quis
2677 3321 2857 3366 autem
2887 3314 3122 3368 voluerit
3152 3314 3395 3368 ordinem
3425 3324 3693 3370 vetustum

2113 3404 2428 3467 restituere,
2480 3402 2523 3457 is
2572 3404 2798 3474 primum
2843 3403 3004 3458 debet
3043 3405 3261 3459 missam
3302 3404 3706 3469 Mozarabicam,

2115 3494 2405 3550 DominiciB
2442 3496 2641 3563 quintae
2692 3496 2902 3551 aul‘erre
2926 3536 2942 3563 ,
2991 3504 3046 3552 et
3076 3498 3270 3552 deinde
3302 3500 3519 3552 missam
3566 3514 3697 3567 pro.

2116 3585 2284 3655 priam
2316 3583 2461 3639 feria:
2491 3596 2695 3654 quartae
2723 3587 2974 3640 Cinerum
3005 3603 3357 3657 componere,
3394 3604 3457 3644 ac
3481 3590 3698 3644 demum

2116 3677 2301 3731 missas
2326 3687 2549 3731 ctnteras
2578 3694 2689 3732 sum
2732 3693 3001 3748 quamque
3042 3678 3335 3736 Dominicze
3380 3682 3698 3745 restituere.

2116 3770 2189 3824 ita
2222 3780 2277 3823 ut
2303 3770 2583 3825 Dominica
2618 3773 2785 3837 prima
2818 3770 2908 3826 liat
2938 3774 3000 3827 de
3030 3771 3236 3828 Christo
3267 3776 3319 3828 in
3350 3776 3570 3840 deserto,
3600 3774 3704 3829 Do-

2116 3862 2310 3917 minica
2340 3863 2577 3917 secunda
2617 3865 2680 3917 de
2726 3866 3087 3934 Samaritana,
3130 3867 3403 3921 Dominica
3439 3868 3591 3920 tertia
3639 3867 3705 3920 de

2117 3970 2275 4021 τίετο,
2292 3954 2565 4009 Dominica
2585 3965 2773 4025 quarta
2790 3958 2855 4011 de
2870 3958 2953 4010 die
2968 3960 3097 4027 festo
3120 3959 3397 4025 mediante,
3429 3956 3703 4011 Dominica

2118 4046 2306 4114 quinta
2360 4047 2424 4100 de
2469 4044 2696 4110 Lazaro,
2745 4056 2799 4100 et
2846 4048 3061 4101 demum
3113 4047 3388 4101 Dominica
3437 4057 3589 4103 sexta
3641 4050 3705 4101 de

2118 4136 2340 4199 Palmis,
2374 4148 2421 4191 et
2465 4140 2529 4189 de
2555 4136 2832 4190 traditione
2856 4135 3116 4206 Symboli.

2189 4225 2278 4279 59.
2314 4225 2514 4280 Praeter
2536 4228 2696 4279 hasce
2722 4226 2910 4280 missas
2932 4224 3305 4290 dominicales,
3324 4225 3543 4292 singulis
3560 4225 3703 4291 Qua-

2118 4313 2433 4381 dragesimm
2479 4314 2814 4383 septimanis,
2861 4312 2995 4367 feria
3023 4324 3238 4381 quarta,
3272 4323 3325 4369 et
3356 4314 3485 4368 feria
3527 4326 3698 4377 sc-xta,

2118 4404 2363 4472 proprias
2406 4404 2608 4458 habent
2652 4404 2873 4471 missas,
2919 4414 2975 4458 et
3016 4404 3315 4473 septimana
3345 4412 3531 4459 sancta
3566 4404 3695 4458 feria

2118 4494 2305 4562 quinta
2336 4494 2386 4547 in
2416 4492 2581 4549 Cmna
2613 4494 2845 4559 Domini,
2877 4503 2931 4549 et
2959 4494 3250 4549 Sabbatum
3297 4506 3538 4550 sanctum
3571 4502 3692 4553 mis-

2118 4600 2207 4639 sas
2244 4593 2489 4654 proprias
2514 4586 2732 4649 habent,
2764 4584 2894 4638 feria
2927 4594 3107 4639 autem
3131 4597 3284 4640 sexta
3317 4587 3370 4640 in
3404 4586 3705 4644 Parasceve

2116 4678 2175 4731 lit
2203 4678 2365 4732 missa
2398 4676 2988 4733 Praesanctilicatorum.
3026 4662 3052 4683 ⁸

2186 4768 2274 4823 ιι).
2318 4769 2501 4825 Missas
2545 4768 3033 4838 quadragesimales
3061 4770 3331 4839 excipiunt
3361 4772 3537 4827 missae
3581 4786 3708 4841 pas-

2115 4862 2299 4916 chales
2326 4869 2469 4926 octo,
2501 4876 2729 4930 quarum
2772 4862 2941 4931 prima
2987 4860 3072 4916 die
3106 4862 3379 4917 Dominica
3409 4862 3705 4917 Resurrec-

2118 4955 2279 5008 tionis
2304 4953 2534 5019 Domini,
2566 4968 2661 5007 sex
2687 4953 2825 5018 aliae,
2853 4952 3076 5021 singulis
3104 4954 3564 5023 consequentibus
3591 4956 3708 5011 die-

2116 5047 2234 5113 bus,
2267 5047 2489 5115 singula:
2518 5047 2829 5103 recitantur.

2144 5198 2149 5201 Α
2186 5139 2274 5193 Η.
2318 5138 2449 5194 Post
2472 5154 2627 5209 quas,
2671 5138 2726 5193 in
2755 5137 2951 5193 Missali
2980 5136 3213 5193 Ximenii
3241 5146 3533 5194 occurrunt
3569 5155 3707 5208 pra-

2118 5234 2321 5300 paralio
2354 5233 2551 5296 Missas,
2584 5241 2642 5286 ct
2668 5230 2821 5285 Liber
2849 5233 3076 5286 omnium
3106 5232 3452 5300 o/ferentimn,
3485 5233 3702 5300 quibus,

2120 5333 2311 5395 praeter
2339 5325 2633 5391 orationes,
2666 5340 2801 5394 quas
2847 5325 2978 5379 dicit
3014 5325 3265 5380 sacerdos
3291 5325 3663 5380 celcbraturus
3686 5362 3705 5392 ,

2119 5430 2317 5484 easque
2345 5429 2480 5483 quas
2506 5414 2636 5469 dicit
2655 5414 2868 5482 quando
2896 5424 3076 5469 vestes
3105 5429 3291 5468 sacras
3319 5414 3493 5469 induit
3513 5456 3527 5481 ,
3556 5430 3707 5469 com-

2120 5507 2525 5578 prehenduntur
2568 5508 2797 5577 hymnus
2851 5506 3160 5572 Puerorum,
3208 5507 3446 5577 psalmus
3474 5506 3707 5576 Conﬁte-

2120 5600 2265 5664 mim‘,
2293 5600 2523 5669 hymnus
2550 5598 2723 5663 Salve,
2753 5596 2971 5668 Regina,
3002 5600 3163 5653 missa
3199 5599 3369 5651 sancti
3395 5595 3581 5652 Jacobi
3606 5596 3708 5651 Ze-

2120 5689 2273 5746 bedei
2321 5688 2697 5759 Hispaniarum
2727 5689 2974 5758 apostoli,
3007 5703 3105 5758 pro
3134 5688 3428 5757 exemplari
3472 5688 3707 5757 quodam

2123 5781 2297 5837 missa:
2349 5778 2699 5837 Mozarabicm
2747 5782 2848 5839 hoc
2898 5780 3019 5836 loco
3070 5778 3376 5849 pr0posita.
3438 5776 3705 5851 pleraeque
