4058 6178
348 332 406 386 n
1795 298 2188 357 ramento.
3562 305 3627 356 ,ε

347 442 643 503 orationes,
678 443 735 493 et
762 434 864 489 alia
892 446 1019 501 quae
1044 430 1097 485 ln
1130 427 1305 483 missis
1335 417 1925 480 omnibusrecitantur.
1957 413 2005 470 Δ
2034 410 2281 478 gulorutn
2330 422 2474 473 una;
2518 417 2574 462 et
2600 402 2722 462 una
2760 404 3096 461 dutninicalis
3140 404 3283 473 quod
3347 403 3629 460 Dominica

347 535 472 589 Post
511 531 627 585 hac
656 525 1000 596 subsequitur
1040 520 1203 575 missa
1232 525 1423 573 octava
1464 508 1767 582 paschalis,
1819 518 1937 575 quae

345 627 431 682 die
459 622 740 679 Dominica
769 620 822 673 in
853 625 1045 672 octava
1074 611 1295 666 Pascha:
1322 607 1537 663 dicitur.

421 715 506 770 ιε.
544 714 685 769 Sunt
728 708 922 765 deinde
963 714 1090 760 octo
1132 703 1308 756 misse
1335 713 1454 767 qua:
1504 709 1535 749 a
1583 692 1845 747 Paschate
1873 685 1939 741 ad

348 809 707 866 Pentecosten
738 804 1065 865 recitantur,
1110 808 1337 865 quarum
1381 789 1569 859 prima:
1597 791 1829 856 quatuor
1857 789 1940 834 to-

348 903 511 959 tidem
541 897 852 962 Dominicis,
877 902 1003 947 ante
1024 890 1219 944 festum
1253 880 1615 945 Ascensionis,
1647 875 1941 929 attribuun-

352 1009 457 1053 tur.
491 993 819 1062 Rogationes
847 979 1301 1051 Gotho-Hispani,
1330 985 1385 1031 et
1429 969 1770 1031 Mozarabes,
1814 971 1941 1019 ante

349 1088 697 1147 festiv‘tatem
743 1077 1135 1141 Ascensionis,
1177 1088 1286 1126 non
1328 1066 1712 1125 celebrabant,
1755 1074 1857 1115 nec
1886 1058 1942 1111 in

350 1181 515 1235 missa
539 1174 767 1230 Xiurenii
790 1171 895 1227 ulla
918 1175 1001 1223 est
1028 1166 1187 1219 missa
1221 1161 1568 1231 Rogationum
1592 1173 1607 1215 ;
1639 1151 1732 1208 sed
1755 1149 1941 1220 quinta

350 1272 420 1327 ει]
448 1267 825 1323 Ascensionetn
853 1259 1064 1316 Domini
1087 1262 1315 1326 spectat,
1348 1258 1498 1305 sexta
1521 1246 1586 1300 ad
1608 1241 1941 1297 Dnntinicam

350 1371 476 1433 post
500 1359 880 1415 Ascensionem
899 1394 914 1419 ,
950 1350 1178 1420 septima
1211 1345 1279 1400 ad
1308 1342 1541 1410 vigiliam
1574 1333 1714 1410 [vui]
1744 1333 1943 1386 Pente-

349 1462 552 1519 costcs,
577 1459 634 1505 et
661 1456 853 1504 octava
881 1442 946 1497 ad
976 1441 1116 1496 diem
1140 1436 1511 1491 Pentecostes.

424 1565 507 1618 ιδ.
558 1563 675 1615 Mos
704 1567 883 1613 autem
923 1549 1517 1616 Gotho-Hispanorum,
1563 1538 1839 1595 Gallorum
1889 1541 1945 1587 et

350 1652 714 1715 Mozarabum,
747 1655 864 1702 erat
903 1646 955 1700 in
987 1643 1133 1698 hisce
1162 1637 1337 1693 missis
1368 1649 1486 1703 quae
1514 1647 1542 1686 a
1587 1629 1849 1685 Paschate
1877 1623 1943 1677 ad

352 1749 588 1803 Penteco
618 1757 707 1798 ten
736 1739 1106 1796 recitabantur
1132 1734 1325 1788 librum
1356 1724 1712 1800 Apocalypsis
1738 1721 1938 1791 legere,
1975 1760 2021 1818 Β

350 1840 707 1905 eundemque
735 1845 940 1888 morem
969 1827 1181 1883 Missale
1207 1821 1441 1878 Ximenii
1472 1814 1710 1875 retinuit.

422 1949 507 2001 Η.
554 1948 594 2000 A
642 1944 965 1999 Pentecoste
1019 1939 1086 1992 ad
1143 1937 1304 1989 linem
1356 1932 1481 1986 anni
1530 1926 1762 1997 liturg'ci
1818 1933 1943 1979 octo

348 2037 610 2091 duntaxat
663 2032 841 2086 missa:
903 2025 1253 2083 dominicales
1315 2020 1677 2077 inveniuntur.
1739 2013 1943 2068 llarum

351 2131 524 2201 prima
551 2126 859 2182 inscribitur
903 2122 969 2178 In
1011 2119 1283 2174 Dominico
1313 2116 1479 2186 primo
1521 2121 1635 2181 post
1667 2109 1944 2163 Pentecos-

350 2200 455 2283 ten,
478 2227 533 2275 et
559 2218 743 2272 ultima
764 2218 818 2271 in
846 2214 1118 2269 Dominico
1150 2218 1272 2263 ante
1296 2207 1553 2279 jejunium
1583 2200 1943 2256 Kalendarum

355 2309 737 2374 Novembrium,
764 2324 924 2378 quam
952 2303 1297 2375 subsequitur
1324 2301 1484 2354 missa
1513 2300 1565 2351 in
1593 2296 1805 2364 Jeiunio
1829 2290 1942 2346 Ka-

354 2406 621 2459 lendarum
656 2399 1040 2455 Novembrium.

429 2517 509 2572 £5.
551 2516 644 2571 His
665 2514 843 2570 missis
870 2510 1101 2581 antiquis
1123 2508 1433 2564 Mozarabes
1454 2504 1586 2559 duas
1610 2499 1942 2569 adjecerunt,

353 2611 574 2666 alteram
608 2607 886 2661 Dominica
916 2602 1221 2666 Trinitatis,
1271 2599 1493 2653 alteram
1523 2594 1609 2648 die
1640 2588 1945 2645 festivitatis

353 2700 597 2771 Carpam
648 2698 838 2753 Christi
888 2693 1239 2752 recitandam.
1296 2690 1456 2743 Missa
1508 2682 1787 2740 Trinitatis
1834 2690 1945 2733 tres

354 2794 643 2863 Scriptura:
672 2790 935 2846 lectiones
969 2801 999 2841 a
1050 2783 1326 2839 Dominica
1365 2780 1535 2851 prima
1577 2783 1701 2847 post
1744 2772 1943 2826 Pente-

355 2895 540 2942 eosten
569 2882 838 2947 desumit,
887 2879 1160 2935 orationes
1198 2889 1328 2928 vero
1367 2883 1557 2926 omnes
1598 2881 1627 2921 a
1671 2862 1945 2919 Dominica

356 2976 682 3033 Palmarum.
712 2975 871 3030 Missa
903 2969 1201 3028 festivitatis
1217 2966 1458 3038 Corporis
1484 2960 1675 3019 Christi
1700 2953 1945 3027 qundam

354 3070 517 3125 habet
545 3086 575 3124 e
605 3068 801 3124 Missali
834 3066 1081 3122 Romano
1122 3064 1406 3130 desumpta
1432 3100 1447 3125 ,
1490 3065 1543 3111 at
1575 3054 1803 3125 plurima
1831 3046 1946 3117 ejus

355 3176 480 3232 pars
510 3176 541 3215 e
564 3160 741 3237 missis
756 3156 1215 3224 Gotho-Hispanis
1236 3152 1462 3208 collecta
1485 3155 1585 3203 est.
1606 3141 1848 3199 Officium
1874 3138 1943 3194 ad

356 3230 573 3307 missam
600 3230 795 3305 Cibavit
823 3267 931 3315 eos,
961 3255 1015 3303 et
1037 3246 1210 3302 oratio
1246 3245 1377 3298 Deus
1407 3241 1493 3313 qui
1521 3238 1691 3300 nobis,
1731 3230 1961 3286 Missaler

359 3346 669 3398 Romanum.
690 3340 1082 3413 suppeditavit,
1129 3334 1422 3406 Apostolus
1450 3323 1786 3397 extEpistola
1815 3321 1836 3375 Ι
1878 3318 1946 3374 ad

356 3436 665 3492 Corinthios
711 3434 863 3504 (Cap.
906 3432 1054 3501 χχιιι)
1103 3434 1438 3498 segmentum
1484 3421 1599 3494 ejus
1642 3423 1727 3473 est
1773 3416 1861 3487 qui
1893 3415 1959 3469 iu.

358 3530 523 3584 Carna
552 3527 758 3582 Domini
788 3526 1003 3596 legitur,
1037 3523 1305 3589 habetque
1333 3517 1497 3572 verba
1545 3514 1632 3568 illa
1664 3512 1825 3566 donec
1856 3525 1965 3562 ve-r

361 3624 467 3677 niat
485 3638 536 3676 ιιι
559 3636 862 3675 αιιιιτιτε
878 3634 947 3673 ne
962 3632 1155 3679 emus,
1178 3628 1299 3683 qua:
1319 3609 1513 3665 Gntbo-
1528 3605 1747 3677 Hispani
1768 3604 1818 3657 in
1837 3599 1949 3656 suis

360 3712 758 3783 exemplaribus
785 3710 1067 3778 legebant.
1091 3703 1437 3772 Evangelium
1462 3714 1495 3754 e
1524 3704 1711 3753 sancto
1740 3693 1948 3749 Joanne

361 3803 514 3873 (Cap.
549 3804 620 3871 vr)
651 3801 792 3856 idem
819 3810 905 3855 est
931 3798 1072 3868 quod
1112 3797 1165 3850 in
1213 3793 1412 3848 Missali
1456 3791 1700 3846 Romano
1731 3787 1945 3853 legitur.

359 3894 530 3950 lllatio
548 3902 629 3949 est
657 3902 989 3961 segmentum
1010 3889 1260 3943 illationis
1284 3886 1457 3941 missae
1474 3882 1653 3938 Gotho
1677 3880 1959 3950 llispante,

360 4001 480 4057 qua:
506 3984 636 4038 feria
664 3991 853 4053 quarta
880 3988 1000 4051 post
1032 3979 1363 4033 Dominicam
1394 3974 1609 4029 tertiam
1644 3971 1953 4038 Quadrage-

361 4079 511 4136 simae
541 4077 782 4141 habetur,
820 4074 956 4130 adeo
986 4076 1279 4129 oscitanter
1308 4071 1415 4124 huc
1446 4066 1701 4122 translata
1722 4104 1735 4128 ,
1783 4070 1842 4116 ut
1885 4075 1954 4114 ne

362 4184 428 4224 ea
466 4169 680 4239 quidem
727 4166 1004 4222 omiserint
1049 4180 1170 4233 qua:
1210 4162 1466 4218 solemnis
1508 4157 1709 4228 jejunii
1738 4155 1954 4226 prOpria

363 4268 541 4314 erant.
571 4257 755 4312 Oratio
783 4255 913 4311 Post
941 4256 1107 4325 pridie
1136 4268 1167 4307 e
1207 4253 1367 4306 missa
1408 4248 1699 4304 Dominica:
1727 4253 1848 4299 ante.
1875 4243 1957 4313 je-

361 4355 569 4425 junium
599 4352 962 4408 Kalendarum
986 4349 1323 4412 Novembris,
1360 4345 1622 4402 verbatim
1652 4342 1953 4411 desumpta,

364 4447 434 4500 de
464 4443 797 4498 Eucharistia
830 4443 941 4497 hate
966 4442 1129 4496 habet
1159 4458 1172 4493 :
1208 4438 1369 4493 Panis
1398 4438 1480 4491 In'c
1527 4446 1952 4490 rnaasuurnus

363 4538 423 4591 in
446 4550 676 4601 carnem,
706 4534 846 4587 calix
870 4533 949 4585 hic
978 4544 1427 4587 rnansroanarus
1472 4529 1525 4581 in
1554 4527 1857 4596 sanguinem
1888 4524 1953 4576 sit

365 4626 695 4696 o/ferentibus
726 4624 915 4695 gratia,
944 4631 991 4676 et
1020 4620 1329 4676 sumentibus
1360 4618 1635 4672 medicina.

587 4738 613 4810 §
644 4736 707 4791 ll.
742 4735 877 4791 Pars
902 4735 1122 4789 secunda
1149 4732 1381 4787 Missalis
1401 4729 1456 4784 Μ
1462 4728 1741 4784 ozarabici.

440 4848 527 4903 46.
562 4849 773 4903 Missam
800 4845 986 4915 jejunii
1018 4842 1378 4897 Kalendarum
1409 4838 1787 4894 Novembrium
1824 4850 1957 4891 con-

368 4941 519 4994 tinuo
544 4940 819 5007 excipiunt
848 4937 1177 4995 Sanctorate,
1208 4932 1517 4996 Commune,
1563 4931 1738 4981 missa:
1767 4927 1962 4980 votitte

368 5047 421 5086 et
450 5031 761 5085 tuortnales.
795 5027 1113 5083 διιιμοιιιτίιιθ
1146 5027 1333 5080 nti-sas
1367 5024 1527 5077 habet
1560 5020 1803 5091 proprias
1830 5018 1960 5072 bea-

368 5132 441 5176 tae
468 5121 727 5189 Virginis,
762 5130 817 5173 et
857 5127 1194 5181 sanctorum,
1234 5130 1369 5184 quas
1416 5112 1651 5168 Ecclesia
1701 5108 1964 5163 Toletana

370 5213 647 5267 celebrare
688 5211 928 5275 Solebat;
976 5208 1161 5278 paucis
1208 5204 1483 5274 exceptis,
1533 5217 1652 5273 qua:
1698 5209 1792 5254 attt
1838 5210 1964 5253 ante

371 5302 589 5358 missam
621 5301 822 5355 Natalis
846 5299 1079 5365 Domini,
1108 5306 1199 5351 aut
1227 5306 1345 5366 post
1375 5310 1493 5349 c.nn
1535 5294 1587 5347 in
1616 5291 1816 5345 Missali
1846 5290 1962 5345 col-

370 5395 640 5451 locantur.
680 5392 817 5448 Sunt
855 5401 1036 5445 autem
1080 5392 1130 5445 in
1174 5388 1475 5443 Sani-turali
1523 5386 1699 5440 missa:
1735 5392 1965 5452 quatuor

371 5489 547 5543 beata:
573 5486 803 5553 Virginis
825 5525 840 5549 ,
891 5484 1027 5539 binae
1054 5483 1119 5537 de
1148 5496 1328 5545 cruce,
1355 5495 1458 5533 una
1485 5480 1655 5533 sancti
1693 5476 1966 5530 Michaelis

372 5579 715 5648 archangeli,
746 5578 883 5632 bime
913 5575 1080 5630 sancti
1126 5572 1350 5631 Joannis
1395 5570 1645 5640 Baptista:
1669 5610 1681 5632 ,
1731 5569 1967 5638 quinque

373 5673 763 5745 apustoiornm,
797 5687 901 5725 una
931 5677 1240 5727 sanctorum
1275 5666 1415 5722 Petti
1456 5676 1508 5720 et
1539 5664 1705 5725 Pauli,
1751 5679 1853 5718 una
1881 5664 1966 5717 Si-

374 5766 552 5824 monis
571 5775 624 5822 et
647 5761 811 5837 Judat,
837 5762 1067 5829 Matltir,
1097 5758 1473 5818 llartltulomazi
1497 5767 1549 5812 ct
1574 5755 1825 5825 Matthxi,
1860 5755 1964 5811 sin-

2038 510 2161 557 ante
2187 500 2379 555 festum
2405 499 2697 553 nativitatis
2717 497 2888 552 sancti
2904 495 3124 551 Joannis
3142 495 3393 565 Baptista;
3407 494 3631 551 dicitur.

2109 592 2196 645 47.
2238 590 2278 644 Ε
2326 591 2526 646 sanctis
2565 603 2793 659 quorum
2837 589 2891 642 in
2939 587 3245 643 Sanctorali
3278 595 3402 642 sunt
3450 580 3626 642 missae

2040 687 2269 757 proprias
2320 694 2429 740 tres
2476 683 2543 738 ad
2591 682 2889 737 Ecelesiam
2937 681 3263 736 Gallicanam
3312 679 3624 749 pertinent,

2039 781 2298 835 Martinus
2318 778 2603 848 episcopus
2624 774 2969 837 Turonensis,
3000 770 3100 845 [is]
3128 771 3393 826 Genesius
3434 772 3626 825 Arela-

2041 877 2228 941 tensis,
2246 882 2301 928 et
2328 872 2588 926 Columba
2615 867 2961 924 Senonensis.
2987 866 3204 936 Septem
3227 874 3353 920 sunt
3373 864 3641 920 Ecclesiae

2040 971 2317 1031 Romanae,
2337 966 2706 1031 Sebastianus,
2726 962 3063 1026 Laurentius,
3086 960 3309 1017 Cosmas
3334 969 3388 1015 et
3411 959 3627 1013 Damia-

2042 1078 2162 1124 nus,
2195 1060 2403 1128 Agnes,
2443 1057 2653 1113 Cmcilia
2684 1064 2739 1109 et
2771 1054 3042 1124 Eugenia;
3075 1067 3183 1108 una
3227 1052 3443 1111 Sabina,
3481 1050 3620 1104 Cris~

2041 1155 2198 1225 pina;
2230 1168 2334 1206 una
2364 1151 2562 1216 Sicula,
2596 1148 2833 1217 Agatha;
2876 1155 2985 1201 tres
3013 1144 3268 1209 Alrieani,
3299 1143 3629 1215 Cyprianus,

2042 1245 2320 1315 Speratus,
2353 1251 2407 1297 ct
2442 1241 2743 1303 Marciana;
2778 1253 2879 1292 una
2904 1237 3207 1301 Palaestina,
3241 1235 3404 1289 Maria
3424 1234 3643 1302 Magda-~

2043 1336 2194 1399 lene;
2226 1336 2331 1389 duo
2361 1332 2683 1387 Autiocheni
2713 1329 2923 1383 Babilas
2946 1328 3229 1398 episcopus
3251 1335 3305 1381 et
3334 1326 3627 1383 Romanus,

2043 1440 2166 1480 cum
2215 1424 2460 1480 Romano
2506 1419 2816 1476 Thendulus
2865 1418 3070 1483 infans,
3121 1433 3243 1473 cum
3292 1416 3473 1470 llahila
3525 1424 3633 1468 tres

2045 1518 2197 1587 pueri
2226 1526 2748 1582 commemorantur;
2800 1530 2905 1569 una
2934 1514 3260 1583 Cappadox,
3324 1512 3627 1569 Dorothea;
3672 1512 3676 1517 ’

2045 1608 2152 1662 duo
2183 1606 2507 1661 Nicomedia:
2552 1607 2731 1675 passi,
2775 1604 3038 1658 Lucianus
3084 1611 3139 1657 et
3167 1601 3470 1665 Adrianus;
3524 1610 3632 1655 tres

2048 1699 2265 1754 incerta:
2293 1699 2488 1767 gentis,
2520 1706 2575 1753 et
2603 1698 2793 1752 incerti
2825 1697 2926 1751 loci
2953 1694 3238 1766 passionis,
3271 1694 3496 1763 Tyrsus,
3538 1692 3627 1746 Ju-

2047 1789 2222 1843 lianus
2253 1798 2307 1845 et
2327 1788 2775 1860 Cbristopborus,
2825 1801 3131 1857 quanquam
3177 1785 3263 1839 hic
3304 1783 3549 1838 videatur
3576 1783 3629 1837 in

2044 1880 2226 1937 Mtesia
2256 1897 2463 1950 passus.

2113 1974 2202 2030 48.
2245 1974 2436 2031 Caeteri
2467 1989 2655 2029 omnes
2699 1979 2963 2043 martyres
2992 1969 3215 2039 Hispani
3246 1976 3365 2022 sunt
3391 2009 3405 2032 ,
3440 1967 3546 2020 duo
3578 1975 3629 2021 et

2043 2070 2229 2140 viginti
2259 2082 2503 2133 numero,
2535 2065 2848 2122 Vincentius
2894 2063 3053 2119 levita
3085 2062 3647 2129 Cmsaraugustanus,

2045 2162 2247 2219 Eulalia
2295 2161 2445 2230 virgo
2483 2157 2899 2214 Barcinonensis
2925 2199 2941 2224 ,
2992 2155 3319 2209 Fractuosus
3347 2152 3633 2222 episcopus

2046 2251 2483 2316 Tarraconensis,
2516 2250 2785 2319 Augurius
2824 2256 2881 2303 et
2922 2245 3175 2316 Eulogius
3215 2243 3332 2313 ejus
3384 2239 3623 2297 diaconi:

2046 2346 2347 2400 Eineterius
2376 2352 2430 2399 et
2456 2341 2770 2398 Celidonius
2810 2340 3009 2395 milites
3053 2333 3453 2405 Caiaguritani,
3494 2332 3627 2385 Tor-

2044 2445 2239 2507 quatus
2267 2436 2549 2504 episcopus
2578 2432 2889 2498 Accitanus,
2920 2444 3040 2485 cum
3067 2442 3195 2496 quo,
3229 2424 3417 2480 eadem
3447 2423 3628 2480 missa.

2045 2529 2361 2600 Ctesiphon,
2386 2526 2686 2590 Hesichius,
2713 2524 3024 2588 lndaletius,
3053 2520 3353 2583 Secundus,
3390 2517 3625 2587 l‘uphra—

2045 2621 2159 2677 sius
2197 2628 2251 2674 et
2272 2618 2551 2682 Cmcilius,
2580 2616 2858 2681 coluntur;
2899 2612 3049 2667 Justa
3075 2620 3130 2665 et
3174 2608 3383 2662 Rulliua
3420 2622 3637 2662 sorores

2048 2712 2279 2781 virgines
2299 2708 2669 2778 Hispalenses;
2700 2703 2880 2759 Justus
2901 2712 2955 2757 et
2986 2701 3173 2755 Pastor
3198 2698 3347 2769 pueri
3377 2698 3636 2765 Conuin-

2049 2811 2265 2868 tenses;
2295 2799 2440 2854 Felix
2471 2795 2864 2858 Gerundensis;
2896 2791 3184 2848 Gerontius
3212 2789 3496 2859 epiSCnptlS
3533 2787 3637 2840 lta-

2048 2893 2297 2956 licensis;
2349 2891 2600 2956 Faustus,
2644 2886 2947 2951 Januarins,
2997 2882 3255 2938 Martialis
3299 2888 3357 2937 et
3398 2879 3637 2935 Acisclus

2047 2987 2457 3051 Cordubenses;
2481 2981 2779 3038 Germanus
2809 2988 2862 3034 et
2890 2976 3196 3032 Servandus
3224 2975 3276 3028 in
3308 2973 3449 3042 Agro
3476 2970 3636 3026 Gadi-

1972 3114 2019 3179 c
2052 3090 2208 3147 tano,
2245 3089 2307 3134 ut
2345 3079 2549 3142 lerunt,
2592 3076 2771 3144 passi;
2810 3072 3087 3141 Crispinus
3131 3069 3416 3138 epis-cepas
3444 3066 3641 3133 Astigi-

2050 3184 2207 3229 tanus
2229 3183 2284 3228 et
2317 3171 2579 3227 Leocadia
2600 3169 2750 3236 virgo
2777 3166 3056 3220 Toletana.

2120 3265 2208 3318 49.
2252 3262 2395 3317 Inter
2438 3269 2699 3328 martyres
2723 3257 2975 3311 coluntur
3014 3252 3293 3315 Leocadia,
3326 3249 3656 3311 Gerontius,-

2051 3358 2349 3427 Crispinus,
2379 3352 2702 3421 Torquatus,
2735 3348 2959 3416 ejusque
2987 3344 3153 3408 socii;
3181 3358 3302 3396 nam
3334 3340 3640 3408 Torquatus

2052 3450 2245 3518 aliique
2270 3463 2366 3501 sex
2387 3442 2621 3515 episcopi
2649 3439 2844 3511 passim
2868 3445 3130 3507 martyres
3156 3432 3516 3504 appellantur,
3538 3446 3655 3486 nec

2052 3542 2352 3605 immerito;
2391 3554 2511 3593 nam
2560 3535 2716 3606 primi
2752 3540 2873 3601 post
2920 3528 3192 3600 apostolos
3238 3542 3336 3581 suo
3378 3525 3560 3578 labore
3586 3529 3640 3578 et

2052 3632 2310 3701 sanguine
2335 3627 2599 3685 Ecclesias
2630 3625 2681 3679 in
2709 3620 2963 3693 Hispania
2992 3617 3401 3675 constituerunt.
3429 3613 3645 3685 CriSpi-

2051 3741 2152 3780 nus
2190 3721 2520 3790 Astigitanus
2560 3717 2611 3771 in
2639 3716 2839 3787 hymno
2872 3710 3129 3767 Breviarii
3168 3716 3372 3779 martyr
3400 3707 3633 3769 canitur;

2054 3816 2318 3873 Leocadia
2344 3822 2399 3869 et
2435 3809 2725 3866 Gerontius
2756 3806 2878 3860 lidei
2909 3818 3071 3860 causa
3107 3816 3325 3857 carcere
3354 3797 3553 3853 conditi
3587 3797 3639 3850 in

2052 3911 2282 3968 vinculis
2311 3908 2573 3963 obierunt.
2608 3901 2929 3972 lilartyribus
2966 3896 3167 3967 pariter
3202 3902 3422 3949 sanctus
3462 3890 3643 3944 Marti-

2054 4018 2154 4057 nus
2183 3998 2511 4054 Turonensis
2540 3994 2865 4063 adjungitur,
2889 3990 2979 4058 qui
3006 3987 3076 4042 ob
3104 3984 3458 4040 orthodoxam
3486 3979 3644 4035 ﬁdem

2055 4090 2300 4153 ludibria,
2346 4088 2569 4141 verbera
2612 4093 2668 4138 et
2710 4099 2739 4135 a
2779 4080 2950 4150 patria
3004 4078 3248 4132 exsilium
3298 4089 3492 4144 passus
3524 4082 3632 4131 est;

2056 4181 2221 4236 Maria
2242 4177 2577 4246 Magdalene,
2610 4189 2637 4226 a
2669 4168 3125 4235 Gotho-Hispanis
3168 4173 3371 4235 martyr
3413 4163 3646 4218 habeba—

2060 4284 2164 4340 tur,
2197 4274 2269 4329 uti
2292 4288 2359 4327 ex
2390 4269 2505 4338 ejus
2535 4267 2695 4320 missa
2720 4268 2962 4333 apparet.

2130 4366 2220 4420 50.
2262 4363 2484 4417 Demnm
2526 4361 2576 4414 in
2616 4352 2915 4411 Sanctorali
2946 4359 3029 4406 est
3056 4349 3219 4404 etiam
3270 4346 3431 4399 missa
3455 4344 3644 4414 jejunii

1986 4459 2231 4537 Dsuncti
2264 4452 2547 4527 Cypriani,
2580 4450 2693 4504 sive
2734 4445 3090 4501 Kalendarum
3135 4437 3485 4509 Septembris.
3538 4433 3641 4488 lla-

2060 4565 2180 4606 rum
2208 4548 2491 4602 missarum
2540 4542 2697 4610 longe
2752 4554 2877 4609 pars
2928 4536 3160 4591 maxima
3199 4527 3671 4595 Gotho-llispana'

2061 4650 2144 4696 est
2175 4660 2187 4693 :
2221 4652 2404 4709 pauca:
2430 4651 2462 4689 a
2494 4631 2790 4688 Mozarabis
2824 4627 3141 4696 conscriptae
3168 4622 3401 4675 fuerunt.
3446 4617 3648 4671 Contra

2062 4730 2439 4799 antiquitatem
2463 4721 2838 4776 nonnullarum
2864 4733 2929 4771 ex
2968 4715 3083 4769 istis
3112 4710 3286 4766 missis
3311 4722 3419 4762 non
3452 4705 3646 4760 faciunt

2064 4821 2195 4875 Acta
2225 4825 2518 4887 martyrum
2549 4813 2764 4874 vitiata,
2796 4816 2851 4863 et
2878 4803 3219 4875 interpolata,
3247 4800 3442 4869 quibus
3462 4812 3650 4853 carum

2063 4911 2451 4982 compositores
2496 4906 2575 4960 usi
2610 4912 2769 4968 sunt;
2817 4916 2961 4964 nam,
3013 4906 3073 4953 ut
3122 4897 3173 4950 in
3223 4894 3363 4949 notis
3404 4891 3651 4945 animad-

2062 5015 2236 5066 verto,
2269 5003 2403 5058 Acta
2445 5002 2531 5055 illa
2556 4999 2742 5054 vitiata
2785 4994 2980 5052 saeculo
3013 5008 3061 5045 γι
3092 4997 3145 5044 et
3180 5004 3251 5042 vn
3281 5001 3379 5057 pro
3407 4982 3673 5053 legitimis-

2065 5100 2422 5156 habebantur.

2137 5192 2227 5244 51.
2269 5189 2312 5243 Α
2359 5185 2655 5242 Mozarabis
2685 5180 2986 5239 benedictio
3015 5174 3361 5232 candelarnm
3400 5177 3455 5224 et
3493 5168 3676 5222 missae

2068 5281 2460 5337 Pnrilicationis
2486 5280 2655 5333 beata:
2674 5274 2902 5343 Virginis
2929 5268 3226 5338 composita
3249 5271 3375 5319 sunt
3401 5282 3414 5330 ;
3438 5263 3657 5330 Aposto-

2068 5381 2169 5442 lus,
2209 5373 2565 5443 Evangelium,
2608 5369 2785 5433 lauda,
2829 5363 3162 5433 sacriﬁcium,
3196 5359 3394 5425 oratio,
3420 5359 3578 5410 missa
3606 5362 3659 5407 ct

2067 5471 2233 5525 illutio
2260 5467 2540 5533 desumpta
2572 5468 2695 5516 sunt
2718 5476 2746 5512 a
2780 5459 2937 5510 missa
2965 5451 3404 5511 Circumcisinuis
3428 5448 3659 5506 Domini;

2070 5570 2278 5618 casterae
2306 5572 2436 5611 vero
2465 5554 2735 5609 orationes
2766 5558 2820 5602 et
2850 5544 3151 5603 benedictio
3180 5559 3211 5597 e
3244 5541 3517 5597 Breviario
3553 5538 3665 5591 coi-

2071 5655 2221 5709 lecttc
2247 5657 2391 5706 sunt.

2146 5744 2227 5798 δι’..
2278 5743 2493 5798 Vetusta
2524 5733 2760 5809 quidem,
2788 5731 2929 5805 apud
2958 5731 3141 5787 Gallas
3170 5730 3381 5794 saltent,
3410 5734 3490 5780 Cal
3521 5721 3665 5778 festi—
