4058 6178
353 295 419 350 19
1808 289 2195 347 ΡΙῖΑΞῈΑΤΙΟ.
3550 292 3623 348 20

348 413 488 466 vitas
533 409 835 465 Natisitatis
872 410 1041 464 beata
1081 408 1313 476 Virginis
1354 424 1365 459 :

347 503 652 560 Sauctorali
689 501 1028 556 ﬂozmbum
1058 502 1106 555 ei
1139 500 1411 555 festivitati
1452 500 1784 563 attribuitur,
1812 515 1937 569 par-

350 606 447 650 tua
467 610 500 650 e
519 593 716 649 Missali
740 593 1004 662 Romano,
1037 595 1229 662 partim
1257 608 1287 647 e
1313 594 1473 647 missa
1506 591 1940 649 Annuntiationis

349 686 651 755 desumpta,
681 683 1123 753 Gotho-liispana
1154 686 1417 739 censenda
1450 698 1554 738 non
1587 692 1685 739 est.

422 776 509 831 53.
551 776 769 833 Festum
802 774 880 849 [x']
920 776 1300 845 Conceptionis
1348 773 1519 829 beatae
1548 776 1809 844 Virginis,
1840 790 1941 829 sm-

351 870 477 924 culo
517 884 681 935 nono,
714 868 934 938 Neapoli
962 867 1352 932 celebrabatur,
1386 876 1444 921 ut
1485 867 1641 921 ﬁdem
1674 866 1799 921 facit
1838 865 1943 919 lia-

352 961 650 1017 lendarium
684 977 1048 1017 marmoreum
1072 958 1508 1030 Neapolitanum,
1544 960 1649 1015 hoc
1680 968 1943 1028 tempore,

352 1053 808 1123 quemadmodum
853 1053 1048 1107 eruditi
1087 1053 1394 1122 oninantur,
1443 1052 1731 1120 scalptum.
1778 1049 1832 1104 la
1878 1065 1949 1104 eo

355 1146 501 1201 enim
530 1146 707 1213 legere
733 1155 815 1199 est
841 1164 852 1198 :
885 1160 996 1209 \‘lll,
1021 1160 1314 1200 coxcsrrto
1344 1160 1371 1200 s
1397 1160 1501 1199 nus
1527 1158 1687 1199 uasti:
1712 1159 1819 1199 rm.
1850 1142 1951 1198 Die

356 1243 534 1289 octavo
590 1234 899 1289 Decembris
952 1232 1226 1304 Conceptio
1283 1233 1495 1289 Sancta
1541 1234 1707 1287 Annae
1760 1231 1951 1286 Maria:

363 1323 642 1394 Virg’nis;
710 1322 1061 1378 nihilominus
1115 1324 1278 1377 missa
1334 1322 1719 1393 Conceptionis
1777 1321 1953 1376 beata:

359 1414 607 1484 Virginis,
641 1430 801 1482 quam
835 1414 885 1467 in
933 1413 1128 1468 Missali
1174 1413 1405 1469 Ximenii
1434 1414 1714 1478 habemus,
1763 1426 1951 1467 recen-

362 1505 554 1559 tiorum
584 1502 930 1558 Mozarabum
960 1519 1099 1572 opus
1138 1512 1238 1558 est.
1276 1503 1522 1573 Ofﬁcium
1548 1503 1617 1556 ad
1661 1503 1871 1556 missam
1897 1508 1955 1556 et

361 1595 629 1665 psallendo
658 1608 688 1647 a
732 1593 929 1649 Missali
976 1594 1243 1655 Romano.
1288 1595 1563 1649 orationes
1608 1609 1639 1647 a
1668 1592 1868 1648 Missali
1898 1601 1956 1649 et

360 1684 635 1739 Breviario
673 1683 1019 1739 Mozarabum
1055 1684 1426 1740 desumuntur.
1471 1684 1685 1740 Missam
1734 1684 1956 1739 Exulta-

1415 415 1468 459 at
1514 407 1672 461 missa
1720 421 1839 475 qua:
1887 406 1940 461 in
1970 414 2019 472 Α
2046 406 2102 460 In
2132 406 2471 461 Lectionario
2491 402 2904 475 Luxovieusi,n.
2926 406 3012 473 80,
3031 418 3321 464 occurrunt
3336 410 3551 481 legenda
3566 413 3625 466 in.

2043 500 2359 571 profectione
2387 498 2607 565 itineris,
2640 505 2713 565 et,
2748 515 2797 552 ο.
2831 499 2918 564 Si,
2949 499 3165 570 legenda
3186 499 3250 553 de
3274 500 3537 555 redeundo
3559 500 3630 555 ab

2042 596 2245 647 itinere.
2272 591 2467 658 Quinta
2493 592 2558 645 de
2584 591 3020 655 tribulationibus,
3049 601 3105 646 et
3146 600 3297 647 sexta
3335 606 3428 661 pro
3454 607 3635 646 succr-

2045 685 2164 740 dote
2175 684 2271 758 [si]
2292 687 2402 739 uiro
2416 685 2741 739 inscribitur.
2755 684 2991 754 Septima
3005 686 3219 738 demum
3230 693 3286 739 et
3302 694 3493 739 octava
3504 694 3630 740 sunt

2045 790 2143 850 pro
2174 778 2418 832 inllrmis.
2448 776 2542 831 His
2569 776 2969 844 coniunguntur
2995 789 3090 829 sex
3113 774 3290 828 missa:
3316 774 3628 830 utorttiales.

2119 866 2204 921 58.
2249 866 2425 921 Prima
2471 876 2556 920 est
2607 882 2702 933 pro
2751 867 3018 934 epiacOpo,
3072 874 3127 919 et
3181 864 3234 917 in
3286 863 3631 920 Lectiouariu

2048 955 2393 1021 Luxoviensi,
2424 970 2479 1009 η.
2507 951 2595 1019 73,
2626 965 2752 1009 sunt
2776 951 2991 1025 legenda
3016 955 3070 1007 is
3100 953 3417 1022 depositione
3435 940 3637 1021 episco-

2048 1051 2120 1121 pi.
2171 1048 2417 1105 Secunda
2459 1057 2545 1104 est
2595 1064 2690 1118 pro
2727 1063 2831 1102 uno
2859 1048 3126 1101 sacerdote
3163 1046 3437 1115 defuncto,
3473 1055 3534 1101 et
3576 1047 3637 1101 in

2050 1143 2481 1199 Sacramentarlo
2508 1139 2759 1198 Bobieusi
2783 1149 2865 1197 est
2888 1142 3045 1194 misse
3071 1140 3354 1194 sacerdotis
3375 1140 3631 1207 defuncti.

2052 1233 2231 1288 Tertia
2286 1240 2368 1289 est
2411 1249 2506 1300 pro
2559 1234 2777 1288 diacono
2830 1240 2922 1286 aut
2964 1230 3280 1285 subdiacono
3331 1230 3587 1286 defuncto
3615 1272 3633 1299 ,

2049 1335 2241 1396 quarta
2272 1343 2366 1397 pro
2391 1343 2496 1381 uno
2527 1325 2769 1397 defuncto
2795 1338 3149 1395 quocunque,
3180 1324 3267 1378 cui
3305 1322 3637 1393 respondent

2053 1416 2269 1488 legenda
2293 1417 2345 1469 in
2373 1416 2692 1486 depositione
2717 1417 2800 1469 cui
2827 1416 3077 1479 volueris,
3109 1428 3229 1483 qua:
3257 1414 3309 1468 in
3349 1412 3635 1470 Lectionu-

2052 1507 2134 1562 rio
2166 1506 2511 1574 Luxoviensi,
2537 1515 2771 1563 exstant.
2794 1505 2990 1573 Quinta
3018 1515 3101 1560 est
3123 1506 3281 1560 missa
3309 1506 3636 1576 parvulorum

2054 1602 2431 1671 defunctorum,
2473 1617 2661 1658 eorum
2705 1601 2955 1655 nimirum
3004 1600 3098 1669 qui
3140 1608 3392 1669 suscepto
3430 1600 3636 1670 baptis-

2055 1702 2200 1749 mate
2244 1702 2372 1750 ante
2406 1709 2562 1749 usum
2593 1693 2817 1748 rationis
2847 1692 3168 1746 moriuntur.
3211 1690 3374 1746 Sexta
3414 1700 3497 1747 est
3538 1705 3638 1760 pro

360 1776 526 1830 tionis
549 1787 749 1833 sanctae
776 1777 995 1842 Crucis,
1025 1786 1081 1832 et
1109 1777 1280 1847 ipsam
1314 1778 1683 1843 festivitatem,
1713 1776 1955 1833 Mozara-
1986 1783 2031 1843 Β
2060 1784 2301 1854 pluribus
2328 1782 2617 1851 defunctis,
2646 1797 2808 1852 quam
2838 1782 3152 1837 uelat-abes
3178 1781 3267 1836 die
3291 1780 3636 1835 commemo-

359 1866 457 1920 bes
516 1867 848 1921 recentiores
913 1866 1244 1934 adjecerunt.
1302 1866 1647 1935 Evangelium
1700 1868 1845 1937 quod
1897 1868 1951 1922 in

360 1958 523 2011 missa
558 1957 754 2026 legitur
797 1972 825 2012 a
876 1959 1151 2013 Dominia
1183 1960 1352 2028 prima
1401 1968 1525 2028 post
1570 1957 1948 2023 Peutecosten,

361 2051 675 2120 sacri/icium
702 2068 729 2103 a
760 2051 1038 2107 Dominica
1062 2061 1252 2121 quarta
1286 2061 1405 2122 post
1428 2051 1655 2120 Pascha,
1686 2053 1891 2123 reliqua
1920 2067 1954 2107 a

363 2141 526 2195 missa
555 2139 886 2197 inventionis
915 2141 1101 2197 Crucis
1127 2150 1456 2198 mutuantur.

434 2231 524 2285 5t.
566 2231 725 2287 Missa
774 2242 830 2288 ct
880 2231 1139 2288 festivitas
1186 2231 1513 2289 lnventionis
1540 2243 1741 2289 sancta:
1767 2233 1955 2289 Crucis

360 2323 597 2391 antiqua:
630 2330 777 2387 sunt,
808 2332 863 2377 et
891 2338 921 2377 a
951 2321 1423 2395 Gallio-Hispanis
1444 2335 1499 2380 et
1524 2324 1693 2382 Gallis
1716 2326 1956 2380 celebra-

361 2412 575 2468 bantur.
618 2410 726 2469 Sed
777 2415 1108 2471 recentiores
1138 2414 1447 2471 Mozarabes
1486 2432 1517 2471 a
1563 2416 1723 2470 missa
1768 2415 1956 2470 Iuven-

363 2506 526 2562 tionis
567 2506 755 2564 Crucis
789 2509 1111 2574 orationem,
1162 2512 1372 2563 missam
1411 2516 1465 2563 et
1514 2510 1731 2563 alteram
1760 2510 1957 2563 oratio-

362 2613 481 2651 nem
521 2597 893 2663 abstulerunt,
932 2614 1131 2668 easque
1166 2600 1350 2655 missa:
1394 2599 1745 2655 Exaltatiouis
1772 2598 1959 2657 Crucis

362 2686 734 2752 inseruerunt,
777 2697 834 2744 et
873 2690 1051 2744 missa:
1081 2689 1421 2746 Inventionis
1450 2692 1805 2760 fragmentum
1838 2693 1955 2761 epi-

362 2777 515 2833 stola:
540 2778 835 2833 undecima:
872 2780 1044 2834 sancti
1088 2778 1294 2845 Paulini
1342 2779 1533 2834 Nolani
1578 2780 1649 2833 tul
1677 2780 1956 2842 Severum,

364 2885 463 2939 pro
498 2870 777 2934 oratione,
808 2872 967 2924 missa
1009 2879 1067 2926 et
1110 2872 1216 2925 alia
1252 2872 1487 2925 oratione
1525 2870 1838 2925 intulerunt.
1890 2869 1959 2925 Ut

363 2961 528 3030 igitur
580 2960 694 3016 inec
746 2960 910 3016 missa
983 2961 1221 3031 pristina:
1283 2962 1577 3032 integritati
1622 2962 1957 3025 restituatur,

366 3052 550 3108 ablato
592 3053 697 3107 hoc
720 3041 1022 3124 fragmento
1050 3052 1393 3121 Pauliniano,
1427 3055 1500 3109 illi
1530 3054 1813 3111 reddendo:
1834 3064 1959 3109 sunt

2055 1876 2278 1931 rationis
2317 1876 2557 1931 omnium
2600 1874 2980 1930 defunctorum
3012 1888 3206 1928 canere
3247 1872 3463 1940 solent,
3514 1874 3638 1928 huic

2054 1968 2281 2025 similem
2308 1970 2526 2025 missam
2556 1986 2647 2041 pro
2677 1968 2931 2041 defunctis
2960 1968 3123 2024 habet
3149 1966 3638 2024 Sacramentarium

2056 2059 2341 2116 Bobiense.

2129 2150 2218 2207 ιθ.
2260 2151 2390 2208 Post
2435 2153 2627 2208 missas
2670 2150 3044 2208 defunctorum
3091 2150 3438 2221 consequitur
3478 2146 3638 2201 missa

2056 2245 2229 2301 beata:
2264 2244 2447 2300 Mariis
2483 2242 2722 2315 virginis,
2751 2253 2912 2315 q‘uam
2940 2238 3253 2300 Monii-abes
3291 2242 3476 2298 diebus
3501 2240 3638 2295 Sab-

2057 2336 2167 2391 bati
2200 2352 2307 2391 non
2336 2335 2604 2406 impeditis
2633 2335 2933 2402 celebrant,
2967 2350 3139 2405 eaque
3160 2333 3374 2389 Missale
3402 2332 3641 2387 Mazara-

2058 2428 2182 2483 bum
2213 2429 2549 2483 terminatur.

2204 2516 2335 2590 §lll.
2376 2517 2457 2574 An
2504 2518 2722 2576 Missale
2768 2518 3105 2576 Mozarabum
3149 2528 3395 2575 vetustum
3436 2519 3503 2573 sit

2609 2590 3106 2646 Sacramentarium.

2131 2676 2216 2735 60.
2264 2679 2397 2735 illud
2424 2690 2599 2735 autem
2630 2690 2894 2735 vetustum
2923 2680 3137 2749 aliquod
3162 2677 3645 2736 Sacramentarium

2061 2770 2216 2826 nobis
2242 2770 2497 2825 exhibere
2525 2784 2714 2835 nemo,
2760 2776 2821 2824 ut
2847 2777 2997 2839 puto,
3029 2770 3276 2838 negabit,
3307 2783 3429 2824 cum
3457 2769 3648 2823 viderit

2063 2870 2143 2917 tot
2167 2861 2298 2916 ritus
2328 2872 2358 2915 a
2388 2858 2567 2914 multis
2609 2860 2951 2928 smculisjam
2995 2860 3303 2930 antiquatos
3339 2860 3650 2929 frequenter

2064 2957 2117 3011 in
2163 2969 2229 3010 eo
2268 2954 2719 3010 commemorari:
2768 2955 3199 3010 communionem
3240 2954 3605 3025 quotidianam
3629 2995 3647 3023 ,

2062 3046 2284 3102 calicem
2326 3062 2356 3100 a
2409 3046 2640 3101 diacono
2665 3046 3085 3102 communicanti
3127 3047 3326 3117 popqu
3368 3047 3649 3115 traditum;

367 3145 563 3211 oratio,
606 3147 768 3200 missa
806 3154 860 3201 et
886 3146 993 3201 alia
1032 3149 1227 3213 oratio,
1273 3161 1392 3217 qua:
1438 3146 1491 3201 in
1538 3147 1700 3203 missa
1737 3145 1952 3202 Exalla—
1984 3134 2030 3197 (ἶ
2065 3136 2252 3193 ﬁdeles
2282 3145 2524 3207 ιειηροτθ
2560 3135 2793 3207 ρθεειιδιί
2838 3145 2985 3192 V091“-
3015 3137 3239 3193 Candida
3275 3137 3517 3203 ίηδιιῑυεξ
3549 3150 3651 3209 Pl!-

372 3236 535 3292 tionis
564 3234 749 3293 Crucis
778 3237 1046 3307 leguntur.
2061 3230 2202 3286 blice
2230 3231 2551 3300 pmnitentes
2579 3230 2645 3285 ad
2674 3244 2926 3285 manuum
2958 3230 3353 3300 impositionetn
3382 3232 3651 3287 acceden-

440 3325 529 3381 55.
574 3326 704 3384 Post
746 3328 1081 3396 Sanctorale,
1137 3332 1189 3385 in
1235 3330 1433 3388 Missali
1480 3329 1736 3398 Ximenii,
1785 3332 1963 3387 locum
2064 3332 2148 3379 tes
2195 3322 2263 3376 ab
2294 3320 2524 3377 ecclesia
2576 3330 2701 3375 ante
2753 3320 3047 3376 illationem
3094 3337 3374 3377 munerum
3413 3320 3650 3391 eiectos;

374 3420 578 3477 obtinet
608 3421 907 3490 Comnume,
937 3424 1082 3495 quod
1114 3426 1301 3479 missas
1324 3442 1619 3479 communes
1644 3434 1957 3496 martyrum,

2064 3412 2403 3485 Symbolum,
2436 3412 2709 3467 Dominica
2741 3410 3068 3481 Palmarum,
3102 3413 3530 3483 competentibus
3560 3427 3651 3469 so-

374 3513 745 3569 confessorum
800 3523 856 3569 et
900 3516 1163 3585 Virginum
1219 3517 1615 3586 complectitur,
1661 3530 1797 3586 quas
1834 3516 1964 3570 olim
2066 3514 2315 3571 lemniter
2365 3513 2647 3577 traditum;
2704 3512 3066 3582 baptismum,
3118 3510 3252 3569 festo
3298 3511 3605 3583 Epiphania:
3634 3550 3652 3575 ,

373 3602 516 3671 apud
569 3601 1050 3674 Gotho-llispauos
1102 3606 1155 3659 in
1195 3620 1293 3660 usu
1321 3605 1483 3660 fuisse
1528 3614 1718 3675 aperte
1764 3605 1968 3661 indicat
2064 3607 2377 3661 solemniter
2402 3603 2691 3670 collatum;
2724 3604 2807 3659 lac
2832 3612 2889 3659 et
2918 3602 3022 3659 mel
3051 3602 3335 3676 neophytis
3361 3604 3510 3669 data,
3535 3618 3655 3659 eos-

374 3693 591 3750 Braulio
631 3695 686 3749 in
733 3696 957 3766 prologo
999 3696 1135 3752 Vitae
1188 3699 1359 3754 sancti
1396 3696 1671 3753 ,λΕωίιίαηί
1720 3697 1966 3754 Cuculsli
2065 3698 2186 3754 dem
2216 3708 2315 3768 per
2342 3697 2456 3752 dies
2492 3702 2617 3751 octo
2643 3694 2786 3752 circa
2827 3696 2997 3751 altare
3025 3736 3041 3762 ,
3091 3705 3333 3767 tempore
3368 3694 3613 3755 sacrificii
3637 3736 3655 3764 ,

372 3784 615 3840 scribens
654 3787 939 3842 mandasse
985 3802 1046 3842 se
1088 3796 1148 3841 ut
1191 3787 1281 3843 die
1325 3787 1684 3845 solemnitatis
1724 3787 1966 3857 eiusdem
2068 3792 2403 3855 collocatos;
2443 3792 2716 3847 silentium
2762 3807 2793 3846 a
2842 3792 3080 3849 diacono
3108 3802 3234 3848 ante
3258 3790 3658 3862 Scripturarum

376 3876 538 3930 missa
566 3877 807 3931 recitetur
834 3879 1119 3932 conmunis
1148 3878 1307 3933 unius
1326 3878 1537 3935 scilicet
1565 3876 1914 3935 confessoris.
2068 3882 2353 3939 lectionem
2386 3881 2678 3950 indictum;
2718 3881 3057 3949 leCtlonibus,
3091 3884 3145 3938 in
3172 3883 3332 3939 missa
3353 3925 3368 3950 ,
3409 3894 3540 3939 voce
3568 3893 3657 3938 sa-

445 3966 534 4022 56.
578 3966 636 4022 ln
662 3967 1312 4027 MissaliXimeniimissat
1340 3987 1653 4029 communes
1672 3973 1857 4029 decem
1881 3989 1969 4029 re-
2068 3976 2300 4032 (ιρι-(1οης
2330 3976 2488 4031 linem
2519 3975 2863 4047 impositum;
2914 3972 3128 4047 dyptica
3174 3990 3205 4030 a
3248 3975 3479 4031 diacono
3517 3973 3659 4031 recl-

375 4066 684 4124 ceasentur,
705 4075 933 4130 quarum
960 4076 1057 4117 sex
1086 4062 1273 4132 primze
1302 4070 1429 4117 sunt
1457 4075 1775 4135 martyrum,
1801 4065 1969 4135 septi-
2072 4079 2198 4124 tata.

375 4166 461 4204 ma
484 4158 540 4205 et
565 4160 755 4206 octava
778 4151 1172 4219 coufessorum,
1203 4169 1345 4208 nona
1371 4164 1427 4209 et
1447 4154 1655 4211 decima
1680 4156 1964 4225 virginum.
2141 4157 2227 4213 lli.
2261 4156 2387 4215 llaec
2415 4160 2627 4227 aliaque
2655 4157 2883 4227 plurima
2911 4154 3194 4211 vetustatis
3234 4154 3427 4211 indicia
3464 4156 3510 4211 si
3540 4149 3659 4227 quis

376 4239 652 4310 Ejusmodi
694 4242 885 4298 missas
929 4244 1056 4299 olim
1098 4244 1240 4314 apud
1285 4244 1469 4301 Gallos
1497 4246 1764 4302 exstitisse
1808 4245 1968 4301 lifem
2070 4251 2432 4322 perpenderit,
2464 4259 2519 4305 et
2546 4250 2702 4304 simul
2730 4250 3169 4305 animadverterit
3199 4264 3298 4305 nec
3330 4259 3529 4317 tropas,
3559 4261 3659 4303 nec

376 4328 580 4387 faciunt
626 4332 840 4390 Missalc
867 4333 1363 4405 Gallo-Gothicum,
1392 4338 1445 4391 in
1486 4351 1595 4406 quo
1631 4346 1756 4392 sunt
1794 4338 1968 4391 missa:
2069 4354 2272 4411 prosus,
2302 4356 2393 4395 nec
2420 4338 2734 4413 sequentias,
2764 4339 2815 4394 in
2846 4341 2951 4396 hoc
2980 4336 3174 4395 Missa"
3206 4336 3451 4402 inveniri,
3488 4348 3657 4408 quan-

376 4429 853 4483 cotttmuuesunius
867 4432 1088 4500 apostoli
1101 4442 1149 4486 et
1166 4435 1410 4504 martyris
1434 4448 1538 4487 una
1559 4442 1615 4487 et
1636 4442 1745 4489 tres
1767 4435 1968 4503 pariter
1998 4484 2047 4504 λ
2070 4445 2232 4499 quam
2260 4439 2385 4487 ante
2430 4446 2601 4486 annos
2629 4433 2998 4501 septingentos
3028 4432 3079 4493 in
3112 4426 3402 4487 Occidente
3430 4438 3659 4486 cautam:

377 4518 441 4571 de
466 4519 697 4588 pluribus
725 4484 1073 4592 martyi'ibus,
1102 4539 1206 4579 una
1246 4484 1404 4578 missa
1434 4524 1586 4579 utrius
1633 4484 1963 4595 confessoris,
1998 4484 2048 4548 ο
2074 4484 2270 4576 fuerint
2298 4524 2374 4594 (a)
2397 4560 2412 4585 ,
2466 4484 2763 4592 omnesqiie
2806 4484 2998 4579 missas
3044 4523 3241 4592 quibus
3292 4520 3425 4577 liber
3452 4528 3661 4577 constat

376 4617 431 4661 et
458 4624 562 4664 una
591 4613 751 4667 missa
779 4613 843 4666 de
887 4613 1117 4682 pluribus
1143 4616 1540 4685 confcssoribus.
1589 4613 1657 4668 Et
1686 4613 1970 4670 Lectioila-
2071 4612 2317 4669 eamdem
2349 4612 2572 4671 formam
2621 4614 2919 4684 liturgieam
2968 4622 3277 4672 constanter
3318 4616 3551 4670 retinere
3576 4656 3593 4683 ,
3630 4630 3661 4670 a

378 4702 515 4755 rium
564 4700 922 4770 Luxniense,
953 4706 1008 4760 in
1036 4722 1144 4776 quo
1174 4716 1465 4763 occurrunt
1505 4708 1722 4778 legenda
1749 4710 1802 4761 in
1833 4710 1967 4779 [esto
2074 4702 2384 4760 Latinorum
2417 4705 2621 4775 pariter
2662 4714 2717 4761 et
2763 4720 2795 4760 a
2843 4702 3154 4763 Graecarum
3187 4706 3411 4775 liturgiis
3454 4706 3664 4762 dissen-

378 4795 529 4847 tutius
570 4800 832 4865 martyris,
861 4798 1080 4868 legenda
1109 4799 1173 4852 de
1202 4801 1373 4869 plures
1404 4811 1678 4871 ntartgrcs,
1710 4801 1781 4854 ita
1822 4800 1967 4855 enim
2073 4797 2315 4861 tientem,
2350 4797 2396 4851 is
2424 4796 2642 4852 minime
2668 4796 2933 4853 dubitabit
2958 4798 3086 4867 quin
3117 4798 3220 4853 hoc
3246 4796 3457 4853 Missale
3484 4804 3667 4852 vetus-

379 4886 560 4954 habet,
589 4889 809 4960 legenda
834 4891 897 4944 de
917 4908 1021 4947 uno
1044 4894 1356 4963 confessore,
1384 4902 1442 4948 et
1466 4894 1681 4963 legenda
1709 4894 1773 4947 de
1798 4894 1970 4965 plures
2075 4900 2187 4942 tum
2212 4886 2701 4943 Sacramentarium
2724 4887 2901 4956 fuerit,
2923 4890 3068 4959 quod
3091 4888 3357 4959 Iiturgiam
3378 4888 3664 4959 quamdam

380 4981 720 5049 confessores.

452 5069 537 5124 57.
580 5072 768 5128 Missas
819 5090 1134 5130 communes
1171 5077 1365 5131 votivae
1406 5077 1702 5146 excipiunt,
1742 5091 1968 5146 quarum
2004 5067 2014 5075 ’

383 5171 509 5216 octo
562 5176 931 5222 numerantur.
994 5166 1168 5222 Prima
1221 5171 1379 5224 missa
1436 5172 1598 5225 votiva
1650 5171 1967 5231 omnimodo,

383 5252 731 5325 ejusdemque
760 5260 918 5327 tituli,
952 5260 1004 5314 in
1033 5260 1464 5316 Sacramentario
1497 5261 1767 5318 BJbiellSi.
1793 5270 1971 5314 exuat

384 5344 567 5400 missa.
602 5347 845 5403 Secunda
885 5361 965 5407 est
995 5369 1089 5422 pro
1120 5355 1285 5419 seipso
1327 5356 1627 5417 sacerdote,
1660 5352 1747 5406 cui
1783 5352 1970 5406 similis

386 5435 545 5489 missa
570 5476 585 5501 ,
619 5437 669 5490 in
700 5438 1133 5498 Sacramentario
1164 5444 1412 5498 Bobiensi
1435 5486 1447 5508 ,
1481 5443 1787 5499 in'cribitur
1816 5444 1974 5497 missa

2074 4979 2451 5050 complectitur
2497 4996 2528 5033 a
2579 4981 2741 5037 missa
2792 4981 3035 5039 Romana
3092 4992 3149 5039 et
3197 4983 3585 5048 Ambrosiam,
3632 4996 3665 5037 a

2074 5071 2384 5127 Graecorum
2426 5088 2643 5145 qttnqne
2690 5085 2744 5130 et
2789 5073 3139 5131 Orientalium
3180 5077 3467 5139 auaphoris
3507 5076 3666 5135 plane

2071 5165 2358 5220 diversam.

2182 5276 2301 5347 [xu]
2334 5280 2360 5347 ς
2395 5275 2484 5330 ιγ.
2528 5277 2606 5329 An
2638 5278 2847 5347 litnrgia
2880 5279 3111 5334 Missalis
3140 5278 3459 5334 Mazarabici
3493 5280 3562 5332 sit

2636 5346 2828 5401 Gotlio-
2839 5348 3092 5420 Hispana.

2149 5434 2234 5488 6-3.
2278 5436 2447 5501 Quam
2499 5437 2766 5504 liturgiam
2813 5454 2931 5493 eam
2978 5441 3148 5510 ipsam
3194 5457 3313 5497 esse
3361 5454 3481 5511 quae
3521 5436 3665 5507 apud

386 5526 639 5593 quomodo
669 5530 909 5583 sacerdos
937 5550 1029 5601 pro
1056 5550 1110 5587 se
1132 5551 1283 5588 orare
1304 5534 1466 5588 debet.
1501 5533 1676 5588 Tertia
1707 5539 1787 5586 est
1816 5532 1975 5585 missa
2076 5525 2329 5580 Gothool‘l
2354 5541 2552 5596 spanos
2594 5536 2648 5581 et
2677 5529 3005 5599 antiquiores
3032 5532 3345 5589 Mozarabes
3364 5531 3490 5587 olim
3520 5528 3664 5585 obti-

385 5615 551 5668 votira
571 5617 876 5687 singularis,
900 5630 1090 5688 quarta
1122 5622 1226 5677 Pro
1256 5624 1613 5679 itinerantibns
1646 5621 1972 5677 inscribitur.

2079 5618 2215 5683 nuit,
2249 5627 2562 5685 argumenta
2592 5618 2818 5688 plurima
2860 5624 3135 5692 evincunt,
3164 5637 3392 5693 quorum
3421 5621 3522 5676 tria
3553 5620 3665 5675 lucc

464 5726 539 5798 (tt)
580 5727 870 5800 Georgius,
920 5730 984 5789 de
1030 5731 1232 5803 Liturg.
1278 5734 1434 5790 llom.
1486 5732 1698 5806 retulit,
1728 5742 1856 5789 tum.
1907 5730 1971 5803 ll,
2010 5729 2222 5787 dissert.
2255 5743 2330 5795 tn,
2362 5742 2482 5797 pag.
2520 5727 2636 5800 193,
2668 5730 2788 5788 ‘20l.

3148 5848 3187 5856 ιν.
3218 5848 3279 5857 σας-
