4058 6178
336 322 397 377 21
1791 314 2181 371 ΡΒᾸΞΡΑΤΙΟ.
3564 309 3644 367 22

332 440 599 513 praecipua
627 436 819 505 selige.
857 434 1115 499 Primum,
1167 434 1218 487 in
1250 430 1462 500 iiturgia
1492 429 1719 485 Missalis
1749 428 1935 482 X‘me-
1964 430 2013 490 Α
2043 426 2292 494 nectitur,
2321 436 2434 496 post
2464 436 2670 481 sanctus
2698 427 2859 491 dicta,
2892 427 2976 483 cui
3009 426 3136 483 olim
3163 426 3343 482 statim
3376 426 3630 488 aduecta.

336 540 428 602 uii,
459 554 524 593 ea
550 537 732 593 omnia
766 537 1111 591 inveniuntur
1134 550 1255 604 qum
1284 543 1505 592 sanctus
1540 534 1793 599 Isidorus,
1825 539 1932 584 tam

335 633 388 686 in
418 631 568 686 libris
595 630 663 685 de
681 627 886 684 Oﬂiciis
913 628 1313 693 ecclesiasticis,
1346 643 1510 698 quam
1541 628 1590 681 in
1618 626 1846 696 epistola
1868 622 1935 677 ad

334 722 683 789 Ludifredum
713 729 1125 783 commemorat,
1157 730 1211 775 et
1236 720 1493 790 explicat,
1528 726 1784 786 tanquam
1808 731 1934 785 par-

337 824 419 870 tes
444 813 744 885 praecipuas
772 812 998 879 liturgizc
1028 810 1284 866 Ecclesia:
1319 810 1800 878 Gotho-liispanaa.
1834 807 1934 860 Se-

334 909 589 971 cundum,
622 905 835 973 liturgia
880 903 1109 959 Missalis
1148 903 1384 958 Ximenii
1414 920 1479 958 ea
1506 902 1685 959 omnia
1717 900 1939 957 retinuit

334 1015 456 1071 qua:
483 999 708 1054 concilia
735 996 973 1066 Hispana
1020 996 1074 1049 in
1103 994 1455 1051 Eucharistia:
1484 993 1851 1050 celebratione
1880 1002 1941 1048 ut

336 1091 693 1146 observentur
720 1090 1095 1145 decreverunt.
1146 1087 1422 1154 Tertium,
1474 1086 1712 1140 maxima
1754 1092 1839 1140 est
1876 1083 1941 1138 li-

338 1186 527 1255 turgia
554 1186 780 1241 )lissalis
810 1184 1047 1239 Ximenii
1075 1196 1198 1239 cum
1222 1183 1400 1252 prisca
1422 1180 1700 1236 Gallorum
1725 1178 1938 1246 liturgia

336 1277 588 1340 aflinitas,
620 1286 676 1331 ut
711 1291 819 1330 non
848 1285 958 1330 tam
987 1274 1193 1331 similes
1217 1288 1380 1343 quam
1405 1273 1607 1327 eaedem
1634 1269 1925 1325 videantur.

405 1370 493 1424 65.
525 1367 765 1422 Primum
793 1368 972 1435 igitur,
1008 1373 1147 1421 teste
1173 1373 1365 1420 sancto
1402 1364 1604 1419 Isidoro
1633 1361 1733 1430 (α),
1767 1360 1819 1415 in
1850 1359 1939 1414 Li-

338 1462 511 1529 turgia
543 1458 988 1529 Gotho-llispana
1018 1465 1175 1514 erant
1205 1456 1437 1519 cantica,
1466 1454 1681 1529 psalmi,
1716 1451 1938 1523 hymni.

335 1555 665 1626 antipboum,
696 1563 750 1609 et
779 1551 1149 1621 responsoria,
1180 1558 1235 1604 et
1274 1550 1329 1603 in
1374 1546 1551 1602 missis
1590 1543 1942 1599 Mozarnbiris

337 1658 622 1705 cantantur
645 1646 1021 1701 benedictionrs
1048 1644 1147 1713 (ὁ),
1178 1643 1293 1697 sive
1322 1640 1591 1696 canticum
1623 1638 1781 1691 trium
1808 1651 1940 1707 pue-

334 1757 541 1805 rorum,
578 1740 811 1810 hymnus
841 1736 1021 1792 Gloria
1062 1742 1115 1791 in
1145 1734 1385 1795 excelsis,
1422 1731 1718 1800 antiphoua
1759 1728 1824 1782 ad
1856 1729 1938 1782 in-

337 1832 581 1896 troitum,
610 1832 712 1883 sive
740 1829 962 1898 oﬂicium
984 1826 1053 1880 ad
1086 1826 1321 1886 missam,
1352 1821 1754 1892 responsorium
1776 1859 1792 1885 ,
1822 1819 1937 1876 sive

336 1922 638 1990 psullendo,
695 1917 973 1974 olfertoria
1021 1918 1136 1972 sive
1186 1913 1597 1985 sacri/icium(c)
1626 1951 1640 1976 ,
1700 1911 1939 1982 psalmus

337 2010 693 2083 Conﬁtemini,
727 2010 936 2076 laudes,
971 2017 1026 2063 et
1052 2008 1265 2063 alleluia
1299 2007 1399 2075 (ά).

406 2100 498 2157 64‘.
522 2103 750 2159 Sanctus
769 2101 1005 2156 Isidorus
1026 2101 1079 2154 in
1100 2098 1313 2167 liturgia
1329 2095 1776 2166 Gotbo-llispana
1799 2110 1940 2152 com-

334 2201 602 2248 memorat
644 2188 1041 2259 Scripturarum
1075 2186 1284 2241 Veteris
1327 2194 1381 2241 et
1428 2186 1563 2241 Novi
1607 2184 1940 2241 Testamenti

336 2281 600 2336 lectiones
630 2280 724 2350 (ε),
751 2276 1023 2334 silentium
1051 2292 1082 2333 a
1117 2277 1349 2332 diacono
1384 2276 1647 2337 indictum
1681 2276 1772 2347 (r),
1806 2289 1939 2330 con-

336 2370 550 2425 eionem
581 2368 880 2424 sacerdotis
906 2368 980 2440 (g)
1004 2409 1018 2432 ,
1051 2367 1353 2423 oblationes
1382 2367 1535 2437 panis
1565 2374 1620 2422 et
1660 2365 1773 2421 vini
1803 2380 1834 2421 a
1864 2366 1941 2421 le-

337 2462 460 2516 vitis
490 2461 646 2515 altari
677 2461 861 2527 illatis,
903 2476 932 2514 a
958 2461 1153 2530 quibus
1177 2476 1363 2515 mensa
1399 2458 1612 2515 Dominl
1640 2472 1939 2531 compone-

336 2550 513 2604 batur.
557 2549 681 2618 Agit
725 2548 888 2603 etiam
938 2549 1007 2604 de
1052 2549 1256 2605 latione
1305 2560 1600 2616 manuum,
1643 2550 1711 2604 de
1758 2549 1940 2605 officio

336 2655 586 2710 precum,
610 2641 678 2695 de
710 2639 1007 2705 nominum,
1032 2642 1146 2695 sive
1173 2640 1570 2713 diptychorum,
1595 2640 1937 2710 recitatione,

335 2736 481 2791 etde
505 2749 642 2805 pace
668 2735 843 2788 danda
873 2734 971 2805 (ἡ),
1003 2746 1232 2805 quorum
1264 2733 1395 2788 nihil
1422 2734 1476 2788 in
1504 2734 1665 2788 missa
1696 2731 1943 2788 Mazara-

340 2828 458 2883 bica
489 2826 851 2883 desideratur.
892 2826 1027 2881 Nam
1059 2827 1318 2883 lectiones
1344 2826 1746 2899 Scripturarum
1769 2870 1784 2896 ,
1821 2828 1940 2898 ple-

340 2933 567 2990 rumque
595 2928 726 2985 tres,
758 2935 865 2975 una
897 2935 928 2975 e
955 2916 1159 2986 Veteri,
1191 2919 1310 2975 duae
1336 2932 1366 2974 e
1393 2918 1541 2975 Novo
1570 2917 1820 2984 Fmdere,
1853 2933 1944 2974 re-

338 3011 597 3074 citantur,
629 3009 956 3080 quandoque
980 3019 1214 3079 quatuor
1242 3009 1516 3078 leguntur,
1541 3009 1681 3064 bina!
1702 3022 1768 3064 ex
1790 3016 1942 3066 utro-

338 3114 445 3202 ξιυσξ
500 3098 871 3202 Teum-im
933 3101 1443 3202 ιιεεξογεεγειυι.
1972 3133 2017 3197 c
2044 3098 2778 3202 ;;;';;;;'.;;.::.5.1.1.2535;

341 3193 519 3247 levita:
550 3191 760 3247 Novum
792 3192 996 3260 legunt.
1036 3191 1318 3247 Silentium
1350 3206 1379 3245 a
1411 3189 1643 3245 diacono
1667 3189 1937 3253 indicitur,

340 3282 599 3338 sacerdos
645 3282 1026 3349 concionatur,
1080 3282 1384 3338 oblationes
1434 3282 1586 3347 panis
1631 3288 1687 3336 et
1729 3280 1841 3335 vini
1887 3280 1941 3336 in

342 3372 519 3429 missis
574 3374 944 3439 solemnibus,
994 3372 1167 3429 levite
1213 3372 1453 3428 inferunt
1498 3372 1695 3437 altari,
1743 3387 1943 3441 easque

342 3469 679 3532 componunt
729 3472 784 3519 et
834 3472 1044 3532 tegunt.
1092 3462 1282 3519 Manus
1330 3463 1396 3517 ad
1446 3463 1615 3517 altare
1664 3462 1942 3531 lavantur,

344 3569 531 3624 preces
553 3555 826 3623 dicuntur,
850 3555 1068 3610 nomina
1099 3556 1417 3621 recitantur,
1446 3562 1503 3610 et
1533 3568 1637 3624 pax
1666 3554 1844 3610 datur.

411 3645 501 3701 ΘΞ,
542 3646 729 3717 Neque
773 3658 996 3704 sanctus
1024 3647 1260 3703 lsidorus
1302 3648 1483 3703 omisit
1512 3649 1787 3717 eXplicare
1815 3663 1943 3719 sep-

345 3744 449 3792 tem
500 3737 621 3795 illas
655 3738 964 3803 orationes,
1023 3740 1217 3809 quibus
1262 3739 1473 3808 liturgia
1504 3736 1943 3810 Gallio-Hispana

346 3831 579 3887 maxime
610 3833 894 3888 conStabat
924 3833 1008 3905 (i),
1062 3844 1140 3888 ea:
1182 3840 1362 3887 autem
1403 3833 1456 3887 in
1484 3833 1662 3890 missis
1693 3833 1944 3888 omnibus

345 3920 572 3977 Iissalis
600 3922 840 3979 Ximenil
866 3930 1100 3991 exstant,
1132 3924 1489 3994 eamdemque
1518 3923 1766 3981 ordinem
1800 3924 1943 3980 obti-

344 4024 498 4082 nent,
531 4031 689 4087 quem
714 4016 842 4071 olim
872 4024 1115 4087 tempore
1144 4018 1317 4071 sancti
1348 4016 1537 4072 lsidori
1568 4016 1939 4073 obtinuerunt.

344 4107 499 4162 Nulla
525 4108 672 4163 enim
702 4118 784 4165 est
812 4108 977 4166 missa
1008 4110 1374 4177 Mozarabica,
1427 4111 1480 4167 in
1509 4127 1614 4181 qua
1646 4128 1754 4167 non
1791 4113 1943 4169 inve-

348 4204 525 4257 niatur
544 4204 724 4258 oratio
754 4202 943 4269 lina,
975 4212 1086 4259 tum
1116 4205 1224 4259 alia
1251 4207 1437 4272 oratio,
1464 4215 1519 4261 et
1543 4206 1735 4262 deinde
1763 4208 1943 4272 tertia,

345 4308 467 4361 qua:
494 4304 611 4362 post
638 4297 848 4349 nomina
877 4296 1208 4364 inscribitur,
1238 4308 1401 4367 quam
1432 4308 1625 4367 quarta
1656 4300 1831 4353 oratio
1875 4300 1946 4353 ad

344 4398 529 4451 pacem
553 4384 693 4439 dicta
721 4386 923 4454 excipit
943 4380 1104 4459 [xm],
1134 4388 1319 4456 quinta
1344 4386 1542 4442 deinde
1570 4388 1943 4457 consequitur,

2040 518 2234 573 bantur
2256 519 2415 573 verba
2438 519 2837 573 consecratoria
2859 518 3269 585 elementorum,
3296 519 3462 575 modo
3479 534 3634 575 vero-

2040 609 2179 664 inter
2210 608 2350 665 hanc
2375 609 2728 681 appendicem
2759 619 2814 666 et
2847 612 3274 666 consecrationis
3310 610 3634 681 formulam,

2040 702 2240 756 mediat
2288 701 2471 756 brevis
2507 702 2865 767 oratiuncula,
2897 718 2927 756 a
2977 702 3274 758 ilozarabis
3299 704 3629 772 excogitata.

2041 794 2204 849 Facta
2233 794 2625 851 elementorum
2648 795 3077 862 consecratione,
3122 806 3275 851 sexta
3308 797 3483 851 oratio
3512 806 3631 863 post

2039 886 2207 956 pridie
2234 900 2266 939 a
2295 884 2496 939 Missali
2525 892 2732 948 nostro,
2762 900 2791 939 a
2820 892 3010 941 sancto
3052 885 3253 941 Isidoro
3298 889 3627 959 conﬁrmatio

2039 979 2353 1033 sacramenti
2383 977 2727 1033 denominata
2754 976 2871 1048 (ιη),
2891 978 3168 1042 recitatur,
3193 994 3351 1048 quam
3378 981 3627 1049 septima,

2041 1086 2111 1140 qu
2132 1090 2156 1121 υ
2187 1077 2269 1124 est
2298 1068 2587 1137 Domirrica,
2621 1084 2743 1124 cum
2787 1083 2883 1123 sua
2916 1067 3230 1138 praefatione
3253 1077 3306 1122 et
3334 1069 3634 1139 appendice

2042 1163 2406 1232 Consequitur.

2114 1276 2201 1331 66.
2219 1275 2365 1331 Dona
2388 1291 2416 1329 a
2436 1275 2736 1339 sacerdote,
2758 1274 2832 1327 uti
2850 1274 2977 1328 olim
2997 1273 3046 1326 in
3070 1270 3347 1327 Gotho-ili
3383 1288 3542 1344 pana,
3560 1273 3632 1328 ita

2044 1374 2203 1427 mo'o
2253 1371 2303 1424 in
2359 1371 2573 1439 liturgia
2623 1370 2849 1424 Missalis
2904 1368 3171 1433 Xfmenii,
3223 1375 3631 1433 consecrantur,

2044 1464 2268 1531 prolatis
2289 1464 2491 1519 Christi
2512 1465 2690 1521 verbis
2721 1467 2823 1534 (ii),
2861 1473 2914 1517 et
2938 1464 2989 1518 in
3018 1478 3212 1533 corpus
3238 1470 3293 1517 et
3319 1463 3636 1531 sanguinem

2043 1558 2278 1624 Donnini,
2301 1568 2562 1628 operante
2606 1559 2700 1612 Dei
2752 1556 3164 1627 omnipotentis,
3222 1563 3635 1610 transmutatur.

2041 1644 2252 1716 Corpus
2291 1647 2621 1702 dominicum
2674 1647 2944 1714 frangitur
2994 1645 3091 1715 (ο),
3124 1643 3439 1714 Symbolum
3486 1646 3628 1700 Con—

2039 1738 2573 1807 sttntinopolitanum
2595 1736 2854 1790 recitatur
2882 1735 2983 1807 (ρ).
3015 1734 3281 1790 Sacerdos
3317 1734 3517 1803 populo
3546 1748 3631 1789 so-

2041 1829 2203 1884 lemni
2234 1828 2460 1883 formula
2487 1828 2915 1882 benedictionem
2948 1826 3253 1896 impertitur
3282 1826 3378 1897 (ᾳ).
3425 1825 3635 1895 Corpus

2037 1918 2235 1974 Clu-isti
2265 1918 2789 1974 communicantibus
2817 1917 3152 1972 distribuitur
3196 1916 3291 1985 (r),
3343 1924 3419 1984 et,
3450 1916 3635 1983 gratiis

2041 2011 2153 2066 Deo
2184 2011 2339 2077 actis,
2370 2010 2600 2081 populus
2648 2008 2955 2064 dimittitur.

2111 2122 2200 2175 6'1.
2232 2121 2497 2177 Pmterea
2529 2129 2753 2177 sanctus
2792 2120 3029 2176 Isidorus
3058 2120 3168 2189 agit
3206 2119 3275 2175 de
3319 2119 3511 2189 vigiliis
3539 2120 3630 2190 (ε).

2041 2214 2108 2269 de
2136 2214 2224 2269 die
2270 2213 2577 2278 Dominica,
2606 2221 2661 2269 et
2711 2213 2779 2269 de
2833 2210 3236 2276 festivitatibus,
3288 2210 3341 2265 in
3394 2209 3634 2265 Ecclesia

2041 2304 2491 2375 Galba-Hispana
2523 2304 2785 2360 celebrari
2814 2304 2986 2360 solitis
3015 2305 3103 2373 (ι),
3133 2301 3201 2357 de
3226 2300 3445 2372 jejuniis
3487 2300 3635 2369 Qua.

2041 2400 2379 2468 dragesimm,
2403 2398 2775 2466 Pentecostes,
2802 2394 3042 2466 septimi,
3072 2403 3128 2449 et
3178 2395 3304 2449 noni
3336 2393 3550 2457 mensis,
3579 2400 3636 2448 et

2046 2492 2183 2549 iuilii
2215 2494 2341 2548 anni
2392 2493 2496 2565 (ιι).
2529 2492 2743 2547 Missale
2778 2508 2910 2548 vero
2952 2491 3215 2556 Ximenii,
3248 2491 3428 2562 plures
3472 2490 3637 2547 habet

2043 2585 2251 2649 missas,
2282 2599 2402 2652 qua»
2445 2584 2495 2637 in
2538 2582 2972 2639 solemnitatibus
2996 2582 3228 2647 Domini,
3258 2582 3429 2637 beata:
3457 2581 3632 2650 Virgio

2042 2674 2126 2730 nis
2179 2684 2235 2729 et
2280 2681 2586 2729 sanctorum
2636 2673 2954 2729 recitantur.
3006 2671 3144 2752 Sunt
3190 2672 3365 2727 missa:
3415 2687 3537 2744 quin
3578 2672 3635 2726 iu

2042 2773 2627 2844 agendismortuorum,
2642 2778 2767 2826 sunt
2782 2769 2901 2824 alia:
2917 2784 3037 2839 qua:
3050 2769 3237 2824 diebus
3250 2766 3445 2837 Jejunii
3462 2767 3635 2822 sancti

2042 2864 2323 2937 Cypriani,
2350 2863 2523 2920 sancti
2581 2861 2821 2925 Martini.
2854 2859 3207 2917 Pentecostes
3242 2868 3295 2915 et
3320 2858 3634 2929 Epiphania:

2042 2961 2404 3017 celebrantur.
2436 2959 2574 3016 Suas
2623 2972 2847 3030 quoque
2894 2957 3085 3012 missas
3109 2963 3165 3010 et
3192 2954 3425 3019 feriales,
3457 2965 3508 3008 et
3536 2953 3635 3007 do-

2044 3055 2348 3123 minicales,
2390 3054 2552 3110 habet
2579 3049 3024 3119 Quadragesima.
3060 3046 3125 3102 Et
3163 3047 3408 3116 quamvis
3428 3046 3634 3115 jejunia

2787 3140 3037 3210 Hispanis
3062 3155 3161 3194 suo
3189 3140 3310 3194 loco
3336 3146 3482 3193 mota
3516 3137 3633 3191 foe-

2043 3237 2171 3302 rint,
2191 3246 2246 3293 et
2269 3236 2584 3307 Epiphania:
2612 3236 2748 3289 festo
2771 3232 3060 3305 praemissa,
3079 3230 3255 3287 adhuc
3271 3238 3450 3285 tamen
3473 3229 3634 3284 missa

2042 3341 2163 3397 qua:
2205 3329 2501 3397 antiquitus
2556 3326 2711 3381 initio
2739 3325 2887 3388 anui,
2919 3339 3040 3379 cum
3067 3321 3405 3392 jejunarent,
3434 3321 3632 3376 recita-

2043 3418 2225 3487 batur,
2253 3419 2306 3473 in
2351 3417 2548 3473 Missaii
2596 3425 2787 3472 nostro
2840 3424 3108 3485 superest,
3139 3408 3197 3470 et
3237 3415 3327 3469 die
3355 3413 3632 3469 Dominica

2044 3517 2169 3564 ante
2199 3507 2552 3580 Epiphaniam
2582 3522 2613 3561 a
2640 3505 3010 3561 Mozarabibus
3031 3505 3360 3561 celebratur.

2114 3618 2202 3675 68.
2240 3620 2462 3674 Demum
2489 3619 2736 3675 eamdem
2767 3618 3145 3675 ecclesiasticae
3174 3617 3489 3674 hierarchizc
3520 3616 3633 3672 for-

2045 3728 2187 3768 mam
2220 3712 2273 3767 in
2319 3711 2518 3767 Missali
2556 3709 2787 3766 Ximeuii
2817 3712 3107 3767 observare
3152 3710 3300 3779 licet,
3327 3723 3489 3780 quam
3532 3724 3631 3764 suo

2046 3818 2289 3879 tempore
2302 3819 2521 3863 sanctus
2536 3806 2771 3863 Isidorus
2794 3814 3085 3877 agrocrat
3107 3804 3201 3877 (υ),
3219 3804 3403 3860 iisdem
3434 3804 3628 3874 quibus

2045 3900 2172 3954 olim
2198 3899 2327 3954 cieri
2355 3908 2410 3953 et
2436 3898 2617 3968 populi
2646 3897 2898 3965 gradibus
2927 3904 3285 3953 constantem.
3338 3893 3464 3949 Haec
3512 3895 3634 3949 bre-

2047 3992 2182 4046 viter
2208 3990 2476 4060 exposita,
2507 3991 2552 4044 si
2601 3988 2722 4059 quis
2750 3987 3062 4056 attenderit,
3092 3985 3296 4042 videbit
3324 4001 3454 4042 sane
3503 3984 3633 4040 Mis-

2045 4083 2158 4139 sale
2211 4080 2465 4146 Ximenii,
2513 4079 2755 4135 eamdem
2813 4080 3083 4147 liturgiam
3140 4078 3414 4144 exhibere,
3466 4091 3627 4146 quam

2046 4183 2262 4233 sanctus
2289 4173 2521 4228 lsidorus
2550 4172 2602 4227 in
2630 4172 2739 4228 suis
2764 4172 2913 4225 libris
2940 4171 3318 4240 descripserat.

2118 4293 2207 4347 ϐυ.
2238 4292 2317 4346 Ad
2346 4289 2573 4346 concilia
2598 4286 2968 4358 Hispaniensia
2991 4284 3304 4353 venio,qua:
3333 4298 3453 4338 cum
3482 4283 3635 4353 plura

2048 4386 2113 4440 ad
2129 4400 2240 4441 rem
2257 4383 2580 4452 Liturgicam
2598 4378 3089 4450 Gotho-llispanam
3106 4376 3424 4447 pertinentia
3438 4384 3637 4432 statue-

345 4476 515 4531 illalio
542 4476 611 4549 (ί)
642 4476 1121 4549 (letho—Hispanis,
1155 4479 1415 4534 Romanis
1457 4481 1700 4550 praefatio
1742 4497 1948 4537 nuncu-
1978 4486 2026 4547 υ
2054 4478 2183 4544 rint,
2208 4491 2327 4546 quae
2354 4476 2407 4530 in
2439 4474 2651 4542 liturgia
2681 4471 2907 4528 Missalis
2928 4469 3162 4525 Ximenii
3196 4468 3367 4525 adhuc
3396 4466 3636 4523 retinen~

346 4578 495 4638 pata,
535 4570 689 4638 cujus
735 4568 888 4625 initio
917 4585 1070 4624 aures
1097 4570 1167 4623 ad
1196 4569 1479 4625 Dominum
1510 4570 1618 4641 (It),
1660 4581 1712 4626 et
1742 4588 1949 4626 sursum
2052 4579 2157 4631 tur,
2188 4566 2329 4621 aliud
2362 4566 2517 4621 nobis
2554 4563 2745 4619 efficax
2776 4568 3152 4631 argumentum
3180 4556 3544 4630 suppeditant,
3570 4556 3639 4611 ad

346 4665 517 4719 corda
539 4666 961 4734 proclamantur,
1014 4675 1069 4721 et
1119 4666 1174 4721 in
1228 4665 1334 4721 fine
1379 4667 1605 4723 Sanctus
1635 4667 1844 4734 latine,
1893 4679 1949 4725 et
2052 4660 2387 4730 probandum
2408 4655 2675 4724 liturgiam
2701 4652 3110 4717 Mozarabicam,
3137 4649 3269 4724 [inv]
3298 4646 3634 4705 Gotho-llis-

346 4755 510 4824 Agios
556 4754 773 4823 Gram,
806 4765 907 4821 ter,
957 4764 1014 4812 et
1058 4757 1275 4816 Osanna
1326 4758 1378 4810 in
1424 4757 1639 4811 excelsis
1668 4758 1728 4827 (Ι)
1779 4759 1947 4815 semel
2051 4765 2246 4822 panam
2273 4762 2410 4802 esse.
2437 4745 2672 4801 Primum
2700 4744 2859 4814 igitur
2884 4743 2990 4796 ritu
3019 4740 3359 4805 Mozarabico
3382 4738 3639 4794 sacerdos

348 4858 517 4920 atque
545 4851 743 4907 iterum
772 4860 1041 4907 cantatur.
1096 4850 1233 4906 Huic
1276 4850 1507 4907 orationi
1546 4852 1813 4922 appendix
1854 4852 1947 4907 ad-
2051 4842 2167 4898 sine
2187 4840 2365 4896 orario
2394 4840 2610 4893 missam
2652 4852 2757 4892 non
2787 4836 3047 4901 celebrat,
3076 4850 3145 4891 ex
3174 4834 3393 4890 decreto
3421 4830 3638 4889 concilii

426 5007 502 5079 (ᾳ)
543 5006 773 5079 Sanctus
798 5004 1288 5079 lsidorus,_de_9fi‘.
1334 5005 1492 5070 ccci,
1526 5005 1617 5060 lib.
1645 5023 1680 5072 ι,
1734 5023 1849 5079 cap.
1878 5007 1945 5076 4,
2125 5002 2200 5079 (ξι)
2232 5000 2468 5079 §anctus
2498 4993 2851 5079 _|§i§-,§gis}.
2889 4995 2953 5047 ad
2986 4990 3184 5079 Ltlﬂifr.

347 5077 404 5141 5,
431 5062 497 5141 ‘6,’
523 5079 574 5139 Ἰ,
605 5062 743 5145 8,7et
760 5062 923 5146 epist.
956 5062 1023 5132 ad
1045 5062 1255 5130 'Ludifr.
1480 5062 1490 5070 ’
1668 5062 1678 5072 ’
1802 5062 1817 5079 ³
1931 5062 1944 5076 ⁷
2037 5098 2063 5137 ο
2126 5062 2209 5146 (θ’Δ
2230 5070 2460 5146 sanctus
2487 5065 2645 5146 Alsid.,
2811 5064 2919 5146 1.),
2945 5062 3114 5146 αυλιρ.

427 5133 503 5217 (θ’)
544 5133 941 5213 selinusiam,
966 5148 1123 5217 epist.
1159 5147 1225 5200 ad
1258 5146 1457 5201 Ludifr.
1650 5216 1661 5217 ί
1794 5216 1803 5217 ί
2045 5133 2060 5137 ⁷
2125 5133 2219 5214 (νὴ)
2258 5138 2416 5217 ista,
2447 5144 2502 5192 et
2535 5135 2870 5217 in-c‘pist._a_d
2901 5133 3101 5187 Luiifv'.

425 5203 501 5284 lci
541 5218 771 5273 Sanctus
796 5203 941 5289 ιειιι,;
974 5203 1073 5289 όιι.
1110 5218 1145 5289 ι.
1172 5234 1208 5281 ι,
1242 5233 1291 5271 c.
1321 5217 1406 5282 ιιι,
1435 5235 1523 5289 ep.
1554 5217 1617 5271 ad
1646 5216 1847 5271 Ludifr.
2126 5203 2212 5289 (ni
2232 5209 2414 5289 _lbid.,
2446 5205 3101 5289 cap.‘18,et‘llh.ntl,ctp..
3137 5203 3168 5255 7
3198 5211 3250 5256 et
3280 5203 3331 5289 ἦ.

429 5223 501 5284 (c)
541 5223 771 5273 Sanctus
796 5223 941 5286 lsiti,,
974 5223 1073 5273 Uti.
1110 5223 1145 5271 i.
1172 5234 1208 5281 ι,
1242 5233 1291 5271 c.
1321 5223 1406 5282 Η,
1435 5235 1523 5289 ep.
1554 5223 1617 5271 ad
1647 5223 1847 5271 Ludiir.
2151 5223 2204 5282 η)
2259 5223 2414 5271 ιυια..
2446 5223 2564 5275 cap.
2594 5223 2682 5271 to,
2710 5223 2764 5257 (τι
2788 5223 2874 5257 un.
2901 5223 2958 5267 ιι,
2983 5223 3101 5271 Ctp.
3148 5223 3162 5255 ι
3198 5223 3250 5256 et
3280 5223 3331 5256 ο.

429 5289 509 5353 (ά)
550 5289 778 5359 Sanctus
800 5288 949 5352 lsid.,
979 5288 1079 5359 Oli.
1112 5288 1148 5341 l.
1183 5304 1217 5351 ι,
1252 5304 1371 5357 cap.
1407 5288 1490 5341 l5.
1554 5358 1559 5359 γ
2124 5223 2198 5359 ἑο)
2230 5283 2459 5359 §anctus
2480 5276 2630 5359 lsid_.,
2649 5277 2715 5332 de
2739 5274 2840 5330 Oli".
2874 5274 3041 5337 Eccl,
3078 5275 3107 5327 l.
3145 5289 3179 5334 I,
3214 5289 3262 5326 (ι.
3301 5274 3385 5329 18.

427 5347 502 5427 (ei
542 5357 696 5429 ibid,
726 5374 848 5429 cap.
877 5347 966 5429 to,
990 5358 1079 5429 12,
1100 5367 1156 5429 et
1178 5347 1230 5411 ti.
1260 5347 1416 5428 epist.
1452 5359 1517 5412 ad
1547 5358 1747 5412 Ludifr.
2127 5347 2204 5429 (ρ)
2228 5351 2381 5429 l_l_ii_d_.,
2413 5363 2533 5418 cap.
2568 5347 2649 5429 to.

427 5375 502 5427 te}
545 5375 696 5425 IDltl.,
726 5375 787 5415 ca
835 5400 848 5413 .
877 5375 966 5429 lu,
990 5375 1079 5425 12,
1100 5375 1156 5411 et
1180 5375 1230 5411 ιιι
1260 5375 1416 5428 ept5t.
1452 5375 1517 5412 au
1547 5375 1747 5412 Luam.

424 5431 499 5504 (Γ)
538 5428 767 5504 Sanctus
795 5375 947 5504 faid,
974 5428 1075 5485 Oll‘.
1106 5428 1200 5484 lib.
1232 5445 1289 5495 ll,
1312 5430 1363 5482 8.

2127 5375 2204 5423 ιρι
2228 5375 2381 5433 ιιιῑυιν
2413 5375 2533 5418 υεψ·
2571 5375 2649 5401 ιυ-

2131 5424 2205 5504 (σ)
2234 5422 2391 5504 ἔβρεξεν
2418 5434 2535 5489 εθρ·
2569 5418 2655 5504 ιιι

424 5484 999 5570 ἆτ’)ιδιιιηέερζδῖ
1102 5569 1110 5570 ί
1276 5484 1289 5495 ’
1437 5568 1449 5570 _
1760 5569 1764 5570 ν

2235 5484 2393 5570 ibid,
2422 5484 2550 5570 cap.“
2576 5489 2749 5570 diluet
2777 5487 2812 5570 l_.
2842 5503 2894 5550 ιι,
2927 5502 2975 5540 c.
3005 5484 3055 5537 8.

429 5555 507 5635 Uti
549 5555 977 5626 Sanctus'lsid..
1025 5569 1127 5627 ΟΠ.
1173 5570 1210 5625 l.
1253 5584 1308 5636 ll,
1353 5586 1399 5626 c.
1427 5568 1479 5635 8,
1513 5578 1566 5623 et
1596 5570 1646 5622 in
1685 5569 1840 5638 epist.
1886 5571 1952 5625 ad
2134 5555 2202 5636 (si
2230 5555 2459 5638 _S_a_nctus
2788 5558 2823 5610 Ι.
2854 5572 3033 5638 i,__c_:ip.
3074 5555 3161 5611 Ἦ..

350 5627 561 5693 ιιιὶιὶῖικ
1296 5627 1306 5636 ’
1466 5627 1478 5635 ’
1722 5627 1735 5638 ’

2134 5627 2198 5705 (ε)
2230 5632 2385 5705 lbid.,
2411 5646 2458 5686 c.
2484 5627 2774 5705 f2.i_,_ad_§5,
2810 5637 2863 5682 et
2894 5627 2987 5705 lib_.
3002 5645 3073 5705 hu,
3106 5645 3155 5705 ιζ.
3184 5628 3273 5705 27,
3301 5629 3388 5684 28.

429 5640 561 5692 idifr.
2158 5640 2198 5705 ε)
2230 5640 2385 5695 lbid.,
2411 5646 2458 5686 c.
2484 5640 2571 5691 24,
2596 5640 2660 5682 au
2688 5640 2774 5691 ea,
2810 5640 2863 5682 et
2894 5640 2984 5682 tm.
3019 5645 3073 5689 ιι,
3106 5645 3155 5683 c.
3184 5640 3246 5684 Ἣ

429 5710 494 5775 (ἰ.)
535 5710 767 5766 Sanctus
795 5711 947 5775 lsid.,
978 5712 1076 5765 Oti.
1106 5711 1140 5766 1,
1173 5727 1208 5774 ι,
1238 5724 1285 5763 r.
1323 5709 1403 5763 t5.
1766 5778 1773 5779 ί
2134 5640 2632 5779 Eu)§.t_nctus_lsid.,
2664 5698 2752 5779 liti.
2791 5715 2851 5779 u,
2880 5700 3047 5779 r_._5t‘i,
3073 5702 3133 5753 ad
3176 5699 3256 5753 tt.

434 5769 503 5849 (ί)
545 5779 769 5836 Sanctus
795 5769 1050 5852 lsidorus,
1081 5783 1147 5839 de
1170 5769 1269 5835 Οιι.
1304 5780 1473 5850 Eccl,
1505 5781 1541 5835 ι.
1575 5796 1609 5849 ι,
1636 5796 1683 5836 c.
1716 5778 1797 5836 l5.

2137 5769 2206 5846 (ιι)
2232 5772 2385 5837 Ibid,
2418 5770 2510 5828 lib.
2536 5783 2591 5839 ιι,
2625 5786 2675 5827 c.
2707 5769 2760 5839 5,
2791 5770 2856 5826 ad
2889 5769 2975 5827 ii.
