4058 6178
370 286 441 343 25
1823 288 2208 345 l‘ll/EFATIU.
3577 289 3649 343 94

369 418 429 459 ιιι
452 401 794 457 Bracarensis
819 403 914 474 (τι),
938 412 992 458 ct
1021 418 1180 458 unum
1211 403 1472 458 duntaxat
1501 403 1734 458 orarium
1763 404 1953 468 induit,
1991 411 2030 466 Α
2062 412 2168 456 tem
2221 401 2532 456 earumdem
2588 410 2900 457 constanter
2952 401 3206 472 explicat,
3255 411 3308 455 et
3343 403 3653 474 frequenter

371 509 438 548 ex
467 494 695 549 concilio
725 511 775 549 tv
797 495 1060 550 Tbletano
1083 495 1178 566 (ὁ).
1213 497 1268 551 ln
1295 497 1456 552 missa
1488 497 1640 568 panis
1663 497 1878 552 tandem
1907 506 1962 551 et

368 585 553 639 vinum
601 600 741 655 aqua
792 595 1146 656 temperatum
1201 588 1462 653 oll‘ertur,
1512 604 1582 646 ex
1629 589 1858 644 concilio
1907 605 1960 644 ut
2007 625 2012 629 ι

367 675 684 732 Bracarensi
713 679 806 747 (ε),
830 685 885 732 et
914 679 1166 733 sacerdos
1220 681 1381 735 toties
1409 682 1789 744 communicat,
1823 697 1959 751 quo-

369 765 473 820 ties
501 765 718 819 missam
770 767 1026 833 celebrat,
1074 783 1141 822 ex
1169 770 1400 824 concilio
1427 769 1690 826 Toletano
1736 787 1808 826 xu
1857 772 1959 841 (ά).

442 877 526 931 70.
576 877 632 933 lu
665 879 822 933 missa
855 880 1065 935 canitur
1090 882 1318 951 hymnus
1347 881 1526 937 Gloria
1553 884 1605 936 in
1637 883 1873 948 excelsis,
1906 893 1961 937 et

369 969 636 1023 canticum
682 985 967 1037 puerorum
994 1013 1008 1039 ,
1067 987 1135 1025 ex
1180 973 1412 1027 concilio
1460 989 1510 1027 tv
1556 973 1820 1029 Toletauo
1866 976 1958 1044 (ε).

371 1063 716 1132 Evangelium
746 1073 866 1134 post
895 1064 1213 1134 Apostolum
1243 1067 1293 1121 in
1321 1067 1480 1121 missa
1505 1068 1719 1136 legitur,
1739 1083 1805 1122 ex
1826 1083 1958 1122 con-

369 1157 494 1210 cilio
532 1155 816 1210 Valentino
857 1157 926 1230 (f)
957 1169 1011 1211 et
1047 1174 1116 1212 ex
1139 1158 1370 1213 concilio
1399 1175 1449 1213 tv
1478 1159 1739 1214 Toletani)
1775 1159 1849 1230 (g)
1880 1162 1961 1214 al-

372 1247 528 1300 leluia
584 1263 690 1301 non
743 1228 956 1302 canitur
1007 1257 1250 1318 tempore
1303 1248 1734 1319 Quadragesima:
1783 1228 1961 1320 neque

371 1341 530 1393 lauda
582 1339 794 1393 canitur
863 1349 986 1409 post
1035 1341 1347 1411 Apostolum
1380 1382 1395 1407 ,
1436 1342 1530 1397 sed
1597 1350 1717 1412 po+t
1761 1343 1959 1397 lectum

371 1432 720 1504 Evangelium
769 1433 872 1504 (h),
896 1441 953 1489 et
999 1435 1051 1489 in
1100 1436 1245 1490 omni
1289 1436 1449 1490 missa
1480 1436 1652 1491 oratio
1682 1435 1959 1489 Dominica

370 1528 630 1582 recitatur
695 1527 779 1598 (ε).
837 1525 949 1582 Nec
983 1527 1309 1595 _simpliciter
1372 1527 1564 1581 dicitur
1618 1525 1797 1580 Gloria
1854 1524 1961 1579 Pa-

373 1621 458 1684 tri,
481 1629 530 1673 et
553 1617 716 1687 Filio,
751 1629 881 1686 etc.,
912 1621 1004 1674 sed
1035 1618 1214 1674 Gloria
1253 1627 1302 1674 et
1323 1619 1488 1673 honor
1518 1617 1688 1683 Patri,
1715 1628 1763 1672 et
1794 1616 1957 1680 Filio,

371 1721 422 1764 et
456 1709 678 1781 Spiritui
709 1710 903 1765 Sancto
935 1711 1024 1782 (j).
1058 1709 1133 1765 Ex
1165 1720 1438 1780 przccepto
1467 1709 1682 1765 concilii
1713 1709 1960 1764 Toletani

370 1819 426 1857 Ill
457 1802 552 1871 (It),
579 1801 889 1873 Symbolum
911 1802 1570 1872 Constantinopolitanum
1592 1802 1642 1855 in
1673 1799 1832 1857 Missa
1871 1816 1960 1856 re-

369 1895 587 1960 citatur,
617 1894 929 1964 priusquam
985 1895 1264 1950 Dominica
1314 1895 1491 1950 oratio
1538 1893 1770 1948 dicatur.
1803 1892 1960 1947 Post-

369 1999 532 2054 quam
561 1983 764 2038 dictum
795 1991 879 2039 est
921 1982 1256 2054 Symbolum,
1299 1998 1498 2053 corpus
1549 1981 1761 2037 Domini
1811 1982 1959 2036 l'ran-

367 2075 534 2143 gitur,
564 2082 699 2143 tum,
729 2091 797 2130 ex
837 2075 1061 2130 decreto
1109 2073 1326 2130 concilii
1374 2089 1426 2128 tv
1457 2072 1727 2139 Toletani,
1785 2072 1960 2127 oratio

369 2167 647 2224 Dominica
701 2167 978 2229 recitatur,
1010 2168 1071 2236 ﬁt
1127 2168 1423 2238 conjunctio
1463 2167 1615 2237 panis
1662 2175 1711 2220 et
1759 2166 1957 2232 calicis,

368 2260 565 2316 deinde
584 2260 882 2316 sacerdotis
904 2260 1210 2316 benedictio
1239 2260 1608 2326 consequitur,
1645 2268 1699 2314 et
1731 2269 1835 2314 tum
1865 2260 1956 2312 de-

369 2370 510 2407 mum
545 2354 776 2422 corporis
822 2361 871 2407 et
900 2353 1165 2424 sanguinis
1209 2350 1418 2406 Domini
1449 2361 1830 2406 sacramentum
1871 2369 1960 2405 su-

369 2446 526 2497 mitur

443 2555 530 2610 7t.
557 2555 635 2610 Ex
665 2556 906 2626 ejusdem
936 2555 1150 2612 concilii
1171 2556 1390 2612 decreto
1412 2557 1650 2621 lucerna,
1683 2563 1738 2610 et
1765 2570 1960 2610 cereus

371 2645 664 2713 paschalis,
709 2645 949 2701 Sabbato
1001 2655 1189 2702 sancto
1220 2646 1608 2702 benedicantur
1655 2647 1768 2718 (m).
1797 2647 1955 2702 Feria

372 2743 528 2789 sexta
555 2734 775 2803 majoris
811 2735 1163 2791 hebdomadm
1191 2736 1370 2793 ofﬁcio
1392 2739 1611 2808 proprio
1637 2738 1853 2805 gaudet,
1876 2739 1962 2792 in-

375 2824 640 2894 dulgentia
669 2825 992 2894 postulatur,
1023 2835 1078 2881 et
1105 2829 1272 2881 crucis
1311 2822 1608 2900 mysterium
1639 2829 1963 2899 prtedicatur

374 2912 475 2983 (η).
508 2912 704 2985 llymni
754 2915 990 2971 humano
1021 2916 1235 2986 ingenio
1275 2919 1559 2988 compositi
1593 2920 1645 2972 in
1676 2919 1856 2974 ol‘ticio
1883 2920 1963 2973 di-

373 3007 499 3061 vino
526 3007 820 3062 recitantur
841 3008 941 3078 (ο),
963 3008 1016 3063 in
1042 3007 1145 3064 [ine
1167 3010 1491 3080 psalmorum
1515 3008 1693 3065 Gloria
1710 3020 1758 3064 et
1779 3011 1964 3075 honor,

2065 494 2364 564 peculiares
2420 495 2523 549 illis
2574 496 2827 564 loquendi
2878 496 3068 552 modos
3121 496 3339 550 adhibet
3389 495 3530 568 [xv],
3573 499 3652 554 sic

2065 583 2324 654 Spiritum
2353 595 2598 639 sanctum
2649 601 2679 640 a
2712 585 2871 640 Patre
2908 585 3149 658 Filioque
3177 585 3475 655 procedere,
3495 585 3648 654 juxta

2062 687 2327 733 vetustam
2353 678 2711 747 Hispanorum
2741 678 3067 740 doctrinam,
3091 679 3340 733 distincte
3369 678 3647 748 prmdicat,

2063 772 2140 828 sic
2169 771 2446 831 hominem,
2478 784 2575 838 pro
2602 778 2789 822 natura
2817 769 3043 822 humana
3063 811 3076 833 ,
3110 785 3216 823 non
3241 784 3363 822 raro
3407 773 3649 837 usurpat,

2063 872 2119 916 ct
2143 859 2411 915 Christum
2439 875 2599 935 unum
2626 860 2690 912 de
2713 858 2968 912 Trinitate
2993 859 3142 923 dicit,
3159 860 3373 912 modum
3398 859 3650 927 loquendi

2063 954 2277 1008 concilii
2325 953 2570 1006 Toletani
2615 969 2668 1007 tv
2711 960 2954 1006 secutum
2997 951 3095 1024 (ιτ).
3132 951 3371 1020 Denique
3418 967 3484 1006 ne
3522 952 3649 1021 quid

2062 1046 2261 1099 Μίδεεῇ
2295 1045 2528 1099 Χὶιιιθηίἰ
2559 1046 2789 1110 deesset,
2823 1044 2965 1114 quod
2997 1045 3414 1099 Saerameutarii
3445 1043 3652 1098 Gotho-

2065 1133 2286 1204 Ilispani
2317 1136 2593 1205 prOprium
2617 1133 2776 1199 loret,
2802 1135 2853 1189 in
2877 1150 2942 1189 eo
2965 1135 3140 1190 missa:
3165 1135 3511 1189 inveniuntur
3530 1148 3650 1202 quas

2063 1235 2250 1289 diebus
2280 1233 2485 1288 festivis
2513 1232 2952 1287 Circumcisionis
2981 1231 3188 1284 Domini
3239 1239 3294 1284 et
3324 1228 3651 1285 lnventiuuis

2062 1331 2264 1377 sanctae
2290 1323 2463 1377 crucis
2510 1322 2870 1387 celebrarent,
2894 1336 3030 1390 quas
3059 1320 3204 1388 leges
3250 1319 3649 1389 Visigorhoruiu

2063 1415 2340 1470 observari
2375 1415 2769 1478 mandaverant
2809 1415 2900 1484 (υ).

2067 1528 2184 1600 §V.
2229 1530 2311 1584 An
2358 1529 2568 1600 lilurgia
2618 1526 2850 1581 Missalis
2900 1525 3127 1581 Ximenii
3172 1527 3351 1581 eadem
3393 1528 3459 1580 sit
3498 1511 3650 1598 atque

2708 1616 3018 1672 Gallicana?

2141 1731 2226 1784 75.
2271 1729 2508 1785 Tertium
2540 1738 2914 1797 argumentum
2959 1743 3069 1798 quo
3096 1727 3354 1798 probatur
3379 1727 3650 1794 liturgiam

2065 1822 2294 1878 Missalis
2337 1821 2574 1876 Ximenii
2619 1819 3122 1889 Gotho-lliSpanam
3176 1834 3317 1886 esse,
3359 1819 3410 1872 in
3466 1819 3651 1872 intima

2061 1919 2176 1987 ejus
2203 1917 2554 1973 similitudine
2576 1931 2698 1971 cum
2723 1914 2962 1984 Liturgia
2990 1915 3266 1970 Gallicana
3288 1915 3519 1983 positum
3549 1921 3650 1967 est.

2060 2011 2178 2066 Em.
2211 2011 2359 2066 Bona
2385 2010 2464 2080 (ω)
2494 1997 2651 2064 antea
2681 2008 2890 2064 viderat
2917 2009 3130 2062 missam
3161 2005 3485 2061 Gallicanam
3514 2021 3655 2059 eam-

2061 2102 2176 2156 dem
2228 2117 2336 2155 esse
2390 2110 2541 2170 atque
2584 2097 2921 2164 Toletanam,
2965 2098 3080 2152 sive
3119 2095 3542 2159 Mozarabicam,
3598 2101 3654 2149 et

2061 2193 2402 2249 Mabillonius
2446 2190 2901 2245 animadverterat
2955 2189 3172 2244 missam
3200 2187 3529 2242 Gallicanam
3560 2200 3653 2239 eo-

2061 2285 2183 2342 dem
2214 2283 2320 2339 ritu
2347 2282 2672 2338 celebratam
2708 2281 2870 2335 fuisse
2897 2296 3004 2351 quo
3053 2278 3302 2334 Toletana
3337 2294 3426 2332 seu
3470 2275 3654 2334 Maza-

2061 2379 2238 2432 rabica
2268 2375 2642 2432 celebrabatur
2674 2374 2774 2448 (y).
2811 2372 2954 2428 Sane
2983 2371 3076 2443 qui
3105 2373 3155 2425 in
3178 2371 3350 2426 Gallia
3377 2373 3572 2425 stncuto
3595 2385 3650 2425 rx

2060 2469 2333 2530 vivebant,
2366 2465 2581 2534 quando
2604 2465 2804 2520 veteris
2831 2461 3106 2518 Gallorum
3138 2462 3364 2531 liturgia‘.
3387 2460 3648 2515 meritoria

2062 2558 2242 2614 adhuc
2270 2565 2588 2628 supererat,
2640 2571 2740 2626 pro
2789 2563 3070 2626 comperto
3109 2553 3380 2608 habebant
3429 2551 3650 2605 missam

2062 2647 2455 2704 Mozarabicam
2501 2646 2887 2702 Toletanorum
2933 2653 3169 2699 veterem
3213 2643 3398 2698 Galliae
3439 2638 3653 2697 sacriﬁ-

2062 2743 2220 2799 condi
2266 2755 2511 2796 normam
2560 2739 2798 2810 perfecte
2844 2746 3255 2808 repraesentare.
3310 2736 3464 2802 Quod
3513 2735 3655 2790 adeo

2064 2849 2253 2888 verum
2281 2841 2363 2888 est
2394 2840 2452 2887 ut
2480 2831 2705 2886 Carolus
2733 2831 3002 2900 Augustus
3030 2827 3244 2895 Calvus,
3268 2830 3491 2899 cupiens
3520 2844 3652 2882 OCllr

2067 2925 2152 2989 Iis,
2183 2933 2238 2979 et
2276 2923 2494 2979 auribus
2528 2922 2807 2992 percipere
2839 2920 3147 2985 discrimen,
3177 2920 3319 2990 quod
3352 2921 3492 2975 inter
3519 2919 3648 2975 Mis-

2066 3028 2180 3068 sam
2219 3013 2540 3077 Romanam,
2583 3021 2638 3066 et
2669 3010 2998 3066 Gallicanam
3039 3010 3430 3075 intercedebat,
3473 3026 3504 3065 a
3550 3009 3651 3066 Sa-

373 3106 506 3163 etc.,
532 3099 746 3154 canitur
786 3098 883 3171 (p).
917 3099 1078 3156 Liber
1120 3101 1474 3172 Apocalypsis
1518 3117 1548 3156 a
1587 3100 1849 3156 Pascbate
1895 3101 1960 3154 ad
1987 3130 2034 3190 ρ
2068 3105 2380 3160 cerdotibus
2408 3104 2686 3158 Toletanis
2717 3103 2953 3169 Missam,
3009 3118 3108 3158 suo
3134 3103 3239 3158 ritu
3270 3102 3646 3169 Mozarabico,

346 3262 351 3267 l
375 3191 734 3247 l’entecosten
764 3193 956 3261 legitur
985 3194 1080 3266 (q).
1124 3194 1424 3249 Concilium
1451 3193 1800 3249 Gerundense
1816 3193 1959 3262 jeju-

375 3281 490 3350 nio,
521 3291 577 3338 et
606 3281 842 3339 Litanias
871 3284 1237 3352 Pentecostes,
1262 3297 1316 3342 et
1335 3285 1693 3341 Kalendarum
1733 3287 1964 3340 Novem—

373 3374 550 3430 brium
583 3378 810 3433 instituit
859 3379 955 3450 (r),
981 3395 1208 3448 quorum
1257 3381 1311 3434 in
1340 3379 1536 3435 Missali
1579 3379 1809 3434 Ximcnii
1839 3387 1964 3434 sunt

375 3465 552 3520 missa:
597 3471 844 3538 proprias.
880 3458 1186 3526 Concilium
1214 3470 1529 3526 Toletanum
1561 3489 1594 3526 χ
1632 3472 1859 3526 instituit
1906 3480 1964 3526 ut

374 3557 637 3611 festivitas
663 3559 946 3615 dominica:
993 3562 1211 3628 matris,
1243 3562 1328 3616 die
1371 3578 1438 3616 xv
1466 3561 1823 3617 Kalendarum
1872 3560 1962 3616 Ja-

376 3647 550 3700 nuarii
572 3647 938 3704 celebraretur
966 3651 1181 3722 (s),quo
1208 3651 1316 3716 die,
1341 3652 1503 3706 etiam
1532 3653 1745 3707 nuncin
1763 3651 1963 3709 Missali

376 3731 606 3789 Ximcnii
638 3737 856 3791 missam
905 3739 1068 3794 habet
1109 3741 1404 3810 propriam.
1436 3741 1734 3797 Concilium
1767 3742 1964 3797 Braca-

376 3839 535 3879 reuse
563 3841 618 3890 u,
642 3827 930 3883 concilium
955 3828 1308 3898 Emeritense,
1349 3841 1406 3888 et
1454 3840 1673 3888 sanctus
1727 3832 1963 3888 Isidorus

377 3919 743 3974 meminerunt
788 3921 856 3976 de
907 3923 1156 3994 pecunia,
1201 3939 1384 3994 quam,
1437 3926 1598 3982 certis
1645 3925 1963 3996 quibusdam

379 4007 571 4063 diebus
600 4009 838 4081 festivis,
884 4013 1112 4082 populus
1162 4016 1430 4071 sacerdoti
1461 4016 1724 4072 oll'erebat
1779 4018 1841 4088 (ε)
1864 4057 1879 4082 ,
1911 4024 1967 4072 et

378 4097 609 4156 Missalis
655 4101 885 4159 Xi‘menii
937 4105 1150 4160 rubrica
1181 4107 1420 4178 praecipit
1445 4116 1502 4162 ut
1530 4108 1804 4174 sacerdos,
1835 4125 1966 4164 cou-

377 4207 569 4249 versus
590 4195 657 4250 ad
688 4197 966 4268 populum,
997 4198 1233 4253 oblatam
1265 4200 1550 4270 pecuniam
1576 4201 1818 4270 recipiat.

451 4306 540 4360 72.
571 4306 782 4366 Missale
829 4310 1061 4367 Ximenii
1093 4329 1200 4369 non
1253 4315 1414 4368 modo
1465 4314 1716 4368 observat
1754 4328 1817 4368 ea
1847 4327 1965 4382 qua:

378 4397 518 4453 circa
546 4400 683 4454 ritus
713 4403 1155 4471 prmscripserunt
1175 4404 1401 4459 concilia
1444 4403 1748 4473 l-lispanica,
1779 4418 1963 4458 verum

2064 3214 2247 3253 coram
2278 3213 2338 3253 se
2386 3197 2648 3254 celebrari
2697 3195 3049 3262 mandaverit,
3101 3195 3550 3266 quemadmodum
3594 3195 3650 3250 in

2065 3288 2339 3360 Epistola,
2398 3289 2467 3343 ad
2516 3288 2730 3343 Clerum
2771 3287 3143 3341 Ravennatem
3173 3285 3320 3352 data,
3381 3293 3645 3339 testatur:

2071 3380 2243 3452 Usque
2296 3381 2366 3435 ad
2419 3391 2647 3449 tempora
2697 3378 2844 3431 abavi
2893 3378 3056 3431 nostri
3098 3375 3372 3430 Gallicana
3417 3373 3651 3428 Ecclesia

2065 3470 2218 3522 aliter
2246 3486 2402 3539 quam
2451 3468 2686 3521 Romana
2728 3468 2804 3521 vel
2858 3465 3265 3520 Mediolanensis
3295 3465 3472 3519 diuina
3515 3467 3650 3518 cclc-

2067 3559 2247 3612 brabat
2285 3561 2453 3630 ofﬁcia
2493 3559 2624 3612 sicut
2655 3557 2894 3620 vidimus,
2943 3565 2993 3609 et
3024 3555 3310 3608 audivimus
3339 3553 3400 3607 ab
3430 3554 3513 3618 iis,
3565 3569 3650 3624 qui

2066 3667 2130 3705 ea:
2159 3651 2393 3718 partibus
2425 3649 2690 3704 Toletante
2718 3647 2968 3703 Ecclesia:
2991 3647 3058 3701 ad
3099 3665 3192 3702 nos
3221 3648 3471 3701 venientes
3500 3661 3652 3700 sacra

2065 3742 2234 3812 ofﬁcia
2268 3739 2613 3794 celebrarunt.
2647 3740 2777 3804 Qua:
2805 3739 2996 3807 verba,
3027 3748 3086 3792 ut
3112 3739 3247 3794 scite
3280 3746 3432 3793 notat
3463 3736 3651 3792 Mabil-

2065 3830 2262 3895 lonius,
2297 3830 2372 3900 (ι)
2411 3829 2827 3905 consequentiam
2873 3845 2979 3883 non
3020 3828 3284 3896 haberent,
3325 3828 3425 3882 nisi
3471 3825 3653 3881 eadem

2067 3923 2248 3994 {uisset
2280 3920 2532 3976 Toletana
2561 3929 2712 3993 atque
2742 3920 3013 3975 Gallicana
3044 3920 3273 3989 liturgia.

2141 4038 2229 4094 τά.
2271 4036 2378 4093 Sed
2407 4037 2590 4104 modo,
2642 4037 2774 4090 inita
2819 4033 3248 4102 comparatione,
3285 4032 3520 4087 breviter
3560 4046 3653 4087 os~

2067 4124 2396 4190 tendendum
2424 4139 2508 4186 est
2543 4129 2810 4197 liturgiam
2847 4125 3073 4180 Missalis
3103 4124 3331 4180 Ximenii
3362 4141 3484 4180 cum
3509 4124 3650 4178 antio

2065 4239 2170 4294 qua
2202 4223 2482 4278 Gallicana
2509 4219 2732 4275 omnino
2758 4217 3070 4280 convenire,
3113 4224 3171 4270 ut
3197 4215 3301 4270 hoc
3326 4215 3488 4270 etiam
3515 4213 3652 4268 iudi-

2067 4316 2150 4370 cio
2177 4322 2441 4384 appareat
2469 4310 2716 4366 eamdem
2739 4307 3226 4376 Gotholiispanam
3251 4321 3391 4360 esse.
3417 4303 3654 4358 Priunun

2067 4404 2249 4472 itaque
2280 4412 2388 4457 tam
2435 4400 2575 4456 Galli
2615 4414 2780 4468 quam
2823 4397 3136 4453 Mozarabes
3176 4396 3393 4451 missam
3428 4411 3458 4450 a
3487 4404 3648 4451 cantu

377 4492 539 4546 etiam
572 4493 622 4547 in
651 4495 988 4549 orationibus
1027 4495 1326 4551 doctrinam
1355 4495 1686 4549 Catholicam
1716 4495 1779 4548 ad
1812 4511 1959 4548 incu-
1997 4485 2041 4544 Β
2070 4495 2412 4558 inchoarunt,
2437 4491 2532 4561 qui
2569 4489 2735 4546 Gallis
2773 4492 3051 4560 prazlegere
3083 4485 3212 4560 (aa),
3249 4495 3341 4541 aut
3370 4487 3654 4555 antiphona

455 4656 529 4722 (al
561 4657 726 4713 Cone.
752 4656 906 4713 Brac.
937 4670 1012 4719 Ill,
1040 4671 1160 4710 can.
1189 4655 1243 4709 lt.

456 4727 530 4794 lb)
561 4727 727 4783 Cone.
761 4727 934 4783 Tolet.
967 4744 1038 4790 tv,
1071 4743 1188 4781 can.
1219 4726 1304 4779 ιῑΟ.

455 4798 528 4866 (ε)
559 4799 727 4854 Cone.
753 4797 906 4854 Brar.
941 4815 1018 4862 Ill,
1047 4813 1169 4851 can.
1224 4797 1273 4866 l_.

457 4864 534 4935 td)
567 4867 735 4923 Cone.
770 4867 945 4924 Tolet.
974 4884 1068 4928 an,
1098 4883 1220 4922 can.
1253 4864 1304 4919 5.

455 4941 526 5005 (ε)
559 4938 726 4993 Cone.
765 4936 938 4993 Tolet.
971 4954 1040 5003 Iv,
1070 4954 1189 4992 can.
1233 4937 1318 5002 15,
1355 4935 1435 4989 Η.

457 5009 526 5077 (Γ)
555 5008 722 5064 Conc.
759 5008 994 5070 Vallum,
1023 5024 1142 5061 (an.
1171 5009 1220 5060 l.

457 5079 532 5147 (gl
563 5079 729 5134 Gonc.
775 5079 944 5134 Tolct.
980 5096 1048 5145 Iv,
1073 5095 1195 5134 can.
1243 5078 1327 5131 ll.

458 5149 535 5215 (h)
578 5149 714 5215 ‘hitL,
746 5167 863 5206 can.
894 5150 974 5204 ἰίέ..

460 5219 521 5301 (ἰ.)
555 5218 710 5301 ibid,
739 5239 858 5276 can.
893 5222 973 5301 [ρ.

462 5290 528 5358 (jl
559 5287 716 5355 lbid.,
747 5309 863 5346 can.
900 5294 988 5352 15,
1030 5293 1108 5346 i5.

459 5361 532 5424 lk)
564 5357 732 5416 Cone.
769 5362 941 5418 Tolet.
976 5381 1051 5428 ιη,
1084 5379 1199 5417 can.
1235 5363 1286 5416 εὶ.

459 5434 522 5499 (l)
553 5428 721 5484 Conc.
755 5431 956 5495 Tolet.,
986 5451 1106 5489 can.
1153 5435 1235 5488 18.

458 5501 552 5567 (ηε)
589 5499 739 5564 ΙΙ)ἰι.Ι.,
769 5517 884 5556 can.
918 5505 970 5557 9.

458 5573 537 5638 (η)
571 5568 724 5637 Ιὺίι1.,
756 5588 874 5626 can.
909 5574 958 5625 ’1.

462 5643 535 5712 (ρ)
568 5638 722 5712 litim,
757 5657 874 5694 ean.
911 5643 990 5712 15.

461 5709 537 5781 σι)
567 5709 723 5783 lbid.,
752 5727 870 5768 can.
910 5710 989 5766 15.

2150 4654 2223 4725 (q)
2257 4653 2414 4720 lbid.,
2437 4669 2557 4725 can.
2591 4651 2675 4725 η.

2146 4720 2215 4794 (rt
2237 4725 2401 4780 Couc.
2447 4722 2814 4787 Gerundense,
2839 4736 2958 4794 can.
2983 4720 3036 4774 2.

2145 4790 2214 4864 (s)
2246 4795 2413 4850 Cone.
2439 4794 2612 4849 Tolet.
2647 4809 2740 4856 xu,
2775 4808 2900 4864 can.
2922 4790 2971 4864 l.

2143 4859 2207 4934 (tl
2237 4865 2404 4921 Cone.
2440 4868 2614 4931 Brac.,
2647 4881 2704 4924 ιι.
2731 4861 2966 4934 camel.
2999 4861 3162 4934 Cone.
3190 4859 3646 4929 Emeritan.,can.

2073 4931 2158 4993 Η.
2193 4937 2423 4992 Sanctus
2448 4935 2596 5003 lsid.,
2620 4936 2776 5004 epist.
2807 4932 2874 4987 ad
2915 4931 3132 5004 l_.ud_el'r.

2145 5007 2218 5078 (ιι)
2261 5006 2424 5062 Cone.
2459 4999 2737 5078 Toletftv,
2771 5002 2969 5078 carni.
3020 5001 3167 5057 Idem
3219 4999 3463 5057 Dominus
3502 5002 3655 5057 Iesus

2073 5073 2325 5140 Chr-istas,
2356 5094 2487 5131 unus
2517 5077 2576 5130 de
2603 5083 2785 5129 sancta
2817 5073 3086 5133 Trinitale,
3119 5081 3221 5126 etc.

2144 5149 2216 5268 (v2
2249 5147 2383 5202 Cod.
2419 5148 2518 5268 lfg.
2556 5146 2744 5268 \éisig.,
2776 5143 2869 5197 lib.
2903 5158 2960 5196 ιι.
2999 5142 3117 5196 Tol.
3146 5157 3184 5207 ι,
3224 5141 3328 5210 leg.
3365 5143 3450 5208 ll,
3483 5152 3539 5197 et
3560 5143 3650 5197 lib.

2150 5260 2162 5268 .
2224 5261 2235 5268 .
2270 5235 2406 5268 LIV.
2462 5232 2539 5268 (Ὠ.
2605 5255 2618 5268 ο

2073 5236 2162 5277 xu.
2197 5228 2235 5272 t.
2270 5235 2307 5281 ι,
2339 5235 2406 5281 ιν,
2442 5217 2539 5281 lrg.
2565 5217 2618 5268 6.

2145 5232 2235 5355 2.in
2269 5232 2752 5352 ἶξέιξῖτέξῗᾷίῖἶὶτείο.
2787 5283 2878 5355 ω).
2909 5298 2946 5344 ι,
2995 5281 3233 5355 capte,
3266 5294 3400 5338 sect.
3431 5282 3484 5340 5.

2072 5429 2101 5446 ρ
2145 5352 2218 5428 (ῃ)
2257 5357 2622 5476 glabillouius,
2678 5355 2744 5408 de
2791 5353 2995 5421 Liturg.
3045 5352 3260 5420 Gallic,
3314 5355 3406 5409 lib.
3437 5371 3488 5421 ι,
3533 5368 3652 5424 cap.

2072 5449 2123 5476 ἔ)-
2171 5445 2222 5476 ll.
2259 5463 2308 5476 ι.

2072 5449 2124 5493 o,
2171 5445 2222 5480 n.
2257 5445 2308 5478 υ.

2145 5498 2216 5566 (ι)
2257 5496 2386 5566 Ibid.

2145 5562 2255 5637 (aa)
2297 5565 2526 5622 Sanetus
2553 5564 2852 5637 Germanus
2874 5562 3191 5620 Parisiensis
3221 5565 3272 5637 in
3297 5564 3654 5637 eXpIicationc

2073 5632 2613 5762 Massaincallicanae,
2678 5636 2838 5691 Thes.
2905 5650 3030 5690 nov.
3088 5633 3310 5704 anccd.,
3373 5632 3510 5694 tom.
3572 5632 3655 5707 IV,

2073 5727 2135 5762 ευ
2166 5748 2176 5760 .
2231 5741 2248 5759 ι
2302 5748 2315 5762 ο

2073 5727 2176 5764 CUI.
2229 5727 2315 5762 ‘JI.
