4058 6178
362 301 440 355 25
1837 285 2225 341 catenario.
3587 299 3658 354 εδ

363 418 440 471 ad
467 413 851 487 pra‘legendum
882 411 1182 477 dicebatur,
1230 409 1531 466 Mazarabis
1561 425 1710 476 vero,
1760 410 1811 463 in
1844 408 1968 462 Mis—
1997 410 2047 466 Α
2075 419 2232 464 natur
2255 411 2370 483 (ιιι),
2404 411 2455 465 in
2485 412 2679 468 Missali
2709 413 2942 470 Ximenii
2972 417 3149 470 missa.
3183 417 3426 474 Secunda
3455 418 3506 473 in
3532 436 3661 476 nos-

363 513 469 569 sali
518 509 755 564 Ximcnii
803 509 1006 562 dictum
1055 517 1138 560 est
1181 506 1402 575 o/ficium
1447 504 1516 558 ad
1554 505 1766 558 missam
1814 502 1970 575 [xvi].

369 599 580 658 Deinde
610 601 662 653 in
695 607 924 667 utraque
960 597 1196 663 liturgia,
1230 595 1507 649 Gallicana
1538 595 1744 650 scilicet
1773 603 1826 648 et
1853 592 1969 646 Mo-

367 692 646 754 zarabica,
688 690 921 759 hymnus
953 687 1133 740 Gloria
1163 687 1215 739 in
1246 686 1462 740 excelsis
1502 685 1709 740 canitur
1737 683 1834 756 (η),
1879 693 1974 739 aut

362 786 636 843 canticum
669 780 945 835 Zachariae
995 777 1319 839 Benedictus,
1369 776 1514 844 quod
1567 775 1704 830 Galli
1751 776 1970 845 prophe-

368 879 499 930 tiam
528 879 905 940 nuncuparunt
936 870 1034 941 (l1).
1077 866 1344 938 ﬂymnnm
1379 875 1471 920 aut
1499 867 1766 920 canticum
1799 867 1971 920 oratio

368 967 893 1034 consequitur.rqu;e
927 965 976 1014 in
1007 961 1204 1015 Missali
1238 958 1470 1013 Ximenii
1505 960 1725 1027 proprio
1753 959 1970 1012 nomine

368 1067 541 1122 carct,
590 1058 640 1111 in
672 1057 816 1109 libiis
861 1053 1152 1107 Gallicanis
1200 1053 1430 1106 collectio
1483 1061 1597 1119 post
1645 1050 1970 1121 prophetiam

368 1150 698 1220 quandoque
727 1147 1038 1201 inscribitur
1062 1148 1155 1215 (ο),
1199 1142 1391 1196 Postea
1426 1143 1656 1212 papulas
1681 1143 1966 1195 salutatur.

370 1241 460 1306 Et,
492 1243 542 1293 in
571 1253 792 1306 utraque
824 1237 1056 1303 titurgia,
1100 1236 1328 1290 lornula
1359 1249 1463 1303 qui
1496 1233 1752 1288 sacerdos
1798 1247 1968 1298 pomi-

369 1334 479 1387 lum
521 1333 721 1385 salutat
755 1329 942 1385 eadem
983 1338 1082 1394 est,
1134 1327 1389 1382 Dominus
1436 1327 1502 1380 sit
1546 1341 1747 1395 semper
1795 1324 1968 1378 vobis-

367 1442 486 1478 cum
516 1424 617 1495 (it).
1219 1469 1226 1478 .

447 1515 533 1570 τε.
574 1515 634 1568 la
676 1523 904 1583 utraque
950 1512 1164 1580 liturgia
1208 1519 1320 1565 tres
1379 1509 1630 1576 leguntur
1675 1506 1968 1576 Scriptum

371 1607 667 1671 lectiones,
741 1621 847 1659 una
913 1620 945 1658 e
1005 1603 1220 1669 Veteri,
1287 1601 1409 1656 dum
1468 1615 1501 1655 e
1553 1599 1703 1679 Novo
1773 1598 1965 1654 Testa-

372 1708 558 1752 mento
587 1696 703 1767 (e).
752 1694 819 1749 Et
845 1704 968 1749 ante
1016 1693 1280 1747 lectiones
1301 1691 1552 1746 indicitur
1574 1689 1847 1744 silentium
1876 1691 1962 1760 (ί).

371 1787 433 1841 In
463 1798 693 1857 utraque
723 1787 958 1856 hymnus
999 1799 1290 1853 puerorum
1337 1792 1462 1851 post
1507 1783 1796 1837 lectionem
1839 1797 1967 1850 pro-

373 1877 641 1946 phetis-am
692 1876 951 1930 recitatur
994 1875 1106 1944 (g),
1169 1885 1224 1928 et
1270 1873 1656 1942 responsorium
1698 1872 1844 1938 sive,
1891 1873 1968 1925 uti

371 1966 686 2020 Mozarabes
740 1965 1064 2033 loquuntur,
1105 1963 1374 2032 psallendo
1429 1962 1642 2017 canitur
1686 1960 1785 2031 (li),
1847 1969 1970 2030 post

372 2058 660 2112 lectionem
690 2055 963 2124 Evangelii
996 2056 1188 2112 concio
1219 2053 1541 2120 habebatur,
1591 2062 1682 2106 aut
1709 2051 1964 2114 homelia,

370 2151 441 2205 de
471 2166 574 2219 qua
613 2150 753 2220 apud
793 2159 1036 2206 sanctum
1077 2149 1404 2203 Germanum
1451 2147 1636 2201 titulus
1665 2153 1840 2200 exstat
1881 2145 1976 2218 (i).'

370 2242 568 2298 Preces
616 2242 809 2296 deinde
837 2250 893 2296 et
921 2241 1434 2296 catechutnenorum
1483 2248 1643 2308 atque
1695 2237 1965 2306 pmniten-

375 2335 506 2388 tium
534 2334 774 2388 dimissio
821 2332 1313 2400 consequebantur,
1368 2331 1436 2384 de
1480 2330 1674 2398 quibus
1723 2328 1966 2382 meminit

371 2433 592 2478 sanctus
620 2423 921 2478 Germanus
951 2423 1062 2493 (j),
1095 2431 1150 2475 et
1175 2422 1228 2474 in
1255 2421 1452 2476 Missali
1482 2419 1716 2474 Ximenii
1749 2435 1856 2474 non
1890 2421 1964 2474 le-

372 2516 460 2570 via
486 2524 773 2585 supersunt
814 2515 1036 2584 vestigia
1071 2524 1178 2569 tam
1221 2529 1440 2584 precum
1487 2527 1648 2583 quam
1696 2511 1965 2567 missionis

373 2608 906 2663 catechumenorum.

449 2701 536 2754 76.
577 2700 803 2764 Deinde,
847 2701 897 2754 in
927 2709 1155 2768 utraque
1179 2698 1413 2766 liturgia,
1448 2696 1507 2750 lit
1535 2695 1738 2751 oblatio
1776 2709 1965 2749 mune-

373 2809 492 2848 rum
522 2793 1032 2855 consecrandorum,
1085 2792 1240 2862 panis
1266 2791 1516 2845 nimirum
1543 2799 1599 2844 et
1629 2789 1758 2854 vini,
1802 2797 1857 2842 et
1887 2787 1966 2842 in-

376 2891 531 2944 terim
588 2889 799 2943 canitur
855 2888 1203 2952 sacri/icium,
1273 2883 1418 2954 quod
1462 2892 1651 2938 sancto
1697 2881 1966 2936 Germano

371 2996 555 3034 sonum
585 2987 666 3031 est
700 2978 792 3047 (lc).
828 2976 990 3031 Facta
1023 2976 1316 3034 oblatione,
1370 2973 1606 3040 lotisque
1646 2970 1962 3032 sacerdotis,

372 3072 808 3141 presbvterorum
841 3069 1316 3135 ministrorumque
1345 3065 1624 3129 manibus,
1661 3065 1712 3117 in
1738 3071 1967 3130 utraque

371 3162 586 3228 liturgia
615 3159 866 3215 sacerdos
910 3157 1322 3221 confessionem,
1365 3156 1477 3210 sive
1521 3154 1836 3226 apoloyiam,
1884 3154 1966 3206 l'a-

371 3254 550 3307 ciebat
589 3252 674 3320 (ι).
716 3250 849 3305 Tum
895 3249 1166 3313 sacerdos,
1206 3247 1259 3301 in
1291 3256 1520 3315 utraque
1551 3245 1759 3314 liturgia
1796 3259 1967 3313 popu-

374 3344 484 3398 lum
515 3343 730 3407 salutat,
764 3351 836 3407 et,
868 3341 934 3395 ad
963 3341 1132 3394 altare
1160 3339 1438 3400 accedens,
1491 3348 1697 3408 septem
1728 3337 1849 3392 illas
1879 3353 1969 3391 so-

375 3434 584 3489 lemnes
611 3435 904 3496 orationes,
936 3433 1131 3502 quibus
1169 3432 1395 3501 lilurgize
1421 3429 1712 3495 Gallicana,
1755 3429 1966 3485 Gotho-

376 3525 633 3594 llispana,
682 3532 737 3578 et
784 3523 1115 3578 Mozarabica
1163 3528 1432 3594 pmcipne
1479 3531 1749 3586 constant,
1803 3532 1858 3576 et
1899 3524 1967 3577 ab

377 3615 496 3668 aliis
526 3615 953 3683 quibuscumque
981 3614 1398 3683 distinguuntur,
1438 3613 1632 3667 demite
1681 3613 1961 3666 recitabat.

376 3703 580 3758 [larum
636 3705 940 3758 orationum
986 3704 1137 3774 plura
1186 3712 1475 3772 supersunt
1524 3703 1854 3770 exemplaria
1913 3702 1965 3757 in

375 3794 577 3850 Missali
605 3793 860 3863 Gutbico,
885 3795 1028 3864 quod
1055 3810 1112 3848 re
1137 3794 1248 3863 ipsa
1279 3792 1613 3848 Gallicanum
1645 3802 1746 3858 est,
1781 3804 1834 3848 et
1865 3793 1965 3846 ali-

375 3895 512 3956 quot
538 3887 590 3939 in
621 3885 818 3939 Missali
849 3886 991 3954 quod
1034 3882 1358 3940 Gallicanum
1383 3896 1524 3939 vetus
1553 3886 1963 3953 inscripserunt,

375 3988 440 4032 ut
463 3970 686 4030 minime
730 3977 1078 4031 dubitandum
1115 3980 1184 4030 sit
1211 3977 1337 4044 quin
1385 3991 1462 4030 etc
1499 3976 1774 4030 craticiies
1815 3991 1967 4028 eum.-

374 4068 503 4124 dem
532 4069 769 4124 ordinem
801 4071 855 4123 in
885 4069 1094 4136 liturgia
1143 4067 1414 4122 Gallicana
1460 4068 1752 4133 tenuerint,
1805 4084 1965 4137 quem

377 4162 438 4216 in
467 4161 662 4215 Missali
691 4159 922 4214 Ximenii
951 4160 1307 4214 retinuerunt.
1359 4159 1558 4213 Harum
1591 4161 1758 4228 prima
1806 4158 1858 4211 in
1904 4158 1964 4212 li—

375 4253 493 4328 bris
519 4250 807 4307 Gallicanis
836 4253 1094 4323 prcfatio,
1135 4261 1228 4305 aut
1253 4233 1492 4322 praefatio
1523 4250 1695 4305 missa:
1724 4249 1966 4304 denomi-

443 4430 533 4500 (τι)
574 4429 1061 4500 Sacramentarium
1093 4427 1376 4488 Bobiense,
1401 4426 1960 4500 apudAlllabilloniuni,

375 4496 565 4554 Musam
596 4501 713 4554 Ital.
747 4507 878 4567 toni.
911 4498 953 4562 l,
985 4510 1121 4566 part.
1151 4515 1209 4562 ιι,
1240 4512 1357 4567 pag.
1387 4497 1515 4562 ‘28I,
1545 4496 1670 4550 282.

454 4572 532 4637 (bl
574 4570 800 4624 Sanctus
826 4566 1144 4638 Germanus,
1187 4570 1238 4620 in
1269 4569 1463 4638 explic.
1499 4568 1641 4638 Miss.
1673 4567 1793 4620 Gal.

455 4636 528 4712 (τ)
566 4639 776 4712 Missale
825 4637 1312 4712 Gallo-Gothicam,
1342 4636 1496 4692 'alias
1547 4636 1852 4701 Gotliicmn,
1912 4638 1964 4691 in

379 4709 547 4766 missa
573 4711 874 4764 Nativitatis
906 4709 1136 4762 Domini.

457 4785 539 4850 (ά)
585 4782 813 4836 Sanctus
838 4779 1114 4850 German.,
1151 4779 1202 4831 in
1236 4777 1388 4850 Expl.
1424 4776 1569 4829 miss.
1602 4777 1791 4831 Gallic.

457 4848 528 4920 (ε)
580 4851 975 4906 Lectionarium
1022 4848 1411 4920 luxoviense;
1475 4849 1963 4920 Sacramentarium

381 4916 673 4976 Bnbiense.
723 4921 956 4974 Sanctus
1008 4917 1218 4981 Germ.,
1273 4920 1322 4970 in
1374 4916 1522 4986 Expl.
1579 4922 1724 4972 llllss.
1774 4918 1962 4973 Galzic.

380 4993 617 5046 Sanrtns
655 4990 944 5057 Gregorius
964 4987 1309 5048 Turonensis,
1345 4987 1477 5040 llist.
1514 4989 1603 5040 lib.
1638 5005 1707 5050 Iv,
1731 5003 1778 5040 c.
1809 4989 1892 5043 lli.

461 5064 533 5133 (ι’)
575 5063 806 5116 Sanctus
832 5058 1148 5133 Germanus,
1202 5058 1617 5133 iirlixiil._Mi<s_.
1650 5058 1788 5112 (λιιι.

425 5203 440 5212 ,
464 5128 539 5203 lg)
578 5133 806 5252 Sancgus
833 5128 1132 5183 Germanus
1161 5170 1176 5194 ,
1206 5129 1356 5194 ibid.,
1379 5138 1432 5182 et
1458 5128 1756 5182 Lectionar.
1787 5129 1964 5184 Luxu-

425 5217 595 5252 Ιεηθθ.
632 5219 682 5252 η.
758 5240 772 5252 ο

379 5219 416 5254 ν
444 5218 473 5254 ε
517 5227 534 5252 θ
673 5242 682 5252 .
717 5217 772 5252 δ.

425 5217 818 5339 l('I'i)c,Szlt‘nctus
859 5267 1148 5337 Gregorius
1177 5268 1523 5334 Turonensis,
1554 5268 1692 5324 llisl.
1723 5269 1818 5323 lib.
1854 5287 1968 5339 vui,

531 5343 639 5481 )Sln
669 5410 878 5482 Exlilic.
909 5409 1081 5464 missm
1102 5407 1404 5475 Gallicanm,
1439 5410 1525 5464 ubi
1553 5409 1737 5467 titulus
1767 5411 1841 5465 De
1870 5411 1970 5466 bo-

486 5498 598 5533 3733.

384 5499 738 5632 “mlirlbidq
776 5552 865 5606 ubi
904 5561 984 5608 est
1016 5550 1202 5606 titulus
1242 5549 1306 5605 de
1343 5548 1712 5605 Catccumino.

461 5625 541 5765 ll?
574 5622 786 5765 “issam
833 5692 1151 5765 Gotliicum,
1204 5705 1264 5746 re
1318 5690 1428 5758 ipsa
1461 5687 1853 5765 _Gal_lica_num,
1913 5693 1965 5747 in

388 5760 555 5821 miSsa
589 5765 692 5819 diei
731 5763 1022 5832 Paschalis,
1064 5763 1222 5816 habet
1263 5760 1535 5830 exemplar
1562 5761 1833 5833 Apologia:
1877 5779 1964 5819 sa-

2077 511 2159 557 tro
2203 504 2308 558 alia
2352 506 2539 569 oratio,
2573 506 2626 559 in
2669 505 2970 562 Missalibus
2998 506 3288 564 Gallicanis
3314 511 3548 565 collectio
3576 528 3666 565 se-

2074 597 2244 667 quitur
2268 595 2368 666 (η).
2415 596 2594 651 Tertia
2622 606 2745 666 post
2773 601 2985 653 nomina
3027 609 3131 654 tam
3163 601 3303 671 apud
3347 601 3663 659 Mozarabes

2074 704 2233 757 quam
2248 689 2385 760 apud
2403 687 2585 744 Gallos
2601 688 2795 744 dicitur
2820 692 2990 762 [xvu],
3017 702 3208 761 quarta
3228 693 3370 759 apud
3407 704 3664 761 utrasque

2074 780 2142 832 ad
2157 797 2333 848 pacem
2358 781 2456 850 (ο),
2487 783 2671 847 quinta
2697 782 2883 846 Gallis,
2903 792 2989 836 aut
3007 787 3332 846 contestatio,
3367 795 3458 838 aut
3485 787 3665 840 immo-

2074 873 2202 927 latio
2231 875 2402 928 missa:
2449 875 2780 943 inscribitur,
2832 874 3131 930 Mozarabis
3162 878 3347 930 illatio.
3382 879 3508 946 Ejus
3533 894 3663 934 vero

2073 966 2341 1032 appendix
2358 966 2598 1035 utrisque
2616 977 2728 1035 post
2743 969 2965 1020 Sanctus
2991 967 3066 1036 (pl
3087 967 3299 1021 dicitur.
3322 966 3487 1034 Eique
3501 970 3660 1022 verba

2072 1060 2472 1111 consecratoria
2524 1057 2914 1112 elementorum
2965 1059 3342 1126 subjicimitur.
3393 1057 3448 1112 ln
3491 1061 3664 1115 missis

2072 1158 2245 1218 marty
2278 1152 2364 1201 um
2396 1149 3028 1213 contestatioGallurum,
3079 1166 3188 1204 non
3219 1165 3374 1204 secus
3405 1166 3468 1204 ac
3500 1149 3665 1205 illatio

2071 1235 2434 1303 Mozarabum,
2466 1254 2650 1292 earum
2681 1255 2768 1293 res
2791 1251 2969 1308 gestas
2999 1250 3052 1294 et
3081 1248 3344 1294 tormenta
3375 1256 3493 1309 qum
3525 1241 3664 1311 passi

2071 1336 2194 1381 sunt
2224 1345 2650 1385 commemorare
2688 1331 2850 1393 solet,
2900 1333 3348 1400 quemadmodum
3385 1311 3664 1388 Hilduinus

2071 1419 2256 1482 abbas,
2298 1420 2350 1474 in
2379 1422 2603 1476 vetustis
2647 1420 2949 1477 Missalibus
2995 1420 3305 1488 Gallicanis,
3339 1425 3662 1478 obsi'rvave-

2071 1510 2152 1564 rat
2184 1510 2278 1581 (q).

2143 1601 2228 1656 77.
2285 1601 2512 1656 Peracta
2562 1602 2951 1658 elementorum
3002 1604 3450 1671 consecratione,
3508 1613 3660 1659 sexta

2071 1691 2580 1761 oratiorecitatur,
2631 1708 2790 1762 quam
2845 1693 2980 1747 Galli
3028 1702 3142 1764 post
3189 1696 3519 1764 mysterium,
3570 1703 3663 1748 aut

2001 1762 2048 1821 Β
2077 1792 2190 1853 post
2235 1793 2429 1838 secreta
2469 1785 2898 1861 appellanttr),
2949 1762 3264 1842 llozarabes
3310 1805 3343 1858 p
3381 1797 3426 1842 st
3473 1789 3660 1857 pridie.

2077 1875 2131 1930 In
2167 1885 2389 1944 utraque
2412 1877 2622 1945 liturgia
2674 1879 3026 1948 consequitur
3077 1880 3364 1948 confractio
3415 1878 3662 1933 dominici

2071 1969 2323 2037 corporis,
2349 1976 2403 2020 ut
2419 1976 2636 2022 sanctus
2656 1967 2944 2037 Gregorius
2967 1968 3292 2024 Turonensis
3315 1968 3552 2038 loquitur
3568 1968 3658 2040 (δ),

2069 2067 2125 2112 et
2179 2058 2433 2122 interim,
2478 2059 2605 2113 dum
2651 2059 2962 2114 sacerdotes
3008 2059 3058 2112 in
3109 2075 3200 2112 ara
3259 2058 3386 2112 illud
3419 2058 3661 2114 confrin-

2068 2160 2222 2219 gunt,
2249 2153 2656 2220 confractorium
2686 2153 2896 2206 canitur
2947 2152 3011 2225 (t)
3036 2193 3050 2217 ,
3104 2161 3158 2206 et
3189 2151 3402 2206 tandem
3434 2153 3659 2222 septima

2067 2243 2239 2295 oratio
2263 2281 2278 2304 ,
2308 2256 2426 2310 qua:
2455 2239 2730 2296 Dominica
2759 2250 2870 2305 est,
2925 2245 3181 2298 recitatur
3203 2284 3220 2310 ,
3271 2243 3454 2313 illique
3483 2244 3661 2298 brevis

2067 2331 2240 2385 oratio
2270 2333 2648 2401 prmmittitur,
2679 2343 2803 2387 ante
2828 2335 3118 2388 orationem
3159 2333 3494 2391 Domintcam
3538 2333 3664 2388 Gal-

2067 2419 2131 2474 lis
2154 2420 2295 2475 dieta
2320 2463 2336 2489 ,
2368 2430 2423 2476 et
2452 2423 2803 2494 subsequitur
2834 2424 2936 2476 alia
2963 2465 2978 2489 ,
3005 2439 3124 2494 quae
3167 2425 3354 2479 iisdem
3384 2434 3500 2494 post
3541 2419 3660 2481 ora;

2069 2513 2260 2566 tionem
2313 2511 2644 2567 Dominicam
2676 2512 2782 2585 (ιι)
2815 2516 3149 2570 nominatur.
3212 2516 3306 2572 His
3361 2518 3658 2582 absolutis,

2066 2603 2120 2656 in
2145 2614 2370 2671 utraque
2407 2603 2652 2672 liturgia,
2687 2605 2745 2657 lit
2788 2605 3092 2659 commistio
3142 2607 3384 2674 corporis
3437 2615 3490 2660 et
3537 2622 3663 2661 san-

2066 2695 2238 2762 guinis
2262 2695 2472 2750 Domini
2500 2695 2567 2768 (υ
2588 2696 2605 2764 )
2629 2737 2643 2761 ,
2673 2704 2786 2749 tum
2816 2695 3068 2751 sacerdos
3092 2696 3291 2767 populo
3321 2697 3658 2750 benedictio-

2069 2803 2192 2841 nem
2249 2786 2555 2856 impertitur
2577 2826 2592 2852 ,
2623 2787 2713 2857 qui
2760 2801 2894 2842 voce
2923 2786 3135 2842 diaconi
3168 2787 3312 2855 prius
3342 2788 3662 2841 monebatur

2068 2891 2128 2938 ut
2154 2898 2213 2937 se
2241 2882 2550 2937 bumiliaret
2580 2881 2941 2936 benedictioni
2971 2883 3076 2950 (ω)
3105 2923 3116 2934 .
3146 2881 3277 2935 Data
3328 2879 3660 2934 benedictio-

2069 2989 2172 3042 ne,
2202 2974 2499 3029 canebatur
2535 2974 2676 3046 quod
2725 2973 2923 3027 Missali
2973 2970 3209 3026 Ximenii
3259 2971 3328 3024 ad
3364 2971 3663 3024 accedentes

2071 3069 2372 3124 inscribitur
2404 3071 2422 3139 (
2449 3087 2481 3140 y
2506 3068 2524 3139 )
2549 3110 2564 3133 ,
2597 3068 2654 3122 lit
2677 3067 2871 3122 deinde
2911 3067 3254 3132 communio;
3279 3080 3382 3136 qua
3415 3074 3660 3135 peracta,

2073 3163 2125 3217 in
2159 3171 2384 3231 utraque
2431 3161 2644 3230 lizurgia
2671 3199 2687 3225 ,
2729 3159 3005 3214 orationes
3055 3168 3177 3229 post
3223 3156 3660 3212 communionem

2070 3255 2088 3323 (
2116 3252 2176 3324 z)
2207 3254 2502 3308 recitantur
2522 3291 2537 3317 ,
2567 3268 2630 3307 ac
2660 3251 2884 3322 populus
2913 3251 3216 3305 dimittitur.
3247 3249 3434 3303 Plures
3476 3248 3563 3301 alii
3593 3245 3660 3300 ri-

2069 3353 2156 3397 tus
2184 3343 2305 3397 addi
2337 3351 2598 3411 possunt,
2633 3341 2721 3409 qni
2753 3357 2782 3394 a
2808 3338 2978 3394 Gallis
3005 3344 3210 3409 pariter
3234 3379 3248 3403 ,
3279 3348 3442 3408 atque
3469 3353 3499 3390 a
3551 3335 3658 3390 Go-

2071 3434 2481 3504 tlto-llispanis,
2539 3445 2595 3490 et
2644 3433 3017 3488 Mozarabibus
3074 3431 3508 3501 usurpabantur,
3562 3428 3656 3482 sed

2069 3517 2327 3593 hactenus
2357 3527 2548 3596 prolati
2597 3524 2870 3581 sufﬁciunt
2900 3525 2967 3580 ad
2998 3524 3336 3595 probamlum
3388 3522 3655 3588 litnrgiam

2067 3620 2295 3678 Missalis
2319 3621 2548 3676 Ximenii
2584 3621 2718 3675 adeo
2744 3619 2974 3674 similem
3003 3633 3123 3673 esse
3153 3616 3320 3673 veteri
3349 3613 3656 3680 Gallicanzc,

2067 3721 2126 3768 ut
2156 3728 2257 3767 una
2291 3723 2453 3780 atque
2479 3712 2667 3766 eadem
2691 3751 2706 3775 ,
2735 3711 2875 3764 haud
2907 3710 3176 3763 immerito
3196 3748 3210 3771 ,
3243 3707 3428 3760 haberi
3468 3705 3656 3775 possit.

2071 3825 2098 3897 §
2130 3824 2212 3878 Vl.
2231 3823 2374 3879 Satis
2398 3824 2458 3891 lit
2483 3840 2661 3878 eorum
2689 3819 3070 3891 dimcultatibus
3099 3819 3184 3890 qui
3211 3822 3490 3886 opinantur
3518 3817 3657 3868 litur-

2102 3917 2240 3986 giam
2266 3912 2502 3968 Missalis
2552 3913 2780 3966 Xintenii
2823 3911 3075 3964 diversam
3115 3924 3225 3962 esse
3262 3924 3292 3960 a
3325 3905 3620 3960 Gallicana.

2141 4054 2226 4109 78.
2260 4053 2374 4106 Non
2405 4054 2595 4120 ignoro
2617 4053 2765 4106 viros
2793 4051 3056 4120 quosdam
3114 4049 3354 4103 eruditos
3407 4047 3656 4117 opinatos

2067 4161 2185 4201 esse
2217 4145 2482 4212 liturgiam
2531 4143 2920 4197 Mozarabicam
2974 4155 3074 4195 nec
3125 4139 3630 4206 Gotho-Hispanam

2067 4249 2241 4305 neque
2288 4235 2548 4292 Gallicam
2603 4233 2901 4288 habendam
2955 4246 3094 4287 esse.
3144 4231 3317 4296 Nam,
3372 4230 3654 4299 inquiunt,

2069 4415 2320 4471 cerdot’s.
2365 4417 2519 4471 Aliud
2549 4424 2632 4470 est
2658 4415 2710 4469 in
2751 4413 3186 4469 Sacramentario
3213 4409 3486 4472 Bobiensi,
3527 4423 3650 4478 pag.

1997 4474 2045 4533 D
2075 4487 2199 4552 375,
2229 4497 2284 4539 et
2312 4489 2525 4542 tertium
2572 4489 2624 4542 in
2660 4486 2858 4540 Missali
2901 4484 3152 4538 Ximcnii.

2141 4557 2234 4639 (in)
2269 4557 2488 4639 illissale
2515 4557 2823 4622 Gothicum,
2854 4555 3070 4611 Missale
3099 4552 3430 4608 Gallicanum
3475 4558 3647 4603 vetus.

2143 4627 2221 4698 (η)
2269 4627 2400 4682 Ibid.

2141 4699 2213 4768 (ο)
2265 4698 2389 4751 Ibid.

2141 4775 2218 4836 (pi
2265 4769 2395 4824 “till.

2142 4833 2228 4921 (q).
2265 4840 2579 4922 llildninus,
2611 4846 2769 4909 epist.
2826 4838 2891 4893 ad
2947 4837 3203 4894 Ludovic.
3251 4835 3438 4899 Pium,
3486 4833 3640 4886 Areo

2068 4923 2310 4982 pagtucis
2340 4925 2633 4982 praemissa.

2141 4981 2210 5049 (ν)
2236 4977 2445 5037 Missale
2474 4981 2710 5048 Gothic.,
2741 4977 2950 5035 Missa'e
2976 4979 3093 5033 Gal.
3128 4988 3296 5034 vetus.

2153 5054 2222 5120 (δ)
2253 5051 2325 5125 D»
2355 5052 2506 5106 Glor.
2549 5062 2795 5125 martyr.,
2835 5068 2953 5125 cap.
2989 5049 3080 5125 87;
3180 5121 3190 5125 _
3287 5118 3296 5125 _
3527 5114 3539 5125 ε

2143 5118 2205 5208 (tl
2257 5123 2490 5180 Sanctus
2561 5118 2816 5178 German.
2851 5164 2866 5188 ,
2904 5118 2983 5176 'in
3042 5118 3406 5190 Eap'icatione
3471 5118 3647 5168 missa

2069 5200 2496 5344 G“(Ii’tlf'Sanctus
2549 5265 2700 5330 Ger,
2748 5263 2903 5330 Expl.
2959 5263 3104 5315 miss.
3157 5259 3385 5321 Gallic.,
3437 5255 3646 5310 Missale

2069 5342 2352 5399 Gothicum
2371 5381 2385 5399 ,
2418 5347 2474 5394 et
2502 5337 2833 5391 Gallicanum
2862 5341 3034 5386 Vetus.

2119 5349 2352 5398 othicum
2371 5381 2385 5403 ,
2418 5349 2474 5394 et
2502 5349 2833 5391 Gallicanum
2862 5349 3034 5386 Vetus.

2142 5413 2214 5480 (υ)
2264 5411 2511 5480 Sanctus?
2537 5407 2753 5480 Germ,
2777 5404 2907 5458 Ibid.

2243 5465 2468 5554 Sanctus
2487 5479 2666 5554 Germ.
2685 5465 2756 5528 ibi
2780 5481 2822 5554 ελ
2842 5483 2892 5554 et
2915 5471 3144 5553 sanctus
3166 5470 3426 5526 Caesarius
3447 5465 3649 5522 Arelato

2068 5544 2213 5612 hom:
2249 5552 2314 5617 8,
2348 5552 2488 5605 inter
2514 5548 2683 5602 editas
2712 5559 2742 5596 a
2777 5544 3021 5617 _Bal_uzio.

2140 5628 2215 5694 (ξι)
2239 5612 2466 5694 _S_anct_us
2486 5617 2693 5694 .Germ.
2731 5655 2746 5679 ,
2776 5615 2827 5668 in
2856 5613 3188 5694 Expl._.miss.
3218 5612 3337 5670 Gal.

2241 5690 2452 5747 Missale
2479 5686 2642 5744 Goth.
2672 5695 2726 5742 et
2765 5695 2875 5741 vel.
2921 5683 3113 5741 Gallic,
