4058 6178
392 312 459 367 27
1863 302 2110 358 I‘RA‘IFA
2123 304 2250 358 TlO.
3600 301 3672 356 28

392 424 528 482 Galli
560 424 611 479 in
644 423 803 478 missa
829 424 1086 494 hymnum
1115 420 1295 476 Gloria
1341 422 1393 474 in
1439 419 1657 475 excelsis
1699 418 1829 472 olim
1863 432 1970 471 non
2002 424 2051 479 Α
2080 414 2130 469 in
2161 431 2228 471 eo
2256 414 2540 471 discrimen
2571 416 2710 471 inter
2736 416 3005 485 liturgiam
3033 415 3362 472 Gallicanam
3393 426 3450 471 et
3486 418 3667 473 Μιιιιιη

393 516 716 579 cantabant,
745 514 839 570 sed
864 512 1133 569 canticum
1182 509 1486 576 Zachariae,
1534 510 1677 579 quod
1728 508 1979 563 Mozara-

392 606 488 661 bes
517 621 711 660 canere
742 621 848 659 non
875 604 1140 660 solebant.
1171 602 1371 657 Deinde
1405 600 1544 657 Galli
1570 603 1831 665 litaniam,
1864 602 1980 658 sive

396 694 558 767 Kyrie
581 697 772 750 eleison
804 696 855 749 in
882 697 1045 750 missa
1071 710 1168 749 sua
1196 694 1520 757 recitabant,
1554 703 1747 762 praeter
1772 708 1977 750 morem

393 784 980 857 Gotho-llispanorum.
1002 782 1265 841 Praeterea
1284 785 1593 839 Honoratus
1610 800 1639 838 a
1654 784 1853 840 Sancta
1870 785 1979 839 Ma-

391 878 470 932 ria
494 878 569 950 (α)
594 894 699 933 non
726 879 987 933 dubitavit
1015 893 1256 932 asserere
1277 878 1551 947 liturgiam
1580 877 1977 933 Mozarabicam

390 982 421 1022 a
459 966 732 1023 Gallicana
762 966 977 1023 differre
1020 969 1070 1022 in
1102 968 1371 1034 collectis,
1424 967 1599 1040 [xvtn]
1647 969 1701 1022 in
1732 970 1979 1024 lectioni-

390 1059 528 1125 bus,
559 1060 613 1113 in
661 1073 870 1115 canone
913 1058 1197 1114 missarum
1244 1058 1563 1126 multarum,
1616 1061 1670 1115 in
1719 1059 1980 1132 Symbolo

390 1150 788 1219 apostolorum,
827 1150 971 1218 quod
1015 1149 1331 1205 Mozarabes
1360 1161 1488 1206 ante
1537 1151 1840 1207 orationem
1873 1152 1973 1207 Do-

390 1242 642 1297 miuicam
693 1243 960 1307 recitanl,
1009 1243 1149 1297 etin
1197 1242 1356 1297 modo
1405 1242 1678 1298 dividendi
1720 1243 1974 1299 hostiam.

390 1332 468 1385 Ad
496 1333 609 1387 lucc
639 1341 817 1387 tamen
850 1332 1021 1387 facilis
1047 1342 1130 1387 est
1154 1342 1209 1387 et
1237 1332 1485 1402 expedita
1541 1334 1841 1405 responsio.

464 1425 547 1478 79.
584 1424 816 1480 Primum
864 1428 1005 1481 cnim
1039 1443 1141 1481 non
1172 1430 1301 1482 satis
1348 1437 1561 1482 cotistnt
1612 1444 1678 1481 an
1731 1427 1868 1483 Galli
1927 1428 1981 1483 in

394 1516 553 1570 tnissa
587 1518 840 1588 hyumum
873 1517 1053 1571 Gloria
1103 1520 1155 1571 in
1210 1519 1425 1572 excelsis
1478 1520 1843 1574 recitaverint.
1908 1519 1986 1574 De

388 1620 458 1659 eo
489 1606 703 1675 quidem
737 1609 936 1677 hymno
977 1609 1101 1662 silct
1130 1620 1351 1664 sanwtus
1380 1609 1679 1665 Germanus
1712 1609 1983 1666 Parisien-

386 1697 460 1751 sis
499 1700 612 1752 sive
656 1700 825 1765 alius,
874 1701 1182 1771 quicunque
1229 1700 1423 1763 luerit,
1470 1712 1710 1758 vetustus
1758 1713 1979 1770 auctor,

388 1788 765 1859 Expiicationis
808 1794 980 1847 missae
1008 1792 1316 1847 Gallicanae.
1368 1793 1474 1849 Sed
1503 1811 1623 1849 cum
1668 1795 1772 1849 alia
1823 1795 1976 1864 plura
2015 1794 2055 1851 Β

388 1884 667 1946 omiserit,
719 1886 995 1940 silentium
1052 1887 1171 1957 ejus
1200 1904 1308 1942 non
1359 1888 1557 1943 evincit
1604 1885 1788 1942 Gallos
1834 1887 1978 1943 hunc

388 1975 644 2045 hymnum
692 1977 741 2031 in
793 1978 953 2031 missa
1000 1992 1107 2033 non
1156 1986 1435 2044 cantasse,
1485 1995 1517 2034 e
1563 1991 1752 2036 contra
1781 1978 1979 2034 Sacra-

387 2068 706 2121 mentarium
765 2068 1065 2133 Bobiense,
1124 2070 1223 2124 sub
1272 2072 1375 2125 hoc
1423 2072 1608 2137 titulo,
1666 2068 1848 2126 Gloria
1904 2072 1975 2124 ad

384 2160 596 2211 missam
624 2159 950 2213 decantanda
969 2202 982 2225 ,
1019 2161 1238 2215 exhibet
1269 2162 1534 2231 integrum
1562 2163 1819 2233 hymnum
1847 2160 1978 2217 Glo-

388 2250 469 2299 ria
496 2249 550 2300 in
580 2249 818 2309 excelsis.
866 2257 973 2306 etc.
1023 2262 1077 2305 et
1124 2252 1257 2308 duas
1298 2256 1572 2308 orationes
1600 2253 1825 2323 subjicit
1857 2261 1979 2324 post

386 2335 641 2407 hymnum
671 2340 979 2394 recitandae
1011 2341 1109 2413 (b).

455 2450 557 2505 80.
612 2452 778 2507 Aiunt
834 2455 1049 2524 quidem
1110 2455 1606 2512 Sacramentarium
1664 2454 1973 2524 Bobiense,

388 2558 575 2612 puram
606 2556 658 2598 et
688 2554 868 2614 potam
910 2547 1175 2616 lituigiam
1202 2548 1533 2604 Gallicanam
1553 2566 1665 2604 non
1694 2551 1974 2606 exhibere.

387 2634 541 2700 Quod
568 2650 701 2689 sane
730 2651 1044 2692 VCl‘UllltSl.
1105 2639 1175 2693 At
1196 2654 1318 2695 cum
1376 2640 1600 2709 liturgia:
1650 2640 1978 2698 Sacramen-

389 2727 506 2781 tirii
555 2725 833 2781 Bobiensis
879 2730 1049 2796 prima
1100 2745 1256 2800 pars,
1311 2745 1435 2799 qua:
1464 2731 1530 2784 ad
1587 2729 1749 2786 bilem
1809 2746 1979 2802 usque

387 2818 801 2873 contestationis
851 2822 1125 2890 pertingit,
1157 2820 1435 2877 Gallicana
1476 2824 1586 2890 sit,
1643 2831 1699 2879 et
1751 2823 1980 2896 hymnus

386 2904 571 2960 Gloria
603 2908 788 2975 utique
816 2910 881 2964 ad
932 2910 1072 2966 hanc
1115 2922 1321 2979 partem
1348 2914 1645 2982 pertineat,
1692 2915 1979 2971 dicendum

386 2997 439 3051 vi
461 2999 599 3052 letur
627 2999 787 3053 etiam
819 2997 1001 3055 Gallos
1031 3002 1286 3073 hymnum
1314 3002 1495 3059 Gloria
1529 3006 1580 3060 in
1622 3006 1783 3061 missa
1841 3006 1981 3062 reci-

390 3097 549 3144 tasse.
582 3088 735 3146 Hanc
766 3092 1133 3161 conjecturam
1165 3092 1487 3150 confirmant
1517 3097 1654 3151 binae
1701 3097 1977 3154 orationes

389 3190 513 3251 post
556 3182 816 3253 hymnum
869 3184 1196 3252 recitandas,
1228 3187 1282 3241 in
1308 3190 1498 3242 eodem
1527 3186 1964 3245 Sacramenlario
2007 3169 2052 3233 Ο

389 3275 684 3342 appositae,
734 3292 856 3330 nam
913 3274 1020 3331 ritu
1050 3278 1366 3343 Gallicano,
1417 3274 1895 3351 Gotho—Hispano,
1928 3286 1983 3337 et

390 3365 727 3424 Mrzarabico
754 3369 1009 3441 hymnum
1037 3372 1213 3426 oratio
1256 3372 1621 3442 consequitur.

459 3458 549 3513 81.
576 3458 686 3514 llac
716 3469 896 3515 tamen
928 3463 980 3515 in
1010 3477 1070 3517 re
1121 3472 1237 3516 erat
1266 3458 1498 3518 fortasse
1527 3462 1769 3533 qumdam
1823 3460 1985 3518 disci-

390 3551 547 3621 plina:
576 3552 834 3617 varietas,
865 3568 985 3622 qua:
1029 3554 1099 3607 ob
1145 3553 1419 3609 defectum
1466 3554 1727 3608 librorum
1776 3551 1987 3610 ol‘licia-

391 3640 545 3706 lium,
578 3641 734 3696 nobis
782 3643 913 3697 satis
942 3654 1223 3714 perspecta
1272 3662 1377 3700 non
1408 3655 1491 3699 est
1511 3686 1526 3711 ,
1561 3655 1615 3700 et
1645 3645 1764 3699 alia:
1793 3643 1979 3701 Eccle-

391 3735 482 3788 sia:
502 3734 788 3791 Gallicanae
831 3736 1087 3807 hymnum
1135 3734 1315 3791 Gloria
1361 3738 1682 3802 cantabant,
1725 3737 1868 3808 quod
1917 3735 1985 3794 de

391 3824 456 3879 iis
483 3824 573 3893 qui
608 3823 1011 3892 Visigothorum
1053 3828 1286 3896 imperio
1310 3828 1600 3897 parebant,
1639 3834 1696 3883 et
1725 3828 1985 3884 concilio-

392 3930 508 3969 rum
567 3913 835 3986 liispauiaa
858 3916 1092 3973 decretis
1115 3919 1445 3989 regebantur
1470 3962 1485 3988 ,
1510 3931 1720 3975 certum
1750 3919 1981 3987 videtur;

389 4006 510 4060 alite
562 4022 725 4073 vero,
776 4009 1102 4078 quandoque
1155 4010 1299 4065 hunc
1344 4011 1599 4081 hymnum
1649 4014 1981 4078 cantabant,

391 4100 712 4168 quauloque
738 4100 1003 4155 canticum
1034 4098 1339 4167 Zacharize;
1361 4109 1416 4156 et
1445 4100 1658 4157 demum
1684 4105 1801 4159 alia:
1831 4104 1986 4175 bym-

390 4207 519 4245 num
547 4193 883 4261 angelicum,
936 4194 1093 4249 simul
1146 4210 1270 4250 cum
1323 4196 1536 4251 cantico
1575 4195 1878 4261 Zacharize,
1930 4197 1982 4253 in

391 4283 563 4337 missis
590 4285 920 4340 solemnibus
948 4294 1167 4341 cantare
1195 4286 1460 4340 solebant.

459 4373 549 4428 δε.
576 4370 743 4437 Quem
776 4389 979 4431 morem
1010 4379 1247 4431 tenui:se
1292 4373 1773 4445 Gotbo-liispanos
1804 4384 1858 4430 et
1886 4391 1985 4432 an-

391 4474 653 4541 tiquiores
704 4472 1017 4527 Mozarabes
1041 4514 1056 4536 .
1107 4471 1237 4527 mihi
1267 4470 1531 4526 credibile
1556 4479 1657 4527 est.
1694 4470 1983 4527 Reccntio-

2086 508 2320 561 rabicam
2368 505 2577 562 iuridari
2619 524 2728 563 non
2782 515 2989 578 potest,
3039 524 3162 563 nam
3208 509 3339 564 ritus
3364 509 3668 568 Gallicanus

2086 614 2193 652 non
2240 609 2358 665 est,
2413 599 2507 654 scd
2553 600 2769 655 concilii
2818 600 3037 657 decreto
3086 602 3156 669 (ο)
3206 603 3275 657 ab
3302 601 3449 656 lfalia
3498 611 3553 656 et
3600 605 3669 660 ab

2086 692 2215 747 urbe
2246 694 2415 748 Roma
2450 695 2824 750 translatitius.
2876 694 3141 751 Praeterea
3186 696 3499 753 Mozarabes
3523 698 3666 752 anti-

2082 789 2302 857 quiores
2362 790 2415 843 in
2471 790 2632 844 missa
2688 789 2851 861 Hyrie
2901 791 3092 868 eleieon
3144 793 3489 862 repetebant,
3540 808 3663 849 cum

2083 892 2269 949 preces
2298 879 2590 936 diaconica:
2636 881 2958 937 dicerentur.
2996 881 3059 936 Et
3109 884 3436 939 recentiores
3491 882 3689 937 Moza~

2082 969 2241 1023 rabes
2291 969 2346 1025 in
2374 971 2693 1040 quibusdam
2740 973 2919 1031 missis
2964 972 3128 1045 λίψ-ἕο
3170 974 3362 1029 eleison
3391 974 3673 1045 aliquoties

2080 1061 2286 1117 dicunt.

2153 1171 2241 1227 84.
2291 1171 2485 1229 Iisdem
2536 1174 2605 1228 de
2653 1177 2832 1229 causis
2876 1175 3165 1230 discrimen
3216 1176 3358 1231 inter
3405 1177 3672 1245 Iiturgiam

2083 1264 2474 1323 Moza'abicatn
2506 1278 2563 1324 et
2581 1268 2912 1324 Gallicanam
2945 1270 3200 1325 constitui
3231 1269 3417 1337 nequit
3440 1269 3491 1324 in
3512 1268 3675 1340 Sym-

2084 1362 2190 1416 boli
2244 1362 2589 1427 recitatione,
2644 1380 2767 1417 nam
2814 1365 2971 1419 valde
3017 1365 3274 1419 credibile
3318 1373 3402 1419 est
3454 1363 3671 1431 Gallos,

2084 1468 2190 1504 non
2219 1468 2376 1507 secus
2404 1464 2563 1525 atque
2592 1454 3077 1526 Cottio-Hispanos
3121 1457 3436 1528 Symbolum
3467 1458 3518 1511 in
3548 1460 3679 1514 mis-

2084 1558 2142 1597 sa
2171 1544 2455 1607 recitaSsc,
2496 1545 2686 1599 saltem
2719 1547 2769 1601 in
2814 1548 3135 1615 quibusdam
3183 1547 3471 1614 Ecclesiis,
3500 1558 3676 1605 exstat

2085 1635 2248 1700 enim,
2293 1636 2431 1705 apud
2461 1635 2775 1692 Martenium
2803 1640 2881 1709 (d)
2922 1638 3139 1693 homilia
3170 1640 3410 1711 quzedam
3439 1642 3502 1695 de
3529 1643 3679 1697 dedi-

2086 1726 2287 1778 calione
2309 1726 2504 1794 templi,
2524 1723 2658 1799 [xu]
2681 1740 2842 1795 quam
2873 1729 3114 1783 eruditus
3138 1727 3325 1785 Editor
3343 1739 3531 1785 sancto
3562 1732 3681 1785 Ca:-

2083 1816 2224 1867 sario
2275 1815 2578 1870 Arelatensi
2612 1816 2838 1884 tribuit,
2895 1817 2946 1871 in
2977 1833 3082 1887 qua
3129 1820 3332 1875 mentio
3360 1821 3416 1873 iit
3444 1820 3676 1892 Symboo

2083 1903 2150 1970 li,
2184 1902 2347 1958 Credo
2387 1904 2437 1957 in
2467 1921 2625 1959 unum
2677 1904 2841 1960 Deum
2896 1907 3103 1961 l‘atrem
3151 1910 3591 1979 omnipotentem,
3624 1912 3675 1965 in

2083 1995 2242 2049 missa
2272 1995 2483 2051 recitari
2513 1996 2677 2050 soliti.
2711 1997 2916 2052 Deinde
2970 2000 3103 2053 ritus
3138 2000 3396 2055 recitandi
3430 2000 3673 2072 Sytnboli

2084 2088 2136 2143 in
2187 2088 2381 2153 missa,
2415 2089 2672 2159 peculiari
2715 2090 2930 2144 concilii
2960 2090 3206 2146 Toletani
3236 2106 3292 2147 ιιι
3334 2092 3553 2148 decreto
3606 2094 3676 2163 (e)

2083 2180 2358 2234 institutus
2388 2177 2514 2247 fuit,
2545 2181 2847 2237 istiusmodi
2876 2191 3055 2237 autem
3102 2182 3292 2239 ritibus
3343 2186 3679 2240 trauslatiLis

2084 2272 2361 2327 aet-idebat
2392 2282 2452 2327 ut
2484 2273 2735 2329 Ecclesia:
2783 2289 2904 2345 qua:
2951 2275 3180 2329 decretis
3228 2276 3614 2341 conciliorum,
3647 2289 3680 2331 a

2080 2362 2276 2431 quibus
2302 2363 2536 2434 suscepti
2568 2372 2661 2418 aut
2690 2364 2917 2419 instituti
2942 2345 3189 2434 fuerant,
3221 2381 3327 2420 non
3386 2367 3680 2435 parebant,

2081 2468 2180 2522 pro
2209 2468 2307 2509 suo
2362 2455 2512 2511 libito
2560 2471 2655 2511 cos
2683 2457 2771 2511 vel
2818 2456 3139 2526 rejicerent,
3171 2458 3255 2512 vel
3304 2459 3674 2513 admitterent.

2081 2544 2259 2611 Quare
2287 2542 2552 2613 varietas,
2586 2547 2653 2601 ab
2682 2548 2946 2616 ejusmodi
2975 2548 3165 2604 ritibus
3192 2561 3308 2603 orta
3339 2562 3446 2602 non
3476 2547 3678 2602 sufﬁcit

2085 2633 2154 2687 ad
2188 2636 2522 2703 probandum
2574 2636 2755 2692 Gallos
2785 2638 3054 2707 liturgiam
3114 2639 3367 2694 habuisse
3413 2639 3681 2695 diversam

2082 2739 2111 2777 a
2154 2722 2597 2795 Gotho-Hispana
2634 2726 2748 2780 sive
2780 2726 3133 2782 Mozarabica.

2155 2812 2244 2871 85.
2280 2814 2450 2871 Porro
2488 2815 3024 2871 animadvertendum
3054 2816 3540 2890 Gotho-llispanos
3569 2835 3680 2874 non

2084 2910 2341 2963 recitasse
2365 2908 2417 2961 in
2444 2907 2603 2962 missa
2634 2905 2946 2979 Symbolum
2974 2909 3371 2977 apostolorum,
3405 2920 3466 2966 ut
3493 2912 3683 2967 scribit

2084 3003 2392 3058 llonoratus
2422 3018 2451 3056 a
2480 2998 2678 3057 Sancta
2724 3000 2888 3056 Maria
2928 3003 2996 3073 (f)
3016 3042 3031 3068 ,
3068 3003 3163 3057 sed
3191 2998 3506 3074 Symbolum
3538 3004 3683 3059 Con.

2084 3099 2646 3169 stantinopolitanum,
2678 3100 2753 3152 nti
2782 3112 2848 3153 ex
2880 3098 3111 3153 concilio
3134 3097 3395 3153 Toletano
3427 3116 3479 3154 ιιι
3509 3106 3679 3169 patet,

2086 3191 2323 3261 illudque
2354 3191 2492 3245 idem
2516 3198 2618 3255 est,
2646 3188 2789 3258 quod
2818 3198 3040 3245 sanctus
3067 3189 3302 3246 Isidorus
3326 3191 3425 3263 (g),
3458 3191 3680 3261 aliique,

2085 3281 2358 3336 Nicaenum
2385 3279 2745 3351 appellarunt.
2778 3279 2866 3347 At,
2899 3279 3071 3350 inquit
3102 3281 3204 3352 (Ιι),
3236 3280 3550 3337 Mozarabes
3578 3284 3682 3337 ho-

2085 3375 2241 3429 Stiam
2290 3374 2340 3427 in
2380 3386 2572 3427 novem
2600 3379 2783 3445 partes
2810 3370 3081 3441 dividunt,
3110 3371 3254 3441 quod
3295 3371 3433 3428 Galli
3464 3373 3686 3430 minime

2087 3464 2375 3522 iaciebant.

2157 3558 2243 3612 86.
2278 3558 2385 3613 Sed
2427 3555 2585 3612 velim
2634 3558 2773 3612 scire
2828 3570 2896 3610 an
2939 3556 3023 3611 vir
3066 3555 3311 3612 eruditus
3339 3572 3437 3611 nos
3484 3556 3686 3614 docere

2086 3647 2256 3716 possit
2285 3647 2336 3701 in
2368 3657 2496 3715 quat
2528 3655 2709 3716 partes
2737 3644 2874 3700 Galli
2921 3630 3217 3715 antiquitus
3260 3645 3466 3701 hostias
3493 3645 3682 3717 partiri

2085 3739 2366 3794 solebant?
2419 3736 2535 3794 lloc
2564 3739 2723 3809 igitur
2772 3738 3002 3810 primum
3045 3740 3335 3804 ostendat,
3385 3747 3441 3795 et
3483 3747 3596 3794 tum
3628 3740 3683 3796 in

2086 3826 2503 3900 iragmentorum
2535 3842 2759 3886 numero
2796 3830 3085 3885 discrimen
3129 3830 3458 3899 litorgiarum
3490 3837 3676 3903 ponat.

2157 3920 2246 3975 87.
2276 3920 2428 3987 Quod
2459 3922 2600 3977 idem
2631 3922 2707 3976 ait
2737 3921 2800 3993 (i)
2833 3920 3099 3990 lilurgiam
3130 3920 3456 3976 Gallicanam
3487 3921 3537 3975 in
3565 3922 3682 3976 colo

2086 4012 2259 4079 lectis,
2292 4012 2346 4066 in
2377 4012 2716 4076 lectionibus,
2749 4011 2802 4066 in
2828 4027 3037 4067 canone
3063 4012 3351 4066 multarum
3376 4012 3678 4075 missarum,

2087 4122 2116 4160 a
2145 4104 2480 4159 Mozarabica
2509 4103 2881 4168 discriminari,
2916 4103 2981 4157 ad
3011 4118 3121 4157 rem
3169 4116 3275 4157 non
3305 4112 3414 4167 est,
3454 4102 3680 4171 quiestio

2087 4196 2230 4250 enim
2257 4195 2343 4249 hic
2364 4193 2659 4249 instituitur
2676 4193 2744 4248 de
2766 4193 3095 4262 liturgiarum
3120 4189 3305 4248 Galliae
3330 4198 3384 4247 et
3413 4192 3679 4261 Hispaniae

2085 4289 2376 4343 concordia
2395 4328 2411 4354 ,
2440 4296 2533 4342 aut
2573 4286 2905 4352 diversitate,
2940 4302 3045 4341 non
3073 4294 3257 4340 autem
3284 4285 3354 4340 de
3382 4278 3676 4338 Misdalium

2086 4387 2141 4434 et
2171 4380 2629 4435 Lectionariorum
2679 4378 2823 4445 (sive
2868 4376 2956 4431 illa
2986 4375 3297 4441 Gallicana,
3331 4374 3446 4429 sive
3473 4373 3679 4429 Gotho-

2087 4469 2321 4538 llispana
2350 4468 2579 4539 fuerint)
2608 4467 2869 4523 varietate
2897 4475 2949 4522 et
2976 4466 3355 4537 discrepantia.

391 4536 478 4620 res
514 4572 690 4618 autem
743 4561 1074 4628 Mozarabes,
1105 4563 1157 4617 in
1182 4562 1346 4617 missa
1399 4562 1717 4617 brevitatem
1766 4562 1937 4617 secuti
1965 4604 1980 4629 ,
2012 4536 2063 4595 D
2159 4536 2248 4615 88.
2278 4558 2475 4629 Utique
2495 4536 2736 4614 eruditus
2764 4558 2979 4613 critices
3006 4557 3199 4612 doctor
3226 4556 3428 4626 optime
3454 4559 3681 4609 noverat

393 4653 657 4709 canticum
705 4654 974 4708 Zachariae
1018 4652 1330 4722 frequenter
1380 4654 1630 4708 omittere
1657 4660 1982 4720 cmperunt,

392 4743 633 4799 etmodo
655 4782 670 4807 ,
700 4744 885 4815 paucis
921 4744 1188 4816 exceptis,
1222 4744 1274 4797 in
1319 4744 1497 4799 missis
1523 4743 1574 4797 id
1621 4744 1844 4799 omnino
1872 4758 1982 4797 non

394 4844 613 4894 canunt.

463 4928 552 4983 83.
595 4928 676 4983 Ad
704 4928 864 4983 ritum
893 4928 1120 4985 canendi
1168 4927 1332 5000 Kyrie
1381 4928 1571 4983 cleison
1595 4928 1737 4997 quod
1765 4928 1979 4994 attinet,

469 5149 544 5219 (α)
578 5150 1085 5206 Animadversiones
1133 5150 1182 5203 in
1217 5165 1373 5205 usum
1419 5144 1633 5201 critices
1655 5187 1668 5211 ,
1720 5153 1849 5197 tom.
1886 5146 1903 5199 l
1932 5145 1971 5201 l.

401 5218 487 5274 lib.
522 5235 553 5271 ν
577 5262 591 5275 .
617 5224 742 5275 diss.
779 5240 861 5275 ut.
898 5231 999 5275 art.
1033 5221 1102 5275 5.
1132 5234 1264 5275 sect.
1296 5224 1359 5275 4.
1388 5234 1507 5275 pag.
1543 5216 1664 5275 M7,
1716 5215 1735 5267 1
1764 5213 1847 5275 Δ8.
1876 5216 1971 5272 Ed.

458 5240 487 5271 l.
522 5235 553 5271 ν
577 5262 591 5281 ,
617 5231 742 5276 diss.
779 5240 861 5280 ιιι.
898 5231 999 5276 art.
1033 5231 1102 5284 ὃ,
1132 5234 1264 5276 sect.
1296 5231 1359 5287 4,
1388 5234 1507 5287 pag.
1543 5231 1664 5279 ιιιι,
1716 5231 1735 5267 ι
1764 5231 1847 5284 δ,
1876 5231 1973 5272 tau.

403 5231 487 5274 lui.
522 5235 553 5271 ν
577 5262 591 5281 ,
617 5231 742 5276 diss.
779 5240 861 5280 ιιι.
898 5231 999 5276 art.
1033 5231 1102 5284 ὃ,
1132 5234 1264 5276 sect.
1296 5231 1359 5287 4,
1388 5234 1507 5291 pag.
1543 5231 1664 5279 Mi,
1716 5231 1735 5267 ι
1764 5231 1847 5284 Δξς,

403 5288 517 5343 Lat.
552 5290 739 5346 Venet.
780 5292 936 5347 1759.

475 5360 547 5429 (ὁ)
572 5360 720 5431 Sacr.
750 5364 994 5430 Bobien,
1026 5379 1079 5431 p.
1105 5362 1229 5422 981.
1252 5360 1371 5414 28:2.

471 5435 545 5494 (e)
578 5429 874 5499 Concilium
905 5429 1062 5488 Vasie
1100 5450 1159 5488 se.
1185 5475 1199 5499 ,
1231 5450 1351 5487 eun.
1384 5433 1437 5486 ‘2.

476 5499 554 5570 (ά)
584 5498 874 5573 Martenius
898 5544 912 5565 ,
949 5506 1015 5559 de
1042 5498 1211 5573 antiq’.
1248 5499 1453 5558 Eccles.
1485 5502 1597 5559 Rit.
1640 5502 1854 5572 tom.X,
1884 5505 1974 5560 lib.

407 5585 479 5626 ιιι.
513 5587 631 5633 cap.
663 5570 762 5635 12,
793 5575 895 5627 col.
936 5573 1052 5628 186.

473 5640 544 5707 (e)
571 5640 702 5694 Can.
737 5644 790 5696 5.

473 5714 545 5784 (ί)
572 5713 1077 5770 Altitttath‘l‘SlOltCS
1118 5716 1171 5770 iu
1214 5734 1365 5772 usum
1397 5720 1625 5786 crIliccs,
1663 5716 1799 5773 Edit.
1838 5718 1978 5784 Lat.,

2088 4654 2139 4708 iu
2194 4654 2385 4709 eadem
2431 4652 2677 4722 liturgia,
2730 4650 3053 4713 Missalium,
3099 4648 3678 4713 Sacramentariorum,

2088 4743 2582 4807 Lectionariorum,
2630 4742 2968 4809 aliorumque
3011 4740 3270 4795 librorum
3310 4738 3679 4805 liturgicormn

2085 4838 2453 4893 diversitatem
2483 4835 2728 4900 inveniri,
2752 4850 2857 4889 non
2885 4833 3026 4887 enim
3058 4830 3336 4902 ignorabat
3357 4828 3679 4885 Sacramen-

2084 4930 2222 4984 taria
2250 4928 2657 5000 Grcgorianutn,
2690 4924 3033 4982 Gelasimum
3075 4931 3131 4977 et
3178 4919 3533 4985 Leonianum,
3565 4932 3673 4975 non

2084 5149 2323 5205 Venetiis
2369 5149 2526 5217 1759,
2579 5158 2709 5204 tom.
2739 5149 2824 5215 ill,
2870 5148 2941 5203 lib
2992 5164 3044 5210 v,
3098 5146 3409 5217 dissertio,
3440 5152 3574 5217 sect.
3608 5143 3672 5207 1,

2087 5235 2205 5291 pag.
2246 5221 2381 5275 H7:
2418 5220 2482 5275 In
2514 5213 2761 5291 ngbolo
2813 5213 3359 5291 apostolorum,_quoil
3391 5213 3677 5291 recitabant

2089 5284 2208 5346 ἓιηῖε
2235 5295 2517 5345 υλαιὶοηεηι
2553 5284 2898 5345 Dominicant.
2924 5284 3067 5343 Idem
3098 5289 3149 5341 in
3180 5286 3425 5340 Editione
3449 5284 3674 5349 Gallica,

2090 5360 2303 5418 Parisiis
2328 5361 2484 5424 1720,
2512 5362 2725 5429 legitur,
2753 5369 2885 5415 tom.
2912 5359 2994 5423 Ill,
3022 5359 3112 5413 lib.
3137 5375 3188 5423 ν,
3220 5359 3321 5411 dis.
3354 5372 3430 5420 ιιι.
3458 5369 3592 5410 Scct.
3618 5354 3674 5419 4,

2125 5448 2189 5471 sm
2238 5434 2343 5471 99
3619 5445 3633 5459 '

2086 5433 2490 5623 ΡΩ(ῖὶέ1)‹ὶδῖξῗιριιιςι
2517 5501 2750 5556 isidorus
2779 5499 2847 5554 de
2866 5498 2964 5554 Oli.
2993 5498 3226 5563 Ecclcs.,
3247 5497 3345 5579 lib.
3370 5512 3407 5559 ι,
3432 5511 3551 5578 cap.
3586 5492 3669 5548 16.

2160 5580 2238 5623 ιιι
2271 5573 2579 5623 Honoratus
2622 5586 2650 5623 a
2699 5572 2897 5623 Sancta
2928 5568 3123 5623 Maria.
3161 5567 3407 5622 Aninmd.
3440 5583 3489 5619 In
3521 5580 3669 5619 usum

2160 5567 2238 5642 (li)
2271 5573 2579 5627 Honoratus
2622 5586 2650 5624 a
2699 5572 2897 5642 Sancta
2928 5568 3123 5642 Maria,
3161 5567 3407 5642 Animad.
3440 5569 3674 5642 l_n_ll§lllll

2087 5636 2231 5768 orig).
2253 5643 2414 5768 lIgilii,
2447 5660 2498 5716 ιι.
2536 5642 2655 5712 117,
2684 5640 2806 5710 118,
2838 5641 2936 5697 El.
2968 5640 3190 5708 Latium,
3222 5637 3412 5693 Venet.
3446 5636 3601 5691 l739.

2163 5726 2203 5768 it
2312 5733 2326 5768 ι
2371 5754 2384 5768 .

2163 5715 2224 5787 (ί)
2253 5715 2384 5770 ibid.
