4058 6178
300 278 369 336 29
1769 275 2160 333 ΡιὶᾸΞιδΑΤίΟ.
3522 289 3591 345 δυ

302 395 463 451 modo
488 394 541 449 in
571 407 800 448 numero
826 400 884 447 et
910 390 1222 462 prolixitate
1250 392 1553 447 orationum
1582 391 1893 447 missarum-
1922 399 1972 452 Α
1999 390 2230 447 hostiam
2257 399 2311 446 et
2339 392 2566 448 calicem
2607 401 2811 448 tectum
2845 395 3014 465 filiola
3043 394 3260 451 elevare
3286 439 3301 458 .
3348 405 3594 469 tempore

299 504 429 559 que,
450 485 546 541 sed
565 486 618 540 in
641 484 822 540 verbis
836 484 999 538 etiam
1023 491 1187 551 atque
1212 482 1264 537 in
1289 491 1546 538 contextu
1566 481 1891 551 discrepare,

299 578 429 648 quin
476 578 661 647 plures
704 574 1046 630 admittendxe
1089 575 1199 629 sint
1245 574 1474 643 liturgiae
1515 573 1794 638 Romanae,
1826 574 1894 627 ab

299 668 532 724 invicem
552 710 568 735 ,
599 683 697 737 pro
726 665 1021 720 Missalium
1062 680 1309 727 numero,
1342 665 1737 720 dissentientes.
1782 664 1893 718 No-

297 768 451 814 verat
475 773 694 829 quoque
717 772 877 811 unam
900 771 1018 812 esse
1044 755 1310 824 liturgiam
1336 754 1893 823 Constantinopolita-

300 864 447 915 nam,
480 850 580 903 etsi
603 849 763 902 missa
789 845 1160 916 Cbrysostomi
1182 844 1392 899 diversa
1414 843 1742 915 quandoque
1764 844 1835 898 sit
1862 859 1893 898 a

299 941 605 1005 Basiliana;
654 953 815 993 unam
860 952 980 992 esse
1028 936 1295 1004 litnrgiam
1337 935 1613 1008 Syriacam
1664 936 1716 989 in
1746 944 1893 990 tanta

298 1033 561 1085 varietate
590 1030 1000 1100 Anaphorarum
1024 1045 1038 1093 ;
1062 1043 1223 1082 unam
1260 1042 1381 1082 esse
1408 1024 1707 1098 Copticam,
1733 1042 1890 1080 unam

298 1123 737 1186 Alexandrinam,
777 1121 1025 1190 quamvis
1054 1120 1230 1174 missa:
1254 1120 1427 1174 sancti
1474 1119 1673 1185 Marci,
1719 1120 1891 1174 sancti

298 1215 502 1280 Basilii,
533 1215 702 1270 sancti
743 1214 951 1285 Cyrilli,
998 1222 1055 1268 et
1095 1213 1271 1270 sancti
1300 1210 1569 1281 Gregorii,
1618 1214 1670 1267 in
1712 1213 1892 1269 multis

297 1306 637 1360 dissentiant.
673 1303 844 1360 Unam
872 1304 1104 1373 denique
1150 1301 1313 1358 fuisse
1352 1303 1617 1370 litnrgiam
1661 1303 1894 1360 Gallica-

298 1410 439 1460 nam,
467 1397 716 1466 quamvis
738 1394 860 1449 libri
888 1393 1129 1451 Missales
1156 1404 1211 1449 et
1237 1393 1558 1448 Lectionarii
1582 1393 1891 1464 frequenter

296 1506 401 1545 non
446 1488 880 1555 concordabant,
932 1488 1011 1542 uti
1060 1502 1129 1541 ex
1172 1486 1237 1541 iis
1265 1485 1358 1556 qui
1403 1484 1579 1540 adhuc
1606 1497 1890 1557 supersunt

300 1583 568 1648 cettjicere
590 1582 739 1637 licet.

366 1672 454 1727 89.
487 1672 746 1739 Quamvis
776 1671 938 1740 igitur
965 1669 1181 1724 Missale
1206 1668 1553 1723 Mozarabum
1598 1668 1652 1722 in
1680 1670 1885 1723 oratio-

1999 480 2275 535 Adventus
2304 481 2481 535 omitti
2530 493 2747 537 cantum
2797 484 2980 556 hymni
3011 483 3192 540 Gloria
3239 489 3294 541 in
3338 492 3588 558 excelsis,

1997 569 2211 626 Missale
2240 573 2594 628 mutationem
2643 576 2931 643 quamdam
2982 592 3196 645 passum
3228 594 3345 633 esse
3375 582 3427 636 in
3469 597 3591 636 ora-

1998 662 2235 717 tiuncula
2278 661 2491 727 Adesto,
2546 663 2745 729 adesto,
2791 663 2911 717 Jesu
2963 664 3114 733 bone,
3160 683 3279 737 quzr
3336 672 3592 737 praecedit

1997 757 2397 811 consecratoria
2429 756 2625 811 Christi
2656 760 2818 811 verba
2846 774 2861 824 ;
2913 775 3103 814 omnes
3150 757 3319 814 ferme
3349 763 3593 817 rubricas

1996 849 2288 905 Dominica:
2314 850 2642 918 Palmarnm,
2674 851 2817 905 feria:
2848 853 3068 922 quintae,
3093 861 3149 906 et
3176 862 3341 909 sexta:
3372 855 3594 924 majoris

1995 943 2349 997 hebdomada:
2378 959 2407 996 e
2438 942 2638 996 Missali
2670 941 3216 999 Romano-Toletano
3245 945 3591 1016 depromptas

1995 1048 2146 1099 esse;
2195 1034 2248 1087 in
2280 1033 2479 1087 Missali
2510 1030 2745 1088 Ximenii
2795 1034 3089 1089 desiderari
3132 1035 3404 1090 rubricam
3452 1037 3591 1092 hanc

1995 1124 2155 1197 {xxi},
2186 1140 2348 1194 quam
2381 1124 2630 1179 Etherius
2660 1134 2717 1179 et
2770 1126 2968 1180 Beatus
2996 1126 3299 1180 retulerunt
3330 1126 3399 1198 (c)
3435 1145 3446 1179 :
3475 1143 3592 1180 cum

1994 1217 2335 1289 Evangelium
2366 1235 2397 1270 α
2437 1217 2590 1272 levita
2622 1234 2775 1286 super
2801 1216 2968 1271 altare
3010 1217 3228 1284 levatur,
3258 1218 3480 1287 primum
3508 1218 3589 1270 di-

1993 1309 2124 1361 citur
2150 1306 2289 1362 Laus
2310 1324 2437 1370 'nnl,
2466 1305 2602 1361 etab
2633 1307 2868 1361 omnibus
2915 1308 3258 1377 respondetur
3293 1308 3433 1362 Laus
3464 1325 3588 1372 TIBI,

1994 1397 2201 1452 Domus
2232 1413 2337 1452 max
2363 1412 2606 1451 areum:
2637 1412 2846 1451 GLORH:
2872 1414 2886 1461 ;
2918 1398 3058 1452 hanc
3081 1397 3239 1451 aliam
3272 1397 3542 1452 rubricam
3572 1414 3588 1448 ;

1994 1483 2213 1550 Quando
2242 1487 2426 1540 chorus
2457 1488 2579 1540 dicit
2604 1503 2779 1542 manu
2809 1504 2954 1543 IlI-1M]
2979 1490 3198 1553 accipiat
3222 1489 3462 1542 sacerdos
3493 1505 3591 1558 ρας

1990 1594 2097 1630 cem
2123 1578 2184 1631 de
2208 1588 2466 1648 pateua...
2500 1587 2545 1632 et
2570 1579 2658 1631 det
2682 1596 2795 1632 eam
2818 1579 3057 1643 diacono,
3080 1579 3157 1632 vel
3186 1597 3365 1648 puero,
3394 1589 3443 1633 et
3465 1596 3593 1649 puer

1991 1671 2072 1723 det
2098 1670 2309 1740 populo,
2330 1669 2568 1724 additam
2599 1668 2763 1723 fuisse
2786 1668 3011 1733 Missali,
3036 1679 3320 1737 postquam
3349 1686 3451 1739 pax
3473 1671 3591 1724 dari

300 1764 451 1819 nibus
488 1773 544 1817 et
583 1763 636 1817 in
669 1762 989 1817 lectionibus
1032 1760 1433 1829 Scripturarum
1478 1774 1587 1813 non
1628 1774 1751 1812 raro
1780 1760 1888 1813 dis-
1923 1752 1964 1809 Β
1990 1767 2164 1827 empta
2195 1769 2276 1813 est
2325 1757 2523 1812 tabella
2552 1757 2806 1826 quadam,
2855 1773 2974 1826 qua:
3003 1767 3154 1827 porta
3182 1773 3312 1827 pace
3342 1757 3591 1827 Hispanis

298 1858 493 1913 sentiat
520 1872 549 1910 a
577 1855 775 1911 Missali
798 1851 1212 1909 Gallo-Gothico
1236 1852 1385 1924 [xx],
1413 1860 1468 1907 et
1490 1868 1520 1906 a
1551 1851 1890 1907 Lectionario

301 1946 643 2012 Luxoviensi,
674 1961 781 2000 non
829 1944 955 1999 inde
980 1944 1328 2013 consequitur
1373 1944 1473 1997 hos
1519 1942 1685 1997 libros
1716 1943 1790 1996 ad
1809 1942 1890 1996 di-

298 2054 477 2094 versas
506 2038 752 2107 liturgias
781 2037 1121 2107 pertinuisse,
1155 2045 1245 2088 aut
1287 2031 1647 2097 Gallicanam,
1679 2032 1889 2087 Gotho—

295 2128 609 2200 Hispaam,
639 2137 695 2183 et
741 2128 1131 2183 Mozarabieam
1158 2142 1318 2181 unam
1349 2126 1703 2195 eamdemque
1740 2125 1889 2179 litur-

292 2224 431 2292 giam
462 2238 569 2277 non
596 2222 779 2278 fuisse.
810 2221 975 2287 Nam,
1003 2236 1124 2277 eum
1155 2220 1206 2274 in
1237 2218 1435 2273 Missali
1476 2215 1889 2273 Gallo-Gothico

295 2315 432 2368 idem
463 2322 626 2384 typus
655 2314 936 2382 liturgicus
965 2313 1285 2373 inveniatur,
1315 2309 1406 2378 qui
1446 2310 1498 2364 in
1544 2308 1741 2363 Missali
1770 2306 1888 2361 Ilo-

294 2407 547 2459 zarabnm
574 2403 828 2471 Ximenii,
858 2412 913 2457 et
942 2403 994 2458 in
1021 2411 1251 2473 utroque
1277 2400 1477 2455 Missali
1507 2399 1885 2469 deprehenda-

297 2504 380 2550 tur
414 2497 555 2549 idem
599 2510 873 2567 statuerus,
916 2494 1056 2549 idem
1088 2493 1243 2559 ordo,
1275 2492 1571 2561 eademque
1610 2489 1889 2560 dispositio

293 2590 636 2653 orationum,
684 2590 1006 2653 lectionum,
1059 2589 1442 2655 actionumque
1487 2585 1885 2653 liturgiearum,

292 2681 451 2736 ambo
482 2681 536 2735 hi
567 2681 688 2736 libri
715 2680 966 2736 censendi
993 2686 1120 2734 sunt
1149 2677 1215 2732 ad
1248 2694 1410 2732 unam
1443 2674 1797 2742 eamdemque
1825 2672 1887 2727 li-

294 2772 523 2840 turgiam
553 2772 844 2841 pertinere,
867 2788 983 2841 quae
1005 2771 1057 2824 in
1082 2770 1252 2826 Gallia
1276 2770 1405 2824 olim
1429 2777 1593 2837 atque
1617 2767 1668 2821 in
1698 2765 1888 2836 Hispa-

298 2863 380 2916 nia
408 2879 509 2918 usu
539 2871 595 2917 et
623 2865 775 2932 praxi
807 2861 1167 2918 Ecclesiarum
1197 2869 1414 2929 recepta
1443 2860 1562 2913 fuit.
1598 2857 1637 2910 E
1660 2858 1887 2912 diversi-

297 2963 403 3008 tate
429 2963 611 3008 autem
640 2953 935 3009 Missalium
964 2952 1019 3007 id
1048 2968 1215 3009 unum
1242 2953 1480 3019 legitime
1509 2950 1687 3019 colligi
1712 2957 1891 3020 potest

294 3058 385 3098 eas
410 3058 440 3096 a
468 3044 697 3099 diversis
725 3044 1034 3099 auctoribus
1062 3042 1226 3098 fuisse
1250 3041 1598 3111 compositas.

1990 1858 2366 1919 nuncupatur;
2407 1849 2637 1904 formam
2680 1848 2864 1919 hymni
2895 1846 3074 1901 Gloria
3120 1848 3174 1901 in
3224 1849 3441 1901 excelsis
3470 1863 3590 1917 quze

1992 1944 2045 1997 in
2076 1944 2273 1999 Missali
2318 1942 2552 1997 Ximenii
2584 1942 2782 2010 legitur
2810 1942 3150 2015 desumptam
3179 1954 3298 1993 esse
3327 1955 3357 1992 e
3389 1938 3589 1994 Missali

1991 2032 2286 2098 Toletano;
2311 2033 2550 2098 demum,
2568 2040 2708 2087 teste
2726 2031 2980 2086 Roblesio
2996 2031 3098 2100 (ά),
3117 2029 3327 2084 Missale
3347 2027 3589 2084 Mozara-

1990 2127 2116 2181 bum
2147 2126 2460 2195 inscriptum
2477 2125 2639 2179 fuisse
2661 2125 2711 2178 Μ
2721 2125 2876 2178 issale
2898 2123 3267 2193 mistum,quia
3300 2124 3589 2179 mandante

1990 2217 2243 2272 Ximenio
2258 2219 2517 2287 pleraque
2532 2217 2852 2281 recentiora,
2868 2215 3242 2270 Mozarabibus
3258 2216 3458 2283 ignota,
3474 2215 3589 2271 fue-

1990 2317 2116 2363 runt
2146 2309 2398 2373 immista,
2430 2323 2550 2379 qua:
2579 2325 2608 2363 e
2637 2306 2831 2363 Missali
2862 2306 3124 2362 Toletano
3156 2306 3585 2377 desumpserant.

2060 2400 2149 2457 95.
2182 2401 2307 2457 Hec
2345 2412 2492 2469 sunt,
2524 2418 2642 2473 quae
2672 2402 2871 2457 Missali
2907 2413 3092 2457 nostro
3132 2401 3359 2471 opponit
3402 2401 3585 2455 erudi—

1992 2501 2076 2547 tus
2106 2491 2181 2548 Le
2218 2492 2384 2559 Brun,
2432 2502 2489 2549 et
2524 2509 2644 2564 qua:
2675 2494 2742 2548 ab
2770 2494 2890 2559 aliis
2920 2495 3118 2563 passim
3170 2492 3331 2561 objici
3386 2492 3584 2547 solent.

1990 2585 2194 2652 Quibus
2232 2586 2348 2655 ipse
2392 2586 2645 2639 nonnulla
2689 2585 2880 2652 adjeci.
2924 2585 2981 2639 Si
3029 2583 3161 2656 quid
3202 2586 3344 2639 enim
3391 2581 3587 2639 olfendi

1990 2676 2133 2745 quod
2162 2694 2190 2731 a
2222 2677 2419 2743 ritibus
2446 2675 2916 2747 Gotho-llispanis
2946 2677 3254 2745 discrepare
3284 2676 3586 2742 videbatur,

1991 2765 2045 2820 in
2102 2766 2244 2821 notis
2296 2766 2547 2823 iudicavi.
2605 2766 2731 2822 Haec
2768 2775 2948 2822 tamen
3006 2765 3301 2835 integritati
3364 2767 3589 2835 liturgiae

1992 2856 2219 2912 Missalis
2247 2856 2485 2912 Ximenii
2531 2874 2636 2912 non
2675 2858 2746 2912 ita
2779 2866 2993 2922 nocent,
3037 2867 3100 2912 nt
3145 2855 3589 2928 GothoAHispana

1991 2949 2097 3004 dici
2125 2957 2378 3018 nequeat.
2426 2947 2695 3019 Quidquid
2721 2950 2865 3003 enim
2888 2947 3200 3003 Mozarabes
3237 2949 3585 3011 innovarunt,

1992 3038 2043 3091 id
2071 3056 2231 3093 omne
2259 3049 2352 3093 aut
2377 3039 2427 3093 in
2462 3040 2645 3108 paucis
2669 3040 2874 3103 missis,
2906 3048 3000 3094 aut
3021 3040 3073 3092 in
3115 3040 3342 3093 rubricis
3368 3039 3589 3109 quibus-

362 3134 449 3187 90.
482 3133 748 3203 Denique,
778 3132 922 3203 quod
949 3134 1093 3187 addit
1124 3133 1221 3202 (α),
1253 3109 1522 3201 ιίιυτέίειιη
1552 3130 1881 3186 Gallicanam
1913 3109 1955 3170 Ο
1985 3130 2108 3185 dam
2133 3130 2499 3201 reponendum
2528 3140 2631 3195 est,
2684 3147 2747 3186 ac
2786 3131 2961 3187 missa;
3011 3131 3353 3186 Mozarabiea:
3398 3147 3589 3186 omnes

296 3226 347 3279 in
369 3242 581 3281 canone
609 3227 897 3281 multarum
928 3226 1210 3281 missarum
1252 3240 1283 3278 a
1321 3223 1660 3278 Mozarabico
1687 3222 1881 3277 discri-

296 3320 505 3383 minari,
534 3320 693 3388 plane
728 3312 929 3374 fallitur
955 3337 969 3372 ε
995 3334 1117 3373 nam
1144 3317 1320 3372 missa:
1351 3313 1663 3377 Gallicanae,
1681 3322 1737 3369 et
1764 3313 1880 3367 Mo-

296 3412 551 3465 zarabica:
578 3426 845 3466 eanonem
873 3411 1092 3466 omnino
1133 3425 1243 3464 non
1282 3408 1514 3469 habent,
1559 3406 1609 3459 in
1641 3421 1705 3461 ea
1736 3406 1884 3461 vocis

297 3506 609 3575 acceptione
638 3519 744 3574 qua
776 3507 977 3561 utimur
1004 3522 1126 3562 cum
1151 3505 1218 3559 de
1246 3505 1407 3559 missa
1436 3505 1676 3559 Romana
1704 3518 1884 3558 sermo

300 3607 391 3651 est.
424 3599 769 3655 Oratiuncula
800 3600 885 3654 illa
912 3601 1125 3665 Adesto,
1157 3599 1359 3665 adesto,
1396 3597 1523 3652 .lesu
1568 3598 1717 3662 bona,
1748 3604 1882 3664 etc.,

299 3689 631 3745 nianilestum
660 3700 746 3746 est
773 3693 1135 3747 recentiorum
1174 3690 1519 3746 llozarabum
1548 3689 1886 3744 additamen-

300 3790 435 3847 ιυιιι,
469 3800 570 3840 nec
608 3801 804 3841 nomen
831 3786 1047 3840 canonis
1078 3794 1335 3841 meretur.
1377 3782 1670 3853 Perperam
1719 3780 1883 3836 etiam

300 3874 455 3942 aliqui
486 3877 706 3931 nonnae
733 3879 947 3932 monis
970 3878 1241 3932 donarunt
1269 3875 1575 3931 orationem
1601 3882 1718 3944 post
1744 3872 1889 3930 Sau-

301 3975 423 4026 aus.
454 3980 578 4035 quae
604 3967 875 4037 appendix
906 3968 1162 4023 illationis
1188 3966 1296 4022 dici
1321 3965 1498 4020 debet.

354 4056 383 4129 ς
410 4056 519 4113 νιι.
553 4056 910 4132 Respondetur
934 4060 995 4115 iis
1024 4059 1111 4132 qui
1137 4058 1283 4115 aiunt
1311 4057 1573 4131 liturgiam
1596 4052 1655 4111 Μ
1660 4054 1831 4111 issalis

779 4131 1007 4186 Xintenii
1038 4131 1266 4186 vitiatam
1291 4146 1421 4184 esse.

366 4219 454 4275 9i.
484 4220 704 4291 Majoris
731 4232 816 4278 est
843 4224 1100 4278 momenti
1128 4223 1232 4276 alia
1274 4222 1570 4287 accusatio,
1620 4218 1888 4287 liturgiam

300 4315 683 4370 Mozarabicam
714 4316 943 4370 missalis
971 4313 1205 4370 Ximenii
1230 4315 1364 4368 adeo
1390 4313 1630 4367 vitiatam
1657 4325 1799 4378 esse,
1828 4317 1891 4363 ut

300 4406 479 4459 eadem
509 4406 613 4463 dici
662 4418 894 4478 nequeat
919 4416 1080 4479 atque
1114 4405 1583 4476 Gotho—Hispana.
1619 4403 1770 4460 lianc
1799 4419 1888 4458 ac-

1982 3220 2209 3275 formam
2241 3221 2529 3288 genuinam
2585 3219 2813 3286 litnrgiae
2844 3219 3306 3290 Gotho-Hispanze
3345 3219 3586 3273 retinue-

1983 3327 2129 3383 runt,
2156 3334 2254 3373 nec
2279 3333 2382 3373 una
2404 3326 2486 3372 est
2515 3333 2700 3372 earum
2727 3332 2848 3388 qua:
2894 3316 3137 3373 ordinem
3163 3317 3464 3373 Romanum
3495 3326 3589 3373 aut

1983 3410 2393 3465 Ambrosianum
2421 3418 2679 3465 sectetur.

2055 3504 2144 3559 94.
2198 3504 2447 3559 Rubrica:
2498 3519 2628 3560 vero
2656 3519 2792 3573 quas
2839 3514 3097 3574 tanquam
3146 3512 3395 3559 recentes
3449 3502 3589 3571 obii-

1983 3595 2167 3657 ciunt,
2210 3604 2265 3650 et
2297 3595 2473 3651 minus
2519 3595 2698 3651 multa:
2742 3604 2899 3661 sunt,
2932 3595 3165 3650 maxime
3210 3594 3253 3649 si
3301 3610 3423 3649 cum
3473 3602 3586 3649 tota

1985 3686 2129 3740 mole
2172 3686 2406 3741 missalis
2429 3685 2799 3754 conferantur,
2831 3697 2885 3743 et
2912 3686 3202 3755 integritati
3234 3686 3365 3741 ritus
3390 3683 3589 3741 Gotho.

1985 3775 2205 3846 Hispani
2250 3793 2439 3846 parum
2492 3778 2755 3833 ofﬁciunt.
2825 3776 2981 3847 Quod
3012 3789 3070 3833 ut
3118 3778 3315 3833 clarius
3366 3786 3588 3848 pateat,
3654 3780 3659 3787 '

1985 3865 2229 3920 rubricas
2256 3866 2352 3920 has
2382 3867 2435 3921 in
2464 3865 2667 3921 classes
2698 3867 2906 3938 aliquot
2926 3866 3127 3922 divido.

2058 3953 2147 4009 95.
2181 3955 2238 4008 Et
2274 3956 2325 4010 in
2369 3958 2541 4024 prima
2573 3958 2744 4014 classe
2771 3974 2862 4015 eas
2892 3959 3137 4017 rubricas
3188 3958 3398 4019 colloco
3421 4001 3436 4028 ,
3466 3973 3589 4028 truce

1986 4054 2231 4103 vetustos
2272 4045 2409 4102 ritus
2438 4042 2918 4119 Gotbo-llispanos
2948 4050 3014 4104 ad
3063 4050 3376 4104 memoriam
3426 4066 3589 4104 revo-

1988 4152 2112 4195 cant
2142 4180 2157 4202 ,
2207 4154 2435 4207 quorum
2489 4140 2733 4209 reliquim
2781 4141 3026 4209 quaedam
3077 4150 3245 4204 sunt,
3299 4141 3389 4210 qui
3440 4149 3593 4198 certe

1989 4228 2297 4298 antiquitati
2320 4224 2552 4284 Missalis
2576 4226 2805 4297 ejusque
2834 4228 3066 4297 liturgiz
3093 4229 3389 4298 integritati
3432 4230 3591 4284 mini-

1990 4337 2079 4375 me
2125 4321 2327 4376 obsunt
2357 4363 2371 4385 ,
2399 4321 2510 4376 imo
2562 4319 2965 4392 quodammodo
3014 4331 3262 4392 prosunt.
3312 4316 3589 4389 Ejusmodi

1992 4419 2084 4467 est
2112 4412 2325 4467 rubrica
2351 4411 2442 4466 illa
2469 4427 2573 4480 qua
2631 4412 2685 4466 in
2732 4413 2892 4466 missa
2944 4412 3111 4466 votiva
3163 4412 3459 4467 omnimodo
3487 4454 3500 4476 ,
3533 4416 3588 4466 et

298 4498 627 4552 cnsationem
689 4515 798 4569 pra:
839 4501 1048 4555 caeteris
1095 4514 1287 4568 magna
1336 4498 1655 4553 eruditionis
1700 4499 1886 4568 specie
1920 4478 1966 4539 θ
1994 4502 2045 4555 in
2077 4502 2252 4557 missis
2307 4501 2690 4557 defunctorum
2747 4508 3004 4558 sacerdos
3057 4512 3309 4558 monetur
3363 4512 3422 4557 ut
3471 4511 3587 4573 post

298 4599 576 4656 promovet
605 4587 666 4643 P.
695 4588 886 4646 Petrus
933 4591 1007 4646 Le
1034 4590 1179 4645 Brun
1210 4590 1308 4663 (ὁ).
1358 4595 1487 4662 Qua:
1516 4595 1605 4650 alii
1652 4592 1881 4663 Sparsitn

294 4682 620 4751 scripserant
639 4683 690 4736 in
711 4700 875 4738 unum
896 4687 1159 4755 congerit,
1179 4690 1397 4759 suisque
1416 4687 1884 4744 observationibus

295 4780 453 4838 anget
480 4778 537 4825 et
564 4771 826 4855 illustrat.

364 4861 454 4917 92.
488 4864 557 4916 At
584 4864 710 4933 quid
734 4867 951 4922 tandem
982 4870 1245 4940 opponit?
1272 4872 1515 4939 scilicet,
1541 4872 1885 4944 presbyteros

294 4952 680 5022 Mozarabicos,
705 4958 1013 5028 priusquam
1038 4977 1219 5020 sacras
1240 4974 1418 5019 vestes
1438 4965 1681 5030 induant,
1704 4966 1885 5021 dicere

294 5043 419 5109 Ave,
458 5043 664 5109 Maria;
696 5048 912 5115 quando
940 5049 1007 5103 ad
1037 5065 1186 5105 aram
1228 5053 1509 5119 accedunt,
1542 5055 1773 5123 primum
1800 5053 1885 5107 di—

296 5148 420 5187 (ere
442 5135 546 5189 Are
572 5134 768 5204 Maria,
814 5153 877 5193 ac
904 5140 1100 5195 deinde
1128 5144 1519 5199 confessionem
1564 5146 1742 5202 fac-re
1769 5165 1785 5214 ;
1816 5147 1885 5202 ab

292 5226 670 5290 ara,absoluta
692 5229 876 5295 missa,
900 5246 1225 5299 recessuros,
1250 5236 1431 5290 dicere
1448 5238 1621 5303 Salve,
1648 5237 1883 5309 Regina;

293 5315 514 5382 quando
544 5318 795 5371 amictum
842 5320 1088 5387 induunt,
1136 5323 1315 5379 dicere
1360 5326 1595 5396 lmpoue,
1646 5327 1881 5393 Domine,

295 5414 399 5458 etc.
433 5407 706 5476 (amictus,
738 5410 939 5480 inquit,
976 5422 1218 5483 tempore
1263 5416 1487 5471 Leandri
1519 5426 1571 5471 et
1615 5418 1799 5473 lsidori
1831 5421 1883 5473 in

294 5512 399 5552 usu
441 5514 549 5552 non
595 5502 785 5571 erat);
833 5502 969 5558 facta
1017 5506 1408 5563 elementorum
1455 5513 1882 5579 consecratione,

366 5608 444 5675 (a)
474 5609 606 5663 Ibid.

332 5678 444 5757 .(b)
575 5679 863 5762 Petzns‘Lc
895 5684 1064 5762 Brun.
1102 5687 1408 5762 Explicatio
1429 5690 1621 5761 Missa),
1654 5701 1784 5762 tom.
1818 5695 1882 5762 ll,

290 5746 497 5806 dissert
548 5766 607 5820 ν,
641 5753 838 5823 att.‘2,
894 5756 1005 5827 δι,
1041 5746 1318 5831 pag.'501,
1375 5746 1636 5819 ειιίιίοιιίέ
1667 5746 1881 5822 Gallica:

1984 4596 2301 4664 sacriﬁcium
2356 4595 2505 4649 dicat
2563 4593 2727 4666 Kyrie
2779 4596 3012 4658 eleison,
3092 4604 3150 4649 et
3221 4595 3460 4661 chorus,
3528 4598 3586 4649 ut

1986 4691 2309 4760 respondeat
2337 4689 2542 4745 Christe
2574 4691 2767 4744 eleison
2794 4731 2809 4754 ,
2848 4687 3010 4760 Kyrie
3036 4688 3228 4742 eleison
3260 4728 3277 4756 ,
3320 4702 3442 4756 qua:
3472 4704 3587 4741 ves-

1986 4780 2111 4849 tigia
2157 4780 2402 4849 qumdam
2459 4779 2683 4835 retinuit
2730 4796 2940 4850 precum
2990 4778 3253 4849 ﬁdelium,
3309 4777 3359 4832 in
3390 4777 3587 4847 quibus

1985 4871 2052 4926 ad
2074 4872 2313 4941 singulas
2342 4872 2557 4927 diaconi
2591 4873 2904 4943 petitiones,
2935 4871 3187 4941 p0pulus,
3242 4870 3385 4924 elata
3410 4883 3542 4923 voce
3563 4909 3580 4933 ,

1985 4962 2346 5030 respondebat
2377 4960 2538 5035 Kgrie
2559 4962 2775 5029 eleison,
2803 4972 2858 5016 et
2886 4960 3090 5016 Christe
3118 4962 3329 5015 eleison.

2055 5056 2143 5110 96.
2173 5055 2434 5111 Secundm
2484 5055 2669 5110 classis
2720 5055 2951 5109 rubrica:
2998 5054 3066 5108 ad
3102 5054 3295 5107 missas
3345 5050 3581 5120 privatas

1987 5148 2278 5218 pertinent,
2314 5147 2379 5201 ad
2403 5163 2494 5203 eas
2523 5147 2729 5201 scilicet
2766 5161 2901 5214 quas
2931 5144 3213 5215 presbyter
3251 5143 3370 5197 sine
3398 5143 3583 5196 minis-

1988 5252 2193 5294 trorum
2263 5247 2524 5307 apparatu
2598 5236 2877 5302 faciebat,
2943 5234 3205 5303 ejnsniodi
3282 5242 3412 5287 sunt
3461 5249 3581 5304 qua

1987 5339 2209 5385 monent
2264 5332 2634 5402 presbyterum
2691 5340 2749 5385 ut
2817 5332 2930 5399 ipse
2981 5329 3126 5382 dicat
3182 5326 3432 5393 Oremus,
3468 5329 3582 5397 ipse

1989 5423 2151 5475 Aures
2200 5423 2269 5475 ad
2320 5421 2635 5485 Dominum,
2681 5421 2795 5490 ipse
2844 5418 3211 5485 Evangelium,
3244 5418 3579 5487 Apostolum,

1988 5522 2042 5569 ct
2092 5516 2407 5584 prophetam
2462 5514 2601 5583 legat
2635 5557 2650 5580 ,
2702 5513 2912 5582 aliaque
2958 5512 3105 5567 dicat
3148 5522 3204 5569 et
3261 5511 3420 5570 faciat
3463 5530 3580 5583 qtae

1990 5626 2227 5681 Parisiis.

2063 5703 2169 5763 (ε)
2204 5698 2360 5769 Liter
2392 5696 2604 5769 advers.
2640 5696 2962 5769 Elipantnm.

2063 5770 2138 5839 (ά
2158 5778 2175 5837 )
2201 5767 2255 5823 in
2290 5768 2404 5825 Vita
2436 5766 3002 5841 cardinalis'xnncnii,
3032 5784 3151 5843 cap.
3184 5766 3273 5824 32.
