4058 6178
438 325 503 381 δι

438 441 491 493 in
542 436 705 493 missa
748 434 974 493 solemni
1020 435 1374 491 diaconorum
1430 440 1620 489 erant.

436 529 661 584 rubricae
688 527 856 582 ferme
882 541 1071 582 omnes
1099 527 1332 595 antiqum
1363 535 1507 580 sunt.
1543 524 1674 578 Nam
1707 522 2019 579 sacerdotes

436 618 614 673 Gutho
643 618 882 689 Hispani,
901 634 1022 673 cum
1045 619 1161 673 sine
1183 617 1441 671 ministris
1459 631 1613 670 sacra
1638 614 1878 669 facerent
1916 614 2017 683 ipsi

436 726 499 766 ea
530 713 759 778 agebant
783 726 899 781 qua:
931 712 981 764 in
1032 712 1191 765 missa
1223 710 1449 764 solemni
1479 708 1737 763 diaconus
1764 709 2014 762 faciebat.

440 796 448 804 ’
506 800 594 854 97.
630 801 1066 855 Praetereundum
1115 818 1222 854 non
1272 810 1356 855 est
1386 800 1617 854 Missalia
1669 800 1846 863 mista,
1901 801 2016 854 sive

436 892 683 962 plenaria
711 936 725 959 ,
776 894 936 961 quale
966 902 1048 947 est
1086 892 1300 948 Missale
1341 891 1573 947 Ximenii
1606 934 1619 952 .
1652 894 1920 962 prmcipue
1948 892 2015 945 ad

436 999 589 1039 usum
643 984 981 1038 sacerdotum
1048 985 1138 1055 qui
1192 1000 1345 1039 sacra
1405 985 1655 1055 privatim
1709 984 2012 1047 faciebant,

434 1076 626 1148 [χχιι]
658 1077 956 1145 composita
988 1076 1151 1131 fuisse
1177 1119 1190 1138 ,
1223 1088 1316 1131 aut
1365 1093 1550 1130 eorum
1602 1078 1691 1145 qui
1771 1077 2015 1131 ccclesiis

432 1169 701 1226 ruralibus
717 1177 771 1223 et
789 1170 1527 1233 tenuioribusdeserviebant,
1543 1172 1738 1238 quiuis
1758 1170 2023 1237 librorum

431 1274 709 1314 sacrorum
728 1262 883 1330 copia
915 1272 969 1313 et
997 1261 1363 1314 ministrorum
1394 1270 1686 1330 apparatus
1708 1259 2007 1312 deliciebat.

501 1347 589 1403 98.
623 1348 678 1403 In
710 1350 886 1404 missis
914 1358 1096 1404 autem
1122 1351 1344 1419 privatis
1384 1365 1507 1404 cum
1552 1366 1658 1403 non
1689 1347 1841 1403 litrt-t
1884 1364 2012 1403 con-

430 1439 515 1493 cio
542 1480 555 1503 ,
594 1456 694 1495 nec
725 1442 1059 1509 publicorum
1109 1440 1481 1510 pmnitentium
1507 1484 1521 1507 ,
1564 1448 1619 1493 et
1663 1440 2010 1494 catechume—

432 1548 624 1585 norum
682 1531 1040 1597 dimissiones,
1083 1531 1149 1585 de
1177 1531 1458 1596 concione,
1516 1531 1584 1585 de
1633 1532 1879 1600 precibus
1912 1546 2011 1600 pro

429 1621 855 1692 paenitentibus,
889 1637 1011 1676 cum
1060 1622 1163 1677 illis
1212 1636 1406 1675 manus
1457 1622 1904 1690 imponerentur,
1959 1629 2013 1674 ct

427 1711 497 1779 de
542 1727 728 1767 eorum
761 1720 815 1766 et
852 1712 1358 1767 cltecltumenorum
1416 1712 1781 1780 prostratione
1805 1754 1819 1776 ,
1854 1722 2013 1781 atque

1891 319 2279 376 PRAEFATIO.

1693 431 1785 486 Ha!
1834 441 2013 485 autem
2049 433 2095 488 Α

3638 326 3705 379 3?

2195 432 2315 487 10οζ
2368 434 2567 500 Quarta
2616 435 2805 492 classis
2871 451 2964 493 eas
3011 437 3252 492 rubricas
3290 439 3515 507 complet
3536 441 3709 505 titur,

2120 539 2238 593 qua:
2283 527 2630 581 caeremonias
2655 527 2909 597 quasdam
2962 529 3290 583 recentiores
3322 530 3393 583 ita
3438 530 3702 598 dirigunt,

2122 623 2178 667 ut
2204 630 2353 670 more
2384 617 2612 685 antiquo
2650 616 2798 672 flant.
2854 619 2932 672 Atl
2981 619 3117 675 hanc
3162 620 3386 674 classem
3437 622 3705 689 pertineant

2117 705 2525 761 benedictiones
2572 708 2917 763 candelarum
2948 752 2962 775 ,
3028 711 3115 765 die
3155 701 3608 782 'I’urilicatiouis,
3650 723 3712 769 et

2119 796 2369 850 Cinerum
2396 841 2410 863 ,
2462 798 2489 852 f
2514 800 2593 853 ria
2648 812 2836 868 quarta
2863 842 2877 868 ,
2930 802 2981 855 in
3033 803 3211 869 capite
3252 803 3461 871 jejunii,
3494 819 3705 857 earum-

2118 903 2222 956 que
2252 890 2493 944 robricte.
2542 891 2649 946 Sed
2696 908 2869 961 neque
2918 894 3001 947 lue
3055 894 3297 949 officiunt
3353 898 3528 964 prisco
3579 898 3717 952 ritu'r

2117 977 2292 1033 ϐηῑίιο
2325 981 2556 1052 Hispano
2589 1000 2602 1034 :
2636 999 2756 1036 nam
2785 1000 2905 1037 cum
2955 983 3180 1037 formam
3227 994 3487 1039 vetustam
3538 988 3705 1041 benc-

2117 1072 2327 1126 dicendi
2391 1075 2695 1143 retineant,
2764 1076 2832 1130 ad
2886 1077 3151 1145 litutgiam
3200 1075 3703 1149 Gotlxo—llispanam

2116 1166 2387 1233 pertinere
2419 1170 2706 1223 consentite
2728 1178 2875 1221 sunt.

2188 1255 2310 1310 101.
2352 1256 2547 1322 Quinta
2577 1258 2761 1311 classis
2805 1274 2899 1315 eas
2946 1260 3106 1315 habet
3152 1262 3394 1317 rubricas
3440 1265 3707 1319 recent’o-

2115 1361 2201 1400 res
2228 1387 2244 1412 ,
2286 1347 2481 1417 quibus
2511 1351 2785 1404 orationes
2813 1350 3042 1405 Missalis
3081 1353 3476 1408 contradicunt.
3512 1355 3704 1408 bolen~

2114 1436 2238 1490 (lum
2268 1452 2399 1491 sane
2429 1439 2525 1493 has
2553 1454 2583 1493 e
2606 1439 2804 1496 Missali
2832 1443 3068 1497 sublatas
3095 1460 3201 1498 non
3235 1445 3395 1503 fuisse
3419 1485 3435 1511 ,
3483 1446 3499 1518 ι
3523 1463 3652 1501 xxut
3687 1448 3705 1520 j

2114 1544 2236 1583 cum
2280 1530 2420 1600 typis
2448 1530 2719 1587 ederetur.
2750 1533 3106 1590 Nihilominus
3137 1537 3443 1606 antiquitati
3478 1539 3655 1607 liturgi
3676 1558 3731 1594 e-

2115 1619 2343 1676 Missalis
2372 1623 2538 1677 nostri
2572 1639 2759 1694 parum
2792 1634 3025 1692 nocent,
3074 1642 3258 1682 secum
3309 1630 3451 1682 enim
3477 1670 3492 1694 ,
3547 1640 3605 1683 ut
3632 1632 3714 1685 ita

2118 1710 2291 1764 dicam
2315 1751 2331 1777 ,
2366 1728 2521 1766 suum
2581 1712 2833 1768 deferunt
2885 1715 3231 1771 antidotum:
3269 1718 3532 1786 ejusmodi
3581 1729 3707 1774 sunt

428 1803 496 1858 ab
526 1804 756 1858 ecclesia
788 1802 1087 1871 ejectione,
1124 1801 1175 1854 in
1231 1800 1381 1854 libris
1422 1799 1721 1855 Missalibus
1766 1801 2017 1870 plenariis
2052 1784 2097 1843 Β
2125 1801 2356 1855 rubrica:
2403 1801 2568 1855 oflitii
2618 1804 2826 1859 sabbati
2875 1807 3045 1861 sancti
3072 1844 3087 1870 ,
3118 1822 3237 1875 qme
3292 1784 3605 1878 prarcipiunt
3647 1818 3733 1863 ut.-

428 1909 550 1947 raro
579 1893 634 1946 fit
665 1893 884 1947 mentio.
907 1892 963 1944 ln
1004 1891 1304 1959 bujusmodi
1335 1890 1483 1946 libris
1505 1907 1627 1946 raro
1650 1891 1810 1946 etiam
1835 1907 2020 1961 preces

427 1985 717 2039 diaconica:
793 1983 1174 2047 inveniuntur,
1238 1997 1364 2035 nam
1428 1982 1730 2048 diaconus,
1800 1984 2017 2052 quando

429 2076 691 2146 ejusmodi
722 2075 896 2129 missis
920 2076 1283 2142 inserviebat,
1338 2074 1610 2132 inferioris
1660 2077 1839 2132 clerici
1896 2094 2016 2132 mu-

427 2183 509 2223 ne:
526 2184 556 2223 e
603 2168 943 2236 fungebatur.

502 2260 590 2314 99.
618 2259 672 2313 lo
706 2261 866 2314 missa
895 2258 1363 2328 Gotho-llispana,
1390 2267 1445 2314 et
1473 2259 1524 2313 in
1555 2259 1889 2316 Mozarabica
1917 2276 2014 2316 an-

429 2351 652 2422 tiquitus
691 2352 855 2406 semel
908 2360 1112 2406 tantum
1145 2351 1479 2406 Eucltaristia
1534 2351 1844 2407 elevabatur
1890 2360 2014 2423 post

426 2443 625 2497 dictum
683 2441 753 2497 Te
795 2453 1073 2512 prwstante
1103 2444 1179 2513 (α)
1206 2483 1220 2505 ,
1252 2444 1417 2498 semel
1468 2444 1629 2496 etiam
1660 2443 1822 2497 fiebat
1875 2461 2010 2513 apo-

428 2534 586 2605 logia,
641 2551 728 2588 seu
751 2534 1006 2603 confessio
1034 2535 1129 2606 (b),
1164 2544 1218 2588 et
1246 2536 1411 2589 semel
1440 2532 1601 2588 fiebat
1628 2549 2013 2590 commemora-

426 2626 503 2678 tio
529 2626 792 2687 vivorum,
810 2635 864 2678 et
888 2622 1284 2688 defunctorum,
1314 2634 1368 2679 et
1392 2624 1560 2680 semel
1587 2625 1840 2679 sacerdos
1866 2625 2011 2680 dice-

426 2715 513 2770 bal
544 2714 777 2769 Inlroibo
808 2718 875 2768 ad
896 2717 1061 2769 altare
1089 2714 1206 2778 Dei,
1256 2729 1360 2771 etc.
1384 2716 1451 2769 At
1478 2717 1809 2771 recentiores
1833 2715 2011 2771 Moza-

425 2807 583 2861 rabes
614 2808 665 2862 in
694 2808 851 2862 missa
884 2823 978 2861 sua
1005 2808 1090 2861 bis
1118 2808 1300 2862 dicunt
1327 2808 1581 2874 Introibo,
1634 2809 1824 2873 semel,
1856 2825 2010 2868 more

427 2898 673 2953 Romano
704 2941 716 2962 ,
751 2899 897 2967 prius
940 2914 1102 2966 quam
1134 2899 1389 2953 sacerdos
1420 2900 1485 2952 ad
1513 2900 1682 2954 altare
1711 2901 2003 2957 ascendat.

422 2997 480 3045 et
510 2990 721 3052 ite-rum,
770 3004 923 3044 more
951 2988 1416 3059 Gellio-Hispano,
1470 2992 1781 3061 priusquam
1810 2993 2010 3049 illatio-

425 3096 547 3134 nem
575 3080 812 3149 incipiat.
871 3080 1129 3134 Similiter
1181 3081 1260 3134 bis
1308 3080 1701 3137 confessionem
1758 3082 2000 3150 faciunt,
2035 3134 2078 3157 η

2034 3136 2059 3193 1

425 3173 652 3242 primum
682 3171 783 3223 ritu
817 3170 1084 3232 Romano,
1135 3171 1445 3240 priusquam
1501 3173 1755 3228 sacerdos
1781 3176 1847 3229 ad
1873 3177 2005 3231 alta-
2034 3170 2080 3195 “⁴

423 3278 483 3317 re
509 3262 801 3323 ascendat,
833 3272 884 3313 et
913 3263 1133 3326 iterum,
1165 3262 1271 3315 ritu
1324 3260 1777 3334 Gotho-Hispano
1803 3307 1818 3331 ,
1851 3275 2004 3323 aute-

421 3369 583 3422 quam
622 3356 795 3408 oratio
827 3354 983 3408 missa
1014 3353 1225 3409 dicitur.
1247 3353 1343 3409 Bis
1369 3370 1584 3425 quoque
1610 3355 2005 3415 Eucharistiam

421 3448 476 3502 in
508 3449 667 3503 missa
699 3447 952 3501 attollunt
979 3492 994 3515 ,
1053 3455 1113 3501 ut
1137 3446 1392 3501 adoretur
1420 3464 1449 3501 a
1477 3450 1677 3519 populo
1703 3491 1717 3514 ,
1773 3453 2005 3522 primum

420 3543 527 3597 ritu
581 3542 922 3607 recentiore,
979 3541 1160 3594 statim
1204 3540 1340 3594 facta
1393 3544 1841 3610 consecratione,
1896 3548 2008 3602 ele-

421 3642 551 3688 vant
581 3649 779 3703 corpus
808 3642 862 3687 et
890 3633 1207 3701 sanguinem
1241 3634 1492 3700 Domini,
1548 3643 1602 3689 et
1656 3635 1850 3691 iterum
1902 3638 2006 3693 ritu

422 3733 635 3779 vetusto
688 3721 1173 3791 Gotho-Hispano;
1228 3733 1441 3792 postea
1496 3727 1697 3792 verba,
1746 3727 1816 3781 Te
1845 3745 2008 3797 pra’s-

424 3823 581 3874 tante,
608 3823 737 3880 etc.,
775 3828 966 3882 panem
1012 3822 1254 3868 sanctum
1286 3815 1444 3870 altius
1487 3816 1721 3871 elevant.
1749 3817 2005 3874 Vivorum

422 3905 652 3973 denique
704 3912 757 3959 et
786 3913 1120 3958 mortuorum
1170 3905 1253 3961 bis
1302 3911 1875 3965 commemorationem
1929 3911 2011 3965 fa-

423 3994 590 4055 ciunt,
648 3994 879 4063 primum
926 3994 1033 4049 ritu
1079 3994 1551 4066 Gellio-Hispano,
1606 4000 1734 4055 dum
1786 4003 2008 4059 nomina

422 4090 752 4151 recitantur,
785 4095 839 4140 et
866 4088 1039 4142 oratio
1068 4096 1182 4157 post
1213 4091 1425 4143 nomina
1450 4091 1665 4160 dicitur,
1700 4103 1755 4147 et
1786 4110 2006 4166 rursus,

423 4180 592 4234 fracto
642 4196 872 4250 corpore
921 4182 1170 4249 Domini,
1218 4185 1525 4254 priusquam
1566 4186 1781 4242 dicatur
1832 4191 2009 4246 oratio

423 4270 698 4326 Dominica
728 4315 743 4339 ,
776 4272 1078 4328 recentiore
1108 4274 1339 4342 quodam
1373 4275 1656 4343 instituto,
1701 4277 1757 4330 lit
1785 4296 2011 4334 memen-

424 4374 475 4417 to
506 4379 602 4432 pro
632 4364 764 4417 viris
791 4372 848 4418 et
894 4364 1205 4432 priusquam
1264 4367 1704 4434 communicent,
1760 4376 2009 4425 tenentes

424 4468 583 4507 manu
624 4453 939 4521 particulam
968 4452 1146 4506 Gloria
1174 4495 1187 4518 ,
1220 4452 1420 4507 faciunt
1449 4466 1700 4511 memento
1733 4473 1831 4527 pro
1862 4474 2005 4512 mor-

424 4547 546 4599 tuis.
571 4543 687 4599 Jam
713 4561 841 4599 vero
872 4547 1043 4599 tertite
1066 4546 1250 4600 classis
1272 4556 1395 4602 sunt
1426 4550 1653 4604 rubricae
1673 4566 1860 4606 omnes
1887 4567 2006 4621 quae

423 4644 619 4705 prteter
648 4650 849 4689 morem
894 4633 1397 4705 Gotho-llispanum
1454 4639 1692 4705 dirigunt
1740 4641 1879 4697 banc
1909 4644 2011 4697 ite-

424 4739 593 4781 ratam
664 4727 898 4795 ejusdem
973 4729 1308 4783 caaremonim
1378 4732 1670 4786 actionem.
1729 4734 1819 4787 llae
1877 4750 2009 4791 vero

416 4819 647 4872 rubritze
675 4834 780 4870 non
813 4817 1037 4870 utnltum
1067 4829 1265 4873 nocent
1297 4820 1595 4887 integritati
1623 4822 1847 4892 liturgizn
1879 4840 2010 4879 nos-

425 4918 560 4976 traz,
616 4908 877 4977 siquidem
931 4908 1064 4962 ritus
1114 4924 1250 4978 quos
1303 4910 1537 4978 dirigunt
1598 4914 1801 4982 antiqui
1847 4926 2009 4982 sunt,

423 4999 666 5069 quamvis
693 5008 843 5052 extra
875 5000 1050 5052 Locum
1097 5000 1372 5069 antiquum
1422 5001 1614 5056 iterato
1644 5005 2008 5072 perliciantur.

500 5180 574 5249 (η)
599 5180 731 5235 Vide
786 5190 944 5235 notas
991 5193 1107 5247 pag.
1146 5178 1270 5233 512.

500 5252 572 5319 (b)
600 5253 856 5321 Apologia
900 5252 1193 5321 sacerdoti~
1225 5262 1280 5301 et
1311 5249 1579 5305 confessio
1611 5251 1749 5307 idem
1794 5265 2009 5321 sonant,

429 5330 486 5372 ut
519 5325 566 5372 in
601 5319 741 5375 mitis
771 5319 948 5375 monui
982 5337 1101 5390 pag.
1137 5319 1259 5374 537.

500 5391 571 5459 (ε)
625 5392 824 5445 tlissale
856 5389 1219 5456 Mozarabnm,
1255 5403 1375 5460 pag.
1416 5389 1536 5444 175.

499 5459 1091 5528 (d)lbbl,pag.l77.

499 5536 569 5595 (ei
611 5530 763 5585 lbid..
800 5546 916 5598 pag.
952 5533 1076 5587 177.

501 5602 576 5673 (ι’)
611 5600 821 5673 Missale
862 5603 1225 5662 Mozarabu'n,
1271 5619 1391 5668 pag.
1454 5604 1570 5657 177.
1635 5603 1756 5658 Non
1787 5606 1866 5658 hic
1898 5606 2016 5659 (Im-

432 5676 547 5727 reis'
583 5672 822 5726 adolelur
874 5673 1083 5737 ﬂamma
1134 5674 1458 5741 virgultis...
1528 5676 1618 5729 sed
1670 5692 1788 5728 cera
1844 5678 2011 5744 {amu-

430 5745 569 5799 latur
608 5760 674 5799 ea:
730 5744 942 5808 lumine,
997 5758 1111 5811 qua:
1150 5760 1249 5796 non
1300 5746 1547 5813 polluitur
1601 5761 1665 5799 ex.
1708 5757 2011 5815 percute...

2119 1891 2504 1947 benedicanlur
2529 1895 2765 1963 quinque
2783 1892 3125 1965 grauotlturis
3150 1915 3313 1954 cereo
3330 1900 3713 1971 inligenda(c);,

2118 1992 2175 2037 ut
2224 1983 2487 2039 Diaconus
2531 1987 2640 2057 ipse
2669 1988 2732 2041 de
2779 1987 2989 2042 lucerna
3036 1992 3286 2045 accendat
3334 2008 3530 2046 cereum
3564 1993 3702 2063 (ό).

2116 2073 2320 2141 Quibus
2384 2080 2672 2147 apponitur
2724 2081 2897 2135 oratio
2964 2096 3082 2150 qua:
3152 2084 3459 2139 inscribitur
3529 2085 3703 2140 Bene-

2114 2166 2278 2221 dictio
2334 2168 2519 2233 cerei,
2574 2167 2686 2240 (e)
2719 2185 2749 2225 e
2777 2185 2882 2240 qua
2924 2171 3182 2229 habemus
3229 2190 3448 2229 cereum
3495 2173 3708 2228 Gotho-

2116 2254 2414 2326 llispanum
2462 2273 2644 2313 ecera
2701 2260 2819 2313 alba
2872 2261 3137 2315 duntaxat
3185 2271 3242 2317 et
3292 2280 3497 2333 papyro
3545 2263 3717 2319 fuisse-

2113 2348 2473 2417 compositum
2531 2350 2661 2421 (ί).
2722 2348 2801 2404 llli
2853 2368 2985 2407 vero
3056 2354 3282 2409 rubrica:
3348 2371 3468 2425 quae
3521 2363 3711 2410 monet

2111 2439 2397 2493 diaconum
2453 2448 2512 2494 ut
2567 2456 2783 2497 cereum
2838 2444 3099 2503 accendat
3148 2446 3475 2501 contradicit
3531 2445 3704 2502 oratio

2112 2528 2182 2581 ad
2212 2530 2581 2583 benedicendos
2627 2531 2873 2587 diacones
2903 2533 3002 2605 (g),
3034 2542 3087 2588 et
3118 2550 3181 2589 ea
3217 2550 3323 2604 qua
3366 2535 3709 2591 benedicitnt‘

2110 2635 2301 2675 cereus
2350 2622 2667 2691 priusquam
2716 2624 2770 2678 in
2820 2625 3105 2680 ecclesiam
3156 2625 3430 2682 deferatur
3475 2626 3555 2699 (Ιι)
3586 2668 3601 2693 ,
3648 2628 3715 2680 in.

2110 2725 2214 2778 qua
2242 2712 2497 2766 sacerdos
2535 2713 2609 2766 ait
2634 2728 2693 2768 se
2721 2728 2937 2768 cereum
2986 2716 3321 2770 accendisse.
3383 2717 3589 2772 Eodem
3619 2732 3703 2771 re-

2111 2803 2351 2857 vocanda
2388 2812 2473 2859 est
2501 2806 2710 2860 rubrica
2743 2806 2829 2859 illa
2860 2821 2965 2875 qua
2997 2808 3317 2877 prohibetur
3346 2824 3415 2864 ne
3441 2810 3495 2864 in
3529 2811 3711 2865 missa—

2109 2892 2289 2949 Cmnae
2314 2893 2595 2951 dominica:
2621 2911 2727 2966 pax
2753 2895 2902 2949 detur
2925 2939 2939 2962 ,
2986 2906 3040 2951 et
3070 2912 3138 2953 ne
3165 2898 3448 2969 presbyter
3473 2900 3708 2970 accipiat

2110 3004 2297 3060 pacem
2324 3029 2339 3054 ,
2373 2990 2458 3044 cui
2485 2991 2805 3046 contradicit
2848 2992 3024 3046 oratio
3054 2992 3122 3045 ad
3144 3009 3321 3063 pacem
3348 3035 3364 3061 ,
3392 3008 3512 3063 qua:
3560 3010 3702 3065 pm:-

2112 3084 2257 3140 cedit
2287 3086 2303 3155 (
2329 3083 2387 3153 ἱ)
2416 3124 2431 3150 ,
2463 3091 2517 3137 et
2548 3084 2722 3139 oratio
2752 3084 2822 3137 ad
2844 3086 3130 3139 orationem
3162 3083 3488 3139 Dominicam
3520 3125 3534 3150 ,
3586 3100 3707 3156 qua:

2113 3177 2164 3231 in
2195 3177 2384 3232 eadem
2442 3176 2603 3230 missa
2656 3178 3003 3245 consequitur
3027 3178 3088 3249 (j
3117 3177 3133 3246 )
3169 3220 3184 3246 ,
3235 3187 3309 3243 et,
3341 3178 3486 3248 quod
3538 3178 3706 3245 magis

2106 3269 2409 3323 mirandum
2435 3306 2449 3331 ,
2494 3268 2567 3321 illi
2600 3268 2888 3338 opponitur
2916 3269 3210 3338 antipbona
3260 3267 3452 3322 Pacem
3498 3286 3662 3323 meam
3686 3308 3714 3335 ,.

2108 3368 2240 3426 etc.,
2291 3375 2452 3430 quam
2483 3358 2670 3414 eadem
2699 3359 2912 3413 rubrica
2952 3358 3191 3425 mandat,
3235 3368 3293 3414 ut
3319 3368 3567 3415 cantetur
3598 3361 3697 3431 (Ις).

2109 3449 2376 3516 Quorsum
2416 3451 2559 3504 enim
2593 3450 2959 3520 praescribitur
3007 3458 3067 3503 ut
3114 3458 3365 3504 cantetur
3412 3451 3707 3521 autipbona

2110 3541 2197 3595 illa
2228 3558 2345 3611 que
2377 3542 2430 3596 in
2477 3543 2639 3596 missa
2673 3552 2797 3597 tunc
2823 3542 2995 3596 solum
3024 3541 3233 3595 cantari
3284 3540 3459 3605 solet,
3489 3542 3707 3611 quando

2109 3634 2398 3703 pax‘datur
2430 3634 2470 3693 (ι
2487 3634 2582 3701 ),si
2614 3634 2665 3687 in
2697 3634 2796 3687 hac
2816 3633 2977 3688 missa
3009 3648 3113 3703 pax
3135 3632 3353 3687 omnino
3377 3649 3485 3689 non
3516 3635 3717 3690 detur?

2182 3724 2303 3779 102.
2335 3725 2557 3780 Demum
2606 3724 2789 3780 classis
2820 3724 3009 3779 ultima
3055 3724 3415 3780 recentiorum
3464 3726 3713 3781 rubrica-

2111 3833 2227 3871 rum
2258 3817 2321 3871 iis
2364 3827 2577 3872 constat
2621 3818 2815 3888 quibus
2858 3817 3135 3873 orationes
3182 3819 3531 3888 actionesque
3572 3818 3711 3873 diri-s

2111 3921 2214 3975 gon
2224 3918 2328 3975 tur,
2342 3923 2460 3979 qua:
2483 3907 2698 3961 missam
2717 3916 2810 3962 aut
2831 3908 3156 3977 praecedunt,
3173 3917 3265 3962 aut
3280 3916 3714 3976 consequuntur“

2112 4000 2384 4069 Ejusmodi
2413 4009 2537 4055 sunt
2563 4015 2684 4070 quae
2724 4002 3075 4072 praescribunt
3103 4002 3371 4057 orationes
3402 3999 3709 4056 recitandas

2113 4110 2141 4148 a
2170 4094 2451 4149 sacerdote
2480 4093 2694 4163 quando
2725 4108 2911 4146 sacras
2936 4102 3115 4147 vestes
3146 4093 3336 4159 induit,
3366 4102 3421 4147 et
3447 4109 3540 4149 eas
3573 4108 3707 4163 quas

2113 4186 2301 4238 recitat
2328 4193 2615 4252 antequam
2660 4181 2725 4235 ad
2757 4182 2928 4235 altare
2964 4181 3243 4247 ascendat,
3277 4190 3332 4235 et
3357 4196 3510 4249 quas,
3542 4183 3706 4236 abso-

2113 4276 2225 4329 luto
2259 4290 2430 4338 sacro,
2486 4274 2679 4327 recitat
2725 4275 2792 4327 ab
2839 4273 2995 4327 altari
3036 4274 3310 4333 recedens.
3358 4273 3485 4330 Hmc
3525 4284 3701 4329 autem

2112 4365 2416 4434 antiquitati
2446 4364 2673 4419 Eli-salis
2701 4363 2933 4419 Ximenii
2968 4380 3154 4434 parum
3185 4373 3411 4433 nocent,
3448 4366 3709 4433 quemad-

2113 4455 2328 4510 modum
2350 4471 2447 4510 nec
2478 4455 3079 4525 impediuntquominus
3102 4455 3317 4524 liturgia
3347 4455 3587 4509 Romana
3608 4471 3703 4510 an-

2114 4546 2258 4615 liqua
2303 4547 2391 4613 sit,
2450 4556 2504 4601 et
2529 4546 2895 4616 Gregoriana;
2944 4563 3065 4601 nam
3096 4563 3155 4603 se
3202 4549 3345 4618 ipsas
3372 4548 3551 4602 statim
3582 4563 3706 4617 pro~

2111 4637 2242 4691 dunt
2269 4650 2324 4692 et
2349 4638 2746 4705 quodammodo
2777 4646 2930 4693 extra
2964 4638 3231 4707 liturgiam
3254 4649 3395 4692 sunt.

2186 4729 2307 4784 103.
2339 4729 2432 4784 llis
2461 4730 2533 4784 ita
2581 4730 2899 4794 distributis,
2948 4732 3013 4782 al
3048 4729 3293 4797 singulas
3337 4730 3706 4798 oppositiones

2114 4822 2171 4877 P.
2196 4822 2264 4875 Le
2281 4822 2423 4876 Brun
2446 4823 2691 4891 expedita
2706 4831 2787 4877 est
2803 4833 2854 4877 et
2876 4821 3042 4877 facilis
3062 4823 3359 4891 responsio.
3386 4821 3451 4875 Et
3475 4823 3704 4891 primtnn

2114 4916 2339 4984 opponit
2366 4914 2631 4969 rubricam
2675 4931 2778 4983 qua
2812 4917 3178 4982 prmscrib‘tur
3221 4925 3278 4969 ut
3314 4918 3597 4987 presbyter
3627 4926 3708 4969 ter

2114 5014 2206 5058 aut
2229 5016 2417 5074 quater
2446 5004 2588 5059 dicat
2619 5006 2737 5071 Ave,
2772 5004 2969 5071 Maria,
3005 5016 3291 5076 antequam
3321 5021 3499 5060 sacras
3530 5015 3706 5060 vestes

2115 5197 2339 5251 papyrus
2364 5180 2519 5231 etiam
2551 5181 2694 5233 niveo
2722 5179 2970 5250 adoperta
3011 5182 3100 5234 sub
3131 5184 3348 5249 reginine
3376 5183 3702 5251 ﬂammarum

2114 5250 2407 5370 obseqaiblur
2460 5252 2866 5305 incrementa...
2939 5254 3075 5322 [avet
3120 5253 3320 5322 ignibus
3374 5250 3455 5306 m
3509 5255 3698 5304 nutrita

2115 5322 2304 5370 ηιμ-ιιιιῇ
2344 5336 2425 5370 trs.

2150 5331 2402 5373 lll'lllliblls
2416 5361 2425 5371 .

2115 5339 2425 5392 gttt'gttwus.

2188 5391 2262 5459 lg)
2308 5389 2517 5462 :llzssale
2552 5388 2915 5462 .‘llozgrabum,
2951 5406 3068 5462 με.
3112 5390 3225 5448 173.

2211 5458 2761 5527 ηδιυιι,ροε.ι75.

2212 5532 2261 5597 t')
2300 5528 2455 5593 Ibid,
2487 5543 2613 5599 pag.
2644 5530 2767 5583 Hi5.

2216 5602 2265 5666 jl
2296 5599 2371 5653 lbi
2395 5601 2456 5666 1.,
2490 5616 2607 5667 pag.
2647 5600 2768 5654 161.

2191 5672 2265 5739 (ἢ)
2296 5667 2465 5739 ilbitl.,
2500 5686 2619 5738 pag.
2654 5670 2770 5739 165.

2192 5739 2253 5810 (τ’)
2293 5738 2448 5810 Ibid,
2481 5756 2602 5812 pag.
2636 5738 2760 5798 9‘27.
