4058 6178
318 332 388 388 :3
1795 321 2183 379 rnamrto.
3536 327 3606 384 δι

323 442 523 507 induat,
571 448 625 496 et
682 454 895 505 rursus,
948 447 1234 507 antequam
1284 438 1675 494 confessionem
1728 438 1906 505 faciat,
1938 444 2108 511 Apat
2156 440 2424 497 rubricam
2476 454 2580 510 qua
2634 440 2943 511 praecipitur
3000 450 3095 507 ut,
3154 441 3379 513 prolatis
3430 446 3608 504 verbis

319 539 440 602 Are,
496 532 673 589 Maria
707 532 869 589 dicat.
925 531 1032 587 Sed
1070 522 1167 585 ha:
1207 531 1432 586 rubricae
1472 546 1591 601 quae
1646 531 1788 587 circa
1830 532 1918 587 illa

323 641 603 685 versantur
630 643 752 697 quae
797 628 1016 681 missam
1066 626 1377 695 prmcedunt
1406 634 1459 679 et
1488 637 1917 697 consequuntur,

318 721 385 774 ad
425 720 696 788 liturgiam
743 719 930 773 stricte
960 733 1064 770 non
1095 717 1382 786 pertinent,
1430 734 1581 771 suam
1626 719 1920 773 novitatem

320 812 449 866 satis
479 812 626 867 clare
672 810 927 880 produnt,
958 826 1025 864 ne
1073 810 1303 878 liturgia:
1352 821 1613 877 noceant;
1656 813 1744 866 ille
1772 822 1921 869 certe

320 902 500 954 iulans
552 901 604 953 in
636 900 797 954 rebus
829 900 1089 967 liturgicis
1136 899 1394 954 dicendus
1440 903 1542 955 erit
1585 902 1675 972 qui
1709 913 1922 971 putaret

322 992 490 1047 hosce
520 993 653 1045 ritus
702 990 1178 1061 Gotho-llispanos
1225 1007 1361 1047 esse.
1414 994 1633 1049 Dctuum
1684 997 1726 1050 si
1777 997 1918 1064 ejus-

323 1084 468 1135 modi
499 1083 776 1135 orationes
807 1098 913 1136 non
955 1083 1026 1136 ita
1058 1083 1283 1150 liturgize
1329 1082 1584 1138 Romana:
1616 1094 1829 1152 noch,
1865 1096 1921 1140 ut

324 1168 504 1241 Ixxtv]
571 1169 899 1240 Gregoriaua
957 1171 1180 1225 dicenda
1238 1188 1351 1226 non
1394 1175 1489 1237 sit,
1541 1189 1641 1228 ucc
1698 1174 1921 1243 litui-gite

323 1259 553 1313 Missalis
594 1258 820 1313 Ximenii
852 1262 1041 1315 obesse
1087 1271 1331 1331 possunt,
1384 1272 1439 1317 ut
1479 1262 1919 1334 Gotho-llispana

320 1353 545 1405 minime
570 1360 875 1406 censeatur.

393 1441 517 1497 101.
550 1443 708 1509 Quod
737 1443 883 1497 addit
906 1447 1145 1498 amictum
1178 1446 1318 1501 inter
1348 1455 1526 1502 vestes
1554 1448 1919 1504 sacerdotali-5

322 1543 568 1603 tempore
623 1534 852 1588 Leandri
900 1545 953 1589 et
1007 1535 1195 1592 lsilori
1254 1538 1431 1593 locum
1486 1556 1592 1593 non
1648 1541 1914 1605 habuisse,

323 1640 371 1693 qi
394 1625 675 1678 acstionem
706 1624 773 1679 de
801 1626 1064 1680 vocabulo
1096 1627 1348 1682 instituit.
1400 1628 1531 1682 Nam
1577 1630 1643 1684 de
1674 1646 1731 1684 re
1774 1628 1918 1685 Ordo

326 1715 599 1771 Bouianus
630 1717 1051 1786 antiquissimus,
1081 1718 1293 1773 Missale
1316 1730 1585 1785 nostrum,
1617 1729 1672 1775 et
1701 1729 1919 1777 sanctus

2024 542 2370 590 consecrator
2394 533 2469 600 is,
2525 532 2765 587 elevetur
2814 548 3010 602 corpus
3048 532 3281 602 Domini,
3339 544 3393 589 et
3445 536 3609 604 calix,

2024 630 2197 677 tectus
2228 621 2388 677 filiola
2432 622 2527 691 (i),
2560 629 2613 675 at
2656 630 2803 677 certe
2835 638 2940 677 non
2973 623 3236 691 ignoravit
3284 626 3443 680 ritum
3490 626 3607 682 ele-

2024 713 2181 767 vandi
2212 712 2629 776 Eucharistiam,
2660 712 2713 765 in
2744 712 2927 774 missa,
2962 722 3017 765 ut
3046 729 3074 766 a
3124 716 3321 783 populo
3352 716 3515 771 videri
3555 726 3611 772 et

2021 802 2236 857 adorari
2265 811 2445 871 queat,
2492 811 2763 856 vetustum
2794 818 2933 867 esse,
2967 813 3022 857 et
3050 819 3114 858 ex
3144 806 3209 860 iis
3237 808 3327 875 qui
3369 808 3419 860 in
3452 806 3609 863 Occi-

2028 893 2204 948 dentis
2248 894 2450 963 pariter
2501 902 2556 947 et
2586 893 2820 947 Orientis
2866 893 3092 960 lilurgiis
3122 894 3466 950 inveniuntur
3496 896 3604 968 (j).

2023 984 2179 1051 Quod
2219 1000 2347 1039 vero
2377 985 2557 1038 statim
2590 993 2712 1054 post
2750 985 3174 1039 consecrationis
3204 986 3365 1038 verba
3410 987 3609 1042 elevari

2021 1077 2385 1148 praecipiatur,
2429 1076 2579 1149 |xxv]
2609 1077 2673 1131 ad
2717 1092 2809 1131 eas
2856 1078 3095 1131 rubricas
3142 1086 3426 1133 revocatur
3470 1095 3609 1147 qum,

2021 1168 2308 1221 recvntiori
2359 1183 2477 1234 usu,
2528 1167 2688 1220 ritum
2736 1168 3035 1235 antiquum,
3087 1168 3253 1220 semel
3302 1175 3507 1220 tantum
3557 1170 3610 1223 in

2020 1258 2185 1311 missa
2237 1257 2417 1326 peragi
2467 1257 2706 1324 solitum,
2766 1258 2998 1322 iterum,
3056 1266 3205 1311 extra
3256 1258 3431 1311 locum
3471 1259 3607 1311 auti-

2020 1363 2208 1416 quum,
2238 1347 2351 1401 fieri
2403 1347 2680 1402 mandant.
2724 1345 2861 1401 Olim
2910 1348 3052 1401 enim
3100 1347 3153 1400 in
3206 1347 3364 1401 missa
3411 1347 3616 1401 Gotho-

2020 1438 2279 1510 liispana,
2326 1449 2380 1493 et
2425 1439 2758 1494 Mozarabica
2788 1456 2984 1509 COI'pLI‘
3015 1438 3213 1493 Christi
3240 1439 3404 1492 semel
3454 1438 3615 1493 attol-

2020 1530 2251 1596 lebatur,
2285 1546 2425 1585 nunc
2456 1546 2608 1593 vero,
2637 1537 2694 1582 et
2735 1530 2800 1582 ab
2829 1529 3033 1599 aliquot
3069 1529 3296 1593 sreculis,
3328 1528 3407 1581 bis
3438 1528 3615 1581 eleva-

2024 1634 2127 1691 tur,
2161 1635 2267 1678 tam
2324 1624 2376 1677 in
2407 1623 2568 1675 missa
2622 1620 2979 1684 Mozarabica,
3030 1636 3189 1689 quam
3243 1620 3296 1674 iu
3349 1619 3613 1674 Romana.

2019 1713 2183 1783 Cujus
2207 1714 2285 1769 rei
2312 1728 2498 1781 causa,
2542 1721 2599 1767 ut
2625 1727 2811 1766 omnes
2841 1719 3062 1777 norunt,
3093 1713 3159 1765 ab
3190 1711 3374 1765 bzcresi
3418 1710 3613 1764 Beren-

320 1807 623 1864 Ccrmanus
642 1794 963 1864 Parisiensis
988 1809 1064 1879 (τι)
1092 1811 1382 1864 ostendunt
1414 1810 1705 1878 Romanos,
1736 1810 1920 1866 Gallos

2025 1804 2154 1868 garii
2197 1802 2427 1872 petenda
2472 1810 2574 1865 est,
2621 1801 2686 1854 ad
2717 1815 2875 1869 quam
2925 1810 3112 1869 aperte
3153 1798 3514 1853 damnandam
3558 1799 3611 1853 in

324 1908 375 1951 ct
408 1897 692 1967 Hispanos,
720 1899 860 1951 inter
880 1908 1057 1953 vestes
1076 1901 1443 1955 sacerdotales
1474 1916 1635 1954 unam
1668 1900 1920 1955 habuisse

323 2000 425 2053 qua
455 1987 656 2040 collum
689 1988 942 2055 tegebant
970 1996 1022 2041 et
1055 1988 1331 2043 humeros.
1361 1988 1509 2043 Hanc
1532 1990 1675 2044 Ordo
1723 1989 1921 2044 Roma-

325 2093 443 2142 nus,
490 2088 546 2132 et
573 2078 788 2133 Missale
817 2078 1159 2134 Mozarabum
1195 2080 1267 2150 (b)
1298 2081 1667 2135 anaboladium
1711 2097 1920 2136 nuncu-

322 2185 473 2243 pant,
506 2192 665 2244 quam
707 2192 895 2231 vocem
947 2176 1172 2230 Romani
1204 2177 1431 2234 Ordines
1478 2180 1721 2233 amictum
1754 2180 1923 2233 inter-

323 2275 606 2335 pretantur
635 2269 731 2336 (c),
778 2276 833 2321 et
875 2272 1012 2336 apul
1064 2268 1396 2332 Mozarabes,
1446 2271 1513 2323 ab
1568 2285 1711 2324 anno
1762 2270 1920 2335 1050,

326 2358 551 2411 amictus
581 2358 719 2411 inter
748 2366 924 2412 vestes
952 2358 1248 2412 sacerdotis
1269 2361 1654 2414 recenseliatur
1678 2360 1778 2429 (ιι).

396 2448 520 2502 105.
562 2447 711 2503 Scite
752 2450 1127 2503 animadvertit
1156 2449 1217 2504 Ρ.
1254 2450 1327 2506 Le
1374 2450 1517 2505 Brun
1563 2454 1923 2507 recentiorem

324 2555 441 2596 esse
473 2543 740 2595 rubricam
786 2558 891 2611 qua
939 2543 1257 2612 prohibetur
1302 2559 1368 2598 ne
1412 2544 1601 2599 diebus
1632 2545 1925 2600 Dominicis

324 2642 380 2689 et
401 2633 604 2689 fesﬁvis
634 2634 912 2689 Adventus
940 2635 1174 2706 hymnus
1221 2636 1401 2691 Gloria
1424 2638 1479 2690 in
1506 2638 1722 2691 excelsis
1749 2647 1927 2693 cante-

323 2734 411 2779 tur
443 2725 493 2779 in
525 2727 688 2779 missa
722 2726 815 2795 (e),
846 2734 900 2779 at
940 2726 1056 2780 haec
1084 2727 1149 2780 ad
1180 2742 1300 2783 eam
1331 2727 1557 2781 classem
1589 2728 1924 2781 rubricarum

317 2818 562 2886 pertinet
599 2817 682 2870 cui
727 2816 1001 2870 orationes
1032 2816 1430 2884 contradicunt,
1477 2817 1550 2871 illi
1597 2818 1740 2871 enim
1782 2819 1927 2873 clare

324 2916 675 2977 opponuntur
702 2908 978 2962 orationes
1005 2922 1138 2977 quas
1160 2909 1490 2962 recentiores
1518 2907 1832 2963 Mozarahes
1873 2907 1926 2961 in

325 2999 503 3055 missis
534 2998 811 3053 Adventus
842 3000 1090 3058 recitant,
1136 3013 1256 3067 qua:
1301 3000 1530 3067 probant
1570 2999 1731 3053 ritum
1763 2998 1926 3053 ornit-

323 3090 471 3145 tendi
504 3091 761 3161 hymnum
786 3090 967 3145 Gloria
1001 3092 1183 3160 inepte
1208 3090 1274 3145 ab
1303 3090 1367 3144 iis
1395 3099 1703 3159 susceptum
1734 3089 1918 3145 fuisse.

2021 1891 2191 1947 Gallia
2238 1893 2465 1962 primum
2515 1892 2815 1946 institutum
2859 1888 2958 1943 fuit
3006 1898 3093 1958 ut,
3147 1888 3368 1958 prolatis
3418 1904 3611 1944 conse-

2022 1986 2278 2040 crationis
2308 1985 2504 2050 verbis,
2555 1984 2699 2038 illico
2748 1998 2943 2052 corpus
2969 1990 3022 2035 et
3068 1981 3285 2050 sanguis
3324 1980 3557 2045 Domini,
3584 1996 3615 2036 a

2024 2079 2224 2148 populo
2254 2079 2551 2143 adoranda,
2582 2077 2956 2131 attolferentur
2986 2090 3016 2128 a
3046 2075 3350 2139 sacerdote,
3380 2089 3616 2142 eumque

2024 2169 2185 2222 ritqu
2203 2168 2321 2222 alite
2350 2170 2590 2222 ecclesia:
2613 2156 2991 2237 susceperunt.
3018 2165 3256 2230 llisiiani,
3283 2180 3426 2218 anno
3451 2163 3611 2232 1255,

2025 2260 2077 2313 in
2108 2260 2340 2314 concilio
2370 2258 2652 2312 Valentino
2686 2260 2794 2328 (lt),
2837 2267 2892 2312 et
2932 2272 3075 2310 anno
3108 2255 3264 2319 1525,
3299 2255 3352 2309 in
3383 2255 3617 2310 concilio

2026 2348 2313 2417 Toletano,
2359 2364 2663 2419 praecepere
2711 2357 2769 2402 ut
2819 2364 3016 2418 corpus
3045 2358 3099 2402 et
3135 2348 3352 2415 sanguis
3395 2346 3615 2411 Christi,

2025 2442 2204 2494 statim
2257 2449 2378 2510 post
2430 2440 2930 2503 consecrationem,
3005 2442 3363 2492 elevarrntur.
3415 2437 3620 2503 Quibus

2026 2530 2261 2585 decretis
2293 2530 2602 2583 Mozarabes
2624 2529 3083 2597 obtemperarunt,
3115 2537 3170 2581 et
3197 2530 3354 2581 simul
3386 2530 3617 2597 priscam

2027 2622 2469 2677 consuetudinem
2500 2618 2743 2674 elevandi
2771 2634 2967 2686 corpus
2991 2618 3220 2677 Dom’ni,
3247 2618 3312 2671 ad
3342 2633 3405 2672 ea
3430 2618 3615 2682 vcrba,

2027 2711 2217 2765 Fidem
2243 2729 2395 2784 quam
2422 2711 2574 2765 corde
2620 2710 2874 2764 credimus
2907 2726 2996 2763 ore
3042 2720 3209 2763 autem
3258 2710 3489 2763 dicamus
3520 2708 3618 2779 (ι),

2027 2818 2146 2871 quae
2202 2800 2440 2873 Symboli
2488 2800 2861 2856 recitationem
2912 2800 3248 2871 praecedunt,
3306 2808 3620 2855 constanter

2028 2895 2389 2949 retinuerunt.

2102 2983 2222 3039 100.
2266 2982 2419 3049 Quod
2444 2998 2569 3037 vero
2591 2983 2812 3037 calicem
2838 2982 2999 3037 filiola
3024 2990 3223 3038 tectum
3250 2982 3483 3051 t-levcnt,
3512 2999 3621 3039 non

2030 3083 2113 3129 est
2133 3076 2266 3130 ritus
2288 3088 2497 3137 recens,
2525 3081 2579 3127 ut
2608 3072 2666 3127 P.
2688 3073 2761 3127 Le
2784 3073 2925 3128 Brun
2953 3076 3201 3143 Opinatus
3223 3084 3325 3139 est,
3347 3076 3439 3130 sed
3464 3075 3623 3144 plane

400 3181 520 3233 ωδ,
564 3181 703 3236 Male
751 3192 931 3237 autem
966 3182 1244 3235 comend",
1291 3180 1349 3234 Ρ,
1385 3179 1458 3234 Le
1501 3181 1644 3234 Brun
1693 3181 1921 3234 [οι-ιιιωιι
1949 3161 1993 3222 C
2030 3175 2288 3227 vetustus,
2315 3181 2420 3219 non
2444 3166 2657 3232 quidem
2683 3165 3181 3236 Gotho-llispanus,
3204 3168 3296 3222 sed
3327 3168 3617 3233 Romanus,

328 3273 511 3342 hymni
544 3272 741 3335 Gloria,
773 3287 893 3341 qua:
933 3273 984 3325 in
1012 3271 1209 3325 Missali
1239 3270 1468 3324 Ximeuii
1508 3278 1702 3329 exstat,
1737 3285 1929 3325 recen-

331 3362 524 3414 tiorem
555 3376 695 3425 eSse,
728 3370 892 3430 atque
936 3375 967 3414 e
1012 3359 1208 3414 Missali
1260 3358 1797 3414 Romano—Toletano
1827 3361 1924 3415 dc-

330 3460 663 3520 protnptarn.
700 3450 868 3505 Varia:
914 3451 1075 3520 hujus
1123 3451 1304 3521 hymni
1354 3450 1647 3515 Editioncs,
1701 3452 1842 3506 inter
1865 3467 1925 3507 se

332 3555 438 3594 non
471 3539 603 3593 nihil
633 3540 1017 3611 discrepantes,
1059 3542 1355 3611 antiquitus
1385 3542 1921 3611 circumferebantur,

332 3649 561 3702 quarum
600 3648 719 3702 qua:
773 3635 1023 3704 primaeva
1068 3636 1139 3690 sit
1186 3636 1402 3689 dillicile
1453 3634 1601 3689 dictu
1648 3644 1750 3700 est,
1801 3651 1921 3689 cum

332 3738 522 3777 omnes
553 3726 605 3776 in
644 3722 929 3779 Codicibus
979 3725 1211 3794 antiquis
1262 3725 1621 3778 inveniantur.
1675 3724 1750 3779 Ea
1795 3741 1924 3781 vero

333 3812 517 3882 hymni
564 3810 743 3866 Gloria
785 3812 1030 3873 formula.
1062 3830 1179 3883 qua:
1208 3814 1261 3868 in
1291 3814 1490 3870 Missali
1530 3813 1761 3870 Ximeuii
1790 3815 1923 3884 legi-

333 3910 438 3967 tur,
468 3912 648 3957 ex~tat
690 3905 741 3956 in
774 3905 994 3972 antiquo
1036 3903 1232 3959 Codice
1269 3904 1549 3970 Vaticano,
1580 3920 1611 3959 e
1653 3922 1759 3973 quo
1804 3920 1924 3959 eam

334 3991 502 4045 edidit
533 4007 640 4045 em.
693 3991 1012 4048 Thoniasius
1043 3995 1134 4064 (ί),
1184 3994 1432 4047 eamdem
1472 3995 1690 4049 exhibet
1735 3994 1926 4051 Sacra-

332 4082 658 4135 mentarium
710 4080 971 4137 Bobiense
1014 4085 1112 4153 (g),
1157 4082 1511 4152 eamdemque
1550 4099 1583 4138 e
1635 4084 1925 4140 Codicibus

334 4171 647 4238 Anglicanis
675 4172 841 4226 edidit
865 4170 1109 4227 Usserius
1141 4172 1250 4243 (Ii);
1279 4173 1475 4241 quibus
1506 4173 1766 4242 probatur
1789 4174 1927 4230 hanc

338 4260 520 4329 hymni
573 4260 851 4317 formulam
910 4271 1172 4316 vetustam
1224 4278 1363 4327 esse,
1418 4279 1590 4335 eaque
1639 4262 1923 4335 Hispanos,

336 4348 518 4404 Gallos
540 4359 597 4403 et
637 4352 834 4419 Anglos
865 4352 991 4405 olim
1025 4368 1150 4407 usos
1176 4367 1310 4407 csse.

410 4440 533 4496 1οτ.
575 4444 665 4503 At,
712 4444 883 4513 inquit
910 4444 1146 4497 eruditus
1175 4442 1246 4498 Le
1284 4444 1451 4512 Brun,
1484 4442 1711 4499 formula
1743 4446 1927 4516 hymni

338 4532 541 4599 Gloria,
568 4551 687 4603 quae
731 4536 781 4589 in
828 4536 1100 4591 Breviario
1132 4536 1468 4591 Mozarabum
1512 4537 1815 4601 adhibetur,
1845 4538 1927 4592 di-
1961 4529 2011 4589 D

338 4639 491 4679 versa
522 4635 605 4680 est
632 4627 700 4682 ab
728 4643 788 4681 ea
829 4644 900 4696 qu
920 4649 948 4681 ιε
996 4630 1047 4683 in
1096 4627 1292 4682 Missali
1337 4628 1547 4696 li-gitur.
1577 4629 1694 4683 Non
1724 4630 1923 4696 abnuo,

338 4718 429 4770 sed
462 4718 585 4772 inde
631 4720 773 4773 male
816 4720 1020 4787 colligit
1050 4719 1331 4774 formulam
1364 4719 1588 4775 Missalis
1615 4730 1708 4774 aut
1740 4736 1929 4775 recen-

341 4814 446 4861 tem
496 4824 635 4874 rsse,
684 4824 777 4865 aut
818 4813 992 4865 minus
1038 4814 1310 4882 antiquam
1366 4811 1594 4867 formula
1649 4813 1924 4866 Breviarii.

339 4894 470 4951 Nam
497 4908 723 4968 utraque
744 4904 985 4971 antiqua,
1016 4912 1070 4957 ct
1100 4914 1325 4974 utraque
1350 4904 1488 4974 apud
1520 4901 1929 4973 ϐυιιιο-Ητειιει-

339 5003 439 5042 nos
465 4992 681 5045 usitata.

413 5076 533 5132 108.
580 5079 781 5135 Deinde
811 5077 870 5135 P.
908 5079 981 5136 Le
1012 5080 1181 5149 Brun,
1211 5091 1464 5153 tanquam
1494 5091 1767 5139 recentem
1810 5084 1928 5140 cul-

413 5272 586 5355 (a)_ln
641 5278 866 5355 epistola
920 5279 1215 5355 deApﬂicio
1267 5286 1562 5355 communi,
1608 5285 1767 5343 Thes.
1798 5303 1923 5344 nov.

340 5347 560 5408 πρωὶ,
594 5358 725 5401 tom.
758 5347 822 5412 ν,
851 5350 955 5405 col.
984 5351 1052 5406 87

412 5420 488 5481 (b)
534 5416 663 5486 Pag.
698 5419 817 5473 174.

336 5485 653 5611 Μιξὲζὶὶῗτά.
689 5488 843 5545 Rom.
886 5507 945 5559 ιι,
977 5502 1032 5547 et
1080 5511 1132 5550 tv
1164 5493 1416 5569 llittorpii
1437 5542 1449 5565 ,
1480 5508 1535 5555 et
1573 5516 1627 5555 ιιι
1658 5510 1712 5557 et
1739 5518 1789 5557 vr
1822 5501 1929 5558 Ma-

417 5626 495 5706 (d)
527 5626 822 5706 Concilium
850 5632 1165 5702 Cojacense,
1198 5652 1315 5706 cap.
1350 5638 1402 5694 3.

529 5697 738 5775 Alissale
769 5697 1129 5770 Mozarahum,
1154 5697 1276 5775 pag:
1306 5710 1355 5762 l.

419 5767 487 5839 (ι)
528 5768 762 5849 Operam
792 5782 921 5833 tom.
957 5776 1042 5845 lll,
1077 5767 1198 5849 pag.
1229 5767 1355 5835 lilii.

2028 3264 2087 3309 ut
2112 3256 2237 3309 alibi
2266 3255 2493 3309 o-tendo
2525 3255 2640 3323 (ηε).

2098 3346 2217 3400 110.
2261 3345 2375 3400 Non
2408 3347 2586 3400 abnuo
2617 3346 3008 3400 oratiunculam
3030 3348 3239 3413 Adesto,
3271 3349 3469 3415 adesto,
3490 3347 3618 3403 Iesu

2027 3438 2176 3506 bone,
2207 3446 2337 3501 etc.,
2362 3453 2391 3491 a
2415 3436 2733 3503 Mozarabis,
2757 3436 2894 3491 inter
2918 3438 3214 3491 orationem
3241 3446 3353 3507 post
3384 3448 3614 3504 amrclus,

2026 3536 2082 3582 et
2111 3529 2274 3582 verba
2304 3528 2701 3582 consecratoria
2734 3527 2997 3595 adjectam
3038 3543 3175 3591 esse,
3220 3537 3275 3581 ut
3316 3529 3453 3583 bene
3495 3546 3615 3582 mo-

2026 3628 2119 3673 net
2148 3617 2209 3672 P.
2244 3619 2316 3671 Le
2343 3617 2504 3684 Brun,
2544 3621 2633 3687 qui
2685 3619 2847 3673 etiam
2897 3619 3273 3673 animadvertit
3300 3634 3463 3675 VUCt‘S
3506 3629 3622 3687 post

2025 3714 2193 3785 pridie
2224 3712 2276 3767 in
2307 3712 2503 3768 Missali
2530 3711 2761 3767 Ximenii
2790 3713 3111 3779 desiderari;
3136 3724 3188 3765 at
3218 3712 3403 3766 harum
3426 3729 3619 3767 vocum

2026 3806 2293 3863 defectum
2326 3807 2513 3863 titulus
2543 3808 2654 3875 ipse
2684 3807 2979 3872 orationis,
3004 3822 3123 3876 quze
3153 3808 3620 3862 consccrationem

2027 3900 2394 3970 consequitur,
2419 3910 2475 3955 et
2499 3914 2616 3968 quae
2639 3909 2952 3954 constanter
2969 3908 3085 3970 post
3106 3899 3273 3969 pridie
3295 3900 3309 3953 i
3350 3900 3619 3965 scribitur,

2028 4002 2215 4061 aperte
2246 3992 2463 4046 indicat.
2492 3990 2603 4045 Iino
2626 3992 2787 4045 etiam
2820 3992 3022 4045 indicat
3046 3991 3435 4046 oratiunculam
3460 3991 3623 4045 Ades-

2029 4093 2105 4151 to,
2138 4092 2333 4155 praeter
2379 4098 2583 4137 morem
2624 4084 2925 4150 antiquum,
2955 4097 3063 4152 quo
3087 4081 3247 4136 verba
3278 4094 3625 4138 consecrato-

2028 4174 2108 4227 ria
2136 4172 2391 4227 extremis
2418 4172 2635 4226 vocibus
2663 4172 2923 4225 orationis
2964 4182 3080 4239 post
3124 4170 3349 4225 Sanctus
3389 4187 3624 4227 connec-

2032 4265 2301 4326 tebantur,
2360 4277 2391 4317 a
2448 4261 2747 4316 Mozarabis
2804 4260 3067 4330 adjectam
3121 4260 3303 4314 fuisse.
3364 4261 3625 4331 Adeoque

2030 4352 2138 4407 delt
2153 4364 2272 4408 ctus
2294 4352 2377 4407 hic
2395 4358 2449 4407 et
2471 4350 2813 4420 interpolatio
2834 4349 2899 4403 ad
2920 4348 3144 4403 classem
3168 4362 3356 4402 eorum
3382 4349 3626 4403 revocari

2032 4445 2251 4512 debent,
2294 4445 2489 4513 quibus
2518 4442 2791 4499 orationes
2822 4440 3048 4496 Missalis
3077 4440 3471 4495 contradicunt.

2110 4536 2229 4590 111.
2272 4534 2437 4590 Recte
2467 4535 2625 4590 etiam
2660 4532 3037 4587 animadvertit
3068 4533 3123 4586 P.
3151 4529 3224 4585 Le
3250 4530 3391 4585 Brun
3419 4530 3470 4584 iu
3498 4529 3624 4587 Mis-

2031 4631 2132 4685 sali
2176 4639 2361 4684 nostro
2390 4646 2498 4684 non
2530 4630 2631 4697 legi
2666 4628 2811 4690 illud,
2846 4627 2988 4681 Laus
3017 4626 3131 4692 tibi,
3162 4634 3297 4692 etc.,
3327 4642 3444 4696 qure
3472 4628 3621 4682 dice-

2031 4724 2160 4778 bant
2198 4739 2225 4775 r
2240 4722 2456 4791 quando
2476 4722 2737 4776 diaconus
2758 4720 3102 4790 Evangelium
3126 4719 3192 4775 de
3208 4719 3359 4773 altari
3379 4719 3619 4774 tollebat.

2031 4812 2137 4871 Sed
2168 4833 2289 4871 cum
2320 4817 2406 4871 hic
2431 4817 2565 4871 ritus
2592 4816 2659 4871 sit
2689 4816 2969 4870 missarum
3000 4812 3341 4877 solemniurn,
3375 4828 3481 4867 non
3508 4820 3623 4865 erat

2032 4922 2127 4961 cur
2158 4906 2355 4962 Missali
2385 4906 2543 4961 misto
2571 4904 2875 4961 inferretur.
2926 4906 3077 4972 Nam,
3108 4915 3163 4959 ut
3192 4905 3323 4972 dixi,
3355 4903 3619 4973 ejusmodi

2033 4997 2265 5052 Missalia
2314 4998 2581 5067 praecipue
2640 5000 2943 5066 excogitata
2994 5008 3049 5053 et
3096 5007 3375 5067 compacta
3427 4993 3622 5051 fuerint

2032 5088 2084 5143 in
2115 5105 2267 5144 usum
2299 5090 2758 5160 presbyterorum,
2788 5090 2878 5162 qui
2908 5090 3143 5162 privatas
3172 5090 3361 5145 missas
3385 5088 3623 5144 celebra-

2106 5290 2179 5360 (9)
2223 5290 2342 5359 Pag.
2369 5290 2496 5347 281.

2104 5361 2299 5433 (the
2324 5364 2497 5416 tribus
2527 5362 2817 5433 Symholis,
2849 5377 2971 5431 pag.
2992 5362 3091 5433 A53.

2105 5436 2166 5500 (i)
2196 5431 2407 5487 Missale
2438 5431 2801 5493 Mazarabum,
2830 5448 2949 5500 pag.
2988 5431 3036 5482 5.

2107 5504 2180 5572 (λ)
2227 5503 2356 5557 Vide
2392 5514 2564 5563 notas,
2603 5518 2718 5567 pag.
2757 5500 2854 5553 5M
2887 5501 3089 5572 N532.

2107 5570 2181 5643 (ir)
2220 5572 2369 5637 Apud
2402 5590 2505 5644 eiu.
2540 5576 2604 5626 de
2633 5571 2877 5638 Aguirre,
2910 5570 3119 5628 Coucil.
3154 5570 3303 5644 lltsp.
3363 5581 3493 5630 tom.
3527 5572 3617 5643 Ill,

2034 5641 2285 5717 pa:.'5_0_9
2314 5641 2518 5717 tt_.’_i75.

2107 5716 2168 5780 (Ι)
2210 5712 2352 5763 Μίςς.
2382 5712 2669 5770 Μοκιινίιιι..
2706 5726 2826 5780 pag.
2854 5714 2905 5770 6.

2109 5726 2168 5780 (l)
2210 5726 2352 5763 MISS.
2382 5726 2669 5770 M07.nt‘:tl)..
2706 5727 2768 5780 pa
2816 5726 2862 5767 .t

2109 5781 2203 5855 (ιιι)
2247 5782 2377 5837 Vide
2406 5793 2557 5839 notas
2588 5796 2708 5855 pag.
2737 5726 2862 5843 δῗι.
