4058 6178
458 356 530 414 35
1914 355 2299 415 l‘l‘uEFATlO.
3660 370 3726 425 56

446 470 601 535 baut,
644 465 695 520 in
737 464 930 534 quibus
968 462 1316 532 Evangelium
1358 480 1462 518 non
1505 464 1710 518 tollitur
1748 464 1815 521 de
1853 467 2030 531 altari,
2063 479 2109 534 Α
2138 471 2335 529 Christi
2366 472 2573 529 Domini
2612 476 2663 530 in
2707 478 2895 531 urbem
2938 477 3477 550 Hierosolymitanam
3520 482 3727 555 ingres-

446 577 548 620 nec
577 576 604 615 a
635 558 881 619 diacono,
925 555 1016 610 sed
1048 572 1075 610 a
1108 557 1423 629 preebytero
1454 556 1790 625 celebrante,
1831 558 1883 612 in
1918 560 2033 629 ipso

446 653 621 718 altari,
649 650 864 716 legitur.
898 646 1066 710 Unde,
1099 664 1218 701 cum
1249 649 1299 700 in
1342 649 1499 701 missa
1530 648 1735 715 privata
1774 648 2033 706 diaconus

448 763 550 802 suo
568 757 789 800 munere
812 757 917 795 non
943 740 1210 809 fungatur,
1230 755 1329 793 nec
1352 739 1498 805 illud,
1521 738 1660 791 Laus
1682 739 1792 805 tibi,
1811 749 1941 805 etc.,
1960 742 2035 795 di-

453 850 626 897 catur,
660 851 767 888 non
808 843 924 887 erat
961 848 1058 887 cur
1088 831 1140 884 in
1182 829 1383 886 Missali
1421 843 1608 885 nostro
1647 830 1771 885 huic
1808 832 2032 887 rubrica:

445 930 596 984 locus
625 925 795 980 ﬁeret.

516 1015 634 1070 “2.
680 1012 737 1066 P.
766 1012 837 1065 Le
862 1012 1003 1065 Brun
1035 1011 1196 1065 etiam
1230 1010 1510 1065 contendit
1539 1012 1807 1067 rubricam
1850 1014 2025 1069 hanc:

446 1103 661 1158 Interim
686 1104 805 1156 dum
840 1102 1025 1155 chorus
1056 1101 1198 1164 dicit,
1230 1116 1400 1154 PACEM
1428 1118 1594 1163 usam,
1618 1105 1838 1172 accipiat
1859 1122 2032 1157 sacer-

445 1195 538 1249 dos
565 1210 743 1265 pacem
791 1192 853 1245 de
894 1201 1097 1261 putena,
1135 1199 1203 1253 et,
1239 1190 1452 1244 dicendo
1483 1193 1555 1243 sic
1588 1207 1604 1242 :
1637 1207 1846 1247 uanmo
1876 1209 2033 1248 oscu-

443 1303 549 1341 ιυὶί
582 1300 926 1347 υιιεοτιοκιδ,
961 1299 1027 1336 UT
1056 1298 1225 1337 Αρτυε
1253 1298 1327 1336 SIS
1354 1297 1733 1340 SACROSANCTIS
1761 1301 2032 1341 MYSTERIIS

443 1392 555 1443 plu,
584 1377 761 1429 statim
801 1374 891 1426 dat
931 1389 1109 1442 pacem
1158 1372 1397 1437 diacono,
1449 1373 1525 1426 vel
1566 1390 1743 1444 puero,
1777 1374 1951 1448 [xxvn]
1981 1386 2030 1430 et

444 1482 570 1536 puer
614 1461 801 1534 populo
835 1461 936 1531 (a),
968 1460 1165 1515 Missali
1214 1460 1555 1515 Mozarabum
1612 1463 1813 1516 illatam
1869 1466 2030 1520 fuisse

446 1562 728 1625 postquam
767 1566 872 1620 pax
912 1550 1027 1602 dari
1063 1556 1241 1617 carpta
1284 1556 1367 1602 est
1407 1548 1599 1603 tabella
1642 1552 1868 1619 quadam
1911 1569 2030 1624 quae

442 1652 595 1713 parta
615 1658 743 1711 pace
764 1638 1011 1709 Hispanis
1032 1638 1432 1692 denominalur.
1461 1635 1604 1693 Idem
1638 1641 1787 1695 locus
1807 1641 2033 1699 Missalis

442 1732 632 1798 nostri,
667 1733 719 1785 in
762 1746 899 1784 nova
947 1727 1195 1783 Editione
1235 1726 1491 1783 Glossarii
1535 1730 1682 1785 latini
1726 1732 1925 1787 domini
1957 1734 2028 1788 du

2137 578 2253 617 smn
2277 574 2741 636 reprazseutarent,
2757 566 3221 639 Gothollispauos
3244 571 3556 641 instituisse,
3574 578 3725 635 valde

2138 654 2396 709 credibile
2427 663 2526 709 est.

2210 743 2331 796 116.
2375 745 2473 809 At,
2517 746 2721 813 inquis,
2765 748 2992 818 hymnus
3038 748 3237 816 Gloria,
3280 752 3395 806 laus
3445 764 3493 806 et
3538 754 3723 821 honor,

2135 833 2616 905 Gotho-llispanus
2657 826 2760 892 non
2789 850 2893 906 est,
2929 856 3027 894 nec
3051 841 3188 895 ritus
3218 843 3550 910 percutiendi
3580 847 3723 907 fores

2135 925 2343 982 clausas
2370 927 2611 982 ecclesirc
2648 930 2897 996 antiquus
2932 930 3113 983 haberi
3144 930 3306 985 debet
3346 930 3559 1004 [xxvii].
3605 934 3722 995 Non

2136 1014 2371 1069 dil’liteor
2400 1017 2655 1088 hymnum
2686 1017 2884 1083 Gloria,
2908 1021 3019 1074 laus
3048 1030 3096 1075 et
3126 1021 3316 1086 honor,
3343 1035 3464 1093 post
3493 1030 3725 1084 eversio-

2136 1122 2256 1161 nem
2286 1108 2494 1178 impcrii
2519 1109 2911 1178 Visigothorum
2945 1115 3302 1179 compositum
3343 1116 3504 1173 fuisse
3533 1120 3635 1190 (g),
3668 1129 3725 1176 at

2137 1196 2264 1251 inde
2302 1215 2407 1251 non
2438 1202 2784 1268 consequitur
2813 1200 3292 1273 Gellio-Hispanos
3322 1206 3580 1276 hymnum
3619 1210 3721 1264 ali-

2135 1299 2294 1353 quem
2326 1286 2508 1351 alium,
2536 1297 2626 1341 aut
2657 1290 2910 1358 psalmos,
2940 1292 2992 1344 in
3020 1289 3215 1346 Christi
3243 1291 3454 1349 Domini
3484 1294 3718 1364 laudem,

2135 1376 2237 1430 hac
2254 1377 2362 1443 die,
2382 1394 2486 1431 non
2512 1389 2776 1445 cantasse,
2802 1396 2899 1449 pro
2920 1382 3114 1449 quibus
3137 1381 3447 1439 Mozarabes
3468 1386 3723 1457 hymnum

2136 1465 2337 1523 Gloria,
2376 1467 2488 1520 laus
2514 1478 2564 1521 et
2592 1470 2773 1535 honor,
2797 1478 3018 1525 cantare
3048 1482 3347 1543 eruperunt.
3374 1475 3484 1532 Nec
3509 1477 3723 1549 disputo

2135 1556 2202 1611 de
2232 1558 2549 1627 antiquitate
2580 1561 2710 1615 ritus
2737 1562 3022 1617 claudendi
3053 1563 3194 1620 fores
3220 1567 3490 1634 ecclesia,
3523 1585 3725 1641 easque

2136 1648 2234 1705 hac
2260 1650 2346 1705 die
2377 1651 2639 1720 pulsandi,
2666 1654 2908 1721 quamvis
2944 1657 3011 1711 de
3040 1655 3196 1724 hujus
3221 1660 3620 1715 consuetudinis
3641 1676 3733 1718 vo-

2136 1750 2334 1797 tustate
2363 1744 2419 1797 P.
2449 1743 2521 1797 Le
2552 1744 2693 1798 Brun
2723 1761 2829 1799 non
2860 1747 3141 1802 assentiar.
3174 1746 3303 1803 Esto
3331 1750 3444 1806 haac
3466 1767 3725 1810 excreme-

441 1822 643 1890 Gauge,
672 1836 803 1875 voce
830 1818 948 1873 Pax
968 1820 1183 1883 citetur,
1204 1817 1271 1871 ad
1288 1819 1623 1889 probandum
1654 1822 1900 1878 tabellam
1925 1842 2029 1896 qua

2139 1836 2222 1888 nia
2268 1836 2541 1891 recentior
2585 1838 2674 1904 sit,
2729 1838 2856 1908 quid
2905 1839 3021 1895 sola
3067 1840 3228 1896 laciet
3276 1842 3415 1899 inter
3463 1853 3543 1900 tot
3590 1847 3724 1903 ritus

441 1933 548 1989 pax
574 1917 731 1971 datur
753 1915 913 1969 etiam
935 1931 1112 1983 pacem
1138 1914 1492 1969 denominari.
1529 1914 1597 1969 At
1624 1931 1730 1970 non
1755 1916 1912 1971 video
1935 1932 2033 1972 cur

445 2012 501 2066 in
533 2011 635 2065 hac
666 2008 879 2063 rubrica
905 2023 1006 2062 vox
1038 2024 1142 2078 pax
1170 2008 1312 2061 aliud
1335 2007 1636 2077 signiﬁcare
1656 2009 1850 2063 debeat
1869 2026 2030 2080 quam

441 2099 707 2163 osculum,
738 2103 830 2151 aut
855 2096 1160 2166 amplexum
1189 2097 1359 2166 pacis,
1385 2112 1545 2167 quam
1572 2099 1822 2152 sacerdos
1851 2098 1916 2153 de
1945 2115 2034 2169 pa-

447 2200 571 2248 tena
600 2189 917 2259 accipiebat,
951 2195 1005 2241 et
1034 2188 1286 2255 diacono,
1314 2189 1398 2242 vel
1426 2203 1615 2257 puero,
1646 2202 1767 2243 eum
1796 2189 2032 2257 amplec-

440 2281 625 2345 tendo,
668 2279 930 2343 tradebat,
974 2285 1031 2331 et
1074 2291 1209 2347 puer
1262 2278 1464 2349 populo
1506 2278 1685 2343 dabat,
1727 2281 2029 2348 proximum

444 2373 546 2429 sibi
578 2378 842 2428 astantem
872 2368 1266 2439 amplectende.

518 2459 642 2515 115.
684 2460 784 2525 At,
813 2460 957 2530 quod
990 2458 1049 2513 P.
1084 2458 1158 2512 Le
1184 2458 1326 2513 Brun
1359 2459 1799 2514 animadvertisse
1825 2459 2028 2528 debuit,

443 2550 587 2623 apud
640 2549 1144 2619 (letho-Hispanos,
1205 2558 1260 2605 et
1313 2549 1626 2604 Mozarabes
1676 2551 2027 2620 antiquiores,

440 2641 695 2699 sacerdos
733 2638 1015 2694 celebrans
1059 2653 1249 2708 pacem
1291 2654 1322 2692 a
1363 2638 1578 2693 nemine
1617 2639 1934 2708 accipiebat,
1975 2648 2031 2693 et

442 2730 646 2786 nemini
673 2729 852 2783 dabat.
901 2726 1056 2791 Nam,
1089 2736 1149 2781 ut
1184 2728 1235 2781 in
1269 2730 1412 2782 noth
1438 2726 1622 2781 monui
1670 2726 1768 2798 (ὑ),
1819 2729 2030 2783 initium

441 2821 632 2876 danda
662 2819 806 2889 pacis
826 2832 857 2872 a
879 2818 1109 2873 diacono
1129 2827 1248 2872 erat
1274 2818 1372 2889 (c),
1400 2820 1491 2886 qui
1521 2818 1720 2887 populo
1746 2818 2028 2889 prascipie-

443 2912 538 2965 hat
580 2917 640 2963 ut
688 2909 829 2962 inter
873 2921 931 2961 se
979 2921 1165 2978 pacem
1217 2905 1456 2961 facerent
1485 2908 1589 2977 (tl),
1618 2916 1691 2971 et,
1736 2908 2029 2963 osculando

440 2999 757 3069 digniorem,
792 3012 975 3067 pacem
1015 2997 1301 3067 episcOpis,
1330 2998 1658 3069 presbyteris
1686 3006 1741 3053 et
1765 2998 2030 3068 diaconis,

442 3091 599 3145 altari
628 3090 926 3144 astantibus
955 3089 1070 3160 ipse
1095 3089 1276 3144 dabat.

2134 1926 2415 1995 antiquos?

2186 2014 2307 2068 H‘l.
2337 2015 2465 2068 Nam
2489 2025 2684 2086 punter
2703 2032 2829 2073 mox
2844 2020 3330 2088 recensitos,sexto
3348 2022 3497 2087 illud,
3526 2022 3723 2096 Erigite

2130 2123 2242 2176 vos,
2284 2116 2409 2177 post
2445 2108 2671 2179 primam
2711 2111 3048 2181 prophetiam
3085 2113 3319 2179 dictum;
3361 2116 3589 2184 septimo
3636 2133 3724 2171 ru-

2130 2200 2277 2253 brica
2295 2216 2403 2270 pra:
2432 2202 2646 2258 cribens
2675 2211 2731 2256 ut
2758 2204 2852 2271 ﬁat
2876 2219 3042 2257 sermo
3069 2206 3137 2258 ad
3163 2206 3424 2275 populum,
3458 2216 3582 2261 ante
3603 2207 3717 2263 lec-

2134 2293 2334 2347 tionem
2365 2292 2856 2363 Apostoli;octavo
2886 2294 3033 2359 illud,
3067 2295 3368 2367 Symbolum
3405 2315 3551 2353 nemo
3592 2301 3723 2353 scri-

2136 2385 2252 2447 bat;
2284 2399 2452 2447 nono,
2478 2384 2625 2450 illud,
2654 2383 2872 2455 Signata
2900 2402 3008 2451 vos,
3049 2396 3097 2440 et
3126 2388 3457 2456 respondete;
3488 2389 3713 2454 decimo,

2133 2474 2281 2541 illud,
2339 2473 2608 2530 Submissa
2653 2493 2792 2541 t'oce,
2850 2485 2932 2531 ter
2983 2480 3289 2548 repetitum,
3346 2479 3413 2534 ad
3452 2480 3721 2548 duplicem

2132 2567 2374 2641 Symboli
2402 2571 2802 2639 repetitionem,
2840 2579 2897 2625 et
2932 2570 2999 2625 ad
3042 2570 3259 2626 brevem
3292 2571 3721 2627 exhortationem

2131 2660 2198 2713 de
2227 2661 2503 2715 retinenda
2537 2660 2654 2726 ﬁde,
2682 2662 2977 2729 pertinens,
3010 2664 3230 2731 antiqua
3260 2670 3404 2729 sunt,
3434 2672 3489 2719 et
3512 2661 3720 2718 Gotho-

2133 2745 2388 2817 Hispana,
2424 2749 2619 2817 quibus
2648 2748 2692 2803 si
2733 2749 2958 2804 addatur
3004 2750 3105 2805 hac
3135 2750 3220 2805 die
3260 2754 3565 2819 passionem
3609 2750 3716 2808 Do-

2131 2837 2261 2891 mini
2304 2852 2409 2891 non
2448 2837 2575 2905 legi,
2620 2852 2720 2892 nec
2768 2838 3411 2908 minorem‘doxologiam
3443 2839 3625 2895 Gloria
3670 2850 3720 2896 et

2132 2928 2298 2981 honor
2341 2926 2508 2992 Patri,
2551 2935 2684 2992 etc.,
2726 2930 2922 2993 omitti,
2961 2945 3258 3000 omnesque
3296 2932 3431 2986 ritus
3473 2933 3719 2989 consueti

2132 3020 2307 3075 missae
2335 3019 2681 3075 Mozarabicce
2712 3022 3046 3091 adjiciantur,
3079 3021 3235 3078 lacile
3262 3024 3366 3079 erit
3401 3023 3718 3092 diiudicare,

2132 3119 2391 3178 quantum
2438 3125 2466 3162 a
2498 3126 2628 3165 vero
2668 3111 2703 3164 ii
2738 3111 3011 3175 aberrant,
3042 3111 3132 3180 qui
3175 3113 3499 3167 auctoritate
3537 3112 3596 3166 P.
3646 3112 3721 3169 Le

517 3202 636 3258 114,
678 3201 1028 3257 Prolixiorem
1058 3202 1448 3258 discussionem
1477 3203 1702 3273 requirit
1728 3202 1830 3257 alia
1860 3202 1920 3258 Ρ,
1950 3201 2025 3258 Le
2056 3189 2100 3249 (Σ
2132 3198 2274 3254 Brun
2320 3200 2573 3265 nitentes,
2617 3201 2905 3270 Opinantur
2943 3203 3079 3257 ritus
3117 3202 3335 3271 majoris
3373 3202 3722 3258 hebdomadas

442 3296 588 3351 Brun
641 3293 933 3365 oppositio,
985 3294 1278 3349 asserentis
1327 3309 1515 3348 omnes
1563 3291 1732 3348 ferite
1784 3292 2025 3349 rubricas

442 3385 730 3461 Dominica:
754 3383 1078 3451 Palmarum,
1105 3383 1247 3438 ferite
1267 3384 1487 3453 quinuc,
1517 3393 1700 3448 sexuc,
1731 3394 1783 3441 et
1808 3382 2027 3439 Sabbati

443 3466 1062 3550 majorishebdomadae,
1094 3492 1213 3546 quas
1239 3477 1290 3529 in
1320 3476 1521 3531 Missali
1546 3485 1729 3532 ttOsil‘O
1752 3476 2029 3531 inveniun-

442 3579 548 3635 tur,
577 3568 886 3637 desumptas
912 3582 1031 3621 esse
1057 3582 1085 3617 a
1117 3564 1314 3619 Missali
1344 3564 1607 3629 Romano,
1632 3581 1760 3634 quo,
1787 3575 2031 3636 tempore

444 3658 729 3716 cardinalis
756 3654 1011 3723 Ximenii,
1053 3653 1288 3708 Ecclesia
1327 3654 1583 3709 To'etana
1614 3655 1879 3717 utebatur,
1912 3670 2030 3727 quae

454 3750 726 3807 accusatio
764 3764 871 3802 non
912 3747 1015 3801 alia
1060 3747 1228 3816 magis
1258 3745 1461 3802 ellicaci
1493 3749 1700 3803 ratione
1728 3745 1936 3817 infringi
1971 3764 2033 3803 ac

445 3844 577 3900 dilui
607 3857 769 3914 posse
797 3842 1008 3895 videtur
1046 3854 1205 3909 quam
1247 3840 1611 3894 enumerando
1643 3840 1778 3895 ritus
1820 3838 2031 3895 Gotho-

444 3936 711 4008 llispauos
749 3933 841 4005 qui
884 3934 937 3988 in
978 3932 1207 3988 Missalis
1248 3931 1480 3986 Ximenii
1527 3930 1703 3988 Missis
1745 3933 1809 3986 iis
1847 3934 2035 3987 diebus

442 4031 743 4081 recurrunt.
758 4020 938 4077 Primo
961 4021 1119 4091 igitur
1142 4019 1321 4074 titulus
1339 4018 1630 4075 Dominicze
1658 4023 1712 4074 in.
1726 4021 1906 4075 Ramis
1923 4023 2035 4091 pal-

442 4104 645 4171 marum
694 4110 788 4185 (e);
818 4111 1054 4166 secundo
1082 4111 1256 4165 oratio
1287 4109 1523 4175 Domine,
1551 4110 1692 4178 Iesu,
1725 4128 1829 4182 qua
1876 4111 2037 4167 ﬂores

445 4213 500 4258 et
545 4204 679 4257 rami
721 4200 1127 4265 benedicuntur,
1163 4201 1367 4256 crebris
1406 4202 1843 4271 responsionibus
1874 4203 2038 4255 inter-

445 4301 623 4358 sccta;
658 4292 818 4347 tertio
847 4292 1022 4346 oratio
1049 4292 1346 4359 Dominica,
1382 4295 1434 4345 in
1467 4293 1572 4346 line
1603 4294 1744 4347 illius
1774 4295 2036 4349 orationis

446 4384 713 4448 recitata;
751 4391 943 4452 quarto
982 4381 1306 4442 benedictio,
1339 4383 1421 4436 cui
1460 4382 1799 4453 praemittitur
1845 4381 2038 4436 Humi-

445 4479 597 4542 liate,
629 4476 818 4546 quinto
849 4472 976 4528 illud
1017 4472 1228 4542 Sparsit
1256 4490 1349 4527 nos
1390 4490 1458 4528 ex
1498 4473 1674 4530 ofﬁcio
1715 4475 1780 4529 ad
1820 4477 2039 4531 benedi-

2128 3292 2357 3348 Missalis
2381 3292 2617 3347 Ximenii
2648 3310 2836 3348 omnes
2878 3294 3048 3347 ferme
3074 3295 3407 3349 recentiores
3436 3309 3575 3349 esse.

2202 3383 2324 3439 118.
2376 3383 2557 3454 Neque
2582 3394 2712 3455 puto
2737 3383 2802 3438 ad
2828 3385 2933 3439 hoc
2965 3384 3063 3440 lusi
3101 3399 3127 3439 s
3155 3385 3538 3440 ostendendum
3584 3399 3723 3455 opus

2131 3490 2252 3532 esse
2310 3478 2668 3547 particulatim
2726 3476 2803 3530 ire
2852 3491 2949 3545 per
2995 3491 3183 3530 omnes
3234 3478 3406 3541 ritus,
3456 3484 3512 3530 et
3552 3489 3721 3530 etcre-

2131 3569 2343 3623 monias
2367 3568 2509 3622 feria:
2538 3568 2736 3638 quin'a:
2766 3566 2817 3620 in
2835 3565 2999 3620 Coena
3033 3565 3263 3633 Domini,
3294 3566 3437 3620 feria:
3465 3576 3631 3621 sextae
3668 3566 3722 3621 in

2134 3662 2449 3725 Parascevc,
2483 3669 2537 3715 et
2576 3660 2794 3715 Sabbati
2825 3660 3015 3715 sancti.
3046 3657 3260 3714 Sufﬁcit
3295 3659 3725 3714 animadvertere

2135 3753 2371 3808 ofﬁcium
2414 3752 2560 3807 feriae
2590 3752 2787 3821 quintae
2820 3753 2873 3806 in
2910 3749 3079 3806 Cmna
3111 3751 3345 3814 Domini,
3382 3751 3595 3821 dempta
3633 3766 3724 3804 ru-

2136 3843 2278 3897 brica
2308 3843 2394 3896 illa
2424 3857 2527 3912 qua
2560 3843 2866 3914 praecipitur
2896 3850 2954 3895 ut
2988 3857 3093 3911 pax
3122 3858 3228 3895 non
3257 3840 3413 3895 detur
3440 3842 3458 3908 (
3489 3840 3573 3895 cui
3598 3854 3722 3895 ora-

2137 3935 2212 3988 tio
2242 3935 2309 3988 ad
2332 3952 2532 4004 pacem,
2556 3934 2713 3989 etilla
2744 3936 2856 4004 ipsa
2882 3935 3091 3988 rubrica
3112 3932 3445 3998 contradicit,
3476 3940 3534 3985 ut
3562 3945 3723 4001 supe-

2136 4028 2248 4083 rius
2288 4024 2563 4095 indicavi)
2606 4022 3110 4092 Gellio—Hispanum
3150 4038 3303 4089 esse;
3348 4019 3721 4076 creremoniam

2137 4118 2407 4171 de‘l'erendi
2440 4116 2825 4171 Eucharistiam
2854 4115 2919 4168 ad
2948 4112 3333 4175 conditorium,
3372 4113 3515 4181 quod
3544 4111 3721 4180 sepul-

2138 4224 2287 4263 crum
2334 4206 2628 4278 appellant,
2670 4221 2700 4259 a
2729 4204 3102 4258 Mozarahibus
3143 4202 3378 4257 additam
3418 4217 3558 4269 esse,
3592 4202 3723 4257 nihil

2141 4305 2318 4350 tamen
2343 4297 2537 4349 habere
2558 4294 2701 4365 quod
2718 4294 2905 4347 ritibus
2921 4291 3373 4361 Gotho-Hispanis
3394 4301 3719 4362 opponatur.

2212 4387 2333 4441 119.
2377 4385 2620 4442 Oﬁicium
2660 4386 2764 4440 diei
2811 4384 3040 4441 Veneris
3078 4383 3271 4451 sancti,
3305 4383 3524 4453 dempta
3563 4383 3723 4437 missa

2143 4481 2729 4554 prtrsanctilicatorum,
2758 4494 2878 4549 qua:
2899 4479 3061 4533 etiam
3084 4478 3190 4532 ritu
3220 4476 3554 4531 Mozarahico
3583 4475 3724 4529 cele-

447 4543 674 4626 cendum
699 4582 891 4637 aquam
915 4566 1236 4637 aspersionis
1259 4566 1618 4637 desumptum;
1643 4569 1820 4622 omnia
1838 4566 2036 4623 Gotho-
2070 4543 2112 4598 θ
2141 4543 2342 4638 bratur,
2376 4543 2875 4640 (letho-Hispanum
2904 4577 3004 4624 est.
3036 4568 3170 4621 Alibi
3211 4567 3326 4621 dixi
3352 4567 3426 4637 (ἡ)
3469 4580 3723 4621 caeremo-

449 4660 681 4731 llispana
704 4668 844 4714 sunt.
876 4657 1003 4725 Qua:
1027 4664 1204 4713 autem
1228 4668 1522 4727 sequuntur
1545 4676 1580 4713 u
1609 4674 1713 4728 que
1737 4662 1800 4713 ad
1830 4662 2034 4715 initium

449 4755 644 4820 missas,
670 4752 863 4824 quibus
885 4752 1149 4822 pra‘cipue
1171 4751 1411 4805 innititur
1434 4755 1660 4808 assertio
1689 4752 1747 4807 P.
1775 4754 1847 4807 Le
1869 4753 2033 4817 Brun,

450 4845 679 4902 formam
709 4843 899 4898 saltem
929 4839 1428 4910 (letho—Hispanam
1460 4845 1820 4898 retinuerunt.

526 4933 647 4991 115.
688 4932 821 4987 Nam
870 4932 1052 4986 ultima
1085 4933 1280 4997 oratio,
1315 4933 1463 4988 Alme
1507 4933 1662 4988 Pater
1690 4945 2031 5005 omnipotens,

452 5035 584 5092 etc.,
611 5040 730 5094 qua:
774 5019 1217 5093 Cottio-Hispana
1243 5023 1477 5089 videtur,
1517 5023 1585 5078 de
1638 5035 1799 5079 cantu
1849 5036 2036 5095 aperte

454 5116 699 5171 meminit
725 5113 814 5187 (Γ).
846 5112 1257 5169 Processionem
1297 5127 1532 5185 quoque,
1565 5124 1622 5169 ut
1660 5116 2037 5187 triumphalem

527 5250 603 5318 (a)
643 5248 701 5302 ln
751 5247 948 5304 Missali
1003 5256 1209 5311 nostro,
1242 5262 1365 5318 pag.
1420 5246 1455 5299 5
1492 5256 1547 5303 et
1597 5262 1720 5317 pag.
1778 5248 1907 5315 2‘27,
1952 5253 2039 5308 hic

455 5319 607 5373 locus
635 5319 793 5390 paulo
835 5319 993 5374 aliter
1034 5319 1248 5388 legitur,
1269 5319 1350 5390 ita
1392 5327 1571 5372 tamen
1605 5321 1888 5386 legendum
1915 5338 2035 5378 esse

458 5402 600 5452 reor,
632 5388 729 5441 cur
756 5391 895 5443 enim
925 5392 1198 5454 sacerdos,
1228 5388 1510 5443 diaconum
1531 5397 1623 5440 aut
1651 5404 1871 5452 puerum
1904 5394 2040 5447 allo-

456 5474 647 5531 quens,
679 5466 855 5514 utatur
897 5475 1121 5515 numero
1164 5458 1517 5515 multitudinis
1568 5455 1773 5513 Habeto
1826 5470 1881 5515 et
1928 5464 2038 5531 apti

455 5528 542 5584 siti
574 5568 590 5591 ,
626 5542 730 5579 non
758 5538 981 5591 apparet
1009 5545 1189 5586 causa.

532 5598 605 5666 (ι)
651 5592 777 5666 Pag.
796 5592 930 5650 sto.

530 5664 600 5743 (ε)
641 5665 871 5743 sanctus
909 5666 1159 5743 Isidorus,
1192 5670 1244 5725 in
1292 5671 1449 5743 epist.
1476 5669 1540 5725 ad
1568 5668 1809 5739 Ludifr.,'
1829 5675 1897 5730 de
1925 5675 2039 5731 dia-

461 5733 600 5793 cono
631 5738 704 5791 ait
735 5751 747 5788 :
778 5733 899 5797 Ipse
924 5736 1083 5807 donat
1111 5754 1308 5807 pacem,
1329 5733 1449 5807 ipse
1477 5744 1773 5795 annuntiat.

530 5808 611 5880 (ά)
652 5807 949 5864 Concilium
986 5805 1302 5877 Cojacensc,
1348 5805 1473 5862 ann.
1506 5809 1665 5880 1056,
1694 5820 1818 5867 can.
1848 5806 1871 5861 1
1912 5826 1923 5861 :
1959 5808 2039 5862 Ad

2140 4664 2281 4719 niam
2307 4663 2634 4717 adorationls
2654 4661 2847 4725 crucis,
2872 4659 2959 4714 die
2980 4658 3200 4713 Veneris
3220 4664 3425 4720 sancto,
3451 4655 3723 4723 antiquam

2140 4770 2278 4817 εθεθ.
2326 4770 2437 4809 non
2470 4765 2647 4806 tamen
2681 4748 3197 4820 Gothooili~panam,
3241 4758 3334 4802 aut
3372 4746 3718 4801 Gallicanam.

2141 4842 2246 4897 Sed
2291 4859 2351 4898 re
2394 4842 2582 4896 melius
2629 4854 2913 4909 perpensa,
2962 4838 3207 4907 suspicor
3249 4833 3723 4902 Gotboollispanos

2142 4933 2379 4989 ol‘licium
2406 4932 2565 5001 hujus
2594 4930 2698 4985 diei
2728 4930 2796 4983 ab
2825 4929 3141 4983 adoratione
3170 4926 3364 4990 crucis,
3400 4922 3504 4988 vel,
3537 4931 3596 4976 ut
3624 4920 3721 4990 ipsi

2140 5025 2499 5095 loquebantur
2518 5065 2531 5088 ,
2561 5040 2590 5077 a
2618 5021 2942 5076 salutatione
2972 5019 3100 5088 ligni
3128 5016 3381 5073 dominici
3407 5016 3718 5075 inchoasse,

2143 5112 2592 5187 quemadmodum
2622 5112 2820 5167 indicat
2861 5110 3056 5173 oratio,
3092 5106 3135 5160 0
3171 5120 3297 5159 crux
3325 5117 3525 5167 sancta,
3559 5117 3590 5156 a
3615 5115 3721 5171 qua

2139 5264 2316 5304 omnes
2342 5247 2547 5310 missas,
2575 5259 2689 5296 cum
2715 5238 3176 5313 diaconus‘diaaerit
3200 5251 3217 5285 :
3243 5250 3399 5313 turea
3425 5248 3522 5289 vos
3550 5246 3719 5313 esccl

2144 5332 2393 5379 TRADITE,
2426 5304 2658 5368 omnibus
2685 5315 2827 5366 intra
2856 5309 3140 5363 Ecclesium
3169 5304 3441 5368 stantibus,
3467 5304 3608 5370 pacis
3634 5318 3719 5356 os-

2141 5389 2309 5441 culum
2337 5387 2551 5439 invicem
2582 5382 2853 5436 tribuatur.

2215 5458 2287 5528 (ε)
2317 5456 2451 5528 Vide
2476 5463 2779 5528 uotasApag.
2805 5449 2925 5528 £112.
3232 5511 3328 5528 WA
3433 5521 3470 5528 Α
3535 5511 3547 5528 _

2215 5511 2302 5597 if)
2344 5525 2553 5597 llis-sals
2602 5511 2949 5597 ,Μὲιέἒίνρδυπῐι
2980 5529 3170 5597 ηυδε·
3228 5511 3366 5574 ’δον
3421 5521 3496 5597 ει.
3535 5511 3713 5597 illiti

2146 5578 2231 5651 Ol;
2249 5578 2366 5660 hcc,
2399 5578 2490 5648 nos
2521 5592 2723 5664 indigni
2749 5591 2861 5662 ejus
2910 5578 3156 5645 in'la'ude
3204 5600 3319 5640 cunt
3357 5582 3496 5640 omni
3530 5578 3716 5637 latitia

2144 5670 2483 5727 concinentes,
2518 5683 2539 5715 ε-
2551 5673 2622 5717 tc.

2217 5739 2292 5808 (ρ)
2318 5736 2451 5808 Ἦρξε
2478 5743 2633 5787 notas
2662 5745 2785 5803 με.
2816 5730 2941 5808 512-

2216 5801 2295 5881 (Ῑι)
2328 5803 2458 5861 Vide
2479 5813 2634 5861 notas
2662 5801 2781 5875 pag.
2819 5801 2946 5856 517.
