4058 6178
326 313 399 367 57
1812 296 2210 355 ΡΠᾹΣΕΑΤΙΟ.
3558 300 3628 356 ιδ

333 426 567 483 ofticium
602 425 813 497 incipit.
846 422 1177 479 Cmremonia
1202 418 1361 489 igitur
1387 415 1718 473 a.lorationis
1738 416 1932 480 crucis,
1964 420 2009 477 Α
2041 413 2241 471 Missali
2270 430 2363 470 eas
2392 430 2580 472 omnes
2623 416 2899 473 orationes
2941 416 3232 474 inseruisse
3276 431 3397 488 quae
3443 416 3628 475 introi~

334 534 459 591 quia:
483 532 647 583 nunc,
698 532 804 571 non
836 516 907 569 ini
938 515 991 569 io
1032 511 1217 576 officii,
1268 510 1361 565 scd
1400 516 1526 579 post
1564 506 1935 575 indulgentias,

335 608 648 680 peragitur,
675 607 897 674 antiqua
937 602 1183 658 habenda
1226 608 1329 666 cst,
1372 608 1426 654 et
1464 596 1938 668 Gotho-llispana,

333 701 589 772 quamvis
618 715 648 752 a
680 698 831 751 Moza
864 696 1055 749 abibus
1082 692 1472 749 recentioribus
1503 690 1626 744 loco
1654 704 1755 742 suo
1796 696 1938 740 muta

336 789 527 855 fuerit,
567 797 625 842 ut
664 788 731 842 ad
762 784 1179 842 consuetudines
1218 780 1473 836 Ecclesirc
1503 778 1779 832 Toletanzc
1822 790 1943 830 sese

338 886 516 950 mags
542 879 1038 936 accommodarent.
1066 875 1266 944 Papute
1292 888 1457 940 meus,
1487 880 1617 929 etc.,
1662 885 1691 922 a
1735 866 1942 922 Gotho-

342 971 596 1042 liispanis
626 969 755 1027 olim
803 969 1120 1033 cauebatur,
1169 973 1224 1020 et
1251 963 1451 1018 adhuc.
1494 960 1548 1015 in
1592 958 1873 1015 Breviario
1912 970 1942 1010 a

344 1063 725 1120 Mozarabibus
754 1061 985 1116 Canitur.

424 1157 549 1213 1ἓο.
582 1154 710 1222 Sed,
752 1152 923 1222 inquit
968 1150 1024 1205 P.
1062 1148 1133 1205 Le
1163 1148 1327 1213 Brun,
1358 1144 1575 1199 rubrica
1612 1156 1715 1211 qua
1760 1137 1946 1209 pracci—

352 1251 502 1320 pitur
531 1258 586 1302 ut
613 1247 868 1303 diaconus
897 1252 952 1299 et
988 1241 1379 1304 subdiaconus,
1413 1238 1587 1292 missa:
1635 1232 1947 1304 pnesancti-

351 1342 637 1397 ticatorutu
679 1334 1030 1392 ministraturi
1060 1328 1292 1406 [XXVIII],
1320 1330 1625 1384 dalataticas
1657 1329 1833 1398 nigras
1868 1326 1949 1379 in-

349 1434 542 1497 duant,
583 1432 856 1486 recentior
882 1428 1068 1497 utique
1108 1434 1209 1491 est,
1253 1439 1377 1478 nam
1416 1421 1592 1477 tunica
1633 1416 1948 1473 subdiaconi

351 1522 639 1576 dalmatica
676 1519 1007 1582 nominatur,
1049 1512 1194 1586 quod
1244 1528 1433 1569 recens
1466 1520 1568 1574 est,
1602 1511 1794 1570 fateor.
1842 1510 1949 1563 imo

353 1611 492 1665 adeo
526 1625 739 1677 recens,
780 1616 840 1664 ut
882 1624 949 1664 ne
986 1623 1130 1664 nune
1164 1605 1380 1675 quidem
1421 1606 1595 1658 tunica
1635 1601 1949 1658 subdiaconi

355 1703 575 1772 proprie
601 1703 885 1756 dnlmatica
910 1701 1140 1756 dicatur.
1174 1702 1244 1753 At
1266 1698 1353 1753 ille
1382 1697 1488 1752 hoc
1517 1696 1676 1751 unico
1704 1694 1951 1763 exemplo

2044 513 2178 571 tum.
2201 504 2314 562 sive
2334 506 2552 575 ofﬁcium
2576 507 2645 560 ad
2660 508 2890 573 missam,
2906 507 3239 579 princedunt,
3263 508 3451 563 demus
3471 510 3633 563 etiam

2042 612 2165 652 eum
2193 606 2411 653 sanctos
2441 599 2702 668 plurimos
2730 599 3026 656 Toletanos
3051 602 3254 657 sanctis
3282 601 3634 659 Mozarabicis

2042 688 2330 752 addidisse,
2388 706 2515 744 num
2564 690 2685 745 inde
2734 692 2975 760 sequitur
3023 692 3234 748 Missale
3283 693 3628 749 Mozarabutn

2042 775 2275 833 Ximenii
2303 780 2793 835 Sacramentarium
2816 779 3322 853 Gotho-llispanum
3347 800 3454 838 non
3475 787 3631 840 esse?

2043 865 2197 920 llaud
2228 877 2379 938 puto.
2422 868 2557 923 Nam
2596 871 2639 924 si
2671 870 2898 931 similia,
2952 872 3059 924 imo
3092 872 3241 941 plura
3269 873 3632 929 additamenta

2045 973 2150 1015 non
2179 958 2421 1016 efficiunt
2444 970 2501 1015 ut
2530 961 2744 1017 Missale
2775 964 3077 1017 Romanum
3117 966 3288 1018 sancti
3334 964 3411 1019 Pii
3454 966 3634 1032 Quinti

2043 1050 2149 1105 dici
2181 1063 2413 1121 nequeat
2434 1054 2922 1110 Sacramentarium
2946 1056 3336 1124 Gregorianum
3360 1057 3552 1131 [XXIX],
3576 1067 3635 1113 ut

2046 1142 2160 1210 ipse
2187 1141 2248 1196 P.
2282 1141 2354 1197 Le
2378 1144 2516 1201 Brun
2564 1156 2750 1217 aperte
2779 1146 2945 1201 docet
2976 1148 3097 1219 (d);
3139 1148 3267 1218 quid
3309 1157 3392 1202 est
3431 1165 3529 1203 cur
3555 1149 3637 1202 di-

2047 1248 2232 1288 camus
2275 1233 2488 1291 Missale
2530 1235 2762 1291 Ximenii
2810 1237 3298 1293 Sacramentarium
3341 1238 3640 1294 Mozarabi-

2049 1339 2170 1378 cum
2198 1325 2383 1381 haberi
2416 1343 2524 1382 non
2556 1329 2758 1397 posse?

2124 1416 2244 1470 125.
2291 1415 2579 1486 Praiterea,
2610 1419 2752 1473 unde
2781 1420 2969 1475 habuit
2992 1421 3281 1479 Roblesius
3308 1425 3640 1481 cardinalem

2050 1504 2355 1561 Ximenium
2387 1508 2500 1564 haec
2529 1511 2710 1563 omnia
2738 1509 2935 1564 Missa’i
2966 1512 3310 1569 Mozarnbum
3342 1517 3644 1572 addidisse?

2048 1594 2230 1665 loquis
2260 1615 2272 1647 τ
2306 1596 2478 1653 Nemo
2516 1613 2717 1666 negare
2763 1610 2940 1669 potest
2982 1604 3255 1658 orationes
3299 1606 3450 1674 istas,
3505 1623 3643 1675 quas

2051 1688 2303 1743 distincte
2329 1688 2570 1742 nominat
2619 1688 2917 1755 Roblesius,
2970 1693 3020 1746 in
3050 1692 3246 1747 Missali
3297 1694 3643 1750 Mozarabutn

357 1769 503 1846 male
532 1791 722 1861 probat
762 1799 989 1848 caeteros
1028 1790 1163 1846 ritus
1199 1787 1425 1843 Missalis
1462 1785 1714 1849 Ximcnii,
1745 1785 1836 1855 qui
1875 1782 1944 1838 ad
1980 1769 2019 1826 Β
2051 1780 2300 1835 inveniri.
2351 1780 2503 1847 Esto,
2537 1790 2595 1836 at
2638 1783 2762 1837 inde
2790 1800 2894 1838 non
2925 1786 3167 1853 sequitur
3190 1802 3285 1841 eas
3315 1788 3643 1842 cardinali-tn

356 1880 539 1936 officia
562 1882 844 1937 sanctioris
875 1880 1223 1937 hebdomadas
1252 1879 1548 1953 pertinent,
1578 1892 1756 1931 omnes
1787 1878 1950 1947 ferme

357 1976 691 2030 recentiores
722 1988 875 2037 esse;
920 1986 1097 2027 nonne
1136 1987 1350 2041 :equum
1382 1971 1552 2039 magis
1581 1967 1763 2023 fuisset
1806 1967 1948 2022 osci-

358 2064 589 2117 tantiam
634 2073 688 2118 ct
727 2063 1122 2122 festinationem
1160 2061 1501 2117 amanuensis
1539 2074 1829 2122 accusare,
1860 2058 1952 2126 qui

357 2154 593 2209 debebat
614 2155 864 2225 schpisse
884 2166 932 2208 et
960 2155 1207 2208 diaconus
1227 2154 1584 2221 dalmaticam,
1606 2151 1952 2206 subdiaconus

361 2247 658 2300 tunicet'am
708 2248 888 2317 nigras
942 2247 1193 2317 accipiat,
1249 2253 1343 2301 aut
1391 2254 1539 2300 certe
1597 2244 1952 2315 ignorantiam

358 2336 674 2406 scriptoris?
714 2336 883 2402 Nam,
926 2352 1046 2391 cum
1095 2336 1412 2391 subdiaconi
1469 2335 1675 2398 tunica,
1730 2334 1955 2388 manicis

360 2429 646 2493 duntaxat,
689 2443 809 2498 quze
857 2429 1099 2483 nonnihil
1141 2430 1441 2485 strictiores
1481 2437 1624 2492 sunt,
1671 2444 1701 2483 a
1742 2428 1954 2482 diaconi

363 2517 669 2580 dalmatica,
699 2519 1121 2583 discriminetur,
1159 2517 1318 2574 facile
1353 2526 1472 2573 erat
1499 2518 1750 2589 scriptori
1780 2518 1957 2571 minus

363 2620 618 2665 accurato
666 2611 998 2665 dalmaticam
1048 2627 1147 2682 pro
1198 2610 1463 2666 Tunicelta
1506 2611 1803 2680 accepisse.
1849 2610 1957 2666 Sed

361 2701 509 2769 quid,
542 2701 588 2755 si
618 2702 914 2770 antiquitus
942 2703 1103 2755 etiam
1133 2701 1443 2756 subdiaconi
1466 2700 1959 2757 dalmatieaindue-

362 2791 580 2854 bantur,
608 2801 665 2845 ut
690 2793 774 2846 vir
798 2793 1038 2847 eruditus
1067 2791 1334 2863 Josephus
1362 2792 1677 2848 Vicecomes
1707 2808 1777 2863 op
1802 2801 1960 2857 natur

368 2885 488 2956 (ri)?
512 2884 713 2956 Utique
738 2886 1023 2942 dicendum
1053 2902 1261 2942 errasse
1288 2886 1555 2943 eruditum
1580 2886 1652 2940 Le
1683 2885 1847 2953 Brun,
1867 2886 1958 2955 qui

365 2977 809 3032 consuetudinem
840 2979 1114 3047 antiquam
1143 2977 1396 3033 novitatis
1436 2978 1740 3034 accusavit?

438 3066 563 3121 121.
598 3066 974 3133 Nihilominus,
1000 3067 1266 3137 inquiunt,
1299 3068 1482 3136 negari
1513 3083 1618 3122 non
1648 3074 1825 3137 potest
1852 3065 1957 3120 Eu-

363 3158 581 3226 genium
624 3156 693 3212 de
733 3156 951 3223 Rabies,
998 3155 1111 3212 Tol.
1136 3158 1194 3223 ti,
1232 3158 1373 3227 apud
1408 3166 1651 3213 sanctum
1694 3156 1952 3222 Marcum,

367 3250 670 3320 parocbum
709 3248 1100 3305 Moaarabicum
1146 3250 1429 3305 tradidisse
1470 3249 1681 3304 Missale
1718 3248 1960 3303 Mazara-

360 3338 567 3405 bicum,
600 3353 721 3393 cum
750 3339 888 3409 typis
922 3324 1195 3405 ederetur,
1221 3339 1369 3408 jussu
1405 3340 1693 3395 cardinalis
1728 3338 1959 3395 Ximcuii

370 3430 755 3499 interpolatum
799 3431 993 3498 fuisse;
1019 3433 1096 3487 sic
1127 3432 1269 3485 enim
1316 3432 1502 3488 scribit
1527 3432 1637 3502 (b):
1671 3433 1958 3487 notandum

368 3538 484 3575 vero
512 3522 565 3576 in
606 3524 944 3591 impressione
984 3521 1210 3577 Missalis
1260 3522 1615 3589 Mozarabiii,
1646 3541 1799 3592 quam
1841 3524 1959 3592 ﬁeri

367 3615 519 3687 jussit
547 3614 833 3667 cardinaiis
864 3612 1177 3668 Franciscus
1204 3614 1501 3681 Ximenius,
1534 3617 1960 3684 Archiepierpus

371 3704 684 3770 Toletanus,
732 3716 782 3760 et
810 3707 861 3759 in
901 3708 1239 3762 translatione
1276 3715 1447 3762 tertiis
1476 3707 1681 3761 Cothici
1725 3709 1776 3761 in
1810 3707 1958 3762 Lati-

368 3816 511 3861 num,
563 3814 679 3851 eum
712 3798 1001 3864 addidisse,
1051 3800 1322 3870 plerosque
1346 3817 1374 3852 ε
1398 3801 1593 3853 sanctis
1632 3800 1783 3869 oﬂicii
1811 3799 1959 3853 Tole-

371 3892 479 3943 tani
506 3892 723 3955 veteris,
755 3899 801 3942 et
842 3893 1034 3944 sanctis
1064 3889 1415 3944 Mazarabicis
1461 3892 1748 3956 miscuisse,
1796 3908 1961 3960 appo-

368 3982 535 4034 suisse
561 3982 717 4033 etiam
744 3980 913 4035 missa!
941 3981 1232 4050 generalem
1262 3982 1654 4051 confessionem,
1688 3996 1803 4033 cum
1833 3998 1958 4034 ora-

372 4072 512 4124 tione
556 4071 881 4125 adorationis
911 4073 1108 4135 crucis,
1162 4080 1473 4141 craterasque
1516 4073 1807 4135 orationes,
1844 4088 1960 4139 quia

369 4166 493 4211 ante
518 4160 788 4215 infroitum
832 4158 1107 4224 dicuntur,
1157 4169 1202 4211 et
1234 4174 1401 4213 sane
1449 4160 1502 4212 in
1531 4160 1639 4229 [ine
1668 4162 1863 4225 missae,
1910 4169 1957 4213 et

369 4251 493 4317 quia
517 4249 627 4302 lia’c
654 4260 703 4304 et
728 4251 970 4319 pieraque
996 4250 1101 4303 alia
1116 4250 1452 4319 adjecit,ideo
1477 4251 1691 4305 Missule
1719 4253 1851 4305 hanc
1879 4254 1960 4306 ia-

368 4339 709 4407 srriptionem
755 4339 909 4393 habet
940 4339 1173 4394 MISSALE
1202 4356 1422 4406 utswn,
1456 4353 1563 4396 etc.
1593 4352 1647 4395 et
1678 4341 1811 4396 infra
1844 4343 1913 4412 (ε)
1942 4360 1955 4396 :

1983 3118 2033 3184 (Ζ

2052 1869 2361 1926 Ximenium
2398 1887 2428 1925 a
2452 1872 2680 1940 ljeci-se.
2733 1873 2869 1940 Quid
2897 1874 2941 1928 si
2976 1891 3006 1931 a
3052 1877 3423 1932 sacerdotibus
3468 1878 3646 1933 litora-

2052 1964 2269 2021 rabibus
2316 1972 2443 2018 ante
2477 1964 2844 2033 episcOpatum
2895 1964 3127 2021 Ximenii
3164 1968 3360 2022 addita:
3408 1968 3644 2024 fuerat?

2054 2053 2337 2111 Roblesius
2363 2055 2558 2110 asserit
2584 2055 2798 2123 quidem
2830 2056 3087 2124 pleraque
3108 2056 3475 2112 additamenta
3508 2060 3646 2112 fat-ta

2052 2146 2218 2203 fuisse
2248 2147 2445 2204 Missali
2477 2150 2531 2203 in
2559 2148 2902 2203 translatione
2949 2158 3120 2203 textus
3149 2149 3357 2204 Gotltici
3406 2152 3461 2205 in
3503 2150 3649 2205 Lati-

2054 2260 2197 2298 num.
2241 2246 2309 2299 At
2336 2260 2443 2298 non
2494 2244 2693 2299 indicat
2734 2244 2875 2299 unde
2921 2245 3022 2299 ista
3066 2245 3328 2300 aneedota
3376 2245 3646 2301 habuerit.

2054 2333 2175 2405 ipse
2203 2351 2312 2390 non
2357 2333 2598 2391 interfuit
2628 2333 2859 2389 Editioni
2910 2335 3161 2400 Masulis,
3211 2336 3307 2390 sed
3334 2347 3550 2391 centum
3597 2347 3652 2393 et

2054 2428 2286 2497 amplius
2311 2443 2484 2485 annos
2516 2437 2636 2496 post
2682 2428 2885 2482 editum
2927 2427 3139 2482 Missale
3183 2429 3296 2483 inec
3328 2429 3396 2483 de
3435 2430 3651 2484 addita-

2058 2521 2253 2576 mentis
2273 2536 2303 2575 a
2325 2519 2577 2576 Xintenio
2611 2522 2787 2583 factis,
2819 2522 2871 2575 in
2904 2520 3135 2576 Historia
3161 2522 3230 2575 de
3259 2521 3381 2577 Vita
3414 2534 3462 2576 et
3495 2524 3651 2577 rebus

2058 2611 2221 2681 scalis
2246 2612 2487 2679 ejusdem
2516 2612 2823 2676 cardinalis,
2868 2611 3060 2677 Toleti,
3095 2627 3237 2666 anno
3269 2612 3427 2676 ilbi,
3458 2612 3588 2683 Hi~p
3608 2635 3653 2660 ι.

2060 2705 2183 2760 nice
2211 2705 2398 2769 edidit,
2443 2721 2541 2760 nec
2576 2705 2740 2760 ullum
2771 2720 2830 2761 se
2855 2706 3216 2775 antiquiorem
3259 2706 3441 2760 laudat
3482 2708 3652 2776 scrip-

2060 2809 2255 2861 torem,
2281 2799 2371 2868 qui
2402 2801 2695 2855 asseruerit
2726 2798 2937 2853 Missale
2967 2797 3310 2854 Hozarabum
3341 2814 3372 2852 a
3397 2799 3653 2854 cardinali

2060 2888 2311 2945 Ximenio
2335 2889 2498 2946 fuisse
2527 2891 2932 2960 interpolatum.

2136 2981 2255 3037 124.
2300 2982 2501 3037 Rerum
2549 2997 2766 3050 quoque
2811 2983 3132 3050 ignorantia,
3187 2998 3290 3051 qua
3341 2982 3647 3038 Roblesium

2062 3072 2339 3128 laborasse
2371 3087 2439 3125 ex
2468 3073 2573 3125 hoc
2604 3072 2720 3140 ipso
2750 3072 2868 3127 loco
2900 3082 3147 3142 apparet,
3197 3072 3314 3141 ejus
3358 3074 3653 3126 auctorita-

2065 3174 2173 3220 tem
2215 3164 2368 3218 valle
2397 3163 2607 3218 minuit.
2664 3161 2779 3217 Non
2810 3164 2950 3217 enim
2978 3163 3244 3217 intellexit
3282 3162 3492 3216 titulum
3524 3161 3654 3217 Mis-

2061 3256 2189 3311 salis
2216 3255 2377 3322 misti,
2417 3270 2518 3309 nec
2548 3262 2774 3308 noverat
2823 3254 2956 3307 ri'us
3004 3253 3230 3309 iaciendi
3278 3254 3654 3323 confessionem

2061 3348 2116 3401 in
2147 3346 2309 3401 inissa
2342 3344 2441 3414 (ε),
2471 3354 2526 3398 et
2553 3342 2818 3398 salutandi
2848 3357 3062 3397 crucem
3093 3343 3143 3397 in
3172 3357 3265 3395 ara
3296 3342 3523 3411 positam
3551 3341 3655 3413 (ί),

2061 3438 2313 3506 antiquos
2358 3450 2497 3491 esse.
2555 3433 2775 3491 Videtur
2820 3433 2982 3487 etiam
3036 3434 3286 3502 opinatus
3339 3433 3551 3488 Missale
3604 3446 3656 3489 et

2063 3527 2393 3582 Breviarium
2435 3525 2776 3581 Mozarabum
2823 3524 3000 3591 lingua
3042 3524 3269 3577 Gothica
3302 3522 3467 3578 fuisse
3496 3539 3648 3578 com-

2060 3621 2258 3689 posita,
2308 3629 2367 3672 ut
2396 3620 2688 3687 interprete
2727 3632 2863 3685 opus
2894 3614 3071 3679 fuerit,
3116 3616 3208 3684 qui
3240 3624 3437 3669 textum
3469 3615 3657 3669 Gothi-

2060 3728 2173 3766 cum
2218 3709 2271 3764 in
2313 3708 2558 3763 Latinum
2588 3706 2922 3763 transferret.
2981 3706 3271 3775 Liturgiam
3321 3706 3657 3773 Romanam,

2069 3818 2231 3871 quam
2264 3802 2504 3856 Ecclesia
2553 3799 2850 3865 Tuli-talia,
2896 3798 3100 3854 smculo
3131 3814 3183 3851 χι
3215 3798 3280 3851 ad
3334 3798 3492 3873 linem
3538 3812 3659 3851 ver-

2058 3905 2237 3963 gente,
2263 3902 2596 3962 susceperat,
2618 3893 2851 3947 cilicium
2881 3901 3035 3946 vetus
3056 3890 3373 3945 Toletauum
3399 3891 3652 3960 appellat.

2059 3985 2371 4053 Asseritque
2402 3982 2705 4036 Ximenium
2740 3982 2936 4037 “i533li
2961 3997 3060 4036 suo
3084 3982 3346 4050 adjecisse
3386 3982 3656 4049 plerosque

2059 4092 2086 4127 e
2112 4075 2307 4127 sanctis
2335 4074 2488 4143 ofﬁcii
2515 4072 2751 4126 Toletani
2780 4075 2982 4136 veteris,
3013 4082 3062 4125 et
3083 4074 3277 4125 sanctis
3303 4071 3656 4126 Momrabicis

2059 4164 2347 4229 miscuisse,
2395 4178 2514 4231 quae
2541 4161 2702 4216 verba
2746 4163 2904 4230 plane
2937 4162 3065 4214 fal~a
3098 4170 3241 4223 sunt,
3286 4162 3383 4215 nisi
3415 4163 3659 4217 alludunt

2058 4256 2127 4316 ad
2158 4257 2535 4313 Kahndarium
2567 4256 2763 4311 blissali
2808 4253 3047 4307 Xunenii
3101 4253 3456 4324 praemissum,
3514 4254 3657 4322 quod

2060 4354 2126 4409 ad
2154 4352 2367 4408 Missale
2395 4345 2524 4404 nihil
2556 4348 2806 4418 pertinet,
2840 4354 2895 4400 et
2923 4345 3022 4399 nisi
3053 4344 3271 4398 nomine
3300 4344 3461 4399 oilicii
3496 4343 3658 4399 Tole-

367 4432 516 4487 llinc
548 4450 573 4486 s
604 4435 777 4505 quitur
804 4436 1070 4505 plerosque
1090 4444 1319 4500 sanctos,
1370 4445 1459 4487 aut
1487 4436 1737 4504 majorem
1780 4452 1953 4489 eorum

2067 4446 2176 4500 tani
2223 4444 2417 4499 veteris
2466 4441 2792 4509 intelligatur
2834 4438 3046 4506 liturgia
3096 4436 3360 4500 Romana,
3412 4449 3656 4506 tempore

367 4535 592 4598 partem,
618 4527 680 4579 de
706 4528 886 4598 quibus
917 4528 1103 4581 dicitur
1130 4527 1411 4581 Commune
1439 4538 1766 4588 sanctorum,
1812 4528 1960 4598 adje-

367 4629 485 4673 ctos
521 4619 681 4688 fuisse
707 4627 757 4671 et
792 4619 1044 4671 immistos
1071 4635 1102 4670 a
1138 4618 1418 4672 Francisco
1467 4620 1735 4675 cardiuale
1780 4619 1961 4673 Xime-

368 4724 488 4770 nes,
515 4708 568 4759 in
600 4708 939 4761 translatione
984 4716 1153 4761 textas
1185 4708 1387 4763 Gothici
1416 4711 1469 4762 in
1498 4707 1741 4762 Latinum
1762 4727 1954 4765 sermo-

368 4816 512 4855 nem.
560 4798 689 4856 Haec
715 4800 826 4867 ille,
859 4800 999 4855 unde
1028 4801 1378 4865 concludunt,
1430 4802 1473 4854 si
1505 4800 1762 4855 Roblesio
1810 4800 1962 4867 fulrs,

371 4891 533 4946 fateri
579 4906 807 4948 necesse
848 4906 969 4946 esse
1016 4892 1346 4948 cardinalem
1394 4891 1699 4949 Ximenium
1749 4893 1965 4950 Missale

369 4982 567 5038 ritibus
591 4992 647 5037 et
669 4983 871 5038 sanctis
896 4981 1169 5040 Toletanis
1191 4984 1565 5056 interpolasse,
1597 4985 1734 5041 adeo
1757 4987 1962 5043 utMis-

368 5071 490 5129 sale
513 5070 858 5127 Hourabum
890 5072 1030 5144 typis
1061 5072 1264 5128 editum
1299 5089 1401 5131 nec
1427 5072 1962 5147 Cottio-Hispanum,

368 5180 481 5221 nec
508 5165 899 5221 Monrabicum
925 5165 1029 5219 dici
1060 5165 1274 5221 debeat.

442 5255 568 5310 ηε.
599 5256 703 5311 Sed
728 5257 894 5311 multa
927 5266 1049 5310 sunt
1070 5271 1189 5328 qua:
1217 5260 1323 5312 vim
1343 5258 1508 5327 huius
1537 5263 1963 5328 argumentatio-

368 5350 458 5407 nis
486 5346 576 5406 inf.
591 5348 883 5419 ingunt.Et
900 5350 1131 5421 primum
1160 5350 1505 5415 concedatur,
1539 5348 1837 5408 Ximenium
1868 5369 1965 5408 suo

446 5485 822 5557 (aLJosephus
848 5484 1190 5550 Vicecomes,
1221 5486 1287 5540 de
1317 5484 1521 5557 Appar.
1564 5488 1758 5551 missae,
1790 5488 1881 5544 lib.
1909 5506 1962 5557 ν,

369 5554 822 5699 ῗῖὖᾳεῗιξεὲίιὶῃς
869 5626 937 5699 de
983 5626 1209 5699 Bobles,
1255 5626 1323 5681 de
1356 5626 1474 5699 Vita
1506 5639 1561 5681 et
1592 5629 1753 5685 rebus
1802 5631 1966 5699 gestis

370 5695 646 5755 Fratri-isci
675 5697 962 5768 cardinalis
983 5694 1236 5768 Ximenii,
1291 5712 1413 5765 cap.
1443 5697 1537 5761 5:2,
1589 5703 1728 5768 apud
1759 5694 1864 5755 cui.
1898 5706 1965 5758 de

375 5768 623 5838 Agunrc,
651 5766 864 5823 tom.lll
892 5767 1061 5825 Cone.
1090 5766 1265 5841 lisp.,
1292 5782 1416 5841 pag.
1447 5768 1569 5824 269.

2066 4535 2326 4605 Alphonsi
2355 4532 2442 4595 Vl,
2476 4532 2649 4586 Toleti
2680 4539 2948 4601 suscepta.
3006 4529 3133 4583 Nam
3165 4529 3508 4583 manifestum
3551 4539 3655 4591 est,

2063 4636 2121 4681 ut
2167 4625 2495 4680 esaminanti
2544 4624 2769 4692 patebit,
2827 4621 3039 4677 Missale
3091 4620 3319 4675 Ximenii
3377 4636 3443 4674 ne
3497 4637 3655 4675 unam

2062 4717 2282 4786 quidem
2310 4715 2527 4768 missam
2554 4712 2871 4767 recentior-is
2898 4713 3072 4766 sancti
3104 4712 3324 4776 habere,
3370 4720 3463 4765 aut
3495 4728 3655 4780 quem

2066 4807 2306 4862 Ecclesia
2335 4804 2779 4873 Gallio-Hispana
2815 4804 2992 4872 prisco
3020 4819 3171 4858 more
3200 4820 3306 4858 non
3335 4803 3520 4858 coluit.

2140 4897 2262 4954 ΠΒ.
2302 4897 2523 4952 Demum
2579 4897 2885 4967 Alphonsus
2936 4895 3106 4962 Ortiz,
3160 4914 3318 4968 quem
3367 4897 3657 4953 cardinalis

2068 4991 2348 5051 Ximenius
2390 4990 2621 5046 E-litioni
2649 4990 2875 5045 Missaiis
2900 5000 2958 5044 et
2986 4990 3238 5044 Breviarii
3268 4999 3654 5059 prmposuerat,

2067 5100 2280 5140 omnem
2310 5085 2465 5138 fidem
2500 5085 2791 5139 narrationi
2823 5083 3058 5140 Roblesii
3089 5082 3359 5147 detrahit;
3400 5084 3446 5138 is
3485 5081 3655 5148 enim,

2068 5178 2120 5232 in
2148 5177 2391 5246 epistolis
2415 5174 2763 5232 dedicatoriis
2792 5175 2987 5231 Missali
3018 5184 3073 5228 et
3102 5174 3380 5229 Breviario
3416 5174 3655 5245 prtemis~

2065 5270 2160 5333 sis,
2202 5266 2508 5324 Ximeaium
2557 5268 2856 5336 alloquens,
2899 5266 3024 5336 quid
3056 5265 3156 5318 sibi
3197 5264 3505 5319 mandatum
3535 5264 3654 5321 [υθ-

2065 5372 2170 5426 rat,
2202 5360 2409 5432 etquid
2440 5362 2492 5416 in
2519 5359 2766 5415 Editione
2800 5357 3028 5413 Missalis
3058 5364 3113 5409 ct
3154 5355 3408 5411 Breviarii
3440 5359 3653 5427 praesti-

2139 5492 2213 5560 (ε)
2241 5491 2398 5552 lbid.,
2433 5507 2550 5558 cap.
2585 5492 2688 5560 ὅδε
2774 5558 2782 5560 Α
2913 5558 2952 5560 _
3022 5522 3029 5529 -

2138 5558 2218 5632 (ά)
2266 5564 2323 5615 Ρ.
2367 5560 2618 5632 Lelirun
2650 5558 2880 5632 Expin
2908 5558 3082 5625 Miss,
3138 5568 3271 5616 tom.
3298 5558 3363 5626 ll,
3412 5559 3520 5617 diss
3592 5575 3649 5625 tt,

2068 5626 2168 5689 art.
2200 5626 2252 5693 2,
2286 5646 2405 5699 pag.
2444 5630 2567 5694 160,
2618 5630 2712 5682 Ed.
2744 5626 2982 5699 Gallium.

2143 5704 2212 5767 (ρ)
2256 5697 2389 5756 Vide
2414 5711 2568 5753 notas
2599 5714 2719 5762 μειβ.
2755 5697 2877 5753 537.

2140 5776 2215 5846 (ί)
2252 5772 2407 5836 μήτε..
2438 5785 2557 5843 pag.
2591 5769 2712 5826 555.
