4058 6178
393 306 465 364 39
1857 287 2003 344 PRE

2119 285 2250 340 'l‘lO.
3611 295 3682 352 ,ιο

396 419 556 478 terat,
577 408 801 467 candide
820 421 1115 478 exponens,
1139 404 1238 459 sibi
1261 401 1567 458 mandatum
1587 399 1747 454 fuisse
1768 399 1975 461 scribit,
2009 401 2057 458 Α
2085 411 2234 454 certe
2263 413 2482 455 necesse
2520 416 2624 455 non
2659 399 2753 453 fuit
2783 408 2963 456 tacere
2999 402 3066 457 de
3110 402 3499 462 additamentis
3545 409 3681 479 istis,

397 512 456 558 ut
483 502 853 569 antiquitatem
883 498 1134 551 intactam
1165 501 1519 566 pet-servaret
1551 493 1649 562 (α),
1677 507 1786 546 non
1823 489 1984 544 modo

395 593 449 648 in
478 591 781 658 sententiis,
832 589 925 643 sed
958 588 1008 640 in
1054 587 1273 640 vocibus
1318 585 1503 646 etiam,
1555 592 1716 652 atque
1767 580 1982 647 litteris,

398 701 466 740 ne
503 684 628 752 quid
656 697 840 736 eorum
870 695 988 749 qua:
1031 679 1082 733 in
1101 678 1495 746 'manuscriptis
1522 675 1812 730 Codicibus
1841 675 1984 742 lege-

398 776 591 830 bantur
614 773 871 835 demeret,
920 785 1054 824 neve
1094 778 1342 832 mitteret,
1391 768 1486 821 sed
1515 783 1632 836 qua:
1665 769 1716 820 in
1761 768 1985 822 vetustis

397 863 756 918 monumentis
788 861 977 914 litteris
1007 859 1254 912 Gothicis
1295 856 1516 911 exarata
1548 857 1782 921 fuerant,
1813 857 1983 930 [xxx]

395 969 460 1008 ea
491 953 710 1007 totidem
739 951 936 1012 verbis,
967 949 1158 1002 litteris
1186 948 1510 1016 vulgaribus,
1547 947 1776 1000 lideliter
1807 956 1976 1001 trans-

395 1043 586 1110 cripta,
619 1041 760 1112 typis
801 1040 1006 1094 edenda
1057 1019 1290 1093 curaritt.
1340 1036 1409 1089 Et
1452 1036 1888 1106 quandoquidem
1933 1037 1985 1090 in

400 1135 625 1189 vetustis
673 1132 961 1186 Codicibus
1022 1130 1263 1200 quasdam
1319 1131 1664 1184 inveniuntur
1727 1131 1986 1199 temporis

397 1225 587 1294 injuria
615 1224 815 1286 deleta,
858 1221 1137 1275 Xim‘enius
1170 1231 1499 1290 praeceperat
1531 1237 1597 1275 ne
1627 1218 1856 1274 Ortisius
1888 1221 1985 1274 ista

398 1325 599 1368 temere
647 1313 937 1382 suppleret,
998 1312 1115 1377 sed,
1159 1312 1248 1366 ubi
1305 1320 1624 1380 supererant
1668 1309 1986 1380 fugientium

398 1410 692 1462 litterarum
727 1405 970 1472 vestigia,
1017 1405 1136 1472 styli
1175 1420 1277 1456 non
1331 1413 1528 1456 mutata
1569 1405 1723 1455 ductu
1755 1401 1884 1473 (ὁ),
1933 1411 1991 1457 ut

397 1501 572 1554 locum
602 1495 876 1559 reﬁceret;
911 1495 1000 1548 ubi
1033 1509 1158 1548 vero
1189 1509 1258 1547 ne
1303 1494 1599 1546 litterarum
1628 1492 1844 1559 quidem
1872 1507 1990 1546 ves-

401 1593 526 1659 tigia
558 1598 952 1653 remanserant,
985 1595 1060 1651 ut,
1093 1586 1362 1639 enucleata
1391 1586 1622 1647 veritate,
1652 1585 1852 1637 collato
1883 1585 1990 1638 sci-

399 1683 524 1738 licet
547 1696 668 1736 cutu
710 1679 871 1733 sociis
897 1679 1099 1743 studio,
1133 1676 1358 1746 aliisque
1389 1674 1679 1730 Codicibus
1709 1675 1989 1745 inspectis,

2089 500 2141 545 et
2185 507 2254 562 po
2287 500 2430 546 teres
2480 493 2695 546 silentio
2742 493 2949 560 fallere,
2997 504 3053 548 ut
3077 497 3364 552 crederent
3393 500 3520 554 nihil
3552 501 3684 559 Mis-

2085 585 2184 638 sali
2234 584 2615 652 interpolatum
2665 585 2846 641 fuisse.
2915 586 3095 652 Quare
3150 589 3195 644 si
3245 591 3374 659 quid
3421 593 3685 662 ejusmodi

2088 675 2325 729 additum
2358 675 2555 729 Missali
2594 674 2800 743 fuisset,
2833 676 3080 743 Ortisius,
3115 691 3302 750 utpote
3345 684 3425 738 vir
3461 689 3680 754 probus,

2088 766 2154 820 de
2186 782 2251 819 eo
2279 767 2499 820 minime
2529 766 2801 822 tacuisset.
2836 767 3108 826 Ponantus
3132 773 3274 826 enim
3305 771 3584 843 Ortisium,
3615 777 3684 833 ob

2090 855 2443 920 ignorantiam
2489 853 2692 923 antiqui
2738 856 2872 912 ritus
2928 858 3163 926 Gothici,
3213 872 3463 917 coactum
3521 863 3685 922 fuisse

2089 949 2362 1001 orationes
2403 949 2612 1018 aliquot
2642 957 2695 1002 et
2730 950 2935 1021 aliquot
2978 955 3219 1010 rubricas
3259 974 3290 1011 e
3337 957 3535 1013 Missali
3581 960 3686 1018 To-

2089 1041 2268 1094 letano
2301 1042 2354 1096 in
2399 1042 2615 1098 Missale
2661 1045 3005 1098 Mozarabum
3058 1045 3236 1102 transf
3264 1065 3369 1114 rre,
3421 1067 3596 1105 nonne
3632 1060 3687 1107 et

2089 1135 2322 1187 solertiae
2349 1150 2461 1188 sum
2493 1136 2704 1190 laudem
2740 1138 3036 1206 rctulissd,
3081 1139 3194 1208 qui,
3246 1141 3430 1208 paucis
3460 1143 3688 1200 rubricis

2091 1227 2535 1295 orationibusqne
2573 1228 2819 1297 adjectis,
2874 1246 3029 1284 usum
3077 1231 3302 1298 litui-gae
3353 1233 3684 1292 Gellio-llis-

2091 1329 2242 1384 panr
2267 1316 2572 1382 expeditum
2603 1317 2924 1381 red-liderat,
2943 1327 2997 1371 et
3019 1317 3137 1372 fidei
3157 1323 3374 1388 pnt‘ilet‘,
3397 1323 3485 1389 qui
3502 1321 3566 1376 de
3585 1323 3684 1377 hac

2092 1420 2152 1458 re
2189 1415 2299 1459 tota
2350 1406 2586 1461 lectores
2625 1407 2853 1462 candide
2900 1419 3206 1473 monuerat,
3257 1421 3312 1463 et
3356 1413 3686 1466 recentiores

2093 1497 2226 1550 ritus
2255 1497 2322 1550 ab
2349 1498 2584 1565 antiquis
2610 1497 2963 1552 distinxerat?
3009 1499 3113 1553 Sed
3158 1516 3280 1554 cum
3311 1500 3538 1556 Ortisius
3568 1503 3686 1555 uul-

2094 1587 2183 1641 libi
2230 1589 2416 1641 innuat.
2443 1603 2502 1642 se
2529 1589 2581 1642 in
2613 1587 2812 1642 Missali
2861 1589 3152 1658 quidquam
3181 1591 3411 1647 edidisse
3456 1593 3596 1662 quod
3632 1595 3687 1648 in

2098 1676 2245 1731 libris
2275 1677 2625 1732 Mozarabicis
2651 1695 2756 1732 non
2787 1678 3066 1732 invenerat
3089 1677 3291 1752 ixml,
3325 1682 3440 1751 ejus
3470 1683 3686 1738 silentio

400 1775 642 1827 lacunam
672 1780 1017 1826 restanraret.
1050 1769 1180 1836 Quae
1207 1769 1395 1838 optimi
1428 1768 1718 1823 cardinalis
1739 1771 1989 1822 mandata
2030 1757 2068 1815 Β
2100 1766 2230 1819 lides
2271 1774 2354 1820 est
2397 1767 2726 1836 adhibenda,
2777 1783 2876 1830 nee
2905 1770 3197 1838 putandum
3243 1773 3414 1826 virum
3460 1773 3689 1841 pruden-

401 1862 679 1934 protitetur
705 1862 933 1915 Ortisius
959 1876 1037 1925 se,
1093 1875 1288 1928 magno
1324 1874 1445 1913 cum
1478 1860 1664 1914 labore
1693 1875 1757 1915 ac
1783 1876 1990 1916 stunma

401 1955 507 2009 tide
535 1963 852 2009 exsecutum
884 1967 1023 2015 esse,
1076 1951 1202 2005 vitia
1233 1950 1475 2019 quimdam
1507 1949 1908 2018 orthographia:
1935 1966 1993 2006 se

401 2045 746 2106 emendasse,
823 2043 1136 2111 fugientium
1192 2041 1680 2109 manuscriptorum
1736 2040 1995 2094 libr0rum

403 2135 764 2200 characteres,
792 2133 844 2187 in
874 2140 1085 2186 veteres
1114 2130 1411 2184 litterarum
1442 2129 1634 2184 ductus
1665 2145 1808 2184 novo
1847 2139 1994 2183 atra-

405 2233 590 2282 mento
619 2225 878 2289 immisso,
934 2238 1239 2286 revocasse,
1287 2223 1582 2277 sententias
1611 2230 1665 2276 et
1693 2237 1856 2277 voces
1882 2222 1995 2276 dis-

406 2318 651 2385 tinxisse,
677 2317 913 2388 dispersa
942 2317 1200 2371 Breviarii
1230 2316 1408 2371 oflicia
1441 2316 1492 2370 in
1528 2332 1691 2370 unum
1721 2317 1998 2387 collegisse

407 2412 479 2478 (c)
510 2418 672 2480 atque
711 2408 1054 2463 coordinasse
1081 2416 1328 2463 testatur.
1359 2406 1518 2464 Aliud
1547 2409 1838 2478 quidquam
1866 2424 2001 2478 prac-

405 2504 608 2562 stitisse
633 2517 692 2558 se
723 2502 941 2557 tninime
972 2501 1152 2567 tradit,
1205 2501 1502 2556 traditurus
1551 2502 1756 2569 utique,
1801 2517 1844 2555 st
1877 2501 2003 2554 Mis-

405 2596 534 2652 salis
564 2595 1116 2658 ordinem-mutasset,
1157 2592 1202 2648 si
1233 2593 1476 2650 rubricas
1505 2607 1694 2655 novas,
1729 2606 2002 2662 novasque

410 2689 704 2751 orationes,
758 2686 1033 2752 missasve,
1083 2684 1459 2740 Mozarabihus
1505 2693 1664 2739 antea
1696 2685 1998 2750 inusitatas,

412 2783 478 2838 de
506 2782 701 2837 Missali
730 2781 1014 2845 Toletano,
1046 2792 1138 2834 aut
1165 2780 1378 2834 aliunde
1426 2780 1643 2848 petitas,
1695 2779 1780 2847 adj
1817 2781 1999 2834 cisset.

413 2876 543 2931 Nam
573 2874 658 2929 cui
704 2874 847 2928 bono
890 2873 1168 2936 taenisset,
1222 2887 1361 2940 quia
1390 2887 1511 2926 cum
1561 2870 1720 2924 laude
1770 2869 2003 2924 Editoris

415 2965 590 3036 palam
625 2963 737 3017 licri
779 2971 1049 3032 poterant,
1099 2977 1199 3016 nec
1227 2962 1343 3016 sine
1388 2962 1586 3015 damno
1636 2958 1905 3015 Editionis
1951 2968 2006 3016 et

415 3057 652 3112 Editoris
693 3054 904 3110 macula
943 3055 1149 3108 taceri?

2095 1868 2202 1912 tem
2233 1867 2288 1914 et
2318 1860 2568 1927 probum,
2621 1868 2680 1914 ut
2709 1871 2956 1932 posteros
2985 1861 3212 1931 falleret,
3245 1865 3431 1921 laudes
3457 1883 3582 1922 suas
3613 1875 3690 1921 ta-

2095 1966 2218 2005 cere
2252 1953 2507 2008 voluisse.
3513 1950 3515 1952 ’

2174 2041 2294 2095 BS.
2338 2043 2633 2110 Caeterum,
2682 2047 3120 2117 quandoquidem
3168 2051 3298 2104 satis
3346 2061 3551 2106 certent
3606 2063 3690 2108 est

2098 2135 2315 2188 missam
2347 2135 2736 2194 Mozarabicam
2767 2142 2857 2194 diu
2881 2150 3006 2196 ante
3033 2142 3404 2212 episcopatum
3445 2145 3689 2200 cardina-

2102 2226 2165 2280 lis
2203 2225 2432 2283 Xitnenii
2474 2230 2526 2284 in
2577 2232 2710 2287 urbe
2759 2233 3018 2288 Toletana
3067 2236 3320 2304 expedite
3367 2237 3689 2291 celebramur

2101 2333 2249 2382 esse;
2299 2321 2407 2374 imo
2447 2321 2677 2390 aliquem
2723 2323 2840 2392 cjns
2871 2341 3065 2389 usum,
3111 2326 3179 2380 ab
3219 2328 3498 2381 eversione
3543 2328 3691 2394 regni

2103 2408 2499 2476 Visigothornm
2526 2413 2590 2464 ad
2624 2413 2762 2469 hanc
2791 2431 2958 2483 usque
2981 2416 3142 2481 diem,
3172 2415 3344 2471 Toleti
3373 2416 3688 2481 obtinuisse,

2104 2514 2328 2554 necesse
2355 2511 2437 2554 cst
2460 2501 2647 2556 falsum
2678 2519 2798 2558 esse
2824 2504 2883 2559 P.
2912 2504 2986 2558 Le
3017 2505 3178 2569 Bruu,
3209 2506 3444 2576 opinant'
3469 2521 3518 2559 m
3547 2507 3693 2573 igno-

2104 2593 2333 2646 rantiam
2384 2594 2588 2663 antiqui
2629 2596 2762 2650 ritus
2791 2597 3038 2663 Gothici,
3084 2600 3136 2652 in
3188 2615 3350 2653 causa
3402 2598 3560 2653 fuisse
3598 2612 3694 2652 cur

2106 2681 2319 2737 lliissale
2349 2681 2692 2738 Mozarabum
2740 2687 3123 2755 interpolatum
3174 2688 3353 2743 fuerit.
3387 2688 3516 2742 Nam
3540 2729 3554 2752 ,
3600 2697 3696 2754 aut

2107 2762 2418 2828 lllozarabes
2448 2775 2751 2843 ignorantia
2782 2778 2987 2845 antiqui
3034 2778 3166 2832 ritus
3197 2794 3301 2832 non
3332 2778 3654 2832 laborabant
3676 2819 3691 2842 ,

2107 2873 2349 2920 autcum
2393 2865 2493 2920 hac
2524 2866 2824 2935 ignorantia
2864 2869 2931 2939 (si
2975 2883 3039 2924 ea
3089 2868 3430 2942 tenebantur)
3477 2871 3696 2923 missam

2107 2976 2259 3016 suam
2290 2963 2572 3017 commode
2597 2963 2872 3019 celebrare
2902 2973 3172 3034 poterant.

2183 3050 2302 3106 l29.
2344 3051 2461 3107 Non
2489 3054 2644 3108 latuit
2675 3053 2983 3109 X‘menium
3013 3055 3326 3112 Mozarabes
3349 3099 3364 3122 ,
3414 3057 3573 3126 longo
3600 3072 3696 3112 an-

487 3147 609 3202 i26.
653 3147 783 3202 Nam
817 3161 975 3201 nemo
1003 3145 1222 3213 negabit
1251 3145 1349 3200 ista
1379 3145 1581 3210 omnia,
1611 3159 1731 3212 qua:
1759 3151 2006 3198 recenset
2031 3111 2080 3178 ο
2114 3156 2302 3195 norunt
2332 3143 2559 3198 decursu
2593 3145 2683 3217 (ε),
2716 3148 2955 3201 rubricas
2984 3148 3245 3218 quasdam
3270 3158 3324 3204 et
3343 3134 3694 3206 caeremonias

419 3240 720 3302 noblcsius,
749 3237 948 3293 Missali
979 3237 1216 3306 potuisse
1250 3237 1410 3306 adjici
1437 3238 1552 3291 sine
1577 3237 1778 3292 damno
1804 3237 2008 3291 Editio—

419 3332 522 3397 .tis,
562 3331 608 3385 si
654 3328 958 3397 Ximenius,
1001 3337 1095 3382 aut
1148 3328 1328 3398 potius
1381 3327 1630 3392 Ortisius,
1687 3329 1756 3382 de
1800 3328 2009 3382 addita-

419 3424 614 3480 mentis
647 3431 896 3492 posteros
921 3421 1240 3477 monuisset.
1274 3427 1361 3486 At,
1395 3420 1538 3473 nulla
1586 3419 1859 3490 praemissa
1917 3417 2011 3472 ad-

421 3515 738 3578 monitione,
778 3513 990 3567 Missale
1017 3512 1278 3581 paruisse,
1319 3511 1434 3565 sine
1480 3511 1678 3565 damno
1727 3509 2007 3574 Editionis,

422 3602 756 3673 interpolari,
791 3616 950 3655 nemo
979 3616 1084 3653 non
1113 3599 1347 3666 negabit.
1383 3597 1512 3663 Quis
1542 3607 1723 3651 autem
1753 3598 1870 3651 sine
1901 3605 2010 3652 tes-

423 3695 650 3750 timonio
689 3690 968 3761 scriptoris
999 3688 1175 3744 idonei
1220 3696 1275 3742 et
1315 3687 1603 3758 syurhroui
1650 3685 1750 3740 sibi
1782 3685 2012 3739 suadere

423 3783 624 3854 poterit
649 3780 976 3837 cardinalem
1003 3777 1328 3842 Ximcnium,
1361 3776 1532 3830 virum
1562 3775 1784 3844 probum
1808 3785 1860 3830 et
1883 3791 2012 3844 pru-

424 3875 662 3938 dentem,
711 3870 982 3939 egregium
1012 3883 1149 3938 opus
1176 3867 1403 3922 Missalis
1434 3866 1753 3920 Mozarabici
1799 3865 2010 3930 vitiari,

428 3972 674 4034 posteros
728 3961 928 4031 decipi,
979 3961 1114 4015 ritus
1170 3958 1442 4014 Romanos
1491 3974 1589 4029 pro
1640 3958 2012 4025 Mozarabicis,

427 4052 760 4109 recentiores
792 4066 888 4120 pro
917 4050 1167 4119 antiquis,
1201 4049 1458 4103 vcnlitari
1492 4050 1757 4105 voluisse?

502 4148 623 4202 12}.
666 4148 755 4212 At,
799 4145 972 4214 inquit
1019 4143 1078 4199 P.
1127 4143 1202 4198 Le
1247 4143 1412 4207 Brun,
1441 4160 1610 4200 series
1649 4147 1854 4214 antiqui
1883 4147 2017 4200 ritus

429 4242 638 4296 Cothici
685 4241 1050 4309 ignorabatur,
1085 4237 1225 4292 unde
1253 4236 1452 4292 Ortisio
1485 4237 1707 4306 ejusque
1735 4238 1897 4292 sociis
1927 4255 2018 4292 ue-

429 4348 580 4389 resse
609 4333 706 4387 fuit
733 4331 946 4386 missale
982 4330 1322 4384 Mozarabum
1349 4329 1503 4384 novis
1540 4328 1730 4384 ritibus
1755 4345 1786 4384 e
1821 4329 2018 4384 Missali

431 4427 695 4482 Totetano
722 4423 901 4492 petitis
948 4423 1234 4486 instruere,
1281 4429 1337 4473 ut
1366 4422 1526 4474 missa
1559 4421 1893 4478 Mozarabica
1925 4439 2020 4478 ex-

433 4515 614 4586 pedite
640 4513 1008 4570 celebraretur
1036 4509 1134 4580 (d).
1169 4508 1365 4564 Demus
1391 4509 1497 4564 hoc
1536 4509 1594 4564 P.
1638 4510 1712 4566 Le
1739 4512 1903 4567 Brun.
1949 4516 2018 4569 At

508 4693 587 4760 (a)
620 4689 810 4756 Epist.,
853 4685 1188 4741 Dedicatoria
1218 4683 1415 4740 Missali
1444 4687 1742 4756 prtemissa.

511 4763 587 4818 (bl
628 4760 759 4813 Ibid.

850 4827 1132 4901 epistolam
1167 4825 1549 4881 dedicatoriam
1599 4827 1873 4886 Breviario
1901 4829 2019 4886 Mo-

439 4900 688 4958 zarabico
718 4900 1066 4969 pectinissam.

513 4967 944 5044 (d)7[’.7il’etrus
999 4968 1074 5023 Le
1118 4967 1280 5023 Brun.
1335 4967 1540 5042 Explic.
1588 4969 1800 5038 missa},
1856 4979 1895 5024 t.
1947 4971 2019 5037 ll,

481 5042 567 5098 att.
601 5042 724 5096 533.

443 5058 878 5183 “germinum
909 5111 1052 5165 enim
1083 5109 1206 5178 7H,
1235 5121 1328 5163 aut
1354 5106 1477 5175 719.,
1495 5126 1612 5183 quo
1633 5125 1855 5183 regnum
1881 5111 2024 5168 Visi-

385 5191 388 5194 '
443 5181 726 5253 gnthorum
772 5183 1024 5237 Saraceni
1056 5189 1396 5253 everterunt,
1443 5181 1516 5253 ad
1550 5200 1638 5238 an.
1692 5181 1869 5251 1500,
1916 5197 2025 5252 quo

447 5250 658 5308 Nise-tle
687 5253 918 5308 Ximenii
953 5255 1154 5307 editum
1183 5250 1302 5324 fuit,
1333 5251 1456 5304 anni
1495 5250 1661 5309 ferme
1699 5250 2026 5324 septingenti

446 5324 721 5391 octoginta
750 5336 805 5379 et
834 5335 958 5379 octo
986 5323 1415 5392 intercipiuntur.

518 5394 594 5465 (ι’)
635 5392 899 5448 Credihde
928 5403 1009 5447 est
1031 5392 1348 5447 alienat-abes
1396 5409 1490 5448 eos
1525 5393 1660 5448 ritus
1689 5393 1881 5465 invitos
1910 5410 2029 5449 sus-

450 5465 655 5534 cepisse
678 5502 692 5525 ,
737 5465 928 5533 quibus
954 5465 1248 5531 orationes,
1277 5479 1412 5533 quas
1456 5465 1509 5517 in
1540 5464 2030 5534 missairecitabaut

453 5531 636 5604 aperte
663 5531 1028 5602 opponuntur,
1061 5547 1203 5604 quos
1233 5531 1354 5601 polt
1383 5534 1568 5590 initunt
1598 5535 1665 5589 ab
1697 5531 1939 5604 Eugenio
1965 5534 2029 5588 Ill

452 5603 813 5674 pentilicatum
842 5604 1127 5674 coqtigisse
1155 5603 1390 5670 videtur,
1439 5620 1484 5660 is
1523 5606 1664 5660 enim
1713 5606 1765 5659 itt
1803 5603 2030 5674 epistola

456 5671 664 5745 '(deiqua
691 5688 775 5728 em
821 5673 888 5726 de
917 5671 1158 5745 Agim-re,
1191 5683 1319 5730 tom.
1353 5675 1416 5728 Ill
1443 5674 1799 5745 Conc.Hisp.,
1825 5671 1879 5743 p.
1907 5673 2028 5738 562,

450 5754 504 5800 ct
534 5741 797 5814 Labbeus,
830 5753 960 5798 tum.
982 5741 1040 5796 ’Χ
1064 5743 1291 5808 Concil.,
1325 5746 1427 5801 col.
1464 5746 1601 5801 1039
1624 5741 1940 5814 tnetitittere)
1967 5745 2046 5822 ad.

2111 3233 2288 3290 Gotho
2324 3234 2574 3304 Hispanis
2621 3237 2872 3306 ignotas,
2927 3240 2980 3293 in
3027 3255 3181 3294 suam
3242 3241 3548 3308 liturgiam,
3607 3249 3700 3295 aut

2111 3334 2330 3394 sponte,
2365 3337 2458 3381 aut
2506 3328 2670 3382 invite
2701 3330 2778 3399 (Ι)
2799 3371 2813 3396 ,
2860 3330 3246 3407 intromisisse,
3280 3345 3372 3385 eas
3403 3340 3580 3385 tamen
3614 3332 3699 3385 in-

2113 3425 2283 3472 tactas
2309 3418 2530 3472 retineri
2559 3419 2746 3482 voluit,
2783 3436 2888 3474 non
2918 3421 3061 3474 enim
3112 3421 3186 3475 illi
3226 3422 3558 3489 prepositum
3588 3421 3701 3476 fue-

2112 3516 2193 3560 rat
2223 3507 2451 3575 priscam
2472 3505 3038 3578 Bothe-Hispanorum
3068 3509 3401 3564 sacrificandi
3432 3520 3485 3565 et
3522 3511 3699 3566 oflicia

2113 3597 2476 3652 ecclesiastica
2501 3598 2734 3652 obeundi
2758 3615 3004 3653 normam
3031 3615 3215 3669 puram
3247 3609 3302 3655 et
3339 3611 3523 3672 putant
3550 3602 3702 3656 exhi-

2113 3690 2262 3752 bere.
2295 3691 2389 3745 sed
2428 3690 2478 3744 id
2510 3706 2673 3744 unum
2701 3691 2959 3745 duntaxat
2988 3692 3232 3759 curabat,
3282 3701 3372 3757 ut,
3418 3676 3626 3747 Missali
3647 3700 3704 3746 et

2115 3782 2393 3837 Breviario
2421 3783 2734 3852 charactere
2779 3783 2997 3850 usitato,
3047 3784 3185 3854 typis
3215 3783 3371 3838 editis
3396 3823 3411 3848 ,
3458 3784 3616 3838 missa
3648 3791 3704 3837 et

2115 3872 2349 3928 olliciuin
2395 3871 2788 3928 Mozarabicum
2836 3887 2904 3928 eo
2952 3875 3056 3927 ritu
3087 3889 3194 3943 quo
3240 3889 3338 3930 suo
3381 3881 3620 3942 tempore
3649 3881 3705 3927 et

2115 3973 2240 4018 ante
2261 3973 2476 4019 centum
2495 3973 2549 4018 et
2577 3964 2807 4033 amplius
2833 3978 3002 4016 annos
3027 3963 3140 4016 ﬁeri
3167 3963 3414 4019 solebant
3443 3965 3494 4017 in
3527 3971 3704 4032 poste—

2116 4069 2235 4107 rum
2288 4052 2494 4108 facilius
2541 4054 2943 4108 celebrarentur
3021 4052 3201 4118 Quare
3242 4047 3442 4108 Ortisio
3481 4058 3705 4122 ejusque

2117 4146 2272 4201 sociis
2301 4146 2650 4200 mandaverat
2685 4153 2742 4198 ut
2783 4144 2946 4199 libros
2972 4145 3365 4215 manuscriptos
3395 4145 3622 4200 Missalis
3650 4155 3706 4200 et

2121 4237 2375 4292 Breviarii
2405 4235 2748 4290 Mozarabum
2772 4235 3055 4302 diligenter
3076 4245 3556 4304 rccognoscereut,
3584 4251 3707 4291 eos-

2120 4346 2226 4400 que
2255 4330 2567 4384 charactrre
2611 4328 2810 4382 usitato
2867 4327 3220 4396 transcriptos
3264 4329 3429 4397 praete
3473 4326 3706 4394 subjice-

2125 4429 2279 4486 reut;
2333 4418 2519 4472 iisdem
2555 4425 2731 4470 tamen
2779 4416 3087 4471 facultatem
3118 4431 3224 4469 nou
3254 4415 3401 4470 dedit
3447 4413 3707 4483 purgandi

2125 4509 2334 4564 Missale
2363 4519 2419 4564 et
2448 4508 2778 4563 Breviarium
2808 4508 2876 4562 ab
2903 4507 3285 4562 additamentis
3324 4506 3662 4561 Mozarabum
3688 4542 3706 4570 ,

2081 4683 2092 4691 ’
2125 4689 2324 4744 clerum
2351 4694 2406 4741 et
2432 4684 2689 4755 populum
2721 4683 3040 4755 Toletanum
3070 4680 3333 4755 scribens,
3362 4676 3710 4755 conqueritur

2124 4746 2448 4813 Mozarabes'
2466 4746 2862 4823 Archiepismpo
2904 4752 3152 4806 Toletano
3188 4750 3527 4823 obedientiam
3547 4746 3709 4823 dene-

2125 4839 2327 4900 gantes,
2358 4826 2600 4900 ecclesias
2635 4818 2696 4877 de
2723 4818 2878 4900 ηιὰτξη
2910 4824 3160 4900 (uicerunt
3190 4820 3428 4900 recipere,
3462 4827 3518 4900 et,
3542 4818 3594 4871 in
3623 4833 3711 4877 se.

2126 4889 2398 4952 crementis
2427 4897 2720 4958 missarum,
2749 4903 2798 4948 et
2826 4895 2877 4947 in
2910 4895 3027 4946 aliis
3057 4891 3243 4944 divinis
3269 4889 3478 4958 ojﬁciis,
3505 4897 3712 4944 tonsura

2126 4984 2323 5040 quoque
2351 4965 2575 5040 derisui:
2603 4975 2650 5018 et
2676 4965 3008 5040 vestimentis.
3040 4978 3184 5040 suam
3209 4961 3474 5040 antiquqm
3495 4971 3714 5010 consue-

2129 5030 2356 5093 tudinem
2383 5036 2744 5106 subsequentes
2766 5054 2782 5094 ,’
2823 5033 2887 5086 ab
2915 5034 3202 5106 apostolica
3231 5032 3349 5106 sede
3370 5030 3715 5106 alienatae-u-

2130 5112 2226 5163 tire
2251 5096 2581 5179 prwsumeré.
2613 5096 2959 5179 Quapropter
2982 5103 3202 5154 mandat
3225 5096 3718 5179 universi_trtti"l'ole.-

2130 5165 2398 5242 tano'rum,
2431 5165 2677 5248 quatenus
2709 5165 3019 5248 hiozarabes
3049 5178 3330 5248 moneant,
3351 5176 3404 5220 ιιι
3434 5169 3488 5220 in
3523 5165 3717 5248 Suaru-

2130 5250 2315 5303 mentis
2341 5235 2640 5305 missarum,
2671 5245 2794 5296 etin
2818 5243 2936 5295 niis
2964 5241 3151 5293 dirinis
3183 5238 3359 5309 oﬁiciis
3391 5254 3421 5289 a
3461 5235 3718 5289 catholica

2130 5319 2367 5372 Ecclesia
2390 5318 2423 5370 ά
2443 5317 2661 5371 ssentire
2687 5315 2749 5366 de
2791 5322 2974 5366 cwtero
3018 5327 3121 5363 non
3145 5322 3458 5378 pra'sumnut
3484 5347 3500 5371 ,
3547 5315 3602 5359 et
3631 5319 3719 5358 ar-

2132 5390 2480 5458 chiepiscopo
2513 5386 2794 5458 Toletano,
2825 5385 2867 5435 si
2912 5383 2965 5435 in
2988 5383 3148 5450 ipsius
3169 5381 3432 5458 provincia
3460 5391 3720 5458 remouere

2129 5443 2712 5528 t'oluerint,'obediant,
2735 5443 2945 5528 ejusque
2967 5443 3224 5528 praerepta
3253 5450 3539 5528 observent.
3572 5443 3721 5499 Unde

2131 5523 2559 5597 conjicere'licit
2597 5523 2926 5597 ille/.arabes,
2959 5523 3049 5590 qui
3083 5524 3342 5597 hactenus
3367 5523 3569 5587 priscas
3597 5529 3722 5597 suas

2131 5593 2547 5654 consuetudines
2574 5596 3017 5657 observa-verant,
3047 5593 3261 5670 exinde,
3281 5605 3378 5670 one.
3403 5595 3723 5670 cogerentur

2133 5671 2308 5725 solum
2338 5677 2573 5731 vertere,
2607 5677 2907 5738 tonsuram,
2936 5672 3141 5738 vestem
3166 5657 3598 5738 clericulein_,.et
3629 5657 3712 5708 tu?

2134 5742 2312 5798 bricas
2340 5728 2598 5810 quasdam
2631 5728 2922 5807 Romanas,
2949 5733 3089 5789 haud
3117 5740 3312 5802 sponte
3347 5728 3647 5784 admisisse.
