4058 6178
354 255 429 321 ις
534 268 539 271 ’
1820 251 2205 309 erEFATiO.
3554 261 3624 320 ιθ

354 366 549 425 tulisse
574 366 940 437 deprehensus
969 374 1050 421 est
1082 368 1157 439 (α)
1191 375 1267 432 et,
1293 374 1547 438 corrupto
1574 367 1830 422 librorum
1862 383 1948 422 cu-
1978 371 2023 428 Α
2053 367 2279 423 fortasse
2308 367 2432 432 duo,
2468 376 2557 422 ant
2608 376 2734 437 tres,
2767 384 2903 440 quos
2933 371 3156 441 periisse
3200 374 3379 441 potius
3406 378 3630 449 Opinan-

350 461 549 526 stude,
592 477 689 529 pro
741 474 1026 513 mons-run
1071 456 1351 530 scripsisse
1391 469 1725 515 abor'rntm.
1766 458 1953 515 Codex

352 553 537 607 adhuc
566 560 783 607 exstare
820 551 1066 609 traditur.
1112 564 1217 604 non
1248 552 1363 605 sine
1392 551 1596 605 indici’s
1625 552 1816 621 patrati
1849 552 1955 605 cri-

352 644 524 697 minis
550 643 644 713 (b).
679 640 825 694 Felix
858 649 1057 701 autem,
1091 643 1181 710 qui
1214 641 1265 694 in
1295 641 1496 711 palatio
1524 640 1750 697 Codices
1766 643 1956 711 regios

354 732 555 785 vitiare
580 747 738 785 ausus
771 728 898 792 fuit,
932 728 1084 783 facile
1114 729 1350 783 creditur
1400 728 1653 783 Erc'esim
1683 729 1956 785 Toletanm

352 818 653 874 Codicibus
681 818 786 888 (ε),
820 827 912 870 aut
945 818 1057 887 ipse
1096 833 1288 872 manus
1316 817 1522 890 [xxxvi]
1554 818 1818 887 intulisse,
1864 830 1958 875 aut

360 908 556 976 Elipau
579 912 628 962 ’o
658 916 717 962 ut
745 922 841 962 eos
870 907 1188 975 depravaret
1217 908 1565 977 persuasisse.

439 999 561 1052 144.
589 1000 664 1053 De
692 1012 918 1053 numero
962 1012 1091 1052 vero
1120 1006 1500 1067 corruptorum
1548 998 1804 1053 librorum
1832 1000 1957 1069 quid

363 1090 657 1144 tenendum
684 1090 772 1154 sit,
794 1102 899 1142 non
931 1096 1013 1143 est
1041 1087 1348 1157 expeditum
1374 1089 1504 1142 certi
1542 1088 1830 1158 quidquam
1858 1097 1961 1143 sta-

365 1189 523 1235 tuere
550 1195 565 1234 :
597 1180 722 1233 mihi
756 1178 973 1248 quidem
1003 1179 1227 1246 exiguus
1248 1178 1477 1232 videtur.
1510 1176 1640 1231 Nam
1660 1218 1674 1242 ,
1704 1179 1828 1233 vivo
1859 1178 1962 1234 Eli-

364 1268 569 1339 pando,
601 1267 654 1322 id
697 1280 861 1321 unum
910 1268 1215 1331 constabat,
1247 1281 1368 1320 eum
1400 1268 1671 1322 orationes
1700 1268 1957 1335 quasdam

362 1375 399 1415 e
444 1361 597 1415 libris
626 1359 885 1428 liturgicis
912 1358 1187 1412 Toletanis
1216 1359 1440 1422 citasse,
1485 1373 1620 1427 quas
1648 1372 1757 1411 suae
1786 1373 1961 1413 (3811510

365 1449 555 1504 favere
579 1442 961 1503 contendebat.
995 1446 1222 1502 Easdem
1245 1448 1467 1501 omnino
1495 1462 1628 1515 quas
1669 1446 1816 1503 Felix
1848 1450 1961 1503 lau-

363 1541 558 1595 dabat.
602 1539 669 1593 At
698 1539 821 1593 libri
852 1539 924 1593 ili
957 1553 1057 1593 nec
1101 1539 1369 1608 episcopis
1396 1538 1704 1603 Gallicanis,
1758 1555 1878 1593 cum
1909 1541 1961 1593 in

366 1633 622 1702 synoiis,
670 1631 736 1685 de
782 1632 1058 1685 erroribus
1104 1629 1297 1684 Felicis
1335 1639 1389 1684 et
1439 1630 1681 1699 Elipandi
1720 1639 1959 1698 agerrnt,

2053 456 2179 510 dum
2210 465 2318 523 est,
2347 472 2506 526 quam
2538 460 2862 515 censendum
2890 461 3053 516 libros
3078 461 3357 533 litllrgicos
3385 466 3633 523 Mazarao

2054 548 2202 615 bum,
2234 556 2290 601 ut
2327 549 2484 616 vulgo
2534 548 2777 615 iactatur,
2819 567 2982 621 opere
3009 554 3394 610 catholicorum
3421 559 3634 628 episco-

2054 652 2243 705 porum
2290 637 2451 692 fuisse
2493 639 2824 704 emendatos,
2856 644 2982 709 quin
3013 658 3225 706 eorum,
3273 646 3364 714 qui
3406 647 3635 703 Codices

2056 728 2270 782 vitiatos
2316 729 2700 798 cmendarunt,
2745 739 2839 785 aut
2877 735 3132 801 temporis
3176 745 3283 803 quo
3328 736 3634 793 emendatio

2058 818 2195 875 facta
2226 828 2333 885 est,
2373 820 2479 874 ulla
2511 822 2576 875 ad
2605 831 2849 890 posteros
2889 825 3076 878 notitia
3106 828 3426 893 pervenerit.
3459 828 3635 897 Atque

2062 915 2173 970 hzec
2201 916 2265 969 ad
2311 931 2373 971 ea
2416 916 2662 971 diluenda
2693 932 2809 986 qua:
2837 926 3025 973 contra
3053 918 3263 974 Missale
3290 920 3634 978 Mozarabum

2060 1006 2381 1076 objiciuntur
2403 1006 2602 1062 dixisse
2628 1008 2871 1062 sulticiat.
2903 1006 3053 1063 Nunc
3080 1007 3147 1063 de
3173 1008 3383 1078 liturgia
3412 1010 3638 1067 Missalis

2061 1097 2228 1152 nostri
2257 1097 2538 1166 agendum.
2575 1097 2703 1151 Eam
2742 1096 3274 1169 a-Gotho-Ilispana,
3305 1114 3335 1153 a
3364 1098 3639 1156 Gallicana

2059 1197 2111 1241 ct
2142 1203 2171 1241 a
2204 1188 2559 1253 Mpzarabica,
2593 1188 2733 1243 haud
2759 1188 3025 1243 diversam
3065 1204 3182 1247 esse
3221 1191 3468 1260 superius
3504 1192 3639 1247 indi-

2060 1278 2174 1331 cavi
2198 1279 2387 1333 :modo
2409 1278 2524 1347 ejus
2552 1279 2701 1347 origo
2730 1276 2956 1350 [xxxvii]
2987 1278 3309 1349 indaganda,
3338 1280 3557 1352 ejusque
3586 1283 3639 1337 ill

2063 1366 2314 1438 Hispania
2345 1377 2636 1439 perpetuus
2664 1378 2794 1424 u=lls
2821 1367 3185 1435 vinilicaudus,
3220 1379 3329 1426 tum
3358 1372 3425 1427 de
3451 1382 3640 1428 aucto-

2059 1458 2207 1513 ribus
2235 1458 2461 1514 Missalis
2490 1458 2759 1514 Mozarabi
2803 1459 3209 1529 disputandum,
3240 1470 3294 1516 et
3337 1462 3548 1516 tandem
3572 1462 3645 1519 de

2058 1551 2209 1606 libris
2239 1551 2493 1620 liturgicis
2532 1551 2815 1606 Gallicanis
2860 1552 3118 1608 hactenus
3144 1531 3302 1607 editis
3349 1569 3518 1624 pauca
3544 1555 3641 1609 ad-

2061 1640 2317 1710 jicienda,
2334 1649 2412 1706 ut,
2436 1642 2843 1711 comparatione
2871 1657 2992 1697 cum
3018 1642 3210 1698 Missali
3232 1642 3463 1699 Ximenii
3490 1645 3641 1712 inita,

368 1738 477 1778 nec
502 1723 631 1777 viris
660 1722 866 1778 idoneis
893 1737 1127 1791 unquam
1159 1722 1369 1777 fuerunt
1399 1722 1619 1777 exhibiti
1637 1764 1651 1787 ,
1683 1730 1741 1776 ut
1767 1724 1963 1777 exami-
1992 1722 2039 1779 B
2068 1733 2185 1802 ejus
2214 1733 2412 1787 utilitas
2441 1742 2601 1803 atque
2626 1733 2934 1802 praestantia
2962 1732 3128 1801 magis
3156 1733 3514 1801 dignoscatur.

371 1822 655 1875 narentur,
688 1829 752 1866 an
785 1814 1021 1883 corrupti
1052 1811 1267 1875 fuerint,
1298 1828 1367 1867 an
1396 1814 1535 1867 bona
1567 1813 1669 1867 fide
1698 1813 1869 1877 citati,
1894 1828 1961 1867 an

371 1906 562 1975 pluris
605 1913 813 1969 essent,
857 1915 911 1960 et
951 1906 1051 1959 sibi
1100 1904 1328 1960 invicem
1377 1905 1790 1959 consentientes.
1823 1903 1964 1958 Nihil

374 1998 574 2051 horum
623 2005 756 2063 tum,
810 2012 930 2052 cum
981 1996 1294 2066 oportebat,
1345 2006 1520 2051 actum
1567 2006 1667 2051 est.
1717 1995 1964 2067 Episc0pi

371 2086 677 2151 Gallicani,
709 2089 775 2143 de
812 2088 1156 2157 exstirpanda
1195 2088 1570 2156 adoptivorum
1602 2086 1787 2142 llzeresi
1831 2090 1968 2142 dun-

373 2188 531 2233 taxat
556 2181 791 2247 solliciti,
821 2196 1008 2250 parum
1036 2188 1292 2235 curarunt
1318 2179 1445 2250 quid
1467 2180 1521 2233 in
1552 2179 1700 2234 libris
1725 2179 1971 2234 Mozara-

373 2271 520 2323 biris
549 2270 836 2337 legeretur,
871 2284 968 2325 nec
1006 2270 1278 2339 inquirere
1307 2270 1596 2324 voluerunt
1640 2284 1707 2323 an
1737 2269 1889 2325 Felix
1914 2278 1971 2326 et

377 2362 671 2433 Elipandus
698 2365 864 2420 hosce
894 2364 1059 2419 libros
1088 2364 1228 2419 bona
1271 2362 1396 2431 fide,
1420 2379 1488 2419 an
1518 2362 1869 2427 mendaciter,
1896 2364 1973 2418 ci-

376 2464 605 2509 tassent.
632 2454 883 2522 Quamvis
910 2456 1110 2525 optime
1136 2464 1401 2510 noverant
1429 2471 1537 2511 non
1563 2455 1754 2510 deesse
1784 2454 1975 2525 Hispa—

380 2561 488 2600 nos
516 2546 608 2613 qui
640 2548 908 2614 negabant.
931 2562 994 2600 ea
1038 2548 1091 2601 in
1119 2549 1232 2601 suis
1260 2547 1408 2603 libris
1434 2542 1695 2614 liturgicis
1724 2546 1826 2613 legi
1854 2560 1976 2614 quas

378 2641 638 2688 auctores
662 2635 899 2699 lueresis,
922 2643 979 2688 ut
1009 2636 1162 2689 malm
1190 2650 1365 2690 causa:
1389 2636 1878 2705 patrocinarentur,
1907 2648 1977 2689 ex

380 2724 455 2779 iis
476 2725 705 2779 citavcra
716 2734 789 2779 at.
811 2724 1243 2793 Asserebantque
1262 2726 1315 2779 in
1347 2726 1451 2780 illis
1474 2725 1603 2795 ipsis
1623 2723 1973 2789 orationibus,

384 2816 441 2869 in
471 2817 665 2885 quibus
690 2816 839 2870 Felix
868 2826 925 2870 et
970 2814 1011 2869 Ε
1037 2816 1262 2887 ipandus
1293 2815 1509 2871 aiebant
1548 2816 1894 2886 adoptionem,
1923 2822 1980 2868 et

382 2909 614 2977 adoplt't'i
640 2910 859 2963 hominis
885 2908 1132 2973 inveniri,
1159 2907 1390 2961 Codices
1418 2922 1547 2962 suos
1579 2906 1981 2977 assumptione»:

380 3010 438 3054 et
462 3000 711 3066 σκευωριί
736 2999 972 3064 hominis,
993 2997 1290 3053 orthodoxe
1312 2998 1492 3065 legere
1514 2996 1618 3067 (τι).

2136 1822 2163 1893 §
2202 1822 2293 1876 IX.
2335 1824 2415 1877 An
2442 1823 2651 1895 liturgia
2679 1822 2910 1877 Missalis
2935 1823 3161 1878 Ximenii
3187 1825 3467 1894 apostolica
3490 1826 3577 1880 sit.

2128 1902 2251 1967 146.
2292 1913 2488 1968 Christi
2515 1912 2672 1967 tidem
2700 1914 2883 1983 primis
2912 1911 3165 1969 [Sceleste
3192 1915 3400 1969 sareulis
3428 1916 3560 1972 altas
3593 1916 3644 1972 in

2070 2004 2321 2074 Hispania
2352 2003 2558 2058 radices
2602 1997 2843 2071 posuisse
2891 2001 3121 2057 irenzeus
3144 2043 3158 2068 ,
3200 2001 3565 2060 Tertullianus
3592 2014 3647 2060 et

2068 2093 2367 2165 Cyprianus
2395 2102 2582 2165 aperte
2610 2093 2831 2148 docent.
2872 2092 3101 2148 Sanctus
3137 2093 3386 2159 Irenazus,
3420 2095 3472 2149 in
3503 2096 3648 2152 libris

2071 2184 2328 2240 adversus
2374 2186 2633 2251 haereses,
2682 2181 2950 2238 Ecclesias
2994 2184 3047 2237 in
3071 2183 3273 2248 Iberis,
3307 2194 3361 2240 et
3402 2186 3454 2239 in
3490 2186 3650 2241 Celtis

2074 2272 2320 2329 fundatas
2362 2280 2752 2329 commemorat
2792 2272 2902 2343 (g).
2952 2271 3346 2339 Tertulliaaus,
3394 2274 3650 2330 adversus

2071 2361 2286 2420 Judtcos
2317 2365 2392 2434 (It)
2423 2364 2688 2431 scribens,
2722 2363 3097 2434 Hispaniarum
3121 2380 3294 2418 omnes
3335 2367 3576 2419 terminos
3600 2372 3651 2418 et

2075 2454 2362 2509 Galliarum
2384 2456 2609 2509 diversas
2637 2457 2872 2510 nationes
2901 2456 2951 2509 in
2982 2456 3250 2510 Christum
3273 2455 3383 2524 jam
3406 2457 3653 2513 credidis-

2074 2561 2131 2601 se
2154 2554 2400 2611 testatur,
2429 2555 2484 2601 et
2511 2553 2728 2601 sanctus
2752 2541 3069 2618 Cyprianus,
3089 2547 3142 2601 in
3171 2547 3397 2616 epistola
3423 2548 3655 2616 quadam

2076 2635 2335 2702 synodica
2360 2674 2376 2696 ,
2404 2633 2677 2690 Ecclesias
2707 2634 2972 2705 Hispanas
3000 2643 3054 2690 et
3080 2634 3344 2703 Hispanos
3371 2636 3655 2707 episcopos

2077 2727 2189 2781 suis
2220 2726 2522 2782 nominibus
2570 2726 2806 2797 appellat
2838 2727 2918 2797 (i).
2950 2724 3140 2781 Exstat
3167 2726 3329 2781 etiam
3358 2729 3497 2800 apud
3522 2728 3656 2783 Gru-

2079 2825 2252 2873 terum
2275 2859 2291 2878 ,
2332 2818 2387 2872 in
2429 2816 2706 2873 Thesauro
2754 2817 2826 2887 (j)
2853 2858 2868 2882 ,
2914 2817 3051 2887 lapis
3078 2817 3294 2887 quidam
3330 2818 3615 2875 Lusitanus
3638 2861 3655 2887 ,

2083 2906 2227 2963 unde
2253 2906 2492 2962 inferunt
2518 2906 2747 2962 Neronis
2773 2908 3221 2977 persecutionem,
3254 2924 3369 2965 rem
3398 2910 3659 2965 Christia-

2082 3014 2204 3055 nam
2222 3042 2237 3067 ,
2262 2998 2315 3053 in
2344 2998 2599 3069 Hispania
2620 3007 2778 3052 antea
2812 2996 3116 3067 florentem,
3137 3016 3276 3071 pene
3304 3004 3618 3058 contrivisse
3639 3044 3655 3064 ,

462 3086 589 3140 N5.
620 3086 893 3143 Exstin‘cta
916 3097 1115 3151 autem,
1140 3103 1262 3141 cum
1288 3087 1398 3141 suis
1420 3087 1750 3148 auctoribus,
1769 3086 1977 3157 adopti-
2004 3073 2047 3134 C
2080 3102 2257 3159 eoque
2277 3096 2524 3160 tempore
2543 3089 2685 3158 passi
2710 3087 2997 3143 traduntur
3016 3098 3281 3160 martyres
3297 3091 3659 3162 Calaguritani

381 3195 582 3233 verum
629 3180 856 3247 hmresi,
899 3178 1136 3234 Joannes
1182 3195 1319 3250 papa
1352 3178 1435 3244 X,
1475 3195 1617 3233 anno
1646 3178 1751 3234 918
1783 3178 1875 3249 (e),
1924 3186 1981 3234 et

384 3285 577 3323 rursus
624 3270 927 3325 Alexander
969 3269 1049 3336 ll,
1091 3272 1144 3325 in
1194 3270 1426 3326 concilio
1474 3269 1786 3334 Mantuano,
1836 3283 1981 3324 anno

384 3361 568 3426 1.65,
595 3362 760 3415 libros
802 3361 1080 3430 liturgicos
1109 3371 1274 3431 atque
1320 3361 1662 3416 Mozarabum
1713 3360 1980 3428 liturgianl

388 3468 481 3516 ani
503 3455 761 3506 robarunt
791 3453 879 3523 (Γ).
914 3453 988 3507 De
1018 3453 1165 3507 libris
1214 3468 1343 3507 vero
1373 3453 1488 3507 istis
1516 3451 1583 3505 ab
1628 3450 1888 3520 Elipando
1928 3458 1984 3506 ct

388 3542 577 3597 Felice
600 3543 851 3609 landa'is,
884 3543 1011 3608 nihil
1044 3552 1165 3613 post
1209 3544 1492 3599 concilium
1523 3542 1985 3598 Francofordense

391 3632 626 3701 ampl‘us
671 3632 911 3687 auditum
955 3641 1056 3688 est.
1102 3632 1249 3699 Quos
1298 3632 1523 3701 proinde
1565 3633 1742 3686 minus
1789 3631 1987 3685 multos

387 3725 669 3778 exstitisse
695 3724 969 3792 conjicere
1013 3724 1142 3779 licet
1174 3744 1185 3776 :
1224 3725 1267 3777 si
1299 3724 1440 3777 enim
1470 3731 1845 3791 corruptorum
1876 3721 1985 3776 Co-

388 3814 576 3869 dicum
616 3813 789 3882 major
819 3813 1007 3869 fuisset
1036 3814 1188 3883 copia
1213 3855 1228 3880 ,
1280 3812 1359 3868 fre
1383 3821 1588 3877 ,uenter
1617 3812 1888 3866 venissent
1932 3812 1985 3865 in

391 3920 591 3959 man::s
628 3904 1146 3969 ecclesiasticarum,
1194 3919 1379 3957 eorum
1425 3902 1613 3956 notitia
1664 3902 1884 3968 certior,
1933 3912 1989 3958 et

392 3994 608 4049 mentio
641 3992 973 4064 frequentior
999 4001 1321 4048 recurreret.
1354 3990 1517 4047 Pauci
1549 3991 1727 4060 itaque
1755 3992 1986 4059 fuerunt,

473 4108 555 4179 (α)
582 4107 710 4179 _Vid_e
732 4106 1084 4179 Germonium
1102 4150 1117 4168 ,
1144 4106 1212 4161 de
1239 4106 1513 4160 veteribus
1540 4104 1803 4179 luereticis
1831 4104 1984 4160 Sacr.

390 4185 455 4232 et
486 4175 975 4299 'ectizlesiasticorum
998 4178 1077 4232 Co
1098 4179 1255 4232 licum
1285 4175 1712 4245 corruptoribus,
1745 4184 1883 4243 part.
1918 4190 1983 4240 ll,

390 4263 521 4299 can.
592 4286 607 4299 .

390 4263 521 4316 cap.
558 4263 607 4301 ι.

474 4313 551 4396 ib)
581 4316 942 4396 “diligam
973 4315 1055 4396 ad
1101 4322 1344 4396 sanctum
1390 4314 1678 4375 Hilarium,
1730 4313 1823 4368 lib.
1859 4330 1893 4368 ll
1923 4314 1989 4369 de

392 4384 577 4448 Trim,
598 4402 653 4442 η.
676 4385 768 4450 27,
798 4384 940 4439 Edit.
973 4386 1199 4439 Maurin.

2080 3178 2379 3234 Emeterius
2404 3186 2461 3233 et
2488 3177 2799 3233 Celidontus
2823 3176 2921 3249 (k).

2143 3268 2267 3322 “7.
2309 3267 2425 3323 Non
2455 3274 2541 3323 est
2564 3268 2724 3337 igitur
2750 3267 3150 3338 ambigendum,
3170 3270 3300 3339 quia
3329 3268 3580 3327 Ecclesia:
3608 3273 3664 3329 ill

2082 3357 2336 3429 Hispania
2360 3366 2569 3413 mature
2606 3357 2910 3413 constituta:
2936 3358 3169 3422 fuerint,
3202 3360 3295 3413 sed
3318 3361 3464 3414 initia
3499 3377 3664 3417 evan-

2082 3449 2266 3518 gelira:
2291 3448 2679 3517 praldieationis
2698 3487 2711 3510 ,
2746 3448 2796 3503 in
2828 3447 2931 3502 illis
2952 3447 3265 3517 regionibus
3291 3451 3449 3505 altius
3478 3462 3666 3522 peten-

2083 3538 2148 3591 da
2175 3579 2190 3604 ,
2240 3537 2304 3591 ad
2342 3537 2619 3606 apostolos
2661 3551 2959 3605 eorumque
3006 3538 3283 3607 proximos
3325 3555 3667 3599 successores

2085 3628 2225 3682 haud
2253 3636 2458 3682 temere
2488 3626 2768 3681 referenda
2801 3626 3070 3681 videntur.

2155 3717 2276 3772 148.
2320 3718 2449 3773 Nam
2464 3759 2492 3785 _,
2523 3728 2717 3786 praeter
2741 3716 2767 3772 J
2790 3718 3002 3773 icobum
3035 3717 3292 3788 Maiorem
3313 3759 3326 3785 ,
3359 3736 3516 3792 quem
3546 3738 3667 3778 om-

2087 3811 2232 3865 nium
2257 3811 2483 3882 primum
2514 3808 2821 3879 Hispaniam
2849 3810 3250 3879 evangelizandi
3279 3827 3438 3867 causa
3476 3814 3670 3871 adiisse

2086 3910 2290 3956 vetusta
2320 3902 2390 3972 (Ι)
2421 3908 2476 3953 et
2504 3901 2765 3955 hactenus
2796 3900 3115 3955 inconcussa
3153 3900 3513 3971 Hispanorum
3545 3921 3672 3975 per-

2086 3991 2262 4044 suasio
2294 3998 2440 4044 tenct
2459 3992 2577 4059 (m),
2603 3990 2823 4046 l‘aulum
2851 3991 3156 4062 apostolum
3181 3991 3234 4046 in
3267 3991 3519 4063 Hispania
3542 4011 3673 4066 pra:-

2182 4102 2235 4169 Ii)
2275 4102 2406 4168 Cap.
2437 4101 2502 4163 7,
2528 4099 2620 4154 Ed.
2652 4100 2851 4156 Panlel.

2182 4104 2235 4169 Ii)
2275 4104 2406 4168 Cap.
2437 4104 2502 4163 7,
2528 4104 2620 4154 Ed.
2652 4104 2851 4156 Panlel.

2159 4104 2241 4241 ii)
2280 4171 2449 4241 Epist.
2477 4170 2546 4241 δτι
2571 4212 2585 4233 ,
2620 4170 2714 4223 El.
2749 4170 2951 4224 Pamcl.

2159 4239 2233 4312 υ)
2278 4240 2403 4309 Pag.
2436 4239 2577 4307 258,
2608 4240 2664 4295 9.

2161 4309 2234 4379 (ir)
2276 4311 2406 4365 Acta
2430 4310 2745 4381 praesidialia
2778 4310 3013 4381 martyrii
3060 4317 3365 4366 sanctorum
3389 4309 3669 4379 Emeterii,

2092 4392 2146 4436 ct
2172 4378 2469 4443 Ciledouii,
2507 4378 2777 4434 Prudentii
2808 4378 2931 4434 irvo'
2954 4394 3059 4434 non
3087 4396 3152 4435 ex
3172 4384 3365 4436 stabant
3390 4401 3404 4447 ;
3426 4399 3457 4437 a
3492 4378 3673 4449 perse-

472 4430 1103 4524 i'c'j'E-Z's't—ot’iservandum
1143 4430 1372 4524 Felicem
1414 4462 1469 4507 et
1514 4452 1985 4524 E'ipandllm_llon
2021 4430 2365 4524 Dcutor‘ibus
2408 4430 2557 4524 enim
2588 4466 2655 4524 ex
2686 4451 2820 4504 actis
2867 4450 3096 4518 publicis
3139 4453 3283 4504 etab
3311 4430 3670 4508 Ecclesiarum

391 4520 600 4580 citasse
627 4524 853 4580 Codices
880 4525 1254 4584 Bracarenses.
1278 4520 1675 4583 Cordubenses,
1697 4530 1790 4575 aut
1817 4520 1986 4587 Urge-

394 4596 632 4659 litanm,
674 4596 766 4648 sed
814 4595 1154 4649 solummodo
1198 4596 1509 4649 'I'eletanos.
1553 4593 1687 4647 Num
1732 4592 1856 4660 quia
1890 4592 1990 4644 ilus

394 4668 551 4718 solos
581 4679 929 4729 corrumpere
954 4665 1284 4730 potuerunt?
1305 4674 1359 4719 et
1382 4663 1611 4717 fortasse
1639 4661 1784 4714 Felix
1817 4664 1991 4730 minus

396 4741 580 4786 tutum
604 4737 807 4801 putavit
829 4748 938 4787 sua!
960 4729 1215 4787 Ecclesia:
1243 4732 1531 4787 Co'dicibtls
1555 4746 1744 4801 manus
1771 4729 1987 4801 itlfqre,

399 4809 500 4855 aut
527 4798 624 4857 eos
652 4805 789 4855 mala
823 4804 925 4857 fide
961 4804 1149 4863 citare,
1177 4817 1245 4856 ne
1273 4801 1547 4872 productis
1577 4799 1833 4872 Ecclesire
1861 4798 1994 4851 Τιτ-

399 4875 717 4927 raconensis
748 4874 917 4933 libris,
949 4874 999 4925 in
1027 4873 1181 4940 cujus
1211 4868 1485 4941 provincia
1511 4877 1630 4923 crat
1661 4868 1990 4937 Urgelitana,

399 4942 520 4993 falsi
551 4944 987 4995 convinceretur.
1832 4945 1853 4964 ’

480 5012 559 5079 (ά)
611 5012 765 5080 Apud
814 5011 1094 5066 Alcuinum
1143 5011 1401 5066 adversus
1444 5009 1708 5073 Felicem,
1759 5007 1851 5080 lib.
1884 5022 1994 5068 VII.

398 5078 630 5143 operum
663 5078 787 5135 Vcol.
815 5081 940 5145 395,
985 5083 1102 5136 libri
1141 5080 1388 5135 Toletani
1436 5079 1576 5134 haud
1628 5078 1792 5146 ignoti
1842 5084 1996 5129 erant

400 5150 656 5214 Alcuino,
687 5151 779 5219 qui
806 5152 1017 5204 videtur
1043 5157 1293 5219 opinatus
1318 5149 1631 5219 Elipandum
1674 5157 1729 5200 et
1765 5146 1996 5219 Felictjlll

397 5234 505 5271 eos
532 5235 640 5273 non
662 5215 809 5275 recte
830 5221 1045 5284 citasse,
1060 5215 1236 5275 tamen
1256 5215 1425 5273 noluit
1453 5221 1555 5273 hac
1573 5219 1641 5270 de
1666 5232 1725 5271 re
1745 5215 1999 5285 quaestio-

400 5290 856 5360 nem‘instituere,
889 5306 989 5343 nec
1020 5283 1290 5360 inquirere
1319 5290 1488 5344 voluit
1515 5303 1583 5342 an
1613 5283 1846 5342 Felix—et
1884 5283 1965 5337 Eli
1984 5314 1998 5323 -

400 5357 641 5427 pandus,
670 5374 735 5412 an
767 5360 879 5425 alii,
902 5359 981 5412 Co
1002 5357 1131 5414 lices
1158 5360 1481 5413 vitiaverint.

482 5428 555 5496 (e)
584 5428 745 5483 Card.
774 5424 1056 5490 Baronius,
1083 5430 1275 5482 Annal.
1305 5440 1342 5481 t.
1368 5428 1438 5494 Χ,
1468 5427 1533 5481 ad
1561 5441 1685 5480 ann.
1718 5424 1846 5480 Chr.
1872 5424 1998 5491 9|8,

401 5504 465 5553 et
493 5499 558 5567 de
584 5500 833 5566 Aguirre,
861 5498 1030 5554 Cone.
1059 5502 1230 5567 llisp.,
1262 5509 1299 5552 t.
1327 5497 1415 5566 Ill,
1444 5511 1566 5567 pag.
1596 5496 1714 5567 147.

483 5566 562 5638 (ί)
596 5563 760 5623 cara.
796 5563 1015 5638 Baron,
1058 5573 1116 5638 in
1147 5563 1364 5633 Annal,
1402 5563 1481 5638 ad
1521 5563 1648 5619 ann.
1674 5566 1803 5638 Chr.
1840 5563 1999 5631 1064,

402 5646 469 5691 et
497 5636 564 5689 de
596 5640 843 5705 Aguirre,
865 5636 1225 5704 Conc.ll'5p..
1252 5650 1383 5691 tum.
1419 5637 1509 5704 HI,
1538 5650 1663 5706 pag.
1698 5636 1821 5691 M7.

488 5708 561 5773 ((1)
604 5710 719 5765 Lib.
751 5724 802 5768 ι.
823 5724 944 5778 cap.
967 5712 1001 5764 3
1021 5752 1037 5778 ,
1060 5710 1139 5762 {id
1157 5752 1168 5762 .
1195 5708 1403 5763 Erasini

2090 4521 2303 4576 scriniis
2340 4520 2548 4591 sublata
2599 4519 2840 4583 fuerant;
2888 4535 3007 4587 qum
3034 4531 3312 4588 superest,
3343 4538 3371 4574 a
3416 4524 3542 4576 viris
3571 4524 3676 4577 lide

2090 4592 2266 4657 dignis
2303 4592 2604 4655 conscripta
2631 4627 2645 4650 ,
2699 4591 2966 4658 passionis
3012 4606 3198 4644 eorum
3249 4591 3468 4645 historia
3510 4594 3677 4647 tradit

2092 4676 2186 4713 eos
2217 4675 2401 4726 pa-sos
2439 4674 2557 4714 esse
2581 4699 2596 4719 ,
2642 4676 2777 4727 quan
2802 4667 2848 4713 :‘o
2896 4659 3111 4713 Callicia
3133 4676 3247 4712 cum
3293 4659 3676 4716 Tarraconensi

2091 4732 2289 4783 sociata
2316 4770 2331 4795 ,
2373 4729 2626 4782 citerioris
2663 4729 2940 4795 Hispania:
2968 4730 3286 4793 habebatur,-
3315 4747 3384 4783 un
3406 4736 3455 4785 le
3485 4747 3677 4785 conse-

2092 4801 2314 4868 quitur,
2361 4813 2457 4869 eos
2508 4800 2823 4867 martyrium
2874 4799 3065 4852 fecisse
3109 4799 3420 4868 priusquam
3482 4798 3678 4869 Hispa-

2095 4869 2181 4940 nia
2209 4870 2276 4940 Ain
2320 4868 2557 4940 quinque
2580 4868 2901 4940 provincias
2946 4868 3297 4937 divideretur,
3329 4885 3448 4940 qua:
3482 4868 3674 4925 divisio

2095 4939 2139 4991 A
2159 4938 2219 4991 lii
2240 4953 2330 4989 ino
2367 4937 2593 5006 principi
2625 4937 2891 4991 tribuitur.

2166 5009 2245 5077 (ι)
2285 5007 2515 5077 Sanctus
2546 5006 2780 5077 Isidorus
2804 5045 2819 5071 ,
2854 5008 2904 5060 in
2954 5008 3090 5061 libro
3123 5008 3214 5077 qui
3255 5007 3374 5062 Vita
3421 5018 3470 5060 et
3512 5017 3677 5063 morte

2095 5075 2391 5131 sanctorum
2426 5076 2556 5130 Novi
2590 5075 2902 5131 Testamenti
2934 5075 3276 5143 iustribilur,
3322 5078 3488 5131 tradit
3514 5092 3678 5133 sanc-

2100 5157 2210 5199 tum
2256 5146 2522 5217 Iacobum;
2560 5145 2814 5217 M_ajorem
2859 5146 3131 5217 Hispania:
3167 5154 3219 5198 et
3264 5144 3676 5217 Occidentalium

2099 5218 2325 5271 locorum
2348 5215 2550 5284 pupulis
2576 5213 2914 5285 Euangelium
2937 5213 3281 5285 priedicasse.
3311 5215 3462 5271 Hunc
3484 5217 3677 5271 librum

2101 5289 2341 5357 plerique
2380 5285 2802 5357 sanctolsidoro
2827 5286 3180 5357 abjudicant_,
3206 5285 3323 5357 -a|ii_
3346 5288 3683 5357 contendunt

2100 5353 2267 5409 letum
2289 5371 2407 5411 esse
2433 5355 2722 5422 genuinum
2748 5353 2903 5420 hujus
2926 5355 3094 5407 sancti
3121 5353 3383 5417 doctoris,
3416 5356 3558 5411 inter
3583 5358 3683 5411 hos

2100 5436 2183 5479 est
2210 5425 2460 5479 Nicolaus
2499 5424 2763 5495 Antonius
2786 5463 2801 5488 ,
2835 5425 2913 5495 iu.
2929 5423 3262 5495 Bibliotheca
3292 5426 3461 5480 veteri
3480 5424 3685 5495 Hispa-

2101 5498 2199 5565 nia;
2222 5537 2236 5559 ,
2267 5504 2324 5550 et
2352 5510 2459 5549 em.
2493 5495 2560 5565 de
2584 5494 2806 5562 Aguirre
2832 5533 2847 5559 ,
2875 5491 3041 5548 Coac.
3072 5492 3220 5563 Hisp.
3249 5535 3267 5562 ,
3298 5503 3410 5551 tom
3431 5535 3445 5548 .
3474 5494 3525 5559 l,
3560 5491 3682 5565 pag.

2103 5564 2239 5627 £56,
2269 5580 2484 5618 excurs.
2516 5562 2567 5615 2.

2174 5636 2269 5705 (m)
2307 5634 2604 5705 Consulas,
2624 5631 2669 5685 si
2699 5642 2879 5699 vacat,
2904 5647 3009 5705 em.
3042 5632 3111 5688 de
3138 5634 3362 5704 Aguirre
3395 5648 3521 5689 mox
3551 5632 3688 5705 cita:

2106 5714 2219 5761 tum
2252 5698 2261 5705 ⁷
2290 5720 2318 5757 a
2349 5716 2480 5775 pag.
2513 5702 2645 5771 151,
2676 5709 2732 5758 et
2782 5698 3163 5763 Bollandianos
3188 5698 3415 5774 'socios,
3445 5714 3578 5759 tom.
3624 5698 3687 5756 Vl
