4058 6178
1882 305 2276 365 ῬΩΞΡΛΊἸΟ.
3639 304 3707 360 ιε

434 323 503 383 ιἸ
1889 323 2276 365 t'ttmr'n'uu.
3639 323 3706 360 ,δ

429 437 640 494 dicasse
661 472 676 497 ,
717 428 1058 499 antiquorum
1090 423 1305 498 plurimi
1338 427 1601 480 testantur
1646 418 1724 493 (a)
1749 460 1764 486 ,
1816 427 1872 476 et
1898 420 2014 491 ipse
2043 427 2090 487 Α
2119 418 2344 484 factum,
2375 422 2606 472 testatur
2626 415 2982 485 fragmentum
3015 412 3249 482 celebre,
3278 410 3461 469 Codici
3491 412 3706 472 Scoria-

432 524 724 599 Apostolus
751 522 875 576 huic
892 517 1136 589 opinioni
1158 516 1447 587 plurimum
1474 513 1642 579 favet,
1667 510 1918 584 [xxxvnt]
1949 511 2017 567 de

431 634 527 675 sua
553 618 606 671 in
653 613 961 682 Hispaniam
992 607 1329 681 profectione
1349 646 1364 672 ,
1393 613 1651 674 tanquam
1683 604 1750 658 de
1778 602 1973 658 itinere
1997 639 2016 670 ,

433 707 573 763 haud
597 705 757 760 dubie
792 700 1139 772 suscipiendo
1162 696 1229 751 ad
1261 696 1539 750 Romanos
1567 694 1808 750 scribens
1837 691 1936 765 (ι).

503 796 625 852 H9.
683 794 836 850 Clara
886 804 1104 862 quoque
1165 787 1307 858 apud
1354 785 1626 855 Hispanos
1673 792 1756 839 est
1813 792 2020 853 septem

431 883 855 955 apostolicorum
880 879 1117 934 virorum
1147 876 1408 932 memoria
1435 916 1453 945 ,
1484 890 1622 946 quos
1664 873 1849 929 Roma:
1877 872 2022 928 ordi-

434 983 592 1029 natos
612 1012 628 1038 ,
667 979 722 1026 et
750 972 817 1023 ab
845 967 1105 1040 apostolis
1134 968 1185 1021 in
1216 965 1530 1036 Hispaniam
1561 964 1755 1018 missos
1778 1003 1794 1029 ,
1826 962 2022 1016 multas

434 1063 701 1120 Ecclesi-as
730 1059 985 1114 fundasse
1012 1065 1166 1112 vetus
1195 1056 1414 1111 traditio
1444 1054 1623 1125 prodit
1647 1052 1718 1124 (c)
1746 1096 1760 1117 ,
1789 1066 2023 1122 quorunt

440 1155 658 1209 nomina
682 1152 1009 1220 Torquatus,
1032 1147 1331 1212 Secundus,
1354 1146 1667 1211 Indaietius,
1699 1144 2020 1214 Ctesiphon,

435 1243 766 1315 Euphrasius
788 1280 805 1307 ,
836 1240 1114 1296 Heslchius
1137 1280 1153 1307 ,
1178 1246 1233 1293 et
1271 1237 1520 1293 Caecilius
1546 1279 1558 1291 .
1592 1235 1696 1291 Eos
1719 1276 1735 1302 ,
1767 1234 2023 1291 Kalendis

434 1335 580 1400 Maii,
612 1333 924 1388 Mozarabes
946 1331 1107 1385 missa
1129 1338 1184 1385 et
1211 1328 1392 1383 oflieio
1414 1328 1635 1398 proprio
1656 1327 1858 1383 colunt.
1888 1324 2023 1380 Cum

436 1429 622 1497 itaque
667 1424 923 1495 Hispania
952 1421 1228 1492 apostolos
1250 1434 1547 1489 eorumque
1585 1418 1878 1488 discipulos
1900 1415 2023 1471 fidei

435 1530 720 1589 praecones
764 1512 1053 1578 habuerit,
1102 1511 1323 1566 eosdem
1370 1509 1595 1578 liturgizc
1624 1524 1735 1564 suae
1772 1517 2024 1563 auctores

436 1607 689 1663 habuisse
714 1602 982 1660 censenda
1012 1609 1117 1657 est.
1147 1601 1277 1668 Qua:
1306 1601 1449 1656 enim
1478 1608 1660 1670 potest
1678 1614 1797 1656 esse
1825 1598 2024 1654 Christi

436 1697 679 1754 Ecclesia
719 1696 838 1752 sine
864 1692 1133 1750 sacriﬁcio
1161 1701 1218 1748 et
1245 1694 1363 1748 sine
1388 1691 1742 1749 sacramentis
1783 1689 2024 1748 Christi?

2119 508 2258 563 lensi
2286 521 2555 562 annexum
2579 504 2654 577 (g)
2674 547 2688 571 ,
2720 506 2773 560 in
2802 521 2909 576 quo
2940 504 3266 574 Torquatus,
3295 505 3519 575 ejusque
3546 507 3701 573 socii,

2119 600 2249 654 sicut
2279 602 2343 653 ab
2371 599 2619 670 apostolis
2665 599 2875 651 missam
2898 636 2914 662 ,
2947 597 3340 669 doctrinamque
3367 608 3705 668 acceperunt,

2120 708 2212 762 per
2256 690 2572 762 Hispaniam
2609 690 2867 744 o'rdinatis
2909 691 3163 759 episcopis
3191 689 3475 746 tradidisse
3521 693 3707 762 legun-

2122 793 2243 847 tur,
2276 794 2332 839 et
2360 793 2582 840 sanctus
2616 784 2910 854 Gregorius
2935 784 3022 839 Vli
3046 786 3248 855 scribit
3275 788 3351 858 (Ii)
3380 788 3623 843 ordinem
3655 789 3709 842 itt

2122 876 2317 930 divinis
2346 874 2541 929 oﬂiciis
2571 873 2860 928 tenendum
2883 876 3103 929 eosdem
3132 873 3399 946 Hispanos
3424 877 3707 944 docuisse,

2121 972 2213 1042 qui
2241 971 2426 1026 labore
2450 985 2552 1025 suo
2577 979 2634 1025 et
2675 971 2938 1039 sanguine
2985 970 3251 1028 Ecclesias
3290 968 3707 1030 constituerunt.

2123 1063 2300 1131 Atque
2330 1060 2454 1116 inde
2486 1060 2640 1115 facile
2677 1059 3034 1116 deduceretur
3061 1062 3330 1132 liturgiaut
3359 1063 3587 1121 Missalis
3609 1065 3709 1121 Xi-

2122 1152 2286 1208 menii
2314 1152 2669 1223 apostolicam
2698 1166 2818 1207 esse
2840 1189 2856 1216 ,
2887 1152 2932 1207 si
2961 1162 3235 1209 constaret
3280 1169 3593 1224 primaevam
3616 1155 3713 1211 ili-

2121 1257 2417 1312 spanorum
2439 1238 2776 1297 sacriﬁcandi
2799 1257 3043 1297 normam
3061 1258 3181 1299 eam
3209 1244 3391 1313 tuisse,
3409 1260 3569 1316 quam
3589 1263 3713 1302 con-

2123 1331 2304 1387 cilium
2332 1331 2648 1389 Toletanum
2672 1348 2725 1388 tv
2746 1335 2858 1389 suis
2879 1334 3113 1390 decretis
3138 1335 3499 1404 conﬁrmavit,
3522 1352 3711 1408 quam-

2123 1440 2228 1494 que
2258 1423 2439 1479 Gotho
2468 1424 2761 1497 Hispanam
2791 1425 3020 1481 dicimus
3039 1465 3055 1481 .

2195 1514 2317 1569 151.
2357 1515 2463 1571 Sed
2503 1532 2610 1571 non
2641 1514 2837 1571 desunt
2877 1519 2972 1572 viri
3013 1517 3206 1573 eruditi
3248 1520 3342 1587 qui
3383 1520 3713 1577 contendunt

2123 1608 2392 1677 iitnrgiam
2446 1622 2607 1679 quam
2655 1609 2876 1679 Hispani
2931 1624 3037 1665 una
3090 1626 3215 1668 cum
3263 1610 3367 1667 fide
3409 1613 3712 1671 Christiana

2123 1707 2516 1770 susceperunt,
2566 1699 2613 1754 R
2650 1714 2865 1755 manam
2914 1699 3112 1768 fuisse,
3162 1717 3283 1759 eam
3333 1719 3498 1773 vero,
3550 1720 3712 1776 quam

436 1788 505 1841 At
550 1795 698 1842 certe
737 1791 1075 1841 sacramenta
1117 1782 1308 1839 conﬁci
1338 1791 1647 1851 nequeunt,
1688 1798 1790 1838 nec
1817 1781 2020 1837 sacriﬁ-
2054 1786 2098 1847 Β
2123 1789 2617 1861 Galba—Hispanam
2662 1800 2718 1847 et
2757 1791 3149 1848 Mozarahicam
3198 1796 3561 1865 appellarunt,
3617 1812 3713 1852 au.

435 1878 578 1934 ciunt
603 1874 781 1931 offerri
811 1875 928 1929 sine
951 1872 1123 1927 forma
1152 1872 1385 1942 quadam
1414 1880 1470 1926 et
1497 1870 1687 1927 ordine
1715 1870 2024 1927 celebra:.di

435 1965 872 2036 conticiendique
894 2004 909 2030 ,
942 1964 1046 2019 hoc
1075 1971 1160 2030 est
1180 2003 1196 2030 ,
1222 1962 1340 2018 sine
1364 1962 1602 2031 liturgia.

508 2055 630 2110 150.
676 2055 834 2109 Ratio
888 2053 1071 2122 itaque
1123 2051 1317 2107 suadet
1367 2050 1630 2121 originem
1684 2047 1911 2117 litnrgizn
1957 2046 2025 2103 ad

438 2145 805 2201 Ecclesiarum
835 2142 1147 2197 conditores
1174 2140 1514 2196 referendam
1540 2154 1660 2195 esse
1683 2180 1697 2193 .
1745 2137 1855 2193 Nec
1886 2138 2025 2193 ratio

440 2247 646 2291 tantum
669 2277 685 2302 ,
727 2234 822 2291 sed
855 2233 1035 2304 praxis
1054 2247 1272 2303 quoque
1294 2234 1395 2288 aevi
1423 2233 1707 2303 apostolici
1739 2234 2027 2303 persuadet

436 2326 655 2383 eosdem
698 2325 964 2395 liturgiam
1016 2324 1300 2380 tradidisse
1324 2366 1341 2390 ,
1390 2324 1481 2395 qui
1513 2324 1783 2381 Er-clesias
1821 2326 2024 2381 consti-

440 2424 659 2473 tuerunt
676 2434 690 2483 ;
708 2414 938 2486 apostoli
954 2415 1117 2481 enim,
1137 2423 1275 2470 teste
1295 2427 1483 2471 sancto
1505 2416 1783 2471 Clemente
1803 2416 1903 2488 (ά),
1929 2432 2025 2472 so-

442 2510 624 2564 lebant
646 2509 904 2576 primitias
932 2523 1128 2570 eorum,
1160 2506 1252 2576 qui
1282 2507 1652 2573 crediderant,
1678 2508 1731 2560 in
1760 2511 2026 2577 episcopos

440 2609 492 2653 et
519 2600 767 2653 diaconos
792 2613 969 2652 eorum
994 2598 1080 2668 qui
1102 2596 1351 2651 credituri
1377 2605 1527 2651 erant
1556 2597 1881 2661 constituere,
1914 2597 2027 2667 qui-

440 2690 543 2745 bus
570 2697 627 2744 et
657 2692 878 2760 {armant
926 2702 1174 2741 sanorum
1202 2687 1470 2740 verborum
1502 2687 1595 2758 (e),
1633 2684 1756 2739 liJei
1798 2685 2027 2757 Sytnboo

439 2784 573 2849 lunt,
598 2781 827 2837 formam
850 2790 905 2835 et
929 2779 1173 2835 ordinem
1195 2778 1456 2834 olierendi
1484 2778 1831 2847 sacriﬁcium,
1855 2786 1909 2833 et
1937 2794 2027 2833 sa-

439 2881 717 2931 cramenta
731 2870 1049 2927 conﬁciendi
1061 2870 1576 2939 administrandique
1591 2870 1890 2926 tradebant.
1915 2868 2029 2925 Mo-

442 2980 554 3019 rem
584 2965 728 3019 hunc
748 2961 1107 3033 apostolicum
1138 2960 1190 3015 in
1225 2959 1396 3014 Gallia
1426 2962 1663 3016 tenuisse
1689 2961 1888 3030 primos
1910 2960 2030 3028 ejus

437 3058 617 3126 gentis
637 3054 913 3126 apostolos
940 3062 1132 3108 auctor
1150 3062 1235 3109 est
1256 3051 1549 3122 Gregorius
1571 3053 1898 3109 Turonensis
1923 3053 2025 3124 (f):

2126 1889 2304 1937 ctores
2323 1882 2572 1938 habuisse
2588 1882 2730 1938 viros
2749 1883 3130 1941 celeberrimos
3149 1883 3448 1942 Leandrum
3471 1896 3525 1942 et
3547 1887 3714 1944 Isido~

2125 1989 2265 2040 rum,
2297 1974 2687 2044 approbatores
2724 1990 2856 2031 vero
2883 1976 3101 2032 conciti
3130 1975 3375 2034 Toletani
3405 1994 3457 2034 tv
3502 1978 3713 2049 Patres,

2125 2065 2217 2137 qui
2261 2066 2399 2121 hanc
2428 2064 2651 2122 formam
2680 2065 2857 2122 ofticia
2897 2067 3075 2122 divina
3102 2068 3410 2124 celebrandi
3455 2068 3714 2132 Ecclesiis

2125 2158 2375 2213 omnibus
2419 2156 2686 2229 llESpania
2726 2169 2783 2214 et
2809 2157 2994 2215 Gallia:
3034 2159 3275 2218 Gothica:
3323 2162 3709 2235 imposuerunt.

2128 2246 2172 2301 H
2196 2263 2226 2303 c
2251 2248 2411 2316 igitur
2426 2250 2841 2305 examinandum
2868 2262 2955 2306 est
2972 2267 3039 2307 an
3063 2253 3271 2322 liturgia
3302 2269 3461 2323 quam
3483 2258 3714 2326 apostoli

2123 2340 2334 2409 virique
2363 2340 2644 2411 apostolici
2676 2339 2925 2411 Hispanis
2957 2344 3288 2399 tradiderunt
3317 2344 3561 2401 Romana
3599 2347 3715 2402 lue-

2126 2433 2226 2497 rit;
2257 2446 2326 2486 an
2352 2434 2534 2502 potius
2563 2432 2816 2502 primaeva
2848 2432 3058 2503 liturgia
3094 2434 3327 2506 Hispana
3355 2451 3417 2491 ea
3447 2438 3714 2493 censenda

2127 2519 2217 2588 sit,
2248 2534 2370 2590 qua:
2404 2528 2592 2592 postea
2630 2518 3072 2595 Gotho-ilispana
3116 2534 3172 2582 et
3207 2525 3545 2582 Mozarabica
3574 2527 3713 2583 dicta

2128 2620 2230 2666 est.

2131 2704 2160 2776 ς
2198 2703 2265 2760 Χ.
2315 2706 2397 2761 An
2427 2708 2673 2777 primum!
2708 2708 3059 2783 Ilispangrum
3104 2710 3311 2782 litwgta
3351 2710 3530 2766 eadem
3559 2711 3711 2783 fuerit

2692 2789 2846 2851 atque
2886 2780 3147 2835 Romana.

2203 2865 2325 2921 £52.
2365 2866 2621 2934 Quamvis
2666 2872 3007 2939 antiquorum
3039 2886 3197 2926 nemo
3237 2879 3423 2942 aperta
3470 2872 3712 2929 docuerit

2128 2957 2398 3029 iitnrgiam
2433 2959 2726 3016 Romanam
2756 2977 2787 3015 a
2814 2962 3001 3033 pritnis
3028 2962 3202 3031 gintis
3239 2979 3342 3033 apo
3372 2964 3495 3019 tolis
3524 2963 3713 3034 Hispa-

2128 3063 2228 3103 nos
2276 3053 2569 3121 accepisse,
2613 3061 2793 3108 tamen
2842 3056 3175 3110 recentiores
3214 3055 3354 3111 hanc
3404 3056 3711 3126 opinionem

440 3150 520 3205 De
536 3151 717 3204 horum
737 3147 1003 3216 discipulis
1018 3146 1228 3216 quidam
1252 3145 1514 3217 Biturigas
1528 3148 1784 3201 civitatem
1808 3142 2024 3219 [χχχιι]
2050 3133 2097 3195 C
2129 3134 2372 3209 pluribus
2418 3156 2520 3196 nec
2564 3143 2972 3199 contemnendis
3015 3146 3343 3214 argumentis
3390 3149 3712 3217 persuadere

436 3253 731 3311 aggressus,
758 3237 985 3292 salutare
1004 3235 1253 3304 omnium,
1278 3234 1537 3290 Christum
1564 3234 1841 3290 Dominum
1860 3251 2027 3307 popu-

436 3333 507 3387 lis
530 3330 827 3394 nuntiavit;
870 3344 937 3383 ea:
959 3328 1040 3382 Itis
1067 3344 1189 3400 ergo
1217 3328 1368 3399 pauci
1408 3328 1684 3383 admodum
1715 3327 1980 3383 credentes
2007 3368 2023 3395 ,

441 3421 618 3474 clerici
646 3418 897 3483 ordinati,
926 3420 1082 3473 ritum
1106 3418 1364 3488 psallendi
1385 3419 1700 3487 suscipiunt,
1730 3428 1780 3472 et
1808 3418 2029 3489 qualiter

439 3512 709 3565 ecclesiam
753 3518 1096 3571 construant,
1147 3509 1226 3561 vel
1252 3509 1591 3576 omnipotenti
1633 3506 1746 3561 Deo
1774 3508 2027 3562 solemnia

440 3600 699 3656 celebrare
720 3598 984 3666 debeant,
1010 3599 1336 3653 imbuuntur.
1366 3597 1478 3653 Nec
1511 3598 1669 3654 aliter
1695 3599 1749 3653 in
1772 3597 2027 3671 Hispania

437 3735 606 3800 Julii,
636 3749 667 3790 a
694 3747 815 3803 pag.
848 3731 955 3799 69,
993 3731 1083 3802 qui
1113 3731 1342 3787 aliorum
1382 3730 1691 3786 criticorum
1734 3730 2026 3788 difficulta-

442 3809 584 3861 tibus
603 3804 915 3859 satisfacere
942 3810 1225 3858 conantur.

517 3877 593 3946 (a)
632 3875 690 3929 in
720 3874 913 3955 horurn
953 3886 1181 3955 pignero
1231 3878 1582 3955 recensentur
1630 3880 1850 3955 sanctus
1902 3870 2027 3927 Cle-

442 3939 626 4025 mens,
666 3943 825 4019 epist.
858 3943 1127 4024 ladCor.
1163 3955 1281 4030 cap.
1314 3956 1363 3995 ν.
1400 3939 1624 3995 Paulum
1663 3942 1732 3996 ad
1765 3951 2027 3997 extremos

442 4025 687 4092 terminos
717 4010 1051 4092 Occidentis,
1078 4014 1247 4092 intra
1274 4015 1430 4092 τέρμα
1454 4012 1769 4092 recede-sat;
1795 4027 2027 4092 evange-

441 4085 656 4138 iizando
678 4085 991 4153 pervenisse
1006 4081 1220 4147 scribit;
1249 4080 1465 4137 sanctus
1486 4080 1809 4153 Athanasius
1824 4124 1838 4147 ,
1863 4084 2019 4153 epist.

441 4154 511 4210 ad
543 4150 923 4222 Dracontium,
951 4150 1100 4222 oper.
1128 4161 1170 4206 t.
1203 4155 1253 4220 Ι,
1295 4162 1433 4222 part.
1459 4167 1497 4218 ι,
1536 4167 1659 4221 pag.
1688 4150 1837 4222 265Ἀ
1873 4150 2021 4206 num.

440 4223 508 4289 Δ,
542 4221 690 4277 Edit.
717 4222 953 4277 Maurin:
985 4220 1212 4286 Paulus,
1240 4220 1445 4290 inquit,
1474 4220 1576 4273 non
1603 4224 1780 4275 metuit
1805 4220 2026 4277 Romam

438 4294 518 4347 ire
534 4335 548 4358 ,
571 4308 731 4362 neque
748 4307 907 4362 usque
927 4292 996 4362 ad
1025 4291 1312 4361 Hispanias
1331 4306 1611 4362 properare
1626 4329 1641 4343 .
1660 4291 1897 4362 §anctns
1919 4290 2026 4362 Cy-

440 4363 594 4417 rillus
615 4358 1151 4431 Hierosolymitanus,
1177 4369 1284 4414 rat.
1308 4358 1447 4431 xv",
1474 4376 1526 4411 η.
1544 4359 1633 4431 26,
1658 4358 1796 4431 Edit.
1819 4358 1987 4431 Mauri
2004 4402 2022 4429 ,

438 4439 671 4486 testatur
720 4428 1242 4499 PaulumiEvangelii
1284 4430 1702 4499 prwdicationem
1742 4430 1797 4499 in
1821 4428 2022 4499 Hispm

436 4503 583 4554 niam
607 4501 915 4554 extendisse.
944 4498 1347 4561 Theodoretus,
1378 4500 1430 4551 in
1456 4513 1536 4569 ps.
1569 4514 1689 4553 cxvr
1714 4517 1725 4551 :
1781 4498 1977 4554 Paulos
2003 4541 2019 4569 ,

438 4571 651 4640 inquit,
693 4571 750 4640 in
788 4569 1003 4623 Italiam
1039 4569 1212 4631 venit,
1255 4576 1304 4622 et
1343 4570 1397 4640 in
1449 4569 1736 4640 Hispania!
1772 4571 2021 4640 peruenit.

439 4638 671 4709 sanctus
715 4639 1202 4709 Chrysosto_mus,_
1227 4640 1280 4692 in
1307 4639 1465 4707 epist.
1511 4638 1553 4692 ll
1591 4640 1659 4692 ad
1692 4638 1830 4693 Tun.
1873 4638 2020 4696 horn.

439 4708 508 4779 ll)
532 4751 548 4775 ,
579 4710 634 4763 in
663 4710 790 4779 illud
821 4706 960 4763 ὑεῖς.
998 4707 1105 4779 2οε
1162 4706 1494 4778 Tropltimum
1533 4710 1714 4779 reliqui
1758 4709 2023 4778 inﬁrmum

437 4778 640 4843 Mileti,
662 4778 885 4849 scribit;
916 4777 1107 4849 Paulus
1124 4816 1145 4849 ._
1163 4794 1375 4848 nempe,
1398 4781 1452 4831 in
1479 4777 1716 4832 Judaeum
1740 4777 1987 4849 itauigans
2004 4818 2021 4845 ,

440 4849 654 4918 reliquit
686 4847 1033 4918 Trophimum
1059 4847 1225 4902 Mileti
1249 4847 1631 4915 aegrotantem,
1666 4858 1753 4901 aut
1780 4848 1835 4901 id
1862 4847 2017 4917 fecit,

434 4915 708 4989 postquam
737 4915 917 4989 fuisset
947 4915 1127 4971 Romae
1150 4955 1165 4979 ,
1191 4934 1369 4972 rursus
1397 4918 1813 4989 inullispaniamr
1844 4915 2022 4989 profe-

439 4987 575 5042 ctus.
597 4987 747 5058 [dent
773 4987 1206 5058 Chrysostomtts,
1238 4990 1384 5041 hom.
1418 4987 1505 5058 75,
1541 4987 1658 5040 aliis
1688 4988 1775 5053 76,
1804 4988 1855 5041 in
1885 4987 2019 5058 Mat-

439 5059 675 5113 thaum:
710 5057 897 5120 Vides,
927 5058 1117 5127 inqﬁit,
1148 5057 1375 5127 Paulum,
1406 5057 1780 5126 Hierosolymis
1806 5059 1860 5110 in
1895 5057 2021 5111 His-

436 5129 649 5194 paniam
703 5125 1015 5183 currentem.
1058 5125 1291 5183 Sanetus
1336 5125 1723 5196 Hieronymus.
1775 5128 1828 5181 in
1871 5127 2019 5182 Isaia:

438 5210 560 5265 cap.
591 5214 674 5266 ιι,
700 5200 769 5254 de
807 5197 1055 5267 apostolo
1085 5196 1250 5251 Paula
1277 5198 1465 5267 scribit
1494 5218 1507 5250 :
1535 5194 1617 5250 Ad
1646 5194 1859 5250 Italiam
1887 5214 2016 5267 quo-

434 5264 551 5337 que,
581 5264 667 5335 et,
694 5284 762 5323 υτ
784 5264 897 5323 trs:
924 5281 1157 5337 scntstr,
1186 5271 1256 5319 ad
1283 5264 1585 5337 Hispanias,
1610 5264 2017 5337 alienigenarum

436 5334 673 5406 portatus
696 5348 770 5393 est
798 5338 1028 5406 naeuus.
1060 5335 1290 5391 Sanctus
1318 5334 1611 5406 Gregorius
1643 5334 1894 5403 Magnus,
1916 5337 2009 5391 lib.

437 5420 567 5460 tum
598 5405 762 5469 Mor.,
786 5408 838 5460 in
857 5405 959 5475 Job
987 5422 1105 5475 cap.
1139 5422 1247 5461 χιιι
1277 5425 1289 5459 :
1345 5405 1535 5459 Paulus
1556 5445 1571 5469 ,
1603 5422 1716 5459 cum
1745 5422 1881 5459 nunc
1916 5406 2015 5459 Ju-

436 5475 604 5529 dteam
628 5516 643 5541 ,
672 5490 809 5528 nunc
838 5474 1151 5545 Corinthum
1174 5516 1189 5539 .
1224 5492 1362 5531 nunc
1400 5475 1657 5545 Ephesum
1678 5512 1696 5539 ,
1742 5492 1877 5528 nunc
1908 5475 2013 5530 Ilo-

438 5560 605 5617 mam,
636 5559 772 5597 nunc
805 5544 1088 5617 Hispanias
1117 5556 1335 5616 peteret,
1360 5556 1414 5598 ut
1439 5544 1493 5600 in
1514 5548 1709 5617 peccati
1736 5554 1899 5598 morte
1915 5546 2010 5614 ja-

431 5615 663 5685 centibu_s
690 5621 897 5685 tutetute
924 5615 1039 5685 pila:
1066 5619 1288 5685 gratiam
1317 5615 1597 5671 nuntiaret.
1640 5656 1656 5671 .
1695 5655 1713 5671 .
1757 5654 1773 5669 .
1817 5653 1832 5669 .

510 5683 585 5753 (bi
625 5682 791 5755 Epist.
820 5680 890 5736 ad
920 5680 1111 5756 RomI,
1147 5700 1252 5756 sv,
1292 5684 1391 5738 εις
1427 5688 1823 5756 At,inquiuut,
1855 5685 2010 5742 nobis

432 5768 544 5809 non
572 5754 783 5810 constat
811 5754 1113 5823 apostolum
1158 5754 1381 5810 Paulum
1414 5756 1465 5809 in
1496 5754 1804 5827 Hispaniam
1839 5755 2006 5811 ltonta

2127 3232 2307 3287 conati
2345 3242 2488 3288 sunt.
2522 3233 2756 3289 Primum
2784 3236 2949 3300 enim,
2990 3236 3254 3308 inquiunt,
3306 3238 3352 3292 si
3381 3239 3712 3309 manifestum

2128 3322 2213 3387 sit,
2248 3332 2308 3377 ut
2331 3330 2552 3378 sanctus
2577 3323 2921 3380 innocentius
2942 3326 3144 3390 scribit,
3170 3325 3343 3381 nullos
3361 3327 3412 3381 in
3435 3325 3711 3398 Hispania,

2128 3410 2179 3464 in
2208 3409 2401 3481 Gallia,
2431 3412 2484 3466 in
2515 3410 2712 3478 Africa,
2737 3424 2792 3469 et
2822 3414 2873 3468 in
2897 3414 3265 3483 adjacentibus
3292 3416 3496 3481 insulis,
3528 3417 3713 3472 Eccle-

2127 3506 2234 3556 Sias
2262 3504 2624 3569 constituisse,
2651 3514 2839 3571 praeter
2858 3520 2946 3558 eos
2976 3520 3100 3575 quos
3125 3505 3426 3559 venerabilis
3449 3508 3712 3577 apostolus

2128 3591 2335 3660 Petrus,
2366 3606 2455 3648 aut
2481 3597 2594 3666 ejus
2618 3612 2953 3662 successores,
2978 3598 3355 3651 constituerunt
3377 3598 3439 3668 (ἱ)
3464 3600 3711 3653 sacerdo-

2127 3725 2424 3796 profcctum
2450 3741 2589 3781 esse.
2640 3726 2771 3781 Esto
2803 3726 2855 3781 id
2887 3743 2995 3782 non
3048 3737 3259 3783 constet
3291 3729 3446 3783 nobis
3486 3743 3555 3783 ex
3601 3730 3708 3785 ullo

2128 3796 2420 3865 Scriptura:
2448 3805 2628 3856 textu.
2661 3806 2717 3850 at
2742 3803 3083 3866 antiquomm
3124 3799 3340 3852 Patrum
3390 3800 3709 3854 testimoniis

2127 3873 2367 3927 ennstat,
2396 3868 2591 3934 quibus
2622 3868 2670 3920 ill
2703 3880 2887 3922 notum
2922 3878 3053 3923 erat.
3093 3870 3322 3924 Sanctus
3354 3868 3708 3937 Hieronymus

2128 3943 2314 4009 aperte
2354 3945 2580 4009 testatur
2634 3937 2852 4009 Paulum
2891 3940 3170 4007 scripsisse
3198 3955 3256 3993 se
3300 3940 3708 4009 alienigenarum

2124 4005 2426 4078 navibusin
2453 4005 2759 4078 Hispaniam
2788 4003 3022 4062 delatum
3064 4023 3181 4078 esse
3205 4025 3219 4074 ;
3249 4019 3303 4062 ct
3327 4003 3548 4063 sanctus
3570 4003 3708 4064 G're-

2124 4076 2310 4142 gorius
2340 4076 2427 4131 Vll
2450 4114 2467 4138 ,
2509 4076 2560 4132 in
2582 4078 2804 4147 epistola
2829 4078 2895 4129 ad
2920 4091 3074 4147 reges
3097 4076 3397 4147 Hispania),
3438 4084 3577 4147 apud
3601 4078 3707 4132 lia-

2128 4161 2247 4216 ron.
2274 4187 2290 4212 ,
2324 4147 2461 4199 Ann.
2495 4150 2562 4201 ad
2611 4162 2697 4199 an.
2738 4146 2870 4199 1070
2894 4186 2909 4209 ,
2936 4146 3163 4216 scribit:
3196 4146 3400 4200 ’Beatus
3430 4146 3707 4216 Apostolus

2126 4214 2445 4286 Hispaniam
2487 4233 2541 4271 se
2584 4215 2776 4269 adiisse
2822 4215 3017 4270 scribit.
3076 4215 3133 4269 In
3197 4231 3430 4284 quanam
3474 4214 3705 4285 epistola

2127 4285 2437 4355 Apustolus
2466 4290 2559 4341 ista
2592 4288 2899 4355 scripserit,
2932 4286 3087 4340 nobis
3125 4288 3284 4341 modo
3315 4287 3555 4355 ignotum
3588 4299 3705 4354 est;

2126 4363 2184 4406 at
2212 4358 2380 4427 sancti
2408 4354 2717 4426 Hieronymi
2746 4366 2905 4410 :ntate
2927 4397 2943 4423 ,
2975 4356 3082 4410 imo
3111 4368 3165 4410 et
3190 4354 3353 4427 aetate
3376 4355 3545 4411 saneti
3570 4356 3706 4427 Gre-

2126 4425 2263 4491 gorii
2291 4425 2977 4496 supererant’ntonumeuta
3008 4442 3126 4494 qun:
3155 4425 3221 4480 ad
3258 4443 3354 4480 nos
3379 4443 3485 4481 non
3514 4426 3704 4494 perte-

2128 4504 2342 4565 nerunt.
2368 4496 2466 4562 Qui
2490 4512 2620 4551 vero
2640 4497 2862 4551 minime
2887 4496 3193 4551 dubitanter
3216 4497 3546 4551 tradiderunt
3567 4512 3701 4565 apo-

2126 4564 2322 4635 sttilutn
2338 4567 2557 4621 Pau'unt
2577 4566 2856 4635 Hispanias
2877 4568 3093 4634 adiisse,
3109 4566 3359 4620 videntur
3379 4568 3511 4621 certi
3538 4564 3705 4635 fuisse

2125 4631 2195 4686 de
2221 4635 2411 4690 itinere
2437 4635 2586 4690 Pauli
2613 4631 3035 4706 intllispaniam,
3062 4631 3168 4691 non
3199 4638 3322 4706 quia
3355 4636 3471 4704 ipse
3496 4636 3563 4690 ad
3594 4634 3675 4687 Ro

2125 4718 2317 4760 manos
2341 4707 2629 4775 scripserat
2653 4726 2664 4759 :
2690 4705 2816 4759 Cum
2843 4708 2895 4759 in
2924 4705 3235 4775 Hispaniain
3258 4706 3516 4775 proﬁcisci
3535 4722 3691 4775 caepe-

2124 4789 2207 4839 ro,
2234 4791 2384 4845 spero
2413 4776 2548 4845 quod
2567 4779 2866 4845 prwteriens
2889 4778 3088 4830 videam
3108 4792 3215 4840 vos,
3241 4788 3289 4829 et
3316 4793 3347 4827 α
3373 4777 3513 4829 vobis
3540 4777 3697 4828 dedu-

2123 4860 2214 4897 car
2240 4846 2385 4908 illuc,
2422 4845 2575 4899 ilont.
2608 4863 2696 4909 xv,
2726 4846 2815 4911 24;
2846 4845 2944 4900 sed
2968 4849 3092 4915 quia
3116 4850 3183 4899 ab
3206 4846 3440 4915 antiquis
3465 4848 3699 4915 scripto-

2122 4916 2272 4987 ribus
2317 4926 2641 4986 acceperant
2687 4917 3004 4986 Apostolunt
3031 4958 3045 4980 ,
3076 4931 3137 4971 re
3166 4917 3281 4985 ipsa
3313 4918 3365 4969 in
3390 4915 3696 4987 Hispaniam

2122 4983 2422 5057 profectum
2447 4983 2464 5053 ζ
2497 4987 2548 5040 in
2578 4987 2680 5042 illis
2706 4983 3020 5055 regionibus
3050 4983 3390 5057 pra-dicasse.

2195 5053 2271 5143 te).
2315 5053 2786 5143 ἕωςηριεξιρθεέ
2811 5057 2938 5143 ἔξη-

2194 5126 2275 5197 (d)
2313 5124 2481 5195 Epist.
2508 5126 2528 5180 ι
2552 5127 2617 5197 ad
2643 5123 2886 5181 Corinth.
2907 5166 2923 5190 ,
2957 5142 3010 5181 η.
3038 5123 3130 5197 42,

2192 5195 2271 5319 (ῗέ
2304 5197 2536 5251 Sanctus
2580 5195 2777 5253 Paulus
2819 5200 3044 5267 Apost,
3091 5196 3191 5268 Ep.
3232 5195 3275 5250 ll
3324 5199 3393 5254 ad
3423 5199 3610 5265 Tim.,
3642 5212 3694 5253 c.

2119 5277 2157 5317 Ι.
2203 5277 2300 5319 15.
2564 5304 2575 5319 ι

2190 5337 2265 5405 (ί)
2305 5334 2439 5405 i_list.
2472 5335 2566 5390 lib.
2600 5350 2637 5401 ι,
2666 5350 2788 5405 cap.
2810 5335 2899 5391 3|.

2192 5402 2268 5475 (ᾗ)
2308 5402 2496 5460 Exstat
2535 5407 2673 5475 apud
2704 5402 2932 5474 Vinium,
2965 5408 3018 5461 in
3048 5415 3201 5462 tract.
3230 5408 3354 5463 hist.
3384 5409 3597 5474 chrum,
3629 5407 3698 5466 de

2192 5423 2268 5475 ig)
2308 5423 2496 5460 nutat
2535 5423 2564 5457 a
2606 5423 2673 5458 ιω
2704 5423 2884 5460 ιἰιιιυιι

2115 5486 2281 5544 antiq.
2309 5475 2507 5543 Liturg.
2540 5423 2712 5545 illst)"
2746 5493 2799 5530 η.
2833 5476 2884 5531 9,

2188 5547 2460 5670 (Ιηῖἲὲωιι
2509 5562 2616 5602 ent.
2647 5548 2715 5602 de
2761 5549 3007 5618 Aguirre.
3057 5548 3221 5605 Cone.
3255 5547 3404 5618 Hisp.
3438 5559 3570 5604 tont.
3607 5548 3694 5616 Ill,

2188 5633 2235 5670 ιι.
2375 5655 2390 5670 .
3620 5664 3623 5667 .

2112 5630 2235 5685 pag.
2265 5630 2390 5671 ua.
3620 5664 3623 5667 .

2111 5756 2160 5811 b_
2187 5689 2248 5755 (ἱ)
2287 5688 2469 5744 Sancti
2498 5687 2795 5745 Innocentii
2823 5685 2863 5757 l,
2888 5688 3044 5759 epist.
3071 5689 3139 5745 ad
3176 5688 3491 5744 Decentium
3521 5687 3690 5759 Eugu-

2148 5772 2312 5811 nium.

2148 5772 2312 5813 tuum.
