4058 6178
358 341 431 397 to
1828 323 2218 381 ιπηΑῖπΑτιο.
3575 327 3643 385 δο

358 470 469 523 m,
522 465 864 522 consequens
918 446 1131 513 videtur
1181 447 1479 512 Romanam
1527 444 1793 517 liturgiam
1846 458 1952 497 non
1982 440 2028 501 Δ
2059 441 2248 497 ritibus
2289 440 2546 511 iiturgicis
2574 456 2759 499 earum
2790 441 3152 501 Eeclesiarum
3198 451 3548 503 assueverant
3589 444 3643 499 in

354 547 523 617 modo
542 545 598 599 in
626 553 736 611 tota
756 542 922 607 Italia,
953 541 1048 599 sed
1074 539 1123 594 in
1148 540 1324 596 Africa
1346 554 1582 609 quoque,
1606 539 1657 592 in
1684 535 1962 605 Hispania,

360 646 416 691 et
458 638 511 691 iu
559 634 755 703 Gallia.
796 648 825 687 a
870 630 1056 703 primis
1103 629 1225 686 ii'de'i
1257 630 1589 701 praeconibus
1611 636 1963 699 propagatum

358 731 561 801 fuisse;
606 726 867 787 credibile
912 725 1055 780 enim
1098 732 1183 778 est
1233 722 1436 792 primos
1475 722 1683 776 illarum
1722 719 1963 789 gentium

289 811 295 814 ’
355 822 662 892 apostolos,
686 819 754 873 ad
783 817 939 873 tidem
968 814 1241 871 conversis
1267 813 1503 887 populis,
1531 828 1651 868 eam
1682 811 1964 867 tradidisse

360 908 725 973 sacriﬁcandi,
759 907 942 963 orandi
973 915 1029 963 et
1065 914 1405 962 sacramenta
1436 903 1757 965 conﬁciendi
1787 902 1959 958 admi—

364 1000 735 1069 nistrandique
764 996 876 1071 [ιι]
922 996 1168 1063 formam,
1198 1010 1360 1067 quam
1393 995 1491 1067 ipsi
1542 995 1594 1049 in
1624 995 1744 1050 sinu
1773 991 1962 1059 Eccle-

354 1093 461 1162 siae
515 1091 774 1151 Romana:
819 1088 1135 1147 didicerant.
1188 1085 1304 1149 Hoc
1359 1092 1735 1153 argumentum
1786 1082 1961 1154 prima

358 1184 547 1254 specie
584 1181 795 1245 efﬁcax,
846 1180 1170 1235 auctoritate
1209 1178 1381 1233 sancti
1435 1176 1643 1241 lsidori,
1693 1183 1749 1229 et
1792 1172 1963 1229 sancti

366 1272 615 1344 Gregorii
670 1269 757 1327 VH
802 1269 1123 1331 conﬁrmant
1153 1310 1169 1337 ,
1229 1268 1539 1337 adduntque
1600 1265 1963 1334 fragmentum

363 1362 749 1435 scorialense,
801 1365 855 1423 et
910 1357 1138 1421 concilia
1185 1356 1423 1426 Hispana
1472 1354 1857 1421 llliberitanum
1907 1357 1965 1405 et

364 1454 692 1521 Toletanum
724 1452 972 1523 primum.

440 1545 565 1607 155.
623 1543 933 1615 Praeterea,
983 1541 1257 1613 inquiunt,
1304 1544 1524 1597 sanctus
1595 1535 1861 1603 Leander,
1908 1542 1965 1590 et

358 1646 587 1705 sanctus
649 1633 887 1689 Isidorus
946 1638 1370 1701 composuerunt
1424 1626 1727 1698 liturgiatn,
1799 1638 1960 1693 quam

367 1726 657 1781 concilium
700 1722 1020 1779 Toletanum
1065 1738 1118 1777 iv
1146 1720 1487 1790 approbavit,
1518 1728 1594 1787 et,
1647 1728 1708 1772 ut
1759 1719 1874 1771 sola
1903 1712 1957 1783 in

369 1816 626 1873 Ecclesiis
694 1814 845 1883 regni
910 1813 1316 1883 Visigntborum
1380 1810 1795 1879 observaretur,
1859 1806 1970 1862 suis

366 1908 606 1964 decretis
661 1904 951 1959 mandavit.
1008 1902 1159 1958 Hanc
1210 1901 1520 1971 Iiturgiam,
1574 1913 1734 1969 quam
1782 1907 1970 1968 postea

367 1997 771 2054 Muzarabicam
814 1995 1194 2065 appellarunt,
1234 1999 1435 2062 negant
1480 2004 1603 2046 esse
1658 1988 1969 2059 primmvam

364 2089 601 2151 formam
648 2086 958 2143 celebrandi
1004 2085 1203 2151 divina,
1249 2099 1408 2154 quam
1434 2081 1664 2154 apostoli
1688 2080 1745 2135 in
1780 2077 1972 2147 Hispa-

373 2180 518 2233 niam
563 2180 890 2246 attulerunt,
937 2184 1125 2247 utpote
1162 2190 1302 2245 quae,
1353 2175 1550 2231 sa:culo
1580 2172 1841 2227 duntaxat
1876 2183 1967 2235 vn,

364 2271 590 2335 concilii
616 2270 860 2325 Toletani
891 2284 943 2324 IV
972 2269 1297 2324 auctoritate
1326 2268 1541 2323 invecta
1581 2272 1685 2320 est.

445 2358 574 2416 154.
614 2359 708 2415 Hae
734 2369 859 2415 sunt
895 2358 1178 2430 principum
1214 2357 1371 2427 hujus
1398 2356 1681 2413 sententia:
1708 2353 1971 2423 rationes,

372 2467 535 2521 quam
582 2450 936 2521 suspiciosam
980 2449 1109 2505 facit
1148 2450 1446 2520 priscorum
1477 2455 1757 2503 auctorum
1803 2445 1973 2501 silen-

375 2545 533 2612 tium,
568 2558 743 2613 neque
782 2541 1127 2597 fundamenta
1159 2542 1355 2610 quibus
1395 2539 1642 2595 innititur
1682 2547 1790 2592 tam
1821 2535 1975 2590 ﬁrma

375 2644 500 2691 sunt
529 2649 693 2705 quam
716 2642 998 2704 apparent.
1023 2633 1157 2687 Nam
1182 2648 1286 2687 non
1316 2632 1448 2688 satis
1468 2637 1682 2687 constat
1704 2644 1799 2685 eos
1827 2628 1975 2684 solos

378 2725 432 2778 in
464 2723 723 2791 Hispania
753 2722 1098 2781 constituisse
1131 2719 1420 2784 Ecclesias,
1448 2734 1587 2791 quos
1609 2719 1799 2775 beatus
1837 2732 1975 2787 apo-

379 2817 548 2872 status
568 2814 760 2870 Petrus
788 2814 1012 2883 ejusque
1035 2800 1376 2869 successores
1395 2812 1522 2867 illuc
1543 2808 1975 2878 evangelizatum

380 2908 644 2963 miserunt
676 2921 783 2961 :ex
832 2904 939 2960 hoc
968 2904 1111 2960 enim
1153 2917 1379 2959 numero
1432 2900 1654 2971 Hispani
1701 2898 1987 2969 excipiunt-

382 3010 629 3054 sanctum
657 2997 918 3054 Iacobum
949 2995 1234 3067 Majorem,
1258 3003 1316 3051 et
1344 2980 1413 3049 ab
1443 2996 1788 3062 antiquorum
1823 2988 1977 3047 testi-

382 3090 567 3145 monio
594 3088 943 3158 excipiendus
964 3095 1049 3142 est
1076 3073 1355 3156 apostolus
1390 3083 1608 3147 Pauius,
1648 3083 1759 3137 imo
1785 3088 1840 3135 et
1861 3079 1976 3149 ipse

382 3181 757 3251 apostolorum
813 3178 1060 3249 princeps
1108 3175 1337 3241 Petrus,
1381 3188 1545 3244 quem
1609 3173 1663 3229 in
1717 3168 1980 3241 Hispania

376 3272 710 3344 prmilicasse
749 3270 912 3339 aliqui
945 3267 1279 3323 contendunt
1305 3268 1402 3339 (α).
1437 3264 1737 3336 Discipulos
1777 3263 1987 3333 aliquot

380 3363 440 3418 in
469 3361 730 3431 Hispania
773 3360 1057 3430 reliquisse
1083 3367 1330 3414 sanctum
1375 3356 1635 3415 Iacobum
1677 3352 1985 3424 apostolum

368 3452 537 3507 fama
560 3450 759 3520 prodit.
797 3448 1021 3503 Paulum
1062 3447 1391 3518 apostolum,
1431 3446 1607 3501 nullos
1635 3444 1688 3498 in
1727 3442 1985 3513 Hispania

388 3541 740 3601 constituisse
788 3538 1100 3606 Ecelesias,
1147 3537 1412 3607 siquidem
1459 3536 1514 3592 in
1561 3536 1627 3591 iis
1676 3534 1987 3604 regionibus

392 3633 872 3703 evangelizaverit,
920 3631 1132 3687 creditu
1187 3629 1403 3686 diﬂlcile
1448 3636 1552 3683 est.
1612 3626 1869 3696 Idemque
1918 3625 1988 3682 de

392 3726 643 3796 apostolo
680 3724 845 3779 Petro
873 3722 1160 3779 dicendum
1201 3720 1432 3777 videtur.
1460 3717 1616 3774 Unde
1642 3735 1749 3775 non
1776 3725 1862 3774 est
1889 3733 1989 3774 cur

393 3818 637 3873 dicamus
662 3815 928 3886 Hispanos
953 3814 1220 3885 liturgiam
1253 3812 1552 3867 Romanam
1582 3826 1686 3866 una
1726 3826 1851 3867 eum
1879 3809 1989 3866 fide

391 3909 592 3965 Christi
644 3907 966 3977 suscepisse.
1023 3906 1140 3962 lmo
1193 3906 1456 3976 suspicari
1510 3904 1636 3959 licet
1676 3918 1779 3958 eos
1828 3902 1988 3957 aliam

394 4000 685 4068 quamdam
731 3999 910 4054 divina
956 3997 1192 4054 obeundi
1237 4012 1484 4052 normam
1512 4010 1545 4050 a
1591 3992 1821 4061 Iacobo,
1865 4000 1920 4050 et
1956 4007 1990 4049 a

400 4086 584 4155 Petro,
615 4086 703 4142 vel
733 4102 761 4142 a
792 4084 965 4143 Paulo
995 4086 1263 4159 apostolo,
1298 4086 1593 4155 accepisse.

470 4178 594 4233 £55.
624 4179 729 4234 Sed
758 4193 1017 4250 ponamus
1038 4177 1403 4248 apostolorum
1430 4177 1702 4231 neminem
1729 4174 1781 4229 in
1796 4172 1990 4245 Hispa-

399 4273 485 4327 nia
522 4271 862 4339 przcdicasse,
896 4269 1163 4338 iidemque
1187 4268 1385 4323 Christi
1425 4267 1691 4338 Hispanos
1719 4266 1994 4335 accepisse

399 4364 468 4419 ab
491 4364 556 4419 iis
576 4378 717 4431 quos
739 4361 1018 4433 apostolus
1042 4360 1238 4417 Petrus
1258 4360 1482 4429 ejusque
1509 4371 1848 4415 successores
1870 4356 1996 4411 ille

399 4454 831 4522 evangelizatum
861 4452 1143 4516 miserunt,
1176 4467 1285 4506 non
1316 4450 1440 4506 inde
1466 4450 1728 4506 continuo
1750 4446 1996 4517 sequitur

401 4547 712 4616 prunarum
758 4542 1115 4613 Hispanorum
1156 4543 1423 4612 liturgiam
1466 4540 1763 4596 Romanam
1806 4537 1993 4605 fuisse,

394 4626 526 4690 nam
554 4633 702 4698 haud
727 4632 1039 4690 incredibile
1062 4641 1145 4688 est
1171 4631 1498 4702 apostolicos
1523 4630 1690 4693 viros,
1724 4628 1895 4683 Roma
1928 4626 1997 4681 ad

402 4725 804 4795 praedicandum
835 4726 1045 4791 missos,
1079 4724 1403 4793 quandoque
1440 4721 1665 4776 formam
1693 4719 1995 4788 liturgicam

398 4817 695 4872 tradidisse
722 4815 1042 4878 Romanam,
1080 4813 1406 4883 quandoque
1435 4812 1665 4868 formam
1687 4824 1717 4863 a
1750 4809 1997 4865 Romana

403 4908 673 4963 diversam
722 4908 1036 4962 instituisse.
1064 4904 1219 4972 Quod
1260 4914 1373 4959 tum
1425 4902 1659 4958 maxime
1705 4900 1998 4971 contigisse

404 4998 624 5066 opinor,
654 5012 773 5073 eum
806 4995 1088 5066 apostolici
1132 4995 1205 5049 illi
1236 4994 1493 5064 episcopi,
1525 4994 1616 5062 qui
1649 4991 1835 5048 Roma:
1865 5007 1998 5049 con-

404 5088 577 5140 stituti
602 5086 817 5140 fuerant
835 5087 1165 5151 sacerdotes,
1194 5084 1298 5140 (ide
1321 5084 1642 5150 Christiana,
1668 5085 1719 5139 in
1745 5083 2001 5142 Ecclesiis

406 5177 571 5247 Asiae,
622 5178 792 5255 Syria:
842 5188 938 5232 aut
992 5176 1302 5257 Palestina},
1340 5176 1549 5243 imbuti,
1602 5175 1895 5246 disciplina:
1944 5182 2000 5232 et

482 5329 559 5397 (ι)
599 5330 955 5401 Bollaudiaui,
989 5338 1119 5401 tom.
1152 5330 1196 5401 ν
1220 5329 1368 5395 Iun.,
1399 5345 1519 5401 pag.
1560 5329 1685 5398 405,
1716 5329 1998 5401 num.16;

392 5399 886 5473 .Gasparhsuucins,
918 5402 984 5473 de
1014 5398 1413 5457 Puedicatione
1445 5398 1812 5473 apostolorum
1853 5400 2000 5457 Petri

400 5478 466 5533 ct
491 5467 645 5552 Pauli
668 5470 720 5523 in
751 5471 1027 5552 Hispania.

484 5537 560 5605 (b)
587 5538 783 5607 Ioseph
809 5530 1142 5599 \licecomes.
1178 5540 1245 5596 de
1274 5541 1444 5607 antiq.
1495 5542 1670 5598 missa:
1698 5544 1871 5603 Sacr..
1903 5544 1997 5601 lib.

484 5558 560 5605 (9)
587 5558 783 5662 δυεένη
813 5558 1142 5599 vreecomes.
1178 5558 1245 5596 ac
1274 5558 1444 5607 anttq.
1495 5558 1670 5598 missa:
1698 5558 1871 5603 sacra.

407 5611 672 5685 lt,_cilp:1
727 5653 735 5661 .
764 5610 879 5665 Em.
912 5611 1291 5685 Bona,_rdivina
1322 5610 1618 5685 Psalmod.,
1649 5630 1767 5685 cap.
1803 5615 1890 5670 18.

485 5678 1421 5756 (c)_0ptatus,contra'Parmenien.
1456 5684 1543 5739 lib.
1569 5678 1621 5739 vi
1644 5701 1659 5751 ;
1684 5678 1840 5756 epist.
1872 5703 1999 5741 con-

406 5751 522 5808 cilii
542 5750 730 5809 (ἴω-ιιι.
755 5754 820 5809 ad
851 5751 1219 5811 innocentium
1248 5752 1269 5807 ι
1298 5770 1514 5827 papam,
1564 5750 2002 5828 inter-epistolas

2063 534 2256 605 quibus
2302 535 2557 607 baptizati
2598 536 2828 592 fuerant.

2134 626 2256 681 156.
2299 627 2375 684 De
2410 630 2612 685 sanctis
2653 629 2944 700 Trophimo
2990 640 3045 687 ct
3084 632 3288 686 lrenmo
3318 626 3483 685 refert
3510 644 3647 683 ano-

2064 733 2253 789 uymus
2282 718 2577 789 Spelmani,
2606 722 2792 787 ambos
2823 721 2992 776 Roma
3042 723 3093 777 iu
3132 721 3359 776 Galliam
3389 721 3455 775 ad
3484 736 3649 775 evan-

2062 808 2397 876 geliznndum
2444 811 2637 867 missos
2680 826 2820 876 esse,
2853 811 3111 867 lrenzcum
3136 827 3371 881 quoque,
3404 827 3434 865 a
3460 818 3648 865 sancto

2064 896 2343 953 Clemente
2364 914 2500 969 papa
2525 900 2834 970 episcopum
2864 902 3195 967 ordinatum,
3217 911 3273 958 et
3294 900 3648 971 Tropltimum

2062 990 2242 1058 prodit
2269 1007 2473 1045 rursum
2518 993 2811 1048 Romanum
2856 992 3019 1049 Gallis
3050 993 3349 1060 tradidisse,
3391 991 3651 1047 Irenaeum

2062 1093 2192 1134 vero
2240 1094 2454 1135 cursum
2500 1081 2838 1149 Asiaticum,
2890 1098 3120 1151 eamque
3175 1098 3419 1139 normam
3471 1083 3652 1138 divina

2062 1168 2370 1224 celebrandi
2400 1186 2521 1241 qua:
2549 1182 2740 1243 postea
2766 1175 2980 1243 liturgia
3000 1172 3276 1229 Gallicana
3303 1174 3445 1231 dicta
3469 1182 3569 1240 est,
3596 1173 3653 1229 in

2062 1254 2232 1311 Gallia
2264 1261 2503 1316 omnium
2529 1263 2759 1333 primum
2790 1263 2923 1337 [xu]
2953 1264 3269 1321 instituisse.

2136 1349 2259 1407 157.
2302 1353 2433 1408 Aliis
2454 1370 2670 1424 quoque
2713 1354 3018 1412 Occidentis
3061 1365 3117 1413 ct
3159 1357 3350 1413 Africae
3377 1354 3652 1424 Ecclesiis,

2062 1439 2190 1509 quid
2211 1441 2387 1498 simile
2407 1445 2703 1515 contigisse
2724 1461 2880 1514 reor;
2905 1464 3051 1514 nam,
3083 1457 3142 1503 ut
3169 1448 3534 1505 concedamus
3562 1463 3657 1503 eo-

2063 1544 2183 1584 rum
2240 1533 2517 1601 apostolos
2568 1534 2753 1590 Romae
2807 1538 3121 1593 missionem
3185 1548 3240 1594 et
3292 1537 3656 1594 sacerdotium

2064 1622 2386 1692 suscepisse,
2416 1623 2571 1680 fateri
2598 1635 2777 1683 tamen
2800 1627 3062 1686 debemus
3089 1630 3142 1685 in
3173 1630 3277 1685 illis
3305 1631 3439 1686 ritus
3467 1640 3522 1686 et
3550 1646 3658 1686 cze-

2064 1714 2338 1769 remonias
2361 1714 2636 1786 liturgicas
2672 1732 2703 1772 a
2735 1716 2991 1773 Romanis
3019 1718 3386 1790 discrepantes
3408 1720 3657 1776 inveniri.

1998 1785 2203 1873 Βρυω
2249 1824 2370 1864 eum
2415 1785 2641 1865 vetustte
2686 1809 2815 1878 sint,
2845 1818 2901 1867 et
2946 1825 3131 1865 earum
3175 1785 3327 1880 origo
3364 1811 3658 1882 ignoretur,

2072 1900 2209 1954 haud
2239 1909 2442 1958 temere
2479 1903 2547 1958 ad
2576 1900 2940 1961 Ecclesiarum
2989 1902 3299 1959 conditores
3334 1903 3660 1959 referuntur.

2070 1995 2162 2051 Sic
2194 1996 2605 2055 Mediolanensis
2632 1997 2872 2056 Ecclesia
2901 2013 3053 2055 suam
3080 1996 3265 2056 habuit
3294 1997 3581 2067 Iiturgiam,
3631 2014 3663 2053 a

2071 2084 2315 2142 Romana
2343 2088 2399 2142 in
2423 2088 2605 2144 multis
2629 2089 3051 2156 dissentientem,
3095 2106 3233 2163 quae,
3282 2086 3387 2145 etsi
3429 2086 3664 2144 Ambro-

2071 2175 2223 2232 siana
2247 2176 2645 2247 denominetur,
2676 2187 2857 2235 tamen
2883 2188 2968 2235 est
2993 2189 3182 2237 sancto
3212 2179 3496 2236 Ambrosio
3524 2175 3667 2234 auti~

2072 2268 2232 2339 quior
2261 2268 2359 2339 (ὁ).
2392 2267 2631 2326 Africani
2673 2285 2827 2325 suam
2873 2287 3094 2343 quoque
3145 2272 3436 2337 habebant,
3480 2272 3667 2342 inqua

2073 2366 2227 2412 erant
2256 2358 2661 2415 benedictiones
2696 2360 3036 2432 episcopales
3065 2363 3162 2433 (ο),
3190 2376 3384 2432 preces
3426 2360 3667 2415 diaconi-

2074 2461 2152 2502 ea:
2183 2447 2516 2519 (d),,aliique
2536 2450 2671 2505 ritus
2691 2465 2721 2505 a
2747 2450 3004 2506 Romanis
3028 2451 3247 2518 diversi,
3270 2466 3495 2520 quarunt
3527 2466 3667 2507 unus

2076 2546 2195 2593 erat
2221 2539 2482 2595 solemnis
2522 2540 2752 2596 formula
2781 2542 3085 2611 postulandi
3113 2542 3372 2613 Spiritum
3400 2552 3665 2609 sanctum,

2076 2627 2146 2680 ad
2196 2628 2604 2683 consecrandum
2649 2630 2967 2701 sacriﬁcium
3027 2631 3263 2702 corporis
3309 2642 3360 2686 et
3396 2633 3669 2703 sanguinis

2075 2716 2291 2772 Domini
2320 2718 2413 2789 (e).
2446 2716 2583 2773 Galli
2614 2733 2830 2789 quoque
2869 2735 3020 2775 suam
3049 2728 3107 2777 et
3134 2720 3355 2791 Hispani
3401 2736 3551 2776 suam
3599 2720 3668 2775 li-

2076 2807 2306 2876 turgiam
2337 2823 2367 2863 a
2393 2807 2635 2865 Rimana
2682 2810 3085 2867 dissentientem
3131 2812 3422 2878 habebant,
3478 2811 3671 2882 quibus

2078 2896 2299 2967 planum
2327 2906 2413 2952 est
2438 2898 2582 2953 viros
2602 2899 2953 2969 apostolicos,
2984 2899 3157 2955 Roma
3195 2900 3262 2955 ad
3301 2901 3674 2971 evangelizan-

2080 2987 2205 3041 dum
2228 2989 2443 3055 missos,
2474 2989 2609 3044 ritus
2636 2987 2914 3045 Romanos
2933 2989 3222 3059 aliquando
3246 3004 3356 3045 non
3386 2989 3673 3046 tradidisse

2080 3077 2338 3137 Ecclesiis
2359 3096 2390 3135 a
2418 3095 2480 3136 se
2528 3082 2581 3135 in
2621 3081 2928 3137 nationibus
2953 3082 3202 3138 fundatis.
3259 3081 3438 3148 Quare
3463 3081 3673 3138 etiamsi

2086 3180 2362 3230 constaret
2388 3173 2576 3245 (quod
2606 3173 2765 3244 plane
2810 3190 2918 3230 non
2972 3173 3223 3245 constat)
3251 3174 3516 3245 Hispanos
3562 3188 3673 3229 non

2088 3261 2226 3318 alios
2252 3262 2503 3318 habuisse
2528 3264 2653 3319 tidei
2683 3279 2959 3332 praecones
3002 3280 3165 3335 quam
3219 3280 3356 3336 quos
3396 3264 3673 3335 apostolus

2088 3354 2279 3411 Petrus
2302 3363 2395 3410 aut
2422 3355 2536 3424 ejus
2562 3371 2905 3412 successores
2927 3357 3321 3413 constituerunt
3339 3359 3673 3424 sacerdotes,

2090 3459 2200 3500 non
2229 3444 2353 3501 inde
2380 3446 2617 3514 legitime
2655 3445 3012 3504 deduceretur
3038 3462 3136 3503 eos
3163 3447 3232 3502 ab
3258 3447 3413 3502 initio
3439 3448 3674 3504 imbutos

2089 3535 2255 3592 fuisse
2283 3536 2495 3608 Iiturgia
2537 3545 2591 3593 et
2618 3538 2806 3594 ritibus
2849 3539 3126 3595 Romanis.
3180 3538 3469 3610 Opponunt
3493 3549 3675 3596 tamen

2088 3638 2335 3684 sanctum
2363 3627 2649 3695 lsidorum,
2680 3629 2770 3701 qui
2798 3630 2974 3686 misse
3020 3628 3387 3702 Hispaniensis
3432 3639 3676 3687 sanctum

2091 3720 2309 3777 Petrum
2345 3720 2587 3791 agnoscit
2614 3730 2916 3790 auctorem,
2946 3721 3089 3777 unde
3112 3722 3437 3780 concludunt
3461 3725 3677 3781 missam

2088 3810 2230 3868 hanc
2256 3828 2362 3867 non
2384 3812 2541 3866 aliam
2564 3811 2727 3868 fuisse
2753 3828 2913 3884 quam
2962 3812 3279 3869 Romanam.
3321 3813 3493 3882 Quam
3533 3815 3678 3870 enim

2089 3904 2251 3959 aliam
2276 3913 2492 3961 sanctus
2515 3904 2708 3960 Petrus
2735 3904 2987 3975 Hispanis
3013 3907 3267 3973 traderet,
3289 3922 3450 3977 quam
3474 3922 3592 3977 qua:
3612 3909 3682 3963 ab

2090 4011 2157 4052 eo
2188 3997 2444 4050 Romanis
2464 3995 2660 4051 tradita
2692 3995 2898 4052 fuerat?
2926 3997 3006 4053 Eu
3029 3999 3190 4054 verba
3225 4001 3398 4057 sancti
3422 3999 3684 4069 doctoris,

2092 4102 2125 4143 e
2155 4087 2297 4143 libro
2330 4088 2503 4167 primo
2531 4086 2599 4142 de
2622 4087 2826 4144 Olﬁciis
2853 4090 3248 4155 ecclesiasticis,
3272 4093 3446 4162 capite
3472 4093 3685 4150 decimo

2092 4179 2305 4249 quinto,
2322 4179 2408 4235 cui
2430 4179 2616 4235 titulus
2640 4178 2715 4234 De
2729 4182 2889 4235 missa
2916 4192 2963 4234 et
2994 4182 3335 4248 orationibus,
3359 4184 3635 4256 desumpta
3662 4205 3677 4240 :

2097 4276 2242 4334 Ordo
2264 4280 2438 4335 missa:
2466 4279 2541 4333 vel
2570 4280 2865 4335 orationum
2880 4279 3062 4350 quibus
3089 4280 3263 4335 oblata
3291 4280 3400 4337 Deo
3426 4283 3682 4353 sacrificia

2096 4378 2459 4424 consecrantur
2485 4372 2706 4439 primum
2734 4388 2768 4425 a
2792 4380 2972 4426 sancte
3000 4370 3160 4426 Petro
3187 4380 3262 4426 est
3288 4372 3567 4437 institutus,
3596 4388 3677 4426 cu-

2022 4482 2071 4543 ο
2089 4462 2180 4532 jus
2228 4460 2504 4518 celebratio
2530 4479 2634 4517 uno
2680 4462 2955 4530 eodemque
2987 4464 3140 4519 modo
3184 4465 3449 4519 universus
3484 4466 3693 4535 peragit

2096 4550 2254 4605 orbis.
2287 4550 2443 4606 Hunc
2479 4551 2660 4612 locum
2704 4551 2973 4613 tliilicilem
3016 4569 3136 4613 esse
3180 4570 3339 4610 nemo
3376 4570 3492 4612 .non
3518 4554 3682 4617 vidit;

2095 4658 2220 4696 nam
2242 4650 2458 4698 sanctus
2486 4642 2678 4707 doctor
2726 4643 2964 4713 loquitur
3000 4645 3068 4703 de
3119 4644 3295 4701 missa
3319 4643 3508 4700 ordine
3534 4644 3685 4712 cujus

2097 4734 2389 4790 celebratio
2415 4751 2520 4789 uno
2547 4735 2821 4808 eodemque
2848 4737 2999 4792 modo
3029 4736 3310 4791 universus
3352 4737 3560 4806 peragit
3598 4752 3687 4800 or:-

2097 4823 2181 4879 bis
2204 4839 2488 4894 :qutenam
2509 4834 2689 4881 autem
2721 4826 2837 4881 haec
2856 4826 3016 4881 fuerit
3044 4827 3275 4896 liturgia,
3289 4825 3535 4895 quisnam
3554 4825 3688 4880 ordo

2096 4916 2294 4983 missas,
2333 4914 2546 4972 difﬁcile
2596 4916 2747 4971 dictu
2781 4917 2906 4972 est?
2957 4915 3157 4987 Utique
3199 4925 3415 4974 sanctus
3452 4913 3691 4970 Isidorus

2098 5011 2302 5081 optime
2320 5019 2548 5071 noverat
2568 5010 2749 5083 plmes
2771 5021 2825 5067 et
2844 5011 2987 5073 inter
3007 5025 3068 5066 se
3108 5009 3427 5071 dissidentes
3447 5006 3692 5075 liturgias

2098 5118 2199 5158 suo
2227 5110 2470 5172 tempore
2492 5100 2780 5158 exstitisse.
2811 5100 3069 5169 Quaenam
3100 5098 3260 5168 igitur
3287 5112 3350 5152 ea
3380 5097 3541 5168 missa
3594 5095 3694 5149 fuit

2100 5202 2260 5261 quam
2288 5186 2581 5242 arbitratus
2630 5194 2714 5243 est
2767 5201 2959 5242 omnes
2986 5183 3249 5240 Ecclesias
3275 5198 3379 5236 uno
3415 5182 3693 5252 eodemque

2100 5345 2272 5403 sancti
2301 5344 2581 5413 Augustini
2609 5343 2768 5413 epist.
2795 5340 2918 5405 175,
2948 5340 3054 5413 Ed.
3079 5337 3305 5413 Μψιτίιι.

2170 5417 2252 5489 (d)
2284 5404 2535 5489 Tertull“
2566 5404 2856 5489 dAe'Animw
2882 5404 3089 5489 qua;
3114 5404 3537 5489 i‘demLApolog.‘
3567 5420 3686 5489 (ίῳ.

2101 5476 2193 5555 ὖυξ
2224 5476 2279 5541 et
2297 5476 2370 5540 ad
2413 5476 2870 5556 ὃοθρυιπῐηλςξειρ.
2987 5480 3215 5543 Sanctus
3254 5476 3440 5550 Cyph,
3472 5476 3551 5531 ad-
3587 5476 3691 5529 De-

2098 5551 2260 5617 metr.
2286 5574 2300 5620 ;
2333 5556 2495 5618 idem,
2520 5551 2685 5620 epist.
2716 5552 2782 5606 15
2812 5565 2865 5607 et
2896 5551 2986 5606 55.

2175 5610 2243 5697 (ei)
2276 5610 2509 5697 Sanctus
2544 5610 2991 5697 RutgentjusLad
3034 5618 3280 5686 Monim.,
3326 5617 3421 5675 lib.
3474 5630 3514 5685 ιε
3540 5628 3593 5672 c.
3621 5610 3690 5681 Ως

2103 5692 2195 5759 ub;
2226 5692 2285 5765 ιι,
2316 5710 2437 5765 cap.
2472 5692 2524 5762 θ,
2557 5692 2690 5763 3,9,
2726 5692 2813 5763 to,
2849 5692 2934 5748 te.
