4058 6178
405 359 462 410 i’t
1853 351 2249 410 PIUEFATIO.
3602 353 3669 412 52

396 478 547 525 modo
570 469 881 525 celebrare?
903 467 1026 524 Ilaec
1048 482 1148 522 nec
1166 466 1324 522 missa
1348 460 1604 536 Hispana,
1628 478 1801 532 neque
1823 463 1980 518 missa
2012 465 2058 523 A
2087 478 2227 533 quae,
2255 472 2505 534 tanquam
2546 470 2740 535 puncta
2771 464 3013 536 quasdam
3055 464 3157 520 lixa
3186 474 3237 520 ct
3270 474 3436 532 certa,
3470 467 3520 523 in
3548 485 3667 525 om-

399 560 639 615 Romana
688 559 806 613 fuit.
861 561 973 613 Non
1016 558 1158 611 enim
1215 556 1493 625 ignorabat
1539 563 1792 625 quantum
1822 553 1979 609 missa

398 664 519 716 qua:
546 664 644 702 suo
674 656 916 717 tempore
959 647 1011 701 in
1056 644 1309 716 Hispania
1350 646 1725 700 celebrabatur
1770 643 1980 697 diversa

396 746 512 791 trat
538 753 567 791 a
600 737 862 801 Romana,
893 747 948 791 et
973 745 1233 808 quantum
1282 734 1327 788 R
1356 750 1521 787 mana
1552 733 1761 788 diversa
1789 742 1904 788 eral
1950 746 1981 786 a

398 824 693 889 Gallicana,
730 826 798 879 ab
825 824 1181 894 Hispaniensi,
1228 832 1284 878 et
1312 823 1378 877 ab
1402 821 1752 876 Orientalium
1784 820 1975 876 missis.

396 917 464 970 At
479 917 521 970 si
540 924 753 972 sanctus
776 915 1025 978 Isidorus,
1046 915 1148 973 hoc
1170 913 1311 979 ineo;
1334 928 1431 967 nec
1455 910 1608 985 [XLII]
1631 912 1695 967 de
1723 911 1977 981 Hispana,

395 1025 571 1079 neque
598 1011 663 1064 de
694 1010 933 1064 Romana
980 1008 1139 1062 missa
1184 1007 1437 1076 loquatur
1463 1046 1477 1069 ,
1534 1005 1726 1059 exin'e
1767 1003 1980 1073 probari

394 1101 581 1171 nequit
608 1100 872 1169 liturgiam
901 1100 1206 1169 primaevam
1234 1097 1341 1169 llis"
1364 1114 1520 1153 anatn
1552 1095 1796 1152 eamdem
1822 1095 1981 1152 fuisse

394 1201 556 1260 atque
588 1189 906 1247 Romanam.

468 1300 593 1356 158.
632 1300 750 1356 Em.
794 1300 940 1357 Bona
975 1303 1053 1372 (α)
1083 1303 1334 1372 opinatur
1361 1310 1605 1357 sattctum
1634 1300 1891 1357 lsidorum
1919 1302 1982 1356 de

395 1410 453 1449 re
479 1402 533 1449 et
561 1395 847 1453 substantia
875 1397 1048 1451 mis-.1:
1076 1395 1315 1450 loculum
1337 1409 1475 1457 esse,
1501 1410 1602 1448 non
1625 1394 1688 1447 de
1715 1393 1980 1448 verborum

396 1494 573 1539 tenore
620 1494 670 1542 et
710 1485 1047 1543 ceremoniis.
1082 1485 1168 1548 At,
1200 1499 1318 1539 cum
1348 1484 1414 1538 de
1442 1483 1773 1552 liturgiarum
1803 1482 1981 1538 varie-

395 1584 508 1631 tate
532 1576 727 1646 agitur,
752 1592 857 1632 non
887 1577 954 1631 de
976 1578 1087 1646 ipsa
1113 1590 1171 1630 re
1191 1587 1245 1630 et
1279 1576 1576 1630 substantia
1604 1573 1798 1642 m'tssze,
1819 1589 1980 1644 quam

394 1666 641 1721 eamdem
673 1666 869 1735 ubique
896 1681 1013 1721 esse
1034 1680 1222 1720 omnes
1254 1672 1470 1724 norunt,
1499 1662 1593 1718 sed
1618 1662 1686 1716 de
1712 1662 1901 1718 ritibus
1926 1667 1981 1716 et

393 1756 730 1810 caeremoniis
749 1770 925 1812 sermo
949 1764 1051 1822 est,
1085 1755 1151 1810 de
1188 1754 1381 1824 quibus
1420 1752 1463 1806 si
1504 1759 1722 1807 sanctus
1751 1750 1982 1807 Isidorus

2087 553 2242 607 nibus
2273 554 2511 609 omnium
2554 556 2791 625 gentium
2833 556 3058 625 liturgiis
3086 556 3264 610 locum
3304 557 3522 627 habent,
3563 561 3670 620 diei

2088 642 2321 699 debeant
2347 645 2531 700 modus
2560 648 2843 701 communis
2884 655 2940 701 et
2991 646 3117 701 ordo
3144 648 3359 716 quidam
3407 652 3671 717 generalis

2088 732 2269 803 ubique
2297 735 2569 805 uniformis
2595 733 2903 789 celebrandi
2947 733 3354 810 Eucharistiatn,
3385 739 3528 806 quod
3558 738 3670 794 for-

2091 831 2231 877 tasse
2257 838 2365 877 non
2406 824 2633 879 deerunt
2673 824 2763 897 qui
2813 827 3103 893 negabunt.
3136 826 3260 891 Sed,
3308 828 3539 884 admisso
3568 831 3672 885 hoc

2088 911 2339 983 loquendi
2391 916 2585 984 modo,
2639 916 2761 970 inde
2808 916 3051 986 sequitur
3093 927 3336 973 sanctum
3386 919 3670 988 Isidorum,

2087 1007 2302 1075 quando
2324 1009 2540 1079 scripsit
2569 1009 2739 1064 missa!
2767 1010 3021 1074 ordinem,
3063 1025 3092 1063 a
3121 1020 3307 1066 sancto
3335 1010 3494 1066 Petro
3520 1014 3672 1068 insti-

2088 1101 2259 1149 tutum
2302 1094 2486 1165 fuisse,
2535 1112 2633 1151 nec
2661 1097 2727 1152 de
2756 1096 3000 1152 Romano
3026 1114 3198 1168 neque
3226 1098 3293 1154 de
3320 1099 3554 1169 Ilispano
3583 1118 3673 1157 oro

2087 1184 2212 1239 dine
2256 1187 2661 1256 intelligendum
2705 1202 2860 1255 esse,
2910 1188 3003 1242 sed
3049 1188 3120 1243 de
3164 1188 3341 1243 missa:
3390 1190 3672 1259 ptmcipuis

2086 1276 2345 1351 partibus,
2379 1291 2518 1347 qua),
2563 1293 2592 1330 a
2640 1278 2817 1332 divina
2861 1286 2916 1332 et
2951 1279 3018 1332 ab
3060 1287 3228 1348 apost.
3255 1279 3354 1333 lica
3387 1280 3672 1336 traditione

2087 1370 2359 1439 profectu,
2408 1372 2460 1425 in
2491 1372 2739 1428 omnibus
2769 1382 2874 1426 tam
2918 1371 3149 1427 Orientis
3178 1373 3291 1445 [xu
3314 1371 3351 1443 ι]
3381 1389 3540 1442 quam
3568 1374 3667 1430 Oc-

2086 1460 2314 1516 cidentis
2339 1461 2585 1530 liturgiis,
2611 1462 2811 1517 eaedem
2841 1471 3143 1516 recurrunt.
3174 1462 3244 1515 At
3266 1463 3418 1517 nobis
3444 1479 3545 1531 qua
3565 1463 3669 1518 stio

2086 1559 2169 1606 est
2195 1550 2261 1607 de
2286 1551 2350 1607 iis
2377 1552 2573 1622 quibus
2593 1549 2828 1622 Hispana
2851 1551 3478 1622 liturgiadiscritninatur
3505 1568 3535 1606 a
3562 1551 3671 1607 Ro-

2086 1656 2267 1711 mana,
2294 1658 2402 1697 non
2430 1659 2558 1699 vero
2578 1641 2646 1699 de
2676 1642 2739 1698 iis
2770 1642 2820 1697 in
2850 1642 3041 1714 quibus
3069 1657 3257 1698 omnes
3283 1642 3507 1713 liturgiae
3534 1658 3666 1699 con-

2086 1733 2329 1790 veniunt.

395 1861 505 1903 non
528 1848 797 1918 loquatur,
821 1847 969 1902 locus
994 1847 1184 1906 citatus
1224 1844 1292 1901 ad
1318 1861 1427 1900 rem
1459 1852 1776 1915 prznsentem
1804 1843 1979 1899 omni-
2015 1817 2058 1877 Β
2158 1845 2278 1900 I61.
2311 1844 2419 1902 Sed
2445 1847 2820 1914 concedamus,
2853 1846 3001 1918 quod
3043 1848 3128 1903 vix
3159 1849 3341 1917 negari
3369 1858 3538 1919 potest
3564 1849 3663 1921 (f),

394 1954 467 1994 no
496 1954 604 1994 non
633 1938 884 2010 pertinet.

465 2050 588 2107 159.
630 2049 1029 2107 Eruditissimns
1058 2049 1393 2105 Mabiilonius
1441 2048 1540 2118 (ὁ),
1571 2063 1690 2103 cum
1723 2048 1866 2102 hunc
1893 2045 1978 2102 lo-

395 2162 517 2201 cum
564 2160 629 2201 ex
664 2144 881 2200 Etherio
929 2152 983 2200 et
1019 2144 1186 2199 Beato
1218 2145 1313 2214 (ε),
1344 2140 1635 2207 retulisset,
1673 2154 1795 2195 eum
1825 2145 1981 2209 putat

395 2236 799 2305 intelligendum
839 2250 960 2291 esse
1005 2236 1071 2290 de
1105 2234 1317 2301 liturgia
1362 2231 1614 2291 Ecclesize
1642 2229 1978 2296 universalis,

392 2325 692 2382 secundam
721 2340 815 2382 eas
834 2334 1015 2396 partes
1038 2332 1258 2393 accepta
1289 2337 1409 2391 qua:
1438 2322 1489 2376 in
1535 2320 1783 2376 omnibus
1804 2318 1980 2374 missis

392 2416 754 2483 inveniuntur,
785 2416 973 2485 quales
1018 2424 1144 2470 sunt
1193 2413 1593 2483 Scripturarum
1635 2410 1816 2473 lectio,
1868 2408 1981 2464 ele-

393 2514 699 2567 mentorum
726 2505 927 2562 oblatio
947 2513 1005 2561 et
1032 2504 1393 2568 consecratio,
1434 2502 1764 2567 communio,
1788 2509 1843 2556 et
1863 2501 1980 2555 alim

391 2598 635 2667 quasdam
664 2605 866 2668 partes,
896 2610 1018 2667 qua:
1056 2599 1108 2651 in
1155 2594 1403 2651 omnibus
1450 2591 1689 2649 omnium
1741 2591 1979 2660 gentium

390 2688 623 2757 Iiturgiis
652 2687 1013 2742 inveniuntur.
1050 2685 1206 2741 Ponit
1234 2684 1313 2754 (ά)
1344 2684 1485 2739 enim
1510 2683 1602 2737 vir
1616 2681 1857 2736 eruditus
1877 2679 1978 2736 Ec-

389 2780 587 2837 clesias
613 2788 720 2834 tam
748 2777 981 2834 Orientis
1023 2793 1184 2849 quam
1217 2776 1521 2833 Occidentis
1565 2776 1621 2830 in
1672 2773 1978 2830 celebrando

390 2880 726 2926 sacrosancto
749 2872 923 2925 missa’
946 2870 1203 2940 sacriﬁcio
1231 2869 1437 2923 modum
1459 2868 1730 2939 quemdam
1758 2868 1809 2921 in
1840 2882 1979 2919 sum-

390 2979 477 3019 mo
506 2978 827 3018 communem
849 2961 912 3015 ab
941 2962 1090 3015 iniio.
1119 2959 1356 3013 habuisse
1382 2958 1453 3027 (ε)
1481 2975 1497 3025 ;
1524 2965 1577 3012 tt
1602 2953 1765 3013 simul
1791 2953 1977 3012 Eccle-

390 3055 503 3109 sias
524 3054 761 3123 singulas
804 3054 935 3108 ritus
977 3054 1177 3122 aliquos
1227 3051 1516 3123 singulanes
1563 3059 1612 3104 et
1641 3050 1866 3105 diversos
1909 3047 1977 3105 ab

2078 1946 2322 1992 sanctum
2346 1936 2607 1993 Isidorutn
2635 1939 2871 1994 locutunt
2918 1954 3037 1994 esse
3065 1940 3132 1995 de
3162 1941 3324 1994 missa
3364 1956 3546 2011 quam,
3568 1956 3666 1996 suo

2080 2034 2344 2096 tempere,
2371 2027 2424 2082 itt
2450 2025 2703 2098 Hispania
2734 2028 3031 2096 celebrant,
3056 2029 3210 2098 cujts
3235 2031 3463 2099 primum
3492 2038 3667 2085 aucto-

2080 2126 2254 2175 torem
2281 2128 2530 2174 sanctum
2580 2118 2798 2174 Petrum
2847 2123 3108 2188 agnoscit.
3159 2119 3292 2174 Num
3325 2120 3447 2174 inde
3475 2120 3666 2175 conlici

2080 2220 2305 2285 possunt
2333 2211 2601 2282 liturgiam
2641 2227 2801 2283 quam
2855 2228 2884 2265 a
2911 2222 3099 2268 saneto
3130 2210 3290 2266 Petro
3324 2212 3539 2279 lliSpani
3578 2228 3666 2267 ac-

2080 2314 2341 2377 ceperunt
2363 2305 2661 2361 Romanam
2688 2305 2997 2359 exstitisse?
3039 2303 3182 2359 haud
3223 2315 3371 2373 poto.
3403 2302 3586 2372 Neque
3615 2302 3665 2357 id

2080 2395 2134 2452 in
2177 2406 2413 2452 mentem
2457 2397 2667 2452 doctori
2714 2396 2982 2467 Hispania:
3021 2397 3201 2450 venire
3247 2395 3457 2465 potuit,
3505 2409 3663 2462 quem

2080 2503 2189 2542 nou
2239 2487 2442 2542 latebat
2494 2496 2755 2557 quantum
2805 2502 2835 2541 a
2885 2486 3126 2541 Romana
3176 2485 3408 2540 distabat
3454 2482 3664 2553 liturgia

2079 2574 2469 2647 Hispaniensis.

2152 2688 2274 2742 I62.
2316 2687 2454 2753 Quid
2494 2702 2622 2756 ergo
2658 2703 2726 2743 ex
2762 2688 2868 2744 hoc
2905 2688 3077 2744 sancti
3124 2685 3311 2743 Isidori
3352 2686 3663 2742 testimonio

2080 2777 2275 2835 conﬁci
2316 2779 2532 2849 potest?
2564 2779 2678 2833 Duo
2713 2779 2849 2845 hzec,
2880 2780 2933 2833 ni
2969 2779 3147 2846 fallor,
3178 2776 3473 2833 dummodo
3513 2777 3660 2833 locus

2080 2871 2289 2940 integer
2329 2871 2421 2937 sit,
2450 2885 2550 2927 nec
2583 2871 2956 2941 interpolatus.
3002 2870 3258 2933 Primum,
3291 2877 3532 2926 sanctum
3562 2868 3660 2923 lsi-

2078 2961 2271 3018 dorum
2299 2963 2578 3033 opinatum
2604 2978 2723 3018 esse
2745 2962 3108 3033 apostolorum
3136 2964 3428 3033 principem
3458 2962 3510 3016 in
3534 2960 3658 3016 llis-

2079 3055 2239 3127 pania
2281 3054 2602 3125 przedicasse
2641 3051 3008 3124 Evangelium,
3057 3062 3109 3108 et
3152 3051 3417 3109 Ecclesias
3458 3052 3659 3108 consti—

389 3143 546 3199 initio
565 3145 726 3199 etiam
766 3143 1033 3198 habuisse.
1059 3142 1357 3211 Sublitque
1382 3157 1477 3197 eos
1496 3142 1583 3213 qui
1609 3141 1678 3195 ad
1717 3142 1845 3200 ritus
1868 3141 1976 3195 sin-
2003 3158 2050 3222 ο
2082 3146 2267 3212 tuisse,
2298 3144 2484 3215 eisque
2519 3159 2642 3200 eum
2691 3144 2916 3213 liturgia:
2963 3144 3207 3200 ordinem
3258 3144 3538 3199 tradidisse
3563 3143 3657 3213 qui

389 3237 525 3306 gulis
554 3232 802 3289 Ecclesiis
850 3250 938 3287 seu
989 3232 1280 3302 regionibus
1331 3233 1568 3300 proprios
1612 3230 1976 3298 attenderunt,

388 3326 608 3380 multum
659 3325 971 3379 discriminis
1024 3324 1079 3377 in
1129 3324 1291 3377 sacris
1322 3322 1512 3393 ofﬁciis
1555 3322 1845 3391 agnovisse,
1874 3336 1977 3375 non

389 3425 590 3470 tantum
618 3415 751 3469 inter
782 3412 1096 3468 Orientalem
1140 3422 1188 3465 et
1220 3409 1601 3465 Occidentalem
1645 3409 1939 3465 Ecclesiatn
1960 3451 1976 3478 ,

387 3506 479 3560 sed
508 3507 662 3558 etiam
688 3505 823 3559 inter
849 3502 1066 3556 Latinas
1112 3502 1325 3554 invicem
1372 3499 1650 3554 Ecclesias.
1696 3497 1801 3555 Eos
1848 3515 1977 3554 vero

390 3594 482 3664 qui
511 3594 855 3649 attenderunt
876 3591 940 3646 ad
972 3590 1186 3645 modum
1228 3589 1374 3645 illum
1413 3604 1774 3655 communem,
1806 3590 1979 3645 missa:

390 3686 624 3743 ordinem
671 3684 854 3754 ubique
909 3683 1217 3752 uniformem
1266 3697 1376 3736 esse
1422 3681 1639 3736 dixisse.
1696 3680 1754 3735 ltt
1785 3681 1975 3735 ltorum

393 3790 524 3831 vero
550 3789 775 3829 numero
804 3789 911 3827 una
939 3788 1061 3827 cum
1104 3780 1294 3826 sancto
1322 3770 1527 3827 Isidoro
1568 3772 1782 3842 reponit
1810 3771 1975 3827 Ethe-

392 3865 530 3918 rium
553 3871 609 3917 et
647 3862 899 3929 Beatum,
926 3862 1039 3930 qui,
1074 3861 1201 3931 ipsis
1231 3861 1401 3916 sancti
1440 3860 1625 3916 Isidori
1667 3862 1844 3917 verbis
1871 3862 1972 3928 usi,

390 3969 635 4010 asserere
659 3969 763 4008 non
790 3953 1102 4008 dubitarunt
1152 3952 1329 4007 missa}
1369 3952 1610 4008 ordinem
1635 3970 1737 4007 uno
1767 3954 1975 4008 eodem-

388 4060 487 4113 que
510 4044 659 4100 modo
700 4045 884 4099 orbem
914 4045 1223 4102 universum
1267 4058 1545 4113 peragere.
1594 4041 1717 4098 Non
1760 4044 1975 4114 ignora-

392 4141 537 4201 bant,
568 4134 761 4204 inquit,
800 4135 989 4189 eruditi
1016 4135 1095 4191 illi
1125 4142 1360 4189 auctores
1389 4134 1790 4204 discrepantiam
1828 4138 1977 4190 litur-

387 4227 491 4295 gia:
520 4224 821 4295 Hispanico:
846 4243 880 4280 a
907 4225 1172 4292 Romana,
1192 4225 1284 4278 sed
1313 4226 1385 4278 ita
1410 4223 1769 4295 loquebantur,
1801 4226 1977 4281 habita

385 4318 590 4373 ratione
618 4318 755 4374 modi
782 4317 921 4371 illius
949 4317 1202 4386 generalis
1232 4315 1524 4385 uniformis.

460 4426 583 4481 180.
624 4426 743 4482 Non
793 4425 881 4480 hic
927 4425 1139 4495 inquiro
1184 4438 1252 4479 an
1302 4432 1485 4494 partes
1531 4425 1637 4480 illa:
1671 4426 1972 4498 praecipua),

459 4580 535 4649 (ο)
562 4578 757 4634 Rerum
782 4575 1289 4649 liturgicarum,lib.
1315 4591 1352 4640 ι,
1379 4590 1496 4649 cap.
1523 4574 1574 4630 5.

459 4591 535 4649 (ο)
563 4591 757 4634 lterum
782 4591 1170 4644 titurgtcarum,
1198 4591 1289 4630 tto.
1315 4591 1352 4640 t,
1379 4591 1437 4630 ca
1484 4616 1496 4629 .
1523 4591 1574 4630 ο.

457 4650 529 4718 (b)
565 4649 637 4704 De
661 4646 1112 4718 LiturgLG-allicq
1143 4647 1233 4718 lib.
1282 4660 1319 4711 ι,
1345 4591 1476 4713 αἱ
1514 4662 1567 4701 n.
1602 4645 1656 4701 2.

457 4716 528 4793 (ε)
562 4716 1122 4793 AdversusEljpandq

456 4785 536 4860 (tl)
563 4790 786 4854 MabilL,
816 4788 883 4842 de
908 4785 1112 4858 Liturg.
1137 4786 1349 4853 Gallic.,
1382 4787 1475 4842 lib.
1507 4803 1546 4852 ι,
1574 4802 1697 4857 cap.
1745 4787 1797 4853 2,
1844 4805 1901 4843 η.
1942 4788 1967 4841 1

385 4874 441 4916 ct
467 4863 523 4914 2.

459 4932 530 5002 (e)
562 4927 824 5002 Eusebius
855 4925 1240 5002 Renaudetius,
1271 4929 1374 5002 _in_
1408 4927 1969 5002 dissertationenpnc-

386 4994 545 5055 missa
570 5009 715 5055 tomo
738 4997 911 5067 primo
929 5012 1039 5052 sua:
1061 4994 1407 5052 Collectionis
1433 4999 1762 5064 liturgiarum
1786 4994 1970 5052 Orien-

383 5071 593 5141 tdium,
649 5066 789 5141 cap;
827 5066 882 5141 ὅ,
930 5074 1159 5141 conatur
1180 5068 1474 5141 ostendere
1503 5078 1691 5141 ueteres
1729 5068 1970 5137 liturgias

384 5134 594 5195 ercas
648 5134 1042 5192 et'Orientalcs
1076 5134 1275 5209 Latinis
1323 5138 1611 5209 convenire,
1640 5145 1689 5190 et
1728 5134 1969 5209 utrasque

382 5211 677 5279 apostolica:
704 5209 1066 5279 mysteriorum
1088 5207 1512 5262 celebrandarum
1538 5209 1721 5276 fornice
1743 5211 1796 5261 in
1826 5207 1965 5279 pra:-

382 5278 547 5347 [ἔρυξε
569 5278 816 5347 capitibus
847 5278 1171 5347 respondere.

456 5344 546 5417 (fi
571 5344 824 5417 Sanctum
869 5344 1153 5414 Isidorum,
1184 5348 1236 5401 in
1282 5355 1397 5402 toto
1442 5346 1546 5402 hoc
1576 5348 1770 5417 capite,
1805 5359 1965 5414 agere

383 5416 451 5473 de
480 5414 638 5467 inissa
664 5414 916 5483 Hispana,
942 5433 1046 5471 non
1067 5432 1410 5485 quacunque,
1436 5417 1528 5471 sed
1553 5418 1617 5470 de
1641 5414 1702 5470 ea
1724 5432 1843 5485 qua:
1864 5432 1964 5472 suo

387 5495 629 5562 tempore
679 5486 937 5562 celebrari
989 5487 1232 5562 solebat,
1287 5503 1364 5562 ex_
1407 5495 1677 5562 contextt_t_
1716 5496 1960 5562 apparet.

383 5554 425 5626 bl
447 5570 515 5606 ,ιιι
541 5567 665 5626 cum
695 5551 917 5626 dixisset
945 5557 1119 5609 missa:
1148 5566 1201 5610 et
1230 5558 1531 5611 orationum
1563 5551 1827 5626 0'dinejn,
1851 5558 1965 5626 qui-

383 5625 473 5677 bus
500 5624 673 5677 oblata
698 5620 804 5677 Deo
831 5640 1039 5678 munem
1060 5638 1445 5691 consecrantur,
1471 5642 1581 5679 san'
1604 5636 1711 5679 tum
1744 5620 1962 5680 Petrum

379 5694 701 5760 instituisse,
731 5693 910 5746 subdit
934 5692 1153 5763 :‘Prima
1183 5698 1476 5748 earumdem
1505 5697 1733 5763 (scilicet
1762 5696 1964 5750 oratio-

383 5779 510 5823 uttut
540 5763 735 5838 quibus
756 5764 932 5821 oblata
954 5761 1066 5819 Deo
1089 5779 1310 5820 munera
1332 5761 1739 5838 consuerantur)
1771 5768 1961 5837 oratio,

2003 4511 2051 4571 Ι)

2077 3236 2575 3301 Gotho-HiStanus,
2607 3246 2661 3292 et
2695 3235 2889 3291 deinde
2927 3235 3292 3291 Mozarabicus
3332 3236 3503 3290 dictus
3552 3243 3656 3291 est.

2079 3329 2338 3393 Alterum,
2362 3327 2506 3398 quod
2534 3343 2601 3382 ex
2630 3325 2804 3397 primo
2829 3326 3195 3395 consequitur,
3216 3334 3459 3381 sanctum
3489 3324 3657 3379 Isido-

2077 3434 2195 3472 rum
2238 3418 2513 3488 Opinatum
2554 3432 2673 3472 esse
2713 3417 2986 3486 apostolos
3026 3417 3116 3471 ttni
3158 3415 3439 3486 eidemque
3474 3415 3659 3470 formai

2078 3509 2337 3577 liturgiczc
2383 3515 2696 3563 constanter
2745 3522 2852 3560 non
2899 3505 3205 3572 adhaesisse,
3258 3504 3351 3558 sed
3396 3503 3660 3575 (demptis

2077 3599 2390 3669 quibusdam
2416 3615 2539 3669 pune
2560 3598 2625 3653 tis
2645 3612 2763 3668 qum
2786 3597 2836 3651 in
2860 3596 3003 3651 omni
3027 3594 3258 3663 liturgia,
3279 3610 3403 3649 cum
3425 3593 3657 3662 quadam

2081 3700 2257 3745 tamen
2286 3689 2565 3757 varietate,
2597 3686 3000 3756 inveniuntur),
3029 3700 3126 3755 pro
3153 3693 3475 3754 temporum,
3507 3682 3657 3736 loco-

2076 3799 2195 3837 rum
2225 3789 2281 3837 et
2307 3782 2566 3849 gentium,
2600 3780 2666 3834 ad
2694 3780 2851 3833 liJem
2877 3778 3224 3843 venientium,
3252 3777 3397 3831 varia
3422 3776 3653 3843 ratione,

2078 3872 2237 3926 modo
2269 3886 2427 3925 unam
2468 3869 2693 3925 formam
2733 3868 3037 3923 et-lebrandi
3077 3868 3274 3933 divina,
3307 3867 3466 3922 modo
3494 3868 3654 3920 aliam

2080 3961 2340 4028 tenuisse,
2389 3969 2443 4014 et
2484 3950 2736 4014 Ecclesiis
2778 3958 3058 4013 tradidisse
3097 3958 3194 4029 (g),
3228 3966 3392 4026 atque
3432 3954 3654 4025 proinde

2078 4052 2296 4107 Petrum
2347 4052 2506 4105 aliam
2558 4049 2850 4114 Romanos,
2882 4048 3061 4112 aliain,
3091 4062 3319 4115 eamque
3366 4046 3653 4107 diversam,

2077 4144 2348 4213 liturgiam
2378 4141 2643 4208 Hispanos
2672 4137 2935 4192 docuisse.
2969 4137 3074 4191 Sed
3095 4136 3350 4207 quidquid
3380 4138 3450 4190 sit
3469 4137 3535 4191 de
3558 4137 3655 4192 hac

2077 4234 2409 4302 conjectura,
2434 4231 2537 4285 hoc
2560 4237 2706 4283 textu
2728 4228 2899 4281 sancti
2927 4226 3113 4281 Isidori
3137 4242 3201 4281 ea
3223 4226 3406 4294 Opinio
3435 4226 3654 4279 minime

2078 4321 2385 4378 Conlirtttari
2433 4325 2637 4388 potest,
2686 4331 2804 4387 quas
2851 4324 2994 4370 tenet
3053 4314 3317 4384 Hispanos
3374 4330 3493 4370 cuin
3553 4316 3655 4369 lide

2076 4414 2277 4470 Christi
2304 4412 2572 4481 liturgiam
2604 4409 2993 4464 Romanamab
3025 4407 3178 4463 initio
3208 4409 3528 4476 suscepisse.

2074 4587 2440 4645 admonitionis
2457 4595 2530 4650 est
2544 4602 2665 4656 erga
2683 4583 2861 4638 Deum.
2889 4583 3128 4656 Secunda
3140 4582 3475 4656 insecutionis
3488 4582 3653 4656 adest,

2072 4670 2204 4725 ctc.,
2233 4668 2289 4714 et
2316 4667 2539 4713 eteteras
2566 4651 2856 4715 orationes,
2904 4655 3095 4722 quibus
3135 4651 3654 4725 missahGntlto-llis-

2071 4722 2208 4799 pana
2258 4728 2528 4797 prmcipue
2576 4732 2807 4786 constat,
2858 4730 2911 4777 et
2953 4738 2984 4776 a
3032 4723 3241 4799 cmteris
3288 4722 3651 4799 distinguitur,

2070 4792 2375 4863 singillatim
2404 4792 2704 4856 enumerat,
2739 4807 2936 4859 easque
2965 4792 3235 4863 concludit
3276 4792 3575 4863 ᾼμοδιοιὶεα
3603 4800 3653 4863 et

2074 4859 2386 4938 Evangelica
2435 4866 2671 4938 doctrina
2715 4859 3220 4938 cotntngndari.___Ut
3276 4859 3521 4938 dubitate
3566 4862 3653 4915 vi:

2070 4929 2347 5007 possimus,
2384 4936 2509 5003 quin
2562 4936 2628 5007 de
2675 4929 3334 5007 missa_Gotho:_lli.~p:ttta
3383 4930 3652 5007 loquatur,

2068 5001 2229 5075 quam
2270 5006 2380 5061 suis
2407 5001 2649 5074 propriis
2690 5002 2896 5056 indiciis
2936 5002 3003 5054 ab
3044 5001 3146 5054 alia
3186 5015 3504 5070 quacunque
3541 5002 3652 5056 dis-

2072 5078 2286 5131 tinauit.

2140 5090 2542 5213 igligiipostolus
2570 5142 2784 5213 Petrus_
2802 5140 2858 5213 in
2890 5138 3194 5213 Palaestina,
3241 5135 3564 5213 Antiochiae,
3602 5146 3656 5213 et

2066 5216 2119 5270 in
2148 5208 2325 5284 syna‘.
2357 5214 2409 5267 in
2443 5214 2632 5284 Ponto.
2665 5211 2715 5284 in
2746 5209 2975 5284 Galatia,
3010 5210 3213 5284 ltomte,
3246 5210 3295 5284 in
3328 5208 3483 5284 lt_alia_
3518 5212 3573 5284 et
3603 5208 3655 5255 in

2066 5273 2529 5354 aliis'Orientis‘et
2557 5279 2861 5354 Occidentis
2895 5273 3210 5354 provinciis,
3257 5273 3653 5354 Eucharistiam

2065 5371 2172 5409 non
2196 5354 2361 5409 semel
2384 5351 2693 5408 celebravit.
2719 5348 2855 5403 Num
2878 5343 3068 5405 eodem
3094 5350 3292 5418 ubique
3315 5346 3459 5412 ritu?
3480 5343 3535 5400 Si
3559 5356 3648 5418 an:

2066 5426 2185 5479 nuis
2202 5466 2217 5489 ,
2242 5438 2423 5492 quer
2447 5420 2859 5492 nttnt_llnmano,
2886 5435 3009 5492 num
3035 5410 3566 5492 l-ﬁerosolytnitano?
3594 5410 3652 5492 _Si

2067 5480 2333 5559 Romano,
2363 5508 2460 5547 cur
2492 5493 2542 5546 in
2571 5489 2790 5560 Oriente
2818 5487 3037 5560 liturgia
3060 5480 3525 5560 ROIttan:i_nullibi
3558 5480 3652 5560 ob-

2066 5565 2257 5617 tinuit?
2286 5557 2342 5617 S'i
2374 5559 3005 5631 lliorosolytnitatto,_cur
3027 5558 3113 5631 hic
3139 5559 3270 5631 ritus
3302 5557 3484 5610 Roma:
3505 5560 3566 5631 et
3584 5557 3649 5631 in

2064 5631 2357 5688 Occidente
2402 5622 2668 5685 admissus
2714 5643 2819 5701 non
2873 5625 3145 5701 fuit?_Est
3190 5628 3359 5701 igitur
3394 5622 3652 5701 credibile

2063 5714 2307 5757 sanvtunt
2340 5702 2554 5755 Petrum
2597 5709 2651 5754 et
2679 5700 2811 5752 alios
2842 5697 3118 5766 apostolos
3160 5691 3246 5752 utii
3277 5695 3557 5764 eidemque
3588 5691 3651 5746 li-

2067 5774 2252 5843 turgize
2282 5779 2597 5842 constanter
2625 5786 2733 5825 non
2766 5768 3075 5823 adhzcsissc.
