4058 6178
402 227 474 282 :53
1845 212 2231 268 rtt.-£F.\'no.
3616 197 3688 262 εἴ,

478 341 597 397 165.
631 340 739 396 Sed
771 355 943 410 neque
972 339 1196 409 epistola
1224 337 1394 395 sancti
1424 334 1793 406 GregoriiVH,
1817 349 1991 404 neque
2018 336 2065 393 Α
2095 330 2297 386 Officiis
2350 324 2736 384 Ecclesiasticis
2792 321 3109 393 persuadet,
3161 318 3408 387 idemque
3447 318 3526 410 de
3552 323 3689 410 pejus

410 442 817 487 monumentum
847 430 1190 485 Scorialense
1216 429 1389 483 eidem
1420 427 1698 482 sententia:
1728 427 1895 495 magis
1921 427 1998 480 fa—

411 530 518 576 vet.
555 518 611 575 In
642 520 790 588 regia
823 520 1147 574 Scorialensi
1176 519 1502 573 bibliotheca
1533 526 1885 573 conservatur
1912 518 1998 571 in-

411 612 576 683 signis
595 612 996 681 manuscriptus
1018 610 1201 665 Codex
1225 611 1596 675 conciliorum,
1621 624 1651 663 e
1674 610 2003 664 monasterio

350 693 375 709 ⁸
409 703 578 758 sancti
609 701 907 764 .lEmiliani,
940 700 1085 764 illuc,
1119 715 1263 755 anno
1311 699 1470 761 i598.
1515 700 1740 754 delatus.
1792 699 1847 752 In
1899 700 2003 754 hoc

412 793 612 848 Codice
634 793 829 859 legitur
850 790 1061 845 celebre
1083 789 1209 844 il-lul
1235 798 1640 844 monumentum
1663 789 1728 843 ad
1746 789 2003 858 originem

414 885 638 953 liturgiae
668 882 969 951 Hispanicae
996 883 1289 951 peit’neos.
1337 879 1570 935 Joannes
1597 879 1797 942 Pinius.
1828 881 1879 933 in
1907 895 2006 934 suo

417 983 646 1031 tractatu
694 975 955 1029 bistorico
1001 972 1180 1046 [κων]
1228 973 1614 1043 chronologico
1655 972 1723 1027 de
1770 972 2004 1041 Liturgia

415 1069 637 1137 antiqua
686 1066 922 1137 Hispana
957 1067 1056 1137 (α),
1091 1066 1269 1120 locum
1311 1066 1578 1133 integrum
1619 1066 1785 1120 dedit.
1832 1065 1871 1119 E
1900 1080 2008 1133 quo

421 1174 482 1213 ea
505 1159 737 1214 referam
763 1174 882 1229 quae
903 1157 968 1211 ad
992 1172 1102 1212 rem
1136 1167 1372 1211 nostram
1397 1155 1618 1212 faciunt.
1653 1152 2007 1221 Mounmcnti,

418 1249 532 1304 sive
571 1260 780 1314 auctor,
810 1248 926 1303 sive
965 1247 1217 1315 scriptor,
1250 1246 1526 1316 praemisso
1567 1246 1671 1301 lioc
1713 1245 1900 1299 titulo:
1936 1244 2011 1307 De

420 1341 581 1393 missa
603 1339 889 1409 apostolica
908 1339 962 1392 in
989 1338 1301 1407 Hispaniam
1323 1337 1477 1390 ducta
1500 1335 1741 1390 Julianus
1762 1345 1810 1389 ct
1834 1334 2007 1397 Felix,

418 1431 581 1485 tradit
625 1438 844 1486 sanctos
886 1430 1216 1499 Torquatum
1265 1429 1489 1497 ejusque
1533 1429 1712 1483 socios
1753 1428 1851 1499 (ὁ),
1874 1426 2013 1497 apud

418 1520 592 1574 urbem
616 1520 839 1575 Romam
864 1537 895 1573 a
917 1522 1111 1573 sanctis
1132 1521 1382 1590 apostolis
1408 1520 1564 1575 Petro
1584 1529 1632 1575 et
1660 1520 1824 1574 l’anlo
1849 1537 2015 1574 sacer-

422 1611 617 1665 dotium
636 1611 956 1680 suscepisse,
976 1610 1028 1664 in
1051 1610 1362 1679 Hispaniam
1381 1611 1611 1675 venisse,
1630 1611 1809 1682 ibique
1830 1609 2009 1666 Eccl"-

2100 420 2354 477 fratribus
2403 416 2668 481 Leandro,
2703 414 2981 482 Fulgentio
3034 421 3086 466 ct
3117 410 3275 465 Petro
3322 408 3685 463 smtiendum.

2101 512 2286 583 Nque
2308 511 2450 565 enim
2476 517 2693 563 sanctus
2715 505 2947 559 Isidorus
2972 518 3151 564 unam,
3177 501 3333 554 aliam
3352 513 3482 554 vero
3500 499 3691 553 fratres

2102 606 2220 674 ejus
2268 618 2511 660 normam
2567 599 2901 655 celebranda:
2957 595 3309 650 Eucliazistim
3363 595 3686 648 habuerunt.

2107 696 2259 750 Unde
2313 691 2372 748 lit
2414 692 2684 760 liturgiam
2732 703 2893 758 quam
2924 687 3023 740 viri
3073 685 3375 754 apostolici,
3421 684 3593 738 Itonia
3637 684 3691 738 in

2105 785 2415 849 Hispaniam
2438 783 2503 837 ad
2527 778 2922 851 prmdicandum
2945 776 3288 843 Evangelium
3313 775 3485 840 missi,
3509 773 3695 828 Eccle-

2106 878 2200 934 siis
2249 876 2517 947 Hispanico
2570 872 2906 926 tradiderunt
2948 866 3450 937 Gotliooflispanam
3502 863 3689 928 fuisse,

2108 984 2217 1022 non
2244 981 2373 1021 vero
2403 965 2721 1018 Romanam.

2179 1062 2302 1117 166.
2344 1062 2575 1116 Sanctus
2601 1057 2893 1126 Gregorius
2915 1052 3025 1119 VII,
3054 1052 3121 1106 ad
3150 1049 3424 1106 Alfonsum
3444 1049 3533 1116 γι,
3554 1048 3697 1106 Cas-

2112 1153 2250 1207 tella:
2270 1162 2323 1205 et
2344 1149 2589 1218 Legionis
2614 1162 2816 1217 regem,
2839 1153 2895 1201 et
2914 1145 2978 1198 ad
2997 1143 3250 1197 Sancium
3273 1140 3337 1194 iV
3356 1139 3425 1211 ll")
3450 1138 3699 1193 Navarra:

2112 1245 2261 1322 [xcv]
2287 1259 2466 1315 regem
2493 1242 2754 1303 scribens.
2778 1250 2964 1308 aperte
2985 1235 3178 1291 asserit
3202 1240 3449 1289 sanetum
3476 1231 3699 1286 Paulum

2113 1342 2166 1396 in
2199 1337 2449 1407 Hispania
2487 1334 2808 1405 prmdieasse
2838 1332 2935 1402 (g),
2962 1338 3019 1384 et
3058 1328 3293 1399 priscam
3336 1325 3697 1394 Hispanorum

2115 1429 2456 1486 traditionem
2473 1426 2541 1481 de
2555 1432 2764 1495 septem
2788 1422 2890 1476 illis
2903 1418 3212 1490 apostolicis
3224 1413 3515 1487 episc0pis,
3530 1411 3701 1466 Roma

2117 1522 2169 1576 in
2202 1520 2513 1591 Hispaniam
2554 1518 2618 1572 ad
2661 1514 3007 1584 Evangelinm
3056 1508 3451 1579 praedicandum
3501 1502 3702 1564 missis,

2116 1612 2365 1667 distincte
2394 1613 2827 1670 commemorat;
2859 1603 3020 1666 unde,
3055 1602 3244 1669 inquit,
3277 1598 3550 1667 conjicere
3576 1594 3705 1649 licet

421 1701 529 1754 sias
553 1701 917 1763 constituisse,
951 1708 1004 1754 et
1031 1702 1164 1754 sicut
1193 1699 1257 1753 ab
1289 1702 1538 1770 apostolis
1578 1717 1763 1756 MISSMI
1796 1718 2013 1757 DOCTRI-
2050 1698 2093 1759 Β
2121 1713 2365 1774 quautam
2414 1699 2746 1755 concordiae:
2787 1712 2902 1749 cum
2945 1694 3182 1749 liomana
3220 1690 3346 1745 urbe
3385 1687 3612 1759 Hispani
3653 1685 3708 1739 in

421 1804 635 1852 usuque
663 1797 989 1859 acceperunt,
1020 1805 1111 1856 per
1143 1787 1447 1857 Hispaniam
1480 1790 1735 1843 ordinatis
1763 1791 2014 1861 episcopis

421 1881 733 1946 tradidisse,
763 1890 811 1934 et
842 1882 918 1935 sic
956 1880 1112 1934 crevit
1152 1879 1284 1949 fides
1323 1880 1581 1934 catholica
1623 1881 1887 1951 paulisper
1916 1882 2012 1951 (ε),

420 1975 587 2029 donec
624 1975 690 2028 de
712 1973 1015 2028 orthodoxis
1043 1982 1091 2026 et
1120 1972 1389 2027 catholicis
1424 1971 1547 2026 viris
1588 1973 1684 2042 fuit
1728 1972 2010 2036 illustrata,

423 2066 479 2119 id
497 2075 593 2129 est,
625 2064 921 2133 Fulgentio,
949 2064 1128 2129 Petro,
1159 2062 1420 2128 Leandro,
1447 2061 1676 2122 Isidoro.
1707 2061 2012 2127 Fructuose,

422 2153 663 2208 Iuliano.
696 2155 772 2208 Ab
801 2156 904 2209 illis
934 2155 1223 2225 exemplum
1255 2163 1541 2218 tenuerunt,
1575 2163 1622 2207 et
1652 2152 1731 2225 (ά)
1764 2171 1795 2207 n
1834 2154 1908 2207 bis
1937 2171 2018 2208 re-

423 2247 706 2314 liquerunt.
735 2243 879 2301 Afra
902 2243 1009 2300 965
1037 2248 1133 2314 (e).
1167 2243 1242 2298 Ex
1266 2246 1368 2299 hoc
1399 2255 1752 2298 monmncn'o
1779 2245 2018 2299 nonnulli

420 2334 718 2389 coniiciunt
746 2335 1011 2404 liturgiam
1046 2334 1340 2389 Romanam
1369 2348 1487 2387 eam
1519 2334 1682 2389 fuisse
1712 2349 1872 2402 quam
1897 2350 2020 2404 apo-

418 2424 600 2480 stolici
641 2425 717 2480 illi
766 2425 1005 2495 episcopi
1055 2425 1321 2495 Hispania‘
1369 2425 1683 2480 intulerunt.
1737 2426 1893 2493 Quia,
1942 2428 2019 2480 in-

430 2517 639 2585 quiunt,
658 2515 758 2570 viri
781 2515 856 2571 illi
880 2515 1065 2570 Romae
1084 2514 1477 2569 sacerdotalem
1503 2514 1817 2583 dignitatem
1842 2515 2023 2583 adepti

419 2615 573 2672 sunt,
596 2613 650 2659 et
673 2605 840 2660 Roma
872 2605 927 2660 in
958 2604 1266 2677 Hispaniam
1297 2603 1647 2673 Evangelium
1683 2607 2023 2676 prmdicaturi

433 2706 723 2753 venerunt.

504 2789 629 2845 164.
661 2790 770 2847 Sed
797 2791 925 2848 huic
951 2793 1402 2861 argumentationi
1426 2793 1672 2863 superius
1692 2792 2025 2849 satisfactum

431 2888 535 2948 est,
563 2881 901 2938 ostendendo
930 2883 1262 2953 apostolicos
1287 2885 1449 2950 viros,
1482 2884 1653 2940 Roma
1682 2884 1749 2939 ad
1780 2884 2025 2953 Evange-

432 2972 703 3030 lizandum
749 2974 1047 3044 profectos,
1089 2973 1380 3044 aliquando
1426 2974 1696 3044 liturgiam
1743 2976 2026 3030 tradidisse

2115 1797 2364 1865 rcl’gione
2392 1804 2439 1847 et
2467 1795 2519 1847 in
2551 1791 2731 1846 ordine
2760 1787 2920 1841 divini
2947 1786 3112 1856 ofﬁcii
3143 1781 3439 1837 habuerint.

2188 1889 2308 1944 167.
2360 1888 2501 1943 Sane
2543 1886 2682 1939 ultro
2711 1879 3021 1938 conceditur
3048 1874 3192 1947 quod
3221 1881 3440 1930 sanctus
3467 1868 3707 1940 pontifex

2117 1981 2326 2038 asserit.
2349 1979 2543 2035 Notum
2558 1976 2699 2031 enim
2721 1983 2805 2030 est
2833 1978 3032 2041 quanta
3052 1962 3413 2022 sollicitudine
3442 1958 3709 2030 Hispania:

2118 2070 2356 2142 episcopi
2404 2066 2747 2125 concordiam
2780 2079 2904 2119 cum
2950 2060 3080 2116 sede
3112 2058 3353 2112 Romana
3396 2058 3710 2111 constanter

2121 2164 2364 2218 foverunt
2391 2202 2405 2227 ,
2440 2177 2547 2213 non
2578 2160 2630 2212 in
2678 2158 2742 2211 iis
2773 2155 2933 2209 modo
2979 2168 3099 2223 quae
3147 2150 3215 2205 ad
3245 2148 3402 2203 Iidem
3447 2154 3501 2200 et
3531 2159 3711 2199 mores

2121 2264 2389 2325 spei-tant,
2412 2254 2506 2308 scd
2527 2252 2689 2305 ctiam
2722 2250 2773 2304 in
2811 2249 2875 2304 iis
2896 2246 3177 2317 pmcipuis
3226 2242 3494 2312 capitibus
3521 2237 3712 2308 quibus

2122 2349 2284 2404 divini
2338 2345 2496 2400 ollicii
2528 2344 2661 2398 tl'dO
2705 2342 2937 2396 maxime
2985 2346 3220 2394 constat.
3254 2335 3422 2402 Quae,
3455 2339 3513 2386 ut
3555 2336 3712 2384 antea

2124 2440 2327 2495 dictum
2361 2448 2461 2504 est,
2497 2439 2549 2491 in
2577 2435 2807 2503 liturgiis
2836 2433 3116 2498 omnibus,
3149 2440 3257 2483 tam
3288 2424 3523 2481 Orientis
3550 2436 3710 2492 quam

2122 2528 2461 2593 Occidentis,
2489 2528 2676 2582 eadem
2721 2525 3094 2580 observantur.
3144 2518 3524 2572 Verumtamen
3543 2555 3559 2578 ,
3587 2526 3710 2566 cum

2128 2619 2362 2674 varietas
2408 2616 2651 2683 liturgica
2698 2613 2805 2667 sita
2854 2626 2959 2664 non
2989 2610 3062 2663 sit
3099 2607 3151 2660 in
3207 2604 3311 2659 illis
3355 2602 3515 2658 oflicii
3546 2599 3711 2654 divini

2126 2710 2369 2782 partibus
2390 2722 2509 2776 qna:
2540 2706 2736 2777 ubique
2765 2704 2965 2759 emdem
2998 2701 3375 2762 observantur,
3392 2692 3486 2749 sed
3518 2693 3571 2747 in
3594 2691 3716 2745 aliis

2127 2800 2309 2855 multis
2360 2797 2552 2852 ritibus
2597 2806 2653 2851 et
2707 2792 3044 2850 cmrenmaiis
3095 2803 3216 2858 qua:
3252 2786 3401 2842 salva
3448 2782 3716 2841 catholica

2127 2905 2263 2962 pace
2303 2898 2358 2944 ct
2387 2886 2751 2943 ecclesiastica
2797 2881 3204 2945 communione,
3234 2876 3528 2947 antiquitus
3552 2882 3627 2940 et,
3659 2881 3719 2926 ut

2130 2979 2257 3035 viris
2285 2978 2604 3050 quibusdam
2632 2974 2856 3031 eruditis
2882 2972 3095 3028 videtur
3125 2971 3226 3041 (In),
3254 2984 3371 3024 aevo
3394 2965 3714 3036 apostolico,

433 3062 689 3122 Ecclesiis
717 3079 851 3139 quas
878 3065 1231 3122 fundaverant
1259 3082 1289 3121 a
1319 3066 1564 3121 Romana
1598 3066 2024 3123 dissentientem.
2054 3054 2101 3119 Ο
2134 3072 2262 3144 ipsis
2290 3088 2338 3141 a.
2360 3071 2550 3127 ostolis
2579 3069 2770 3125 saltem
2798 3082 2905 3121 non
2927 3063 3371 3136 repugnantibus,
3408 3057 3714 3115 introducta

435 3156 610 3222 Quam
657 3156 1067 3227 responsionem
1121 3157 1938 3221 monumentum‘Scorialense,
1980 3159 2027 3213 si

416 3246 567 3317 quid
599 3247 757 3314 valet,
788 3247 1070 3318 splendide
1094 3248 1400 3313 confirmat,
1435 3249 1772 3305 ostendendo
1815 3252 2028 3305 missam

437 3338 586 3394 iilam
632 3339 1011 3408 apostolicam,
1058 3354 1222 3409 quam
1269 3338 1576 3409 Torquatus
1623 3338 1849 3408 ejusque
1893 3340 2029 3393 socii

440 3430 694 3484 ordinatis
724 3446 817 3499 per
845 3428 1157 3501 Hispaniam
1184 3430 1438 3500 episcopis
1486 3429 1837 3497 tradiderunt,
1871 3428 2028 3499 ipsis-

439 3522 634 3577 simam
663 3519 1171 3592 Gotho-ﬂispanam
1199 3521 1490 3577 exstitisse.

516 3610 635 3665 165.
679 3610 751 3666 Ea
781 3613 925 3667 enim
966 3612 1146 3677 missa,
1177 3628 1271 3668 seu
1304 3613 1536 3682 liturgia,
1570 3614 1666 3667 fuit
1707 3628 1870 3684 quam
1900 3614 2029 3669 Ful—

441 3703 675 3769 gentius,
714 3701 923 3769 Petrus,
970 3701 1235 3768 Leander,
1286 3702 1548 3772 lsidorus,
1596 3704 1928 3762 Fructuosus
1975 3717 2032 3763 et

441 3792 702 3859 Julianus,
733 3811 832 3851 usu
873 3804 1034 3866 atque
1069 3797 1324 3866 operibus
1366 3797 1525 3853 editis
1565 3798 1918 3853 illustrarunt.
1965 3799 2030 3855 lli

446 3898 625 3939 autem
655 3886 975 3941 sanctissimi
1002 3884 1367 3956 Hispaniensis
1397 3887 1648 3944 Ecclesia:
1678 3891 1939 3960 episcopi,
1975 3892 2027 3945 in

446 3975 729 4032 missarum
776 3977 1159 4043 celebratione,
1204 3978 1415 4048 liturgia
1457 3979 1900 4052 Gotho-Hispana
1949 3985 2030 4038 usi

447 4075 587 4120 sunt.
613 4066 689 4121 De
708 4065 997 4133 lidefonso,
1015 4067 1312 4125 Fructuose
1334 4079 1387 4123 et
1403 4069 1634 4137 Juliano,
1651 4073 2028 4141 ambigendum

451 4171 554 4210 non
598 4166 701 4223 est,
734 4166 920 4228 utpote
968 4158 1060 4228 qui
1108 4167 1229 4227 post
1274 4162 1559 4216 concilium
1610 4162 1933 4218 Toletanum
1981 4180 2032 4218 IV

452 4246 700 4304 Ecclesiis
741 4250 985 4317 regendis
1026 4250 1232 4304 admoti
1282 4250 1517 4306 fuerunt.
1566 4252 1767 4308 Eadem
1818 4254 2033 4323 liturgia

453 4355 602 4394 usum
644 4354 766 4395 esse
788 4350 1030 4397 sanctam
1064 4340 1348 4407 lsidorum,
1398 4343 1608 4413 insigne
1644 4344 1761 4414 ejus
1802 4362 1940 4417 opus
1967 4348 2033 4403 de

519 4476 592 4545 (a)
641 4475 774 4543 Cap.
803 4475 855 4542 i,
882 4484 1014 4530 sect.
1044 4475 1094 4541 Ι,
1127 4492 1180 4529 n.
1205 4476 1257 4536 9.
1293 4475 1379 4529 10.

519 4546 592 4614 (b)
633 4545 689 4599 In
723 4546 826 4599 hoc
856 4557 1204 4599 monumento
1237 4548 1306 4599 ita
1339 4546 1685 4601 nominantur
1715 4567 1728 4601 :
1764 4548 2032 4614 Tot-ratus,

454 4616 675 4741 ἷὶςῆοη,
714 4615 981 4669 Indalcciu
1012 4655 1028 4680 ,
1064 4617 1353 4681 Secundus,
1388 4614 1685 4689 Eufrusius,
1719 4619 1959 4674 chilius
1987 4630 2036 4674 et

485 4704 657 4740 sirius.

485 4704 657 4740 διιίιιε.

522 4758 592 4819 (r)
637 4755 888 4813 Fortasse
918 4757 1194 4825 paulatim.

522 4827 601 4899 (τι)
641 4826 804 4899 Forte
834 4828 1145 4899 legendum,
1173 4831 1256 4899 qui
1286 4829 1433 4883 nobis
1464 4832 1798 4896 reliquerunt.

524 4897 591 4965 (ρ)
633 4897 790 5019 ἱᾼιμηο
819 4898 1015 4951 (λιπῑηῑ
1047 4897 1310 4967 925,“ιμιο
1339 4910 1741 4955 ntouumeutum
1774 4901 1876 4955 hoc
1904 4901 2038 4955 scri-

524 4984 599 5019 ,ιιιι
655 4979 750 5019 UIL

453 4977 599 5036 ptmu
633 4972 750 5023 fuit.

522 5040 591 5107 (Γ)
633 5038 822 5093 Exstat
844 5038 983 5092 inter
1004 5038 1261 5105 epistolas
1281 5040 1449 5094 sancti
1472 5038 1714 5108 Gregorii
1737 5038 1842 5104 Vll,
1870 5040 1940 5093 lib
1978 5057 2036 5105 ll,

457 5111 606 5177 epist.
632 5110 721 5173 (38,
746 5118 798 5163 et
820 5108 957 5175 apud
981 5109 1288 5173 Baroninm,
1326 5110 1374 5163 in
1400 5111 1615 5173 Anna'.,
1641 5126 1667 5162 a
1694 5112 1703 5160 l
1728 5127 1852 5163 ann.
1882 5111 2038 5178 1074,

458 5183 709 5302 agnati:
756 5195 862 5233 em.
912 5180 977 5234 de
1030 5181 1291 5248 Aguirro,
1348 5181 1513 5235 Cone.
1557 5181 1706 5249 Ili-'p.
1757 5190 1889 5235 tum.
1938 5181 2036 5249 ΙΙΙ,

404 5282 409 5287 -
458 5263 574 5319 pag.
604 5263 729 5303 uti.

527 5320 602 5388 lg)
631 5320 706 5373 ita
738 5322 883 5375 enim
913 5322 1131 5376 scribit:
1165 5320 1291 5373 Cum
1325 5319 1499 5374 beatus
1526 5322 1788 5390 apostolus
1844 5321 2036 5375 I’anlus

462 5388 770 5459 Hispaniam
799 5410 854 5446 se
882 5395 1072 5446 adiisse
1098 5391 1372 5461 signiﬁcet.
1408 5392 1478 5444 ad
1504 5388 1681 5459 postea
1706 5403 1896 5460 septem
1926 5395 2034 5459 epi-

463 5477 637 5532 scopos
657 5463 721 5515 ab
743 5464 866 5516 urbe
882 5465 1045 5518 Roma
1067 5464 1136 5516 ad
1159 5464 1486 5515 instruendos
1504 5461 1777 5529 Hispania:
1797 5464 2031 5532 papulas,

461 5547 489 5582 α
521 5530 674 5583 Petro
701 5544 748 5586 et
783 5535 948 5588 Paulo
971 5534 1215 5602 apostolis
1244 5534 1464 5585 directos
1496 5533 1672 5600 fuisse,
1704 5530 1808 5600 qui,
1832 5534 2035 5585 destru-

464 5612 540 5653 cta
573 5603 889 5670 idololatria,
915 5604 1354 5658 Christianitatem
1385 5603 1762 5669 plantarernnt.
1799 5604 2032 5657 ordinent

448 5681 511 5725 τι
553 5675 789 5743 ofﬁcium
826 5677 882 5729 in
912 5676 1103 5729 divinis
1132 5672 1347 5729 cultibus
1396 5673 1649 5745 agendum
1678 5675 2028 5741 ostenderunt,

2132 3166 2366 3228 fuerunt,
2396 3160 2690 3218 concordia
2721 3156 3082 3225 Ecclesiarum
3113 3152 3385 3221 Hispania:
3439 3165 3559 3205 cum
3609 3146 3718 3202 Ro-

2132 3269 2289 3310 mana
2318 3252 2446 3307 sede
2471 3251 2634 3305 etiam
2665 3249 2718 3303 in
2748 3246 2941 3302 ordine
2969 3245 3134 3299 divini
3164 3241 3328 3297 ofﬁcii
3355 3240 3574 3296 retineri
3618 3255 3719 3309 po-

2134 3344 2254 3408 tuit,
2300 3340 2544 3411 quamvis
2573 3337 2793 3407 Hispani
2843 3334 3059 3407 propria
3091 3342 3371 3389 uterentur
3411 3330 3642 3400 liturgia,
3688 3346 3716 3383 a

2134 3435 2377 3490 Romana
2400 3431 2632 3486 diversa.

2206 3524 2329 3580 168.
2360 3522 2514 3591 Quod
2542 3530 2723 3577 autem
2754 3520 2905 3575 aiunt
2928 3518 3155 3589 liturgia:
3186 3516 3442 3570 Romamn
3478 3528 3631 3569 usum
3669 3514 3722 3568 in

2135 3622 2389 3693 Hispania
2440 3618 2639 3675 smculo
2683 3635 2735 3674 ιν
2774 3625 2889 3674 etv
2936 3614 3212 3686 viguisse,
3268 3612 3386 3667 sine
3434 3608 3722 3665 sufticienti

2135 3712 2457 3786 probatione
2510 3720 2776 3766 asserunt.
2828 3708 3065 3763 Primum
3116 3720 3301 3760 eorum
3351 3710 3723 3771 argumentum

2135 3815 2217 3862 est
2241 3820 2413 3860 canon
2446 3788 2735 3873 vigesimus
2763 3816 2855 3856 sex
2886 3798 3265 3859 llliberitanus,
3286 3811 3394 3866 quo
3414 3793 3718 3850 decernitur

2135 3908 2195 3952 ut
2239 3897 2429 3950 diebus
2475 3894 2701 3949 Sabbati
2750 3892 3011 3962 jejunium
3053 3890 3372 3944 observetur
3417 3888 3514 3958 (i).
3572 3882 3725 3940 Unde

2135 3988 2408 4042 deducunt
2436 3985 2705 4055 llispauos
2732 3984 2949 4037 ineunte
2976 3981 3175 4035 saiculo
3204 3995 3256 4034 tv
3288 3980 3477 4034 ritibus
3521 3977 3725 4031 Roma-

2135 4078 2219 4134 nis
2249 4091 2375 4131 usos
2401 4090 2540 4138 esse,
2572 4089 2709 4142 quos
2740 4073 2816 4126 uti
2837 4087 2926 4139 lue
2952 4086 3054 4125 una
3086 4085 3208 4125 cum
3241 4069 3501 4137 religione
3525 4065 3722 4121 Christi

2136 4174 2481 4237 acceperunt.
2505 4163 2762 4218 Fatemur
2788 4162 3003 4230 quidem
3025 4158 3294 4227 Hispanos
3312 4168 3369 4213 et
3387 4158 3475 4212 die
3502 4157 3722 4213 Sabbati

2132 4259 2427 4329 jejunasse,
2458 4263 2513 4309 et
2540 4252 2780 4323 quotidie
2832 4248 3225 4305 Eucharistiam
3279 4246 3569 4316 sumpsi-so
3615 4248 3723 4319 (j),

2138 4368 2261 4423 qua:
2283 4361 2511 4420 utraque
2532 4344 2865 4404 consuetudo
2887 4344 2939 4399 in
2965 4342 3206 4397 Roniana
3227 4339 3466 4396 Ecclesia
3491 4340 3721 4409 vigebat.

2072 4424 2121 4484 D

2145 4495 2194 4540 et
2222 4485 2472 4551 sanguine
2499 4497 2590 4534 suo
2622 4478 2881 4533 Ecclesias
2906 4475 3222 4551 dedicarem,
3262 4482 3428 4551 nostra
3459 4472 3725 4551 diligentia

2146 4572 2247 4608 non
2292 4542 2520 4623 ignoret,
2547 4560 2793 4623 quantum
2821 4547 3149 4623 concordiam
3177 4561 3310 4623 cum
3338 4543 3573 4623 [ignaua
3602 4542 3727 4623 urbe

2148 4614 2409 4693 Hispania
2437 4624 2488 4675 in
2509 4614 2761 4688 religione
2788 4627 2836 4671 et
2866 4619 2916 4672 in
2941 4617 3123 4671 ordine
3151 4614 3310 4669 divini
3331 4614 3513 4685 ofﬁcii,
3535 4614 3723 4667 habue-

2145 4696 2213 4748 rit
2235 4695 2363 4747 satis
2386 4699 2542 4761 patet,
2571 4699 2676 4761 etc.

2220 4765 2297 4835 (Il)
2320 4752 2608 4835 Just-phus
2634 4758 2673 4812 γ
2701 4773 2969 4835 cncomcs,
2999 4758 3066 4811 de
3089 4756 3269 4835 antiq.
3296 4755 3470 4835 missae
3493 4752 3720 4835 Ritibns,

2150 4824 2241 4890 Ill):
2282 4824 2355 4898 ἰη
2410 4824 2531 4900 cap.
2591 4832 2639 4895 l,
2700 4831 2814 4882 fuse
2870 4827 3157 4900 contendit
3210 4824 3727 4900 va_rietatet_n_litnr-

2144 4906 2316 4973 gicam
2342 4892 2461 4957 iero
2480 4892 2782 4973 apostolico
2807 4899 3092 4973 incepisse.
3119 4895 3375 4973 Eandem
3406 4892 3715 4973 opinionem

2145 4960 2290 5030 feriet
2330 4960 2560 5027 Lazarus
2588 4960 3191 5038 B'njuilnt,intractatu
3238 4960 3492 5021 liistorilo
3536 4962 3604 5016 de
3635 4960 3727 5014 Li-

2144 5046 2315 5111 turgia
2348 5057 2520 5107 sacra,
2547 5041 2694 5106 lib.l,
2724 5056 2841 5108 cap.
2873 5039 2927 5093 ‘2.

2217 5106 2259 5186 (ἶ
2305 5113 2475 5186 Verba
2521 5112 2746 5186 canonis
2776 5106 2903 5186 sunt
2934 5127 2946 5161 :
2981 5107 3239 5186 _Is'rrorcm
3268 5106 3463 5185 placuit
3508 5106 3723 5186 corrigi.

2143 5177 2235 5247 ut,‘
2268 5185 2406 5239 omni
2436 5181 2649 5237 Sabbati
2678 5182 2778 5245 die,
2824 5181 3151 5250 jejuniorunt.
3189 5177 3720 5247 superimpoutioncm

2142 5254 2449 5310 celebremus

2217 5326 2291 5397 (j)
2314 5324 2576 5397 “Sanctus
2607 5321 2982 5397 Hieronymus,
3007 5319 3165 5397 epist.
3189 5318 3285 5397 "ll,
3312 5317 3376 5369 ad
3418 5315 3723 5397 Lacinium,

2143 5387 2284 5451 Edii.’
2309 5396 2501 5449 \‘cron.
2537 5409 2590 5446 ιι.
2614 5393 2667 5457 6,
2693 5387 2967 5446 ο‹›1.’432;
3000 5389 3073 5459 ρι’
3102 5387 3333 5442 Sabbato
3354 5396 3489 5459 quod
3515 5388 3723 5459 auaris.

2141 5478 2313 5521 utrum
2335 5464 2679 5535 jejunandunt
2710 5464 2795 5535 sit,
2827 5461 2959 5513 etde
2988 5458 3340 5535 biztcltaris'ia,
3363 5457 3432 5535 an
3464 5457 3723 5535 accipiun-

2142 5539 2211 5591 (ια
2261 5528 2677 5607 ᾳιιόιῖάὶεηιμιοά
2706 5532 2941 5607 limitant}
2988 5528 3223 5586 Ecclesia
3251 5540 3299 5585 et
3331 5530 3601 5599 Hispania:
3630 5529 3723 5579 ob-

2140 5601 2345 5662 servare
2371 5601 2715 5675 per/libentur,
2745 5601 2971 5672 scripsit,
3012 5612 3119 5657 etc.
