4058 6178
282 391 344 446 CI
1749 388 2137 447 I’RzﬁFATlU.

3499 395 3575 448 63

275 516 405 560 tana
432 515 487 562 et
509 503 863 561 Orientalium
896 503 1136 558 diversas
1166 503 1405 559 artiones
1434 504 1710 573 liturgieas
1738 521 1863 559 con-
1896 504 1948 561 A
1975 501 2162 557 Isidori
2212 501 2563 572 scripserunt,
2611 502 2677 558 de
2705 519 2833 559 cura
2885 506 3177 562 cendenda:
3217 507 3445 578 liturgite
3491 507 3571 565 illi

273 600 531 653 Stituunt.
574 596 704 650 Nam
735 593 907 649 αι’ωοί
958 595 1106 665 prius
1142 594 1341 649 Sancta
1373 596 1563 647 sanctis
1595 594 1797 658 dicunt,
1826 602 1882 648 cl.

275 691 476 747 deinde
520 688 752 743 liOstiam
785 686 1038 752 frangunt
1068 689 1133 751 (a
1156 685 1199 753 ),
1228 700 1387 752 quem
1421 700 1625 738 morem
1666 683 1878 751 liturgia

276 780 641 837 Alexandrina
694 779 865 833 sancti
925 775 1083 831 Marci
1134 776 1328 829 retinet.
1389 775 1505 843 (ὁ).
1558 777 1626 829 At
1681 775 1880 830 Gotho-

276 874 502 945 IIispani
529 874 674 944 prius
691 885 884 942 panem
913 877 1157 923 sanctum
1181 866 1451 934 frangunt,
1475 877 1528 922 et
1547 877 1659 921 tum
1684 866 1879 921 Sancta

277 969 477 1023 sanctis
508 966 687 1020 dicunt
719 966 832 1034 (c).
868 961 1135 1017 Prmtcrea
1166 972 1273 1015 tam
1305 961 1479 1016 Griei
1510 978 1667 1030 quam
1692 961 1880 1016 Orien-

277 1060 436 1122 tales,
466 1055 682 1127 quando
738 1054 935 1110 Sancta
980 1055 1172 1107 sanctis
1203 1052 1410 1120 dicunt,
1441 1069 1639 1121 corpus
1670 1052 1880 1106 Domini

276 1150 560 1214 attollunt,
602 1154 661 1202 ut
703 1163 733 1201 a
790 1146 990 1216 populo
1034 1144 1303 1210 videatur,
1352 1153 1406 1198 et
1465 1145 1720 1198 adoretur
1747 1144 1876 1215 (d);

276 1240 293 1313 [
330 1255 401 1295 ιιι
427 1238 445 1310 ]
476 1249 531 1293 at
574 1236 1015 1306 Gotho-IliSpani
1060 1235 1127 1289 ad
1179 1251 1243 1289 ea
1272 1236 1436 1290 verba
1492 1235 1723 1291 bosdam
1770 1250 1877 1289 non

278 1333 514 1394 elevant,
549 1330 641 1385 sed
665 1330 1025 1399 fragmentum
1056 1330 1248 1385 bestias
1272 1330 1324 1383 in
1355 1330 1575 1383 calicem
1604 1329 1880 1403 dimittunt

278 1421 397 1493 (ε).
451 1418 568 1474 Non
616 1430 698 1475 est
745 1421 907 1490 igitur
934 1436 1031 1475 cur
1067 1435 1224 1474 aures
1267 1419 1480 1488 patulas
1528 1418 1591 1472 iis
1642 1420 1879 1487 prmbere

278 1515 577 1572 debeamus
608 1515 697 1584 qui
731 1514 1057 1584 persuadere
1087 1513 1333 1567 nituntur
1361 1511 1629 1579 liturgiam
1670 1510 1879 1566 Godm-

279 1607 575 1678 llispanam
606 1623 633 1660 a
677 1614 866 1661 sancto
914 1602 1058 1656 Lean
1082 1605 1182 1667 'ro,
1237 1602 1462 1671 aliisque
1515 1600 1880 1655 celeberrimis

277 1700 427 1763 viris,
458 1697 767 1752 Grmcorum
811 1693 1146 1749 ueremouiis
1193 1692 1355 1746 fuisse
1396 1693 1712 1761 in=pcrsam,
1754 1704 1876 1744 cum

280 1805 352 1845 ne
365 1805 525 1842 unum
542 1786 757 1857 quidem
782 1784 943 1838 ritum
973 1784 1244 1850 assignare
1258 1792 1461 1851 queunt
1475 1795 1630 1851 quem
1656 1794 1877 1835 necesse

276 1882 349 1934 sit
375 1874 1012 1945 fulﬁl’IGOIIIO'HIS’leIIOS
1041 1890 1069 1928 a
1092 1873 1287 1929 mecis
1303 1882 1393 1928 aut
1419 1873 1487 1928 ab
1516 1873 1874 1929 Orientalibus

278 1978 559 2025 mutuatos
581 1983 729 2023 esse.

354 2079 383 2151 §
410 2078 525 2134 XII.
553 2080 633 2133 An
662 2087 877 2151 sanctus
906 2076 1138 2151 Isidorus
1184 2086 1365 2130 auctor
1388 2075 1545 2147 fuerit
1581 2075 1806 2146 liturgia!

836 2146 1300 2217 Gotlro-Ilispanaz.

350 2239 475 2296 183.
532 2239 651 2293 Alia
680 2239 885 2308 opinio,
916 2253 1036 2307 qua:
1078 2245 1323 2292 sanctum
1351 2236 1614 2291 I-idorum
1648 2236 1875 2306 liturgim

277 2328 743 2399 Gellio-Hispanae
772 2339 1047 2384 auctorem
1077 2328 1343 2397 agnoscit,
1370 2327 1511 2398 apud
1543 2328 1875 2384 recentiores

278 2427 453 2497 magis
480 2434 702 2493 accepta
728 2432 781 2479 et
802 2423 1115 2492 pervulgata
1146 2430 1229 2477 est
1253 2422 1352 2493 (ι’).
1382 2418 1457 2473 Ea
1485 2420 1682 2489 duplici
1710 2435 1872 2489 argu-

280 2526 465 2572 mento
497 2516 733 2571 fulcitur.
779 2513 1019 2569 Primum
1063 2520 1147 2567 est
1172 2519 1392 2581 recepta
1433 2510 1707 2565 hominum
1748 2524 1873 2578 per-

280 2609 483 2672 suasio,
497 2608 726 2675 liturgim
740 2605 1102 2675 appellatione
1116 2618 1235 2672 qua:
1252 2601 1552 2657 Isidoriaua
1569 2600 1877 2655 nominatur

281 2699 619 2756 conﬁrmata.
649 2698 805 2752 Aliud
836 2705 919 2753 est
946 2696 1157 2751 concilii
1182 2692 1368 2749 Patres
1383 2691 1627 2747 Toletani
1660 2708 1713 2746 iv
1736 2691 1875 2747 banc

282 2792 617 2864 provinciam
635 2800 824 2845 sancto
840 2788 1048 2843 Isidoro
1063 2786 1293 2849 dedisse,
1310 2793 1369 2839 ut
1386 2784 1608 2839 fortnam
1646 2782 1875 2852 liturgize

282 2892 657 2954 componeret,
683 2897 867 2953 quam,
891 2889 1070 2935 amota
1103 2878 1603 2940 varietateiituum,
1622 2876 1873 2932 Ecclesia:

284 2990 473 3031 oinnes
501 2973 772 3045 Hispania:
796 2982 850 3029 et
880 2971 1062 3027 Gallia:
1092 2969 1338 3025 Gothicze
1369 2968 1420 3022 in
1450 2974 1725 3038 posterum
1771 2967 1872 3022 ob-

282 3072 583 3121 πῖναι-ειη.

354 3154 481 3209 189.
535 3153 606 3208 At
626 3153 740 3208 base
770 3151 932 3208 etiam
956 3151 1137 3221 Opinio
1170 3149 1517 3219 antiquorum
1548 3147 1872 3203 auctoritate
1898 3190 1951 3257 c

282 3254 451 3308 caret,
499 3253 557 3298 et
606 3244 768 3298 meris
816 3242 1141 3311 coniecturis
1188 3242 1392 3296 nititur.
1423 3240 1700 3294 Neminem
1721 3238 1865 3292 enim

285 3335 631 3403 antiquorum
673 3332 936 3386 hactenus
987 3330 1209 3385 laudare
1239 3337 1534 3400 potuerunt
1583 3329 1675 3397 qui
1722 3328 1870 3381 litur-

281 3424 422 3493 giam
496 3421 1003 3491 Gotho-llispanam
1069 3420 1428 3475 nominaverit
1495 3417 1869 3473 Isidorianam.

280 3514 639 3569 Guitmundus
694 3514 978 3583 episcopus
1030 3512 1358 3576 Aversanus,
1416 3511 1509 3579 qui
1559 3525 1702 3564 anno
1724 3518 1875 3563 octo-

280 3607 485 3676 gesimo
515 3621 677 3675 supra
702 3605 1044 3659 millesimum
1072 3619 1192 3658 (ene
1231 3603 1547 3657 Christianae
1590 3601 1874 3656 defunctus

284 3698 535 3764 traditur,
566 3696 806 3750 omnium
836 3696 1241 3766 antiquissimus
1271 3696 1467 3749 citatur
1496 3693 1587 3763 qui
1632 3701 1872 3746 sanctum

280 3786 543 3843 Isidorqu
618 3786 830 3842 Missa'e
892 3788 1161 3857 quoddam
1223 3785 1521 3854 Ilispanum
1588 3783 1873 3852 scripsisse

279 3878 476 3934 dixerit
507 3878 622 3950 (g),
656 3887 715 3933 ut
764 3880 958 3933 mirum
1003 3879 1074 3932 sit
1121 3877 1398 3931 Nicolaum
1451 3875 1764 3941 Antonium,
1791 3875 1873 3927 vi-

279 3983 392 4025 rum
415 3970 638 4024 doztum
672 3979 725 4025 et
750 3979 1061 4025 accuratum
1084 3969 1364 4038 scripsisse
1397 3969 1414 4037 (
1433 3969 1463 4020 Ιι
1484 3968 1501 4038 )
1524 3967 1873 4022 lsidoriauum

278 4076 465 4114 nomen
524 4060 798 4115 Breviario
855 4070 908 4116 et
933 4061 1131 4115 Missali
1184 4059 1531 4115 hlozarabico
1581 4061 1643 4112 ab
1692 4061 1876 4113 ultima

283 4153 591 4221 antiquitate
620 4154 934 4206 attributum
960 4168 1098 4207 esse.

350 4244 475 4300 I90.
531 4245 717 4315 Neque
739 4245 882 4299 aliud
934 4260 1041 4315 quo
1070 4253 1291 4299 utuntur
1344 4254 1716 4313 argumentum
1760 4262 1874 4299 nta-

284 4331 407 4403 joris
435 4336 700 4389 momenti
729 4343 833 4390 est.
863 4334 1037 4403 Vulgo
1070 4334 1287 4403 quidem
1317 4334 1554 4403 jactatur
1582 4335 1872 4389 concilium

281 4424 601 4481 Tolertanum
658 4442 711 4481 tv
742 4442 925 4481 curam
997 4425 1264 4481 condendi
1329 4441 1520 4479 novam
1582 4425 1872 4493 Liturgiam

1984 595 2259 665 imposita,
2289 605 2344 649 et
2369 595 2436 649 de
2459 596 2763 662 conscripta
2778 594 2855 653 ab
2880 614 2945 654 eo
2977 600 2994 673 [
3019 617 3111 654 LIII
3134 598 3154 671 ]
3179 602 3391 671 liturgia
3417 615 3569 655 meu-

1983 686 2184 740 tionem
2217 687 2393 741 facere
2425 685 2755 756 debuissent,
2784 688 2851 746 de
2880 701 3108 760 utraque
3167 704 3345 746 tamen
3400 692 3569 746 altum

1981 779 2262 835 siluerunt.

2054 874 2175 929 if‘l.
2218 874 2401 945 Neque
2436 893 2594 932 causa
2641 886 2757 931 erat
2795 892 2891 931 cur
2931 874 3119 929 Patres
3155 875 3366 929 concilii
3407 874 3571 928 Tole-

1984 967 2091 1021 tani
2133 983 2183 1019 iv
2214 985 2403 1023 munus
2430 968 2814 1038 componenda:
2844 952 3035 1021 nova'm
3078 967 3301 1033 liturgim
3331 966 3557 1019 formam

1980 1066 2168 1112 saneto
2189 1057 2393 1113 Isidoro
2421 1059 2582 1112 ullive
2606 1058 3024 1112 committerent.
3058 1054 3165 1109 Illis
3186 1071 3315 1109 sane
3336 1056 3571 1109 maxime

1980 1147 2132 1201 cordi
2162 1157 2279 1202 erat
2307 1160 2362 1201 ut
2393 1164 2495 1202 una
2524 1157 2579 1203 et
2607 1149 2792 1202 eadem
2821 1148 2992 1203 forma
3023 1146 3328 1202 celebrandi
3370 1152 3571 1215 myste-

1980 1237 2060 1292 ria
2100 1250 2154 1294 et
2188 1240 2550 1296 ecclesiaStiCa
2593 1241 2825 1295 obeundi
2867 1240 3040 1295 officia
3081 1240 3131 1293 iu
3178 1237 3323 1292 omni
3357 1237 3568 1303 Visigo-

1980 1328 2193 1383 tliorum
2224 1344 2389 1397 regno
2415 1333 2695 1402 a‘qualiter
2723 1334 3117 1397 observaretur,
3146 1348 3374 1402 eamque
3402 1331 3570 1384 intro-

1978 1418 2246 1474 duxerunt
2273 1438 2431 1491 quam
2474 1434 2658 1492 postea
2690 1423 2928 1478 Ecclesia
2973 1423 3408 1493 Gotho-llispaua
3436 1437 3569 1476 con-

1978 1518 2187 1565 stanter
2213 1512 2453 1567 retiuuit.
2487 1512 2591 1567 Sed
2624 1513 2794 1568 forma
2835 1514 3076 1581 liturgica
3124 1529 3259 1567 nova
3291 1530 3395 1568 non
3429 1521 3565 1577 erat,

1978 1618 2153 1672 neque
2198 1602 2447 1658 Ecclesiis
2488 1603 2757 1672 llispanim
2799 1612 2853 1658 et
2895 1602 3079 1657 Gallia:
3127 1605 3332 1671 ignota,
3370 1603 3461 1657 sed
3502 1618 3566 1657 ea

1980 1690 2116 1759 ipsa,
2168 1694 2251 1748 cui
2302 1694 2714 1748 immemorabili
2765 1695 3150 1747 consuetudine
3192 1702 3565 1747 assueverant.

1979 1783 2116 1837 Cum
2151 1784 2307 1853 igitur
2339 1784 2524 1840 Patres
2554 1785 2797 1839 Toletani
2830 1787 2879 1840 id
2914 1803 3073 1840 unum
3105 1786 3314 1854 assequi
3345 1785 3566 1851 vellent,

1981 1885 2038 1931 ut
2064 1880 2340 1947 antiquum
2374 1878 2731 1947 IIispanorum
2774 1879 3036 1941 ordinem,
3077 1878 3302 1932 sublatis
3339 1877 3566 1930 innova-

1979 1970 2090 2024 tion
2115 1971 2235 2037 bus,
2275 1988 2462 2025 omnes
2512 1970 2763 2026 Ecclesim
2807 1972 2953 2039 regni
3000 1970 3393 2039 Visigotltorum
3440 1969 3567 2023 reti-

1978 2069 2190 2125 nerent,
2240 2061 2383 2114 nulla
2429 2061 2533 2115 illis
2574 2077 2734 2116 causa
2783 2068 3061 2129 supererat
3099 2076 3195 2114 cur
3234 2059 3566 2128 provinciam

1976 2158 2166 2203 sancto
2194 2149 2399 2203 Isidoro
2430 2150 2767 2220 imponerent
2796 2166 2993 2204 novum
3024 2150 3185 2219 aliqui
3204 2166 3255 2203 ιιι
3287 2150 3485 2203 rituum
3513 2157 3568 2203 et

1977 2244 2415 2295 caeremoniarum
2442 2243 2681 2296 ordinem
2708 2242 3084 2314 componendi.

2047 2332 2170 2387 192.
2196 2331 2335 2387 Prtct
2358 2349 2484 2395 ‘rea,
2509 2335 2641 2389 satis
2663 2334 3001 2388 manifestum
3026 2344 3106 2389 est
3130 2335 3396 2403 l'iturgiam
3421 2334 3565 2389 illaut

1977 2438 2139 2494 quam
2170 2433 2386 2479 sanctus
2414 2423 2647 2480 Isidorus
2676 2425 2729 2479 in
2777 2425 2927 2480 libris
2971 2424 3085 2480 suis
3132 2428 3199 2480 de
3229 2427 3564 2481 ecclesiasti-

1977 2513 2056 2566 cis
2106 2512 2308 2567 Ofliciis
2356 2514 2590 2568 illustrat
2633 2523 2687 2568 et
2744 2516 2977 2584 explicat
3019 2531 3128 2570 non
3193 2516 3351 2569 aliam
3400 2532 3563 2584 quam

1975 2600 2503 2673 Gotho-Ilispanam
2536 2618 2675 2669 esse,
2727 2604 2873 2657 illam
2927 2605 3134 2659 scilicet
3174 2619 3334 2673 quam
3376 2607 3565 2660 conci-

1975 2690 2104 2746 lium
2154 2691 2474 2747 Toletanum
2514 2708 2566 2747 tv
2598 2709 2696 2748 sua
2732 2694 3056 2748 auctoritate
3103 2693 3464 2757 confirmavit,
3509 2704 3566 2747 et

1975 2783 2249 2850 stabilivit,
2279 2792 2335 2838 et
2372 2783 2538 2838 etiam
2579 2785 2709 2839 satis
2737 2794 2888 2839 certo
2929 2793 3143 2839 constat
3175 2794 3420 2839 sanctum
3462 2783 3561 2838 Isi-

1975 2874 2166 2931 dorum
2229 2877 2395 2931 libros
2453 2876 2521 2930 de
2592 2877 2965 2932 ecclesiasticis
3032 2875 3231 2932 Officiis
3287 2878 3565 2947 scripsisse

1977 2976 2264 3037 antequam
2297 2969 2581 3023 concilium
2611 2968 2929 3023 Toletanusu
2960 2954 3013 3024 ιλιι
3041 2970 3426 3032 celebraretur,
3468 2984 3567 3024 eos

1976 3064 2119 3119 enim
2169 3063 2335 3118 libros
2386 3063 2665 3131 Fulgentio
2715 3063 3015 3131 Astigitano
3080 3065 3361 3133 episcopo,
3414 3062 3570 3117 fratri

1977 3170 2096 3221 suo,
2162 3154 2544 3223 inscripscrat,
2576 3153 2699 3221 qni,
2743 3154 2890 3222 prius
2922 3169 3083 3221 quam
3124 3154 3411 3207 concilium
3461 3153 3569 3207 hoc

1979 3249 2316 3312 Conveniret,
2346 3247 2431 3317 pie
2459 3245 2686 3309 obierat,
2716 3246 3005 3315 sedemque
3035 3246 3265 3300 Abentio
3303 3254 3561 3310 cesserat,

1978 3342 2052 3397 uti
2072 3358 2132 3395 ex
2151 3338 2521 3407 subscription‘
2535 3339 2634 3390 bus
2653 3337 3026 3407 episc0porum
3045 3344 3283 3406 apparet.
3301 3336 3415 3389 Jam
3434 3350 3568 3389 vero

1978 3430 2196 3500 planum
2241 3436 2323 3482 est
2352 3424 2539 3479 Patres
2597 3425 2752 3493 lmjus
2794 3424 3006 3479 c'ncilii
3034 3440 3158 3491 non
3212 3423 3565 3478 demandasse

1977 3531 2165 3578 sancto
2204 3519 2409 3574 Isidoro
2441 3533 2629 3573 curam
2679 3514 3034 3584 componendi
3065 3514 3356 3583 liturgiam,
3403 3528 3564 3582 quam

1978 3615 2179 3684 Optime
2206 3610 2592 3678 noverant,diu
2619 3617 2773 3663 antea
2798 3608 3153 3678 compositam
3179 3606 3363 3671 fuisse,
3391 3616 3443 3661 et
3466 3622 3564 3660 usu

1981 3706 2393 3775 frequentatam,
2436 3717 2613 3771 neque
2644 3700 2901 3755 credibile
2945 3710 3025 3755 est
3057 3709 3113 3753 ut
3146 3698 3467 3760 Cassander,
3498 3697 3563 3749 ad

1979 3797 2277 3851 Pameliam
2331 3794 2592 3856 scribens,
2635 3792 3088 3846 arimmlverterat
3129 3800 3370 3845 sanctum
3400 3789 3564 3842 Isido-

1978 3900 2121 3953 rum,
2154 3886 2298 3939 libris
2332 3884 2434 3937 i‘lis
2464 3883 2530 3937 de
2562 3880 2764 3935 Ofﬁciis
2794 3881 3195 3942 ecclesiasticis,
3240 3894 3359 3933 eam
3388 3878 3566 3948 expli-

1978 3993 2130 4033 casse
2159 3986 2213 4030 ct
2243 3975 2540 4029 illustrasse
2585 3974 2848 4042 liturgiam
2881 3988 3039 4041 quam
3073 3972 3187 4040 ipse
3227 3970 3561 4025 condiderat.

2048 4066 2171 4121 195.
2222 4066 2443 4117 Domum
2491 4073 2708 4117 sanctus
2739 4063 2991 4125 Isidorus,
3045 4063 3094 4114 in
3150 4061 3296 4114 brevi
3339 4059 3565 4128 prologo

1978 4173 2138 4228 quem
2175 4156 2321 4209 fibris
2362 4154 2431 4208 de
2462 4154 2660 4207 Ul‘lieiis
2697 4152 3079 4205 ecclesiasticis
3115 4152 3398 4220 pneiuisit,
3433 4166 3563 4219 pro-

1976 4249 2148 4304 fessus
2177 4248 2442 4300 dicturum
2471 4260 2529 4298 se
2559 4244 2750 4313 quilnn
2789 4242 3102 4297 auctoribus
3127 4250 3242 4296 orta
3282 4244 3472 4313 fuerint
3501 4259 3564 4297 ea

1977 4355 2095 4411 qum
2134 4342 2186 4394 in
2230 4336 2433 4393 Ofﬁciis
2481 4335 2861 4391 ecclesiasticis
2911 4334 3267 4399 celebrantur,
3317 4350 3422 4386 non
3473 4349 3562 4387 sc-

1976 4433 2283 4503 melipsum,
2317 4446 2422 4484 non
2456 4428 2779 4493 Leandrum,
2812 4443 2910 4481 t‘cc
2940 4428 3072 4482 alios
3104 4428 3326 4496 liturgiac
3356 4426 3562 4481 ϐυιιιοο

283 4527 467 4572 ηειιιειο
496 4516 704 4573 Isidoro
736 4518 1087 4586 imposuisse;
1120 4526 1174 4570 at
1216 4517 1328 4571 limc
1358 4516 1582 4570 assertio
1614 4517 1866 4581 antiquo-

1978 4524 2222 4588 lIispana:
2246 4532 2494 4575 auctores
2517 4519 2780 4587 agnoscit,
2799 4534 2957 4587 quam
2980 4517 3308 4587 Scripturam
3331 4533 3561 4580 sacram,

290 4626 402 4663 :‘um
421 4611 747 4665 auctoritate
765 4610 981 4664 minime
1000 4610 1235 4677 fulcitur,
1259 4610 1324 4663 de
1352 4625 1413 4663 ea
1433 4609 1555 4663 silet
1579 4608 1863 4663 concilium

282 4701 607 4757 Toletanum
640 4718 714 4768 tv,
760 4702 927 4771 quod,
975 4704 1018 4757 si
1068 4703 1117 4756 id
1167 4703 1403 4756 muneris
1445 4711 1639 4756 sancto
1662 4702 1870 4757 Isidoro

282 4792 576 4859 tribuisset,
608 4807 875 4847 canonem
908 4792 975 4846 de
1007 4809 1069 4846 ca
1101 4808 1179 4858 re,
1213 4800 1269 4845 ut
1302 4791 1415 4844 ﬁeri
1467 4792 1626 4855 solet,
1682 4791 1868 4860 utique

279 4883 672 4937 constituisset.
705 4879 893 4936 Canon
942 4890 1122 4936 autem
1159 4881 1420 4950 ejusmodi
1454 4881 1628 4937 nullus
1674 4890 1869 4936 exstat.

278 4971 496 5029 Braulio
521 4973 1197 5044 quoque,etllildefousus,
1222 4975 1311 5044 qui
1334 4975 1398 5029 de
1420 4975 1670 5045 operibus
1700 4975 1873 5030 sancti

352 5131 431 5197 (al
463 5129 687 5187 Eucltol.
714 5130 909 5189 (im-cn
933 5143 1057 5200 pag.
1087 5127 1175 5182 66.
1202 5129 1300 5183 Ed.
1334 5129 1476 5200 Ven.
1503 5128 1659 5183 1750.

279 5200 430 5323 loga)
476 5201 807 5257 ReuaudoL.
856 5202 961 5255 Lit.
1002 5199 1234 5266 Oricut.,
1283 5209 1412 5255 tum.
1464 5199 1519 5268 I,
1558 5214 1678 5270 pag.
1736 5200 1871 5269 issi,

352 5308 667 5410 (c)hiissale
712 5342 1009 5405 Mozarab.,
1061 5354 1185 5412 pag.
1229 5341 1281 5404 6,
1341 5356 1461 5412 pag.
1495 5338 1620 5408 232,
1652 5350 1706 5395 et
1747 5349 1874 5395 nota

275 5428 412 5551 paid
428 5411 693 5539 ῇίῗίςιιοι.
740 5482 934 5547 Grzrc.,
968 5482 1214 5553 pag._65.
1275 5482 1600 5553 Renaudot.,
1627 5480 1728 5535 Lit.
1753 5480 1870 5547 Or.,

273 5560 415 5607 tom.
445 5552 483 5608 I.
520 5571 576 5620 p.
603 5554 673 5607 25
694 5567 745 5608 et
773 5553 898 5615 “265,
937 5550 1066 5607 tom.
1099 5550 1171 5621 Il,
1201 5568 1252 5619 p.
1295 5553 1383 5615 40,
1434 5550 1550 5605 Nl.

350 5625 425 5692 (ε)
456 5624 670 5678 Missale
722 5624 1089 5688 Mozarabutn,
1113 5641 1165 5693 p.
1193 5624 1243 5688 (5,
1272 5622 1396 5675 232.

352 5690 431 5763 (ﬂ
459 5695 621 5748 Card.
662 5694 944 5763 Barouius,
967 5696 1019 5748 in
1044 5690 1266 5756 Annal.,
1289 5696 1353 5745 ad
1377 5707 1463 5745 an.
1484 5692 1610 5763 655.
1630 5690 1874 5763 Mabillo-

270 5760 429 5828 niui,
449 5766 514 5819 de
542 5765 743 5832 Liturg.
762 5760 975 5827 Gallic},
997 5766 1091 5818 lib.
1114 5780 1152 5831 ι,
1175 5779 1293 5833 cap.
1316 5763 1367 5825 4,
1387 5778 1534 5815 num.
1554 5761 1603 5815 8.
1627 5760 1875 5817 Nicolans

269 5836 571 5902 Antonius,
603 5833 741 5890 Bibl.
767 5845 872 5890 vet.
898 5835 1070 5906 Il;sp.,
1112 5843 1247 5906 part.
1282 5851 1316 5903 ι,
1350 5849 1469 5906 pag.
1501 5833 1623 5903 9.69,
1669 5850 1720 5887 ιι.
1752 5834 1870 5889 liii.

1975 4616 2341 4685 apostolorum
2376 4610 2733 4673 traditionem,
2766 4625 2953 4664 eorum
2988 4611 3234 4663 nimirum
3266 4611 3355 4677 qui
3387 4609 3437 4661 iu
3467 4608 3561 4662 l’li-

1975 4706 2159 4775 spania
2208 4690 2474 4758 Ecclesias
2505 4701 2904 4756 constituerunt
2970 4711 3023 4755 et
3053 4699 3300 4754 Ειςριυεὶςιε
3329 4716 3562 4754 consue-

1978 4798 2236 4851 tudinem.

2048 4890 2167 4945 I‘J-I.
2218 4888 2360 4943 Nihil
2410 4886 2571 4955 igitur
2618 4882 2957 4942 auctoritatis
3015 4882 3163 4937 hisee
3221 4880 3562 4950 opinionibus

1978 4983 2315 5038 tribuendum
2356 4990 2438 5035 est
2477 4994 2595 5049 qua:
2634 4986 2882 5034 sanctum
2923 4977 3259 5043 Leandrum,
3298 4987 3390 5029 aut
3434 4989 3559 5028 san-

1975 5136 2209 5191 Joannes
2246 5135 2502 5194 Mariana,
2535 5134 2603 5188 de
2631 5132 2792 5187 rebus
2817 5130 3105 5200 Hispaniae,
3141 5129 3229 5183 lib.
3261 5143 3330 5190 vt,
3364 5142 3483 5193 cap.
3507 5124 3560 5192 5,

1977 5216 2035 5263 et
2058 5208 2143 5260 alii
2175 5216 2427 5261 auctores
2450 5203 2691 5273 Hispani,
2716 5203 2855 5257 bene
2886 5203 3059 5273 multi,
3086 5215 3221 5267 quos
3251 5212 3440 5250 OllllleS
3472 5213 3562 5273 no-

1977 5279 2215 5331 minatim
2243 5292 2529 5331 recensere
2550 5269 2709 5328 nimis
2736 5274 2950 5340 longum
2980 5270 3421 5340 foret,quo_rum__
3444 5269 3556 5335 ple-

1977 5363 2129 5416 rique
2159 5357 2435 5402 auctorem
2467 5347 2693 5413 Murgim
2745 5345 2813 5397 ab
2835 5337 3066 5395 auctore
3104 5338 3330 5393 Mi-salis
3376 5337 3553 5392 Moza-

1976 5419 2141 5473 rabici
2170 5436 2274 5470 non
2302 5417 2654 5484 distinguunt.

2072 5492 2124 5557 ri)
2156 5478 2535 5549 Guitmundns,
2577 5489 2645 5540 de
2671 5482 3020 5557 Corporisuet
3044 5478 3331 5557 sanguinis
3358 5478 3557 5532 Cllri~ti

2048 5490 2124 5611 ti)
2156 5490 2535 5549 Guitmundns,
2577 5490 2645 5540 de
2671 5490 2925 5551 Corporis
2965 5490 3020 5534 et
3044 5490 3331 5545 Sanguinis
3358 5490 3557 5532 curru

1978 5561 2027 5614 in
2082 5559 2389 5614 ‘ucbaristia
2419 5558 2665 5614 veritate,
2697 5553 2784 5606 ubi
2825 5554 2892 5607 de
2922 5552 3123 5607 Missali
3157 5550 3417 5621 Hispano,
3450 5565 3557 5602 non

1976 5641 2156 5684 autem
2179 5630 2243 5681 de
2266 5628 2501 5694 lituxgia,
2525 5624 2780 5694 loquitur.

1976 5690 2613 5845 pag/qqlggiliotbeuvet.
2652 5693 2828 5767 Hisp.,
2888 5695 2979 5751 lib.
3015 5710 3069 5763 v,
3110 5710 3230 5766 cap.
3258 5692 3311 5760 ι,
3345 5708 3396 5746 n.
3434 5690 3557 5759 190,

2046 5812 2094 5843 ο.
2130 5805 2160 5822 ..
2236 5808 2250 5823 .
