4058 6178
281 281 348 338 Π
1617 291 1620 293 '
1752 279 2137 334 NullFATlO.
3504 295 3570 349 τι

275 398 467 454 tendat
515 405 642 451 sunt
693 395 1068 465 persecutione
1117 397 1452 466 Leovigildi,
1505 397 1592 466 qui
1659 397 1878 452 ultimus
1910 401 1952 456 Α
1985 395 2248 468 lli-panos
2287 397 2454 452 solam
2506 399 2820 464 obtinuisse,
2871 410 3064 472 prmtcr
3118 402 3377 458 hactenus
3405 405 3571 471 dicta,

275 503 466 556 rogum
516 487 918 556 Visigothorum
968 485 1258 542 Ecclesiam
1290 485 1582 559 Hispanam
1630 502 1884 558 persecno

277 588 362 630 tus
396 587 499 632 est.

349 670 476 723 224.
512 669 591 725 Eo
620 669 764 724 enim
792 669 1082 736 exstincto,
1117 669 1398 739 Visigothi,
1456 686 1576 728 cum
1616 686 1741 741 rege
1779 689 1882 728 suo

281 759 621 828 Rcccarcdo,
656 760 720 813 ad
752 757 1052 815 Ecclesiam
1100 760 1422 815 catholicam
1469 762 1765 818 redierunt.
1818 762 1886 817 Et

277 851 440 904 simul
485 867 605 905 cum
653 848 845 904 Gothis
874 865 1065 920 magna
1096 849 1394 906 Suevorum
1429 853 1716 909 multitudo
1747 855 1822 922 (α)
1855 869 1886 908 a

283 940 508 1010 perﬁdia
554 939 748 993 Ariona
794 939 863 994 ad
919 940 1279 995 orthodoxam
1309 941 1467 996 fidem
1494 957 1754 1000 conversa
1782 953 1881 999 est.

281 1030 585 1086 Concilium
615 1029 932 1083 Toletanum
982 1046 1037 1084 ιιι
1087 1036 1448 1085 convocatum
1498 1031 1614 1098 fuit,
1671 1032 1723 1086 in
1756 1049 1882 1102 quo,

284 1121 431 1192 quod
461 1119 526 1174 ad
552 1136 664 1175 rem
698 1119 871 1193 liturg’
921 1135 996 1175 λιιι
1028 1119 1283 1190 pertinet,
1305 1122 1659 1177 constitutum
1704 1121 1802 1176 fuit
1829 1129 1886 1177 ut

283 1214 336 1267 in
362 1212 526 1266 missa
551 1211 864 1282 Symbolum
883 1208 1543 1282 Constantinopolitanum
1565 1214 1885 1270 recitaretur

282 1305 598 1375 priusquam
651 1303 924 1358 Dominiea
991 1303 1264 1358 diceretur
1328 1305 1501 1362 oratio
1557 1305 1651 1376 (b).
1712 1307 1882 1373 Quem

284 1397 446 1450 ritum
493 1395 927 1466 Gotho-Hispani
955 1405 1011 1452 et
1051 1395 1365 1454 Mozarabes
1392 1405 1706 1454 constanter
1755 1399 1882 1454 reti-

287 1497 541 1542 nuerunt.

349 1578 478 1632 225.
514 1579 644 1634 Post
682 1573 1088 1635 conversionem
1127 1579 1303 1648 gentis
1348 1577 1650 1652 Gothorum
1696 1579 1762 1633 ad
1791 1595 1880 1635 ca-

288 1673 544 1727 tholicam
596 1671 1032 1726 communionem
1070 1679 1288 1725 sanctus
1333 1668 1586 1736 Isidorus,
1627 1669 1738 1739 jam
1769 1672 1880 1740 epi-

1991 489 2278 560 persuadet
2305 493 2625 562 scriptorum
2651 495 3034 565 llispanorum,
3061 507 3115 552 et
3145 499 3376 554 maxime
3401 503 3576 557 sancti
3614 545 3622 555 .

1989 579 2199 645 lsidori,
2227 581 2497 636 silentium
2525 584 2591 638 de
2619 584 2723 638 alia
2751 600 3069 656 quacunque
3100 588 3311 657 litnrgia
3358 604 3477 659 qua:
3525 592 3580 646 in

1989 671 2091 725 illis
2113 671 2422 740 regionibus
2448 672 2736 743 aliquando
2765 677 2815 729 in
2842 692 2938 731 usu
2971 677 3146 733 fuerit.
3179 679 3235 733 Si
3265 682 3406 734 enim
3443 698 3582 738 unus

1988 756 2288 826 excipiatur
2324 772 2518 822 canon,
2563 774 2722 828 quem
2766 776 2891 814 mox
2944 763 3283 824 examinaho.
3343 766 3475 820 nihil
3526 767 3580 822 in

1987 848 2358 918 scriptoribus,
2409 849 2539 903 nihil
2570 851 2621 903 in
2667 851 2907 905 conciliis
2935 850 3377 921 Hispaniensibus
3426 857 3582 912 inve-

1989 942 2105 996 nire
2131 951 2211 996 est
2256 943 2401 1012 quod
2439 944 2798 1013 suspicionem
2845 956 3060 998 moveat
3103 945 3265 1000 aliam
3312 947 3580 1019 liturgiam

1987 1051 2082 1089 eos
2129 1051 2364 1104 unquam
2418 1036 2718 1106 suscepisse
2771 1046 2966 1106 prmtcr
3019 1039 3157 1093 hanc
3205 1054 3365 1095 unam
3420 1056 3581 1110 quam

1986 1125 2488 1196 Gotho-llispanam
2539 1135 2594 1182 et
2662 1135 2848 1196 postea
2901 1126 3291 1183 Mozarabicam
3338 1130 3582 1200 appella-

1987 1225 2131 1272 runt.

2055 1307 2180 1362 228.
2222 1308 2408 1364 Canon
2439 1325 2600 1380 quem
2633 1312 2880 1381 proxime
2908 1311 3134 1368 indicari
3165 1320 3248 1368 e;-t
3291 1313 3582 1383 vigesimus

1984 1399 2271 1466 secundus,
2309 1410 2420 1469 aut,
2447 1409 2508 1456 nt
2537 1401 2590 1456 in
2611 1402 2730 1457 aliis
2757 1401 3045 1459 Codicihus
3076 1404 3318 1474 ponitur,
3368 1407 3580 1475 capitu-

1987 1487 2094 1542 lum
2137 1499 2389 1557 quartum
2421 1490 2634 1545 concilii
2667 1490 2826 1558 primi
2873 1490 3218 1548 Bracarensis
3247 1510 3260 1545 :
3295 1491 3429 1546 Item
3458 1495 3576 1560 pla-

1983 1581 2087 1632 cuit
2129 1588 2182 1632 ιιι
2235 1580 2412 1634 eodem
2442 1581 2623 1634 ordine
2670 1583 2842 1635 missae
2888 1583 3206 1636 celebrentur
3241 1584 3303 1636 ob
3344 1583 3578 1639 omnibus

1983 1683 2230 1731 ououono
2260 1667 2576 1740 Profuturus
2605 1670 2675 1739 (e)
2706 1671 2839 1740 (alii,
2871 1687 2991 1726 cum
3021 1672 3209 1726 Garsia
3239 1671 3466 1743 Loaysa,
3497 1676 3576 1730 le-

284 1781 504 1834 scopus,
559 1765 810 1819 hortante
861 1765 1028 1819 fratre
1066 1779 1165 1819 suo
1207 1764 1489 1834 Fulgentio
1513 1805 1530 1832 ,
1581 1765 1880 1831 Astigitano
1919 1756 1956 1812 li
1986 1770 2115 1828 gunt
2141 1775 2282 1824 ρυειι
2317 1760 2648 1829 Profuturus)
2680 1762 2936 1830 quondam
2984 1761 3136 1831 hujus
3166 1765 3576 1832 metropolitano:

286 1858 546 1926 episcopo
575 1898 590 1922 ,
642 1855 810 1910 libros
859 1856 994 1909 duos
1045 1855 1112 1909 de
1177 1854 1556 1910 ecclesiasticis
1629 1852 1830 1909 Olliciis
1861 1895 1877 1920 ,

284 1948 518 2017 scripsit,
570 1947 762 2015 quibus
791 1946 1058 2014 liturgiam
1092 1943 1590 2015 Gotho-Hispanam
1650 1946 1879 2000 illustra~

283 2039 374 2090 vit.
408 2036 522 2090 llos
553 2037 739 2103 libros,
783 2044 839 2088 ut
871 2036 983 2105 ipse
1007 2041 1250 2100 testatur,
1275 2051 1339 2089 ea:
1369 2036 1572 2105 scriptis
1601 2036 1881 2088 vetustissi-

285 2147 483 2183 morum
537 2137 806 2182 auctorum
854 2129 1176 2196 composuit,
1219 2142 1446 2195 quorum
1494 2128 1656 2182 etiam
1706 2129 1882 2182 verbis

285 2223 611 2292 quandoque
643 2237 767 2275 usus
787 2229 889 2276 est.
917 2220 1211 2275 Dolendum
1232 2235 1364 2276 sane
1407 2234 1474 2275 ne
1511 2220 1729 2275 nomina
1759 2220 1879 2290 qui-

283 2315 399 2368 dem
445 2313 673 2367 istorum
723 2309 894 2385 [Lxrv]
950 2312 1271 2382 scriptorum
1315 2325 1634 2380 superesse,
1687 2319 1741 2364 at
1780 2310 1882 2365 hoc

283 2403 470 2456 saltem
501 2418 571 2456 ex
603 2402 914 2457 testimonio
943 2401 1114 2456 sancti
1157 2399 1396 2456 doctoris
1439 2400 1719 2465 habemus,
1771 2415 1877 2453 non

287 2494 529 2549 defuisse
559 2495 856 2563 scriptores
881 2494 971 2562 qui
995 2494 1130 2548 ritus
1157 2501 1212 2547 et
1239 2493 1589 2547 caeremonias
1627 2491 1879 2547 Ecclesia:

288 2583 534 2652 lhspana:
579 2583 952 2639 vetustissimis
1001 2583 1334 2653 temporibus
1360 2582 1564 2652 scripto
1595 2581 1879 2651 consigna-

288 2683 502 2728 verunt.

350 2765 479 2820 2%.
523 2766 817 2837 Elipandus
843 2765 1158 2832 Toletanus,
1204 2770 1261 2823 in
1289 2766 1516 2836 epistola
1539 2767 1604 2820 ad
1627 2766 1876 2820 Albinum

287 2859 375 2925 (c),
409 2858 592 2912 locum
611 2857 894 2927 quemdam
917 2858 1046 2914 citat
1073 2873 1138 2913 ex
1165 2858 1413 2913 oratione
1439 2872 1558 2926 qua:
1581 2857 1876 2911 Benedictio

286 2956 506 3003 lucerna:
528 2949 834 3004 inscribitur
858 2949 958 3020 (ιι),
984 2964 1143 3018 quem
1174 2956 1363 3004 sancto
1384 2947 1586 3004 Isidoro
1612 2949 1874 3003 attribuit.

287 3037 347 3091 Et
376 3054 520 3094 nunc
547 3041 612 3092 ad
643 3039 927 3094 concilium
953 3038 1271 3095 Toletanum
1301 3055 1354 3095 tv
1384 3039 1689 3105 redivimus,
1716 3056 1742 3093 a
1767 3055 1875 3109 quo

1986 1850 2123 1903 sedis
2146 1852 2412 1921 episcopus
2450 1849 2514 1902 ab
2572 1851 2685 1920 ipsa
2732 1852 3030 1921 apostolica:
3084 1853 3221 1908 sedis
3271 1856 3577 1909 auctoritate

1984 1941 2206 2008 suscepit
2234 1944 2500 2010 scriptum.

2055 2033 2128 2085 22
2149 2039 2181 2087 ‘.
2223 2032 2562 2088 Mabillonius
2585 2034 2654 2104 (ί)
2695 2050 2760 2088 ex
2788 2036 2891 2089 hoc
2915 2050 3127 2091 canone
3150 2042 3399 2090 constare
3420 2043 3576 2104 putat

1987 2122 2277 2177 Romanum
2307 2125 2484 2191 ritum,
2513 2127 2694 2178 saltem
2741 2126 2796 2178 in
2823 2126 3088 2195 provincia
3118 2125 3446 2190 Bracarensi,
3483 2125 3576 2180 Vi-

1983 2215 2108 2285 gilio
2127 2216 2371 2285 pontiﬁce
2397 2217 2625 2271 maximo
2652 2225 2943 2287 susceptum
2982 2217 3162 2286 fuisse.
3192 2215 3256 2272 Et
3283 2217 3574 2286 Cajetanus

1983 2305 2149 2362 Cenni
2168 2307 2264 2378 (g),
2285 2323 2350 2362 ex
2377 2307 2565 2363 eodem
2579 2323 2806 2374 canone,
2823 2317 2879 2364 et
2897 2325 2962 2364 ex
2979 2307 3181 2364 Codice
3198 2325 3466 2366 canonum
3491 2310 3571 2380 (Ii)

1983 2397 2035 2450 in
2060 2413 2166 2465 quo
2189 2398 2275 2452 hic
2298 2414 2471 2454 canon
2496 2397 2643 2470 [ων]
2671 2398 2920 2465 refertur,
2947 2400 3153 2468 putavit
3175 2401 3389 2470 probari
3412 2415 3575 2473 posse

1983 2487 2251 2555 litnrgiam
2283 2488 2582 2544 Romanam
2620 2489 2670 2543 in
2695 2505 2857 2545 omne
2898 2489 3200 2546 Gothorum
3237 2504 3460 2560 regnum
3491 2491 3575 2544 in-

1983 2577 2286 2632 tromissam
2311 2577 2492 2632 fuisse.

2051 2666 2176 2722 250.
2220 2667 2284 2721 At
2317 2683 2488 2724 canon
2521 2667 2884 2736 Bracarensis,
2913 2668 3014 2725 etsi
3057 2668 3278 2723 Missam
3306 2667 3369 2723 ab
3396 2673 3568 2724 ontni-

1980 2760 2072 2814 bus
2099 2759 2275 2814 eodem
2319 2759 2500 2814 ordine
2545 2760 2903 2814 celebrandam
2949 2777 3061 2814 esse
3104 2761 3450 2831 praescribat,
3482 2772 3568 2826 ct,

1983 2850 2298 2920 interposita
2330 2850 2642 2919 apostolica:
2688 2851 2831 2904 sedis
2859 2851 3181 2906 auctoritate
3204 2892 3219 2918 ,
3252 2851 3569 2908 varietatem

1983 2941 2179 3014 rituum
2223 2948 2278 2994 et
2322 2940 2765 2995 caeremoniarum
2801 2955 2829 2994 a
2867 2939 3152 2996 missarum
3205 2940 3570 2997 celebratione

1989 3030 2198 3085 auferre
2220 3039 2444 3086 conetur
2467 3072 2481 3097 ,
2535 3029 2832 3086 Romanam
2865 3039 3043 3086 tamen
3087 3031 3356 3100 liturgiam
3399 3033 3571 3089 susei-

287 3128 495 3197 liturgia
531 3128 996 3202 Gotho-llispana,
1048 3144 1206 3198 quem
1265 3137 1345 3184 tot
1402 3130 1608 3184 indiciis
1662 3105 1876 3200 semper

1985 3123 2230 3192 picndam
2261 3137 2380 3178 esse
2421 3133 2605 3193 aperte
2635 3138 2740 3177 non
2773 3123 3032 3193 prmcipit.
3061 3123 3177 3178 Non
3210 3123 3399 3193 ignoro
3425 3127 3570 3182 viros

285 3221 420 3289 apud
450 3220 719 3290 Hispanos
764 3222 997 3290 viguisse
1042 3219 1516 3290 deprehendimus,
1567 3221 1638 3274 ita
1675 3221 1878 3276 consti-

284 3321 392 3366 tuta
449 3322 503 3368 et
545 3313 862 3368 confirmata
889 3313 1006 3376 fuit,
1051 3323 1110 3367 ut
1139 3328 1200 3367 ea
1231 3313 1282 3367 in
1326 3322 1599 3383 posterum
1628 3312 1878 3369 Ecclesiae

284 3420 472 3460 omnes
523 3405 792 3474 Hispania:
843 3413 899 3459 et
949 3404 1137 3459 Gallia:
1165 3402 1408 3462 Gothica:
1438 3404 1550 3460 sola
1582 3420 1692 3460 usae
1722 3413 1873 3470 sunt;

286 3495 466 3548 exciso
493 3505 694 3559 autem,
728 3495 1120 3550 Saracenormn
1152 3496 1338 3560 armis,
1372 3507 1537 3564 regno
1569 3494 1875 3564 Visigozho-

287 3601 424 3653 rum,
453 3585 692 3655 llispani,
723 3586 816 3655 qui
853 3593 906 3640 et
929 3585 1242 3639 Llozarabes
1271 3585 1524 3654 appellati
1557 3594 1701 3651 sunt,
1732 3601 1878 3641 eam-

285 3674 405 3730 dem
427 3675 622 3737 solam,
656 3689 752 3742 per
778 3682 1048 3729 trecentos
1077 3682 1129 3729 et
1152 3674 1380 3743 amplius
1408 3690 1597 3739 annos,
1631 3674 1684 3728 in
1711 3676 1879 3731 sacris

287 3765 625 3820 celebrandis
664 3763 976 3819 adhibucre.
1004 3763 1243 3834 Cumque
1264 3764 1377 3820 ha-e
1408 3763 1594 3820 eadem
1618 3764 1687 3819 sit
1717 3774 1880 3835 atque

285 3855 497 3924 liturgia
529 3853 762 3910 Missalis
792 3852 1048 3920 Ximenii,
1089 3854 1227 3908 hanc
1280 3867 1499 3923 quoque
1527 3853 1877 3922 apostolicam

285 3947 530 4002 sortitam
561 3961 681 4001 esse
709 3946 971 4016 originem
1013 3961 1258 4002 asserere
1285 3960 1588 4014 possumus.

289 4059 316 4130 ᾗ
361 4058 500 4131 διν.
552 4059 632 4112 An
678 4059 887 4131 liturgia
943 4057 1180 4131 Romana
1221 4058 1285 4112 ab
1311 4057 1575 4131 _Ecclesiis
1605 4062 1878 4128 provinciw

361 4130 693 4182 Bracareusis
722 4129 776 4183 in
806 4129 1024 4183 concilio
1076 4131 1244 4200 primo
1297 4129 1606 4184 Bracarensi
1643 4142 1876 4202 suscepta

356 4203 471 4269 fuit.

359 4311 478 4366 227.
526 4312 818 4383 Liturgiam
863 4311 1358 4384 Gotho-llispanam
1391 4314 1528 4384 apud
1583 4315 1877 4369 catholicos

287 4464 473 4526 movit,
506 4463 577 4540 de
602 4479 706 4532 qua
749 4463 993 4540 Sidonius
1023 4465 1360 4540 Apollinaris,
1385 4479 1571 4523 auctor
1615 4473 1866 4540 synchro-
1899 4455 1950 4514 D

287 4549 382 4586 nus
411 4534 744 4607 mentionem
773 4534 896 4607 f_.icit
941 4536 1109 4600 Epist.
1161 4538 1250 4607 lih.
1285 4554 1373 4600 vn,
1405 4541 1558 4607 ενι-ι.
1588 4534 1718 4605 ti,'et
1745 4560 1866 4596 san-

285 4611 399 4678 ειυς
427 4601 725 4678 Gregorius
774 4603 1122 4678 Turonensis,
1175 4606 1307 4662 llist.
1361 4601 1453 4660 lib:
1503 4626 1557 4672 ll,
1607 4601 1724 4678 cap.
1775 4612 1861 4666 9.5.

287 4669 600 4744 Truncabat,
649 4674 835 4740 inquit,
890 4677 1082 4744 possint
1129 4679 1449 4743 perversitati
1502 4669 1643 4740 suae,
1674 4669 1865 4738 haeresi

284 4741 515 4806 Arianae,
548 4759 648 4796 non
680 4741 1070 4798 consentientes.
1127 4741 1352 4800 Clericos
1407 4751 1694 4803 carceribus
1724 4754 1866 4806 subi-

283 4813 451 4892 gebaz.
474 4812 790 4892 Sacerdotes
819 4831 936 4867 vero
956 4817 1086 4892 alios
1117 4815 1272 4892 dabat
1300 4819 1502 4892 exsilio,
1536 4821 1666 4892 alios
1692 4821 1865 4892 gladio

282 4880 574 4955 truncabat.
635 4882 898 4955 vaienie
952 4885 1129 4940 Eu’rici
1183 4880 1590 4955 persecutione,
1639 4880 1866 4949 fortasse

280 4951 477 5030 scripta
508 4960 592 5005 est
617 4953 1105 5030 inissa__l_)0I_ninic;_c
1135 4951 1301 5030 tertia:
1331 4968 1451 5026 post
1477 4951 1694 5015 octavas
1740 4961 1866 5030 Epi-

283 5020 520 5102 phaniae,
583 5022 733 5090 cujus
786 5023 995 5102 illatig,
1029 5025 1178 5102 _Mis.s.
1224 5020 1360 5102 Mei.
1417 5045 1537 5102 pag.
1595 5031 1656 5083 7i
1687 5074 1702 5098 ,
1744 5020 1867 5102 post

283 5091 597 5171 praclarum
629 5095 864 5171 mysterii
896 5093 1170 5171 Trinitatis
1200 5091 1617 5171 explicationem
1645 5144 1659 5167 ,
1688 5091 1720 5156 e
1745 5091 1862 5171 'qua

281 5157 333 5238 in
373 5157 701 5238 Symbolum
731 5164 1148 5238 dthanasianum
1197 5157 1362 5220 multa
1417 5157 1674 5226 translata
1716 5157 1860 5238 su'nt,

279 5231 351 5308 ita
381 5231 658 5308 concludit
687 5249 703 5308 ς
734 5235 909 5308 l’er_te
949 5252 1107 5308 unum
1133 5253 1400 5308 verumque
1430 5239 1595 5294 Deum
1620 5231 1865 5296 constan;

277 5301 404 5379 tiam
434 5301 567 5379 ﬁdes
593 5304 798 5379 accipit.
831 5303 935 5357 Per
961 5314 1008 5356 te
1028 5307 1263 5379 uirtutem
1293 5301 1448 5361 sumit
1491 5311 1785 5379 inﬁrmitas,
1816 5322 1864 5366 et

276 5371 524 5454 quidquid
575 5381 668 5454 est.
691 5375 745 5425 in
788 5377 1221 5454 persecutionibus
1247 5393 1476 5454 _sa:_vum,
1500 5371 1783 5454 quidquid.
1809 5383 1863 5436 in

277 5449 441 5492 morte
467 5441 717 5510 terribile,
749 5441 972 5498 nominis
1023 5447 1094 5500 tui
1137 5449 1455 5518 caiifessione
1484 5441 1615 5520 facis
1641 5441 1865 5522 faciliter

278 5526 545 5578 superare,
573 5521 680 5566 etc.

311 5581 642 5659 ._(u)_l)e_his
674 5582 1009 5659 Reccaredus
1037 5603 1127 5643 rex
1153 5590 1203 5644 in
1237 5591 1500 5645 concione
1530 5607 1708 5646 coram
1736 5608 1869 5647 cono

276 5665 294 5732 ι
311 5650 403 5732 ilio
435 5651 659 5732 ha_hita_:
693 5653 761 5732 Et
792 5655 1077 5732 Sueuorum
1099 5663 1283 5730 gentis,
1327 5662 1419 5726 ait,
1453 5663 1658 5732 inﬁnita
1685 5667 1863 5718 mutti-

277 5721 400 5774 tudo
438 5723 508 5776 ad
534 5725 760 5780 veritatis
791 5727 1041 5798 originem
1071 5721 1431 5787 rErocauimrts.

566 5823 834 5882 Γιτιυη..
886 5824 1049 5884 LXX
1065 5826 1194 5886 XV.

1979 3214 2218 3269 eruditos
2267 3213 2596 3269 contendere
2645 3230 2904 3268 eanoncm
2953 3215 3096 3270 hunc
3153 3215 3218 3268 ad
3283 3217 3564 3287 episto'am

1979 3309 2302 3365 dccretalem
2334 3309 2536 3380 Vigilii,
2570 3309 2854 3364 Profuturo
2886 3309 3197 3364 Brac'arensi
3228 3309 3563 3378 inscriptam,

1979 3400 2250 3468 alludere,
2305 3401 2356 3455 in
2382 3415 2487 3470 qua
2516 3400 2740 3471 epistola
2771 3409 2947 3455 exstat
2976 3399 3236 3456 articulus
3265 3401 3332 3455 de
3368 3399 3567 3455 Ordine

1981 3492 2247 3547 Romano.
2296 3493 2545 3547 Attamen
2567 3531 2582 3558 ,
2609 3492 2652 3546 si
2691 3499 2872 3560 patres
2900 3491 3256 3546 Bracarenses
3283 3490 3570 3546 voluerunt

1981 3583 2247 3653 liturgiam
2281 3583 2578 3661 Romanam
2604 3582 2655 3637 in
2702 3581 3002 3638 Suerorum
3030 3597 3251 3652 regnum
3283 3583 3564 3648 inducere,

1979 3691 2148 3744 quare
2177 3684 2283 3730 tam
2324 3675 2552 3730 obscure
2599 3674 2760 3729 locuti
2801 3674 2965 3728 sunt?
3011 3671 3189 3741 Quare
3233 3682 3420 3743 aperte
3459 3691 3567 3730 non

1980 3765 2229 3821 dixerunt
2253 3784 2266 3819 :
2299 3765 2431 3820 Item
2460 3767 2652 3836 placuit
2677 3775 2732 3820 ut
2761 3783 2935 3822 omnes
2964 3767 3144 3822 ordine
3172 3766 3410 3824 Romano
3439 3771 3566 3824 mis-

1979 3877 2064 3914 sas
2096 3861 2291 3930 faciant
2315 3860 2338 3912 ?
2363 3860 2419 3912 Si
2443 3898 2457 3921 ,
2489 3859 2593 3913 hoc
2621 3874 2729 3914 uno
2759 3873 2968 3914 canone
2990 3899 3005 3923 .
3031 3868 3088 3914 et
3111 3859 3310 3915 rituum
3337 3876 3567 3916 concor-

1979 3951 2118 4001 diam
2145 3988 2164 4015 ,
2191 3957 2248 4002 et
2281 3949 2509 4018 litnrgiaa
2556 3947 2813 4002 Romanae
2840 3949 3236 4020 susceptionem
3276 3951 3563 4021 complecti

1980 4039 2262 4093 voluerunt
2288 4080 2303 4104 ,
2329 4053 2497 4107 quare
2534 4047 2643 4091 tam
2687 4038 2935 4094 distincte
2982 4040 3212 4109 primum
3237 4040 3524 4097 edixerunt
3546 4081 3565 4107 ,

1980 4137 2035 4181 nt
2057 4127 2125 4182 de
2153 4142 2219 4181 eo
2247 4141 2405 4182 nemo
2435 4126 2681 4182 dubitare
2715 4129 2919 4196 possit,
2953 4129 3246 4183 secundum
3275 4133 3410 4187 adeo
3440 4135 3565 4188 obs—

1978 4235 2136 4287 cure,
2173 4219 2413 4274 utetiam
2442 4235 2471 4273 a
2503 4218 2720 4273 nomine
2747 4218 2971 4287 liturgim
3005 4218 3261 4274 Romanae
3288 4224 3563 4278 abstinue-

1978 4311 2127 4364 rint?
2173 4309 2357 4380 Neque
2390 4325 2454 4364 cx
2504 4308 2764 4363 Dccrctili
2819 4306 2988 4377 Vigilii
3022 4309 3085 4377 (i)
3123 4309 3328 4364 eruitur
3368 4310 3561 4366 Braca-

2066 4466 2118 4531 ὁ)
2161 4468 2292 4522 Can.
2323 4465 2376 4519 2.
3604 4507 3616 4531 ,

2043 4467 2118 4659 £3
2323 4467 2489 4606 ἔξιθι-ει
2518 4535 2745 4601 Aleoini,
2782 4543 2818 4587 t.
2862 4533 2929 4602 ll,
2967 4533 3071 4590 col.
3101 4535 3227 4603 917,
3259 4533 3356 4590 Ed.
3383 4535 3556 4592 Paris.

2043 4609 2059 4659 (
2108 4615 2120 4659 t
2151 4607 2294 4659 Miss.
2330 4606 2622 4659 Mozarab..
2649 4620 2769 4659 naa.
2801 4605 2920 4658 1'76.

2042 4605 2120 4676 (d)
2151 4607 2294 4662 Miss.
2330 4605 2622 4668 Mozarab.,
2649 4620 2769 4675 pag.

2041 4673 2111 4746 (ε)
2154 4677 2400 4745 Antiqua:
2433 4673 2801 4746 Concilioruni
2823 4673 3093 4746 Editiones
3123 4674 3324 4746 habent
3351 4693 3560 4740 ououo-

1968 4743 2058 4811 no,
2082 4743 2353 4801 Editiones
2381 4760 2511 4798 vero
2532 4743 2732 4808 Lahbe,
2762 4744 3017 4799 llarduini
3041 4754 3096 4799 et
3123 4745 3190 4800 de
3219 4745 3470 4816 Aguirre,
3503 4751 3554 4803 in

1969 4825 2119 4873 textu
2163 4816 2363 4870 habent
2388 4831 2553 4880 oueu,
2585 4816 2636 4869 in
2663 4816 2899 4883 margine
2927 4831 3198 4879 ououooo.

2046 4886 2114 4958 (1)
2147 4885 2222 4958 De
2251 4885 2452 4958 Lriturg.
2478 4885 2775 4958 Gallicana,
2807 4885 2898 4958 li_b_._
2935 4902 2969 4950 ι,
3007 4901 3127 4956 cap.
3156 4884 3213 4958 4,
3247 4900 3368 4955 pag.
3396 4887 3484 4940 5t.

2041 4955 2116 5029 (g)
2168 4957 2532 5079 Deségtiquit.
2586 4955 2788 5011 Eccles.
2842 4955 3089 5025 lli-pan.,
3115 4957 3328 5012 dissert.
3364 4973 3457 5025 vn,
3501 4974 3555 5013 ιι.

2041 5043 2214 5079 .0112.
2290 5041 2294 5050 “
2360 5070 2371 5079 .

1970 5028 2214 5091 15,1):13.
2248 5028 2371 5080 5‘30.

2038 5046 2371 5167 (ὦ)ῗὶἸίῖᾶ
2395 5099 2474 5150 tit.
2511 5096 2596 5161 15,
2632 5097 2719 5151 ubi
2767 5097 2896 5157 liter,
2926 5096 3060 5167 quod
3081 5097 3237 5167 juxta
3267 5098 3552 5150 auctorita-

1968 5183 2065 5225 tem
2095 5171 2390 5238 apostolicw
2411 5169 2546 5240 sedis
2576 5186 2606 5220 α
2630 5167 2912 5240 Profuturo
2934 5168 3324 5240 metrogoiitano
3346 5181 3557 5240 suscep-

1968 5253 2073 5294 tam
2096 5235 2368 5292 missarum
2406 5239 2533 5292 ordo
2561 5235 2748 5292 debeat
2773 5236 3038 5290 celebrari.
3092 5235 3243 5289 Brac.
3289 5248 3330 5297 ι,
3379 5235 3461 5289 tit.
3498 5237 3553 5302 4,

1968 5328 1997 5364 a
2027 5326 2146 5378 cap.
2178 5309 2265 5372 6|,
2296 5319 2350 5364 et
2379 5324 2580 5372 rursus,
2607 5308 2761 5372 infra,
2794 5308 2858 5362 de
2887 5308 3106 5378 Pascha:
3134 5305 3547 5378 annuntiatione,

1968 5382 2030 5435 de
2050 5374 2253 5450 precum
2281 5380 2492 5450 ordine,
2522 5387 2572 5450 et
2600 5379 2963 5450 demissorum
2991 5376 3333 5431 solemnitate.
3379 5374 3550 5446 Epist.

1969 5447 2142 5518 Vigilii
2182 5451 2247 5503 a.l
2280 5449 2506 5511 Profut.,
2540 5449 2620 5502 tit.
2665 5449 2716 5509 5,
2765 5465 2866 5518 ac.
2897 5447 2984 5502 98.

2039 5514 2340 5591 ZiiExstat
2367 5520 2480 5572 haec
2507 5518 2733 5591 epistola
2764 5517 2937 5591 Vigilii
2966 5515 3107 5591 apud
3137 5515 3336 5591 em._de
3359 5514 3550 5591 A_guir-

1966 5608 2026 5648 re
2052 5586 2262 5651 (Cone.
2299 5588 2448 5658 lliisp.
2485 5597 2522 5641 t.
2548 5587 2613 5652 ll,
2645 5599 2777 5658 pag1
2781 5587 2904 5658 7375
2925 5628 2940 5652 ,
2964 5587 3106 5658 apud
3136 5586 3314 5658 Labbe
3336 5623 3350 5649 .
3375 5586 3546 5658 Cone.

1971 5661 2086 5782 ENV
2112 5659 2283 5782 ῘᾗὲτόΙ.
2325 5657 2420 5712 511
2458 5698 2472 5723 ,
2505 5667 2560 5714 et
2586 5661 2729 5728 apul
2758 5656 3090 5715 Harduinttm
3118 5703 3132 5724 ,
3186 5657 3349 5711 Cone.
3389 5665 3427 5712 t.
3462 5656 3502 5710 ll
3524 5696 3542 5722 ,

1971 5733 2072 5787 col.
2112 5731 2169 5781 Η

3061 5823 3098 5882 3
