4058 6178
485 295 552 348 75
1923 271 2310 328 l'iidil’ATIO.
3693 268 3760 323 τι)

485 403 654 458 reosis
701 399 986 470 provinciae
1044 393 1311 448 Et-clesias
1361 390 1462 443 hac
1503 397 1743 456 t-tnpore
1795 386 2062 454 liturg—iam
2097 389 2139 447 Α
2170 402 2286 439 rum
2317 385 2518 439 dierum
2555 382 2918 443 multitinline,
2954 381 3143 436 missas
3184 381 3443 437 haberent
3487 383 3746 449 diversas,

487 497 781 551 Humanam
813 491 1111 545 admisisse.

551 588 676 641 9.3!.
719 586 1033 637 Profuturus
1091 573 1436 631 Bracarensis
1495 569 1782 639 episcopus
1828 567 2060 622 Silverio

485 677 727 734 I‘ontilit-i
759 674 1067 743 scripserat,
1101 682 1332 737 eumque
1361 665 1428 718 de
1455 664 1540 716 die
1571 660 1734 716 futuri
1767 659 2069 723 Paschalis,

481 772 544 821 de
578 771 746 820 forma
771 762 1128 834 baptismatis,
1148 758 1215 813 de
1242 755 1601 811 Ecclesiarum
1627 752 2034 808 consecratione
2051 788 2068 814 ,

481 861 632 927 aliisq
661 873 706 913 ‘e
735 859 800 912 de
828 856 989 910 rebus
1013 894 1027 918 ,
1071 853 1536 917 interrogaverat,
1580 847 1720 901 inter
1746 861 1879 916 quas
1907 845 2070 898 etiam

479 955 546 1006 de
595 951 784 1006 ordine
811 949 985 1002 missm
1037 944 1294 999 Romamn
1314 983 1328 1008 ,
1359 956 1427 994 an
1457 955 1556 1010 pro
1584 937 1985 993 solemnitatum
2018 943 2072 990 et

480 1047 739 1101 festorum
784 1053 1007 1094 numero
1049 1037 1292 1090 diversus
1330 1040 1510 1095 esset,
1561 1046 1631 1084 an
1674 1028 1813 1083 idem
1860 1042 2075 1096 semper

481 1133 664 1187 firet?
705 1130 837 1185 Huic
867 1125 1106 1197 epistola
1133 1124 1151 1192 (
1179 1121 1407 1175 Silverio
1445 1119 1554 1190 jam
1582 1128 1673 1173 aut
1699 1125 1912 1173 mortuo
1937 1158 1955 1185 ,
1979 1124 2073 1171 aut

484 1225 536 1278 in
569 1223 812 1278 ex~ilium
845 1214 1162 1288 deportato)
1193 1212 1416 1280 Vigilius
1447 1211 1747 1280 respondit.

552 1313 673 1368 2'52.
718 1309 780 1364 Et
801 1352 816 1378 ,
847 1309 988 1379 quod
1018 1305 1086 1360 ad
1114 1320 1226 1359 rem
1258 1310 1494 1358 nostram
1527 1301 1690 1367 facit,
1721 1301 1838 1355 haec
1867 1298 2028 1353 habet
2055 1314 2068 1350 :

486 1407 733 1460 Ordinem
789 1415 988 1474 quoque
1037 1413 1242 1468 precum
1269 1437 1284 1461 ,
1335 1395 1388 1448 in
1423 1393 1715 1447 celebritate
1762 1392 2069 1454 missarum,

485 1499 626 1550 nullo
656 1511 748 1548 nos
779 1503 1007 1558 tempore
1027 1528 1040 1551 ,
1073 1486 1214 1541 nulla
1239 1485 1512 1554 festiuitate
1539 1524 1556 1550 ,
1594 1483 1950 1552 signiﬁcamus
1975 1482 2072 1533 Ita-

483 1591 603 1644 bere
641 1590 892 1642 diversum
919 1623 934 1648 ,
977 1582 1067 1636 sed
1108 1595 1308 1648 semper
1336 1577 1513 1631 eodem
1545 1586 1720 1630 tenore
1745 1574 1917 1628 oblata
1963 1571 2073 1626 Deo

487 1695 700 1733 numera
727 1689 1049 1730 consecrare.
1081 1669 1288 1734 Quoties
1316 1684 1432 1721 vero
1468 1665 1766 1726 Paschalis,
1803 1663 2075 1717 Pentecos-

484 1784 556 1826 tes
578 1815 591 1836 ,
626 1769 938 1843 Epiphania:
961 1806 974 1832 ,
1005 1773 1400 1830 sanctorumque
1431 1759 1528 1813 Dei
1557 1760 1711 1830 fuerit
1739 1757 1940 1827 agenda
1969 1759 2073 1827 fes-
2108 1751 2148 1810 Β

484 1867 654 1918 licitas
671 1906 685 1930 ,
716 1860 920 1931 singula
947 1855 1174 1927 capitula
1196 1853 1371 1907 diebus
1392 1860 1514 1918 apta
1538 1848 1858 1919 subiicimus,
1889 1848 2069 1919 quibus

483 1953 1019 2011 rommemorationem
1066 1956 1261 2002 sancta:
1315 1944 1658 1998 rolemnitutis
1688 1982 1702 2005 ,
1761 1950 1852 1994 aut
1894 1956 2072 1994 eorum

484 2049 702 2118 facimus
729 2058 944 2116 quorum
971 2039 1212 2094 natalitia
1241 2035 1554 2090 celebramus
1573 2074 1586 2087 .
1615 2034 1812 2086 Cretera
1838 2049 1954 2087 vero
1976 2049 2066 2086 or-

485 2139 604 2192 dine
637 2143 874 2191 consueto
906 2133 1281 2205 prosequimur.
1331 2124 1510 2196 Quapr
1545 2135 1656 2194 pter
1685 2135 1732 2178 et
1787 2126 1948 2194 ipsius
1978 2141 2070 2178 ca-

485 2234 686 2288 nonica:
705 2230 873 2302 precis
902 2239 1092 2282 textum
1120 2225 1400 2279 direximus
1422 2220 1593 2275 subter
1617 2219 1876 2290 adjectum
1895 2236 2070 2289 quant,

484 2326 595 2380 Deo
622 2323 844 2396 propitio
873 2365 886 2386 ,
919 2337 984 2375 ex
1012 2317 1296 2390 apostolica
1326 2312 1602 2367 traditione
1629 2312 1917 2375 accepimus
1943 2349 1955 2362 .
2004 2307 2073 2362 Et

490 2427 545 2469 ut
577 2415 804 2469 Charitas
835 2423 919 2465 tua
963 2417 1235 2480 cognoscat
1257 2403 1438 2477 quibus
1468 2403 1594 2456 locis
1618 2403 1790 2472 aliqua
1821 2402 2073 2471 festivita-

488 2507 624 2561 tibus
658 2515 780 2575 apta
837 2511 1101 2557 connectes
1128 2543 1140 2566 ,
1191 2496 1453 2568 paschalis
1479 2494 1583 2548 diei
1627 2509 1802 2563 preces
1832 2493 2073 2546 similiter

485 2600 553 2652 ad
551 2599 783 2668 iecimus.

553 2687 680 2741 233.
721 2686 851 2752 Qua:
880 2684 1053 2752 Vigilii
1097 2681 1260 2736 verba
1308 2678 1373 2732 ad
1423 2676 1595 2731 misste
1624 2689 1886 2731 canonem
1917 2716 1933 2742 ,
1965 2690 2074 2730 non

485 2784 662 2829 autem
695 2774 758 2827 al
785 2774 1048 2840 integram
1075 2770 1289 2822 missam
1316 2766 1635 2824 Romanam,
1667 2763 1938 2832 pertinere
1963 2776 2076 2830 pcr-

487 2864 732 2932 spicuum
765 2869 865 2916 est.
925 2859 1056 2913 Nam
1084 2859 1232 2912 solus
1279 2856 1455 2909 misSte
1506 2853 1763 2907 Romamn
1785 2866 1957 2906 canon
1986 2865 2075 2905 eo-

490 2946 612 2999 dem
646 2953 834 2998 tenore
863 2946 1177 2996 constanter
1201 2937 1458 3020 recitatur
1484 2976 1498 2998 ,
1546 2950 1652 2988 non
1695 2948 1825 2987 vero
1854 2947 1918 2986 ea
1958 2945 2078 3002 quae

489 3051 749 3092 canouem
787 3033 1096 3105 princedunt
1137 3038 1193 3084 et
1237 3032 1661 3094 consequuntur.
1708 3021 1871 3078 Certe
1896 3063 1911 3088 ,
1945 3031 2077 3077 tent-

487 3144 619 3199 pore
649 3126 824 3196 Vigilii
849 3167 863 3189 ,
895 3124 1076 3178 multae
1104 3130 1158 3176 et
1187 3121 1410 3175 diversa:
1440 3118 1773 3188 praefationes
1814 3114 1866 3168 in
1896 3111 2075 3168 missis
2108 3095 2152 3156 (ἶ

489 3221 884 3283 recitabantur,
918 3223 973 3271 et
996 3214 1270 3270 orationes
1299 3210 1479 3264 multa:
1499 3209 1767 3275 variaeque
1788 3212 1916 3258 ante
1944 3219 2081 3274 prat—

491 3311 736 3379 {ationem
760 3349 773 3371 ,
807 3315 863 3361 et
883 3304 1134 3360 absoluto
1161 3314 1404 3361 canone,
1439 3297 1792 3362 dicebantur,
1823 3292 2083 3365 quemad-

491 3397 706 3451 modum
731 3393 1158 3451 Sacramentaria
1181 3396 1390 3446 vetusta
1415 3427 1431 3452 ,
1463 3383 1634 3458 [LXVI]
1662 3384 1995 3440 Leonianum
2026 3391 2084 3439 et

489 3486 855 3551 Gt-lasiauum,
880 3485 1274 3540 d-monstrant.
1299 3480 1357 3535 In
1383 3493 1592 3534 canone
1613 3489 1830 3547 quoque
1853 3474 2083 3544 capitula

491 3579 666 3631 diebus
691 3588 814 3647 apta
844 3576 1216 3630 inserebantur
1238 3572 1378 3642 infra
1398 3570 1686 3635 actionem,
1718 3567 1793 3623 uti
1823 3567 1876 3621 in
1899 3565 2087 3621 Sacra-

495 3670 761 3724 mentario
801 3666 1084 3721 Gelasiano
1114 3663 1299 3717 videre
1323 3670 1423 3718 est.
1460 3685 1462 3687 -

562 3757 688 3812 234.
731 3756 846 3811 lloc
875 3765 1052 3810 autem
1075 3769 1140 3808 ex
1161 3751 1512 3822 responsione
1538 3748 1720 3818 Vigilii
1744 3747 1875 3802 satis
1901 3755 2085 3818 aperte

497 3857 672 3926 patet,
705 3847 973 3916 liturgiam
1002 3860 1109 3914 qua
1153 3840 1496 3896 Bracarensis
1528 3837 1804 3909 provincia
1836 3836 2087 3890 utebatur

496 3944 548 3996 in
577 3956 643 3996 eo
672 3955 701 3994 a
737 3938 978 3992 Romana
1023 3935 1188 3989 fuisse
1215 3930 1528 3991 dissimilem
1557 3970 1572 3994 ,
1600 3926 1745 3998 quod
1776 3926 1891 3980 hare
1920 3940 2084 3980 cano-

499 4050 623 4093 nem
675 4029 933 4095 haberet,
966 4039 1185 4095 precum
1217 4021 1492 4086 ordinem,
1524 4026 1578 4072 et
1601 4015 1895 4072 verborqu
1928 4023 2084 4067 teno-

496 4143 612 4183 rem
635 4120 881 4178 eumdem
905 4123 1217 4173 constanter
1245 4111 1587 4173 retinentem,
1622 4105 1710 4161 illa
1733 4119 1864 4160 vero
1888 4102 2087 4156 nullam

497 4218 678 4274 missm
698 4221 902 4284 partem
930 4211 1152 4264 haberet
1171 4219 1290 4275 qua:
1320 4201 1590 4258 variabilis
1620 4215 1727 4255 non
1757 4197 1949 4262 luerit;
1981 4210 2088 4265 quo

500 4315 726 4378 apparet
769 4305 984 4358 missam
1010 4296 1414 4353 Bracarensium
1444 4291 1687 4346 eamdem
1720 4289 1882 4343 fuisse
1927 4295 2091 4355 atque

501 4396 1003 4464 Gotbo-llispanam
1029 4429 1046 4453 ,
1090 4391 1142 4442 in
1167 4401 1270 4457 qua
1302 4387 1402 4439 ista
1433 4383 1717 4437 missarum
1739 4421 1754 4447 ,
1785 4391 2006 4448 precum
2036 4382 2091 4430 et

507 4490 815 4546 orationum
847 4483 1080 4536 varietas
1105 4477 1388 4532 manifeste
1411 4472 1666 4527 cernitur.

573 4580 698 4633 253.
745 4579 831 4637 At,
863 4588 984 4627 cum
1013 4572 1063 4626 in
1092 4565 1347 4623 decretali
1375 4563 1602 4634 epistola
1637 4561 1808 4631 Vigilli
1834 4561 1976 4614 nulla
2002 4557 2094 4614 fiat

502 4671 707 4727 mentio
734 4666 803 4720 de
832 4661 1044 4729 hturgia
1070 4658 1313 4712 Romana
1335 4653 1674 4723 suscipienda
1695 4693 1711 4719 ,
1742 4667 1805 4706 ac
1833 4667 1900 4705 ne
1931 4650 2090 4704 mini-

501 4776 646 4816 mum
696 4757 908 4827 quidem
960 4749 1214 4804 indicium
1264 4746 1334 4801 sit
1375 4743 1691 4798 Bracarensi
1741 4742 1998 4812 episcopo
2038 4739 2091 4794 in

500 4855 744 4907 animum
794 4844 1006 4899 venisse
1038 4846 1313 4908 receptum
1355 4849 1464 4891 sure
1514 4833 1802 4902 provinci-,1:
1844 4832 2090 4884 ordinem

503 4943 804 5012 liturgicutn
853 4943 1100 4999 mutare,
1153 4946 1221 4986 ex
1250 4931 1353 4984 hac
1403 4925 1630 4997 epistola
1670 4923 1861 4979 deduci
1909 4924 2096 4992 nequit

502 5035 654 5104 regni
684 5032 982 5086 Suevorum
1011 5021 1302 5088 Ecclesias,
1333 5018 1580 5073 abdicata
1611 5015 1866 5085 Hispana,
1893 5013 2093 5068 Ruina-

505 5141 627 5180 nam
658 5119 927 5190 iiturgiam
955 5117 1059 5170 hoc
1083 5122 1328 5182 tempore
1357 5107 1653 5163 admishse.

575 5214 701 5269 256.
741 5211 928 5281 Neque
953 5207 1056 5262 alia
1085 5203 1296 5258 videtur
1342 5199 1506 5254 fuisse
1535 5212 1696 5252 causa
1729 5210 1826 5250 cur
1871 5192 2094 5260 Vigilius

505 5310 575 5364 de
619 5307 844 5376 litui-gite
894 5302 1155 5357 Romam:
1205 5309 1416 5352 canone
1467 5291 1794 5346 mentionem
1855 5282 2093 5345 fecerit,

508 5414 667 5470 quam
691 5373 1044 5450 tit-Profuturi
1073 5387 1370 5445 curiositati
1395 5381 1733 5439 satisfaceret
1754 5421 1768 5443 ,
1798 5376 1888 5445 qui
1917 5413 1932 5438 ,
1957 5373 2094 5428 ritus

512 5492 784 5546 Romanos
812 5483 1068 5540 noscendi
1115 5479 1342 5550 cupidus
1383 5473 1693 5546 pontiﬁcem
1725 5470 2092 5533 interrogave-

511 5593 630 5648 rat,
664 5599 729 5636 an
755 5621 770 5647 ,
801 5577 1247 5648 quemadmodum
1281 5576 1333 5630 in
1379 5570 1653 5641 Hispania,
1685 5581 1784 5636 pro
1815 5562 2091 5629 liturgico-

584 5699 661 5766 (ιι)
703 5695 775 5748 De
806 5691 1006 5766 Liturg.
1038 5689 1225 5766 Gallic.
1253 5728 1267 5766 τ
1301 5687 1392 5766 lib.
1426 5701 1484 5766 is
1513 5699 1633 5751 cap.
1668 5679 1701 5731 4
1725 5689 1890 5766 ,_pal;,:.
1919 5673 2006 5766 3.1..

803 5745 1121 5831 antiqiiitate
1147 5745 1393 5812 Ecclesiae
1426 5745 1708 5824 llispa'nte,
1755 5759 1791 5802 t.
1827 5747 1866 5800 ll
1891 5787 1906 5813 ,
1957 5745 2084 5796 (“SS-

2173 471 2427 527 Romanis
2474 487 2590 524 [n05
2635 469 2823 523 similis
2869 465 3065 533 fuerit,
3117 475 3172 521 et
3216 468 3438 538 :equalis
3468 468 3750 526 missarum

2171 561 2454 616 multitu‘lo
2501 569 2662 628 atque
2730 558 2980 612 varietas.
3039 558 3133 613 Cui
3185 560 3477 628 responlet
3528 560 3752 628 Vigilius

2171 655 2466 710 Ecclesiam
2497 652 2795 708 Romanam
2824 653 2962 706 hanc
2989 651 3293 706 orationum
3326 659 3381 706 et
3408 667 3626 721 precum
3658 669 3754 707 va-

2172 752 2418 808 rietatem
2467 765 2574 803 non
2617 747 2941 810 admittere,
2993 746 3084 799 νά
3122 761 3322 814 semper
3367 745 3751 828 eodechnore

2171 844 2343 900 oblata
2373 841 2479 896 Deo
2506 857 2717 895 munera
2747 854 3070 893 consecrare.
3101 835 3268 906 Eique
3299 845 3504 891 t~*-xtum
3534 840 3750 894 canoni-

2172 952 2246 992 ca:
2273 935 2436 1006 preris
2487 933 2654 1005 (nam
2684 930 2753 986 de
2800 944 3009 985 canone
3054 928 3229 982 missa:
3279 928 3648 1000 loquebatur)
3701 941 3758 986 et

2173 1025 2446 1096 exemplar
2469 1023 2642 1076 missu:
2670 1019 2935 1096 paschalis
2977 1019 3120 1072 misit
3149 1059 3165 1084 ,
3199 1027 3256 1072 ut
3278 1059 3293 1082 ,
3345 1019 3409 1072 iis
3461 1019 3715 1087 ὶηςμθειξε
3739 1061 3756 1086 ,

2172 1117 2365 1173 seriem
2395 1115 2616 1183 liturgie
2640 1095 2898 1167 Romanae
2923 1151 2938 1174 ,
2970 1110 3192 1179 ejusque
3215 1113 3281 1164 ab
3310 1109 3497 1165 ordine
3524 1109 3758 1179 "iSpaIIO

2175 1207 2584 1276 discrepantiam
2611 1246 2627 1273 ,
2657 1203 2853 1260 clarius
2876 1204 3239 1271 dignosceret.

2244 1298 2366 1353 237.
2409 1299 2476 1353 At
2501 1340 2516 1366 ,
2541 1296 2818 1367 inquiunt,
2847 1309 3022 1353 canon
3075 1293 3423 1348 Biacarensis
3451 1293 3596 1350 clare
3624 1309 3763 1365 prse-

2175 1389 2307 1460 cipit
2350 1396 2409 1448 ut
2447 1389 2624 1443 missa:
2668 1386 2738 1441 ab
2784 1384 3033 1440 omnibus
3075 1400 3136 1438 eo
3183 1383 3368 1438 ordine
3416 1384 3760 1440 celebrentur

2174 1499 2323 1554 quem
2353 1481 2664 1551 profuturus
2693 1478 2865 1533 Roma
2893 1478 3114 1532 missum
3147 1477 3375 1545 accepit.
3417 1476 3574 1542 Quod
3617 1477 3761 1532 idem

2175 1582 2259 1626 est
2287 1587 2351 1626 ac
2377 1571 2418 1626 si
2467 1570 2815 1639 pnecepisset
2847 1576 2902 1622 ut
2947 1567 3122 1621 missa:
3166 1566 3234 1621 ab
3276 1567 3527 1622 omnibus
3573 1570 3761 1622 ordine

2178 1663 2422 1717 Romano
2452 1662 2640 1716 tierent
2663 1701 2680 1728 ,
2711 1667 2877 1727 atque
2922 1657 3057 1712 adeo
3090 1666 3148 1712 ut
3178 1658 3389 1725 liturgia
3431 1658 3674 1712 Rontana
3707 1660 3760 1714 in

2179 1763 2291 1811 tota
2319 1753 2567 1808 Golian-ia
2601 1753 2951 1822 recipi-retur.
2999 1750 3339 1805 Mabillonius
3363 1751 3584 1806 minime
3608 1751 3765 1806 dubi-

2175 1853 2251 1900 tat
2272 1843 2400 1913 quin
2431 1843 2564 1897 ordo
2592 1841 2679 1896 ille
2704 1839 2866 1895 fuerit
2911 1838 3228 1894 Gelasianus
3278 1839 3374 1911 (a).
3428 1840 3536 1894 Nec
3581 1842 3763 1909 negati

2172 1943 2351 2005 potest
2379 1935 2676 1988 Romanam
2707 1931 3023 1995 Ecclesiam,
3057 1929 3281 1985 sedente
3308 1929 3526 2000 Vigilio,
3563 1927 3760 1986 Sacra-

2175 2027 2438 2081 mentario
2469 2023 2755 2080 Gelasiano
2785 2037 2938 2077 usam
2972 2036 3116 2078 esse.

2244 2118 2368 2173 2'58.
2411 2117 2516 2172 ScJ
2547 2132 2614 2170 ne
2637 2116 2878 2171 dicamus
2907 2113 3397 2167 Sacramentarium
3418 2111 3763 2168 Gelasimum

2175 2212 2239 2265 a.l
2272 2209 2618 2264 Profuturum
2642 2208 2865 2261 missum
2896 2220 3014 2260 esse
3042 2245 3058 2272 ,
3083 2206 3261 2258 obstat
3285 2203 3464 2273 Vigilii
3495 2206 3719 2274 epistola
3743 2244 3761 2269 ,

2175 2303 2228 2358 in
2258 2317 2363 2372 qua
2389 2301 2577 2356 scribit
2612 2314 2672 2355 se
2697 2298 2871 2353 misse
2901 2313 3164 2352 canonem
3195 2306 3251 2349 et
3283 2297 3500 2350 missam
3533 2299 3765 2366 pascha-

2177 2393 2280 2447 letn
2332 2391 2580 2452 misisse;
2614 2390 2682 2445 de
2725 2388 3163 2443 Sacramentario
3211 2385 3502 2441 Gelasiano
3545 2404 3766 2456 prorsus

2176 2485 2316 2539 s'let.
2349 2481 2498 2538 Unde
2539 2481 2830 2547 Cajetanus
2860 2478 3030 2534 Cenni
3065 2477 3136 2548 ib)
3179 2487 3324 2533 recte
3361 2478 3575 2547 quidem
3609 2487 3766 2546 negat

2177 2573 2668 2628 Saeramentarium
2722 2569 3068 2624 Gelasianutn
3114 2565 3405 2621 Profuturo
3443 2567 3606 2622 fuisse
3635 2569 3765 2622 mis-

2178 2685 2296 2726 sum
2325 2686 2339 2735 ;
2372 2677 2427 2722 at
2454 2667 2504 2720 in
2537 2681 2603 2720 eo
2632 2665 2774 2734 quod
2801 2663 2949 2718 addit
2973 2706 2987 2729 ,
3034 2665 3287 2732 integrum
3315 2663 3548 2716 ordinent
3596 2666 3766 2717 ηιίεςοε

2183 2760 2435 2815 Romanae
2477 2757 2724 2826 Vigilium
2771 2756 2822 2811 in
2855 2755 3166 2826 Hispaniam
3216 2771 3320 2811 non
3369 2755 3578 2812 misisse
3603 2795 3619 2820 ,
3652 2756 3765 2808 viro

2180 2854 2393 2911 erudito
2441 2852 2662 2906 minime
2708 2849 3024 2914 assentior;
3073 2847 3202 2901 mihi
3250 2848 3393 2900 enim
3441 2856 3646 2902 certum
3686 2857 3768 2901 ert

2181 2949 2396 3003 missam
2428 2945 2588 2998 eti-un
2619 2941 2924 3013 paschalem
2951 2979 2966 3004 ,
2998 2954 3162 3008 quam
3194 2937 3445 3007 Vigilium
3476 2935 3768 2992 Profuturo

2183 3039 2391 3093 misisse
2436 3041 2684 3098 constat,
2717 3032 2984 3102 integrum
3026 3029 3269 3085 ordinem
3301 3029 3476 3084 missa:
3510 3028 3766 3085 Romana:

2186 3130 2526 3199 complexam
2555 3141 2694 3180 esse.

2254 3218 2379 3273 259.
2421 3216 2654 3272 Cennius
2692 3214 2852 3270 etiam
2885 3213 3206 3283 peculiarem
3233 3211 3540 3281 opinionem
3581 3209 3770 3283 [ωινιι]

2187 3313 2349 3368 habet
2367 3311 2506 3364 circa
2532 3308 2774 3363 ordinem
2827 3305 3129 3360 Romanum
3161 3319 3321 3376 quem
3353 3304 3604 3374 cpinatttr
3637 3303 3768 3356 Bra-

2184 3417 2454 3462 carenses,
2488 3414 2782 3468 omnesque
2811 3396 3077 3467 Hispanos
3102 3437 3117 3462 ,
3150 3397 3253 3451 hoc
3278 3403 3520 3464 tempore
3540 3435 3554 3459 ,
3586 3411 3648 3448 su
3677 3409 3765 3449 ce-

2187 3497 2328 3565 pisse
2360 3495 2452 3562 (c).
2505 3491 2665 3545 Putat
2694 3490 2834 3545 enim
2858 3487 3090 3543 orationi
3121 3495 3234 3554 post
3263 3494 3472 3538 sanctus
3503 3484 3769 3552 integrum

2184 3599 2448 3640 cmonem
2480 3581 2780 3636 Romanum
2809 3578 3106 3646 subjectum
3131 3574 3324 3639 fuisse,
3357 3588 3465 3641 quo
3496 3573 3766 3640 absoluto,

2185 3681 2483 3735 Orationem
2532 3687 2645 3749 post
2672 3684 2869 3731 secreta
2894 3716 2906 3738 ,
2952 3675 3067 3730 sive
3093 3681 3208 3743 post
3233 3671 3404 3741 pridie
3431 3709 3446 3734 ,
3488 3671 3768 3726 recitatum

2185 3786 2324 3834 esse,
2358 3780 2413 3824 et
2443 3771 2645 3838 reliqua
2677 3809 2691 3832 ,
2719 3782 2884 3836 usque
2913 3766 2978 3819 ad
3008 3767 3181 3820 missae
3221 3763 3377 3818 linem
3411 3800 3427 3827 ,
3458 3777 3607 3816 more
3643 3777 3775 3818 con-

2186 3869 2343 3919 sueto
2364 3861 2596 3931 Hispano
2621 3859 2780 3914 luisse
2803 3865 3035 3927 peracta.
3061 3855 3168 3911 Sed
3187 3852 3486 3921 huiusmodi
3508 3856 3660 3919 ordo,
3679 3871 3775 3911 nec

2190 3956 2484 4020 Romanus,
2516 3970 2689 4024 neque
2719 3952 2982 4021 Ilispanm
3011 3951 3117 4005 dici
3155 3949 3348 4020 potuit.
3381 3948 3486 4004 Sed
3515 3947 3772 4005 confusus

2190 4047 2404 4116 quidam
2431 4087 2445 4111 ,
2477 4061 2544 4099 ex
2576 4054 2802 4108 utroque
2827 4039 3090 4096 conﬂatus
3113 4081 3125 4103 ,
3157 4041 3272 4108 qui,
3300 4049 3472 4108 nsque
3503 4037 3570 4090 ad
3608 4038 3770 4089 tinem

2191 4139 2453 4193 orationis
2489 4144 2611 4206 post
2640 4133 2870 4189 Sanctus
2916 4133 3080 4186 ritum
3129 4131 3421 4200 Hispanum
3470 4129 3734 4183 retinebat
3761 4166 3776 4191 ,

2194 4228 2392 4284 tumad
2421 4226 2579 4280 linem
2611 4239 2780 4293 usque
2808 4224 3029 4277 canonis
3078 4223 3379 4275 Romanun
3411 4263 3424 4286 ,
3474 4235 3536 4274 ac
3560 4219 3777 4273 demum

2192 4336 2311 4390 qua:
2360 4333 2621 4373 canonem
2673 4324 3074 4386 consequuntur
3119 4329 3274 4368 more
3325 4312 3561 4383 Hispano
3617 4309 3780 4381 perli-

2199 4420 2366 4466 ceret.
3538 4421 3540 4423 ’

2267 4519 2389 4574 210.
2421 4519 2641 4582 Verum,
2674 4533 2796 4572 cum
2821 4517 2908 4572 hic
2928 4515 3180 4572 confusus
3201 4511 3335 4568 ordo
3364 4511 3639 4566 Romanus
3672 4525 3782 4564 non

2195 4614 2285 4680 sit,
2328 4627 2428 4665 nec
2448 4627 2478 4664 a
2501 4611 2708 4679 Vigilio,
2746 4623 2920 4677 neque
2941 4609 3009 4662 ah
3031 4606 3341 4677 apostolicae
3368 4603 3512 4659 sed-is
3539 4603 3782 4658 auctori-

2199 4715 2325 4769 tate,
2353 4704 2406 4757 in
2430 4701 2742 4772 Hispaniam
2775 4701 2990 4766 missus,
3023 4699 3090 4751 de
3117 4712 3184 4752 eo
3212 4710 3387 4750 canon
3435 4691 3784 4747 Bracarensis

2197 4797 2418 4866 intelligi
2446 4795 2650 4866 nequit.
2683 4792 2788 4848 Sed
2817 4807 2993 4862 neque
3023 4791 3089 4846 de
3116 4788 3407 4844 Gu-lasiano
3447 4786 3636 4841 ordine
3694 4783 3781 4837 iu-

2199 4892 2516 4959 telligeudus
2563 4897 2686 4954 est;
2744 4903 2868 4942 nam
2914 4887 3013 4941 etsi
3058 4886 3222 4939 missa
3277 4880 3572 4943 Paschalis,
3618 4892 3782 4946 quam

2201 4985 2420 5054 Vigilitts
2465 4984 2531 5036 ad
2586 4981 2924 5036 Profuturum
2969 4979 3209 5041 miserat,
3254 4971 3521 5028 Gelasiani
3571 4968 3785 5021 ordinis

2199 5081 2379 5146 fuerit,
2404 5095 2510 5133 non
2543 5077 2663 5140 ilco
2691 5088 2867 5130 tamen
2895 5073 3115 5126 miserat
3138 5078 3215 5132 ut,
3251 5068 3368 5134 ejus
3413 5065 3600 5124 instar,
3644 5059 3778 5114 Pro-

2197 5173 2407 5227 futurus
2435 5172 2624 5224 missas
2650 5168 2962 5222 Gelasianas
3003 5166 3380 5229 componeret,
3411 5172 3529 5226 qua:
3564 5156 3614 5210 in
3658 5153 3788 5207 Gal-

2199 5265 2359 5318 ltecire
2406 5261 2658 5316 Ecclesiis
2701 5259 3072 5313 recitarentur.
3104 5252 3160 5308 Si
3186 5250 3329 5307 enim
3363 5252 3468 5305 hoc
3510 5250 3582 5303 illi
3641 5263 3788 5302 ουτ-λυ

2197 5355 2403 5424 fuisset,
2452 5355 2716 5423 integrum
2751 5341 3244 5406 Suerameutarium
3272 5339 3636 5398 Gelasianum.
3677 5353 3788 5390 non

2196 5451 2408 5504 unicam
2478 5446 2594 5515 ejus
2647 5443 2880 5504 missam,
2914 5440 2966 5494 in
3023 5433 3333 5507 Hispaniam
3401 5430 3650 5487 misisset.
3703 5427 3786 5487 fa-

2194 5542 2345 5597 cilius
2387 5554 2616 5609 namque
2670 5547 2720 5590 et
2755 5529 3054 5602 expeditius
3106 5533 3224 5582 erat
3273 5517 3787 5582 Sacramentarium,

2197 5677 2263 5714 \‘Il
2290 5699 2305 5722 ,
2335 5671 2456 5725 pag.
2487 5654 2608 5708 53L

2268 5738 2357 5803 (ε)
2389 5727 2526 5780 Ibid.
