4058 6178
328 328 387 387 77
1749 332 2136 391 ranarum.
3526 347 3592 396 τε

316 450 701 520 transcribere,
731 460 787 506 et
816 449 882 505 ad
913 465 1039 505 usus
1061 448 1418 521 Hispanorum
1468 453 1904 515 accommodare,
1938 449 1989 509 Α
2085 448 2210 503 Ἡῦ.
2241 448 2425 505 Patres
2463 452 2621 519 igitur
2650 451 2919 521 Toletani,
2943 454 3034 524 qui
3068 456 3117 509 in
3162 457 3262 510 hac
3313 472 3389 522 rc,
3438 457 3594 523 longe

315 559 475 613 quam
504 557 704 597 novum
729 556 1076 612 componere.

387 632 514 685 241.
566 630 801 688 Causam
834 644 964 687 vero
1008 632 1080 688 ob
1133 648 1296 704 quam
1346 634 1565 704 Vigilius
1605 635 1905 690 Romanum

316 739 581 779 canonem
614 733 668 778 et
711 725 930 779 missam
961 725 1267 795 paschalem
1299 727 1349 781 in
1382 726 1689 798 Hispaniam
1739 730 1906 792 misit,

317 815 433 885 ipse
459 816 471 829 ⁸
491 816 545 871 in
588 817 821 887 epistola
853 817 992 872 hanc
1022 831 1184 871 unam
1216 820 1475 888 assignat,
1506 829 1565 875 ut
1588 819 1901 887 Profuturo,

314 908 560 976 diligenti
607 910 908 965 alienorum
963 910 1162 965 rituum
1219 910 1541 981 indagatori,
1594 930 1700 968 non
1747 916 1907 970 modo

314 1001 636 1070 pmcipuan
696 1010 929 1070 partem,
987 1018 1108 1072 quae
1162 1004 1214 1059 in
1268 1021 1479 1061 canone
1524 1008 1624 1061 sita
1656 1016 1759 1075 est,
1809 1009 1903 1064 sed

317 1106 534 1147 r-mnem
590 1094 769 1147 missa:
823 1093 1079 1149 Romanae
1123 1095 1365 1151 ordinem
1417 1099 1515 1152 sub
1570 1109 1786 1169 aspectu
1832 1102 1902 1155 ita

316 1191 548 1250 poneret
589 1193 648 1237 ut
678 1185 871 1239 seriem
931 1186 1047 1254 ejus
1091 1196 1253 1257 atque
1301 1186 1704 1260 dispositionem
1735 1192 1907 1249 oculis

315 1275 479 1329 etiam
520 1278 805 1345 percipere
837 1274 992 1332 facile
1016 1288 1219 1346 posset.

384 1364 514 1420 9.42.
559 1368 832 1423 Cononem
856 1384 982 1424 vero
1013 1367 1396 1427 Braearensem
1447 1373 1757 1442 vigesimum
1821 1391 1908 1431 se-

314 1460 553 1514 cundum
578 1461 851 1515 conditum
886 1461 1071 1526 fuisse,
1108 1479 1216 1518 non
1245 1472 1304 1519 ut
1328 1465 1377 1519 in
1408 1464 1711 1521 Suevorum
1737 1482 1905 1536 regno

313 1550 528 1619 liturgia
555 1550 839 1605 Gelasiana
871 1553 1254 1621 susciperetur,
1280 1556 1374 1610 sed
1403 1556 1666 1611 duntaxat
1694 1565 1754 1611 ut
1784 1573 1906 1613 con-

315 1643 498 1695 cordia
529 1644 582 1695 in
631 1641 910 1697 Missarum
943 1645 1311 1701 celebratione
1365 1646 1727 1716 induceretur,
1778 1666 1903 1720 per-

316 1731 547 1785 suadent
571 1747 807 1787 canones
829 1732 1068 1789 decimus
1090 1750 1281 1803 nonus,
1314 1736 1620 1805 vigesimus,
1645 1746 1698 1793 et
1756 1740 1902 1808 vige-

318 1819 490 1874 simus
509 1822 741 1890 primus,
766 1821 1005 1890 ejusdem
1047 1825 1262 1894 synodi,
1287 1828 1378 1896 qui
1410 1843 1599 1883 omnes
1629 1838 1793 1898 agunt
1834 1830 1902 1885 de

316 1910 515 1963 rituum
544 1912 833 1966 concordia
847 1928 1142 1985 omnesque
1168 1917 1320 1971 sanci
1349 1918 1363 1972 i
1387 1917 1598 1973 fuerunt
1619 1930 1902 1990 postquam

317 1999 501 2054 fuis~et
527 2004 717 2055 reiecta
734 2007 1017 2061 auctoritas
1040 2008 1180 2062 sedis
1222 2011 1523 2079 apostolica:
1550 2013 1619 2065 ad
1641 2013 1903 2082 quondam

315 2090 659 2160 Profuturum
688 2095 884 2149 directa
915 2100 1231 2169 episcopum.

383 2180 509 2235 ειδ.
573 2182 839 2239 Praeterea
899 2188 1171 2244 silentium
1215 2192 1590 2264 episcoporum
1640 2195 1904 2253 Gallmcic

313 2275 401 2329 aui
429 2276 661 2330 concilio
693 2275 953 2335 Toletaro
978 2297 1030 2335 tv
1060 2282 1415 2340 interfuerunt
1436 2286 1737 2345 luculenter
1780 2308 1907 2361 pro.

313 2363 404 2417 bat
448 2364 720 2422 Ecclesias
756 2366 1044 2439 Ga'lzecite,
1077 2379 1321 2443 tempore
1369 2374 1507 2431 illius
1530 2380 1763 2446 concilii,
1797 2380 1904 2435 Ro-

316 2456 488 2510 mau’s
526 2456 720 2512 ritibus
757 2458 976 2513 minime
1024 2461 1262 2517 addictos
1294 2463 1475 2521 fui‘se.
1543 2466 1713 2523 Nemo
1762 2472 1846 2524 cni
1874 2491 1902 2524 ει

315 2545 530 2611 ignorat
576 2549 904 2605 auctoritate
930 2552 1148 2607 concilii
1178 2552 1424 2610 Toletani
1475 2572 1526 2611 tv
1559 2560 1903 2615 concordiam

316 2637 622 2707 liturgicant
650 2639 902 2698 Ecclesiis
930 2644 1095 2699 totius
1125 2646 1335 2716 imperii
1364 2648 1762 2719 Visigothorum
1786 2668 1903 2707 res-

315 2730 531 2783 titutam
566 2746 705 2796 e:sc,
741 2740 796 2786 et
822 2734 1054 2802 priscum
1088 2735 1445 2806 HiSpanorum
1474 2742 1781 2797 celebrandi
1815 2760 1903 2798 or-

314 2822 497 2875 dinem
535 2823 607 2877 ita
636 2823 1031 2895 conﬁrmatum,
1060 2838 1118 2884 ut
1145 2828 1249 2885 hoc
1278 2848 1386 2887 uno
1418 2833 1471 2887 in
1503 2844 1779 2903 posterum
1826 2838 1901 2890 uti

315 2917 637 2983 permissum
687 2917 863 2973 fuerit.
915 2918 1199 2989 Quomodo
1251 2934 1433 2979 autem
1481 2925 1680 2981 factum
1712 2938 1791 2982 est
1844 2940 1905 2983 ut

314 3003 579 3060 Callaecia:
603 3008 857 3075 prmsules
885 3010 1017 3065 muti
1036 3020 1089 3065 et
1116 3012 1355 3082 elingues
1377 3015 1649 3078 sederent,
1687 3018 1901 3089 quando

314 3113 468 3151 nsunt
496 3097 732 3166 liturgiaz
761 3097 1019 3154 Romana:
1047 3102 1149 3156 sibi
1180 3101 1544 3174 Ecclesiisque
1580 3109 1693 3161 suis
1732 3108 1898 3162 inter-

314 3186 412 3242 dici
472 3189 991 3255 animadverterunt,
1025 3192 1109 3247 cui
1136 3191 1272 3263 jam,
1318 3203 1373 3249 ut
1442 3199 1753 3264 assumitur,
1804 3214 1903 3270 per

313 3294 483 3334 annos
512 3296 677 3350 supra
728 3283 1067 3352 septuaginta
1111 3284 1489 3341 adhaeserant?
1527 3304 1692 3357 quare
1738 3292 1905 3348 totius

314 3370 607 3438 provincia
651 3372 1093 3428 consuetudinem
1125 3374 1145 3449 [
1176 3376 1383 3448 vantJ
1416 3380 1629 3435 concilii
1676 3382 1905 3441 celebris

314 3462 640 3516 auctoritate
668 3463 963 3532 inductam,
1007 3474 1061 3520 et
1094 3465 1348 3523 Romamn
1382 3468 1635 3527 Ecclesim
1677 3491 1903 3531 venea-

314 3550 518 3605 tionem
546 3568 651 3606 non
676 3557 1269 3629 opposueruntHIujus
1292 3578 1422 3617 sane
1443 3564 1642 3620 silentii
1667 3584 1771 3621 non
1796 3570 1900 3624 alia

317 3642 453 3695 ratio
484 3641 667 3697 aﬂerri
707 3654 883 3712 potest
912 3662 1069 3716 quam
1098 3650 1222 3720 quia
1246 3651 1456 3722 liturgia
1485 3655 1725 3712 Romana
1759 3662 1902 3731 apud

314 3725 580 3784 Callaecia:
607 3732 835 3802 populos
867 3750 961 3789 usu
985 3745 1039 3790 et
1066 3742 1217 3808 praxi
1253 3757 1529 3813 nunquam
1570 3725 1898 3807 obtinuerat.

378 3816 507 3873 244.
541 3819 785 3891 Denique
806 3839 931 3878 cura
957 3829 1242 3895 peculiaris
1266 3847 1423 3901 quam
1481 3839 1769 3893 concilium
1798 3840 1905 3897 To-

314 3909 554 3966 letanum
596 3929 647 3967 tv
691 3925 946 3983 posuerat
977 3918 1028 3971 in
1068 3920 1132 3975 iis
1169 3925 1647 3983 consuetudinibus
1687 3934 1903 4001 provin-

314 4003 519 4058 ciarum
565 4007 860 4063 evellendis
888 4024 1008 4079 qua:
1054 4013 1311 4084 liturgicze
1355 4021 1656 4078 concordia:
1709 4026 1905 4083 obesse

313 4106 586 4166 peterant,
610 4100 769 4169 plane
799 4103 1085 4170 persuadet
1113 4106 1247 4162 ritus
1276 4108 1547 4169 Romanos
1576 4114 1627 4169 in
1649 4113 1899 4174 Gallzccia

315 4188 539 4243 usitato:
572 4189 793 4243 minime
822 4189 1001 4285 fuisse.
1026 4192 1179 4263 Nam,
1209 4205 1269 4251 ut
1295 4199 1395 4255 hoc
1422 4218 1526 4256 uno
1556 4208 1806 4276 exemplo
1838 4224 1899 4263 u-

314 4286 414 4344 tar,
445 4294 571 4333 cum
602 4278 887 4334 concilium
922 4278 1148 4351 primum
1175 4285 1501 4345 Bracareuse
1527 4295 1901 4353 auctoritatem

315 4364 603 4423 Laodiceni
636 4370 850 4425 concilii
889 4370 965 4441 (α)
1010 4383 1276 4441 secutum,
1320 4381 1680 4446 prohibuisset
1722 4386 1796 4457 (b)
1836 4406 1904 4444 ne

2014 540 2235 594 minoris
2262 555 2419 593 mout-
2443 541 2542 605 nti,
2573 542 2708 595 adeo
2736 545 2909 597 severi
2940 558 2998 599 se
3029 546 3411 614 exhibueraut,
3469 548 3512 601 si
3539 549 3589 601 in

2011 627 2255 685 Ga‘lmcia
2287 632 2422 699 vige.
2448 643 2554 685 tem
2595 632 3073 702 deprehendissent
3100 636 3371 705 liturgiam
3428 637 3591 694 Gela-

2010 724 2233 788 siauam,
2254 740 2371 780 eam
2387 727 2769 781 iunominatam
2784 730 2966 799 utique
2981 748 3084 786 non
3111 735 3591 802 prmtcrmisisccnt.

2010 813 2115 869 Sed
2150 826 2242 871 aut
2271 826 2457 886 aperte
2506 818 2879 877 sustulissent.
2914 831 3023 885 aut,
3055 825 3218 893 quod,
3252 841 3349 894 pro
3401 825 3595 896 llispa-

2012 922 2201 961 norum
2247 923 2372 978 erga
2414 910 2711 965 Romanam
2741 910 3035 967 Ecclesium
3069 917 3389 981 reverentia,
3423 920 3591 983 magis

2010 998 2268 1053 credibile
2297 1010 2395 1063 est,
2449 1001 2567 1069 ejus
2597 1018 2749 1057 usum
2805 1003 2856 1056 in
2888 1002 3140 1057 Gallmcia
3190 1006 3301 1059 suis
3358 1007 3589 1062 decretis

2009 1088 2434 1145 confirmassent.
2485 1092 2593 1147 Sed
2624 1093 3056 1163 quandoquidem
3107 1097 3389 1150 concilium
3438 1097 3594 1153 Tole-

2008 1186 2189 1232 tauum
2214 1195 2265 1234 tv
2297 1182 2461 1236 altum
2494 1182 2616 1236 silet
2646 1184 2712 1237 de
2764 1184 3017 1238 Romanis
3055 1185 3266 1251 ritibus,
3298 1194 3351 1240 et
3386 1197 3599 1241 constat

2006 1270 2176 1324 solam
2210 1272 2474 1341 liturgiam
2518 1270 3014 1343 Gellio-Hispanam
3041 1276 3090 1329 in
3127 1275 3379 1346 Hispania
3433 1288 3489 1332 et
3545 1281 3596 1333 iu

2006 1358 2177 1414 Gallia
2194 1358 2417 1417 Gothica
2443 1370 2563 1431 post
2584 1361 2688 1417 hoc
2709 1362 3009 1419 Concilium
3036 1366 3355 1434 obtinuisse,
3378 1368 3601 1425 minime

2007 1451 2359 1507 dubitandum
2384 1453 2495 1506 vid:
2513 1462 2599 1507 ιιιι·
2619 1455 2745 1523 quin
2774 1454 3033 1510 Catholici
3067 1456 3118 1509 in
3144 1455 3392 1511 ϐη11;η‹·ἰει
3423 1458 3599 1510 cidem

2008 1541 2232 1609 liturgia:
2279 1544 2494 1611 semper
2548 1544 2869 1599 adlttcseriut
2926 1561 3085 1613 quam
3139 1548 3357 1615 teliqua:
3406 1547 3596 1617 Hispo.

2008 1634 2215 1687 niarutn
2247 1635 2537 1703 provincia:
2569 1644 2880 1689 constan‘cr
2912 1640 3263 1691 tetinucrant.

2080 1726 2106 1798 ε
2134 1725 2242 1781 XV.
2280 1727 2355 1781 De
2375 1730 2617 1796 primwru
2639 1730 2839 1799 origine
2869 1730 3091 1801 liturgia:
3114 1730 3401 1786 Gallicana:
3430 1735 3600 1803 inqui-

1938 1802 1975 1857 ὓ
2008 1818 2156 1870 ritur.
2194 1817 2258 1869 Et
2288 1835 2353 1870 an
2378 1834 2443 1870 ea:
2477 1817 2733 1888 Hispania
2761 1821 2814 1872 in
2846 1819 3091 1887 Calliam,
3124 1836 3188 1873 an
3213 1823 3428 1889 patinae
3458 1820 3585 1875 Cal-

2009 1908 2080 1961 lia
2110 1909 2165 1961 in
2200 1907 2520 1972 IliSpaniam
2548 1918 2836 1980 propagata
2858 1911 3031 1977 fuerit.

2080 1998 2203 2052 246.
2238 1998 2533 2067 Liturgiam
2581 1996 2915 2053 Gallicanam
2956 2000 3095 2054 adeo
3143 2001 3374 2055 similem
3437 2001 3599 2056 fuise

2009 2088 2489 2159 Cottio-Hispanae,
2513 2096 2568 2143 ut
2599 2104 2701 2143 una
2727 2098 2887 2160 atque
2914 2090 3103 2146 eadem
3134 2092 3319 2146 haberi
3344 2104 3518 2162 potuc.
3538 2096 3595 2157 it,

2008 2194 2075 2232 ex
2103 2179 2365 2234 hactenus
2384 2179 2543 2235 dictis
2558 2180 2690 2234 satis
2712 2190 2899 2249 aperte
2926 2188 3161 2236 constat.
3190 2182 3341 2239 Nunc
3396 2186 3463 2238 de
3492 2202 3541 2253 pl
3560 2187 3600 2238 i-

2009 2272 2109 2325 niis
2131 2272 2249 2339 ejus
2277 2272 2592 2327 auctoribus
2619 2272 2843 2340 ejusque
2861 2273 3112 2342 primaeva
3133 2275 3340 2342 origine
3368 2275 3539 2329 brevit
3577 2294 3602 2329 r

2009 2361 2295 2429 agendum,
2326 2362 2391 2415 de
2414 2378 2520 2437 qua
2552 2362 2823 2431 duplicem
2872 2363 3183 2433 opinionem
3235 2366 3431 2421 inveni.
3483 2369 3598 2421 Alia

2010 2451 2268 2518 llilduini,
2301 2451 2408 2505 San
2433 2453 2714 2520 lionysiani
2747 2453 2957 2508 abbatis
2985 2454 3076 2522 qui
3120 2454 3391 2523 litutgiam
3437 2456 3602 2510 Galli-

2008 2560 2196 2599 canam
2219 2543 2343 2599 lidei
2367 2545 2417 2597 iu
2440 2538 2624 2597 Galliis
2647 2544 3010 2613 prwdieationi
3042 2561 3278 2600 coa'vam
3302 2546 3452 2601 facit.
3482 2549 3596 2601 Alia

2008 2633 2261 2704 anonymi
2291 2632 2585 2703 Spelmani,
2622 2634 2716 2701 qui
2753 2648 2873 2687 eam
2922 2643 3046 2704 post
3085 2644 3395 2705 susceptam
3439 2635 3596 2691 fidem

2006 2723 2366 2778 Christianam
2401 2724 2452 2777 in
2480 2721 2711 2778 Galliam
2735 2725 2950 2778 venisse
2979 2724 3159 2779 docet.
3193 2725 3498 2794 llilduinus,
3532 2728 3599 2779 ad

2007 2811 2335 2867 Ludovicuut
2365 2809 2518 2867 Pium
2545 2812 2785 2868 scribens
2802 2813 2873 2867 de
2895 2813 3056 2868 rebus
3076 2815 3240 2882 gestis
3260 2819 3435 2871 sancti
3468 2818 3593 2871 Dio-

2007 2905 2143 2974 nysii
2162 2903 2261 2975 (ά),
2277 2901 2447 2976 [thx]
2462 2902 2683 2960 ParisiOt
2697 2918 2785 2957 um
2800 2904 3060 2974 episcopi,
3078 2906 3217 2960 inter
3231 2915 3479 2962 auctores
3498 2910 3595 2978 qui

2007 2996 2138 3049 Acta
2161 2995 2334 3049 sancti
2355 2997 2624 3067 martyris,
2649 2996 2865 3066 scriptis
2885 2997 3399 3052 commendat/erant
3423 3040 3439 3067 ,
3467 3015 3536 3055 cu
3560 3019 3590 3054 η

2007 3084 2263 3141 Vesbium
2292 3087 2579 3155 quemdam
2631 3086 2936 3141 laudasset:
2971 3085 3126 3153 lluic,
3168 3087 3359 3157 inquit,
3392 3091 3590 3159 astipu.

1929 3147 1973 3210 ο
2006 3178 2106 3233 lari
2129 3179 2362 3233 ridentur
2391 3180 2735 3251 antiquissimi
2763 3186 2810 3233 et
2836 3180 2994 3233 nimia
3017 3189 3264 3234 vetustate
3293 3199 3422 3253 pene
3467 3200 3591 3237 con-

2004 3270 2196 3335 sumpti
2222 3268 2463 3323 Missales
2492 3268 2631 3335 libri,
2656 3270 2971 3323 continentes
2998 3270 3169 3324 missa:
3188 3272 3421 3330 ordinem
3453 3291 3595 3328 more

2006 3360 2297 3426 Gallicana,
2330 3378 2413 3424 QUI
2446 3378 2510 3415 AB
2540 3376 2703 3415 INITIO
2736 3376 2990 3416 necat-1's:
3035 3378 3173 3416 rtost
3221 3380 3271 3417 ιχ
3304 3379 3404 3417 "AC
3456 3380 3594 3418 OCCI-

2005 3466 2234 3505 DENTALI
2260 3465 2426 3505 PLAGA
2451 3466 2547 3505 EST
2578 3465 2820 3514 llARlTUS,
2868 3466 3025 3521 usque
3074 3468 3171 3522 quo
3218 3461 3446 3506 ιεηοτςηι
3494 3470 3592 3525 quo

2005 3560 2141 3598 nunc
2184 3544 2378 3597 utimur
2428 3542 2718 3596 Romanum
2772 3544 3069 3611 susceperit.
3124 3542 3350 3613 Aliaque
3386 3545 3591 3609 subdit,

2004 3635 2203 3704 quibus
2229 3633 2524 3704 antiquitas
2554 3632 2847 3688 Missa'ium
2872 3634 3093 3690 istorum
3128 3635 3501 3704 continuatur,
3539 3648 3597 3693 et

2006 3726 2246 3781 iunuitur
2272 3734 2522 3780 sanctum
2569 3723 2879 3796 Dionysium
2927 3724 3153 3780 fortnam
3182 3728 3320 3783 hanc
3364 3728 3593 3799 liturgiat

2005 3814 2172 3869 Gallis
2197 3814 2503 3881 tradidisse,
2526 3824 2586 3869 ut
2609 3816 2827 3885 planum
2845 3817 2932 3881 sit,
2954 3816 3109 3884 juxta
3124 3831 3359 3873 mentem
3394 3818 3597 3874 llildui-

2004 3905 2057 3959 ni
2106 3904 2377 3975 liturgiun
2428 3906 2759 3961 Gallicanam
2808 3922 2913 3961 una
2959 3924 3082 3963 eum
3137 3910 3241 3965 lido
3288 3908 3592 3966 Christiana

2004 3999 2058 4053 in
2076 3998 2247 4053 Gallia
2281 4009 2483 4064 natam,
2510 4007 2603 4054 attt
2629 4002 2819 4056 saltem
2846 4004 2972 4058 illuc
2988 4020 3015 4057 a
3033 4006 3218 4074 primis
3239 4009 3416 4077 gentis
3441 4026 3599 4080 apos-

2007 4089 2131 4143 tolis
2156 4087 2390 4142 delatam
2420 4089 2607 4153 fuisse,
2639 4107 2741 4145 nec
2763 4091 2970 4158 Gallos,
3006 4104 3201 4163 prazter
3245 4098 3381 4153 hanc
3408 4117 3590 4159 uuam.

2006 4176 2233 4233 formam
2256 4179 2557 4234 celebrandi
2589 4179 2766 4234 divina
2796 4182 2959 4235 ullam
2986 4187 3290 4253 agnovisse,
3309 4198 3595 4258 antu-quam

2006 4268 2226 4339 Pipinus
2263 4280 2317 4325 et
2347 4271 2570 4326 Carolus
2600 4271 2824 4341 Magnus
2872 4274 3141 4343 liturgiam
3181 4275 3595 4351 Gregoriauatn,

2009 4363 2274 4431 abrogata
2306 4361 2533 4429 Gallica,
2565 4362 2822 4419 Ecclesiis
2846 4365 3160 4423 intulerunt.

315 4458 491 4528 hymni
516 4458 756 4515 humano
785 4460 999 4530 ingenio
1022 4468 1304 4533 compositi
1330 4468 1379 4522 in
1404 4468 1642 4531 Ecclesia
1657 4494 1903 4539 canercn.

2074 4473 2199 4529 248.
2216 4473 2875 4546 AtanonymusSpelmani
2892 4476 2964 4545 (e)
2980 4478 3195 4532 tradidit
3211 4481 3433 4548 primam
3449 4493 3499 4535 et
3515 4498 3599 4537 ve-

316 4557 431 4614 tur,
480 4548 671 4605 Patres
711 4550 954 4607 Toletani
988 4568 1247 4610 cattouem
1292 4560 1432 4617 hunc
1483 4564 1860 4635 Bracarensem
1886 4622 1901 4645 ,

317 4651 497 4695 contra
513 4651 791 4712 receptum
806 4659 1013 4698 morem
1026 4644 1385 4705 Ecclesiarutn
1417 4653 1681 4725 Hispanias
1702 4674 1755 4719 et
1778 4644 1907 4725 Gal;

317 4727 396 4782 lia:
422 4729 721 4794 conditum,
756 4746 855 4785 suo
886 4732 1105 4788 decreto
1132 4734 1226 4809 (c)
1253 4739 1597 4811 abrogaruut,
1652 4752 1903 4823 imposita

318 4820 888 4876 cxcommunicationis
916 4838 1071 4893 pmna
1102 4828 1165 4882 iis
1197 4830 1285 4899 qui
1318 4832 1545 4904 hymnos
1586 4820 1810 4909 rejicere
1840 4865 1905 4904 co

320 4912 535 4965 nomine
564 4912 681 4967 ειυδί
710 4910 929 4978 fuerint,
955 4918 1094 4985 quod
1118 4919 1354 4977 humano
1384 4926 1597 4995 ingenio
1620 4938 1905 5005 compositi

320 5000 566 5071 fuissent,
618 5019 717 5058 nec
757 5005 808 5058 in
852 5006 1043 5062 divinis
1074 5009 1365 5083 Scripturis
1399 5017 1723 5088 legerentur.

392 5139 467 5205 (η)
498 5140 638 5195 Can.
674 5140 760 5198 59.

392 5207 473 5279 (b)
506 5212 640 5265 (Ian.
666 5213 752 5279 5i,
786 5216 1023 5273 aliasiﬁ.

392 5282 463 5346 (ε)
494 5281 628 5335 (Ian.
660 5283 747 5348 i3,
778 5286 911 5341 alias
938 5289 1016 5345 l9.

394 5349 860 5444 Sdl‘ii'xﬁstatﬂapud
911 5358 1127 5416 Suriutn
1162 5380 1331 5419 mens.
1361 5365 1552 5424 Octob.
1605 5389 1723 5443 pag.
1779 5378 1904 5444 6'59,

320 5417 422 5473 Ed.
454 5417 742 5480 Colonien.

395 5492 465 5583 (ς)
517 5491 780 5583 [lauri-itus
837 5499 1184 5583 Spelmauus,
1234 5515 1371 5583 tom.
1414 5509 1666 5567 llioueil.
1731 5518 1903 5583 Magn.

520 5578 641 5648 lfan
669 5566 800 5648 177.
831 5559 1150 5641 acrimutcut
1174 5559 1477 5637 inn-inita};

322 5634 644 5725 tulumfccit
665 5634 914 5694 Canticum
933 5634 980 5695 et
1003 5634 1238 5699 cursitant
1261 5634 1715 5708 ecclesiasticarum
1728 5634 1905 5725 'oriqo.

320 5717 392 5753 ea:
419 5704 595 5794 co-dtt'e
618 5723 711 5759 ms.
738 5716 1098 5794 vetustissimo.
1126 5718 1327 5781 Codex,
1369 5704 1535 5788 inquit
1568 5704 1907 5794 ειζιιιιιιυίιίἒέξ

320 5784 557 5841 δςιιριιιδ
588 5789 699 5830 erat
734 5783 1028 5839 charactere
1067 5805 1166 5840 non
1208 5796 1361 5855 pltttlt’
1408 5783 1676 5854 Saronico.
1712 5801 1799 5850 διίί
1831 5783 1907 5853 in:

2017 4566 2364 4622 tustissimam
2380 4564 2655 4619 Gallorum
2673 4565 2939 4634 liturgiam
2956 4566 3251 4623 Romanam
3282 4571 3461 4639 fuisse,
3478 4588 3599 4629 auc-

2009 4658 2550 4730 toremquehabuissc
2565 4668 2805 4713 sanctum
2825 4657 3039 4714 Petrum
3057 4665 3423 4731 apostolorum
3449 4666 3595 4734 prin-

2008 4756 2181 4823 cipem
2208 4756 2303 4823 (f).
2331 4751 2483 4805 llunc
2506 4752 2768 4817 ordinem,
2801 4754 2988 4822 inquit,
3014 4766 3226 4809 sanctus
3250 4755 3594 4825 Trouhimus,

2012 4845 2343 4900 Arelatensis
2367 4844 2674 4913 episcopus,
2697 4853 2751 4897 et
2773 4854 2990 4899 sanctus
3016 4844 3293 4914 Photinus,
3310 4850 3594 4921 cpiscopus

2008 4935 2404 5005 Lugdunensis,
2429 4944 2483 4988 et
2504 4947 2725 5005 martyr,
2746 4937 2972 5003 apostoli
2998 4936 3139 4991 Petri
3164 4937 3469 5008 discipulus,
3500 4955 3592 4992 ec-

2008 5031 2185 5086 clesiis
2214 5046 2348 5101 quas
2374 5030 2426 5084 in
2455 5029 2626 5083 Gallia
2646 5029 3037 5085 constituerant
3067 5032 3220 5101 primi
3254 5033 3539 5087 tradidere.

2008 5174 2173 5237 sueto,-
2200 5163 2510 5237 frequenter
2536 5164 2753 5237 mutilus
2782 5173 2921 5237 erat,
2949 5175 3003 5221 et
3024 5168 3295 5228 erroribus
3322 5183 3595 5237 gramma-

2010 5236 2254 5311 ticalibus
2303 5236 2561 5311 scatebat.
2612 5235 2766 5291 Etas
2811 5236 2967 5311 huius
3016 5239 3294 5304 scriptoris
3333 5235 3592 5311 anouytui

2007 5307 2227 5373 ejusque
2259 5306 2427 5375 patria
2456 5306 2649 5372 ignota:
2670 5318 2810 5361 sunt.
2838 5306 3058 5361 Videtur
3087 5310 3383 5372 monachus
3416 5306 3592 5365 Luxu-

2008 5379 2225 5439 vicnsis,
2258 5380 2347 5445 qui
2371 5378 2982 5450 smculorwtrcripscrit.
3017 5377 3427 5450 llocanonytuo
3457 5384 3594 5438 sevi«

2010 5461 2163 5515 prore
2206 5449 2371 5500 utitur
2418 5446 2781 5509 M:.«bi||onius,
2830 5449 2880 5499 in
2930 5446 3401 5517 Disquisltiutte'de
3432 5470 3591 5512 cut-su

2007 5518 2305 5580 Gallicana,
2348 5526 2402 5571 et
2430 5517 2803 5569 animadvertit
2833 5532 2951 5569 eum
2996 5533 3173 5570 cursus
3216 5522 3593 5576 ecclesiasticos

2010 5606 2121 5641 cum
2147 5588 2359 5658 liturgia
2382 5585 2729 5658 confundere.

2082 5661 2155 5726 (ι’)
2186 5656 2495 5724 Anuttyntus
2540 5656 2775 5730 :_b'eutus
2810 5657 3065 5727 Tro/intus
3096 5664 3364 5730 episcopus
3406 5665 3593 5714 Arela-

2012 5730 2188 5789 Iens's,
2216 5736 2263 5777 rt
2307 5740 2511 5779 sanctus
2550 5728 2764 5781 I’olinus
2814 5746 2862 5781 nt
2899 5740 3025 5797 rlyr,
3068 5728 3355 5800 episccqius
3386 5730 3591 5795 Lugdu-

2013 5801 2207 5864 llt‘llieib‘,
2259 5799 2536 5869 (Ιεδεὶμίίκδ
2586 5801 2749 5852 δίτιιί·ιί
2812 5802 2947 5855 Ιί’ῐι·ἱ
2998 5804 3319 5871 Amudin“
3385 5814 3589 5852 cursu-‘1!
