4058 6178
433 315 503 367 7)
1885 313 2249 371 ΡΠᾸΖΕᾹΤΙΟ
3644 320 3713 376 80

506 426 625 482 2l9.
668 426 803 490 Sed,
852 435 909 482 ut
956 427 1094 481 item
1142 424 1350 489 subdit,
1401 433 1522 494 post
1569 432 1799 479 mortem
1850 424 2023 479 sancti
2059 429 2097 486 Α
2131 436 2312 495 potam
2341 428 2644 496 retinuerit,
2676 445 2741 484 an
2774 430 2845 485 ab
2864 446 2927 485 ea
2952 428 3343 500 aliquntulum
3373 434 3673 486 recesserit.
3752 463 3785 487 υ

434 517 671 584 letini,
710 526 927 574 sanctus
967 515 1224 580 lrenazus,
1260 518 1351 586 qui
1380 516 1566 572 Romae
1601 532 1631 571 a
1668 524 1855 572 sancto
1901 515 2021 571 Cle-

435 618 614 664 mente
642 624 779 679 papa
814 607 988 661 fuerat
1009 606 1290 662 ordinatus
1315 607 1597 678 episcopus
1627 605 2018 677 Lugdunensis,

431 702 700 756 diversum
754 698 997 754 ordinem
1074 699 1382 755 celebrandi
1454 699 1636 754 divina
1691 694 1877 753 Gallos
1924 697 2023 752 do-

432 791 541 846 cuit
582 790 679 861 (a),
713 789 825 859 qui,
858 804 954 860 per
994 804 1185 845 omnes
1210 788 1502 844 Gal‘iarum
1525 788 1797 846 Ecclesiae
1824 802 2023 860 propa-

430 892 603 953 gatus,
626 883 853 953 liturgia:
875 879 1163 937 Gallicum:
1192 896 1390 936 nomen
1415 880 1664 936 obtinuit.

500 972 625 1028 250.
667 970 838 1042 Hujus
884 973 1109 1040 liturgiae
1131 971 1445 1042 primaevam
1486 978 1761 1026 auctorem
1816 985 2023 1041 anony-

430 1079 551 1119 mus
579 1064 828 1133 perhibet
854 1072 1099 1119 sanctum
1129 1060 1391 1117 Joannem
1433 1063 1743 1131 aposto'um
1774 1067 1828 1114 et
1857 1074 2023 1114 evan-

429 1154 707 1221 gelistam,
729 1153 823 1222 qui
863 1154 1004 1209 hanc
1032 1153 1258 1207 formam
1288 1150 1519 1207 obeundi
1543 1151 1723 1206 divina
1766 1148 2023 1205 Ecclesiis

432 1243 571 1298 Asia:
608 1244 842 1309 tradidit,
875 1243 1127 1314 additque
1150 1250 1394 1297 sanctum
1424 1240 1803 1311 Polycarpum,
1837 1242 2025 1311 Smyr-

435 1354 655 1396 nensem
685 1339 997 1409 episcopum
1037 1345 1092 1392 et
1128 1346 1420 1406 martyrem
1462 1332 1737 1388 celebrem
1769 1372 1787 1400 ,
1831 1331 2023 1386 eodem

433 1430 625 1487 ordine
672 1430 847 1486 ofticia
894 1428 1074 1484 divina
1129 1425 1419 1498 perfecisse
1447 1464 1464 1491 ,
1510 1423 1793 1494 eidemque
1836 1437 2023 1477 assue-

433 1525 576 1581 visse
604 1534 847 1580 sanctum
876 1520 1133 1577 lrcnazum
1151 1560 1167 1585 ,
1193 1517 1321 1575 dum
1351 1519 1405 1574 in
1434 1517 1561 1574 Asia
1597 1516 1890 1588 discipulus
1917 1514 2024 1572 Po-

434 1614 636 1685 lycarpi
665 1621 988 1669 versaretur.

501 1703 626 1759 251.
669 1704 869 1771 Quare,
900 1703 944 1757 si
973 1710 1187 1757 vetusto
1218 1703 1340 1755 huic
1362 1697 1613 1769 scriptori
1641 1696 1774 1752 llch
1819 1696 2022 1750 habea-

2196 515 2318 573 ρει.
2362 516 2441 573 Ex
2468 519 2532 575 iis
2559 535 2689 575 vero
2716 536 2836 591 qua:
2866 522 3041 576 adhuc
3071 521 3126 575 in
3158 528 3308 575 textu
3338 523 3594 592 anonymi
3621 540 3715 578 su-

2127 622 2348 681 persunt
2373 609 2529 668 facile
2557 622 2638 668 est
2666 614 2944 684 percipere
2976 627 3194 670 cursum
3225 613 3389 680 hunc,
3420 617 3532 671 sive
3559 613 3711 670 Asia.

2127 702 2310 770 ticum,
2342 704 2456 760 sive
2483 705 2815 761 Gallicanum
2839 705 3059 771 dixeris,
3090 705 3341 760 eumdem
3372 704 3535 759 fuisse
3553 714 3719 776 atque

2125 791 2655 865 Gtho-Hispanum,
2710 804 2937 865 uterque
2992 796 3136 850 enim
3189 795 3379 851 iisdem
3434 797 3720 851 constabat

2124 884 2384 954 partibus,
2429 885 2636 941 scilicet
2694 883 3170 951 modulationibus,
3210 884 3379 950 sonis,
3452 883 3717 950 laudibus,

2125 974 2499 1043 responsoriis,
2553 974 2883 1044 antiphonis,
2934 989 3056 1030 cum
3110 974 3222 1029 suis
3266 973 3622 1039 orationibus,
3664 982 3720 1029 ct

2125 1063 2524 1135 Scripturarum
2579 1065 2940 1134 lectionibus,
2997 1064 3450 1134 quemadmodum
3516 1063 3719 1118 descri-

2125 1157 2363 1226 ptionem
2410 1157 2665 1229 anonymi
2718 1172 2910 1212 cursus
2956 1154 3219 1211 Gallicani
3274 1170 3396 1211 cum
3446 1154 3719 1209 Breviario

2126 1249 2467 1305 Mozarabum
2509 1248 2807 1306 conferenti
2839 1249 3062 1320 patebit.
3094 1246 3248 1303 Unde
3281 1246 3438 1302 nobis
3461 1246 3719 1315 colligere

2126 1340 2251 1395 licet
2302 1340 2566 1410 liturgiam
2616 1338 3216 1397 Asiatico-Gallicanam
3265 1338 3408 1393 haud
3449 1337 3718 1393 diversam

2127 1429 2401 1485 exstitisse
2423 1445 2454 1485 a
2483 1429 2951 1500 Gotho-Hispana.

2194 1522 2320 1579 255.
2364 1523 2642 1579 Hilduinus
2670 1538 2887 1594 quoque
2927 1522 3071 1578 haud
3118 1534 3261 1591 agre
3291 1534 3561 1591 anonymo
3589 1534 3717 1574 con-

2124 1615 2296 1671 ciliari
2341 1623 2539 1684 potest,
2586 1614 2747 1669 ambo
2790 1614 2934 1668 enim
2986 1614 3315 1669 conveniunt
3343 1613 3396 1668 in
3429 1612 3718 1667 asserenda

2126 1704 2447 1774 antiquitate
2474 1704 2698 1774 liturgia:
2728 1702 3035 1770 Gallican-1',
3066 1712 3120 1759 et
3150 1704 3202 1758 in
3226 1705 3341 1773 ejus
3364 1719 3486 1759 cum
3512 1700 3718 1757 G‘otho-

434 1804 541 1864 tur,
582 1811 760 1849 cursus
786 1791 935 1866 [Lxx]
964 1793 1077 1847 sive
1103 1791 1231 1847 ordo
1258 1831 1272 1856 ,
1297 1788 1598 1843 Gallicanae
1626 1788 1680 1842 in
1718 1786 1843 1841 Asia
1872 1795 2024 1841 ortus
2060 1794 2098 1852 Β
2127 1791 2360 1863 ll‘spana
2389 1807 2654 1848 consensu
2686 1792 2994 1847 indicando.
3043 1796 3112 1845 At
3138 1791 3422 1847 Hilduinus
3451 1808 3574 1847 cum
3610 1792 3719 1845 sci-

433 1895 537 1951 est,
569 1900 599 1939 a
649 1892 840 1939 sancto
880 1881 1089 1939 Joanne
1132 1881 1383 1952 apostolo
1412 1880 1708 1935 institutus.
1748 1877 1854 1933 Sed
1890 1891 2026 1944 quo-

436 1977 577 2031 niam
608 1974 809 2031 Paulus
854 1973 1132 2044 apostolus
1161 1972 1401 2027 omnium
1439 1966 1642 2041 primus
1675 1967 2023 2039 Evangelium

436 2070 488 2123 in
517 2067 641 2122 Asia
682 2065 1033 2137 praedicavit,
1065 2072 1121 2120 et
1149 2062 1416 2119 Ecclesias
1457 2059 1782 2128 constituit,
1832 2058 2026 2128 quibus

440 2159 625 2229 utique
654 2157 883 2227 liturgia:
914 2156 1161 2212 ordinem
1209 2154 1378 2223 dedit,
1422 2151 1563 2208 haud
1602 2149 1915 2207 incredibile
1944 2155 2027 2201 est

436 2250 678 2304 ordinem
709 2246 968 2303 Asianum
998 2260 1030 2300 a
1059 2254 1247 2300 sancto
1272 2243 1484 2299 Joanne
1510 2242 1831 2305 institutum,
1863 2237 2025 2308 pluri-

436 2355 579 2393 mam
620 2337 907 2395 retinuisse
935 2335 1269 2407 primigenia
1297 2334 1438 2390 illius
1473 2333 1700 2403 liturgiae
1742 2330 1954 2387 Asiana:
1994 2343 2025 2384 a

441 2430 607 2485 Paulo
637 2429 866 2484 traditaz.

506 2521 628 2576 252.
663 2521 847 2589 Qualis
874 2529 1055 2577 autem
1085 2519 1248 2575 fuerit
1273 2520 1406 2576 ordo
1438 2517 1530 2575 ille
1552 2517 1822 2574 Asiaticus
1855 2516 2028 2572 sancti

436 2612 676 2678 Joannis,
717 2626 1018 2683 anonymus
1058 2625 1167 2665 non
1212 2608 1395 2673 docet,
1427 2622 1531 2664 nec
1566 2607 1741 2673 nobis,
1774 2606 1828 2662 in
1877 2613 2028 2662 tanto

438 2714 741 2775 temporum
778 2700 1080 2766 intervallo,
1121 2709 1177 2754 et
1204 2700 1402 2754 rituum
1444 2713 1723 2754 sacrorum
1751 2696 2028 2752 vicissitu-

436 2795 584 2862 dine,
614 2791 883 2862 conjicere
909 2791 1051 2845 licet.
1080 2789 1136 2844 id
1168 2805 1332 2845 unum
1363 2788 1577 2844 videtur
1604 2788 1881 2855 credibile,
1904 2803 2028 2843 eum

2126 1891 2208 1937 ret
2238 1882 2501 1951 liturgiam
2533 1881 2865 1936 Gallicanam
2897 1881 3037 1951 apud
3061 1879 3390 1937 Parisienses
3409 1897 3439 1935 a
3461 1891 3713 1951 suscepta

2127 1974 2228 2030 lide
2256 1971 2559 2029 Christiana
2602 1974 2655 2029 in
2708 1990 2805 2029 usu
2848 1973 3041 2040 fuisse,
3074 1973 3268 2044 quibus
3296 1988 3329 2041 a
3369 1981 3560 2028 sancto
3596 1973 3720 2028 Dio-

2126 2068 2301 2139 nysio,
2331 2066 2587 2123 Ecclesiae
2614 2065 2916 2133 conditore,
2942 2065 3137 2121 tradita
3168 2064 3365 2132 fuerat,
3395 2065 3451 2120 in
3472 2080 3539 2120 eo
3569 2076 3717 2120 erra-

2126 2156 2220 2222 vit,
2250 2156 2395 2227 quod
2424 2156 2693 2227 putaverit
2724 2153 2894 2228 [ωίχι]
2930 2163 3174 2212 sanctum
3220 2155 3531 2227 Dionysium
3560 2164 3720 2210 rotate

2127 2245 2425 2318 apostolica
2459 2247 2674 2312 vixisse,
2707 2255 2762 2301 et
2792 2246 2934 2301 inter
2954 2246 3157 2316 primos
3178 2245 3335 2301 fidem
3362 2243 3717 2301 Gliristianam

2127 2339 2180 2394 in
2225 2338 2396 2394 Gallia
2443 2339 2783 2410 praedicasse.
2827 2341 2895 2392 At
2949 2338 2994 2394 si
3036 2353 3160 2393 eum
3201 2346 3417 2408 recepta
3463 2339 3720 2408 opinione

2128 2446 2391 2501 ponamus
2410 2438 2656 2487 sanctum
2699 2429 3029 2500 Dionysium,
3061 2429 3362 2499 imperante
3385 2429 3569 2495 Decio,
3593 2428 3719 2485 Gal-

2129 2520 2255 2575 liam
2282 2520 2614 2586 illustrasse,
2649 2518 2779 2573 nihil
2826 2517 2932 2574 erit
2972 2518 3025 2573 in
3054 2517 3307 2589 opinione
3337 2516 3571 2573 Hilduini
3600 2534 3718 2588 que

2130 2627 2400 2682 anonymo
2426 2609 2781 2667 contradicat.

2197 2701 2323 2757 256.
2356 2701 2756 2757 Eruditissimus
2803 2699 3146 2756 Mabillonius
3184 2698 3538 2769 qumstionem
3570 2698 3714 2753 serio

2132 2796 2359 2852 instituit
2382 2795 2455 2869 (ε)
2476 2834 2492 2860 ,
2543 2809 2611 2849 an
2634 2794 2846 2863 liturgia
2876 2792 3152 2848 Gallicana
3180 2800 3342 2847 aetate
3381 2790 3704 2862 prwcesserit

438 2898 688 2953 magnam
730 2882 1044 2937 afﬁnitatem
1074 2880 1325 2936 habuisse
1353 2894 1475 2934 cum
1518 2878 1608 2933 illa
1652 2878 1864 2947 liturgia
1910 2893 2031 2948 qua:
2130 2884 2444 2956 Hispanam,
2488 2883 2593 2949 vel,
2630 2891 2688 2938 ut
2714 2884 2801 2937 ille
2833 2883 3092 2962 loquitur,
3126 2880 3532 2945 Masurabicam,
3571 2882 3719 2951 eique

437 2971 635 3028 sa2culo
664 2987 717 3027 vt
746 2977 979 3026 exeunte
1006 2969 1061 3023 in
1088 2966 1262 3023 Gallia
1294 2968 1533 3036 vigebat.
1564 2966 1698 3021 Nam
1728 2981 2031 3038 anonymus

2133 2977 2353 3048 formam
2406 2984 2455 3028 et
2495 2974 2785 3044 exemplum
2832 2972 3128 3042 prwbuerit.
3178 2971 3285 3026 Nec
3328 2971 3591 3027 dubitavit
3634 2983 3719 3037 se-~

438 3071 625 3133 “Pel‘le
665 3062 744 3117 είι
774 3068 1021 3117 sanetum
1067 3056 1329 3114 Joannem
1372 3058 1758 3128 θνθυὲθιίεῑδηι
1806 3058 2031 3127 Primum
2128 3068 2363 3123 cundum
2394 3065 2722 3122 Gallicanam
2747 3064 3117 3135 pronuntiare.
3150 3061 3337 3130 Quam,
3368 3062 3557 3132 inquit,
3585 3061 3723 3114 anti-

439 3168 644 3207 cursum
699 3149 966 3206 Gallorum
1011 3148 1350 3214 decantasse,
1402 3147 1525 3204 inde
1571 3156 1759 3218 postea
1804 3148 2023 3203 beatum

2132 3159 2360 3228 quiorem
2400 3173 2511 3211 esse
2538 3152 2988 3224 Gellio-Hispana
3012 3153 3174 3208 multa
3202 3153 3535 3225 persuadent.
3566 3150 3722 3205 Scili-

438 3244 815 3316 Polycarpum.
837 3240 1151 3312 discipulum
1182 3255 1297 3310 apo
1318 3239 1412 3295 ιοιί
1436 3237 1690 3304 Joannis.
1722 3246 1777 3293 et
1809 3237 2026 3294 demum
2130 3256 2221 3305 cet
2248 3247 2323 3321 (at)
2356 3248 2622 3316 liturgiam
2649 3244 2978 3301 Gallicanam
3004 3253 3252 3300 auctores
3281 3242 3530 3298 habuisse
3558 3240 3717 3295 uua.

437 3345 684 3392 sanctum
728 3334 987 3389 Irenaeum
1030 3331 1250 3388 tertium
1298 3331 1467 3400 ipsum
1513 3346 1719 3384 cursum
1762 3330 1814 3384 in
1857 3328 2027 3385 Gallia

2132 3341 2283 3402 rium,
2315 3336 2570 3393 Humum
2595 3344 2645 3390 et
2671 3335 2964 3397 Sidonium,
2999 3333 3390 3389 Mozarabicam
3420 3347 3552 3386 vero
3577 3332 3723 3401 ipsos

438 3437 706 3484 cantasse.
735 3426 874 3481 Cum
905 3432 1085 3479 autem
1115 3438 1331 3478 cursum
1362 3421 1657 3477 Asiaticum
1702 3419 2029 3475 Gallicanum
2132 3429 2402 3501 Hispanos
2430 3426 2499 3481 ad
2522 3425 2818 3480 Leandrum
2848 3434 2896 3479 et
2921 3425 3182 3479 Isidorum
3212 3425 3391 3479 δεταιΙὶ
3418 3439 3491 3477 vn
3519 3423 3721 3489 ερὶετο-

441 3522 702 3584 nominet,
726 3519 1015 3577 verisimile
1042 3527 1126 3574 est
1152 3534 1371 3575 cursum
1394 3516 1673 3573 Gallorum
1693 3516 1873 3572 sazculi
1895 3531 1946 3570 vr
1975 3524 2030 3569 et
2132 3536 2245 3590 pos,
2279 3527 2534 3587 tanquam
2564 3515 2630 3570 ad
2660 3531 2787 3570 suos
2817 3525 3087 3581 auctores,
3134 3527 3410 3567 revocare.
3461 3511 3721 3567 Eamdem

439 3631 532 3681 vn,
556 3629 664 3684 quo
691 3621 936 3681 tempore
965 3624 1267 3680 anonymus
1292 3607 1574 3677 scripsisse
1600 3606 1855 3671 creditur,
1889 3604 2030 3661 haud
2132 3608 2485 3679 quaestionem
2527 3612 2783 3660 retractat
2819 3601 2879 3657 P.
2909 3601 3145 3659 Joannes
3192 3600 3378 3656 Pinius
3411 3601 3505 3671 (ε),
3562 3616 3723 3671 argu-

441 3704 756 3762 dissimilem
777 3701 941 3757 fuisse
967 3699 1145 3755 cursui
1172 3698 1411 3753 Asiatico
1441 3695 1615 3752 "sancti
1643 3694 1885 3751 Joannis.
2134 3709 2314 3756 meum
2343 3698 2630 3755 Mabillonii
2676 3698 2790 3754 fuse
2835 3696 3017 3764 refert,
3050 3712 3223 3767 eaque
3260 3697 3515 3753 evincere
3561 3706 3724 3766 negat

512 3796 636 3851 9.53.
679 3793 761 3849 An
792 3807 924 3849 vero
953 3791 1093 3847 idem
1135 3804 1357 3862 prorsus
1383 3788 1661 3845 habendus
1688 3788 1759 3843 sit
1783 3788 1915 3842 ordo
1944 3787 2033 3842 ille
2134 3794 2377 3849 ordinem
2407 3790 2736 3847 Gallicanum
2767 3790 3126 3862 antiquiorem
3156 3804 3274 3845 esse
3300 3788 3561 3859 Hispano,
3600 3790 3722 3845 eive

444 3889 490 3943 A
520 3887 709 3943 iaticus
747 3894 910 3953 atque
953 3881 1259 3939 Gallicanos
1284 3879 1466 3936 smculi
1503 3895 1577 3946 vt,
1620 3886 1712 3934 aut
1740 3894 1831 3945 vn,
1864 3876 2033 3933 ambi-

443 3994 607 4046 guum
652 3985 754 4033 est.
802 3975 935 4031 Nam
973 3989 1274 4046 anonymus
1301 3972 1509 4028 videtur
1538 3972 1773 4028 indicare
1815 3988 2031 4028 cursum

445 4068 778 4135 Asiaticum,
819 4074 1101 4137 postquam
1132 4065 1185 4120 in
1215 4063 1385 4121 Gallia
1430 4072 1681 4135 receptus
1723 4072 1826 4129 est,
1868 4078 2034 4133 opere

445 4160 730 4215 doctorum
758 4157 993 4212 virorum
1026 4154 1306 4221 lectiones,
1335 4153 1751 4219 modulationes,
1782 4152 2033 4222 antiplto-

444 4268 563 4319 nas,
610 4248 972 4321 responsoria,
1020 4262 1184 4302 sonos
1236 4254 1293 4301 et
1338 4246 1597 4309 alleluias,
1655 4243 1946 4313 recepisse,
2002 4258 2035 4298 e

443 4358 597 4400 sacra
626 4341 905 4412 Scriptura
935 4338 1268 4408 desumptas,
1297 4344 1459 4406 atque
1486 4335 1621 4391 adeo
1647 4335 1892 4391 nonnihil
1919 4351 2034 4390 mu-

446 4444 617 4492 tatum
647 4432 830 4488 fuisse.
859 4429 988 4492 Sed,
1019 4429 1164 4498 quod
1192 4426 1479 4483 dolendum
1508 4436 1607 4490 est,
1635 4426 1687 4480 in
1720 4432 1869 4480 textu
1902 4440 2033 4479 ano-

447 4526 612 4599 nymi,
641 4524 747 4579 hoc
774 4522 919 4589 loco,
942 4520 1147 4575 lacuna:
1176 4515 1518 4572 itmniuntur
1538 4514 1771 4587 (b),qu:c
1791 4515 2033 4585 scriptio-

448 4620 534 4674 nis
554 4615 748 4673 seriem
779 4613 1125 4681 abrumpunt,
1157 4617 1212 4663 et
1240 4606 1536 4677 impediunt
1561 4622 1631 4663 ne
1659 4607 2034 4676 dignoscamus

450 4724 516 4763 an
555 4706 767 4776 liturgia
817 4702 1094 4758 Gallicana
1144 4700 1369 4754 formam
1420 4698 1709 4754 Asiaticum
1754 4713 1942 4768 puram
1981 4706 2035 4752 ct

459 4857 744 4918 nontanu‘m
773 4861 825 4915 in
862 4857 1125 4922 Gullsis..,
1158 4856 1503 4911 tradiderunt.
1538 4855 1661 4911 llaac
1697 4871 1818 4911 cum
1847 4856 2036 4912 distin-

451 4945 537 4992 cte
567 4934 620 4987 in
662 4944 927 5001 anonymo
949 4928 1254 5001 lcgantur:
1269 4928 1449 5001 nescio
1489 4927 1762 5001 quo_u_todo
1795 4929 2035 5001 blabillo-

397 5014 408 5061 ‘.
456 5006 589 5065 nius.
632 5000 687 5057 in
725 4996 873 5069 Disq.
931 4997 1000 5053 de
1033 4996 1381 5069 curs.iGall.,
1424 4996 1546 5067 pag.
1586 4996 1713 5058 380,
1762 4997 2039 5067 scripserit

402 5076 408 5099 ·’
457 5087 667 5129 cursum
714 5068 1001 5126 Asiaticum
1059 5069 1112 5122 in
1160 5068 1362 5123 Gallias
1416 5082 1741 5137 propagasse
1792 5078 2035 5123 sanctum

458 5141 803 5212 Tropltimum
829 5140 1483 5212 Arelatensmn,_sanctum
1509 5137 1821 5212 Pltotinum,
1851 5146 1907 5193 et
1926 5154 2041 5193 san-

453 5207 599 5269 ctum
624 5212 881 5268 Irenz'cum
904 5210 1189 5281 episcopos
1220 5207 1643 5281 Lugdunenses?

526 5282 605 5352 (α)
636 5278 967 5355 Anonymus,
1015 5289 1297 5355 postquam
1351 5278 1612 5333 retulerat
1661 5286 1906 5355 sanctum
1933 5278 2040 5335 Ire-

455 5347 653 5413 meum,
695 5347 896 5414 Roma),
928 5369 958 5406 a
1006 5347 1195 5405 sancto
1238 5347 1517 5418 Clemente
1558 5363 1695 5418 papa
1732 5347 2036 5402 ordinatum

458 5422 973 5491 l'nisse‘episcopum,
1020 5420 1088 5475 de
1125 5435 1284 5475 cursu
1325 5416 1603 5473 Gallican'o
1633 5416 1866 5491 subdit:
1903 5419 2043 5474 Sau-

454 5504 565 5546 ctus
609 5487 845 5545 Joannes
889 5491 1203 5560 euangelista
1253 5491 1471 5560 primum
1523 5504 1726 5543 cursum
1773 5487 2041 5560 Gal'orum
2116 5550 2123 5555 _

458 5560 764 5623 decantauit,
798 5560 917 5613 inde
943 5557 1119 5630 postea
1169 5557 1341 5630 beatus
1385 5557 1723 5630 Polycarpus,
1756 5559 2039 5627 discipulus

432 5631 633 5712 sancti
648 5630 889 5712 Joannis,
912 5629 1038 5712 inde
1056 5639 1232 5712 postea
1263 5628 1568 5712 llicreueus,
1595 5632 1679 5712 qui
1721 5629 1815 5701 fuit
1842 5630 2041 5698 cpisco-

458 5720 553 5773 pus
603 5696 1187 5773 LttgduiieusiaGullci,
1234 5702 1413 5754 tertius
1462 5696 1801 5770 ipsaipsam
1833 5696 2038 5755 cursum
2116 5768 2117 5771 η

456 5768 745 5828 decantauit
776 5772 827 5825 iu
859 5768 1117 5823 Galleis...

2135 3886 2360 3941 fortnam
2392 3892 2485 3937 ant
2513 3882 2791 3953 exemplar
2817 3881 3131 3952 prmbuisse.

2206 3974 2329 4029 257.
2355 3974 2499 4031 Sane
2530 3982 2843 4041 argumenta
2873 3971 3166 4026 Mabillonii
3194 3970 3389 4027 debilia
3416 3977 3577 4037 sunt,
3604 3978 3723 4025 ete-

2138 4068 2244 4121 nim
2286 4072 2500 4120 constat
2530 4064 2546 4117 l
2571 4064 2799 4131 turgiam
2829 4061 3116 4132 Hispanam
3148 4061 3236 4116 diu
3267 4069 3396 4115 ante
3421 4060 3723 4116 Leandrum

2138 4171 2191 4215 et
2218 4159 2477 4214 lsidorum
2509 4156 2561 4210 in
2592 4155 2849 4226 llispania
2872 4154 3188 4220 obtinuisse,
3213 4161 3269 4207 et
3294 4152 3561 4221 liturgiam
3589 4150 3723 4206 Gal-

2138 4253 2363 4307 licanam
2379 4256 2594 4304 aetatem
2610 4245 2821 4314 Hilarii,
2841 4244 3049 4300 Sidonii
3074 4251 3129 4299 et
3149 4243 3333 4298 Musaei
3356 4241 3720 4313 praecessisse.

2137 4343 2277 4410 Qui,
2335 4339 2582 4411 quamvis
2631 4338 2796 4394 libros
2846 4336 3122 4407 liturgicos
3178 4334 3483 4402 ediderint,
3541 4345 3724 4390 tamen

2139 4442 2391 4489 auctores
2416 4429 2648 4485 habendi
2675 4444 2783 4484 non
2811 4436 2937 4484 sunt
2962 4427 3188 4498 liturgia:
3213 4424 3520 4482 Gallicanae.

2208 4521 2333 4577 258.
2361 4520 2469 4577 Sed
2513 4535 2637 4576 cum
2679 4519 3022 4575 Mabillonius
3064 4518 3315 4574 docuerit
3346 4517 3422 4589 (ι’)
3452 4516 3723 4585 liturgiam

2138 4614 2470 4671 Gallicanam
2526 4621 2583 4667 et
2631 4610 2993 4679 Toletanam,
3042 4625 3138 4666 seu
3193 4607 3721 4679 Gotho-Hispanam,

2137 4705 2381 4760 eamdem
2412 4717 2551 4768 esse,
2584 4702 2751 4757 miror
2772 4701 2943 4755 virum
2974 4700 3247 4756 eruditum
3273 4700 3417 4756 serio
3447 4699 3724 4770 inquirere

2209 4858 2285 4927 χᾶ)
2317 4859 2631 4927 Anonymus
2661 4873 2673 4905 τ
2708 4854 3017 4927 Hiereneus,
3047 4856 3132 4926 qui
3162 4854 3257 4925 fuit
3287 4853 3557 4927 episcopus
3590 4851 3729 4927 Lugi-

2138 4923 2382 4982 duuensis
2406 4923 2591 4989 Cullei,
2626 4927 2806 4979 tertius
2844 4926 2973 4993 ipsa,
3008 4923 3176 4988 ipsum
3202 4938 3405 4977 cursum
3435 4923 3729 4976 decantauit

2138 5001 2191 5053 in
2222 4997 2483 5053 Galleis...
2526 4998 2647 5050 inde
2677 5012 2703 5049 e
2730 4996 3186 5058 modulationibus,
3226 4994 3387 5047 series
3425 4993 3728 5059 Scriptura-

2140 5087 2253 5124 rum
2301 5068 2437 5123 Novi
2466 5086 2528 5122 ac
2568 5067 2761 5121 Veteris
2793 5064 3107 5119 Testamenti
3152 5065 3469 5117 diversorum
3498 5061 3726 5132 pruden-

2140 5141 2333 5193 tium...
2365 5141 2587 5193 uirorum
2617 5137 2820 5207 paginis
2867 5152 2973 5207 non
3002 5135 3067 5188 de
3094 5135 3335 5205 propriis,
3360 5133 3450 5187 sed
3478 5133 3730 5207 de_sacris

2141 5210 2427 5279 Scripturis
2460 5203 2757 5279 recrperu'nt
2800 5203 3132 5274 antiphouas,
3184 5214 3234 5257 et
3263 5203 3611 5279 resp'vusoria,
3638 5218 3731 5254 seu

2141 5273 2364 5334 sontis...
2414 5287 2463 5331 et
2499 5273 2735 5330 alleluias
2760 5273 3176 5344 compesuerunt,
3222 5284 3271 5328 et
3316 5291 3408 5343 per
3437 5273 3727 5326 universum

2141 5349 2315 5404 orbem
2344 5360 2599 5403 terrarum
2623 5347 2750 5403 ordo
2777 5362 2958 5400 cursus
2984 5357 3081 5399 est.

2241 5426 2289 5485 c)
2324 5420 2398 5473 De
2429 5418 2629 5485 Liturg.
2658 5417 2872 5484 Gallic,
2905 5417 2997 5470 lib.
3028 5432 3062 5480 ι,
3097 5429 3218 5485 cap.
3250 5411 3306 5480 4,
3336 5429 3388 5466 n.
3421 5411 3475 5468 4.

2240 5490 2293 5557 d)
2324 5489 2480 5553 lbid.,
2514 5505 2577 5557 n.
2604 5487 2635 5537 ’7
2661 5496 2717 5541 et
2740 5487 2793 5540 8.

2236 5548 2288 5631 εί
2314 5548 2494 5615 Tract.
2543 5556 2679 5631 Hist.
2735 5557 2936 5631 Chron.
2988 5554 3057 5610 de
3085 5554 3257 5624 antiq.
3304 5551 3504 5623 Liturg.
3551 5548 3722 5621 llisp.,

2143 5627 2276 5700 cap.
2299 5633 2350 5693 5,
2383 5639 2515 5685 sect.
2547 5628 2600 5693 6,
2630 5644 2745 5700 aAn.
2779 5627 2903 5682 l-l5.

2219 5691 2286 5774 ll)
2320 5691 2392 5757 De
2424 5691 2627 5772 Liturg.
2658 5696 2875 5767 Gallio,
2909 5696 3000 5755 lib.
3031 5714 3067 5765 ι,
3098 5711 3219 5768 cap.
3250 5694 3307 5763 5,
3337 5709 3391 5748 n.
3421 5691 3475 5747 9.
