4058 6178
342 316 405 369 ει
1788 307 2172 364 romano.
3546 321 3614 376 82

348 423 579 479 voluisse
606 430 725 478 utra
756 422 947 478 barum
976 420 1248 492 antiquior
1277 419 1455 488 fuerit,
1486 428 1541 476 et
1564 420 1717 475 alteri
1740 436 1923 475 exem-
1953 422 2001 481 A
2029 425 2096 480 ab
2127 426 2192 481 iis
2219 428 2485 499 episcopis
2531 446 2701 500 quos,
2742 434 2895 505 juxta
2946 444 3211 491 vetustam
3250 437 3607 506 Hispanorum

344 515 461 585 plar
488 512 797 584 prtebuerit.
825 509 885 567 In
909 511 1159 568 eumdem
1198 510 1435 582 lapidem
1471 511 1692 580 impegit
1729 509 1791 564 P.
1825 508 1927 564 Pe-

345 618 459 662 trus
490 605 565 663 Le
591 606 759 671 Brun,
786 606 1024 677 quicum
1054 606 1326 663 docuisset
1359 605 1435 676 (α)
1468 606 1735 673 liturgiam
1762 602 1919 659 GaIli-

342 711 571 764 canam,
618 698 804 751 saltem
830 696 1002 769 quoad
1042 698 1295 767 formam,
1344 696 1396 751 in
1422 694 1619 751 Missali
1648 694 1932 749 cardinalis

340 788 580 845 Ximenii
608 788 786 844 adhuc
808 789 1017 857 vigere,
1064 796 1121 843 et
1150 787 1391 858 pluribus
1420 786 1744 842 ostendisset
1773 786 1929 841 litur-

340 878 487 946 giam
536 876 931 932 Mozarahicam
961 874 1254 932 Gallicanae
1280 875 1605 931 simillimam
1635 874 1801 929 fuisse
1827 872 1926 944 (ὁ),

341 968 663 1039 Gallosque,
694 968 893 1025 seculo
923 984 1005 1033 Ix,
1061 983 1376 1038 persuasum
1409 966 1656 1022 habuisse
1685 966 1928 1022 eamdem

339 1060 612 1129 litnrgiam
640 1074 744 1131 qua
769 1058 989 1128 Hispani
1014 1058 1301 1113 utebantur
1330 1057 1382 1112 in
1412 1056 1583 1112 Gallia
1612 1056 1927 1119 obtinuisse,

342 1152 659 1221 priusquam
704 1147 927 1219 Pipinus
978 1156 1035 1203 et.
1081 1147 1309 1204 Carolus
1358 1148 1578 1215 Magnus
1626 1145 1927 1201 Romanum

338 1241 588 1297 ordinem
632 1240 685 1294 in
728 1238 955 1295 Galliam
1006 1238 1347 1303 intulerunt,
1395 1237 1536 1292 i'dem
1585 1236 1931 1291 nihilominus

336 1331 572 1386 asseruit
627 1330 898 1399 liturgiam
950 1327 1287 1383 Gallicanam
1338 1327 1617 1397 exemplar
1659 1326 1931 1382 exstitisse

336 1419 831 1493 Galba—Hispanas,
877 1429 932 1475 et
964 1429 1211 1476 sanctum
1253 1419 1553 1474 Leandrum
1585 1419 1765 1489 plures
1794 1420 1931 1473 ritus

337 1511 649 1568 Gallicanos
699 1512 754 1567 in
798 1512 1068 1580 liturgiam
1116 1508 1411 1582 Hispanam
1462 1510 1800 1565 transtulisse
1831 1509 1929 1581 (c),

337 1602 473 1657 adeo
505 1611 564 1656 ut
593 1617 656 1657 ea
686 1603 975 1657 vetustatis
1022 1602 1234 1672 species
1272 1616 1391 1669 qua:
1420 1602 1471 1656 in
1498 1601 1714 1671 liturgia
1745 1600 1928 1656 Maza-

337 1693 515 1747 rabica
546 1693 786 1747 cernitur
811 1693 878 1747 ab
905 1691 1097 1748 ordine
1124 1689 1403 1748 Gallicano
1433 1701 1675 1746 mutuala
1700 1692 1884 1747 fuerit.

2039 519 2401 586 traditionem,
2430 521 2613 578 Romae
2638 525 2910 581 ordinatos
2931 527 3160 597 apostoli
3188 527 3376 582 Petrus
3406 537 3461 583 et
3478 527 3610 583 Pau-

2033 608 2115 665 lus
2144 611 2196 664 in
2243 609 2550 681 Hispaniam
2597 614 2947 683 praedicatum
2992 618 3273 671 miserunt.
3324 619 3425 684 Qui
3469 618 3610 675 hanc

2031 698 2259 755 formam
2289 703 2572 769 Asianam,
2622 714 2811 774 utpote
2843 706 2982 761 haud
3021 708 3334 763 dissimilem
3383 709 3613 781 liturgite

2033 805 2138 861 qua
2167 793 2444 861 apostolus
2468 792 2664 849 Paulus
2692 795 2744 849 in
2760 793 3022 865 Hispania
3043 814 3169 853 usus
3195 797 3391 865 fuerat,
3424 798 3611 855 Eccle-

2032 884 2126 941 siis
2152 900 2182 939 a
2213 900 2272 941 se
2299 886 2606 942 constitutis
2632 887 2988 944 tradiderunt.
3017 888 3142 946 llaec
3167 899 3226 944 nt
3254 891 3306 945 in
3339 907 3397 947 re
3424 892 3615 947 admo-

2031 972 2156 1027 dum
2184 975 2433 1044 obscura,
2481 986 2538 1032 et
2565 976 2718 1046 cujus
2738 977 2942 1034 nullam
2973 994 3111 1049 pene
3159 981 3404 1036 notitiam
3438 983 3615 1039 habe-

2033 1079 2174 1130 mus,
2225 1074 2476 1135 tanquam
2508 1083 2726 1137 prorsus
2777 1085 2884 1124 non
2930 1069 3261 1125 incredibilia
3293 1073 3436 1128 dicta
3483 1075 3612 1135 sint.

2033 1173 2175 1213 nunc
2202 1158 2268 1212 ad
2299 1167 2546 1216 auctores
2576 1159 2801 1217 Missalis
2831 1163 3152 1221 Mozarabici
3183 1166 3431 1223 devenio.

2035 1247 2063 1318 §
2094 1246 2230 1303 XVI.
2263 1248 2343 1303 An
2373 1260 2581 1305 sanctus
2604 1250 2863 1322 Leander,
2892 1266 3208 1312 autsanctus
3232 1259 3489 1325 Isidorus,
3521 1271 3611 1315 aut

2066 1347 2277 1393 sanctus
2304 1339 2548 1397 Julianus
2573 1352 2753 1399 auctor
2780 1346 2936 1416 fuerit
2965 1345 3201 1404 Missalis
3231 1349 3571 1406 Mozarabici.

2101 1428 2227 1485 265.
2261 1431 2415 1501 Apud
2448 1431 2714 1503 Hispanos
2758 1436 2998 1507 aliasque
3043 1448 3230 1507 gentes
3278 1443 3475 1511 passim
3521 1443 3615 1498 ad-

2031 1521 2191 1576 missa
2221 1530 2385 1592 atque
2412 1526 2629 1594 vulgata
2656 1528 2841 1597 opinio
2872 1541 2987 1594 est,
3034 1548 3155 1601 qua:
3181 1532 3397 1590 Missale
3425 1534 3615 1590 Μοιρ-

2031 1612 2260 1677 rabum,
2311 1614 2413 1668 hoc
2462 1624 2548 1670 est
2603 1616 3151 1688 Gotho-Hispanum,
3200 1633 3293 1677 aut
3344 1638 3375 1678 a
3424 1634 3615 1682 saneto

2033 1700 2301 1769 Leandre,
2326 1710 2420 1756 aut
2446 1719 2475 1758 a
2502 1717 2690 1762 sancto
2722 1706 2952 1771 Isidoro.
3003 1719 3095 1765 aut
3122 1712 3190 1766 ab
3235 1722 3469 1783 utroque
3494 1715 3611 1770 edi-

406 1801 530 1856 259,
566 1801 661 1858 His
701 1804 863 1873 igitur
891 1811 947 1858 ει
976 1803 1240 1858 similibus
1270 1803 1672 1872 puerei-missis;
1689 1817 1810 1872 qua;
1839 1818 1919 1860 se.
1957 1774 2006 1836 Β
2034 1802 2143 1848 ιυιη
2174 1795 2337 1852 fuisse
2368 1805 2535 1853 tenet.
2569 1797 2635 1853 Et
2662 1799 2753 1855 alii
2778 1801 2993 1869 quidem
3017 1802 3069 1856 in
3103 1802 3205 1858 hoc
3234 1774 3427 1873 insigni
3447 1821 3613 1875 opere

334 1896 417 1951 rio
448 1895 518 1952 de
560 1912 666 1951 una
703 1902 866 1967 atque
895 1896 1084 1952 eadem
1133 1896 1346 1965 Iiturgia
1387 1897 1579 1966 agitari
1629 1904 1923 1966 nequeunt,

332 1990 502 2060 quaeri
532 1995 714 2059 potest
740 2003 807 2041 an
838 1995 1048 2042 vetusta
1080 1988 1195 2043 hmo
1218 1987 1389 2043 forma
1422 1988 1601 2042 divina
1630 1986 1809 2043 ofﬁcia
1836 2002 1921 2043 ce-

332 2080 599 2144 Iebrandi,
631 2094 793 2149 quam
820 2086 1035 2134 constat
1057 2078 1303 2133 eamdem
1333 2079 1621 2150 aliquando
1648 2080 1703 2134 in
1734 2079 1925 2151 Hispa-

332 2172 443 2236 nia,
472 2179 530 2226 et
558 2170 613 2225 in
643 2157 815 2224 Gallia
847 2169 1109 2238 viguisse,
1140 2170 1452 2238 primaevam
1480 2185 1631 2225 suam
1660 2170 1923 2240 originem

330 2260 637 2331 Hispanias,
683 2275 750 2314 an
778 2258 957 2328 potius
984 2258 1170 2316 Gallia:
1207 2260 1433 2329 debeat,
1482 2270 1539 2317 et
1576 2261 1772 2317 deinde
1798 2277 1865 2317 an
1893 2277 1925 2319 e

328 2353 504 2409 Gallia
537 2354 590 2409 in
621 2353 964 2425 Hispaniam,
1012 2370 1081 2410 an
1110 2356 1291 2426 potius
1315 2372 1381 2413 ex
1416 2354 1675 2428 Hispania
1705 2358 1757 2412 in
1796 2356 1924 2413 Gal-

330 2443 458 2497 liam
487 2444 787 2500 devenerit.

403 2552 597 2628 [nun]
628 2554 758 2609 260.
809 2555 1015 2623 Quibus
1065 2556 1609 2628 interrogationibus,
1656 2556 1760 2613 uisi
1788 2555 1923 2614 ﬁdes

329 2647 651 2701 adhibeatur
695 2660 970 2718 anonymo
1019 2648 1331 2717 Spelmani,
1384 2649 1547 2714 nihil,
1594 2664 1701 2706 non
1748 2649 1924 2705 dicam

328 2735 502 2801 certi,
551 2735 647 2791 sed
695 2737 838 2808 quod
882 2738 1163 2807 probabile
1212 2738 1312 2805 sit,
1358 2740 1675 2810 responderi
1720 2746 1918 2810 potest.

329 2826 401 2881 At
443 2828 489 2881 si
526 2827 789 2897 placuerit
825 2843 1098 2901 anonymo
1146 2831 1405 2898 credere,
1456 2830 1808 2899 interroganti
1854 2844 1921 2885 an

332 2918 545 2987 Iiturgia
571 2917 1040 2991 Gotho-Hispana,
1090 2936 1211 2991 qua:
1258 2932 1313 2976 et
1337 2921 1613 2978 Gallicana
1647 2933 1753 2991 est,
1803 2931 1922 2978 orta

329 3008 402 3063 sit
432 3009 481 3062 in
509 3007 791 3080 Hispania,
819 3025 887 3065 an
918 3018 1099 3081 potius
1130 3013 1180 3065 in
1210 3012 1381 3066 Gallia
1403 3055 1418 3078 ,
1448 3013 1727 3084 responsio
1755 3012 1924 3067 facilis

330 3108 412 3155 est
435 3110 492 3154 et
516 3100 797 3170 expedita,
848 3117 969 3157 eam
999 3117 1174 3172 neque
1204 3102 1255 3157 in
1284 3102 1454 3159 Gallia
1473 3144 1489 3172 ,
1541 3117 1716 3173 neque
1745 3103 1795 3157 in
1824 3102 1920 3158 Hi-

329 3193 541 3262 spania,
586 3194 681 3249 sed
711 3196 763 3248 in
808 3194 935 3249 Asia
980 3194 1190 3249 initium
1232 3194 1494 3264 cmpisse,
1542 3193 1632 3249 ubi
1660 3209 1691 3248 a
1732 3202 1921 3250 sancto

328 3281 539 3338 Joanne
586 3280 833 3354 apostolo
881 3284 1124 3339 instituta
1165 3283 1287 3353 fuit,
1339 3284 1482 3340 unde
1527 3284 1582 3339 in
1629 3283 1860 3341 Galliam
1890 3301 1920 3339 a

329 3384 520 3429 sancto
546 3373 751 3431 Irenmo
780 3375 1043 3431 translata
1072 3384 1178 3431 est.

397 3488 526 3542 261.
556 3488 638 3541 Ad
668 3490 891 3544 alteram
918 3503 1051 3544 vero
1077 3487 1575 3560 interrogationem,
1606 3503 1673 3543 an
1697 3502 1727 3544 e
1747 3486 1920 3545 Gallia

333 3578 383 3633 in
416 3578 733 3648 Hispaniam
760 3579 1020 3634 translata
1054 3579 1231 3643 fuerit,
1261 3578 1534 3635 difﬁcilior
1561 3590 1644 3635 est
1669 3588 1725 3635 et
1752 3582 1921 3651 magis

329 3671 579 3726 intricata
620 3672 925 3742 responsio.
956 3671 1090 3726 Nam
1120 3687 1226 3727 non
1264 3681 1510 3745 apparet,
1554 3681 1753 3743 pra-ter
1776 3674 1918 3729 hanc

328 3778 525 3828 unam,
579 3763 718 3833 apud
747 3760 1012 3833 Hispanos
1060 3764 1310 3834 antiquos
1338 3765 1498 3820 aliam
1535 3780 1921 3837 quamcunque

329 3852 558 3908 formam
602 3853 904 3925 liturgicam
937 3854 989 3909 in
1016 3855 1290 3927 mysteriis
1317 3854 1721 3911 Catholicorum
1754 3855 1921 3911 usita-

329 3954 435 3998 tam
475 3944 644 3999 fuisse
674 3961 689 3998 :
720 3952 935 4000 constat
964 3945 1126 4000 etiam
1154 3987 1171 4013 ,
1211 3953 1458 4016 tempore
1496 3946 1670 4000 sancti
1707 3945 1915 4012 Irenaei,

325 4045 381 4092 et
408 4038 577 4091 etiam
600 4046 780 4105 antea,
827 4035 1096 4093 Ecclesias
1138 4037 1190 4091 in
1221 4036 1477 4107 Hispania
1505 4037 1674 4093 fuisse
1716 4039 1921 4095 consti-

327 4138 504 4195 tutas,
549 4142 672 4197 qua:
698 4128 883 4199 utique
914 4127 1129 4197 liturgia
1176 4144 1285 4184 non
1330 4128 1609 4184 carebant.
1659 4127 1919 4200 Equihus

327 4220 699 4289 consequitur,
729 4229 783 4274 et
815 4228 1061 4289 tempore
1088 4220 1259 4275 sancti
1290 4218 1502 4289 Irenzei,
1544 4230 1601 4276 et
1628 4230 1756 4275 ante
1803 4220 1919 4289 ejus

325 4321 564 4377 atatem,
604 4310 871 4382 Hispanos
899 4312 1000 4367 hac
1028 4313 1198 4367 forma
1229 4312 1478 4381 liturgica
1500 4328 1620 4383 quae
1646 4314 1698 4368 in
1728 4312 1919 4384 HiSpa-

326 4401 948 4473 nia.Gotho~Hi.~‘pana,
994 4402 1048 4457 in
1092 4399 1296 4467 Gallia,
1346 4400 1622 4457 Gallicana
1648 4402 1791 4457 dicta
1834 4410 1918 4457 est

2030 1888 2231 1959 primas
2258 1900 2437 1959 partes
2464 1903 2651 1949 sancte
2683 1893 2946 1962 Leandre,
2993 1897 3256 1953 secundas
3301 1908 3490 1954 sancto
3518 1899 3613 1956 Isi-

2030 1977 2166 2033 doro
2196 1980 2456 2046 tribuunt,
2479 1982 2567 2036 alii
2598 1997 2786 2038 contra
2811 1983 3110 2042 Leandrum
3142 2003 3276 2059 opus
3306 1988 3609 2055 inchoasse,

2030 2068 2287 2125 Isidorum
2309 2072 2598 2141 perfecisse
2619 2075 2823 2130 volunt.

2098 2161 2220 2215 264.
2248 2161 2356 2217 Sed
2383 2164 2465 2218 ha:
2492 2164 2773 2234 opiniones
2800 2167 3031 2237 antiquis
3060 2168 3253 2237 ignotze
3277 2181 3454 2238 erant,
3507 2187 3610 2227 nec

2027 2253 2170 2309 enim
2201 2269 2298 2322 pro
2328 2254 2391 2310 iis
2426 2254 2564 2310 ullus
2609 2259 2807 2311 citalur
2835 2257 3039 2313 Auctor
3064 2260 3155 2329 qui
3185 2269 3312 2315 ante
3341 2262 3609 2317 excidium

2026 2343 2177 2413 regni
2224 2342 2624 2413 Visigothoruin
2671 2346 2966 2416 scripserit.
3029 2347 3144 2414 Qua
3197 2350 3354 2406 unica
3396 2352 3609 2408 ratione

2027 2436 2522 2505 argumentationes
2568 2451 2756 2491 omnes
2784 2446 2839 2492 et
2880 2437 3205 2506 conjectura:
3247 2442 3611 2497 recentiorum

2027 2525 2144 2581 falsi
2171 2528 2587 2582 convincuntur.
2627 2526 2909 2595 Quomodo
2937 2531 3081 2590 enim
3123 2532 3241 2586 sine
3270 2532 3480 2605 [LXXIII]
3512 2550 3610 2588 an-

2027 2617 2300 2687 tiquorum
2334 2617 2642 2675 testimonio
2690 2619 3031 2675 innotescere
3068 2622 3245 2690 potuit
3292 2624 3609 2681 recentiuris

2025 2708 2125 2761 aevi
2150 2708 2504 2778 scriptoribus
2530 2718 2747 2765 sanctos
2779 2708 3078 2766 Leandrum
3107 2721 3161 2767 et
3188 2711 3447 2770 lsidorum
3476 2714 3608 2771 Mis-

2025 2800 2153 2855 salis
2179 2798 2610 2871 Gothodlispani
2640 2812 2890 2859 auctores
2918 2805 3230 2860 exstitisse?
3268 2815 3485 2863 sanctus
3511 2808 3610 2864 Isi-

2026 2892 2210 2958 dorus,
2260 2894 2313 2950 in
2343 2894 2479 2949 I.bro
2507 2894 2575 2952 de
2604 2895 2741 2951 Viris
2770 2898 3064 2953 illustribus
3094 2899 3195 2969 (tl),
3240 2915 3405 2970 opera
3434 2902 3607 2956 sancti

2026 2985 2255 3041 Leandri
2288 2995 2555 3052 recenset,
2586 2988 2715 3056 quin
2745 2988 2811 3044 de
2833 2989 3029 3044 Missali
3058 2992 3383 3048 mentionem
3410 2994 3603 3048 faciat:

2029 3077 2097 3133 In
2125 3078 2483 3133 ecclesiasticis
2513 3079 2704 3148 ofﬁciis
2735 3094 2837 3134 non
2866 3097 3023 3146 parvo
3045 3080 3300 3136 laboravit
3330 3084 3534 3138 studio:
3553 3085 3605 3137 in

2031 3180 2134 3225 toto
2163 3172 2299 3225 enim
2320 3170 2612 3238 Psalterio,
2660 3172 2851 3242 duplici
2884 3171 3145 3239 Editione,
3190 3176 3454 3229 orationes
3481 3192 3611 3230 con-

2023 3264 2257 3333 scripsit,
2302 3264 2356 3317 in
2380 3264 2639 3334 sacriﬁczo
2665 3282 2866 3335 quoque
2907 3267 3144 3320 laudibus
3195 3278 3348 3341 atque
3374 3268 3613 3325 Psalmis

2020 3355 2185 3410 multa
2213 3354 2351 3408 dulci
2377 3370 2503 3409 :oua
2527 3357 2830 3425 composuit.
2882 3355 3144 3411 Nimirum
3177 3368 3396 3413 sanctus
3436 3360 3609 3415 Lean-

2021 3445 2117 3499 der
2153 3441 2459 3499 Orationale
2484 3445 2714 3514 scripsit,
2741 3446 2883 3514 quod
2915 3445 2996 3500 bis
3025 3445 3212 3512 edidit,
3244 3446 3437 3502 librum
3469 3465 3604 3518 quo-

2020 3550 2126 3605 que
2158 3536 2570 3607 Sacriﬁciorum,
2620 3537 3035 3606 antiphonarum
3062 3538 3267 3593 scilicet
3292 3554 3411 3609 qua:
3442 3556 3606 3597 cane-

2022 3630 2221 3685 bantur
2264 3631 2389 3685 dum
2442 3631 2671 3703 populus
2714 3631 2993 3688 offerebat.
3041 3631 3262 3689 Librum
3327 3633 3599 3702 Laudem,

2019 3735 2140 3790 quae
2182 3720 2322 3777 lecto
2371 3720 2662 3791 Evangelia
2691 3726 3042 3792 canebantur,
3093 3734 3149 3780 et
3176 3724 3505 3781 Psalmorum
3533 3728 3604 3782 li-

2020 3812 2215 3878 brum,
2268 3828 2456 3870 eorum
2516 3816 2769 3884 scilicet,
2819 3820 2910 3890 qui
2958 3818 3010 3873 in
3062 3820 3221 3875 missa
3273 3820 3608 3876 canebantur

2023 3905 2115 3977 (ε),
2143 3907 2467 3977 composuit.
2517 3907 2574 3961 In
2607 3909 2689 3963 his
2712 3918 2892 3964 autem
2921 3911 3227 3968 nullusest
3242 3912 3378 3967 liber
3413 3910 3607 3967 Missa-

2019 3999 2103 4065 lis,
2145 4013 2303 4067 quem
2336 3998 2580 4069 profecto
2609 4011 2830 4057 sanctus
2859 4002 3091 4057 Isidorus
3122 4019 3229 4059 non
3260 4005 3553 4061 omisisset.

2089 4113 2213 4170 265.
2255 4114 2459 4170 Eodem
2500 4127 2818 4185 argumento
2861 4118 3144 4173 conﬁcitur
3164 4132 3409 4175 sanctum
3436 4121 3607 4175 Isido-

2017 4220 2135 4258 rmn
2163 4212 2436 4259 auctorem
2468 4220 2575 4259 non
2605 4220 2726 4260 esse
2763 4204 2992 4261 Missalis
3012 4205 3463 4278 Gotho-Hispani,
3509 4225 3605 4265 seu

2017 4293 2359 4351 Mozarabici.
2388 4292 2621 4369 Operam
2648 4295 2763 4365 ejus
2785 4296 3085 4367 catalognm
3117 4304 3339 4354 texuere
3388 4309 3607 4355 sanctus

2017 4386 2233 4442 Braulio
2262 4386 2770 4457 Cmsaraugustanus
2816 4390 3101 4460 episcopus
3143 4392 3247 4463 (ί),
3285 4392 3374 4462 qui
3419 4402 3607 4449 sancto

327 4504 451 4544 usos
478 4503 601 4545 esse
619 4531 633 4553 ,
686 4490 814 4559 quin
854 4505 917 4545 ea
942 4504 1010 4543 ex
1038 4487 1210 4543 Gallia
1255 4489 1306 4542 in
1338 4487 1647 4558 Hispaniam
1677 4488 1914 4543 devene-
1948 4478 1997 4537 ῐ)
2023 4480 2225 4537 Isidoro
2254 4483 2409 4538 annis
2438 4484 2604 4539 ferme
2629 4485 2811 4541 decem
2840 4494 3116 4553 superstes
3134 4488 3284 4555 vixit,
3309 4497 3364 4543 et
3388 4498 3609 4545 sanctus

325 4580 410 4633 rit.
462 4578 912 4650 Quandoquidem
964 4587 1183 4635 sanctus
1226 4578 1459 4634 lrenazus
1503 4594 1622 4633 eam
1646 4578 1699 4633 in
1746 4577 1917 4633 Gallia

322 4672 582 4725 adhibere
608 4670 774 4739 cmpit
801 4678 1085 4739 postquam
1108 4670 1391 4739 episcopus
1418 4670 1695 4725 ordinatus
1724 4677 1830 4736 est,
1860 4676 1920 4723 ut

321 4776 627 4833 anonymus
660 4768 907 4825 testatur,
938 4774 1098 4829 quem
1125 4775 1288 4815 unum
1318 4764 1372 4814 in
1394 4759 1498 4815 hac
1524 4774 1583 4814 re
1608 4759 1798 4814 ducem
1822 4760 1919 4813 ha-

320 4852 538 4906 bemus.

395 4943 522 4997 262.
557 4944 740 5012 Igitur,
792 4942 1047 5013 quoniam
1077 4950 1283 4999 vetusta
1326 4944 1441 4999 haec
1481 4942 1706 5012 liturgice
1744 4942 1915 5013 forma

318 5048 351 5088 e
376 5032 550 5088 Gallia
586 5034 638 5087 in
666 5033 974 5103 Hispaniam
1003 5041 1297 5103 prapagata
1345 5050 1452 5088 non
1479 5042 1587 5100 est,
1634 5027 1920 5105 et'anony-

319 5142 443 5178 mus
468 5125 601 5180 dicit
624 5142 742 5180 eam
771 5141 837 5180 ex
863 5124 989 5178 Asia
1014 5125 1066 5178 in
1089 5123 1318 5178 Galliam
1342 5140 1506 5194 Opere
1530 5128 1697 5181 sancti
1732 5125 1915 5180 lrvnaei

316 5215 631 5283 devenisse,
662 5215 974 5270 incredibile
1013 5231 1120 5269 non
1146 5224 1231 5287 est
1258 5215 1501 5270 eamdem
1531 5215 1807 5286 aliquanto
1836 5217 1915 5272 ci-

318 5308 433 5363 tius
463 5323 533 5363 ex
562 5308 690 5363 Asia
733 5308 787 5361 in
828 5306 1142 5378 Hispaniam
1191 5323 1407 5378 quoque
1455 5308 1688 5364 delatam
1728 5310 1914 5376 fuisse,

280 5492 281 5495 η
321 5466 477 5540 __(a)
511 5465 717 5538 Explic.
744 5466 939 5536 Missa,
969 5477 1101 5524 tom.
1128 5467 1190 5534 II,
1224 5468 1436 5526 dissert.
1470 5486 1523 5537 v,
1553 5478 1656 5524 art.
1689 5469 1753 5535 ιι,
1788 5482 1908 5540 pag.

314 5536 418 5591 271
434 5536 463 5592 ,ί
594 5536 610 5538 “

393 5609 477 5691 ιω
502 5607 662 5691 eis;
693 5623 814 5679 pas.
843 5606 969 5691 532-

394 5682 471 5746 (ε)
506 5678 665 5741 lbid.,
698 5678 821 5750 pag.
853 5679 976 5736 554.

396 5750 483 5818 td)
506 5750 640 5820 Cap.
669 5749 759 5808 41.

2019 4569 2358 4627 IIildefunsus
2396 4573 2507 4645 (g),
2560 4575 2846 4644 episcopus
2890 4574 3205 4644 Toletanus,
3257 4578 3357 4647 qui
3403 4579 3603 4634 nullum

2019 4660 2135 4731 ejus
2175 4672 2602 4718 commemorant
2630 4664 2826 4719 librum
2876 4664 3201 4734 Iitnrgicum,
3232 4676 3427 4736 pmter
3470 4668 3625 4726 duos.
3657 4682 3661 4688 ‘

2017 4755 2084 4809 de
2125 4754 2325 4809 Ofﬁciis
2378 4754 2777 4811 ecclesiasticis.
2823 4758 2886 4812 Ili
2935 4758 3098 4827 igitur
3147 4774 3269 4815 cum
3321 4758 3534 4815 Missale
3573 4776 3604 4816 a

2018 4853 2205 4900 sancto
2230 4844 2438 4901 Isidoro
2464 4847 2826 4918 conscriptum
2849 4864 2957 4904 non
2981 4850 3318 4917 agnoverint,
3336 4851 3606 4906 recentio-

2020 4953 2104 4992 res
2132 4938 2222 5006 qui
2265 4945 2387 5007 post
2414 4938 2670 4993 saeculum
2714 4955 2768 4994 ιι
2805 4939 2989 4996 vixere
3018 4940 3268 4995 audiendi
3314 4956 3420 4996 non
3459 4948 3605 5007 sunt,

2019 5027 2234 5097 quando
2264 5027 2418 5082 nobis
2444 5028 2771 5097 persuadere
2790 5040 3058 5085 conantur
3083 5029 3299 5085 Missale
3352 5030 3600 5086 Mazara-

2017 5123 2144 5178 bum
2177 5137 2208 5177 a
2233 5131 2420 5177 sancto
2448 5123 2673 5178 doctore
2710 5124 3069 5194 compositum
3092 5121 3274 5178 fuisse.

2089 5213 2211 5268 266.
2246 5214 2448 5268 Horum
2476 5228 2507 5269 e
2538 5215 2723 5285 primis
2752 5214 2849 5268 fuit
2874 5213 3264 5278 Guitmundus,
3296 5211 3600 5269 Aversanus

2018 5307 2322 5377 cpiscopus,
2373 5306 2465 5376 qui
2512 5308 2568 5362 in
2615 5320 2782 5377 opere
2818 5304 2963 5375 quod
2992 5313 3179 5360 contra
3217 5302 3597 5374 Berengariuni

2091 5468 2160 5537 (ε)
2191 5467 2268 5521 De
2305 5465 2593 5535 sacri/icio,
2647 5464 2761 5518 sive
2805 5461 3117 5537 olfertoriisl
3132 5460 3213 5537 ge
3240 5461 3600 5537 _lauditms_ct

2018 5529 2107 5593 de‘
2133 5529 2345 5606 psalmis
2385 5529 2495 5605 egit
2541 5543 2758 5589 sanctus
2802 5529 3041 5587 Isidorus
3080 5529 3181 5587 Oﬁ‘.
3240 5532 3278 5589 I.
3336 5550 3380 5599 ι,
3412 5550 3461 5589 c.
3509 5534 3599 5605 Η,

2022 5610 2241 5749 15ῐῖῗὶη
2269 5676 2444 5749 elogio
2471 5673 2730 5749 ρρρτίιῳε
2754 5673 2923 5728 sancti
2949 5673 3132 5749 l_sidori
3154 5673 3453 5749 prarmisso.

2092 5747 2167 5819 lg)
2200 5746 2271 5803 De
2305 5746 2441 5802 Viris
2468 5745 2784 5815 illustribus,
2815 5760 2934 5816 cap.
2958 5745 3009 5801 9.
