4058 6178
474 331 542 387 87
1924 330 2312 391 PREFATIO.
3674 340 3747 397 88

470 449 712 505 σοῖσιηιιὶε
726 448 851 505 ordo
864 440 914 501 in
930 444 1157 503 Ecclesia
1169 440 1549 516 agitur,quibus
1564 443 1636 497 vel
1646 443 2063 499 instruct‘onibus
2094 451 2136 508 Α
2168 447 2363 517 quibus
2392 452 2501 498 tres
2519 451 2642 499 sunt
2662 443 2936 503 orationrs
2958 454 3085 502 ante
3105 461 3389 505 eanouem.
3422 448 3598 505 Prima
3646 467 3745 509 no-

468 558 637 596 canon
663 540 1035 595 ecclesiasticus
1063 538 1354 590 decoratur.
1374 532 1540 588 Alteri
1563 547 1693 588 vero
1716 533 2076 603 prannittitur.

469 633 892 704 lncipitepistola
904 630 1128 685 secunda
1139 629 1202 684 de
1215 628 1473 684 communi
1488 628 1686 699 ofﬁcio.
1704 626 1909 682 Eruditi
1935 626 2056 682 Edi-

470 738 614 780 mres
632 725 820 779 harum
842 721 1190 793 epistolarum
1204 729 1477 775 auctorem
1492 726 1793 788 agnoscunt
1805 727 2052 774 sanctum

466 813 830 877 Germanum,
861 811 1216 868 Parisiensem
1265 811 1618 881 episcopum;
1649 810 1749 866 hos
1803 818 2052 874 secutus,

466 904 725 974 epistolas
763 904 895 959 istas
913 902 1064 972 lrequ
1073 910 1227 957 enter
1245 901 1346 957 sub
1362 901 1581 956 nomine
1596 900 1767 956 sancti
1797 899 2053 956 Germani

467 994 637 1049 citare
681 993 863 1062 soleo,
902 991 1146 1063 quamvis
1170 990 1298 1045 mihi
1329 991 1589 1046 incertum
1619 992 1691 1046 sit
1719 1005 1787 1045 an
1837 1002 2053 1046 sanctus

464 1085 786 1149 Germanus,
811 1099 877 1137 an
921 1082 1056 1139 alius
1075 1121 1091 1148 ,
1117 1097 1147 1138 e
1175 1081 1416 1153 Spissiori
1447 1081 1631 1150 aliquo
1659 1080 1796 1136 libro
1837 1079 2051 1136 ofﬁciali

464 1192 558 1230 eas
585 1176 970 1247 composuerit.
998 1173 1223 1231 Scatent
1260 1174 1402 1230 enim
1432 1170 1662 1239 mendis,
1694 1187 1814 1243 qua:
1862 1181 2052 1229 sancto

463 1266 736 1323 Germano
763 1268 853 1322 vix
883 1267 1043 1321 tribui
1096 1276 1339 1337 possunt.
1373 1266 1478 1322 Sed
1508 1267 1814 1337 quicunque
1857 1265 1928 1321 sit
1957 1280 2053 1321 ea-

464 1376 583 1414 rum
606 1369 826 1425 auctor,
855 1360 900 1415 is
920 1368 1070 1415 certe
1097 1367 1341 1415 vctu-tus
1388 1367 1493 1423 est,
1520 1358 1742 1427 ejusque
1766 1371 1923 1427 opus,
1951 1356 2051 1412 etsi

464 1451 807 1519 mendosum,
831 1465 1025 1520 magno
1046 1451 1122 1506 rei
1153 1451 1413 1519 liturgicae
1450 1450 1740 1506 Gallicanae
1764 1451 1911 1504 bono
1938 1448 2053 1504 edi-

466 1552 578 1597 tum
608 1541 728 1598 luit.
756 1542 965 1599 Etenim
1007 1543 1158 1614 plura
1204 1558 1325 1613 qua:
1352 1551 1509 1597 antea
1544 1543 1596 1596 in
1639 1542 1873 1596 obscuro
1899 1549 2054 1596 erant

465 1650 532 1690 eo
554 1635 917 1697 innotescunt,
948 1642 1005 1689 et
1032 1634 1275 1705 plerique
1330 1634 1466 1691 ritus
1494 1632 1929 1703 Gotho—llispani
1956 1646 2050 1689 eo-

466 1740 695 1797 rumque
721 1741 844 1782 cum
872 1724 1164 1782 Gallicanis
1206 1726 1440 1781 allinitas
1469 1724 1881 1782 continuantur.

2158 538 2302 593 mine
2333 536 2551 607 proprio
2576 544 2744 592 caret.
2776 536 3022 593 Secunda
3051 539 3357 596 inscribitur
3381 552 3599 605 secreta,
3635 552 3745 599 ter-

2157 630 2229 683 tia
2255 630 2579 696 contestatio,
2602 644 2765 701 quam
2791 645 2964 685 canon
2996 631 3272 689 Romanus
3292 634 3518 704 aliteque
3541 636 3746 691 oratio-

2156 734 2256 775 nes
2277 718 2345 773 ad
2374 717 2533 774 tinem
2565 719 2739 775 missa:
2766 720 2834 776 de
2858 736 3010 776 more
3030 732 3453 792 consequuntur.

2226 833 2351 887 284.
2401 832 2615 889 Missale
2642 832 2794 900 illud,
2826 833 2971 903 quod
3011 850 3118 889 em.
3163 834 3484 892 Thomasius
3531 839 3743 894 missale

2157 924 2483 981 Francorum
2501 925 2769 996 inscripsit
2794 926 2940 997 (quia
2967 927 3020 980 in
3048 926 3207 981 missa
3228 944 3323 995 pro
3344 928 3547 999 regibus
3575 929 3743 985 Deum

2154 1028 2313 1077 orant
2344 1036 2438 1089 pro
2467 1019 2612 1089 regni
2664 1017 2992 1074 Francorum
3014 1020 3364 1091 principibus,
3394 1029 3449 1075 et
3478 1037 3576 1091 pro
3600 1030 3742 1076 statu

2154 1113 2299 1183 regni
2331 1109 2679 1181 Francorum)
2717 1108 2984 1179 integrum
3041 1126 3151 1166 non
3181 1119 3302 1177 est,
3332 1111 3429 1167 sed
3476 1112 3543 1167 ab
3589 1114 3743 1168 initio

2154 1211 2211 1259 et
2243 1202 2296 1258 in
2353 1201 2461 1257 line
2489 1201 2755 1256 mutilum.
2788 1200 2961 1256 Habet
2989 1208 3192 1269 autem,
3224 1212 3421 1273 praeter
3467 1205 3742 1260 orationes

2153 1292 2401 1351 missales
2426 1292 2683 1364 pleraque
2704 1291 2769 1346 ad
2802 1292 3197 1348 ordinatiOnem
3226 1303 3282 1347 et
3307 1294 3739 1349 benedictionem

2154 1387 2419 1458 episcopi,
2449 1385 2773 1458 presbyteri,
2804 1385 3035 1451 diaconi,
3066 1394 3121 1441 et
3176 1385 3486 1442 inferiorum
3515 1388 3741 1443 clericos

2154 1495 2296 1545 rtnn,
2354 1476 2709 1549 pertinentia.
2742 1476 3215 1532 Consecrationcm
3267 1490 3483 1546 quoque
3530 1477 3740 1544 altaris,

2155 1570 2379 1641 ejusque
2404 1568 2707 1634 ministerii,
2732 1576 2788 1622 et
2817 1567 3104 1636 virginum,
3129 1575 3295 1637 atque
3320 1567 3596 1622 viduarum
3644 1570 3740 1624 be.

2154 1661 2540 1727 nedictionem,
2569 1659 2810 1724 exhibet,
2837 1657 3015 1713 omnia
3070 1672 3137 1711 ex
3168 1656 3600 1713 Sacramentario
3627 1657 3740 1715 Ge-

2159 1749 2363 1805 lasiano
2389 1763 2493 1803 em.
2524 1746 2801 1803 Tbomasii
2829 1746 3141 1815 desumpta,
3166 1756 3223 1799 ut
3251 1744 3550 1801 conferenti
3582 1756 3739 1817 pate-

535 1834 660 1890 εει.
685 1833 846 1891 Liber
870 1834 1097 1892 Missalis
1126 1849 1288 1905 quem
1318 1833 1656 1889 Mabillonius
1694 1834 1746 1889 in
1777 1840 2048 1889 monaste-

2159 1841 2256 1907 bit,
2287 1839 2381 1895 lib.
2407 1856 2443 1903 ι,
2468 1856 2521 1893 n.
2545 1836 2635 1906 95,
2663 1836 2751 1904 so,
2779 1809 3137 1903 98,105,88,
3160 1834 3250 1889 ubi
3270 1835 3515 1905 quadam
3543 1809 3739 1892 occur-

464 1924 547 1982 rio
576 1925 826 1981 Bobiensi
858 1924 1081 1987 invenit.
1111 1922 1379 1995 quemque
1415 1923 1895 1979 Sacramentarium
1924 1918 2053 1976 Gal-

465 2013 693 2068 licanum
738 2014 1027 2084 inscripsit,
1059 2013 1269 2084 integer
1312 2021 1413 2077 est,
1456 2020 1513 2068 et
1539 2028 1609 2067 ex
1662 2027 1729 2067 eo
1758 2010 2051 2067 Missalium

466 2119 665 2174 genere
683 2120 802 2175 qua:
827 2113 980 2160 masta
996 2146 1010 2170 ,
1036 2112 1129 2160 aut
1154 2105 1388 2175 plenaria
1409 2100 1859 2165 dicuntur,habet
1884 2100 2049 2168 enim,

465 2207 663 2271 prmter
687 2199 962 2255 orationes
1003 2196 1244 2253 missales
1269 2240 1286 2267 ,
1318 2197 1577 2253 lectiones
1629 2195 2049 2266 Scripturarum,

464 2291 686 2362 singulis
729 2290 907 2346 missis
953 2290 1219 2362 proprias,
1252 2290 1562 2361 frequenter
1590 2290 1763 2356 binas,
1789 2305 1897 2344 non
1924 2304 2051 2344 raro

464 2393 648 2439 ternas
678 2382 775 2454 (a).
810 2380 1091 2439 Lectiones
1120 2381 1234 2437 ista:
1262 2396 1642 2450 nonnunquam
1690 2397 1812 2437 cum
1831 2381 1896 2436 iis
1918 2395 2053 2437 con-

463 2472 688 2526 veniunt
737 2487 872 2542 quas
921 2469 1112 2527 iisdem
1156 2469 1345 2526 diebus
1392 2471 1628 2539 assignat
1650 2469 2047 2527 Lectionartum

466 2560 821 2628 Lexoviense,
855 2574 1238 2631 nonnunquam
1292 2559 1454 2616 etiam
1498 2573 1621 2616 cum
1652 2560 1717 2616 iis
1741 2574 1879 2629 quas
1916 2559 2048 2614 mis-

461 2652 574 2706 sa'e
623 2650 853 2706 Ximenii
910 2650 1164 2720 assignat.
1212 2650 1323 2706 Sed
1366 2651 1685 2722 plerumque
1731 2660 1841 2707 tam
1870 2650 1939 2706 ab
1967 2651 2052 2707 his

460 2756 621 2809 quam
651 2737 895 2812 [LXXVIII]
926 2740 993 2793 ab
1025 2740 1127 2794 illis
1151 2740 1495 2795 dissentiunt.
1537 2738 1823 2795 Orationes
1859 2739 2052 2794 missa-

461 2831 542 2885 les
570 2831 723 2897 hujus
752 2830 1165 2884 Sacramentarii
1196 2846 1302 2885 non
1330 2846 1452 2887 raro
1480 2830 1835 2887 desumuntur
1861 2846 1893 2886 e
1922 2830 2051 2886 llis-

461 2921 561 2975 sali
587 2918 838 2986 Gothico,
862 2920 976 2975 sive
1003 2918 1438 2987 Gallo-Gothico,
1466 2935 1855 2990 nonnunquam
1882 2920 2045 2976 etiam

462 3028 495 3067 e
522 3011 717 3068 lllissali
740 3011 1097 3079 Mozarabico,
1116 3021 1209 3067 aut
1228 3014 1407 3083 potius
1426 3028 1458 3068 e
1484 3020 1699 3068 vetusto
1722 3012 2017 3069 Sacramen
2033 3044 2049 3056 -

462 3103 601 3157 tario
619 3118 727 3172 quo
748 3103 781 3158 ii
809 3103 891 3159 usi
910 3114 1036 3159 sunt
1057 3105 1148 3173 qui
1177 3103 1571 3160 Mozarabicum
1599 3113 2045 3175 composuerunt.

462 3192 635 3248 Missae
662 3192 1075 3265 Sacramentarii
1119 3193 1399 3251 Bobiensis
1428 3194 1495 3250 ad
1517 3194 1679 3249 ritum
1711 3192 2046 3250 Gallicanum

460 3282 649 3338 stricte
676 3298 781 3338 non
810 3285 1100 3355 pertinent.

530 3374 656 3431 9.82.
683 3375 816 3432 Nam
862 3377 1104 3433 ordinem
1157 3377 1444 3448 quemdam
1487 3392 1520 3432 e
1546 3376 1827 3433 Gallicano
1858 3383 1912 3431 et
1940 3375 2045 3431 Ro-

460 3482 620 3522 mano
650 3468 990 3523 commistum
1020 3477 1183 3538 atque
1209 3468 1489 3524 confusum
1523 3476 1728 3523 tenent.
1763 3466 2048 3524 Lectiones

460 3568 593 3626 tres,
616 3566 671 3613 et
690 3556 975 3614 Orationes
1001 3573 1206 3625 omnes,
1223 3573 1391 3629 usque
1422 3558 1489 3613 ad
1518 3558 1677 3613 linem
1712 3561 2048 3614 contestatio-

462 3648 565 3715 nis,
595 3648 852 3718 hymnum
871 3648 1051 3703 Gloria
1080 3649 1133 3701 in
1152 3649 1395 3714 excelsis,
1438 3648 1704 3703 canticum
1733 3648 2044 3716 Benedicite,

460 3748 518 3794 ct
542 3738 643 3792 alia
669 3737 937 3809 quatiam,
968 3752 1035 3793 ex
1066 3736 1253 3794 ordine
1282 3738 1560 3793 Gallicana
1615 3737 1922 3794 desumunt.
1956 3737 2045 3803 At,

458 3829 706 3884 absoluta
762 3828 1191 3895 contestatione,
1240 3829 1385 3883 nulla
1435 3829 1541 3885 illis
1581 3838 1667 3885 est
1711 3830 1887 3886 oratio
1934 3840 2051 3900 post

462 3924 706 3987 Sanctus,
722 3920 817 3976 sed
840 3935 939 3991 pro
963 3935 1048 3984 ea,
1063 3920 1696 3978 contestationicontinuo
1713 3921 2051 3991 subiungitur

460 4013 670 4079 integer
689 4025 863 4066 canon
888 4010 1189 4077 Romanus;
1207 4025 1316 4081 quo
1335 4010 1575 4082 expleto,
1597 4011 1856 4066 recitatur
1872 4012 2049 4067 oratio

458 4103 760 4170 Dominica,
774 4111 846 4168 et,
864 4101 1003 4159 laeta
1015 4103 1415 4169 communione,
1430 4103 1602 4158 oratio
1615 4113 1729 4174 post
1742 4105 2051 4158 communio-

461 4212 593 4261 nem,
620 4210 777 4267 quam
806 4195 908 4249 alia
930 4194 1129 4266 excipit
1155 4195 1532 4250 consummatio
1562 4197 1735 4251 missae
1765 4196 2044 4265 inscripta.

530 4307 655 4363 283.
684 4306 784 4363 llic
813 4307 947 4364 ordo
993 4306 1263 4364 Romensis
1294 4309 1765 4374 denominahatur,
1797 4312 2051 4380 quemad-

460 4398 683 4454 modum
736 4413 804 4453 eX
851 4398 1010 4453 titulo
1059 4399 1234 4455 misso:
1271 4399 1458 4468 primre
1483 4400 1757 4469 conjicere
1787 4401 1945 4471 licet,
1985 4418 2049 4458 ea

2159 1939 2281 1986 runt
2331 1930 2526 1999 quibus
2584 1926 2931 1983 Gelasianum
2983 1925 3196 1995 supplet
3246 1939 3310 1979 ea
3368 1939 3485 1994 que
3540 1924 3739 1982 Missali

2156 2024 2484 2079 Francorum
2506 2023 2719 2086 desunt,
2737 2027 2788 2076 et
2808 2020 2959 2091 plura
2979 2032 3097 2089 qum
3121 2032 3152 2074 e
3182 2016 3382 2073 missali
3410 2016 3739 2076 Francorum

2155 2114 2209 2169 in
2248 2112 2592 2169 Gelasianum
2622 2109 2898 2167 transferri
2923 2116 3147 2179 queunt.

2223 2203 2353 2260 285.
2382 2202 2634 2258 Ordinem
2662 2215 2822 2272 quem
2844 2200 2896 2254 in
2923 2199 3082 2253 missa
3104 2206 3253 2253 tenet
3276 2198 3487 2254 Missale
3504 2192 3740 2255 France-

2155 2312 2296 2360 rum,
2325 2310 2422 2351 nec
2444 2293 2509 2348 ad
2540 2293 2853 2357 Romanam,
2879 2305 2976 2345 nec
3006 2289 3073 2344 ad
3097 2288 3388 2359 Liturgiam
3409 2289 3739 2345 Gallicanam

2154 2391 2418 2460 pertinet,
2446 2389 2539 2454 sed
2568 2387 2634 2443 ad
2664 2386 2943 2443 contusum
2972 2385 3256 2455 quemdam
3287 2386 3445 2441 ritum
3476 2403 3507 2442 e
3538 2386 3734 2442 Roma~

2154 2498 2221 2537 na
2265 2491 2321 2537 et
2360 2477 2893 2546 Gallicanae-liturgia
2938 2485 3314 2547 compactum,
3345 2476 3413 2531 ab
3440 2491 3507 2532 eo
3558 2484 3739 2531 tamen

2154 2572 2422 2627 diversum
2449 2583 2610 2638 quem
2638 2574 2784 2623 tenet
2810 2564 3298 2621 Sacramentarium
3321 2564 3605 2620 Bobiense.
3623 2563 3736 2618 Ha-

2154 2663 2246 2719 bet
2273 2671 2450 2717 autem
2482 2660 2779 2715 orationem
2828 2666 2943 2729 post
2971 2658 3292 2728 prophetiam
3316 2698 3333 2723 ,
3382 2655 3591 2711 scilicet
3615 2663 3739 2725 post

2154 2754 2418 2811 canticum
2445 2751 2715 2807 Zacharim
2761 2747 3067 2803 Benedictus
3101 2745 3349 2801 Dominus
3379 2744 3518 2799 Deus
3544 2744 3735 2810 Israel,

2154 2854 2263 2902 etc.
2288 2843 2423 2898 'l‘um
2451 2857 2611 2898 unam
2637 2850 2752 2911 post
2773 2856 2993 2909 precem,
3017 2853 3178 2908 quam
3210 2837 3469 2893 absolutis
3491 2836 3737 2906 precibus

2154 2934 2447 2993 diaconicis
2500 2933 2835 2998 recitabant,
2886 2939 3075 3003 postea
3121 2930 3255 2985 duas
3312 2939 3431 2982 ante
3484 2928 3747 2993 nomina,

2154 3027 2348 3084 deinde
2366 3026 2498 3081 duas
2522 3041 2675 3095 super
2699 3023 2904 3088 oblata;
2933 3023 3030 3078 has
3049 3021 3402 3091 consequitur
3425 3029 3732 3085 contestata,

2153 3133 2315 3188 quam
2354 3115 2460 3171 ritu
2506 3114 2752 3170 Romano
2798 3110 3004 3185 [LXXIX]
3033 3099 3393 3183 mulationem
3426 3111 3732 3181 appellant,

2151 3216 2450 3265 contestata:
2500 3204 2785 3275 subjicitur
2837 3219 3006 3257 canon
3069 3201 3320 3266 actionis;
3375 3199 3515 3257 facta
3553 3209 3735 3255 autem

2150 3300 2554 3365 communione,
2606 3297 2863 3353 recitatur
2915 3294 3090 3350 oratio
3140 3301 3257 3365 post
3303 3294 3744 3371 communione-nt,

2150 3409 2312 3466 quam
2343 3390 2447 3446 alia
2476 3390 2543 3443 ad
2574 3386 2771 3461 plebem
2796 3385 3023 3455 excipit.

2220 3482 2347 3538 286.
2389 3480 2624 3535 Joannes
2648 3477 2887 3531 Morinos
2910 3476 2984 3548 (b)
3010 3475 3262 3545 opinatus
3294 3482 3377 3529 est
3399 3471 3612 3529 Missale
3633 3470 3738 3526 hoc

2150 3574 2280 3629 olim
2329 3571 2648 3644 pertinuisse
2687 3568 2753 3624 ad
2793 3567 3085 3623 Ecclesium
3137 3564 3557 3629 Pictaviensem,
3614 3563 3737 3629 quia

2150 3667 2343 3720 nullius
2372 3666 2561 3734 sancti,
2592 3674 2781 3737 prwter
2810 3663 2978 3718 sancti
3012 3660 3210 3717 Hilarii
3261 3660 3473 3715 missam
3499 3658 3738 3730 speciali-

2151 3766 2229 3813 ter
2257 3759 2499 3823 continet,
2541 3757 2704 3827 ipsius
2758 3756 2964 3809 nomine
3012 3754 3068 3808 in
3101 3749 3440 3816 orationibus,
3488 3752 3544 3803 in
3597 3763 3737 3818 prte-

2152 3851 2368 3923 [atione,
2392 3860 2441 3903 et
2483 3851 2624 3920 infra
2650 3849 2926 3913 actionem,
2965 3862 3226 3917 expresso.
3260 3843 3524 3911 Additque
3553 3855 3740 3896 exara-

2154 3951 2265 3997 tum
2310 3942 2475 3997 fuisse
2515 3950 2640 3996 ante
2685 3956 2882 3995 annum
2934 3938 3424 4008 quingentesimum
3465 3932 3742 4002 sexagesi-

2153 4049 2321 4099 mum,
2352 4034 2517 4089 Callis
2546 4033 2774 4088 nondum
2798 4034 2853 4086 in
2880 4048 3038 4085 unum
3065 4031 3313 4102 populum
3356 4044 3473 4081 cum
3513 4024 3739 4079 Francis

2154 4125 2576 4191 coalescentibus,
2602 4133 2678 4178 ter
2698 4124 2834 4179 enim
2860 4137 2961 4193 pro
2988 4121 3137 4190 regni
3161 4119 3487 4175 Francorum
3518 4114 3739 4169 nomine

2152 4234 2326 4290 preces
2360 4219 2514 4289 ﬁunt,
2561 4218 2692 4270 alias
2743 4232 2842 4287 pro
2873 4214 3203 4269 Francorum
3250 4209 3571 4282 principatu,
3604 4206 3740 4259 alias

2154 4325 2254 4382 pro
2301 4308 2631 4378 principibus
2677 4306 3027 4371 Francorum,
3059 4312 3115 4359 et
3159 4301 3319 4358 semel
3345 4316 3443 4371 pro
3484 4298 3658 4353 salute
3684 4302 3741 4350 et

2156 4401 2334 4457 incqu
2361 4401 2525 4456 ritate
2569 4402 2716 4468 regni
2748 4399 3101 4455 Francorum.
3157 4397 3226 4451 At
3269 4395 3399 4450 mihi
3447 4393 3583 4448 liber
3632 4406 3740 4445 non

461 4491 604 4546 euim
626 4504 725 4561 pro
752 4489 1015 4544 ordinario
1039 4491 1212 4544 missio
1241 4492 1478 4559 ponitur,
1510 4500 1565 4545 et
1585 4493 1745 4547 missa
1770 4492 2045 4550 Romensis
2083 4528 2129 4587 υ
2156 4492 2292 4547 adeo
2323 4500 2563 4546 vetustus
2601 4492 2833 4559 videtur,
2862 4490 2956 4545 sed
2985 4505 3053 4546 eo
3082 4496 3329 4558 tempore
3353 4494 3604 4541 exaratos
3631 4498 3742 4553 quo

458 4582 745 4637 cottidiana
798 4575 1124 4634 inscribitur.
1182 4579 1359 4634 [litum
1406 4582 1548 4637 hunc
1586 4580 1911 4645 Romensem
1959 4600 2045 4639 se-

456 4675 641 4744 quitur
669 4672 829 4743 longe
868 4671 1101 4726 maxima
1133 4686 1260 4743 pars
1306 4672 1590 4728 missarum
1620 4672 2047 4730 Sacramentarii

458 4766 763 4834 Bobiensis,
792 4780 912 4836 qum
942 4765 994 4820 in
1048 4767 1469 4821 contestationem
1521 4765 1803 4833 desinunt,
1854 4767 2047 4837 quibus

455 4876 631 4919 canon
662 4860 938 4915 Romanus
969 4866 1023 4915 et
1052 4858 1158 4914 alia
1202 4859 1269 4913 ad
1302 4860 1462 4915 linem
1489 4874 1659 4930 usque
1705 4861 1882 4915 missae
1911 4860 2048 4915 reci-

458 4952 619 5008 tanda
645 4950 932 5018 adduntur,
965 4966 996 5006 e
1023 4951 1183 5006 missa
1208 4948 1451 5007 Romensi
1474 4952 1763 5006 cottidiana
1790 4951 2043 5021 petenda.

454 5044 558 5099 Sed
589 5050 786 5113 pra-ter
809 5042 927 5107 has,
955 5050 1081 5096 sunt
1100 5042 1151 5095 in
1182 5040 1617 5097 Sacramentario
1640 5040 1891 5097 Bobiensi
1927 5056 2046 5111 sep-

455 5136 740 5192 temdecim
771 5136 943 5189 missm
974 5148 1091 5202 quae
1125 5132 1285 5187 ritum
1322 5132 1709 5201 Grcgorianum
1740 5139 2041 5196 sectantur,

531 5289 608 5358 (a)
634 5288 707 5344 De
736 5289 839 5344 hoc
858 5286 1058 5344 Codice
1107 5283 1449 5340 i‘llabillonins
1479 5285 1530 5340 in
1564 5284 1878 5358 pmfutione
1906 5295 2040 5341 sect.

454 5359 488 5409 8
520 5355 599 5429 ita
613 5359 826 5429 scribit:
861 5359 1097 5413 Codicent
1129 5358 1414 5427 antiquum,
1439 5373 1503 5410 ex
1531 5373 1639 5429 quo
1659 5355 2046 5429 subsequentem

455 5425 685 5482 ordinent
709 5426 1032 5483 Gallicanum
1064 5425 1447 5496 descripsimus.
1472 5425 1755 5481 inuenimus
1788 5425 1837 5480 in
1869 5426 2025 5480 biblio

458 5499 601 5551 theca
650 5499 953 5568 percele'bris
998 5509 1044 5553 ct
1087 5499 1377 5568 perantiqui
1407 5498 1707 5568 monasterii
1750 5496 2039 5552 Bobiensis.

457 5566 787 5639 Scriptusjest
814 5566 990 5639 Qadeg
1005 5566 1141 5639 ante
1158 5566 1323 5639 inritos
1365 5566 1528 5633 miile,
1552 5579 1601 5622 et
1624 5568 1831 5639 quidem
1857 5568 2043 5639 litteris

454 5634 755 5707 majusculis
804 5634 893 5688 BE
904 5635 1142 5691 llTULF
1151 5637 1239 5692 US
1269 5639 1456 5693 alicubi
1492 5634 1677 5709 legitur
1709 5640 1761 5693 in
1802 5656 1895 5694 ora
1926 5638 2043 5709 {otii

453 5709 901 5780 cujusdamquem
926 5716 1160 5780 putamus
1177 5712 1479 5780 esseiipsunt
1510 5709 1797 5780 Bertnlfum
1819 5710 1917 5763 loci
1951 5709 2044 5761 ab-

454 5777 620 5835 batem
643 5780 809 5834 medio
836 5777 1023 5834 sccculo
1051 5793 1119 5833 vn
1167 5777 1308 5833 Illud
1330 5781 1382 5833 in
1414 5779 1597 5834 Codice
1629 5777 1801 5852 magni
1840 5782 2040 5851 {acim-

2157 4600 2313 4655 reges
2342 4584 2543 4641 inertes
2589 4583 2739 4653 regni
2779 4583 3110 4638 Francorum
3162 4579 3402 4634 habenas
3444 4572 3741 4645 majoribus

2153 4678 2343 4734 domus
2392 4676 2650 4732 moderan
2672 4677 2751 4732 las
2804 4674 3156 4730 tradiderant.
3211 4670 3346 4725 Nam
3407 4676 3463 4723 et
3509 4666 3742 4734 majores

2150 4769 2340 4824 domus
2368 4768 2623 4839 principes
2654 4765 2980 4821 Francorum
3006 4762 3511 4821 denominabantur.
3558 4758 3743 4827 Neque

2153 4867 2462 4929 argumenta
2491 4858 2723 4929 probant
2764 4856 3016 4911 Codicem
3046 4853 3114 4908 ad
3148 4868 3305 4908 usum
3334 4850 3589 4905 Ecclesia;
3621 4846 3742 4901 Pic-

2154 4953 2412 5009 taviensis
2440 4951 2602 5007 fuisse
2638 4951 2989 5021 descriptum.
3022 4947 3078 5002 Si
3121 4947 3263 5002 enim
3314 4944 3470 5000 unica
3509 4940 3745 5012 supersit

2152 5046 2311 5098 missa
2357 5042 2529 5098 smeti
2579 5040 2621 5094 ll
2648 5041 2787 5107 larii,
2820 5038 2871 5093 id
2915 5036 3142 5107 contigit
3189 5034 3313 5104 quia
3347 5034 3482 5088 liber
3519 5031 3745 5087 omnino

2152 5134 2369 5190 mutilus
2405 5141 2508 5186 est.
2561 5129 2713 5197 Quod
2763 5143 2957 5184 nomen
3001 5126 3174 5182 sancti
3222 5123 3409 5178 Hilarii
3453 5123 3505 5176 in
3534 5136 3744 5176 catione

2150 5290 2291 5353 dum,
2318 5287 2454 5358 quod
2482 5288 2678 5355 integer
2706 5284 2919 5358 sit,_nnn
2947 5280 3181 5358 mutilus,
3231 5289 3287 5331 ut
3398 5276 3501 5358 illis
3532 5274 3742 5358 vetustis

2149 5344 2292 5415 libris
2321 5344 2520 5411 evenire
2570 5344 2719 5409 sbtet.
2781 5344 2949 5406 Porro
2979 5354 3206 5406 continet
3256 5348 3605 5408 collectiones,
3637 5344 3740 5417 lec-

2150 5441 2312 5484 tones
2361 5427 2701 5496 propheticus.
2754 5423 3067 5491 apostolicos
3114 5431 3163 5473 et
3208 5418 3557 5496 euangelicos,
3589 5424 3743 5496 atque

2149 5484 2547 5553 contestationes
2592 5495 2660 5547 ad
2694 5484 2907 5547 missam
2940 5510 3033 5557 per
3079 5499 3240 5545 totum
3272 5484 3487 5541 annum.
3529 5484 3611 5557 In
3636 5485 3744 5553 ﬁne

2148 5572 2305 5623 etiam
2331 5567 2486 5638 (quod
2506 5566 2826 5638 rarissimum
2848 5554 2952 5625 est,
2972 5572 3021 5638 et
3051 5577 3177 5638 pene
3206 5557 3492 5638 singu’are)
3524 5554 3745 5638 habetur

2149 5641 2275 5694 liber
2304 5631 2688 5707 plenitentialis,
2717 5637 2770 5688 in
2788 5651 2887 5707 quo
2910 5633 3070 5707 multa
3091 5633 3221 5684 scitu
3248 5631 3409 5707 digna
3439 5632 3741 5693 occurrunt,

2148 5712 2217 5764 ad
2235 5700 2412 5763 celeris
2436 5707 2723 5774 disciplina:
2752 5700 3113 5757 er'clcsiastica:
3136 5700 3503 5774 coynitiqnem.

2225 5782 2298 5836 (bl
2334 5779 2413 5833 De
2442 5766 2608 5834 sacris
2636 5773 3084 5840 ordinationibus,
3116 5766 3237 5843 pag.
3270 5766 3399 5825 9/51.
