4058 6178
354 321 421 377 09
1656 330 1664 336 ”
1810 325 1900 380 ‘Pll
1911 325 1974 382 Ai
1984 326 2209 384 FATIO.
3567 332 3640 390 90

364 444 591 509 legatur,
644 454 751 494 non
798 439 965 504 magis
1005 453 1105 509 pro
1152 436 1472 493 Pictavieusi
1516 434 1757 491 Ecclesia
1799 433 1944 502 facit,
1978 439 2023 496 Α
2052 435 2397 507 Gregorianis
2418 450 2510 496 aut
2539 441 2671 497 feria
2698 449 2909 513 quarta,
2937 448 3029 499 aut
3050 441 3181 498 feria
3209 450 3386 511 sexta,
3419 442 3639 512 majoris

361 546 521 601 quam
548 545 746 585 nomen
776 528 1010 590 Martini.
1041 528 1189 598 quod
1220 528 1272 581 in
1303 526 1494 582 eodem
1525 540 1735 580 canone
1761 540 1953 595 occur-

359 624 447 685 rit,
507 620 669 675 faciat
713 636 813 690 pro
858 618 1094 675 Ecclesia
1145 617 1465 673 Turonensi.
1519 617 1770 680 Demum,
1808 614 1951 686 quod

361 728 557 768 nomen
582 710 772 766 Hilarii
816 711 1063 775 inmissa
1108 709 1301 777 smpius
1328 708 1575 772 recurrit,
1608 708 1801 777 prohat
1829 706 1949 776 qui-

358 806 481 858 dem
536 818 657 858 eam
709 802 928 856 missam
977 816 1098 857 esse
1140 801 1412 872 propriam
1458 802 1627 854 sancti
1658 798 1870 867 Hilarii,
1896 807 1951 854 at

358 910 468 948 non
514 894 707 962 probat
750 894 945 947 librum
974 893 1039 946 ad
1086 891 1381 946 Ecclesiam
1424 888 1813 945 Pictaviensem
1861 889 1952 943 ali—

358 984 577 1053 quando
605 985 951 1053 pertinuisse.

428 1075 555 1129 387.
599 1076 811 1130 Missale
838 1075 922 1130 cui
953 1090 1060 1130 em.
1089 1073 1409 1128 Tltomasius
1450 1086 1649 1127 nomen
1699 1071 1951 1140 imposuit

359 1164 690 1221 Gallicanum
743 1176 881 1220 vetus
931 1181 1129 1236 paucas
1178 1165 1340 1219 habet
1388 1164 1576 1218 missas
1616 1163 1872 1230 integras,
1918 1177 1949 1217 e

358 1259 554 1330 quibus
614 1259 777 1313 missa
825 1257 997 1314 sancti
1048 1255 1304 1321 Germani
1356 1253 1840 1309 Antissiodorensis
1895 1263 1951 1308 ct

358 1351 521 1405 missa
552 1351 788 1405 ειευιιςιει
848 1348 1121 1404 Adventus
1168 1347 1395 1409 fortnam
1442 1345 1771 1400 Gallicanam
1822 1344 1951 1399 reti-

358 1458 528 1496 nueru
572 1448 611 1493 t.
640 1440 772 1494 Alia:
793 1454 923 1495 vero
952 1439 1126 1494 missa:
1146 1438 1305 1507 hujus
1332 1437 1451 1492 libri
1474 1437 1633 1491 ritum
1662 1435 1947 1505 quemdam

358 1547 388 1586 e
405 1531 653 1587 Rozcano
675 1540 729 1585 et
744 1529 1027 1585 Gallicano
1052 1529 1391 1584 commi~tum
1409 1534 1724 1598 sequuntur.
1748 1524 1948 1580 llarum

358 1624 477 1677 alia}
523 1637 625 1693 pro
652 1636 702 1676 οι
717 1621 898 1675 alioue
926 1630 1041 1689 post
1085 1621 1311 1675 Sanctus
1359 1626 1566 1687 partem
1600 1614 1821 1669 Romani
1853 1630 1946 1669 ca-

362 1714 516 1767 nonis
545 1711 837 1780 subjiciunt
867 1730 879 1765 -.
914 1711 1035 1766 talis
1064 1719 1146 1765 est
1176 1708 1335 1763 inissa
1371 1707 1540 1778 prima
1570 1707 1866 1771 Adventus,
1892 1705 1946 1759 in

2056 526 2401 584 hebdomadze
2422 532 2706 587 recitandae
2725 542 2962 601 exstant,
2978 548 3085 603 quo
3100 534 3220 591 loco
3241 535 3405 590 etiam
3427 543 3641 591 exstant

2056 617 2109 671 in
2138 616 2337 674 Missali
2379 623 2550 676 sancti
2598 620 2678 677 Pii
2710 622 2771 676 ν.
2806 621 2958 678 Unde
3005 634 3228 696 apparet
3272 640 3366 680 eas
3413 641 3444 680 e
3491 626 3643 685 libris

2056 709 2284 780 liturgia:
2303 711 2569 770 ‘Romana:
2598 715 2649 768 in
2693 714 2798 770 hoc
2825 715 3036 771 Missale
3063 716 3348 772 translatas
3376 717 3561 783 fuisse,
3587 726 3643 773 et

2055 802 2270 870 quidem
2316 806 2601 869 Verbatim,
2632 821 2733 861 nec
2778 820 2847 860 ex
2890 806 2953 861 iis
3001 813 3211 876 tempus
3236 823 3345 878 quo
3376 808 3511 862 liber
3553 808 3642 864 hic

2056 896 2389 964 compositus
2415 907 2499 952 est
2526 897 2749 953 indicari
2783 913 2960 968 posse.
2993 897 3068 953 Ea
3097 914 3226 954 vero
3271 901 3446 955 oratio
3474 915 3640 970 quam

2056 985 2108 1039 iu
2156 999 2529 1057 argumentum
2574 989 2870 1057 adducunt,
2901 990 2953 1044 in
2981 988 3326 1057 Gregorianls
3353 990 3641 1048 Codicibus

2056 1077 2383 1141 Rhemensi,
2433 1088 2488 1134 et
2537 1080 2787 1145 Ratoldi,
2845 1090 2901 1136 et
2949 1082 3001 1136 in
3048 1080 3334 1137 Gelasiano
3365 1080 3640 1149 Thomasi,

2055 1172 2219 1228 habet
2249 1192 2262 1227 :
2298 1173 2511 1242 Respice
2555 1176 2626 1229 ad
2668 1176 3022 1232 Romanorum
3050 1178 3155 1231 sive
3202 1174 3529 1230 Francorum
3558 1174 3641 1227 be-

2054 1264 2239 1334 nignus
2264 1267 2533 1337 imperium
2555 1282 2575 1331 ;
2603 1275 2657 1320 et
2679 1267 2730 1320 in
2761 1266 2961 1322 Codice
3000 1266 3394 1321 Ottoboniano:
3424 1262 3639 1335 Respice

2055 1357 2125 1409 ad
2146 1355 2499 1411 Christianum
2525 1358 2774 1430 benignus
2802 1358 3101 1428 imperium;
3126 1367 3181 1412 et
3201 1354 3343 1413 Ordo
3368 1356 3642 1411 Romanus

2054 1454 2295 1501 vetustus
2326 1469 2338 1501 :
2373 1445 2441 1500 Et
2469 1458 2649 1517 postea
2697 1448 2822 1501 dicit
2859 1465 2951 1518 pro
2996 1464 3114 1518 rege
3160 1447 3484 1501 Francorum
3539 1446 3642 1500 sive

2054 1554 2147 1608 pro
2174 1539 2502 1608 imperatore.
2531 1540 2709 1605 Quare
2733 1556 2856 1595 cum
2886 1541 3015 1595 illud
3048 1539 3342 1594 Romanum
3367 1539 3636 1610 imperium

2055 1647 2161 1687 non
2190 1631 2332 1686 aliud
2362 1631 2627 1701 signiticet
2647 1648 2803 1700 quant
2823 1630 3148 1687 Francorum
3172 1634 3439 1701 imperium
3460 1630 3638 1686 Caroli

2055 1723 2229 1793 Magni
2258 1733 2313 1779 et
2342 1738 2596 1794 nepomm
2627 1724 2772 1793 ejus,
2802 1723 3072 1793 conjicere
3102 1724 3227 1778 licet
3260 1722 3403 1778 hunc
3440 1722 3637 1777 librum

358 1820 461 1874 qua
491 1804 856 1861 contestationi
897 1802 1178 1872 subjicitur
1221 1816 1395 1857 canon
1430 1799 1724 1864 Romanus,
1768 1800 1835 1853 ab
1866 1799 1946 1853 his

2053 1823 2265 1867 aetatem
2296 1812 2472 1870 Caroli
2502 1812 2650 1868 Calvi
2676 1830 2783 1869 non
2810 1828 3091 1885 superare.

359 1900 535 1955 verbis
570 1898 720 1953 Hanc
746 1900 906 1969 igitur
932 1897 1264 1963 oblationem,
1309 1906 1421 1953 ctr.
1466 1896 1598 1952 Alia:
1645 1912 1772 1953 vero
1811 1896 1950 1952 inte—

356 2008 510 2063 grum
540 2007 803 2048 canonem
836 1990 1139 2048 Romanum
1168 1990 1455 2061 recipiunt.

426 2084 551 2140 288.
593 2084 740 2141 Talis
786 2093 869 2139 est
917 2084 1077 2139 missa
1134 2084 1187 2137 in
1242 2082 1401 2137 Cinna
1440 2081 1682 2147 Domini,
1741 2079 1793 2135 in
1839 2095 1945 2150 qua

356 2194 529 2232 canon
576 2176 845 2232 Romanus
873 2176 1156 2245 subjicitur
1191 2173 1577 2240 contestationi,
1607 2187 1771 2227 causa
1804 2170 1944 2227 festi-

356 2268 555 2331 vitatis,
584 2267 691 2322 hoc
716 2267 876 2322 modo
906 2267 1260 2337 interpolatus
1287 2285 1299 2319 :
1331 2264 1403 2318 Te
1430 2267 1605 2336 igitur,
1637 2272 1743 2319 etc.
1797 2262 1950 2318 Com-

354 2360 699 2425 municantes,
746 2368 795 2413 et
837 2359 973 2413 diem
1023 2360 1430 2413 sacratissimum
1467 2356 1804 2423 celebrantes,
1850 2374 1948 2428 quo

357 2453 577 2504 traditus
623 2460 699 2503 est
752 2448 1000 2504 Dominus
1043 2458 1217 2504 noster
1254 2448 1409 2503 Iesus
1454 2448 1708 2514 Christus,
1762 2448 1854 2502 sed
1898 2457 1949 2502 et

357 2544 673 2596 memoriam
706 2551 1025 2604 venerantes,
1067 2550 1173 2596 etc.
1213 2540 1369 2594 Hanc
1411 2542 1568 2610 igitur
1613 2540 1945 2603 oblationem,

355 2654 509 2707 quant
552 2635 645 2687 tibi
680 2634 941 2703 offerimus
974 2633 1037 2688 ob
1074 2634 1211 2688 diem
1232 2633 1423 2704 jejunii
1455 2632 1624 2686 Coena:
1652 2632 1945 2698 dominicae,

353 2731 409 2781 in
438 2746 539 2800 qua
572 2726 826 2781 Dominus
868 2736 1041 2781 noster
1071 2724 1223 2780 Iesus
1263 2725 1497 2779 Christus
1537 2723 1705 2779 Filius
1745 2733 1861 2778 tuus
1893 2725 1946 2778 in

356 2817 405 2872 Ν
410 2836 501 2875 ovo
518 2819 843 2873 Testamento
855 2818 1187 2887 sacriﬁcandi
1202 2817 1357 2870 ritum
1372 2816 1617 2883 instituit,
1632 2816 1749 2868 dum
1762 2832 1947 2886 panem

356 2931 416 2965 ac
444 2913 617 2965 uinum
663 2911 797 2981 (qua:
824 2908 1200 2963 Melchisedech
1236 2909 1290 2960 in
1320 2907 1742 2977 praeﬁguratione
1785 2908 1947 2978 futuri

354 3004 585 3073 mysterii
614 3002 857 3056 sacerdos
882 2998 1157 3069 obtulerat)
1183 3000 1235 3052 iu
1257 3008 1582 3052 sacramento
1608 2998 1687 3052 sui
1714 2999 1945 3067 corporis

355 3106 402 3147 et
454 3094 729 3167 sanguinis
776 3092 1187 3163 trausformarit,
1238 3105 1547 3161 quaesumus,
1605 3088 1857 3155 Domine,
1888 3096 1946 3141 ut

351 3187 592 3254 placatus
632 3186 878 3254 accipias,
914 3184 1121 3253 diesque
1152 3191 1426 3236 nostros...
1471 3181 1555 3252 qui
1586 3181 1753 3250 pridie
1788 3198 1943 3252 quam

351 3294 445 3354 pro
467 3278 696 3331 omnium
736 3278 902 3329 salute
952 3282 1234 3344 pateretur,
1266 3272 1517 3326 hodierno
1546 3271 1649 3337 die,
1696 3280 1842 3325 stans
1889 3273 1945 3326 in

353 3367 525 3420 medio
567 3364 937 3431 discipulorum
982 3378 1191 3416 suorum
1226 3362 1422 3428 accepit
1468 3376 1678 3431 panem,
1706 3368 1811 3416 etc.
1842 3358 1947 3415 Ex-

356 3455 505 3523 pleto
527 3468 765 3517 canone,
789 3452 1050 3507 recitatur
1078 3450 1254 3506 oratio
1296 3449 1593 3516 Dominica,
1616 3465 1777 3521 quam
1807 3450 1946 3507 exci-

357 3544 436 3614 pit
447 3543 737 3598 benedictio
755 3538 942 3614 [un]
955 3541 1023 3594 ad
1038 3540 1302 3611 populum,
1317 3548 1431 3594 tum
1440 3542 1769 3608 communio,
1782 3556 1943 3611 quam

358 3651 461 3690 una
487 3644 546 3691 et
566 3635 736 3690 altera
763 3634 938 3689 oratio
967 3640 1395 3703 consequuntur.
1429 3634 1605 3701 Atque
1628 3633 1771 3690 hunc
1799 3634 1946 3690 ordi-

358 3743 477 3781 nem
491 3743 620 3797 pars
633 3726 867 3780 maxima
878 3725 1157 3780 missarum
1173 3724 1333 3793 hujus
1347 3723 1574 3780 MissaL’s
1587 3725 1940 3780 retinuerunt.

424 3819 555 3874 289.
594 3819 731 3875 Sunt
759 3819 851 3889 qui
876 3818 1216 3887 suspicantur
1252 3816 1467 3872 Missale
1495 3815 1601 3871 hoc
1644 3814 1713 3869 ad
1755 3815 1944 3871 Eccle-

353 3912 489 3965 siam
524 3909 1046 3964 Antissiodorensem
1086 3915 1381 3977 spectasse,
1412 3905 1538 3975 quia
1567 3905 1727 3961 missa
1775 3906 1947 3962 sancti

354 4002 609 4058 Germani
641 4003 694 4057 in
719 4001 835 4070 ejus
860 4002 1013 4057 initio
1043 4001 1223 4057 statim
1249 4000 1505 4057 occurrit.
1534 4000 1642 4055 Sed
1670 4016 1793 4055 cum
1821 4015 1946 4068 pars

356 4096 590 4150 maxima
619 4094 836 4150 Codicis
882 4092 1140 4162 temporis
1187 4090 1381 4161 injuria
1412 4092 1653 4162 perierit,
1704 4090 1848 4160 quod
1877 4106 1945 4145 ex

358 4190 599 4258 pluribus
627 4197 939 4243 sanctorum
967 4186 1143 4241 missis
1163 4199 1299 4254 quas
1333 4185 1514 4254 utique
1555 4184 1949 4254 complecteba-

362 4294 443 4338 tur
468 4284 622 4339 unica
646 4282 883 4351 supersit
905 4282 1065 4335 missa
1096 4278 1311 4349 propria
1332 4278 1502 4333 sancti
1533 4275 1808 4340 Germani,
1836 4291 1943 4330 non

357 4374 556 4429 evincit
606 4372 802 4427 librum
851 4370 921 4425 ad
956 4384 1115 4425 usum
1163 4366 1417 4424 Ecclesia:
1460 4366 1945 4422 Antissiodorensis

356 4460 517 4517 fuisse
540 4461 927 4531 conscriptum.

423 4569 552 4623 290.
596 4568 672 4623 De
701 4576 944 4636 tempore
973 4575 1151 4620 autem
1176 4579 1284 4634 quo
1307 4564 1441 4620 liber
1462 4563 1793 4633 compositus
1824 4562 1942 4627 luit,

357 4659 610 4730 opinatur
636 4672 744 4713 em.
789 4656 1130 4721 Tltomasius,
1173 4670 1275 4711 nec
1302 4655 1554 4711 dissentit
1578 4653 1945 4718 Mabillonius,

357 4757 635 4803 auctorem
659 4747 777 4815 ejus
795 4745 991 4800 vixisse
1013 4745 1321 4815 priusquam
1343 4742 1636 4798 Galliarum
1660 4742 1947 4813 provincia:

357 4855 386 4892 a
420 4839 663 4894 Romano
692 4838 915 4907 imperio
956 4836 1155 4891 avulsa:
1201 4838 1253 4890 in
1300 4835 1556 4889 ditionem
1586 4834 1945 4889 Barbarorum

357 4934 741 4996 transiverunt,
788 4931 935 5000 quia,
977 4929 1264 4998 inquiunt,
1316 4928 1456 4982 inter
1502 4928 1773 4983 solemnes
1818 4941 1945 4981 ora-

357 5028 533 5081 tiones
550 5040 671 5094 quaa
689 5024 817 5081 feria
838 5031 1030 5092 quarta
1050 5022 1270 5092 majoris
1290 5020 1637 5077 liebdontada:
1653 5020 1949 5076 recitantur

358 5133 457 5172 una
481 5127 567 5173 est
597 5132 696 5185 pro
738 5115 980 5170 Romanu
1020 5113 1267 5183 imperio.
1310 5112 1379 5166 At
1420 5112 1527 5167 hoc
1571 5119 1945 5181 argumentum

355 5211 486 5264 mihi
519 5210 740 5264 minime
767 5205 1047 5263 satisfacit.
1089 5204 1223 5259 Nam
1251 5202 1409 5273 plane
1431 5211 1655 5272 apparet
1684 5202 1787 5257 hoc
1818 5201 1947 5256 Mis-

354 5301 468 5355 sale
487 5301 746 5370 scriptum
775 5314 893 5354 esse
925 5305 1047 5367 post
1075 5295 1249 5366 Magni
1277 5295 1523 5364 Gregorii
1549 5294 1944 5365 pontiﬁcatum.

355 5393 561 5448 Deinde
606 5390 881 5447 orationes
929 5389 1032 5444 illac
1078 5389 1350 5444 solemnes
1392 5401 1513 5456 quae
1558 5386 1687 5441 feria
1729 5396 1946 5456 quarta,

356 5484 413 5540 in
443 5484 546 5539 hoc
576 5482 773 5538 Missali
803 5483 1091 5549 habentur,
1122 5480 1175 5536 in
1225 5480 1474 5537 omnibus
1503 5478 1947 5535 Sacramentariis

429 5641 507 5712 (a)
536 5640 736 5712 lterum
766 5640 949 5709 liturg.
995 5641 1086 5697 lib.
1112 5657 1150 5704 ι,
1176 5654 1293 5710 cap.
1322 5638 1376 5704 2,
1409 5636 1624 5712 sect.__(_5.

432 5705 511 5781 (li)
542 5711 617 5767 De
637 5712 846 5779 Liturg.
875 5705 1092 5772 Gallic"
1127 5712 1217 5765 lih.
1244 5705 1321 5781 in,
1348 5722 1469 5777 pag.
1498 5705 1619 5781 liii.

434 5777 505 5852 (ε)
538 5782 592 5836 In
618 5777 931 5857 praefatione
978 5781 1212 5839 Editioni
1246 5780 1498 5837 ltomanac
1525 5777 1813 5835 Codicibus
1842 5777 1941 5834 Sa-

1979 4512 2026 4572 ι)

2121 1902 2245 1957 291.
2312 1902 2818 1959 Prmstantissimum
2890 1901 3103 1957 Missale
3142 1888 3411 1956 Gallicani
3468 1901 3636 1968 ritus,

2049 1994 2308 2049 hactenus
2322 1995 2544 2059 editum,
2569 1994 2697 2049 illud
2726 1994 3051 2050 censendum
3072 2002 3171 2059 est,
3195 1992 3339 2062 quod
3363 2007 3470 2048 em.
3494 1989 3638 2047 Tho-

2049 2085 2249 2141 masius
2301 2084 2515 2140 Missale
2569 2084 2843 2140 Gothicam
2897 2086 3199 2155 inscripsit,
3260 2099 3363 2139 non
3414 2083 3517 2138 alia
3570 2083 3638 2137 de

2049 2192 2243 2242 causa,
2293 2192 2455 2247 quam
2508 2175 2634 2246 quia
2679 2175 2967 2231 recentiori
3020 2189 3184 2228 manu
3240 2173 3385 2228 hunc
3425 2171 3637 2226 titulum

2047 2266 2233 2323 CoJici
2256 2275 2469 2322 vetusto
2501 2266 2819 2336 inscriptum
2847 2266 3149 2321 invenerat.
3180 2263 3363 2333 Neque
3393 2260 3637 2316 Mabillo-

2049 2361 2166 2414 nius
2211 2359 2355 2414 hunc
2395 2360 2608 2414 titulum
2646 2359 2699 2413 in
2730 2358 2977 2414 Editione
3007 2356 3292 2411 Parisiensi
3322 2354 3637 2410 tnutandtun

2049 2451 2293 2523 pu'favit-
2333 2450 2506 2506 Ambo
2537 2458 2715 2505 tamen
2738 2450 2975 2505 fatentur
3000 2448 3168 2521 (quod
3198 2455 3355 2501 antea
3391 2461 3495 2502 em.
3529 2443 3635 2499 Bo-

2050 2559 2118 2597 na
2150 2544 2225 2613 (a)
2257 2542 2563 2610 monuerat)
2587 2542 2776 2596 librum
2807 2543 2950 2597 hunc
2977 2541 3045 2594 ad
3074 2539 3364 2595 Ecclesiam
3401 2538 3635 2605 aliquam

2050 2632 2379 2689 Gallicanam
2414 2635 2540 2689 olim
2573 2634 2911 2704 pertinuisse.

2118 2725 2242 2780 ειη
2284 2724 2352 2778 Ει
2400 2724 2741 2780 Mabillonius
2781 2724 3001 2795 quidem
3044 2723 3148 2778 hoc
3178 2720 3390 2777 Missale
3420 2722 3484 2775 "tn
3534 2736 3634 2775 usu

2053 2820 2213 2875 fuisse
2251 2818 2459 2889 putavit
2486 2818 2625 2889 apud
2667 2817 2844 2872 Gallos
2879 2815 3163 2872 Gothorum
3193 2816 3407 2885 imperio
3434 2812 3635 2883 subjec-

2036 2921 2129 2965 tos
2146 2910 2242 2982 (b).
2268 2911 2348 2964 Ab
2376 2910 2565 2966 eadem
2594 2909 2846 2979 Opinione
2868 2909 3075 2962 alienus
3099 2923 3203 2960 non
3232 2913 3349 2960 erat
3371 2920 3478 2959 em.
3503 2903 3637 2958 Tho-

2052 3003 2254 3056 masius
2282 3002 2378 3071 (c),
2410 3015 2639 3071 eamque
2668 2997 2729 3052 P.
2765 2997 2839 3053 Lc
2870 2998 3012 3051 Brun
3040 2997 3323 3065 amplexus
3352 3004 3437 3049 est
3465 2991 3565 3065 (d).

2135 3094 2262 3150 293.
2320 3093 2541 3158 Merito,
2605 3092 2817 3162 inquit,
2895 3087 3449 3145 Gallio-Gallicanum
3509 3085 3637 3140 Mis-

1974 3152 2020 3211 α
2049 3184 2164 3240 sale
2202 3184 2307 3238 boc
2353 3200 2383 3237 a
2429 3182 2736 3237 Mabillonin
2780 3189 3143 3250 nuncupatum
3197 3187 3297 3244 est,
3354 3178 3475 3247 quia
3526 3177 3636 3229 usi—

2049 3285 2210 3330 tatum
2241 3277 2339 3345 fuit
2383 3276 2437 3329 in
2477 3272 2652 3328 Gallia
2695 3272 3065 3336 Narbonensi,
3123 3285 3243 3342 quae
3299 3269 3489 3324 Gothis
3538 3286 3637 3338 pa-

2048 3367 2227 3431 rebat;
2274 3382 2375 3436 ego
2426 3365 2639 3421 Missale
2696 3366 2799 3421 lioc
2850 3364 3329 3420 Gallo-Gotltiittm
3384 3362 3633 3432 appello,

2046 3462 2147 3516 etsi
2178 3460 2305 3514 mihi
2339 3474 2650 3528 persuasum
2681 3458 2750 3512 sit
2780 3456 2910 3512 illud
2938 3472 3044 3511 non
3078 3457 3130 3509 in
3168 3452 3338 3509 Gallia
3380 3451 3632 3517 ϐδιιιὶω,

2048 3551 2372 3627 [Lxxn]se.l
2412 3551 2463 3605 in
2502 3549 2674 3606 Gallia
2718 3548 3046 3604 Francorum
3106 3545 3330 3616 imperio
3376 3543 3585 3599 subdita
3616 3582 3631 3604 ,

2047 3646 2302 3700 usitatum
2352 3645 2532 3700 fuisse.
2601 3641 2901 3698 Occurrunt
2969 3639 3110 3695 enim
3161 3638 3215 3693 in
3268 3637 3371 3691 hoc
3436 3634 3636 3689 Missali

2048 3735 2460 3792 consuetudines
2504 3734 2752 3805 qumdam
2800 3730 3175 3788 ecclesiastica!
3217 3743 3350 3798 quas
3397 3725 3635 3780 Ecclesia

2049 3827 2487 3898 Goth~=-llispana
2534 3842 2642 3882 non
2715 3824 3052 3879 admittebat.
3120 3820 3256 3875 Puta
3308 3817 3634 3887 Rogationes

2050 3923 2227 3977 triduo
2267 3928 2394 3975 ante
2448 3918 2831 3975 Ascensionem
2884 3915 3214 3979 celebratae,
3268 3919 3320 3966 et
3371 3908 3633 3979 jejunium

2051 4011 2541 4084 quadragesimale,
2601 4009 2822 4078 integris
2864 4005 3215 4078 quadraginta
3263 4001 3453 4056 diebus
3506 4014 3636 4054 esu-

2049 4104 2268 4158 rialibus
2294 4109 2564 4157 constans.
2595 4098 2791 4153 Notum
2824 4105 3004 4152 autem
3033 4104 3117 4150 est
3153 4091 3419 4148 Ecclesias
3449 4088 3635 4143 Gallia:

2048 4193 2293 4249 Gothica:
2344 4191 2563 4247 eosdem
2620 4189 2756 4243 ritus
2836 4186 3159 4252 easdemque
3211 4180 3632 4236 consuetudines

2049 4283 2440 4342 ecclesiasticas
2490 4280 2741 4335 habuisse
2786 4284 2947 4345 atque
2988 4271 3489 4342 Gotho-HiSpanas.

2117 4377 2241 4433 29L.
2276 4377 2352 4431 De
2378 4373 2765 4444 Rogationibus
2791 4369 3007 4425 minime
3037 4364 3437 4434 ambigendum,
3465 4378 3635 4432 quatt-

2050 4469 2336 4539 doquidem
2357 4475 2481 4521 ante
2504 4466 2719 4520 missam
2746 4460 3075 4519 ascensionis
3097 4460 3149 4515 in
3166 4454 3554 4512 MissaliGOthi.
3574 4471 3631 4517 υ,

2051 4577 2147 4617 seu
2167 4558 2586 4615 Gallo-Gothico
2615 4597 2631 4623 ,
2661 4554 3004 4610 inveniuntur
3053 4558 3161 4605 tres
3190 4549 3366 4603 missae
3409 4543 3632 4600 totidem

2050 4640 2251 4709 diebus}
2297 4650 2654 4720 Rogationum
2704 4642 3076 4702 celebrandai.
3130 4640 3206 4695 De
3248 4636 3452 4707 jejunio
3500 4649 3631 4688 vero

2049 4744 2493 4815 quadragesimali
2518 4785 2535 4811 ,
2564 4739 2708 4812 quod
2732 4740 2799 4795 ab
2830 4738 2892 4793 iis
2919 4737 3009 4808 qui
3036 4735 3143 4791 hoc
3170 4732 3369 4789 Missali
3398 4730 3630 4787 uteban-

2052 4846 2138 4891 tur
2179 4836 2367 4891 diebus
2390 4834 2611 4904 integris
2652 4830 3006 4903 qualraginta
3053 4824 3368 4883 esurialibus
3392 4822 3633 4878 celebra-

2053 4940 2164 4987 tum
2193 4928 2353 4985 fuerit
2375 4970 2392 4998 ,
2423 4927 2563 4983 haul
2594 4925 2822 4981 obscure
2850 4922 3051 4977 indicat
3098 4918 3273 4975 oratio
3303 4924 3418 4989 post
3463 4912 3635 4968 Sanc-

2052 5034 2132 5080 tus
2155 5025 2295 5079 illius
2323 5024 2498 5078 missae
2524 5035 2643 5091 qua:
2668 5018 2820 5074 initio
2849 5014 3280 5083 Quadragesimm
3309 5008 3630 5076 assignatur.

2053 5116 2221 5181 Nam,
2270 5128 2391 5169 cum
2441 5113 2512 5167 ibi
2559 5110 2763 5165 dictum
2810 5111 2883 5162 sit
2924 5105 3197 5161 Christum
3247 5100 3529 5154 Dominum
3579 5096 3634 5153 in

2051 5206 2236 5277 Moyse
2278 5215 2332 5260 et
2378 5202 2492 5258 Elia
2519 5240 2534 5266 ,
2569 5217 2663 5273 per
2702 5198 3050 5270 quadraginta
3080 5195 3197 5249 dies
3221 5189 3625 5262 jejunantibus,

2012 5332 2016 5337 ι
2051 5296 2523 5366 Quadragesimam
2554 5292 2826 5349 dedicasse
2849 5328 2865 5353 ,
2915 5285 3161 5342 subditur
3194 5300 3207 5336 :
3237 5280 3433 5335 Deinde
3472 5280 3635 5335 etiam

2049 5393 2105 5446 in
2129 5407 2221 5445 suo
2252 5389 2360 5459 ipse
2374 5387 2576 5460 jejunio
2604 5382 2833 5438 eamdem
2863 5394 3075 5434 numero
3116 5375 3313 5429 dierum
3337 5372 3527 5445 jejunii
3549 5388 3635 5425 so-

2050 5485 2366 5539 lemnitatem
2395 5476 2703 5551 signiﬁcarit
2726 5514 2740 5540 ,
2769 5481 2823 5526 nt
2847 5470 2983 5542 quod
3007 5471 3116 5540 ipse
3142 5467 3397 5523 Dominus
3426 5467 3481 5519 iu
3508 5482 3629 5518 nos-

2049 5648 2448 5699 cramcntorum
2478 5633 2769 5705 praemissa.

2122 5693 2391 5782 idexpl.
2423 5693 2593 5772 miss.,
2627 5714 2759 5761 tum.
2784 5702 2851 5774 ll,
2879 5702 3008 5760 diss.
3041 5719 3114 5772 tv,
3143 5709 3244 5756 art.
3268 5698 3325 5766 2,
3358 5711 3476 5769 pag.
3503 5693 3615 5749 253
