4058 6178
393 358 449 414 ω
1845 336 2231 400 ΓΠᾸΞῩΧΤΙΟ.
3600 349 3672 402 τδῖ

393 474 457 529 tri
481 470 710 541 corporis
749 466 1053 537 inﬁrmitate
1097 480 1188 533 pro
1216 460 1359 516 nobis
1401 461 1597 531 jngiter
1648 460 1699 512 in
1748 458 1977 530 quadra—
2012 465 2055 519 Α
2085 459 2418 526 contulerit,
2450 457 2576 528 quia
2620 458 3112 515 Sacramentarium
3165 461 3289 516 illud
3335 461 3673 521 Gallio-liis-

394 574 537 638 gmta
570 562 746 616 diebus
789 558 1043 627 explevit,
1090 555 1145 607 id
1172 571 1203 606 η
1242 570 1265 606 s
1288 554 1366 606 vel
1410 551 1702 605 minutatim
1729 590 1742 614 ,
1796 564 1975 604 EODEM

395 656 608 711 NUMERO
637 664 836 705 βιιῖιιωι
862 687 876 711 ,
899 646 1093 699 calculo
1119 644 1391 697 distributa
1414 641 1737 696 observantia
1762 656 1983 709 ,verper-

397 749 517 801 linis
546 739 904 814 refectionibus
942 739 1235 792 studeamus
1265 735 1480 788 imitari.
1531 732 1734 799 Quibus
1761 739 1984 800 apparet

402 845 496 893 bos
549 835 791 891 solemne
837 827 1299 901 quadragesimale
1325 825 1587 896 jejunium
1616 865 1629 888 ,
1661 840 1767 877 non
1795 823 1984 877 diebus

402 949 494 986 sex
528 940 580 985 et
610 928 845 996 triginta,
879 923 974 979 sed
1007 923 1229 990 integris
1260 921 1445 996 diebus
1475 917 1827 985 quadraginta
1858 931 1984 968 esu-

402 1022 642 1084 rialihus,
690 995 887 1088 quibus
914 1028 1136 1084 vespere
1165 995 1565 1070 reliciiebanlur,
1618 1006 1983 1063 constituis=e.

400 1113 573 1185 Atque
618 1110 753 1166 adeo
795 1125 897 1163 non
944 1104 1401 1177 quadragesimam
1431 1143 1443 1162 ,
1475 1100 1567 1154 sed
1607 1097 1987 1169 quinquagesi-

401 1221 541 1260 mam
571 1211 646 1267 ,et
675 1202 901 1256 fortasse
929 1196 1317 1266 sexagesimam
1338 1235 1352 1259 ,
1404 1202 1496 1247 aut
1542 1192 1987 1261 septuagesimam

402 1272 736 1351 observasse.
769 1291 885 1345 Non
934 1290 1073 1341 enim
1122 1286 1321 1357 jugiter
1373 1283 1722 1354 quadraginta
1778 1281 1987 1336 dierum

398 1387 664 1457 jejunium
690 1382 1055 1440 observabant
1084 1421 1098 1445 ,
1129 1380 1221 1434 sed
1265 1378 1559 1430 minutatim
1586 1418 1600 1441 ,
1661 1375 1765 1429 hoc
1794 1382 1876 1428 cst
1905 1374 1989 1427 in-

304 1536 319 1549 .
404 1476 686 1547 terpolatis
716 1473 1028 1544 quibusdam
1071 1470 1258 1524 diebus
1308 1484 1411 1521 non
1464 1466 1801 1521 esurialibus.
1855 1463 1992 1518 Sunt

403 1579 459 1626 et
489 1570 591 1623 alia
622 1570 768 1635 plura
801 1580 919 1635 quae
948 1564 1124 1618 all'erzi
1156 1569 1379 1631 possunt
1404 1599 1418 1624 ,
1444 1560 1536 1614 sed
1567 1559 1810 1613 hmctduo
1840 1557 1989 1611 suffi-

405 1661 555 1715 ciunt
584 1658 651 1713 ad
682 1655 1017 1727 probandum
1067 1652 1279 1706 Missalc
1328 1651 1432 1705 hoc
1462 1650 1516 1704 in
1562 1648 1735 1704 Gallia
1763 1648 1990 1703 Gothica

407 1751 663 1806 usitatum
700 1765 805 1802 non
835 1748 1016 1802 fuisse.

2081 567 2307 621 panum,
2351 566 2382 606 e
2408 567 2517 620 quo
2547 551 2758 606 Missale
2789 561 3030 607 nostrum
3078 552 3471 610 Mozarabicum
3524 575 3675 613 com-

2082 647 2313 715 positttm
2371 647 2485 712 fuit,
2529 645 2667 699 Galli
2708 645 2877 715 probe
2923 647 3194 716 cognitum
3225 648 3550 714 habuerint,
3582 666 3677 705 eo-

2082 752 2186 806 que
2239 737 2525 806 plurimum
2582 736 2661 790 usi
2711 737 2820 791 sint
2849 738 3240 805 compositores
3270 740 3522 793 librorum
3555 741 3678 796 Mis-

2083 829 2273 882 salium
2304 826 2705 882 Gallicanorum
2732 872 2745 893 ,
2775 829 2865 897 qui
2896 830 3157 884 hactenus
3204 831 3257 883 in
3320 832 3493 885 lucem
3547 850 3676 901 pro-

2084 919 2317 972 dierunt.
2349 919 2428 971 An
2457 934 2585 972 vero
2628 918 3121 973 Sacramentarium
3173 920 3300 974 illud
3351 921 3670 976 Tolelattttltl

2087 1010 2225 1063 idem
2277 1009 2434 1063 fuerit
2491 1018 2655 1079 atque
2704 1010 2837 1064 liber
2885 1009 3114 1065 Missalis
3140 1012 3310 1066 sancti
3340 1012 3534 1066 Juliani
3563 1056 3578 1079 ,
3611 1030 3678 1067 an

2087 1101 2225 1155 aiter
2254 1101 2525 1167 antiquior
2554 1116 2710 1167 quem
2746 1101 2859 1170 ipse
2889 1101 3197 1155 emendavit
3226 1145 3241 1167 ,
3291 1102 3422 1156 nihil
3474 1111 3677 1157 statuo.

2158 1190 2282 1246 298.
2318 1191 2478 1245 Liber
2540 1190 2913 1246 Lectionarius
2967 1191 3169 1245 ordinis
3208 1189 3468 1247 Gallicani
3521 1209 3680 1263 quem

2090 1284 2429 1337 Mabillonius
2468 1284 2521 1337 in
2575 1284 2905 1339 monasterio
2954 1282 3277 1338 Luxoviensi
3324 1293 3592 1353 repertum
3627 1285 3680 1338 in

2092 1379 2227 1433 libro
2274 1376 2509 1431 secundo
2561 1375 2626 1430 de
2677 1374 2912 1443 Liturgia
2965 1372 3240 1428 Gallicana
3267 1416 3280 1439 ,
3315 1391 3343 1427 a
3375 1388 3497 1444 pag.
3531 1375 3631 1429 106
3661 1418 3677 1441 ,

2092 1470 2256 1525 edidit
2280 1509 2294 1533 ,
2327 1468 2379 1523 in
2412 1468 2564 1523 initio
2594 1477 2649 1522 et
2676 1468 2728 1522 in
2753 1468 2857 1523 line
2878 1506 2893 1532 ι
2935 1466 3308 1522 deficientibus
3332 1469 3681 1535 membranis,

2094 1562 2309 1615 mutilus
2337 1569 2418 1615 est
2449 1559 2520 1631 (ε)
2549 1599 2563 1614 .
2591 1558 2839 1630 Legenda
2870 1573 3085 1628 quoque
3129 1559 3196 1613 ab
3247 1558 3398 1613 initio
3451 1559 3688 1623 Quadra-

2094 1655 2311 1724 gesimte
2338 1668 2505 1722 usque
2536 1653 2599 1705 ad
2634 1652 2965 1706 Dominicam
3003 1650 3305 1704 Palmarum
3328 1661 3381 1704 et
3403 1652 3504 1704 alia
3548 1668 3682 1703 non-

2097 1745 2239 1798 nulla
2269 1742 2854 1811 tleliciunt.Segmenta
2887 1743 3272 1811 scripturarum
3319 1757 3439 1811 qua:
3487 1742 3536 1793 in
3585 1743 3683 1796 boc

487 1838 609 1893 295.
644 1838 857 1892 Missale
886 1837 1190 1900 Gothicam,
1222 1835 1335 1889 sive
1364 1831 1820 1889 Gallo-Gothicam
1852 1833 1999 1887 ordi—
2033 1817 2074 1875 Β
2107 1836 2239 1890 libro
2262 1836 2482 1904 legenda
2515 1841 2887 1904 proponuntur
2905 1833 3226 1902 quandoque
3248 1848 3366 1887 cum
3387 1833 3450 1885 iis
3478 1849 3683 1886 cumre-

409 1946 535 1985 nem
586 1930 919 1985 Gallicanum
950 1928 1000 1982 in
1052 1928 1228 1983 missis
1277 1928 1596 1998 plerumque
1643 1927 1902 1987 retinuit,
1935 1926 2001 1981 de

407 2037 516 2090 quo
546 2020 794 2090 superius
822 2020 951 2073 satis
990 2019 1188 2073 dictum
1218 2028 1319 2073 est.
1352 2017 1431 2072 Nc
1466 2019 1640 2072 dicam
1687 2032 1876 2071 omnes
1902 2017 2002 2071 hu-

402 2112 492 2181 jus
540 2112 658 2166 libri
706 2112 894 2166 missas
943 2108 1168 2164 formam
1217 2108 1545 2163 Gallicanam
1570 2111 1844 2173 retinuere,
1878 2124 2002 2177 pro-

410 2202 563 2259 hibet
592 2205 800 2259 rubrica
831 2204 918 2257 die
947 2204 1102 2257 tertia
1131 2202 1485 2271 Rogationum
1530 2211 1653 2273 post
1692 2204 2001 2257 immolatioo

409 2311 525 2348 nem
554 2294 790 2362 adjecta:
817 2292 941 2349 f’ost
968 2293 1211 2359 Sanctus,
1230 2310 1324 2364 per
1345 2302 1476 2347 totas
1497 2301 1599 2345 tres
1622 2294 1805 2346 missas
1828 2293 1957 2346 dicis
1981 2307 1998 2344 :

412 2385 570 2439 Hanc
597 2387 754 2456 igitur
780 2385 1090 2439 oblationem
1116 2384 1332 2453 familia:
1356 2393 1456 2438 luce
1495 2383 1585 2436 tibi
1607 2384 1830 2437 astantis
1851 2423 1864 2445 ,
1891 2391 1998 2437 etc.

414 2476 482 2532 Et
525 2478 863 2546 subjungitur
913 2493 1087 2532 canon
1129 2476 1405 2531 Romanus
1434 2492 1594 2530 causa
1646 2476 2000 2532 solemnitatis

413 2567 773 2635 [legationum
798 2569 1154 2638 interpo'atus
1182 2607 1197 2633 ,
1232 2568 1321 2637 qui
1350 2568 1540 2622 saltem
1575 2568 1643 2621 ab
1673 2568 1754 2620 his
1783 2567 1960 2622 verbis
1982 2608 1997 2633 ,

414 2658 752 2733 llancigitur
775 2702 790 2727 ,
821 2667 926 2712 etc.
963 2701 979 2721 ,
1008 2659 1372 2724 recitabatur;
1421 2659 1561 2713 unde
1604 2668 1828 2727 apparet
1877 2658 2002 2712 mis-

409 2764 498 2807 sas
523 2749 881 2817 Rogationem
904 2746 1205 2803 Gallicanas
1234 2765 1339 2803 non
1369 2748 1551 2813 fuisse,
1570 2749 1662 2801 sed
1684 2748 1997 2814 Romeuses,

410 2854 442 2893 e
472 2839 682 2906 liturgia
735 2838 1006 2892 Gallicana
1036 2848 1089 2891 et
1118 2838 1359 2892 Romana
1389 2840 1742 2908 compositas.

482 2926 604 2981 296.
632 2927 711 2980 An
735 2935 928 2996 praeter
952 2927 1140 2981 missas
1168 2927 1540 2995 Rogationum,
1566 2929 1682 2982 alia:
1702 2929 1808 2982 sint
1829 2929 2005 2983 missae

414 3018 570 3088 hujus
600 3018 718 3072 libri
741 3017 805 3071 ad
832 3017 1072 3072 ordinem
1120 3018 1440 3073 Romensem
1498 3020 1828 3089 pertinentes
1856 3062 1869 3083 ,
1902 3034 2004 3073 nec

416 3128 658 3167 asserere
711 3127 807 3181 pro
864 3121 1053 3174 certo,
1111 3127 1285 3181 neque
1336 3126 1532 3180 negare
1581 3113 1723 3166 volo.
1774 3112 1998 3166 Dubium

2100 1926 2384 1993 niuntquae
2406 1925 2458 1979 in
2480 1924 2677 1980 Missali
2696 1922 3039 1976 Mozarabum
3056 1923 3320 1990 leguntur,
3341 1923 3684 1991 quemadmo-

2099 2018 2227 2072 dum
2258 2019 2308 2071 in
2341 2018 2482 2072 nmis
2506 2019 2687 2072 monui
2714 2058 2728 2081 ,
2763 2026 2819 2070 at
2847 2016 3156 2086 frequenter
3182 2020 3251 2070 ab
3299 2018 3362 2071 iis
3389 2015 3683 2071 secedunt.

2174 2106 2298 2161 299.
2350 2107 2486 2162 illud
2541 2117 2723 2161 autem
2769 2107 3039 2176 singulare
3083 2108 3242 2161 habet
3293 2107 3684 2161 Lectionarium

2102 2198 2208 2253 hoc
2237 2197 2574 2252 Luxoviensc
2598 2236 2613 2262 ,
2646 2196 2789 2263 quod
2836 2198 2998 2250 etiam
3030 2197 3082 2250 in
3127 2196 3559 2251 Satramcntario
3588 2195 3689 2251 Bo-

2100 2288 2274 2343 biensi
2304 2288 2600 2343 observare
2630 2287 2771 2350 licet,
2795 2287 3077 2342 missarum
3118 2288 3356 2355 legrndis
3385 2289 3690 2356 frequenter

2100 2378 2327 2449 primam
2359 2378 2641 2433 lectionem
2669 2417 2685 2443 ,
2717 2392 2876 2447 quam
2922 2378 3223 2447 prophetam
3267 2387 3323 2433 et
3367 2381 3689 2449 prophetiam

2101 2470 2483 2541 appellabant,
2533 2471 2755 2525 omnino
2804 2468 3054 2525 deiicere.
3109 2470 3257 2525 Adeo
3289 2483 3345 2526 ut
3401 2473 3686 2525 missarum

2100 2569 2411 2618 sanctorum
2468 2575 2593 2631 pars
2646 2560 2814 2615 ferme
2885 2560 3056 2614 media
3120 2561 3254 2615 duas
3320 2560 3690 2615 tantummodo

2101 2652 2502 2722 Stripturarum
2533 2650 2793 2705 lectiones
2819 2651 3035 2713 habeat,
3064 2660 3348 2722 utramque
3372 2669 3403 2706 e
3430 2667 3571 2707 novo
3593 2650 3690 2706 fa:-

2099 2742 2254 2811 dere,
2276 2752 2330 2797 et
2348 2743 2526 2797 missis
2545 2741 2953 2797 dominicalibus
2974 2743 3244 2812 pleraeque
3268 2742 3435 2811 prima
3459 2741 3689 2797 leCLinne

2103 2851 2137 2891 e
2165 2836 2345 2891 Veteri
2384 2837 2633 2905 (Lxxxut)
2676 2833 3022 2888 Testamento
3067 2836 3362 2903 priveutur.
3412 2832 3689 2901 Ejssmoeli

2102 2936 2229 2981 sunt
2256 2927 2428 2982 missae
2453 2926 2690 2994 quinque
2731 2924 3083 2980 dominicales
3125 2936 3245 2995 post
3281 2925 3510 2979 clausum
3556 2923 3688 2977 Pas.

2108 3019 2238 3086 clue,
2272 3017 2434 3072 mi-sa
2463 3016 2746 3070 dominica)
2771 3024 2894 3085 post
2917 3015 3301 3071 Ascensionem
3356 3015 3602 3080 Domini,
3634 3023 3687 3067 et

2107 3110 2261 3164 unica
2290 3109 2376 3162 illa
2409 3110 2571 3162 missa
2599 3108 2936 3163 dominicalis
2965 3149 2980 3173 ,
3012 3124 3130 3178 qute
3163 3118 3283 3179 post
3332 3108 3685 3164 Peutecosten

416 3211 635 3257 moveut
664 3203 838 3255 misse
895 3202 1073 3271 plures
1103 3244 1117 3266 ,
1177 3204 1226 3256 in
1284 3204 1704 3257 contestationem
1749 3203 1998 3256 desinen-
2028 3181 2073 3243 Ο
2105 3202 2423 3268 assignatur.
2456 3198 2533 3253 Ex
2565 3200 2683 3253 aliis
2710 3214 2839 3253 vero
2862 3201 3036 3255 mirsis
3063 3217 3126 3255 ea
3157 3216 3275 3270 qua:
3304 3203 3357 3254 in
3377 3201 3687 3272 profectione

416 3303 516 3361 tes,
559 3304 612 3348 et
640 3296 915 3364 exemplar
946 3298 1118 3351 missa:
1165 3297 1461 3350 cottidiana:
1493 3295 1782 3357 Romcnsis,
1815 3295 1865 3348 in
1897 3295 2001 3349 line

419 3385 636 3443 Codieis
665 3389 986 3457 appositum.
1035 3387 1145 3443 Cur
1188 3388 1329 3442 enim
1356 3388 1483 3441 illud
1514 3397 1867 3457 apponerent.
1900 3388 2001 3443 nisi

416 3488 477 3533 ut
514 3479 635 3533 inde
677 3480 1025 3536 desumerent
1054 3496 1316 3535 canouem
1358 3479 1681 3545 Romanum,
1726 3490 1779 3535 et
1807 3481 2004 3535 oratio-

416 3585 511 3626 nes
540 3572 743 3641 aliquot
771 3587 889 3641 qua:
913 3572 1089 3626 missis
1115 3571 1433 3640 quibusdam
1462 3571 1800 3626 deﬁciebant.

486 3662 609 3716 597.
643 3662 1137 3717 Saeramentarium
1166 3663 1463 3718 Bobianum
1496 3672 1551 3717 et
1590 3663 1802 3719 Missale
1829 3665 2002 3719 Galli-

416 3768 609 3806 canum
672 3751 691 3824 (
716 3769 896 3807 Lxxxu
922 3754 939 3822 )
973 3762 1126 3809 vetus
1149 3754 1290 3809 haud
1322 3770 1489 3824 pauca
1519 3754 1803 3809 desumunt
1831 3754 2004 3810 eMis-

414 3840 512 3893 salt
561 3838 1010 3907 Gallo-Gothico,
1062 3839 1205 3908 quod
1256 3848 1542 3910 propterea
1594 3842 1741 3897 hisce
1793 3843 2003 3897 duobus

415 3929 681 3995 antiquius
707 3928 893 3983 haberi
916 3928 1093 3983 debet.
1124 3927 1188 3982 Et
1214 3930 1445 3985 vicissim
1479 3931 1692 3985 missale
1717 3929 2005 3987 Gallo-Go-

418 4020 618 4071 thicum
652 4019 800 4087 plura
841 4020 1002 4073 habet
1028 4035 1058 4074 e
1087 4019 1287 4075 Missali
1315 4019 1768 4090 Gotho-llispano
1793 4022 2004 4077 desum-

423 4118 514 4178 pta
570 4109 690 4181 (a).
751 4109 889 4165 Sunt
941 4112 1099 4164 etiam
1148 4111 1404 4166 nonnulla
1463 4112 1515 4166 in
1571 4110 2003 4168 Sacramentatio

417 4201 666 4257 Bobiensi
705 4217 735 4256 a
765 4202 961 4258 Missali
1012 4203 1463 4275 Gotbo-llispano
1518 4206 1774 4261 translata
1802 4248 1816 4271 ,
1880 4213 2002 4275 qum

417 4293 470 4346 in
521 4291 936 4349 Gallo-Gothico
1007 4311 1114 4351 non
1184 4296 1529 4351 inveniuntur
1577 4296 1651 4366 (b)
1684 4335 1696 4348 .
1750 4297 1899 4349 Adeo
1948 4306 2004 4351 ut

423 4387 623 4447 nemini
666 4387 888 4441 dubium
923 4401 1041 4441 esse
1069 4387 1238 4456 possit
1265 4430 1280 4456 ,
1312 4388 1403 4456 qui
1426 4387 1524 4441 hos
1556 4387 1719 4440 libros
1746 4389 2004 4442 attentius

2102 3293 2301 3346 itineris
2335 3292 2642 3346 celebratur
2671 3332 2686 3357 ,
2719 3304 2767 3345 et
2799 3291 2903 3344 alia
2947 3308 3066 3361 qua:
3096 3303 3175 3347 est
3228 3294 3291 3347 de
3337 3292 3598 3347 redeundo
3621 3290 3685 3343 ab

2101 3384 2284 3439 itinere
2315 3383 2482 3452 prima
2512 3382 2739 3437 lectione
2760 3392 2966 3446 carent,
2993 3398 3099 3453 qua
3128 3384 3286 3436 etiam
3327 3382 3688 3438 carentmissa

2104 3474 2155 3528 in
2179 3474 2565 3529 consecratione
2606 3470 2892 3544 presbyteri
2921 3514 2935 3539 ,
2966 3474 3121 3528 mis.~a
3147 3474 3210 3527 de
3230 3490 3333 3528 uno
3354 3476 3651 3543 conlusore
3672 3514 3688 3540 ,

2104 3576 2159 3621 et
2184 3568 2301 3621 alia:
2331 3565 2622 3621 nonnullae.

2175 3658 2297 3713 500.
2342 3657 2511 3726 Hujus
2553 3670 2733 3717 autem
2778 3658 3017 3713 deiectus
3050 3671 3231 3719 causa,
3261 3670 3382 3711 cum
3421 3652 3607 3711 Codex
3638 3655 3690 3709 in

2106 3755 2168 3809 iis
2191 3753 2324 3808 locis
2346 3754 2553 3822 integer
2576 3755 2664 3817 sit,
2694 3762 2785 3808 aut
2810 3749 3113 3807 revocanda
3136 3748 3346 3803 videtur
3365 3747 3433 3802 ad
3458 3748 3689 3802 varieta-

2105 3852 2212 3899 tem
2242 3844 2526 3912 quamdam
2556 3845 2875 3912 Iiturgicam,
2901 3850 2993 3896 aut
3020 3841 3157 3895 forte
3185 3839 3237 3893 in
3264 3854 3331 3893 eo
3358 3837 3684 3908 reponenda,

2107 3935 2249 4007 quod
2295 3936 2553 3992 lectiones
2594 3936 2924 4007 prophetica:
2967 3949 3035 3988 ex
3079 3931 3416 3987 Lectionario
3443 3931 3684 4001 proprio,

2105 4039 2159 4084 et
2195 4029 2263 4084 ab
2304 4030 2406 4085 hoc
2445 4029 2718 4095 distincto,
2761 4029 2866 4095 legi
2906 4027 3164 4082 solerent.
3210 4024 3316 4079 Sed
3358 4040 3444 4089 ne,
3479 4026 3580 4077 hac
3621 4022 3690 4078 de

2104 4135 2284 4182 causa,
2309 4127 2580 4185 putemus,
2604 4118 2778 4173 missis
2799 4118 2975 4172 allatis
2996 4116 3137 4171 nulla
3164 4123 3436 4182 segnnenta
3460 4129 3491 4169 c
3510 4113 3688 4169 Veteri

2106 4211 2330 4266 Ftnlcre
2360 4209 2584 4279 b-gcnda
2614 4210 2853 4273 attribui,
2901 4208 3152 4277 prohibet
3193 4207 3367 4276 ipsum
3411 4205 3690 4261 Lectiona-

2106 4305 2259 4363 rium,
2296 4304 2345 4356 iu
2389 4319 2496 4369 quo
2539 4300 2852 4371 frequenter
2896 4302 3153 4356 lectiones
3193 4300 3520 4369 prophetiam
3557 4299 3691 4353 assi-

2104 4403 2351 4462 gnattlur.
2396 4392 2573 4459 Quare
2601 4393 2739 4447 haud
2770 4392 3084 4447 incredibile
3110 4391 3346 4458 videtur,
3377 4391 3430 4445 in
3463 4391 3527 4447 iis
3556 4391 3693 4447 locis

490 4542 566 4611 (η)
598 4540 871 4610 Ejusmodi
899 4547 1023 4612 sunt
1066 4539 1295 4612 collectio
1329 4540 1557 4612 s-quitu‘r
1578 4577 1593 4600 ,
1651 4538 1738 4612 die
1783 4549 2001 4594 sancto-
2035 4538 2083 4596 D
2108 4559 2317 4610 pacem,
2370 4542 2686 4612 desumpta;
2732 4542 2907 4597 oratio
2937 4544 3095 4596 missa
3126 4542 3211 4595 die
3233 4541 3407 4612 sancti
3440 4540 3687 4607 Martini,

418 4608 535 4667 rum
564 4608 847 4672 lnfantum,
881 4608 1141 4663 verbatim
1168 4608 1446 4679 desumpta
1488 4610 1554 4662 ab
1601 4609 1844 4664 oratione
1888 4618 2004 4679 post

420 4685 631 4736 nomina
659 4680 888 4734 Missalis
943 4679 1145 4743 nostri;
1177 4678 1263 4733 die
1312 4678 1621 4747 Epiphania
1668 4679 1842 4733 oratio
1888 4678 2006 4747 p-st

421 4755 718 4823 mysterium
752 4792 765 4819 ,
823 4750 1101 4823 desumpta
1130 4821 1135 4823 Α
1160 4749 1240 4823 θὺΑ
1278 4751 1529 4823 oratione
1575 4758 1691 4819 post
1738 4750 1998 4823 nomina;

416 4818 741 4878 etintPStatio
773 4820 945 4873 missa:
969 4860 983 4881 ,
1027 4820 1177 4873 initio
1206 4818 1635 4886 Quadragesimtc
1656 4862 1671 4884 ,
1720 4820 2001 4887 desumpta

418 4896 485 4951 ab
518 4893 751 4947 nimione
782 4888 1221 4957 Gotbo-llispana
1256 4890 1397 4943 feria:
1440 4899 1604 4943 sexta:
1652 4889 2002 4943 hebdomadis

419 4966 671 5018 serundte
722 4959 1193 5026 Quadragesimae;
1269 4959 1565 5013 immolatio
1617 4961 1791 5013 missa:
1845 4959 1997 5014 ierim

418 5035 616 5102 quinta:
650 5036 699 5084 in
730 5032 893 5102 {laena
920 5029 1148 5102 Domini,
1181 5031 1459 5102 desumpta
1504 5026 1670 5102 ferme
1714 5044 1776 5083 ex
1803 5028 2001 5102 lllatio-

420 5100 487 5157 ne
525 5101 967 5169 Gotho-llispana
1000 5100 1241 5166 ejusdem
1271 5100 1375 5155 diei
1402 5117 1415 5162 ;
1445 5100 1692 5154 collectio
1718 5101 1961 5167 sequitur
1981 5141 1995 5166 ,

420 5181 475 5227 et
501 5176 674 5228 oratio
700 5180 815 5242 post
856 5171 1067 5227 nomina
1120 5170 1292 5224 missa:
1344 5172 1513 5242 sancti
1562 5169 1875 5235 Saturnini,
1906 5172 1999 5225 de-

418 5254 644 5310 sumpta:
674 5240 708 5297 a'
733 5242 929 5297 Mis~ali
983 5249 1166 5294 nostro
1189 5281 1202 5305 ,
1241 5248 1351 5293 batc
1369 5240 1516 5310 enim
1546 5248 1629 5293 cst
1658 5255 1783 5309 pars
1830 5242 1998 5308 prima
2025 5253 2032 5259 '

420 5308 680 5365 orationis
706 5315 874 5367 missa:
897 5355 908 5375 ,
943 5312 1032 5365 illa
1065 5310 1324 5365 Verbatim
1358 5308 1521 5362 ferme
1546 5350 1559 5373 ,
1590 5308 1673 5364 est
1699 5311 1805 5362 alia
1834 5333 1845 5355 σ
1867 5312 1999 5363 ratio

422 5382 663 5446 ejusdem
718 5384 1036 5437 festivitatis.
1072 5381 1294 5435 Dcmum
1328 5390 1382 5433 nt
1416 5380 1517 5433 alia
1578 5380 1736 5446 hujus
1785 5382 1999 5445 generis

422 5454 689 5512 omittam,
736 5452 976 5519 prtcfatio
1010 5455 1220 5517 tus-aa,
1262 5460 1316 5505 et
1338 5449 1659 5504 conledatio
1685 5489 1701 5515 ,
1729 5450 2000 5519 dicisanc-

423 5530 487 5575 ta:
537 5518 752 5574 Eulalirc
783 5564 796 5586 ,
829 5532 950 5575 sunt
979 5532 1250 5588 segmenta
1279 5522 1528 5575 illatiouis
1577 5521 1750 5574 missa:
1794 5518 2001 5572 Gotho-

422 5590 670 5664 llispanrc
711 5607 829 5660 qua:
874 5596 923 5645 in
979 5592 1175 5646 Missali
1216 5602 1398 5648 nostro
1427 5593 1513 5645 die
1559 5600 1759 5644 sancta:
1784 5589 1999 5644 Eulalia:

420 5662 767 5716 Emeritensis
789 5679 858 5715 re.
882 5663 951 5714 ita
981 5678 1058 5715 ur.

493 5732 569 5799 (b)
603 5731 871 5795 Ejusmodi
905 5740 1025 5783 sunt
1051 5733 1215 5783 oratio
1245 5735 1311 5783 ad
1354 5750 1526 5798 pacem
1570 5731 1656 5784 die
1690 5740 1997 5784 sanctorum

422 5804 809 5870 Innocentan
845 5819 911 5857 ex
939 5804 1182 5856 t_ll'(lll‘.‘l‘C
1213 5802 1392 5853 (ὶυιιςυ
1435 5801 1683 5871 lli.~p:ttt;t,
1712 5802 1910 5869 pttt'ilz't‘
1933 5803 2000 5853 (ιιι

2108 4614 2387 4681 desumpta
2438 4627 2505 4666 ex
2537 4610 2783 4667 oratione
2814 4623 2928 4682 post
2973 4614 3184 4666 nomina
3230 4610 3455 4665 Missalis
3486 4612 3688 4682 nostri;

2107 4679 2378 4738 orationes
2405 4683 2580 4736 missae
2600 4679 2910 4738 omnimodae
2929 4684 3221 4751 desumpta;
3250 4697 3281 4735 ο
3304 4683 3462 4735 missa
3482 4679 3693 4736 Gotho-

2107 4752 2345 4821 Hispana
2399 4754 2638 4821 ejusdem
2686 4754 3041 4819 cognominis,
3074 4761 3129 4806 et
3177 4755 3450 4807 orationes
3498 4767 3690 4807 (llltnCS

2106 4838 2225 4891 qua)
2256 4824 2305 4876 in
2337 4825 2497 4877 missa
2527 4824 2706 4879 Sancti
2750 4823 2978 4879 Joann‘s
3005 4825 3067 4877 de
3098 4825 3337 4889 passione
3368 4823 3684 4885 recitantur,

2105 4909 2170 4947 ex
2202 4893 2354 4947 unica
2385 4895 2630 4948 oratione
2682 4896 2838 4962 missa
2886 4892 3366 4962 Gotho-llispma,
3413 4893 3463 4945 in
3509 4904 3691 4962 partes

2104 4964 2359 5035 disserta,
2393 4964 2725 5035 composite.
2822 4960 2834 4972 ’

2176 5036 2249 5103 (c)
2275 5032 2650 5104 Mahillonius.
2686 5035 2736 5088 in
2768 5034 2915 5104 pr.r.f.
2948 5034 3012 5088 ad
3039 5032 3132 5087 lib.
3159 5049 3193 5088 tt
3242 5033 3419 5104 liturg.
3471 5032 3687 5104 Gallic,

2103 5100 2238 5159 sect.
2266 5104 2316 5165 l,
2350 5106 2540 5159 scribit
2566 5100 2824 5158 Cadini-in
2860 5110 3000 5158 hunc
3032 5105 3215 5157 litteris
3242 5100 3450 5157 Franco
3473 5102 3691 5158 Gallicis

2101 5192 2126 5229 s
2153 5176 2189 5228 cl
2211 5173 2568 5244 Meroringicis
2597 5184 2715 5228 ante
2737 5190 2898 5227 annos
2930 5174 3068 5227 mille
3114 5177 3357 5243 scriptum
3410 5175 3585 5244 fuisse.
3630 5174 3694 5227 Et

2105 5246 2155 5298 iu
2191 5243 2505 5314 praelatione
2532 5248 2595 5298 ad
2630 5246 2821 5299 librum
2856 5245 3082 5309 primum
3115 5245 3181 5297 de
3212 5244 3429 5309 litnrgia
3450 5243 3692 5314 Gallica-

2106 5313 2202 5369 r-a.
2237 5326 2370 5368 sect.
2407 5314 2437 5365 7
2462 5357 2475 5379 ,
2507 5315 2689 5368 scribit
2718 5333 2730 5366 :
2769 5314 2925 5367 "and
2954 5316 3061 5367 scio
3087 5357 3100 5381 ,
3133 5331 3200 5367 an
3253 5314 3417 5367 ullum
3456 5316 3521 5366 sit
3556 5313 3689 5366 Lec-

2105 5386 2379 5439 tionarium
2415 5385 2506 5439 Itoc
2532 5384 2807 5439 Gallicana
2836 5387 3094 5453 antiquius
3120 5427 3131 5442 .
3162 5386 3206 5438 si
3228 5385 3454 5448 excipias
3503 5384 3689 5435 librant

2102 5457 2301 5508 comitis
2325 5456 2637 5508 indicantem
2664 5457 2908 5508 lectiones
2939 5456 3006 5507 ad
3028 5472 3179 5518 nsum
3214 5453 3462 5507 Ecclesia:
3492 5453 3686 5505 [lunia-

2103 5541 2206 5592 naz,
2228 5526 2292 5577 de
2316 5542 2414 5595 quo
2445 5526 2575 5578 libro
2608 5527 2798 5578 mentio
2838 5526 2898 5594 ﬁt
2939 5527 2992 5579 in
3023 5527 3204 5577 charta
3236 5528 3561 5595 cornutiana.
3616 5523 3689 5577 De

2103 5597 2350 5648 versione
2378 5596 2761 5665 scripturarum
2791 5606 2968 5649 autem
3016 5595 3337 5649 Lectionarii
3386 5594 3691 5665 Luxovien-

2102 5666 2175 5719 sis
2205 5666 2397 5718 ibidem
2428 5664 2504 5718 ait
2534 5711 2538 5715 .
2577 5681 2693 5717 eam
2723 5682 2817 5718 nec
2854 5667 3072 5719 multum
3095 5683 3128 5719 α
3166 5666 3375 5735 vulgata
3410 5664 3648 5718 recedere
3669 5701 3688 5731 ,

2105 5753 2194 5789 nec
2233 5738 2442 5790 omnino
2468 5752 2581 5789 cum
2609 5752 2670 5789 ea
2691 5738 2980 5791 convenire.
