4058 6178
305 349 367 404 33
917 346 1245 403 El’lSTOLA
1289 347 1763 404 DEDICATORIA
1804 347 2101 404 EDITIONI
2146 346 2543 404 TOLETAN/E
2584 349 2970 409 PREMISSL
3516 350 3591 407 9»!

303 472 354 523 in
379 467 573 538 quibus
597 466 734 522 ritus
763 463 854 520 ille
878 479 945 520 ex
966 463 1245 520 Gallicana
1275 473 1331 519 et
1353 464 1598 520 Romano
1620 465 1896 529 confusus,
1925 469 1974 528 Α
2004 464 2272 533 praecipua
2319 463 2565 529 habetur,
2600 465 2750 520 fateri
2792 467 3050 521 debemus
3098 465 3316 522 Missale
3355 465 3593 524 Xitnenii

300 574 461 629 quem
500 557 845 629 appellabant
872 556 1217 618 Romensem,
1250 557 1569 619 invalucrat,
1603 573 1701 611 usu
1732 558 1894 611 etiam

306 658 580 719 receptum
610 647 794 711 fuisse,
824 654 1012 701 contra
1045 662 1247 701 morem
1274 646 1632 710 Gallicanum,
1658 649 1707 700 in
1736 648 1899 703 certis

316 738 623 807 juibusdatn
646 738 825 792 missis
844 738 973 791 duas
997 737 1371 791 tantummodo
1396 738 1674 801 lectiones,
1698 751 1901 809 easque

307 845 336 883 e
366 827 516 883 Novo
545 828 916 892 Testamento,
954 828 1155 896 legere.

376 917 507 972 50L
544 918 660 973 Jam
687 932 818 973 vero
844 932 876 973 e
901 928 1132 987 quatuor
1160 919 1459 974 Missalibus
1488 919 1638 973 libris
1665 918 1903 974 Gallica-

312 1008 392 1060 nis
420 1006 684 1062 haCtenus
711 1006 889 1068 editis,
918 1008 1479 1063 siSaeramentarium
1508 1008 1774 1062 Bnbiottse
1801 1024 1901 1063 ex-

311 1098 561 1166 cipiatur,
593 1098 769 1151 nullus
799 1108 882 1151 est
912 1099 997 1152 cui
1029 1099 1224 1166 aliquid
1254 1114 1359 1153 non
1391 1100 1550 1153 desit.
1600 1099 1730 1152 Nam
1771 1098 1905 1152 Mis-

312 1189 411 1243 sali
462 1187 744 1243 Gallicano
789 1190 957 1243 veteri
1008 1200 1063 1243 et
1117 1189 1315 1244 Missaii
1370 1190 1695 1245 Francorum
1750 1191 1905 1259 plura

312 1279 567 1335 deﬁciunt
604 1295 765 1348 quam
812 1296 931 1351 qua
971 1292 1278 1351 supersunt.
1324 1282 1522 1337 Missali
1551 1298 1678 1337 vero
1721 1283 1907 1338 Gallo-

316 1368 546 1429 Gothico
577 1370 832 1424 nonnulla
862 1371 1035 1434 initio,
1072 1372 1220 1441 plura
1265 1374 1315 1426 in
1350 1371 1472 1436 line,
1505 1372 1899 1428 desiderantur.

316 1460 601 1527 Praeterea,
632 1466 852 1533 dempto
898 1462 1334 1517 Saerntnentario
1388 1464 1654 1529 Bobiensi,
1695 1465 1747 1519 in
1795 1481 1903 1534 quo

313 1564 440 1627 sunt
468 1554 731 1610 lectiones
758 1555 989 1624 propria:
1022 1556 1327 1616 missarum,
1361 1556 1592 1611 Missalia
1632 1555 1905 1615 Gallicana

317 1646 446 1699 nihil
490 1654 687 1715 pnnter
730 1648 1003 1701 orationes
1043 1662 1161 1715 qua:
1205 1647 1253 1699 itt
1299 1647 1458 1700 tnissa
1508 1648 1803 1702 recitantur
1851 1657 1907 1704 et

318 1735 719 1790 benedictiones
748 1738 1043 1791 continent.
1090 1736 1274 1805 Neque
1303 1737 1563 1792 hactenus
1594 1738 1730 1793 liber
1756 1741 1909 1793 Antio

2000 555 2147 610 libris
2182 556 2430 611 omnibus
2455 554 2746 613 Gallicanis
2789 558 3049 614 hactenus
3076 559 3234 613 editis
3270 559 3428 629 longe
3457 576 3596 629 pne-

1999 656 2162 701 stare.
2196 644 2265 701 lis
2292 647 2433 701 enim
2464 655 2572 701 tam
2600 648 2766 701 multa
2794 649 2968 704 adhuc
2999 650 3252 704 deﬁciunt
3280 651 3346 703 ad
3374 652 3597 720 expedi-

2002 749 2111 795 tam
2160 742 2439 796 missarum
2486 741 2906 797 celebrationem
2958 743 3279 806 necessaria,
3328 751 3385 796 ttt
3434 758 3595 798 nemo

2004 832 2119 887 istis
2140 833 2316 898 libris,
2347 834 2694 903 quantumvis
2719 835 2855 887 bene
2886 834 3199 898 instructus,
3225 835 3342 890 sine
3369 835 3596 890 Missalis

2003 926 2230 981 Ximcnii
2255 928 2475 991 auxilio,
2499 926 2583 981 vel
2614 927 2824 981 unicam
2857 928 3073 980 missam
3099 926 3428 981 Gallicanam
3456 928 3595 981 reei-

2006 1027 2118 1071 tare
2147 1016 2374 1087 poterit,
2404 1020 2654 1071 sacerdos
2683 995 2813 1071 ΜΟ
2845 1016 3235 1082 Mozarabicus,
3263 1014 3349 1070 cui
3379 1017 3593 1071 unicum

2004 1108 2154 1162 adest
2197 1108 2409 1162 Missale
2451 1107 2957 1175 Ximenii,'missas
2996 1107 3387 1173 Mozarabicas,
3436 1117 3598 1175 atque

2005 1198 2145 1253 adeo
2170 1196 2667 1267 Gotho-Hispanas,
2696 1207 2750 1252 et
2776 1195 3104 1264 Gallicanos,
3135 1198 3385 1273 [LXXXIV]
3407 1200 3594 1268 quoti-

2006 1290 2111 1354 die,
2145 1291 2188 1345 si
2215 1289 2450 1349 libuerit.
2485 1290 2735 1360 expedite
2773 1292 2951 1346 facere
2988 1298 3186 1361 potest.
3235 1290 3405 1357 Unde,
3453 1292 3598 1360 quod

2005 1383 2073 1437 ab
2104 1383 2255 1437 initio
2281 1382 2535 1443 dicebam,
2554 1383 2713 1451 plane
2738 1383 3040 1449 conﬁcitur,
3066 1384 3330 1452 Optimum
3350 1382 3596 1455 cardina-

2006 1474 2108 1529 lctn
2141 1471 2465 1537 Ximenium,
2500 1474 2691 1527 Missali
2723 1474 3085 1537 Mozarabico,
3116 1474 3256 1545 typis
3285 1474 3453 1539 edito,
3489 1488 3598 1526 non

2006 1564 2167 1619 modo
2206 1563 2591 1633 Hispanorum,
2620 1564 2717 1618 sed
2756 1564 3032 1619 Gallorum
3077 1567 3262 1634 etiam,
3291 1566 3469 1637 prisco
3507 1580 3598 1619 sa-

2008 1654 2286 1710 eriﬁcandi
2317 1656 2441 1708 ritui
2472 1654 2753 1724 splendide
2780 1656 3139 1710 consuluisse.

2066 1745 2200 1801 605.
2234 1744 2423 1811 Porro,
2452 1746 2502 1799 in
2532 1747 2633 1801 hac
2663 1745 2933 1810 Editionc,
2965 1755 3142 1800 textus
3172 1744 3398 1800 Missalis
3420 1744 3600 1798 Moza-

317 1828 611 1894 phouarius
658 1824 971 1881 Galiicanus
1016 1827 1260 1881 IICICCIUS
1303 1836 1386 1880 est
1432 1828 1548 1882 Sine
1594 1841 1700 1895 quo
1744 1828 1902 1882 missa
1942 1822 1981 1878 Β
2008 1837 2308 1890 rabicitalis
2329 1835 2635 1899 exhibetur,
2657 1836 2830 1903 qualis
2855 1851 2996 1891 anno
3027 1836 3308 1888 millesimo
3330 1835 3594 1903 quingen-

320 1915 596 1970 Gallicana
626 1917 887 1973 celebrari
918 1918 1126 1985 nequit.
1220 1926 1233 1935 ‘

388 2005 513 2060 592.
544 2007 628 2059 ,Αι
672 2006 887 2062 Missale
938 2008 1285 2063 Mozarabum
1338 2009 1623 2064 cardinalis
1667 2009 1901 2065 Ximcnii

319 2097 581 2166 integrum
623 2108 724 2163 est,
757 2099 946 2153 missas
973 2115 1160 2155 omnes
1187 2101 1422 2168 integras
1451 2101 1630 2165 habet,
1664 2110 1772 2156 tam
1812 2117 1905 2157 eas

317 2204 447 2258 quas
480 2188 550 2243 de
601 2198 828 2259 tempore
874 2190 1076 2257 dicunt,
1122 2207 1280 2260 quam
1322 2193 1545 2256 votivas,
1587 2193 1902 2257 m0rzuales,

317 2290 627 2335 sanctorum
659 2281 923 2350 prOprias,
945 2289 999 2335 et
1019 2298 1353 2347 communes,
1376 2283 1569 2352 quibus
1596 2284 1727 2337 nihil
1753 2282 1908 2338 deest

317 2371 379 2425 ad
409 2373 722 2441 expeditam
746 2387 933 2429 earum
960 2373 1399 2429 celebrationem.

384 2464 510 2518 505.
557 2464 759 2520 Deinde
803 2465 1021 2521 Miasale
1070 2466 1323 2531 Xintenii,
1368 2469 1420 2522 in
1471 2469 1634 2524 totius
1662 2469 1907 2538 vliturgim

319 2555 509 2609 ordine
560 2565 723 2624 atque
774 2554 1129 2625 dispositione
1182 2558 1344 2612 ritum
1400 2557 1906 2629 Gotbo-Hispanutn

318 2652 634 2700 constanter
673 2646 890 2712 retinet,
930 2649 1048 2702 sine
1087 2648 1191 2702 ulla
1235 2650 1612 2704 commistione
1655 2649 1904 2717 Romani,

320 2736 688 2807 Ambrosiam,
715 2746 807 2793 aut
846 2740 1067 2794 alterius
1102 2740 1385 2809 cujuslibet
1413 2744 1566 2796 ritus.
1598 2740 1669 2796 At
1699 2758 1729 2797 e
1764 2742 1909 2800 fibris

320 2828 610 2886 Gallicanis
639 2832 815 2887 nullus
843 2841 927 2886 est
949 2834 1041 2903 qui
1068 2834 1229 2887 ritum
1257 2833 1535 2902 antiquum
1573 2833 1907 2889 Gallicvnum

324 2918 375 2971 in
403 2920 657 2974 omnibus
696 2922 871 2977 missis
909 2939 1104 2991 purum
1149 2933 1201 2977 et
1231 2924 1499 2979 sincerum
1543 2927 1903 2980 conservavit.

324 3011 453 3069 Nam
500 3013 593 3083 qui
638 3014 831 3069 borum
876 3014 1296 3085 perfectissimus
1338 3025 1440 3080 est,
1470 3017 1685 3073 Missale
1728 3018 1912 3074 Gallo-

325 3101 632 3171 Gotbicum,
675 3106 743 3161 ab
782 3108 1201 3178 interpolatione
1239 3110 1466 3179 liturgiae
1507 3110 1766 3166 Romanze
1806 3112 1909 3165 im-

326 3197 500 3251 munis
529 3214 638 3253 non
672 3206 773 3254 est.

392 3286 517 3343 304.
562 3289 763 3359 Quare,
784 3292 896 3347 sive
925 3292 1199 3361 integritas
1221 3294 1425 3364 antiqui
1456 3294 1590 3350 ritus
1621 3305 1911 3366 spectetur,

327 3378 436 3434 sive
471 3390 746 3451 spectetur
784 3399 929 3450 usus,
955 3382 1107 3452 cujus
1152 3384 1207 3439 in
1245 3384 1550 3455 hujusmodi
1592 3385 1739 3440 libris
1778 3388 1915 3443 ratio

330 3520 1429 3549 =_————-——_____————1

2006 1928 2198 1981 tesinto
2226 1924 2402 1981 Toleti
2445 1927 2659 1996 prodiit.
2712 1926 2848 1980 Sunt
2890 1925 3103 1995 quidem
3148 1926 3298 1993 plura
3330 1938 3449 1993 qua:
3478 1931 3597 1978 tuto

2005 2016 2277 2070 emendari
2318 2025 2629 2086 potuerunt,
2671 2025 2726 2070 et
2764 2031 2881 2084 quae
2926 2016 3156 2069 libenter
3200 2013 3594 2075 emendassem,

2005 2108 2097 2163 sed
2126 2108 2297 2163 satius
2318 2108 2489 2162 visum
2519 2117 2600 2161 est
2632 2117 2832 2161 textum
2867 2106 3127 2160 Etlitionis
3155 2105 3444 2166 Toletantc,
3476 2120 3600 2157 cum

2006 2199 2253 2254 omnibus
2277 2198 2385 2252 suis
2418 2199 2623 2252 mendis
2648 2198 2921 2263 exhibere,
2947 2211 3129 2265 quam,
3158 2195 3458 2261 corrigendi
3495 2203 3602 2248 ~tu-

2006 2289 2115 2355 dio,
2138 2288 2429 2359 quidquam
2463 2303 2668 2344 mutare
2698 2291 2839 2360 quod
2869 2291 3040 2345 lector
3063 2293 3410 2356 scrupu‘osus
3434 2289 3603 2343 intac—

2009 2390 2119 2435 tnm
2147 2380 2425 2435 voluisset.

2078 2472 2201 2527 503.
2245 2473 2411 2529 Notas
2439 2471 2629 2542 scripsi
2669 2471 2721 2526 in
2767 2471 3005 2541 margine
3044 2478 3138 2525 aut
3166 2468 3220 2523 in
3262 2469 3605 2524 extremitate

2008 2565 2268 2634 cujusque
2313 2565 2521 2634 pagina:
2562 2564 2821 2629 edendas,
2851 2562 2945 2616 sed
2982 2578 3115 2631 quas
3144 2562 3506 2631 typographus
3536 2559 3603 2612 ad

2012 2656 2169 2710 ﬁnem
2219 2656 2338 2709 libri
2382 2655 2600 2725 adjecit.
2653 2654 2710 2708 In
2751 2654 2835 2707 itis
2872 2653 3192 2706 brevitatem
3242 2667 3459 2720 sequor,
3503 2666 3605 2704 nec

2016 2747 2197 2804 omnia
2219 2763 2339 2818 quae
2364 2749 2786 2817 dici’potuerunt
2804 2747 3010 2814 iugero,
3038 2745 3131 2799 sed
3153 2759 3215 2798 ta
3236 2742 3604 2801 tantummodo

2012 2839 2185 2894 refero
2214 2855 2334 2908 quae
2371 2838 2620 2894 sullicere
2645 2839 2982 2892 videbantur.
3034 2835 3090 2890 In
3132 2836 3368 2904 antiquis
3407 2835 3600 2888 ritibus

2012 2930 2341 2996 extllicandis
2367 2944 2491 2985 raro
2510 2930 2627 2985 sine
2656 2930 2980 2998 scriptorum
3004 2936 3244 2982 veterum
3274 2926 3603 2980 auctoritae

2013 3022 2300 3092 quidquam
2354 3023 2480 3077 mibi
2530 3037 2766 3076 assumo.
2819 3018 2924 3074 Eos
2972 3035 3069 3089 per
3106 3034 3241 3087 quos
3281 3016 3600 3087 profeci-tim

2016 3132 2157 3187 sape
2185 3132 2247 3171 ac
2279 3117 2505 3171 libenter
2542 3116 2723 3181 laudo,
2752 3131 3048 3183 eorumque
3080 3115 3239 3168 verba
3283 3111 3608 3182 quantoque

2020 3207 2261 3278 profero,
2302 3222 2398 3261 eos
2441 3216 2620 3260 autem
2671 3220 2700 3259 a
2746 3207 2942 3273 quibus
2986 3204 3266 3269 dissentio,
3307 3212 3399 3256 aut
3445 3209 3610 3255 tacito

2022 3302 2257 3363 nout‘ne,
2284 3308 2376 3353 aut
2403 3300 2566 3354 etiam
2597 3299 2776 3371 palam
2802 3297 3007 3353 reﬁllo.
3041 3297 3244 3352 Caetera
3269 3294 3473 3363 judicio
3501 3292 3610 3348 lec-

2026 3389 2156 3444 toris
2185 3389 2453 3459 permitto.

2141 3522 3611 3553 ω

1358 3633 1856 3717 EPiSTOLA
1914 3638 2040 3717 DE
2058 3638 2596 3719 DICATORIA

1396 3794 1684 3849 LDITIONI
1726 3794 2120 3851 ΤυιετΑΝΑζ
2163 3795 2549 3851 ΡΗιΕΜΙΞδΑ.

336 3922 595 4009 [Lean]
638 3919 731 3981 Ad
775 3921 1352 4009 reverehdt’ssimum
1384 3924 1448 4009 t'_r_t
1480 3924 1730 4009 Christo
1762 3927 2012 4009 Patrem
2044 3937 2095 4009 et
2129 3929 2443 4009 dominum
2481 3929 2552 3990 ὓ.
2581 3933 3169 4009 prastanlt'sst'mum
3199 3931 3414 3992 ΕΜπο
3448 3949 3613 3993 scum

418 3999 1323 4091 Xmsneskarchiepiscop‘um
1387 4004 1785 4091 Iolflonum,
1833 4006 2083 4083 Alfonst'
2133 4008 2337 4082 Ortis,
2371 3999 2664 4070 divini-ct
2695 4011 2955 4071 humani
2995 4011 3169 4088 juris
3213 4012 3520 4085 doclotis,
3556 4020 3611 4071 et

413 4082 698 4141 canonici
728 4080 1036 4152 Toletani,
1065 4080 1357 4158 praefatio
1392 4082 1646 4161 incipit.
1740 4103 1747 4110 '

400 4224 736 4281 [mmortales
760 4223 874 4291 tibi,
900 4223 1121 4280 antistes
1142 4223 1512 4291 celeberrime,
1536 4210 1773 4282 referant
1797 4241 1919 4295 gra-

336 4318 433 4374 tias
476 4317 661 4372 sazculi
709 4316 879 4371 nostri
924 4316 1171 4371 homines
1220 4326 1457 4387 oportet,
1486 4333 1611 4373 cum
1644 4327 1825 4374 vetera
1866 4327 1922 4374 et

336 4410 480 4481 quasi
510 4409 753 4464 obsoleta
795 4416 993 4463 nostrm
1024 4408 1296 4477 religionis
1322 4426 1519 4466 arcana
1564 4421 1714 4466 tanto
1743 4413 1922 4468 studio

2027 4242 2132 4282 non
2161 4225 2433 4292 dubitasti,
2458 4228 2723 4298 quatenus
2747 4241 2954 4299 summa
2975 4240 3095 4280 cum
3124 4224 3404 4293 diligentia
3430 4228 3618 4282 missae-

2030 4334 2145 4372 l'llllt
2175 4319 2225 4372 in
2256 4318 2440 4388 primis
2458 4319 2719 4373 solemnia
2742 4328 3101 4384 recenserem,
3124 4332 3188 4372 ac
3205 4317 3345 4385 vigili
3371 4320 3618 4374 lucubra-

2033 4410 2178 4464 tione
2202 4425 2324 4479 qute
2369 4430 2395 4461 ει
2427 4427 2556 4465 vero
2584 4412 2954 4473 characterum
2999 4409 3232 4465 ruditale
3262 4410 3475 4481 dimissa
3503 4410 3620 4479 jam

334 4516 596 4557 renovare
625 4501 942 4563 institueris,
974 4510 1029 4554 ut
1054 4501 1311 4570 incipiant
1340 4512 1612 4558 nostrates
1654 4503 1918 4573 majorum
1948 4484 2003 4565 ,θ
2027 4501 2115 4556 diu
2146 4502 2358 4557 fut-rant
2387 4502 2509 4573 styli
2542 4519 2647 4556 non
2678 4510 2883 4556 mutato
2912 4501 3073 4555 ductu
3102 4501 3399 4564 reﬁcerent,
3431 4517 3617 4556 serva-

335 4606 549 4645 suorum
600 4591 931 4645 monimenta
971 4591 1187 4645 incultis
1225 4593 1627 4647 characteribus
1667 4596 1925 4648 hactenus

335 4682 578 4737 abstrusa
608 4681 805 4749 ingenii
835 4682 908 4735 tui
939 4681 1170 4749 igniculo
1201 4683 1470 4751 respicere
1501 4698 1563 4737 ac
1595 4684 1816 4752 propius
1848 4685 1925 4738 in-

336 4773 489 4826 tueri.
540 4771 837 4825 Beatissimi
879 4770 1066 4827 lsidori
1112 4774 1279 4827 nostri
1311 4773 1673 4828 ecclesiastica
1706 4773 1921 4836 Ofﬁcia,

335 4881 451 4934 qua:
479 4866 531 4919 in
578 4865 711 4919 urbe
740 4866 885 4933 regia
918 4864 1201 4930 Toletana,
1234 4867 1319 4920 cui
1368 4876 1421 4919 tu
1462 4882 1631 4936 prauis
1663 4867 1928 4935 archiepi-

331 4968 551 5023 scopus,
581 4953 852 5022 quondam
892 4954 1556 5025 Maurorum’irruptione,
1590 4957 1797 5010 cunctis
1827 4957 1924 5009 ab-

331 5048 530 5113 sorptis
558 5047 713 5099 simul
744 5061 866 5101 cum
898 5046 1244 5113 Christianis,
1279 5063 1378 5103 ceu
1403 5047 1614 5117 captiva
1645 5049 1925 5116 superfue-

334 5146 471 5200 rant,
505 5146 691 5191 nostra
722 5146 885 5194 tetate
928 5139 1160 5209 propriis
1188 5140 1492 5208 sumptibus
1533 5150 1838 5194 restaurare
1866 5155 1929 5194 ac

335 5229 387 5281 itt
443 5228 619 5284 lucem
676 5244 929 5299 proruere
978 5232 1315 5285 decreveras.
1361 5232 1439 5285 At:
1495 5246 1599 5286 non
1656 5233 1928 5286 immerito

332 5319 568 5387 quilem,
594 5334 661 5373 ne
691 5329 798 5372 tam
833 5319 1055 5373 illustria
1089 5319 1208 5373 ﬁdei
1240 5329 1435 5374 nostra:
1464 5323 1719 5391 mysteria
1746 5322 1926 5375 abdita

330 5411 438 5479 jam
472 5412 685 5480 penitus
715 5412 1014 5476 interirent,
1041 5427 1267 5482 qumque
1289 5413 1424 5466 adeo
1449 5413 1550 5466 situ
1583 5423 1635 5468 et
1660 5421 1929 5471 vetustte

335 5504 543 5555 fuerant
582 5518 763 5567 exesa,
797 5512 852 5557 et
890 5518 1134 5558 errorum
1180 5506 1407 5572 caligine
1455 5521 1720 5574 reSpCrsa,
1756 5518 1811 5561 ut
1843 5509 1928 5562 vix

333 5597 557 5650 callidus
579 5597 749 5651 lector
766 5610 1027 5665 congruas
1044 5600 1338 5651 sententias
1360 5600 1648 5652 multorum
1673 5601 1926 5655 librorum

334 5691 583 5760 indagine
617 5690 795 5743 rintan
831 5693 1080 5760 potuerit.
1116 5691 1284 5757 Quam
1318 5691 1562 5761 profecto
1590 5693 1703 5746 duri
1737 5696 1927 5748 simam

333 5783 662 5853 provinciun
698 5782 824 5835 mihi
845 5798 1125 5837 servorum
1160 5793 1371 5839 tuorum
1416 5786 1635 5840 minimo
1668 5787 1925 5841 man-Iarc

2029 4604 2190 4664 taque
2218 4595 2505 4647 Verborum
2554 4593 2834 4661 dignitate,
2881 4594 3229 4662 antiquorum
3282 4593 3617 4661 majestatem

2027 4687 2375 4740 custodirem.
2418 4686 2548 4739 Nattt
2584 4700 2702 4753 qua:
2730 4700 2839 4755 pra:
2867 4700 2927 4740 se
2954 4687 3331 4754 antiquitatem
3378 4685 3620 4741 ferebant

2030 4773 2225 4828 intacta
2258 4791 2376 4830 ese
2401 4775 2659 4844 jusSeras,
2688 4786 2742 4830 et
2773 4777 2987 4831 tandem
3015 4778 3090 4832 sic
3121 4785 3297 4831 actum
3340 4786 3441 4832 est.
3489 4777 3618 4829 Nam

2029 4867 2283 4939 dispersis
2309 4868 2359 4922 in
2383 4868 2627 4921 ordinent
2658 4866 2907 4933 redact‘s,
2930 4868 3069 4923 vitiis
3090 4868 3313 4932 abrasis,
3341 4867 3620 4936 dubiisque

2031 4964 2310 5016 enucleata
2338 4962 2563 5015 veritate
2594 4960 2850 5025 lustratis,
2880 4970 2935 5013 et
2964 4976 3062 5015 ceu
3094 4961 3292 5015 abolita
3338 4959 3501 5013 multa
3535 4974 3617 5011 re-

2029 5054 2287 5115 sarciens,
2318 5061 2412 5106 tuo
2435 5051 2606 5119 jussu,
2642 5060 2699 5104 ut
2726 5052 2886 5117 valui,
2920 5051 3098 5105 omnia
3132 5051 3410 5105 illustravi.
3466 5047 3619 5102 Unde

2030 5142 2293 5199 conﬂatus
2343 5130 2479 5196 liber
2525 5142 2624 5196 iste
2670 5141 2789 5203 fuit,
2836 5141 3194 5209 [trahentibus
3239 5138 3303 5190 ad
3356 5138 3407 5191 id
3459 5153 3616 5207 opem

2030 5238 2159 5290 mibi
2175 5234 2569 5290 venerabilihns
2593 5229 3173 5305 presb)'teris[r.xxxvt]
3196 5229 3431 5297 ejusdem
3456 5230 3617 5285 oflicii

2033 5326 2378 5396 peritioribus
2414 5325 2645 5378 Antonio
2693 5323 2981 5385 Roderito,
3015 5320 3233 5373 Alfonso
3276 5318 3523 5383 Martino,
3555 5336 3617 5376 ac

2033 5420 2358 5493 llieronymo
2393 5418 2637 5479 thlel'it),
2668 5416 2947 5468 beatarum
2989 5409 3155 5464 .lttsltn
3191 5416 3246 5462 et
3276 5408 3515 5473 Eulaliae,
3556 5427 3620 5467 ac

2033 5513 2171 5567 beati
2204 5512 2356 5565 Luce
2382 5508 2724 5576 evangelista:
2753 5503 2882 5558 ccci»
2902 5502 3096 5557 siarum
3132 5502 3453 5563 rectoribus,
3483 5517 3621 5568 quo-

2034 5619 2150 5657 rum
2194 5603 2424 5655 basilicae
2474 5602 2610 5652 inter
2660 5610 2937 5665 pressums
2978 5593 3403 5647 Christianorum
3446 5591 3620 5648 Toleti

2034 5693 2441 5755 ﬁttctuaverant,
2492 5704 2610 5746 cum
2668 5687 2921 5754 Hispania
2976 5700 3112 5755 pene
3160 5685 3337 5738 omnis
3385 5682 3618 5736 Arabum

2035 5782 2378 5838 inundatione
2404 5784 2721 5839 tabcsccrct.
2753 5778 2869 5847 Quo
2900 5782 2954 5834 lit
2979 5787 3030 5833 ut
3056 5776 3421 5833 habitantibus
3446 5772 3619 5831 Utris-
