4058 6178
455 265 558 321 ll}?

1724 266 2124 325 DENEDICTIO
2159 270 2345 339 AQUE

3608 276 3707 334 108

442 389 661 459 qmtat7s
696 400 980 459 expurges.
1013 383 1200 459 Totam
1230 381 1563 459 fantasmatis
1591 381 1765 459 labem
1793 399 1806 436 :
1840 397 2009 459 capax
2038 389 2086 446 Α
2116 392 2197 459 ter
2221 382 2534 459 baptismolf
2566 384 2639 459 ad
2662 382 3003 439 commodum
3031 402 3041 436 :
3078 381 3242 459 [xcvi]
3274 381 3433 459 eulpe
3470 382 3709 459 traducis

443 452 709 513 dominica
737 452 1082 525 protectionis
1106 454 1463 507 exlermines:
1516 461 1570 506 ut
1594 452 1763 525 gratia
1810 453 2011 525 sancti:

448 528 711 581 ticationis
739 522 1001 592 indepta:
1055 532 1149 577 tuo
1198 531 1488 591 nostroque
1534 522 1737 593 pariter
1778 522 2013 576 creatori

443 598 623 650 debito
652 591 905 648 famulatu
936 593 1244 647 deserviens
1290 611 1301 645 :
1336 591 1550 646 omnem
1579 591 1862 661 spirituum
1892 606 2015 661 pra-

442 680 628 719 verum
657 664 953 732 nequiciam
982 682 993 715 :
1022 678 1360 731 quocumque
1389 662 1506 716 loco
1530 663 1690 715 l'ueris
1716 661 2015 732 éadsparsa

442 735 661 803 dejicias
687 751 699 786 :
742 730 805 803 et
834 743 1017 787 sancte
1046 733 1258 803 copiam
1278 730 1690 803 benedictionis
1715 730 1740 767 δ
1774 731 2010 803 inducas.

458 800 529 868 ῆν.
556 805 745 857 Amen.
778 802 879 856 Per
907 800 1326 856 misericordiam
1355 810 1494 854 tuam
1518 801 1659 855 Deus
1681 808 1896 855 noster:
1925 800 2017 868 qui

442 891 502 926 cs
530 873 843 928 benedictus
872 880 926 926 et
956 873 1088 925 vivis
1120 880 1173 924 et
1201 872 1381 925 omnia
1411 872 1552 939 regis
1580 872 1632 924 in
1660 870 1838 923 secula
1869 884 2020 924 secu-

446 944 639 997 lorum.
686 943 723 1010 ti}
745 982 757 995 .
795 953 815 981 ο
846 941 1035 995 Amen.
1075 941 1364 995 llumiliate
1392 956 1487 994 vos
1516 940 1895 994 benedictioni.
1943 941 1976 1009 ᾗ
2000 978 2017 994 .

442 1013 699 1066 Dominus
727 1012 797 1066 sit
822 1026 1035 1079 semper
1061 1011 1355 1065 vobiscum.
1400 1010 1435 1071 ri
1458 1050 1471 1064 .
1498 1010 1590 1079 Et.

516 1082 830 1135 Benedictio.
891 1078 1180 1134 dDomine
1234 1090 1418 1134 sancte
1477 1078 1635 1133 Pater
1681 1078 2021 1148 omnipotens

445 1160 630 1205 eterne
658 1152 799 1205 Deus
824 1168 836 1203 :
866 1150 1137 1204 institutor
1165 1158 1219 1203 et
1247 1149 1493 1203 conditor
1518 1149 1755 1203 omnium
1782 1150 2019 1203 elemen-

442 1231 619 1275 torum
645 1238 658 1273 :
682 1221 771 1289 qui
804 1236 898 1287 per
924 1219 1102 1274 Jesum
1133 1220 1399 1274 Christum
1426 1229 1448 1256 θ
1481 1220 1759 1273 Dominum
1783 1227 2019 1273 nostrum

445 1293 765 1345 elementum
796 1291 897 1344 hoc
934 1305 1070 1358 aque
1099 1290 1151 1343 in
1182 1291 1407 1344 salutem
1433 1289 1650 1343 humani
1674 1290 1882 1357 generis
1904 1303 2023 1344 esse

444 1361 659 1414 voluisti
693 1378 705 1411 :
739 1370 790 1414 te
819 1361 1083 1429 supplices
1108 1359 1457 1429 deprecamur
1484 1376 1496 1412 :
1531 1368 1588 1412 ut
1612 1359 1876 1412 exauditis
1898 1374 2020 1429 ora-

443 1430 678 1484 tionibus
698 1427 900 1484 nostris
923 1427 942 1482 ἐ
982 1429 1000 1467 ί
1034 1428 1161 1482 illud
1192 1437 1281 1483 tue
1303 1429 1516 1498 pietatis
1546 1438 1793 1498 respectu
1822 1427 2021 1498 sancti-

446 1500 576 1555 tiees
607 1516 620 1552 :
666 1509 825 1568 atque
855 1500 925 1552 ita
953 1499 1019 1551 ab
1048 1514 1110 1553 ea
1141 1497 1379 1552 omnium
1409 1497 1691 1567 spirituum
1723 1497 2023 1552 immundo-

441 1584 562 1622 rum
589 1577 805 1623 recedat
830 1568 1060 1622 incursio
1085 1585 1097 1620 :
1123 1576 1179 1621 ut
1207 1569 1523 1637 ubicumque
1555 1569 1711 1621 fuerit
1740 1568 1791 1621 in
1810 1568 2023 1622 nomine

442 1648 537 1692 tuo
563 1639 814 1707 adspersa
848 1654 861 1691 :
907 1638 1074 1705 gratia
1107 1645 1196 1691 tue
1224 1638 1611 1692 benedictionis
1643 1638 1891 1692 adveniat
1921 1656 1935 1690 :
1969 1644 2023 1690 et

2113 454 2386 509 inimicum
2416 454 2677 523 sapientie
2719 461 2897 508 actum
2926 454 3126 508 erroris
3173 454 3483 508 manifestas
3512 455 3705 511 adver-

2113 540 2231 579 sum
2264 542 2278 577 :
2310 524 2489 579 Sancti
2516 523 2743 592 Spiritus
2768 524 2845 576 tui
2868 524 3155 578 sanctitate
3182 524 3375 578 reddas
3399 525 3701 579 sanetiliea-

2115 603 2250 648 tum.
2283 594 2390 649 Nec
2433 594 2543 648 ullo
2572 592 2821 661 contagio
2867 593 3121 648 reddatur
3152 593 3522 647 immundum:
3558 596 3704 662 quod

2117 672 2206 724 tua
2240 662 2353 718 ﬁeri
2382 664 2649 718 credimus
2676 663 2955 728 majestate
2985 663 3197 716 beatum
3227 682 3247 715 ς
3297 664 3390 719 sed
3424 665 3495 716 ita
3524 678 3619 732 per
3652 676 3704 718 te

2116 734 2331 803 plenum
2358 734 2580 803 prebeat
2604 731 3039 803 sanctiﬁcationis
3058 733 3307 787 ell‘ectum
3336 750 3351 788 :
3376 741 3435 786 ut
3459 731 3705 786 ubicum-

2117 801 2223 872 que
2253 801 2503 857 invocato
2546 804 2762 857 nomine
2809 811 2902 855 tuo
2945 801 3102 856 fuerit
3131 818 3295 857 manu
3325 804 3578 858 emissum
3619 806 3701 857 vel

2118 873 2278 926 modo
2307 874 2547 941 quolibet
2573 881 2903 941 assumptum
2936 889 2948 925 :
2982 873 3216 941 expulsis
3243 881 3299 927 et
3326 872 3564 941 explosis
3586 889 3701 927 om-

2120 943 2276 997 nibus
2322 943 2525 998 insidiis
2555 943 2823 997 contrarie
2876 944 3042 1010 partis
3081 962 3091 996 :
3140 959 3245 996 non
3292 943 3465 997 solum
3508 953 3704 998 cuncta

2121 1013 2409 1066 demonum
2440 1013 2867 1067 machinamenta
2896 1027 2964 1065 ex
2994 1013 3181 1067 eodem
3215 1013 3334 1066 loco
3363 1013 3534 1080 fugata
3566 1012 3699 1067 deli-

2121 1083 2305 1137 ciant:
2343 1082 2481 1137 lsed
2510 1084 2669 1136 etiam
2726 1083 3043 1136 Sanctorum
3093 1082 3414 1149 Angelorum
3460 1084 3703 1137 custodia

2121 1167 2334 1223 semper
2372 1153 2442 1206 ibi
2470 1167 2717 1223 mansura
2760 1152 3037 1223 consistat.
3087 1153 3123 1217 ἡ
3145 1191 3158 1205 .
3190 1152 3380 1223 Amen.
3414 1149 3706 1223 Permise-

2122 1221 2429 1284 ricoi‘diam,
2452 1232 2555 1277 etc.
2590 1221 2841 1276 Dominus
2860 1222 2929 1276 sit
2950 1236 3162 1290 semper
3182 1221 3474 1275 vobiscum.
3514 1221 3551 1288 ri)
3572 1261 3586 1275 .
3620 1221 3702 1275 Et.

2122 1291 2434 1347 Benedictio
2472 1292 2562 1345 Dei
2592 1290 2763 1346 Patris
2790 1292 3173 1360 omnipotentis
3201 1299 3255 1343 et
3284 1290 3421 1355 Filii,
3453 1299 3507 1343 et
3532 1292 3703 1359 Spiii-

2123 1368 2211 1416 tus
2231 1360 2411 1416 Sancti
2442 1362 2729 1416 descendat
2749 1372 2803 1416 et
2829 1369 3220 1431 maneatsuper
3246 1360 3385 1415 hanc
3404 1369 3706 1415 creaturam

2124 1432 2252 1486 salis
2280 1440 2334 1485 et
2362 1447 2520 1501 aque.
2568 1432 2605 1498 ἢ
2629 1471 2642 1485 .
2668 1441 2706 1467 ω
2736 1431 2926 1485 Amen.

2194 1500 2512 1571 Antiplio’na.
2543 1510 2569 1537 υ
2590 1503 2797 1571 Sparsit
2818 1516 2916 1555 nos
2932 1500 3070 1555 Deus
3094 1501 3330 1571 hyssopo
3356 1507 3451 1571 :ret
3474 1504 3704 1556 munda-

2123 1568 2337 1626 bimur';
2372 1571 2574 1625 lavabis
2622 1568 2720 1625 nos
2746 1580 2802 1626 et
2846 1586 3007 1637 super
3055 1568 3228 1624 nivem
3263 1568 3551 1625 'dealbabis
3580 1587 3701 1625 nos.

2140 1642 2169 1710 ᾖ
2198 1681 2213 1695 .
2237 1642 2487 1696 Miserere
2514 1642 2617 1695 mei
2645 1641 2783 1695 Deus
2808 1641 3101 1695 secundum
3126 1653 3368 1708 magnam
3396 1640 3706 1695 misericor-

440 1708 581 1799 n‘iala
615 1718 638 1789 if
688 1708 891 1799 onmiar
916 1717 969 1761 te
1017 1708 1347 1799 pr‘opigiante
1395 1708 1668 1799 recedant.
1730 1709 1765 1773 ft}
1788 1748 1801 1760 .
1826 1709 2016 1799 nmen.
2048 1741 2096 1799 B
2126 1708 2263 1766 diam
2288 1719 2430 1799 tuam
2456 1730 2477 1799 ε.
2502 1710 3273 1799 ειρᾳουςιόυιηιιιιιιιὶιιιάίηεξῃ
3302 1710 3731 1799 miserationLum<

442 1776 546 1832 Per
563 1777 1005 1841 misericordiam,
1040 1786 1143 1830 etc.
1168 1776 1424 1831 Dominus
1450 1780 1520 1830 sit
1547 1792 1778 1845 semper,
1805 1787 1911 1831 etc.

511 1848 623 1901 llcc
653 1864 782 1916 aqua
808 1847 919 1916 jam
948 1848 1276 1916 sanctiﬁcata
1319 1849 1373 1899 in
1421 1863 1566 1916 cruce
1590 1848 1714 1900 salis
1743 1848 1951 1916 ponitur
1978 1854 2027 1899 et

440 1916 648 1970 dicitur.
680 1914 1001 1971 Com‘mixtio
1030 1914 1152 1970 salis
1181 1924 1235 1969 et
1260 1931 1419 1985 aque.
1446 1914 1502 1968 In
1537 1914 1752 1969 nomine
1786 1915 2027 1977 Pa>1<tris

438 1997 493 2041 et
520 1986 710 2048 Fi>1«lii
741 1995 794 2039 et
822 1985 1052 2052 Spiritus
1072 1992 1138 2055 ὦ
1162 1986 1346 2039 Sancti
1373 1990 1461 2055 qui
1490 1996 1675 2054 regnat
1704 1986 1845 2043 Deus
1869 1988 1920 2040 in
1943 2000 2027 2040 se-

437 2057 556 2111 cula
584 2056 910 2111 seculorum.
969 2056 1006 2123 ii)
1028 2095 1041 2109 .
1069 2053 1096 2091 ιι
1122 2057 1317 2108 Amen.

670 2170 687 2195 ι
808 2144 936 2200 Post
960 2146 1257 2200 mixtionem
1281 2143 1408 2197 satis
1435 2151 1482 2195 et
1508 2159 1655 2213 aque.

510 2235 713 2290 Oratio.
745 2233 761 2273 ί
789 2234 987 2290 Eterne
1011 2235 1352 2304 omnipotens
1400 2234 1539 2289 Dens
1570 2252 1582 2287 :
1614 2234 1705 2302 qui
1734 2234 1887 2290 nobis
1913 2247 1940 2287 a
1970 2242 2025 2291 te

439 2307 707 2360 conditam
736 2316 1037 2375 creaturam
1068 2303 1204 2375 aque
1230 2322 1241 2357 :
1274 2303 1287 2355 i
1328 2304 1420 2359 ubi
1446 2304 1734 2362 distinxisti
1763 2314 1822 2358 ut
1851 2304 2024 2374 liquo-

436 2392 549 2430 rem
597 2375 893 2445 simplicem
940 2374 1009 2445 ad
1054 2375 1325 2429 lavacrum
1375 2391 1387 2427 :
1442 2374 1636 2428 salsam
1698 2375 2022 2429 soliditatem

438 2444 786 2515 prebet-estid
815 2444 1213 2515 condimentum
1226 2461 1252 2515 7:
1286 2452 1549 2513 quatenus
1577 2453 1631 2498 et
1658 2445 1871 2515 sordida
1898 2459 2021 2513 pos-

434 2513 543 2571 sint
571 2514 713 2569 ablui
748 2532 760 2567 :
812 2524 867 2568 et
896 2513 1040 2567 fatua
1073 2514 1237 2568 imbui
1272 2531 1285 2568 :
1328 2529 1435 2583 quo
1480 2524 1535 2568 et
1574 2528 1714 2567 noxa
1745 2514 2023 2583 tolleretur

434 2585 739 2649 originalis;
776 2593 830 2638 et
859 2585 1220 2650 corrigeretur
1254 2578 1405 2638 error
1434 2583 1502 2637 ad
1531 2584 1669 2637 viam
1706 2584 1910 2639 salutis.
1945 2578 2022 2639 Te

434 2653 593 2710 cilicii
622 2655 789 2709 nostri
837 2654 1111 2708 iunctione
1157 2672 1169 2706 :
1222 2653 1469 2706 immeriti
1516 2652 1911 2721 deprecamur:
1965 2662 2022 2708 ut

434 2724 536 2778 hec
562 2723 687 2777 salis
713 2731 769 2777 et
796 2737 934 2790 aque
962 2723 1011 2790 in
1044 2730 1133 2776 tuo
1160 2723 1378 2775 nomine
1421 2721 1561 2774 facta
1592 2723 1876 2789 permixtio
1904 2722 2017 2777 cle-

435 2794 633 2849 inentie
661 2800 753 2848 tue
777 2788 1138 2847 sanctiﬁcetur
1167 2790 1380 2856 obtutu,
1409 2788 1663 2859 quodque
1697 2792 2019 2863 mysteria“;

509 2953 533 3013 ἐι
561 2941 1081 3013 Adsparsatllelin"
1112 2959 1345 3012 aspersa.

506 3012 533 3050 ¹’
560 3012 808 3067 Inducas.
843 3012 1042 3082 ll_i_elin.,
1069 3014 1339 3082 infundas.

2130 1790 2339 1835 tuarum
2391 1780 2513 1835 dele
2563 1780 2899 1849 iniquitatem
2951 1795 3149 1849 meam.
3216 1778 3401 1849 Ifresb.
3442 1779 3702 1849 iuvabis.

2145 1853 2175 1919 7
2199 1890 2213 1903 .
2244 1849 2425 1905 Gloria
2456 1859 2510 1905 et
2538 1847 2712 1905 honor
2740 1848 2882 1904 Patri
2913 1858 2968 1904 et
2992 1848 3125 1904 Filio
3153 1856 3206 1903 e‘t
3230 1847 3476 1918 Spiritui.
3518 1848 3701 1904 Presb.

2126 1921 2371 1975 Lavabis.
2421 1922 2454 1990 ᾗ
2479 1960 2492 1974 .
2533 1920 2770 1976 Ostende
2818 1920 2974 1975 nobis
3012 1918 3705 1990 Domine‘misericordiam

2128 2001 2292 2045 tuam.
2342 1987 2505 2057 [ῆζΕι
2532 1991 2767 2045 salutare
2796 1999 2964 2044 tuum.
3015 1990 3086 2059 ᾗ.
3124 1987 3272 2043 Beati
3321 1988 3412 2059 qui
3461 1988 3706 2043 habitant

2124 2062 2178 2115 in
2209 2062 2371 2116 domo
2428 2070 2518 2115 tua
2552 2059 2798 2115 Domine.
2851 2060 2889 2127 ιῆ
2909 2099 2923 2115 .
2955 2057 3021 2113 In
3041 2058 3224 2113 secula
3253 2057 3555 2112 seculorum
3588 2059 3706 2112 lau-

2124 2131 2329 2185 dabunt
2389 2141 2462 2186 te.
2520 2130 2594 2198 ᾖ.
2646 2129 2869 2184 Domine
2915 2128 3107 2183 exaudi
3156 2127 3457 2198 orationem
3506 2143 3703 2198 meam.

2129 2203 2180 2271 ii).
2198 2203 2264 2256 Et
2279 2201 2497 2272 clamor.
2514 2196 2571 2272 it.
2594 2198 2851 2256 Dominus
2877 2199 2944 2255 sit
2970 2212 3183 2268 semper
3207 2197 3501 2252 vobiscum.
3545 2198 3580 2267 ii
3605 2242 3613 2251 .
3635 2196 3705 2253 Et

2121 2286 2245 2326 cum
2271 2271 2482 2340 spiritu.

2191 2358 2437 2415 Oremus.

2195 2449 2397 2507 Oratio.
2430 2450 2635 2505 Exaudi
2684 2466 2783 2507 nos
2826 2450 3054 2505 Domine
3081 2459 3264 2504 sancte
3313 2448 3472 2504 Pater
3516 2458 3703 2504 eterne

2121 2521 2266 2578 Deus
2303 2531 2359 2577 et
2394 2524 2606 2576 mittere
2634 2520 2854 2589 dignare
2889 2530 3132 2575 sanctum
3164 2519 3421 2587 Angelum
3456 2529 3600 2572 tuum
3632 2521 3702 2573 de

2120 2593 2251 2647 celis
2275 2632 2290 2655 ,
2326 2592 2416 2661 qui
2447 2606 2544 2646 nos
2571 2590 2840 2645 custodiat
2866 2607 2879 2643 :
2912 2591 3091 2645 loveat
3119 2607 3132 2642 :
3164 2598 3446 2661 protegat:
3480 2591 3658 2661 visitet
3682 2607 3698 2654 ;

2121 2672 2175 2716 et
2209 2659 2461 2716 defendat
2502 2675 2688 2714 omnes
2738 2661 3041 2714 habitantes
3092 2660 3177 2713 vel
3220 2661 3601 2713 convenientes
3647 2659 3702 2713 in

2120 2732 2225 2787 hoc
2255 2730 2560 2786 habitaculo
2588 2729 2702 2785 Dei.
2732 2728 2834 2785 Per
2864 2720 3133 2785 Christum
3157 2727 3462 2795 Dominum,
3485 2739 3593 2784 etc.

2120 2944 2356 3011 eiuntur;
2379 2944 2572 2999 deinde
2601 2943 2654 2998 in
2677 2942 2869 2998 Missali
2893 2950 3077 2997 nostro
3089 2941 3329 2996 solemne
3352 2938 3476 2993 illud
3497 2937 3702 3011 Gotho-

2123 3010 2414 3084 llispanum
2444 3032 2534 3083 per
2564 3014 2968 3068 misericordiam
3012 3022 3172 3078 tuam,
3204 3022 3334 3084 ete.,
3368 3010 3703 3084 et__saluiati_o

510 3096 532 3123 ο
573 3086 609 3147 ii;
632 3124 643 3134 .
664 3083 848 3137 Amen.
870 3077 1143 3154 ilelinardi
1174 3080 1486 3136 Pentilicale
1506 3082 1667 3138 habet
1697 3099 1822 3153 :per
1836 3083 2018 3140 Domi-
2048 3079 2092 3140 C
2124 3077 2305 3154 populi
2345 3077 2599 3137 Dominus
2628 3087 2692 3137 sit
2723 3100 2943 3152 semper,
2967 3091 3117 3154 retc.,
3162 3097 3280 3150 qua:
3324 3077 3702 3154 in_i’ontili_cali

434 3170 553 3207 num
582 3164 813 3206 nostrum
854 3151 1030 3206 Jesum
1060 3151 1348 3225 Christum,
1387 3155 1471 3224 qui
1500 3151 1740 3207 venturus
1766 3165 1840 3208 est
1861 3155 2010 3225 judi-

436 3241 555 3277 care
581 3228 733 3281 viros.
764 3233 813 3276 et
840 3233 1089 3287 mortuos,
1118 3232 1164 3275 et
1193 3224 1434 3276 saxulum
1465 3240 1556 3292 per
1580 3226 1766 3292 ignem.

506 3293 531 3330 ιι
564 3293 803 3347 Domine.
833 3292 980 3346 lianc
1008 3292 1329 3356 orationem,
1356 3308 1477 3359 qua:
1504 3295 1557 3347 in
1592 3293 1883 3348 Pontilicali
1906 3293 2013 3352 lle-

434 3364 621 3417 linardi
646 3374 839 3427 exstat,
868 3363 1152 3417 Martenius
1176 3360 1462 3433 (Col._875)
1486 3364 1668 3427 edidit,
1698 3366 1835 3433 apud
1858 3380 2015 3431 quem

437 3435 731 3487 Benedictio
755 3449 903 3502 aqua:
936 3433 1262 3502 inscribitur.
1302 3431 1369 3484 At
1396 3434 1444 3486 in
1467 3431 1896 3487 Sacramentario
1915 3433 2018 3487 Bo-

434 3504 624 3566 biensi,
658 3501 855 3568 oratio,
894 3517 1011 3570 quae
1046 3501 1333 3570 Benedictio
1377 3518 1523 3567 aqua:
1565 3504 1891 3567 inscribitur,
1939 3511 2023 3556 est

432 3583 689 3627 consueta
716 3569 1079 3644 Gregoriana:
1111 3569 1282 3636 Deus,
1330 3573 1414 3640 qui
1455 3573 1671 3644 salutem
1700 3574 1906 3644 humani
1927 3590 2018 3644 ge-

434 3644 615 3705 neris,
663 3651 769 3695 etc.
820 3641 946 3695 Hice
990 3656 1116 3694 vero
1160 3648 1380 3704 nostra,
1423 3642 1516 3694 sed
1566 3641 2019 3709 inL-rpol.ita,'et

436 3710 676 3765 nonnihil
705 3720 910 3766 mutata
932 3749 948 3774 ,
995 3720 1117 3780 post
1134 3710 1572 3780 commist‘onem
1621 3712 1746 3763 salis
1774 3721 1826 3763 ct
1868 3726 2018 3779 aquae

434 3782 487 3833 in
509 3781 753 3834 Boliiensi
776 3779 1077 3835 exhibetur.
1103 3779 1215 3833 Non
1238 3780 1610 3845 emittendum,
1627 3783 1866 3836 solemne
1890 3783 2015 3835 illud

436 3851 722 3904 llumiliate
748 3866 857 3918 vos,
882 3857 938 3904 et
964 3850 1336 3903 salutationem
1367 3861 1674 3905 consuetam
1698 3852 1874 3919 populi
1909 3852 2016 3906 Do-

432 3922 603 3973 minus
630 3922 696 3973 sit
715 3937 915 3989 semper
938 3919 1213 3985 eobiscum,
1241 3934 1361 3987 qua:
1387 3921 1437 3974 in
1470 3921 1665 3976 Missali
1693 3920 1921 3977 Ximenii
1943 3924 2015 3978 le—

433 3999 650 4055 guntur,
682 4006 781 4046 nec
818 3992 871 4044 in
917 3989 1217 4045 Pontilicali
1262 3990 1534 4046 Heiinardi
1557 4033 1572 4059 ,
1621 4009 1719 4049 nec
1748 3994 1801 4047 in
1830 3994 2015 4049 Sacra-

434 4062 699 4115 mentario
730 4060 975 4115 Bobiensi
992 4101 1006 4126 ,
1039 4059 1283 4113 inveniri.
1642 4106 1647 4111 .

507 4138 531 4200 ἡ
558 4128 833 4184 Dominum
864 4142 1110 4185 nostrum.
1141 4129 1391 4200 llclin.,F
1396 4132 1537 4187 ilium
1567 4142 1726 4187 tuum.

511 4197 529 4235 τ
566 4200 725 4254 Illud.
758 4200 962 4267 lle:in.,
993 4217 1127 4254 eam.

503 4279 529 4315 κ
560 4270 767 4324 Omnia.
803 4269 1002 4332 Helin.,
1035 4280 1228 4326 nostra.

500 4336 531 4376 ³⁸
570 4341 604 4407 ti
627 4380 639 4393 .
672 4342 853 4395 Amen.
886 4341 942 4395 In
985 4341 1183 4407 lieliu.,
1215 4360 1305 4411 per
1334 4344 1607 4399 Dominum
1628 4382 1643 4409 ,
1672 4354 1813 4407 etc.,
1845 4342 2012 4412 subji-

2145 3149 2393 3209 ielinardi
2441 3162 2496 3209 et
2540 3155 2700 3208 etiam
2727 3149 2979 3208 Bobiensi
3008 3149 3439 3207 Saerainentario
3493 3149 3704 3203 deside-

2120 3234 2325 3280 rantur.

2198 3296 2212 3331 ί
2248 3293 2457 3348 Eterne.
2492 3292 2619 3347 Haec
2660 3295 2831 3348 oratio
2861 3294 2913 3347 in
2947 3289 3243 3346 Pontilicaii
3292 3287 3560 3343 lielinardi
3606 3300 3702 3340 exs

2123 3374 2249 3431 stat,
2281 3377 2333 3419 et
2358 3365 2495 3434 apud
2512 3363 2839 3434 _Martrnium
2871 3362 3003 3434 (Col.
3046 3359 3173 3429 756)
3200 3361 3341 3434 edita
3384 3357 3569 3434 estsln
3599 3355 3701 3410 Sa-

2125 3429 2481 3499 cramenta—rio
2512 3432 2781 3503 Bobieim,
2813 3429 2912 3503 pro
2943 3434 3040 3486 hac
3083 3431 3345 3492 oratione,
3389 3429 3607 3503 ponitur
3636 3441 3701 3481 ea

2126 3521 2229 3573 qua
2262 3506 2313 3557 in
2339 3503 2534 3579 Missali
2565 3498 2828 3579 Xinienii,
2854 3512 2974 3573 post
3016 3502 3392 3579 exorcismuin,
3428 3498 3504 3550 sal
3535 3499 3700 3577 bene-

2127 3570 2339 3638 dicitnr,
2370 3574 2458 3627 sed
2491 3574 2730 3626 nonnihil
2760 3570 3055 3633 immutata,
3086 3570 3435 3639 uti'snperius
3460 3570 3664 3639 Inonuj.

2200 3648 2214 3694 I
2258 3635 2353 3699 Ubi
2385 3644 2687 3695 distinxisti.
2717 3644 2856 3711 Lege
2884 3646 2955 3697 ita
2982 3635 3291 3703 distinxisti;
3317 3638 3371 3693 in
3402 3636 3560 3691 Pent.
3591 3635 3696 3690 He-

2126 3716 2316 3770 linardi
2349 3715 2400 3767 in
2431 3713 2535 3783 ﬁde
2564 3713 2866 3767 distinxisti.

2198 3785 2220 3822 ιι
2245 3784 2326 3836 Ad
2370 3773 2709 3836 commodum.
2747 3785 2905 3838 Forte
2934 3780 3332 3835 accommodant.
3384 3776 3540 3832 Pont.
3592 3773 3699 3829 lle-

2122 3856 2238 3917 lin.,
2266 3854 2604 3907 commodum.

2193 3925 2208 3964 ι
2240 3924 2346 3979 Sed
2375 3927 2548 3977 etiam.
2580 3923 2732 3995 Boot.
2761 3922 2956 3995 lielin.,
2987 3930 3053 3975 et.
3161 3988 3194 3995 Δ»
3527 3994 3535 3995 ί
3645 3984 3658 3995 .

2196 4006 2234 4032 ιιι
2280 3997 2314 4062 Ii}
2336 4034 2349 4046 .
2381 3996 2559 4047 Amen.
2598 3992 2751 4047 Pont.
2786 3992 2985 4055 Helin.,
3035 4008 3123 4060 per
3154 3988 3459 4053 Dominum,
3491 3994 3621 4050 elc.,
3645 3988 3700 4037 in

2120 4079 2303 4121 nostro
2325 4067 2722 4132 subsequuntur
2745 4081 2834 4132 per
2859 4063 3284 4123 miscricordiam,
3316 4071 3443 4122 etc.,
3476 4066 3530 4109 et
3550 4062 3698 4133 δεξίμ-

2120 4138 2252 4190 tatio
2281 4134 2487 4205 populi,
2511 4140 2567 4205 et
2590 4135 2893 4205 benedictio
2921 4133 3047 4187 salis
3071 4141 3125 4186 et
3154 4144 3305 4199 aquae
3329 4168 3344 4195 ,
3367 4144 3485 4198 qua:
3514 4137 3692 4180 omnia

2120 4203 2417 4261 Pontiiieali
2450 4203 2719 4257 llelinardi
2747 4204 2956 4257 desunt.

2191 4288 2214 4313 η
2239 4276 2464 4347 Sparsit.
2496 4273 2673 4338 Forte,
2704 4291 2961 4344 aspergcs.

1330 4936 2801 4977 ww“
