4058 6178
274 440 909 497 Ε

909 640 1907 791 MISSALE
2026 642 2957 794 MIXTUM

2760 496 2977 508 ————-

1246 912 1669 975 SECUNDUM
1712 912 2097 976 REGULAM
2138 914 2211 974 B.
2247 911 2544 975 ISIDQM

1215 1114 1410 1221 DIC
1426 1116 1706 1287 TUM
1783 1115 2610 1228 MOZARABES.

1588 1461 1829 1557 pars
1898 1448 2209 1563 prima.

338 1816 385 1884 ι
424 1806 753 1867 DOIIINICA
791 1803 997 1861 PRIMA
1040 1813 1065 1841 ³
1106 1802 1474 1859 ADVENTUS
1514 1800 1763 1858 DOMINI.

728 1898 811 1952 Ad
841 1896 1054 1952 Missam
1087 1895 1113 1935 δ
1146 1895 1402 1965 Ofﬁcium.

328 2005 355 2036 ε
395 1996 542 2051 Ecce
574 2006 738 2062 super
774 1998 984 2046 montes
1022 1987 1187 2058 pedes
1220 1985 1631 2057 evangelizantis
1669 1999 1852 2054 pacem

263 2088 498 2155 siteluja.
525 2086 594 2140 Et
616 2081 991 2138 annunciantis
1028 2080 1164 2134 bona
1204 2076 1416 2147 alleluia
1443 2095 1456 2129 :
1489 2076 1700 2132 celebra
1719 2076 1853 2132 Juda

264 2179 577 2234 festivitates
613 2183 733 2230 tuas
761 2171 995 2241 alleluia.
1041 2171 1105 2225 Et
1142 2168 1307 2224 redde
1345 2167 1570 2222 Domino
1598 2176 1720 2222 vota
1765 2175 1854 2221 tua

262 2268 489 2337 alleluia.
530 2267 566 2335 Ῡ
590 2307 605 2322 .
626 2264 655 2303 ἀ
683 2263 934 2320 Dominus
953 2261 1103 2316 dabit
1122 2261 1343 2315 verbum
1366 2258 1851 2327 evangelizantibus

260 2361 307 2415 in
347 2362 550 2415 virtute
587 2359 770 2413 multa.
812 2354 881 2410 P.
922 2355 985 2410 Et
1025 2351 1210 2409 redde.
1256 2352 1290 2420 Ῡ
1316 2391 1329 2404 .
1362 2350 1541 2405 Gloria
1584 2359 1638 2405 et
1681 2350 1851 2404 honor

260 2450 394 2505 Patri
420 2460 476 2506 et
506 2446 642 2503 Filio
667 2457 719 2502 et
757 2444 975 2516 Spiritui
1014 2441 1214 2499 Sancto
1252 2442 1306 2495 in
1335 2441 1517 2496 secula
1547 2439 1848 2494 seculorum

260 2558 435 2599 amen.
471 2542 539 2596 P.
573 2542 640 2594 Et
669 2538 854 2595 redde.

328 2631 475 2686 Dicat
510 2630 693 2685 Presb.
733 2627 835 2684 Per
862 2625 1041 2682 omnia
1078 2636 1291 2694 semper
1319 2621 1497 2678 secula
1523 2619 1845 2677 seculorum.

272 2722 309 2787 ἢ
329 2723 647 2865 Triginta
679 2808 881 2864 Domini
909 2823 1013 2861 non
1044 2805 1260 2859 dicimus
1283 2819 1303 2858 :
1332 2803 1507 2860 Gloria
1540 2803 1591 2857 in
1621 2801 1847 2859 excelsis

261 2903 543 2957 Dominicis
572 2902 748 2956 diebus
775 2908 824 2955 et
853 2899 994 2964 feriis
1027 2913 1046 2953 :
1074 2898 1162 2952 sed
1201 2906 1396 2950 tantum
1422 2895 1612 2949 diebus'
1633 2895 1844 2963 festiuis.

329 3005 352 3033 ε
386 2995 591 3049 Oratio.
628 2993 769 3048 Deus
794 2993 882 3061 qui
912 3004 1009 3061 per
1034 2990 1302 3057 angelicas
1330 2988 1524 3043 choros
1559 2987 1845 3041 adventum

262 3086 349 3139 filii
372 3088 442 3140 tui
466 3085 678 3140 Domini
701 3084 864 3138 nostri
886 3083 1013 3138 Jesu
1033 3081 1227 3137 Christi
1247 3082 1572 3135 annunciare
1595 3078 1839 3133 volui-ti:

258 3178 344 3245 qui
374 3194 471 3247 per
497 3178 821 3247 Angelorum
849 3176 1091 3244 preconia
1118 3174 1287 3244 gloria
1317 3175 1372 3229 in
1401 3170 1626 3229 excelsis
1652 3172 1762 3227 Deo
1788 3179 1842 3226 et
1869 3151 1916 3211 Β

261 3272 311 3326 in
334 3281 472 3327 terra
497 3284 598 3340 pax
624 3269 928 3324 hominibus
953 3268 1092 3323 bone
1112 3267 1398 3323 voluntatis
1417 3265 1841 3321 adclamantibus

260 3361 631 3418 demonstrasti
664 3377 680 3416 :
710 3360 946 3416 concede
973 3368 1031 3414 ut
1068 3360 1119 3414 in
1151 3357 1307 3428 huius
1336 3356 1613 3412 Dominice
1643 3356 1839 3411 Resur-

260 3454 507 3509 rectionis
536 3452 845 3508 Festivitate
872 3469 885 3503 :
918 3464 1018 3521 pax
1048 3450 1204 3505 terris
1231 3447 1437 3504 reddita
1466 3446 1801 3503 convalescat
1825 3463 1838 3498 :

258 3557 311 3603 et
338 3547 570 3603 fraterne
596 3545 913 3604 deiectionis
940 3544 1200 3601 charitate
1229 3544 1479 3599 innovata
1510 3549 1835 3612 permaneat.

272 3639 307 3696 ti
329 3681 342 3694 .
373 3642 567 3695 Amen.

254 3752 257 3773 ξ
325 3734 476 3787 Dicat
526 3733 805 3789 Sacerdos.
861 3730 961 3786 Per
1022 3728 1438 3784 misericordiam
1509 3735 1649 3780 tuam
1703 3724 1842 3780 Deus

258 3837 435 3881 noster
460 3827 551 3896 qui
580 3839 638 3881 es
679 3824 991 3880 benedictus
1020 3839 1035 3877 :
1063 3831 1119 3878 et
1146 3821 1280 3876 vivis
1305 3829 1358 3874 et
1385 3819 1563 3874 omnia
1605 3817 1747 3886 regis
1787 3816 1839 3870 in

254 3919 431 3973 secula
460 3918 790 3973 seculorum.
830 3915 868 3983 ἡ
888 3953 903 3968 .
928 3916 1120 3968 Amen.
1163 3912 1199 3981 ᾗ
1222 3950 1235 3964 .
1260 3911 1516 3965 Dominus
1539 3907 1608 3961 sit
1631 3919 1842 3975 semper

256 4012 551 4065 vobiscum.
598 4009 634 4076 Ii
657 4048 670 4061 .
705 4007 771 4061 Et
800 4022 921 4063 cum
948 4004 1138 4075 spiritu
1169 4014 1278 4060 tuo.

196 4132 199 4135 ν
406 4102 583 4158 Lectio
606 4103 722 4157 fibri
751 4100 919 4171 Esaye
943 4099 1183 4170 ρτοριιειε
1215 4094 1262 4168 (ί
1294 4096 1423 4166 εαρο
1454 4093 1526 4161 xi
1558 4092 1689 4163 ΧΠ·

311 4186 375 4261 ’ἢ
396 4235 411 4249 .
451 4195 562 4249 Deo
588 4194 805 4264 gratias.

322 4291 466 4345 Ecce
512 4288 814 4343 dominator
859 4285 1119 4341 Dominus
1168 4282 1498 4338 exercituum
1546 4278 1842 4346 confringet

254 4381 585 4452 lagunculam
618 4380 670 4433 in
700 4388 906 4433 terrore
934 4394 949 4431 :
979 4386 1031 4431 et
1060 4374 1257 4430 excelsi
1290 4382 1492 4429 statura
1520 4370 1843 4425 succinden-

253 4484 337 4526 tur
383 4491 397 4525 :
447 4479 503 4526 et
546 4470 804 4525 sublimes
847 4466 1267 4522 humiliabuntur
1308 4482 1322 4517 :
1366 4472 1421 4519 et
1464 4464 1838 4518 subvertentur

251 4564 515 4617 condensa
546 4562 710 4615 saltus
733 4561 851 4628 eius
887 4552 1029 4614 ferro
1071 4577 1083 4611 :
1125 4566 1179 4612 et
1206 4557 1434 4611 Liba-nus
1458 4569 1577 4609 cum
1603 4552 1833 4608 excelsis

249 4654 425 4710 cadet.
456 4650 518 4706 Et
548 4652 852 4722 egredietur
872 4651 1018 4720 virga
1048 4650 1115 4704 de
1139 4648 1315 4703 radice
1340 4648 1492 4702 Iesse
1520 4663 1531 4697 :
1559 4654 1613 4699 et
1642 4644 1742 4698 llos
1766 4643 1832 4697 de

249 4748 426 4802 radice
456 4746 573 4815 eius
608 4744 862 4800 ascendet
891 4760 905 4798 :
937 4753 991 4796 et
1020 4741 1314 4809 requiescet
1340 4732 1499 4806 super
1527 4752 1648 4791 eum
1679 4736 1834 4802 spiri-

248 4851 330 4895 tus
360 4841 573 4897 Domini
600 4855 615 4893 :
644 4838 865 4910 spiritus
890 4836 1151 4906 sapientia
1174 4842 1229 4888 et
1252 4831 1552 4887 intellectus
1578 4847 1590 4880 :
1617 4830 1834 4893 spiritus

318 5024 345 5051 ι
405 5014 687 5067 Adventus.
749 5010 963 5067 Missale
1008 5018 1063 5064 et
1113 5007 1439 5063 Breviarium
1489 5004 1829 5059 Mozarahum

247 5101 338 5139 scx
386 5085 693 5138 Dominicas
736 5084 1010 5136 Adventus
1058 5086 1365 5144 numerant,
1414 5084 1548 5147 quot
1598 5075 1831 5129 Ecclesia

247 5156 667 5209 blediolauensis
698 5158 912 5208 retinet.

315 5225 343 5264 δ
374 5226 631 5294 Οθῐοὶωη.
681 5223 983 5280 Antiphona
1014 5235 1132 5290 qua:
1174 5217 1229 5294 in
1260 5215 1723 5294 hlissaliRomano
1754 5215 1836 5267 in-

246 5287 450 5349 troitus
472 5296 683 5358 dicitur,
716 5297 767 5347 in
802 5294 903 5348 hoc
935 5287 1118 5347 nostro
1148 5290 1368 5359 ofﬁcium
1405 5287 1473 5339 ad
1502 5288 1709 5340 missam
1741 5301 1838 5339 no-

322 5380 503 5418 natur.

322 5381 407 5416 tat
489 5404 503 5418 .

212 5381 351 5475 Vnus.
376 5382 512 5489 Et;
558 5450 732 5503 super.
767 5432 993 5499 Nahum,
1060 5447 1134 5495 tv,
1174 5428 1242 5483 15
1287 5427 1696 5483 :Annunltantis
1747 5425 1836 5479 bo-

245 5524 392 5566 num.
419 5522 485 5559 ex
520 5504 677 5567 Isaia,
709 5520 799 5565 LII,
829 5506 884 5558 7.

238 5576 340 5698 12‘
368 5576 624 5629 Dominus
650 5576 787 5629 dabit
811 5574 1015 5629 verbum
1042 5569 1525 5643 euangelizantibus.
1552 5568 1643 5623 Ps.
1668 5581 1831 5635 van,

313 5687 337 5754 λ
374 5716 577 5769 Oratio.
608 5715 746 5769 Nulli
778 5714 1005 5769 orationi
1038 5711 1266 5768 Missalis
1311 5708 1648 5765 Mozarahum
1693 5723 1832 5776 prm-

238 5789 475 5843 mi.titur
505 5788 741 5841 Oremus.
783 5791 893 5851 Bis,
926 5788 981 5841 in
1011 5793 1119 5841 tota
1172 5786 1356 5852 missa,
1409 5780 1660 5838 sacerdos
1704 5781 1829 5835 dicit

1873 1804 1923 1863 Α
1953 1800 2160 1857 consilii
2189 1808 2241 1856 et
2272 1799 2597 1857 fortitudinis
2628 1820 2641 1857 :
2675 1803 2892 1872 spiritus
2930 1808 3148 1864 scicntia
3187 1820 3240 1865 et
3282 1811 3490 1881 pietatis
3527 1833 3539 1870 :

1954 1902 2008 1948 et
2038 1892 2263 1961 replebit
2289 1905 2409 1946 eum
2440 1893 2657 1960 spiritus
2697 1893 2899 1949 timoris
2939 1897 3165 1953 Domini.
3205 1901 3319 1955 Non
3350 1918 3541 1959 secun-

1953 1986 2078 2041 dum
2110 1984 2369 2040 visionem
2397 1985 2671 2040 oculorum
2706 1986 2961 2055 iudicabit
2993 2006 3005 2042 :
3040 2006 3210 2060 neque
3243 1996 3539 2051 secundum

1953 2076 2189 2132 auditum
2234 2076 2442 2132 aurium
2492 2086 2677 2147 arguet
2721 2096 2734 2131 :
2781 2079 2877 2135 sed
2916 2081 3173 2150 iudicabit
3226 2086 3277 2141 in
3323 2088 3540 2157 iusticia

1952 2183 2216 2240 pauperes
2244 2186 2257 2221 :
2289 2177 2343 2224 et
2367 2177 2556 2238 arguet
2585 2170 2636 2223 in
2667 2170 2901 2239 equitate
2930 2187 3024 2241 pro
3053 2178 3343 2231 manenetis
3373 2188 3534 2236 terre.

1954 2260 2021 2315 Et
2044 2260 2310 2329 percuciet
2332 2268 2529 2315 terram
2552 2260 2698 2329 virga
2723 2260 2829 2316 oris
2851 2263 2929 2316 sui
2955 2280 2969 2317 :
2992 2272 3046 2317 et
3064 2265 3250 2334 spiritu
3282 2268 3540 2324 labiorum

1950 2340 2482 2408 suorum'interficiet
2516 2351 2758 2422 impium.
2800 2352 2865 2408 Et
2891 2355 2993 2410 erit
3026 2356 3237 2426 iusticia
3267 2364 3536 2433 cingulum

1952 2444 2253 2499 lumborum
2305 2444 2421 2514 eius
2461 2461 2475 2498 :
2520 2454 2573 2500 et
2614 2445 2744 2501 fides
2798 2446 3115 2504 cinctorium
3170 2466 3354 2508 renum
3399 2455 3538 2524 eius.

1949 2534 2219 2591 llabitabit
2255 2535 2409 2600 lupus
2443 2548 2563 2589 cum
2601 2549 2737 2603 agno
2766 2552 2780 2590 :
2811 2545 2865 2591 et
2902 2538 3095 2606 pardus
3124 2555 3244 2595 cum
3284 2543 3421 2597 hedo
3447 2560 3537 2598 ac-

1949 2624 2179 2682 cubabit.
2213 2625 2419 2680 Vitulus
2447 2637 2503 2681 et
2531 2625 2614 2680 leo
2640 2634 2696 2680 et
2722 2627 2836 2681 ovis
2866 2628 3023 2682 simul
3061 2630 3408 2686 morabuntur
3437 2649 3451 2685 :
3484 2643 3540 2687 et

1948 2719 2081 2787 puer
2112 2717 2359 2783 parvulus
2395 2715 2614 2771 minabit
2649 2731 2763 2772 eos.
2807 2717 3008 2772 Vitulus
3045 2729 3094 2774 et
3126 2735 3284 2775 ursus
3315 2736 3537 2791 pascen-

1948 2818 2035 2863 tur
2065 2824 2079 2861 :
2116 2806 2276 2863 simul
2316 2807 2651 2877 requiescent
2692 2807 2852 2862 catuli
2889 2823 3074 2863 eorum
3117 2827 3130 2864 :
3170 2819 3225 2865 et
3262 2810 3346 2867 leo
3383 2815 3536 2882 quasi

1946 2901 2045 2957 bos
2075 2902 2317 2958 comedet
2346 2902 2543 2972 paleas.
2588 2902 2655 2956 Et
2680 2901 3033 2957 delectabitur
3070 2900 3243 2956 infans
3271 2904 3339 2959 ab
3367 2905 3532 2960 ubere

1945 3007 2107 3063 super
2146 2992 2401 3047 foramina
2445 2993 2690 3063 aspidis:
2729 3001 2784 3049 et
2826 2993 2879 3048 in
2921 3008 3148 3049 caverna
3190 2995 3357 3065 reguli
3392 3013 3405 3048 :
3446 2996 3533 3066 qui

1945 3084 2240 3139 ablactatus
2260 3083 2420 3139 fuerit
2446 3101 2457 3138 :
2485 3099 2700 3138 manum
2726 3098 2875 3137 suam
2902 3083 3093 3139 mittet.
3124 3084 3236 3139 Non
3267 3086 3534 3141 nocebunt

1944 3185 2000 3233 et
2027 3192 2132 3231 non
2158 3178 2405 3232 occident
2434 3176 2484 3230 in
2518 3178 2769 3231 universo
2800 3188 2981 3232 monte
3006 3186 3192 3233 sancto
3220 3193 3339 3234 meo
3367 3197 3378 3231 :
3408 3182 3530 3248 quia

1942 3266 2141 3336 repleta
2172 3277 2252 3321 est
2292 3275 2430 3321 terra
2465 3265 2689 3320 scient'a
2728 3264 2937 3320 Domini
2973 3282 2988 3319 :
3020 3267 3157 3321 sicut
3192 3281 3329 3338 aque
3370 3271 3530 3324 utaris

1942 3358 2252 3428 operientis.
2285 3357 2342 3412 in
2369 3357 2455 3413 die
2484 3356 2570 3411 illa
2600 3357 2749 3411 radix
2778 3357 2928 3413 Jesse
2956 3358 3044 3427 qui
3083 3367 3185 3413 stat
3223 3360 3276 3413 in
3314 3360 3522 3429 signum

1942 3450 2258 3521 populorum
2301 3465 2315 3503 :
2361 3449 2533 3519 ipsum
2575 3457 2763 3518 gentes
2803 3448 3228 3518 deprecabuntur
3268 3466 3283 3505 :
3330 3461 3383 3505 et
3424 3454 3528 3505 erit

1942 3538 2279 3610 sepulchrum
2307 3539 2421 3609 eius
2445 3538 2757 3609 gloriosum.
2806 3540 2843 3608 ri}
2864 3576 2881 3594 .
2911 3540 3102 3596 Amen.

2013 3632 2161 3686 Dicat
2202 3631 2380 3687 Presb.
2425 3634 2477 3687 in
2515 3648 2672 3687 cornu
2710 3633 2972 3688 sinistrum
3014 3633 3226 3688 Altaris.
3274 3634 3531 3690 Dominus

1942 3724 2006 3780 sit
2037 3739 2248 3790 semper
2279 3724 2572 3779 vobiscum.
2621 3725 2657 3791 ti
2681 3764 2693 3777 .
2725 3722 2793 3779 Et
2820 3740 2960 3781 cum.

2014 3827 2039 3865 s
2078 3815 2375 3871 Psallendo.
2406 3820 2505 3883 Qui
2535 3818 2628 3871 dat
2657 3818 2830 3873 nivem
2860 3818 2998 3873 sicut
3031 3817 3205 3872 lanam
3237 3835 3249 3871 :
3282 3818 3527 3873 nebulam

1943 3906 2087 3961 velut
2122 3908 2354 3962 cinerem
2392 3908 2593 3978 spargit
2626 3926 2638 3960 :
2672 3908 2759 3979 qui
2791 3909 2987 3963 emittit
3013 3908 3344 3964 christallum
3375 3926 3524 3964 suam

1941 3996 2075 4052 sicut
2107 3999 2135 4033 ι
2168 3998 2329 4051 frusta
2360 3998 2528 4064 panis.
2563 3999 2701 4053 Ante
2738 3998 2927 4054 faciem
2965 3997 3178 4068 frigoris
3233 4000 3349 4070 eius
3382 3998 3398 4038 ί
3435 4004 3529 4067 qui

1940 4086 2226 4141 subsistet?
2270 4086 2283 4135 t'
2355 4086 2425 4155 ᾗ.
2472 4087 2631 4143 Mittit
2674 4089 2895 4143 verbum
2938 4104 3091 4142 suum
3134 4098 3187 4144 et
3227 4090 3529 4158 liqiieficiet

1940 4194 2001 4234 ea
2033 4197 2045 4231 :
2075 4176 2098 4216 ιι
2134 4177 2224 4233 flat
2250 4177 2466 4246 spiritus
2494 4175 2612 4247 eius
2640 4187 2693 4232 et
2718 4178 2881 4233 fluent
2908 4193 3065 4248 aque.
3092 4176 3157 4232 P.
3183 4181 3342 4234 Ante.
3374 4180 3528 4236 Dicat

1942 4269 2216 4327 Sacerdos.
2251 4268 2529 4326 Silentium
2562 4268 2741 4324 facite.

2045 4384 2322 4455 Sequentia
2348 4382 2774 4524 Epistozéagau’lti
2791 4381 3033 4523 θιῖῗειοιὲ
3060 4382 3129 4436 ad
3162 4381 3419 4438 Romanos
3478 4374 3483 4377 ’

2011 4550 2232 4619 Respon.
2267 4546 2485 4602 Chorus.
2520 4546 2629 4602 Deo
2658 4545 2875 4616 gratia=.

2010 4641 2221 4694 Fratres
2253 4657 2264 4691 :
2296 4637 2484 4693 Certus
2519 4652 2634 4691 sum
2674 4650 2773 4705 ego
2812 4638 2925 4704 ipse
2953 4635 3020 4688 de
3050 4635 3199 4689 vobis
3230 4653 3242 4687 :
3275 4636 3523 4703 quoniam

1937 4745 1990 4788 et
2020 4734 2117 4802 ipsi
2152 4732 2287 4798 pleni
2319 4729 2448 4785 estis
2485 4729 2812 4784 dilectione:
2847 4728 3035 4796 repleti
3072 4728 3213 4781 omni
3255 4728 3474 4789 sciente
3505 4745 3521 4784 :

1939 4825 2008 4879 ita
2054 4834 2112 4877 ut
2158 4822 2299 4892 possi
2325 4818 2370 4875 is
2407 4820 2719 4875 alterutrum
2764 4834 3001 4874 monere.
3049 4821 3305 4873 Audatius
3347 4828 3522 4875 autem

1943 5001 2161 5056 Oremus
2184 5017 2202 5065 ;
2224 4999 2387 5054 semel
2417 5008 2541 5053 ante
2562 4998 2736 5068 Agios,
2766 5006 2817 5051 et
2841 4997 3033 5068 iterum
3064 5007 3188 5051 ante
3230 4995 3522 5066 capitulum

1936 5071 2339 5143 quodAorationi
2373 5067 2663 5143 Dominicis
2694 5067 3057 5143 praemittitur.

1961 5136 1972 5223 ξ
2011 5140 2188 5267 ίχίῖαρο
2221 5139 2290 5195 Χ·
2326 5144 2369 5195 Α
2420 5139 2685 5195 versiculo
2714 5138 2782 5191 55
2810 5138 2875 5193 ad
2912 5136 3232 5195 versiculum
3265 5136 3327 5189 ll
3369 5136 3515 5203 (ξαρ-

1961 5227 2005 5267 is
2108 5252 2121 5265 .
2595 5247 2604 5256 .

1939 5221 2005 5267 tis
2035 5221 2121 5267 XI.
2595 5247 2604 5256 .

2012 5293 2037 5331 κ
2071 5282 2368 5336 Psallendo.
2404 5281 2549 5335 Psal.
2580 5296 2780 5346 CXLVII,
2814 5279 2901 5335 16.

2012 5355 2039 5390 ιι
2067 5354 2259 5406 Frusto
2294 5356 2455 5417 punis.
2488 5354 2559 5406 Ita
2594 5352 2771 5406 Italica
2800 5350 2935 5418 apud
2967 5348 3218 5403 Thomas.

2018 5424 2033 5462 ἱ
2068 5426 2167 5489 Qui
2190 5425 2444 5478 subsistet.
2480 5424 2611 5475 Alia:
2640 5436 2849 5486 omnes,
2880 5421 3012 5491 quis.

2014 5495 2027 5544 i
2085 5497 2153 5560 ᾗ.
2193 5497 2280 5550 Ps.
2314 5508 2510 5554 οκιγιι,
2545 5492 2631 5545 18.

2008 5564 2031 5602 ¹ί
2063 5558 2201 5618 Fiat.
2240 5565 2455 5631 Vulgata
2495 5572 2545 5615 et
2577 5559 2736 5623 LXX,
2770 5560 2936 5629 ﬂabit.
2984 5558 3230 5623 Arabica,
3278 5559 3369 5631 ﬂat
3394 5573 3515 5609 ven-

1936 5646 2016 5688 his
2052 5639 2184 5706 ejus.
2218 5628 2432 5703 Syriaca
2464 5640 2517 5685 et
2544 5631 2767 5685 Hebraea
2797 5642 3034 5701 tempore
3065 5628 3316 5701 praesenti
3344 5645 3513 5683 enuti-

1938 5714 2184 5845 "alméap.
2219 5772 2343 5829 XV.
2379 5772 2530 5830 Vers.
2566 5770 2757 5828 14-29.
