4058 6178
526 358 618 414 ΙΙΙ

1235 354 1523 411 MISSALE
1564 355 1827 413 MIXTUM
1868 355 2015 413 SEC.
2058 354 2215 411 ΠΕΟ.
2264 356 2323 411 Β.
2366 355 2633 414 lSlDORl.
2684 388 2750 398 —
2790 356 2967 416 PARS
3007 357 3022 411 I

3674 358 3775 418 H2

524 480 709 545 scripsn
740 476 886 529 vobis
911 476 1097 529 fratres
1122 490 1183 528 ex
1211 486 1358 544 parte
1384 492 1395 529 :
1424 486 1671 545 tanquam
1704 477 1756 530 in
1786 475 2097 530 memoriam
2129 476 2179 535 Α
2208 474 2456 530 Ahraam.
2501 477 2627 531 Dico
2661 476 2801 531 enim
2837 475 2985 530 vobis
3017 493 3029 527 :
3064 475 3182 544 quia
3218 482 3400 542 potens
3432 486 3509 531 est
3543 476 3681 533 licus
3708 484 3781 537 de

523 584 617 622 vos
654 568 913 621 reducens
946 584 957 617 :
994 577 1205 633 prepter
1242 568 1461 636 gratiam
1492 582 1594 637 quc
1633 566 1756 621 data
1793 575 1874 621 est
1913 566 2039 621 mihi
2073 580 2103 619 τι

521 661 631 714 Deo
662 675 675 711 :
708 666 765 711 ut
790 660 889 710 sim
920 656 1154 709 Minister
1182 654 1377 709 Christi
1417 655 1542 711 Jesu
1579 656 1631 710 in
1663 657 1906 726 gentibus
1935 670 1950 709 :
1982 669 2103 709 san-

524 749 758 803 etilicans
789 749 1129 819 Evangelium
1159 747 1248 801 Dei
1282 766 1293 800 :
1328 756 1385 802 ut
1411 749 1500 803 fiat
1528 750 1724 803 oblatio
1753 750 1987 818 gentium
2017 762 2105 803 ac-

519 848 667 907 cepta
698 848 753 894 et
786 838 1110 892 sanctificata
1149 838 1199 891 in
1237 836 1433 903 Spiritu
1474 837 1687 893 Sancto.
1732 839 1908 893 Habeo
1946 838 2105 906 igitur

517 928 738 994 gloriam
771 928 820 981 in
847 927 1054 981 Christo
1094 924 1217 981 Jesu
1256 929 1321 981 ad
1367 928 1551 982 Deum.
1594 928 1709 982 Non
1750 928 1890 983 enim
1933 928 2103 983 audeo

519 1019 715 1089 aliquid
748 1020 888 1090 loqui
919 1035 1101 1075 eorum
1132 1035 1234 1091 que
1262 1034 1353 1089 per
1382 1036 1467 1077 me
1496 1038 1600 1076 non
1632 1020 1795 1077 efficit
1821 1021 2099 1081 Christus:

519 1109 929 1165 inobedientiam
961 1112 1217 1181 gentium.
1263 1112 1316 1166 In
1346 1112 1510 1167 verbo
1539 1129 1554 1167 :
1596 1121 1651 1167 et
1679 1112 1830 1168 factis
1861 1130 1876 1168 :
1915 1112 1969 1167 in
1997 1113 2102 1167 vir-

521 1209 631 1253 tute
670 1200 940 1270 signorum
985 1209 1038 1255 et
1084 1201 1445 1271 prodigiorum
1489 1220 1503 1255 :
1545 1203 1596 1258 in
1636 1203 1830 1260 virtute
1873 1204 2101 1272 Spiritus

521 1291 699 1345 Sancti
730 1307 745 1344 :
776 1294 846 1345 ita
876 1300 935 1345 ut
961 1292 1026 1346 ab
1057 1293 1382 1347 Hierusalem
1414 1308 1507 1363 per
1532 1294 1807 1349 circuitum
1838 1309 2001 1364 usque
2034 1293 2099 1348 ad

520 1384 765 1437 llliricum
811 1384 1122 1452 repleverim
1163 1385 1498 1453 evangelium
1539 1385 1754 1440 Christi.
1798 1384 1888 1439 Sic
1925 1394 2100 1438 autem

517 1473 782 1541 predicavi
823 1474 924 1529 hoc
962 1476 1294 1542 evangelium
1338 1492 1351 1527 :
1398 1489 1502 1529 non
1546 1474 1633 1529 ubi
1677 1475 1977 1529 nominatus
2020 1483 2101 1528 est

516 1563 757 1616 Christus
801 1579 815 1617 :
874 1578 939 1618 ne
978 1577 1138 1631 super
1174 1563 1406 1618 alienum
1448 1563 1847 1618 fundamentum
1889 1564 2102 1619 edilica—

516 1667 626 1705 rem
658 1670 671 1703 :
705 1652 841 1706 sicut
878 1654 1132 1717 scriptum
1170 1661 1272 1709 est.
1310 1654 1508 1721 Quibus
1549 1668 1655 1708 non
1698 1658 1748 1725 2
1787 1664 1868 1709 est
1896 1668 2100 1709 annun-

513 1746 708 1797 cisitum
736 1744 802 1799 de
831 1760 896 1800 eo
923 1745 1216 1800 videbunt:
1248 1754 1301 1801 et
1327 1746 1416 1815 qui
1446 1760 1549 1801 non
1588 1747 1869 1802 audierunt
1906 1747 2100 1802 intelli-

2204 565 2467 635 lapidibus
2504 568 2620 623 istis
2656 568 2912 622 suscitare
2946 567 3081 620 filios
3109 566 3338 619 Abrahe.
3376 565 3490 620 Jatu
3521 571 3662 623 enim
3694 586 3778 626 se-

2202 660 2345 713 curis
2372 657 2438 712 ad
2476 658 2708 714 radicem
2745 658 2950 712 arboris
2977 657 3147 727 posita
3182 665 3285 712 est.
3326 659 3510 712 Omnis
3538 675 3665 729 ergo
3694 678 3779 714 ar-

2203 748 2301 803 bor
2346 764 2450 803 non
2494 750 2692 804 faciens
2738 751 2965 803 fructum
3010 749 3207 804 bonum
3251 767 3263 801 :
3309 750 3583 804 excidctur
3628 761 3683 805 et
3725 752 3778 807 in

2203 838 2378 909 ignem
2406 839 2661 893 mittetur.
2685 839 2750 893 Et
2778 838 3174 906 interrogabant
3196 855 3315 893 eum
3347 841 3497 895 turbe
3518 842 3777 897 dicentes.

2200 927 2339 993 Quid
2366 943 2493 999 ergo
2522 926 2810 984 faciemus?
2838 928 3187 997 Respondeas
3212 938 3386 984 autem
3416 932 3626 986 dicebat
3650 933 3775 989 illis.

2203 1017 2305 1085 Qui
2332 1021 2491 1073 habet
2516 1019 2646 1074 duas
2676 1020 2919 1074 tunicas:
2952 1018 3042 1074 det
3071 1036 3175 1073 non
3208 1019 3440 1075 habenti.
3477 1022 3538 1075 Et
3566 1023 3654 1091 qui
3687 1026 3781 1077 ha-

2202 1110 2291 1164 bet
2320 1123 2472 1164 escas
2502 1126 2516 1161 :
2547 1109 2793 1164 similiter
2819 1108 2999 1164 faciat.
3032 1109 3301 1164 Venerunt
3326 1120 3501 1165 autem
3533 1120 3585 1166 et
3615 1112 3782 1181 publi-

2203 1201 2319 1256 cani
2341 1210 2397 1255 ut
2426 1200 2932 1270 baptizarenturzet
2952 1200 3199 1256 dixerunt
3221 1202 3287 1257 ad
3326 1203 3494 1257 illum.
3534 1204 3783 1274 Magister

2201 1290 2327 1359 quid
2374 1290 2661 1345 faciemus?
2706 1292 2775 1344 At
2814 1289 2904 1346 ille
2941 1290 3074 1345 dixit
3113 1291 3179 1346 ad
3221 1308 3333 1348 eos.
3375 1292 3517 1347 Nihil
3555 1294 3783 1363 amplius

2200 1394 2358 1449 quam
2383 1380 2523 1449 quod
2554 1381 2897 1436 constitutum
2937 1389 3021 1435 est
3055 1382 3206 1436 vobis
3234 1397 3250 1437 :
3282 1381 3506 1440 faciatis.
3544 1385 3781 1440 Interro-

2203 1471 2397 1541 82b)!“
2417 1481 2592 1527 autem
2616 1487 2739 1527 eum
2763 1480 2817 1527 et
2846 1471 3039 1528 milites
3059 1472 3318 1527 dicentes.
3342 1472 3479 1540 Quid
3526 1474 3785 1532 faciemus

2201 1572 2256 1617 et
2286 1564 2418 1616 nos?
2448 1563 2513 1617 Et
2540 1564 2616 1617 ait
2644 1564 2771 1618 illis.
2802 1563 3079 1619 Neminem
3108 1564 3420 1619 concutiatis
3445 1581 3459 1618 :
3490 1581 3663 1636 neque
3686 1582 3783 1623 ca-

2203 1652 2456 1706 lumniam
2487 1652 2723 1707 faciatis:
2748 1663 2797 1709 et
2824 1654 3057 1708 contenti
3079 1661 3249 1707 estote
3273 1654 3550 1722 stipendiis
3571 1656 3780 1711 vestris.
3876 1664 3879 1667 '

2202 1743 2555 1799 Existimante
2581 1754 2755 1798 autem
2786 1744 2981 1811 populo
3002 1755 3056 1799 et
3078 1743 3430 1813 cogitantibus
3453 1745 3698 1799 omnibus
3728 1747 3782 1800 in

514 1844 660 1902 gent.
706 1835 926 1902 Pr0pter
962 1836 1102 1905 quod
1147 1846 1200 1889 et
1239 1835 1566 1906 impediebar
1602 1836 1883 1907 plurimum
1913 1839 2097 1893 vetiire
2127 1821 2176 1881 Β
2202 1833 2449 1888 cordibus
2483 1833 2591 1887 suis
2616 1833 2682 1888 de
2714 1831 2955 1887 Johanne
2985 1849 2998 1886 :
3034 1846 3101 1887 ne
3130 1832 3267 1888 forte
3296 1833 3408 1902 ipse
3440 1844 3586 1890 esset
3612 1836 3782 1891 Chri-

514 1924 581 1979 ad
610 1940 703 1979 vos
734 1942 747 1979 :
779 1937 831 1980 et
870 1925 1165 1994 prohibitus
1204 1942 1322 1981 sum
1357 1941 1526 1997 usque
1561 1927 1754 1983 adhuc.
1796 1928 1947 1985 Nunc
1976 1944 2103 1986 vero

516 2017 737 2071 ulterius
768 2016 940 2071 locu
973 2034 1076 2071 non
1110 2018 1313 2074 habens
1337 2019 1386 2072 in
1415 2018 1499 2074 bis
1527 2018 1831 2088 regionibus
1857 2036 1871 2073 :
1899 2021 2099 2089 cupidi-

516 2107 733 2161 ditatem
762 2118 934 2161 autem
966 2108 1166 2162 habens
1195 2108 1438 2162 veniendi
1476 2107 1543 2163 ad
1573 2123 1666 2163 vos
1693 2123 1758 2163 ex
1788 2108 1965 2165 multis
1989 2109 2099 2180 jam

521 2199 925 2264 procedentibus
968 2202 1120 2254 annis
1165 2218 1177 2251 :
1226 2216 1345 2255 cum
1389 2201 1443 2255 in
1490 2200 1792 2270 Hispaniam
1840 2204 2101 2272 proﬁcisci

515 2304 708 2358 cepero
742 2306 756 2344 :
788 2305 947 2360 spero
976 2291 1112 2360 quod
1144 2292 1433 2359 preteriens
1463 2292 1670 2348 videam
1698 2309 1792 2349 vos
1823 2311 1837 2351 :
1869 2305 1922 2351 et
1948 2311 1979 2351 a
2008 2312 2101 2352 vo-

516 2382 598 2434 bis
627 2380 858 2436 deducar
884 2380 1007 2436 illuc
1037 2399 1049 2435 :
1082 2382 1128 2437 si
1155 2384 1305 2438 vobis
1345 2400 1414 2439 ex
1459 2396 1606 2453 parte
1647 2388 1871 2455 ptimum
1915 2390 2100 2446 t'ruitus

438 2462 445 2466 ’
514 2470 541 2523 f
542 2486 689 2526 uero.
709 2472 856 2526 Nunc
878 2472 1036 2541 igitur
1055 2472 1360 2541 proficiscar
1381 2476 1431 2529 in
1452 2474 1780 2531 Hierusalem
1800 2478 2101 2536 ministrare

514 2562 735 2617 sanctis.
778 2561 1142 2617 Probaverunt
1170 2564 1309 2618 enim
1340 2564 1638 2620 Macedonia
1665 2577 1719 2621 et
1743 2567 1957 2638 Achaya
1984 2569 2098 2623 col-

517 2654 767 2708 lationem
806 2654 1032 2724 aliquam
1075 2656 1249 2710 facero
1284 2656 1335 2709 in
1381 2672 1638 2725 pauperes
1674 2668 1975 2713 sanctorum
2012 2660 2098 2728 qui

513 2755 641 2799 sunt
666 2746 716 2798 in
744 2744 1090 2799 Hierusalem.
1120 2744 1323 2799 Placuit
1343 2748 1481 2799 enim
1509 2747 1584 2800 eis
1608 2756 1661 2801 et
1683 2747 1950 2803 debitores
1976 2752 2129 2803 sunt'

2200 1934 2333 1981 stus.
2375 1925 2669 1995 Respondit
2698 1926 2968 1981 Johannes
2997 1926 3179 1981 dicens
3207 1925 3473 1982 omnibus.
3517 1927 3626 1996 Ego
3651 1928 3783 1997 qui-

2199 2015 2320 2071 dem
2350 2031 2484 2087 aqua
2514 2015 2724 2085 baptizo
2748 2029 2843 2070 vos
2872 2033 2885 2069 :
2921 2014 3097 2069 veniet
3123 2025 3299 2070 autem
3328 2015 3513 2070 fortior
3547 2031 3632 2071 me
3663 2024 3783 2085 post

2199 2124 2286 2164 me
2314 2127 2328 2164 :
2360 2108 2508 2179 cujus
2539 2123 2644 2163 non
2676 2124 2791 2163 sum
2823 2108 3013 2178 dignus
3041 2106 3250 2163 solvere
3277 2109 3559 2178 corrigiam
3589 2109 3783 2164 calcia-

2200 2209 2497 2255 mentorum
2525 2200 2640 2269 ejus
2663 2214 2679 2257 :
2702 2199 2817 2268 ipse
2843 2212 2937 2252 vos
2962 2197 3252 2267 baptizabit
3276 2198 3329 2251 in
3359 2198 3556 2267 Spiritu
3579 2199 3782 2255 Sancto

2198 2307 2254 2354 et
2284 2298 2411 2368 igni.
2434 2296 2599 2367 Cujus
2630 2296 2985 2351 ventilabrum
3014 2296 3066 2350 in
3096 2311 3256 2351 manu
3280 2296 3431 2365 ejus:
3456 2304 3511 2351 et
3536 2296 3781 2367 purgabit

2198 2403 2381 2443 aream
2423 2403 2572 2443 suam
2618 2406 2632 2441 :
2676 2398 2731 2443 et
2766 2387 3113 2457 congregabit
3154 2388 3384 2442 triticum
3432 2389 3485 2442 in
3530 2388 3779 2445 horreum

2199 2493 2350 2533 suum
2396 2496 2410 2533 ε
2456 2479 2635 2548 paleas
2680 2490 2856 2533 autem
2900 2478 3179 2533 comburet
3218 2478 3322 2547 igni
3367 2478 3776 2551 inextinguibili.

2199 2569 2358 2629 Multa
2396 2570 2611 2638 quidem
2649 2579 2703 2625 et
2741 2569 2841 2623 alia
2881 2568 3172 2624 exhortans
3204 2585 3219 2620 :
3247 2568 3643 2639 evangelizabat
3676 2585 3777 2641 po-

2158 2660 2344 2741 pulo.
2392 2659 2427 2727 [ἢ
2452 2699 2465 2713 .
2496 2659 2685 2713 Amen.

2273 2748 2423 2803 Dicat
2454 2748 2632 2802 Presb.
2662 2747 2919 2803 Dominus
2943 2746 3014 2802 sit
3036 2761 3248 2815 semper
3269 2745 3565 2802 vobiscum.
3605 2747 3643 2816 ἡ
3663 2788 3680 2802 .
3710 2746 3780 2804 Et

516 2851 724 2891 eorum.
768 2835 897 2889 Nam
939 2835 984 2889 si
1028 2835 1378 2904 spiritualium
1423 2851 1606 2889 eorum
1654 2837 1939 2905 participes
1976 2838 2097 2893 faeti
2126 2840 2337 2919 {\cum.
2384 2838 2534 2893 Dicat
2571 2839 2787 2892 Chorus.
2813 2835 2840 2874 ά
2872 2838 3074 2891 Lauda.
3105 2838 3355 2907 Alleluia.
3400 2838 3435 2907 ᾗ
3461 2880 3474 2892 .
3506 2839 3654 2895 Mitte
3682 2854 3779 2893 no-

513 2937 642 2981 sunt
670 2925 931 2997 gentiles:
965 2926 1159 2981 debent
1186 2924 1311 2981 etin
1342 2926 1645 2980 carnalibus
1674 2927 1973 2982 ministrare
1996 2928 2094 2982 eis.
2173 2930 2280 2987 ibis
2320 2933 2544 2987 Domine
2584 2930 2837 2987 auxilium
2876 2931 2943 2987 de
2978 2939 3162 2987 sancto
3193 2948 3208 2987 :
3248 2940 3307 2986 et
3340 2931 3408 2987 de
3443 2931 3587 3002 Syon
3626 2941 3776 2988 tuere

518 3019 630 3074 lloc
678 3018 835 3088 igitur
879 3032 998 3073 cum
1046 3032 1488 3072 consummavero
1535 3024 1590 3072 et
1635 3017 1972 3086 assignavero
2016 3019 2098 3073 eis

516 3112 745 3165 fructum
791 3113 929 3166 hunc
975 3126 991 3167 :
1050 3108 1353 3179 proficiscar
1396 3124 1491 3179 per
1530 3124 1623 3164 vos
1668 3109 1721 3163 in
1768 3110 2091 3178 llispaniam.

517 3204 641 3260 Scio
667 3214 842 3259 autem
870 3206 1118 3272 quoniam
1159 3203 1378 3257 veniens
1418 3200 1481 3255 ad
1514 3216 1606 3256 vos
1636 3218 1649 3252 :
1684 3201 1736 3255 in
1776 3204 2092 3259 abundantia

515 3296 901 3351 bened2ctionis
927 3295 1125 3350 Christi
1158 3295 1386 3348 veniam.
1437 3293 1472 3360 ri}
1496 3330 1509 3345 .
1543 3294 1731 3347 Amen.

2199 3036 2297 3076 nos
2324 3023 2559 3093 alleluja.

2271 3111 2488 3167 Interim
2516 3114 2653 3183 quod
2681 3112 2876 3169 Chorus
2904 3113 3024 3167 dicit
3049 3113 3259 3182 alleluja
3294 3130 3308 3167 :
3338 3112 3486 3181 o/fert
3520 3114 3777 3170 Sacerdos

2199 3206 2415 3258 hostiam
2440 3220 2554 3258 cum
2591 3204 2748 3258 calice
2781 3215 2829 3258 et
2863 3219 2980 3257 cum
3008 3204 3318 3258 orationibus
3348 3220 3446 3272 que
3478 3216 3777 3274 sequuntur.

2271 3293 2628 3362 Acceptabilis
2667 3293 2739 3347 sit
2771 3292 3047 3361 'majestati
3089 3301 3178 3347 tue
3220 3292 3550 3361 omnipotens
3591 3302 3781 3348 eterna

588 3387 1031 3444 Dici.tSacerdos.
1052 3386 1303 3441 Dominus
1319 3358 1611 3454 sitsemper
1631 3384 1922 3440 vobiscum.
1945 3385 1979 3441 ti
2003 3425 2014 3439 .
2035 3386 2100 3441 Et
2122 3358 2339 3463 θρωπε
2371 3358 2469 3439 hec
2497 3384 2696 3439 oblatio
2728 3402 2743 3439 :
2775 3358 2932 3454 quam
2974 3383 3069 3438 tibi
3108 3358 3381 3438 offerimus
3415 3400 3507 3451 pro
3543 3384 3777 3439 restibus

517 3493 661 3531 cum.
919 3494 961 3542 ‘,

510 3570 685 3623 lectio
707 3571 868 3622 sancti
891 3514 1158 3640 Eu’angelii
1182 3569 1462 3622 srcundum
1485 3567 1677 3623 Lucam
1704 3571 1721 3639 (
1746 3578 1766 3603 "
1784 3569 1908 3635 Cap.
1936 3567 2029 3622 III
2051 3570 2094 3640 ).

602 3659 639 3725 πῆ
660 3699 673 3712 .
709 3660 925 3712 Cliens.
954 3658 1131 3711 Gloria
1165 3660 1256 3713 tibi
1286 3659 1531 3713 Domine.

588 3750 613 3786 ιι
645 3752 798 3803 Anno
826 3748 1218 3817 quintodecimo
1247 3748 1456 3817 Imperii
1480 3747 1677 3802 Tiberii
1698 3747 1906 3804 Cesaris
1932 3767 1944 3803 :
1975 3765 2099 3820 pro-

515 3851 735 3896 curante
768 3839 951 3894 l’ontio
981 3840 1147 3893 Pilato
1175 3840 1395 3895 Judeam
1426 3858 1438 3892 :
1472 3840 1756 3894 Tetrarchzt
1786 3850 1960 3893 autem
1992 3842 2097 3895 Gn-

517 3934 640 3987 lili-e
679 3931 887 3986 llerode
926 3947 938 3984 :
981 3930 1223 4001 Philippo
1251 3940 1426 3985 autem
1464 3929 1628 3986 fratre
1669 3931 1784 4000 ejus
1812 3932 2097 3986 Tetrarcha

512 4026 689 4082 lturee
728 4032 782 4079 et
818 4023 1170 4079 Traconitidis
1211 4023 1442 4093 regionis
1484 4040 1498 4079 :
1539 4032 1595 4079 et
1633 4022 1841 4079 Lisania
1891 4024 2100 4079 Abiline

515 4117 801 4173 Tetrarcha
856 4133 873 4172 :
927 4116 1028 4172 sub
1074 4116 1400 4187 principibus
1452 4116 1797 4172 Sacerdotum
1846 4119 1996 4171 Anna
2045 4126 2100 4171 et

515 4207 736 4277 Caipha.
770 4206 989 4262 Factum
1019 4216 1101 4262 est
1130 4209 1347 4263 verbum
1380 4205 1586 4261 Domini
1614 4220 1774 4275 super
1799 4204 2095 4260 Iohannem

515 4299 774 4354 Zacharie
804 4299 967 4354 filium
996 4298 1048 4353 in
1072 4297 1306 4353 deserto.
1339 4298 1405 4351 Et
1432 4297 1573 4351 venit
1600 4296 1650 4351 in
1682 4312 1892 4351 omnem
1923 4298 2097 4365 regio-

514 4406 635 4444 nem
679 4388 926 4444 .lordanis
968 4404 982 4441 :
1030 4388 1306 4457 predieans
1352 4388 1669 4457 baptismum
1712 4388 2001 4456 penitentie
2045 4388 2095 4441 in

513 4483 881 4538 remissionem
915 4490 1249 4552 peccatorum
1282 4498 1295 4533 :
1325 4481 1465 4535 sicut
1490 4482 1744 4548 scriptum
1773 4490 1854 4533 est
1883 4481 1934 4533 in
1961 4479 2094 4533 libro

512 4589 822 4630 sermonum
846 4574 1018 4643 Esaye
1041 4574 1316 4643 prephete.
1338 4572 1454 4625 Vox
1478 4571 1755 4626 clamantis
1776 4572 1828 4624 in
1850 4570 2093 4625 deserto:

514 4674 699 4734 parate
723 4666 857 4717 viam
888 4662 1092 4717 Domini
1128 4681 1140 4715 ε
1176 4671 1348 4717 rectas
1378 4662 1534 4718 facite
1563 4663 1778 4716 semitas
1807 4660 1941 4730 ejus.
1975 4660 2099 4716 Om-

509 4756 597 4809 nis
626 4754 780 4808 vallis
807 4753 1109 4822 itnplebitur
1136 4769 1150 4805 :
1183 4761 1238 4807 et
1262 4751 1435 4807 omnis
1466 4766 1618 4806 mons
1651 4760 1704 4805 et
1738 4752 1889 4805 collis
1929 4749 2101 4804 humi-
2166 4802 2169 4805 .

514 4844 748 4897 liabitur.
782 4844 846 4896 Et
870 4850 1027 4895 erunt
1051 4856 1214 4910 prava
1248 4842 1297 4894 in
1331 4842 1529 4895 directa
1561 4859 1571 4893 :
1603 4850 1657 4896 et
1687 4855 1872 4904 asiiera
1906 4843 1955 4894 in
1987 4841 2099 4895 vias

515 4936 700 5002 planas
732 4950 746 4985 :
781 4942 835 4987 et
865 4931 1063 4987 videbit
1096 4932 1269 4985 omnis
1296 4946 1423 4986 caro
1457 4932 1687 4985 salutare
1728 4931 1841 4984 Dei.
1887 4932 2100 4987 Dicebat

513 5038 640 5092 ergo
688 5022 754 5077 ad
802 5022 984 5077 turbas
1015 5034 1037 5061 ο
1069 5023 1159 5093 qui
1204 5021 1447 5077 exierant
1493 5031 1550 5076 ut
1597 5023 1989 5090 baptizarentur
2031 5025 2099 5076 ab

510 5096 649 5185 Rise.
696 5114 972 5171 Cenimina
1012 5114 1313 5185 viperarum
1345 5130 1361 5167 :
1406 5115 1524 5185 quis
1562 5116 1793 5169 ostendit
1833 5115 1982 5170 vobis
2020 5116 2100 5170 fu-

517 5226 645 5279 gere
674 5228 701 5267 a
729 5220 949 5269 ventura
981 5210 1090 5265 ira?
1130 5210 1309 5264 Facite
1344 5223 1471 5278 ergo
1503 5208 1704 5263 fruetus
1734 5209 1922 5277 dignos
1953 5210 2098 5278 peni-

516 5304 681 5357 tentie
728 5320 743 5358 :
790 5312 842 5360 et
889 5318 958 5357 ne
1003 5300 1252 5371 ceperitis
1302 5299 1479 5355 dicere
1527 5316 1541 5354 :
1595 5311 1797 5369 patrem
1845 5300 2097 5357 habemus

599 5477 620 5502 “
648 5469 775 5533 Cap.
804 5468 927 5523 ΙΙΙ.
963 5472 1113 5527 Vers.
1147 5469 1295 5525 1-18.

593 5537 620 5575 b
649 5541 787 5612 hlein
833 5544 1190 5612 _l'Lvangelitlm
1246 5540 1437 5612 legitur
1486 5540 1537 5595 in
1589 5540 1785 5595 Missali
1847 5540 2092 5597 Romano

522 5606 677 5663 Dom.
707 5609 739 5660 4
772 5606 1058 5664 Adventus.

596 5690 618 5716 ο
654 5680 750 5743 Qui
777 5680 1016 5733 exierant.
1060 5683 1271 5750 Vulgata
1301 5689 1354 5736 et
1385 5683 1499 5737 alim
1528 5696 1656 5752 quas
1682 5682 1785 5737 vidi
1818 5683 2093 5739 versiones

525 5748 723 5808 habent
758 5752 981 5803 exibant.

2198 3489 2251 3533 et
2279 3477 2601 3533 facinoribus
2634 3477 2832 3535 nostris
2860 3493 2874 3531 :
2905 3484 2960 3531 et
3001 3490 3096 3544 pro
3136 3475 3423 3530 stabilitate
3463 3486 3645 3531 sancte
3677 3490 3775 3531 ca-

2197 3568 2395 3621 tholice
2426 3577 2482 3622 et
2515 3565 2803 3636 apostolico
2845 3565 2965 3620 fldei
3002 3563 3337 3619 cultoribus:
3373 3578 3466 3632 per
3503 3564 3773 3619 Christum

2201 3658 2480 3712 Dominum
2524 3666 2785 3712 nostrum.
2830 3656 2886 3711 In
2922 3655 3137 3711 nomine
3179 3654 3350 3709 Patris
3382 3659 3440 3718 ᾗ
3473 3666 3528 3711 et
3567 3654 3683 3710 Filii
3720 3663 3777 3711 et

2198 3751 2424 3821 Spiritus
2450 3750 2653 3806 Sancti.
2688 3748 2879 3804 Amen.

2272 3842 2583 3897 Dimi:tendo
2614 3850 2851 3910 patrnam
2887 3855 3041 3908 super
3063 3838 3373 3910 corporales.
3416 3837 3610 3894 Deinde
3636 3837 3777 3891 acci-

2201 3935 2307 4001 piat
2335 3934 2540 3987 calicem
2568 3933 2934 4001 sanctiﬁcando
2962 3934 3055 3986 sic.
3090 3932 3145 3986 lu
3175 3930 3390 3986 nomine
3420 3929 3590 3985 Patris
3627 3934 3687 3991 ἦ(
3721 3937 3781 3983 et

2201 4026 2319 4080 Filii
2350 4036 2404 4079 et
2429 4024 2661 4094 Spiritus
2689 4025 2869 4080 Smcti
2898 4039 3075 4078 amett.

2274 4117 2471 4170 Oratio.
2516 4115 2802 4171 Oﬂ‘erinms
2842 4115 2939 4169 tibi
2987 4114 3206 4169 Domine
3244 4113 3467 4168 calicem
3506 4113 3571 4167 ad
3616 4114 3781 4169 bene-

2199 4206 2478 4259 dicendum
2507 4206 2815 4275 s'anguinem
2840 4205 3039 4260 Christi
3068 4205 3159 4259 lilii
3190 4204 3263 4258 tui
3291 4205 3379 4274 :3
3404 4206 3781 4272 deprecamur-

2198 4309 2303 4360 que
2344 4294 2679 4349 clementiam
2718 4304 2859 4349 tuam
2901 4311 2913 4346 :
2956 4303 3012 4348 ut
3050 4305 3175 4349 ante
3212 4305 3555 4363 conspectum
3594 4294 3781 4350 divine

2201 4386 2494 4455 maiestatis
2532 4396 2621 4441 tue
2650 4402 2667 4441 :
2698 4401 2817 4441 cum
2846 4386 3012 4441 odore
3048 4386 3323 4441 suavitatis
3362 4384 3635 4439 ascendat.
3679 4386 3782 4441 Per

2201 4477 2426 4531 eundem
2454 4475 2727 4531 Christum
2755 4476 3034 4531 Dominum
3065 4485 3300 4530 nostrum
3331 4488 3525 4539 amem,

2274 4565 2444 4619 Ponat
2490 4566 2700 4620 calicem
2744 4582 2897 4635 super
2935 4581 3080 4619 aram
3107 4580 3127 4618 :
3158 4574 3205 4618 et
3255 4565 3471 4635 accipiat
3502 4573 3526 4601 °
3561 4563 3779 4630 ﬁliolam

2200 4658 2309 4713 sine
2328 4659 2724 4727 sanctiﬁcatione
2748 4667 2794 4711 et
2822 4670 2976 4726 ponat
3000 4673 3154 4727 super
3179 4658 3388 4711 calicem
3413 4657 3629 4711 dicendo
3672 4658 3772 4711 sic.

2275 4750 2471 4803 Oratio.
2502 4749 2652 4806 llanc
2700 4750 3022 4805 oblationem
3053 4763 3343 4818 quesumus
3382 4748 3608 4805 Domine
3658 4749 3772 4817 pla-

2197 4851 2351 4896 catus
2400 4842 2621 4897 admitte
2652 4859 2665 4894 :
2697 4850 2751 4896 et
2787 4843 3028 4897 omnium
3068 4840 3404 4896 offerentium
3453 4857 3636 4895 eorum
3680 4857 3776 4910 pro

2200 4932 2386 5003 quibus
2431 4932 2525 4987 tibi
2567 4932 2785 4988 offertur
2814 4942 3029 5001 peccata
3076 4930 3307 5002 indulge.
3356 4931 3457 4987 Per
3505 4933 3774 4987 Christum

2199 5027 2480 5081 Dominum
2535 5034 2774 5083 nostrum
2822 5041 3001 5082 amen.
3036 5023 3101 5078 Et
3130 5026 3265 5079 dicat
3312 5025 3501 5094 iunctis
3542 5026 3777 5078 manibus

2198 5117 2493 5172 inclinanda
2518 5133 2589 5172 se.

2271 5209 2472 5261 Oratio.
2506 5207 2560 5261 ln
2599 5208 2789 5277 spiritu
2821 5206 3133 5262 humilitatis
3158 5215 3211 5261 et
3246 5204 3300 5260 in
3330 5205 3509 5259 animo
3544 5204 3778 5259 contrito

2192 5298 2547 5367 suscipiantur
2578 5300 2798 5354 Domine
2823 5313 2852 5351 a
2883 5308 2935 5353 te
2973 5316 2987 5351 :
3024 5309 3078 5353 et
3105 5299 3183 5354 sic
3203 5298 3294 5352 fiat
3322 5296 3640 5353 sacriﬁcium
3675 5312 3778 5352 no-

2269 5476 2294 5515 ά
2330 5476 2526 5531 Lauda.
2562 5476 2650 5530 Ps.
2683 5491 2791 5538 xix,
2822 5477 2876 5530 5.
2908 5474 3107 5530 Textus
3148 5472 3436 5544 Scriptum
3465 5487 3775 5527 accommo-

2196 5548 2354 5605 datur
2384 5549 2446 5601 ad
2482 5562 2717 5614 pra-setis
2748 5545 3005 5600 officium.

2274 5629 2299 5699 ξ
2326 5612 2593 5674 Filiolam.
2624 5617 2871 5684 llispanis
2901 5617 3064 5685 ﬁliola
3097 5615 3288 5670 dicitur
3316 5612 3453 5684 palla
3484 5627 3584 5683 qua
3632 5614 3772 5669 calix

2199 5698 2408 5757 tegitur.
