4058 6178
270 355 384 412 115

269 561 420 615 mine
443 558 605 613 Deus.
633 554 765 609 Veni
785 554 980 610 Sancte
1002 553 1232 621 Spiritus
1253 552 1612 608 sanctiﬁcator
1634 553 1865 608 :sancti-

270 651 371 705 lica
404 649 505 703 hoc
526 646 846 703 sacriﬁcium
867 645 936 700 de
957 646 1199 700 manibus
1224 644 1357 699 meis
1385 643 1478 700 tibi
1501 652 1858 714 preparatum.

342 739 452 794 Hic
471 747 627 809 ponat
652 752 915 792 incensum
942 737 995 789 in
1026 735 1287 789 thuribulo
1329 744 1379 789 et
1406 736 1629 791 incenset
1657 736 1863 805 sacriﬁ-

271 834 415 887 cium
428 832 475 885 si
496 830 741 900 placuerit
758 845 777 883 :
788 838 960 898 postea
986 828 1192 882 inclinet
1211 844 1265 882 se
1289 826 1542 883 Sacerdos
1566 828 1619 882 in
1637 829 1863 884 medium

272 924 465 978 altaris
488 924 686 994 junctis
720 921 953 974 manibus
975 936 993 972 :
1017 927 1074 972 ιι·
1109 918 1246 971 dicat
1277 916 1387 971 alta
1422 933 1559 972 voce.
1602 917 1863 987 Adjuvate

272 1030 364 1071 me
409 1014 603 1068 fratres
631 1011 684 1065 in
715 1009 1048 1066 orationibus
1075 1008 1265 1063 vestris
1293 1017 1349 1065 et
1377 1017 1531 1063 orate
1560 1023 1654 1077 pro
1680 1022 1767 1063 me
1794 1008 1861 1063 ad

275 1108 472 1164 Deum.
512 1107 708 1161 Chorus
736 1104 1063 1175 respondeat.
1107 1101 1339 1171 Adjuvet
1362 1109 1414 1157 te
1438 1100 1597 1157 Pater
1619 1109 1674 1157 et
1696 1099 1861 1157 Filius

274 1210 328 1256 et
354 1199 585 1267 Spiritus
611 1198 864 1253 Sanctus.
1505 1267 1509 1271 ν

345 1287 418 1341 Et
446 1288 702 1342 Sacerdos
727 1294 880 1339 vertat
908 1303 963 1340 se
981 1287 1051 1340 ad
1077 1287 1369 1357 populum;
1395 1294 1445 1340 et
1466 1284 1627 1353 faciat
1652 1283 1861 1351 o/I'erto—

274 1379 415 1432 rium
438 1380 486 1431 si
512 1379 747 1432 voluerit.
780 1375 847 1429 Et
876 1378 1012 1431 dicat
1042 1375 1263 1433 Chorus.
1594 1444 1597 1445 ν

346 1469 702 1537 Sacri/icium.
746 1467 1011 1536 Regnabit
1060 1466 1318 1522 Dominus
1368 1467 1421 1521 in
1476 1456 1858 1522 HieruSaiem:

275 1569 332 1616 et
376 1561 430 1613 in
476 1566 765 1628 conspectu
810 1559 1084 1613 seniorum
1134 1558 1373 1628 alleluja.
1441 1558 1515 1626 ᾗ.
1576 1558 1685 1612 iiec
1731 1557 1864 1612 dicit

284 1648 546 1704 Dominus
578 1669 593 1704 :
628 1648 730 1703 erit
758 1647 909 1718 quasi
934 1657 1084 1717 pater
1113 1648 1471 1713 habitantibus
1499 1648 1860 1704 iiierusalem:

278 1752 330 1795 et
381 1737 472 1809 qui
514 1738 773 1793 inhabth
822 1739 875 1792 in
924 1739 1191 1809 Syonzet
1244 1737 1385 1792 dabo
1429 1738 1632 1793 clavem
1670 1739 1861 1793 domus

994 348 1289 407 MISSALE
1329 343 1602 407 MIXTUM
1644 345 1795 406 SEC.
1841 346 2002 404 REG.
2048 348 2107 404 Β.
2152 348 2423 407 iSiDORi.
2463 378 2535 394 -ο
2573 352 2748 411 PARS
2786 351 2827 408 i.

269 475 443 523 strum
469 482 482 517 :
505 471 561 517 ut
587 477 617 517 a
641 473 696 517 te
716 460 1069 530 suscipiamur
1091 461 1283 517 hodie:
1304 469 1361 516 ut
1390 461 1597 530 placeat
1625 460 1718 517 tibi
1747 461 1853 516 Do-
1877 461 1928 520 Δ
1954 459 2134 532 Ag‘yos

3442 355 3541 411 iii

2178 478 2195 520 :
2238 476 2401 533 agyos
2442 479 2459 518 :
2500 478 2685 535 agyos.
2738 465 2962 522 Domine
3008 465 3150 521 Deus
3200 466 3311 522 ilex
3358 476 3545 525 eterne

1965 550 2064 607 tibi
2109 551 2292 607 laudes
2320 563 2375 608 et
2416 555 2635 623 gratias.
2669 554 2857 610 Postea
2885 557 3023 610 dicat
3054 556 3330 615 Prcsbiter.
3361 561 3547 616 Eccle-

1964 642 2099 696 siam
2141 652 2380 698 sanetam
2427 644 2747 701 catholicam
2788 647 2841 701 in
2892 650 3223 703 orationibus
3262 650 3315 705 in
3366 662 3547 706 mente

1963 731 2252 788 habeamus
2276 752 2288 787 :
2317 744 2372 788 ut
2411 749 2529 791 eam
2578 736 2831 792 Dominus
2860 737 2963 793 ﬁde
2989 746 3043 793 et
3087 755 3181 809 spe
3206 751 3261 794 et
3287 740 3545 795 eharitate

1963 822 2235 893 pr0pieius
2274 825 2534 894 ampliare
2562 825 2815 898 dignetur
2839 842 2857 882 :
2887 843 3075 885 omnes
3104 829 3281 899 lapsos
3306 830 3546 901 captivos

1963 912 2204 970 inﬁrmos
2245 923 2407 986 atque
2458 918 2768 988 peregrinos
2805 919 2858 973 in
2906 929 3084 975 mente
3131 921 3458 976 habeamus:
3490 930 3547 975 ut

1963 1020 2059 1063 eos
2102 1007 2357 1064 Dominus
2382 1010 2657 1080 propicius
2700 1012 2971 1068 redimere
2996 1029 3011 1065 :
3034 1026 3225 1067 sanare
3253 1022 3307 1068 et
3332 1015 3548 1067 contor-

1963 1107 2076 1155 tare
2104 1100 2369 1170 dignetur.
2416 1104 2452 1172 ἡ
2474 1143 2489 1159 .
2533 1103 2752 1161 Chorus.
2781 1106 2968 1161 Presta
2999 1115 3183 1163 eterne
3210 1105 3547 1175 omnipotens

1962 1190 2125 1247 Deus.
2162 1192 2308 1247 Dicat
2336 1194 2533 1250 Chorus
2562 1193 2591 1234 δ
2618 1197 2776 1251 aliam
2797 1198 3097 1252 orationem.
3244 1190 3249 1195 ”

2034 1284 2261 1340 Puriﬁca
2291 1286 2517 1341 Domine
2548 1288 2689 1345 Deus
2713 1290 2872 1345 Pater
2892 1290 3235 1359 omnipotens
3272 1299 3545 1359 pectorum

1961 1374 2195 1428 archana
2237 1385 2541 1433 nostrorum
2574 1393 2590 1433 :
2620 1388 2953 1449 cunctasque
2995 1379 3264 1452 py0picius
3312 1379 3549 1433 maculas

1961 1464 2122 1519 ablue
2164 1475 2501 1532 peccatorum
2533 1483 2547 1519 :
2579 1480 2642 1521 ac
2683 1478 2859 1536 presta
2903 1468 3127 1523 Domine
3154 1485 3169 1523 :
3195 1476 3253 1521 ut
3288 1468 3548 1523 beneﬁcio

1965 1555 2173 1622 pietatis
2193 1566 2278 1610 tue
2300 1557 2496 1611 nostris
2514 1556 2827 1611 criminibus
2844 1556 3114 1611 emundati
3137 1577 3147 1609 :
3169 1558 3537 1615 metuendum:

1964 1646 2365 1717 terribilemque
2405 1647 2688 1702 adventum
2737 1646 2949 1701 Domini
2992 1649 3156 1701 nostri
3196 1647 3321 1701 Jesu
3350 1647 3548 1701 Cill'isli

1968 1739 2058 1792 lilii
2103 1740 2174 1794 tui
2211 1750 2553 1810 expectemus
2594 1740 2847 1795 interriti.
2887 1740 3079 1810 Sicque
3122 1748 3174 1794 te
3213 1746 3545 1795 miserante:

279 1831 447 1886 David
498 1844 661 1897 super
715 1830 969 1884 humeros
1016 1828 1132 1898 ejus
1162 1838 1217 1883 et
1260 1828 1466 1898 aperiet
1498 1847 1515 1885 :
1542 1837 1596 1884 et
1622 1845 1728 1884 non
1776 1838 1858 1885 est
1888 1811 1937 1873 Β
1966 1828 2051 1884 hic
2075 1830 2349 1899 percipere
2370 1845 2675 1885 mereamur
2697 1830 2934 1885 omnium
2958 1832 3167 1885 veniam
3190 1832 3502 1886 delictorum
3528 1848 3545 1880 :

278 1922 367 1992 qui
393 1921 610 1976 claudat
638 1920 968 1976 Hierusalem
994 1919 1233 1988 alleluia.

347 2011 455 2064 Hic
500 2011 719 2076 accipiat
764 2009 1016 2065 Sacerdos
1051 2024 1236 2074 aquam
1263 2009 1319 2062 in
1364 2009 1600 2063 manibus
1639 2018 1685 2063 et
1722 2010 1859 2063 dicat

279 2104 481 2156 silentio
510 2119 665 2170 super
685 2102 991 2156 oblationem
1016 2117 1129 2155 cum
1154 2103 1313 2155 tribus
1338 2102 1531 2173 digitis.
1560 2101 1616 2156 in
1642 2106 1860 2159 nomine

283 2194 453 2248 Patris
484 2200 546 2257 iis
579 2202 636 2248 et
663 2193 785 2248 Filii
833 2202 887 2246 et
913 2192 1143 2261 Spiritus
1172 2192 1354 2249 Sancti
1400 2207 1589 2263 regnas
1619 2193 1763 2249 Deus
1805 2196 1860 2251 in

281 2289 464 2342 secula
494 2288 796 2341 seculorum
828 2300 1009 2339 amen.

344 2379 572 2431 inclinet
593 2394 646 2431 se
670 2385 786 2431 ante
808 2376 985 2430 Altare
1012 2384 1059 2432 et
1086 2377 1224 2431 dicat
1250 2376 1304 2430 in
1333 2376 1531 2431 silentio
1561 2380 1711 2432 istaut
1742 2393 1863 2432 ora-

280 2469 493 2523 tionem.

351 2561 616 2615 Accedam
640 2560 705 2614 ad
737 2569 788 2616 te
818 2560 871 2615 in
901 2562 1198 2617 humilitate
1231 2562 1452 2632 spiritus
1485 2562 1592 2617 mei
1624 2579 1639 2619 :
1674 2562 1863 2633 loquar

286 2653 522 2721 tezquia
556 2654 775 2706 multam
822 2667 971 2721 spem
1002 2652 1366 2708 fortitudinem
1415 2652 1607 2707 dedisti
1653 2668 1778 2709 me:
1810 2661 1863 2708 lu

279 2758 409 2813 ergo
458 2744 534 2798 liii
572 2745 738 2799 David
790 2746 880 2816 qui
930 2747 1199 2802 revelatus
1244 2745 1537 2818 mysterio:
1566 2744 1632 2799 ad
1672 2760 1769 2800 nos
1810 2745 1863 2800 in

284 2854 501 2893 carnem
534 2841 730 2895 venisti
756 2858 768 2894 :
792 2842 945 2897 clave
972 2841 1147 2897 crucis
1184 2852 1271 2896 tue
1317 2850 1521 2896 secreta
1553 2843 1729 2896 cordis
1758 2841 1864 2897 mei

286 2932 501 3000 adaperi
533 2950 548 2986 :
580 2934 797 2988 mittens
837 2950 997 2988 unum
1040 2935 1111 2989 de
1163 2934 1443 3004 Seraphim
1491 2936 1580 3003 qui
1631 2934 1865 2989 candens

282 3024 442 3077 carbo
468 3024 562 3079 ille
604 3024 692 3094 qui
729 3026 796 3080 de
840 3024 995 3080 altari
1041 3035 1131 3079 tuo
1160 3026 1398 3087 sublatus
1446 3034 1529 3079 est
1556 3026 1865 3080 :sordentia

282 3113 416 3169 labia
464 3131 585 3171 mea
624 3117 877 3173 emundet
924 3135 937 3171 :
989 3126 1224 3173 mentem
1267 3128 1321 3173 et
1350 3117 1541 3185 juhilet
1581 3137 1596 3173 :
1637 3117 1860 3173 docendi

284 3208 562 3262 materiam
590 3208 960 3263 subministret
991 3226 1006 3263 :
1039 3218 1097 3263 ut
1127 3209 1304 3277 lingua
1335 3223 1439 3279 que
1491 3212 1862 3278 proximorum

286 3297 503 3352 utilitati
561 3312 657 3367 per
708 3299 1018 3353 charitatem
1068 3300 1233 3354 servit
1281 3313 1350 3354 ne
1402 3298 1602 3355 erroris
1652 3299 1867 3354 insonet

288 3402 474 3443 casum
511 3405 525 3442 :
558 3389 653 3444 sed
682 3390 918 3445 veritatis
958 3392 1180 3445 resultet
1228 3391 1345 3447 sine
1371 3390 1476 3447 ﬁne
1506 3393 1815 3461 precoaium
1847 3407 1864 3448 :

283 3492 380 3547 per
426 3489 480 3536 te
528 3480 669 3536 Deus
697 3496 890 3537 meus:
921 3482 1010 3552 qui
1046 3482 1182 3538 vivis
1228 3490 1285 3538 et
1335 3497 1527 3553 regnas
1581 3483 1635 3538 in
1685 3484 1865 3538 secula

283 3572 591 3628 seculorum
630 3589 809 3629 amen.

358 3674 388 3703 ι
439 3665 628 3737 Incipit
658 3662 844 3722 Missa.
876 3666 1025 3723 Dicat
1050 3667 1233 3724 Presb.
1268 3669 1525 3725 Dominus
1553 3668 1624 3725 sit
1651 3683 1865 3740 semper

284 3756 586 3814 vobiscum.
631 3760 672 3828 ἡ
710 3759 776 3814 Et
802 3773 946 3814 cum.

356 3849 562 3903 Oratio.
622 3848 923 3904 Adventum
982 3849 1195 3905 Domini
1258 3850 1425 3905 nostri
1488 3848 1617 3905 Jesu
1669 3847 1867 3905 Christi

284 3937 489 3995 fratres
536 3938 872 3995 dilectissimi
899 3941 1038 3995 votis
1065 3940 1317 3997 omnibus
1347 3940 1702 4009 prestolantes
1730 3955 1745 3992 :
1772 3938 1865 3994 Dei

288 4029 460 4096 patris
490 4030 931 4100 omnipotentiam
958 4030 1308 4099 imploremus
1340 4047 1355 4085 :
1388 4042 1444 4085 ut
1472 4030 1635 4086 corda
1681 4038 1866 4085 nostra

280 4120 532 4189 puriﬁcet
551 4137 564 4173 :
581 4127 637 4175 et
654 4134 882 4191 corpora
908 4122 1243 4178 immaculata
1262 4130 1565 4177 conservet.
1589 4122 1687 4178 Det
1713 4121 1869 4176 abili-

282 4218 451 4265 tatem
473 4210 711 4267 ﬁdelium
734 4213 1001 4269 mentibus
1026 4213 1248 4270 ﬁdeliter
1260 4227 1501 4284 quaerere
1522 4212 1692 4282 :quod
1711 4211 1867 4267 saluti

282 4302 454 4369 possit
480 4302 762 4371 prodesse.
794 4303 1148 4372 Expectemus
1172 4304 1498 4360 conscientia
1529 4318 1719 4359 secura
1743 4318 1868 4359 ven-

283 4398 469 4445 turum
502 4409 518 4445 :
556 4407 717 4461 quem
769 4408 929 4462 super
958 4406 1170 4449 omnem
1203 4393 1553 4462 principatum
1602 4400 1659 4447 et
1705 4400 1863 4461 pote-

1960 1930 2019 1976 ut
2044 1932 2189 1975 tuum
2223 1922 2275 1977 in
2307 1922 2484 1977 futuro
2513 1921 2767 1993 judicium
2797 1923 2951 1979 nobis
2990 1923 3284 1977 sentiamus
3326 1922 3545 1976 omnino

1962 2013 2300 2068 mitissimum
2334 2030 2347 2067 :
2380 2023 2436 2068 et
2479 2014 2701 2069 dextere
2742 2023 2831 2068 tue
2880 2014 3165 2082 participes
3215 2012 3338 2067 facti
3372 2031 3383 2066 :
3413 2029 3441 2066 a
3489 2023 3544 2067 te

1961 2116 2262 2157 mereamur
2277 2112 2526 2172 perpetue
2550 2104 2655 2158 vite
2673 2104 2944 2173 percipere
2967 2103 3224 2172 premium
3251 2120 3265 2160 :
3292 2113 3546 2172 tuumque

1960 2207 2353 2263 consequamur
2367 2196 2615 2251 invictum
2632 2197 2889 2251 inﬁnitum
2903 2206 2955 2251 ct
2970 2195 3308 2251 fortissimum
3323 2213 3545 2268 regnum

1978 2285 2016 2353 ti
2038 2325 2052 2338 .
2078 2288 2269 2341 Amen.
2297 2286 2445 2340 Dicat
2475 2286 2650 2341 Presb.
2672 2287 2776 2342 Per
2797 2288 3213 2343 misericordiam
3239 2299 3380 2344 tuam
3408 2288 3548 2343 Deus

1964 2385 2146 2432 noster
2198 2378 2251 2432 in
2296 2380 2447 2447 cujus
2494 2390 2783 2449 conspectu
2822 2394 3128 2437 sanctorum
3170 2383 3549 2453 Apostolorum

1962 2476 2017 2523 et
2044 2468 2333 2539 Martyrum
2357 2469 2732 2526 Confessorum
2762 2480 2922 2543 atque
2950 2473 3224 2543 Virginum
3250 2474 3305 2545 4,
3331 2472 3547 2528 nomina

1965 2562 2275 2614 recitantur.
2324 2562 2360 2630 ἢ
2382 2601 2396 2614 .
2429 2560 2643 2617 Chorus.
2684 2564 2874 2618 Amen.
2908 2563 3058 2618 Dicat
3098 2564 3277 2619 I’resb.
3309 2566 3547 2620 Otii-runt

1965 2651 2077 2707 Deo
2105 2651 2328 2706 Domino
2350 2652 2673 2707 oblationem
2702 2654 3018 2710 Sacerdotes
3041 2657 3207 2711 nostri
3234 2674 3248 2709 :
3276 2657 3413 2727 Papa
3441 2656 3548 2710 Ro-

1966 2744 2166 2798 mensis
2199 2760 2212 2796 :
2245 2754 2299 2799 et
2329 2742 2518 2813 reliqui
2551 2759 2644 2814 pro
2673 2759 2744 2799 se
2759 2753 2816 2801 et
2841 2760 2935 2815 pro
2961 2747 3105 2802 omni
3133 2747 3278 2801 clero
3323 2762 3386 2802 ac
3405 2748 3545 2817 -ple-

1967 2833 2119 2889 hihus
2158 2835 2383 2890 ecelesie
2408 2836 2619 2890 sibimet
2655 2837 2979 2907 consignatis
3012 2855 3023 2891 :
3057 2837 3141 2892 vel
3172 2853 3269 2906 pro
3295 2832 3547 2893 universa

1966 2926 2300 2984 fraternitate
2327 2945 2342 2983 :
2373 2930 2502 2984 item
2540 2929 2772 2985 offerunt
2810 2931 3042 2985 universi
3086 2930 3375 2986 Presbiteri
3423 2932 3547 2985 Dia-

1966 3020 2125 3075 choni
2155 3039 2171 3074 :
2199 3022 2389 3078 Clerici
2414 3038 2475 3078 ac
2498 3024 2674 3093 populi
2697 3024 3135 3079 circumastantes
3168 3040 3181 3078 :
3214 3025 3265 3078 in
3290 3025 3547 3079 honorem

1968 3118 2273 3166 Sanctorum
2302 3129 2397 3183 pro
2420 3129 2479 3168 se
2504 3115 2707 3169 etsuis.
2753 3114 2789 3183 ri
2812 3154 2824 3168 .
2851 3113 3069 3169 Chorus.
3099 3112 3337 3170 Oii‘ezunt
3362 3130 3457 3185 pro
3486 3130 3548 3170 se

1969 3210 2023 3256 et
2046 3217 2140 3270 pro
2166 3203 2409 3256 universa
2437 3202 2786 3257 fraternitate.

2038 3290 2186 3343 Dicat
2213 3291 2489 3347 Sacerdos.
2526 3292 2803 3347 Facientes
2826 3293 3391 3347 commemorationem
3422 3293 3549 3347 bea-

1968 3379 2304 3460 tissimorum,
2355 3384 2727 3451 Apostolorum
2781 3392 2837 3437 et
2890 3384 3174 3454 Martyrum
3243 3400 3259 3438 :
3319 3384 3550 3453 gloriose

1966 3470 2163 3527 Sancte
2189 3473 2352 3528 Marie
2378 3473 2629 3539 Virginis.
2668 3474 2947 3529 Zacharie.
2982 3476 3224 3547 Joannis.
3258 3476 3544 3532 infantmn.

1971 3561 2138 3639 P_etri.
2185 3562 2353 3619 Pauli.
2414 3564 2695 3619 Johannis.
2746 3565 2950 3620 Jacobi.
3012 3565 3246 3621 Andree.
3295 3566 3546 3636 Philippi.

1966 3649 2197 3706 'i‘honze.
2240 3652 2617 3707 Bartholomei.
2670 3653 2908 3708 Matthei.
2953 3654 3160 3711 Jacobi.
3204 3655 3451 3725 Symonis
3494 3665 3550 3711 et

1872 3794 1877 3797 .
1966 3736 2122 3794 Jude.
2148 3741 2387 3795 Matthie.
2410 3739 2574 3795 Marci
2595 3750 2648 3796 et
2669 3741 2835 3797 Luce.
2875 3743 2912 3812 ii
2934 3783 2948 3798 .
2976 3744 3194 3800 Chorus.
3219 3745 3287 3799 Et
3308 3746 3549 3801 omnium

1969 3831 2280 3901 Martyrum.
2326 3830 2473 3884 Dicat
2500 3832 2779 3888 Sacerdos.
2820 3833 2950 3889 item
2984 3851 3079 3904 pro
3107 3837 3380 3905 spiritibus
3416 3854 3550 3908 pau-

1969 3921 2221 3976 santium.
2266 3920 2472 3975 Hilarii.
2516 3922 2818 3978 Athanasii.
2846 3924 3079 3980 Martini.
3119 3927 3407 3984 Ambrosii.
3442 3932 3552 3987 Au-

1966 4015 2184 4086 gustini.
2230 4014 2510 4085 Fulgentii.
2556 4016 2807 4073 Leandri.
2858 4017 3068 4074 isidori.
3100 4019 3291 4076 David.
3331 4022 3551 4082 Juliani.

1970 4107 2100 4161 item
2127 4106 2345 4161 Juliani.
2377 4107 2539 4162 Petri.
2572 4107 2701 4162 item
2738 4109 2903 4162 Petri.
2931 4110 3210 4165 Johannis.
3250 4113 3402 4167 Servi
3432 4116 3547 4172 Dei.

1972 4197 2464 4253 Visitani.Viven'i.
2497 4196 2676 4254 Felici.
2707 4199 2961 4268 Cipriani.
2986 4199 3269 4254 Vincentii.
3290 4202 3547 4259 Gerontii.

1970 4285 2246 4342 Zacharie.
2271 4288 2542 4358 Cenapoii.
2587 4288 2868 4344 Dominici.
2912 4288 3070 4346 Justi.
3105 4290 3400 4347 Saturnini.
3431 4292 3552 4349 Sal-
3614 4346 3617 4347 ν

1973 4381 2103 4435 vati.
2158 4381 2285 4437 item
2328 4383 2553 4437 Salvati.
2587 4383 2863 4438 Bernardi.
2912 4383 3217 4441 Reimundi.
3263 4386 3547 4443 Johannis.

278 4490 453 4536 states
480 4481 752 4538 credimus
794 4484 1107 4539 exaltatum.
1133 4483 1313 4540 Simus
1340 4485 1506 4538 etiam
1539 4497 1632 4552 per
1654 4482 1862 4552 singula
1894 4509 1948 4570 Β
1972 4472 2279 4570 (ieiebruni.
2325 4473 2657 4570 Gundisaivi:
2687 4474 2915 4570 Martini.
2947 4478 3215 4570 lloderici.
3267 4479 3546 4535 Johannis.

280 4584 557 4629 ωοιιιεηιε
603 4575 815 4631 solliciti
847 4592 862 4629 ε
891 4584 951 4630 ιη
992 4591 1292 4631 mereamur
1315 4576 1513 4631 habere
1568 4575 1867 4645 propicium
1896 4562 1938 4570 "
1976 4562 2200 4619 Guterii.
2225 4565 2424 4620 Sancii.
2466 4566 2593 4622 item
2624 4566 2822 4622 Sancii.
2856 4567 3131 4624 Dominici.
3164 4567 3380 4624 Juliani.
3424 4570 3546 4625 Phia

279 4680 446 4733 quem
475 4666 749 4722 credimus
789 4678 845 4723 et
888 4668 1119 4724 fatemur
1143 4668 1208 4722 ad
1237 4668 1557 4738 judicandos
1589 4683 1689 4724 nos
1715 4668 1871 4725 vivos

278 4766 336 4812 et
368 4770 613 4813 mortuos
640 4759 693 4814 in
726 4760 890 4829 gloria
922 4775 1039 4816 esse
1068 4769 1374 4817 venturum.
1421 4760 1460 4830 ἡ
1482 4800 1496 4813 .
1534 4763 1727 4814 Amen.

356 4847 515 4902 Dicat
547 4848 729 4904 Presb.
753 4852 856 4907 Per
882 4850 1299 4909 misericordiam
1330 4860 1472 4906 tuam
1504 4852 1642 4907 Deus
1690 4860 1871 4907 noster

281 4942 377 5010 qui
418 4956 480 4997 es
521 4942 834 4998 benedictus
871 4953 927 5000 et
953 4944 1087 5000 vivis
1125 4954 1183 5001 et
1206 4944 1383 5000 omnia
1410 4944 1555 5014 regis
1593 4942 1648 4998 in
1689 4944 1869 5000 secula

277 5033 614 5088 seculorum.
660 5035 698 5101 ἢ
720 5073 733 5087 .
767 5037 957 5090 Amen.

356 5124 515 5179 Dicat
550 5125 725 5181 Presb.
753 5127 993 5182 elevando
1020 5143 1223 5183 manus.
1263 5127 1512 5185 Oremus.
1554 5128 1591 5197 ἢ
1612 5167 1628 5183 .
1652 5127 1872 5182 Chorus.

356 5296 385 5325 ε
423 5284 623 5361 Incipit
654 5288 840 5344 Missa.
867 5293 993 5348 iizec
1023 5294 1197 5347 oratio
1226 5294 1439 5361 proprio
1468 5293 1684 5349 nomine
1718 5295 1874 5349 missa

280 5358 615 5425 appellatur,
647 5371 837 5432 estque
864 5365 1027 5427 prima
1059 5358 1269 5418 illarum
1299 5358 1499 5427 septem
1529 5365 1827 5419 orationum
1850 5407 1866 5432 ,

275 5443 423 5502 quas
453 5430 971 5502 sanctusilsuiorus,
1003 5434 1095 5487 lib.
1140 5450 1154 5487 l
1189 5435 1256 5488 de
1296 5434 1398 5487 ΟΠ.
1433 5433 1590 5495 ecci.,
1620 5450 1741 5502 cap.
1783 5430 1869 5499 id,

278 5498 549 5553 Etherius
580 5510 631 5552 et
687 5501 899 5565 Beatus,
932 5498 1054 5556 adv.
1088 5504 1400 5566 Elipandum
1435 5498 1874 5569 Arciiiep.'Tole4

274 5581 475 5641 tantum
528 5570 581 5621 in
614 5571 766 5623 illis-sa
814 5585 1113 5627 recensent.
1173 5573 1348 5627 Prima
1396 5577 1578 5637 ora'io,
1630 5575 1875 5641 inquiunt

270 5640 545 5713 Etherius
574 5650 630 5693 et
661 5641 853 5695 Beatus
883 5645 1102 5709 laudati,
1136 5644 1229 5697 lib.
1271 5659 1307 5706 i,
1361 5640 1723 5698 admonitionis
1752 5662 1873 5713 erga

271 5710 543 5781 μιψυιηιη
571 5720 664 5773 cst,
696 5722 748 5761 ut
791 5730 966 5765 omnes
995 5716 1279 5767 excitentur
1306 5715 1373 5765 ad
1405 5717 1657 5767 orandum
1690 5710 1872 5769 Deum.

344 5781 373 5820 ι’
397 5782 576 5835 Aliam
597 5784 897 5838 oratiouna.
928 5786 1023 5839 Est
1049 5789 1160 5841 lucc
1181 5786 1410 5841 secunda
1437 5787 1645 5841 illarum
1670 5794 1873 5857 septem

1973 4654 2124 4723 lippi.
2180 4656 2456 4724 Stephani.
2504 4656 2786 4711 Johannis.
2832 4657 2959 4712 item
3007 4659 3282 4713 Johannis.
3335 4661 3549 4717 Felicis.

1987 4746 2025 4816 ἢ
2048 4786 2063 4802 .
2096 4745 2318 4802 Chorus.
2349 4748 2413 4802 Et
2444 4750 2679 4802 omnium
2711 4750 3069 4818 pausantium.
3104 4749 3252 4804 Dicat
3275 4751 3454 4807 Presb.

2047 4853 2069 4880 ο
2096 4841 2219 4897 Post
2241 4843 2463 4897 nomina.
2488 4842 2564 4897 'i‘e
2592 4856 2880 4913 quesumus
2913 4842 3140 4897 Dom'ne
3160 4842 3285 4898 Jesu
3306 4844 3547 4899 Christe:

1972 4940 2031 4988 ut
2059 4934 2276 4987 dilectio
2320 4933 2579 4989 adventus
2617 4932 2694 4986 tui
2734 4932 2803 4986 ita
2834 4933 2885 4985 in
2922 4932 3078 4987 nobis
3108 4943 3417 5000 permaneat
3443 4948 3457 4986 :
3484 4948 3550 4987 no

1973 5039 2003 5078 a
2034 5034 2083 5079 te
2110 5025 2269 5079 corda
2303 5036 2482 5079 nostra
2513 5038 2745 5094 unquam
2786 5023 3058 5078 recedant.
3093 5023 3286 5091 Sicque
3317 5039 3412 5076 nos
3436 5025 3546 5090 jam

1974 5113 2027 5168 in
2051 5125 2289 5170 eternam
2308 5115 2719 5170 advocationem
2740 5115 2947 5170 ascribe
2978 5131 2992 5169 :
3022 5123 3076 5169 ut
3097 5113 3164 5168 ad
3188 5114 3421 5167 futurum
3444 5129 3548 5167 non

1975 5287 2305 5362 orationum,
2324 5288 2517 5362 deqna
2564 5288 2721 5342 iidem
2749 5302 2783 5362 :_
2818 5284 3057 5362 Secunda
3104 5282 3450 5362 ἱιιυςπίᾳιὶοηίιΔ
3474 5284 3543 5362 ad

1976 5359 2139 5412 Deum
2161 5366 2253 5423 est,
2281 5352 2337 5411 ut
2355 5352 2627 5413 clementer
2647 5357 2894 5425 suscipiat
2924 5368 3096 5423 preces
3124 5352 3377 5420 ﬁtelium,
3402 5354 3545 5407 obla-

1975 5430 2257 5503 tioncnique
2283 5444 2477 5503 eorum.
2558 5497 2600 5503 __
2840 5495 2852 5503 _
3019 5501 3027 5503 Α
3202 5492 3214 5503 ,
3355 5492 3385 5503 ,,

2050 5510 2071 5538 ε
2102 5492 2228 5551 Post
2275 5498 2504 5550 nomina.
2558 5497 2681 5550 iimc
2719 5495 2890 5549 oratio
2916 5501 3029 5564 post
3074 5492 3285 5564 nomina
3331 5492 3544 5558 dicitur,

1975 5569 2094 5638 quia
2122 5577 2239 5636 post
2260 5567 2506 5638 diptycha
2524 5566 2740 5638 recitari
2761 5562 3130 5638 coiisueverat.
3154 5562 3327 5638 Tertia
3350 5573 3545 5638 autem,

1975 5633 2142 5705 inquit
2191 5633 2405 5689 sanctus
2437 5635 2684 5705 Isidorus.
2716 5634 3000 5702 effunditur
3043 5649 3137 5702 pro
3181 5633 3543 5705 oﬂ‘erentibus,

1974 5704 2075 5764 sive
2106 5722 2195 5772 pro
2225 5705 2473 5772 defunctis
2500 5704 2754 5771 ﬁdelibus,
2801 5715 2855 5759 ut
2885 5721 2973 5776 per
3012 5706 3065 5759 id
3109 5704 3417 5772 sacriﬁcium
3463 5715 3547 5752 w-

1977 5783 2110 5835 nium
2141 5786 2527 5846 consequantur.
