4058 6178
334 339 442 394 117
1062 330 1359 389 MISSALE
1399 328 1668 386 MIXTUM
1713 331 1861 386 SEC.
1906 330 1916 383 l

2012 331 2065 385 [Ξ.
2112 331 2170 387 e.
2216 330 2488 388 Ismeni.
2529 358 2600 371 -
2641 330 2816 389 usus
2855 332 2895 386 ι.
3521 321 3619 389 iis

334 448 563 502 ctmtur
584 461 793 514 corpus.
826 443 1277 513 Quotiescumque
1304 444 1757 499 manducaveritis
1784 460 1797 494 :
1832 444 1933 496 hoc
1963 447 2008 502 Α
2041 450 2095 495 et
2125 450 2386 498 mortuos.
2420 440 2583 513 Cujus
2614 443 2763 511 regni
2795 458 2900 497 non
2930 441 3034 496 erit
3059 440 3196 494 linis.
3245 436 3310 494 Et
3348 441 3398 495 in
3450 445 3622 512 Spiri-

335 537 495 591 l'acite
538 534 591 589 in
642 548 815 587 meam
869 536 927 595 >3
957 533 1549 586 commemorationem.
1594 530 1855 595 Similtor
1884 538 1938 583 et
2042 540 2152 585 tum
2202 532 2458 585 Sanctum
2514 533 2794 588 Dominum
2842 532 3218 587 viviﬁcatorem
3256 544 3350 588 :et
3380 550 3443 587 cx
3470 535 3623 591 l'atre

336 627 558 683 calicem
576 634 860 696 postquam
884 624 1094 681 cenavit
1128 624 1337 679 dicens.
1370 624 1466 678 llic
1501 629 1558 687 ᾖ
1592 630 1677 677 est
1707 640 1718 675 :
1753 621 1888 675 calix
1921 640 1931 673 :
2040 636 2099 679 et
2129 625 2266 678 Filio
2296 626 2698 693 procedentem.
2721 626 2852 680 Cum
2886 626 3043 681 Patre
3062 636 3117 680 et
3141 625 3274 679 Filio
3294 626 3621 681 adorandum

337 718 463 772 novi
495 733 511 772 :
538 716 843 772 testamenti
892 730 908 773 :
938 716 1031 770 in:
1063 730 1183 769 meo
1218 734 1229 767 :
1260 717 1517 784 sanguine
1564 733 1577 767 :
1607 717 1694 784 qui
1739 730 1752 767 :
1788 729 1882 782 pro
1915 731 1931 769 :
2039 727 2091 768 et
2118 716 2655 786 conglorilicandum.
2700 716 2800 783 Qui
2832 716 3041 771 locutus
3063 726 3144 770 est
3176 731 3271 785 per
3305 717 3618 786 l‘rophetas.

334 810 488 866 vobis
510 820 592 866 :et
625 826 751 880 :pro
778 810 1026 865 :multis:
1059 808 1363 865 eliundetur
1387 809 1471 863 :in
1496 807 1891 863 :remissionem
1918 821 1931 860 :
2041 807 2103 861 Et
2130 823 2287 861 unam
2316 818 2555 863 sanctam
2584 808 2912 862 Catholicam
2944 819 2994 863 et
3047 809 3407 876 Aposmlicam
3439 811 3621 865 Eccle-

336 912 702 973 peccatorum.
736 901 839 957 Hic
865 901 1087 956 elevatur
1127 901 1264 956 calix
1304 912 1575 969 coapcrtus
1604 917 1721 954 cum
1748 892 1955 968 fitila.’
2036 898 2190 951 siam.
2220 897 2497 951 Conﬁteor
2529 914 2689 951 unum
2722 898 2983 967 baptisma
3014 898 3066 953 in
3096 901 3465 956 remissionem
3499 915 3619 970 pec-

334 993 797 1065 Qumiescumque
820 993 1065 1049 biberitis
1094 993 1197 1048 hoc
1228 992 1385 1047 tacite
1413 993 1470 1047 in
1501 1007 1673 1046 meam
1704 997 1762 1054 ᾖ
1793 1006 1937 1045 com-
1980 1010 2011 1024 -
2035 1001 2297 1042 carorum.
2347 988 2704 1055 Expectamns
2756 990 3205 1046 resurrectionem
3240 1002 3569 1048 mortuorum
3602 1008 3617 1046 :

337 1086 805 1141 memorationem.
842 1084 910 1137 Et
954 1100 1072 1138 cum
1119 1092 1412 1153 perventum
1457 1084 1613 1154 fuerit
1657 1082 1743 1135 ubi
1786 1082 1930 1136 dicit.
2034 1082 2267 1135 etvitam
2294 1080 2499 1133 venturi
2542 1079 2726 1135 seculi.
2762 1084 2954 1136 Amen.

335 1175 390 1229 ln
421 1191 597 1230 meam
637 1176 1225 1231 commemorationem.
1284 1172 1435 1228 Dicat
1467 1174 1632 1240 presb.
1675 1173 1780 1227 alta
1817 1189 1934 1227 voce

335 1267 571 1320 omnibus
597 1267 771 1320 diebus
797 1276 963 1335 preter
1004 1266 1199 1335 festiuis
1224 1282 1243 1320 :
1268 1268 1383 1336 pari
1405 1267 1558 1320 modo
1596 1264 1679 1318 ubi
1702 1266 1825 1319 dicit
1876 1266 1931 1320 ln

334 1360 641 1415 claritatem
674 1361 740 1416 de
769 1361 916 1416 celis.
966 1360 1033 1414 Et
1061 1359 1285 1431 qualibet
1318 1362 1425 1416 vice
1453 1363 1754 1433 respondeat
1797 1362 1931 1416 Cho~

334 1467 442 1504 rus.
492 1454 688 1506 Amen.
740 1451 1191 1521 Quotiescumque
1241 1452 1688 1506 manducaveritis
1741 1469 1929 1522 panem

336 1540 475 1595 hunc
500 1551 554 1597 et
603 1541 826 1597 calicem
870 1544 1029 1598 istum
1076 1542 1319 1597 biberitis
1369 1561 1382 1597 :
1434 1554 1662 1597 mortem
1724 1544 1929 1597 Domini

335 1633 729 1687 annunciabitis
757 1633 930 1688 donec
958 1632 1157 1688 veniet.
1194 1632 1249 1687 ln
1290 1633 1586 1688 claritatem
1636 1637 1692 1694 ᾗ
1728 1633 1794 1687 de
1840 1647 1931 1687 ce-

338 1723 421 1777 lis.
469 1723 509 1791 ἢ
558 1723 778 1779 Chorus.
811 1726 1002 1780 Amen.

939 1814 1091 1869 Dicat
1136 1813 1319 1870 Presb.

404 1914 428 1941 ο
487 1904 616 1961 Post
652 1906 839 1975 pridie.
876 1905 1071 1960 Oratio.
1118 1905 1341 1959 Domine
1387 1904 1513 1960 Jesu
1539 1904 1749 1961 Christe
1795 1904 1929 1960 hanc

337 1998 567 2052 hostiam
614 1998 790 2051 vivam
836 1996 1195 2052 illustratione
1238 1996 1499 2051 adventus
1546 1997 1820 2051 sanctilica
1872 2007 1929 2052 ut

334 2106 402 2144 ex
434 2106 495 2145 ea
530 2089 761 2144 libantes
796 2107 810 2143 :
840 2088 1163 2144 mundemur
1191 2103 1221 2143 a
1251 2088 1475 2144 crimine
1508 2106 1522 2144 :
1548 2098 1602 2145 et
1629 2097 1770 2144 tuam
1799 2104 1926 2159 gra-

337 2181 463 2233 tiam
496 2194 807 2235 mereamur
849 2179 1125 2249 percipere
1153 2178 1270 2234 sine
1301 2178 1428 2233 line.
1474 2178 1512 2238 ti
1534 2219 1548 2233 .
1577 2180 1769 2235 Amen.
1815 2180 1924 2236 Po-

333 2282 439 2326 stea
467 2274 611 2327 dicat
641 2272 811 2342 presb.

413 2363 480 2418 I‘e
510 2373 783 2434 prestante
828 2371 1017 2417 sancte
1056 2363 1281 2419 Domine
1312 2383 1325 2418 :
1365 2363 1485 2433 quia
1517 2372 1571 2419 tu
1617 2364 1716 2420 hec
1744 2366 1923 2422 omnia

334 2458 489 2510 nobis
517 2456 753 2527 indignis
782 2456 954 2512 servis
984 2457 1087 2510 tuis
1114 2474 1127 2511 :
1160 2456 1312 2512 valde
1339 2457 1475 2512 bona
1521 2472 1675 2513 creas
1705 2476 1719 2512 :
1748 2459 1921 2514 sancti

341 2553 399 2610 >14
449 2546 576 2601 licas
628 2546 909 2601 :vivilicas
963 2551 1020 2609 ὦ
1054 2546 1245 2602 benedi
1300 2552 1357 2610 ὦ
1401 2547 1480 2601 eis
1516 2552 1573 2610 >14
1607 2560 1670 2601 ac
1718 2557 1923 2610 prostas

335 2638 488 2693 nobis
513 2655 527 2689 :
559 2636 584 2675 δ
620 2645 679 2691 ιιι
705 2638 775 2692 sit
821 2637 1099 2692 benedicta
1127 2652 1156 2691 a
1186 2647 1237 2692 te
1267 2637 1375 2691 Deo
1423 2646 1609 2692 nostro
1652 2652 1709 2691 tu
1739 2638 1919 2693 secula

331 2730 659 2783 saculorum.
708 2729 744 2796 ἡ
768 2766 782 2783 .
814 2728 1033 2783 Chorus.
1058 2731 1248 2782 Amen.
1301 2727 1368 2782 Et
1408 2736 1526 2781 tunc
1555 2727 1736 2782 Presb.
1772 2730 1922 2781 acci-

331 2822 438 2889 piat
482 2837 668 2889 corpus
699 2819 910 2875 Domini
951 2824 1014 2875 de
1053 2830 1234 2888 patena
1261 2833 1315 2875 er
1345 2830 1498 2890 ponat
1519 2838 1671 2886 super
1709 2820 1921 2875 calicem

330 2913 714 2979 discoopertum
743 2926 763 2965 .'
778 2922 825 2965 et
847 2913 981 2965 dicat
998 2913 1103 2965 alta
1116 2928 1232 2966 voce
1244 2912 1475 2965 omnibus
1491 2912 1663 2966 diebus
1685 2913 1920 2965 videlicet

325 2999 521 3064 festiuis
542 3012 591 3057 et
612 3002 898 3057 Dominicis
929 3019 947 3057 :
989 3011 1155 3074 preter
1194 3004 1249 3057 in
1278 3003 1402 3056 locis
1438 3003 1493 3056 in
1520 3003 1698 3073 quibus
1738 3004 1833 3056 erit
1866 3002 1922 3073 6

332 3092 613 3160 antiphona
654 3095 861 3164 pr0pria
904 3095 974 3147 ad
1015 3094 1412 3163 confractionem
1454 3095 1622 3164 panis.
1662 3093 1917 3149 Dominus

331 3186 398 3239 sit
441 3200 662 3254 semper
707 3186 1006 3241 vobiscum.
1050 3186 1122 3253 ἡ.
1154 3186 1220 3241 Et
1244 3201 1386 3240 cum.
1439 3185 1588 3239 Dicat
1627 3184 1793 3254 presb.
1829 3185 1917 3238 Fi-

328 3277 449 3332 dem
481 3291 645 3332 uuam
696 3278 858 3332 corde
886 3276 1155 3337 Qredimus
1185 3297 1195 3330 :
1228 3292 1325 3333 ore
1347 3287 1521 3331 autem
1548 3276 1810 3330 dicamus.
1850 3274 1914 3329 Et

326 3372 480 3425 claret
529 3369 786 3423 Sacerdos
826 3366 1025 3439 Corpus
1064 3368 1252 3422 Christi
1295 3378 1347 3421 ut
1373 3368 1601 3422 uideatur
1630 3383 1663 3419 a
1701 3367 1914 3438 populo.

332 3458 394 3513 Et
427 3462 567 3513 dicat
589 3460 788 3515 Chorus
807 3459 1079 3514 simbolum
1105 3461 1207 3513 bini
1226 3476 1287 3515 ac
1318 3460 1421 3512 bini
1448 3459 1696 3513 uidelicet.
1880 3524 1883 3525 ν

402 3565 425 3591 ο
456 3552 741 3609 Credimus
772 3555 822 3609 in
853 3569 1017 3629 unum
1043 3553 1207 3608 Deum
1235 3553 1445 3608 Patrem
1470 3554 1910 3621 omnipotentem.

331 3639 610 3697 Factorem
643 3644 746 3697 celi
786 3653 839 3699 et
872 3651 1036 3697 terre.
1096 3642 1399 3697 VisihLlium
1429 3642 1665 3697 omnium
1697 3650 1753 3695 et
1781 3642 1916 3696 invi-

330 3734 565 3789 sibilium
590 3735 949 3791 conditorem.
982 3736 1052 3789 Et
1077 3735 1129 3788 in
1161 3751 1321 3789 unum
1353 3735 1631 3789 Dominum
1674 3734 1912 3789 nostrum

328 3824 509 3880 Jesum
541 3825 812 3880 Christum
839 3825 1028 3880 Filium
1071 3824 1162 3880 Dei
1194 3824 1556 3894 Unigenitum.
1580 3824 1644 3878 Et
1669 3840 1733 3879 ex
1756 3824 1915 3879 Patre

332 3925 515 3969 natum
562 3924 688 3970 ante
733 3916 909 3970 omnia
950 3916 1128 3971 secula
1160 3914 1322 3969 Deum
1355 3931 1418 3969 ex
1448 3914 1579 3968 Deo.
1623 3914 1821 3969 Lumen
1849 3931 1912 3969 ex

331 4004 559 4060 lumine.
592 4006 758 4060 Deum
804 4021 990 4060 verum
1037 4020 1103 4060 ex
1149 4005 1258 4061 Deo
1289 4019 1440 4060 vero.
1466 4004 1657 4059 Natum
1682 4020 1785 4058 non
1810 4004 1916 4058 fac-

331 4107 468 4152 tum.
511 4097 805 4154 Omousion
851 4097 996 4152 Patri
1044 4097 1146 4151 hoc
1192 4105 1273 4151 est
1299 4095 1540 4167 ejusdem
1584 4111 1703 4150 cum
1757 4094 1914 4149 Patre

310 4189 651 4245 ‘suhstantie.
675 4188 780 4243 Per
808 4202 963 4258 quem
994 4188 1171 4243 omnia
1197 4186 1332 4242 iacta
1363 4195 1487 4242 sunt
1510 4201 1614 4255 que
1639 4186 1691 4239 in
1716 4186 1831 4239 celo
1858 4192 1916 4240 et

330 4294 434 4349 que
479 4279 535 4334 in
586 4287 748 4336 terra.
792 4277 892 4344 Qui
943 4287 1159 4347 prepter
1200 4292 1298 4332 nos
1347 4276 1591 4331 homines
1617 4284 1671 4329 et
1699 4284 1915 4343 prepter

332 4384 573 4425 nostram
607 4370 836 4425 salutem
882 4370 1159 4426 descendit
1204 4369 1270 4424 de
1299 4369 1457 4443 vcelis.
1514 4368 1580 4422 Et
1608 4367 1912 4423 incarnatus

331 4475 410 4518 est
430 4463 499 4517 de
516 4462 722 4531 Spiritu
746 4461 942 4517 Sancto
972 4476 1036 4515 ex
1064 4460 1223 4515 Maria
1248 4460 1464 4531 Virgine
1485 4468 1539 4515 et
1562 4460 1722 4513 homo
1743 4458 1911 4511 factus

332 4564 435 4607 est.
486 4554 681 4609 Passus
710 4554 811 4607 sub
855 4552 1044 4606 Pontio
1076 4552 1269 4606 Pilato.
1321 4551 1570 4621 Sepultus
1625 4550 1776 4604 tertia
1829 4549 1913 4602 die

333 4644 650 4699 resurrexit.
683 4644 935 4702 Ascendit
963 4644 1029 4696 ad
1059 4646 1203 4695 celos
1231 4642 1381 4696 sedet
1410 4642 1473 4695 ad
1506 4641 1778 4696 dexteram
1824 4640 1915 4694 Dci

332 4736 507 4791 Patris
530 4736 937 4806 omnipotentis.
965 4733 1092 4789 Inde
1120 4742 1374 4788 venturus
1394 4744 1475 4787 est
1495 4733 1738 4802 judicare
1760 4735 1908 4787 vivos

330 4884 404 4927 est
411 4892 437 4939 ,ς
455 4875 589 4927 enim
616 4890 633 4926 :
658 4874 797 4926 calin:
812 4888 832 4926 :
848 4871 1147 4942 sanguinis:
1174 4870 1308 4942 mei:
1330 4870 1442 4923 novi
1471 4884 1487 4922 :
1510 4876 1607 4942 et;
1628 4870 1782 4921 rterni
1808 4886 1826 4922 :
1849 4881 1916 4923 te-

330 4946 567 4997 stamenti
590 4960 608 4997 :
636 4946 931 5012 mysterium
947 4939 974 4995 ξ
1003 4942 1123 5009 ﬁdei
1140 4957 1158 4993 :
1184 4941 1300 5008 qui:
1333 4956 1462 5007 pro:
1493 4939 1628 4993 vobis
1652 4950 1729 4993 :et
1753 4955 1913 5007 :pro:

334 5015 509 5067 multis
541 5032 559 5068 :
600 5014 891 5081 cﬁ'undetur
920 5028 938 5065 :
976 5013 1027 5063 in
1062 5026 1079 5064 :
1124 5012 1469 5081 remissionem
1503 5026 1521 5063 :
1570 5019 1910 5081 peccatorum.

405 5096 430 5120 ι·
458 5083 584 5136 Post
617 5078 802 5151 pridie.
834 5082 923 5136 Sic
952 5081 1091 5151 enim
1124 5081 1236 5134 lia-c
1268 5080 1439 5133 oratio
1469 5078 1687 5133 vocatur
1709 5081 1762 5134 in
1796 5081 1914 5136 Mis-

334 5154 428 5206 sali
467 5150 674 5215 nostro,
708 5170 733 5203 a
766 5163 952 5205 sancto
982 5150 1185 5204 Isidoro
1214 5152 1533 5218 conﬁrmatio
1562 5156 1911 5213 sacramenti;

336 5223 388 5275 in
417 5224 644 5293 liturgiis
669 5222 985 5293 Gallicanis,
1009 5221 1293 5293 aliquando
1314 5231 1432 5293 ipost
1460 5223 1776 5290 mysterium.
1816 5223 1911 5274 ali-

332 5289 688 5360 quando'post
716 5301 911 5345 secreta
937 5291 1149 5343 dicitur.
1187 5289 1385 5343 Exhinc
1411 5302 1553 5343 sexta
1574 5293 1813 5355 succedit,
1837 5295 1911 5345 ait

332 5376 551 5417 sanctus
578 5361 834 5425 Isidorus,
883 5361 1203 5428 confirmatio
1231 5362 1558 5423 sacramenti,
1609 5372 1662 5413 ut
1696 5363 1905 5425 oblatio,

330 5449 447 5500 qua
479 5432 586 5485 Deo
616 5432 849 5495 offertur,
878 5431 1195 5497 sanetiﬁrata
1228 5446 1315 5494 per
1345 5432 1599 5496 Spiritum
1637 5445 1864 5483 sanctum
1889 5471 1903 5495 ,

330 5503 535 5571 Corpori
564 5502 791 5565 Christi,
821 5511 867 5553 et
896 5501 1133 5569 sanguini
1163 5501 1512 5565 conﬁrmetur,
1543 5500 1611 5551 ita
1656 5502 1705 5553 in
1740 5502 1904 5566 Edit.,

328 5580 388 5623 at
418 5590 467 5625 in
498 5572 785 5625 Cedit-ibus
812 5572 1058 5626 omnibus
1088 5585 1216 5622 mss.
1251 5580 1383 5624 teste
1416 5571 1675 5635 llittorpio
1702 5571 1719 5637 (
1744 5571 1791 5622 in
1823 5587 1905 5622 va-

331 5642 423 5693 riis
469 5642 812 5703 lectionibus,
847 5656 967 5709 pag.
1012 5639 1138 5699 Sitit,
1186 5640 1408 5704 adjectis
1438 5640 1588 5708 operi
1619 5638 1686 5692 de
1713 5640 1904 5695 divinis

332 5712 606 5765 catholicae
640 5712 887 5765 Ecclesia:
914 5710 1139 5779 Ulliriis)
1167 5710 1358 5778 legitur
1379 5710 1604 5780 corporis
1631 5719 1676 5762 et
1698 5712 1904 5779 sangui-

330 5782 406 5834 nis
435 5783 778 5849 conﬁrmetur.

1956 1798 2004 1857 Β
2133 1798 2146 1881 ί
2277 1821 2439 1878 Mors.
2684 1823 2963 1881 Nativitas.

2647 1364 2990 1436 Corporatio.

3056 1640 3450 1883 ama-tio.

3091 2299 3296 2357 Gloria.

2619 2294 2992 2353 Circumcisio.

3088 2780 3346 2849 Regnum.

2574 3052 3026 3500 Θ

2091 3548 2155 3603 Et
2181 3549 2365 3604 deinde
2408 3549 2560 3618 faciat
2596 3547 2864 3619 Presbyter
2909 3549 3003 3604 sic.
3056 3547 3286 3620 Frangat
3338 3551 3593 3607 Euchari-

2015 3642 2164 3695 stiam
2178 3657 2267 3711 per
2283 3642 2505 3694 medium
2530 3649 2607 3695 :et
2632 3641 3015 3711 ponatmediam
3030 3643 3287 3708 partemin
3309 3643 3497 3700 Patena
3516 3664 3533 3700 :
3550 3656 3595 3700 et

2016 3735 2078 3787 de
2103 3735 2209 3788 alia
2237 3744 2381 3805 parte
2408 3734 2562 3803 faciat
2590 3736 2811 3804 quinque
2834 3736 3106 3805 particulas
3134 3748 3181 3793 et
3216 3752 3369 3809 ponat
3398 3743 3451 3795 in
3488 3741 3595 3795 Pa~

2016 3835 2132 3879 tena
2184 3844 2196 3878 :
2228 3837 2272 3879 et
2294 3826 2511 3892 accipiat
2540 3826 2698 3878 a'iam
2724 3836 2917 3895 partem
2955 3836 3001 3880 et
3040 3828 3196 3897 faciat
3224 3841 3441 3899 quatuor
3470 3850 3595 3899 par-

2016 3920 2200 3977 ticulas
2240 3928 2286 3971 et
2314 3931 2466 3987 ponat
2509 3921 2559 3972 in
2591 3918 2787 3974 Pntena
2831 3922 3063 3976 similiter
3094 3940 3182 3992 per
3210 3926 3436 3979 ordinem
3463 3928 3593 3995 facte

2017 4027 2106 4077 per
2129 4019 2268 4063 rotas
2296 4010 2420 4063 istas
2446 4027 2542 4079 que
2574 4027 2729 4077 supra
2773 4020 2913 4064 sunt.
2959 4010 3026 4065 Et
3057 4016 3227 4067 statim
3252 4026 3431 4087 purget
3472 4017 3595 4072 bene

2015 4101 2198 4166 digitos
2247 4116 2266 4154 :
2303 4110 2352 4153 et
2410 4110 2644 4169 cooperto
2684 4102 2841 4153 calice
2879 4101 2969 4167 [iat
3021 4115 3269 4156 memento
3309 4123 3405 4171 pro
3448 4110 3593 4161 vivis.

2015 4193 2204 4247 Postea
2225 4194 2360 4247 dicat
2392 4191 2658 4260 Presbyter
2688 4192 2755 4245 ad
2788 4192 3069 4245 orationem
3101 4193 3418 4249 Dominicam
3440 4214 3594 4267 equa-

2014 4287 2130 4339 liter
2156 4286 2307 4336 istam
2338 4282 2637 4336 orationem.

2084 4371 2112 4413 ά
2160 4374 2391 4427 Oremus.
2423 4371 2653 4427 Verbum
2681 4371 2854 4426 PatrTs
2896 4381 2919 4410 ε
2969 4371 3109 4442 quod
3140 4387 3259 4428 cum
3308 4374 3501 4430 factum
3531 4392 3590 4432 es

2000 4474 2073 4519 -ιιι
2104 4465 2368 4518 ltahitares
2395 4464 2446 4515 in
2476 4462 2650 4517 nobis.
2704 4463 2888 4517 Presta
2927 4464 3083 4519 nobis
3109 4474 3165 4519 ut
3185 4466 3273 4535 qui
3299 4474 3352 4521 te
3380 4467 3590 4523 venisse

2012 4559 2121 4627 jam
2152 4556 2419 4609 credimus
2449 4572 2462 4607 :
2491 4558 2558 4608 ab
2596 4556 2740 4608 omni
2792 4567 3127 4623 peccatorum
3171 4574 3422 4613 cruamur
3461 4576 3589 4616 con-

2018 4648 2227 4715 tagione
2270 4663 2283 4699 :
2311 4661 2430 4698 cum
2464 4645 2821 4715 prcceptionis
2852 4656 2940 4701 tue
2966 4648 3195 4702 oraculis
3227 4650 3588 4708 proclamave-

2017 4740 2180 4793 timus
2201 4754 2231 4794 e
2262 4747 2357 4793 terr
2374 4739 2437 4793 is.

2081 4870 2109 4907 ιι
2138 4869 2205 4923 Ut
2227 4871 2307 4923 sit.
2338 4870 2475 4940 Lege
2504 4878 2555 4922 ut
2580 4870 2697 4925 sint.

2086 4952 2107 4980 ε
2142 4939 2431 4994 Credimus.
2456 4940 2747 4992 Concilium
2778 4939 3094 4994 Toletanum
3123 4953 3200 5003 ιιι,
3226 4956 3340 4993 can.
3370 4943 3429 5005 ‘2,
3468 4943 3583 5011 jus-

2013 5011 2082 5065 sit
2108 5022 2314 5083 ut_anle
2340 5011 2635 5083 orationem
2668 5011 2992 5083 Dominicam
3022 5014 3334 5083 recitaretur
3356 5012 3579 5083 Symho.

2015 5083 2122 5135 lum
2153 5080 2816 5146 Constantinopolitannm.
2869 5081 3093 5136 Sanctus
3134 5081 3364 5136 Isidorus
3394 5080 3581 5137 'Nicze-

2013 5168 2136 5205 num
2170 5153 2420 5219 appellat,
2454 5153 2573 5217 quia
2608 5150 2676 5202 ita
2703 5152 2858 5219 vulgo
2890 5151 3066 5204 vocari
3103 5152 3323 5204 solebat.

2083 5220 2109 5259 ἀ
2152 5222 2389 5275 Oremus.
2442 5220 2565 5273 Post
2611 5220 2834 5274 divisam
2872 5222 2925 5273 in
2973 5232 3147 5288 partes
3196 5220 3577 5275 Eucharistiam

2010 5293 2261 5347 sacerdos
2287 5293 2413 5345 dicit
2445 5290 2679 5354 Oremus,
2711 5300 2761 5344 et
2789 5290 2963 5344 subdit
2992 5290 3303 5353 capitulum,
3331 5294 3472 5359 quod
3498 5304 3580 5346 est.

2011 5363 2161 5430 quasi
2192 5361 2509 5415 introductio
2536 5361 2599 5412 ad
2630 5360 2920 5413 orationem
2952 5359 3297 5421 Dominicam,
3330 5376 3449 5426 quae
3472 5375 3578 5416 sta-

2012 5434 2106 5487 tim
2138 5432 2458 5502 adjungilnr,
2489 5440 2543 5483 et
2568 5431 2678 5484 haec
2707 5431 3200 5502 estnltimaearmn
3227 5440 3429 5502 septem
3453 5448 3576 5485 ora-

2011 5506 2214 5557 tionum
2244 5499 2463 5570 quarum
2499 5512 2715 5570 sanctus
2740 5499 2969 5570 Isidorus
2997 5499 3049 5551 in
3081 5500 3236 5552 miSsa
3270 5500 3387 5553 facit
3430 5518 3576 5555 ruen-

2012 5573 2233 5633 tioncm,
2280 5572 2365 5640 qui
2396 5569 2543 5623 addit
2572 5585 2587 5640 ξ
2623 5569 2721 5622 lla:
2763 5579 2879 5621 sunt
2909 5569 3075 5640 itaque
3120 5580 3311 5638 septem
3338 5573 3576 5638 sacriﬁcii

2009 5646 2260 5695 orationes
2301 5639 2687 5693 commendata:
2734 5639 3013 5708 apostolica
3060 5643 3443 5711 evangelicaque
3483 5643 3572 5693 do-

2008 5724 2188 5766 ctt‘ma.

2085 5792 2107 5819 ο
2132 5781 2277 5847 Quod
2306 5796 2417 5834 cum
2447 5778 2638 5849 factum
2679 5796 2751 5835 es.
2782 5779 2941 5849 Lege,
2974 5782 3107 5851 quod
3139 5796 3256 5835 caro
3282 5780 3471 5851 factum
3498 5795 3567 5832 es.
