4058 6178
470 313 568 371 119

1182 311 1469 366 31155.λίλεί
1507 312 1775 368 ΜΙΧΤυΜ
1818 310 1967 366 ΞΕΟ.
2016 309 2173 364 llEG.
2220 312 2277 367 Β.
2321 312 2591 368 lSlDORl.
2631 341 2705 354 —
2743 312 2917 372 PARS
2956 315 2996 370 Ι.

3615 317 3716 373 520

539 436 693 488 l‘ater
722 442 902 488 noster
930 433 1100 501 quies
1146 432 1195 485 in
1242 432 1389 486 celis.
1434 432 1471 501 ἡ
1493 470 1507 486 .
1562 434 1751 487 Amen.
1792 429 2035 487 Sancttll-
2065 431 2116 489 Α
2147 428 2211 484 Ρ.
2240 431 2465 501 Alleluja
2510 430 2763 499 :allelnja
2807 448 2819 482 .
2851 427 3082 497 alleluia.
3118 425 3183 480 In
3214 427 3446 481 dicendo.
3501 428 3719 487 Gustata

464 537 614 580 cctnr
667 540 856 578 romen
916 533 1082 574 tuum.
1148 522 1221 583 ἢ.
1276 525 1466 576 Amen.
1514 522 1773 577 Adveniat
1819 535 2038 598 regnum

465 626 633 671 tntnn.
704 615 775 681 ti.
843 613 1033 666 Amen.
1104 611 1222 665 Fiat
1287 613 1532 667 voluntas
1580 622 1666 666 tua
1718 630 1731 666 :
1793 611 1934 666 sicut
1987 612 2040 664 in

463 709 578 761 celo
604 713 656 760 et
702 705 752 756 in
802 712 961 756 terra.
1004 701 1042 769 ti)
1066 739 1079 752 .
1114 704 1306 756 Amen.
1343 702 1536 756 Panem
1584 711 1828 755 nostrum
1865 699 2042 769 quoti-

464 799 676 851 dianum
719 795 784 848 da
818 794 969 847 nobis
1022 792 1199 848 hodie.
1266 793 1340 861 ἡ.
1386 794 1515 856 Unia
1551 804 1608 846 tu
1655 792 1793 847 Dens
1843 806 1923 846 es.
1980 792 2044 846 Et

464 887 671 940 dimitte
702 885 855 939 nobis
882 883 1060 936 debita
1093 892 1273 937 nostra
1320 900 1332 935 :
1362 882 1499 937 sicut
1526 893 1579 937 et
1610 897 1706 936 nos
1726 882 2045 937 dimittimus

462 978 795 1034 debitoribus
824 976 1041 1032 nostris.
1090 978 1125 1043 ii
1146 1014 1162 1031 .
1195 977 1389 1031 Amen.
1432 974 1500 1029 Et
1526 990 1593 1030 ne
1622 990 1719 1029 nos
1740 975 1960 1030 inducas
1990 976 2042 1028 in

464 1070 887 1138 temptationem.
970 1067 1043 1135 ἡ.
1090 1066 1411 1129 Sedlibera
1460 1080 1558 1121 nos
1606 1081 1635 1120 a
1682 1064 1848 1120 malo.
1893 1061 2044 1118 Dicat

463 1160 647 1215 Prcsb.
672 1159 898 1215 Liberati
929 1174 956 1211 a
985 1158 1123 1212 ntalo
1158 1176 1169 1209 :
1204 1156 1504 1213 conﬁrmati
1532 1170 1745 1225 semper
1774 1155 1825 1209 in
1854 1155 1995 1210 bono
2027 1174 2039 1208 :

467 1258 562 1308 tibi
595 1254 800 1309 servire
847 1266 1145 1305 mereamur
1174 1250 1284 1304 Deo
1311 1264 1372 1304 ac
1412 1248 1637 1303 Domino
1665 1257 1867 1304 nostro.
1902 1247 2046 1301 Pone

469 1347 689 1399 Domine
720 1344 899 1398 linem.
940 1342 1033 1394 llic
1053 1342 1299 1412 percutiat
1318 1349 1486 1407 pectus
1510 1355 1528 1393 :
1554 1342 1781 1405 peccatis
1813 1340 2042 1393 nnStrEs:

465 1442 530 1506 tla
578 1438 827 1506 gaudium
878 1435 1144 1489 tribulatis
1181 1433 1381 1501 :prebe
1424 1432 1845 1500 redemptionem
1874 1431 2045 1498 capti-

429 1504 545 1581 'vis
604 1547 615 1581 :
666 1529 946 1581 sanitatem
1008 1525 1233 1578 iulirtnis
1284 1542 1296 1576 :
1357 1525 1703 1590 requiemque
1759 1520 2042 1575 delum-tis.

464 1621 713 1675 Concede
757 1634 940 1689 pacem
987 1627 1040 1671 et
1069 1619 1410 1669 secnr'tatetn
1461 1616 1510 1668 in
1560 1613 1810 1667 omnibus
1859 1612 2048 1666 diebus

467 1714 663 1767 nostris
696 1729 708 1764 :
737 1712 917 1779 frange
941 1710 1214 1762 audaciam
1241 1708 1579 1762 inimicorum
1614 1716 1917 1761 nostrorum
1943 1721 1959 1758 ι
1994 1712 2049 1758 et.

466 1807 660 1862 exaudi
715 1804 853 1857 Dens
893 1802 1165 1856 orationes
1220 1815 1495 1854 servorum
1548 1809 1755 1853 tuorum
1804 1799 2041 1851 omnium

2155 1792 2161 1835 ι
2184 1782 2459 1838 erpetuum
2487 1788 2691 1825 summa
2728 1771 2953 1827 dulcedo

464 1899 701 1952 fidelium
730 1893 1159 1950 Christianorum
1198 1892 1249 1944 in
1291 1892 1389 1944 hac
1435 1890 1521 1944 die
1567 1889 1691 1942 etin
1728 1890 1869 1941 omni
1916 1897 2050 1942 tem-

468 2005 617 2058 pore.
650 1989 752 2042 Per
781 1988 1061 2041 Dominum
1085 1994 1325 2038 nostrum
1366 1983 1546 2037 Jesum
1577 1981 1844 2037 Clni~tum
1884 1980 2046 2034 lilium

466 2091 615 2134 tuum
656 2096 670 2133 :
704 2078 791 2143 qui
826 2086 997 2131 tecum
1026 2076 1166 2129 vivit
1201 2084 1257 2128 et
1286 2083 1474 2143 regnat
1504 2074 1556 2126 in
1586 2072 1791 2126 unitate
1820 2071 2048 2140 Spiritus

470 2173 652 2227 Sancti
681 2170 842 2223 Deus.
869 2168 969 2221 Per
990 2166 1167 2220 omnia
1192 2166 1367 2219 secula
1392 2164 1711 2218 seculorum.
1755 2161 1790 2228 ἡ
1813 2201 1827 2214 .
1856 2164 2044 2215 Amen.

470 2264 560 2319 Sic
583 2263 738 2332 faciat
762 2261 930 2330 presb.
964 2258 1192 2328 Accipiat
1218 2257 1368 2309 modo
1400 2255 1701 2325 partitulant
1733 2270 1828 2324 que
1869 2254 2051 2306 dicitur

436 2334 687 2424 iregnnm
718 2356 780 2407 de
810 2354 1010 2407 Patena
1033 2368 1051 2406 :
1076 2360 1101 2388 α
1130 2361 1175 2404 ct
1218 2359 1369 2419 ponat
1396 2366 1547 2418 super
1573 2350 1779 2403 calicem
1806 2365 1823 2402 :
1852 2351 1903 2402 in
1927 2358 2051 2401 tem-

467 2460 591 2514 pore
628 2443 1011 2498 resurrectionis
1048 2441 1277 2495 uidelicet
1307 2441 1444 2492 dicat
1473 2439 1633 2492 tribus
1671 2438 1881 2491 vicibus.
1917 2437 2053 2491 Vicit

469 2535 557 2588 leo
582 2534 649 2588 de
678 2532 815 2587 tribu
862 2533 994 2587 Juda
1025 2531 1174 2585 radix
1224 2529 1390 2583 David
1422 2528 1652 2597 allelnja.
1725 2528 1799 2595 Ii.
1853 2527 2051 2581 Chorus

469 2627 693 2697 qualibet
737 2627 863 2680 vice.
896 2624 997 2692 Qui
1022 2625 1175 2679 sedes
1197 2639 1359 2692 super
1384 2622 1661 2677 Cherubin
1703 2622 1851 2675 radix
1884 2619 2051 2674 David

470 2722 711 2789 alleluja.
767 2720 1037 2789 Etpostea
1087 2720 1221 2771 dicat
1278 2716 1429 2769 istam
1488 2715 1767 2767 orationem
1821 2713 1951 2768 inter
1996 2730 2051 2768 se

470 2811 724 2865 submissa
747 2823 886 2862 t'occ.

544 2901 740 2957 Sancta
763 2898 961 2953 sanctis
983 2906 1034 2950 et
1055 2894 1359 2965 coniunctio
1381 2894 1620 2963 corporis
1650 2892 1856 2947 Domini
1881 2892 2051 2947 nostri

474 2992 603 3048 Jesn
628 2991 827 3047 Christi
858 3007 871 3043 :
904 2991 974 3044 sit
1003 2988 1336 3041 sumcntibns
1364 2998 1417 3041 et
1451 2985 1753 3055 potantibus
1805 2985 1957 3040 nobis
1984 2985 2051 3039 ad

472 3085 683 3137 veniam
718 3098 733 3136 :
764 3091 819 3135 et
845 3081 1107 3135 defunctis
1128 3080 1372 3134 iide‘ibus
1404 3088 1667 3148 prestetur
1691 3080 1756 3132 ad
1789 3079 2048 3147 requiem.

474 3176 545 3228 Et
573 3175 739 3228 mittat
780 3172 1083 3241 particulam
1110 3173 1161 3225 in
1192 3171 1394 3225 calicem
1435 3181 1479 3224 et
1504 3171 1761 3241 coeperiat
1803 3171 2010 3224 calicem
2034 3185 2057 3225 .'

474 3278 523 3321 ct
569 3267 705 3321 dicat
751 3267 856 3319 alta
903 3282 1023 3319 voce
1061 3266 1133 3318 sic
1167 3280 1185 3318 :
1225 3265 1269 3317 si
1315 3280 1415 3317 non
1443 3266 1591 3331 fuerit
1632 3266 1697 3317 ibi
1736 3264 2051 3318 Diae/tonus.

479 3358 784 3412 llumilitate
813 3372 908 3411 vos
935 3357 1313 3412 benedictioni.
1344 3357 1594 3410 Dominus
1628 3361 1694 3410 sit
1722 3372 1934 3426 semper
1964 3372 2056 3411 vo-

473 3449 703 3501 biscum.
738 3447 775 3513 ἢ
798 3486 811 3499 .
846 3446 1051 3500 Etcum
1082 3446 1286 3515 spiritu.
1307 3444 1333 3481 ι)
1361 3444 1667 3500 Benedictio.
1702 3447 1930 3500 Illustret
1962 3462 2054 3501 vos

478 3539 784 3609 unigenitns
812 3540 949 3591 filius
995 3539 1085 3591 Dei
1135 3539 1332 3593 lumine
1371 3539 1633 3593 adventus
1660 3539 1739 3591 sui
1776 3555 1791 3592 :
1823 3542 1913 3608 qui
1960 3555 2054 3595 vos

474 3632 745 3684 redimere
789 3646 896 3682 non
944 3628 1258 3693 dedignatus
1287 3637 1367 3681 est
1396 3627 1572 3696 precio
1602 3630 1876 3696 sanguinis
1932 3645 2055 3698 pro-

479 3722 601 3791 prii.
652 3723 726 3789 li).
777 3722 967 3774 Amen.
1018 3720 1271 3787 Accingat
1316 3732 1413 3771 vos
1444 3719 1723 3771 virtutihm
1770 3719 1915 3786 pacis
1957 3730 2057 3774 :et

475 3816 606 3867 ditel
639 3810 949 3865 muneribus
990 3809 1243 3877 copiosis.
1310 3808 1348 3874 ii
1370 3847 1383 3860 .
1418 3808 1608 3861 Amen.
1641 3807 1922 3877 Ipsumque
1953 3809 2055 3863 Do-

477 3906 686 3959 minum
717 3916 929 3967 semper
962 3900 1201 3953 hibeatis
1246 3909 1600 3967 protectorem
1631 3916 1645 3953 :
1676 3915 1834 3969 quem
1882 3901 2056 3957 omni-

484 4004 672 4064 potens
706 3993 863 4047 Pater
904 3991 1182 4048 suscitavit
1226 3989 1294 4045 de
1334 3989 1471 4043 tribu
1502 3990 1636 4045 Juda
1666 3992 1920 4047 victorem
1979 3992 2053 4061 ἢ.

476 4090 670 4142 Amen.

554 4179 697 4232 Dicat
728 4175 907 4231 Presb.
942 4176 1042 4231 Per
1073 4173 1492 4229 miscricordiam
1535 4172 1700 4241 ipsius
1728 4172 1820 4226 Dei
1848 4174 2012 4227 nostri
2038 4190 2053 4227 :

478 4272 566 4339 qui
597 4279 681 4325 est
705 4268 1015 4324 benedictus
1038 4274 1091 4321 et
1114 4266 1238 4320 vivit
1265 4266 1315 4335 7
1344 4274 1398 4319 et
1419 4264 1598 4318 omnia
1629 4265 1763 4332 regit
1793 4280 1843 4316 in
1874 4264 2055 4319 secula

478 4363 802 4418 seculorum.
839 4362 876 4426 ti
915 4363 1105 4413 Amen.
1136 4356 1395 4411 Dominus
1425 4355 1493 4409 sit
1520 4369 1734 4422 semper
1755 4355 2053 4410 vobiscum.

495 4455 568 4519 si).
598 4454 829 4507 Etcum.
876 4448 1024 4502 Dicat
1053 4446 1268 4501 Chorus.
1317 4446 1540 4501 Gustate
1588 4454 1643 4499 et
1689 4445 1868 4501 videte
1896 4462 2054 4516 quam
2086 4467 2138 4529 ι)

479 4546 659 4599 suavis
702 4550 783 4598 est
830 4540 1087 4594 Dominus
1130 4536 1340 4602 alleluja
1384 4536 1634 4605 :allelnja
1670 4554 1682 4590 :
1712 4537 1943 4607 alleluia.
1987 4541 2060 4609 ᾖ.

486 4636 798 4691 llenedicam
832 4631 1113 4688 Dominum
1145 4630 1198 4684 in
1224 4629 1367 4682 omni
1402 4637 1679 4696 tempore:
1713 4644 1926 4698 semper
1951 4634 2065 4689 laus

484 4727 599 4791 t-jns
648 4725 700 4777 in
728 4738 822 4777 ore
862 4736 1001 4776 meo.
1048 4718 1112 4773 P.
1166 4720 1392 4787 Alleluja
1445 4719 1708 4790 :allelnja
1752 4737 1769 4780 ;
1827 4722 2061 4793 alleluia.

496 4822 533 4883 δ’
558 4857 570 4870 .
606 4816 848 4870 ltettirnet
880 4814 1133 4867 Dominus
1160 4812 1363 4865 animas
1394 4827 1670 4867 servorum
1714 4828 1928 4867 suorum
1964 4832 1977 4869 :
2008 4823 2063 4871 et

485 4926 590 4963 non
622 4908 952 4972 derelinquel
977 4918 1165 4957 omnes
1195 4904 1282 4969 qui
1313 4912 1531 4969 Sperant
1561 4904 1610 4955 in
1647 4918 1790 4957 cum.
1821 4903 1888 4957 P.
1922 4906 2064 4962 Alle-

485 5006 591 5072 lnjzt
625 5018 640 5055 :
673 4999 881 5065 allelnja
914 5016 929 5050 ι
960 4997 1189 5064 alleluia.
1232 4996 1264 5061 Ῡ
1291 5033 1305 5047 .
1340 4995 1516 5051 Cluvia
1562 5006 1615 5050 et
1642 4997 1813 5049 honor
1841 4996 1979 5051 Patri
2009 5005 2063 5051 et

485 5099 622 5153 Felio
648 5107 699 5152 et
733 5094 951 5164 Spiritui
994 5094 1190 5149 Sancto
1219 5094 1271 5146 in
1302 5092 1477 5147 secula
1509 5092 1832 5145 seculorum.
1870 5089 2060 5143 Amen.

563 5258 587 5285 η
624 5247 686 5301 Ει
713 5257 882 5308 ponat.
916 5243 994 5299 Ad
1020 5244 1137 5298 htec
1168 5242 1505 5308 intelligenda
1535 5236 1840 5308 notandum
1864 5234 2061 5308 quoda

492 5306 745 5373 l‘aschaie
775 5333 941 5385 usque
968 5317 1031 5369 ad
1066 5306 1523 5385 l’etiteCtistett.__ct
1544 5310 1600 5362 in
1644 5310 1778 5385 festo
1805 5306 2062 5385 Corporis

490 5388 683 5438 tiltristi
715 5375 962 5441 sacerdos
988 5396 1171 5440 tenens
1198 5398 1351 5450 supra
1377 5382 1597 5435 calicem
1626 5377 1937 5450 particulam
1960 5375 2081 5450 Re-‘

491 5473 643 5525 {,‘ttnm
672 5468 753 5525 ter
781 5461 881 5510 alia
916 5472 1065 5513 voce.
1100 5454 1246 5522 quasi
1267 5445 1696 5525 'canetts,_dici_t:
1737 5446 1868 5525 lficit
1891 5445 1969 5498 leo
2000 5446 2063 5500 de

492 5517 622 5580 tribu
652 5524 789 5577 Juda
814 5517 1195 5589 radix'Davi'tl;
1236 5524 1428 5593 quibus
1473 5519 1695 5593 singulis
1726 5517 1928 5593 vicibus
1977 5531 2061 5593 re-

492 5600 780 5660 spondetur
821 5612 835 5648 :
871 5598 966 5659 Qui
1016 5585 1336 5658 sedes'snpcr
1366 5590 1621 5644 cherubim
1668 5587 1819 5660 radis:
1867 5585 2057 5660 David,

491 5655 720 5733 altcluja.
775 5655 906 5717 Aliis
951 5675 1125 5715 autem
1153 5655 1360 5725 diebus,
1395 5671 1607 5727 accepta
1657 5656 1914 5723 particula
1960 5655 2061 5733 lie-

492 5727 655 5807 gvmnt'
679 5736 841 5807 injicit
868 5733 1019 5789 calici
1050 5735 1254 5803 dicens,
1282 5732 1473 5785 Sancta
1500 5732 1710 5792 sancta,
1743 5739 1874 5784 εις..
1919 5736 1972 5782 ut
2006 5727 2057 5781 in

2143 530 2199 576 et
2243 524 2435 578 \itlcte.
2485 524 2714 593 Accipiat
2767 520 3034 591 Presbyter
3077 520 3233 573 aliam
3291 520 3598 587 particulam
3643 538 3722 575 se-

2144 626 2374 681 quentem
2398 630 2495 684 que
2515 614 2700 667 dicitur
2744 612 2943 668 Gloria.
2979 610 3043 664 Et
3072 621 3225 679 ponat
3264 626 3414 681 super
3440 611 3649 666 calicem
3674 620 3723 667 et

2148 707 2288 759 dicat
2318 722 2433 758 cum
2460 706 2661 759 silentio
2686 705 2835 758 istam
2856 704 3155 757 orationem.

2220 817 2416 872 Panem
2458 816 2709 871 celestem
2747 816 2814 871 de
2849 828 3030 869 mensa
3076 812 3288 869 Domini
3327 812 3581 881 accipiam
3626 822 3725 867 :et

2147 923 2338 963 nomen
2373 908 2580 964 Domini
2604 907 2881 962 invocabo.
2924 906 2992 961 Et
3012 908 3150 961 dicat
3194 906 3451 961 sacerdos.
3495 906 3730 961 Memen-
3774 912 3777 915 '

2146 1005 2201 1050 to
2217 1012 2313 1065 pro
2332 997 2554 1051 mortuis
2573 1014 2585 1050 :
2611 998 2821 1051 tenendo
2838 996 2981 1049 illam
2995 995 3299 1065 particulam
3319 1012 3472 1064 super
3481 997 3686 1049 calicem
3704 1012 3727 1053 :

2145 1096 2191 1141 et
2219 1088 2352 1141 dicto
2378 1088 2643 1142 Memento
2672 1088 2805 1141 dicat
2844 1089 2968 1141 istas
2992 1088 3247 1141 orationes
3273 1104 3372 1159 que
3395 1099 3691 1156 sequuntur.

2220 1203 2440 1258 Domine
2469 1204 2605 1258 Deus
2632 1218 2781 1259 meus
2814 1221 2826 1255 :
2855 1204 2921 1259 da
2952 1202 3079 1257 mihi
3110 1218 3301 1274 corpus
3332 1211 3386 1259 et
3412 1204 3727 1273 sanguinem

2149 1294 2266 1349 Filii
2298 1296 2369 1349 tui
2414 1295 2618 1350 Domini
2663 1295 2829 1350 nostri
2858 1293 2981 1351 Iesu
3024 1294 3222 1350 Christi
3268 1296 3340 1349 ita
3386 1311 3641 1351 sumere:
3676 1307 3732 1352 ut

2148 1406 2241 1459 per
2285 1391 2409 1445 illud
2454 1391 2823 1445 remissionem
2860 1392 3096 1443 omnium
3136 1398 3470 1459 peccatorum
3524 1405 3735 1444 merear

2147 1483 2389 1548 accipere
2420 1500 2432 1535 :
2464 1492 2517 1537 et
2548 1489 2638 1556 tuo
2661 1492 2842 1536 sancto
2880 1482 3079 1550 Spiritu
3106 1481 3296 1549 repleri
3333 1482 3472 1535 Dens
3500 1493 3680 1537 noster
3710 1498 3727 1535 :

2148 1577 2235 1645 qui
2268 1576 2399 1630 vivis
2425 1586 2479 1629 et
2505 1588 2692 1646 regnas
2721 1575 2772 1629 in
2796 1576 2968 1629 secula
3011 1573 3331 1629 seculorum.
3357 1572 3546 1627 Amen.

2223 1684 2417 1737 Oratio.
2458 1686 2568 1739 Ave
2612 1683 2663 1737 in
2694 1698 2848 1738 evum
2881 1684 3208 1736 sanctissima
3244 1697 3369 1737 caro
3401 1683 3593 1737 Christi
3630 1684 3735 1738 im-

3003 1791 3014 1825 :
3060 1788 3246 1840 panem
3299 1772 3545 1825 celestetn
3588 1774 3731 1826 acci-

2150 1861 2287 1929 piam
2321 1870 2375 1915 et
2414 1875 2604 1914 nomen
2641 1860 2845 1915 Domini
2886 1859 3163 1917 invocabo.
3217 1860 3313 1913 llic
3343 1863 3497 1930 faciat
3527 1863 3731 1932 signum

2148 1967 2262 2003 cum
2288 1948 2452 2005 hostia
2489 1958 2537 2001 ct
2577 1959 2743 2003 suniat
2781 1951 3082 2019 particulam
3119 1967 3274 2019 quam
3315 1953 3365 2003 in
3400 1967 3551 2004 manu
3580 1953 3733 2006 habet

2149 2052 2193 2094 et
2217 2040 2470 2110 cooperiat
2496 2041 2703 2093 calicem
2740 2050 2787 2094 et
2816 2042 2978 2093 veniat
3016 2042 3083 2094 ad
3134 2041 3378 2094 Patcnam
3422 2056 3442 2093 :
3477 2054 3521 2094 et
3543 2059 3732 2096 consu-

2149 2143 2252 2186 mat
2277 2150 2447 2187 omncs
2478 2133 2753 2207 particulas
2788 2150 2875 2199 per
2906 2134 3152 2187 ordinent.
3201 2133 3263 2186 Et
3302 2118 3481 2186 deinde
3514 2136 3736 2203 accipiat

2152 2233 2388 2288 patenam
2418 2232 2464 2275 et
2486 2231 2644 2292 ponat
2671 2239 2819 2293 super
2843 2223 3051 2275 calicem
3089 2234 3136 2276 et
3164 2234 3340 2295 purget
3371 2225 3490 2278 bene
3516 2241 3632 2277 cum
3654 2227 3735 2279 di-

2151 2314 2256 2381 gito
2286 2312 2485 2381 pollicis
2508 2322 2554 2365 et
2585 2312 2724 2365 dicat
2752 2312 2883 2365 hanc
2912 2313 3208 2366 orationem.

2222 2429 2333 2479 Ave
2359 2426 2409 2479 in
2431 2441 2584 2479 evum
2607 2426 2818 2480 celetis
2847 2435 3000 2494 potus
3026 2444 3038 2479 :
3063 2426 3149 2495 qni
3172 2426 3300 2480 mihi
3322 2438 3445 2483 ante
3472 2428 3649 2483 omnia
3676 2437 3736 2485 et

2152 2531 2310 2585 supra
2338 2517 2517 2569 omnia
2546 2516 2718 2569 dulcis
2742 2530 2820 2570 es.

2224 2627 2341 2682 Alia
2367 2627 2551 2680 oratio.
2580 2626 2787 2695 Corpus
2825 2636 2879 2681 et
2919 2627 3131 2695 sanguis
3174 2627 3379 2681 Domini
3411 2628 3575 2682 nostri
3603 2628 3730 2682 lesu

2151 2720 2350 2775 Christi
2400 2720 2662 2775 custodiat
2698 2734 2890 2788 corpus
2925 2732 2979 2774 et
3016 2721 3245 2774 animam
3278 2736 3449 2774 meam
3495 2724 3545 2774 in
3575 2723 3736 2774 vitam

2152 2821 2417 2866 cternam.
2445 2815 2631 2865 Amen.
2671 2810 2773 2865 llic
2793 2813 3011 2882 accipiat
3038 2813 3339 2883 sanguinem
3366 2827 3386 2865 :
3412 2822 3459 2867 et
3482 2812 3603 2864 dum
3624 2812 3737 2867 .Sa-

2153 2903 2330 2955 cerdos
2353 2902 2619 2967 sumpserit
2647 2902 2946 2972 sanguinem
2975 2901 3110 2956 dicat
3143 2902 3428 2957 immediate
3453 2902 3587 2956 hanc
3614 2918 3738 2957 ora-

2155 2994 2358 3047 tionem.

2235 3105 2456 3161 Domine
2487 3106 2624 3161 Dens
2650 3120 2800 3163 meus
2828 3106 2983 3163 Pater
3008 3115 3062 3163 et
3089 3103 3251 3163 Filius
3271 3118 3322 3163 et
3348 3108 3575 3178 Spiritus
3604 3108 3740 3163 San-

2157 3207 2274 3254 ctus
2306 3214 2319 3251 :
2352 3199 2432 3253 fac
2461 3214 2546 3254 me
2588 3209 2637 3253 te
2662 3214 2872 3269 semper
2914 3216 3138 3270 querere
3167 3210 3220 3255 et
3252 3201 3470 3270 diligere
3501 3217 3516 3256 :
3548 3209 3599 3254 et
3625 3216 3653 3253 a
3686 3210 3739 3255 te

2160 3302 2254 3355 [er
2278 3286 2413 3341 hanc
2442 3296 2678 3343 sanctam
2720 3290 3146 3344 communionem
3183 3306 3337 3359 quam
3368 3289 3568 3360 sumpsi
3599 3305 3736 3343 nuu-

2157 3394 2314 3446 quam
2343 3381 2596 3435 recedere
2628 3398 2642 3436 :
2675 3383 2797 3451 quia
2829 3392 2882 3435 tu
2912 3397 2970 3437 es
3002 3384 3139 3437 Deus
3162 3392 3216 3438 et
3244 3392 3418 3452 preter
3446 3393 3496 3437 te
3526 3399 3629 3437 non
3656 3392 3740 3438 est

2159 3471 2294 3523 alius
2346 3472 2397 3524 itt
2452 3472 2627 3526 secula
2679 3474 3002 3528 seculorum.
3055 3478 3244 3530 Amen.
3294 3473 3478 3527 Cantet
3534 3473 3737 3529 Chorus

2158 3576 2341 3613 comm.
2374 3560 2575 3615 llr-fecti
2621 3578 2846 3631 corpore
2882 3573 2936 3618 et
2956 3565 3208 3632 sanguine
3235 3572 3285 3617 te
3317 3564 3591 3618 laudamus
3624 3564 3732 3617 Do-

2158 3652 2318 3731 mine.
2354 3653 2579 3722 Allelnja
2624 3670 2637 3707 :
2685 3654 2891 3723 allelnja
2925 3669 2941 3711 :
2974 3654 3203 3723 alleluia.
3236 3654 3339 3707 Eat
3377 3654 3632 3709 Sacerdos
3660 3654 3729 3707 ad

2156 3756 2316 3795 cornu
2345 3746 2525 3798 altaris
2551 3755 2597 3799 et
2627 3747 2761 3799 dicat
2787 3748 2919 3800 hanc
2944 3748 3244 3800 orationem.

2227 3856 2429 3912 Delecti
2461 3859 2654 3914 Christi
2699 3874 2923 3928 corpore
2966 3869 3018 3914 et
3046 3860 3301 3929 sanguine
3345 3859 3582 3927 pariter:
3616 3855 3741 3928 quia

2156 3949 2467 4003 sanctificati
2494 3948 2604 4005 Deo
2631 3950 2771 4006 Patri
2801 3951 3147 4020 omnipotenti
3170 3951 3365 4020 gratias
3395 3948 3685 4004 referamus
3722 3968 3737 4002 :

2159 4051 2214 4093 ut
2244 4058 2340 4096 nos
2368 4042 2418 4096 in
2443 4044 2666 4099 eandem
2702 4045 3044 4100 refectionem
3076 4054 3128 4097 et
3152 4042 3620 4097 sanctificationem
3646 4040 3743 4094 ha-

2157 4131 2344 4187 bentes
2373 4132 2455 4187 hic
2489 4151 2503 4188 :
2538 4143 2591 4189 et
2622 4134 2672 4188 in
2705 4136 2885 4189 futuro
2910 4135 3091 4188 seculo
3117 4134 3338 4204 gloriam
3366 4133 3740 4201 percipiamns.

2172 4220 2210 4285 ιῆ
2232 4260 2245 4273 .
2266 4226 2452 4279 Anien.
2474 4222 2621 4278 Dicat
2651 4222 2828 4279 Prcsb.
2861 4226 2963 4280 Per
2993 4223 3405 4279 miscricordiam
3431 4231 3571 4276 tuam
3606 4220 3745 4275 Deus

2158 4319 2339 4365 noster
2368 4314 2453 4383 qtti
2484 4330 2541 4369 es
2567 4315 2876 4371 benedictus
2898 4326 2951 4371 et
2981 4316 3116 4370 vivis
3136 4326 3188 4368 et
3216 4316 3393 4369 omnia
3418 4312 3555 4382 regis
3585 4312 3635 4366 itt
3657 4326 3748 4366 se-

2156 4404 2275 4456 cu‘a
2316 4408 2636 4461 seculorum.
2685 4407 2721 4474 ιῆ
2743 4445 2757 4459 .
2791 4408 2981 4460 Amen.
3025 4406 3277 4459 Dominus
3306 4406 3375 4457 sit
3411 4418 3619 4471 semper
3650 4418 3747 4457 vo-

2168 4495 2391 4550 biscum.
2438 4498 2506 4565 ἣ.
2539 4498 2602 4550 Et
2629 4512 2771 4551 cum.
2804 4492 2952 4549 Dicat
2984 4494 3160 4548 Presb.
3190 4495 3265 4547 vel
3292 4493 3607 4546 Diacltonus.
3638 4492 3743 4547 So-

2167 4588 2339 4643 lennia
2366 4590 2629 4660 completa
2670 4598 2793 4643 sunt
2830 4590 2881 4643 in
2913 4588 3129 4643 nomine
3168 4586 3374 4640 Domini
3418 4586 3585 4639 nostri
3613 4584 3744 4638 Jesu

2165 4680 2358 4735 Christi
2391 4698 2405 4733 :
2438 4693 2618 4735 votum
2652 4690 2889 4734 nostrum
2919 4683 2989 4734 sit
3017 4689 3290 4750 acceptum
3322 4693 3439 4732 cum
3472 4693 3619 4745 pace.
3666 4678 3702 4741 ἢ
3722 4713 3742 4730 .

2165 4769 2275 4825 Deo
2297 4773 2513 4840 gratias.
2543 4770 2651 4824 Ista
2679 4772 2841 4824 oratio
2862 4770 3158 4837 supradicta
3187 4770 3249 4821 sit
3278 4770 3330 4821 in
3356 4768 3579 4819 medium
3607 4767 3745 4819 alta-

2163 4863 2255 4915 ris.
2287 4860 2351 4913 In
2386 4864 2483 4915 ista
2520 4862 2678 4915 Missa
2708 4872 2754 4915 et
2780 4862 2833 4914 in
2872 4862 2990 4913 aliis
3024 4877 3124 4914 non
3151 4859 3359 4913 vertitur
3387 4857 3643 4911 Sacerdos
3671 4857 3741 4911 ad

2164 4954 2407 5022 populum
2444 4954 2540 5005 nisi
2563 4954 2767 5023 quando
2802 4951 3005 5005 dixerit.
3046 4948 3307 5018 Adjuvate
3348 4962 3435 5002 me
3470 4946 3660 5003 fratres
3689 4947 3743 5001 in

2162 5048 2488 5102 orationibus
2517 5049 2726 5103 vestris.

2163 5224 2406 5280 oratione
2434 5239 2551 5290 qtne
2579 5223 2840 5291 sequitur.
2875 5220 3106 5291 Retices.

2232 5276 2937 5348 L'Dcnwedictio:iCnncilinm
2982 5289 3296 5361 Toletanum
3342 5297 3413 5349 tv,
3464 5296 3580 5361 can.
3630 5276 3741 5359 ιβ,

2161 5367 2380 5420 sancivit
2413 5380 2465 5416 ιιι
2492 5381 2504 5418 :
2542 5364 2668 5415 l’ost
2692 5364 2972 5415 orationem
3006 5357 3326 5409 Dominicant
3348 5364 3392 5404 et
3420 5357 3744 5419 conjunctio-

2162 5452 2276 5488 ncm
2304 5437 2450 5506 panis
2479 5444 2521 5488 ct
2553 5434 2727 5487 colicis
2750 5430 3032 5506 benedictio
3062 5428 3114 5506 in
3143 5423 3387 5506 populum
3416 5425 3741 5506 sequaturiet

2163 5515 2269 5558 tum
2298 5493 2498 5558 demum
2520 5506 2743 5572 corporis
2771 5512 2815 5555 et
2845 5499 3107 5566 sanguinis
3140 5493 3345 5572 Domini
3368 5497 3744 5572 sacramentum

2160 5585 2411 5629 sumatur.
2463 5559 2623 5629 Juxta
2654 5573 2861 5629 bltssale
2908 5559 3204 5625 Romanum
3255 5560 3556 5620 benedictio
3582 5559 3745 5613 datur

2163 5657 2371 5717 peracta
2404 5647 2585 5702 Missa.
