4058 6178
272 351 375 406 ηπ

996 344 1283 406 MISSALE
1323 342 1593 403 MIXTUM
1634 344 1781 401 SEC.
1824 341 1985 399 ΠΕΟ.
2028 340 2088 396 Β.
2124 339 2395 399 lSlDORl.
2436 373 2505 384 --
2535 342 2712 401 PARS
2750 340 2794 397 ῐ.

3437 348 3544 402 129

268 464 338 520 lN
379 461 697 520 SECUNDO
736 461 1055 517 DOMINICO
1103 463 1193 517 DE
1242 461 1560 517 ADVENTU
1604 460 1852 516 DOMINI.
1881 464 1932 521 Α
1959 464 2065 512 tem
2093 465 2213 511 sunt
2243 471 2272 509 a
2300 456 2411 511 Deo
2446 474 2458 510 :
2497 458 2739 513 ordinata
2774 466 2917 512 sunt.
2958 458 3143 528 Itaque
3172 459 3258 529 qui
3288 463 3536 529 potestati

756 554 837 608 Ad
853 553 1086 608 Missam.
1123 553 1385 623 Ofﬁcium.

338 657 371 685 ⁸
398 648 571 716 Super
593 655 826 701 montem
872 645 1186 699 altissimum
1219 643 1447 699 ascende
1479 652 1533 697 tu
1573 644 1659 711 qui
1689 656 1859 698 evan-

270 740 469 809 gelizas
497 739 641 809 Synn
679 754 693 790 :
725 740 899 793 exalta
944 738 997 791 in
1038 734 1350 791 fortitudine
1384 750 1569 789 vocem
1602 745 1743 788 tuam
1768 734 1859 803 qui

270 830 607 897 evangelizas
629 827 979 882 Hierusalem.
1005 826 1099 879 Dic
1120 826 1425 881 civitatibus
1449 825 1580 879 .Iuda
1605 824 1857 893 alleluia:

269 920 510 990 alleluia.
560 921 595 988 γ
619 957 633 973 .
660 918 689 957 δ
722 922 857 973 Deus
891 917 1169 972 manifeste
1207 918 1387 972 veniet
1422 928 1473 971 et
1515 918 1653 970 Deus
1680 925 1863 971 noster

273 1023 320 1063 et
350 1027 454 1066 non
478 1012 673 1066 silebit.
706 1011 772 1064 P.
807 1012 899 1064 Dic
929 1010 1251 1065 civitatibus.
1298 1011 1333 1071 ἢ
1359 1047 1374 1064 .
1402 1008 1581 1065 Gloria
1609 1019 1660 1062 et
1692 1008 1863 1062 honor

274 1103 417 1157 Patri
440 1114 496 1158 et
528 1103 663 1157 Filio
682 1113 736 1158 et
760 1103 979 1171 Spiritui
1004 1104 1201 1157 Sancto
1230 1104 1283 1157 in
1321 1104 1496 1157 secula
1535 1103 1860 1160 seculorum.

278 1203 464 1254 Amen.
510 1198 578 1254 P.
620 1199 714 1253 Dic
755 1198 1077 1254 civitatibus.
1128 1197 1278 1251 Dicat
1326 1196 1506 1251 Presb.
1546 1198 1649 1251 Per
1681 1198 1860 1251 omnia

275 1303 487 1356 semper
516 1290 693 1343 secula
721 1290 1043 1343 seculorum.
1090 1289 1128 1355 ἡ
1151 1328 1164 1342 .
1200 1292 1391 1343 Amen.
1426 1288 1574 1343 Dicat
1603 1285 1787 1342 Presb.

346 1379 549 1435 Oratio.
584 1381 723 1435 Deus
763 1380 852 1448 qui
888 1396 979 1444 per
1015 1381 1281 1451 angelicos
1327 1381 1519 1436 choros
1555 1396 1569 1436 :
1609 1390 1662 1434 ut
1701 1398 1862 1447 supra

275 1470 326 1523 in
353 1472 521 1538 prima
550 1468 736 1525 Missa.
771 1470 835 1525 Et
854 1472 991 1525 dicta
1015 1473 1245 1525 oratione
1271 1472 1408 1526 dicat
1436 1469 1616 1525 Presb.
1640 1470 1742 1525 Per
1762 1473 1862 1526 mi-

278 1562 619 1616 scricordiam
657 1570 799 1616 tuam
838 1563 979 1617 Deus
1009 1574 1191 1619 noster
1230 1564 1319 1632 qui
1366 1578 1426 1619 es
1470 1565 1776 1619 benedictus
1804 1574 1858 1620 et

276 1654 409 1706 vivis
436 1661 490 1706 et
516 1650 690 1706 omnia
730 1652 869 1722 regis
895 1653 946 1706 in
976 1654 1153 1707 secula
1193 1655 1514 1708 seculorum.
1561 1656 1595 1723 ἢ
1617 1691 1633 1709 .
1662 1657 1855 1710 Amen.

278 1742 424 1797 Dicat
458 1743 636 1798 Presb.
681 1744 940 1798 Dominus
984 1746 1053 1799 sit
1092 1759 1303 1813 semper
1343 1747 1637 1801 vobiscum.
1682 1750 1753 1815 ri.
1795 1749 1861 1803 Et

276 1848 415 1889 cum.
439 1834 589 1891 Sicut
612 1836 802 1889 dictum
826 1844 898 1889 est
920 1836 972 1888 in
996 1838 1161 1904 prima
1183 1836 1364 1891 Missa.
1398 1836 1543 1891 Dicat
1566 1838 1784 1893 Chorus.

486 1926 659 1981 Lectio
687 1926 801 1979 libri
826 1925 991 1996 Esaye
1017 1928 1259 1998 propheta
1285 1937 1307 1965 ε
1340 1927 1493 1999 (Cap.
1525 1926 1649 1997 LI).

360 2016 398 2082 ἡ
420 2057 433 2069 .
464 2016 578 2072 Deo
600 2017 822 2087 gratias.

345 2106 456 2162 τωο
480 2107 611 2163 dicit
638 2109 915 2187 Dominus.
944 2111 1141 2165 Audite
1169 2112 1258 2180 qui
1288 2111 1434 2167 scitis
1468 2114 1669 2182 justum
1714 2132 1727 2167 :
1768 2128 1865 2184 po-

280 2197 428 2266 pulus
450 2213 605 2254 meus
636 2214 649 2251 :
684 2198 767 2253 lex
796 2214 912 2255 mea
948 2201 1002 2255 in
1034 2202 1200 2257 corde
1236 2218 1443 2259 eorum.
1474 2205 1649 2261 Nolite
1676 2206 1865 2262 timere

281 2288 624 2357 obprobrium
652 2290 925 2346 hominum
958 2308 972 2347 :
996 2302 1051 2347 et
1074 2293 1432 2361 blasphemias
1454 2309 1637 2351 eorum
1664 2311 1732 2351 ne
1755 2310 1864 2351 me-

282 2380 455 2434 tuatis.
489 2379 642 2436 Sicut
683 2381 828 2437 enim
872 2381 1245 2437 vestimentum
1297 2402 1313 2437 :
1362 2386 1441 2439 sic
1485 2386 1732 2442 comedet
1769 2401 1865 2442 eos

284 2471 477 2525 vermis
503 2488 520 2525 :
563 2479 620 2525 et
648 2472 785 2527 sicut
809 2472 981 2527 lanam
1012 2490 1027 2527 :
1059 2473 1137 2528 sic
1164 2473 1439 2529 devorabit
1461 2490 1553 2529 eos
1584 2477 1747 2531 tinea.
1774 2477 1868 2532 Sa-

285 2561 365 2614 lus
390 2570 573 2617 autem
602 2577 717 2617 mea
748 2563 802 2618 in
832 2566 1219 2632 sempiternum
1249 2565 1352 2620 erit
1386 2582 1400 2619 :
1430 2572 1485 2621 et
1509 2565 1723 2635 justicia
1748 2582 1865 2622 mea

287 2650 335 2704 in
363 2654 734 2723 generationes
771 2654 1197 2723 generatiouum.
1226 2654 1517 2726 Consurge,
1558 2671 1819 2725 consurge
1846 2672 1865 2712 :

289 2741 506 2799 induere
536 2744 894 2799 fortitudinem
934 2745 1205 2801 brachium
1230 2748 1287 2816 8
1318 2746 1525 2800 Domini
1558 2763 1573 2801 :
1605 2760 1869 2816 consurge

288 2835 418 2888 sicut
447 2835 504 2889 in
525 2835 712 2891 diebus
728 2837 958 2907 antiquis
983 2854 997 2891 :
1022 2839 1074 2892 in
1093 2840 1523 2907 generationibus
1543 2840 1864 2896 seculorum.

292 2923 554 2994 Numquid
575 2942 680 2981 non
701 2938 755 2982 tu
773 2930 1079 2998 percussisti
1102 2931 1421 2996 superbum:
1442 2932 1723 2986 vulnerasti
1748 2932 1866 2986 dra-

292 3018 514 3071 conem?
569 3017 834 3087 Numquid
884 3034 992 3073 non
1044 3028 1101 3073 tu
1146 3020 1357 3076 siccain
1405 3036 1554 3077 mare
1605 3040 1621 3076 :
1675 3038 1867 3091 aquam

293 3111 462 3181 abyssi
514 3113 887 3169 vehementis?
933 3112 1033 3179 Qui
1074 3114 1294 3183 posuisti
1345 3115 1663 3184 profundum
1706 3119 1868 3172 maris

1962 549 2163 603 resiStit
2213 566 2225 602 :
2281 548 2375 602 Dei
2415 549 2731 603 ordinationi
2781 550 2998 605 resistit.
3042 551 3142 617 Qui
3183 561 3360 606 autem
3408 554 3543 606 resic

1961 648 2111 694 stunt
2140 657 2156 692 :
2187 638 2285 707 ipsi
2318 640 2419 693 sibi
2457 640 2850 696 damnationem
2891 642 3196 709 acquirunt.
3228 642 3359 696 Nam
3397 645 3545 710 prin-

1959 732 2105 799 cipes
2131 746 2234 784 non
2264 739 2388 785 sunt
2418 731 2595 785 timori
2627 731 2747 785 boni
2772 733 2947 801 operis
2982 750 2996 788 :
3025 732 3119 787 sed
3150 734 3295 789 tuali.
3327 733 3418 787 Vis
3440 750 3538 787 au-

1964 831 2066 876 tem
2102 837 2206 875 non
2241 823 2427 876 timere
2457 830 2770 891 potestatem
2800 838 2815 873 :
2848 822 3045 877 bonum
3077 822 3156 877 lac
3184 839 3199 876 :
3231 832 3285 877 et
3316 823 3539 877 habebis

1962 912 2169 967 Iaudem
2207 928 2272 967 ex
2303 913 2414 967 illa.
2452 912 2541 966 Dei
2564 915 2703 967 enim
2745 913 2985 967 minister
3013 924 3093 968 est
3121 913 3212 969 tibi
3242 914 3295 967 in
3320 914 3540 968 bonum.

1961 1002 2017 1059 Si
2048 1012 2227 1057 autem
2259 1002 2451 1055 malum
2492 1001 2684 1057 feceris
2718 1020 2730 1054 :
2766 1004 2915 1056 time.
2955 1003 3068 1056 Non
3101 1001 3243 1057 enim
3274 1003 3389 1057 sine
3415 1017 3543 1058 cau-

1960 1106 2016 1145 sa
2047 1092 2280 1159 gladinm
2313 1100 2505 1161 portat.
2541 1091 2633 1145 Dei
2662 1092 2802 1145 enim
2829 1092 3069 1145 minister
3096 1098 3179 1146 est
3211 1107 3225 1145 :
3267 1090 3457 1144 vindex
3486 1092 3538 1145 in

1961 1179 2093 1233 iram
2142 1178 2190 1234 ei
2219 1180 2308 1249 qui
2340 1180 2535 1234 malum
2558 1181 2681 1251 agit.
2714 1176 2742 1215 ³³
2768 1180 2889 1235 Ideo
2917 1182 3056 1234 enim
3081 1178 3383 1235 necessitati
3412 1180 3543 1233 sub-

1960 1270 2057 1325 diti
2112 1279 2286 1326 estote
2325 1286 2340 1326 :
2387 1287 2491 1326 non
2532 1274 2703 1326 solum
2748 1280 2961 1341 propter
3015 1272 3145 1325 iram
3188 1287 3204 1325 :
3242 1272 3337 1325 sed
3380 1270 3542 1325 etiam

1967 1357 1985 1397 ί
2020 1370 2235 1428 propter
2256 1360 2605 1414 constantiam
2639 1376 2653 1413 :
2688 1362 2703 1411 l
2734 1372 2787 1414 et
2816 1360 3007 1415 tributa
3041 1367 3364 1429 prestantes.
3391 1358 3542 1412 Mini-

1960 1452 2060 1507 stri
2090 1453 2230 1507 enim
2259 1465 2383 1506 sunt
2413 1453 2503 1506 Dei
2530 1470 2542 1505 :
2574 1453 2628 1506 in
2654 1453 2754 1506 hoc
2778 1452 2949 1521 ipsum
2976 1453 3290 1507 servientes.
3320 1450 3546 1505 Reddite

1959 1558 2088 1612 ergo
2114 1543 2360 1597 omnibus
2403 1541 2599 1596 debita.
2639 1543 2736 1596 Cui
2774 1542 3028 1596 tributum
3077 1558 3093 1595 :
3127 1542 3404 1596 tributum.
3442 1540 3546 1595 Cui

1961 1633 2180 1701 vectigal
2208 1648 2223 1685 :
2254 1632 2497 1701 vectigal.
2524 1632 2619 1684 Cui
2647 1632 2890 1684 timorem
2921 1648 2933 1682 :
2962 1630 3224 1684 timorem.
3250 1630 3346 1685 Cui
3375 1630 3547 1684 hono-

1962 1738 2071 1779 rem
2108 1741 2121 1776 :
2155 1723 2431 1777 honorem.
2460 1722 2667 1776 Nemini
2707 1722 2989 1791 quicquam
3028 1721 3267 1775 debeatis
3300 1735 3318 1775 :
3360 1722 3548 1777 nisiut

1889 1827 1935 1885 Β
1961 1813 2187 1868 invicem
2208 1812 2461 1882 diligatis.
2507 1812 2545 1881 ti
2565 1850 2580 1865 .
2612 1814 2800 1867 Amen.
2832 1810 2983 1865 Dicat
3013 1810 3287 1883 Presbyter
3311 1812 3388 1866 vel
3414 1810 3549 1868 Dia-

1959 1920 2141 1961 conus.

1960 2018 2133 2073 Lectio
2150 2019 2314 2073 sancti
2333 2015 2599 2087 Evangelii
2612 2015 2887 2069 secundum
2906 2014 3191 2070 Mattheum
3211 2012 3361 2087 (Cap.
3376 2012 3459 2070 ιΧ
3468 2014 3544 2086 I).

2034 2128 2089 2183 In
2118 2130 2207 2185 illo
2231 2140 2495 2198 tempore.
2522 2129 2656 2184 Cum
2687 2130 2921 2186 audisset
2940 2130 3211 2185 lobannes
3238 2131 3289 2185 in
3319 2130 3548 2184 vinculis

1964 2233 2126 2288 opera
2154 2220 2351 2274 Christi
2392 2237 2405 2274 :
2448 2220 2665 2276 mittens
2702 2220 2834 2276 duos
2871 2221 2939 2275 de
2976 2219 3247 2290 discipulis
3272 2220 3387 2274 suis
3428 2237 3441 2271 :
3473 2219 3551 2273 ait

1965 2313 2063 2367 illi.
2095 2315 2173 2367 Tu
2216 2328 2275 2369 es
2313 2314 2402 2382 qui
2447 2326 2699 2369 venturus
2726 2330 2784 2369 es
2818 2332 2830 2367 :
2864 2330 2930 2368 an
2969 2315 3129 2369 alium
3168 2314 3551 2384 expectamus?

1965 2405 2030 2462 Et
2071 2406 2396 2474 respondens
2436 2406 2591 2461 Jesus
2629 2409 2703 2461 ait
2738 2408 2861 2461 illis.
2895 2407 3096 2461 Euntes
3124 2406 3434 2461 renunciate
3460 2404 3553 2459 Jo-

1967 2499 2125 2552 hanni
2156 2514 2260 2569 que
2301 2498 2525 2553 audistis
2572 2508 2627 2553 et
2668 2498 2894 2553 vidistis.
2937 2498 3061 2553 Ceci
3108 2497 3341 2552 vident‘:
3374 2497 3551 2551 claudi

1967 2591 2243 2645 ambulant
2276 2609 2290 2645 :
2322 2590 2515 2659 Ieprosi
2538 2588 2858 2643 mundantur
2891 2604 2905 2641 :
2935 2588 3081 2643 surdi
3108 2588 3328 2659 audiunt
3357 2609 3371 2644 :
3408 2602 3554 2641 tuor-

1969 2680 2043 2734 tui
2083 2646 2421 2750 resurgunt:
2465 2693 2723 2749 pauperes
2761 2679 3211 2749 evangelizantur.
3255 2646 3324 2731 lit
3362 2678 3552 2732 beatus

1967 2776 2051 2823 est
2087 2768 2176 2839 qui
2217 2785 2321 2823 non
2361 2768 2521 2823 fuerit
2558 2768 2946 2822 scandalizatus
2984 2768 3037 2822 in
3075 2783 3179 2822 me.
3223 2767 3331 2822 lllis
3369 2775 3549 2820 autem

1967 2860 2286 2915 abeuntibus
2310 2877 2322 2912 :
2349 2860 2486 2929 cepit
2507 2860 2661 2915 Jesus
2684 2859 2864 2914 dicere
2886 2859 2949 2912 ad
2976 2860 3155 2913 turbas
3181 2858 3247 2913 de
3268 2858 3546 2912 Johanne:

1969 2950 2104 3019 Quid
2143 2951 2329 3005 existis
2361 2950 2414 3005 in
2453 2951 2720 3005 desertum
2765 2950 2977 3005 videre?
3024 2950 3354 3004 Arundinem
3394 2959 3554 3004 vento

1971 3042 2254 3111 agitatam?
2278 3042 2380 3097 Sed
2404 3043 2529 3111 quid
2560 3042 2745 3096 existis
2768 3040 2982 3096 videre?
3009 3040 3287 3095 llominem
3306 3039 3556 3095 mollibus

1975 3134 2224 3187 vestitum
2261 3150 2273 3184 :
2306 3132 2445 3187 Ecce
2472 3134 2557 3202 qui
2590 3133 2836 3186 mollibus
2862 3133 3198 3187 vestiuntur:
3229 3133 3280 3185 in
3309 3131 3555 3186 domibus

295 3204 422 3257 viam
454 3220 470 3257 ;
508 3214 567 3258 ut
596 3205 878 3259 transirent
908 3204 1112 3259 liberati
1145 3221 1162 3259 :
1196 3204 1260 3258 Et
1288 3183 1428 3259 nunc
1454 3204 1579 3275 quid
1606 3205 1866 3272 redempti
1892 3183 1940 3245 ο
1969 3183 2503 3293 ,ggjg';un["s'ej
2516 3183 3161 3293 vagi]g;i;.is'}.i.je}c§
3186 3183 3557 3291 ‘p'.;,[;.;.,.a;..§

294 3306 406 3348 sunt
436 3311 465 3349 a
500 3296 728 3350 Domino
758 3312 773 3350 :
804 3304 1140 3351 revertentur
1173 3305 1227 3352 et
1257 3297 1471 3351 venient
1499 3296 1553 3350 in
1582 3296 1726 3366 Syon
1759 3297 1871 3351 lau-

296 3385 478 3440 dantes
523 3404 538 3439 :
581 3394 638 3441 et
681 3385 849 3441 leticia
889 3386 1209 3455 sempiterna
1255 3373 1417 3455 super
1443 3388 1614 3456 capita
1660 3401 1868 3442 eorum.

298 3475 554 3531 Caudium
578 3487 633 3532 et
662 3476 889 3532 leticiam
924 3476 1239 3531 obtinebunt
1268 3494 1285 3531 :
1329 3485 1387 3531 et
1430 3476 1599 3549 fugiet
1642 3477 1794 3531 dolor
1820 3486 1876 3533 et

300 3569 537 3635 gemitus.
585 3568 695 3637 Ego
734 3582 837 3637 ego
882 3569 995 3637 ipse
1036 3567 1353 3623 consolabor
1400 3583 1512 3622 vos.
1564 3568 1640 3636 ἡ.
1685 3570 1876 3623 Amen.

302 3653 439 3710 Dicat
467 3656 653 3711 Presb.
700 3657 955 3713 Dominus
997 3656 1067 3713 sit
1103 3671 1316 3725 semper
1354 3657 1649 3712 vobiscum.
1706 3658 1779 3725 ιῆ.
1813 3657 1881 3713 Et

300 3759 414 3801 eum
442 3747 656 3815 spiritu.
683 3746 709 3785 ιι
748 3747 899 3802 Dicat
946 3746 1165 3802 Chorus.
1232 3747 1305 3814 ἢ.
1359 3747 1546 3801 Excita
1592 3748 1879 3816 potentiam

302 3847 441 3892 tuam
473 3838 719 3893 Domine.
748 3848 770 3874 ε
804 3840 869 3894 Et
897 3841 1016 3894 veni
1050 3839 1116 3894 ad
1147 3840 1479 3895 liberandum
1510 3852 1629 3895 nos.
1676 3840 1710 3908 Ῡ
1735 3876 1751 3893 .
1782 3840 1882 3905 Qui

304 3930 437 3997 regis
484 3928 647 3984 Israel
689 3929 909 3985 intende
949 3930 1041 3999 qui
1070 3930 1290 3986 deducis
1332 3930 1476 3985 velut
1503 3945 1657 3985 ovem
1685 3929 1885 4000 Joscpb

309 4014 328 4056 ί
360 4032 575 4087 appare.
602 4016 671 4069 P.
707 4017 773 4072 Et
800 4019 939 4073 veni.
964 4017 1119 4073 Dicat
1147 4018 1329 4076 Presb.
1358 4019 1640 4076 Silentium
1668 4021 1845 4076 facile.

375 4108 523 4162 Dicat
546 4109 763 4163 Chorus.
1139 4141 1143 4145 -
1784 4126 1789 4129 ‘

436 4220 712 4290 Sequentia
740 4213 952 4293 epistole
976 4222 1132 4277 Pauli
1153 4226 1366 4294 apo~toli
1395 4228 1463 4283 ad
1485 4228 1763 4285 Romanos.

899 4295 1049 4364 (Cap.
1083 4304 1108 4342 tt
1133 4294 1333 4366 XIII).

391 4384 430 4451 ιῇ
452 4423 465 4436 .
500 4384 609 4439 Deo
634 4385 851 4455 gratias.

383 4474 616 4530 Fratres.
648 4477 832 4532 Omnis
876 4480 1049 4533 anima
1095 4482 1442 4547 potestatibus
1485 4482 1888 4538 sublimioribus

1974 3314 2146 3368 Etiam
2170 3314 2290 3369 dico
2318 3314 2470 3369 vobis
2496 3331 2509 3367 :
2542 3324 2596 3369 et
2622 3314 2893 3382 plusquam
2927 3314 3265 3381 Prophetatn.
3292 3312 3385 3365 llic
3412 3312 3555 3365 enim

1972 3412 2056 3458 est
2101 3404 2166 3458 de
2203 3417 2309 3472 quo
2351 3404 2605 3472 scriptum
2644 3413 2744 3458 est.
2789 3402 2927 3456 Ecce
2965 3417 3065 3471 ego
3108 3401 3260 3456 mitto
3305 3400 3554 3471 angelum

1975 3509 2151 3549 mcum
2184 3505 2307 3549 ante
2338 3494 2526 3548 faciem
2560 3505 2702 3548 tuam
2736 3509 2750 3548 :
2781 3491 3202 3563 quipreparabit
3240 3490 3375 3545 viam
3408 3500 3553 3544 tuam

1942 3618 1945 3621 -
1976 3595 2100 3640 ante
2139 3593 2213 3639 te.
2245 3584 2414 3639 Amen
2446 3584 2565 3639 dico
2592 3585 2741 3640 vobis
2769 3601 2784 3639 :
2819 3600 2922 3638 non
2952 3582 3186 3638 surrexit
3232 3584 3370 3636 inter
3407 3589 3562 3633 natus

1977 3674 2261 3730 mulierum
2292 3675 2462 3745 major
2498 3675 2739 3732 Jobanne
2770 3676 3025 3745 Baptism.
3053 3674 3150 3742 Qui
3181 3683 3357 3728 autem
3388 3672 3561 3726 minor

1979 3768 2139 3821 estin
2170 3782 2334 3837 regno
2364 3769 2599 3823 celerum
2639 3768 2808 3837 major
2846 3778 2929 3824 est
2954 3769 3067 3822 illo.
3095 3768 3139 3820 Α
3165 3767 3355 3821 diebus
3386 3774 3563 3817 autem

1981 3856 2240 3912 Johannis
2269 3859 2505 3925 Baptiste
2543 3875 2713 3928 usque
2752 3875 2892 3929 nunc
2922 3873 3147 3929 regnum
3188 3859 3421 3912 celorum
3457 3856 3563 3909 vim

1984 3950 2180 4017 patitur
2224 3964 2238 3999 ι
2278 3956 2331 4003 et
2362 3948 2580 4003 violenti
2616 3927 2831 4017 rapiuni
2860 3927 3013 4005 illud.
3042 3950 3240 4003 Omnes
3272 3948 3411 4000 enim
3442 3959 3568 4014 pro-

1984 4037 2145 4106 phete
2165 4045 2218 4091 et
2236 4036 2322 4091 lex
2352 4052 2366 4090 :
2395 4051 2564 4108 usque
2590 4038 2657 4093 ad
2685 4038 2981 4093 Jobannem
3006 4037 3474 4106 prophetaverunt.
3501 4033 3569 4089 Et

1982 4127 2028 4179 si
2050 4126 2212 4180 vultis
2240 4126 2483 4197 recipere
2515 4144 2528 4180 :
2561 4128 2675 4196 ipse
2713 4138 2796 4182 est
2838 4127 3016 4181 Delias
3055 4126 3146 4195 qui
3172 4136 3426 4180 venturus
3464 4133 3568 4178 est.

1986 4215 2087 4283 Qui
2116 4217 2277 4275 habet
2314 4233 2471 4275 aures
2507 4219 2757 4274 audiendi
2809 4217 3008 4273 audiat.
3070 4218 3144 4285 ἢ.
3185 4218 3378 4272 Amen.
3418 4215 3571 4270 Dicat

1989 4306 2170 4363 Presb.
2213 4309 2469 4366 Dominus
2513 4310 2583 4365 sit
2602 4324 2816 4379 semper
2858 4307 3153 4363 vobiscum.
3210 4308 3284 4374 ἢ.
3331 4306 3396 4361 Ει
3443 4319 3567 4359 cum

1991 4399 2179 4467 spiritu
2203 4400 2477 4456 tuo.Dicat
2495 4401 2709 4457 Chorus.
2733 4399 2972 4455 lLauda.
2997 4398 3242 4468 Alleluia.
3270 4398 3304 4466 ᾗ
3327 4436 3343 4450 .
3365 4405 3403 4432 ω
3430 4396 3570 4451 Deus

1992 4499 2307 4546 convertens
2358 4492 2653 4547 viviﬁcabis
2707 4507 2805 4546 nos
2862 4508 2877 4545 :
2928 4499 2984 4546 et
3040 4491 3186 4561 plebs
3244 4498 3331 4543 tua
3384 4484 3576 4543 letabi-

312 4564 518 4621 subdita
541 4567 633 4622 sit.
658 4568 769 4622 Non
793 4578 873 4624 est
895 4571 1035 4623 enim
1059 4582 1290 4637 petestas
1313 4571 1414 4625 nisi
1440 4586 1470 4625 a
1498 4571 1626 4627 Deo.
1652 4572 1768 4640 Qne
1792 4588 1885 4627 au-
1916 4565 1965 4627 Ι)
1991 4586 2074 4634 tur
2112 4581 2164 4636 in
2195 4590 2266 4637 te.
2297 4580 2365 4637 P.
2400 4583 2649 4655 Allelnja.
2676 4582 2828 4639 Dicat
2858 4581 3040 4637 Presb.
3067 4580 3326 4651 Adjuvate
3348 4596 3432 4636 me
3459 4578 3570 4634 l'ra-
3621 4626 3627 4631 .

384 4709 411 4771 Ρ
442 4701 614 4770 Super
639 4710 878 4755 montem.
910 4701 989 4757 Ex
1019 4702 1169 4769 lsata,
1202 4720 1290 4771 xc,
1322 4704 1375 4759 9.

386 4770 412 4808 δ
438 4772 578 4824 Psal.
599 4787 741 4835 χιιι,
765 4772 816 4827 5.

386 4850 408 4877 ε
438 4842 567 4903 Cap.
604 4839 699 4893 LI.
735 4842 883 4896 Vers.
916 4843 1064 4898 7-12.

384 4908 409 4943 ά
435 4911 586 4987 Dicat
616 4909 832 4987 Chorus.
865 4914 1012 4987 Adde
1042 4913 1324 4987 psallendi).
1356 4915 1495 4971 Psal.
1531 4934 1708 4987 um,
1750 4921 1800 4975 1.

386 4988 411 5015 ο
447 4978 654 5053 Egnatii
680 4978 745 5053 ad
773 4978 1091 5036 liberandum
1112 5000 1223 5039 nos.
1249 4986 1483 5053 Vulgata,
1519 4987 1658 5044 LXX
1698 4978 1750 5044 ct
1788 4990 1888 5045 lla-

314 5050 412 5103 liezl
446 5067 457 5101 ε
497 5048 559 5101 Et
594 5052 741 5114 verti,
788 5062 843 5103 ut
887 5053 1053 5105 salvos
1084 5069 1175 5107 nos
1221 5048 1403 5121 {acia}.
1446 5048 1678 5115 (Πηλιὰς
1724 5061 1889 5114 Tuum

312 5129 386 5172 est
419 5121 554 5171 enim
583 5136 613 5170 a
632 5121 832 5189 judicio
874 5138 963 5174 nos
989 5124 1250 5175 redimere.

392 5189 410 5226 ί
441 5188 667 5271 Apparet.
699 5190 771 5244 Ita
798 5188 915 5246 Ital.
940 5191 1102 5258 LXX,
1152 5194 1408 5263 ippévnOt.
1433 5196 1584 5252 Chal.
1609 5210 1663 5255 et
1705 5200 1885 5271 thlg.,

313 5271 665 5317 mantjestare.

387 5325 567 5396 FCap.
602 5327 776 5382 XIII.
812 5328 965 5385 Vers.
1006 5330 1117 5386 1-8.

386 5395 413 5432 ιι
440 5396 570 5484 ideo
597 5401 751 5480 enim.
784 5398 1074 5484 lllud_enim
1104 5418 1209 5484 non
1230 5404 1420 5474 legitur
1447 5408 1501 5463 in
1528 5408 1772 5481 Vulgata,
1799 5428 1892 5469 ne-

312 5483 420 5532 que
450 5474 501 5517 in
534 5474 760 5535 Syriam,
796 5486 893 5525 nec
922 5474 972 5524 iu
1003 5482 1147 5527 textu
1173 5474 1382 5529 (it-meo.

393 5537 412 5617 ξ
450 5535 673 5620 [ζυμωτ-
698 5542 1240 5620 cgnatantiantlLege,
1275 5558 1481 5620 propter
1507 5552 1891 5620 conscientiam,

314 5614 372 5658 ut
395 5605 686 5684 infimus-ﬁ,
716 5608 922 5677 Syriae.
953 5623 1005 5665 et
1037 5605 1281 5679 Vulgata.
1308 5605 1519 5684 legitur.

362 5750 365 5751 ν
391 5678 404 5724 i
450 5673 517 5726 Et
547 5677 737 5759 tributa
758 5673 1051 5759 itt'eslftplcs.
1090 5673 1212 5753 Sir.
1232 5673 1537 5759 {propterea
1558 5692 1709 5744 etiam
1737 5709 1893 5759 pecu-

318 5750 465 5797 niam
496 5748 677 5814 capitis
704 5748 855 5804 datis.
890 5749 1109 5822 Vulgata
1133 5748 1190 5809 et
1233 5748 1431 5828 eme,
1464 5759 1577 5814 idco
1616 5773 1663 5817 et
1702 5748 1893 5817 tributa

1995 4721 2269 4785 prastatis.

2016 4857 2029 4869 .
2120 4788 2376 4869 Cap_._X_l.
2404 4794 2558 4869 Vers.
2581 4793 2725 4869 2:16.
2748 4787 2859 4850 lloe
2887 4794 3309 4869 Evangelierntn
3330 4795 3575 4869 Evange-

1996 4857 2205 4938 listario
2221 4862 2488 4938 Vaticana;
2506 4866 2758 4938 basilicte,
2779 4880 2906 4920 sate.
2923 4882 3003 4938 xu
3023 4857 3197 4938 ("Apud
3225 4864 3341 4938 Em:
3360 4857 3567 4938 T/lDlil.,

1993 4930 2048 4978 in
2076 4928 2391 5005 capitulm-ie
2435 4928 2860 5005 Evangeliorum,
2890 4928 3280 5004 signato'litlera
3309 4934 3392 5001 S).
3439 4933 3568 5005 legit

1997 5004 2082 5067 tur
2112 4999 2384 5057 Dominica
2410 4999 2643 5059 secunda
2673 4999 2973 5067 Adventus,
3005 5014 3061 5058 ut
3089 5006 3250 5059 modo
3284 5006 3335 5058 in
3354 4999 3569 5057 Missali

1999 5066 2242 5147 Itomano
2272 5074 2443 5147 sancti
2475 5076 2551 5128 Pii
2574 5075 2626 5147 κγ
2661 5076 2873 5147 legitur.
2904 5066 3042 5136 Olim
3084 5076 3374 5147 legebatur
3392 5073 3572 5147 Durni-

2001 5142 2124 5212 nica
2152 5144 2386 5196 secunda
2418 5156 2541 5200 ante
2568 5142 2751 5199 Natale
2778 5144 3009 5212 Domini,
3041 5142 3159 5212 (ιυώ
3189 5146 3323 5197 cadit
3362 5142 3414 5195 itt
3463 5142 3569 5194 Do-

1998 5210 2246 5283 minieam
2280 5215 2492 5269 tertiam
2526 5216 2817 5275 Adventus.
2849 5232 2951 5283 qna
2998 5210 3085 5269 die
3133 5215 3324 5283 legitur
3358 5212 3410 5264 in
3438 5212 3570 5265 Mis-

1997 5280 2103 5354 sali
2126 5281 2404 5350 Toletano,
2439 5300 2580 5339 anno
2615 5286 2773 5349 1550,
2806 5280 3067 5354 Lugduni,
3106 5284 3157 5336 iu
3188 5280 3379 5346 Callia,
3402 5283 3572 5337 edito.

2000 5348 2054 5402 lu
2086 5348 2417 5425 Moaarabico
2447 5355 2604 5410 lectio
2631 5348 2910 5425 Evangelii
2935 5353 3189 5423 prolixior
3217 5364 3300 5407 est
3324 5370 3481 5420 quam
3517 5354 3575 5409 in

1999 5423 2213 5476 caneris
2245 5424 2569 5479 Missalibus.

2077 5489 2094 5529 ι
2125 5492 2332 5547 Lauda.
2376 5496 2409 5562 Ῡ
2434 5536 2447 5549 .
2480 5496 2621 5550 Psal.
2643 5510 2853 5558 Lxxxtv,
2878 5493 2932 5547 7.

2070 5571 2107 5597 ιη
2133 5563 2269 5615 Deus
2322 5580 2632 5618 convertens.
2664 5564 2803 5631 ltal.,
2841 5564 2976 5618 Dens
3016 5571 3070 5617 tu
3115 5574 3430 5618 convertens.
3474 5562 3571 5617 Tr.

1997 5634 2165 5685 sancti
2223 5634 2388 5706 llicr..
2418 5651 2587 5706 nonne
2616 5646 2671 5687 tu
2722 5638 3013 5691 revertens?
3063 5635 3305 5706 Vulgata,
3354 5636 3488 5688 Deus
3516 5646 3573 5686 tu

1999 5718 2265 5756 conversus
2296 5703 2569 5774 viviﬁcabis
2600 5722 2713 5761 nos.
