4058 6178
459 324 560 380 123

1176 314 1466 371 MISSALE
1506 313 1771 370 MIXTUM
1816 311 1963 367 SBC.
2010 311 2168 365 “EG.
2215 311 2272 365 Β.
2317 308 2584 367 lSlDORl.
2622 337 2690 350 --
2728 308 2907 365 PARS
2947 308 2983 385 1»

3617 310 3678 360 42
3694 310 3725 360 5η

457 448 563 494 tres
588 437 640 491 iit
662 431 989 488 orationibus
1011 428 1200 483 vestris
1226 444 1239 478 :
1267 436 1321 480 et
1347 434 1494 481 orate
1517 440 1611 493 pro
1634 440 1720 480 me
1748 424 1812 478 ad
1841 423 2027 477 Deum.
2062 424 2113 481 Α
2211 421 2359 475 Dicat
2404 420 2582 476 Presb.
2625 422 2759 491 Quia
2798 430 2853 475 tu
2890 436 2947 476 es
2991 420 3097 473 vita
3139 418 3399 472 vivorum.
3455 416 3520 471 Ut
3560 434 3717 489 supra

460 530 780 597 Respondeat
801 522 1017 577 Chorus.
1048 519 1273 586 Adjuvel
1306 527 1356 571 te
1391 516 1543 571 Pater
1563 528 1617 572 et
1650 519 1809 571 Filius
1840 528 1893 571 et
1922 516 2041 585 Spi-

457 629 593 673 l‘lltis
621 626 854 670 sanctus.
904 611 1050 663 Dicat
1082 609 1297 664 Chorus.
1326 608 1654 675 Sacri/icium
1686 610 1821 677 quod
1852 608 2041 660 dicitur

456 703 1025 776 o/fertoriunt.\’eiiietit
1046 702 1109 755 ad
1136 710 1186 756 te
1211 702 1389 770 populi
1417 701 1569 754 multi
1590 700 1801 770 allelnja
1831 716 1848 755 :
1880 708 1933 754 et
1956 713 2042 753 re-

455 814 548 867 ges
567 796 804 864 gentium
832 809 924 862 per
962 803 1143 861 portas
1188 802 1302 846 tuas
1339 792 1704 860 ingredientur
1745 808 1759 847 :
1802 799 1854 844 et
1886 803 2042 843 voca-

456 888 597 942 beris
627 887 816 939 civitas
850 885 1080 938 Domini.
1115 881 1314 936 Fidelis
1341 882 1484 951 Syon
1514 880 1649 934 ultra
1677 895 1780 934 non
1812 880 1919 933 eris
1945 879 2043 933 de-

455 961 640 1031 relicta
668 974 882 1044 alleluja
907 991 921 1029 :
948 972 1185 1041 alleluia.
1225 973 1259 1041 ᾗ
1286 1012 1299 1025 .
1328 972 1436 1026 llec
1464 972 1594 1025 dicit
1622 971 1876 1025 Dominus
1905 973 2042 1026 dabo

456 1070 511 1125 in
546 1084 671 1136 pace
710 1068 975 1136 principes
1016 1076 1131 1120 tuos
1164 1065 1307 1135 Syon
1336 1083 1348 1117 :
1382 1073 1442 1119 et
1472 1064 1786 1119 Sacerdotes
1832 1074 1948 1118 tuos
1989 1066 2039 1118 in

454 1161 788 1216 exultatione
835 1174 851 1212 :
888 1169 942 1213 et
981 1158 1285 1213 letabuntur
1324 1155 1376 1211 in
1414 1157 1647 1209 salutare
1688 1156 1820 1210 muri
1870 1156 1940 1209 tui
1989 1158 2039 1210 in

454 1263 699 1308 eternum
725 1260 779 1306 et
803 1253 854 1304 in
885 1251 1125 1305 seculum
1160 1250 1347 1304 seculi.
1379 1247 1440 1302 P.
1476 1249 1673 1305 Fidelis
1706 1250 1870 1319 Syon.
1908 1248 2043 1301 Dum

455 1346 641 1400 dicitur
681 1345 993 1410 sacriﬁcium
1041 1342 1224 1410 o/ferat
1256 1343 1474 1396 hostiam
1505 1341 1759 1398 Sacerdos
1804 1345 1856 1395 in
1885 1344 2043 1397 calice

454 1452 570 1489 cum
591 1436 926 1489 orationibus.
954 1432 1053 1486 llic
1072 1434 1249 1501 incipit
1277 1432 1492 1488 Missam
1514 1434 1750 1490 dicendo.
1786 1434 2062 1494 Dominus.

454 1528 524 1583 sit
552 1542 763 1597 semper
787 1528 1085 1582 vobiscum.
1130 1527 1167 1594 ti)
1191 1565 1204 1579 .
1238 1526 1305 1578 Et
1333 1540 1453 1580 cum
1479 1527 1670 1593 spiritu
1704 1535 1818 1579 tuo.

526 1618 710 1673 Missa.
745 1617 1079 1672 Accedentes
1116 1616 1182 1669 ad
1232 1629 1469 1669 mensam
1510 1614 1759 1670 terribilis
1802 1615 2043 1684 mnnipo-

454 1711 614 1766 tentis
643 1710 734 1763 Dei
779 1726 793 1762 :
833 1723 954 1764 cum
987 1723 1197 1762 summo
1234 1706 1427 1776 gaudio
1457 1706 1683 1760 Domino
1717 1707 1823 1761 Deo
1861 1716 2043 1761 nostro

454 1803 686 1867 illibatas
717 1802 917 1855 hostias
941 1800 1298 1870 sollemmus
1322 1798 1514 1852 fratres
1542 1798 1849 1851 charissimi
1880 1816 1893 1850 :
1918 1799 2040 1865 quia

453 1893 702 1962 dignatus
728 1900 811 1947 est
851 1890 943 1944 lilii
975 1889 1055 1942 sui
1090 1890 1376 1942 adventum
1417 1902 1510 1956 per
1532 1886 1831 1941 Johannein
1863 1887 2043 1954 Bapti-

453 1992 591 2037 stam
638 1982 941 2037 hominibus
983 1980 1254 2034 nunciare.
1298 1978 1385 2033 Sic
1409 1978 1550 2033 enim
1584 1976 1794 2032 allatur.
1830 1986 1855 2014 ⁸
1890 1977 2044 2031 Venit

452 2083 510 2127 et
537 2074 723 2127 fortior
755 2088 838 2126 me
866 2080 984 2140 post
1014 2084 1098 2125 me
1127 2086 1141 2124 :
1181 2069 1334 2138 cujus
1374 2083 1478 2122 non
1507 2083 1624 2121 sum
1657 2068 1844 2136 dignus
1874 2070 2044 2122 corri-

454 2163 594 2230 giam
623 2161 955 2216 calciamenti
992 2161 1222 2215 solvere.
1270 2161 1414 2225 Quos
1456 2174 1555 2227 ego
1583 2157 1726 2227 lingu
1761 2156 1786 2195 δ
1823 2159 1874 2211 in
1909 2173 2041 2227 aqua

455 2254 705 2322 baptismi
734 2269 747 2306 :
782 2262 805 2290 ε
838 2253 951 2319 ipse
980 2251 1207 2320 baptizat
1237 2251 1289 2304 in
1332 2248 1532 2317 Spiritu
1578 2249 1776 2303 Sancto
1817 2257 1873 2303 et
1913 2248 2039 2316 igni.

455 2346 589 2411 Quia
614 2347 726 2414 ipse
749 2355 826 2397 est
852 2344 988 2397 lilius
1020 2343 1111 2397 Dei
1140 2360 1151 2395 :
1184 2357 1337 2411 quem
1361 2343 1609 2411 princeps
1629 2340 1868 2410 angelice
1890 2338 1915 2377 ά
1942 2341 2042 2394 mi-

455 2439 576 2492 licic
625 2452 716 2506 per
743 2446 949 2491 uterum
986 2436 1211 2505 Virginis
1258 2450 1407 2488 sacre
1445 2445 1468 2472 ο
1500 2436 1549 2488 in
1593 2435 1791 2487 mundo
1835 2450 2041 2488 annuu-

455 2529 616 2583 ciavit
643 2530 843 2583 venire.
888 2529 1174 2583 Poscamus
1201 2542 1329 2598 ergo
1364 2528 1526 2581 Deum
1561 2528 1769 2582 Patrem
1807 2538 1902 2582 :ut
1942 2528 2043 2583 hec

456 2637 558 2689 que
580 2620 649 2675 ob
676 2622 1065 2675 solemnitatem
1088 2619 1345 2673 adventus
1378 2619 1493 2672 Filii
1526 2621 1605 2674 sui
1635 2619 1908 2675 oli'eriinus
1949 2621 2039 2675 ho-

456 2712 692 2766 locausta
720 2729 733 2765 :
764 2728 867 2765 non
899 2711 1191 2765 discutiens
1218 2719 1399 2764 nostra
1430 2720 1643 2778 peccata
1670 2726 1685 2764 :
1721 2711 1771 2764 iu
1797 2727 1893 2765 suo
1914 2725 2042 2764 con-

456 2813 639 2872 spectu
670 2802 867 2856 alliciat
895 2800 1151 2872 graciosa.

544 2892 581 2958 ἡ
604 2929 619 2945 .
654 2893 846 2946 Amen.

528 2982 682 3036 Dicat
716 2982 895 3038 Presb.
930 2981 1032 3035 Per
1064 2980 1486 3035 misericordiam
1520 2992 1660 3036 tuam
1693 2982 1833 3039 Deus
1858 2964 2061 3040 noster

461 3077 551 3144 qui
583 3089 642 3130 es
670 3074 985 3128 benedictus
1013 3084 1065 3127 et
1091 3072 1226 3128 vivis
1251 3083 1355 3127 etc.
1388 3081 1445 3125 ut
1470 3089 1625 3142 supra
1650 3073 1744 3143 fol.
1777 3075 1831 3129 '5.

530 3166 719 3221 Postea
745 3166 880 3219 dicat
912 3166 1232 3218 Orationem.

534 3258 736 3312 Oratio.
786 3256 1116 3311 Jocundatur
1166 3254 1387 3309 Domine
1437 3263 1491 3309 et
1537 3254 1790 3321 tripudiat
1842 3264 1980 3309 terra
2022 3269 2038 3315 :

459 3352 581 3419 quia
614 3349 845 3405 Verbum
883 3364 1010 3403 caro
1053 3347 1251 3401 factum
1292 3347 1495 3401 habitat
1538 3348 1589 3400 in
1622 3363 1775 3402 sacre
1806 3346 2038 3417 Virginis

460 3440 721 3495 membra.
760 3439 816 3492 In
847 3437 1001 3507 cujus
1031 3436 1263 3490 adventu
1293 3438 1469 3490 omnis
1508 3435 1576 3490 de
1608 3437 1916 3505 captivitate
1953 3454 2041 3490 re-

459 3532 680 3585 dimitur
705 3541 843 3583 terra
871 3546 884 3581 :
918 3543 1023 3598 que
1064 3527 1405 3582 detinebatur
1432 3542 1526 3596 per
1560 3529 2042 3594 transgressiruem

460 3622 575 3675 Ade
604 3622 654 3672 in
687 3620 967 3672 obscurata
997 3616 1262 3686 gehenna.
1309 3616 1459 3671 Nunc
1506 3627 1783 3671 moveatur
1815 3633 1963 3672 mare
1992 3628 2044 3673 et

461 3708 640 3763 ntimia
676 3706 695 3745 ί
724 3722 828 3775 que
866 3708 918 3761 in
948 3709 1026 3761 eis
1053 3717 1178 3760 sunt.
1208 3724 1222 3759 :
1262 3718 1470 3762 montes
1507 3710 1751 3763 exultent
1782 3719 1833 3764 et
1864 3711 2045 3762 omnia

462 3798 604 3865 ligna
636 3798 892 3853 silvarum
927 3814 943 3850 :
984 3799 1108 3866 quia
1144 3797 1283 3851 Deus
1322 3796 1482 3851 homo
1511 3797 1758 3863 dignatur
1796 3814 1891 3865 per
1931 3807 2044 3853 ute-

462 3906 582 3944 rum
615 3890 776 3944 Beate
816 3887 1050 3958 Virginis
1079 3889 1242 3943 Marie
1282 3906 1294 3941 :
1331 3888 1399 3943 de
1429 3890 1547 3944 celo
1578 3891 1629 3945 in
1669 3889 1924 3944 mundum
1958 3907 2048 3945 ve-

466 3983 603 4038 nire.
636 3982 737 4037 Per
767 3982 932 4051 ipsius
970 3982 1130 4051 igitur
1161 3981 1445 4036 adventum
1473 3993 1525 4038 te
1554 3983 1906 4052 deprecamur
1934 3999 2042 4038 om-

464 4078 712 4143 nipotens
746 4075 885 4129 Deus
918 4091 931 4127 :
972 4083 1026 4128 ut
1063 4084 1244 4128 nostre
1272 4075 1450 4130 carnis
1483 4076 1819 4146 fragilitatem
1862 4092 1890 4129 a
1927 4077 2045 4129 vin-

468 4166 603 4222 culis
638 4175 976 4233 peccatornm
1022 4165 1271 4219 absolvas
1310 4184 1321 4219 :
1363 4174 1417 4221 et
1444 4168 1681 4237 presenti
1722 4167 1926 4221 lainilie
1957 4176 2047 4223 tue

464 4258 832 4313 misericordia
860 4257 1049 4327 plenus
1069 4272 1344 4314 occurras.

550 4350 586 4413 ft)
609 4389 623 4403 .
657 4349 849 4402 Amen.

539 4438 687 4491 Dicat
721 4437 952 4507 Presbyt.
986 4438 1087 4491 Per
1130 4436 1555 4491 misericordiam
1597 4444 1740 4491 tuam
1774 4436 1915 4492 Deus
1942 4454 2038 4492 oo-
2075 4458 2129 4519 ι)

464 4538 575 4584 ster
606 4531 657 4583 in
686 4528 843 4596 cujus
872 4536 1181 4594 conspectu.
1217 4524 1284 4580 Ut
1314 4542 1471 4594 supra
1502 4526 1597 4596 fol.
1629 4527 1684 4580 4.

540 4618 663 4674 Post
706 4618 934 4673 nomina.
982 4618 1204 4672 Domine
1234 4616 1362 4672 Jesu
1402 4618 1613 4674 Christe
1652 4633 1813 4688 quem
1856 4629 2047 4674 ventu-

466 4729 584 4768 rum
630 4726 751 4766 esse
799 4710 1068 4765 credimus
1112 4710 1347 4779 judicent
1394 4728 1407 4763 :
1453 4712 1541 4780 qui
1581 4712 1693 4782 jam
1744 4712 1943 4768 dudum
1992 4714 2057 4769 in;

470 4805 641 4873 primo
689 4804 927 4858 adventu
979 4802 1146 4871 glorie
1202 4809 1290 4856 tue
1344 4813 1559 4871 promer
1610 4814 1791 4858 nostra
1843 4804 2048 4858 scelera

470 4896 686 4949 humilis
716 4895 903 4950 venire
931 4896 1183 4963 dignatus
1213 4908 1273 4948 es
1321 4912 1335 4949 :
1369 4895 1601 4949 Petimus
1644 4914 1655 4950 :
1697 4906 1753 4951 ut
1788 4897 1912 4951 dum
1954 4896 2041 4950 ad-

469 4996 663 5039 ventus
705 4986 988 5041 clemeutie
1042 4995 1132 5039 tue
1177 4987 1447 5041 secundus
1494 4988 1774 5043 advenerit
1817 5005 1831 5041 :
1871 4997 2051 5043 nostra

473 5078 685 5131 nomina
728 5076 971 5131 abeterso
1011 5088 1229 5146 peccato
1272 5094 1286 5131 :
1332 5091 1452 5133 cum
1494 5081 1696 5134 sanctis
1742 5080 1846 5136 tuis
1884 5078 2050 5135 iacias

474 5168 766 5246 prenolari.

560 5263 597 5321 ti
618 5299 633 5315 .
668 5264 857 5317 Amen.

547 5384 573 5443 μ
605 5372 746 5443 Venit
772 5384 820 5428 et
854 5376 1033 5443 fortior
1063 5391 1163 5427 me.
1196 5374 1324 5428 Illud
1356 5386 1402 5429 et
1431 5375 1683 5428 abundat.

545 5442 572 5487 ι)
602 5442 664 5515 In
694 5462 823 5515 aqua
855 5442 1131 5515 Bnptismi.
1169 5446 1317 5500 Adde
1348 5447 1669 5513 paenitentia}.

554 5524 577 5586 ξ
613 5513 731 5586 [pse
760 5513 1002 5586 baptizat.
1037 5515 1286 5570 Fortasse
1314 5516 1594 5586 legendum
1625 5515 1925 5586 baptizabit.

547 5582 572 5622 ά
601 5582 809 5636 Milicie.
840 5583 1055 5651 Corrige
1084 5588 1301 5641 militiis.

553 5667 575 5693 ι·
609 5652 669 5705 In
700 5656 907 5706 mando.
936 5655 1075 5719 Lege
1101 5656 1155 5708 in
1179 5657 1442 5709 mundum.

556 5735 569 5764 ι
606 5726 712 5789 Quc
743 5726 791 5777 in
817 5727 887 5778 eis
918 5734 1054 5777 sunt.
1085 5725 1224 5794 Lege
1253 5743 1366 5795 qua:
1396 5726 1446 5781 in
1471 5746 1528 5787 eo
1555 5744 1691 5789 sunt.

2069 3115 2116 3178 ρ
2148 3109 2268 3163 ideo
2309 3124 2432 3163 vera
2468 3118 2639 3163 mater
2683 3109 2801 3164 Filii
2850 3107 2944 3162 Dei
2992 3123 3007 3161 :

2145 515 2244 566 col.
2278 514 2400 567 115.

2213 606 2294 661 Ad
2333 622 2528 675 pacem.
2574 605 2701 661 Jesu
2730 607 2900 660 virtus
2938 602 3269 659 inﬁrmitatis
3308 610 3492 657 nostre
3525 618 3538 653 :
3574 611 3598 648 κ
3631 604 3722 670 qui

2143 698 2262 752 sine
2291 698 2535 752 manibus
2566 697 2960 767 precidentium
3012 695 3147 763 lapis
3178 707 3339 747 verus
3379 708 3437 747 es
3475 694 3721 747 abscisus

2144 808 2175 846 a
2209 801 2388 846 monte
2420 809 2433 844 :
2466 806 2571 860 quo
2599 791 2774 845 omnis
2816 789 3045 843 latitudo
3083 789 3285 857 repleta
3314 797 3398 843 est
3432 795 3592 843 terre.
3637 789 3721 844 Tu

2142 884 2305 939 corda
2337 894 2518 939 nostra
2553 886 2699 954 reple
2734 884 2876 938 dono
2914 883 3056 953 pacis
3094 892 3147 937 et
3178 883 3346 953 gratie
3380 898 3398 935 :
3431 891 3489 937 ut
3515 884 3603 951 qui
3641 882 3722 937 in-

2143 978 2471 1033 carnationis
2500 985 2590 1030 tue
2618 975 2955 1030 celebramus
2997 973 3243 1027 solennia
3278 991 3292 1029 :
3327 989 3422 1044 per
3453 978 3600 1042 pacis
3625 974 3719 1029 bo-

2145 1083 2268 1121 num
2298 1067 2476 1122 future
2504 1064 2919 1123 examinatiouis
2948 1063 3240 1119 liberemur
3268 1077 3297 1118 a
3330 1077 3485 1133 peua.

2229 1160 2265 1226 ti
2288 1199 2301 1214 .
2337 1162 2527 1213 Amen.

2219 1251 2363 1304 Dicat
2389 1251 2563 1305 Presb.
2582 1251 2716 1318 Quia
2740 1259 2793 1305 tu
2815 1264 2873 1305 es
2895 1264 3018 1306 vera
3048 1265 3147 1319 pax
3175 1257 3378 1314 nostra,
3402 1255 3508 1301 etc.
3540 1242 3721 1300 Gratia

2144 1342 2239 1397 Dei
2287 1344 2479 1409 Patris,
2518 1353 2622 1398 etc.
2656 1342 2719 1396 Et
2756 1354 2930 1413 postea
2964 1343 3121 1396 dicat.
3166 1340 3401 1396 lntroibo
3437 1339 3502 1394 ad
3533 1339 3718 1394 Altare

2147 1435 2237 1491 Dei
2267 1437 2391 1501 mei,
2422 1445 2526 1489 etc.
2563 1435 2726 1502 Quere
2754 1451 2908 1503 supra
2936 1433 3030 1503 [οι.
3064 1431 3121 1487 4.

2213 1547 2431 1602 Inlatio.
2478 1548 2703 1617 Dignum
2744 1557 2799 1602 et
2836 1548 3034 1616 justum
3084 1553 3211 1600 est:
3253 1557 3381 1600 vere
3421 1557 3616 1612 equum
3664 1550 3737 1597 et-

2146 1643 2376 1696 salutare
2405 1654 2485 1695 ρει
2532 1659 2546 1696 :
2594 1639 2804 1696 Domini
2836 1633 3003 1695 nostri
3033 1638 3161 1694 Jesu
3190 1635 3391 1692 Christi
3433 1636 3719 1690 adventum

2074 1766 2119 1828 Β
2148 1734 2200 1791 in
2229 1731 2561 1787 mirabilibus
2589 1733 2870 1802 predicare
2895 1749 2908 1785 :
2933 1748 3089 1801 quem
3114 1732 3251 1785 inter
3274 1729 3521 1783 homines
3549 1727 3724 1781 nasci-

2152 1836 2326 1877 turum
2352 1825 2570 1878 celestis
2596 1825 2823 1880 nuncius
2847 1824 3139 1879 nuneiavit.
3164 1823 3327 1893 Virgo
3354 1834 3564 1877 terrena
3592 1822 3721 1872 dum

2147 1916 2467 1970 Salutat'etur
2493 1916 2694 1971 audivit
2726 1932 2740 1967 :
2773 1916 3005 1985 Spiritus
3028 1914 3257 1970 Sanctus
3280 1914 3333 1968 in
3366 1924 3519 1967 utero
3550 1927 3562 1963 :
3593 1909 3723 1963 dum

2146 2008 2354 2062 veniret
2381 2009 2584 2062 creavit
2616 2026 2627 2059 :
2662 2020 2718 2061 ut
2759 2007 3009 2063 Gabriele
3038 2008 3326 2078 pollicente
3361 2024 3374 2058 :
3410 2003 3569 2059 Maria
3600 2015 3723 2057 cre-

2145 2101 2307 2155 dente
2340 2117 2351 2152 :
2387 2099 2481 2154 Dei
2523 2099 2688 2152 verbo
2730 2100 2936 2167 Spiritu
2976 2108 3358 2168 cooperante:
3406 2100 3726 2161 sequeretur

2145 2192 2521 2245 salutationem
2574 2191 2883 2259 Angelieam
2932 2191 3191 2245 securitas
3242 2207 3255 2241 :
3311 2185 3720 2257 promissionem

2149 2284 2429 2350 perlicerit
2459 2282 2655 2336 veritas
2688 2300 2703 2337 :
2733 2292 2792 2335 ut
2822 2281 3069 2335 altissimi
3101 2279 3453 2335 obumbrante
3478 2275 3672 2329 virtute
3703 2288 3723 2327 :

2146 2375 2174 2414 ιι
2203 2378 2483 2432 didicisset
2512 2392 2572 2432 se
2615 2392 2737 2431 esse
2764 2377 2986 2431 fecunda
3029 2375 3332 2448 virginitas.
3376 2374 3513 2428 Ecce
3542 2371 3724 2426 conci-

2147 2472 2260 2537 pies
2302 2471 2353 2524 in
2397 2479 2549 2523 tttero
2578 2477 2631 2524 et
2663 2471 2837 2537 paries
2869 2470 3035 2523 lilium
3071 2485 3086 2525 :
3122 2467 3352 2537 Angelus
3383 2464 3673 2532 predicavit
3704 2479 3716 2513 :

2145 2570 2199 2614 et
2225 2560 2492 2628 quomodo
2523 2560 2612 2615 liet
2641 2561 2779 2614 istud
2811 2559 2973 2614 Maria
3003 2558 3302 2626 respondit.
3334 2557 3438 2612 Sed
3471 2557 3593 2623 quia
3624 2556 3721 2606 hcc

2144 2650 2414 2705 credendo
2443 2666 2545 2705 non
2572 2650 2863 2705 dubitando
2891 2650 3165 2719 respondit
3191 2667 3206 2705 :
3234 2648 3469 2717 implevit
3490 2646 3721 2713 Spiritus

2144 2740 2374 2797 Sanctus
2399 2742 2540 2810 quod
2566 2743 2803 2809 Angelus
2830 2741 3133 2811 spopondit.
3170 2741 3327 2809 Virgo
3348 2749 3472 2792 aute
3494 2750 3723 2802 concep-

2146 2844 2254 2889 tum
2283 2853 2293 2886 :
2324 2834 2480 2903 Virgo
2499 2848 2712 2904 semper
2734 2834 2905 2889 futura
2932 2842 3051 2904 post
3072 2842 3298 2904 partum.
3332 2830 3347 2868 ί
3378 2831 3541 2885 Deum
3564 2843 3719 2883 suum

2146 2926 2290 2994 prius
2340 2914 2516 2981 mente
2568 2943 2583 2981 :
2637 2927 2831 2981 dehinc
2880 2936 3069 2981 ventre
3125 2926 3370 2992 concepit
3424 2941 3437 2976 :
3495 2922 3721 2976 salutem

2144 3018 2327 3072 mundi
2374 3020 2543 3088 prima
2594 3018 2851 3086 suscepit.
2900 3018 3059 3087 Virgo
3098 3017 3249 3086 plena
3292 3017 3459 3082 gratia
3503 3012 3594 3065 Dei
3628 3029 3641 3064 :
3670 3020 3726 3064 et

3056 3122 3212 3175 quem
3256 3105 3482 3159 adorant
3512 3103 3722 3171 Angeli.

2146 3198 2366 3252 Throni.
2402 3199 2819 3253 Dominationes.
2854 3199 2918 3252 Et
2949 3198 3248 3252 Potestates
3279 3197 3348 3248 ita
3391 3195 3651 3249 dicentes.

2217 3289 2368 3343 Dicat
2396 3288 2615 3344 Chorus.
2659 3289 2906 3345 Sanctus.
2940 3288 3189 3346 Sanctus.
3224 3286 3476 3340 Sanctus.

2215 3382 2366 3435 Dicat
2398 3382 2574 3435 Presb.

2216 3472 2343 3528 Post
2390 3472 2631 3528 Sanctus.
2685 3471 2825 3527 Vere
2877 3472 3103 3527 Sanctus
3157 3488 3173 3525 :

2146 3566 2405 3621 Dominus
2432 3576 2613 3619 noster
2643 3564 2799 3619 Iesus
2825 3563 3069 3619 Christus
3103 3562 3270 3616 Filius
3300 3571 3442 3617 tuus.
3471 3562 3570 3627 Qui
3602 3575 3729 3614 cum

2146 3657 2198 3711 in
2228 3656 2397 3710 l'ortna
2425 3656 2516 3710 Dei
2544 3664 2689 3711 esset
2717 3673 2732 3710 :
2756 3655 3102 3725 semetipsum
3133 3654 3426 3709 exinanivit
3456 3670 3470 3708 :
3499 3655 3725 3709 formam

2147 3748 2416 3817 accipiens
2452 3748 2594 3801 servi
2631 3764 2644 3802 :
2689 3761 2810 3801 cum
2851 3747 3156 3801 incarnatus
3203 3747 3255 3801 in
3300 3757 3455 3801 utero
3497 3743 3729 3812 Virginis

2148 3840 2483 3895 abscondens
2532 3839 2870 3895 Divinitatem
2914 3851 3065 3891 suam
3109 3854 3123 3890 :
3164 3837 3399 3905 suscepit
3445 3835 3729 3889 inﬁrmita-

2149 3946 2256 3991 tem
2287 3944 2527 3989 nostram
2560 3951 2573 3985 :
2606 3934 2721 4002 ipse
2752 3930 3007 3985 Dominus
3037 3945 3099 3984 ac
3130 3924 3454 3997 Redemptor
3485 3938 3726 3981 eternns.

2222 4025 2407 4080 Postea
2441 4026 2597 4078 dicat.
2638 4024 2840 4079 Adesto
2874 4022 3062 4077 adesto
3095 4019 3221 4075 Jesu
3266 4019 3421 4074 bone.
3471 4016 3538 4072 Ut
3572 4032 3731 4085 supra

2151 4118 2241 4188 fol.
2277 4118 2333 4172 5.

2223 4207 2421 4262 Deinde
2445 4210 2601 4262 dicat;

2230 4300 2350 4355 Post
2397 4301 2581 4370 pridie.
2628 4298 2770 4351 Deus
2812 4296 2900 4368 qui
2941 4298 3019 4352 sic
3060 4295 3293 4351 dilexisti
3330 4293 3583 4349 mundum
3624 4299 3732 4346 :ut

2157 4395 2345 4449 Filium
2382 4403 2527 4447 tuum
2562 4392 2893 4462 unigenitum
2938 4394 3093 4445 dares
3129 4404 3226 4458 pro
3259 4388 3477 4442 mundo.
3508 4387 3587 4440 'l‘u
3631 4385 3731 4439 hec

2159 4487 2405 4543 libamina
2440 4487 2531 4539 tibi
2565 4485 2927 4540 henedicenda
2956 4490 3168 4539 aSsume
3204 4500 3217 4537 :
3246 4492 3301 4537 et
3333 4482 3490 4535 nobis
3519 4491 3607 4535 tue
3639 4480 3732 4533 be-

2153 4578 2471 4633 nedictiouis
2516 4577 2654 4631 dona
2694 4577 2907 4647 largire.
2962 4576 3027 4631 Ut
3073 4575 3162 4645 qui
3204 4576 3273 4629 ob
3305 4573 3614 4643 mysterium
3644 4571 3732 4624 lu-

2151 4672 2477 4725 carnationis
2505 4679 2595 4724 tue
2624 4672 2721 4723 hec
2745 4670 2841 4725 tibi
2864 4668 3123 4723 sacriﬁcia
3148 4666 3449 4721 veneranda
3475 4663 3689 4724 litamus
3712 4679 3728 4717 :

2152 4762 2341 4814 horum
2382 4759 2762 4814 sacrificiorum
2806 4758 3280 4827 propiciationibus
3324 4774 3336 4808 :
3377 4756 3444 4809 ab
3482 4751 3731 4807 omnibus

2152 4851 2469 4908 criminibus
2500 4850 2798 4919 exiliemur.
2843 4851 2880 4919 ιῆ
2901 4889 2915 4903 .
2949 4851 3145 4904 Amen.

2224 4964 2374 5018 Dicat
2420 4964 2595 5017 Presb.
2629 4963 2707 5018 Te
2743 4972 3013 5032 prestante
3051 4962 3245 5018 Sancte
3284 4961 3423 5021 Dﬁe.
3460 4957 3527 5013 Ut
3566 4972 3727 5021 supra

2152 5057 2245 5126 fol.
2277 5053 2331 5109 5.
2383 5054 2539 5113 Dﬁus
2562 5053 2631 5108 sit
2658 5068 2868 5123 semper
2907 5054 3202 5108 vobiscum.
3259 5051 3295 5116 ii)
3319 5090 3333 5106 .
3386 5050 3448 5104 Et
3480 5049 3582 5120 ιο
3608 5064 3731 5102 cum

2151 5145 2364 5217 spiritu.
2404 5146 2552 5200 Sicut
2582 5146 2774 5199 dictum
2801 5151 2873 5199 est
2904 5156 3038 5198 retro
3069 5153 3114 5197 et
3148 5143 3320 5197 omnia
3347 5143 3473 5196 alia.

3228 3486 3356 3526 vere
3414 3468 3727 3525 benedictus

2226 5261 2307 5314 Ad
2358 5260 2652 5313 Orationem
2707 5258 3053 5313 Dominicam.
3104 5254 3493 5311 Conlortamini
3540 5266 3735 5307 manus

2228 5381 2253 5421 tt
2287 5370 2385 5438 Qui
2410 5372 2519 5425 sine
2542 5371 2793 5425 manibus.
2828 5370 3036 5424 Daniel.
3065 5384 3123 5432 tl,
3156 5368 3246 5421 55.

2198 5441 2255 5523 ,ιι
2286 5431 2578 5496 Didicisset.
2610 5441 2772 5510 Lege,
2810 5442 3024 5495 disceret
3069 5457 3123 5494 se
3147 5453 3256 5493 esse
3284 5437 3506 5509 fecunda
3561 5431 3733 5503 Virgi-

2157 5522 2307 5567 mtas.

2237 5582 2250 5619 ί
2284 5583 2449 5638 Deum
2478 5600 2650 5637 sanat.
2683 5583 2910 5638 Sanetus
2943 5581 3051 5635 Leo
3083 5595 3250 5634 serm.
3282 5578 3375 5648 9.0,
3407 5577 3495 5648 qui
3526 5575 3740 5647 primus

2161 5664 2240 5711 est
2269 5656 2335 5712 de
2369 5656 2653 5711 Nativitatc
2684 5654 2917 5720 Domini,
2948 5651 3079 5709 edit.
3113 5652 3317 5717 Quesu.
