4058 6178
355 316 463 372 125

1106 320 1396 379 ιιιεεςιιιι]
1437 324 1703 383 ΜΙΧΤΟΜ
1747 326 1895 385 SEC.
1938 329 2101 385 ΠΕΟ.
2148 333 2206 390 Β.
2249 335 2513 391 18100111.
2548 369 2621 382 —-
2658 339 2835 395 PARS
2876 344 2911 397 1η

3518 354 3629 409 Γέϐ

358 434 577 502 fatigate
604 448 619 485 :
645 432 965 490 roboramini
998 439 1383 505 pusillanimes.
1408 443 1727 501 llilarescite
1755 447 1952 501 :nolite
1979 449 2030 506 A
2058 450 2246 504 laudis.
2279 453 2551 510 Attendite
2578 457 2642 509 ad
2676 474 2761 513 me
2791 460 2983 528 popule
3012 477 3160 517 meus
3190 506 3202 519 .
3240 476 3291 518 et
3318 467 3485 522 tribus
3510 486 3625 523 mea

360 526 571 578 timere.
599 524 851 581 Extollite
874 528 939 582 ad
968 530 1129 584 Deum
1155 547 1342 587 manus
1366 548 1571 592 vestras
1598 556 1611 591 :
1637 548 1691 593 et
1710 540 1939 594 excitate

359 616 544 687 corda.
594 618 727 681 Quia
779 632 904 672 ecce
947 619 1056 687 jam
1113 622 1165 675 in
1215 626 1458 691 pcoximo
1508 638 1589 682 est
1642 632 1938 696 redemptio

359 718 566 760 nostra.
598 707 759 773 Cujus
786 708 1083 765 incarnatio
1115 728 1211 766 nos
1244 716 1472 770 redemit
1504 734 1520 769 :
1551 718 1704 787 cujus
1724 734 1937 785 proces-

360 800 443 852 sio
479 800 768 852 nativitatis
808 801 1129 857 llluntinabit
1170 806 1476 874 :cujnsque
1514 811 1678 862 etiam
1719 826 1939 878 precep-

360 899 473 943 tqu
505 904 603 944 nos
623 891 805 945 docuit
835 908 991 947 orare
1015 909 1229 960 semper
1254 907 1308 950 et
1333 895 1535 953 dicere.
1569 899 1727 954 Pater
1757 912 1939 956 noster

361 982 450 1051 qui
481 999 539 1035 es
567 984 619 1036 itt
648 986 799 1037 celis.
837 984 1016 1039 Telum
1042 988 1175 1041 sicut
1203 990 1451 1057 scriptum
1480 1002 1553 1045 est
1580 1003 1713 1046 retro
1739 994 1831 1063 fol.
1863 1010 1933 1050 vt.

437 1073 586 1128 Dicat
620 1073 798 1128 I’rcsb.
829 1078 1019 1130 Sancta
1052 1078 1263 1135 Sanctis
1290 1098 1304 1134 :
1328 1091 1382 1137 et
1409 1083 1715 1150 conjunctio
1742 1101 1935 1155 corpo-

360 1168 459 1219 ris.
496 1165 643 1219 Dicat
674 1165 859 1220 Presb.
893 1169 1177 1224 llumiliate
1208 1186 1303 1226 vos
1333 1173 1713 1229 benedictioni.

432 1256 747 1312 Benedictio.
796 1260 1109 1328 Unigenitus
1155 1262 1324 1317 Filius
1363 1265 1457 1319 Dei
1500 1266 1592 1335 qui
1631 1268 1937 1324 incarnatus

363 1347 415 1400 in
458 1349 658 1402 mundo
698 1350 884 1405 oculos
924 1351 1246 1407 illuminavit
1286 1369 1535 1409 cecorum
1573 1375 1586 1409 :
1627 1358 1742 1426 ipse
1779 1359 1938 1426 spiri-

362 1441 559 1495 tualetu
614 1442 666 1495 in
716 1443 966 1497 cordibus
1018 1447 1217 1501 nostris
1264 1446 1533 1515 impertiat
1584 1448 1938 1507 intellectum.

377 1532 412 1599 Ii
435 1574 447 1585 .
481 1537 672 1586 Amen.

432 1623 641 1691 Quique
681 1636 838 1679 natus
876 1627 943 1682 de
973 1627 1190 1698 Virgine
1235 1629 1542 1699 adimplevit
1578 1631 1745 1701 legem
1792 1652 1804 1686 :
1838 1633 1936 1686 im-

368 1716 512 1782 pleat
538 1717 589 1768 in
615 1716 768 1770 nobis
790 1733 949 1772 omne
974 1720 1294 1787 promissum
1314 1720 1483 1789 gratie
1506 1737 1617 1775 sue.
1651 1723 1688 1786 ti
1711 1762 1723 1775 .
1743 1724 1931 1777 Amen.

2049 557 2136 595 tne
2177 544 2373 599 audite.
2406 545 2537 613 Quia
2569 549 2650 601 lex
2680 564 2710 602 a
2751 566 2835 605 me
2864 554 3005 606 exiet
3037 572 3049 605 :
3081 564 3135 609 et
3157 556 3418 624 judicium
3450 575 3629 614 meum

2049 631 2102 684 in
2153 632 2325 687 lucem
2376 639 2689 704 p0pulorum
2735 641 3049 708 requiescet.
3108 644 3279 712 Prope
3326 658 3407 701 est
3448 649 3633 718 justus

2048 738 2199 777 meus
2233 742 2245 776 :
2282 740 2528 793 egressus
2556 737 2638 782 est
2662 729 2907 784 Salvator
2938 748 3087 786 mens
3121 752 3133 786 :
3167 748 3218 789 et
3246 737 3465 792 brachia
3499 758 3617 797 mea

2048 816 2271 880 populos
2297 814 2635 883 judicabant.
2670 819 2753 873 Me
2784 820 2952 874 insule
2983 825 3337 889 expectabunt
3373 844 3387 879 ε
3416 838 3470 882 et
3500 829 3623 885 bra-

2044 904 2222 958 chium
2267 922 2441 961 meum
2483 909 2838 964 sustinebunt.
2889 911 3084 967 Levate
3122 914 3175 967 in
3220 917 3394 971 celum
3438 921 3625 975 oculos

2045 1006 2291 1061 vestros;
2325 1008 2378 1051 et
2407 999 2585 1053 videte
2625 1000 2722 1053 sub
2756 1010 2893 1055 terra
2923 1002 3199 1057 deorsum.
3230 1006 3361 1071 Quia
3402 1010 3503 1062 celi
3547 1012 3621 1064 si-

2044 1093 2135 1138 cut
2176 1085 2349 1140 fumus
2386 1086 2681 1156 liquescant
2725 1106 2737 1140 :
2776 1099 2831 1143 et
2877 1098 3016 1145 terra
3064 1092 3202 1146 sicut
3247 1096 3619 1152 vestimentum

2045 1187 2303 1233 atteretur
2349 1197 2361 1233 :
2400 1191 2453 1235 et
2492 1179 2817 1235 habitatores
2846 1183 2962 1251 ejus
2994 1184 3129 1237 sicut
3169 1183 3266 1239 hcc
3306 1186 3619 1242 interibunt.

2046 1269 2204 1323 Salus
2242 1277 2417 1323 autem
2457 1285 2573 1324 mea
2608 1270 2661 1324 in
2702 1274 3088 1339 sempiternum
3130 1274 3236 1329 erit
3271 1294 3282 1329 :
3316 1289 3369 1330 et
3405 1276 3620 1345 justicia

2044 1372 2159 1410 mea
2192 1373 2296 1410 non
2330 1358 2559 1412 deﬁciet.
2605 1360 2640 1426 ἡ
2663 1398 2677 1414 .
2710 1360 2902 1414 Amen.

2118 1455 2141 1483 ο
2169 1447 2471 1500 Psallcndo.
2500 1449 2735 1504 Ostende
2765 1450 2918 1505 nobis
2946 1451 3170 1508 Domine
3196 1454 3618 1510 misericordiam

2046 1548 2214 1593 tuam.
2253 1540 2321 1594 Et
2349 1541 2585 1595 salutare
2622 1552 2769 1595 tuum
2811 1542 2875 1596 da
2906 1545 3083 1599 nobis.
3128 1547 3161 1614 ᾖ
3187 1585 3202 1600 .
3232 1546 3372 1600 Deus
3410 1557 3462 1601 tu
3493 1563 3619 1601 con-

2044 1650 2228 1689 versus
2266 1634 2553 1688 viviticabis
2593 1649 2692 1688 nos
2732 1650 2747 1688 :
2789 1645 2841 1690 et
2871 1636 3022 1704 plebs
3055 1646 3141 1692 tua
3171 1639 3421 1694 letabitur
3446 1642 3500 1694 in
3544 1652 3614 1696 te.

2045 1725 2110 1778 Ρ.
2142 1726 2206 1779 Et
2234 1726 2489 1778 salutare.

433 1806 500 1861 Ut
546 1807 662 1876 ejus
703 1808 819 1863 sine
861 1810 1173 1864 confusione
1210 1812 1521 1868 mereamini
1569 1815 1810 1868 contueri
1860 1818 1931 1867 ia-
1963 1804 2010 1861 Β
2048 1880 2049 1883 η
2113 1814 2262 1865 Dicat
2300 1813 2475 1865 l't'esb.
2509 1811 2788 1867 Silentium
2821 1814 2999 1869 facite.

360 1896 497 1948 ciem
550 1912 566 1951 :

358 1995 623 2039 amanter.
672 1987 707 2053 ἢ
730 2025 744 2040 .
779 1990 948 2043 Anien

432 2076 585 2131 D;cat
618 2076 800 2133 Prcsb.
839 2080 939 2135 Per
966 2082 1387 2137 misericordiam
1420 2083 1586 2150 ipsius
1618 2084 1710 2139 Dei
1745 2085 1934 2140 nostri.

356 2165 429 2231 _Ut
458 2184 640 2237 supra.
673 2169 820 2222 Dicat
849 2168 1067 2225 Chorus.
1097 2172 1319 2227 (instate
1346 2185 1400 2227 et
1432 2174 1624 2228 videte.
1663 2174 1729 2225 Et
1759 2175 1931 2226 omnia

358 2260 465 2310 alia
500 2276 599 2328 quc
627 2272 906 2329 sequuntur
942 2271 995 2314 ut
1026 2263 1080 2315 in
1117 2264 1285 2331 primo
1316 2262 1584 2317 Dominico
1624 2268 1688 2319 de
1718 2268 1935 2317 admittit

360 2350 454 2418 fol.
486 2350 543 2404 6.

434 2441 638 2496 Oratio.
686 2442 884 2498 Refecti
926 2442 1122 2498 Christi
1164 2460 1410 2515 corpore.
1456 2445 1519 2499 Et
1566 2448 1703 2499 dicat
1746 2445 1927 2499 Pl'eab.

363 2532 418 2585 ln
463 2536 681 2603 nomine
727 2534 931 2589 Domini
987 2537 1154 2591 nostri
1192 2539 1319 2594 Jesu
1360 2539 1577 2592 Cluisti.
1619 2539 1807 2592 Votum
1842 2556 1936 2591 no-

361 2637 527 2678 Sll'tltlt
555 2626 626 2679 sit
654 2639 926 2695 acceptum
957 2628 1006 2680 in
1034 2643 1182 2695 pace.
1224 2630 1259 2695 ti}
1282 2668 1295 2681 .
1328 2629 1438 2683 Deo
1464 2629 1677 2696 gratias.

480 2719 805 2775 DUMINICA
846 2720 1099 2777 TERTIA
1142 2722 1507 2779 ADVENTUS
1548 2721 1798 2776 DUMINI.

798 2815 880 2865 Ad
914 2813 1149 2867 Missam.
1186 2825 1210 2851 ι
1245 2815 1497 2884 υθῑείιιιιι.

436 2898 573 2954 Ecce
602 2901 921 2957 revelabitur
944 2904 1111 2972 gloria
1148 2905 1357 2960 Domini
1376 2903 1401 2941 δ
1429 2905 1674 2976 gentibus
1701 2902 1936 2973 alleluja.

362 2990 431 3043 Et
459 2991 660 3047 videbit
684 2995 861 3047 omnis
906 3008 1035 3051 caro
1072 2996 1307 3064 alleluja.
1339 2996 1492 3063 Quod
1523 3012 1585 3051 os
1620 2997 1821 3050 Dommi
1856 2996 1935 3050 lo-

360 3092 543 3137 cntum
593 3092 679 3138 est
721 3084 932 3155 allelnja
982 3086 1217 3156 alleluja.
1264 3100 1286 3128 ο
1345 3091 1418 3157 7.
1471 3088 1610 3141 Deus
1662 3087 1938 3141 manifeste

364 3175 539 3229 veniet
587 3192 602 3228 :

377 3265 446 3331 ᾗ.
474 3266 658 3321 Gloria
689 3279 743 3322 et
768 3267 940 3324 honor
969 3269 1111 3324 Patri
1141 3281 1195 3325 et
1228 3270 1364 3325 Filio
1400 3280 1455 3324 et
1490 3270 1706 3339 Spiritui
1739 3269 1936 3323 Sancto

352 3356 411 3410 in
437 3358 618 3411 secula
650 3359 952 3414 seculorum
986 3377 1163 3416 amen.
1190 3361 1257 3416 Ρ.
1290 3362 1440 3429 Quod
1470 3376 1560 3418 os.

432 3449 634 3501 Oratio.
670 3450 811 3504 Deus
841 3451 935 3519 qui
965 3467 1065 3521 per
1087 3452 1373 3521 angelicos.
1406 3451 1475 3507 Ut
1501 3462 1663 3520 supra
1692 3454 1743 3506 in
1770 3454 1937 3521 prima

362 3541 545 3596 Missa.

538 3632 713 3688 Lectio
739 3634 855 3689 libri
883 3634 1053 3705 Esaye
1078 3634 1333 3703 Propltetc
1362 3637 1380 3709 (
1404 3636 1428 3674 ἀ
1458 3636 1590 3703 Cap.
1619 3634 1695 3689 LI
1718 3637 1758 3703 ).

430 3721 540 3778 llec
569 3725 700 3779 dicit
729 3725 1001 3781 Dominus.
1031 3727 1224 3782 Audite
1253 3743 1337 3783 me
1366 3728 1454 3797 qui
1483 3727 1765 3797 sequimini
1794 3726 1935 3796 quod

350 3814 559 3883 justum
589 3825 674 3870 est
705 3835 718 3869 :
751 3828 804 3871 et
832 3820 1054 3887 queritis
1084 3821 1390 3875 Dominum.
1433 3821 1705 3875 Attendite
1737 3821 1803 3874 ad
1844 3836 1935 3888 pe-

359 3915 494 3959 tram
526 3926 541 3960 :
576 3909 718 3963 unde
744 3910 907 3964 excisi
933 3912 1062 3965 estis
1085 3927 1101 3968 :
1125 3921 1178 3966 et
1205 3912 1272 3966 ad
1301 3926 1584 3966 cavernam
1612 3912 1715 3966 laci
1740 3912 1805 3967 de
1831 3927 1934 3981 qua

357 3997 556 4064 precisi
576 3998 730 4052 estis.
754 3999 1025 4055 Attendite
1045 4003 1110 4055 ad
1138 4002 1403 4057 Abraham
1430 4015 1634 4072 patrem
1656 4013 1890 4058 vestrum
1915 4019 1931 4057 :

360 4095 414 4141 et
441 4087 511 4141 ad
554 4088 768 4143 Sarram
806 4105 911 4158 que
949 4094 1151 4159 peperit
1192 4106 1287 4146 vos
1326 4110 1339 4145 :
1388 4094 1511 4161 quia
1552 4108 1713 4147 unum
1754 4094 1932 4147 vocavi

363 4192 481 4231 eum
517 4196 532 4232 :
566 4190 619 4232 et
662 4179 909 4235 benedixi
941 4196 1061 4234 eum
1100 4200 1115 4236 :
1150 4182 1588 4251 ettmultiplicavi
1620 4197 1762 4237 eum.
1794 4181 1935 4237 Con-

365 4269 625 4324 solabitur
653 4284 779 4339 ergo
819 4270 1076 4324 Dominus
1115 4272 1261 4341 Syon
1297 4291 1312 4328 :
1343 4274 1708 4327 consolabitur
1747 4287 1935 4347 omnes

364 4361 545 4415 ruinas
573 4362 709 4428 ejus.
744 4362 807 4417 Et
838 4372 998 4430 ponet
1036 4364 1307 4418 desertum
1337 4364 1453 4432 ejus
1482 4365 1632 4434 quasi
1664 4365 1879 4419 delicias
1916 4381 1931 4415 :

618 1897 770 1965 cujus
820 1898 1200 1956 lncarnationis
1241 1902 1614 1958 solennitatem
1658 1905 1941 1960 celebratis

2120 1902 2393 1971 Sequentia
2419 1898 2672 1968 Epistula:
2702 1900 2858 1955 Pauli
2885 1903 3119 1969 Apostoli
3144 1906 3211 1959 ad
3242 1905 3503 1960 Romanos

2624 1991 2687 2063 (τ
2718 1993 2844 2062 Cap.
2876 1993 2963 2047 x1
2978 1994 3022 2064 ).

2042 2144 2049 2149 ,
2125 2087 2197 2150 ti.
2233 2086 2342 2140 Deo
2370 2086 2589 2151 gratias.

2113 2178 2328 2232 Fratres
2359 2178 2481 2229 nolo
2512 2192 2603 2230 vos
2637 2177 2881 2246 ignorare
2911 2179 3224 2249 mysterium
3250 2178 3352 2235 hoc
3384 2197 3400 2233 :
3432 2191 3487 2235 ut
3511 2197 3617 2236 non

2039 2269 2153 2321 s'tis
2180 2268 2329 2320 vobis
2355 2270 2482 2335 ipsis
2507 2267 2777 2335 sapientes
2808 2285 2821 2321 :
2852 2271 2975 2336 quia
3002 2271 3197 2325 cecitas
3225 2286 3290 2325 ex
3319 2282 3467 2339 parte
3488 2288 3619 2325 con-

2042 2361 2155 2429 tigit
2181 2361 2231 2412 in
2263 2358 2427 2413 Israel
2463 2375 2476 2411 :
2512 2358 2685 2412 donec
2718 2358 2991 2427 plenitudo
3018 2362 3251 2430 gentium
3278 2362 3498 2415 intraret
3528 2370 3620 2416 :ct

2038 2449 2116 2503 sic
2158 2450 2335 2503 omnis
2382 2448 2540 2501 Israel
2589 2449 2767 2502 salvus
2812 2448 2984 2502 lierct.
3026 2451 3173 2504 Sicut
3212 2450 3467 2518 scriptum
3510 2463 3613 2503 ρει.

2043 2539 2232 2593 Veniet
2261 2555 2323 2593 ex
2358 2540 2499 2607 Syon
2531 2541 2618 2606 qui
2653 2537 2843 2605 eripiat
2868 2548 2920 2595 et
2952 2549 3158 2593 avertat
3187 2541 3515 2608 impietatem
3548 2547 3617 2593 ab

2038 2629 2201 2684 Jacob
2236 2646 2248 2679 :
2282 2637 2336 2682 et
2368 2628 2469 2681 hoc
2500 2626 2604 2681 illis
2640 2642 2669 2680 a
2716 2642 2800 2681 me
2834 2636 3205 2682 testamentum
3239 2646 3251 2683 :
3286 2645 3406 2684 cum
3436 2632 3617 2684 abstu-

2041 2722 2151 2775 lero
2195 2730 2411 2787 peccata
2451 2734 2657 2772 eorum.
2691 2718 2993 2773 Secundum
3035 2720 3368 2788 evangelium
3400 2720 3611 2789 quidem

2040 2811 2239 2866 inimici
2278 2822 2493 2880 propter
2536 2826 2630 2866 vos
2675 2828 2688 2864 :
2729 2812 3023 2865 secundum
3067 2812 3385 2867 electionem
3437 2820 3613 2866 autem

2039 2902 2340 2957 charissimi
2376 2910 2592 2971 propter
2617 2913 2812 2969 latres.
2844 2902 2971 2956 Sine
3001 2902 3291 2970 penitenia
3323 2902 3464 2955 enim
3492 2912 3616 2957 sunt

2039 2994 2176 3049 dona
2218 3002 2273 3047 et
2310 2992 2522 3045 vocatio
2565 2991 2679 3046 Dei.
2728 2992 2878 3047 Sicut
2922 2992 3064 3046 enim
3109 2991 3394 3060 aliquando
3433 3001 3485 3046 et
3522 3008 3615 3045 vos

2040 3100 2144 3140 non
2193 3083 2496 3141 credidistis
2550 3084 2659 3137 Deo
2711 3101 2723 3137 :
2778 3098 2918 3137 nunc
2964 3094 3141 3139 autem
3192 3084 3609 3140 misericordiam

656 3174 797 3231 Deus
842 3152 1026 3231 noster
1070 3152 1269 3234 et'nmi
1310 3152 1505 3234 silebit.
1554 3177 1619 3231 P.
1662 3179 1814 3242 Quod
1852 3191 1933 3230 os.
1966 3152 2010 3211 (ἶ
2040 3175 2311 3232 consecuti
2352 3176 2483 3229 estis
2527 3181 2741 3242 propter
2784 3173 2995 3227 illorum
3039 3175 3461 3229 incredulitatem
3492 3190 3507 3227 :
3542 3175 3611 3226 ita

2038 3279 2094 3325 et
2132 3268 2218 3322 isti
2248 3282 2388 3322 nunc
2419 3283 2523 3321 non
2556 3266 2894 3320 crediderunt
2938 3266 2991 3320 in
3034 3278 3267 3321 vestram
3312 3269 3614 3323 misericor-

2036 3362 2176 3416 diam
2212 3378 2225 3414 :
2271 3368 2327 3413 ut
2356 3370 2407 3413 et
2439 3359 2538 3425 ipsi
2571 3359 2989 3413 misericordiam
3020 3370 3437 3431 consequantur.
3467 3364 3611 3417 Con-

2006 3454 2191 3509 lclusit
2238 3456 2378 3509 enim
2414 3454 2552 3509 Dens
2598 3455 2773 3510 omnia
2815 3454 3231 3510 incredulitate:
3272 3467 3330 3511 ut
3366 3458 3613 3512 omnibus

2036 3545 2379 3598 misereatur.
2407 3546 2451 3599 0
2475 3544 2699 3599 altitudo
2732 3546 3039 3600 divitiarum
3067 3546 3327 3615 sapientic
3353 3557 3407 3600 et
3435 3548 3610 3601 scien-

2039 3636 2107 3690 tie
2139 3636 2233 3692 Dei
2267 3655 2278 3689 :
2310 3653 2465 3705 quam
2495 3637 3053 3705 incomprehensibilia
3080 3648 3203 3692 sunt
3224 3637 3426 3708 judicia
3457 3639 3574 3707 ejus
3594 3658 3611 3693 ε

2036 3739 2090 3786 et
2114 3731 2512 3800 investigabiles
2533 3731 2617 3786 vie
2641 3730 2781 3799 ejus.
2808 3730 2936 3795 Quis
2962 3731 3102 3785 enim
3124 3732 3375 3799 cognovit
3394 3746 3609 3786 sensum

2037 3822 2242 3876 Domini
2287 3839 2298 3873 :
2345 3830 2438 3875 aut
2480 3821 2599 3889 quis
2638 3820 2977 3875 consiliarius
3022 3820 3138 3887 ejus
3176 3819 3311 3873 fuit?
3342 3823 3448 3874 Aut
3492 3821 3613 3889 quis

2036 3910 2178 3979 prior
2199 3909 2345 3963 dedit
2367 3909 2470 3963 illis
2497 3924 2513 3963 :
2537 3920 2589 3962 et
2615 3909 2937 3962 retribuetur
2957 3908 3007 3962 ei
3028 3908 3050 3961 ἲ
3073 3908 3333 3972 Quoniam
3358 3925 3422 3963 ex
3448 3910 3564 3979 ipso
3594 3925 3608 3961 :

2035 4010 2089 4054 et
2118 4015 2212 4068 per
2241 4001 2411 4066 ipsiim
2446 4017 2459 4051 :
2488 4008 2543 4053 et
2571 4000 2621 4052 in
2652 4000 2767 4069 ipso
2790 4007 2915 4054 sunt
2944 3999 3140 4053 omnia.
3166 3996 3271 4069 Ipsi
3302 4000 3471 4069 gloria
3504 4009 3527 4047 ε
3558 4002 3611 4055 in

2035 4092 2210 4146 secula
2242 4092 2561 4144 seculorum.

2122 4182 2157 4249 ιῆ
2180 4221 2193 4234 .
2229 4184 2419 4235 Amen.

2166 4275 2338 4330 Lectio
2371 4276 2553 4330 Sancti
2583 4272 2849 4344 Evangelii
2880 4274 3160 4326 secundum
3194 4269 3483 4328 Mattlicum

2601 4362 3043 4434 (δεομΧΧΙ).

363 4462 415 4504 et
449 4451 790 4507 solitudinem
827 4453 944 4523 ejus
983 4457 1137 4522 quasi
1177 4468 1354 4510 ortum
1400 4456 1631 4510 Domini.
1666 4455 1925 4511 Gaudium
1960 4490 2009 4549 ο
2104 4456 2198 4511 1110
2227 4457 2278 4511 in
2309 4467 2568 4523 tempore.
2605 4455 2863 4508 Dominus
2892 4465 3073 4508 noster
3107 4458 3201 4525 ιι
3253 4456 3423 4549 .Iesus
3457 4454 3609 4509 Chri-

364 4550 416 4595 et
439 4542 615 4597 letlcia
647 4544 947 4599 invenietur
977 4546 1030 4599 in
1062 4562 1127 4600 eo
1162 4563 1173 4599 :
1206 4549 1493 4616 gratiarum
1520 4552 1661 4604 actLo
1693 4564 1706 4601 :
1742 4556 1797 4604 et
1827 4564 1929 4603 vos

436 4683 461 4712 ³
489 4675 739 4744 Ofﬁcium.
776 4678 921 4731 Isaia:
954 4694 1037 4742 χι,
1069 4678 1119 4735 5.

432 4746 459 4783 δ
486 4745 751 4822 Gentibus.
783 4749 837 4802 In
871 4749 1109 4821 Vulgata,
1158 4750 1321 4817 LXX,
1359 4752 1481 4822 Syr.
1513 4763 1569 4808 et
1608 4752 1888 4808 Chaldaica
1913 4794 1929 4821 ,

366 4832 467 4870 non
499 4818 708 4884 legitur.

439 4899 461 4925 ε
496 4887 529 4954 ᾗ
557 4925 569 4938 .
598 4886 737 4940 l’sal.
767 4904 917 4954 χιιι,
949 4889 981 4941 5

435 4954 462 4994 ά
489 4957 614 5023 Cap.
655 4955 748 5011 LI.
783 4958 931 5012 Vers.
971 4959 1078 5014 1-6.

435 5035 459 5062 ο
490 5026 786 5081 Psalleudo.
821 5030 906 5102 l’s_.
961 5047 1176 5094 Lxxstv,
1207 5032 1262 5085 8.
1294 5033 1424 5087 Vide
1467 5049 1583 5102 qua:
1609 5035 1673 5086 ad
1718 5035 1928 5089 laudato

364 5105 542 5168 notata
569 5108 695 5168 sunt
717 5114 834 5168 pag.
864 5098 898 5149 ἓ

439 5137 955 5241 restitisse
985 5168 1180 5225 25-36.
1226 5171 1349 5226 Haec
1377 5174 1563 5227 eadem
1598 5175 1824 5241 epistola
1856 5174 1930 5226 le-

361 5237 497 5305 gitur
527 5238 797 5292 Dotninica
829 5242 985 5293 tertia
1032 5242 1306 5296 Adventus
1337 5245 1388 5297 in
1432 5237 1691 5299 hodierno
1729 5245 1929 5299 Miss‘oli

360 5307 733 5361 Ambrosiano.

434 5387 461 5422 α
486 5376 549 5429 In
574 5380 749 5453 secufa
778 5379 1088 5453 seculorum.
1140 5380 1211 5434 lta
1245 5382 1493 5453 Syriaca;
1541 5382 1667 5438 illud
1716 5386 1929 5437 καταιο-

357 5464 470 5501 rum
497 5462 602 5527 nec
645 5447 695 5499 in
737 5458 878 5502 textu
920 5450 1137 5519 Graeco,
1188 5447 1303 5507 nec'
1325 5456 1376 5508 in
1417 5454 1638 5524 Vulgata
1684 5454 1929 5509 versione

359 5532 659 5571 apponitur.

391 5534 659 5625 pponunr.

485 5589 613 5654 Cap.
646 5587 802 5643 XXI.
835 5588 990 5645 Vers.
1025 5592 1176 5646 1-17.
1214 5593 1487 5648 Dominica
1515 5597 1665 5649 teriia
1717 5594 1928 5649 Adven-

358 5670 442 5713 tus
471 5673 573 5713 rttu
605 5661 931 5713 lllt’izaraliico
960 5670 1014 5713 et
1038 5664 1393 5718 Atnbrosiann
1420 5668 1559 5719 cadit
1598 5666 1650 5718 in
1686 5666 1925 5718 Domini-

355 5746 470 5786 cam
503 5743 743 5801 quartam
772 5742 895 5785 ante
940 5732 1124 5789 Natale
1155 5734 1386 5803 Domini,
1442 5752 1555 5793 s.vc
1602 5737 1652 5791 in
1685 5737 1925 5791 Domini-

2032 4556 2147 4602 sms
2176 4562 2295 4603 cum
2328 4548 2562 4602 venisset
2592 4545 2859 4614 Betphage
2888 4546 2952 4599 ad
2976 4558 3210 4600 montem
3238 4548 3428 4601 Uliveti
3459 4564 3473 4601 :
3508 4549 3610 4601 mi-

2033 4696 2147 4735 cam
2175 4679 2400 4747 primam
2434 4677 2731 4740 Adventus,
2761 4691 2866 4744 qua
2900 4677 3085 4731 Romae
3108 4685 3161 4731 et
3190 4678 3241 4730 in
3278 4677 3394 4733 aliis
3429 4678 3611 4732 Eccle-

2031 4753 2127 4803 siis
2153 4749 2275 4802 olim
2310 4747 2587 4815 legebatur
2618 4748 2960 4814 Evangelium
2992 4747 3222 4799 Matthaii
3253 4762 3373 4815 cap.
3406 4764 3517 4809 tm.
3543 4750 3610 4801 de

2038 4822 2275 4888 ingressu
2308 4820 2535 4888 solemni
2564 4816 2761 4869 Chiisti
2798 4816 3005 4870 Domini
3040 4819 3091 4869 in
3125 4818 3309 4870 urbem
3336 4819 3611 4888 Allieroso-

2033 4886 2365 4958 lymitanam,
2385 4886 2612 4958 thviatn
2643 4896 2809 4958 eunte
2846 4889 3038 4955 populo
3052 4903 3182 4958 cum
3218 4886 3378 4958 ramis
3407 4888 3611 4958 palttta-

2034 4955 2170 5021 rum,
2205 4968 2256 5011 ct
2277 4956 2467 5009 festivo
2496 4958 2731 5010 clamore
2767 4956 3011 5009 llosatmn
3046 4955 3182 5013 Filio
3211 4956 3394 5017 David,
3426 4968 3482 5007 ut
3513 4957 3605 5007 lia-

2033 5030 2158 5081 lient
2221 5038 2324 5080 tam
2387 5026 2764 5080 Kalendatinm
2820 5030 3133 5088 Frontonis,
3193 5036 3245 5077 et
3301 5026 3610 5092 Capitulare

2035 5098 2438 5166 livangeliorum
2473 5112 2577 5150 em.
2616 5097 2913 5159 Thomasii,
2942 5097 3134 5164 quibus
3166 5104 3392 5163 quatuor
3424 5095 3605 5147 Domi-

2032 5170 2162 5221 nica:
2190 5165 2325 5221 fante
2370 5166 2557 5219 Natale
2598 5166 2831 5229 Domini,
2862 5178 2991 5233 quot
3039 5165 3201 5217 habet
3236 5168 3609 5233 Sacramenta-

2034 5242 2165 5291 rium
2186 5237 2568 5305 Gregorianutn
2591 5281 2605 5303 ,
2638 5232 3008 5302 numerantur,
3055 5238 3209 5305 quam
3239 5232 3609 5289 ilomiliarium

2030 5302 2317 5376 Augiense;
2350 5310 2491 5371 apud
2534 5308 2914 5368 hlabilloniutn,
2937 5316 3095 5376 Διιιιιι.
3130 5302 3193 5355 lV
3215 5307 3380 5376 _Ana|.
3408 5316 3613 5376 vetet-.1

2032 5372 2151 5446 pag.
2198 5372 2331 5442 65l;
2376 5376 2756 5431 Kalendariutn
2812 5373 2950 5446 apud
3001 5372 3349 5446 Menenium,
3402 5382 3531 5446 tom.
3569 5373 3604 5425 V

2031 5442 2354 5503 itu—ecdotor.
2390 5462 2600 5509 novor.,
2636 5460 2754 5513 pag.
2786 5444 2876 5507 65,
2904 5452 2959 5496 et
3001 5443 3133 5495 liber
3163 5442 3384 5513 Comitis
3417 5442 3605 5513 Datne-

2031 5520 2108 5584 lii,
2142 5520 2381 5586 aquibus
2414 5510 2649 5586 quinque
2674 5510 3018 5586 recensentur
3043 5511 3331 5586 Dominicm
3360 5524 3482 5586 ante
3504 5510 3617 5564 Νιιη.

2032 5582 2135 5641 tale
2160 5582 2385 5641 Domini.
2410 5582 2729 5638 Hodiernum
2762 5584 2971 5636 Missale
2994 5582 3400 5636 Ambmsianum
3430 5583 3606 5633 lloutt-

2032 5660 2147 5710 nica
2176 5656 2436 5723 sequenti,
2472 5665 2659 5719 quarta
2695 5654 2797 5706 illis
2826 5655 3125 5716 Adventus,
3159 5656 3319 5705 habet
3353 5653 3607 5723 l'lvange-

2030 5731 2155 5783 hum
2179 5722 2521 5795 deingrcssu
2548 5723 2749 5780 Cbt‘isti
2778 5724 3223 5796 lliu'tisolyutaut.
3259 5722 3605 5792 Micrologus,
