4058 6178
404 349 502 405 127

1135 340 1424 398 MISSALE
1465 338 1732 395 MIXTUM
1773 337 1922 393 ΒΕΘ.
1964 334 2121 390 REG.
2167 334 2227 389 Β.
2270 332 2537 389 ISIDORI.
2579 364 2648 373 —
2690 332 2868 390 PARS
2898 314 2937 389 f.

3560 337 3659 394 I93

402 463 473 517 sit
498 463 632 518 duos
660 460 950 529 discipulos
976 457 1159 511 dicens
1182 456 1283 509 eis.
1318 454 1393 509 Ite
1424 454 1478 508 in
1509 453 1790 509 castellum
1833 451 1975 521 quod
2005 453 2056 510 Α
2081 447 2349 516 quomodo
2375 459 2547 517 poteSt
2575 463 2763 503 servus
2810 449 3021 502 Domini
3071 449 3217 518 loqui
3265 466 3385 504 cum
3433 450 3661 508 Domino

401 562 586 608 contra
610 568 704 607 vos
723 561 803 605 est
826 566 841 603 :
865 558 919 603 et
938 547 1115 602 statim
1138 545 1424 601 invenietis
1444 546 1648 599 asinam
1671 545 1938 611 alligatam
1961 560 1976 595 :

402 656 459 701 et
497 646 693 715 pullum
732 658 850 697 cum
881 657 972 705 ea;
1015 640 1211 695 solvite
1254 649 1308 695 et
1339 639 1588 693 adducite
1631 637 1783 691 mihi.
1816 637 1881 691 Et
1909 636 1984 690 si-

404 740 527 809 quis
563 737 712 790 vobis
750 734 949 803 aliquid
986 733 1182 787 dixerit
1213 748 1229 787 :
1260 732 1423 787 dicite
1454 732 1573 799 quia
1607 730 1866 785 Dominus
1897 728 1981 782 his

404 845 539 898 opus
567 830 747 885 habet.
778 828 839 884 Et
874 826 1154 883 confestim
1188 826 1424 880 dimittet
1450 840 1564 879 eos.
1600 833 1627 861 ιι
1658 825 1771 879 lloc
1800 834 1979 879 autem

405 924 600 977 factum
631 930 712 976 est
742 938 754 973 :
785 929 843 975 ut
873 919 1184 987 impleretur
1213 916 1351 985 quod
1381 915 1582 970 dictum
1614 924 1696 969 est
1727 930 1820 982 per
1851 913 1984 969 Pro-

404 1014 622 1082 phetam
651 1012 935 1066 dicentem.
987 1008 1157 1063 Dicite
1188 1007 1292 1061 filie
1328 1005 1471 1077 Syon
1504 1021 1521 1060 :
1552 1021 1679 1061 ecce
1722 1006 1832 1061 fles
1863 1014 1985 1059 tuus

405 1109 553 1162 venit
581 1107 674 1161 tibi
706 1112 1013 1160 mansuetus
1047 1120 1062 1156 :
1092 1102 1287 1156 sedens
1318 1114 1483 1169 super
1519 1101 1740 1155 asinam
1766 1108 1820 1153 et
1868 1099 1987 1167 pul-

408 1202 518 1255 lum
549 1200 714 1254 filium
743 1197 1057 1267 subjugalis.
1090 1195 1291 1249 Euntes
1319 1203 1494 1248 autem
1526 1193 1770 1261 discipuli
1802 1210 1815 1247 :
1846 1192 1990 1247 fece-

408 1301 535 1345 runt
555 1292 689 1344 sicut
714 1289 967 1358 praecepit
994 1287 1099 1341 illis
1125 1285 1303 1341 Iesus.
1330 1284 1396 1339 Et
1418 1283 1755 1338 adduxerunt
1782 1285 1985 1338 asinam

407 1392 464 1438 et
506 1382 709 1452 pullum
760 1398 773 1433 :
824 1392 875 1436 et
924 1380 1293 1447 imposuerunt
1337 1391 1499 1446 super
1539 1391 1633 1431 eos
1672 1379 1988 1432 vestimenta

408 1485 503 1527 sua
536 1489 551 1525 :
583 1481 785 1526 etcum
829 1471 1060 1538 desuper
1087 1468 1277 1522 sedere
1322 1467 1581 1522 fecerunt.
1628 1468 1856 1522 Plurima
1891 1484 1992 1521 au-

412 1569 517 1614 tem
550 1561 702 1615 turba
733 1567 1036 1614 straverunt
1061 1557 1377 1613 vestimenta
1417 1571 1512 1611 sua
1543 1558 1595 1611 in
1627 1557 1728 1611 via.
1761 1557 1867 1612 Alii
1894 1573 1991 1611 au-

413 1661 521 1705 tem
558 1651 816 1705 cedebant
846 1664 1024 1705 ramos
1053 1650 1119 1704 de
1147 1649 1428 1703 arboribus
1459 1664 1475 1702 :
1517 1658 1570 1703 et
1600 1650 1911 1704 sternebant
1936 1649 1989 1704 in

408 1742 519 1794 via.
545 1740 723 1795 Turbe
761 1750 938 1795 autem
981 1755 1086 1809 que
1116 1739 1474 1807 precedebant
1499 1778 1517 1805 ,
1563 1748 1751 1806 etque
1795 1755 1990 1807 seque-

411 1829 608 1882 bantur
652 1846 665 1883 :
706 1828 1010 1882 clamabant
1049 1826 1290 1881 dicentes
1322 1843 1337 1881 :
1379 1826 1595 1882 Osanna
1641 1825 1748 1881 filio
1780 1827 1943 1882 David
1975 1845 1990 1881 :

412 1919 726 1975 benedictus
755 1918 845 1989 qui
876 1910 1033 1974 venit'
1051 1918 1105 1973 in
1146 1919 1364 1973 nomine
1404 1918 1618 1973 Domini
1651 1936 1667 1973 :
1707 1933 1906 1973 osanna
1936 1919 1990 1973 in

410 2011 706 2066 altissimis.
752 2012 820 2065 Et
864 2025 989 2065 cum
1033 2013 1287 2065 intrasset
1330 2009 1738 2065 “ierosolimam
1780 2026 1797 2063 :
1840 2024 1995 2064 com-

415 2112 555 2155 mota
588 2114 670 2158 cst
701 2104 946 2158 universa
976 2103 1164 2158 civitas
1204 2103 1411 2159 dicens.
1443 2102 1574 2170 Quis
1604 2113 1687 2157 est
1726 2103 1854 2157 hic?
1889 2104 1997 2157 Po-

416 2195 524 2259 puli
551 2206 728 2250 autem
761 2194 1028 2249 dicebant.
1062 2194 1159 2249 Hic
1187 2206 1269 2250 est
1300 2195 1445 2250 lcsus
1476 2197 1730 2265 prOpheta
1764 2212 1792 2251 a
1823 2197 1993 2251 Naza-

414 2286 534 2340 reth
584 2286 807 2341 Galilce.
862 2287 929 2341 Et
976 2287 1194 2341 intravit
1237 2285 1393 2341 Iesus
1440 2291 1493 2342 in
1545 2290 1802 2358 templum
1850 2289 1991 2347 Dei:

414 2375 444 2413 ι’
478 2386 533 2432 et
559 2378 719 2447 ejecit
760 2393 948 2437 onmes
990 2387 1233 2434 ementes
1262 2387 1317 2434 et
1343 2380 1639 2435 vendentes
1682 2381 1733 2435 in
1768 2382 1993 2450 templo,

414 2478 473 2522 et
511 2483 723 2523 mensas
763 2469 1242 2523 nummulariorum
1287 2485 1304 2525 :
1345 2479 1399 2525 et
1436 2471 1717 2525 cathedras
1756 2474 1995 2529 venden-

418 2562 549 2614 tium
583 2561 856 2616 columbas
884 2562 1095 2617 evertit.
1139 2562 1203 2616 Et
1243 2563 1371 2616 dicit
1409 2563 1508 2618 eis.
1554 2564 1818 2633 Scriptum
1852 2575 1935 2620 est
1977 2585 1992 2620 :

418 2653 610 2707 domus
639 2668 757 2708 mea
792 2673 805 2707 :
839 2654 1028 2710 domus
1056 2656 1316 2710 orationis
1339 2656 1617 2712 vocabitur
1648 2676 1660 2710 :
1696 2673 1789 2712 vos
1816 2669 1994 2713 autem

416 2740 623 2795 fecistis
652 2742 798 2795 illam
843 2744 1157 2811 speluncam
1208 2744 1493 2799 latronum.
1544 2746 1612 2800 Et
1652 2756 1998 2803 accessi-runt

417 2830 485 2882 ad
533 2842 657 2883 eum
705 2832 817 2883 ceci
867 2839 927 2885 et
970 2832 1142 2885 claudi
1175 2833 1229 2886 in
1259 2834 1459 2902 templo
1491 2851 1505 2887 :
1536 2846 1587 2889 et
1630 2837 1838 2891 sanavit
1878 2852 1996 2894 eos.

416 2917 677 2973 Videntes
720 2928 898 2974 autem
950 2921 1218 2989 principes
1265 2922 1612 2977 Sacerdotum
1658 2935 1709 2980 et
1752 2926 1935 2982 Scribe
1980 2946 1994 2982 :

419 3006 685 3060 mirabilia
712 3022 816 3077 que
846 3009 973 3063 fecit
1006 3027 1019 3063 :
1062 3022 1117 3065 et
1146 3026 1339 3079 pueros
1377 3014 1672 3070 clamantes
1713 3017 1765 3069 in
1800 3019 1999 3087 templo

420 3109 475 3203 et
504 3101 765 3155 dicentes.
810 3100 1023 3155 Osanna
1067 3104 1176 3158 filio
1207 3105 1368 3158 David
1403 3122 1416 3158 :
1451 3106 1708 3176 indignati
1740 3119 1864 3163 sunt
1898 3126 1912 3162 :
1942 3120 1997 3165 et
2026 3141 2071 3203 C

421 3188 671 3245 dixerunt
714 3192 783 3245 ei.
836 3193 1001 3248 Audis
1050 3196 1175 3264 quid
1225 3196 1311 3252 isti
1362 3197 1580 3253 dicunt?
1618 3198 1776 3257 Iesus
1816 3212 1996 3259 autem

423 3282 557 3335 dixit
600 3284 705 3339 eis.
748 3283 961 3353 Utique.
1008 3286 1284 3359 Nunquam
1331 3290 1534 3360 legistis
1576 3310 1589 3347 :
1633 3294 1757 3364 quia
1795 3311 1865 3351 es
1908 3312 2003 3355 ore

425 3373 728 3441 infantium,
758 3389 812 3432 et
843 3377 1149 3434 lactentium
1183 3381 1450 3450 perfecisti
1492 3384 1722 3439 laudem.
1778 3387 1845 3441 Et
1874 3390 2003 3444 reli-

423 3464 526 3520 ctis
554 3465 657 3519 illis
692 3483 705 3519 :
736 3468 865 3523 abiit
908 3470 1034 3526 foris
1064 3483 1215 3527 extra
1245 3474 1511 3532 civitatem
1549 3476 1600 3532 in
1627 3478 1938 3535 Bethaniam
1986 3500 2000 3536 :

425 3557 608 3628 ibique
638 3562 852 3617 mansit.

511 3670 550 3738 ἢ
571 3709 583 3723 .
610 3674 800 3727 Amen.

500 3781 653 3838 Dicat
683 3786 863 3842 Presb.
897 3787 1149 3845 Dominus
1179 3797 1249 3846 sit
1270 3808 1484 3862 semper
1512 3797 1804 3853 vobiscum.
1845 3801 1882 3870 ιῇ
1904 3839 1918 3854 .
1943 3801 2007 3856 Et

427 3887 571 3925 cum.
598 3873 621 3901 °
664 3874 811 3929 Dicat
842 3876 1059 3933 Chorus.
1092 3881 1341 3950 Alleluja.
1405 3884 1477 3952 ᾗ.
1514 3884 1738 3942 Caritate
1782 3890 2007 3947 Domino

427 3965 691 4018 canticum
742 3983 984 4025 novum:
1009 3971 1145 4027 bene
1192 3974 1403 4041 psallite
1428 3975 1454 4015 ἀ
1485 3978 1536 4030 in
1566 3978 1905 4045 juhilatione.
1936 3979 2005 4036 P.

432 4055 684 4125 Alleluja.
713 4057 862 4112 Dicat
899 4059 1075 4116 Presb.
1107 4061 1370 4133 Adjuvate
1399 4080 1486 4121 me
1516 4066 1727 4123 fratres.
1752 4071 1847 4140 fol.
1876 4067 1930 4123 8.

499 4164 697 4221 Chorus
724 4170 882 4229 dicat.

500 4278 849 4347 Sacri/icium.
904 4283 1177 4353 Ingressus
1219 4296 1301 4342 est
1349 4288 1533 4343 Daniel
1574 4290 1626 4342 in
1660 4289 1874 4345 domum
1906 4293 2009 4349 Do-

431 4368 581 4435 niini,
624 4380 678 4424 et
707 4372 1281 4428 elevavitesacrificium
1316 4378 1508 4444 populo
1541 4378 1593 4431 in
1627 4378 1743 4432 loco
1773 4381 2007 4435 sanctiﬁ-

2081 554 2178 595 suo
2197 552 2246 593 et
2277 540 2482 594 locutus
2512 551 2597 595 est
2625 542 2832 595 dicens.
2864 541 2931 596 Ρ.
2968 543 3296 598 Benedicite.

2154 631 2340 686 Missa.
2366 631 2518 686 Dicat
2543 631 2725 686 Presb.
2756 634 3015 688 Dominus
3034 635 3105 689 sit
3125 649 3343 704 semper
3363 636 3662 693 vobiscum.

2099 724 2137 794 ιῆ
2157 762 2172 779 .
2203 724 2268 779 Et
2296 738 2436 779 cum.

2154 816 2533 872 Confortcntur
2576 832 2743 889 queso
2785 818 3007 873 Domine
3052 818 3177 875 Iesu
3225 821 3437 878 Christe
3475 824 3526 878 in
3560 825 3663 879 ad-

2084 918 2249 963 ventu
2299 920 2392 964 tuo
2435 910 2602 964 corda
2635 910 2872 965 fldelimn
2902 929 2914 963 :
2942 913 3219 981 tuoque‘in
3251 915 3466 970 nomine
3494 931 3667 985 genua

2086 1002 2405 1057 roborentur
2439 1002 2693 1056 debilium
2724 1020 2737 1056 :
2766 1012 2852 1055 tua
2891 1003 3202 1059 visitatione
3249 1014 3504 1060 curentur
3544 1008 3666 1062 vul-

2088 1108 2215 1147 nera
2263 1102 2569 1163 egrotorurn
2618 1103 2815 1164 tuoque
2841 1105 2981 1149 tactu
3013 1096 3154 1151 oculi
3185 1097 3551 1154 illmninentur
3574 1115 3668 1155 ce-

2086 1200 2271 1240 corum
2300 1203 2314 1239 :
2347 1195 2439 1240 tuo
2466 1186 2729 1255 regimine
2753 1188 2981 1256 vestigia
3010 1189 3290 1244 firmentur
3310 1190 3620 1245 claudormn
3648 1208 3663 1244 :

2092 1285 2287 1346 tuaque
2314 1277 2662 1333 miseratione
2689 1277 2901 1332 vincula
2922 1278 3269 1334 absolvantur
3292 1283 3623 1349 peccantium
3650 1299 3665 1334 :

2089 1381 2328 1436 quosque
2368 1367 2627 1437 perSpicis
2665 1367 2949 1423 adventum
2981 1368 3109 1423 olim
3142 1368 3161 1406 ί
3196 1370 3418 1439 mystice
3454 1380 3670 1439 peracte

2091 1461 2476 1515 incarnationis
2522 1468 2611 1514 tue
2648 1475 2789 1515 nunc
2837 1461 3233 1529 promptissima
3260 1461 3546 1518 devotione
3574 1478 3669 1518 su-

2089 1555 2338 1623 scipere:
2390 1554 2486 1609 hos
2526 1552 2688 1608 facito
2731 1553 2785 1607 in
2827 1553 3119 1607 secundum
3157 1553 3343 1624 judicii
3372 1556 3444 1608 tui
3474 1556 3673 1609 adven-

2093 1653 2203 1699 tum
2253 1643 2317 1697 ad
2352 1652 2403 1698 te
2442 1644 2807 1698 exultantibus
2847 1643 3040 1698 animis
3085 1645 3401 1712 pervenire:
3430 1655 3589 1714 atque
3615 1645 3670 1700 in

2096 1736 2383 1788 amenitate
2426 1732 2657 1802 paradisi
2700 1735 3087 1802 jocundaturos
3142 1735 3395 1791 inducere
3437 1754 3451 1790 :
3502 1746 3559 1791 ut
3602 1737 3673 1792 ab

2097 1826 2295 1879 eternis
2335 1827 2487 1894 penis
2515 1833 2604 1879 tua
2632 1824 2918 1880 clementia
2968 1825 3176 1881 liberati
3200 1842 3216 1881 :
3239 1828 3452 1897 viteque
3488 1840 3673 1885 etcrne

2090 1916 2384 1985 participes
2422 1916 2545 1970 f'acti
2573 1932 2588 1970 :
2617 1915 2789 1987 glorie
2835 1923 2928 1972 tue
2967 1917 3252 1973 decantent
3299 1918 3471 1974 laudis
3496 1920 3671 1976 canti-

2091 2020 2211 2061 cum
2241 2017 2511 2063 coronati.

2238 2134 2253 2151 .
2279 2095 2473 2150 Amen.

2238 2134 2253 2151 .
2279 2096 2473 2150 Amen.

2163 2096 2303 2240 flia.
2355 2187 2583 2242 Domine
2623 2186 2752 2244 Iesu
2797 2188 3016 2245 Christe
3064 2190 3155 2260 qui
3192 2190 3318 2246 olim
3364 2192 3557 2248 venisti
3582 2208 3675 2249 oc-

2092 2278 2269 2333 cultus
2300 2294 2420 2333 cum
2455 2280 2767 2348 apparueris
2804 2280 3118 2336 manifestus
3146 2300 3158 2334 :
3190 2282 3385 2338 assiste
3415 2285 3674 2353 propitius

2094 2366 2420 2422 liberaturus
2463 2369 2713 2437 populum
2756 2378 2903 2423 tuum
2933 2370 3001 2424 ab
3028 2369 3320 2440 impiorum
3352 2382 3406 2429 et
3433 2389 3463 2427 a
3492 2376 3675 2430 crimi-

2096 2474 2220 2512 num
2247 2458 2417 2529 jugo:
2449 2469 2505 2514 ut
2546 2460 2641 2514 tibi
2687 2461 2838 2530 plebs
2884 2470 2969 2515 tua
3015 2464 3214 2517 serviat
3256 2466 3309 2518 in
3342 2467 3673 2535 equitatem

2094 2560 2200 2615 quo
2228 2546 2518 2601 liberantur
2545 2546 2614 2601 ab
2635 2546 2782 2601 omni
2812 2547 3077 2603 malorum
3106 2553 3476 2619 oppressione.

2183 2636 2257 2704 ιῆ.
2285 2637 2481 2693 Amen.

2170 2729 2296 2783 Post
2338 2731 2572 2784 nomina.
2616 2729 2829 2786 Christe
2859 2732 2951 2787 Dei
2982 2732 3123 2786 filius
3152 2749 3167 2787 :
3196 2732 3349 2802 cujus
3379 2735 3677 2791 incarnatio

2099 2820 2368 2889 reparavit
2422 2821 3011 2890 mundum:cujusque
3067 2837 3259 2878 nomen
3307 2824 3540 2893 angelica
3591 2834 3677 2881 est

2099 2927 2230 2968 voce
2258 2913 2657 2967 dcnunciattlm.
2685 2913 2765 2967 Tn
2801 2912 3139 2968 offerentium
3184 2915 3398 2969 nomina
3428 2916 3555 2971 illuc
3584 2930 3676 2971 as-

2100 3003 2275 3058 scribe
2300 3020 2315 3057 :
2340 3018 2447 3072 quo
2473 3004 2591 3071 ipse
2630 3003 2918 3072 precepisti
2961 3004 3013 3057 in
3060 3018 3303 3073 corpore.
3337 3006 3406 3061 Ut
3429 3021 3561 3075 quos
3591 3007 3677 3062 hic

2101 3098 2361 3152 adventus
2408 3095 2562 3165 primi
2594 3096 2765 3167 gratia
2794 3095 3067 3151 redemisti
3100 3115 3114 3150 :
3141 3098 3194 3152 iu
3224 3098 3448 3152 secundi
3480 3098 3681 3154 adven-

2104 3196 2187 3241 tus
2234 3187 2631 3241 examinatione
2660 3203 2673 3240 :
2704 3186 2847 3241 nulla
2893 3197 3184 3241 exurantur
3221 3201 3356 3256 pena
3386 3188 3673 3259 supplicii:

2101 3278 2284 3348 sicque
2322 3292 2463 3333 nunc
2501 3293 2598 3347 pro
2625 3277 2994 3333 defunctorum
3030 3276 3261 3332 fidelium
3293 3275 3476 3347 quiete
3503 3293 3675 3333 exau-

2102 3368 2481 3438 diamurzquo
2512 3378 2562 3422 te
2589 3367 2878 3435 opitulante
2920 3378 3110 3423 eterno
3158 3381 3281 3423 cum
3328 3369 3434 3424 illis
3476 3370 3672 3440 pariter

2104 3458 2339 3512 fruamur
2361 3458 2636 3512 consortio
2665 3456 2968 3513 beatorum.

2191 3548 2228 3616 ἢ
2249 3586 2265 3599 .
2297 3551 2488 3602 Amen.

2173 3637 2256 3689 Ad
2288 3651 2479 3703 pacem.
2524 3635 2749 3691 Domine
2777 3635 2917 3691 Deus
2945 3633 3292 3704 Omnipotens
3321 3635 3534 3691 Christe
3561 3636 3677 3691 Rex

2107 3727 2308 3798 glorie:
2339 3728 2424 3795 qui
2445 3742 2504 3782 es
2533 3742 2633 3796 pax
2658 3738 2801 3781 certa
2825 3735 2878 3781 et
2902 3728 3133 3781 charitas
3161 3726 3479 3795 sempiterna
3510 3742 3681 3795 :que-

2105 3834 2292 3874 sumus
2336 3828 2518 3874 nostra
2549 3819 2778 3872 archana
2830 3819 3115 3881 splendore
3142 3829 3230 3871 tue
3260 3818 3403 3886 pacis
3435 3818 3629 3872 irradia
3658 3833 3677 3873 :

2107 3922 2450 3981 nostramque
2492 3911 2875 3967 conscientiam
2928 3909 3205 3964 cbaritatis
3258 3919 3348 3965 tne
3395 3910 3676 3965 dulcedine

2106 4001 2270 4057 redde
2294 4002 2629 4071 purissimam
2658 4019 2671 4055 :
2696 4013 2752 4056 ut
2780 4000 3001 4070 pacifice
3026 4001 3170 4070 pacis
3197 4011 3543 4070 expectemus
3577 4003 3677 4072 12

2107 4105 2379 4147 auctorem
2398 4133 2412 4157 ,
2440 4092 2573 4146 etin
2602 4091 2841 4147 adversis
2873 4090 3028 4160 hujus
3059 4089 3240 4144 mundi
3273 4098 3323 4144 te
3349 4104 3562 4159 semper
3587 4106 3680 4144 cu-

2108 4185 2314 4239 stodem
2382 4184 2671 4239 habeamus
2722 4191 2779 4237 et
2832 4191 3211 4250 protectorem.
3273 4182 3542 4249 Quatenus
3591 4190 3679 4236 tua

2107 4278 2345 4332 custodia
2374 4278 2511 4344 septi
2536 4295 2548 4329 :
2581 4277 2652 4331 ita
2677 4278 2819 4346 pacis
2850 4277 3023 4330 studia
3046 4278 3345 4333 certissime
3372 4277 3679 4345 diligamus.

2110 4367 2178 4423 Ut
2202 4383 2319 4421 cum
2348 4367 2400 4420 in
2430 4365 2654 4437 gloriam
2681 4366 2946 4421 adventus
2975 4363 3049 4420 tui
3079 4382 3249 4435 equus
3276 4367 3562 4421 retributor
3585 4366 3682 4421 ad-

426 4460 655 4513 catiouis
683 4460 797 4529 ejus
823 4462 1031 4517 dicens.
1067 4465 1370 4519 Benedicite
1398 4466 1681 4521 Dominum
1705 4478 1758 4522 et
1783 4472 1996 4526 confite-

2113 4456 2320 4512 vencris
2345 4474 2358 4509 :
2386 4466 2573 4510 eterno
2604 4458 2866 4524 potiantur
2887 4457 3083 4527 gaudio
3113 4459 3475 4513 exultationis.

427 4549 557 4603 mini
587 4551 634 4605 ei
664 4551 901 4620 alleluja.
959 4552 993 4621 Ῡ
1018 4592 1031 4605 .
1077 4552 1408 4609 Coul‘ortabit
1449 4570 1537 4611 me
1576 4557 1864 4615 similitudo
1910 4560 2005 4618 ﬁlii

429 4640 779 4697 hominiszet
821 4643 956 4697 dixit
1005 4643 1187 4699 Daniel
1237 4647 1512 4700 veritatem
1557 4651 1828 4706 annuncio
1871 4652 2003 4709 tibi:

427 4746 529 4802 ego
566 4748 682 4787 sum
714 4734 935 4789 Michael
968 4735 1218 4805 princeps
1249 4753 1491 4808 magnus,
1527 4749 1580 4795 et
1604 4740 1714 4796 dixi
1745 4743 1811 4796 ad
1838 4758 1959 4798 eum
1986 4761 2001 4797 :

428 4922 546 4975 cap.
578 4909 632 4971 3,
663 4921 783 4960 cum
815 4907 1037 4963 dixisset
1062 4908 1207 4963 alios
1222 4909 1502 4965 Dotninica
1537 4914 1691 4967 tertia
1725 4914 2002 4972 Adventus

429 4978 609 5047 lugere
660 4976 865 5031 initium
915 4979 1185 5047 Evangelii
1229 4982 1396 5035 sancti
1444 4982 1629 5046 Marci,
1682 4984 1815 5039 alios
1855 4998 2003 5041 erunt

427 5051 576 5115 signa
619 5050 671 5101 in
700 5048 825 5112 sole,
866 5047 1043 5102 subdit
1087 5065 1102 5102 :
1139 5048 1249 5103 Nos
1289 5061 1461 5103 autem
1490 5068 1553 5105 ea:
1592 5054 1797 5121 antiqua
1841 5058 2003 5111 tradi-

430 5122 562 5171 tione
611 5133 713 5194 euu
760 5133 1221 5194 srpanptuoumer
1269 5120 1503 5194 legimus,
1536 5140 1636 5175 non
1683 5120 1856 5194 utique
1892 5128 2004 5180 sedi

430 5188 718 5260 apostolica:
743 5191 787 5260 si
816 5189 965 5241 aliter
976 5190 1189 5256 jusserit
1216 5193 1614 5260 prwjudicantes
1634 5232 1649 5255 .
1680 5188 1873 5258 quibus
1911 5211 2003 5250 os-

432 5259 596 5311 tendit
628 5259 757 5330 illud
792 5260 1138 5330 Evangelium
1182 5259 1292 5330 jam
1322 5262 1449 5314 inde
1486 5275 1515 5313 a
1565 5264 1760 5317 szcculo
1788 5281 1857 5318 stt
1892 5266 2001 5319 Ro-

432 5342 531 5397 tua:
564 5328 661 5394 legi
690 5329 914 5383 desiisse
944 5325 995 5383 in
1029 5325 1200 5384 missa'
1233 5325 1388 5397 hujus
1420 5330 1740 5397 Dominicae;
1772 5343 1826 5388 et
1870 5350 2002 5391 sane

433 5395 912 5517 Et'attFelistarium
968 5399 1207 5456 basilica;
1254 5395 1521 5455 vaticanre
1570 5395 1752 5456 εαξωηί
1793 5420 1887 5469 ιιι,
1934 5407 2001 5460 ab

433 5480 538 5517 em.
622 5466 863 5517 Itomasio
904 5470 1197 5517 Canilnlari
1242 5470 1645 5517 Evangelinrnm
1696 5487 1989 5517 :mnmrnm,

430 5480 538 5540 em.
572 5466 863 5540 Thomasio
904 5470 1197 5535 Capitulari
1241 5470 1645 5540 Evangeliorum
1696 5466 1996 5540 annexum,

434 5535 707 5611 Dominica
735 5539 905 5602 prima
940 5540 1209 5611 Adventus
1240 5535 1758 5611 pouit'Evangelium
1790 5558 1852 5597 cx
1874 5535 2001 5600 san;

429 5604 702 5681 cm__Lu_ca,
734 5620 851 5681 cap.
886 5621 1014 5671 xxv,
1046 5611 1074 5652 7
1105 5627 1117 5663 :
1145 5604 1311 5663 Erunt
1340 5613 1485 5681 signa
1511 5604 1716 5677 invsolc,
1747 5623 1801 5667 et
1823 5613 1874 5668 in
1904 5615 2000 5670 be-

356 5712 361 5715 ι
432 5675 732 5750 ttedictiouc
764 5676 1052 5750 palmarum
1084 5694 1146 5750 ex
1175 5692 1362 5750 sancto
1386 5675 1676 5747 ⁷Μειιιιιωο,
1702 5675 1824 5750 cap.
1861 5701 1947 5739 χχι
1979 5705 1993 5741 :

429 5746 555 5801 Cum
582 5747 1035 5819 appropinquasset
1075 5746 1224 5803 Jcsus
1259 5746 1837 5824 llierosolymisjqucm
1876 5772 1996 5813 mo-

2195 4547 2233 4613 ἡ
2253 4584 2268 4601 .
2299 4546 2518 4601 Chorus.
2550 4547 2744 4602 Amen.

2176 4644 2394 4701 Inlatio.
2428 4645 2656 4715 Dignum
2704 4655 2759 4700 et
2797 4646 2998 4712 justum
3042 4654 3163 4701 est:
3190 4661 3316 4701 vere
3362 4645 3577 4714 dignum
3625 4652 3681 4699 et

2107 4737 2461 4793 honorificum
2500 4745 2584 4792 est
2622 4736 2845 4793 Domine
2886 4737 3015 4793 Iesu
3060 4737 3268 4793 Christe
3314 4738 3455 4792 Deus
3501 4737 3681 4792 uester

2105 4933 2217 4973 rem
2236 4926 2416 4973 servat
2437 4915 2648 4973 Missale
2676 4915 2975 4972 Romanum
3003 4914 3158 4986 jussu
3188 4914 3357 4969 sancti
3391 4913 3468 4968 Pii
3498 4912 3540 4967 V
3563 4913 3681 4968 edi-

2105 4998 2343 5111 tuTIIoc
2370 5056 2539 5110 aitlem
2562 5059 2753 5127 factum
2779 5064 2872 5111 est.
2907 5055 3130 5125 Vulgata
3156 5062 3211 5110 et
3245 5054 3464 5125 Syriaca
3498 5071 3511 5107 :
3562 5053 3678 5108 Hoc

2103 5138 2272 5182 autem
2304 5138 2463 5180 totum
2492 5129 2683 5194 factum
2710 5137 2800 5180 est.

2139 5197 2201 5280 ,ξ
2232 5196 2299 5280 Et
2325 5193 2497 5269 ejecit.
2523 5197 2598 5251 Ita
2636 5196 2877 5267 Syriaca,
2925 5202 2979 5250 at
3010 5193 3234 5266 Vulgata
3263 5204 3318 5250 et
3345 5194 3551 5260 Grasca,
3580 5195 3681 5263 ινῙὶ-

2103 5268 2376 5390 αεὲαόἰεαι
2402 5335 2617 5390 Chorus.
2654 5334 2800 5389 Adde
2832 5335 3082 5387 Laudem.
3116 5334 3204 5390 Ps.
3238 5350 3403 5399 xxx",
3430 5333 3483 5388 ὅ.

2172 5404 2293 5478 άνΙη
2315 5406 2648 5478 jubilatione.
2682 5406 2761 5460 Ita
2807 5405 3007 5459 Italica.
3037 5404 3103 5457 In
3148 5406 3509 5476 vociferatione
3536 5399 3679 5457 LXX

2103 5477 2593 5642 θιενιὲἕὲξιξεὶιιηι.
2645 5543 2969 5642 Esmve‘r‘bis
3017 5540 3679 5642 Danielis‘interpolatis,

2102 5633 2221 5686 cap.
2255 5634 2334 5681 tit,
2361 5618 2459 5681 9t);
2487 5632 2605 5683 cap.
2638 5631 2692 5679 x;
2726 5616 2814 5679 f7,
2849 5615 2951 5676 l8;
2980 5629 3097 5684 cap.
3126 5630 3217 5683 xtl,
3256 5615 3306 5670 1.

2181 5687 2199 5729 ῖ
2229 5688 2286 5745 Μ
2290 5689 2462 5761 ystice.
2487 5685 2760 5744 Fortasse.
2784 5685 3026 5755 miriﬁce.
3130 5720 3140 5727 -
