4058 6178
321 331 425 388 429

1054 331 1344 390 MISSALE
1383 335 1653 392 MIXTUM
1695 334 1848 391 SEC.
1894 334 2054 391 RBG.
2099 338 2159 391 Β.
2204 338 2469 395 ISIDORI.
2508 368 2583 385 —-
2621 343 2795 400 PARS
2834 344 2875 403 Ι.

3483 357 3587 413 150

319 451 606 504 adventum
650 446 823 517 glorie
860 456 948 503 tue
975 464 989 505 :
1020 460 1073 503 et
1106 451 1530 506 Incaruationis:
1560 462 1615 507 et
1640 452 1899 505 Nativita—
1928 456 1975 512 Α
2003 460 2156 519 cepta
2197 453 2348 507 nobis
2392 455 2622 510 tribuisti
2666 457 2849 511 orandi
2880 474 2892 509 :
2928 465 2983 511 tu
3013 472 3116 526 que
3146 472 3242 513 nos
3274 468 3323 514 te
3352 461 3584 523 docente

299 544 391 595 uis
411 540 728 611 mysterium
760 540 967 592 solenni
999 539 1286 594 devotione
1312 542 1549 597 recolere
1577 560 1589 594 :
1620 552 1904 609 nostreqne

319 632 511 688 salutis
541 628 764 698 insignia
794 647 806 681 :
833 645 940 698 que
984 630 1145 684 tantis
1193 641 1320 685 sunt
1360 633 1569 700 prolata
1617 630 1903 685 virtutibus

320 737 443 778 cum
471 723 706 792 tripudio
726 720 887 776 animi
917 722 1211 790 predicare.
1242 723 1345 777 Sed
1374 725 1492 791 quis
1518 723 1704 792 dignas
1734 722 1905 776 valeat

320 815 616 885 dignationi
658 826 746 869 tue
788 815 1084 884 rependere
1124 815 1345 870 laudes?
1376 816 1541 885 Cujus
1570 831 1770 885 opera:
1805 829 1905 870 nec

319 908 586 964 mirabilia
631 920 914 962 numerare
945 921 1230 976 possumus
1262 922 1359 963 nec
1390 910 1636 963 virtutes.
1665 909 1905 975 Quantus

322 1008 504 1053 tamen
534 997 649 1065 ipse
676 997 760 1052 vel
788 997 960 1065 qualis
991 998 1105 1051 sis:
1136 999 1316 1053 nullus
1348 1008 1373 1035 ι
1404 999 1569 1054 credo
1599 1000 1791 1054 audeat
1818 999 1907 1053 di-

317 1103 485 1145 cere:
515 1089 765 1158 quoniam
807 1090 1158 1158 quantitatem
1205 1088 1281 1144 tui
1331 1090 1416 1145 vel
1461 1089 1772 1159 qualitatem
1806 1089 1907 1144 bu-

319 1196 480 1238 mane
520 1181 788 1251 sapientie
834 1196 939 1234 non
970 1189 1053 1235 est
1082 1181 1260 1235 datum
1292 1181 1451 1236 scire.
1480 1180 1585 1237 Sed
1615 1181 1769 1249 cujus
1806 1180 1907 1235 im-

320 1276 668 1330 mensitatem
720 1274 936 1329 humani
997 1288 1189 1330 sensus
1243 1279 1515 1345 rapacitas
1568 1289 1675 1328 non
1727 1275 1909 1329 valeat

317 1364 647 1420 terminare:
670 1379 831 1418 unum
852 1364 1189 1419 solummodo
1208 1376 1320 1421 eat:
1355 1368 1380 1402 ³³
1412 1374 1467 1419 ut
1494 1365 1756 1420 Trinitate
1784 1365 1909 1419 Del-

319 1458 441 1511 tatis
472 1466 635 1524 atque
663 1457 1053 1525 omnipo’eutie
1096 1466 1185 1511 tue
1227 1456 1543 1525 simpliciter
1578 1457 1903 1511 credamus:

318 1556 373 1601 et
415 1546 684 1601 veraciter
732 1547 1090 1615 predicemus.
1142 1547 1224 1601 Tu
1270 1546 1449 1617 itaque
1489 1546 1908 1602 clementissime

321 1636 460 1691 Deus
490 1651 622 1691 vere
652 1637 986 1709 credulitatis
1017 1639 1069 1691 in
1096 1638 1345 1692 sensibus
1382 1638 1578 1692 nostris
1608 1638 1909 1692 incremen-

319 1734 429 1779 tum
486 1726 786 1795 multiplica
825 1744 837 1779 :
885 1736 941 1780 et
989 1725 1237 1795 imaginis
1288 1741 1354 1781 ac
1401 1726 1763 1781 similitudinis
1818 1736 1907 1781 tue

2005 544 2348 612 exposcimus
2402 549 2723 613 propiciatus
2776 548 2991 617 exaudi,
3042 558 3099 603 ut
3150 552 3239 619 qui
3285 553 3401 608 dies
3456 557 3588 612 istos

2008 633 2387 691 loearnatidnis
2434 648 2520 692 tue
2564 653 2683 692 cum
2726 654 2927 693 summa
2980 643 3323 697 veneratione
3364 650 3587 717 suscipi-

2007 740 2126 781 mus
2155 744 2167 779 :
2193 727 2334 781 dono
2379 728 2559 783 Sancti
2601 730 2829 799 Spiritus
2857 732 3154 786 muniamur
3199 736 3589 800 proclamantes

2008 816 2066 869 in
2101 819 2258 871 terris
2287 836 2298 869 :
2327 818 2483 873 Pater
2529 830 2711 874 noster
2733 821 2821 887 qui
2852 836 2911 876 es
2947 821 3001 876 in
3043 824 3191 878 celis.
3234 823 3419 880 Totum
3459 829 3591 883 sicut

2007 903 2203 957 dictum
2229 914 2300 959 est
2330 906 2382 959 in
2412 908 2578 977 prima
2610 906 2793 961 Missa.

2080 996 2233 1049 Dicat
2262 995 2443 1052 Presb.
2474 999 2667 1055 Sancta
2697 1000 2926 1057 Sanctis.

2080 1084 2269 1141 Postea
2313 1090 2448 1143 dicat
2494 1091 2916 1145 benedictionem.
2952 1092 3093 1147 Deus
3118 1094 3262 1163 pacis
3289 1096 3587 1153 sanctiﬁcet

2008 1190 2103 1231 vos
2146 1178 2212 1233 ad
2241 1180 2538 1248 perlectum
2573 1197 2587 1234 :
2620 1183 2772 1251 cujus
2800 1184 3185 1241 Incarnationis
3212 1188 3422 1241 ovando
3450 1190 3591 1243 cele-

2007 1269 2175 1326 bratis
2200 1274 2535 1342 mysterium.
2567 1274 2603 1343 ἡ
2625 1312 2639 1327 .
2662 1275 2849 1331 Amen.
2876 1276 3020 1331 Idem
3042 1292 3252 1347 quoque
3272 1293 3367 1333 vos
3384 1280 3591 1333 castiﬁ-

2006 1370 2095 1418 cet
2122 1372 2303 1418 mente
2331 1375 2387 1419 et
2416 1379 2643 1433 corpore
2668 1384 2679 1419 :
2708 1367 2795 1437 qui
2818 1382 2877 1421 se
2904 1369 3066 1422 voluit
3090 1370 3233 1423 nasci
3261 1369 3329 1424 de
3355 1368 3587 1439 Virgine.

2024 1453 2063 1520 ri)
2084 1493 2099 1507 .
2128 1456 2321 1509 Amen.
2352 1464 2375 1491 ε
2404 1455 2470 1510 Ut
2499 1456 2705 1526 integer
2739 1456 2959 1526 spiritus
2992 1468 3167 1513 vester
3193 1458 3369 1513 anima
3395 1468 3451 1513 et
3474 1474 3592 1514 cor-

2010 1557 2107 1610 pus
2160 1543 2280 1597 sine
2329 1546 2546 1612 querela
2588 1556 2832 1600 servetur
2861 1549 2911 1602 in
2942 1549 3228 1602 adventum
3279 1548 3466 1617 ipsius.
3514 1550 3587 1617 ἢ.

2008 1631 2201 1687 Amen.
2257 1633 2356 1688 Per
2416 1636 2832 1690 misericordiam
2882 1638 3048 1705 ipsius
3096 1638 3185 1690 Dei
3227 1638 3393 1691 nostri
3442 1656 3455 1690 :
3502 1639 3591 1707 qui

2010 1721 2138 1775 vivit
2170 1732 2222 1776 ct
2247 1724 2427 1779 omnia
2458 1725 2592 1795 regit
2624 1726 2675 1779 in
2697 1726 2877 1781 secula
2910 1727 3237 1782 seculorum.

324 1826 347 1856 ε
376 1818 602 1872 formam
654 1817 926 1889 magisque
972 1828 1217 1873 rcstaura
1249 1836 1263 1872 :
1293 1829 1350 1873 ut
1399 1829 1450 1874 te
1496 1835 1654 1890 quem
1702 1819 1903 1875 dudum
1936 1797 1981 1855 Β
2098 1812 2132 1879 Iit
2157 1851 2171 1866 ο
2202 1816 2394 1867 Amen.

318 1908 534 1962 venisse
581 1908 853 1963 credimus
900 1923 996 1979 pro
1044 1909 1295 1964 remediis
1332 1909 1705 1978 captivorum:
1738 1911 1789 1964 in
1820 1923 1909 1965 se-

322 1998 500 2052 cundo
546 1997 782 2053 adventu
816 2008 909 2052 tuo
938 2008 991 2052 te
1020 1999 1071 2053 in
1103 1998 1381 2069 majestate
1420 2008 1703 2057 venturum
1740 2003 1907 2054 susti-

324 2099 516 2141 nentes
543 2087 727 2142 videre
750 2101 1055 2142 mereamur
1082 2103 1095 2141 :
1124 2102 1378 2143 concessa
1404 2088 1557 2143 nobis
1580 2087 1906 2157 indulgentia

316 2188 700 2249 peccatorum:
732 2188 909 2248 presta
942 2179 1114 2233 unitas
1146 2179 1352 2248 equalis
1379 2187 1435 2233 et
1471 2179 1699 2233 indivisa
1732 2179 1909 2234 Triui-

319 2280 435 2325 tas:
469 2270 613 2325 Dcus
642 2282 845 2325 nomer.
877 2270 1045 2337 Quem
1092 2272 1331 2325 celerum
1379 2270 1664 2324 multitudo
1689 2279 1745 2325 et
1776 2270 1909 2325 inel-

319 2360 498 2416 fabilis
527 2376 780 2415 numerus
807 2378 821 2413 :
852 2377 1009 2430 quem
1048 2362 1288 2415 omnium
1339 2362 1664 2431 Angelorum
1709 2361 1907 2417 milicia

2078 1902 2230 1958 Dicat
2257 1904 2441 1960 Presb.
2471 1905 2725 1962 Dominus
2755 1908 2825 1961 sit
2851 1920 3064 1976 semper
3088 1908 3383 1963 vobiscum.
3418 1908 3455 1979 ἢ
3478 1949 3493 1964 .
3522 1908 3592 1963 Et

2006 2008 2151 2049 cum.
2182 1995 2329 2050 Dicat
2359 1997 2580 2051 Chorus.
2611 1997 2833 2054 Gustate
2861 2008 2915 2054 et
2944 1998 3137 2055 videte.
3168 1998 3262 2053 fol.
3296 2001 3350 2055 7.

2007 2128 2073 2183 IN
2120 2129 2402 2197 QUARTA
2458 2131 2781 2187 DOMINICA
2835 2132 2921 2185 DE
2972 2132 3297 2187 ADVENTU
3338 2132 3590 2187 DOMINI.

2460 2246 2541 2298 Ad
2572 2244 2805 2299 Missam.
2842 2246 3108 2315 Ofﬁcium.

2078 2354 2219 2410 Ecce
2258 2370 2417 2423 super
2462 2357 2668 2413 Montes
2695 2374 2779 2427 pe.
2810 2358 3030 2426 Require
3056 2367 3190 2412 retro
3214 2358 3268 2411 in
3296 2356 3461 2427 primo
3482 2355 3589 2411 Do-

319 2468 441 2508 cum
472 2454 783 2510 senioribus
809 2465 863 2508 et
892 2454 1183 2507 Virtutibus
1223 2468 1345 2507 cum
1384 2452 1618 2508 Thronis
1646 2462 1701 2508 et
1730 2454 1912 2509 Domi-
2007 2447 2193 2500 ηιὶιιὶεο
2220 2448 2497 2501 Adventus.

322 2546 632 2601 nationibus
676 2547 891 2601 laudare
923 2562 1027 2601 non
1056 2555 1294 2602 cessant.
1328 2545 1383 2600 In
1414 2546 1567 2615 cujus
1600 2547 1907 2615 preconium

323 2636 582 2706 quadriga
608 2636 696 2690 illa
725 2651 973 2692 senarum
1002 2638 1227 2707 remigio
1250 2636 1463 2692 suﬂulta
1486 2637 1687 2691 alarum
1721 2637 1909 2691 intrin-

322 2742 479 2784 secus
518 2739 573 2783 εει
617 2731 945 2784 extrinsecus
974 2747 989 2791 ;
1023 2730 1319 2783 minutatim
1362 2730 1533 2785 oculis
1562 2729 1587 2766 ά
1628 2731 1905 2784 liminata:

330 2832 451 2873 cum
480 2818 751 2874 Cberubin
784 2821 1037 2890 hymnum
1070 2824 1259 2875 cantici
1295 2820 1419 2874 novi
1446 2820 1771 2876 concinnum
1802 2821 1911 2875 lau-

327 2908 516 2962 dantes
546 2916 705 2977 atque
733 2910 991 2964 dicentes.

394 2996 546 3050 Dicat
575 2995 795 3051 Chorus.
821 2998 1071 3054 Sanctus.
1103 2998 1348 3055 Sanctus.
1382 2998 1631 3056 Sanctus.

395 3087 548 3143 Dicat
577 3089 755 3144 Presb.

2094 2538 2297 2589 Oratio.
2330 2537 2469 2590 Deus
2495 2537 2584 2604 qui
2616 2553 2708 2605 per
2739 2537 3022 2607 Angelicos
3048 2536 3275 2591 Cboros.

2133 2624 2306 2678 chrio
2335 2625 2478 2679 Libri
2508 2625 2677 2695 Esaye
2709 2624 2966 2694 PrOpItete
2994 2622 3041 2696 (ί
3066 2623 3193 2693 Cap.
3222 2621 3469 2694 XXIV).

2096 2716 2133 2785 ἡ
2156 2756 2170 2770 .
2200 2716 2307 2769 Deo
2329 2719 2549 2787 gratias.

2026 2806 2029 2809 ἢ
2086 2806 2187 2876 13
2219 2809 2259 2860 A
2294 2806 2514 2861 Finibus
2563 2816 2706 2863 terre
2738 2805 2921 2860 laudes
2954 2822 2969 2860 :
3014 2804 3313 2859 audivimus
3367 2802 3590 2873 glorigm

2001 2894 2129 2965 justi
2156 2914 2170 2950 :
2203 2898 2266 2950 Et
2291 2897 2397 2950 disi
2417 2915 2429 2949 :
2448 2897 2719 2952 Secretum
2746 2912 2919 2950 meum
2938 2895 3380 2950 mihi.Secretum
3410 2909 3585 2949 meum

2008 2984 2157 3040 mibi.
2195 2986 2307 3040 \‘be
2347 2987 2497 3041 mihi.
2557 2984 2959 3041 l‘revaricantes
2991 2982 3305 3052 prevaricati
3359 2990 3513 3037 sunt:
3541 2991 3591 3038 et

1960 3136 1978 3162 ε
2010 3080 2433 3147 prevaricatione
2453 3089 2907 3149 transgressurum
2937 3074 3249 3145 prevaricati
3280 3080 3423 3128 sunt.
3459 3074 3591 3128 For-

402 3178 534 3233 Post
564 3180 807 3235 Sanctus.
842 3180 979 3235 Vere
1011 3180 1239 3235 Sanctus
1265 3199 1277 3233 :
1308 3196 1433 3236 vere
1461 3182 1774 3237 benedictus
1802 3183 1907 3238 Do-

2012 3171 2157 3225 ruido
2185 3182 2237 3225 et
2263 3171 2411 3225 fovea
2439 3180 2494 3227 et
2524 3139 2741 3239 laqueus
2770 3185 2931 3238 super
2964 3178 3014 3222 te
3040 3185 3053 3222 :
3112 3167 3198 3237 qui
3232 3167 3493 3219 habitatur
3533 3179 3592 3219 es

331 3271 508 3325 minus
555 3277 737 3325 noster
765 3272 922 3326 Jesus
956 3272 1206 3327 Cbristus
1235 3272 1378 3327 ﬁlius
1405 3283 1525 3328 tuus
1550 3291 1562 3325 :
1587 3275 1673 3342 qui
1706 3290 1811 3329 non
1840 3289 1905 3329 ex

325 3362 464 3415 virili
509 3361 715 3417 semine
755 3374 909 3417 natus
935 3380 948 3417 :
978 3364 1071 3418 sed
1111 3380 1178 3419 ex
1228 3364 1425 3432 Spiritu
1482 3364 1681 3419 Sancto
1722 3382 1751 3420 a
1798 3366 1910 3421 Deo

330 3449 486 3505 Patre
522 3462 812 3521 conceptus
840 3453 930 3521 qui
958 3453 1107 3507 dedit
1134 3453 1331 3508 mundo
1362 3468 1456 3523 per
1481 3454 1906 3510 lncaruatiouem

331 3542 591 3597 adventus
619 3544 697 3597 sui
727 3559 922 3598 novum
952 3545 1073 3601 lidei
1116 3545 1296 3601 lumen
1322 3563 1337 3603 :
1362 3561 1606 3601 reserans
1636 3547 1771 3601 viam
1803 3562 1910 3619 que

329 3631 574 3685 obstrusa
630 3632 801 3687 fuerat
851 3634 1054 3689 homini
1105 3637 1277 3705 primo
1326 3636 1735 3706 prothoplausto
1793 3638 1907 3707 ipse

328 3719 589 3775 Dominus
626 3737 690 3777 ac
721 3723 1047 3793 Redemptor
1073 3734 1310 3781 cternus.

405 3810 507 3865 Hie
532 3813 657 3865 dicit
690 3813 869 3867 Presb.
919 3815 1117 3871 Adesto
1144 3816 1352 3872 adesto.
1386 3814 1530 3872 Sicut
1558 3821 1803 3887 scriptum
1831 3829 1905 3875 est

332 3900 383 3955 in
414 3902 584 3972 prima
615 3904 779 3957 Missa
802 3904 897 3974 fol.
928 3905 982 3960 5.

407 3994 536 4048 Post
575 3996 762 4064 ptidie.
806 3998 935 4052 Veni
984 3999 1205 4055 Domine
1232 4011 1285 4057 et
1314 4004 1417 4057 noli
1450 4004 1699 4059 tardare:
1727 4005 1921 4059 rclaxa‘

335 4085 572 4141 facinora
624 4089 796 4156 plebis
835 4101 966 4146 tue:
997 4094 1281 4148 conferens
1326 4097 1575 4152 omnibus
1627 4098 1733 4153 vite
1782 4112 1907 4166 pre-

339 4175 504 4229 mium
561 4179 899 4245 reprnmisse.
956 4180 1020 4236 Ut
1067 4184 1205 4236 sicut
1248 4183 1611 4249 incarnatione
1650 4194 1735 4238 tua
1779 4186 1907 4239 olim

336 4267 565 4335 reparati
614 4280 834 4321 sumus:
870 4270 940 4323 ita
988 4286 1197 4341 quoque
1228 4282 1280 4327 te
1309 4273 1374 4327 ad
1399 4274 1651 4342 judicium
1687 4276 1907 4330 venien-

335 4367 437 4412 tem
480 4361 790 4428 placabilem
824 4362 1139 4417 sentiamus.
1176 4364 1265 4417 llis
1297 4379 1508 4434 queque
1538 4376 1589 4419 te
1617 4381 1907 4432 quesumus

2010 3268 2172 3315 terre.
2197 3263 2259 3315 Et
2279 3261 2378 3316 erit
2399 3261 2487 3330 qui
2510 3260 2703 3329 fugerit
2728 3270 2796 3313 8a
2824 3259 2955 3313 facie
2987 3257 3282 3312 formidmis
3315 3274 3327 3308 :
3357 3254 3511 3310 cadet
3533 3254 3585 3309 in

2010 3351 2218 3406 foveam
2250 3369 2263 3405 :
2295 3360 2350 3406 et
2380 3353 2469 3421 qui
2502 3366 2561 3406 se
2608 3348 2955 3420 explicaverit
2976 3349 3041 3402 de
3095 3350 3244 3401 fovea
3279 3363 3292 3398 :
3328 3344 3596 3399 tenebitur

2010 3443 2200 3513 laqueo
2230 3462 2241 3497 :
2266 3445 2387 3515 quia
2434 3452 2702 3499 cataracte
2722 3443 2787 3497 de
2829 3443 3056 3497 excelsis
3118 3448 3301 3508 aperte
3344 3448 3469 3491 sunt
3494 3453 3506 3489 :
3535 3438 3595 3491 et

2010 3538 2385 3591 concucieutur
2405 3536 2747 3590 fundamenta
2772 3542 2933 3587 tcrre.
2954 3532 3327 3586 Conlractione
3356 3525 3593 3581 confrin-

2010 3640 2164 3703 gctur
2192 3639 2335 3683 terra
2362 3644 2376 3682 :
2427 3626 2747 3680 contritione
2796 3632 3104 3677 conteretur
3134 3634 3270 3676 terra
3305 3640 3319 3677 :
3351 3640 3594 3678 cummo-

2010 3725 2155 3780 tione
2175 3719 2603 3777 commovebitur
2628 3728 2789 3771 terra.
2816 3716 3116 3784 Agitatione
3140 3715 3425 3786 agitabitur
3452 3727 3595 3771 terra

2010 3818 2149 3871 sicut
2195 3814 2405 3867 ebrius:
2436 3823 2488 3864 et
2516 3810 2791 3864 auferetur
2822 3808 2971 3878 quasi
3022 3807 3419 3862 tabernaculum
3444 3809 3598 3863 unius

2013 3906 2207 3960 noctis.
2258 3904 2321 3957 Et
2347 3902 2587 3972 gravabit
2618 3916 2735 3953 eam
2767 3898 3019 3967 iniquitas
3050 3911 3144 3951 sua
3176 3908 3226 3952 et
3256 3907 3468 3952 corruet
3498 3917 3513 3953 :
3544 3909 3599 3953 et

2012 4012 2115 4050 non
2138 3993 2353 4063 adjiciet
2384 4001 2440 4046 ut
2471 4001 2729 4060 resurgat.
2770 3990 2836 4043 Et
2862 3989 2963 4045 erit
2993 3989 3045 4041 in
3076 3989 3161 4042 die
3202 3991 3291 4043 illa
3317 4008 3329 4042 :
3362 3989 3597 4043 visitabit

2015 4087 2268 4140 Dominus
2297 4098 2456 4149 super
2485 4083 2731 4135 miliciam
2754 4082 2851 4133 celi
2887 4080 2937 4133 iu
2962 4079 3212 4133 excelsi:
3247 4092 3299 4132 et
3327 4096 3484 4147 super
3508 4088 3595 4132 re-

2009 4194 2101 4248 ges
2128 4187 2267 4232 terre
2296 4176 2387 4245 qui
2419 4183 2542 4227 sunt
2571 4188 2733 4241 super
2762 4183 2980 4224 terram.
3033 4171 3099 4223 Et
3126 4175 3592 4241 congregabantur

2012 4271 2062 4324 in
2085 4269 2488 4335 congregatione
2505 4267 2658 4317 unius
2689 4261 2843 4315 fascis
2886 4259 2939 4313 in
2970 4261 3176 4314 lacum:
3203 4270 3256 4313 ct
3285 4262 3597 4316 c‘audentur

2010 4360 2080 4414 ibi
2108 4360 2159 4412 in
2210 4370 2427 4411 carcere
2456 4371 2468 4406 :
2497 4363 2552 4407 et
2601 4361 2720 4421 post
2758 4352 2872 4406 dies
2900 4352 3097 4404 multos
3153 4350 3472 4405 visitabitur.
3528 4352 3598 4406 Et

332 4452 611 4507 sacriﬁciis
638 4456 835 4509 nostris
863 4456 932 4509 ita
959 4458 1435 4512 sanctiﬁcatione";
1468 4469 1610 4511 tuam
1648 4458 1901 4513 infunde:
1934 4484 1990 4544 Β
2011 4450 2290 4503 erubescet
2314 4447 2457 4499 Luna
2488 4454 2541 4498 et
2566 4441 2921 4497 confundetur
2951 4443 3042 4495 Sol
3071 4460 3081 4493 :
3115 4457 3233 4495 cum
3273 4450 3585 4510 regnaverit

335 4557 438 4611 quo
466 4560 533 4599 ex
579 4545 661 4599 his
707 4549 965 4615 sumpturi
1012 4549 1157 4602 nullo
1186 4548 1492 4603 decidamus
1539 4548 1592 4602 in
1640 4549 1904 4604 crimine:

334 4633 424 4687 sed
469 4636 786 4691 sanctiﬁcati
830 4647 976 4692 tuum
1019 4654 1320 4694 mereamur
1366 4639 1593 4693 Domine
1621 4638 1906 4695 adventum

336 4723 581 4791 impavidi
609 4727 901 4783 sustinere.

416 4817 455 4883 ἢ
498 4818 691 4872 Amen.

404 4905 482 4959 Te
509 4916 799 4975 prestante.
834 4909 924 4977 fol.
950 4908 1003 4963 6.

400 4996 482 5049 Ad
523 4996 821 5053 Orationem
864 4999 1206 5056 Dominicam.
1254 5001 1479 5058 Domine
1531 5002 1659 5058 Iesu
1703 5002 1913 5059 Christe

334 5090 418 5155 qui
448 5104 548 5159 pro
573 5091 727 5147 nobis
767 5106 981 5147 carnem
1012 5093 1080 5149 de
1110 5094 1325 5165 Virgine
1357 5094 1637 5165 suscepisti
1665 5112 1677 5148 :
1708 5103 1762 5150 et
1791 5109 1913 5164 pre-

404 5200 637 5278 fgredo.
674 5202 729 5258 Id
757 5214 859 5278 est,
888 5221 1024 5278 reor.
1055 5202 1217 5278 οἶμαι.

409 5270 439 5310 δ
461 5273 727 5329 Trinitate.
762 5270 939 5339 Forte,
977 5270 1302 5332 Trinitatem.

408 5353 431 5379 ε
467 5342 731 5398 Formam.
763 5346 900 5410 Lege
924 5361 938 5417 ς
972 5345 1035 5398 Et
1068 5348 1329 5417 imaginis,
1357 5363 1417 5401 ac
1438 5347 1790 5404 similitudinis
1814 5357 1914 5404 tute

337 5418 554 5486 formam
583 5418 745 5484 magis
799 5416 1057 5484 magisque
1086 5416 1341 5475 restaura.

405 5484 434 5521 ⁸³
467 5482 744 5554 Liminaia.
778 5482 937 5554 Lege,
971 5487 1238 5542 luminata.

413 5562 437 5588 ο
465 5553 530 5607 Ut
555 5555 769 5621 integer.
805 5553 997 5611 Iisdem
1043 5559 1220 5611 verbis
1249 5570 1469 5613 sanctus
1501 5559 1696 5614 Paulus
1741 5558 1916 5614 'l’hes-

334 5624 752 5751 :alguifenslbus
779 5627 1201 5681 benedictionem
1228 5631 1528 5701 impertitus
1548 5641 1629 5687 est
1661 5628 1713 5702 (Ι
1734 5630 1911 5686 Thess.

376 5738 390 5751 ,
428 5710 493 5745 μ’)
522 5734 538 5747 ο

376 5738 390 5759 ,
423 5710 538 5751 zot.

419 5765 435 5803 ί
470 5766 596 5831 Cap.
629 5763 840 5820 XXIV.
876 5767 1025 5824 Vers.
1060 5766 1247 5824 “5.23.

2016 4537 2270 4593 Dominus
2296 4536 2628 4589 exercituum
2660 4533 2710 4586 in
2728 4541 2910 4587 monte
2935 4532 3079 4601 Syon
3095 4542 3147 4585 et
3177 4534 3225 4585 in
3244 4533 3594 4587 Hierusalem.

2013 4629 2080 4683 Et
2106 4628 2157 4681 in
2187 4634 2476 4695 conspectu
2504 4626 2772 4679 seniorum
2801 4637 3016 4677 suorum
3048 4623 3207 4678 luerit
3244 4623 3593 4693 glorilicatus.

2099 4720 2135 4787 ιῆ
2158 4755 2174 4773 .
2213 4718 2407 4771 Amen.

2085 4810 2236 4866 Dicat
2278 4807 2456 4863 Presb.
2492 4808 2746 4863 Dominus
2774 4808 2844 4861 sit
2869 4819 3082 4877 semper
3112 4806 3386 4862 vobiscum

2099 4904 2138 4972 ἡ
2159 4943 2174 4959 .
2208 4903 2273 4957 Et
2294 4914 2437 4956 cum.

2085 4997 2238 5051 Dicat
2265 4995 2486 5051 Chorus.

2087 5091 2116 5129 ιι
2140 5090 2439 5147 Psallendo.
2465 5087 2797 5145 Exultabunt
2824 5087 2999 5144 omnia
3030 5086 3170 5159 ligna
3203 5084 3219 5125 ί
3254 5087 3387 5142 silve
3418 5085 3434 5137 i
3465 5097 3589 5145 ante

2089 5215 2115 5255 Β
2146 5207 2189 5260 Α
2235 5206 2363 5276 facie
2407 5201 2932 5276 fortitidinis._Qlt_al.,
2971 5217 3013 5276 _a
3042 5200 3174 5276 facie
3203 5200 3417 5276 timoris.
3467 5199 3594 5276 Vul-

2017 5288 2152 5347 gat.,
2184 5292 2215 5329 a
2235 5269 2361 5330 'voce
2386 5269 2697 5342 formidinis.
2732 5271 2873 5327 LXX
2916 5288 2929 5323 :
2961 5269 3025 5323 Et
3056 5271 3169 5333 erit,
3200 5270 3401 5339 fugiens
3442 5272 3594 5325 timo-

2017 5363 2125 5401 rem
2152 5348 2297 5399 cadet
2326 5347 2377 5397 in
2420 5348 2635 5411 foveam.

2091 5416 2119 5453 δ
2152 5415 2448 5469 Ρδαιιεηάο.
2480 5414 2617 5467 l’sal.
2646 5426 2764 5478 xcv,
2796 5412 2880 5466 15.

2097 5486 2112 5524 ί
2149 5486 2325 5541 Silver.
2354 5484 2506 5538 Chal.
2538 5500 2551 5533 :
2587 5482 2772 5534 Omnes
2818 5480 3025 5533 arbores
3067 5478 3229 5535 silete.
3263 5481 3469 5550 Aquila,
3502 5499 3594 5534 ne.

2018 5558 2191 5612 moris.
2220 5554 2378 5618 LXX,
2409 5560 2501 5607 τοῦ
2532 5552 2747 5622 δρυμοῦ.
2783 5550 2957 5604 Italica
2988 5551 3301 5622 etVngata,
3326 5552 3589 5607 silvarum.

2096 5629 2110 5677 t'
2146 5630 2277 5679 Ante
2300 5625 2479 5691 faciem
2513 5622 2623 5682 Dei,
2649 5623 2767 5688 quia
2791 5622 2969 5673 veniet.
3009 5621 3226 5690 Vulgata
3256 5631 3309 5676 et
3339 5622 3472 5675 LXX
3506 5640 3519 5675 :
3550 5624 3591 5674 Α

2024 5700 2152 5767 facie
2185 5694 2391 5767 Domini
2428 5692 2551 5767 quia
2585 5692 2737 5767 venit.
2790 5692 3077 5767 Cbaldaica
3108 5706 3160 5748 et
3191 5692 3369 5746 Italica
3401 5710 3413 5744 :
3460 5694 3591 5744 Ante

2028 5763 2203 5819 facient
2237 5763 2459 5817 Domini.
2490 5764 2731 5815 ouoniant
2763 5765 2918 5816 venit.
